  <div class='ocr_page' id='page_1' title='image "/cluster/home/n/w/nwhite01/storage/ocr_20150623/24/ien.35556001660497/177.png"; bbox 0 0 4058 6386; ppageno 0'>
   <div class='ocr_carea' id='block_1_1' title="bbox 650 366 740 420">
    <p class='ocr_par' dir='ltr' id='par_1_1' title="bbox 650 366 740 420">
     <span class='ocr_line' id='line_1_1' title="bbox 650 366 740 420; baseline -0.022 0"><span class='ocrx_word' id='word_1_1' title='bbox 650 366 740 420; x_wconf 74' lang='grc'><strong>551</strong></span> 
     </span>
    </p>
   </div>
   <div class='ocr_carea' id='block_1_2' title="bbox 1169 469 1666 524">
    <p class='ocr_par' dir='ltr' id='par_1_2' title="bbox 1169 469 1666 524">
     <span class='ocr_line' id='line_1_2' title="bbox 1169 469 1666 524; baseline -0.006 -1"><span class='ocrx_word' id='word_1_2' title='bbox 1169 470 1392 524; x_wconf 68' lang='lat' dir='ltr'><strong>CAPUT</strong></span> <span class='ocrx_word' id='word_1_3' title='bbox 1435 469 1666 522; x_wconf 71' lang='lat' dir='ltr'><strong>XXXIV.</strong></span> 
     </span>
    </p>
   </div>
   <div class='ocr_carea' id='block_1_3' title="bbox 723 578 2190 650">
    <p class='ocr_par' dir='ltr' id='par_1_3' title="bbox 723 578 2190 650">
     <span class='ocr_line' id='line_1_3' title="bbox 723 578 2190 650; baseline -0.01 -7"><span class='ocrx_word' id='word_1_4' title='bbox 723 592 880 645; x_wconf 71' lang='lat' dir='ltr'><strong>Vens.</strong></span> <span class='ocrx_word' id='word_1_5' title='bbox 918 588 1030 641; x_wconf 79' lang='grc'><strong>1-5.</strong></span> <span class='ocrx_word' id='word_1_6' title='bbox 1085 606 1100 635; x_wconf 76' lang='grc' dir='ltr'><strong>ι</strong></span> <span class='ocrx_word' id='word_1_7' title='bbox 1131 586 1400 647; x_wconf 81' lang='lat' dir='ltr'><strong>Accedite,</strong></span> <span class='ocrx_word' id='word_1_8' title='bbox 1438 594 1642 650; x_wconf 78' lang='lat' dir='ltr'><strong>gentes,</strong></span> <span class='ocrx_word' id='word_1_9' title='bbox 1672 592 1723 633; x_wconf 90' lang='lat' dir='ltr'><strong>et</strong></span> <span class='ocrx_word' id='word_1_10' title='bbox 1757 581 1953 638; x_wconf 74' lang='lat' dir='ltr'><strong>audite,</strong></span> <span class='ocrx_word' id='word_1_11' title='bbox 1994 578 2190 647; x_wconf 87' lang='lat' dir='ltr'><strong>princi-</strong></span> 
     </span>
    </p>
   </div>
   <div class='ocr_carea' id='block_1_4' title="bbox 646 670 2196 750">
    <p class='ocr_par' dir='ltr' id='par_1_4' title="bbox 646 670 2196 750">
     <span class='ocr_line' id='line_1_4' title="bbox 646 670 2196 750; baseline -0.012 -13"><span class='ocrx_word' id='word_1_12' title='bbox 646 699 742 750; x_wconf 89' lang='lat' dir='ltr'><strong>pes</strong></span> <span class='ocrx_word' id='word_1_13' title='bbox 774 681 995 736; x_wconf 82' lang='lat' dir='ltr'><strong>:audiat</strong></span> <span class='ocrx_word' id='word_1_14' title='bbox 1027 688 1163 732; x_wconf 89' lang='lat' dir='ltr'><strong>terra</strong></span> <span class='ocrx_word' id='word_1_15' title='bbox 1192 715 1207 740; x_wconf 94' lang='lat'><strong>,</strong></span> <span class='ocrx_word' id='word_1_16' title='bbox 1246 684 1300 728; x_wconf 89' lang='lat' dir='ltr'><strong>et</strong></span> <span class='ocrx_word' id='word_1_17' title='bbox 1330 676 1418 740; x_wconf 88' lang='lat' dir='ltr'><strong>qui</strong></span> <span class='ocrx_word' id='word_1_18' title='bbox 1466 675 1516 725; x_wconf 90' lang='lat' dir='ltr'><strong>in</strong></span> <span class='ocrx_word' id='word_1_19' title='bbox 1544 687 1604 724; x_wconf 89' lang='lat' dir='ltr'><strong>ea</strong></span> <span class='ocrx_word' id='word_1_20' title='bbox 1639 672 1910 732; x_wconf 90' lang='lat' dir='ltr'><strong>habitant,</strong></span> <span class='ocrx_word' id='word_1_21' title='bbox 1941 670 2108 731; x_wconf 84' lang='lat' dir='ltr'><strong>orbis,</strong></span> <span class='ocrx_word' id='word_1_22' title='bbox 2143 676 2196 718; x_wconf 92' lang='lat' dir='ltr'><strong>et</strong></span> 
     </span>
    </p>
   </div>
   <div class='ocr_carea' id='block_1_5' title="bbox 644 758 2193 844">
    <p class='ocr_par' dir='ltr' id='par_1_5' title="bbox 644 758 2193 844">
     <span class='ocr_line' id='line_1_5' title="bbox 644 758 2193 844; baseline -0.013 -16"><span class='ocrx_word' id='word_1_23' title='bbox 644 773 871 844; x_wconf 87' lang='lat' dir='ltr'><strong>populus</strong></span> <span class='ocrx_word' id='word_1_24' title='bbox 902 772 990 838; x_wconf 89' lang='lat' dir='ltr'><strong>qui</strong></span> <span class='ocrx_word' id='word_1_25' title='bbox 1039 769 1202 824; x_wconf 89' lang='lat' dir='ltr'><strong>estin</strong></span> <span class='ocrx_word' id='word_1_26' title='bbox 1248 779 1310 818; x_wconf 90' lang='lat' dir='ltr'><strong>eo</strong></span> <span class='ocrx_word' id='word_1_27' title='bbox 1343 783 1353 814; x_wconf 92' lang='lat'>:</span> <span class='ocrx_word' id='word_1_28' title='bbox 1391 763 1515 830; x_wconf 86' lang='lat' dir='ltr'><strong>quia</strong></span> <span class='ocrx_word' id='word_1_29' title='bbox 1565 762 1712 814; x_wconf 92' lang='lat' dir='ltr'><strong>furor</strong></span> <span class='ocrx_word' id='word_1_30' title='bbox 1764 758 1974 812; x_wconf 86' lang='lat' dir='ltr'><strong>Domini</strong></span> <span class='ocrx_word' id='word_1_31' title='bbox 2035 771 2193 824; x_wconf 83' lang='lat' dir='ltr'><strong>super</strong></span> 
     </span>
    </p>
   </div>
   <div class='ocr_carea' id='block_1_6' title="bbox 643 856 2194 931">
    <p class='ocr_par' dir='ltr' id='par_1_6' title="bbox 643 856 2194 931">
     <span class='ocr_line' id='line_1_6' title="bbox 643 856 2194 931; baseline -0.013 -13"><span class='ocrx_word' id='word_1_32' title='bbox 643 877 833 918; x_wconf 89' lang='lat' dir='ltr'><strong>omnes</strong></span> <span class='ocrx_word' id='word_1_33' title='bbox 875 869 1096 931; x_wconf 72' lang='lat' dir='ltr'><strong>gentes;</strong></span> <span class='ocrx_word' id='word_1_34' title='bbox 1143 868 1189 910; x_wconf 89' lang='lat' dir='ltr'><strong>et</strong></span> <span class='ocrx_word' id='word_1_35' title='bbox 1225 856 1302 909; x_wconf 88' lang='lat' dir='ltr'><strong>ira</strong></span> <span class='ocrx_word' id='word_1_36' title='bbox 1332 868 1495 921; x_wconf 86' lang='lat' dir='ltr'><strong>super</strong></span> <span class='ocrx_word' id='word_1_37' title='bbox 1530 867 1743 905; x_wconf 89' lang='lat' dir='ltr'><strong>onmem</strong></span> <span class='ocrx_word' id='word_1_38' title='bbox 1791 864 2070 902; x_wconf 88' lang='lat' dir='ltr'><strong>numerum</strong></span> <span class='ocrx_word' id='word_1_39' title='bbox 2103 861 2194 899; x_wconf 86' lang='lat' dir='ltr'><strong>eo-</strong></span> 
     </span>
    </p>
   </div>
   <div class='ocr_carea' id='block_1_7' title="bbox 642 938 2193 1022">
    <p class='ocr_par' dir='ltr' id='par_1_7' title="bbox 642 938 2193 1022">
     <span class='ocr_line' id='line_1_7' title="bbox 642 938 2193 1022; baseline -0.014 -13"><span class='ocrx_word' id='word_1_40' title='bbox 642 970 766 1009; x_wconf 86' lang='lat' dir='ltr'><strong>rum</strong></span> <span class='ocrx_word' id='word_1_41' title='bbox 794 995 809 1019; x_wconf 95' lang='lat'><strong>,</strong></span> <span class='ocrx_word' id='word_1_42' title='bbox 854 962 911 1007; x_wconf 92' lang='lat' dir='ltr'><strong>ut</strong></span> <span class='ocrx_word' id='word_1_43' title='bbox 937 952 1118 1022; x_wconf 89' lang='lat' dir='ltr'><strong>perdat</strong></span> <span class='ocrx_word' id='word_1_44' title='bbox 1147 963 1238 1002; x_wconf 91' lang='lat' dir='ltr'><strong>eos</strong></span> <span class='ocrx_word' id='word_1_45' title='bbox 1272 956 1325 1000; x_wconf 89' lang='lat' dir='ltr'><strong>et</strong></span> <span class='ocrx_word' id='word_1_46' title='bbox 1363 946 1536 998; x_wconf 89' lang='lat' dir='ltr'><strong>tradat</strong></span> <span class='ocrx_word' id='word_1_47' title='bbox 1567 944 1632 995; x_wconf 91' lang='lat' dir='ltr'><strong>ad</strong></span> <span class='ocrx_word' id='word_1_48' title='bbox 1663 943 1881 995; x_wconf 72' lang='lat' dir='ltr'><strong>caedem.</strong></span> <span class='ocrx_word' id='word_1_49' title='bbox 1918 938 2193 993; x_wconf 79' lang='lat' dir='ltr'><strong>Vulnerati</strong></span> 
     </span>
    </p>
   </div>
   <div class='ocr_carea' id='block_1_8' title="bbox 641 1031 2195 1106">
    <p class='ocr_par' dir='ltr' id='par_1_8' title="bbox 641 1031 2195 1106">
     <span class='ocr_line' id='line_1_8' title="bbox 641 1031 2195 1106; baseline -0.011 -9"><span class='ocrx_word' id='word_1_50' title='bbox 641 1055 819 1097; x_wconf 89' lang='lat' dir='ltr'><strong>autem</strong></span> <span class='ocrx_word' id='word_1_51' title='bbox 866 1055 1047 1096; x_wconf 90' lang='lat' dir='ltr'><strong>eorum</strong></span> <span class='ocrx_word' id='word_1_52' title='bbox 1083 1037 1450 1106; x_wconf 85' lang='lat' dir='ltr'><strong>projicientur,</strong></span> <span class='ocrx_word' id='word_1_53' title='bbox 1483 1043 1538 1086; x_wconf 91' lang='lat' dir='ltr'><strong>et</strong></span> <span class='ocrx_word' id='word_1_54' title='bbox 1585 1032 1779 1085; x_wconf 91' lang='lat' dir='ltr'><strong>mortui</strong></span> <span class='ocrx_word' id='word_1_55' title='bbox 1813 1049 1825 1081; x_wconf 90' lang='lat'>:</span> <span class='ocrx_word' id='word_1_56' title='bbox 1861 1039 1915 1083; x_wconf 91' lang='lat' dir='ltr'><strong>et</strong></span> <span class='ocrx_word' id='word_1_57' title='bbox 1943 1031 2195 1083; x_wconf 81' lang='lat' dir='ltr'><strong>ascendet</strong></span> 
     </span>
    </p>
   </div>
   <div class='ocr_carea' id='block_1_9' title="bbox 639 1120 2191 1194">
    <p class='ocr_par' dir='ltr' id='par_1_9' title="bbox 639 1120 2191 1194">
     <span class='ocr_line' id='line_1_9' title="bbox 639 1120 2191 1194; baseline -0.01 -6"><span class='ocrx_word' id='word_1_58' title='bbox 639 1137 776 1190; x_wconf 86' lang='lat' dir='ltr'><strong>odor</strong></span> <span class='ocrx_word' id='word_1_59' title='bbox 824 1146 1027 1188; x_wconf 91' lang='lat' dir='ltr'><strong>eorum.</strong></span> <span class='ocrx_word' id='word_1_60' title='bbox 1085 1148 1102 1179; x_wconf 73' lang='grc' dir='ltr'><strong>ι</strong></span> <span class='ocrx_word' id='word_1_61' title='bbox 1156 1127 1484 1194; x_wconf 85' lang='lat' dir='ltr'><strong>Quibusnam</strong></span> <span class='ocrx_word' id='word_1_62' title='bbox 1521 1123 1699 1176; x_wconf 90' lang='lat' dir='ltr'><strong>tradat</strong></span> <span class='ocrx_word' id='word_1_63' title='bbox 1733 1123 1784 1174; x_wconf 91' lang='lat' dir='ltr'><strong>in</strong></span> <span class='ocrx_word' id='word_1_64' title='bbox 1813 1123 2016 1174; x_wconf 71' lang='lat' dir='ltr'><strong>caedem</strong></span> <span class='ocrx_word' id='word_1_65' title='bbox 2043 1161 2056 1180; x_wconf 93' lang='lat'><strong>,</strong></span> <span class='ocrx_word' id='word_1_66' title='bbox 2091 1120 2191 1172; x_wconf 86' lang='lat' dir='ltr'><strong>uisi</strong></span> 
     </span>
    </p>
   </div>
   <div class='ocr_carea' id='block_1_10' title="bbox 639 1211 2191 1284">
    <p class='ocr_par' dir='ltr' id='par_1_10' title="bbox 639 1211 2191 1284">
     <span class='ocr_line' id='line_1_10' title="bbox 639 1211 2191 1284; baseline -0.013 -4"><span class='ocrx_word' id='word_1_67' title='bbox 639 1227 925 1281; x_wconf 84' lang='lat' dir='ltr'><strong>ultricibus</strong></span> <span class='ocrx_word' id='word_1_68' title='bbox 952 1220 1285 1275; x_wconf 88' lang='lat' dir='ltr'><strong>virtutibus?</strong></span> <span class='ocrx_word' id='word_1_69' title='bbox 1314 1217 1407 1271; x_wconf 82' lang='lat' dir='ltr'><strong>llis</strong></span> <span class='ocrx_word' id='word_1_70' title='bbox 1435 1229 1594 1284; x_wconf 90' lang='lat' dir='ltr'><strong>porro</strong></span> <span class='ocrx_word' id='word_1_71' title='bbox 1616 1213 1918 1283; x_wconf 80' lang='lat' dir='ltr'><strong>castigatis,</strong></span> <span class='ocrx_word' id='word_1_72' title='bbox 1953 1211 2040 1264; x_wconf 87' lang='lat' dir='ltr'><strong>alii</strong></span> <span class='ocrx_word' id='word_1_73' title='bbox 2073 1211 2191 1264; x_wconf 88' lang='lat' dir='ltr'><strong>vul-</strong></span> 
     </span>
    </p>
   </div>
   <div class='ocr_carea' id='block_1_11' title="bbox 637 1305 2188 1379">
    <p class='ocr_par' dir='ltr' id='par_1_11' title="bbox 637 1305 2188 1379">
     <span class='ocr_line' id='line_1_11' title="bbox 637 1305 2188 1379; baseline -0.011 -8"><span class='ocrx_word' id='word_1_74' title='bbox 637 1318 810 1372; x_wconf 86' lang='lat' dir='ltr'><strong>uerati</strong></span> <span class='ocrx_word' id='word_1_75' title='bbox 835 1355 851 1379; x_wconf 88' lang='lat'><strong>,</strong></span> <span class='ocrx_word' id='word_1_76' title='bbox 900 1313 986 1368; x_wconf 84' lang='lat' dir='ltr'><strong>alii</strong></span> <span class='ocrx_word' id='word_1_77' title='bbox 1039 1312 1232 1365; x_wconf 85' lang='lat' dir='ltr'><strong>mortui</strong></span> <span class='ocrx_word' id='word_1_78' title='bbox 1280 1317 1478 1369; x_wconf 89' lang='lat' dir='ltr'><strong>erunt,</strong></span> <span class='ocrx_word' id='word_1_79' title='bbox 1512 1306 1602 1375; x_wconf 87' lang='lat' dir='ltr'><strong>qui</strong></span> <span class='ocrx_word' id='word_1_80' title='bbox 1632 1305 1836 1359; x_wconf 79' lang='lat' dir='ltr'><strong>scilicet</strong></span> <span class='ocrx_word' id='word_1_81' title='bbox 1864 1305 1928 1357; x_wconf 83' lang='lat' dir='ltr'><strong>ad</strong></span> <span class='ocrx_word' id='word_1_82' title='bbox 1966 1313 2188 1356; x_wconf 91' lang='lat' dir='ltr'><strong>mortem</strong></span> 
     </span>
    </p>
   </div>
   <div class='ocr_carea' id='block_1_12' title="bbox 635 1395 2186 1475">
    <p class='ocr_par' dir='ltr' id='par_1_12' title="bbox 635 1395 2186 1475">
     <span class='ocr_line' id='line_1_12' title="bbox 635 1395 2186 1475; baseline -0.01 -14"><span class='ocrx_word' id='word_1_83' title='bbox 635 1420 929 1475; x_wconf 82' lang='lat' dir='ltr'><strong>peccavere</strong></span> <span class='ocrx_word' id='word_1_84' title='bbox 968 1421 980 1455; x_wconf 91' lang='lat'><strong>:</strong></span> <span class='ocrx_word' id='word_1_85' title='bbox 1014 1416 1241 1472; x_wconf 89' lang='lat' dir='ltr'><strong>quorum</strong></span> <span class='ocrx_word' id='word_1_86' title='bbox 1272 1399 1506 1452; x_wconf 81' lang='lat' dir='ltr'><strong>facinora</strong></span> <span class='ocrx_word' id='word_1_87' title='bbox 1528 1439 1541 1462; x_wconf 96' lang='lat'><strong>,</strong></span> <span class='ocrx_word' id='word_1_88' title='bbox 1589 1399 1642 1450; x_wconf 90' lang='lat' dir='ltr'><strong>in</strong></span> <span class='ocrx_word' id='word_1_89' title='bbox 1684 1399 1795 1449; x_wconf 81' lang='lat' dir='ltr'><strong>vita</strong></span> <span class='ocrx_word' id='word_1_90' title='bbox 1831 1395 2036 1450; x_wconf 88' lang='lat' dir='ltr'><strong>mortali</strong></span> <span class='ocrx_word' id='word_1_91' title='bbox 2067 1410 2186 1462; x_wconf 92' lang='lat' dir='ltr'><strong>per-</strong></span> 
     </span>
    </p>
   </div>
   <div class='ocr_carea' id='block_1_13' title="bbox 635 1489 2184 1564">
    <p class='ocr_par' dir='ltr' id='par_1_13' title="bbox 635 1489 2184 1564">
     <span class='ocr_line' id='line_1_13' title="bbox 635 1489 2184 1564; baseline -0.005 -17"><span class='ocrx_word' id='word_1_92' title='bbox 635 1507 842 1564; x_wconf 86' lang='lat' dir='ltr'><strong>petrata</strong></span> <span class='ocrx_word' id='word_1_93' title='bbox 869 1537 884 1559; x_wconf 97' lang='lat'><strong>,</strong></span> <span class='ocrx_word' id='word_1_94' title='bbox 931 1494 1118 1562; x_wconf 88' lang='lat' dir='ltr'><strong>judicii</strong></span> <span class='ocrx_word' id='word_1_95' title='bbox 1150 1505 1386 1560; x_wconf 89' lang='lat' dir='ltr'><strong>tempore</strong></span> <span class='ocrx_word' id='word_1_96' title='bbox 1441 1489 1665 1542; x_wconf 85' lang='lat' dir='ltr'><strong>fetorem</strong></span> <span class='ocrx_word' id='word_1_97' title='bbox 1697 1489 1982 1542; x_wconf 89' lang='lat' dir='ltr'><strong>emitteut:</strong></span> <span class='ocrx_word' id='word_1_98' title='bbox 2018 1501 2184 1552; x_wconf 89' lang='lat' dir='ltr'><strong>quare</strong></span> 
     </span>
    </p>
   </div>
   <div class='ocr_carea' id='block_1_14' title="bbox 636 1577 2173 1657">
    <p class='ocr_par' dir='ltr' id='par_1_14' title="bbox 636 1577 2173 1657">
     <span class='ocr_line' id='line_1_14' title="bbox 636 1577 2173 1657; baseline -0.012 -14"><span class='ocrx_word' id='word_1_99' title='bbox 636 1592 926 1643; x_wconf 78' lang='lat' dir='ltr'><strong>secundum</strong></span> <span class='ocrx_word' id='word_1_100' title='bbox 941 1585 1316 1657; x_wconf 84' lang='lat' dir='ltr'><strong>Symmachum</strong></span> <span class='ocrx_word' id='word_1_101' title='bbox 1341 1580 1557 1641; x_wconf 87' lang='lat' dir='ltr'><strong>dicitur,</strong></span> <span class='ocrx_word' id='word_1_102' title='bbox 1576 1598 1594 1629; x_wconf 75' lang='grc' dir='ltr'><strong>ι</strong></span> <span class='ocrx_word' id='word_1_103' title='bbox 1621 1579 1682 1631; x_wconf 89' lang='grc' dir='ltr'>Ει</span> <span class='ocrx_word' id='word_1_104' title='bbox 1702 1578 1954 1632; x_wconf 89' lang='lat' dir='ltr'><strong>ascendet</strong></span> <span class='ocrx_word' id='word_1_105' title='bbox 1971 1577 2126 1630; x_wconf 89' lang='lat' dir='ltr'><strong>fetor.</strong></span> <span class='ocrx_word' id='word_1_106' title='bbox 2157 1595 2173 1625; x_wconf 76' lang='grc' dir='ltr'><strong>ι</strong></span> 
     </span>
    </p>
   </div>
   <div class='ocr_carea' id='block_1_15' title="bbox 631 1667 2195 1754">
    <p class='ocr_par' dir='ltr' id='par_1_15' title="bbox 631 1667 2195 1754">
     <span class='ocr_line' id='line_1_15' title="bbox 631 1667 2195 1754; baseline -0.013 -15"><span class='ocrx_word' id='word_1_107' title='bbox 631 1686 732 1754; x_wconf 81' lang='grc' dir='ltr'><strong>τῆς</strong></span> <span class='ocrx_word' id='word_1_108' title='bbox 787 1683 1013 1752; x_wconf 87' lang='grc' dir='ltr'>κρίσεως</span> <span class='ocrx_word' id='word_1_109' title='bbox 1070 1675 1254 1745; x_wconf 77' lang='grc' dir='ltr'>καιρὸν</span> <span class='ocrx_word' id='word_1_110' title='bbox 1301 1674 1557 1734; x_wconf 79' lang='grc' dir='ltr'><strong>δυσωδίας</strong></span> <span class='ocrx_word' id='word_1_111' title='bbox 1621 1667 2077 1723; x_wconf 71' lang='grc' dir='ltr'>ἀποπνεύσο·.δσι”</span> <span class='ocrx_word' id='word_1_112' title='bbox 2119 1669 2195 1719; x_wconf 83' lang='grc' dir='ltr'>διὸ</span> 
     </span>
    </p>
   </div>
   <div class='ocr_carea' id='block_1_16' title="bbox 631 1777 929 1832">
    <p class='ocr_par' dir='ltr' id='par_1_16' title="bbox 631 1777 929 1832">
     <span class='ocr_line' id='line_1_16' title="bbox 631 1777 929 1832; baseline -0.023 0"><span class='ocrx_word' id='word_1_113' title='bbox 631 1777 880 1832; x_wconf 87' lang='grc' dir='ltr'>δυσωδία.</span> <span class='ocrx_word' id='word_1_114' title='bbox 912 1795 929 1825; x_wconf 74' lang='grc' dir='ltr'><strong>ι</strong></span> 
     </span>
    </p>
   </div>
   <div class='ocr_carea' id='block_1_17' title="bbox 707 1871 2256 1949">
    <p class='ocr_par' dir='ltr' id='par_1_17' title="bbox 707 1871 2256 1949">
     <span class='ocr_line' id='line_1_17' title="bbox 707 1871 2256 1949; baseline -0.014 -10"><span class='ocrx_word' id='word_1_115' title='bbox 707 1887 864 1939; x_wconf 71' lang='lat' dir='ltr'><strong>Vens.</strong></span> <span class='ocrx_word' id='word_1_116' title='bbox 894 1883 945 1936; x_wconf 79' lang='grc' dir='ltr'><strong>ι.</strong></span> <span class='ocrx_word' id='word_1_117' title='bbox 976 1901 992 1932; x_wconf 77' lang='grc' dir='ltr'><strong>ι</strong></span> <span class='ocrx_word' id='word_1_118' title='bbox 1021 1882 1086 1935; x_wconf 84' lang='grc' dir='ltr'>Ει</span> <span class='ocrx_word' id='word_1_119' title='bbox 1112 1879 1426 1949; x_wconf 74' lang='lat' dir='ltr'><strong>rigabuntur</strong></span> <span class='ocrx_word' id='word_1_120' title='bbox 1457 1883 1664 1929; x_wconf 77' lang='lat' dir='ltr'><strong>montes</strong></span> <span class='ocrx_word' id='word_1_121' title='bbox 1683 1871 1944 1940; x_wconf 72' lang='lat' dir='ltr'><strong>sanguine</strong></span> <span class='ocrx_word' id='word_1_122' title='bbox 1974 1885 2179 1924; x_wconf 91' lang='lat' dir='ltr'><strong>eorum.</strong></span> <span class='ocrx_word' id='word_1_123' title='bbox 2217 1877 2256 1930; x_wconf 77' lang='grc' dir='ltr'><strong>Β</strong></span> 
     </span>
    </p>
   </div>
   <div class='ocr_carea' id='block_1_18' title="bbox 633 1961 2184 2034">
    <p class='ocr_par' dir='ltr' id='par_1_18' title="bbox 633 1961 2184 2034">
     <span class='ocr_line' id='line_1_18' title="bbox 633 1961 2184 2034; baseline -0.013 0"><span class='ocrx_word' id='word_1_124' title='bbox 633 1981 698 2034; x_wconf 82' lang='lat' dir='ltr'><strong>Et</strong></span> <span class='ocrx_word' id='word_1_125' title='bbox 724 1980 999 2032; x_wconf 91' lang='lat' dir='ltr'><strong>tabcscent</strong></span> <span class='ocrx_word' id='word_1_126' title='bbox 1027 1987 1213 2027; x_wconf 90' lang='lat' dir='ltr'><strong>omnes</strong></span> <span class='ocrx_word' id='word_1_127' title='bbox 1239 1971 1464 2022; x_wconf 83' lang='lat' dir='ltr'><strong>virtutes</strong></span> <span class='ocrx_word' id='word_1_128' title='bbox 1494 1965 1772 2020; x_wconf 70' lang='lat' dir='ltr'><strong>caelorum.</strong></span> <span class='ocrx_word' id='word_1_129' title='bbox 1819 1986 1837 2013; x_wconf 77' lang='grc' dir='ltr'><strong>ι</strong></span> <span class='ocrx_word' id='word_1_130' title='bbox 1881 1961 1945 2015; x_wconf 89' lang='lat' dir='ltr'><strong>Hi</strong></span> <span class='ocrx_word' id='word_1_131' title='bbox 1976 1971 2184 2014; x_wconf 89' lang='lat' dir='ltr'><strong>montes</strong></span> 
     </span>
    </p>
   </div>
   <div class='ocr_carea' id='block_1_19' title="bbox 630 2055 2186 2135">
    <p class='ocr_par' dir='ltr' id='par_1_19' title="bbox 630 2055 2186 2135">
     <span class='ocr_line' id='line_1_19' title="bbox 630 2055 2186 2135; baseline -0.014 -10"><span class='ocrx_word' id='word_1_132' title='bbox 630 2081 784 2126; x_wconf 89' lang='lat' dir='ltr'><strong>erant</strong></span> <span class='ocrx_word' id='word_1_133' title='bbox 814 2072 878 2122; x_wconf 87' lang='lat' dir='ltr'><strong>de</strong></span> <span class='ocrx_word' id='word_1_134' title='bbox 901 2065 1095 2135; x_wconf 85' lang='lat' dir='ltr'><strong>quibus</strong></span> <span class='ocrx_word' id='word_1_135' title='bbox 1122 2063 1320 2116; x_wconf 90' lang='lat' dir='ltr'><strong>dictum</strong></span> <span class='ocrx_word' id='word_1_136' title='bbox 1354 2067 1475 2120; x_wconf 89' lang='lat' dir='ltr'><strong>est,</strong></span> <span class='ocrx_word' id='word_1_137' title='bbox 1515 2075 1532 2107; x_wconf 86' lang='grc'><strong><em>‹</em></strong></span> <span class='ocrx_word' id='word_1_138' title='bbox 1578 2057 1642 2110; x_wconf 86' lang='grc' dir='ltr'>Ει</span> <span class='ocrx_word' id='word_1_139' title='bbox 1670 2055 1947 2108; x_wconf 86' lang='lat' dir='ltr'><strong>tabescent</strong></span> <span class='ocrx_word' id='word_1_140' title='bbox 1979 2063 2186 2106; x_wconf 84' lang='lat' dir='ltr'><strong>montes</strong></span> 
     </span>
    </p>
   </div>
   <div class='ocr_carea' id='block_1_20' title="bbox 631 2144 2188 2228">
    <p class='ocr_par' dir='ltr' id='par_1_20' title="bbox 631 2144 2188 2228">
     <span class='ocr_line' id='line_1_20' title="bbox 631 2144 2188 2228; baseline -0.014 -14"><span class='ocrx_word' id='word_1_141' title='bbox 631 2179 658 2214; x_wconf 85' lang='lat' dir='ltr'><strong>a</strong></span> <span class='ocrx_word' id='word_1_142' title='bbox 699 2160 974 2228; x_wconf 73' lang='lat' dir='ltr'><strong>sanguine.</strong></span> <span class='ocrx_word' id='word_1_143' title='bbox 1031 2173 1048 2206; x_wconf 75' lang='grc' dir='ltr'><strong>ι</strong></span> <span class='ocrx_word' id='word_1_144' title='bbox 1096 2152 1303 2206; x_wconf 85' lang='lat' dir='ltr'><strong>Etenim</strong></span> <span class='ocrx_word' id='word_1_145' title='bbox 1335 2150 1565 2202; x_wconf 82' lang='lat' dir='ltr'><strong>virtutes</strong></span> <span class='ocrx_word' id='word_1_146' title='bbox 1607 2144 1870 2199; x_wconf 73' lang='lat' dir='ltr'><strong>caelorum</strong></span> <span class='ocrx_word' id='word_1_147' title='bbox 1897 2181 1912 2206; x_wconf 91' lang='lat'><strong>,</strong></span> <span class='ocrx_word' id='word_1_148' title='bbox 1943 2156 2060 2210; x_wconf 75' lang='lat' dir='ltr'><strong>qua:</strong></span> <span class='ocrx_word' id='word_1_149' title='bbox 2092 2154 2188 2209; x_wconf 88' lang='lat' dir='ltr'><strong>per</strong></span> 
     </span>
    </p>
   </div>
   <div class='ocr_carea' id='block_1_21' title="bbox 629 2234 2186 2318">
    <p class='ocr_par' dir='ltr' id='par_1_21' title="bbox 629 2234 2186 2318">
     <span class='ocr_line' id='line_1_21' title="bbox 629 2234 2186 2318; baseline -0.014 -13"><span class='ocrx_word' id='word_1_150' title='bbox 629 2259 843 2305; x_wconf 90' lang='lat' dir='ltr'><strong>montes</strong></span> <span class='ocrx_word' id='word_1_151' title='bbox 870 2246 1259 2318; x_wconf 66' lang='lat' dir='ltr'><strong>significantur,</strong></span> <span class='ocrx_word' id='word_1_152' title='bbox 1293 2249 1419 2294; x_wconf 83' lang='lat' dir='ltr'><strong>tunc</strong></span> <span class='ocrx_word' id='word_1_153' title='bbox 1468 2237 1743 2292; x_wconf 81' lang='lat' dir='ltr'><strong>tabescere</strong></span> <span class='ocrx_word' id='word_1_154' title='bbox 1779 2234 2052 2298; x_wconf 90' lang='lat' dir='ltr'><strong>dicuntur,</strong></span> <span class='ocrx_word' id='word_1_155' title='bbox 2099 2241 2186 2284; x_wconf 76' lang='grc' dir='ltr'>ιιι-ο</span> 
     </span>
    </p>
   </div>
   <div class='ocr_carea' id='block_1_22' title="bbox 629 2325 2181 2408">
    <p class='ocr_par' dir='ltr' id='par_1_22' title="bbox 629 2325 2181 2408">
     <span class='ocr_line' id='line_1_22' title="bbox 629 2325 2181 2408; baseline -0.01 -16"><span class='ocrx_word' id='word_1_156' title='bbox 629 2349 757 2408; x_wconf 89' lang='lat' dir='ltr'><strong>pote</strong></span> <span class='ocrx_word' id='word_1_157' title='bbox 782 2353 900 2407; x_wconf 70' lang='lat' dir='ltr'><strong>qua:</strong></span> <span class='ocrx_word' id='word_1_158' title='bbox 947 2332 1260 2391; x_wconf 87' lang='lat' dir='ltr'><strong>memoratis</strong></span> <span class='ocrx_word' id='word_1_159' title='bbox 1310 2329 1615 2385; x_wconf 88' lang='lat' dir='ltr'><strong>hominibus</strong></span> <span class='ocrx_word' id='word_1_160' title='bbox 1649 2329 1702 2381; x_wconf 92' lang='lat' dir='ltr'><strong>in</strong></span> <span class='ocrx_word' id='word_1_161' title='bbox 1735 2341 1895 2380; x_wconf 89' lang='lat' dir='ltr'><strong>causa</strong></span> <span class='ocrx_word' id='word_1_162' title='bbox 1926 2325 2181 2394; x_wconf 87' lang='lat' dir='ltr'><strong>perniciei</strong></span> 
     </span>
    </p>
   </div>
   <div class='ocr_carea' id='block_1_23' title="bbox 630 2415 2186 2496">
    <p class='ocr_par' dir='ltr' id='par_1_23' title="bbox 630 2415 2186 2496">
     <span class='ocr_line' id='line_1_23' title="bbox 630 2415 2186 2496; baseline -0.012 -9"><span class='ocrx_word' id='word_1_163' title='bbox 630 2433 852 2487; x_wconf 80' lang='lat' dir='ltr'><strong>fuerint.</strong></span> <span class='ocrx_word' id='word_1_164' title='bbox 885 2430 1141 2496; x_wconf 60' lang='lat' dir='ltr'><strong>Quanam</strong></span> <span class='ocrx_word' id='word_1_165' title='bbox 1166 2437 1329 2492; x_wconf 90' lang='lat' dir='ltr'><strong>porro</strong></span> <span class='ocrx_word' id='word_1_166' title='bbox 1357 2420 1458 2475; x_wconf 67' lang='lat' dir='ltr'><strong>illa:</strong></span> <span class='ocrx_word' id='word_1_167' title='bbox 1491 2419 1687 2474; x_wconf 87' lang='lat' dir='ltr'><strong>fuerint</strong></span> <span class='ocrx_word' id='word_1_168' title='bbox 1712 2456 1727 2481; x_wconf 87' lang='lat'><strong><em>.</em></strong></span> <span class='ocrx_word' id='word_1_169' title='bbox 1769 2418 1868 2470; x_wconf 90' lang='lat' dir='ltr'><strong>nisi</strong></span> <span class='ocrx_word' id='word_1_170' title='bbox 1895 2415 1962 2468; x_wconf 90' lang='lat' dir='ltr'><strong>de</strong></span> <span class='ocrx_word' id='word_1_171' title='bbox 1991 2415 2186 2484; x_wconf 82' lang='lat' dir='ltr'><strong>quibus</strong></span> 
     </span>
    </p>
   </div>
   <div class='ocr_carea' id='block_1_24' title="bbox 628 2507 2183 2593">
    <p class='ocr_par' dir='ltr' id='par_1_24' title="bbox 628 2507 2183 2593">
     <span class='ocr_line' id='line_1_24' title="bbox 628 2507 2183 2593; baseline -0.015 -15"><span class='ocrx_word' id='word_1_172' title='bbox 628 2523 916 2593; x_wconf 77' lang='lat' dir='ltr'><strong>Apostolus</strong></span> <span class='ocrx_word' id='word_1_173' title='bbox 945 2521 1060 2582; x_wconf 89' lang='lat' dir='ltr'><strong>ait,</strong></span> <span class='ocrx_word' id='word_1_174' title='bbox 1097 2536 1114 2569; x_wconf 80' lang='grc' dir='ltr'><strong>ι</strong></span> <span class='ocrx_word' id='word_1_175' title='bbox 1163 2514 1276 2569; x_wconf 79' lang='lat' dir='ltr'><strong>Non</strong></span> <span class='ocrx_word' id='word_1_176' title='bbox 1307 2522 1392 2568; x_wconf 91' lang='lat' dir='ltr'><strong>est</strong></span> <span class='ocrx_word' id='word_1_177' title='bbox 1423 2513 1577 2565; x_wconf 89' lang='lat' dir='ltr'><strong>nobis</strong></span> <span class='ocrx_word' id='word_1_178' title='bbox 1605 2512 1745 2562; x_wconf 91' lang='lat' dir='ltr'><strong>lucta</strong></span> <span class='ocrx_word' id='word_1_179' title='bbox 1776 2507 2033 2560; x_wconf 82' lang='lat' dir='ltr'><strong>adversus</strong></span> <span class='ocrx_word' id='word_1_180' title='bbox 2061 2519 2183 2558; x_wconf 86' lang='lat' dir='ltr'><strong>san—</strong></span> 
     </span>
    </p>
   </div>
   <div class='ocr_carea' id='block_1_25' title="bbox 630 2597 2183 2680">
    <p class='ocr_par' dir='ltr' id='par_1_25' title="bbox 630 2597 2183 2680">
     <span class='ocr_line' id='line_1_25' title="bbox 630 2597 2183 2680; baseline -0.013 -14"><span class='ocrx_word' id='word_1_181' title='bbox 630 2615 844 2680; x_wconf 78' lang='lat' dir='ltr'><strong>guinem</strong></span> <span class='ocrx_word' id='word_1_182' title='bbox 894 2619 950 2664; x_wconf 89' lang='lat' dir='ltr'><strong>et</strong></span> <span class='ocrx_word' id='word_1_183' title='bbox 993 2621 1250 2669; x_wconf 88' lang='lat' dir='ltr'><strong>carnem;</strong></span> <span class='ocrx_word' id='word_1_184' title='bbox 1297 2603 1388 2656; x_wconf 87' lang='lat' dir='ltr'><strong>sed</strong></span> <span class='ocrx_word' id='word_1_185' title='bbox 1423 2602 1680 2654; x_wconf 86' lang='lat' dir='ltr'><strong>adversus</strong></span> <span class='ocrx_word' id='word_1_186' title='bbox 1709 2597 2079 2664; x_wconf 88' lang='lat' dir='ltr'><strong>principatus,</strong></span> <span class='ocrx_word' id='word_1_187' title='bbox 2125 2603 2183 2648; x_wconf 87' lang='lat' dir='ltr'><strong>et</strong></span> 
     </span>
    </p>
   </div>
   <div class='ocr_carea' id='block_1_26' title="bbox 627 2687 2184 2770">
    <p class='ocr_par' dir='ltr' id='par_1_26' title="bbox 627 2687 2184 2770">
     <span class='ocr_line' id='line_1_26' title="bbox 627 2687 2184 2770; baseline -0.009 -15"><span class='ocrx_word' id='word_1_188' title='bbox 627 2710 918 2770; x_wconf 86' lang='lat' dir='ltr'><strong>potestates</strong></span> <span class='ocrx_word' id='word_1_189' title='bbox 947 2739 962 2762; x_wconf 84' lang='lat'><em>.</em></span> <span class='ocrx_word' id='word_1_190' title='bbox 1007 2705 1062 2752; x_wconf 87' lang='lat' dir='ltr'><strong>et</strong></span> <span class='ocrx_word' id='word_1_191' title='bbox 1089 2705 1325 2750; x_wconf 82' lang='lat' dir='ltr'><strong>rectores</strong></span> <span class='ocrx_word' id='word_1_192' title='bbox 1353 2693 1537 2746; x_wconf 90' lang='lat' dir='ltr'><strong>mundi</strong></span> <span class='ocrx_word' id='word_1_193' title='bbox 1588 2690 1748 2758; x_wconf 85' lang='lat' dir='ltr'><strong>hujus</strong></span> <span class='ocrx_word' id='word_1_194' title='bbox 1776 2728 1790 2752; x_wconf 96' lang='lat'><strong>,</strong></span> <span class='ocrx_word' id='word_1_195' title='bbox 1823 2697 1878 2741; x_wconf 93' lang='lat' dir='ltr'><strong>et</strong></span> <span class='ocrx_word' id='word_1_196' title='bbox 1926 2687 2184 2741; x_wconf 85' lang='lat' dir='ltr'><strong>adversus</strong></span> 
     </span>
    </p>
   </div>
   <div class='ocr_carea' id='block_1_27' title="bbox 626 2777 2183 2862">
    <p class='ocr_par' dir='ltr' id='par_1_27' title="bbox 626 2777 2183 2862">
     <span class='ocr_line' id='line_1_27' title="bbox 626 2777 2183 2862; baseline -0.012 -14"><span class='ocrx_word' id='word_1_197' title='bbox 626 2791 920 2862; x_wconf 88' lang='lat' dir='ltr'><strong>spiritualia</strong></span> <span class='ocrx_word' id='word_1_198' title='bbox 950 2787 1201 2856; x_wconf 72' lang='lat' dir='ltr'><strong>nequitiae</strong></span> <span class='ocrx_word' id='word_1_199' title='bbox 1232 2785 1286 2837; x_wconf 89' lang='lat' dir='ltr'><strong>in</strong></span> <span class='ocrx_word' id='word_1_200' title='bbox 1316 2782 1623 2837; x_wconf 64' lang='lat' dir='ltr'><strong>coelestibus</strong></span> <span class='ocrx_word' id='word_1_201' title='bbox 1650 2780 1736 2830; x_wconf 78' lang='lat'><strong>&quot;?</strong></span> <span class='ocrx_word' id='word_1_202' title='bbox 1775 2796 1792 2828; x_wconf 76' lang='grc' dir='ltr'><strong>ι</strong></span> <span class='ocrx_word' id='word_1_203' title='bbox 1824 2777 1914 2830; x_wconf 63' lang='lat' dir='ltr'><strong>Ha?</strong></span> <span class='ocrx_word' id='word_1_204' title='bbox 1954 2790 2183 2844; x_wconf 78' lang='lat' dir='ltr'><strong>namque</strong></span> 
     </span>
    </p>
   </div>
   <div class='ocr_carea' id='block_1_28' title="bbox 623 2868 2182 2954">
    <p class='ocr_par' dir='ltr' id='par_1_28' title="bbox 623 2868 2182 2954">
     <span class='ocr_line' id='line_1_28' title="bbox 623 2868 2182 2954; baseline -0.012 -17"><span class='ocrx_word' id='word_1_205' title='bbox 623 2890 953 2954; x_wconf 80' lang='lat' dir='ltr'><strong>potestates,</strong></span> <span class='ocrx_word' id='word_1_206' title='bbox 996 2893 1113 2948; x_wconf 70' lang='lat' dir='ltr'><strong>qua:</strong></span> <span class='ocrx_word' id='word_1_207' title='bbox 1165 2875 1368 2930; x_wconf 89' lang='lat' dir='ltr'><strong>aerium</strong></span> <span class='ocrx_word' id='word_1_208' title='bbox 1415 2874 1586 2927; x_wconf 92' lang='lat' dir='ltr'><strong>locum</strong></span> <span class='ocrx_word' id='word_1_209' title='bbox 1630 2871 1910 2930; x_wconf 81' lang='lat' dir='ltr'><strong>obtinent,</strong></span> <span class='ocrx_word' id='word_1_210' title='bbox 1960 2868 2182 2921; x_wconf 75' lang='lat' dir='ltr'><strong>virtutes</strong></span> 
     </span>
    </p>
   </div>
   <div class='ocr_carea' id='block_1_29' title="bbox 627 2963 2183 3036">
    <p class='ocr_par' dir='ltr' id='par_1_29' title="bbox 627 2963 2183 3036">
     <span class='ocr_line' id='line_1_29' title="bbox 627 2963 2183 3036; baseline -0.011 -8"><span class='ocrx_word' id='word_1_211' title='bbox 627 2974 888 3028; x_wconf 75' lang='lat' dir='ltr'><strong>caelorum</strong></span> <span class='ocrx_word' id='word_1_212' title='bbox 938 2963 1700 3036; x_wconf 64' lang='lat' dir='ltr'><strong>vocanturgquandoquidem</strong></span> <span class='ocrx_word' id='word_1_213' title='bbox 1754 2977 1857 3025; x_wconf 88' lang='lat' dir='ltr'><strong>ea,</strong></span> <span class='ocrx_word' id='word_1_214' title='bbox 1911 2974 2030 3026; x_wconf 69' lang='lat' dir='ltr'><strong>qua:</strong></span> <span class='ocrx_word' id='word_1_215' title='bbox 2087 2975 2183 3027; x_wconf 90' lang='lat' dir='ltr'><strong>per</strong></span> 
     </span>
    </p>
   </div>
   <div class='ocr_carea' id='block_1_30' title="bbox 621 3050 2181 3123">
    <p class='ocr_par' dir='ltr' id='par_1_30' title="bbox 621 3050 2181 3123">
     <span class='ocr_line' id='line_1_30' title="bbox 621 3050 2181 3123; baseline -0.009 -7"><span class='ocrx_word' id='word_1_216' title='bbox 621 3077 749 3117; x_wconf 82' lang='lat' dir='ltr'><strong>aera</strong></span> <span class='ocrx_word' id='word_1_217' title='bbox 802 3061 1066 3123; x_wconf 87' lang='lat' dir='ltr'><strong>feruntur,</strong></span> <span class='ocrx_word' id='word_1_218' title='bbox 1109 3057 1356 3112; x_wconf 83' lang='lat' dir='ltr'><strong>volucres</strong></span> <span class='ocrx_word' id='word_1_219' title='bbox 1405 3054 1524 3107; x_wconf 73' lang='grc' dir='ltr'>ωιιὶ</span> <span class='ocrx_word' id='word_1_220' title='bbox 1576 3067 1768 3107; x_wconf 87' lang='lat' dir='ltr'><strong>vocare</strong></span> <span class='ocrx_word' id='word_1_221' title='bbox 1817 3051 1951 3104; x_wconf 88' lang='lat' dir='ltr'><strong>solet</strong></span> <span class='ocrx_word' id='word_1_222' title='bbox 2005 3050 2181 3103; x_wconf 80' lang='lat' dir='ltr'><strong>divina</strong></span> 
     </span>
    </p>
   </div>
   <div class='ocr_carea' id='block_1_31' title="bbox 623 3145 2176 3222">
    <p class='ocr_par' dir='ltr' id='par_1_31' title="bbox 623 3145 2176 3222">
     <span class='ocr_line' id='line_1_31' title="bbox 623 3145 2176 3222; baseline -0.009 -13"><span class='ocrx_word' id='word_1_223' title='bbox 623 3154 902 3222; x_wconf 87' lang='lat' dir='ltr'><strong>Scriptura</strong></span> <span class='ocrx_word' id='word_1_224' title='bbox 934 3153 1117 3206; x_wconf 90' lang='lat' dir='ltr'><strong>dicens</strong></span> <span class='ocrx_word' id='word_1_225' title='bbox 1142 3191 1156 3213; x_wconf 90' lang='lat'><strong>,</strong></span> <span class='ocrx_word' id='word_1_226' title='bbox 1193 3168 1212 3201; x_wconf 87' lang='grc'><em>‹</em></span> <span class='ocrx_word' id='word_1_227' title='bbox 1249 3147 1506 3202; x_wconf 81' lang='lat' dir='ltr'><strong>Volucres</strong></span> <span class='ocrx_word' id='word_1_228' title='bbox 1552 3145 1670 3200; x_wconf 81' lang='lat' dir='ltr'><strong>cceli</strong></span> <span class='ocrx_word' id='word_1_229' title='bbox 1727 3153 1782 3197; x_wconf 89' lang='lat' dir='ltr'><strong>et</strong></span> <span class='ocrx_word' id='word_1_230' title='bbox 1833 3145 2005 3211; x_wconf 87' lang='lat' dir='ltr'><strong>pisces</strong></span> <span class='ocrx_word' id='word_1_231' title='bbox 2061 3158 2176 3196; x_wconf 86' lang='lat' dir='ltr'><strong>ma-</strong></span> 
     </span>
    </p>
   </div>
   <div class='ocr_carea' id='block_1_32' title="bbox 620 3237 2173 3303">
    <p class='ocr_par' dir='ltr' id='par_1_32' title="bbox 620 3237 2173 3303">
     <span class='ocr_line' id='line_1_32' title="bbox 620 3237 2173 3303; baseline -0.008 -4"><span class='ocrx_word' id='word_1_232' title='bbox 620 3247 703 3300; x_wconf 87' lang='lat' dir='ltr'><strong>ris</strong></span> <span class='ocrx_word' id='word_1_233' title='bbox 727 3245 819 3298; x_wconf 79' lang='lat'><strong>“&#39;.</strong></span> <span class='ocrx_word' id='word_1_234' title='bbox 871 3263 891 3296; x_wconf 75' lang='grc' dir='ltr'><strong>ι</strong></span> <span class='ocrx_word' id='word_1_235' title='bbox 941 3243 1072 3297; x_wconf 87' lang='lat' dir='ltr'><strong>Cum</strong></span> <span class='ocrx_word' id='word_1_236' title='bbox 1103 3253 1279 3295; x_wconf 90' lang='lat' dir='ltr'><strong>autem</strong></span> <span class='ocrx_word' id='word_1_237' title='bbox 1311 3240 1438 3293; x_wconf 90' lang='lat' dir='ltr'><strong>illud</strong></span> <span class='ocrx_word' id='word_1_238' title='bbox 1465 3278 1478 3303; x_wconf 92' lang='lat'><strong>,</strong></span> <span class='ocrx_word' id='word_1_239' title='bbox 1517 3257 1533 3289; x_wconf 74' lang='grc' dir='ltr'><strong>ι</strong></span> <span class='ocrx_word' id='word_1_240' title='bbox 1569 3237 1635 3290; x_wconf 83' lang='grc' dir='ltr'><strong>Ει</strong></span> <span class='ocrx_word' id='word_1_241' title='bbox 1683 3238 1953 3289; x_wconf 79' lang='lat' dir='ltr'><strong>tabescent</strong></span> <span class='ocrx_word' id='word_1_242' title='bbox 1984 3249 2173 3289; x_wconf 89' lang='lat' dir='ltr'><strong>omnes</strong></span> 
     </span>
    </p>
   </div>
   <div class='ocr_carea' id='block_1_33' title="bbox 619 3319 2171 3398">
    <p class='ocr_par' dir='ltr' id='par_1_33' title="bbox 619 3319 2171 3398">
     <span class='ocr_line' id='line_1_33' title="bbox 619 3319 2171 3398; baseline -0.006 -10"><span class='ocrx_word' id='word_1_243' title='bbox 619 3339 847 3391; x_wconf 80' lang='lat' dir='ltr'><strong>virtutes</strong></span> <span class='ocrx_word' id='word_1_244' title='bbox 873 3319 1178 3397; x_wconf 62' lang='lat' dir='ltr'><strong>calorum,</strong></span> <span class='ocrx_word' id='word_1_245' title='bbox 1235 3351 1255 3385; x_wconf 73' lang='grc' dir='ltr'><strong>ι</strong></span> <span class='ocrx_word' id='word_1_246' title='bbox 1311 3333 1364 3385; x_wconf 90' lang='lat' dir='ltr'><strong>in</strong></span> <span class='ocrx_word' id='word_1_247' title='bbox 1413 3327 1764 3398; x_wconf 77' lang='lat' dir='ltr'><strong>Septuaginta</strong></span> <span class='ocrx_word' id='word_1_248' title='bbox 1814 3326 2171 3392; x_wconf 78' lang='lat' dir='ltr'><strong>lnlerpretum</strong></span> 
     </span>
    </p>
   </div>
   <div class='ocr_carea' id='block_1_34' title="bbox 617 3415 2172 3494">
    <p class='ocr_par' dir='ltr' id='par_1_34' title="bbox 617 3415 2172 3494">
     <span class='ocr_line' id='line_1_34' title="bbox 617 3415 2172 3494; baseline -0.009 -13"><span class='ocrx_word' id='word_1_249' title='bbox 617 3429 872 3482; x_wconf 87' lang='lat' dir='ltr'><strong>versione</strong></span> <span class='ocrx_word' id='word_1_250' title='bbox 917 3441 1019 3479; x_wconf 93' lang='lat' dir='ltr'><strong>non</strong></span> <span class='ocrx_word' id='word_1_251' title='bbox 1062 3431 1412 3494; x_wconf 89' lang='lat' dir='ltr'><strong>compareat,</strong></span> <span class='ocrx_word' id='word_1_252' title='bbox 1452 3435 1572 3474; x_wconf 87' lang='lat' dir='ltr'><strong>cum</strong></span> <span class='ocrx_word' id='word_1_253' title='bbox 1625 3417 1900 3472; x_wconf 90' lang='lat' dir='ltr'><strong>asteriscis</strong></span> <span class='ocrx_word' id='word_1_254' title='bbox 1931 3430 1994 3469; x_wconf 82' lang='lat' dir='ltr'><strong>ex</strong></span> <span class='ocrx_word' id='word_1_255' title='bbox 2041 3415 2172 3469; x_wconf 85' lang='lat' dir='ltr'><strong>reli-</strong></span> 
     </span>
    </p>
   </div>
   <div class='ocr_carea' id='block_1_35' title="bbox 621 3508 2172 3589">
    <p class='ocr_par' dir='ltr' id='par_1_35' title="bbox 621 3508 2172 3589">
     <span class='ocr_line' id='line_1_35' title="bbox 621 3508 2172 3589; baseline -0.007 -18"><span class='ocrx_word' id='word_1_256' title='bbox 621 3533 851 3589; x_wconf 83' lang='lat' dir='ltr'><strong>quorum</strong></span> <span class='ocrx_word' id='word_1_257' title='bbox 913 3516 1350 3584; x_wconf 87' lang='lat' dir='ltr'><strong>interpretatione</strong></span> <span class='ocrx_word' id='word_1_258' title='bbox 1399 3513 1634 3566; x_wconf 89' lang='lat' dir='ltr'><strong>additum</strong></span> <span class='ocrx_word' id='word_1_259' title='bbox 1687 3509 1802 3560; x_wconf 89' lang='lat' dir='ltr'><strong>fuit.</strong></span> <span class='ocrx_word' id='word_1_260' title='bbox 1854 3508 1986 3572; x_wconf 83' lang='lat' dir='ltr'><strong>Quia</strong></span> <span class='ocrx_word' id='word_1_261' title='bbox 2043 3521 2172 3561; x_wconf 88' lang='lat' dir='ltr'><strong>vero</strong></span> 
     </span>
    </p>
   </div>
   <div class='ocr_carea' id='block_1_36' title="bbox 622 3598 2173 3677">
    <p class='ocr_par' dir='ltr' id='par_1_36' title="bbox 622 3598 2173 3677">
     <span class='ocr_line' id='line_1_36' title="bbox 622 3598 2173 3677; baseline -0.009 -13"><span class='ocrx_word' id='word_1_262' title='bbox 622 3613 758 3665; x_wconf 90' lang='lat' dir='ltr'><strong>scitu</strong></span> <span class='ocrx_word' id='word_1_263' title='bbox 794 3610 947 3663; x_wconf 85' lang='lat' dir='ltr'><strong>nobis</strong></span> <span class='ocrx_word' id='word_1_264' title='bbox 979 3623 1111 3677; x_wconf 90' lang='lat' dir='ltr'><strong>opus</strong></span> <span class='ocrx_word' id='word_1_265' title='bbox 1140 3617 1258 3661; x_wconf 90' lang='lat' dir='ltr'><strong>erat</strong></span> <span class='ocrx_word' id='word_1_266' title='bbox 1307 3605 1645 3673; x_wconf 90' lang='lat' dir='ltr'><strong>quandonam</strong></span> <span class='ocrx_word' id='word_1_267' title='bbox 1703 3602 1815 3653; x_wconf 62' lang='lat' dir='ltr'><strong>hinc</strong></span> <span class='ocrx_word' id='word_1_268' title='bbox 1864 3598 2037 3651; x_wconf 90' lang='lat' dir='ltr'><strong>futura</strong></span> <span class='ocrx_word' id='word_1_269' title='bbox 2089 3612 2173 3651; x_wconf 87' lang='lat' dir='ltr'><strong>es-</strong></span> 
     </span>
    </p>
   </div>
   <div class='ocr_carea' id='block_1_37' title="bbox 619 3690 2171 3766">
    <p class='ocr_par' dir='ltr' id='par_1_37' title="bbox 619 3690 2171 3766">
     <span class='ocr_line' id='line_1_37' title="bbox 619 3690 2171 3766; baseline -0.008 -12"><span class='ocrx_word' id='word_1_270' title='bbox 619 3710 759 3766; x_wconf 87' lang='lat' dir='ltr'><strong>sent,</strong></span> <span class='ocrx_word' id='word_1_271' title='bbox 803 3700 854 3752; x_wconf 87' lang='lat' dir='ltr'><strong>id</strong></span> <span class='ocrx_word' id='word_1_272' title='bbox 885 3713 982 3752; x_wconf 86' lang='lat' dir='ltr'><strong>nos</strong></span> <span class='ocrx_word' id='word_1_273' title='bbox 1009 3697 1196 3752; x_wconf 88' lang='lat' dir='ltr'><strong>edocet</strong></span> <span class='ocrx_word' id='word_1_274' title='bbox 1239 3694 1579 3764; x_wconf 86' lang='lat' dir='ltr'><strong>propheticus</strong></span> <span class='ocrx_word' id='word_1_275' title='bbox 1625 3705 1804 3746; x_wconf 89' lang='lat' dir='ltr'><strong>sermo</strong></span> <span class='ocrx_word' id='word_1_276' title='bbox 1852 3690 2171 3750; x_wconf 85' lang='lat' dir='ltr'><strong>declarans.</strong></span> 
     </span>
    </p>
   </div>
   <div class='ocr_carea' id='block_1_38' title="bbox 618 3782 2173 3858">
    <p class='ocr_par' dir='ltr' id='par_1_38' title="bbox 618 3782 2173 3858">
     <span class='ocr_line' id='line_1_38' title="bbox 618 3782 2173 3858; baseline -0.007 -14"><span class='ocrx_word' id='word_1_277' title='bbox 618 3789 864 3858; x_wconf 89' lang='lat' dir='ltr'><strong>superius</strong></span> <span class='ocrx_word' id='word_1_278' title='bbox 896 3797 1187 3842; x_wconf 83' lang='lat' dir='ltr'><strong>memorata</strong></span> <span class='ocrx_word' id='word_1_279' title='bbox 1220 3795 1339 3855; x_wconf 90' lang='lat' dir='ltr'><strong>post</strong></span> <span class='ocrx_word' id='word_1_280' title='bbox 1391 3786 1551 3853; x_wconf 86' lang='lat' dir='ltr'><strong>hujus</strong></span> <span class='ocrx_word' id='word_1_281' title='bbox 1597 3782 1778 3837; x_wconf 89' lang='lat' dir='ltr'><strong>mundi</strong></span> <span class='ocrx_word' id='word_1_282' title='bbox 1831 3795 2173 3836; x_wconf 82' lang='lat' dir='ltr'><strong>consumma-</strong></span> 
     </span>
    </p>
   </div>
   <div class='ocr_carea' id='block_1_39' title="bbox 621 3871 2172 3944">
    <p class='ocr_par' dir='ltr' id='par_1_39' title="bbox 621 3871 2172 3944">
     <span class='ocr_line' id='line_1_39' title="bbox 621 3871 2172 3944; baseline -0.008 -9"><span class='ocrx_word' id='word_1_283' title='bbox 621 3883 819 3935; x_wconf 88' lang='lat' dir='ltr'><strong>tionem</strong></span> <span class='ocrx_word' id='word_1_284' title='bbox 842 3889 1098 3935; x_wconf 86' lang='lat' dir='ltr'><strong>eventura</strong></span> <span class='ocrx_word' id='word_1_285' title='bbox 1116 3893 1253 3932; x_wconf 88' lang='lat' dir='ltr'><strong>esse.</strong></span> <span class='ocrx_word' id='word_1_286' title='bbox 1282 3875 1646 3944; x_wconf 71' lang='lat' dir='ltr'><strong>Quamobrem</strong></span> <span class='ocrx_word' id='word_1_287' title='bbox 1677 3873 1844 3927; x_wconf 85' lang='lat' dir='ltr'><strong>infert</strong></span> <span class='ocrx_word' id='word_1_288' title='bbox 1879 3889 1892 3924; x_wconf 91' lang='lat'><strong>:</strong></span> <span class='ocrx_word' id='word_1_289' title='bbox 1931 3891 1950 3923; x_wconf 75' lang='grc' dir='ltr'><strong>ι</strong></span> <span class='ocrx_word' id='word_1_290' title='bbox 1989 3871 2052 3925; x_wconf 82' lang='lat' dir='ltr'><strong>Et</strong></span> <span class='ocrx_word' id='word_1_291' title='bbox 2072 3871 2172 3939; x_wconf 83' lang='lat' dir='ltr'><strong>pli-</strong></span> 
     </span>
    </p>
   </div>
   <div class='ocr_carea' id='block_1_40' title="bbox 620 3964 2169 4036">
    <p class='ocr_par' dir='ltr' id='par_1_40' title="bbox 620 3964 2169 4036">
     <span class='ocr_line' id='line_1_40' title="bbox 620 3964 2169 4036; baseline -0.008 -9"><span class='ocrx_word' id='word_1_292' title='bbox 620 3974 828 4027; x_wconf 89' lang='lat' dir='ltr'><strong>cabitur</strong></span> <span class='ocrx_word' id='word_1_293' title='bbox 855 3971 1069 4036; x_wconf 65' lang='lat' dir='ltr'><strong>caelum,</strong></span> <span class='ocrx_word' id='word_1_294' title='bbox 1093 3971 1228 4024; x_wconf 90' lang='lat' dir='ltr'><strong>sicut</strong></span> <span class='ocrx_word' id='word_1_295' title='bbox 1255 3970 1405 4030; x_wconf 89' lang='lat' dir='ltr'><strong>liher,</strong></span> <span class='ocrx_word' id='word_1_296' title='bbox 1453 3977 1507 4021; x_wconf 90' lang='lat' dir='ltr'><strong>et</strong></span> <span class='ocrx_word' id='word_1_297' title='bbox 1533 3966 1711 4020; x_wconf 90' lang='lat' dir='ltr'><strong>omnia</strong></span> <span class='ocrx_word' id='word_1_298' title='bbox 1744 3973 1891 4018; x_wconf 87' lang='lat' dir='ltr'><strong>astra</strong></span> <span class='ocrx_word' id='word_1_299' title='bbox 1939 3964 2169 4026; x_wconf 91' lang='lat' dir='ltr'><strong>cadent,</strong></span> 
     </span>
    </p>
   </div>
   <div class='ocr_carea' id='block_1_41' title="bbox 623 4053 2169 4133">
    <p class='ocr_par' dir='ltr' id='par_1_41' title="bbox 623 4053 2169 4133">
     <span class='ocr_line' id='line_1_41' title="bbox 623 4053 2169 4133; baseline -0.007 -17"><span class='ocrx_word' id='word_1_300' title='bbox 623 4076 879 4133; x_wconf 85' lang='lat' dir='ltr'><strong>tanquam</strong></span> <span class='ocrx_word' id='word_1_301' title='bbox 914 4063 1038 4117; x_wconf 88' lang='lat' dir='ltr'><strong>folia</strong></span> <span class='ocrx_word' id='word_1_302' title='bbox 1087 4063 1152 4115; x_wconf 90' lang='lat' dir='ltr'><strong>de</strong></span> <span class='ocrx_word' id='word_1_303' title='bbox 1179 4062 1284 4114; x_wconf 86' lang='lat' dir='ltr'><strong>vite</strong></span> <span class='ocrx_word' id='word_1_304' title='bbox 1309 4098 1326 4122; x_wconf 87' lang='lat'><strong>,</strong></span> <span class='ocrx_word' id='word_1_305' title='bbox 1360 4071 1408 4113; x_wconf 88' lang='lat' dir='ltr'><strong>et</strong></span> <span class='ocrx_word' id='word_1_306' title='bbox 1447 4060 1582 4112; x_wconf 86' lang='lat' dir='ltr'><strong>sicut</strong></span> <span class='ocrx_word' id='word_1_307' title='bbox 1607 4059 1806 4112; x_wconf 90' lang='lat' dir='ltr'><strong>cadunt</strong></span> <span class='ocrx_word' id='word_1_308' title='bbox 1839 4054 1963 4107; x_wconf 77' lang='lat' dir='ltr'><strong>folia</strong></span> <span class='ocrx_word' id='word_1_309' title='bbox 1999 4053 2064 4107; x_wconf 90' lang='lat' dir='ltr'><strong>de</strong></span> <span class='ocrx_word' id='word_1_310' title='bbox 2101 4053 2169 4105; x_wconf 83' lang='lat' dir='ltr'><strong>fi-</strong></span> 
     </span>
    </p>
   </div>
   <div class='ocr_carea' id='block_1_42' title="bbox 620 4148 2170 4218">
    <p class='ocr_par' dir='ltr' id='par_1_42' title="bbox 620 4148 2170 4218">
     <span class='ocr_line' id='line_1_42' title="bbox 620 4148 2170 4218; baseline -0.01 -7"><span class='ocrx_word' id='word_1_311' title='bbox 620 4174 706 4211; x_wconf 87' lang='lat' dir='ltr'><strong>cu.</strong></span> <span class='ocrx_word' id='word_1_312' title='bbox 739 4175 758 4209; x_wconf 81' lang='grc'><strong>›</strong></span> <span class='ocrx_word' id='word_1_313' title='bbox 794 4155 1041 4208; x_wconf 84' lang='lat' dir='ltr'><strong>Salvator</strong></span> <span class='ocrx_word' id='word_1_314' title='bbox 1073 4154 1197 4206; x_wconf 90' lang='lat' dir='ltr'><strong>item</strong></span> <span class='ocrx_word' id='word_1_315' title='bbox 1235 4153 1286 4204; x_wconf 93' lang='lat' dir='ltr'><strong>iu</strong></span> <span class='ocrx_word' id='word_1_316' title='bbox 1321 4149 1620 4218; x_wconf 77' lang='lat' dir='ltr'><strong>Evangeliis</strong></span> <span class='ocrx_word' id='word_1_317' title='bbox 1651 4149 1764 4201; x_wconf 67' lang='lat' dir='ltr'><strong>haec</strong></span> <span class='ocrx_word' id='word_1_318' title='bbox 1807 4148 1873 4200; x_wconf 90' lang='lat' dir='ltr'><strong>de</strong></span> <span class='ocrx_word' id='word_1_319' title='bbox 1915 4161 2170 4198; x_wconf 85' lang='lat' dir='ltr'><strong>consum-</strong></span> 
     </span>
    </p>
   </div>
   <div class='ocr_carea' id='block_1_43' title="bbox 618 4235 2170 4303">
    <p class='ocr_par' dir='ltr' id='par_1_43' title="bbox 618 4235 2170 4303">
     <span class='ocr_line' id='line_1_43' title="bbox 618 4235 2170 4303; baseline -0.01 -1"><span class='ocrx_word' id='word_1_320' title='bbox 618 4249 852 4303; x_wconf 90' lang='lat' dir='ltr'><strong>matione</strong></span> <span class='ocrx_word' id='word_1_321' title='bbox 891 4245 1150 4298; x_wconf 87' lang='lat' dir='ltr'><strong>tradidit:</strong></span> <span class='ocrx_word' id='word_1_322' title='bbox 1186 4261 1202 4291; x_wconf 76' lang='grc' dir='ltr'><strong>ι</strong></span> <span class='ocrx_word' id='word_1_323' title='bbox 1241 4241 1304 4294; x_wconf 78' lang='lat' dir='ltr'><strong>Et</strong></span> <span class='ocrx_word' id='word_1_324' title='bbox 1347 4239 1512 4294; x_wconf 75' lang='lat' dir='ltr'><strong>stella:</strong></span> <span class='ocrx_word' id='word_1_325' title='bbox 1553 4238 1745 4292; x_wconf 89' lang='lat' dir='ltr'><strong>cadent</strong></span> <span class='ocrx_word' id='word_1_326' title='bbox 1780 4237 1844 4290; x_wconf 86' lang='lat' dir='ltr'><strong>de</strong></span> <span class='ocrx_word' id='word_1_327' title='bbox 1892 4235 2066 4299; x_wconf 71' lang='lat' dir='ltr'><strong>ccelo,</strong></span> <span class='ocrx_word' id='word_1_328' title='bbox 2116 4242 2170 4286; x_wconf 85' lang='lat' dir='ltr'><strong>et</strong></span> 
     </span>
    </p>
   </div>
   <div class='ocr_carea' id='block_1_44' title="bbox 614 4332 2171 4394">
    <p class='ocr_par' dir='ltr' id='par_1_44' title="bbox 614 4332 2171 4394">
     <span class='ocr_line' id='line_1_44' title="bbox 614 4332 2171 4394; baseline -0.011 -2"><span class='ocrx_word' id='word_1_329' title='bbox 614 4342 839 4394; x_wconf 85' lang='lat' dir='ltr'><strong>virtutes</strong></span> <span class='ocrx_word' id='word_1_330' title='bbox 868 4336 1126 4392; x_wconf 71' lang='lat' dir='ltr'><strong>cmlorum</strong></span> <span class='ocrx_word' id='word_1_331' title='bbox 1173 4332 1670 4390; x_wconf 88' lang='lat' dir='ltr'><strong>commovebuntur,</strong></span> <span class='ocrx_word' id='word_1_332' title='bbox 1724 4335 1779 4381; x_wconf 86' lang='lat' dir='ltr'><strong>et</strong></span> <span class='ocrx_word' id='word_1_333' title='bbox 1825 4335 1950 4380; x_wconf 91' lang='lat' dir='ltr'><strong>tunc</strong></span> <span class='ocrx_word' id='word_1_334' title='bbox 2011 4340 2171 4394; x_wconf 88' lang='lat' dir='ltr'><strong>appa-</strong></span> 
     </span>
    </p>
   </div>
   <div class='ocr_carea' id='block_1_45' title="bbox 615 4416 2167 4499">
    <p class='ocr_par' dir='ltr' id='par_1_45' title="bbox 615 4416 2167 4499">
     <span class='ocr_line' id='line_1_45' title="bbox 615 4416 2167 4499; baseline -0.011 -14"><span class='ocrx_word' id='word_1_335' title='bbox 615 4432 979 4499; x_wconf 80' lang='lat' dir='ltr'><strong>rebitsignum</strong></span> <span class='ocrx_word' id='word_1_336' title='bbox 1017 4426 1106 4479; x_wconf 86' lang='lat' dir='ltr'><strong>lilii</strong></span> <span class='ocrx_word' id='word_1_337' title='bbox 1139 4423 1372 4478; x_wconf 89' lang='lat' dir='ltr'><strong>hominis</strong></span> <span class='ocrx_word' id='word_1_338' title='bbox 1393 4422 1444 4474; x_wconf 92' lang='lat' dir='ltr'><strong>iu</strong></span> <span class='ocrx_word' id='word_1_339' title='bbox 1474 4419 1613 4473; x_wconf 73' lang='lat' dir='ltr'><strong>cmlo</strong></span> <span class='ocrx_word' id='word_1_340' title='bbox 1642 4419 1688 4449; x_wconf 74' lang='lat'><strong>&quot;</strong></span> <span class='ocrx_word' id='word_1_341' title='bbox 1747 4435 1764 4467; x_wconf 75' lang='grc' dir='ltr'><strong>ι</strong></span> <span class='ocrx_word' id='word_1_342' title='bbox 1800 4416 1986 4484; x_wconf 76' lang='lat' dir='ltr'><strong>Aquila</strong></span> <span class='ocrx_word' id='word_1_343' title='bbox 2018 4429 2167 4480; x_wconf 84' lang='lat' dir='ltr'><strong>vero,</strong></span> 
     </span>
    </p>
   </div>
   <div class='ocr_carea' id='block_1_46' title="bbox 1307 355 2254 414">
    <p class='ocr_par' dir='ltr' id='par_1_46' title="bbox 1307 355 2254 414">
     <span class='ocr_line' id='line_1_46' title="bbox 1307 355 2254 414; baseline 0.001 -4"><span class='ocrx_word' id='word_1_344' title='bbox 1307 359 1391 414; x_wconf 70' lang='grc' dir='ltr'>Ευ</span> <span class='ocrx_word' id='word_1_345' title='bbox 1405 356 1571 413; x_wconf 77' lang='lat' dir='ltr'><strong>SEBH</strong></span> <span class='ocrx_word' id='word_1_346' title='bbox 1599 355 2069 412; x_wconf 66' lang='lat' dir='ltr'><strong>CASSARIENSIS</strong></span> <span class='ocrx_word' id='word_1_347' title='bbox 2108 355 2254 412; x_wconf 81' lang='lat' dir='ltr'><strong>Ol’l’.</strong></span> 
     </span>
    </p>
   </div>
   <div class='ocr_carea' id='block_1_47' title="bbox 3767 354 3875 409">
    <p class='ocr_par' dir='ltr' id='par_1_47' title="bbox 3767 354 3875 409">
     <span class='ocr_line' id='line_1_47' title="bbox 3767 354 3875 409; baseline 0.009 -2"><span class='ocrx_word' id='word_1_348' title='bbox 3767 354 3875 409; x_wconf 67' lang='lat'><strong>:52</strong></span> 
     </span>
    </p>
   </div>
   <div class='ocr_carea' id='block_1_48' title="bbox 2299 353 3150 408">
    <p class='ocr_par' dir='ltr' id='par_1_48' title="bbox 2299 353 3150 408">
     <span class='ocr_line' id='line_1_48' title="bbox 2299 353 3150 408; baseline 0.001 -2"><span class='ocrx_word' id='word_1_349' title='bbox 2299 355 2471 407; x_wconf 73' lang='lat' dir='ltr'><strong>PARS</strong></span> <span class='ocrx_word' id='word_1_350' title='bbox 2511 353 2590 408; x_wconf 89' lang='lat' dir='ltr'><strong>lll.</strong></span> <span class='ocrx_word' id='word_1_351' title='bbox 2638 386 2696 393; x_wconf 56' lang='grc' dir='ltr'><strong>-μ</strong></span> <span class='ocrx_word' id='word_1_352' title='bbox 2741 353 3150 408; x_wconf 69' lang='lat' dir='ltr'><strong>EXEGETICA.</strong></span> 
     </span>
    </p>
   </div>
   <div class='ocr_carea' id='block_1_49' title="bbox 2806 467 3349 518">
    <p class='ocr_par' dir='ltr' id='par_1_49' title="bbox 2806 467 3349 518">
     <span class='ocr_line' id='line_1_49' title="bbox 2806 467 3349 518; baseline -0.004 0"><span class='ocrx_word' id='word_1_353' title='bbox 2806 471 2846 518; x_wconf 83' lang='grc' dir='ltr'>Κ</span> <span class='ocrx_word' id='word_1_354' title='bbox 2859 470 2977 518; x_wconf 71' lang='grc' dir='ltr'><strong>ΕΦΛ</strong></span> <span class='ocrx_word' id='word_1_355' title='bbox 2989 472 3024 518; x_wconf 79' lang='grc' dir='ltr'><strong>Λ</strong></span> <span class='ocrx_word' id='word_1_356' title='bbox 3034 467 3190 518; x_wconf 76' lang='grc' dir='ltr'><strong>ΑΙΟΝ</strong></span> <span class='ocrx_word' id='word_1_357' title='bbox 3253 471 3290 517; x_wconf 81' lang='grc' dir='ltr'><strong>Λ</strong></span> <span class='ocrx_word' id='word_1_358' title='bbox 3301 469 3349 516; x_wconf 74' lang='grc' dir='ltr'><strong>,ι’</strong></span> 
     </span>
    </p>
   </div>
   <div class='ocr_carea' id='block_1_50' title="bbox 2382 578 3868 649">
    <p class='ocr_par' dir='ltr' id='par_1_50' title="bbox 2382 578 3868 649">
     <span class='ocr_line' id='line_1_50' title="bbox 2382 578 3868 649; baseline 0.001 -19"><span class='ocrx_word' id='word_1_359' title='bbox 2382 620 2391 629; x_wconf 96' lang='grc'><strong>.</strong></span> <span class='ocrx_word' id='word_1_360' title='bbox 2435 580 2834 649; x_wconf 68' lang='grc' dir='ltr'>Προσαγάγετε,</span> <span class='ocrx_word' id='word_1_361' title='bbox 2892 580 3035 647; x_wconf 70' lang='grc' dir='ltr'>ἔθνη,</span> <span class='ocrx_word' id='word_1_362' title='bbox 3083 578 3172 628; x_wconf 70' lang='grc' dir='ltr'><strong>καὶ</strong></span> <span class='ocrx_word' id='word_1_363' title='bbox 3235 579 3516 639; x_wconf 80' lang='grc' dir='ltr'>ἀκούσατε,</span> <span class='ocrx_word' id='word_1_364' title='bbox 3565 579 3818 648; x_wconf 72' lang='grc' dir='ltr'>ἄρχοντι-ς</span> <span class='ocrx_word' id='word_1_365' title='bbox 3853 599 3868 608; x_wconf 91' lang='grc'><strong>·</strong></span> 
     </span>
    </p>
   </div>
   <div class='ocr_carea' id='block_1_51' title="bbox 2301 668 3871 739">
    <p class='ocr_par' dir='ltr' id='par_1_51' title="bbox 2301 668 3871 739">
     <span class='ocr_line' id='line_1_51' title="bbox 2301 668 3871 739; baseline 0.001 -19"><span class='ocrx_word' id='word_1_366' title='bbox 2301 670 2580 720; x_wconf 74' lang='grc' dir='ltr'><strong>ἀκουσάτω</strong></span> <span class='ocrx_word' id='word_1_367' title='bbox 2612 672 2642 737; x_wconf 82' lang='grc' dir='ltr'><strong>ἡ</strong></span> <span class='ocrx_word' id='word_1_368' title='bbox 2691 670 2780 737; x_wconf 84' lang='grc' dir='ltr'><strong>γῆ,</strong></span> <span class='ocrx_word' id='word_1_369' title='bbox 2819 671 2910 724; x_wconf 82' lang='grc' dir='ltr'><strong>καὶ</strong></span> <span class='ocrx_word' id='word_1_370' title='bbox 2953 672 2997 720; x_wconf 82' lang='grc' dir='ltr'>οἱ</span> <span class='ocrx_word' id='word_1_371' title='bbox 3033 671 3088 720; x_wconf 79' lang='grc' dir='ltr'>ὲν</span> <span class='ocrx_word' id='word_1_372' title='bbox 3126 670 3261 737; x_wconf 74' lang='grc' dir='ltr'><strong>αὑτῇ</strong></span> <span class='ocrx_word' id='word_1_373' title='bbox 3296 668 3588 732; x_wconf 73' lang='grc' dir='ltr'><strong>οἰκοῦντες,</strong></span> <span class='ocrx_word' id='word_1_374' title='bbox 3617 672 3647 739; x_wconf 79' lang='grc' dir='ltr'>ἡ</span> <span class='ocrx_word' id='word_1_375' title='bbox 3682 673 3871 722; x_wconf 74' lang='grc' dir='ltr'>οἰκον-ο</span> 
     </span>
    </p>
   </div>
   <div class='ocr_carea' id='block_1_52' title="bbox 2305 757 3870 827">
    <p class='ocr_par' dir='ltr' id='par_1_52' title="bbox 2305 757 3870 827">
     <span class='ocr_line' id='line_1_52' title="bbox 2305 757 3870 827; baseline -0.001 -17"><span class='ocrx_word' id='word_1_376' title='bbox 2305 760 2462 827; x_wconf 70' lang='grc' dir='ltr'>μένηξ</span> <span class='ocrx_word' id='word_1_377' title='bbox 2498 761 2588 811; x_wconf 80' lang='grc' dir='ltr'><strong>καὶ</strong></span> <span class='ocrx_word' id='word_1_378' title='bbox 2621 761 2648 810; x_wconf 79' lang='grc' dir='ltr'>ὁ</span> <span class='ocrx_word' id='word_1_379' title='bbox 2677 760 2798 820; x_wconf 79' lang='grc' dir='ltr'>λαὸς</span> <span class='ocrx_word' id='word_1_380' title='bbox 2847 763 2873 810; x_wconf 79' lang='grc' dir='ltr'><strong>ο</strong></span> <span class='ocrx_word' id='word_1_381' title='bbox 2935 761 2990 811; x_wconf 82' lang='grc' dir='ltr'><strong>ἐν</strong></span> <span class='ocrx_word' id='word_1_382' title='bbox 3019 760 3153 827; x_wconf 76' lang='grc' dir='ltr'>αὐτῇ</span> <span class='ocrx_word' id='word_1_383' title='bbox 3181 775 3192 787; x_wconf 80' lang='lat'><strong><em>°</em></strong></span> <span class='ocrx_word' id='word_1_384' title='bbox 3227 759 3358 810; x_wconf 77' lang='grc' dir='ltr'>διότι</span> <span class='ocrx_word' id='word_1_385' title='bbox 3397 761 3423 810; x_wconf 85' lang='grc' dir='ltr'><em>ὀ</em></span> <span class='ocrx_word' id='word_1_386' title='bbox 3462 757 3629 827; x_wconf 83' lang='grc' dir='ltr'>θυμὸς</span> <span class='ocrx_word' id='word_1_387' title='bbox 3659 759 3870 826; x_wconf 76' lang='grc' dir='ltr'>Κυρίου</span> 
     </span>
    </p>
   </div>
   <div class='ocr_carea' id='block_1_53' title="bbox 2300 849 3871 919">
    <p class='ocr_par' dir='ltr' id='par_1_53' title="bbox 2300 849 3871 919">
     <span class='ocr_line' id='line_1_53' title="bbox 2300 849 3871 919; baseline -0.002 -17"><span class='ocrx_word' id='word_1_388' title='bbox 2300 851 2392 902; x_wconf 71' lang='grc' dir='ltr'>ἐπὶ</span> <span class='ocrx_word' id='word_1_389' title='bbox 2431 851 2604 902; x_wconf 79' lang='grc' dir='ltr'>πάντα</span> <span class='ocrx_word' id='word_1_390' title='bbox 2636 851 2700 901; x_wconf 85' lang='grc' dir='ltr'>τὰ</span> <span class='ocrx_word' id='word_1_391' title='bbox 2731 849 2876 918; x_wconf 75' lang='grc' dir='ltr'>ἔθνη,</span> <span class='ocrx_word' id='word_1_392' title='bbox 2906 850 2996 901; x_wconf 72' lang='grc' dir='ltr'><strong>καὶ</strong></span> <span class='ocrx_word' id='word_1_393' title='bbox 3022 850 3155 918; x_wconf 77' lang='grc' dir='ltr'>ὀργὴ</span> <span class='ocrx_word' id='word_1_394' title='bbox 3187 850 3277 900; x_wconf 68' lang='grc' dir='ltr'>ἐπὶ</span> <span class='ocrx_word' id='word_1_395' title='bbox 3313 850 3402 901; x_wconf 75' lang='grc' dir='ltr'><strong>τὸν</strong></span> <span class='ocrx_word' id='word_1_396' title='bbox 3428 849 3656 919; x_wconf 79' lang='grc' dir='ltr'>ἀριθμὸν</span> <span class='ocrx_word' id='word_1_397' title='bbox 3685 849 3871 901; x_wconf 76' lang='grc' dir='ltr'>αὐτῶν</span> 
     </span>
    </p>
   </div>
   <div class='ocr_carea' id='block_1_54' title="bbox 2296 941 3867 1009">
    <p class='ocr_par' dir='ltr' id='par_1_54' title="bbox 2296 941 3867 1009">
     <span class='ocr_line' id='line_1_54' title="bbox 2296 941 3867 1009; baseline -0.001 -15"><span class='ocrx_word' id='word_1_398' title='bbox 2296 941 2388 994; x_wconf 73' lang='grc' dir='ltr'>τοῦ</span> <span class='ocrx_word' id='word_1_399' title='bbox 2427 942 2683 994; x_wconf 79' lang='grc' dir='ltr'><strong>ἀπολέσαι</strong></span> <span class='ocrx_word' id='word_1_400' title='bbox 2738 942 2952 1002; x_wconf 71' lang='grc' dir='ltr'>αὐτοὺς,</span> <span class='ocrx_word' id='word_1_401' title='bbox 2991 942 3082 993; x_wconf 76' lang='grc' dir='ltr'>καὶ</span> <span class='ocrx_word' id='word_1_402' title='bbox 3136 941 3466 1009; x_wconf 74' lang='grc' dir='ltr'>παραδοῦναι</span> <span class='ocrx_word' id='word_1_403' title='bbox 3514 944 3593 1004; x_wconf 84' lang='grc' dir='ltr'><strong>είς</strong></span> <span class='ocrx_word' id='word_1_404' title='bbox 3627 944 3867 1009; x_wconf 77' lang='grc' dir='ltr'>σφαγήν.</span> 
     </span>
    </p>
   </div>
   <div class='ocr_carea' id='block_1_55' title="bbox 2294 1032 3863 1102">
    <p class='ocr_par' dir='ltr' id='par_1_55' title="bbox 2294 1032 3863 1102">
     <span class='ocr_line' id='line_1_55' title="bbox 2294 1032 3863 1102; baseline -0.002 -17"><span class='ocrx_word' id='word_1_405' title='bbox 2294 1037 2352 1085; x_wconf 86' lang='grc' dir='ltr'><strong>Οἱ</strong></span> <span class='ocrx_word' id='word_1_406' title='bbox 2395 1035 2452 1087; x_wconf 81' lang='grc' dir='ltr'><strong>δὲ</strong></span> <span class='ocrx_word' id='word_1_407' title='bbox 2497 1032 2826 1102; x_wconf 81' lang='grc' dir='ltr'><strong>τραυματίαι</strong></span> <span class='ocrx_word' id='word_1_408' title='bbox 2860 1034 3036 1084; x_wconf 69' lang='grc' dir='ltr'>αὐτῶν</span> <span class='ocrx_word' id='word_1_409' title='bbox 3067 1033 3399 1102; x_wconf 72' lang='grc' dir='ltr'>ῥιφήσονται,</span> <span class='ocrx_word' id='word_1_410' title='bbox 3438 1034 3530 1085; x_wconf 80' lang='grc' dir='ltr'><strong>καὶ</strong></span> <span class='ocrx_word' id='word_1_411' title='bbox 3567 1036 3613 1084; x_wconf 80' lang='grc' dir='ltr'>οἱ</span> <span class='ocrx_word' id='word_1_412' title='bbox 3645 1032 3863 1102; x_wconf 87' lang='grc' dir='ltr'>νεκροί·</span> 
     </span>
    </p>
   </div>
   <div class='ocr_carea' id='block_1_56' title="bbox 2291 1123 3866 1193">
    <p class='ocr_par' dir='ltr' id='par_1_56' title="bbox 2291 1123 3866 1193">
     <span class='ocr_line' id='line_1_56' title="bbox 2291 1123 3866 1193; baseline -0.001 -19"><span class='ocrx_word' id='word_1_413' title='bbox 2291 1125 2382 1174; x_wconf 75' lang='grc' dir='ltr'><strong>καὶ</strong></span> <span class='ocrx_word' id='word_1_414' title='bbox 2415 1123 2739 1192; x_wconf 78' lang='grc' dir='ltr'>ἀναϐήσεται</span> <span class='ocrx_word' id='word_1_415' title='bbox 2766 1123 2942 1174; x_wconf 73' lang='grc' dir='ltr'>αὐτῶν</span> <span class='ocrx_word' id='word_1_416' title='bbox 2972 1125 3003 1192; x_wconf 77' lang='grc' dir='ltr'>ἡ</span> <span class='ocrx_word' id='word_1_417' title='bbox 3031 1124 3190 1192; x_wconf 79' lang='grc' dir='ltr'>ὀσμή.</span> <span class='ocrx_word' id='word_1_418' title='bbox 3225 1142 3244 1174; x_wconf 74' lang='grc' dir='ltr'><strong>ι</strong></span> <span class='ocrx_word' id='word_1_419' title='bbox 3275 1123 3396 1174; x_wconf 88' lang='grc' dir='ltr'>Τίσι</span> <span class='ocrx_word' id='word_1_420' title='bbox 3437 1123 3492 1174; x_wconf 79' lang='grc' dir='ltr'><strong>δὲ</strong></span> <span class='ocrx_word' id='word_1_421' title='bbox 3530 1123 3866 1193; x_wconf 78' lang='grc' dir='ltr'>παραδοῦναι</span> 
     </span>
    </p>
   </div>
   <div class='ocr_carea' id='block_1_57' title="bbox 2287 1213 3859 1285">
    <p class='ocr_par' dir='ltr' id='par_1_57' title="bbox 2287 1213 3859 1285">
     <span class='ocr_line' id='line_1_57' title="bbox 2287 1213 3859 1285; baseline 0.001 -20"><span class='ocrx_word' id='word_1_422' title='bbox 2287 1213 2482 1274; x_wconf 75' lang='grc' dir='ltr'>αὐτοὺς</span> <span class='ocrx_word' id='word_1_423' title='bbox 2511 1215 2588 1275; x_wconf 85' lang='grc' dir='ltr'><strong>είς</strong></span> <span class='ocrx_word' id='word_1_424' title='bbox 2619 1215 2851 1280; x_wconf 68' lang='grc' dir='ltr'>σφαγὴν,</span> <span class='ocrx_word' id='word_1_425' title='bbox 2909 1217 2939 1282; x_wconf 80' lang='grc' dir='ltr'><strong>ἢ</strong></span> <span class='ocrx_word' id='word_1_426' title='bbox 2969 1217 3088 1276; x_wconf 85' lang='grc' dir='ltr'>ταῖς</span> <span class='ocrx_word' id='word_1_427' title='bbox 3115 1213 3459 1276; x_wconf 84' lang='grc' dir='ltr'>κολαστικαῖς</span> <span class='ocrx_word' id='word_1_428' title='bbox 3493 1216 3586 1266; x_wconf 76' lang='grc' dir='ltr'>καὶ</span> <span class='ocrx_word' id='word_1_429' title='bbox 3608 1231 3859 1285; x_wconf 78' lang='grc' dir='ltr'>τιμωρησ-</span> 
     </span>
    </p>
   </div>
   <div class='ocr_carea' id='block_1_58' title="bbox 2287 1304 3865 1376">
    <p class='ocr_par' dir='ltr' id='par_1_58' title="bbox 2287 1304 3865 1376">
     <span class='ocr_line' id='line_1_58' title="bbox 2287 1304 3865 1376; baseline 0.001 -22"><span class='ocrx_word' id='word_1_430' title='bbox 2287 1308 2463 1367; x_wconf 85' lang='grc' dir='ltr'>τικαῖς</span> <span class='ocrx_word' id='word_1_431' title='bbox 2508 1306 2804 1374; x_wconf 81' lang='grc' dir='ltr'>δυνάμεσι;</span> <span class='ocrx_word' id='word_1_432' title='bbox 2853 1305 3068 1357; x_wconf 85' lang='grc' dir='ltr'>Τούτων</span> <span class='ocrx_word' id='word_1_433' title='bbox 3132 1305 3187 1357; x_wconf 85' lang='grc' dir='ltr'><strong>δὲ</strong></span> <span class='ocrx_word' id='word_1_434' title='bbox 3229 1306 3334 1358; x_wconf 87' lang='grc' dir='ltr'><strong>τῶν</strong></span> <span class='ocrx_word' id='word_1_435' title='bbox 3381 1304 3758 1376; x_wconf 80' lang='grc' dir='ltr'><strong>κολαζομένων</strong></span> <span class='ocrx_word' id='word_1_436' title='bbox 3812 1307 3865 1356; x_wconf 78' lang='grc' dir='ltr'><strong>οι</strong></span> 
     </span>
    </p>
   </div>
   <div class='ocr_carea' id='block_1_59' title="bbox 2295 1396 3866 1467">
    <p class='ocr_par' dir='ltr' id='par_1_59' title="bbox 2295 1396 3866 1467">
     <span class='ocr_line' id='line_1_59' title="bbox 2295 1396 3866 1467; baseline 0 -20"><span class='ocrx_word' id='word_1_437' title='bbox 2295 1396 2390 1464; x_wconf 83' lang='grc' dir='ltr'><strong>μὲν</strong></span> <span class='ocrx_word' id='word_1_438' title='bbox 2443 1397 2773 1466; x_wconf 76' lang='grc' dir='ltr'>τραυματίαι</span> <span class='ocrx_word' id='word_1_439' title='bbox 2807 1397 3039 1460; x_wconf 75' lang='grc' dir='ltr'>ἔσονται,</span> <span class='ocrx_word' id='word_1_440' title='bbox 3091 1400 3139 1448; x_wconf 90' lang='grc' dir='ltr'>οἱ</span> <span class='ocrx_word' id='word_1_441' title='bbox 3196 1397 3250 1448; x_wconf 81' lang='grc' dir='ltr'><strong>δὲ</strong></span> <span class='ocrx_word' id='word_1_442' title='bbox 3309 1398 3521 1467; x_wconf 77' lang='grc' dir='ltr'><strong>νεκροί⁸</strong></span> <span class='ocrx_word' id='word_1_443' title='bbox 3575 1399 3624 1448; x_wconf 77' lang='grc' dir='ltr'>οἱ</span> <span class='ocrx_word' id='word_1_444' title='bbox 3658 1396 3866 1466; x_wconf 81' lang='grc' dir='ltr'>δηλαδὴ</span> 
     </span>
    </p>
   </div>
   <div class='ocr_carea' id='block_1_60' title="bbox 2289 1481 3862 1557">
    <p class='ocr_par' dir='ltr' id='par_1_60' title="bbox 2289 1481 3862 1557">
     <span class='ocr_line' id='line_1_60' title="bbox 2289 1481 3862 1557; baseline 0 -21"><span class='ocrx_word' id='word_1_445' title='bbox 2289 1485 2355 1536; x_wconf 87' lang='grc' dir='ltr'><strong>τά</strong></span> <span class='ocrx_word' id='word_1_446' title='bbox 2399 1485 2534 1555; x_wconf 81' lang='grc' dir='ltr'>πρὸς</span> <span class='ocrx_word' id='word_1_447' title='bbox 2605 1485 2830 1537; x_wconf 84' lang='grc' dir='ltr'>θάνατον</span> <span class='ocrx_word' id='word_1_448' title='bbox 2884 1486 3297 1554; x_wconf 73' lang='grc' dir='ltr'><strong>ἡμαρτηκότες·</strong></span> <span class='ocrx_word' id='word_1_449' title='bbox 3365 1481 3441 1538; x_wconf 76' lang='grc' dir='ltr'>ὧν</span> <span class='ocrx_word' id='word_1_450' title='bbox 3506 1487 3563 1538; x_wconf 78' lang='grc' dir='ltr'>αἱ</span> <span class='ocrx_word' id='word_1_451' title='bbox 3609 1485 3862 1557; x_wconf 81' lang='grc' dir='ltr'>πράξεις,</span> 
     </span>
    </p>
   </div>
   <div class='ocr_carea' id='block_1_61' title="bbox 2287 1575 3864 1644">
    <p class='ocr_par' dir='ltr' id='par_1_61' title="bbox 2287 1575 3864 1644">
     <span class='ocr_line' id='line_1_61' title="bbox 2287 1575 3864 1644; baseline 0.001 -18"><span class='ocrx_word' id='word_1_452' title='bbox 2287 1577 2344 1626; x_wconf 83' lang='grc' dir='ltr'>αἱ</span> <span class='ocrx_word' id='word_1_453' title='bbox 2390 1575 2527 1627; x_wconf 83' lang='grc' dir='ltr'><strong>κατά</strong></span> <span class='ocrx_word' id='word_1_454' title='bbox 2565 1577 2654 1627; x_wconf 74' lang='grc' dir='ltr'><strong>τὸν</strong></span> <span class='ocrx_word' id='word_1_455' title='bbox 2701 1576 2888 1642; x_wconf 74' lang='grc' dir='ltr'>θνητὸν</span> <span class='ocrx_word' id='word_1_456' title='bbox 2951 1577 3061 1644; x_wconf 78' lang='grc' dir='ltr'>βίον</span> <span class='ocrx_word' id='word_1_457' title='bbox 3117 1579 3543 1630; x_wconf 79' lang='grc' dir='ltr'>συντελεσθεῖσαι</span> <span class='ocrx_word' id='word_1_458' title='bbox 3578 1579 3716 1631; x_wconf 87' lang='grc' dir='ltr'><strong>κατά</strong></span> <span class='ocrx_word' id='word_1_459' title='bbox 3768 1577 3864 1628; x_wconf 80' lang='grc' dir='ltr'><strong>τὸν</strong></span> 
     </span>
    </p>
   </div>
   <div class='ocr_carea' id='block_1_62' title="bbox 2269 1669 3860 1740">
    <p class='ocr_par' dir='ltr' id='par_1_62' title="bbox 2269 1669 3860 1740">
     <span class='ocr_line' id='line_1_62' title="bbox 2269 1669 3860 1740; baseline 0.003 -21"><span class='ocrx_word' id='word_1_460' title='bbox 2269 1670 2407 1721; x_wconf 85' lang='grc' dir='ltr'><strong>κατά</strong></span> <span class='ocrx_word' id='word_1_461' title='bbox 2453 1669 2544 1721; x_wconf 83' lang='grc' dir='ltr'><strong>τὸν</strong></span> <span class='ocrx_word' id='word_1_462' title='bbox 2598 1670 2886 1738; x_wconf 80' lang='grc' dir='ltr'>Σύμμαχον</span> <span class='ocrx_word' id='word_1_463' title='bbox 2948 1670 3180 1738; x_wconf 74' lang='grc' dir='ltr'>εἴρηται,</span> <span class='ocrx_word' id='word_1_464' title='bbox 3238 1690 3255 1720; x_wconf 75' lang='grc' dir='ltr'><strong>ι</strong></span> <span class='ocrx_word' id='word_1_465' title='bbox 3292 1671 3400 1722; x_wconf 76' lang='grc' dir='ltr'>Καὶ</span> <span class='ocrx_word' id='word_1_466' title='bbox 3450 1671 3779 1740; x_wconf 78' lang='grc' dir='ltr'>ἀναϐήσεται</span> <span class='ocrx_word' id='word_1_467' title='bbox 3823 1673 3860 1739; x_wconf 79' lang='grc' dir='ltr'>ὴ</span> 
     </span>
    </p>
   </div>
   <div class='ocr_carea' id='block_1_63' title="bbox 2362 1874 3859 1945">
    <p class='ocr_par' dir='ltr' id='par_1_63' title="bbox 2362 1874 3859 1945">
     <span class='ocr_line' id='line_1_63' title="bbox 2362 1874 3859 1945; baseline 0.003 -21"><span class='ocrx_word' id='word_1_468' title='bbox 2362 1895 2378 1924; x_wconf 74' lang='grc' dir='ltr'><strong>ι</strong></span> <span class='ocrx_word' id='word_1_469' title='bbox 2419 1876 2526 1928; x_wconf 86' lang='lat' dir='ltr'><strong>Kal</strong></span> <span class='ocrx_word' id='word_1_470' title='bbox 2552 1874 2880 1944; x_wconf 80' lang='grc' dir='ltr'>βραχήσεται</span> <span class='ocrx_word' id='word_1_471' title='bbox 2910 1875 2974 1926; x_wconf 75' lang='grc' dir='ltr'>τὰ</span> <span class='ocrx_word' id='word_1_472' title='bbox 3004 1875 3102 1945; x_wconf 71' lang='grc' dir='ltr'><strong>ὅρη</strong></span> <span class='ocrx_word' id='word_1_473' title='bbox 3132 1876 3239 1928; x_wconf 75' lang='grc' dir='ltr'>ἀπὸ</span> <span class='ocrx_word' id='word_1_474' title='bbox 3275 1875 3368 1927; x_wconf 81' lang='grc' dir='ltr'>τοῦ</span> <span class='ocrx_word' id='word_1_475' title='bbox 3398 1876 3624 1945; x_wconf 77' lang='grc' dir='ltr'>αἵματος</span> <span class='ocrx_word' id='word_1_476' title='bbox 3652 1878 3859 1929; x_wconf 75' lang='grc' dir='ltr'>αὐτῶν.</span> 
     </span>
    </p>
   </div>
   <div class='ocr_carea' id='block_1_64' title="bbox 2285 1966 3856 2036">
    <p class='ocr_par' dir='ltr' id='par_1_64' title="bbox 2285 1966 3856 2036">
     <span class='ocr_line' id='line_1_64' title="bbox 2285 1966 3856 2036; baseline 0.001 -18"><span class='ocrx_word' id='word_1_477' title='bbox 2285 1968 2390 2018; x_wconf 80' lang='lat' dir='ltr'><strong>Kal</strong></span> <span class='ocrx_word' id='word_1_478' title='bbox 2427 1968 2752 2035; x_wconf 88' lang='grc' dir='ltr'>τακήσονται</span> <span class='ocrx_word' id='word_1_479' title='bbox 2802 1968 2971 2018; x_wconf 78' lang='grc' dir='ltr'>πᾶσαι</span> <span class='ocrx_word' id='word_1_480' title='bbox 3021 1968 3075 2018; x_wconf 82' lang='grc' dir='ltr'>αἱ</span> <span class='ocrx_word' id='word_1_481' title='bbox 3107 1966 3362 2035; x_wconf 80' lang='grc' dir='ltr'>δυνάμεις</span> <span class='ocrx_word' id='word_1_482' title='bbox 3386 1968 3489 2017; x_wconf 83' lang='grc' dir='ltr'><strong>τῶν</strong></span> <span class='ocrx_word' id='word_1_483' title='bbox 3531 1967 3793 2036; x_wconf 72' lang='grc' dir='ltr'>οὐρανῶν.</span> <span class='ocrx_word' id='word_1_484' title='bbox 3833 1987 3856 2019; x_wconf 77' lang='grc' dir='ltr'><strong>ι</strong></span> 
     </span>
    </p>
   </div>
   <div class='ocr_carea' id='block_1_65' title="bbox 2284 2033 3859 2127">
    <p class='ocr_par' dir='ltr' id='par_1_65' title="bbox 2284 2033 3859 2127">
     <span class='ocr_line' id='line_1_65' title="bbox 2284 2033 3859 2127; baseline 0.001 -19"><span class='ocrx_word' id='word_1_485' title='bbox 2284 2056 2465 2109; x_wconf 73' lang='grc' dir='ltr'>Ταῦτα</span> <span class='ocrx_word' id='word_1_486' title='bbox 2495 2058 2671 2108; x_wconf 83' lang='grc' dir='ltr'>τοίνυν</span> <span class='ocrx_word' id='word_1_487' title='bbox 2723 2057 3013 2126; x_wconf 75' lang='grc' dir='ltr'>ἐτύγχανον</span> <span class='ocrx_word' id='word_1_488' title='bbox 3046 2057 3167 2126; x_wconf 76' lang='grc' dir='ltr'>ὄρη,</span> <span class='ocrx_word' id='word_1_489' title='bbox 3217 2057 3343 2125; x_wconf 67' lang='grc' dir='ltr'>περὶ</span> <span class='ocrx_word' id='word_1_490' title='bbox 3391 2051 3467 2108; x_wconf 83' lang='grc' dir='ltr'>ὧν</span> <span class='ocrx_word' id='word_1_491' title='bbox 3517 2059 3728 2127; x_wconf 74' lang='grc' dir='ltr'>εἴρηται</span> <span class='ocrx_word' id='word_1_492' title='bbox 3763 2033 3859 2120; x_wconf 44' lang='grc' dir='ltr'><strong>τὸ,</strong></span> 
     </span>
    </p>
   </div>
   <div class='ocr_carea' id='block_1_66' title="bbox 2291 2147 3861 2219">
    <p class='ocr_par' dir='ltr' id='par_1_66' title="bbox 2291 2147 3861 2219">
     <span class='ocr_line' id='line_1_66' title="bbox 2291 2147 3861 2219; baseline 0.002 -22"><span class='ocrx_word' id='word_1_493' title='bbox 2291 2166 2308 2197; x_wconf 77' lang='grc' dir='ltr'><strong>ι</strong></span> <span class='ocrx_word' id='word_1_494' title='bbox 2348 2149 2454 2199; x_wconf 87' lang='lat' dir='ltr'><strong>Kal</strong></span> <span class='ocrx_word' id='word_1_495' title='bbox 2509 2149 2834 2217; x_wconf 83' lang='grc' dir='ltr'>τακήσονται</span> <span class='ocrx_word' id='word_1_496' title='bbox 2880 2149 2978 2218; x_wconf 83' lang='grc' dir='ltr'><strong>δρη</strong></span> <span class='ocrx_word' id='word_1_497' title='bbox 3021 2147 3126 2199; x_wconf 81' lang='grc' dir='ltr'><strong>ἀπὸ</strong></span> <span class='ocrx_word' id='word_1_498' title='bbox 3169 2147 3260 2199; x_wconf 82' lang='grc' dir='ltr'>τοῦ</span> <span class='ocrx_word' id='word_1_499' title='bbox 3294 2147 3543 2216; x_wconf 73' lang='grc' dir='ltr'>αἳματος.</span> <span class='ocrx_word' id='word_1_500' title='bbox 3576 2167 3594 2197; x_wconf 75' lang='grc' dir='ltr'><strong>ι</strong></span> <span class='ocrx_word' id='word_1_501' title='bbox 3632 2149 3699 2198; x_wconf 78' lang='grc' dir='ltr'>Δί</span> <span class='ocrx_word' id='word_1_502' title='bbox 3747 2149 3861 2219; x_wconf 80' lang='grc' dir='ltr'><strong>γὰρ</strong></span> 
     </span>
    </p>
   </div>
   <div class='ocr_carea' id='block_1_67' title="bbox 2283 2238 3860 2308">
    <p class='ocr_par' dir='ltr' id='par_1_67' title="bbox 2283 2238 3860 2308">
     <span class='ocr_line' id='line_1_67' title="bbox 2283 2238 3860 2308; baseline 0 -18"><span class='ocrx_word' id='word_1_503' title='bbox 2283 2239 2537 2308; x_wconf 76' lang='grc' dir='ltr'>δυνάμεις</span> <span class='ocrx_word' id='word_1_504' title='bbox 2566 2240 2671 2291; x_wconf 88' lang='grc' dir='ltr'><strong>τῶν</strong></span> <span class='ocrx_word' id='word_1_505' title='bbox 2711 2239 2971 2308; x_wconf 78' lang='grc' dir='ltr'>οὐρανῶν,</span> <span class='ocrx_word' id='word_1_506' title='bbox 3021 2238 3121 2307; x_wconf 73' lang='grc' dir='ltr'><strong>ὅρη</strong></span> <span class='ocrx_word' id='word_1_507' title='bbox 3170 2238 3475 2306; x_wconf 87' lang='grc' dir='ltr'>νοούμεναι.</span> <span class='ocrx_word' id='word_1_508' title='bbox 3517 2238 3860 2308; x_wconf 79' lang='grc' dir='ltr'>τακὴσεσθαι</span> 
     </span>
    </p>
   </div>
   <div class='ocr_carea' id='block_1_68' title="bbox 2284 2329 3858 2400">
    <p class='ocr_par' dir='ltr' id='par_1_68' title="bbox 2284 2329 3858 2400">
     <span class='ocr_line' id='line_1_68' title="bbox 2284 2329 3858 2400; baseline -0.001 -19"><span class='ocrx_word' id='word_1_509' title='bbox 2284 2329 2546 2398; x_wconf 82' lang='grc' dir='ltr'>λέγονται,</span> <span class='ocrx_word' id='word_1_510' title='bbox 2573 2332 2646 2393; x_wconf 79' lang='grc' dir='ltr'>ὡς</span> <span class='ocrx_word' id='word_1_511' title='bbox 2678 2332 2845 2383; x_wconf 78' lang='grc' dir='ltr'>αἰτίαι</span> <span class='ocrx_word' id='word_1_512' title='bbox 2896 2329 3178 2398; x_wconf 76' lang='grc' dir='ltr'>γενόμεναι</span> <span class='ocrx_word' id='word_1_513' title='bbox 3217 2329 3489 2388; x_wconf 79' lang='grc' dir='ltr'><strong>ἀπωλείας</strong></span> <span class='ocrx_word' id='word_1_514' title='bbox 3545 2329 3652 2381; x_wconf 84' lang='grc' dir='ltr'><strong>τῶν</strong></span> <span class='ocrx_word' id='word_1_515' title='bbox 3703 2332 3858 2400; x_wconf 79' lang='grc' dir='ltr'>εἰρη-</span> 
     </span>
    </p>
   </div>
   <div class='ocr_carea' id='block_1_69' title="bbox 2287 2416 3860 2493">
    <p class='ocr_par' dir='ltr' id='par_1_69' title="bbox 2287 2416 3860 2493">
     <span class='ocr_line' id='line_1_69' title="bbox 2287 2416 3860 2493; baseline 0.002 -21"><span class='ocrx_word' id='word_1_516' title='bbox 2287 2420 2480 2487; x_wconf 82' lang='grc' dir='ltr'>μένων.</span> <span class='ocrx_word' id='word_1_517' title='bbox 2515 2421 2667 2482; x_wconf 86' lang='grc' dir='ltr'>Τίνες</span> <span class='ocrx_word' id='word_1_518' title='bbox 2692 2421 2735 2472; x_wconf 86' lang='grc' dir='ltr'><strong>δ’</strong></span> <span class='ocrx_word' id='word_1_519' title='bbox 2765 2422 2831 2473; x_wconf 86' lang='grc' dir='ltr'><strong>ἂν</strong></span> <span class='ocrx_word' id='word_1_520' title='bbox 2865 2417 2970 2473; x_wconf 83' lang='grc' dir='ltr'>εἶεν</span> <span class='ocrx_word' id='word_1_521' title='bbox 3021 2416 3199 2483; x_wconf 76' lang='grc' dir='ltr'>αὗται,</span> <span class='ocrx_word' id='word_1_522' title='bbox 3255 2423 3288 2492; x_wconf 82' lang='grc' dir='ltr'>ἢ</span> <span class='ocrx_word' id='word_1_523' title='bbox 3331 2424 3455 2493; x_wconf 76' lang='grc' dir='ltr'>περὶ</span> <span class='ocrx_word' id='word_1_524' title='bbox 3499 2416 3574 2474; x_wconf 79' lang='grc' dir='ltr'>ὧν</span> <span class='ocrx_word' id='word_1_525' title='bbox 3613 2439 3782 2492; x_wconf 80' lang='grc' dir='ltr'>φησιν</span> <span class='ocrx_word' id='word_1_526' title='bbox 3823 2421 3860 2475; x_wconf 81' lang='grc' dir='ltr'><strong>ὀ</strong></span> 
     </span>
    </p>
   </div>
   <div class='ocr_carea' id='block_1_70' title="bbox 2298 2509 3858 2582">
    <p class='ocr_par' dir='ltr' id='par_1_70' title="bbox 2298 2509 3858 2582">
     <span class='ocr_line' id='line_1_70' title="bbox 2298 2509 3858 2582; baseline 0.003 -21"><span class='ocrx_word' id='word_1_527' title='bbox 2298 2509 2614 2572; x_wconf 84' lang='grc' dir='ltr'>Ἀπόστολος</span> <span class='ocrx_word' id='word_1_528' title='bbox 2633 2550 2647 2573; x_wconf 88' lang='grc'><strong>,</strong></span> <span class='ocrx_word' id='word_1_529' title='bbox 2688 2529 2704 2561; x_wconf 79' lang='grc' dir='ltr'><strong>ι</strong></span> <span class='ocrx_word' id='word_1_530' title='bbox 2749 2512 2862 2563; x_wconf 78' lang='grc' dir='ltr'>Οὐκ</span> <span class='ocrx_word' id='word_1_531' title='bbox 2885 2511 3029 2562; x_wconf 80' lang='grc' dir='ltr'>ἔστιν</span> <span class='ocrx_word' id='word_1_532' title='bbox 3051 2514 3179 2581; x_wconf 76' lang='grc' dir='ltr'>ἡμῖν</span> <span class='ocrx_word' id='word_1_533' title='bbox 3204 2513 3236 2581; x_wconf 82' lang='grc' dir='ltr'>ἡ</span> <span class='ocrx_word' id='word_1_534' title='bbox 3265 2512 3410 2580; x_wconf 83' lang='grc' dir='ltr'>πάλη</span> <span class='ocrx_word' id='word_1_535' title='bbox 3428 2513 3562 2582; x_wconf 73' lang='grc' dir='ltr'>πρὸς</span> <span class='ocrx_word' id='word_1_536' title='bbox 3594 2509 3728 2582; x_wconf 70' lang='grc' dir='ltr'>αἷμα</span> <span class='ocrx_word' id='word_1_537' title='bbox 3759 2514 3858 2565; x_wconf 82' lang='grc' dir='ltr'>καὶ</span> 
     </span>
    </p>
   </div>
   <div class='ocr_carea' id='block_1_71' title="bbox 2287 2599 3852 2673">
    <p class='ocr_par' dir='ltr' id='par_1_71' title="bbox 2287 2599 3852 2673">
     <span class='ocr_line' id='line_1_71' title="bbox 2287 2599 3852 2673; baseline 0.003 -22"><span class='ocrx_word' id='word_1_538' title='bbox 2287 2601 2492 2669; x_wconf 75' lang='grc' dir='ltr'>σάρκαο</span> <span class='ocrx_word' id='word_1_539' title='bbox 2545 2600 2678 2653; x_wconf 84' lang='grc' dir='ltr'><strong>ἀλλά</strong></span> <span class='ocrx_word' id='word_1_540' title='bbox 2713 2599 2848 2670; x_wconf 68' lang='grc' dir='ltr'>πρὸς</span> <span class='ocrx_word' id='word_1_541' title='bbox 2893 2602 2991 2663; x_wconf 87' lang='grc' dir='ltr'>τὰς</span> <span class='ocrx_word' id='word_1_542' title='bbox 3019 2601 3214 2672; x_wconf 83' lang='grc' dir='ltr'>ἀρχὰς,</span> <span class='ocrx_word' id='word_1_543' title='bbox 3263 2603 3399 2673; x_wconf 82' lang='grc' dir='ltr'>πρὸς</span> <span class='ocrx_word' id='word_1_544' title='bbox 3446 2603 3541 2666; x_wconf 81' lang='grc' dir='ltr'>τὰς</span> <span class='ocrx_word' id='word_1_545' title='bbox 3579 2603 3852 2670; x_wconf 52' lang='grc' dir='ltr'>ἑξοιηιιίας,</span> 
     </span>
    </p>
   </div>
   <div class='ocr_carea' id='block_1_72' title="bbox 2282 2693 3850 2764">
    <p class='ocr_par' dir='ltr' id='par_1_72' title="bbox 2282 2693 3850 2764">
     <span class='ocr_line' id='line_1_72' title="bbox 2282 2693 3850 2764; baseline 0.002 -20"><span class='ocrx_word' id='word_1_546' title='bbox 2282 2693 2415 2761; x_wconf 75' lang='grc' dir='ltr'>πρὸς</span> <span class='ocrx_word' id='word_1_547' title='bbox 2486 2694 2610 2755; x_wconf 73' lang='grc' dir='ltr'>τοὺς</span> <span class='ocrx_word' id='word_1_548' title='bbox 2683 2695 3128 2764; x_wconf 71' lang='grc' dir='ltr'>κοσμοκράτορας</span> <span class='ocrx_word' id='word_1_549' title='bbox 3193 2695 3288 2746; x_wconf 78' lang='grc' dir='ltr'>τοῦ</span> <span class='ocrx_word' id='word_1_550' title='bbox 3349 2695 3555 2764; x_wconf 76' lang='grc' dir='ltr'>κόσμου</span> <span class='ocrx_word' id='word_1_551' title='bbox 3629 2697 3850 2757; x_wconf 66' lang='grc' dir='ltr'>τούτου,</span> 
     </span>
    </p>
   </div>
   <div class='ocr_carea' id='block_1_73' title="bbox 2283 2783 3855 2856">
    <p class='ocr_par' dir='ltr' id='par_1_73' title="bbox 2283 2783 3855 2856">
     <span class='ocr_line' id='line_1_73' title="bbox 2283 2783 3855 2856; baseline 0.001 -21"><span class='ocrx_word' id='word_1_552' title='bbox 2283 2784 2417 2853; x_wconf 84' lang='grc' dir='ltr'>πρὸς</span> <span class='ocrx_word' id='word_1_553' title='bbox 2466 2783 2533 2835; x_wconf 82' lang='grc' dir='ltr'>τὰ</span> <span class='ocrx_word' id='word_1_554' title='bbox 2582 2786 2923 2853; x_wconf 78' lang='grc' dir='ltr'>πνευματικὰ</span> <span class='ocrx_word' id='word_1_555' title='bbox 2954 2785 3053 2854; x_wconf 79' lang='grc' dir='ltr'><strong>τῆς</strong></span> <span class='ocrx_word' id='word_1_556' title='bbox 3086 2787 3348 2854; x_wconf 77' lang='grc' dir='ltr'>πονηρίας</span> <span class='ocrx_word' id='word_1_557' title='bbox 3376 2788 3432 2837; x_wconf 82' lang='grc' dir='ltr'>ὲν</span> <span class='ocrx_word' id='word_1_558' title='bbox 3473 2789 3587 2848; x_wconf 90' lang='grc' dir='ltr'>τοῖς</span> <span class='ocrx_word' id='word_1_559' title='bbox 3619 2787 3855 2856; x_wconf 70' lang='grc' dir='ltr'>ἐπουρα-</span> 
     </span>
    </p>
   </div>
   <div class='ocr_carea' id='block_1_74' title="bbox 2284 2871 3852 2946">
    <p class='ocr_par' dir='ltr' id='par_1_74' title="bbox 2284 2871 3852 2946">
     <span class='ocr_line' id='line_1_74' title="bbox 2284 2871 3852 2946; baseline 0 -20"><span class='ocrx_word' id='word_1_560' title='bbox 2284 2874 2432 2936; x_wconf 86' lang='grc' dir='ltr'>νίοις.</span> <span class='ocrx_word' id='word_1_561' title='bbox 2472 2893 2490 2926; x_wconf 76' lang='grc' dir='ltr'><strong>ι</strong></span> <span class='ocrx_word' id='word_1_562' title='bbox 2528 2871 2694 2928; x_wconf 69' lang='lat' dir='ltr'><strong>Abt-at</strong></span> <span class='ocrx_word' id='word_1_563' title='bbox 2727 2875 2835 2946; x_wconf 86' lang='grc' dir='ltr'><strong>γὰρ</strong></span> <span class='ocrx_word' id='word_1_564' title='bbox 2862 2875 2917 2928; x_wconf 87' lang='grc' dir='ltr'>αἱ</span> <span class='ocrx_word' id='word_1_565' title='bbox 2943 2873 3220 2945; x_wconf 82' lang='grc' dir='ltr'>δυνάμεις,</span> <span class='ocrx_word' id='word_1_566' title='bbox 3245 2877 3299 2928; x_wconf 86' lang='grc' dir='ltr'>αἳ</span> <span class='ocrx_word' id='word_1_567' title='bbox 3341 2876 3433 2928; x_wconf 81' lang='grc' dir='ltr'><strong>τὸν</strong></span> <span class='ocrx_word' id='word_1_568' title='bbox 3462 2877 3642 2946; x_wconf 83' lang='grc' dir='ltr'>ἀέριον</span> <span class='ocrx_word' id='word_1_569' title='bbox 3671 2877 3852 2946; x_wconf 81' lang='grc' dir='ltr'>χῶρον</span> 
     </span>
    </p>
   </div>
   <div class='ocr_carea' id='block_1_75' title="bbox 2282 2964 3854 3039">
    <p class='ocr_par' dir='ltr' id='par_1_75' title="bbox 2282 2964 3854 3039">
     <span class='ocr_line' id='line_1_75' title="bbox 2282 2964 3854 3039; baseline 0.003 -23"><span class='ocrx_word' id='word_1_570' title='bbox 2282 2964 2707 3034; x_wconf 82' lang='grc' dir='ltr'>διακατέχονται,</span> <span class='ocrx_word' id='word_1_571' title='bbox 2742 2967 2997 3036; x_wconf 85' lang='grc' dir='ltr'>δυνάμεις</span> <span class='ocrx_word' id='word_1_572' title='bbox 3025 2967 3266 3039; x_wconf 78' lang='grc' dir='ltr'>οὐρανῶν</span> <span class='ocrx_word' id='word_1_573' title='bbox 3300 2966 3570 3037; x_wconf 78' lang='grc' dir='ltr'>εἴρηνται·</span> <span class='ocrx_word' id='word_1_574' title='bbox 3605 2968 3725 3019; x_wconf 78' lang='grc' dir='ltr'>ἐπεὶ</span> <span class='ocrx_word' id='word_1_575' title='bbox 3757 2968 3854 3020; x_wconf 76' lang='grc' dir='ltr'><strong>καὶ</strong></span> 
     </span>
    </p>
   </div>
   <div class='ocr_carea' id='block_1_76' title="bbox 2282 3055 3852 3128">
    <p class='ocr_par' dir='ltr' id='par_1_76' title="bbox 2282 3055 3852 3128">
     <span class='ocr_line' id='line_1_76' title="bbox 2282 3055 3852 3128; baseline 0.003 -21"><span class='ocrx_word' id='word_1_576' title='bbox 2282 3055 2350 3107; x_wconf 84' lang='grc' dir='ltr'>τὰ</span> <span class='ocrx_word' id='word_1_577' title='bbox 2380 3057 2447 3108; x_wconf 87' lang='grc' dir='ltr'><strong>δι’</strong></span> <span class='ocrx_word' id='word_1_578' title='bbox 2485 3057 2643 3126; x_wconf 81' lang='grc' dir='ltr'>ἀέρος</span> <span class='ocrx_word' id='word_1_579' title='bbox 2672 3058 2944 3128; x_wconf 80' lang='grc' dir='ltr'>φερόμενα</span> <span class='ocrx_word' id='word_1_580' title='bbox 3001 3058 3220 3110; x_wconf 86' lang='grc' dir='ltr'>πετεινά</span> <span class='ocrx_word' id='word_1_581' title='bbox 3253 3057 3481 3128; x_wconf 80' lang='grc' dir='ltr'>ούρανοῦ</span> <span class='ocrx_word' id='word_1_582' title='bbox 3515 3057 3700 3110; x_wconf 87' lang='grc' dir='ltr'>καλεῖν</span> <span class='ocrx_word' id='word_1_583' title='bbox 3727 3058 3852 3111; x_wconf 84' lang='grc' dir='ltr'>εἴω-</span> 
     </span>
    </p>
   </div>
   <div class='ocr_carea' id='block_1_77' title="bbox 2282 3146 3853 3219">
    <p class='ocr_par' dir='ltr' id='par_1_77' title="bbox 2282 3146 3853 3219">
     <span class='ocr_line' id='line_1_77' title="bbox 2282 3146 3853 3219; baseline 0.003 -21"><span class='ocrx_word' id='word_1_584' title='bbox 2282 3146 2370 3200; x_wconf 88' lang='grc' dir='ltr'><strong>θεν</strong></span> <span class='ocrx_word' id='word_1_585' title='bbox 2395 3151 2427 3218; x_wconf 81' lang='grc' dir='ltr'>ἡ</span> <span class='ocrx_word' id='word_1_586' title='bbox 2456 3147 2573 3200; x_wconf 77' lang='grc' dir='ltr'>θεία</span> <span class='ocrx_word' id='word_1_587' title='bbox 2600 3148 2787 3218; x_wconf 81' lang='grc' dir='ltr'>Γραφὴ</span> <span class='ocrx_word' id='word_1_588' title='bbox 2833 3148 3062 3215; x_wconf 78' lang='grc' dir='ltr'>λέγουσα</span> <span class='ocrx_word' id='word_1_589' title='bbox 3083 3192 3096 3212; x_wconf 85' lang='grc'><strong>,</strong></span> <span class='ocrx_word' id='word_1_590' title='bbox 3135 3167 3152 3198; x_wconf 76' lang='grc' dir='ltr'><strong>ι</strong></span> <span class='ocrx_word' id='word_1_591' title='bbox 3185 3148 3263 3202; x_wconf 78' lang='grc' dir='ltr'><strong>Τὰ</strong></span> <span class='ocrx_word' id='word_1_592' title='bbox 3293 3149 3512 3201; x_wconf 85' lang='grc' dir='ltr'>πετεινά</span> <span class='ocrx_word' id='word_1_593' title='bbox 3542 3149 3636 3200; x_wconf 82' lang='grc' dir='ltr'><strong>τοῦ</strong></span> <span class='ocrx_word' id='word_1_594' title='bbox 3687 3149 3853 3219; x_wconf 81' lang='grc' dir='ltr'>ούρα-</span> 
     </span>
    </p>
   </div>
   <div class='ocr_carea' id='block_1_78' title="bbox 2277 3239 3852 3311">
    <p class='ocr_par' dir='ltr' id='par_1_78' title="bbox 2277 3239 3852 3311">
     <span class='ocr_line' id='line_1_78' title="bbox 2277 3239 3852 3311; baseline 0.003 -20"><span class='ocrx_word' id='word_1_595' title='bbox 2277 3241 2365 3291; x_wconf 75' lang='grc' dir='ltr'>νοῦ</span> <span class='ocrx_word' id='word_1_596' title='bbox 2390 3240 2480 3291; x_wconf 75' lang='grc' dir='ltr'><strong>καὶ</strong></span> <span class='ocrx_word' id='word_1_597' title='bbox 2504 3240 2627 3301; x_wconf 66' lang='grc' dir='ltr'>τοὺς</span> <span class='ocrx_word' id='word_1_598' title='bbox 2662 3239 2845 3308; x_wconf 74' lang='grc' dir='ltr'>ἰχθύας</span> <span class='ocrx_word' id='word_1_599' title='bbox 2871 3240 2969 3308; x_wconf 81' lang='grc' dir='ltr'>τῆς</span> <span class='ocrx_word' id='word_1_600' title='bbox 2998 3240 3291 3311; x_wconf 82' lang='grc' dir='ltr'>Θαλάσσης.</span> <span class='ocrx_word' id='word_1_601' title='bbox 3338 3259 3357 3291; x_wconf 74' lang='grc' dir='ltr'><strong>ι</strong></span> <span class='ocrx_word' id='word_1_602' title='bbox 3394 3241 3484 3309; x_wconf 81' lang='grc' dir='ltr'><strong>Μὴ</strong></span> <span class='ocrx_word' id='word_1_603' title='bbox 3518 3240 3770 3310; x_wconf 85' lang='grc' dir='ltr'>κείμενον</span> <span class='ocrx_word' id='word_1_604' title='bbox 3793 3242 3852 3295; x_wconf 79' lang='grc' dir='ltr'><strong>δὲ</strong></span> 
     </span>
    </p>
   </div>
   <div class='ocr_carea' id='block_1_79' title="bbox 2274 3330 3853 3402">
    <p class='ocr_par' dir='ltr' id='par_1_79' title="bbox 2274 3330 3853 3402">
     <span class='ocr_line' id='line_1_79' title="bbox 2274 3330 3853 3402; baseline -0.006 -21"><span class='ocrx_word' id='word_1_605' title='bbox 2274 3332 2332 3381; x_wconf 78' lang='grc' dir='ltr'>ὲν</span> <span class='ocrx_word' id='word_1_606' title='bbox 2361 3333 2425 3399; x_wconf 83' lang='grc' dir='ltr'>τῇ</span> <span class='ocrx_word' id='word_1_607' title='bbox 2454 3330 2562 3382; x_wconf 87' lang='grc' dir='ltr'><strong>τῶν</strong></span> <span class='ocrx_word' id='word_1_608' title='bbox 2600 3330 2997 3400; x_wconf 78' lang='grc' dir='ltr'>Ἐϐδομήκοντα</span> <span class='ocrx_word' id='word_1_609' title='bbox 3039 3332 3304 3402; x_wconf 72' lang='grc' dir='ltr'>ἑρμηνείᾳ</span> <span class='ocrx_word' id='word_1_610' title='bbox 3330 3331 3411 3393; x_wconf 80' lang='grc' dir='ltr'>τὸ,</span> <span class='ocrx_word' id='word_1_611' title='bbox 3450 3351 3468 3381; x_wconf 71' lang='grc' dir='ltr'><strong>ι</strong></span> <span class='ocrx_word' id='word_1_612' title='bbox 3524 3332 3632 3384; x_wconf 86' lang='lat' dir='ltr'><strong>Kal</strong></span> <span class='ocrx_word' id='word_1_613' title='bbox 3677 3334 3853 3402; x_wconf 75' lang='grc' dir='ltr'>τακή-</span> 
     </span>
    </p>
   </div>
   <div class='ocr_carea' id='block_1_80' title="bbox 2275 3421 3851 3493">
    <p class='ocr_par' dir='ltr' id='par_1_80' title="bbox 2275 3421 3851 3493">
     <span class='ocr_line' id='line_1_80' title="bbox 2275 3421 3851 3493; baseline 0.002 -21"><span class='ocrx_word' id='word_1_614' title='bbox 2275 3438 2453 3473; x_wconf 88' lang='grc' dir='ltr'>σονται</span> <span class='ocrx_word' id='word_1_615' title='bbox 2508 3423 2679 3474; x_wconf 79' lang='grc' dir='ltr'>πᾶσαι</span> <span class='ocrx_word' id='word_1_616' title='bbox 2743 3423 2798 3473; x_wconf 89' lang='grc' dir='ltr'>αἱ</span> <span class='ocrx_word' id='word_1_617' title='bbox 2854 3422 3109 3492; x_wconf 85' lang='grc' dir='ltr'>δυνάμεις</span> <span class='ocrx_word' id='word_1_618' title='bbox 3165 3421 3272 3474; x_wconf 87' lang='grc' dir='ltr'><strong>τῶν</strong></span> <span class='ocrx_word' id='word_1_619' title='bbox 3320 3423 3583 3493; x_wconf 77' lang='grc' dir='ltr'>οὐρανῶν,</span> <span class='ocrx_word' id='word_1_620' title='bbox 3625 3443 3645 3472; x_wconf 65' lang='grc' dir='ltr'><strong>ι</strong></span> <span class='ocrx_word' id='word_1_621' title='bbox 3707 3423 3851 3493; x_wconf 87' lang='grc' dir='ltr'><strong>μετά</strong></span> 
     </span>
    </p>
   </div>
   <div class='ocr_carea' id='block_1_81' title="bbox 2277 3513 3848 3585">
    <p class='ocr_par' dir='ltr' id='par_1_81' title="bbox 2277 3513 3848 3585">
     <span class='ocr_line' id='line_1_81' title="bbox 2277 3513 3848 3585; baseline 0.001 -20"><span class='ocrx_word' id='word_1_622' title='bbox 2277 3513 2613 3582; x_wconf 81' lang='grc' dir='ltr'>ἀστερίσκων</span> <span class='ocrx_word' id='word_1_623' title='bbox 2670 3514 2734 3565; x_wconf 81' lang='grc' dir='ltr'>ὲκ</span> <span class='ocrx_word' id='word_1_624' title='bbox 2782 3514 2880 3582; x_wconf 84' lang='grc' dir='ltr'>τῆς</span> <span class='ocrx_word' id='word_1_625' title='bbox 2918 3513 3024 3565; x_wconf 84' lang='grc' dir='ltr'><strong>τῶν</strong></span> <span class='ocrx_word' id='word_1_626' title='bbox 3068 3513 3268 3566; x_wconf 82' lang='grc' dir='ltr'>λοιπῶν</span> <span class='ocrx_word' id='word_1_627' title='bbox 3315 3515 3611 3584; x_wconf 76' lang='grc' dir='ltr'>ἑρμηνείας</span> <span class='ocrx_word' id='word_1_628' title='bbox 3674 3532 3848 3585; x_wconf 86' lang='grc' dir='ltr'>προσ-</span> 
     </span>
    </p>
   </div>
   <div class='ocr_carea' id='block_1_82' title="bbox 2281 3584 3848 3672">
    <p class='ocr_par' dir='ltr' id='par_1_82' title="bbox 2281 3584 3848 3672">
     <span class='ocr_line' id='line_1_82' title="bbox 2281 3584 3848 3672; baseline 0.001 -19"><span class='ocrx_word' id='word_1_629' title='bbox 2281 3602 2458 3672; x_wconf 86' lang='grc' dir='ltr'>ετέθη.</span> <span class='ocrx_word' id='word_1_630' title='bbox 2513 3603 2665 3654; x_wconf 82' lang='grc' dir='ltr'>Ἐπεὶ</span> <span class='ocrx_word' id='word_1_631' title='bbox 2716 3601 2773 3654; x_wconf 84' lang='grc' dir='ltr'><strong>δὲ</strong></span> <span class='ocrx_word' id='word_1_632' title='bbox 2809 3603 2974 3672; x_wconf 83' lang='grc' dir='ltr'>ἐχρῆν</span> <span class='ocrx_word' id='word_1_633' title='bbox 3029 3603 3176 3670; x_wconf 79' lang='grc' dir='ltr'>ἡμᾶς</span> <span class='ocrx_word' id='word_1_634' title='bbox 3227 3602 3428 3669; x_wconf 85' lang='grc' dir='ltr'>γνῶναι</span> <span class='ocrx_word' id='word_1_635' title='bbox 3492 3603 3619 3655; x_wconf 85' lang='grc' dir='ltr'>πότε</span> <span class='ocrx_word' id='word_1_636' title='bbox 3670 3584 3848 3656; x_wconf 69' lang='grc' dir='ltr'>ταῦτα</span> 
     </span>
    </p>
   </div>
   <div class='ocr_carea' id='block_1_83' title="bbox 2275 3691 3845 3764">
    <p class='ocr_par' dir='ltr' id='par_1_83' title="bbox 2275 3691 3845 3764">
     <span class='ocr_line' id='line_1_83' title="bbox 2275 3691 3845 3764; baseline 0.003 -21"><span class='ocrx_word' id='word_1_637' title='bbox 2275 3692 2423 3745; x_wconf 85' lang='grc' dir='ltr'>ἔσται</span> <span class='ocrx_word' id='word_1_638' title='bbox 2453 3733 2467 3753; x_wconf 93' lang='grc'><strong>,</strong></span> <span class='ocrx_word' id='word_1_639' title='bbox 2531 3694 2624 3744; x_wconf 74' lang='grc' dir='ltr'><strong>καὶ</strong></span> <span class='ocrx_word' id='word_1_640' title='bbox 2677 3692 2834 3744; x_wconf 77' lang='grc' dir='ltr'>τοῦτο</span> <span class='ocrx_word' id='word_1_641' title='bbox 2899 3691 3135 3746; x_wconf 79' lang='grc' dir='ltr'>διδάσκει</span> <span class='ocrx_word' id='word_1_642' title='bbox 3192 3696 3220 3746; x_wconf 87' lang='grc' dir='ltr'>ὁ</span> <span class='ocrx_word' id='word_1_643' title='bbox 3277 3695 3609 3764; x_wconf 76' lang='grc' dir='ltr'>προφητικὸς</span> <span class='ocrx_word' id='word_1_644' title='bbox 3666 3695 3845 3763; x_wconf 75' lang='grc' dir='ltr'>λόγος,</span> 
     </span>
    </p>
   </div>
   <div class='ocr_carea' id='block_1_84' title="bbox 2275 3784 3846 3855">
    <p class='ocr_par' dir='ltr' id='par_1_84' title="bbox 2275 3784 3846 3855">
     <span class='ocr_line' id='line_1_84' title="bbox 2275 3784 3846 3855; baseline 0.001 -19"><span class='ocrx_word' id='word_1_645' title='bbox 2275 3784 2581 3854; x_wconf 81' lang='grc' dir='ltr'>παριστὰς,</span> <span class='ocrx_word' id='word_1_646' title='bbox 2629 3785 2703 3847; x_wconf 86' lang='grc' dir='ltr'>ὼς</span> <span class='ocrx_word' id='word_1_647' title='bbox 2763 3786 2898 3854; x_wconf 85' lang='grc' dir='ltr'><strong>μετά</strong></span> <span class='ocrx_word' id='word_1_648' title='bbox 2964 3784 3061 3855; x_wconf 74' lang='grc' dir='ltr'><strong>τὴν</strong></span> <span class='ocrx_word' id='word_1_649' title='bbox 3131 3785 3438 3838; x_wconf 82' lang='grc' dir='ltr'>συντέλειαν</span> <span class='ocrx_word' id='word_1_650' title='bbox 3496 3786 3588 3838; x_wconf 81' lang='grc' dir='ltr'>τοῦ</span> <span class='ocrx_word' id='word_1_651' title='bbox 3637 3787 3846 3855; x_wconf 80' lang='grc' dir='ltr'>κόσμου</span> 
     </span>
    </p>
   </div>
   <div class='ocr_carea' id='block_1_85' title="bbox 2272 3877 3830 3949">
    <p class='ocr_par' dir='ltr' id='par_1_85' title="bbox 2272 3877 3830 3949">
     <span class='ocr_line' id='line_1_85' title="bbox 2272 3877 3830 3949; baseline 0.001 -21"><span class='ocrx_word' id='word_1_652' title='bbox 2272 3878 2457 3929; x_wconf 87' lang='grc' dir='ltr'>τούτου</span> <span class='ocrx_word' id='word_1_653' title='bbox 2511 3880 2796 3947; x_wconf 80' lang='grc' dir='ltr'>γενήσεται</span> <span class='ocrx_word' id='word_1_654' title='bbox 2838 3877 2905 3930; x_wconf 82' lang='grc' dir='ltr'>τὰ</span> <span class='ocrx_word' id='word_1_655' title='bbox 2970 3877 3350 3946; x_wconf 85' lang='grc' dir='ltr'>προλεχθέντα.</span> <span class='ocrx_word' id='word_1_656' title='bbox 3403 3879 3492 3930; x_wconf 85' lang='grc' dir='ltr'>Διὸ</span> <span class='ocrx_word' id='word_1_657' title='bbox 3542 3879 3830 3949; x_wconf 81' lang='grc' dir='ltr'>ἐπιφέρει-</span> 
     </span>
    </p>
   </div>
   <div class='ocr_carea' id='block_1_86' title="bbox 2277 3966 3844 4039">
    <p class='ocr_par' dir='ltr' id='par_1_86' title="bbox 2277 3966 3844 4039">
     <span class='ocr_line' id='line_1_86' title="bbox 2277 3966 3844 4039; baseline 0.006 -23"><span class='ocrx_word' id='word_1_658' title='bbox 2277 3985 2295 4016; x_wconf 81' lang='grc'><strong>«</strong></span> <span class='ocrx_word' id='word_1_659' title='bbox 2331 3968 2437 4020; x_wconf 82' lang='lat' dir='ltr'><strong>Kal</strong></span> <span class='ocrx_word' id='word_1_660' title='bbox 2472 3966 2801 4037; x_wconf 83' lang='grc' dir='ltr'>εἰλιγήσεται</span> <span class='ocrx_word' id='word_1_661' title='bbox 2825 3968 2900 4030; x_wconf 83' lang='grc' dir='ltr'>ὡς</span> <span class='ocrx_word' id='word_1_662' title='bbox 2925 3968 3125 4037; x_wconf 75' lang='grc' dir='ltr'>βιϐλίον</span> <span class='ocrx_word' id='word_1_663' title='bbox 3177 3971 3205 4021; x_wconf 85' lang='grc' dir='ltr'>ὁ</span> <span class='ocrx_word' id='word_1_664' title='bbox 3250 3969 3502 4039; x_wconf 74' lang='grc' dir='ltr'>οὐρανὸς,</span> <span class='ocrx_word' id='word_1_665' title='bbox 3535 3969 3628 4022; x_wconf 78' lang='grc' dir='ltr'>καὶ</span> <span class='ocrx_word' id='word_1_666' title='bbox 3663 3971 3844 4025; x_wconf 83' lang='grc' dir='ltr'>πάντα</span> 
     </span>
    </p>
   </div>
   <div class='ocr_carea' id='block_1_87' title="bbox 2271 4057 3844 4128">
    <p class='ocr_par' dir='ltr' id='par_1_87' title="bbox 2271 4057 3844 4128">
     <span class='ocr_line' id='line_1_87' title="bbox 2271 4057 3844 4128; baseline 0.003 -19"><span class='ocrx_word' id='word_1_667' title='bbox 2271 4058 2337 4110; x_wconf 81' lang='grc' dir='ltr'>τὰ</span> <span class='ocrx_word' id='word_1_668' title='bbox 2384 4057 2559 4128; x_wconf 79' lang='grc' dir='ltr'>ἄστρα</span> <span class='ocrx_word' id='word_1_669' title='bbox 2585 4061 2847 4120; x_wconf 84' lang='grc' dir='ltr'>πεσεῖται,</span> <span class='ocrx_word' id='word_1_670' title='bbox 2887 4057 2960 4120; x_wconf 81' lang='grc' dir='ltr'>ὼς</span> <span class='ocrx_word' id='word_1_671' title='bbox 2993 4059 3163 4126; x_wconf 83' lang='grc' dir='ltr'>φύλλα</span> <span class='ocrx_word' id='word_1_672' title='bbox 3192 4060 3251 4125; x_wconf 81' lang='grc' dir='ltr'>ἐξ</span> <span class='ocrx_word' id='word_1_673' title='bbox 3301 4060 3566 4127; x_wconf 84' lang='grc' dir='ltr'>ἀμπέλου,</span> <span class='ocrx_word' id='word_1_674' title='bbox 3619 4061 3713 4112; x_wconf 75' lang='grc' dir='ltr'>καὶ</span> <span class='ocrx_word' id='word_1_675' title='bbox 3765 4063 3844 4126; x_wconf 84' lang='grc' dir='ltr'>ὡς</span> 
     </span>
    </p>
   </div>
   <div class='ocr_carea' id='block_1_88' title="bbox 2271 4149 3840 4222">
    <p class='ocr_par' dir='ltr' id='par_1_88' title="bbox 2271 4149 3840 4222">
     <span class='ocr_line' id='line_1_88' title="bbox 2271 4149 3840 4222; baseline 0.004 -22"><span class='ocrx_word' id='word_1_676' title='bbox 2271 4151 2456 4201; x_wconf 85' lang='grc' dir='ltr'>πίπτει</span> <span class='ocrx_word' id='word_1_677' title='bbox 2482 4149 2652 4218; x_wconf 84' lang='grc' dir='ltr'>φύλλα</span> <span class='ocrx_word' id='word_1_678' title='bbox 2683 4149 2790 4202; x_wconf 79' lang='grc' dir='ltr'><strong>ἀπὸ</strong></span> <span class='ocrx_word' id='word_1_679' title='bbox 2817 4151 3005 4220; x_wconf 83' lang='grc' dir='ltr'>συκῆς.</span> <span class='ocrx_word' id='word_1_680' title='bbox 3051 4169 3069 4200; x_wconf 76' lang='grc' dir='ltr'><strong>ι</strong></span> <span class='ocrx_word' id='word_1_681' title='bbox 3104 4151 3214 4203; x_wconf 79' lang='grc' dir='ltr'><strong>Καὶ</strong></span> <span class='ocrx_word' id='word_1_682' title='bbox 3265 4152 3295 4202; x_wconf 83' lang='grc' dir='ltr'>ὁ</span> <span class='ocrx_word' id='word_1_683' title='bbox 3328 4151 3517 4222; x_wconf 80' lang='grc' dir='ltr'>Σωτὴρ</span> <span class='ocrx_word' id='word_1_684' title='bbox 3546 4152 3601 4205; x_wconf 81' lang='grc' dir='ltr'><em>δὲ</em></span> <span class='ocrx_word' id='word_1_685' title='bbox 3642 4155 3700 4205; x_wconf 79' lang='grc' dir='ltr'>ἐν</span> <span class='ocrx_word' id='word_1_686' title='bbox 3727 4157 3840 4219; x_wconf 82' lang='grc' dir='ltr'>τοῖς</span> 
     </span>
    </p>
   </div>
   <div class='ocr_carea' id='block_1_89' title="bbox 2271 4240 3834 4313">
    <p class='ocr_par' dir='ltr' id='par_1_89' title="bbox 2271 4240 3834 4313">
     <span class='ocr_line' id='line_1_89' title="bbox 2271 4240 3834 4313; baseline 0.003 -19"><span class='ocrx_word' id='word_1_687' title='bbox 2271 4240 2622 4309; x_wconf 80' lang='grc' dir='ltr'>Εὑαγγελίοις</span> <span class='ocrx_word' id='word_1_688' title='bbox 2670 4243 2795 4312; x_wconf 82' lang='grc' dir='ltr'>περὶ</span> <span class='ocrx_word' id='word_1_689' title='bbox 2834 4242 2933 4310; x_wconf 83' lang='grc' dir='ltr'><strong>τῆς</strong></span> <span class='ocrx_word' id='word_1_690' title='bbox 2966 4242 3270 4305; x_wconf 84' lang='grc' dir='ltr'>συντελείας</span> <span class='ocrx_word' id='word_1_691' title='bbox 3305 4243 3580 4313; x_wconf 76' lang='grc' dir='ltr'>παραδοὺς</span> <span class='ocrx_word' id='word_1_692' title='bbox 3613 4245 3800 4312; x_wconf 76' lang='grc' dir='ltr'>ἔλεγεν</span> <span class='ocrx_word' id='word_1_693' title='bbox 3821 4266 3834 4278; x_wconf 93' lang='grc'><strong>·</strong></span> 
     </span>
    </p>
   </div>
   <div class='ocr_carea' id='block_1_90' title="bbox 2277 4329 3837 4400">
    <p class='ocr_par' dir='ltr' id='par_1_90' title="bbox 2277 4329 3837 4400">
     <span class='ocr_line' id='line_1_90' title="bbox 2277 4329 3837 4400; baseline 0.003 -19"><span class='ocrx_word' id='word_1_694' title='bbox 2277 4351 2294 4381; x_wconf 71' lang='grc' dir='ltr'><strong>ι</strong></span> <span class='ocrx_word' id='word_1_695' title='bbox 2322 4332 2427 4383; x_wconf 79' lang='grc' dir='ltr'>Καὶ</span> <span class='ocrx_word' id='word_1_696' title='bbox 2454 4334 2502 4382; x_wconf 93' lang='grc' dir='ltr'>οἱ</span> <span class='ocrx_word' id='word_1_697' title='bbox 2526 4330 2751 4400; x_wconf 83' lang='grc' dir='ltr'>ἀστέρες</span> <span class='ocrx_word' id='word_1_698' title='bbox 2784 4330 3071 4383; x_wconf 79' lang='grc' dir='ltr'>πεσοῦνται</span> <span class='ocrx_word' id='word_1_699' title='bbox 3099 4331 3161 4382; x_wconf 82' lang='grc' dir='ltr'>ὲκ</span> <span class='ocrx_word' id='word_1_700' title='bbox 3205 4329 3297 4382; x_wconf 79' lang='grc' dir='ltr'>τοῦ</span> <span class='ocrx_word' id='word_1_701' title='bbox 3334 4331 3586 4400; x_wconf 80' lang='grc' dir='ltr'>ούρανοῦ,</span> <span class='ocrx_word' id='word_1_702' title='bbox 3641 4334 3734 4386; x_wconf 77' lang='grc' dir='ltr'>καὶ</span> <span class='ocrx_word' id='word_1_703' title='bbox 3779 4335 3837 4386; x_wconf 74' lang='grc' dir='ltr'>αἱ</span> 
     </span>
    </p>
   </div>
   <div class='ocr_carea' id='block_1_91' title="bbox 2269 4417 3838 4492">
    <p class='ocr_par' dir='ltr' id='par_1_91' title="bbox 2269 4417 3838 4492">
     <span class='ocr_line' id='line_1_91' title="bbox 2269 4417 3838 4492; baseline 0.002 -20"><span class='ocrx_word' id='word_1_704' title='bbox 2269 4419 2518 4489; x_wconf 82' lang='grc' dir='ltr'>δυνάμεις</span> <span class='ocrx_word' id='word_1_705' title='bbox 2541 4418 2649 4470; x_wconf 88' lang='grc' dir='ltr'><strong>τῶν</strong></span> <span class='ocrx_word' id='word_1_706' title='bbox 2670 4418 2912 4488; x_wconf 81' lang='grc' dir='ltr'>οὐρανῶν</span> <span class='ocrx_word' id='word_1_707' title='bbox 2939 4417 3378 4487; x_wconf 83' lang='grc' dir='ltr'>σαλευθήσονται,</span> <span class='ocrx_word' id='word_1_708' title='bbox 3404 4420 3495 4471; x_wconf 82' lang='grc' dir='ltr'>καὶ</span> <span class='ocrx_word' id='word_1_709' title='bbox 3522 4420 3643 4473; x_wconf 77' lang='grc' dir='ltr'>τότε</span> <span class='ocrx_word' id='word_1_710' title='bbox 3665 4424 3838 4492; x_wconf 57' lang='lat' dir='ltr'><strong>(pavr,-</strong></span> 
     </span>
    </p>
   </div>
   <div class='ocr_carea' id='block_1_92' title="bbox 621 4505 2178 4582">
    <p class='ocr_par' dir='ltr' id='par_1_92' title="bbox 621 4505 2168 4576">
     <span class='ocr_line' id='line_1_92' title="bbox 621 4505 2168 4576; baseline -0.011 0"><span class='ocrx_word' id='word_1_711' title='bbox 621 4542 640 4571; x_wconf 78' lang='grc' dir='ltr'><strong>ι</strong></span> <span class='ocrx_word' id='word_1_712' title='bbox 682 4521 937 4576; x_wconf 87' lang='lat' dir='ltr'><strong>Etomnis</strong></span> <span class='ocrx_word' id='word_1_713' title='bbox 960 4517 1227 4574; x_wconf 78' lang='lat' dir='ltr'><strong>exercitus</strong></span> <span class='ocrx_word' id='word_1_714' title='bbox 1253 4529 1438 4567; x_wconf 87' lang='lat' dir='ltr'><strong>eorum</strong></span> <span class='ocrx_word' id='word_1_715' title='bbox 1467 4510 1685 4570; x_wconf 87' lang='lat' dir='ltr'><strong>defluet,</strong></span> <span class='ocrx_word' id='word_1_716' title='bbox 1708 4510 1847 4561; x_wconf 89' lang='lat' dir='ltr'><strong>sicut</strong></span> <span class='ocrx_word' id='word_1_717' title='bbox 1872 4505 2053 4558; x_wconf 84' lang='lat' dir='ltr'><strong>defluit</strong></span> <span class='ocrx_word' id='word_1_718' title='bbox 2084 4505 2168 4559; x_wconf 87' lang='lat' dir='ltr'><strong>fo-</strong></span> 
     </span>
    </p>
   </div>
   <div class='ocr_carea' id='block_1_93' title="bbox 2279 4505 3839 4582">
    <p class='ocr_par' dir='ltr' id='par_1_93' title="bbox 2279 4506 3839 4582">
     <span class='ocr_line' id='line_1_93' title="bbox 2279 4506 3839 4582; baseline -0.004 -22"><span class='ocrx_word' id='word_1_719' title='bbox 2279 4525 2418 4562; x_wconf 87' lang='grc' dir='ltr'>σεται</span> <span class='ocrx_word' id='word_1_720' title='bbox 2451 4509 2511 4561; x_wconf 77' lang='grc' dir='ltr'><strong>τὸ</strong></span> <span class='ocrx_word' id='word_1_721' title='bbox 2547 4511 2769 4578; x_wconf 85' lang='grc' dir='ltr'>σημεῖον</span> <span class='ocrx_word' id='word_1_722' title='bbox 2789 4508 2881 4560; x_wconf 82' lang='grc' dir='ltr'>τοῦ</span> <span class='ocrx_word' id='word_1_723' title='bbox 2912 4507 3041 4559; x_wconf 79' lang='grc' dir='ltr'>Υἱοῦ</span> <span class='ocrx_word' id='word_1_724' title='bbox 3069 4507 3162 4560; x_wconf 83' lang='grc' dir='ltr'>τοῦ</span> <span class='ocrx_word' id='word_1_725' title='bbox 3186 4506 3470 4578; x_wconf 77' lang='grc' dir='ltr'>ἀνθρώπου</span> <span class='ocrx_word' id='word_1_726' title='bbox 3488 4508 3546 4559; x_wconf 81' lang='grc' dir='ltr'>ὲν</span> <span class='ocrx_word' id='word_1_727' title='bbox 3572 4509 3650 4578; x_wconf 85' lang='grc' dir='ltr'>τῷ</span> <span class='ocrx_word' id='word_1_728' title='bbox 3680 4511 3839 4582; x_wconf 81' lang='grc' dir='ltr'>οὐρα-</span> 
     </span>
    </p>
   </div>
   <div class='ocr_carea' id='block_1_94' title="bbox 615 4596 2161 4674">
    <p class='ocr_par' dir='ltr' id='par_1_94' title="bbox 615 4596 2161 4674">
     <span class='ocr_line' id='line_1_94' title="bbox 615 4596 2161 4674; baseline -0.015 -7"><span class='ocrx_word' id='word_1_729' title='bbox 615 4616 745 4667; x_wconf 86' lang='lat' dir='ltr'><strong>lium</strong></span> <span class='ocrx_word' id='word_1_730' title='bbox 773 4627 804 4666; x_wconf 85' lang='lat' dir='ltr'><strong>a</strong></span> <span class='ocrx_word' id='word_1_731' title='bbox 832 4611 964 4673; x_wconf 87' lang='lat' dir='ltr'><strong>vite,</strong></span> <span class='ocrx_word' id='word_1_732' title='bbox 994 4619 1046 4662; x_wconf 88' lang='lat' dir='ltr'><strong>et</strong></span> <span class='ocrx_word' id='word_1_733' title='bbox 1076 4617 1328 4674; x_wconf 84' lang='lat' dir='ltr'><strong>tanquam</strong></span> <span class='ocrx_word' id='word_1_734' title='bbox 1361 4602 1594 4670; x_wconf 90' lang='lat' dir='ltr'><strong>id,quod</strong></span> <span class='ocrx_word' id='word_1_735' title='bbox 1631 4599 1896 4653; x_wconf 89' lang='lat' dir='ltr'><strong>delabitur</strong></span> <span class='ocrx_word' id='word_1_736' title='bbox 1917 4613 1944 4647; x_wconf 91' lang='lat' dir='ltr'><strong>a</strong></span> <span class='ocrx_word' id='word_1_737' title='bbox 1969 4596 2070 4648; x_wconf 84' lang='lat' dir='ltr'><strong>ficu</strong></span> <span class='ocrx_word' id='word_1_738' title='bbox 2097 4611 2112 4657; x_wconf 89' lang='lat'><strong>;</strong></span> <span class='ocrx_word' id='word_1_739' title='bbox 2143 4613 2161 4645; x_wconf 72' lang='grc' dir='ltr'><strong>ι</strong></span> 
     </span>
    </p>
   </div>
   <div class='ocr_carea' id='block_1_95' title="bbox 617 4687 2166 4769">
    <p class='ocr_par' dir='ltr' id='par_1_95' title="bbox 617 4687 2166 4769">
     <span class='ocr_line' id='line_1_95' title="bbox 617 4687 2166 4769; baseline -0.012 -12"><span class='ocrx_word' id='word_1_740' title='bbox 617 4706 906 4757; x_wconf 83' lang='lat' dir='ltr'><strong>secundum</strong></span> <span class='ocrx_word' id='word_1_741' title='bbox 935 4699 1314 4769; x_wconf 87' lang='lat' dir='ltr'><strong>Symmachum</strong></span> <span class='ocrx_word' id='word_1_742' title='bbox 1363 4705 1581 4755; x_wconf 88' lang='lat' dir='ltr'><strong>autem,</strong></span> <span class='ocrx_word' id='word_1_743' title='bbox 1625 4709 1643 4739; x_wconf 77' lang='grc' dir='ltr'><strong>ι</strong></span> <span class='ocrx_word' id='word_1_744' title='bbox 1689 4691 1754 4742; x_wconf 87' lang='lat' dir='ltr'><strong>Et</strong></span> <span class='ocrx_word' id='word_1_745' title='bbox 1779 4689 1954 4741; x_wconf 90' lang='lat' dir='ltr'><strong>omnis</strong></span> <span class='ocrx_word' id='word_1_746' title='bbox 1995 4687 2166 4739; x_wconf 89' lang='lat' dir='ltr'><strong>virtus</strong></span> 
     </span>
    </p>
   </div>
   <div class='ocr_carea' id='block_1_96' title="bbox 613 4776 2162 4860">
    <p class='ocr_par' dir='ltr' id='par_1_96' title="bbox 613 4776 2162 4860">
     <span class='ocr_line' id='line_1_96' title="bbox 613 4776 2162 4860; baseline -0.012 -12"><span class='ocrx_word' id='word_1_747' title='bbox 613 4795 727 4860; x_wconf 86' lang='lat' dir='ltr'><strong>ejus</strong></span> <span class='ocrx_word' id='word_1_748' title='bbox 760 4792 934 4853; x_wconf 86' lang='lat' dir='ltr'><strong>cadet,</strong></span> <span class='ocrx_word' id='word_1_749' title='bbox 966 4791 1105 4844; x_wconf 88' lang='lat' dir='ltr'><strong>sicut</strong></span> <span class='ocrx_word' id='word_1_750' title='bbox 1125 4789 1271 4843; x_wconf 89' lang='lat' dir='ltr'><strong>cadit</strong></span> <span class='ocrx_word' id='word_1_751' title='bbox 1305 4785 1488 4839; x_wconf 84' lang='lat' dir='ltr'><strong>folium</strong></span> <span class='ocrx_word' id='word_1_752' title='bbox 1514 4799 1542 4836; x_wconf 91' lang='lat' dir='ltr'><strong>a</strong></span> <span class='ocrx_word' id='word_1_753' title='bbox 1574 4784 1680 4836; x_wconf 84' lang='lat' dir='ltr'><strong>vite</strong></span> <span class='ocrx_word' id='word_1_754' title='bbox 1709 4821 1722 4842; x_wconf 86' lang='lat'><strong>.</strong></span> <span class='ocrx_word' id='word_1_755' title='bbox 1755 4791 1809 4834; x_wconf 86' lang='lat' dir='ltr'><strong>et</strong></span> <span class='ocrx_word' id='word_1_756' title='bbox 1835 4790 2084 4847; x_wconf 89' lang='lat' dir='ltr'><strong>tanquam</strong></span> <span class='ocrx_word' id='word_1_757' title='bbox 2109 4776 2162 4830; x_wconf 92' lang='lat' dir='ltr'><strong>id</strong></span> 
     </span>
    </p>
   </div>
   <div class='ocr_carea' id='block_1_97' title="bbox 614 4871 2163 4954">
    <p class='ocr_par' dir='ltr' id='par_1_97' title="bbox 614 4871 2163 4954">
     <span class='ocr_line' id='line_1_97' title="bbox 614 4871 2163 4954; baseline -0.014 -14"><span class='ocrx_word' id='word_1_758' title='bbox 614 4886 754 4954; x_wconf 86' lang='lat' dir='ltr'><strong>quod</strong></span> <span class='ocrx_word' id='word_1_759' title='bbox 779 4883 978 4939; x_wconf 90' lang='lat' dir='ltr'><strong>decidit</strong></span> <span class='ocrx_word' id='word_1_760' title='bbox 1012 4896 1041 4934; x_wconf 87' lang='lat' dir='ltr'><strong>a</strong></span> <span class='ocrx_word' id='word_1_761' title='bbox 1075 4879 1198 4934; x_wconf 89' lang='lat' dir='ltr'><strong>ficu.</strong></span> <span class='ocrx_word' id='word_1_762' title='bbox 1243 4895 1262 4930; x_wconf 72' lang='grc' dir='ltr'><strong>ι</strong></span> <span class='ocrx_word' id='word_1_763' title='bbox 1301 4877 1422 4930; x_wconf 60' lang='lat' dir='ltr'><strong>llaec</strong></span> <span class='ocrx_word' id='word_1_764' title='bbox 1447 4889 1604 4942; x_wconf 89' lang='lat' dir='ltr'><strong>porro</strong></span> <span class='ocrx_word' id='word_1_765' title='bbox 1627 4871 2030 4927; x_wconf 87' lang='lat' dir='ltr'><strong>observavimus</strong></span> <span class='ocrx_word' id='word_1_766' title='bbox 2058 4907 2074 4932; x_wconf 93' lang='lat'><strong>,</strong></span> <span class='ocrx_word' id='word_1_767' title='bbox 2105 4876 2163 4920; x_wconf 88' lang='lat' dir='ltr'><strong>ut</strong></span> 
     </span>
    </p>
   </div>
   <div class='ocr_carea' id='block_1_98' title="bbox 614 4962 2162 5037">
    <p class='ocr_par' dir='ltr' id='par_1_98' title="bbox 614 4962 2162 5037">
     <span class='ocr_line' id='line_1_98' title="bbox 614 4962 2162 5037; baseline -0.01 -10"><span class='ocrx_word' id='word_1_768' title='bbox 614 4974 1016 5029; x_wconf 83' lang='lat' dir='ltr'><strong>ostenderemus</strong></span> <span class='ocrx_word' id='word_1_769' title='bbox 1075 4985 1158 5033; x_wconf 85' lang='lat' dir='ltr'><strong>ea,</strong></span> <span class='ocrx_word' id='word_1_770' title='bbox 1189 4983 1307 5037; x_wconf 78' lang='lat' dir='ltr'><strong>qua:</strong></span> <span class='ocrx_word' id='word_1_771' title='bbox 1339 4985 1366 5020; x_wconf 88' lang='lat' dir='ltr'><strong>a</strong></span> <span class='ocrx_word' id='word_1_772' title='bbox 1420 4965 1553 5019; x_wconf 74' lang='lat' dir='ltr'><strong>LXX</strong></span> <span class='ocrx_word' id='word_1_773' title='bbox 1601 4962 1983 5032; x_wconf 84' lang='lat' dir='ltr'><strong>lnterpretibus</strong></span> <span class='ocrx_word' id='word_1_774' title='bbox 2016 4969 2162 5013; x_wconf 84' lang='lat' dir='ltr'><strong>astra</strong></span> 
     </span>
    </p>
   </div>
   <div class='ocr_carea' id='block_1_99' title="bbox 615 5051 2161 5133">
    <p class='ocr_par' dir='ltr' id='par_1_99' title="bbox 615 5051 2161 5133">
     <span class='ocr_line' id='line_1_99' title="bbox 615 5051 2161 5133; baseline -0.01 -13"><span class='ocrx_word' id='word_1_775' title='bbox 615 5068 886 5131; x_wconf 83' lang='lat' dir='ltr'><strong>dicuntur,</strong></span> <span class='ocrx_word' id='word_1_776' title='bbox 916 5063 1051 5133; x_wconf 87' lang='lat' dir='ltr'><strong>apud</strong></span> <span class='ocrx_word' id='word_1_777' title='bbox 1085 5061 1317 5129; x_wconf 89' lang='lat' dir='ltr'><strong>reliquos</strong></span> <span class='ocrx_word' id='word_1_778' title='bbox 1364 5061 1683 5126; x_wconf 87' lang='lat' dir='ltr'><strong>interpretes</strong></span> <span class='ocrx_word' id='word_1_779' title='bbox 1735 5056 1962 5108; x_wconf 89' lang='lat' dir='ltr'><strong>virtutes</strong></span> <span class='ocrx_word' id='word_1_780' title='bbox 1995 5051 2161 5106; x_wconf 76' lang='lat' dir='ltr'><strong>ccelo-</strong></span> 
     </span>
    </p>
   </div>
   <div class='ocr_carea' id='block_1_100' title="bbox 613 5144 2162 5218">
    <p class='ocr_par' dir='ltr' id='par_1_100' title="bbox 613 5144 2162 5218">
     <span class='ocr_line' id='line_1_100' title="bbox 613 5144 2162 5218; baseline -0.009 -8"><span class='ocrx_word' id='word_1_781' title='bbox 613 5174 732 5210; x_wconf 85' lang='lat' dir='ltr'><strong>rum</strong></span> <span class='ocrx_word' id='word_1_782' title='bbox 765 5157 966 5211; x_wconf 83' lang='lat' dir='ltr'><strong>vocari.</strong></span> <span class='ocrx_word' id='word_1_783' title='bbox 1003 5155 1131 5218; x_wconf 64' lang='lat' dir='ltr'><strong>Quae</strong></span> <span class='ocrx_word' id='word_1_784' title='bbox 1163 5154 1408 5212; x_wconf 88' lang='lat' dir='ltr'><strong>virtutes,</strong></span> <span class='ocrx_word' id='word_1_785' title='bbox 1445 5150 1543 5202; x_wconf 88' lang='lat' dir='ltr'><strong>nisi</strong></span> <span class='ocrx_word' id='word_1_786' title='bbox 1581 5149 1646 5201; x_wconf 87' lang='lat' dir='ltr'><strong>de</strong></span> <span class='ocrx_word' id='word_1_787' title='bbox 1678 5147 1868 5214; x_wconf 89' lang='lat' dir='ltr'><strong>quibus</strong></span> <span class='ocrx_word' id='word_1_788' title='bbox 1900 5144 2056 5198; x_wconf 89' lang='lat' dir='ltr'><strong>modo</strong></span> <span class='ocrx_word' id='word_1_789' title='bbox 2080 5144 2162 5198; x_wconf 91' lang='lat' dir='ltr'><strong>di-</strong></span> 
     </span>
    </p>
   </div>
   <div class='ocr_carea' id='block_1_101' title="bbox 615 5236 2162 5313">
    <p class='ocr_par' dir='ltr' id='par_1_101' title="bbox 615 5236 2162 5313">
     <span class='ocr_line' id='line_1_101' title="bbox 615 5236 2162 5313; baseline -0.01 -11"><span class='ocrx_word' id='word_1_790' title='bbox 615 5264 756 5302; x_wconf 87' lang='lat' dir='ltr'><strong>cwm</strong></span> <span class='ocrx_word' id='word_1_791' title='bbox 789 5258 867 5302; x_wconf 87' lang='lat' dir='ltr'><strong>est</strong></span> <span class='ocrx_word' id='word_1_792' title='bbox 893 5247 916 5300; x_wconf 80' lang='lat'><strong>?</strong></span> <span class='ocrx_word' id='word_1_793' title='bbox 946 5245 1036 5298; x_wconf 78' lang='lat' dir='ltr'><strong>Ha:</strong></span> <span class='ocrx_word' id='word_1_794' title='bbox 1063 5245 1224 5313; x_wconf 80' lang='lat' dir='ltr'><strong>igitur</strong></span> <span class='ocrx_word' id='word_1_795' title='bbox 1257 5245 1384 5310; x_wconf 73' lang='lat' dir='ltr'><strong>ipsae</strong></span> <span class='ocrx_word' id='word_1_796' title='bbox 1411 5282 1425 5304; x_wconf 92' lang='lat'><strong>,</strong></span> <span class='ocrx_word' id='word_1_797' title='bbox 1453 5242 1592 5294; x_wconf 88' lang='lat' dir='ltr'><strong>sicut</strong></span> <span class='ocrx_word' id='word_1_798' title='bbox 1617 5238 1738 5291; x_wconf 88' lang='lat' dir='ltr'><strong>folia</strong></span> <span class='ocrx_word' id='word_1_799' title='bbox 1767 5238 1831 5291; x_wconf 90' lang='lat' dir='ltr'><strong>de</strong></span> <span class='ocrx_word' id='word_1_800' title='bbox 1860 5237 1987 5298; x_wconf 87' lang='lat' dir='ltr'><strong>vite,</strong></span> <span class='ocrx_word' id='word_1_801' title='bbox 2014 5236 2162 5302; x_wconf 85' lang='lat' dir='ltr'><strong>judi-</strong></span> 
     </span>
    </p>
   </div>
   <div class='ocr_carea' id='block_1_102' title="bbox 613 5329 2162 5406">
    <p class='ocr_par' dir='ltr' id='par_1_102' title="bbox 613 5329 2162 5406">
     <span class='ocr_line' id='line_1_102' title="bbox 613 5329 2162 5406; baseline -0.008 -15"><span class='ocrx_word' id='word_1_802' title='bbox 613 5341 680 5391; x_wconf 86' lang='lat' dir='ltr'><strong>cii</strong></span> <span class='ocrx_word' id='word_1_803' title='bbox 724 5350 962 5406; x_wconf 89' lang='lat' dir='ltr'><strong>tempore</strong></span> <span class='ocrx_word' id='word_1_804' title='bbox 976 5337 1180 5390; x_wconf 79' lang='lat' dir='ltr'><strong>cadere</strong></span> <span class='ocrx_word' id='word_1_805' title='bbox 1209 5335 1481 5393; x_wconf 79' lang='lat' dir='ltr'><strong>dicuntur,</strong></span> <span class='ocrx_word' id='word_1_806' title='bbox 1509 5345 1614 5399; x_wconf 92' lang='lat' dir='ltr'><strong>quo</strong></span> <span class='ocrx_word' id='word_1_807' title='bbox 1646 5330 1840 5384; x_wconf 65' lang='lat' dir='ltr'><strong>caelum</strong></span> <span class='ocrx_word' id='word_1_808' title='bbox 1871 5329 2162 5397; x_wconf 83' lang='lat' dir='ltr'><strong>plicabitur</strong></span> 
     </span>
    </p>
   </div>
   <div class='ocr_carea' id='block_1_103' title="bbox 614 5419 2166 5496">
    <p class='ocr_par' dir='ltr' id='par_1_103' title="bbox 614 5419 2166 5496">
     <span class='ocr_line' id='line_1_103' title="bbox 614 5419 2166 5496; baseline -0.006 -17"><span class='ocrx_word' id='word_1_809' title='bbox 614 5433 763 5496; x_wconf 72' lang='lat' dir='ltr'><strong>quasi</strong></span> <span class='ocrx_word' id='word_1_810' title='bbox 804 5430 958 5483; x_wconf 91' lang='lat' dir='ltr'><strong>liber.</strong></span> <span class='ocrx_word' id='word_1_811' title='bbox 990 5428 1089 5480; x_wconf 86' lang='lat' dir='ltr'><strong>Hic</strong></span> <span class='ocrx_word' id='word_1_812' title='bbox 1117 5439 1243 5479; x_wconf 86' lang='lat' dir='ltr'><strong>vero</strong></span> <span class='ocrx_word' id='word_1_813' title='bbox 1275 5425 1564 5478; x_wconf 86' lang='lat' dir='ltr'><strong>notandum</strong></span> <span class='ocrx_word' id='word_1_814' title='bbox 1591 5430 1700 5483; x_wconf 89' lang='lat' dir='ltr'><strong>est,</strong></span> <span class='ocrx_word' id='word_1_815' title='bbox 1737 5435 1840 5474; x_wconf 89' lang='lat' dir='ltr'><strong>non</strong></span> <span class='ocrx_word' id='word_1_816' title='bbox 1870 5419 2166 5487; x_wconf 72' lang='lat' dir='ltr'><strong>corrunptio-</strong></span> 
     </span>
    </p>
   </div>
   <div class='ocr_carea' id='block_1_104' title="bbox 620 5508 2160 5585">
    <p class='ocr_par' dir='ltr' id='par_1_104' title="bbox 620 5508 2160 5585">
     <span class='ocr_line' id='line_1_104' title="bbox 620 5508 2160 5585; baseline -0.008 -12"><span class='ocrx_word' id='word_1_817' title='bbox 620 5539 755 5585; x_wconf 81' lang='lat' dir='ltr'><strong>.iClll,</strong></span> <span class='ocrx_word' id='word_1_818' title='bbox 786 5539 888 5575; x_wconf 87' lang='lat' dir='ltr'><strong>non</strong></span> <span class='ocrx_word' id='word_1_819' title='bbox 913 5521 1129 5574; x_wconf 77' lang='lat' dir='ltr'><strong>exitium</strong></span> <span class='ocrx_word' id='word_1_820' title='bbox 1156 5559 1170 5580; x_wconf 94' lang='lat'><strong>,</strong></span> <span class='ocrx_word' id='word_1_821' title='bbox 1212 5531 1314 5569; x_wconf 90' lang='lat' dir='ltr'><strong>non</strong></span> <span class='ocrx_word' id='word_1_822' title='bbox 1345 5513 1766 5569; x_wconf 89' lang='lat' dir='ltr'><strong>destructionem</strong></span> <span class='ocrx_word' id='word_1_823' title='bbox 1790 5511 2048 5565; x_wconf 64' lang='lat' dir='ltr'><strong>caelorum</strong></span> <span class='ocrx_word' id='word_1_824' title='bbox 2077 5508 2160 5562; x_wconf 89' lang='lat' dir='ltr'><strong>his</strong></span> 
     </span>
    </p>
   </div>
   <div class='ocr_carea' id='block_1_105' title="bbox 682 5755 1776 5833">
    <p class='ocr_par' dir='ltr' id='par_1_105' title="bbox 682 5755 1776 5833">
     <span class='ocr_line' id='line_1_105' title="bbox 682 5755 1776 5833; baseline -0.013 -14"><span class='ocrx_word' id='word_1_825' title='bbox 682 5766 721 5795; x_wconf 74' lang='grc'><strong><em>⁵⁵</em></strong></span> <span class='ocrx_word' id='word_1_826' title='bbox 752 5765 942 5833; x_wconf 78' lang='lat' dir='ltr'><strong>Epltt&#39;s.</strong></span> <span class='ocrx_word' id='word_1_827' title='bbox 982 5780 1050 5827; x_wconf 88' lang='lat' dir='ltr'><strong>vt,</strong></span> <span class='ocrx_word' id='word_1_828' title='bbox 1087 5765 1163 5816; x_wconf 66' lang='lat' dir='ltr'><strong>l2.</strong></span> <span class='ocrx_word' id='word_1_829' title='bbox 1265 5766 1323 5792; x_wconf 67' lang='grc'><strong>³⁵·</strong></span> <span class='ocrx_word' id='word_1_830' title='bbox 1369 5760 1503 5812; x_wconf 77' lang='lat' dir='ltr'><strong>l&#39;sai.</strong></span> <span class='ocrx_word' id='word_1_831' title='bbox 1552 5773 1667 5818; x_wconf 86' lang='lat' dir='ltr'><strong>\lll,</strong></span> <span class='ocrx_word' id='word_1_832' title='bbox 1725 5755 1776 5806; x_wconf 66' lang='grc'>9.</span> 
     </span>
    </p>
   </div>
   <div class='ocr_carea' id='block_1_106' title="bbox 2269 4598 3835 4668">
    <p class='ocr_par' dir='ltr' id='par_1_106' title="bbox 2269 4598 3835 4668">
     <span class='ocr_line' id='line_1_106' title="bbox 2269 4598 3835 4668; baseline 0.001 -18"><span class='ocrx_word' id='word_1_833' title='bbox 2269 4599 2362 4668; x_wconf 78' lang='grc' dir='ltr'>νῷ.</span> <span class='ocrx_word' id='word_1_834' title='bbox 2397 4618 2416 4649; x_wconf 74' lang='grc' dir='ltr'><strong>ι</strong></span> <span class='ocrx_word' id='word_1_835' title='bbox 2448 4600 2505 4652; x_wconf 88' lang='lat'><strong>&#39;0</strong></span> <span class='ocrx_word' id='word_1_836' title='bbox 2540 4600 2638 4668; x_wconf 79' lang='grc' dir='ltr'><strong>μὲν</strong></span> <span class='ocrx_word' id='word_1_837' title='bbox 2682 4598 2931 4661; x_wconf 84' lang='grc' dir='ltr'>Ἀκύλας,</span> <span class='ocrx_word' id='word_1_838' title='bbox 2963 4617 2981 4648; x_wconf 75' lang='grc' dir='ltr'><strong>ι</strong></span> <span class='ocrx_word' id='word_1_839' title='bbox 3036 4599 3144 4650; x_wconf 86' lang='lat' dir='ltr'><strong>Kal</strong></span> <span class='ocrx_word' id='word_1_840' title='bbox 3191 4601 3340 4651; x_wconf 80' lang='grc' dir='ltr'>πᾶσα</span> <span class='ocrx_word' id='word_1_841' title='bbox 3385 4599 3612 4668; x_wconf 89' lang='grc' dir='ltr'>στρατιά</span> <span class='ocrx_word' id='word_1_842' title='bbox 3655 4601 3835 4654; x_wconf 81' lang='grc' dir='ltr'>αὐτῶν</span> 
     </span>
    </p>
   </div>
   <div class='ocr_carea' id='block_1_107' title="bbox 2266 4673 3834 4760">
    <p class='ocr_par' dir='ltr' id='par_1_107' title="bbox 2266 4673 3834 4760">
     <span class='ocr_line' id='line_1_107' title="bbox 2266 4673 3834 4760; baseline 0.002 -19"><span class='ocrx_word' id='word_1_843' title='bbox 2266 4689 2611 4760; x_wconf 78' lang='grc' dir='ltr'>ἀπορρεύσει,</span> <span class='ocrx_word' id='word_1_844' title='bbox 2631 4689 2704 4751; x_wconf 81' lang='grc' dir='ltr'>ὡς</span> <span class='ocrx_word' id='word_1_845' title='bbox 2732 4690 2962 4757; x_wconf 74' lang='grc' dir='ltr'>ἀπορρεῖ</span> <span class='ocrx_word' id='word_1_846' title='bbox 2994 4687 3188 4755; x_wconf 82' lang='grc' dir='ltr'>φύλλον</span> <span class='ocrx_word' id='word_1_847' title='bbox 3210 4688 3317 4740; x_wconf 85' lang='grc' dir='ltr'><strong>ἀπὸ</strong></span> <span class='ocrx_word' id='word_1_848' title='bbox 3341 4673 3606 4759; x_wconf 87' lang='grc' dir='ltr'>ἀμπέλου,</span> <span class='ocrx_word' id='word_1_849' title='bbox 3640 4693 3736 4743; x_wconf 73' lang='grc' dir='ltr'><strong>καὶ</strong></span> <span class='ocrx_word' id='word_1_850' title='bbox 3759 4691 3834 4754; x_wconf 84' lang='grc' dir='ltr'><strong>ὡς</strong></span> 
     </span>
    </p>
   </div>
   <div class='ocr_carea' id='block_1_108' title="bbox 2264 4778 3830 4852">
    <p class='ocr_par' dir='ltr' id='par_1_108' title="bbox 2264 4778 3830 4852">
     <span class='ocr_line' id='line_1_108' title="bbox 2264 4778 3830 4852; baseline 0 -20"><span class='ocrx_word' id='word_1_851' title='bbox 2264 4781 2569 4850; x_wconf 83' lang='grc' dir='ltr'>ἁπόπτωμα</span> <span class='ocrx_word' id='word_1_852' title='bbox 2621 4780 2727 4832; x_wconf 75' lang='grc' dir='ltr'>ἀπὸ</span> <span class='ocrx_word' id='word_1_853' title='bbox 2786 4779 2984 4847; x_wconf 81' lang='grc' dir='ltr'>συκῆς’</span> <span class='ocrx_word' id='word_1_854' title='bbox 3048 4798 3065 4827; x_wconf 65' lang='grc' dir='ltr'><strong>ι</strong></span> <span class='ocrx_word' id='word_1_855' title='bbox 3101 4781 3237 4831; x_wconf 88' lang='grc' dir='ltr'><strong>κατά</strong></span> <span class='ocrx_word' id='word_1_856' title='bbox 3285 4779 3336 4831; x_wconf 66' lang='grc' dir='ltr'><strong>δὲ</strong></span> <span class='ocrx_word' id='word_1_857' title='bbox 3380 4778 3472 4833; x_wconf 81' lang='grc' dir='ltr'><strong>τὸν</strong></span> <span class='ocrx_word' id='word_1_858' title='bbox 3519 4780 3830 4852; x_wconf 80' lang='grc' dir='ltr'>Σύμμαχον,</span> 
     </span>
    </p>
   </div>
   <div class='ocr_carea' id='block_1_109' title="bbox 2271 4867 3835 4937">
    <p class='ocr_par' dir='ltr' id='par_1_109' title="bbox 2271 4867 3835 4937">
     <span class='ocr_line' id='line_1_109' title="bbox 2271 4867 3835 4937; baseline 0.004 -20"><span class='ocrx_word' id='word_1_859' title='bbox 2271 4887 2288 4916; x_wconf 71' lang='grc' dir='ltr'><strong>ε</strong></span> <span class='ocrx_word' id='word_1_860' title='bbox 2326 4869 2432 4920; x_wconf 81' lang='grc' dir='ltr'>Καὶ</span> <span class='ocrx_word' id='word_1_861' title='bbox 2466 4869 2612 4920; x_wconf 82' lang='grc' dir='ltr'>πᾶσα</span> <span class='ocrx_word' id='word_1_862' title='bbox 2646 4871 2678 4937; x_wconf 85' lang='grc' dir='ltr'>ἡ</span> <span class='ocrx_word' id='word_1_863' title='bbox 2731 4867 2956 4936; x_wconf 87' lang='grc' dir='ltr'>δύναμις</span> <span class='ocrx_word' id='word_1_864' title='bbox 2988 4869 3149 4920; x_wconf 79' lang='grc' dir='ltr'>αὑτοῦ</span> <span class='ocrx_word' id='word_1_865' title='bbox 3198 4872 3460 4933; x_wconf 80' lang='grc' dir='ltr'>πεσεῖται,</span> <span class='ocrx_word' id='word_1_866' title='bbox 3514 4869 3588 4932; x_wconf 86' lang='grc' dir='ltr'>ὡς</span> <span class='ocrx_word' id='word_1_867' title='bbox 3642 4873 3835 4924; x_wconf 82' lang='grc' dir='ltr'>πιπτει-</span> 
     </span>
    </p>
   </div>
   <div class='ocr_carea' id='block_1_110' title="bbox 2267 4958 3826 5031">
    <p class='ocr_par' dir='ltr' id='par_1_110' title="bbox 2267 4958 3826 5031">
     <span class='ocr_line' id='line_1_110' title="bbox 2267 4958 3826 5031; baseline 0.003 -21"><span class='ocrx_word' id='word_1_868' title='bbox 2267 4958 2456 5026; x_wconf 81' lang='grc' dir='ltr'>φύλλον</span> <span class='ocrx_word' id='word_1_869' title='bbox 2489 4959 2597 5011; x_wconf 75' lang='grc' dir='ltr'><strong>ἀπὸ</strong></span> <span class='ocrx_word' id='word_1_870' title='bbox 2619 4959 2881 5028; x_wconf 83' lang='grc' dir='ltr'>ἀμπέλου,</span> <span class='ocrx_word' id='word_1_871' title='bbox 2917 4960 3008 5010; x_wconf 78' lang='grc' dir='ltr'>καὶ</span> <span class='ocrx_word' id='word_1_872' title='bbox 3025 4959 3099 5021; x_wconf 81' lang='grc' dir='ltr'>ὡς</span> <span class='ocrx_word' id='word_1_873' title='bbox 3127 4959 3434 5030; x_wconf 79' lang='grc' dir='ltr'>ἀπόπτωμα</span> <span class='ocrx_word' id='word_1_874' title='bbox 3459 4962 3567 5013; x_wconf 85' lang='grc' dir='ltr'><strong>ἀπὸ</strong></span> <span class='ocrx_word' id='word_1_875' title='bbox 3603 4962 3826 5031; x_wconf 76' lang='grc' dir='ltr'>συκῆς.»</span> 
     </span>
    </p>
   </div>
   <div class='ocr_carea' id='block_1_111' title="bbox 2268 5047 3832 5123">
    <p class='ocr_par' dir='ltr' id='par_1_111' title="bbox 2268 5047 3832 5123">
     <span class='ocr_line' id='line_1_111' title="bbox 2268 5047 3832 5123; baseline 0.003 -22"><span class='ocrx_word' id='word_1_876' title='bbox 2268 5050 2566 5120; x_wconf 74' lang='grc' dir='ltr'>Τετήρηται</span> <span class='ocrx_word' id='word_1_877' title='bbox 2601 5050 2656 5102; x_wconf 81' lang='grc' dir='ltr'><strong>δὲ</strong></span> <span class='ocrx_word' id='word_1_878' title='bbox 2693 5048 2862 5101; x_wconf 78' lang='grc' dir='ltr'>ταῦτα</span> <span class='ocrx_word' id='word_1_879' title='bbox 2892 5051 3038 5118; x_wconf 84' lang='grc' dir='ltr'>ἡμῖν,</span> <span class='ocrx_word' id='word_1_880' title='bbox 3073 5052 3151 5112; x_wconf 77' lang='grc' dir='ltr'><strong>εἰς</strong></span> <span class='ocrx_word' id='word_1_881' title='bbox 3181 5051 3240 5102; x_wconf 88' lang='grc' dir='ltr'><strong>τὸ</strong></span> <span class='ocrx_word' id='word_1_882' title='bbox 3261 5047 3447 5114; x_wconf 80' lang='grc' dir='ltr'>δεῖξαι,</span> <span class='ocrx_word' id='word_1_883' title='bbox 3469 5052 3551 5103; x_wconf 86' lang='grc' dir='ltr'>ὃτι</span> <span class='ocrx_word' id='word_1_884' title='bbox 3583 5053 3652 5104; x_wconf 79' lang='grc' dir='ltr'>τὰ</span> <span class='ocrx_word' id='word_1_885' title='bbox 3683 5054 3832 5123; x_wconf 80' lang='grc' dir='ltr'>παρὰ</span> 
     </span>
    </p>
   </div>
   <div class='ocr_carea' id='block_1_112' title="bbox 2264 5143 3830 5213">
    <p class='ocr_par' dir='ltr' id='par_1_112' title="bbox 2264 5143 3830 5213">
     <span class='ocr_line' id='line_1_112' title="bbox 2264 5143 3830 5213; baseline 0.003 -20"><span class='ocrx_word' id='word_1_886' title='bbox 2264 5146 2372 5204; x_wconf 83' lang='grc' dir='ltr'>τοῖς</span> <span class='ocrx_word' id='word_1_887' title='bbox 2400 5143 2794 5213; x_wconf 79' lang='grc' dir='ltr'>Ἐϐδομήκοντα</span> <span class='ocrx_word' id='word_1_888' title='bbox 2827 5143 3085 5212; x_wconf 79' lang='grc' dir='ltr'>εἰρημένα</span> <span class='ocrx_word' id='word_1_889' title='bbox 3113 5144 3285 5212; x_wconf 78' lang='grc' dir='ltr'>ἄστρα</span> <span class='ocrx_word' id='word_1_890' title='bbox 3311 5143 3461 5213; x_wconf 83' lang='grc' dir='ltr'>παρὰ</span> <span class='ocrx_word' id='word_1_891' title='bbox 3487 5147 3600 5205; x_wconf 85' lang='grc' dir='ltr'>τοῖς</span> <span class='ocrx_word' id='word_1_892' title='bbox 3629 5144 3830 5207; x_wconf 87' lang='grc' dir='ltr'>λοιποῖς</span> 
     </span>
    </p>
   </div>
   <div class='ocr_carea' id='block_1_113' title="bbox 2269 5233 3826 5303">
    <p class='ocr_par' dir='ltr' id='par_1_113' title="bbox 2269 5233 3826 5303">
     <span class='ocr_line' id='line_1_113' title="bbox 2269 5233 3826 5303; baseline 0.002 -19"><span class='ocrx_word' id='word_1_893' title='bbox 2269 5235 2625 5303; x_wconf 72' lang='grc' dir='ltr'>ὲρμηνευταρῖς</span> <span class='ocrx_word' id='word_1_894' title='bbox 2679 5233 2929 5301; x_wconf 83' lang='grc' dir='ltr'>δυνάμεις</span> <span class='ocrx_word' id='word_1_895' title='bbox 2987 5233 3080 5284; x_wconf 78' lang='grc' dir='ltr'>τοῦ</span> <span class='ocrx_word' id='word_1_896' title='bbox 3137 5233 3366 5302; x_wconf 82' lang='grc' dir='ltr'>ούρανοῦ</span> <span class='ocrx_word' id='word_1_897' title='bbox 3415 5233 3826 5302; x_wconf 80' lang='grc' dir='ltr'>ὠνομάσθησαν.</span> 
     </span>
    </p>
   </div>
   <div class='ocr_carea' id='block_1_114' title="bbox 2268 5317 3829 5392">
    <p class='ocr_par' dir='ltr' id='par_1_114' title="bbox 2268 5317 3829 5392">
     <span class='ocr_line' id='line_1_114' title="bbox 2268 5317 3829 5392; baseline 0.001 -17"><span class='ocrx_word' id='word_1_898' title='bbox 2268 5323 2420 5377; x_wconf 86' lang='grc' dir='ltr'>Ποῖαι</span> <span class='ocrx_word' id='word_1_899' title='bbox 2449 5324 2503 5376; x_wconf 81' lang='grc' dir='ltr'>δὲ</span> <span class='ocrx_word' id='word_1_900' title='bbox 2531 5323 2805 5392; x_wconf 76' lang='grc' dir='ltr'>δυνάμεις,</span> <span class='ocrx_word' id='word_1_901' title='bbox 2829 5322 2860 5392; x_wconf 76' lang='grc' dir='ltr'>ἢ</span> <span class='ocrx_word' id='word_1_902' title='bbox 2890 5324 3014 5392; x_wconf 82' lang='grc' dir='ltr'>περὶ</span> <span class='ocrx_word' id='word_1_903' title='bbox 3042 5317 3117 5374; x_wconf 81' lang='grc' dir='ltr'>ὧν</span> <span class='ocrx_word' id='word_1_904' title='bbox 3147 5323 3348 5392; x_wconf 87' lang='grc' dir='ltr'>ἀρτίως</span> <span class='ocrx_word' id='word_1_905' title='bbox 3379 5322 3622 5388; x_wconf 81' lang='grc' dir='ltr'>ὲλέγετο;</span> <span class='ocrx_word' id='word_1_906' title='bbox 3647 5323 3829 5377; x_wconf 74' lang='grc' dir='ltr'>Ταῦτα</span> 
     </span>
    </p>
   </div>
   <div class='ocr_carea' id='block_1_115' title="bbox 2261 5409 3824 5482">
    <p class='ocr_par' dir='ltr' id='par_1_115' title="bbox 2261 5409 3824 5482">
     <span class='ocr_line' id='line_1_115' title="bbox 2261 5409 3824 5482; baseline -0.003 -18"><span class='ocrx_word' id='word_1_907' title='bbox 2261 5409 2351 5464; x_wconf 75' lang='grc' dir='ltr'><strong>οὖν</strong></span> <span class='ocrx_word' id='word_1_908' title='bbox 2379 5414 2516 5464; x_wconf 81' lang='grc' dir='ltr'><strong>αὑτά</strong></span> <span class='ocrx_word' id='word_1_909' title='bbox 2559 5414 2632 5474; x_wconf 83' lang='grc' dir='ltr'>ὼς</span> <span class='ocrx_word' id='word_1_910' title='bbox 2666 5411 2836 5479; x_wconf 82' lang='grc' dir='ltr'>φύλλα</span> <span class='ocrx_word' id='word_1_911' title='bbox 2885 5411 2942 5474; x_wconf 77' lang='grc' dir='ltr'>ἐξ</span> <span class='ocrx_word' id='word_1_912' title='bbox 2993 5411 3236 5480; x_wconf 82' lang='grc' dir='ltr'>ἀμπέλου</span> <span class='ocrx_word' id='word_1_913' title='bbox 3285 5409 3566 5462; x_wconf 80' lang='grc' dir='ltr'>πεσεῖσθαι</span> <span class='ocrx_word' id='word_1_914' title='bbox 3616 5412 3824 5482; x_wconf 71' lang='grc' dir='ltr'>εἴρηται</span> 
     </span>
    </p>
   </div>
   <div class='ocr_carea' id='block_1_116' title="bbox 2262 5499 3822 5571">
    <p class='ocr_par' dir='ltr' id='par_1_116' title="bbox 2262 5499 3822 5571">
     <span class='ocr_line' id='line_1_116' title="bbox 2262 5499 3822 5571; baseline 0 -19"><span class='ocrx_word' id='word_1_915' title='bbox 2262 5502 2398 5555; x_wconf 75' lang='grc' dir='ltr'>κατὰ</span> <span class='ocrx_word' id='word_1_916' title='bbox 2435 5502 2525 5554; x_wconf 84' lang='grc' dir='ltr'><strong>τὸν</strong></span> <span class='ocrx_word' id='word_1_917' title='bbox 2561 5502 2659 5570; x_wconf 76' lang='grc' dir='ltr'>τῆς</span> <span class='ocrx_word' id='word_1_918' title='bbox 2695 5499 2922 5570; x_wconf 86' lang='grc' dir='ltr'>κρίσεως</span> <span class='ocrx_word' id='word_1_919' title='bbox 2957 5501 3166 5569; x_wconf 76' lang='grc' dir='ltr'>καιρὸν,</span> <span class='ocrx_word' id='word_1_920' title='bbox 3219 5499 3339 5553; x_wconf 79' lang='grc' dir='ltr'>καθ’</span> <span class='ocrx_word' id='word_1_921' title='bbox 3382 5499 3440 5552; x_wconf 89' lang='grc' dir='ltr'>ὃν</span> <span class='ocrx_word' id='word_1_922' title='bbox 3495 5500 3822 5571; x_wconf 72' lang='grc' dir='ltr'>εἰλιγήσεται</span> 
     </span>
    </p>
   </div>
   <div class='ocr_carea' id='block_1_117' title="bbox 1859 5747 2474 5812">
    <p class='ocr_par' dir='ltr' id='par_1_117' title="bbox 1859 5747 2474 5812">
     <span class='ocr_line' id='line_1_117' title="bbox 1859 5747 2474 5812; baseline -0.011 -5"><span class='ocrx_word' id='word_1_923' title='bbox 1859 5756 1901 5783; x_wconf 68' lang='grc'><strong>⁵³</strong></span> <span class='ocrx_word' id='word_1_924' title='bbox 1954 5754 2132 5806; x_wconf 74' lang='lat' dir='ltr'><strong>)ialth.</strong></span> <span class='ocrx_word' id='word_1_925' title='bbox 2189 5764 2336 5812; x_wconf 62' lang='lat' dir='ltr'><strong>“tv,</strong></span> <span class='ocrx_word' id='word_1_926' title='bbox 2389 5747 2474 5800; x_wconf 64' lang='lat'><strong>‘29.</strong></span> 
     </span>
    </p>
   </div>
  </div>
