4058 6428
245 423 349 474 335

1159 416 1663 476 ὉΟΜΜΕΝΙᾺῘΠΑ
1700 414 1770 470 1Ν
1806 414 2066 468 'ISAIAM.
2109 446 2179 455 ——
2209 414 2365 469 CAP.
2408 413 2648 470 XXXIV.

3393 414 3498 469 554

245 542 469 611 οὐρανὸς
508 543 584 604 ὡς
618 542 837 610 βιϐλίον.
881 542 1235 612 Ἐπιτηρῆσαι
1282 541 1338 592 δὲ
1373 540 1538 603 ἄξιον,
1592 539 1800 592 ἐνταῦθα

1929 532 2108 586 verbis
2139 533 2366 586 indicari
2397 551 2411 596 ;
2448 547 2632 585 verum
2659 571 2673 594 ,
2708 531 2849 584 sicut
2878 528 3093 584 evoluto
3126 538 3182 584 et
3205 540 3394 614 aperto
3437 532 3497 584 li-

249 632 568 701 γενομένους
593 632 685 683 τοῦ
714 633 892 698 λόγου,
921 633 996 693 ὡς
1027 634 1088 684 ού
1125 632 1349 701 φθορὰν,
1386 632 1504 684 οὐδὲ
1547 631 1820 684 ἀπώλειαν

248 723 334 775 καί
372 723 684 793 ἀφανισμὸν
729 722 945 775 ἔσεσθαι
980 709 1075 776 τοῦ
1102 723 1332 792 ούρανοῦ
1357 723 1612 793 σημαίνει
1656 725 1685 773 6
1732 723 1821 774 λό-

247 830 334 879 γος
357 831 370 844 ·
405 814 527 866 ἀλλ’
548 815 624 877 ὡς
666 815 734 867 ἂν
762 815 1133 886 εἰλισσομένης
1175 815 1356 884 βίϐλου
1395 814 1717 885 φανεροῦται
1755 814 1824 867 τά

244 907 296 958 ἐν
337 905 477 976 αὐτῇ
533 907 918 977 γεγραμμένα,
968 909 1030 961 οὐ
1081 908 1188 977 μὴν
1219 907 1501 977 φθείρεται
1533 909 1566 976 ὴ
1603 906 1816 975 βῶλος·

243 996 326 1048 τὸν
358 973 524 1050 αὺτδν
549 973 1192 1069 τρόπον-ἀνελιττομένης
1219 973 1696 1068 τῆςιστεριεχούσης
1720 996 1818 1060 τὰς

218 1087 332 1140 -τοῦ
367 1089 685 1158 σύμπαντος
739 1091 932 1152 αἰῶνος
969 1089 1179 1161 κρίσεις
1206 1091 1306 1142 καὶ
1348 1088 1572 1160 πράξεις
1607 1087 1812 1157 βίϐλου,

240 1180 292 1229 αἱ
324 1178 701 1249 ἀντικείμεναι
749 1180 1006 1250 δυνάμεις
1055 1179 1385 1250 ἀπορρέουσι
1423 1180 1519 1248 τῆς
1561 1178 1700 1232 κατά
1724 1178 1815 1231 τὸν

239 1268 371 1337 ἀέρα
393 1269 702 1340 διατριϐῆς.
739 1270 874 1322 Τότε
894 1271 952 1322 δὲ
979 1272 1035 1323 αί
1058 1271 1728 1339 ἀντικείμεναιξδυνάμεις,
1758 1271 1815 1322 αἱ

238 1359 405 1412 πάλαι
443 1360 602 1432 δίκην
618 1361 832 1431 ἄστρων
868 1361 1096 1424 πολλοὺς
1122 1360 1466 1430 ἁδικήσασαι,
1505 1360 1810 1412 πεσοῦνται·

236 1451 355 1505 ἐπεὶ
412 1453 508 1505 καὶ
554 1451 717 1514 αὐτὸς
758 1452 788 1503 6
831 1452 1095 1516 Σατανᾶς,
1162 1449 1772 1522 μετασχηματιζόμενος
1804 1453 1883 1515 είς

235 1560 346 1598 νου.

308 1653 328 1685 ι
373 1634 682 1706 Ἔμεθύσθη
717 1637 749 1705 ή
779 1635 1026 1706 μάχαιρά
1059 1651 1160 1704 μου
1211 1636 1267 1688 ὲν
1317 1635 1394 1706 τῷ
1437 1637 1673 1707 οὐρανῷ,
1716 1638 1810 1691 καὶ

1927 626 2046 686 bro,
2096 639 2216 693 quae
2262 625 2528 692 descripta
2565 633 2691 676 sunt
2742 621 2793 674 in
2845 631 3194 690 conspectum
3229 622 3492 684 veniunt,

1920 729 2094 783 neque
2125 722 2302 768 tamen
2321 713 2458 768 liber
2478 713 2810 777 destruitur;
2839 711 3028 767 eodem
3067 727 3289 782 prorsus
3313 715 3495 777 modo,

1917 807 2132 860 evolqu
2187 816 2242 860 et
2295 815 2482 874 aperto
2538 805 2665 868 illo,
2725 804 2894 859 totius
2945 805 3128 858 saeculi
3178 804 3381 873 judicia
3442 815 3498 858 ct

1919 913 2083 965 opera
2142 898 2536 966 complectente
2561 938 2576 960 ,
2619 898 2755 950 libro
2780 937 2796 961 ,
2828 897 3154 950 adversaria:
3198 886 3496 966 pdtestates

1920 990 1990 1043 ab
2033 988 2122 1043 illa
2149 989 2201 1042 in
2260 1003 2386 1044 aere
2420 988 2842 1044 commoratione
2874 987 3133 1043 deﬁuent.
3185 988 3335 1046 Tunc
3393 1006 3493 1043 au-

1920 1090 2029 1136 tem
2095 1082 2296 1135 eaedem
2369 1082 2500 1149 ipsae
2565 1080 2888 1134 adversariae
2960 1088 3260 1146 potestates
3293 1120 3309 1144 ,
3374 1097 3496 1149 quae

1918 1173 2045 1226 olim
2092 1163 2369 1227 Stellarum
2411 1173 2609 1234 instar,
2662 1171 2861 1226 multos
2895 1171 3168 1236 laeserant,
3199 1171 3492 1227 decident:

1919 1265 2350 1333 quandoquidem
2399 1273 2456 1318 et
2503 1263 2618 1332 ipse
2669 1263 2903 1317 Satanas
2957 1264 3386 1318 transformatus
3435 1265 3490 1318 in

1921 1357 2172 1427 angelum
2224 1356 2383 1422 lucis,
2423 1366 2676 1424 tanquam
2731 1354 2910 1424 fulgur
2955 1358 3023 1409 de
3067 1355 3207 1411 ccelo
3268 1354 3491 1410 decidit.

1915 1451 2145 1520 ἄγγελον
2167 1448 2363 1518 φωτὸς,
2396 1447 2682 1500 πέπτωκεν
2705 1446 2779 1511 ὡς
2808 1447 3062 1518 ἀστραπὴ
3095 1449 3162 1501 ὲκ
3189 1446 3284 1501 τοῦ
3325 1448 3491 1518 ούρα-

1989 1627 2155 1684 Vsas.
2197 1625 2250 1681 5.
2289 1644 2310 1678 ι
2350 1623 2651 1680 Inebriatus
2682 1633 2762 1679 est
2795 1625 3006 1695 gladius
3040 1640 3192 1680 meus
3218 1624 3273 1680 in
3302 1625 3442 1681 caalo
3470 1667 3487 1689 ,

235 1731 323 1789 ἐπὶ
350 1730 450 1799 τὴν
491 1729 795 1800 Ἰδουμαίαν
829 1730 1216 1802 καταϐήσεται,
1267 1734 1359 1784 καὶ
1407 1733 1498 1786 ἐπὶ
1547 1735 1638 1787 τὸν
1679 1735 1800 1789 λαὸν

1914 1731 1968 1775 ct
2001 1722 2054 1774 in
2091 1719 2379 1773 ldumaaam
2420 1718 2731 1781 descendet,
2761 1728 2817 1770 et
2845 1717 2896 1770 in
2933 1715 3187 1786 populum
3221 1717 3486 1786 perditio-

234 1821 328 1890 τῆς
380 1819 659 1882 ἀπωλείας
701 1819 838 1889 μετά
885 1821 1137 1891 κρίσεως.
1178 1841 1196 1872 ι
1243 1823 1511 1894 Ἰδουμαία
1549 1825 1607 1878 δὲ
1635 1827 1808 1897 ἑρμη..

235 1909 445 1963 νεύεται
476 1910 518 1977 ἡ
556 1909 798 1979 γεώδης,
831 1910 916 1978 ἐφ’
940 1910 1008 1979 ἦν
1033 1913 1066 1981 ή
1087 1904 1334 1983 μάχαιρα
1365 1915 1650 1968 καταϐᾶσα
1672 1915 1807 1986 πλη-

233 1999 421 2069 ροῦται
451 2001 707 2070 αἵματος,
739 2000 835 2052 καὶ
867 1999 1058 2071 ὥσπερ
1103 2001 1211 2054 ἀπὸ
1246 2003 1470 2067 στέατος
1499 2003 1609 2057 τῶν
1639 2022 1806 2058 κατα-

233 2091 620 2161 σφαττομένων
645 2089 965 2160 παχύνεται.

302 2199 323 2231 ι
365 2181 432 2234 Ἡ
488 2183 733 2252 μάχαιρα
780 2183 984 2254 Κυρίου
1029 2185 1332 2258 ἐνεπλήσθη
1371 2189 1618 2258 αἵματος,
1667 2191 1803 2242 ὲπα-

229 2269 397 2340 χύνθιη
424 2271 535 2323 ἀπὸ
561 2271 804 2334 στέατος,
837 2272 946 2326 ἀπὸ
974 2273 1205 2343 αἵματος
1223 2274 1442 2345 τράγων
1468 2277 1564 2329 καὶ
1592 2276 1801 2346 ἀμνῶν,

228 2361 318 2413 καὶ
347 2361 460 2416 ἀπὸ
506 2361 726 2425 στέατος
751 2364 966 2434 τράγων
991 2367 1087 2418 καὶ
1129 2366 1330 2437 κριῶνο
1381 2368 1464 2421 ὅτι
1519 2367 1681 2422 θυσία
1725 2370 1803 2439 τῷ

228 2453 420 2524 Κυρίῳ
469 2455 528 2506 ὲν
574 2453 766 2525 Βοσὸρ,
802 2456 894 2508 καὶ
942 2457 1124 2527 σφαγὴ
1181 2458 1389 2531 μεγάλη
1442 2461 1500 2512 ὲν
1541 2464 1607 2531 τῇ
1643 2461 1803 2514 Ἰδου-

231 2545 386 2626 μαίᾳ.
427 2562 446 2595 ι
477 2544 636 2607 Τίνες
673 2545 732 2599 δέ
779 2533 914 2599 εἰσιν
947 2542 1092 2600 οὗτοι
1140 2549 1304 2618 ἀμνοὶ
1350 2551 1445 2603 καὶ
1481 2550 1673 2620 τράγοι
1707 2552 1802 2604 καὶ

226 2635 370 2707 κριοί
400 2651 566 2705 φησι·
616 2635 724 2688 τῶν
781 2637 878 2707 μὲν
920 2639 1128 2708 ἀμνῶν.
1171 2639 1378 2711 ἢκατὰ
1411 2642 1535 2705 τοὺς
1580 2643 1800 2706 λοιποὺς

221 2725 588 2796 ἑρμηνευτάς,
641 2728 840 2798 ἀρνῶν,
872 2731 1244 2800 σημαινόντων
1285 2734 1410 2796 τοὺς
1453 2735 1544 2787 τὸν
1577 2734 1796 2807 δημώδη

222 2819 316 2873 καὶ
339 2819 614 2873 ἰδιωτικὸν
643 2820 996 2890 μετελθόντας
1026 2823 1170 2892 βίου’
1210 2823 1320 2877 τῶν
1349 2824 1405 2877 δὲ
1452 2826 1668 2897 τράγων
1705 2830 1800 2880 καὶ

221 2910 391 2981 κριῶν
414 2911 543 2975 τοὺς
590 2911 762 2965 πολλὰ
799 2913 984 2983 δεδυνη
993 2913 1188 2983 μένους
1221 2915 1279 2968 ἐν
1304 2918 1498 2986 ἀρχαῖς
1529 2918 1622 2970 καὶ
1647 2916 1798 2983 ἐξου-

223 3002 386 3065 σίαις,
412 3000 511 3066 οὓς
549 3003 930 3072 μτελεῦσεται
956 3006 996 3076 ἡ
1039 3005 1282 3077 μάχαιρα
1304 3007 1397 3059 τοῦ
1417 3007 1574 3070 Θεοῦ,
1609 3008 1797 3081 ὥσπερ

221 3093 411 3148 θυσίαν
442 3094 786 3168 ἐργαζομένη
824 3097 914 3150 διὰ
939 3096 1031 3150 τοῦ
1056 3098 1456 3167 κατασφάττειν
1508 3101 1602 3153 καὶ
1649 3101 1797 3155 θύειν

218 3188 344 3250 τοὺς
379 3185 773 3257 προλεχθέντας
797 3189 1001 3260 ἀμνοὺς
1021 3191 1122 3244 καὶ
1150 3190 1386 3264 τράγους
1408 3194 1502 3246 καὶ
1528 3194 1734 3264 κριούς.

292 3318 312 3351 ι
352 3301 465 3353 Καὶ
499 3300 903 3371 συμπεσοῦνται
929 3303 980 3355 οί
1024 3303 1176 3374 ἁδροὶ
1215 3307 1332 3374 μετ’
1378 3307 1576 3370 αὐτῶν,
1609 3309 1704 3360 καὶ
1750 3311 1802 3362 οί

220 3389 384 3460 κριοὶ,
417 3391 514 3442 καὶ
545 3392 594 3443 οί
617 3383 830 3461 ταῦροι,
864 3392 959 3445 καὶ
989 3391 1389 3465 μεθυσθήσεται
1415 3399 1448 3468 ἡ
1472 3397 1545 3467 γῆ
1574 3399 1684 3452 ἀπὸ
1706 3399 1798 3453 τοῦ

219 3477 466 3547 αἵματος,
493 3479 594 3532 καὶ
614 3479 723 3533 ἀπὸ
745 3479 838 3532 τοῦ
866 3479 1089 3544 στέατος
1102 3483 1280 3538 αὐτῶν
1301 3487 1760 3559 ἐμπλησθήσεται.
1774 3509 1794 3542 ι

231 3565 294 3619 Ἦ
327 3565 502 3637 Βοσὸρ
533 3567 1004 3638 μεταΜμόἀνεται
1037 3571 1119 3632 είς
1141 3570 1239 3641 τὴν
1267 3573 1466 3643 σάρκα,
1497 3574 1592 3627 τοῦ
1638 3575 1798 3644 λόγου

217 3657 317 3728 τήν
349 3657 648 3711 ἀνάστασιν
672 3658 774 3728 τῆς
819 3660 1019 3732 σαρκὸς
1064 3662 1420 3731 σημαίνοντος
1463 3667 1522 3717 ὲν
1567 3667 1794 3730 τούτοις.

217 3749 308 3802 Διὸ
349 3749 451 3821 τὴν
502 3749 612 3802 τῶν
657 3751 963 3821 εἰρημένων
1005 3754 1220 3826 σφαγήν
1267 3757 1324 3808 ἐν
1371 3758 1535 3829 σαρκὶ
1581 3758 1796 3813 ἔσεσθαι

215 3839 484 3895 διδάσκων
513 3840 714 3911 φησιν’
763 3860 782 3892 ι
821 3843 944 3896 Ὅτι
1004 3843 1164 3897 θυσία
1215 3845 1294 3915 τῷ
1343 3847 1464 3918 Θεῷ
1509 3851 1567 3901 ὲν
1605 3849 1794 3922 Βοσὸρ,

220 3933 315 3988 καὶ
345 3933 531 4002 σφαγὴ
561 3932 769 4005 μεγάλη
798 3935 856 3987 ὲν
887 3937 954 4005 τῇ
996 3935 1320 4008 Ἰδουμαίᾳ-ι
1354 3941 1536 3992 πᾶσαν
1571 3938 1679 4009 γάρ
1698 3942 1796 4012 τήν

214 4024 392 4094 γεώδη
430 4024 612 4094 ψυχὴν
669 4024 1069 4094 μετελεύσεται.
1132 4027 1310 4098 Ἑδὼμ
1342 4029 1451 4101 γὰρ
1510 4033 1539 4083 6
1607 4034 1796 4101 γήϊνος

215 4114 583 4187 ιρμηνεύεται
605 4132 618 4145 ο
680 4116 754 4180 ὡς
801 4117 893 4170 καὶ
955 4117 1189 4190 ἀλλαχοῦ
1258 4119 1323 4191 δὴ
1367 4121 1396 4173 6
1432 4123 1594 4186 αὐτὸς
1639 4121 1794 4189 οὗτος

212 4207 502 4276 προφήτης
579 4205 706 4276 ἑξῆς
767 4207 974 4278 προῖὼν
1041 4212 1171 4280 περὶ
1236 4211 1329 4265 τοῦ
1377 4213 1628 4284 Σωτῆρος
1700 4220 1793 4270 καὶ

208 4300 309 4368 τῆς
346 4297 446 4350 ὑπ’
498 4297 664 4351 αὐτοῦ
707 4301 1081 4371 γενησομένης
1135 4303 1371 4373 κρίσεώς
1411 4322 1605 4374 φησιν·
1646 4325 1666 4357 ι
1695 4309 1791 4372 Τίς

207 4379 367 4451 οὗτος
412 4389 442 4440 6
507 4389 945 4459 παραγενόμενος
987 4391 1050 4454 ἐξ
1114 4391 1312 4463 Ἐδὼμ,
1373 4395 1623 4465 ἐρύθημα
1665 4399 1789 4467 ἱμα-

1915 1817 1998 1869 nis
2039 1829 2160 1868 cum
2208 1811 2434 1881 judicio.
2473 1829 2494 1862 ι
2533 1808 2764 1864 ldumaea
2805 1810 3112 1878 signiﬁcat,
3145 1819 3353 1864 terrena
3379 1829 3398 1865 :
3432 1813 3484 1864 iu

1911 1921 2073 1975 quam
2113 1903 2448 1958 descendens
2466 1902 2679 1971 gladius
2711 1902 2976 1972 sanguine
2999 1903 3258 1972 repletur,
3279 1914 3486 1974 etqua-

1912 2000 1956 2053 si
1975 1998 2140 2068 adipe
2162 1996 2468 2054 occisorum
2503 1994 2884 2064 impinguatur.

1981 2179 2144 2235 Vsus.
2173 2178 2226 2232 6.
2259 2197 2279 2228 ‹
2311 2175 2544 2232 Gladius
2575 2176 2786 2230 Domini
2818 2176 3068 2245 impletus
3087 2187 3171 2232 est
3196 2177 3480 2248 sanguine,

1910 2273 2274 2342 impingnatus
2297 2279 2383 2327 est
2405 2269 2595 2338 adipe,
2627 2269 2892 2340 sanguine
2931 2270 3211 2324 hircorum
3232 2279 3287 2323 et
3312 2283 3483 2339 agno-

1908 2379 2054 2428 rum,
2084 2364 2243 2432 adipe
2273 2363 2550 2418 hircorum
2590 2371 2645 2415 et
2666 2363 2898 2415 arietum
2931 2380 2943 2415 :
2979 2362 3106 2432 quia
3149 2361 3479 2416 sacriﬁcium

1911 2456 2140 2511 Domino
2184 2455 2239 2509 in
2314 2454 2504 2518 Bosor,
2563 2461 2619 2507 et
2671 2453 2930 2509 mactatio
2983 2467 3180 2524 magna
3231 2453 3287 2506 in
3357 2452 3482 2507 ldu-

1909 2563 2063 2604 ηαδ.
2115 2567 2134 2600 ι
2171 2547 2399 2614 Quinam
2432 2555 2561 2601 sunt
2587 2545 2662 2601 illi
2692 2546 2850 2616 agni,
2889 2545 3025 2601 hirci
3056 2555 3112 2600 et
3146 2545 3365 2608 arietes,
3399 2545 3484 2597 di-

1908 2643 1984 2697 cit
2013 2660 2026 2694 :
2061 2655 2320 2711 agnorum
2350 2638 2570 2693 nomine
2595 2677 2610 2702 ,
2641 2636 2756 2691 sive
2783 2637 3079 2691 secundum
3130 2636 3367 2705 reliquos
3399 2637 3480 2689 in-

1909 2739 2173 2800 terpretes
2198 2771 2213 2794 ,
2245 2729 2446 2802 ἀρνῶν,
2481 2727 2859 2797 significantur
2906 2728 2997 2797 qui
3056 2727 3367 2796 popularem
3425 2738 3481 2781 et

1907 2823 2173 2891 privatam
2202 2821 2368 2876 vitam
2398 2831 2604 2891 agunt;
2644 2819 2784 2874 hirci
2816 2832 2946 2873 vero
2974 2827 3028 2874 et
3057 2822 3255 2874 arietes
3294 2818 3353 2882 ii,
3384 2819 3480 2888 qui

1907 2894 2074 2969 multa
2106 2923 2332 2983 possunt
2359 2913 2588 2981 imperio
2617 2921 2673 2965 et
2703 2920 2970 2990 potestate
2994 2953 3009 2975 ,
3043 2925 3181 2980 quos
3216 2910 3310 2966 Dei
3357 2911 3476 2980 gla--

1910 3007 2030 3061 dius
2057 3006 2294 3068 invadet,
2321 3007 2413 3074 qui
2448 3002 2601 3073 quasi
2634 3001 2964 3056 sacriﬁcium
2995 3003 3178 3068 faciet,
3211 3017 3480 3059 memora-

1909 3105 1992 3152 tos
2044 3111 2250 3166 agnos,
2300 3097 2483 3151 hircos
2537 3103 2591 3150 et
2633 3094 2834 3150 arietes
2884 3095 3171 3148 mactando
3197 3103 3253 3149 et
3282 3094 3478 3151 immo-

1904 3188 2088 3242 laudo.

1974 3297 2138 3354 Vens.
2172 3299 2225 3351 7.
2269 3317 2287 3350 ι
2324 3298 2391 3354 Ει
2423 3297 2714 3352 concident
2743 3298 2954 3352 robuSIi
2982 3313 3104 3352 cum
3138 3299 3239 3362 eis,
3264 3308 3320 3352 et
3346 3300 3482 3354 arie-

1903 3401 1986 3446 tes
2008 3401 2064 3447 et
2085 3391 2225 3446 tauri
2256 3405 2272 3444 :
2303 3402 2357 3444 et
2385 3391 2744 3446 inebriahitur
2775 3399 2917 3443 terra
2943 3405 2974 3444 a
3008 3391 3289 3461 sanguine,
3341 3399 3396 3446 et
3449 3409 3479 3446 a

1905 3482 2232 3552 pinguedine
2283 3496 2476 3535 eorum
2529 3477 2865 3543 implebitur.
2897 3497 2917 3530 ι
2950 3479 3119 3534 Bosor
3156 3496 3378 3536 carnem
3405 3483 3479 3535 si-

1901 3575 2128 3644 gniﬁcat
2167 3597 2178 3629 :
2216 3584 2381 3643 atque
2428 3573 2513 3628 his
2561 3575 2742 3629 carnis
2777 3578 3109 3630 resurrectio
3141 3573 3476 3628 declaratur.

1901 3665 2242 3735 Quapropter
2277 3663 2586 3732 huiusmodi
2625 3665 3012 3719 mactationem
3044 3665 3098 3718 in
3130 3678 3296 3719 carne
3331 3663 3478 3717 lutu-

1901 3773 2015 3811 ram
2057 3771 2181 3813 esse
2211 3758 2412 3812 docens
2451 3759 2569 3813 ait:
2604 3778 2622 3810 ι
2663 3760 2938 3826 Quoniam
2981 3758 3313 3813 sacriﬁcium
3366 3758 3478 3810 Deo

1899 3849 1953 3902 in
1982 3848 2171 3916 Bosor,
2203 3859 2260 3904 et
2289 3851 2547 3906 mactatio
2575 3865 2769 3920 magna
2802 3850 2855 3903 in
2881 3850 3115 3904 ldumma
3147 3865 3162 3902 :
3199 3869 3218 3902 ι
3245 3863 3474 3904 omnem

1897 3941 2095 4009 quippe
2126 3949 2440 3996 terrestrem
2469 3942 2703 3996 animam
2735 3942 2977 3996 invadet.
2997 3940 3166 3996 Edoni
3197 3941 3341 3996 enim
3367 3949 3476 3995 ter-

1897 4047 2088 4087 renum
2118 4031 2422 4103 signiﬁcat,
2463 4035 2916 4102 quemadmodum
2941 4033 3068 4088 alibi
3098 4033 3184 4088 hic
3212 4034 3476 4101 propheta

1897 4125 1952 4179 in
1982 4126 2335 4195 sequentibus
2367 4127 2433 4180 de
2477 4127 2765 4182 Salvatore
2813 4129 2989 4199 deque
3038 4128 3221 4182 futuro
3267 4126 3476 4194 judicic

1896 4214 2012 4284 ejus
2051 4214 2278 4284 loquens
2301 4215 2420 4269 ait:
2462 4234 2480 4266 ι
2519 4216 2651 4282 Quis
2679 4218 2768 4272 hic
2811 4218 2901 4285 qui
2948 4217 3095 4270 venit
3143 4218 3209 4271 de
3253 4216 3422 4270 Edoni
3449 4255 3469 4280 ,

1895 4306 2063 4360 rubor
2112 4306 2558 4360 vestimentorum
2612 4309 2680 4362 de
2729 4308 2901 4362 Bosor
2953 4308 3062 4361 "‘2
3113 4327 3132 4359 ι
3182 4307 3466 4362 Carnalem

1893 4397 2092 4466 quippe
2116 4398 2408 4451 adventum
2437 4413 2594 4451 suum
2625 4399 2677 4451 in
2719 4408 2918 4454 terram
2959 4400 3064 4454 bne
3095 4400 3255 4454 modo
3283 4399 3468 4453 decla-

207 4468 340 4530 τίωῆο
389 4479 456 4530 ὲκ
506 4478 710 4549 Βοσόρ;
744 4499 763 4530 ι
789 4480 902 4551 Τήν
936 4481 1045 4553 γὰρ
1086 4481 1348 4554 ἔνσαρκον
1380 4485 1545 4538 αὐτοῦ
1586 4505 1789 4559 παρου-

1905 4490 2055 4543 ravit.
2084 4490 2335 4543 Arbitror
2363 4499 2544 4544 autem
2593 4491 2857 4558 Spiritum
2894 4492 3136 4546 divinum
3170 4491 3469 4545 commina-

208 4570 336 4624 σίαν
359 4571 453 4622 ἐπὶ
481 4573 581 4639 τῆς
628 4572 730 4642 γῆς
754 4572 1052 4643 γενομένην
1096 4573 1284 4627 τοῦτον
1314 4575 1498 4647 ἐδήλου
1533 4577 1625 4631 τὸν
1661 4582 1786 4651 τρό-

208 4675 335 4714 πον.
365 4655 536 4730 ϋῖμαι
568 4659 623 4712 δὲ
651 4662 712 4714 τὸ
746 4662 886 4714 θετον
915 4663 1140 4733 Πνεῦμα
1170 4665 1448 4731 τοιαύταις
1479 4670 1785 4740 χρήσασθαι

205 4749 418 4815 λέξεσιν
451 4750 834 4821 ἁπειλητικαῖς
876 4755 956 4817 είς
1008 4755 1068 4807 τὸ
1108 4755 1454 4828 παραστῆσαι
1500 4762 1597 4832 τὴν
1646 4764 1787 4816 κατά

204 4840 314 4893 τῶν
340 4840 557 4893 ἀσεϐῶν
581 4840 676 4894 τοῦ
705 4842 841 4895 Θεοῦ
873 4845 1174 4916 ἐκδίκησιν,
1205 4849 1298 4901 καὶ
1337 4850 1418 4911 εἰς
1469 4851 1531 4903 τὸ
1559 4852 1784 4922 σοϐῆσαι

201 4931 329 4994 τοὺς
358 4931 568 4984 τούτων
609 4933 988 5003 ἀκροωμένους
1024 4941 1091 5007 τῇ
1129 4940 1344 5009 συνήθει
1379 4943 1472 4993 καὶ
1501 4947 1784 5017 παχυτέρᾳ

200 5024 363 5093 ἀκοῇ,
392 5023 472 5094 τῷ
503 5023 578 5095 μὴ
615 5023 874 5079 δύνασθαι
912 5030 1038 5092 τοὺς
1063 5030 1265 5094 πάντας
1295 5031 1470 5096 ἄλλως
1510 5039 1646 5088 νοεῖν
1686 5038 1784 5100 τὰς

201 5113 656 5184 ὲπαχθησομένας
684 5120 796 5179 τοῖς
825 5119 1043 5172 ἀσεϐέσι
1067 5123 1355 5193 τιμωρίας,
1385 5126 1518 5196 μηδὲ
1542 5128 1630 5180 τδν
1663 5131 1784 5200 τρὸ“

201 5221 303 5256 πον
326 5204 427 5274 τῆς
444 5206 1024 5280 κολάσεως-ἐπινοῆσαι
1044 5211 1324 5267 δύνασθαι.
1353 5216 1441 5268 Διὸ
1459 5220 1785 5289 παχυτέροις

1893 4578 2048 4632 toriis
2092 4579 2241 4632 hisce
2269 4579 2491 4632 vocibus
2521 4579 2617 4640 uti,
2655 4589 2712 4632 ut
2755 4580 2959 4634 indicet
3003 4580 3319 4644 ultionem,a
3355 4579 3466 4634 Deo

1893 4673 1960 4725 de
1990 4671 2171 4739 impiis
2200 4671 2514 4724 sumendam
2543 4691 2557 4735 ;
2586 4683 2750 4742 utque
2776 4689 2841 4727 ex
2889 4673 3262 4743 frequentiore
3286 4681 3341 4726 et
3371 4689 3471 4727 sa:—

1893 4763 2014 4831 pius
2043 4765 2268 4830 repetita
2299 4778 2430 4817 voce
2472 4767 2746 4818 auditores
2772 4767 3181 4831 deterreantur,
3232 4779 3330 4819 nec
3377 4781 3470 4816 va—

1895 4852 2006 4907 leat
2053 4854 2322 4922 quispiam
2370 4857 2638 4924 supplicia
2672 4858 2852 4924 impiis
2882 4856 3164 4910 inferenda
3193 4856 3352 4910 aliter
3384 4856 3469 4909 iu-

1892 4943 2137 5011 telligere
2161 4987 2177 5009 ,
2203 4960 2377 5013 neque
2411 4957 2589 5000 tamen
2618 4948 2864 5015 supplicii
2902 4949 3120 5000 modum
3153 4951 3466 5016 excogitare

1893 5038 2084 5104 possit.
2115 5037 2479 5104 Quamobrem
2513 5041 2715 5094 rudiori
2758 5057 3011 5095 sermone
3037 5083 3052 5105 ,
3092 5050 3146 5092 et
3191 5042 3465 5108 vulgariu-

1894 5130 2046 5184 ribus
2077 5132 2258 5185 verbis
2289 5141 2556 5186 terrorem
2607 5133 3003 5187 incutientibus
3033 5133 3204 5184 utitur
3229 5174 3243 5195 ,
3279 5142 3337 5184 nt
3373 5133 3464 5200 qui

1897 5223 2011 5278 haec
2039 5226 2286 5289 audiunt,
2321 5229 2597 5295 perterriti
2633 5236 3039 5281 convertantur.

203 5296 412 5391 ῥήμασι
444 5299 561 5391 »καῖ-
604 5300 1020 5372 συνηθεστέραις
1066 5305 1242 5372 λέξεσι
1290 5310 1456 5377 φόϐου
1483 5320 1790 5380 ποιητικαῖς
1830 5319 2111 5390 κέχρηται,
2173 5322 2258 5372 ἵνα
2298 5321 2402 5374 κᾶν
2440 5321 2581 5374 οὕτω
2622 5323 2945 5391 φοϐηθέντες
2984 5321 3384 5390 ἐπιστρέψωσιν
3415 5323 3461 5371 οξ

202 5387 407 5440 τούτων
431 5389 739 5453 ἀκούοντες.

233 5549 235 5553 ,
277 5519 296 5550 ι
349 5501 564 5574 Ἡμέρα
589 5506 694 5576 γὰρ
721 5509 952 5578 κρίσεως
997 5513 1220 5583 Κυρίου,
1248 5518 1338 5570 καὶ
1385 5519 1624 5582 ἐνιαυτὸς
1654 5520 1778 5573 ἀντ-

203 5592 509 5657 ατοδόσεως
536 5596 767 5665 κρίσεως
811 5601 967 5657 Σιών.
997 5625 1012 5654 ρ
1045 5607 1152 5658 Καὶ
1189 5608 1246 5659 ἐν
1287 5612 1398 5672 τοῖς
1423 5611 1679 5679 ἀνωτέρω
1720 5613 1774 5664 δὲ

276 5816 318 5843 ⁸⁷
345 5817 457 5884 ,lsa.
498 5832 652 5883 Lxui,
696 5821 742 5873 l.

1962 5525 2123 5580 Vnus.
2159 5527 2210 5581 8.
2271 5547 2289 5579 ι
2332 5529 2457 5583 Dies
2484 5531 2628 5583 enim
2658 5529 2849 5596 iudicii
2903 5529 3156 5588 Domini,
3208 5539 3262 5581 et
3289 5544 3462 5579 anuus

1888 5619 2264 5674 retributionis
2295 5621 2486 5689 judicii
2533 5623 2686 5677 Sion.
2727 5641 2746 5674 ι
2799 5622 3058 5693 Superius
3090 5623 3214 5676 item
3249 5622 3442 5675 diccba-
