4058 6428
617 415 721 471 335

1274 408 1535 467 EUSEBll
1570 408 2041 467 CESAMENSIS
2078 409 2226 467 OPP.
2260 409 2440 466 PARS
2477 409 2561 465 Ill.
2598 442 2666 453 —
2702 409 3111 468 EXEGETICA.

3707 415 3822 469 336

616 537 721 585 tur,
765 526 791 573 c’
820 520 1069 575 Mulieres
1090 520 1301 588 divites,
1338 519 1628 591 exsurgite,
1670 518 1777 575 diei
1802 521 1925 575 anni
1957 534 2156 575 memo-

2256 520 2469 588 ἐλέγετο
2484 523 2563 586 τὸ,
2587 540 2606 572 ι
2630 523 2887 586 Γυναῖκες
2906 522 3173 587 πλούσιαι,
3194 522 3713 593 ἀνάστητε,ἠμέρας
3726 528 3827 580 ἑνι-

614 616 748 670 riam
783 611 943 666 facile
981 612 1033 666 in
1062 612 1246 666 dolore
1272 625 1393 665 cum
1430 625 1558 680 spe.
1586 632 1606 663 ι
1635 611 1766 678 Quia
1810 612 1883 667 sit
1927 612 2014 666 ille
2062 627 2157 666 an-

2254 612 2415 666 αυτοῦ
2433 614 2618 685 μνείαν
2639 612 2934 685 ποιήσασθε
2949 614 3005 666 ὲν
3019 612 3179 685 ὀδύνῃ
3204 614 3321 685 μετ’
3338 612 3568 677 ἐλπίδος.
3584 614 3709 677 »Τίς
3731 611 3826 669 οὖν

614 718 714 757 nus
736 743 752 767 ,
800 716 909 770 quo
939 716 1061 755 cum
1114 699 1293 755 dolore
1322 698 1593 770 planctum
1620 704 1783 757 edere
1818 700 1973 770 jubet
1992 741 2009 767 ,
2042 702 2156 757 haec

2256 696 2318 770 ἦν
2330 692 2483 762 οὗτος
2497 702 2525 753 ὁ
2541 700 2804 765 ἐνιαυτὸς,
2827 700 2909 769 ἐφ’
2922 692 2968 768 ᾧ
2982 700 3276 754 κόπτεσθαι
3299 701 3415 771 μετ’
3431 701 3624 772 ὀδύνης
3650 720 3823 773 προσ-

612 792 890 862 prophetia
916 791 1151 845 declarat
1176 791 1262 845 bis
1290 791 1486 849 verbis.
1522 810 1542 842 ι
1585 790 1791 845 Vocaro
1828 805 2027 846 annum
2055 793 2158 847 Do-

613 882 742 935 mini
776 880 1155 948 acceptabilem
1184 918 1199 943 ,
1228 888 1285 933 et
1314 880 1453 934 diem
1486 881 1855 936 retributionis
1904 882 2013 935 Deo
2063 896 2157 936 no-

2252 787 2453 851 τάττει,
2485 788 2519 857 ἡ
2556 786 2803 858 παροῦσα
2835 788 3137 859 προφητεία
3172 788 3466 859 παρίστησι
3495 788 3729 856 λέγουσα
3755 791 3827 845 τὰ

2253 878 2598 949 προκείμενα·
2612 897 2629 929 ι
2642 878 2880 931 Καλέσαι
2891 878 3130 932 ἐνιαυτὸν
3142 879 3344 949 Κυρίου
3354 878 3562 946 δεκτδν,
3577 880 3671 933 καὶ
3686 881 3830 950 ήμιί-

612 980 727 1025 stro
753 1010 769 1034 ,
822 970 1086 1026 consolari
1137 984 1325 1024 omnes
1373 969 1612 1039 lugentes
1640 1011 1656 1036 ,
1690 972 1819 1024 dare
1851 971 2156 1039 lugentibus

2256 985 2351 1038 ραν
2366 968 2763 1031 ἀνταποδόσεωξ
2783 969 2860 1039 τῷ
2874 968 2992 1038 Θεῷ
3007 970 3040 1039 ἠ
3047 968 3181 1039 μῶν,
3209 970 3587 1039 παρακαλέσαι
3614 970 3830 1033 πάντας

611 1060 741 1116 Sion
768 1059 1008 1131 gloriam.
1048 1077 1068 1110 ι
1104 1057 1288 1114 Viden‘
1319 1073 1425 1127 quo
1455 1073 1618 1114 sensu
1649 1059 1736 1115 hic
1763 1059 2033 1124 dicatum
2063 1076 2157 1115 an-

612 1165 713 1205 nus
752 1149 959 1206 Domini
988 1188 1002 1213 ,
1031 1157 1088 1203 et
1111 1148 1224 1204 dies
1253 1150 1665 1214 retributionis;
1701 1169 1722 1203 ι
1772 1151 1842 1204 ita
1890 1161 1950 1206 ut
1980 1152 2155 1207 simile

610 1242 685 1296 sit
709 1239 835 1294 illud
861 1239 963 1295 hoc
989 1240 1133 1294 dicto
1156 1282 1172 1307 ,
1208 1257 1228 1291 ι
1264 1239 1386 1294 Dies
1412 1240 1556 1294 enim
1580 1238 1772 1308 judicii
1805 1240 1955 1298 Sion.
1997 1261 2015 1294 ι
2046 1240 2153 1295 Ita-

610 1342 719 1396 que
750 1326 891 1383 idem
920 1328 1034 1397 ipse
1062 1342 1256 1392 annus,
1282 1328 1469 1383 eadem
1498 1329 1610 1394 ipsa
1628 1329 1747 1383 dies
1773 1341 1876 1395 est,
1901 1347 2004 1398 qua
2032 1347 2157 1401 pau-

2250 1061 2377 1123 τοὺς
2406 1060 2750 1124 πενθοῦντας,
2774 1059 2990 1129 δοθῆναι
3018 1064 3129 1121 τοῖς
3162 1058 3418 1113 πενθοῦσι
3446 1059 3584 1114 Σιὼν
3603 1061 3817 1126 δόξαν.»

2264 1150 2424 1220 Ὁρᾷς
2442 1151 2585 1212 ὅπως
2601 1151 2658 1202 ἰν
2669 1148 2877 1211 τούτοις
2896 1168 2915 1200 ι
2937 1148 3177 1211 ἐνιαυτὸς
3193 1149 3395 1218 Κυρίου
3408 1168 3427 1199 ι
3448 1151 3683 1221 εἴρηται,
3702 1170 3721 1200 ι
3734 1152 3829 1203 καὶ

2253 1241 2434 1313 ἡμέρα
2450 1240 2865 1304 ἁνταποδόσεως,
2888 1260 2905 1291 ι
2921 1240 2995 1302 ὡς
3007 1241 3186 1310 ὅμοιον
3201 1241 3440 1311 τυγχάνῃ
3454 1240 3553 1311 τῷ,
3572 1260 3590 1293 ι
3612 1241 3828 1312 Ἡμέρα

2251 1331 2359 1402 γὰρ
2382 1332 2611 1402 κρίσεως
2639 1330 2793 1385 Σιών.
2818 1352 2835 1381 ι
2870 1331 3074 1385 Οὐκοῦν
3105 1326 3184 1395 εἷς
3215 1333 3307 1385 καί
3337 1332 3365 1385 ὁ
3389 1333 3548 1397 αὐτὸς
3576 1332 3825 1396 ἐνιαυτὸς

610 1429 769 1484 peres
798 1416 1255 1487 evangelizantur,
1287 1416 1532 1482 lugentes
1577 1418 1705 1471 Sion
1737 1419 2153 1475 consolationem

2256 1424 2527 1494 τυγχάνει,
2561 1423 2653 1477 καί
2704 1422 2801 1492 μία
2847 1424 2942 1475 καὶ
2990 1424 3025 1493 ἡ
3069 1422 3206 1494 αὐτὴ
3238 1423 3440 1493 ἡμέρα,
3472 1422 3599 1478 καθ’
3647 1424 3717 1494 ῆν
3769 1423 3824 1476 οἰ

608 1505 880 1574 accipiunt
905 1505 958 1559 in
988 1505 1186 1560 Christi
1217 1506 1447 1559 adventu
1476 1545 1492 1566 .
1543 1507 1793 1561 mulieres
1836 1507 1938 1562 illa:
1963 1510 2155 1565 divites

2256 1517 2457 1586 πτωχοὶ
2489 1510 2943 1583 εὐαγγελίζονται,
2990 1513 3043 1565 οἵ
3086 1529 3145 1565 τε
3192 1512 3515 1577 πενθοῦντες
3546 1512 3646 1584 τὴν
3682 1513 3825 1565 Σιὼν

608 1599 675 1651 ad
706 1596 978 1666 planctum
1004 1604 1320 1661 evocantur,
1351 1606 1407 1651 et
1434 1612 1553 1665 qua:
1580 1598 1679 1651 hoc
1711 1598 1763 1651 in
1791 1601 1907 1652 loco
1935 1600 2001 1653 de
2026 1599 2152 1654 Sion

2256 1604 2691 1679 παρακαλοῦνται
2719 1604 2813 1657 ἐπὶ
2842 1607 2908 1675 τῇ
2937 1602 3170 1673 Χριστοῦ
3200 1604 3492 1675 παρουσίᾳ,
3517 1605 3611 1656 κα)⁸
3641 1604 3698 1655 αἰ
3728 1603 3819 1654 λε-

608 1687 985 1750 enuntiantur,
1020 1686 1201 1741 futura
1232 1696 1377 1741 sunt.
1406 1684 1533 1741 Haec
1559 1701 1721 1753 porro
1741 1688 1920 1741 omnia
1954 1690 2006 1742 in
2035 1688 2155 1743 Sul—

607 1777 809 1832 vatoris
854 1776 1021 1831 nostri
1066 1776 1193 1832 Jesu
1240 1775 1439 1831 Christi
1487 1778 1714 1832 adventu
1776 1780 2151 1848 implebantur,

2252 1699 2478 1769 γόμεναι
2526 1696 2777 1750 πλούσιαι
2805 1695 3059 1764 γυναῖκες
3080 1695 3172 1747 ἐπὶ
3199 1693 3289 1748 τὸν
3316 1692 3544 1747 κοπετὸν
3594 1691 3825 1746 καλοῦν·

2253 1808 2362 1854 ται,
2387 1790 2479 1842 καὶ
2505 1788 2571 1841 τά
2605 1788 2869 1856 λεγόμενα
2900 1787 2987 1839 διὰ
3008 1786 3114 1839 τῶν
3165 1786 3542 1856 προκειμένων
3574 1788 3640 1855 τῇ
3684 1784 3825 1839 Σιὼν

607 1870 820 1938 quando
846 1868 882 1921 ii
917 1870 1006 1936 qui
1038 1866 1089 1921 in
1120 1869 1297 1936 ipsum
1321 1867 1684 1930 crediderant,
1711 1879 1761 1922 et
1789 1872 2017 1938 gratiam
2037 1873 2154 1942 ejus

2256 1880 2569 1935 ἀποϐαίνειν
2628 1853 2847 1949 ἠμελλε.
2887 1876 3069 1929 Ταῦτα
3115 1874 3174 1928 δὲ
3211 1853 3400 1929 *πάντα
3456 1875 3549 1928 ἐπὶ
3581 1853 3681 1945 της
3725 1873 3823 1927 τοῦ

606 1968 980 2027 susceperant,
1000 1960 1225 2027 optimis
1262 1959 1366 2012 illis
1394 1958 1869 2027 pollicitationibus
1897 1961 2152 2019 frueban-

608 2062 695 2107 tur
725 2070 738 2105 :
771 2052 861 2121 qui
892 2065 1016 2107 vero
1045 2066 1163 2105 sese
1187 2065 1217 2103 a
1259 2052 1430 2120 gratia
1471 2049 1586 2117 ejus
1636 2062 2111 2119 sequestraverant
2135 2096 2149 2120 ,

605 2147 672 2199 ab
699 2143 844 2198 omni
874 2157 969 2213 spe
998 2142 1134 2197 bona
1163 2141 1294 2209 lapsi
1323 2178 1339 2205 ,
1375 2142 1675 2197 tristiorum
1705 2145 2154 2202 comminationes

601 2235 884 2291 subierunt
952 2235 1017 2291 Et
1059 2249 1190 2289 sane
1238 2234 1351 2303 ipsa
1380 2248 1565 2289 eorum
1592 2236 1879 2304 conspicua
1909 2246 1964 2291 et
2009 2240 2152 2308 regia

600 2327 810 2394 civitas,
840 2341 903 2383 ea
935 2326 1047 2396 ipsa
1072 2324 1291 2396 pertulit
1316 2364 1331 2389 ,
1354 2339 1473 2395 quae
1494 2338 1734 2394 praesens
1755 2327 2032 2396 prophetia
2062 2342 2153 2382 va-

601 2419 879 2474 ticinatur.

2257 1969 2674 2041 Σωτῆροςήμῶν
2702 1967 2874 2039 Ἰησοῦ
2906 1964 3141 2038 Χριστοῦ
3160 1964 3464 2035 παρουσίας
3494 1963 3823 2035 ἐπληροῦτο,

2257 2063 2375 2116 καθ’
2398 2063 2465 2132 ῆν
2490 2065 2536 2114 οἱ
2574 2062 2670 2131 μὲν
2712 2062 2792 2125 εἰς
2830 2060 2991 2113 αὑτὸν
3017 2056 3461 2120 πεπιστευκότες,
3488 2059 3583 2109 καὶ
3606 2056 3707 2126 τὴν
3728 2054 3827 2125 χά-

2258 2170 2342 2225 ριν
2372 2153 2469 2224 τὴν
2493 2153 2559 2205 δι’
2581 2153 2745 2206 αὑτοῦ
2789 2148 3268 2221 παραδεδεγμένοι,
3301 2146 3408 2201 τῶν
3439 2146 3826 2219 χρηστοτέρων

2258 2245 2598 2313 ἐπαγγελιῶν
2627 2242 2903 2314 ἀπήλαυον
2926 2257 2939 2271 ο
2968 2241 3018 2292 οἰ
3038 2240 3095 2293 δὲ
3123 2238 3435 2309 ἀλλοτρίως
3458 2238 3685 2300 ἑαυτοὺς
3717 2254 3823 2291 κα-

2256 2337 2621 2405 ταστήσαντες
2659 2336 2758 2404 τῆς
2813 2330 2975 2385 αὑτοῦ
3021 2330 3263 2399 χάριτος,
3293 2329 3471 2399 πάσης
3491 2327 3702 2397 ἀγαθῆς
3735 2328 3795 2380 ea

2255 2424 2406 2486 πίδος
2442 2422 2829 2484 ἀποπεσόντες,
2856 2422 2976 2482 ταῖς
3002 2418 3112 2471 τῶν
3151 2416 3615 2488 σκυθρωποτέρων
3658 2417 3823 2470 ἄπει-

601 2514 721 2576 λαϊς
758 2510 1233 2566 ὑποπεπτώκασιν.
1273 2510 1382 2562 Καὶ
1424 2508 1559 2579 αὑτὴ
1594 2509 1649 2561 δὲ
1676 2510 1854 2564 αὐτῶν
1876 2512 1910 2581 ἡ
1935 2514 2105 2587 σεμνὴ
2130 2516 2223 2570 καὶ
2262 2516 2511 2588 βασιλικὴ
2538 2516 2691 2579 πόλις
2733 2513 2952 2569 τοιαῦτα
3000 2509 3287 2578 πέπονθεν,
3317 2512 3476 2564 ὁποῖα
3505 2509 3754 2573 θεσπίζει
3784 2510 3821 2580 ὴ

600 2606 849 2676 παροῦσα
875 2603 1192 2675 προφητεία.

675 2699 837 2753 Vens.
867 2697 922 2753 9.
963 2713 982 2747 ι
1020 2694 1087 2750 Ει
1115 2703 1391 2749 vertentur
1446 2694 1612 2750 valles
1664 2693 1780 2763 ejus
1830 2695 1883 2749 in
1932 2698 2105 2766 picem
2132 2738 2148 2763 ,

595 2799 651 2845 et
696 2801 839 2844 terra
885 2786 1004 2857 ejus
1058 2787 1111 2839 in
1162 2784 1406 2855 sulphur.
1467 2784 1533 2840 Et
1581 2785 1687 2840 erit
1744 2794 1887 2841 terra
1936 2788 2053 2858 ejus
2095 2798 2155 2843 ut

597 2882 690 2951 pix
734 2877 933 2935 ardens
986 2888 1144 2932 nocte
1191 2887 1247 2931 et
1300 2877 1408 2931 die.
1465 2894 1485 2929 ι
1542 2876 1706 2943 Qneis
1755 2877 1902 2934 clare
1946 2880 2154 2936 denun-

596 2971 701 3024 tiat
730 2976 1030 3023 extremam
1062 2968 1367 3021 vastitatem
1414 2976 1469 3022 et
1516 2968 1633 3023 loco
1663 2977 1717 3023 et
1746 2971 1888 3038 genti
1919 2971 2156 3028 inferen-

600 3060 747 3112 dum.

2332 2716 2353 2749 ι
2376 2696 2484 2749 Καὶ
2506 2692 2902 2765 στραφήσονται
2922 2690 2977 2741 αἰ
2998 2686 3278 2759 φάραγγες
3300 2684 3469 2754 αὐτῆς
3491 2686 3571 2746 εἰς
3596 2683 3821 2751 πίσσαν,

2258 2790 2352 2843 καὶ
2378 2790 2413 2858 ἡ
2441 2786 2514 2856 γῆ
2535 2784 2706 2854 αὐτῆς
2744 2785 2824 2844 εἰς
2863 2781 3024 2833 θεῖον.
3059 2779 3167 2832 Καὶ
3194 2778 3344 2830 ἔσται
3370 2778 3404 2847 ἡ
3440 2775 3514 2845 γῆ
3545 2773 3715 2843 αὐτῆς
3743 2773 3822 2836 ὡς

2258 2880 2428 2933 πίσσα
2456 2875 2719 2946 καιομένη
2736 2872 2925 2934 νυκτὸς
2964 2869 3055 2924 καί¹
3085 2868 3319 2940 ἡμέρας.
3356 2885 3373 2917 ι
3412 2866 3489 2917 Δι’
3524 2859 3598 2918 ὧν
3635 2862 3825 2932 σαφῶς

2257 2974 2287 3026 ὁ
2314 2972 2469 3038 λόγος
2499 2965 2823 3037 παρίστησιν
2861 2961 3093 3031 ἐσχάτην
3129 2956 3363 3028 ἐρημίαν
3414 2950 3822 3023 καταλήψεσθα.

2259 3063 2351 3116 τόν
2374 3078 2437 3113 τε
2460 3058 2626 3112 τόπον
2652 3056 2746 3108 καὶ
2769 3053 2830 3106 τὸ
2856 3052 3024 3113 ἔθνος.

672 3145 833 3202 Vsus.
862 3147 949 3202 10.
998 3166 1016 3198 ι
1050 3148 1115 3201 Et
1158 3163 1265 3202 non
1314 3151 1686 3218 exstinguetur
1732 3152 1787 3207 in
1836 3130 2154 3224 perpetuum

2300 3131 2349 3200 ⁴ι
2388 3146 2499 3200 Καὶ
2527 3145 2587 3197 ού
2622 3140 2975 3210 σϐεσθήσεται
3004 3139 3086 3200 εἰς
3131 3137 3222 3189 τὸν
3276 3133 3447 3189 αἰῶνα
3480 3132 3691 3204 χρόνον,
3726 3133 3827 3186 καὶ

602 3249 814 3307 tempus
862 3257 875 3291 :
923 3248 978 3292 et
1012 3238 1266 3292 ascendet
1313 3237 1491 3293 fumus
1532 3238 1650 3306 ejus
1677 3255 1889 3295 sursum
1926 3263 1941 3298 :
1978 3245 2030 3299 in
2068 3260 2160 3315 ge-

599 3327 938 3382 nerationem
996 3325 1112 3395 ejus
1162 3326 1505 3394 desolabitur,
1553 3340 1609 3382 et
1665 3331 1718 3384 in
1767 3342 1976 3403 tempus
2020 3335 2159 3390 mul-

600 3427 731 3471 tmn.
760 3435 780 3468 ι
825 3414 1049 3485 Signum
1083 3417 1356 3487 supplicii,
1389 3420 1531 3486 quod
1572 3419 1623 3472 in
1669 3420 1933 3489 profundo
1981 3424 2154 3491 luunt,

596 3508 665 3562 iis
699 3509 788 3573 qui
825 3521 1039 3561 sursum
1076 3509 1237 3577 positi
1269 3519 1394 3565 sunt
1430 3512 1676 3579 prabens
1698 3513 2154 3582 conspiciendum,

597 3600 668 3650 ob
717 3598 932 3651 insitam
967 3597 1071 3651 illis
1112 3598 1368 3653 malitiam
1390 3639 1407 3663 ,
1441 3614 1589 3668 qua,
1620 3601 1762 3671 quod
1798 3603 2079 3660 tenebrosa
2103 3615 2160 3660 et

597 3689 753 3757 nigra
781 3689 875 3752 sit,
909 3689 1012 3757 pici
1039 3700 1400 3756 comparatur.

670 3777 833 3833 Vsus.
863 3780 950 3833 ll.
989 3796 1008 3831 ι
1031 3782 1187 3844 Aves,
1214 3792 1270 3836 et
1306 3780 1477 3844 ericii,
1512 3790 1569 3835 et
1595 3781 1712 3837 ibes
1740 3792 1795 3837 et
1826 3784 1971 3838 corvi
2007 3785 2157 3838 liabio

596 3872 792 3924 tabunt
847 3871 898 3924 in
944 3886 1056 3925 ea:
1101 3882 1155 3925 et
1201 3868 1470 3941 injicietur
1515 3887 1676 3941 super
1720 3871 1838 3928 eam
1892 3873 2157 3930 funiculus

596 3963 912 4032 geometria:
962 3964 1185 4027 deserti,
1241 3974 1295 4016 et
1342 3962 1687 4018 onocentauri
1739 3960 2059 4018 habitabunt
2104 3965 2156 4018 in

596 4065 681 4103 ea.
705 4069 724 4102 ι
778 4050 871 4105 llis
921 4051 1164 4120 impnras
1198 4052 1406 4107 animas
1439 4051 1725 4121 signiﬁcat,
1774 4054 1964 4121 quales
2003 4063 2158 4106 erant

601 4154 793 4194 eorum
848 4140 1081 4203 animae,
1137 4142 1230 4209 qui
1283 4156 1350 4195 ex
1408 4141 1719 4210 alienigenis
1769 4151 1825 4196 et
1882 4142 2159 4197 extraneis

596 4228 850 4295 gentibus
898 4243 965 4282 eo
1021 4230 1073 4283 in
1131 4231 1246 4284 loco
1291 4240 1471 4298 postea
1514 4231 1854 4297 habitarunt,
1896 4232 2156 4286 idolorum

596 4318 852 4372 uultures.

672 4406 835 4461 Vens.
866 4407 952 4460 1‘2.
995 4425 1012 4456 ι
1039 4406 1313 4477 Principes
1338 4407 1454 4475 ejus
1483 4423 1585 4463 non
1612 4417 1791 4462 erunt.
1820 4408 1994 4478 Reges
2016 4410 2157 4464 enim

597 4507 651 4549 et
684 4509 964 4568 magnates
995 4498 1112 4566 ejus
1140 4500 1377 4553 eruntin
1411 4501 1786 4568 perditionem.
1814 4520 1833 4551 ι
1881 4502 2157 4555 Daemonas

602 4589 863 4653 quosdam
915 4590 1230 4652 adumbrat,
1288 4594 1379 4657 qui
1437 4593 1487 4644 in
1538 4592 1843 4647 simulacri:
1890 4601 1946 4645 et
2002 4591 2159 4647 idolis

602 4691 790 4731 eorum
816 4695 913 4730 ceu
948 4681 997 4732 in
1033 4679 1255 4734 latebris
1282 4682 1531 4749 agebant.

677 4767 967 4831 “2115.15,
1008 4769 1095 4822 14.
1141 4787 1159 4819 ι
1186 4769 1251 4823 Et
1294 4784 1641 4825 renascentur
1686 4772 1738 4824 in
1786 4771 2010 4825 urbibus
2041 4771 2160 4837 ejus

603 4858 817 4926 spinosa
842 4868 896 4912 et
922 4858 1082 4927 ligna,
1108 4862 1241 4914 etin
1281 4862 1662 4915 munitionibus
1703 4862 1837 4933 ejus.
1894 4862 1960 4916 Et
2001 4870 2159 4916 erunt

603 4947 779 5001 cubile
819 4949 1079 5007 sirenum.
1112 4960 1165 5003 et
1194 4951 1459 5004 stabulum
1479 4952 1856 5005 strutliionum.
1876 4951 1940 5005 Et
1974 4951 2157 5006 obvia-

604 5038 736 5089 bunt
766 5037 1036 5091 daemones
1069 5042 1449 5093 onocenlauris
1469 5080 1482 5103 ,
1514 5050 1566 5092 et
1593 5041 1901 5095 clamabunt
1928 5041 2064 5095 alter
2090 5041 2156 5094 ad

603 5126 853 5180 alterum.
900 5126 977 5180 lbi
1019 5130 1360 5196 requiescent
1409 5130 1774 5193 onuceulnuri,
1824 5130 2158 5184 invenientes

605 5214 704 5267 sibi
760 5218 1043 5285 requiem:
1082 5236 1101 5269 ι
1162 5218 1555 5271 infructuosam
1612 5232 1791 5271 eorum
1853 5217 2153 5273 doctrinam

607 5305 933 5371 signiﬁcnns.
971 5307 1328 5372 Quamobrem
1362 5309 1575 5360 vineam
1600 5324 1783 5361 eorum
1814 5310 1996 5376 spinas
2023 5308 2159 5362 emi-

611 5396 743 5448 sisse
784 5411 941 5463 supra
972 5396 1015 5429 “
1059 5398 1370 5451 declarabat
1420 5398 1503 5451 his
1550 5400 1748 5461 verbis,
1807 5396 2162 5465 tExspectavi

611 5496 669 5535 nt
716 5485 912 5539 faceret
949 5488 1079 5541 mihi
1133 5504 1327 5551 uvam,
1368 5488 1496 5542 fecit
1535 5498 1711 5541 autem
1756 5488 1998 5557 spinas.»
2058 5487 2159 5541 Ubi

615 5585 787 5629 autem
822 5578 871 5631 in
902 5579 1184 5632 animabus
1211 5592 1396 5633 eorum
1437 5588 1678 5633 extrema
1710 5578 1930 5633 vastitas
1974 5578 2167 5647 fuerit,

684 5751 719 5778 λλ
752 5747 877 5819 Cap.
911 5766 961 5815 ν,
995 5752 1044 5805 1.

2256 3236 2583 3308 ἀναϐήσεται
2607 3235 2636 3287 ὁ
2662 3232 2864 3294 καπνὸς
2892 3230 3060 3299 αὐτῆς
3111 3229 3255 3283 ἄνωο
3295 3228 3375 3291 είς
3410 3226 3601 3295 γενεὰν
3646 3225 3820 3293 αὐτῆς

2256 3328 2697 3401 ἐρημωθήσεται,
2751 3324 2845 3377 καὶ
2873 3322 2953 3385 εἰς
2981 3321 3171 3393 χρόνον
3208 3319 3392 3372 πολύν.
3436 3336 3454 3368 ι
3490 3317 3566 3370 Τὸ
3594 3317 3825 3388 σημεῖον

2255 3419 2353 3489 τῆς
2397 3419 2455 3469 ὲν
2499 3413 2652 3485 βάθει
2696 3410 2965 3483 τιμωρίας
3013 3408 3193 3463 αὐτῶν
3237 3408 3350 3470 τοίς
3398 3406 3511 3459 ἀνω
3563 3403 3825 3475 παρέχων

2256 3510 2386 3581 δρᾷν
2417 3506 2505 3560 διά
2536 3506 2633 3576 τὴν
2674 3501 3035 3572 ὑποκειμένην
3069 3500 3252 3561 αὐτοῖς
3282 3497 3497 3559 κακίαν,
3530 3494 3704 3567 πίσσῃ
3734 3493 3827 3547 διὰ

2256 3600 2317 3652 τὸ
2344 3596 2607 3659 σκοτῶδες
2636 3595 2732 3647 καὶ
2766 3592 2934 3662 μέλαν
2956 3587 3467 3662 παραδαλλομένην.

2334 3790 2354 3823 ι
2397 3773 2616 3842 Ὀρνεα,
2640 3769 2736 3822 καὶ
2773 3769 2957 3837 ἐχῖνοι,
2991 3767 3083 3819 καὶ
3117 3764 3271 3830 ῐϐεις,
3303 3764 3396 3816 καί
3420 3764 3653 3833 κόρακες
3692 3778 3829 3816 κατ-

2257 3864 2568 3934 οικήσουσιν
2615 3862 2674 3913 ὲν
2711 3860 2883 3929 αὐτῇ·
2931 3858 3025 3911 καὶ
3068 3854 3488 3927 ὲπιὸληθήσεται
3532 3855 3617 3906 ἐπ’
3650 3854 3826 3923 αὐτὴν

2262 3954 2520 4026 σπαρτίον
2539 3950 2875 4023 γεωμετρίας
2903 3950 3130 4020 ἐρήμου,
3150 3948 3244 4000 καὶ
3264 3946 3639 4015 ὀνοκὲνταυροι
3667 3945 3825 4015 οἰκή-

2261 4062 2440 4099 σουσιν
2480 4046 2537 4098 ἐν
2575 4044 2731 4112 αὐτῇ.
2784 4060 2804 4093 ι
2838 4042 2914 4094 Δι’
2937 4033 3012 4095 ὧν
3039 4038 3334 4093 αἰνίττεται
3362 4036 3540 4106 ψυχὰς
3571 4033 3828 4107 ἀκαθάρ-

2259 4154 2404 4201 τους,
2434 4137 2611 4190 ὁποῖαι
2634 4129 2773 4204 ἦσαν
2803 4133 2859 4186 αἱ
2899 4128 3181 4200 τῶνμετά
3217 4128 3389 4181 ταῦτα
3423 4126 3485 4191 ἐξ
3507 4125 3828 4195 ἀλλοφύλων

2261 4320 2359 4372 λατ
2367 4317 2495 4389 ρῶν.
2912 4332 2913 4335 ‘
2974 4333 3012 4395 ,λ’
3036 4332 3045 4354 τ

2191 4443 2234 4497 D
2367 4364 2705 4481 {lia-910%“
2731 4406 2896 4475 αὐτῆς
2927 4375 3037 4497 οὐξι.
3054 4383 3286 4497 ἔσονται.
3334 4400 3401 4497 Oi
3439 4400 3546 4497 γαρ
3578 4397 3828 4497 Eua-Qu;

2262 4501 2354 4553 καὶ
2413 4501 2460 4551 οἱ
2516 4499 2833 4567 μεγιστᾶνες
2882 4494 3050 4563 αὐτῆς
3095 4492 3307 4544 ἔσονται
3356 4492 3435 4552 εἰς
3482 4487 3780 4543 ἀπώλειανο
3802 4508 3823 4542 ι

2259 4590 2514 4658 δαίμονάς
2552 4606 2699 4650 τινας
2743 4586 3108 4654 αἰνιττόμενος
3144 4584 3271 4645 τοὺς
3302 4582 3359 4633 ὲν
3390 4582 3502 4642 τοῖς
3545 4579 3829 4651 ἀγάλμασι

2262 4682 2357 4749 τῆς
2385 4679 2818 4748 εἰδωλολατρείας
2843 4676 3019 4728 αὐτῶν
3047 4672 3478 4743 ὲμφωλεύοντας.

2337 4788 2353 4817 ι
2382 4768 2489 4820 Καὶ
2529 4768 2828 4837 ἀναφυήσει
2872 4767 2951 4827 είς
2986 4763 3082 4826 τὰς
3115 4763 3294 4826 πόλεις
3338 4761 3515 4816 αὐτῶν
3559 4760 3826 4814 ἀκάνθινα

2264 4856 2413 4922 ξύλα,
2450 4856 2543 4908 καὶ
2564 4858 2642 4919 εἰς
2670 4856 2738 4907 τά
2764 4852 3090 4924 ὀχυρώματα
3118 4852 3308 4922 αὐτῆς.
3338 4851 3450 4905 Καὶ
3476 4851 3628 4903 ἔσται
3663 4852 3829 4909 ἐπαύ-

2261 4946 2370 5012 λεις
2398 4949 2675 5019 σειρήνων,
2700 4948 2794 4998 καὶ
2816 4946 2950 5017 αὐλὴ
2978 4945 3267 5015 στρουθῶν.
3292 4942 3404 4998 Καὶ
3434 4945 3826 5015 συναντήσουσι

2260 5036 2505 5106 δαιμόνια
2544 5034 2979 5105 ὀνοκενταύροις,
3018 5036 3111 5087 καὶ
3146 5032 3428 5104 βοήσονται
3468 5034 3654 5104 ἕτερος
3689 5034 3825 5104 πρὸς

2261 5130 2350 5181 τὸν
2376 5130 2579 5199 ἕτερον.
2620 5129 2763 5180 Ἐκεῖ
2785 5128 3179 5181 ἀναπαύσονται
3210 5126 3603 5195 ὀνοκένταυροι,
3639 5128 3825 5198 εὑρόν-

2261 5235 2349 5279 τες
2382 5218 2562 5280 αύτοῖς
2588 5218 2888 5269 ἀνάπαυσιν
2912 5233 2925 5245 ο
2954 5236 2971 5267 ι
2996 5217 3171 5287 δηλῶν
3199 5216 3295 5278 τὰς
3327 5217 3613 5285 ἀκάρπους
3644 5218 3823 5268 αὐτῶν

2263 5308 2618 5370 διδασκαλίας.
2665 5308 2753 5360 Διὸ
2799 5308 2889 5360 καὶ
2929 5309 3016 5360 τὸν
3057 5308 3356 5377 ἀμπελῶνα
3394 5308 3570 5359 αὐτῶν
3602 5307 3689 5359 διὰ
3717 5308 3827 5359 τῶν

2271 5398 2569 5469 ἔμπροσθεν
2580 5399 2766 5469 ἐδήλου
2780 5398 3015 5450 ἄκανθαν
3027 5398 3335 5468 ἀγηοχέναι,
3348 5397 3518 5465 λέγων
3538 5413 3549 5423 ·
3562 5416 3581 5449 ι
3598 5397 3827 5465 Ἔμεινα

2266 5490 2351 5542 ἵνα
2375 5491 2573 5560 ποιήσῃ
2598 5505 2684 5557 μοι
2709 5488 2998 5557 σταφυλὴν,
3021 5489 3242 5558 ἐποίησε
3261 5488 3317 5539 δὲ
3340 5487 3633 5550 ἀκάνθας.»
3666 5488 3829 5556 Ἐρη-

2268 5578 2392 5641 μίας
2423 5578 2478 5631 δὲ
2508 5578 2605 5647 τῆς
2634 5576 2866 5645 ἐσχάτης
2911 5578 2967 5631 ὲν
2995 5579 3113 5640 ταῖς
3150 5577 3347 5647 ψυχαῖς
3388 5577 3567 5631 αὐτῶν
3594 5576 3827 5647 γενομέ-
