4058 6396
248 378 350 434 337

1136 368 1644 426 COMMENTABIA
1685 366 1749 421 IN
1792 366 2047 423 ISAIAM.
2089 399 2155 408 —
2194 366 2348 422 CAP.
2388 363 2607 420 XXXV.

3399 362 3505 421 338

247 513 366 566 νης,
408 496 503 549 καὶ
540 492 803 555 ἀκάνθαις
844 489 1224 562 πληρωθείσης
1268 489 1448 545 αὐτῶν
1496 491 1594 561 τῆς
1631 488 1829 561 χώρας,

1940 498 2107 559 atque
2150 503 2281 559 ager
2326 489 2567 558 ipsorum
2621 486 2793 557 spinis
2836 485 3075 556 repletus
3120 486 3258 555 erit;
3306 486 3379 542 ibi
3425 499 3519 542 re-

246 588 475 651 ιίκότως
502 581 882 638 ἀναπαύεσθαι
914 581 973 634 ἐν
996 582 1180 645 αὐτοῖς
1206 580 1276 635 τά
1302 582 1586 652 πνεύματα
1606 580 1675 633 τὰ
1698 582 1835 635 exat-

248 678 423 751 θαρτα
459 676 740 748 προλέγει.

318 788 339 821 «
382 768 535 821 Ἐκεῖ
580 765 899 819 ἐνὸσσευσεν
942 765 1145 834 ἐχῖνος,
1196 764 1291 817 καὶ
1336 762 1538 817 ἔσωσεν
1576 766 1611 836 ὴ
1656 764 1730 835 γῆ
1766 763 1835 817 τά

248 859 437 912 παιδία
480 856 652 925 αὐτῆς
713 855 851 927 μετὰ
898 854 1218 926 ἀσφαλείας.
1284 855 1431 908 Ἑκεῖ
1497 858 1833 926 συνήντησαν

247 948 473 1016 ἱλάφοι,
521 947 617 999 καὶ
653 941 793 999 εἶδον
844 945 914 1000 τά
957 946 1226 1016 πρόσωπα
1248 945 1511 1017 ἀλλήλων.
1549 963 1568 996 ι
1599 944 1834 1013 Ἔλαφον

246 1038 487 1110 καθαρὸν
513 1034 654 1101 ζῶον
684 1031 825 1090 οἶδεν
848 1039 881 1107 ή
910 1035 1032 1089 θεία
1055 1037 1269 1107 Γραφὴ,
1300 1038 1394 1091 καὶ
1419 1035 1589 1090 πολλὰ
1618 1034 1835 1107 χρηστά

244 1128 373 1200 περὶ
420 1126 639 1199 ἐλάφων
712 1126 969 1192 διδάσκει,
1004 1126 1081 1191 ὡς
1125 1128 1254 1181 ὅταν
1296 1127 1432 1201 λέγῃ
1457 1143 1469 1157 ο
1515 1145 1536 1179 «
1566 1128 1664 1179 ⁸ον
1704 1126 1833 1199 τρό-

246 1236 346 1273 πον
385 1218 644 1273 ἐπιποθεῖ
670 1219 704 1289 ή
734 1217 929 1287 ἔλαφος
952 1235 1000 1269 ἰ
1032 1220 1130 1273 καὶ
1156 1218 1317 1272 πάλιν
1341 1235 1354 1248 ο
1390 1237 1409 1271 t
1432 1216 1593 1288 Φωνὴ
1626 1217 1833 1292 Κυρίου

246 1311 690 1384 καταρτιξομὲνη
726 1309 990 1379 ἐλάφους·
1017 1328 1037 1363 r
1076 1309 1170 1364 καὶ
1204 1307 1361 1375 αὖθις
1385 1328 1398 1342 ·
1430 1330 1448 1362 «
1477 1310 1715 1378 Ἔλαφος
1744 1325 1833 1379 φι-

244 1402 363 1466 λίας
387 1404 487 1457 καὶ
516 1402 697 1464 πῶλος
723 1403 832 1455 σῶν
864 1400 1101 1471 χαρίτων
1132 1402 1387 1472 δμιλείτω
1426 1418 1510 1454 σοι
1534 1416 1549 1432 ’
1581 1419 1601 1453 ι
1650 1402 1745 1455 καὶ
1773 1401 1832 1454 ἐν

244 1494 322 1565 τῷ
362 1495 485 1549 Ἰὼϐ
506 1513 521 1527 ·
569 1514 589 1549 «
624 1496 926 1565 Ἐφύλαξας
963 1497 1021 1550 δὲ
1060 1498 1234 1568 μῆνας
1266 1496 1513 1564 ἐλάφων,
1550 1493 1746 1558 ὠδίνας
1773 1493 1831 1547 δὲ

244 1586 425 1640 αὐτῶν
457 1587 855 1652 ἐξαποστελεῖς.
879 1609 897 1639 ι
922 1590 1030 1642 Καὶ
1062 1587 1222 1651 αὐτὸς
1253 1586 1311 1639 δὲ
1352 1586 1507 1656 ὁτῆς
1543 1586 1829 1657 νύμφης,ὁ

246 1680 304 1731 ἐν
338 1677 419 1748 τῷ
468 1678 710 1749 ’ᾼσματι
756 1679 863 1732 τῶν
913 1679 1194 1750 ᾀσμάτων,
1238 1681 1267 1733 6
1320 1678 1652 1748 ἀδελφιδοῦς,
1705 1677 1829 1731 ἐλά-

244 1782 330 1835 φῳ
364 1765 803 1837 παραϐέϐληταιν
837 1786 855 1818 t
884 1768 1105 1837 Ὅμοιός
1141 1770 1256 1822 ἐστι
1298 1767 1515 1839 δορκάδι
1566 1767 1599 1838 ἢ
1655 1764 1832 1837 νεϐρῷ

1935 580 2117 648 quiem
2147 578 2427 635 habituros
2460 579 2704 650 impuros
2737 577 3014 634 damonas
3040 578 3162 650 jure
3192 578 3459 649 praedicit.

2010 757 2179 813 Vens.
2230 758 2322 813 l5.
2380 756 2501 813 «lbi
2550 756 2849 813 nidiﬁcavit
2885 756 3118 822 ericius,
3175 768 3231 813 et
3276 758 3514 815 servavit

1935 856 2082 903 terra
2133 849 2310 918 pullos
2344 848 2463 917 ejus
2508 863 2630 904 cum
2677 849 2990 905 securitate.
3040 849 3119 905 lbi
3154 850 3514 906 obviaverunt

1933 941 2102 1000 cervi,
2141 950 2197 995 et
2232 940 2486 995 viderunt
2523 939 2692 996 facies
2715 955 2842 996 suas
2876 950 3082 996 mutuo.
3115 959 3135 993 ι
3163 938 3396 997 Cervum
3432 942 3515 997 in-

1934 1038 2019 1087 ter
2045 1031 2300 1086 animalia
2330 1030 2528 1086 munda
2559 1032 2805 1102 agnoscit
2836 1030 3118 1101 Scriptura
3144 1033 3348 1097 divina,
3376 1032 3516 1087 mul-

1935 1129 2098 1189 taque
2124 1120 2191 1176 de
2232 1122 2326 1176 illo
2362 1122 2419 1176 in
2448 1123 2643 1177 bonam
2668 1132 2877 1191 partem
2907 1120 3096 1186 eﬂ‘ert,
3141 1132 3203 1176 ut
3242 1137 3364 1178 cum
3389 1124 3509 1179 ait:

1938 1209 2437 1275 «Quemadmodum
2465 1212 2741 1267 desiderat
2780 1226 2980 1270 cervus
2996 1214 3081 1281 ⁸⁹;
3109 1231 3130 1266 r
3179 1227 3242 1267 ac
3278 1213 3516 1269 iterum:

1938 1318 1959 1353 «
1988 1299 2109 1357 Vox
2150 1300 2365 1357 Domini
2418 1318 2733 1374 praeparans
2784 1318 2977 1361 cervos
2998 1305 3141 1373 “;r
3179 1313 3237 1361 et
3282 1321 3512 1361 rursus:

1938 1410 1958 1445 «
1984 1391 2192 1449 Cervus
2213 1393 2493 1456 amicitize,
2522 1403 2577 1449 et
2603 1395 2781 1465 pullus
2807 1397 3106 1466 gratiarum
3140 1406 3378 1465 tuarum,
3403 1398 3511 1452 col-

1932 1484 2188 1555 loquatur
2220 1495 2397 1541 tecum
2418 1486 2500 1550 ”;
2532 1505 2551 1538 ι
2602 1496 2659 1542 et
2697 1487 2750 1541 in
2793 1487 2935 1543 libro
2962 1486 3065 1545 Job
3094 1506 3111 1544 :
3148 1505 3170 1541 «
3196 1486 3514 1545 Observast'.

1932 1588 2115 1632 autem
2162 1592 2377 1633 menses
2424 1591 2714 1632 cervorum
2738 1618 2754 1641 ,
2798 1589 2856 1634 et
2894 1578 3112 1636 dolores
3153 1588 3344 1650 partus
3382 1579 3516 1649 ipsis

1933 1671 2195 1726 immittes
2215 1670 2264 1702 "
2282 1711 2296 1723 .
2327 1688 2346 1722 ι
2384 1668 2505 1739 ipse
2528 1682 2745 1739 quoque
2772 1678 2989 1739 spenste
3022 1669 3258 1726 dilectus
3288 1669 3341 1725 in
3370 1670 3515 1726 Can-

1934 1762 2040 1817 tieo
2088 1761 2424 1817 canticorum
2474 1775 2639 1816 cervo
2688 1770 3080 1831 comparatur:
3137 1760 3390 1818 «Similis
3431 1772 3519 1817 est

244 1857 496 1926 ἐλάφων,
534 1858 627 1911 ἐπὶ
666 1860 736 1912 τά
771 1859 871 1931 ὅρη
929 1858 1258 1933 ἀρωμάτων.
1286 1878 1305 1911 ι
1347 1860 1475 1912 Ὅτε
1517 1859 1697 1912 τοίνυν
1734 1860 1829 1913 καὶ

1935 1865 2147 1921 σενι-θαι
2186 1860 2242 1905 et
2299 1850 2529 1906 hiunulo
2571 1865 2883 1917 cervorum,
2930 1866 3096 1919 super
3137 1863 3351 1908 montes
3391 1868 3519 1907 aro-

243 1950 407 2014 αὺτδς
451 1952 481 2002 6
526 1952 763 2021 νυμφίος
808 1952 992 2023 ἐλάφῳ
1039 1950 1478 2023 παραϐάλλεται,
1520 1951 1673 2012 τίνας
1701 1949 1746 2002 δ’
1769 1948 1835 2003 ἂν

245 2042 418 2104 εἴποις
450 2041 685 2095 ἐνταῦθα
709 2042 941 2112 ἐλάφους
972 2044 1006 2115 ἢ
1050 2044 1177 2107 τοὺς
1218 2043 1465 2114 μαθητὰς
1494 2043 1585 2096 καὶ
1606 2042 1835 2095 ἀποστό-

244 2131 366 2195 λους
383 2131 566 2196 ςἜστι
587 2130 644 2184 δέ
662 2132 755 2185 καὶ
765 2133 1075 2202 ὀφιοκτόνον
1088 2131 1148 2185 τὸ
1170 2132 1325 2197 ζῶον.
1340 2132 1591 2185 Διδάσκει
1612 2130 1788 2183 τοίνυν
1807 2132 1837 2183 6

243 2223 433 2295 παρὼν
452 2223 631 2292 λόγος,
651 2224 728 2287 ὡς
747 2225 853 2278 ἀπὸ
876 2226 975 2297 τῆς
999 2225 1234 2296 ἐρημίας
1249 2224 1341 2278 τοῦ
1358 2224 1626 2277 Ἰουδαίων
1650 2222 1835 2285 ἔθνους

242 2312 431 2381 ἔλαφοί
446 2330 591 2377 τινες
611 2313 907 2386 παρῆλθον,
936 2316 986 2369 oi
1012 2315 1249 2386 μαθηταὶ
1265 2314 1359 2367 τοῦ
1377 2315 1628 2385 Σωτῆρος
1652 2313 1831 2384 ἡμῶν·

247 2422 267 2453 «
292 2404 440 2457 Ἐκεῖ
486 2404 616 2476 γάρ,
674 2405 842 2476 φησὶ,
882 2407 1221 2477 συνήντησαν
1267 2405 1451 2476 ἔλαφοι
1476 2446 1490 2468 ,
1542 2405 1636 2459 καὶ
1695 2400 1834 2456 εἶδον

241 2495 311 2547 τά
359 2494 632 2565 πρόσωπα
685 2496 947 2567 ἀλλήλων.
973 2516 992 2549 ι
1057 2496 1388 2567 Ἐγνώρισαν
1426 2496 1535 2567 γὰρ
1582 2496 1829 2560 ἑαυτοὺς,

241 2587 337 2641 καὶ
373 2588 475 2656 τῆς
506 2588 685 2658 ψυχῆς
712 2589 894 2640 αὐτῶν
925 2591 1053 2652 τοὺς
1075 2590 1197 2643 κατ’
1227 2589 1411 2642 εἰκόνα
1435 2586 1570 2641 Θεοῦ
1600 2587 1829 2657 γενομέ-

240 2694 367 2740 νους
394 2679 752 2750 χαρακτῆρας
774 2680 1108 2747 ἐπέγνωσαν.
1138 2680 1358 2750 Ἐπειδὴ
1392 2678 1449 2731 δὲ
1476 2679 1537 2731 οὐ
1566 2677 1831 2748 παρέμει-

240 2786 337 2824 ναν
383 2770 444 2823 ἐν
488 2771 586 2839 μιᾷ
626 2770 799 2823 πόλει·
835 2770 1122 2843 διέδραμον
1154 2771 1211 2823 δὲ
1240 2770 1399 2834 ἄλλος
1430 2770 1664 2840 ἀλλαχοῦ
1692 2770 1829 2840 πλη-

242 2858 466 2930 ροῦντες
492 2858 553 2912 τὸ
587 2860 917 2929 Εὐαγγέλιον
934 2878 947 2891 ·
979 2860 1168 2915 τούτου
1195 2860 1353 2933 χάριν
1378 2862 1593 2931 εἴρηται
1613 2877 1627 2891 ·

317 3141 337 3173 «
379 3123 576 3195 Ἑτέρα
608 3126 706 3197 τὴν
730 3126 924 3197 ἑτέραν
966 3128 1066 3180 οὐκ
1116 3126 1409 3197 ἐζήτησαν,
1451 3128 1534 3180 ὅτι
1566 3130 1595 3180 6
1627 3126 1830 3197 Κύριος

1936 1952 2140 1996 matum
2171 1942 2239 1996 ⁸³.
2265 1960 2284 1994 ι
2319 1940 2453 1998 Cum
2486 1943 2670 2011 itaque
2698 1957 2927 2013 sponsus
2951 1958 3117 2000 cervo
3145 1954 3514 2014 comparetur,

1936 2047 2073 2102 quos
2098 2034 2190 2088 bic
2218 2047 2409 2089 cervos
2444 2037 2733 2089 memorari
2768 2035 2942 2100 dicas,
2988 2036 3090 2091 nisi
3134 2035 3432 2105 discipulos
3460 2047 3518 2092 et

1936 2124 2247 2193 apostolos?
2277 2123 2374 2180 Est
2407 2135 2589 2181 autem
2622 2126 2824 2179 animal
2858 2126 2997 2181 illud.
3022 2128 3367 2198 serpentibus
3395 2129 3517 2183 exi-

1936 2216 2157 2273 tiosum.
2184 2214 2303 2271 Hic
2340 2231 2473 2285 ergo
2512 2217 2760 2280 docetur,
2792 2234 2855 2271 ex
2886 2216 3194 2273 Judazorum
3222 2218 3518 2275 solitudine

1934 2317 2125 2359 cervos
2155 2304 2424 2375 prodiisse
2465 2306 2748 2374 quosdam,
2775 2306 3028 2362 videlicet
3063 2308 3357 2379 discipulos
3381 2307 3515 2364 Ser-

1932 2395 2141 2450 vatoris
2172 2396 2345 2450 nostri
2376 2415 2393 2451 :
2445 2394 2568 2450 «lbi
2601 2398 2767 2461 enim,
2815 2397 2913 2463 ait,
2958 2398 3515 2463 obviaveruntcervi,

1932 2496 1989 2540 et
2016 2486 2269 2541 viderunt
2297 2486 2471 2542 facies
2505 2502 2634 2543 suas
2668 2500 2880 2543 mutuo.
2902 2508 2922 2541 ι
2974 2486 3107 2543 Sese
3138 2504 3369 2557 namque
3398 2504 3519 2542 mu-

1935 2586 2028 2632 tuo
2078 2588 2458 2649 agnoverunt,
2501 2580 2807 2649 animaeque
2846 2582 2913 2635 ad
2966 2580 3375 2635 similitudinem
3423 2582 3515 2636 Dei

1934 2669 2231 2725 adornatos
2280 2670 2631 2728 characteres
2676 2674 2729 2727 in
2775 2686 2836 2726 se
2873 2672 3103 2727 invicem
3138 2671 3515 2740 deprehende-

1937 2769 2081 2818 runt.
2140 2761 2407 2828 Quoniam
2458 2779 2592 2818 νει-ο
2658 2779 2763 2818 ιιοη
2826 2763 2885 2818 in
2941 2780 3047 2819 una
3098 2764 3401 2833 eademque
3438 2766 3521 2818 ci-

1935 2850 2097 2905 vitate
2155 2862 2513 2917 manserunt,
2588 2856 2682 2908 sed
2754 2855 2899 2910 ultro
2972 2855 3222 2924 citroque
3287 2854 3511 2924 singuli,

1937 2941 2210 3013 Evangelii
2269 2960 2466 3001 munus
2539 2947 2865 3018 implentes,
2929 2949 3355 3003 discurrebant:
3395 2949 3515 3004 ideo

1932 3034 2130 3088 dicitur
2155 3051 2170 3087 :

2005 3122 2170 3180 Vsus.
2207 3125 2295 3178 l6.
2336 3124 2526 3181 «Alter
2556 3126 2787 3181 alterum
2821 3143 2925 3182 non
2961 3128 3229 3198 quaesivit,
3256 3129 3385 3199 quia
3412 3129 3518 3185 Do-

243 3211 426 3275 αὐτοῖς
469 3214 807 3278 ἐνετείλατο,
852 3217 944 3269 καὶ
985 3217 1046 3269 τὸ
1078 3216 1297 3286 Πνεῦμα
1326 3217 1490 3270 αὑτοῦ
1525 3219 1828 3287 συνήγαγεν

1934 3213 2114 3268 minus
2156 3214 2261 3268 illis
2313 3217 2595 3282 prazcepit,
2640 3227 2693 3270 et
2728 3217 2965 3285 Spiritus
3010 3217 3128 3285 ejus
3164 3220 3518 3290 congregavit

242 3303 431 3367 αὑτάς.
462 3325 480 3356 ι
523 3306 580 3358 '0
606 3306 715 3377 γὰρ
740 3306 908 3360 είπὼν
931 3309 1115 3372 αὐτοῖς
1141 3350 1155 3374 ,
1196 3328 1213 3359 «
1233 3309 1625 3381 Μαθητεύσατε
1652 3310 1831 3363 πάντα

240 3392 312 3445 τά
338 3393 467 3463 ἔθνη
523 3396 580 3445 ἐν
628 3395 706 3464 τῷ
756 3397 981 3467 ὀνόματί
1016 3416 1139 3470 μου,
1182 3420 1198 3449 ι
1226 3400 1387 3462 αὐτὸς
1412 3400 1712 3453 ἐνετείλατο
1756 3399 1828 3469 μὴ

244 3485 383 3537 κατά
418 3484 479 3536 τὸ
513 3486 644 3537 αὐτὸ
691 3490 1056 3543 ποιεῖσθαιτὰ
1081 3491 1182 3560 τῆς
1216 3492 1526 3555 συστάσεως
1556 3491 1664 3545 τῶν
1706 3492 1829 3544 Ἐκ-

244 3574 485 3645 κλησιῶν
517 3576 713 3630 αὐτῶν.

317 3684 335 3713 «
359 3664 470 3716 Καὶ
498 3666 659 3728 αὐτὸς
701 3666 950 3722 ἐπιδαλεῖ
990 3669 1175 3733 αὐτοῖς
1216 3670 1469 3741 κλήρους,
1508 3672 1600 3724 καὶ
1646 3674 1679 3742 ή
1709 3676 1830 3747 χεὶρ

241 3754 408 3808 αὐτοῦ
457 3757 735 3829 διεμέρισε
783 3761 1096 3830 βόσκεσθαι.
1147 3766 1241 3829 El;
1286 3765 1378 3818 τὸν
1422 3767 1594 3820 αίῶνα
1637 3770 1829 3839 χρόνον

243 3846 707 3919 κληρονομήσετε,
738 3854 819 3916 είς
856 3855 1050 3923 γενεὰς
1076 3857 1281 3925 γενεῶν
1306 3859 1709 3914 ἀναπαύσονται
1743 3863 1828 3914 ἐπ’

242 3936 430 4007 αὐτῆς.
459 3956 478 3989 r
527 3941 735 3994 Οὐκοῦν
779 3945 872 3996 καὶ
896 3945 1065 4018 νομὴν
1104 3948 1286 4012 αὐτοῖς
1320 3950 1413 4001 κει)⁸
1447 3950 1647 4022 βοσκὴν
1689 3971 1830 4024 παρ-

242 4030 409 4096 εῖχεν,
462 4028 655 4101 ὥσπερ
687 4034 781 4085 καὶ
844 4032 1079 4105 κλήρους
1125 4038 1205 4101 είς
1256 4038 1449 4106 γενεὰς
1490 4041 1711 4107 γενεῶν,
1750 4043 1829 4106 εἰς

237 4118 302 4171 τὸ
325 4120 702 4176 ἀναπαύεσθαι
742 4125 937 4190 αὐτοὺς
965 4128 1043 4191 είς
1086 4131 1212 4193 τοὺς
1234 4130 1414 4183 αὐτῶν
1453 4131 1703 4203 κλήρους,
1731 4134 1826 4205 δη-

241 4207 373 4282 λαδὴ
412 4214 525 4274 τοῖς
556 4212 733 4266 ἔθνεσι
766 4218 878 4278 τοῖς
900 4218 1368 4289 άποκληρωθεῖσιν
1395 4222 1598 4285 αὐτοῖς,
1648 4225 1705 4276 ἐν
1748 4220 1829 4287 οἷς

242 4304 320 4364 είς
342 4302 537 4370 γενεὰς
562 4305 764 4369 γενεῶν
796 4307 828 4375 ἡ
863 4307 1051 4377 μνήμη
1082 4308 1261 4361 αὐτῶν
1293 4311 1350 4361 ἐν
1378 4312 1497 4373 ταῖς
1531 4311 1623 4362 ὑπ’
1651 4311 1827 4365 αὐτῶν

242 4392 570 4462 ῑδρυθείσαις
615 4395 959 4466 Ἐκκλησίαις
990 4398 1443 4470 ἀναζωπυρεῖται.
1750 4382 1759 4403 ³

762 4489 1157 4543 ΚΕΦΑΛΑΙΟΝ
1191 4492 1314 4544 ΛΕ’.

315 4595 333 4626 «
366 4577 739 4649 Εὐφράνθητι,
776 4579 979 4651 ἔρημος
1025 4582 1260 4651 διψῶσαο
1307 4585 1652 4652 ἀγαηιάσθω
1700 4588 1827 4659 ἔρη-

244 4685 377 4737 μος,
413 4672 510 4723 καὶ
543 4672 771 4726 ἀνθείτω
818 4674 892 4737 ὼς
941 4675 1146 4745 κρίνον.
1178 4696 1195 4727 ι
1248 4677 1346 4747 Εἵη
1388 4679 1566 4731 τοίνυν
1606 4679 1744 4751 αῦτη
1791 4684 1824 4753 ή

240 4760 446 4832 ἕρημος
497 4763 646 4834 παρὰ
677 4765 774 4835 τὴν
817 4765 1207 4836 προλεχθεῐσαν
1242 4767 1399 4834 Σιὼν,
1442 4772 1500 4822 ἐν
1595 4771 1823 4841 ἐχίνους,

241 4862 333 4908 καὶ
373 4856 531 4918 ἴϐεις,
579 4857 671 4907 καὶ
712 4857 973 4927 κόρακας,
1004 4857 1257 4927 δαιμόνιά
1287 4876 1345 4911 τε
1379 4862 1473 4912 καὶ
1510 4861 1827 4915 ὀνοκενταύ-

240 4962 367 5016 ρους
401 4947 645 5016 οίκήσειν
695 4947 931 5014 ἐλέγετο,
986 4948 1186 5018 πίσσης
1236 4966 1295 4999 τε
1340 4951 1507 5019 αὐτῆς
1549 4952 1643 5004 καὶ
1676 4952 1820 5004 Θείου

241 5035 698 5107 πληρωθήσεσθαι
729 5038 828 5099 τὰς
862 5039 1169 5107 φάραγγας.
1208 5038 1423 5093 Τούτων
1462 5041 1515 5094 δὲ
1559 5043 1687 5113 περὶ
1720 5044 1820 5113 τῆς

240 5128 374 5179 Σιὼν
419 5129 512 5180 καὶ
550 5129 679 5198 ’περὶ¹
718 5146 817 5196 της
858 5130 1210 5200 Ἰερουσαλὴμ
1243 5131 1566 5202 εἰρημένων,
1606 5133 1722 5204 ὥρα
1753 5134 1822 5186 τὰ

240 5216 581 5287 προκείμενα
624 5218 750 5288 περὶ
794 5218 985 5288 ἐτέρας
1025 5221 1232 5289 ἐρήμου
1262 5220 1511 5287 λέγεσθαι
1542 5226 1701 5276 νοεῖν.
1732 5225 1821 5276 Δι-

238 5309 398 5378 ψῶσα
438 5309 547 5380 γὰρ
589 5305 657 5377 ἦν
705 5309 845 5379 αὓτη
874 5311 1138 5383 πρότερον
1167 5314 1199 5383 ή
1229 5313 1451 5383 ἔρημος,
1482 5315 1824 5384 ἐστερημένη

240 5401 482 5469 νάματος
519 5401 769 5471 οὐρανίου
790 5418 803 5429 ·
838 5402 973 5455 ἀλλὰ
1003 5403 1209 5473 χαίρειν
1239 5406 1375 5475 αὐτῇ
1415 5405 1509 5457 καὶ
1534 5405 1822 5475 εὐφραίνε-

245 5490 363 5545 σθαι
398 5494 427 5544 6
457 5491 614 5559 λόγος
654 5493 978 5561 προστάττει
1003 5496 1091 5547 διὰ
1118 5495 1189 5547 τὰ
1217 5496 1503 5565 λεγόμενα,
1535 5497 1614 5550 ἔτι
1643 5497 1699 5550 δέ
1730 5498 1825 5550 καὶ

244 5582 421 5634 ἀνθεῖν
468 5583 544 5646 ῶς
596 5585 814 5653 κρίνον·
865 5585 1005 5637 ὥστε
1055 5586 1259 5655 λέγειν·
1303 5588 1576 5656 «Χριστοῦ
1628 5587 1824 5642 εὐωδία

317 5768 360 5795 ⁸⁸
390 5766 531 5821 l'sal.
566 5783 674 5832 xu,
713 5768 760 5820 l.
836 5771 880 5801 δι’
910 5768 1045 5825 l'sal.
1095 5784 1286 5837 mni,
1315 5774 1365 5824 τι.

1448 5778 1482 5799 "
1518 5774 1671 5829 l'wr.
1701 5790 1751 5840 ν,
1789 5775 1870 5829 ίθ.
1949 5774 1991 5804 θ’
2016 5770 2133 5827 Job.
2165 5787 2351 5839 xxxix,
2396 5772 2441 5830 l.

1931 3319 2046 3359 eos.
2081 3323 2100 3355 ι
2157 3305 2372 3360 Etenim
2432 3307 2523 3375 qui
2570 3308 2782 3360 dixerat
2833 3308 2982 3373 illis,
3040 3310 3281 3364 «Docete
3324 3324 3516 3365 omnes

1929 3403 2115 3461 gentes
2176 3396 2228 3450 in
2288 3396 2507 3450 nomine
2563 3411 2763 3463 meo;i
2813 3400 2955 3452 idem
3012 3400 3127 3469 ipse
3176 3402 3388 3468 vetuit,
3442 3416 3511 3456 ne

1931 3482 1984 3535 in
2048 3499 2156 3537 uno
2222 3486 2525 3554 eodemque
2589 3485 2709 3541 loco
2770 3486 3044 3544 Ecclesias
3112 3505 3241 3544 suas
3310 3491 3517 3546 consti-

1931 3583 2167 3629 luerent.

2000 3664 2163 3719 Vsus.
2193 3667 2311 3720 l7.«
2339 3666 2893 3738 Etipseimmitteteis
2910 3669 3516 3737 sortes,etnnanusejus

1931 3756 2134 3821 divisit,
2151 3770 2209 3812 ut
2225 3771 2540 3828 pascantur.
2562 3761 2617 3815 In
2634 3768 2895 3816 maternum
2917 3772 3127 3833 tempus
3142 3764 3512 3820 lizrretlitatem

1930 3850 2255 3915 sortiemini,
2271 3851 2322 3904 in
2339 3853 2715 3921 generationes
2732 3854 3144 3922 generationum
3167 3855 3514 3924 requiescant

1931 3940 1983 3993 in
2024 3956 2106 3995 ea.
2140 3960 2157 3992 ι
2208 3942 2467 3997 Paiiulum
2519 3958 2649 4012 ergo
2684 3944 2813 4012 ipsis
2853 3956 2908 3999 et
2953 3961 3149 4015 pascua
3194 3946 3511 4015 suppedita-

1930 4034 2025 4098 vit,
2063 4035 2299 4103 itemquc
2332 4044 2507 4090 sortes
2553 4036 2605 4089 in
2642 4038 3021 4105 generationes
3059 4040 3509 4105 generationum;

1930 4133 1988 4177 ut
2028 4125 2221 4193 singuli
2262 4126 2315 4179 in
2359 4126 2598 4182 sortibus
2637 4128 2752 4181 suis
2795 4130 3226 4197 requiescerent,
3261 4129 3514 4184 videlicet

1932 4216 1982 4271 in
2018 4218 2272 4285 gentibus
2307 4219 2410 4272 sibi
2454 4230 2601 4273 sorte
2646 4220 2937 4290 ussignatis
2971 4240 2983 4274 :
3022 4222 3132 4285 lilii,
3172 4224 3426 4275 nimirum
3458 4223 3510 4276 iu

1931 4307 1997 4359 iis
2044 4322 2181 4375 quas
2211 4309 2571 4363 {ululaverunt
2602 4311 2881 4375 Ecclesiis,
2922 4318 3185 4366 memoria
3222 4329 3408 4367 eorum
3456 4316 3508 4368 iu

1929 4399 2307 4467 generationes
2336 4403 2741 4469 generationum
2778 4415 3028 4458 servatur
3060 4416 3113 4457 et
3145 4408 3308 4473 viget.

2487 4492 2714 4548 CAPUT
2743 4493 2954 4547 XXXV.

3033 3581 3068 3595 κ

2002 4582 2164 4636 Vsus.
2195 4580 2247 4633 l.
2271 4600 2289 4632 «
2315 4580 2543 4645 Lmtare,
2576 4584 2849 4637 desertum
2878 4584 3068 4637 sitiens
3103 4602 3115 4634 :
3155 4583 3390 4637 exsultet
3416 4597 3509 4639 so-

1926 4674 2125 4738 litudo,
2179 4683 2234 4729 et
2287 4673 2480 4728 ﬂoreat
2526 4676 2669 4729 sicut
2704 4675 2896 4729 lilium.
2924 4696 2942 4727 ι
2988 4674 3114 4730 Hzec
3156 4677 3318 4746 igitur
3370 4676 3512 4730 soli-

1929 4770 2078 4832 tudo,
2126 4770 2232 4823 alia
2280 4768 2442 4821 fuerit.
2472 4784 2501 4820 a
2548 4771 2699 4834 prius
2730 4779 3036 4822 memorata
3081 4767 3274 4832 Sione,
3318 4769 3368 4821 in
3401 4784 3512 4837 qua

1925 4861 2154 4926 ericius,
2201 4860 2346 4923 ibes,
2404 4874 2629 4925 corvos,
2679 4862 2957 4913 daanionas
3004 4868 3061 4911 et
3112 4868 3512 4912 onocentauros

1931 4953 2270 5007 habitaturus
2304 4968 2444 5016 esse,
2501 4968 2561 5005 ac
2601 4952 2754 5019 cujus
2779 4951 2949 5005 valles
3000 4952 3118 5018 pice
3160 4961 3215 5003 et
3248 4951 3510 5017 sulphure

1930 5046 2191 5113 repletum
2239 5046 2327 5106 iri,
2375 5045 2682 5097 dicebatur.
2731 5043 2862 5096 Cum
2898 5058 3029 5114 ergo
3084 5042 3209 5095 talia
3251 5043 3318 5097 de
3344 5043 3512 5098 Sione

1928 5145 1984 5189 et
2040 5134 2107 5188 de
2143 5135 2476 5206 Jcrosolyma
2527 5134 2897 5204 proferantur,
2948 5144 3119 5190 restat
3157 5143 3214 5188 ut
3256 5147 3342 5196 ea,
3389 5149 3512 5202 qua:

1925 5226 2036 5295 jam
2070 5237 2396 5292 tractantur,
2439 5230 2504 5281 de
2550 5228 2653 5281 alia
2696 5226 2990 5281 solitudine
3030 5226 3373 5297 pronuntiari
3426 5226 3510 5279 in-

1934 5320 2261 5385 telligamus.
2321 5320 2532 5373 Etenim
2563 5336 2691 5374 vere
2742 5321 3015 5375 sitibunda
3060 5321 3187 5373 olim
3240 5330 3358 5373 erat
3415 5318 3509 5372 illa

1932 5409 2191 5469 solitudo,
2250 5408 2466 5462 ﬂuentis
2523 5409 2837 5463 cwlestibus
2881 5411 3071 5463 orbata
3111 5428 3123 5463 :
3170 5422 3355 5461 verum
3392 5422 3509 5462 me-

1933 5495 2157 5548 moratis
2183 5495 2247 5548 de
2282 5497 2461 5550 causis
2496 5496 2664 5549 laetari
2697 5506 2753 5551 et
2794 5497 3089 5562 exsultare,
3126 5498 3367 5564 itemque
3404 5497 3512 5551 sic-

1932 5596 1991 5641 ut
2041 5587 2207 5642 lilium
2255 5586 2450 5643 ﬂorere
2494 5588 2751 5657 jubetur;
2800 5590 2875 5644 ita
2919 5599 2977 5644 ut
3029 5591 3215 5645 dicat:
3248 5608 3266 5642 «
3306 5589 3507 5645 Christi

2523 5773 2565 5804 ¹⁵³
2598 5772 2754 5828 Cant.
2811 5788 2872 5842 ll,
2902 5773 2957 5829 9.
