4058 6386
570 373 670 429 3'59
1268 362 1534 421 EUSEBII
1573 362 2049 420 CYESANENSIS
2087 362 2129 417 Ο

2232 401 2236 415 ,
2277 356 2453 413 PARS
2494 354 2579 411 ΠΙ.
2620 386 2687 394 —
2726 350 3133 407 EXEGETICA.
3683 337 3791 391 3.50

568 490 740 543 bonus
792 490 920 540 odor
973 498 1159 539 sumus
1205 483 1315 537 Deo
1367 484 1419 535 in
1468 482 1610 536 omni
1665 481 1783 534 loco
1818 481 1928 532 ⁸⁵.»
1985 479 2120 545 Quin

2232 477 2388 544 ἐσμὲν
2417 473 2492 541 τῷ
2512 471 2631 540 Θεῷ
2662 472 2718 521 ἐν
2742 466 2901 520 παντὶ
2925 464 3090 532 τόπῳ.
3121 482 3139 512 ι
3185 459 3341 511 ’Λλλὰ
3367 458 3458 508 καῖ
3480 452 3791 545 ἐξανθὴσει,

568 580 727 632 etiam
748 615 764 640 ,
800 577 908 637 ait,
946 572 1210 628 ﬂorebunt
1244 586 1376 624 nova
1408 571 1645 641 germina
1675 580 1730 623 et
1758 570 1981 637 speciosi
2026 568 2122 621 llo-

2232 531 2377 634 pn‘c't,
2401 531 2567 631 νεαρὰ
2603 531 2955 629 θλαστήματα
2994 531 3086 604 καὶ
3134 547 3267 615 ἄνθη
3301 546 3497 616 ὡραῖα,
3544 541 3679 641 περί
3717 531 3795 589 ὧν

569 683 696 729 res,
758 666 825 719 de
877 666 1069 733 quibus
1121 663 1173 716 in
1215 660 1440 715 Cantico
1496 661 1825 715 canticorum
1884 658 2118 711 dicitur:

2232 632 2433 726 εἴρηται
2472 656 2529 705 ἐν
2558 653 2797 720 ’ᾼετματι
2828 646 2935 699 τῶν
2974 642 3230 713 ᾀσμάτων
3256 657 3268 669 ·
3313 658 3331 689 r
3353 638 3434 689 Τὰ
3468 634 3605 705 ἄνθη
3634 632 3793 702 ὤφθη

576 776 595 807 ς
624 756 735 811 Visi
768 765 893 808 sunt
943 753 1101 806 liores
1139 751 1192 803 in
1232 759 1413 813 terra;
1462 748 1833 815 mandragora:
1863 746 2123 801 dederunt

568 847 790 901 odorem
830 858 984 898 suum
1011 844 1076 896 ⁵⁸.
1101 860 1119 893 ι

639 933 880 990 νεκελ.
937 931 1048 985 «ει
1098 928 1363 983 ﬂorebunt
1414 934 1471 981 et
1519 923 1869 980 exsultabunt
1912 922 2121 976 deserta

566 1023 837 1079 Iordanis.
883 1020 1064 1077 Gloria
1098 1020 1283 1074 Libani
1312 1022 1434 1072 data
1475 1024 1559 1071 est
1586 1018 1656 1079 ei,
1696 1025 1751 1069 et
1800 1015 1970 1068 honos
1996 1014 2123 1067 Car-

566 1119 690 1172 meli
724 1136 737 1169 :
772 1125 828 1170 et
873 1114 1100 1181 populus
1158 1127 1307 1164 meus
1351 1110 1555 1163 videbit
1622 1108 1848 1177 gloriam
1890 1106 2121 1170 Domini,

567 1218 623 1263 ct
653 1204 1022 1261 celsitudinem
1052 1202 1164 1256 Dei.
1190 1220 1208 1250 ι
1259 1199 1355 1253 llic
1395 1214 1490 1266 per
1530 1196 1821 1252 Iordanem
1856 1196 2124 1265 evangeli-

568 1312 685 1349 cam
714 1293 1048 1361 Scripturam
1075 1290 1225 1346 clare
1256 1289 1522 1358 signiﬁcat
1547 1306 1560 1341 :
1590 1304 1713 1341 nam
1748 1289 1815 1343 ad
1838 1286 2122 1342 Iordanem

565 1385 786 1439 ﬂuvium
820 1382 1052 1438 Joannes
1089 1383 1291 1450 primus
1338 1379 1649 1448 praedicavit
1694 1394 1917 1447 regnum
1960 1379 2125 1433 ctelo-

568 1490 687 1527 rum
721 1492 732 1527 :
770 1484 825 1526 et
856 1472 979 1540 quia
1016 1470 1191 1524 cultus
1225 1468 1346 1532 ille,
1398 1468 1692 1520 secundum
1724 1465 1921 1535 Mnysis
1950 1467 2123 1534 legem

567 1566 694 1619 olim
732 1565 839 1618 Deo
868 1563 1158 1631 praestitus,
1187 1558 1566 1625 Hierosolyma:
1584 1572 1686 1609 non
1718 1556 1945 1623 amplius
1976 1556 2123 1624 vige-

569 1660 680 1719 bat,
714 1656 1033 1725 baptismum
1068 1649 1396 1719 pomiteutia:
1430 1658 1484 1701 et
1533 1648 1804 1700 lavacrum
1838 1659 2122 1715 regenera-

571 1749 733 1801 tionis
768 1748 818 1798 in
861 1744 1047 1798 eodem
1079 1741 1241 1794 ﬂuvio
1280 1740 1540 1809 propheta
1575 1736 1664 1791 ille
1695 1737 1912 1790 tradidit
1940 1754 1954 1790 :
1987 1737 2125 1805 ipse-

2223 724 2374 814 ἐνήτῇ
2409 746 2477 813 γῇ
2498 760 2511 773 ν
2546 742 2596 792 οί
2634 737 3000 809 μανδραγόραι
3024 732 3229 785 ἔδωκαν
3249 729 3423 800 ὀσμὴν
3454 724 3655 782 αὐτῶν.
3693 742 3713 775 ι

2300 968 2316 998 ‹
2356 947 2463 1000 Καὶ
2478 943 2759 1013 ἐξανθήσει
2775 941 2865 993 καὶ
2876 935 3260 1007 ἀγαλλιάσεται
3275 930 3460 1001 τὰ-ἐρη
3470 946 3546 999 μα
3559 924 3653 979 τοῦ
3670 924 3800 995 Ἰορ-

2222 1042 2401 1094 δάνου.
2420 1039 2478 1091 Ἡ
2496 1036 2622 1102 δόξα
2636 1033 2731 1086 τοῦ
2754 1032 2983 1085 Λιϐάνου
3002 1027 3159 1097 ἐδόθη
3181 1026 3341 1094 αὐτῇ,
3378 1023 3473 1075 καὶ
3492 1023 3526 1090 ἡ
3544 1018 3678 1087 τιμὴ
3698 1014 3797 1069 τοῦ

2224 1128 2516 1200 Καρμήλου
2536 1144 2549 1155 ’
2598 1125 2690 1179 καὶ
2718 1125 2746 1175 6
2776 1124 2900 1185 λαός
2935 1138 3033 1191 μου
3063 1118 3250 1186 ὅψεται
3274 1117 3373 1184 τὴν
3401 1112 3559 1176 δόξαν
3584 1108 3797 1200 Κυρίου

2224 1196 2327 1277 καὶ.
2350 1196 2421 1275 τὸ-
2443 1220 2573 1290 ὕψος
2618 1217 2709 1271 τοῦ
2739 1214 2895 1267 Θεοῦ.
2922 1233 2939 1262 ι
2990 1208 3250 1264 Ἐνταῦθα
3290 1207 3551 1274 ἄντικρυς
3582 1200 3671 1255 διά
3698 1196 3796 1251 τοῦ

2237 1316 2497 1385 Ἰορδάνου
2537 1312 2634 1381 τὴν
2666 1306 3021 1375 εὐαγγελικὴν
3066 1300 3288 1372 Γραφὴν
3327 1296 3692 1365 παρίστησιν·
3739 1291 3800 1341 ἐν

2224 1407 2329 1476 γὰρ
2357 1403 2435 1473 τῷ
2475 1401 2710 1471 Ἰορδάνῃ
2739 1394 2967 1464 ποταμῷ
2999 1392 3212 1463 πρῶτος
3248 1388 3499 1455 Ἰωάννης
3526 1385 3800 1453 ἐκήρυσσε

2224 1474 2323 1565 τὴν
2357 1492 2630 1564 βασιλείαν
2666 1488 2775 1541 τῶν
2818 1483 3090 1555 οὕρανῶνο
3135 1480 3228 1533 καὶ
3274 1477 3348 1539 ὡς
3402 1474 3600 1565 μηκέτι
3649 1475 3803 1565 ἐνερ-

2224 1558 2424 1653 γόύσης
2462 1584 2520 1634 ἐν
2564 1583 2631 1649 τῇ
2679 1572 3027 1647 Ἰερουσαλὴμ
3073 1568 3172 1637 τῆς
3215 1565 3356 1619 κατὰ
3400 1564 3492 1616 τὶν
3519 1558 3801 1653 Μωῦσέως

2225 1650 2391 1745 νόμον
2419 1670 2834 1739 ἐπιτελουμένης
2868 1662 3143 1734 λατρείας,
3191 1660 3472 1730 βάπτισμα
3510 1650 3804 1745 μετανοίας

2226 1741 2318 1819 καὶ
2356 1765 2415 1818 τὸ
2458 1765 2555 1833 τῆς
2601 1756 3013 1826 παλιγγενεσίας
3055 1750 3275 1819 λουτρὸν
3318 1750 3377 1800 ἐν
3407 1742 3557 1809 αὐτῷ

569 1853 675 1907 que
692 1838 941 1891 Salvator
965 1844 1021 1889 et
1040 1832 1303 1887 Dominus
1331 1842 1515 1885 noster
1534 1827 1688 1883 Iesus
1704 1828 1951 1882 Christus
1965 1824 2125 1880 Ioan-

2232 1854 2381 1925 ταμῷ
2411 1855 2439 1905 6
2479 1824 2639 1912 αθτδς
2682 1824 2964 1917 παρεδίδου
2994 1856 3279 1912 προφητης
3297 1852 3312 1866 ·
3347 1836 3376 1888 ὅ
3401 1851 3463 1886 τε
3488 1831 3681 1901 Σωτὴρ
3707 1828 3804 1925 ita}

568 1931 655 1983 nis
696 1927 1129 1997 praedicationem
1181 1924 1330 1991 quasi
1367 1921 1542 1990 sigillo
1580 1934 1677 1973 suo
1707 1918 1954 1982 munivit,
2000 1931 2123 1972 cum

570 2021 639 2075 ab
664 2034 729 2074 eo
789 2020 841 2072 in
870 2018 1103 2073 Iordane
1130 2013 1287 2069 ﬂuvio
1342 2013 1643 2080 baptizatus
1674 2020 1785 2072 est,
1820 2024 1884 2063 ac
1912 2023 2011 2077 per
2036 2022 2117 2061 se-

570 2114 745 2178 ipsum
773 2108 1192 2180 regenerationis
1221 2104 1535 2175 mysterium
1566 2102 1820 2154 ﬁrmavit.

645 2310 663 2342 ι
695 2288 875 2347 Gloria
900 2287 1087 2342 Libani
1128 2285 1249 2339 data
1289 2294 1370 2337 est
1406 2283 1477 2346 ei,
1517 2290 1574 2336 et
1617 2282 1786 2334 bonos
1814 2278 2071 2333 Carmeli.
2101 2297 2119 2330 ι

571 2379 806 2437 Libanus
850 2380 1089 2450 quidem,
1144 2378 1256 2431 sive
1307 2378 1454 2439 thus,
1506 2376 1559 2428 in
1611 2371 1901 2441 praemissis
1948 2370 2129 2425 verbis

571 2471 839 2542 signiﬁcat
875 2473 1046 2525 altare
1091 2478 1142 2524 et
1172 2469 1449 2537 templum,
1486 2467 1539 2519 in
1574 2479 1680 2532 quo
1712 2461 1977 2517 sacriﬁcia
2005 2476 2126 2515 cum

572 2566 688 2633 ipso
718 2565 897 2625 thure,
924 2562 1113 2631 legalis
1139 2561 1299 2612 etiam
1330 2558 1503 2612 cultus
1529 2556 1708 2611 offerri
1744 2562 2126 2617 consueverat;

570 2654 850 2709 Carmelus
875 2662 1075 2715 autem,
1103 2660 1161 2704 ut
1183 2650 1493 2717 plerumque
1519 2654 1999 2702 commonstratum
2026 2652 2126 2707 est,

573 2743 829 2813 populum
863 2756 927 2797 ex
975 2740 1385 2796 circumcisione
1421 2738 1742 2794 subindicat.
1798 2733 1969 2790 Prisci
2024 2734 2125 2787 ita-

571 2850 678 2903 que
702 2832 883 2905 populi
906 2835 1183 2895 honorem,
1218 2846 1281 2884 ac
1300 2830 1477 2898 templi
1506 2824 1979 2895 Hierosolymitani
2011 2822 2127 2893 glo-

570 2926 732 2990 riam,
776 2926 1010 2993 antiqua:
1061 2923 1134 2978 illi
1187 2921 1484 2983 solitudini,
1531 2920 1582 2973 id
1623 2930 1726 2982 est,
1766 2916 2020 2970 Ecclesia:
2064 2931 2129 2970 ex

571 3018 816 3085 gentibus
831 3017 1009 3070 datum
1035 3015 1098 3067 iri
1122 3014 1173 3066 in
1192 3013 1468 3082 prophetia
1491 3010 1679 3063 fertur.
1701 3007 1894 3075 Adjicit
1911 3016 2093 3076 postea
2112 3026 2126 3061 :

576 3126 595 3157 ι
645 3108 713 3161 Et
748 3106 970 3175 populus
1018 3120 1191 3167 meus,
1222 3122 1244 3155 ι
1276 3119 1379 3157 non
1423 3103 1557 3155 ultra
1610 3100 1805 3164 Israel;
1847 3117 1866 3150 ι
1901 3102 1994 3153 sed
2033 3112 2129 3166 po-

572 3170 765 3267 pulus;
787 3170 1030 3266 iiinquit,
1064 3213 1083 3246 ι
1119 3210 1266 3251 meus
1313 3194 1510 3249 videbit
1554 3193 1777 3263 gloriam
1809 3190 2057 3256 Domini;
2105 3209 2125 3242 ο
2158 3170 2201 3228 C

573 3306 735 3361 quam
774 3290 1178 3359 promissionem
1222 3301 1360 3341 novo
1410 3283 1607 3354 populo
1647 3284 1913 3347 enuntiat,
1949 3289 2133 3351 utpote

574 3384 665 3450 qui
709 3382 936 3450 primum
978 3379 1277 3435 Salvatoris
1320 3379 1605 3432 adventum
1654 3376 1926 3444 exceperit
1971 3391 1987 3431 :
2026 3389 2131 3443 qua

572 3476 699 3527 item
754 3474 818 3527 de
859 3486 1021 3527 causa
1073 3470 1364 3525 secundum
1407 3478 1463 3523 et
1508 3466 1797 3537 gloriosum
1845 3466 1961 3535 ejus
1999 3479 2133 3519 con-

571 3574 847 3631 spectum,
901 3577 1109 3616 necnon
1152 3561 1269 3631 ejus
1322 3559 1689 3615 celsitudinem
1736 3556 2132 3627 contemplatu-

574 3669 666 3707 rus
699 3663 800 3707 est.

643 3745 869 3799 Vess.3.
900 3743 1380 3809 «Corroboramini,
1401 3758 1592 3798 manus
1616 3744 1871 3809 remissae,
1895 3752 1948 3798 et
1962 3756 2132 3813 genua

573 3838 770 3902 soluta,
801 3836 1171 3891 consolamini.
1199 3854 1218 3886 ι
1246 3835 1340 3889 Hic
1360 3835 1617 3904 iubentur
1643 3834 1887 3904 discipuli
1914 3844 1968 3889 ct
1999 3850 2131 3901 apo-

576 3931 697 3983 stoli
749 3928 1047 3983 Servatoris
1121 3927 1289 3980 nostri
1368 3926 1576 3980 animas
1631 3924 1684 3979 in
1735 3926 1986 3987 gentibus
2048 3940 2132 3978 re-

576 4023 773 4074 missas
826 4019 1167 4081 conﬁrmare,
1221 4027 1274 4072 et
1327 4016 1660 4071 inﬁrmorum
1717 4030 1895 4084 genua
1945 4028 2129 4069 corrm

572 4113 705 4166 bora
714 4126 789 4165 re.

650 4202 812 4255 Vens.
836 4201 889 4255 ι.
916 4221 933 4251 ι
959 4201 1134 4255 Mente
1163 4199 1527 4268 pusillamines
1548 4197 1945 4261 confortamini,
1976 4209 2041 4250 ne
2069 4195 2134 4248 ti-

577 4304 740 4348 mete.
781 4294 919 4348 Ecce
958 4294 1094 4346 Deus
1130 4302 1307 4345 vester
1344 4290 1600 4357 judicium
1631 4290 1873 4342 retribuit
1898 4298 1951 4341 et
1976 4287 2136 4341 retri-

572 4383 703 4437 buct
733 4403 745 4436 :
784 4381 893 4451 ipse
926 4383 1125 4437 veniet.
1169 4390 1223 4435 et
1260 4382 1483 4435 salvabil
1516 4396 1633 4435 nos.
1665 4399 1683 4430 ι
1722 4380 1941 4433 Etiamsi
1988 4380 2131 4432 enim

2225 1918 2429 2015 deiog
2477 1941 2631 2012 ἡμῶν
2672 1936 2877 2008 Ἰησοῦς
2928 1932 3159 2004 Χριστὸς
3207 1925 3650 2015 ἐπεσφραγίσατο
3703 1918 3804 1974 τοῦ

2239 2009 2479 2088 Ἰωάννου
2499 2009 2573 2085 ’τὸ
2594 2033 2853 2102 κήρυγμα
2881 2030 2936 2080 ἐν
2962 2024 3042 2093 τῷ
3074 2020 3312 2092 Ἰορδάνῃ
3339 2009 3569 2085 ποταμῷ
3601 2012 3801 2102 βαπτι-

2229 2129 2376 2191 σθεὶς
2422 2126 2512 2180 ὑπ’
2548 2100 2739 2185 αὑτοῦ,
2788 2120 2882 2172 καὶ
2921 2113 3229 2186 βεϐαιώσας
3274 2109 3340 2163 δι’
3372 2104 3564 2160 ἑαυτοῦ
3596 2104 3661 2155 τὸ
3702 2100 3805 2171 τῆς

2228 2216 2642 2286 παλιγγενεσίας
2679 2212 2988 2282 μυστήριον.

2303 2330 2321 2362 ι
2447 2308 2570 2371 δόξα
2614 2305 2710 2358 τοῦ
2737 2302 2968 2357 Λιϐάνου
3010 2298 3161 2367 ἐδόθη
3210 2292 3396 2362 αὐτῷ,
3440 2289 3536 2343 καὶ
3580 2290 3616 2359 ή
3664 2283 3805 2356 τιμὴ

2227 2400 2318 2454 τοῦ
2347 2396 2659 2469 Καρμήλου.
2690 2414 2708 2446 ι
2759 2395 2815 2447 Ὀ
2849 2392 2946 2463 μὲν
2969 2388 3199 2450 Λίϐανος
3226 2384 3317 2438 διὰ
3340 2383 3447 2435 τῶν
3490 2377 3805 2469 ἔμπροσθεν

2228 2492 2415 2561 ἐδήλου
2440 2462 2618 2542 Sum
2650 2462 3028 2553 θυσιαστήριον
3062 2478 3157 2532 καὶ
3183 2477 3273 2530 τὸν
3302 2474 3459 2535 νεὼν,
3499 2474 3555 2523 ἐν
3581 2462 3627 2536 ᾧ
3655 2468 3716 2522 αἴ
3741 2482 3804 2519 τε

2229 2558 2406 2635 θυσίαι
2432 2582 2528 2634 σὺν
2549 2576 2697 2647 αὑτῷ
2723 2576 2799 2645 τῷ
2822 2574 3035 2644 Λιϐάνῳ
3056 2570 3149 2624 καὶ
3171 2571 3204 2639 ἡ
3235 2565 3376 2620 κατὰ
3397 2564 3558 2632 νόμον
3578 2558 3807 2629 λατρεία

2228 2676 2285 2727 ἐν
2314 2676 2433 2734 ταῖς
2463 2670 2758 2739 ἀναφοραῖς
2794 2664 3157 2737 προσεφέρετο
3179 2676 3192 2689 ο
3231 2660 3260 2711 6
3297 2656 3355 2709 δὲ
3382 2651 3678 2724 Κάρμηλος
3712 2648 3807 2702 τὸν

2228 2767 2292 2819 ἐκ
2307 2762 2607 2834 περιτομῆς
2621 2760 2746 2813 λαὸν
2762 2756 3119 2825 αίνιττόμενος
3136 2750 3503 2806 ἀποδέδεικται
3521 2741 3803 2805 πολλάκις.

2230 2855 2336 2909 Τοῦ
2369 2853 2500 2908 λαοῦ
2532 2852 2708 2905 τοίνυν
2726 2848 2818 2902 τοῦ
2844 2844 3069 2900 παλαιοῦ
3092 2844 3129 2913 ἠ
3155 2842 3308 2912 τιμὴ,
3327 2842 3420 2895 καὶ
3449 2838 3543 2891 τοῦ
3563 2834 3692 2889 ναοῦ
3707 2834 3806 2887 τοῦ

2230 2947 2287 2998 ἐν
2301 2943 2653 3015 Ἰερουσαλὴμ
2674 2944 2706 3010 ἠ
2727 2939 2852 3005 δόξα
2887 2941 2953 3009 τῇ
2973 2937 3137 2989 πάλαι
3162 2936 3373 3005 ἐρήμῳ,
3394 2931 3537 2998 λέγω
3556 2929 3619 2998 δὴ
3652 2929 3719 2996 τῇ
3746 2926 3810 2991 ἐξ

2230 3035 2397 3089 ἐθνῶν
2422 3033 2713 3103 Ἐκκλησία
2740 3028 3056 3101 δοθήσεσθαι
3083 3023 3499 3097 προφητεόεται.
3529 3015 3641 3073 Εἶτ’
3680 3021 3809 3071 ἐπι-

2233 3124 2378 3192 λέγει
2402 3142 2414 3154 ·
2452 3124 2644 3176 «Καὶό
2675 3121 2800 3182 λαός
2830 3137 2953 3191 μου,
2992 3115 3210 3170 »οὐκέτι
3230 3118 3258 3167 6
3296 3112 3535 3185 Ἰσραὴλ,
3566 3108 3683 3163 ἀλλ’
3719 3126 3740 3159 ε
3778 3108 3813 3161 6

2233 3217 2385 3286 ἐμός,
2414 3235 2431 3265 ι
2458 3215 2609 3284 φησὶ,
2639 3233 2656 3264 ι
2678 3214 2803 3275 λαὸς
2819 3211 3005 3280 δψεται
3020 3208 3120 3279 τὴν
3133 3206 3287 3272 δόξαν
3306 3204 3533 3275 Κυρίου·
3563 3221 3581 3253 ι
3600 3202 3810 3268 ταύτην

2232 3307 2329 3377 τὴν
2355 3305 2679 3374 ἐπαγγελίαν
2700 3303 2792 3356 τοῦ
2814 3303 2970 3371 λόγου
2993 3300 3321 3372 παρέχοντος
3335 3298 3413 3368 τῷ
3423 3297 3529 3367 νέῳ
3552 3294 3689 3365 λαῷ,
3708 3292 3813 3348 at:

2236 3397 2660 3470 παρα-δεξαμένῳ
2680 3398 2777 3466 τὴν
2811 3394 3033 3466 πρώτην
3064 3391 3158 3447 τοῦ
3182 3393 3432 3464 Σωτῆρος
3458 3390 3765 3461 παρουσίαν
3790 3405 3806 3421 ο

2231 3492 2312 3544 διὸ
2352 3491 2445 3542 καὶ
2472 3490 2572 3559 τὴν
2596 3488 2852 3557 δευτέραν
2881 3486 2974 3540 καὶ
3018 3484 3223 3549 ἔνδοξον
3269 3484 3434 3538 αὑτοῦ
3469 3484 3617 3547 θέαν,
3646 3481 3710 3534 τό
3745 3496 3813 3535 τε

2234 3583 2365 3653 ὕψος
2398 3580 2560 3635 αὑτοῦ
2587 3580 2870 3652 θεωρήσει.

2309 3782 2328 3814 ι
2368 3760 2663 3831 Ἰσχύσατε,
2708 3764 2884 3832 χεῖρες
2932 3762 3233 3831 ἀνειμέναι,
3276 3760 3371 3813 καὶ
3396 3760 3596 3828 γόνατα
3622 3773 3814 3829 παρω-

2232 3854 2518 3924 λελυμένα,
2550 3853 2980 3923 παρακαλέσατεο
3010 3872 3028 3904 ι
3065 3852 3156 3905 τοῦ
3183 3850 3340 3919 λόγου
3366 3848 3817 3919 παρακελευομέ-

2234 3954 2323 3999 hu
2372 3946 2483 4005 τοῖς
2523 3942 2615 3995 τοῦ
2650 3942 2897 4013 Σωτῆρος
2942 3942 3100 4013 ἡμῶν
3132 3943 3397 4013 μαθηταῖς
3430 3958 3488 3993 τε
3534 3941 3629 3993 καὶ
3669 3940 3817 3993 ἀπο-

2237 4036 2440 4096 στόλοις
2469 4034 2734 4104 ἐνισχύειν
2761 4034 2859 4097 τὰς
2903 4034 3237 4105 παρειμένας
3268 4035 3325 4086 ἐν
3350 4035 3462 4094 τοῖς
3498 4031 3672 4084 ἔθνεσι
3699 4030 3814 4099 ψυμ-

2236 4126 2356 4196 χὰς,
2384 4126 2478 4178 καὶ
2507 4126 2576 4178 τὰ
2606 4125 2715 4178 τῶν
2750 4112 3124 4195 ἡσθενηκότων
3158 4124 3361 4191 γόνατα
3386 4122 3694 4195 κρατύνειν.

2311 4236 2329 4265 ι
2352 4216 2415 4267 Ol
2437 4214 2742 4284 όλιγόψυχοι
2765 4216 2831 4284 τῆ
2856 4215 3082 4285 διανοίᾳ,
3118 4214 3393 4283 ἰσχύσατε,
3424 4213 3497 4282 μὴ
3531 4210 3817 4280 φοϐεῖσθε.

2251 4308 2377 4361 Ἰδοὺ
2430 4309 2459 4359 6
2502 4307 2633 4369 Θεὸς
2691 4306 2839 4376 ὑμῶν
2879 4307 3057 4376 κρίσιν
3102 4304 3489 4358 ἀνταποδίδωσι
3542 4307 3635 4358 καὶ
3681 4306 3820 4359 άντ-

2238 4396 2523 4449 αττοδώσει⁸
2558 4395 2718 4457 αὐτὸς
2751 4395 2888 4465 ἥξει,
2929 4396 3019 4447 καὶ
3064 4394 3223 4446 σώσει
3259 4395 3428 4463 ἡμᾶς.
3456 4412 3474 4442 ι
3530 4392 3648 4445 Κᾶν
3698 4392 3821 4467 γάρ

572 4491 670 4529 vos
723 4476 938 4543 quidam
983 4483 1390 4542 persequantur,
1437 4474 1693 4541 vobisque
1729 4473 1901 4524 minas
1934 4481 1989 4525 et
2026 4480 2129 4524 ter-

2236 4487 2468 4540 διώκωσί
2512 4504 2653 4549 τινες
2678 4485 3039 4547 ἀπειλοῦντες,
3076 4486 3169 4537 καὶ
3202 4486 3401 4551 φόὸους
3433 4486 3818 4554 ἐμποιοῦντες,

574 4582 748 4621 mrem
811 4566 1106 4630 incutiant,
1181 4565 1364 4634 plagas
1441 4564 1565 4617 item
1612 4573 1667 4617 et
1726 4570 1993 4618 termenta
2048 4563 2131 4615 in-

572 4656 799 4724 !ligant;
853 4666 908 4707 at
946 4670 1069 4719 vos,
1130 4657 1338 4723 inquit,
1391 4657 1515 4709 olim
1566 4654 1972 4723 pusillanimes,
2018 4653 2130 4721 jam

575 4749 765 4801 robore
808 4762 871 4799 ac
912 4746 1224 4801 fortitudine
1262 4747 1525 4807 instructi,
1567 4761 1633 4799 ne
1684 4748 1890 4806 timete,
1942 4746 2136 4814 quippe

571 4838 660 4904 qui
699 4839 862 4891 Deum
911 4839 1179 4892 vobiscum
1221 4839 1365 4892 omni
1418 4849 1655 4907 tempore
1694 4847 1999 4893 versantem
2043 4840 2133 4892 ha-

572 4928 766 4982 beatis.
815 4928 927 4981 llac
971 4930 1152 4996 itaque
1192 4930 1377 4982 imbuti
1411 4930 1713 4995 disciplina,
1752 4946 1846 4984 vos
1874 4932 2001 4985 olim
2036 4946 2133 4999 pu-

571 5017 887 5080 sillanimes,
921 5018 1322 5082 sonl'ortamini,
1352 5029 1406 5071 et
1442 5036 1505 5072 ne
1538 5020 1788 5075 timentis.

642 5110 806 5162 Vsus.
834 5110 888 5172 5,
919 5110 970 5162 6.
1009 5128 1026 5158 ι
1054 5110 1203 5163 Tunc
1228 5112 1539 5178 apesientur
1568 5111 1705 5164 oculi
1742 5126 2026 5170 caecorum.
2080 5121 2137 5165 et

571 5216 728 5255 aures
765 5203 1051 5254 surdorum
1094 5202 1331 5254 audient.
1376 5198 1530 5254 Tunc
1575 5202 1729 5255 saliet
1773 5204 1914 5257 sicut
1944 5217 2136 5257 cervus

572 5294 817 5355 claudus,
854 5302 908 5346 et
937 5294 1135 5345 diserta
1167 5293 1269 5345 erit
1304 5294 1481 5362 lingua
1514 5292 1807 5347 balborum.
1838 5314 1855 5345 ι
1891 5294 1968 5348 Illi
2005 5295 2132 5349 olim

572 5386 718 5437 surdi
763 5396 815 5436 et
860 5386 1008 5444 cmci,
1054 5385 1143 5450 qui
1189 5386 1422 5437 divinam
1452 5386 1750 5439 doctrinam
1800 5402 1902 5440 non
1941 5387 2131 5440 audie-

575 5485 727 5537 runt,
760 5492 920 5537 nunc,
958 5491 1053 5541 per
1093 5475 1209 5542 ejus
1263 5476 1510 5542 gratiam,
1551 5476 1734 5529 auditu
1769 5480 2031 5546 perceptis
2052 5477 2131 5530 di-

572 5569 710 5620 vinis
761 5568 985 5634 eloquiis
1053 5568 1248 5619 eruditi
1301 5578 1586 5620 evaserunt
1631 5588 1639 5619 :
1701 5569 1805 5623 into
1854 5571 2014 5624 etiam
2068 5568 2127 5635 ii,

643 5740 687 5770 '“
731 5741 767 5793 ll
802 5742 923 5795 Cor.
956 5757 1013 5807 ιι,
1049 5742 1127 5795 lii.
1206 5745 1247 5773 ⁵⁵
1277 5744 1427 5797 Cant.
1467 5761 1559 5811 vn,
1595 5745 1675 5798 l5.

2236 4578 2413 4638 αἰκίας
2457 4592 2517 4628 τε
2545 4577 2639 4628 καί¹
2676 4576 2937 4644 βασάνους
2969 4575 3262 4639 ἐπάγοντες
3286 4591 3299 4604 ο
3336 4575 3451 4627 ἀλλ’
3486 4576 3662 4643 ὑμεῖς,
3700 4593 3817 4647 φη-

2238 4662 2342 4723 civ,
2370 4662 2420 4713 οἵ
2446 4678 2573 4713 ποτε
2603 4662 2908 4730 ὀλιγόψυχοι
2927 4701 2941 4722 ,
2979 4661 3158 4729 ἰσχύος
3188 4679 3246 4714 τε
3282 4664 3375 4716 καὶ
3400 4664 3681 4733 δυνάμεως
3714 4684 3819 4735 με-

2232 4752 2679 4821 ταλαμϐάνοντες,
2729 4752 2802 4821 μὴ
2848 4752 3116 4818 φοϐεῖσθε,
3156 4754 3368 4822 ἔχοντες
3412 4756 3502 4807 τὸν
3541 4758 3816 4828 ὑμέτερον

2229 4842 2315 4895 διὰ
2352 4844 2549 4905 παντὸς
2599 4844 2726 4910 ὑμῖν
2776 4843 2995 4894 συνόντα
3039 4844 3187 4896 Θεὸν.
3238 4844 3419 4899 Ταῦτα
3459 4847 3636 4901 τοίνυν
3678 4867 3818 4903 παι‹

2236 4933 2527 4996 δευθέντες,
2577 4936 2733 5003 ὑμεῖς
2780 4934 2833 4986 οἵ
2879 4951 3005 4985 ποτε
3060 4935 3386 5004 ὀλιγόψυχοι,
3416 4939 3672 5007 ἰσχύσατε
3717 4943 3822 4993 καὶ

2244 5023 2316 5093 μὴ
2347 5024 2616 5090 φοϐεῖσθε.

2316 5135 2331 5163 ι
2361 5114 2490 5166 Τότε
2531 5116 2933 5185 ἀνοιχθήσονται
2953 5117 3219 5187 ὀφθαλμοὶ
3265 5119 3500 5187 τυφλῶν,
3550 5122 3644 5173 καὶ
3695 5116 3819 5179 ὦτα

2244 5206 2437 5273 κωφῶν
2464 5206 2781 5259 ἀκούσονται
2802 5224 2814 5237 ⁶
2846 5209 2963 5260 τότε
2986 5209 3189 5261 ἁλεῖται
3213 5210 3287 5272 ὡς
3312 5210 3528 5280 ἔλαφος,
3562 5214 3589 5263 6
3613 5214 3813 5282 χωλὸς,

2240 5295 2331 5346 καὶ
2378 5294 2549 5366 τρανὴ
2600 5294 2747 5346 ἔσται
2777 5297 2808 5363 ἡ
2839 5296 3052 5362 γλῶσσα
3088 5297 3408 5367 μογιλάλων.
3431 5317 3448 5347 ι
3491 5299 3601 5351 Καὶ
3626 5302 3674 5351 οἱ
3703 5319 3818 5353 κω-

2241 5386 2350 5452 φοὶ,
2377 5387 2564 5453 τυφλοί
2583 5403 2641 5437 τε
2674 5386 2766 5437 καὶ
2782 5388 2999 5455 ἀνήκοοι
3026 5387 3183 5439 θείων
3207 5387 3379 5451 λόγων
3409 5387 3691 5456 πρότερον,
3712 5390 3816 5441 νῦν

2239 5476 2323 5528 διὰ
2365 5479 2460 5547 τῆς
2510 5476 2675 5528 αὑτοῦ
2719 5477 2937 5546 χάριτος
2980 5479 3339 5547 ἐπιστήμονες
3386 5478 3639 5544 γεγόνασι
3686 5483 3813 5544 ταῖς

2240 5570 2342 5621 τῶν
2373 5568 2738 5622 Dama/stic:th
2764 5569 2957 5635 λογίων
2988 5570 3205 5632 ἀκοαῖς
3241 5568 3372 5621 ἀλλὰ
3411 5571 3499 5621 καὶ
3533 5571 3581 5622 οί
3613 5587 3813 5640 παρεισ-
