4058 6404
267 386 365 451 ιιι

1146 381 1652 438 COMMENTARIA
1692 379 1755 434 [Ν
1800 381 2049 435 ISAIAM.
2095 410 2161 421 —
2199 378 2351 435 CAP.
2395 376 2613 434 XXXV.

3409 367 3518 427 342

269 517 421 571 μενοι
452 500 553 565 τὰς
582 500 767 570 βάσεις
795 498 892 567 τῆς
926 497 1103 565 ψυχῆς
1146 496 1489 565 ἀνεπήδησαν
1524 494 1735 560 ἐλάφων
1766 493 1824 545 δί-

1945 507 2171 561 quorum
2207 493 2402 546 anima
2442 505 2662 561 gressus
2707 487 2928 543 resoluti
2971 500 3037 541 ac
3078 484 3289 540 remissi
3339 498 3517 549 erant,

265 610 385 663 κην,
427 597 542 655 τοῖς
572 591 749 647 αὐτῶν
775 588 1185 659 ἐξομοιωθέντες
1223 587 1585 649 διδασκάλοις·
1627 585 1719 649 οὓς
1751 604 1837 656 μι-

267 684 393 754 κροῦ
423 683 663 753 πρόσθεν
708 681 940 749 ἐλάφους
972 679 1251 748 ὠνόμασεν
1284 682 1316 748 ή
1362 677 1684 749 προφητεία.
1732 679 1838 731 Καὶ

266 777 296 844 ή
337 774 448 827 τῶν
492 773 796 843 μογιλάλων
822 771 1061 839 γλῶσσα,
1104 772 1170 839 ἦν
1204 769 1493 839 συνέδησεν
1534 772 1562 822 ό
1592 769 1837 831 Σατανᾶς

265 868 396 935 πρὸς
422 866 488 917 τὸ
522 866 597 935 μὴ
631 863 899 932 θεολογεῖν
930 862 1021 915 τὸν
1059 862 1230 933 άληθῆ
1263 860 1416 921 Θεὸν,
1460 859 1635 930 τρανὰ
1670 860 1835 929 φθέγ-

262 954 451 1025 γεσθαι
482 956 577 1008 καὶ
613 952 994 1025 διηρθρωμένα
1037 950 1377 1022 μεμάθηκεν.
1407 948 1744 1017 Μογιλάλους
1780 950 1836 1000 δὲ

260 1048 358 1099 οὐκ
388 1045 459 1099 ἂν
485 1047 758 1117 ἁμάρτοις
798 1044 967 1097 εἰπὼν
999 1044 1127 1107 τοὺς
1157 1042 1309 1113 παρὰ
1357 1044 1468 1105 τοῖς
1512 1044 1695 1108 σοφοῖς
1743 1041 1835 1094 τοῦ

258 1137 454 1201 αἰῶνος
500 1138 717 1199 τούτου,
774 1136 932 1206 μόγις
977 1136 1108 1187 ποτὲ
1151 1132 1525 1203 τολμήσαντας
1575 1131 1734 1201 ὀρθόν
1784 1149 1835 1184 τι

259 1229 525 1301 φρονῆσαι
561 1228 654 1279 καὶ
680 1228 853 1279 εἰπεῖν
884 1227 1011 1296 περὶ
1040 1222 1197 1278 Θεοῦ.

330 1338 349 1370 ι
379 1320 505 1371 Ὀτι
535 1319 745 1389 ἐρράγη
778 1318 837 1369 ἐν
864 1318 931 1387 τῇ
971 1316 1162 1386 ἐρήμῳ
1202 1314 1375 1385 ὕδωρ,
1418 1312 1508 1367 καὶ
1538 1311 1754 1382 φάραγξ
1780 1314 1836 1363 ἐν

257 1410 324 1479 τῇ
349 1406 582 1478 διψώσῃ.
613 1408 723 1460 Καὶ
753 1406 906 1459 ἔσται
937 1408 970 1476 ή
1000 1405 1224 1476 ἄνυδρος
1258 1405 1337 1467 εἰς
1368 1403 1485 1473 ἕλη,
1522 1405 1613 1456 καὶ
1637 1406 1716 1466 εἰς
1740 1406 1835 1474 τὴν

254 1498 497 1567 διψῶσαν
544 1499 647 1569 γῆν
695 1500 846 1569 πηγὴ
896 1498 1083 1560 ὓδατος
1127 1496 1301 1550 ἔσται.
1355 1496 1500 1560 Ἐκεῖ
1531 1496 1833 1566 εὐφροσύνη

253 1586 478 1657 ὀρνέων,
530 1588 802 1651 ἐπαύλεις.
835 1588 1080 1658 καλάμου
1132 1588 1225 1639 καὶ
1270 1586 1387 1655 ἕλη.
1416 1606 1433 1636 ι
1485 1584 1559 1638 Τὸ
1605 1589 1704 1655 μὲν
1742 1582 1834 1637 οὖν

256 1678 435 1749 ὕδωρ,
468 1680 602 1733 αὐτὸ
631 1676 699 1751 ἦν
731 1681 906 1733 ἐκεῖνο
935 1681 997 1734 τὸ
1027 1679 1121 1733 τοῦ
1167 1679 1433 1750 Ἰορδάνου
1460 1696 1473 1709 ·
1509 1680 1590 1733 διὸ
1619 1679 1836 1748 ἐλέγετο

255 1769 439 1840 μικρῷ
476 1770 713 1841 πρόσθεν
735 1789 750 1804 ·
810 1791 827 1823 t
858 1771 967 1824 Kal
1001 1770 1383 1839 άγαλλιάσεται
1412 1770 1480 1823 τά
1521 1770 1702 1840 ἔρημα
1739 1770 1831 1822 τοῦ

1936 583 2047 653 jam
2096 598 2380 638 cervorum
2430 584 2601 637 instar
2646 578 2989 642 exsilierunt,
3040 576 3353 631 doctoribus
3404 578 3519 631 suis

1938 675 2142 731 similes
2168 674 2379 738 effecti,
2415 689 2551 743 quos
2597 673 2757 741 paulo
2802 684 2965 739 supra
3006 678 3195 724 cervos
3233 667 3517 736 pr0phetia

1940 768 2168 823 vocavit.
2202 766 2490 821 Balborum
2526 776 2705 817 autem
2748 762 2950 831 lingua,
2982 774 3167 830 quam,
3212 773 3282 813 ne
3326 773 3516 813 verum

1940 859 2106 913 Deum
2133 858 2509 921 conﬁteretur,
2543 854 2895 925 colligaverat
2920 852 3179 917 Satanas,
3208 850 3354 905 clara
3383 865 3517 903 voce

1940 962 1995 1004 et
2038 950 2362 1004 articulatim
2419 949 2581 1002 verba
2644 945 3000 1017 pronuntiare
3049 942 3261 998 didicit.
3318 941 3520 996 Balbos

1938 1056 2100 1109 porro
2148 1041 2461 1109 neutiquam
2495 1042 2739 1103 aberres,
2776 1037 2822 1091 si
2864 1038 3013 1092 dicas
3050 1050 3145 1090 eos
3173 1049 3296 1090 esse
3327 1050 3395 1088 ex
3422 1048 3516 1087 sa—

1937 1132 2208 1201 pientibus
2237 1132 2398 1200 hujus
2430 1130 2639 1195 saeculi,
2672 1130 2764 1199 qui
2790 1129 2880 1183 vix
2912 1128 3048 1183 recti
3078 1124 3281 1197 aliquid
3310 1126 3378 1182 de
3405 1125 3518 1181 Deo

1939 1238 2175 1292 unquam
2207 1226 2409 1279 sentire
2438 1238 2502 1277 ac
2530 1221 2716 1276 dicere
2742 1223 2858 1278 ausi
2886 1229 3033 1275 sunt.

2010 1315 2177 1370 Vens.
2206 1316 2260 1370 7.
2308 1314 2481 1381 «Quia
2517 1313 2695 1382 erupit
2725 1314 2777 1367 in
2809 1315 3024 1368 deserto
3062 1326 3227 1380 aqua,
3268 1321 3327 1364 et
3362 1308 3519 1365 vallis

1938 1408 1990 1459 in
2026 1416 2171 1460 terra
2199 1404 2431 1459 sitienti.
2475 1403 2541 1458 Et
2566 1405 2671 1458 erit
2704 1404 2964 1472 inaquosa
2997 1404 3051 1458 in
3081 1402 3325 1473 paludes,
3369 1412 3423 1456 et
3461 1402 3516 1456 in

1938 1509 2082 1552 terra
2134 1498 2341 1552 sitienti
2393 1497 2517 1551 fons
2573 1510 2730 1564 aqua:
2778 1498 2901 1552 erit.
2957 1496 3032 1552 lbi
3075 1494 3258 1550 laetitia
3307 1494 3515 1559 avium,

1939 1590 2111 1645 caulae
2152 1589 2439 1645 arundinis
2470 1598 2527 1644 et
2568 1588 2816 1658 paludes.
2844 1609 2863 1641 ι
2896 1590 3049 1658 Aqua
3077 1589 3292 1653 istbaec,
3315 1588 3385 1642 de
3410 1603 3518 1657 qua

1939 1678 2200 1747 loquitur,
2247 1676 2502 1732 Jerdanis
2529 1687 2649 1732 erat
2678 1691 2695 1731 :
2734 1692 2904 1746 quare
2933 1677 3096 1744 paulo
3129 1687 3259 1732 ante
3297 1677 3517 1732 diceba-

1938 1780 2047 1826 tur.
2090 1789 2109 1822 ι
2142 1770 2209 1825 Ει
2241 1768 2594 1824 exsultabuut
2628 1769 2844 1824 deserta
2870 1768 3142 1824 Jordanis.
3174 1787 3193 1821 ι
3230 1767 3351 1834 Quo
3381 1768 3519 1822 lava-

262 1855 555 1929 Ἰορδάνου.
582 1878 600 1912 ι
634 1861 714 1915 Δι’
746 1854 807 1914 οὗ
837 1860 932 1914 καὶ
968 1859 1211 1930 ᾐνίττετο
1236 1860 1297 1912 τὸ
1337 1858 1560 1930 λουτρὸν
1602 1861 1700 1930 τῆς
1732 1876 1824 1913 πα-

1940 1878 2091 1917 crum
2140 1862 2567 1932 regenerationis
2622 1861 3039 1925 subindicabat,
3084 1876 3297 1917 necnon
3320 1859 3517 1915 Testa-

249 1948 625 2019 λιγγενεσιας,
675 1953 769 2005 καὶ
820 1951 883 2004 τὸ
938 1952 1041 2022 τῆς
1084 1950 1277 2020 καινῆς
1308 1952 1580 2023 Διαθήκης
1627 1957 1831 2023 μυστή-

251 2061 395 2114 ριον·
440 2042 511 2097 τα
534 2043 590 2096 δὲ
618 2044 808 2114 ῥεῖθρα
832 2045 959 2106 τοὺς
986 2042 1373 2111 εὐαγγελικοὺς
1401 2043 1590 2113 ἐδήλου
1619 2043 1827 2111 λόγους.

254 2161 273 2190 ε
299 2134 655 2209 Εὐφροσύνην
679 2134 908 2205 ὀρνέωνο
934 2152 952 2184 ι
982 2132 1168 2203 ψυχῶν
1193 2134 1584 2204 ὲπτερωμένων
1607 2133 1826 2205 δηλαδὴ,

247 2233 347 2285 καὶ
394 2227 811 2303 μετεωροποιῶν
834 2266 849 2291 ,
890 2226 984 2280 καὶ
1026 2225 1202 2280 ἄλλων
1239 2227 1463 2297 ἡμέρων
1504 2230 1599 2281 καὶ
1639 2229 1828 2300 πράων

245 2325 357 2378 ὑπὸ
405 2322 487 2395 τῷ
540 2324 689 2393 καλῷ
743 2320 990 2393 ποιμένι-
1014 2319 1397 2392 διοικουμένων
1453 2321 1529 2384 ὡς
1571 2320 1827 2375 δύνασθαι

241 2414 428 2482 λέγειν
451 2431 464 2444 ·
512 2414 753 2485 «Κύριος
791 2412 1068 2482 ποιμαίνει
1106 2429 1204 2483 με,
1248 2414 1343 2465 καὶ
1387 2412 1537 2467 οὐδέν
1575 2431 1640 2485 με
1669 2414 1825 2468 ὑστε-

239 2505 429 2576 ρήσει.
456 2523 476 2556 ι

321 2594 553 2648 «Ἔσται
580 2596 697 2648 ἐκεῖ
724 2594 840 2657 όδὸς
867 2594 1107 2665 καθαρὰ,
1144 2596 1239 2649 καὶ
1270 2595 1386 2658 ὁδὸς
1410 2594 1542 2662 ἁγία
1569 2596 1827 2668 κληθήσε-

236 2702 371 2740 ται·
422 2685 517 2740 καὶ
543 2687 604 2738 οὐ
648 2688 722 2756 μὴ
754 2688 997 2758 παρέλθῃ
1029 2690 1146 2741 ἐκεῖ
1170 2688 1497 2756 ἀκάθαρτος.
1527 2710 1545 2739 ι
1586 2689 1733 2759 Αὕτη
1767 2690 1824 2742 δὲ

238 2778 330 2848 εἴη
359 2777 427 2830 ἂν
467 2778 501 2847 ή
538 2778 825 2846 ἀπάγουσα
858 2781 951 2832 ἐπὶ
992 2780 1054 2833 τὸ
1099 2782 1495 2852 τρισμακάριον
1537 2781 1689 2844 τέλος
1724 2782 1822 2853 τῆς

236 2847 567 2939 ιπουρανὶου
600 2869 693 2921 τοῦ
737 2868 872 2923 Θεοῦ
906 2847 1145 2937 πόλεως,
1162 2847 1241 2942 ἥν-
1260 2847 1529 2942 παριστὰς
1566 2876 1595 2925 ὁ
1633 2847 1822 2944 Σωτήρ

236 2957 430 3025 ueer
454 2971 468 2985 '
493 2977 511 3009 ι
536 2957 676 3027 Ἐγώ
703 2960 871 3029 εἰμιὴ
905 2960 1041 3024 ὁδός.
1086 2980 1104 3012 ι
1138 2981 1155 3011 ι
1179 2961 1311 3014 Οὐδὲ
1362 2961 1514 3014 ἔσται
1559 2964 1674 3015 ἐκεῖ
1705 2963 1824 3026 ὁδὸς

234 3046 551 3117 ἀκάθαρτος
574 3065 587 3078 ·
623 3052 673 3102 οἱ
714 3048 771 3101 δὲ
808 3050 1195 3121 διεσπαρμένοι
1227 3052 1581 3123 πορεύσονται
1610 3055 1696 3107 ἐπ’
1726 3054 1824 3107 αύ-

234 3135 362 3205 ςῆς,
394 3137 488 3189 καὶ
511 3137 571 3189 ού
620 3136 693 3207 μὴ
730 3137 1060 3209 πλανηθῶσι.
1095 3159 1114 3191 ι
1158 3140 1311 3203 Τίνες
1346 3140 1405 3193 δὲ
1440 3135 1606 3203 οὗτοι,
1640 3141 1754 3195 ἀλλ’
1786 3143 1819 3212 ἢ

235 3229 287 3279 οἱ
343 3226 507 3282 πάλαι
551 3227 989 3298 διεσκεδασμένοι
1026 3229 1119 3292 τοῦ
1152 3224 1421 3285 Θεοῦκαὶ
1472 3234 1689 3302 μακρὰν
1726 3237 1823 3305 τῆς
1850 3224 1893 3254 ιι

234 3316 501 3385 ἀληθείας
525 3319 1032 3389 άποπλανηθέντες;
1083 3316 1239 3375 Οὗτοι
1279 3322 1421 3393 γάρ,
1457 3324 1824 3395 παλινδρομή-

238 3423 437 3471 σαντες
461 3447 475 3470 ,
524 3410 617 3462 καὶ
644 3412 743 3481 τὴν
778 3410 989 3464 εὐθεῖαν
1027 3411 1122 3463 καὶ
1154 3411 1372 3481 ἀπλανῆ
1404 3412 1522 3465 ὁδὸν
1551 3414 1823 3485 εὑρόντες,

236 3499 604 3570 πορεύσονται
637 3502 695 3553 έν
722 3502 884 3571 αὐτῇ.
1642 3495 1650 3504 ”

318 3611 338 3642 ε
364 3592 472 3644 Καὶ
499 3593 598 3644 οὐκ
627 3591 778 3645 ἔσται
805 3595 923 3646 ἐκεῖ
952 3594 1109 3658 λέων,
1138 3596 1259 3649 οὐδὲ
1296 3595 1406 3649 τῶν
1435 3598 1686 3668 πονηρῶν
1727 3599 1823 3669 θη-

236 3680 375 3753 ρίων
403 3680 464 3733 ού
495 3682 569 3751 μὴ
604 3682 778 3753 ἀναϐῇ
812 3684 891 3746 εις
922 3684 1112 3753 αὐτὴν,
1145 3684 1264 3737 οὐδὲ
1301 3684 1376 3756 μὴ
1413 3686 1607 3757 εὑρεθῇ
1636 3689 1770 3739 ἐκεῖ.
1796 3708 1815 3740 ι

237 3770 367 3833 Πῶς
395 3770 502 3841 γὰρ
539 3774 633 3825 καὶ
658 3766 778 3825 οἷόν
808 3790 869 3825 τε
895 3769 963 3843 ἦν
995 3776 1055 3826 ἐν
1081 3773 1158 3844 τῷ
1181 3776 1447 3847 εἰρηκότι,
1488 3796 1506 3827 ι
1540 3777 1679 3845 Ἐγώ
1706 3780 1819 3848 ειμι

234 3866 274 3933 ἡ
325 3863 510 3928 ὁδὸς,»
563 3865 853 3936 εὑρεθῆναι
902 3884 957 3919 τι
1005 3866 1113 3920 τῶν
1161 3868 1443 3938 πονηρῶνς
1501 3868 1635 3921 Οὐδὲ
1671 3871 1821 3934 ὁδοὺς

232 3953 418 4022 ιφεως
459 3956 553 4008 ἐπὶ
601 3958 806 4028 πέτραν
851 3957 1073 4012 δυνατὸν
1106 3954 1175 4029 ἦν
1218 3958 1396 4029 εὑρεῖν
1430 3959 1569 4012 κατὰ
1606 3960 1696 4013 τὸν
1727 3962 1820 4015 Σο-

234 4044 512 4115 λομῶντα.

316 4156 336 4187 ι
359 4138 517 4192 Ἀλλά
566 4141 923 4213 πορεύσονται
965 4143 1023 4195 ὲν
1064 4139 1202 4215 αὐτῇ
1248 4143 1673 4215 λελυτρωμένοι,
1725 4149 1819 4199 καὶ

234 4230 568 4299 συνηγμένοι
615 4230 701 4283 διὰ
742 4232 985 4301 Κυρίου·
1022 4252 1042 4283 ι
1080 4232 1173 4296 οὓς
1217 4234 1380 4297 αὐτὸς
1421 4234 1661 4302 δηλονότι
1697 4235 1818 4287 ἐλυ-

230 4318 487 4387 τρώσατο
512 4318 588 4388 τῷ
626 4320 739 4390 ἰδίῳ
766 4321 957 4390 αἵματι
976 4361 991 4383 ,
1024 4323 1116 4375 καὶ
1145 4325 1193 4375 οἱ
1228 4324 1553 4393 συνηγμένοι
1595 4324 1683 4377 διὰ
1708 4327 1818 4377 Κυ-

233 4407 380 4480 ρίου,
408 4408 522 4463 ἀλλ’
555 4412 674 4463 οὐδὲ
697 4411 786 4464 διά
813 4415 1113 4485 προφήτου,
1139 4415 1258 4467 οὐδὲ
1288 4414 1377 4467 διά
1406 4431 1550 4478 τινος
1583 4417 1815 4485 σπουδῆς

1934 1955 2100 2008 menti
2134 1954 2267 2008 Novi
2309 1955 2627 2023 mysterium
2671 1971 2685 2009 :
2736 1969 2831 2023 per
2861 1954 3061 2008 ﬂuenta
3096 1964 3304 2019 autem,
3352 1968 3515 2008 evan-

1932 2046 2132 2113 gelicos
2169 2059 2451 2099 sermones
2481 2046 2725 2099 denotat.
2763 2066 2780 2096 ι
2806 2044 3019 2100 Laetitia
3062 2048 3281 2111 avium;
3307 2064 3327 2096 ι
3367 2044 3518 2099 vide—

1930 2135 2056 2191 licet
2082 2135 2388 2189 animarum
2421 2147 2806 2205 pennatarum,
2842 2147 2898 2192 et
2928 2138 3346 2201 altivolantium,
3381 2138 3517 2192 alia-

1931 2247 2160 2301 rumque
2223 2239 2631 2287 mansuetarunt
2688 2246 2754 2286 ac
2805 2232 2960 2287 home
3028 2229 3263 2295 indolis,
3311 2244 3434 2299 quae
3485 2244 3516 2281 a

1930 2326 2071 2379 bono
2112 2336 2325 2396 pastore
2370 2332 2659 2395 reguntur;
2708 2334 2766 2378 ut
2814 2324 3001 2377 dicere
3034 2324 3297 2377 valeant:
3354 2340 3373 2372 ε
3404 2322 3514 2375 Do-

1930 2416 2108 2472 minus
2136 2419 2309 2487 pascit
2342 2431 2448 2483 me,
2477 2426 2532 2471 et
2560 2416 2697 2471 nihil
2732 2415 2863 2470 mihi
2897 2415 3073 2471 deerit
3094 2415 3164 2468 ⁸⁶.
3192 2434 3212 2468 ι

1997 2593 2161 2650 Vsus.
2196 2595 2249 2649 8.
2301 2616 2319 2645 ‹
2347 2595 2420 2650 lbi
2451 2596 2558 2649 erit
2592 2595 2675 2649 via
2716 2610 2871 2664 pura,
2913 2605 2967 2649 et
2994 2595 3077 2649 via
3119 2604 3311 2649 sancta
3344 2610 3506 2648 voca-

1927 2688 2112 2751 bitur;
2172 2697 2228 2740 et
2287 2704 2393 2742 non
2457 2687 2712 2743 transibit
2776 2686 2901 2741 illac
2952 2686 3329 2740 immundus.»
3383 2683 3512 2740 Haec

1927 2793 2058 2832 sane
2089 2777 2252 2834 fuerit
2302 2781 2419 2846 illa,
2454 2795 2576 2849 quae
2626 2780 2777 2834 ducit
2823 2781 2889 2833 ad
2927 2770 3298 2833 felicissimum
3347 2778 3508 2831 linem

1924 2871 2170 2928 cmlestis
2218 2872 2313 2925 Dei
2366 2872 2636 2935 civitatis,
2688 2885 2853 2940 quam
2904 2870 3192 2925 declarans
3245 2871 3510 2925 Servator

1926 2963 2137 3017 dicebat
2173 2982 2186 3020 :
2242 2981 2260 3014 ι
2295 2964 2403 3034 Ego
2429 2978 2550 3018 sum
2598 2966 2679 3016 via
2706 2982 2726 3014 ι
2755 2964 2825 3020 ⁸⁷.
2880 2982 2899 3014 ι
2924 2961 3110 3032 Neque
3147 2962 3253 3016 erit
3300 2963 3371 3016 ibi
3420 2963 3509 3015 via

1926 3053 2135 3125 impura
2170 3073 2183 3107 :
2215 3057 2304 3124 qui
2343 3064 2526 3109 autem
2580 3056 2811 3123 dispersi
2858 3064 3009 3117 sunt,
3049 3052 3406 3109 ambulabunt
3453 3056 3508 3107 in

1924 3160 2009 3211 ea,
2046 3163 2224 3217 neque
2245 3149 2529 3203 errabuut.
2554 3166 2573 3199 ι
2620 3148 2850 3213 Quinam
2894 3147 2991 3211 illi,
3041 3147 3162 3201 nisi,
3188 3145 3279 3214 qui
3312 3145 3441 3200 olim
3478 3163 3507 3201 a

1930 3237 2039 3293 Deo
2078 3240 2393 3310 disgregati,
2422 3256 2452 3294 a
2480 3242 2711 3295 veritate
2743 3241 2928 3308 procul
2962 3240 3395 3294 aberraverant?
3442 3239 3504 3294 lli

1927 3345 2160 3400 namque
2191 3334 2529 3401 retrogressi,
2566 3333 2893 3399 inventaque
2942 3342 3084 3386 recta
3144 3332 3385 3401 nullique
3410 3348 3504 3387 cr-

1925 3422 2033 3476 rori
2062 3424 2295 3478 obnoxia
2326 3426 2433 3490 via,
2464 3426 2516 3479 in
2550 3440 2612 3480 ea
2642 3426 3018 3480 ambulabunt.

1999 3601 2157 3657 Vens.
2184 3602 2236 3656 9.
2291 3603 2401 3656 «Et
2452 3619 2557 3657 non
2613 3603 2716 3656 erit
2772 3602 2847 3657 ibl
2878 3603 2982 3667 leo,
3036 3617 3210 3671 neque
3265 3602 3374 3655 ulla
3434 3619 3503 3657 ex

1924 3694 2080 3748 malis
2123 3693 2312 3749 bestiis
2357 3694 2614 3750 ascendet
2664 3696 2715 3748 in
2770 3710 2913 3759 eam,
2970 3709 3147 3763 neque
3194 3695 3505 3750 invenietur

1923 3785 2016 3840 ibi.
2052 3806 2071 3839 ι
2128 3787 2230 3853 Qui
2280 3787 2425 3841 enim
2456 3787 2573 3841 ﬁeri
2604 3796 2859 3856 poterat,
2912 3788 3047 3840 utin
3090 3802 3195 3852 eo,
3223 3786 3314 3855 qui
3348 3788 3507 3843 dixe-

1924 3890 2027 3944 rat,
2065 3896 2083 3929 ι
2115 3879 2227 3950 Ego
2263 3895 2382 3934 sum
2427 3880 2534 3943 via,
2566 3899 2583 3931 ι
2624 3879 2750 3933 mali
2798 3879 3081 3947 quidpiam
3122 3879 3503 3947 reperiretur?

1920 3970 2108 4039 Neque
2139 3972 2254 4025 vias
2284 3972 2553 4040 serpentis
2587 3970 2640 4023 iu
2678 3980 2831 4039 petra
2865 3969 3115 4024 invenire
3145 3976 3267 4023 erat
3308 3982 3500 4023 secun-

1921 4064 2045 4117 dum
2082 4063 2450 4117 Salomonetn.

1992 4155 2157 4209 Vsus.
2198 4156 2286 4209 l0.
2348 4157 2495 4210 «Sed
2542 4158 2593 4209 in
2643 4170 2706 4210 ea
2756 4156 3111 4209 ambulabunt
3160 4156 3416 4224 redempti
3450 4168 3505 4210 et

1919 4247 2230 4315 congregati
2292 4262 2389 4315 per
2441 4247 2768 4314 Dominum;
2802 4270 2822 4300 ι
2885 4263 3021 4317 quos
3084 4250 3337 4303 videlicet
3386 4251 3504 4318 ipse

1920 4340 2139 4407 proprio
2166 4340 2429 4408 sanguine
2468 4340 2697 4394 redemit
2730 4358 2743 4393 :
2776 4350 2832 4395 et
2872 4342 2963 4407 qui
3010 4339 3321 4411 congregati
3373 4353 3503 4394 sunt

1919 4448 1947 4484 a
1986 4432 2237 4498 Domino,
2283 4448 2389 4486 non
2435 4448 2464 4486 a
2513 4434 2801 4501 propheta,
2837 4448 2936 4487 nec
2976 4434 3208 4486 humana
3245 4432 3500 4501 quapiam

230 4499 607 4570 ἀνθρωπίνηςο
638 4502 703 4555 δι’
729 4503 893 4555 αὑτοῦ
922 4504 977 4557 δὲ
999 4504 1093 4557 τοῦ
1117 4506 1322 4573 Κυρίου
1353 4508 1400 4557 οἱ
1416 4505 1811 4577 λελυτρωμὲνοι

1927 4524 2296 4589 sollicitudine,
2336 4499 2525 4580 verum
2564 4499 2655 4593 qui
2709 4527 2779 4579 ab
2812 4526 2927 4593 ipso
2962 4524 3191 4578 Domino
3234 4499 3500 4591 redempti

232 4592 331 4642 καὶ
343 4605 507 4657 συνηγ
518 4591 686 4659 μένοι,
700 4585 844 4646 οὗτοι
859 4594 1213 4664 πορεύσονται
1228 4595 1323 4666 τὴν
1336 4595 1662 4665 δηλωθεῐσαν
1673 4597 1808 4650 ὁδόν.

235 4708 259 4738 ο
290 4688 400 4742 Καὶ
430 4689 962 4763 ἀποστραφήσονται,
1010 4694 1104 4746 καὶ
1130 4695 1349 4765 ἥξουσιν
1382 4698 1462 4759 εἰς
1517 4696 1653 4749 Σιὼν
1683 4700 1799 4767 μετ’

228 4790 595 4861 εὐφροσύνης.
626 4812 643 4843 ι
679 4794 752 4846 Ού
779 4795 888 4865 γὰρ
918 4796 983 4866 δὴ
1005 4797 1227 4849 δυνατὸν
1249 4798 1482 4851 ἐνταῦθα
1506 4798 1641 4850 Σιὼν
1668 4801 1811 4853 ὲκεί-

227 4907 333 4956 νην
349 4893 766 4961 παραδέχεσθαι,
793 4898 922 4966 περὶ
938 4894 1006 4969 ἦς
1025 4898 1229 4969 εἴρητο’
1260 4920 1278 4949 r
1304 4901 1411 4953 Kal.
1428 4901 1669 4964 ἐνιαυτὸς
1696 4904 1813 4955 άντ-

1918 4627 1970 4671 et
2012 4618 2323 4687 congregati
2376 4628 2525 4683 sunt,
2576 4618 2628 4670 lii
2674 4618 2724 4670 in
2773 4628 3069 4670 memorata
3118 4617 3199 4670 via
3250 4615 3499 4668 ambula-

1920 4710 2071 4762 bunt.
2122 4729 2139 4761 ι
2165 4710 2228 4763 Ει
2271 4721 2608 4769 avertentur,
2639 4718 2694 4763 et
2737 4711 2958 4763 venient
2993 4709 3044 4761 in
3077 4707 3206 4760 Sion
3251 4723 3373 4761 cum
3409 4708 3498 4759 la:-

1922 4802 2059 4855 titia.
2092 4820 2109 4851 ι
2160 4801 2284 4855 Haec
2313 4803 2514 4870 quippe
2568 4813 2843 4869 nequeunt
2885 4804 2949 4855 de
3003 4800 3087 4853 illa
3129 4800 3296 4871 Sione
3336 4801 3497 4853 intel-

1921 4894 2032 4963 ligi,
2071 4894 2137 4948 de
2178 4909 2283 4961 qua
2327 4896 2531 4948 dictum
2581 4906 2664 4949 est
2693 4913 2721 4948 :t
2745 4914 2763 4944 ι
2797 4894 2861 4947 Et
2896 4909 3071 4946 anuus
3124 4893 3497 4946 retributionis

227 4988 537 5053 αποδόσεως
553 4993 782 5061 κρίσεως
793 4995 1047 5050 Σιώνοκαὶ
1058 5002 1451 5071 στραφήσονται
1466 5004 1520 5055 αἱ
1534 5004 1814 5073 φάραγγες

1927 4983 2102 5048 iudicii
2127 4985 2257 5039 Sion
2287 5004 2301 5037 :
2329 4996 2383 5039 et
2411 4998 2802 5041 convertentur
2823 4987 2991 5040 valles
3013 4988 3129 5053 ejus
3160 4986 3213 5037 iu
3244 4985 3440 5054 picem,
3469 5007 3490 5037 ι

228 5088 493 5157 αὑτῆςεις
519 5092 736 5157 πίσσαν,
751 5114 769 5143 ι
790 5096 881 5147 καὶ
899 5097 968 5149 τὰ
983 5098 1190 5162 τούτοις
1211 5100 1355 5169 ἑξῆς.
1376 5104 1575 5174 Διόπερ
1599 5108 1808 5180 ἀνάγκη

225 5187 502 5256 διαφόρως
548 5193 688 5242 νοεῖν
739 5192 839 5255 τὰς
892 5196 1216 5265 ὁμωνύμους
1265 5206 1811 5275 προσαγορευομένας

227 5289 390 5343 Σιών,
422 5310 440 5342 ι
460 5292 569 5345 Καὶ
594 5294 896 5367 εὐφροσύνη
918 5298 1132 5364 αἰώνιος
1150 5304 1289 5374 ὑπὲρ
1315 5308 1553 5378 κεφαλῆς
1573 5311 1771 5368 αὐτῶν.
1787 5333 1805 5364 ι

226 5393 295 5447 ΟΞ
326 5391 435 5462 γάρ
466 5396 685 5464 νικηταὶ
716 5397 810 5449 τοῦ
837 5400 1076 5467 μεγάλου
1105 5404 1295 5457 τούτου
1321 5409 1529 5477 ἀγῶνος
1562 5414 1809 5485 στεφάνῳ

226 5491 569 5562 εὐφροσύνης
620 5494 993 5564 άναδήσονται.
1051 5502 1215 5555 «Ἐπὶ
1268 5506 1374 5576 γὰρ
1419 5507 1517 5576 τῆς
1569 5511 1806 5580 κεφαλῆς

227 5591 411 5646 αὐτῶν
440 5590 642 5657 αἰνεσις
674 5597 764 5649 καὶ
808 5599 1137 5671 ἁγαλλίαμα,
1182 5608 1275 5659 καὶ
1306 5608 1605 5681 εὐφροσύνη
1645 5629 1807 5665 κατι-

293 5813 337 5845 ⁸’
369 5814 511 5869 l‘sal.
549 5832 684 5881 uti,
728 5819 777 5878 ι.
852 5821 895 5851 ⁸⁷
924 5819 1077 5877 Joau.
1122 5840 1229 5893 λιν,
1267 5825 1323 5878 G.

1918 5085 1973 5127 et
2000 5086 2213 5131 caetera.
2248 5075 2611 5141 Quamobrem
2650 5078 2768 5130 illas
2798 5094 2917 5146 qua:
2946 5078 3134 5131 eodem
3169 5076 3355 5131 Sionis
3401 5095 3497 5131 no-

1920 5164 2065 5216 mine
2113 5176 2399 5229 vocantur,
2453 5167 2605 5219 vario
2656 5167 2817 5221 modo
2869 5167 3170 5235 intelligere
3211 5183 3348 5237 opus
3389 5182 3496 5224 est.

1924 5270 1941 5301 ι
1969 5254 2035 5306 Ει
2060 5253 2245 5308 laetitia
2284 5256 2611 5323 sempiterna
2649 5272 2811 5325 super
2840 5268 3001 5324 caput
3039 5271 3253 5310 eorum.
3288 5276 3309 5307 ι
3361 5256 3497 5310 Nam

1919 5345 1953 5398 ii
2002 5345 2094 5413 qui
2162 5347 2215 5397 in
2268 5363 2464 5414 magno
2524 5348 2624 5402 illo‘
2659 5349 2963 5402 certamine
3014 5348 3253 5402 victores
3308 5360 3494 5409 erunt,

1917 5450 2117 5489 corona
2148 5437 2347 5491 laetitiae
2381 5438 2759 5493 redimientur.
2803 5459 2821 5489 ι
2848 5440 2903 5491 1η
2928 5440 3104 5507 capite
3134 5440 3281 5492 enim
3306 5454 3494 5493 eorum

1918 5523 2035 5577 laus
2062 5535 2118 5579 et
2162 5528 2479 5592 exsultatio,
2538 5536 2593 5581 et
2636 5530 2817 5583 laetitia
2874 5529 3300 5596 comprehendet
3346 5543 3489 5582 eos:

1917 5616 2178 5673 abscessit
2206 5620 2393 5686 dolor,
2435 5622 2650 5676 tristitia
2683 5632 2735 5678 et
2763 5623 3029 5691 gemitus;
3068 5640 3085 5672 ι
3117 5622 3370 5675 videlicet
3397 5636 3494 5675 eos
