4058 6386
598 360 701 417 5ίὸ

1279 355 1541 414 EUSEBII
1579 355 1941 417 CESARSEN
1950 358 2052 413 SIS
2089 359 2146 414 0]

2280 355 2458 411 PARS
2494 354 2580 409 ΙΙΙ.
2622 384 2689 396 -ο
2728 352 3133 410 ΕΧΕΟΕἹΊΟΔ.

3709 350 3810 403 ΞΗ

599 479 689 545 qui
722 476 775 532 in
804 475 1021 532 salutari
1046 478 1157 541 via,
1191 476 1321 529 nihil
1352 478 1494 533 ultro
1513 478 1759 547 citroque
1784 477 2136 538 dcllccteudo,

2247 475 2467 544 λήψεται
2514 474 2708 537 αύτούς
2732 491 2745 502 ·
2795 473 3004 542 ἀπέδρα
3036 470 3225 540 ὀδύνη,
3269 470 3361 523 καὶ
3393 468 3534 538 λύπη
3562 467 3657 519 καὶ
3689 483 3805 519 στε-

599 570 1027 633 ambulaverunt,
1076 570 1303 636 ideoque
1329 572 1396 624 ad
1426 569 1791 624 felicissimum
1820 569 1978 622 [luem
2017 582 2140 638 per-

600 668 912 712 venerunt:
960 659 1049 714 ubi
1094 673 1291 713 corona
1345 657 1439 711 Dei
1498 657 1766 723 exornati,
1816 658 2143 725 sempiterna

600 748 703 799 vita
737 746 1003 811 fruentur,
1055 747 1109 802 in
1150 760 1313 815 regno
1342 746 1625 813 calorum,
1668 746 1810 800 unde
1843 765 1865 796 ι
1887 746 2146 800 abscessit

598 838 751 892 dolor
780 847 835 891 et
866 836 1113 908 gemitus.
1144 855 1164 889 ι

1116 1010 1342 1067 CAPUT
1377 1010 1613 1066 XXXVI.

673 1102 831 1155 Vens.
869 1102 981 1156 1-5.
1025 1120 1044 1152 ι
1082 1101 1147 1156 Et
1193 1100 1391 1156 factum
1442 1113 1524 1155 est
1570 1117 1710 1156 anno
1746 1102 2147 1171 quartodecimo

601 1194 739 1262 regis
780 1192 1057 1258 Ezechiae,
1106 1191 1348 1248 ascendit
1409 1190 1792 1247 Sennacheritn
1842 1206 1937 1247 rex
1982 1193 2148 1262 Assy-

601 1287 803 1339 riorum
855 1286 1118 1339 adversus
1162 1284 1323 1339 urbes
1370 1282 1567 1339 Judaeze
1602 1284 1867 1351 munitas,
1911 1295 1967 1340 et
2007 1285 2147 1353 cepit

599 1391 709 1429 cas.
748 1375 810 1429 Et
850 1376 996 1430 misit
1026 1391 1117 1429 rex
1147 1375 1494 1446 Assyriorum
1537 1374 1832 1431 Rabsacem
1857 1389 1925 1430 ex
1956 1375 2149 1432 Lachis

600 1466 652 1519 in
686 1463 983 1521 Jerusalem
1019 1468 1085 1520 ad
1110 1482 1284 1537 regem
1318 1465 1606 1522 Ezechiam
1637 1481 1758 1522 cum
1782 1467 1983 1522 virtute
2011 1464 2149 1521 mul-

602 1568 676 1613 ta.
718 1559 781 1612 Et
815 1560 964 1613 Stetit
1010 1558 1061 1612 in
1114 1556 1433 1627 aqumductu
1482 1558 1704 1627 piscina:
1742 1557 2057 1627 superioris,
2093 1555 2145 1609 in

600 1649 685 1703 via
723 1651 836 1718 agri
874 1649 1109 1703 fullonis.
1147 1647 1213 1702 Et
1241 1661 1493 1716 egressus
1546 1656 1630 1702 est
1660 1648 1727 1702 ad
1765 1662 1887 1703 eum
1922 1645 2144 1701 Eliacim

601 1741 739 1794 tilius
769 1740 1017 1805 Chelcim,
1062 1754 1410 1805 monomus,
1463 1750 1519 1795 et
1563 1741 1793 1795 Somnas
1830 1739 2041 1802 scriba,
2092 1747 2148 1792 et

597 1828 761 1885 Joach
788 1831 929 1884 illius
951 1831 1155 1899 Asaph,
1180 1846 1209 1883 a
1237 1830 1656 1885 commentariis.
1689 1848 1708 1881 ι
1735 1828 1996 1883 Mirabilis
2017 1840 2147 1881 sane

600 1936 681 1976 est
710 1924 821 1976 hac
850 1923 1071 1976 historia
1095 1931 1149 1977 et
1173 1920 1411 1975 narratio
1436 1935 1611 1975 rerum
1640 1918 1882 1973 Ezechiae
1906 1927 2147 1986 tempore

600 2027 913 2083 gestarum:
964 2029 1083 2085 qua:
1134 2016 1272 2069 inter
1318 2013 1550 2081 reliquas
1598 2012 1852 2066 historias
1903 2012 1957 2065 in
2009 2011 2147 2065 libro

600 2117 793 2174 quarto
844 2107 1046 2174 Regum
1092 2115 1143 2161 et
1193 2107 1244 2160 in
1300 2106 1542 2159 secundo
1580 2103 2021 2174 Paralipomenon
2064 2118 2152 2158 re-

599 2210 871 2252 ccnsetur.
907 2200 1155 2252 Attamen
1186 2212 1247 2251 ea
1279 2196 1404 2251 huic
1434 2195 1748 2267 prophetico
1780 2193 1919 2250 libro
1947 2194 2149 2249 inserta

601 2290 721 2351 fuit,
750 2292 874 2358 quia
910 2289 1011 2343 sub
1049 2290 1208 2343 tinem
1250 2288 1489 2342 historia:
1528 2296 1639 2341 tum
1677 2288 1984 2358 prophetia,
2037 2298 2148 2340 tum

601 2394 685 2433 res
711 2380 949 2445 quadam
977 2379 1233 2434 mirabilis
1258 2389 1313 2433 et
1343 2380 1724 2449 inexspectata,
1753 2379 1996 2434 Ezechiae
2021 2389 2151 2433 tetu-

602 2485 732 2536 pore
762 2481 908 2540 gesta
939 2481 1155 2525 narratu
1165 2485 1208 2525 Γ.

2244 567 2449 635 ναγμός
2471 582 2485 596 ⁸
2515 586 2533 617 ι
2569 565 2807 636 δηλονότι
2835 565 2958 627 τοὺς
2998 562 3096 632 τὴν
3123 562 3386 632 σωτήριον
3422 559 3537 611 ὁδὸν
3582 556 3813 620 ἀκλινῶς

2246 656 2598 725 βαδίσαντας,
2632 655 2728 709 καὶ
2768 654 2855 707 διὰ
2885 652 3041 705 τοῦτο
3073 652 3166 708 ἐπὶ
3196 650 3257 703 τὸ
3289 647 3684 721 τρισμακάριον
3728 647 3815 698 τέ-

2244 748 2332 811 λος
2361 747 2821 815 καταντήσαντας·
2857 746 2913 796 ἐν
2950 736 3015 809 ᾧ,
3034 741 3279 810 στεφάνῳ
3305 739 3439 792 Θεοῦ
3470 736 3812 809 τιμηθέντες,

2244 838 2340 906 τῆς
2374 835 2593 889 αἰωνίου
2623 835 2770 905 ζωῆς
2812 832 3206 888 ἀπολαύσουσιν
3241 832 3297 883 ἐν
3336 833 3404 899 τῇ
3442 826 3548 880 τῶν
3573 826 3815 897 οὐρανῶν

2248 927 2514 1000 βασιλείᾳ,
2547 927 2673 981 ἔνθα
2710 946 2729 979 ι
2756 926 2965 996 ἀπέδρα
2992 925 3150 995 ὀδύνη
3183 925 3275 977 καὶ
3303 922 3621 993 στεναγμός.
3648 940 3666 972 ι

2736 1017 3127 1070 ΚΕΦΑΔΑΙΟΝ
3166 1017 3303 1082 Δεῖ.

2322 1131 2340 1163 ι
2369 1110 2479 1165 Καὶ
2499 1109 2714 1179 ἐγένετο
2741 1108 2836 1163 τοῦ
2868 1109 2927 1161 ιδ’
2959 1108 3110 1170 ἔτους
3147 1106 3517 1175 βασιλεύοντος
3546 1104 3812 1169 Ἐζεκίου,

2248 1200 2410 1270 ἀνέϐη
2446 1200 2812 1269 Σενναχηρεὶμ
2845 1197 3095 1267 βασιλεὺς
3138 1196 3433 1266 Ἀσσυρίων
3459 1196 3551 1249 ἐπὶ
3578 1194 3678 1257 τὰς
3715 1194 3814 1246 πό-

2246 1292 2357 1355 λεις
2402 1292 2500 1361 τῆς
2544 1289 2803 1353 ἰουδαίας
2843 1288 2943 1353 τὰς
2983 1288 3203 1359 ὀχυρὰς,
3240 1288 3333 1339 καὶ
3373 1286 3563 1339 ἔλαϐεν
3621 1285 3813 1348 αύτάς.

2247 1386 2357 1439 Καὶ
2410 1380 2691 1436 ἀπέστειλε
2744 1379 2995 1449 βασιλεὺς
3045 1376 3341 1447 Ἀσσυρίων
3377 1376 3468 1429 τὸν
3508 1376 3817 1446 Ῥαϐσάκην

2247 1476 2312 1527 ὲκ
2344 1474 2527 1544 Λάχης
2556 1473 2634 1535 είς
2672 1469 3021 1541 Ἰερουσαλὴμ
3041 1469 3179 1540 πρὸς
3197 1468 3287 1521 τὸν
3312 1467 3535 1538 βασιλέα
3572 1467 3819 1531 Ἐζεκίαν

2251 1564 2388 1635 μετά
2424 1562 2701 1631 δυνάμεως
2748 1561 2965 1631 πολλῆς.
3000 1562 3106 1613 Καὶ
3139 1560 3267 1629 ἔστη
3311 1562 3369 1612 ὲν
3400 1559 3479 1630 τῷ
3512 1558 3819 1631 ὑδραγωγῷ

2246 1656 2345 1725 τῆς
2381 1652 2763 1723 κολυμϐήθρας
2806 1651 2907 1721 τῆς
2933 1653 3045 1705 ἀνω
3073 1653 3130 1703 ὲν
3161 1654 3226 1721 τῇ
3262 1650 3366 1721 ὁδῷ
3396 1650 3490 1703 τοῦ
3516 1649 3688 1721 ἀγροῦ
3722 1648 3817 1703 τοῦ

2248 1746 2515 1815 κναφέως.
2551 1746 2660 1799 Καὶ
2698 1742 2884 1815 ἐξῆλθε
2935 1744 3070 1814 πρὸς
3120 1744 3282 1796 αὐτὸν
3339 1743 3618 1813 Ἐλιακεὶμ
3659 1744 3689 1796 6
3719 1740 3819 1795 τοῦ

2179 1804 2221 1860 Β
2252 1804 2500 1901 Χελκίου,
2530 1837 2558 1887 6
2580 1804 2878 1903 οίκονϐμος,
2908 1804 3000 1887 καί.
3024 1804 3231 1903 έομνᾶς
3264 1835 3291 1885 6
3316 1804 3694 1903 γραμματεὺς,
3725 1832 3821 1886 καὶ

2264 1929 2421 1997 ’ἰωὰ-χ
2448 1928 2477 1979 6
2504 1926 2597 1979 τοῦ
2658 1925 2849 1993 Ἀσάφ,
2886 1925 3471 1995 ύπομνηματογράφος.
3496 1945 3515 1976 ι
3587 1924 3825 1995 Ἱστορίσ.

2254 2018 2353 2089 μέν
2390 2020 2535 2071 ἐστιν
2568 2020 2601 2086 ἡ
2632 2016 2962 2089 προκειμένη
2988 2016 3079 2067 καὶ
3100 2016 3346 2087 διήγησις
3373 2015 3655 2086 θαυμαστὴ
3675 2032 3821 2087 πρα-

2248 2127 2281 2178 γ
2291 2111 2474 2180 μάτων
2498 2109 2634 2163 κατὰ
2661 2109 2786 2171 τοὺς
2808 2109 3028 2179 χρόνους
3058 2107 3297 2171 Ἐζεκίου
3318 2108 3639 2177 γενομένωνσ
3674 2106 3825 2159 ἀνεί-

2248 2200 2449 2269 ληπται
2480 2200 2537 2252 δὲ
2573 2200 2708 2269 μετά
2741 2198 2849 2252 τῶν
2882 2198 3078 2252 λοιπῶν
3115 2200 3364 2269 ἱστοριῶν
3396 2200 3453 2251 ὲν
3485 2201 3551 2270 τῇ
3579 2200 3819 2270 τετάρτῃ

2244 2289 2354 2342 τῶν
2395 2289 2707 2354 Βασιλειῶν,
2738 2289 2831 2341 καὶ
2870 2291 2927 2341 ἐν
2960 2292 3025 2359 τῇ
3077 2289 3306 2359 δευτέρᾳ
3337 2289 3443 2341 τῶν
3479 2290 3822 2359 Παραλειπο-

2248 2378 2443 2447 μένων.
2459 2379 2646 2447 Ὅμως
2667 2377 2711 2430 δ’
2730 2373 2821 2430 οὖν
2842 2378 2934 2430 καὶ
2958 2379 3013 2429 ἐν
3035 2380 3101 2447 τῇ
3133 2377 3268 2447 μετὰ
3288 2381 3471 2449 χεῖρας
3505 2382 3819 2452 προφητικῇ

2248 2468 2412 2538 βίϐλῳ
2432 2467 2846 2539 καταϐέϐληται,
2864 2467 2950 2521 διὰ
2970 2467 3031 2519 τὸ
3059 2467 3391 2539 ὲμφέρεσθαι
3422 2468 3557 2538 πρὸς
3580 2469 3641 2521 τὸ
3669 2467 3822 2532 τέλος

598 2562 697 2629 τῆς
742 2564 976 2633 ἱστορίας
1034 2563 1385 2633 προφητείαν,
1446 2562 1537 2616 καί
1578 2578 1697 2613 τινα
1728 2560 1967 2631 μεγάλην
1998 2561 2091 2613 καὶ
2151 2559 2449 2631 παράδοξον
2523 2560 2717 2631 πρᾶξιν
2767 2558 3198 2612 ἐπιτελεσθεῖσαν
3252 2558 3389 2612 κατά
3432 2561 3557 2624 τοὺς
3598 2560 3823 2631 χρόνους

611 2650 870 2716 Ἐζεκίου.

672 2744 830 2798 \‘ses.
861 2746 913 2799 4.
937 2764 955 2799 ι
992 2745 1058 2799 Ει
1086 2746 1220 2800 dixit
1240 2746 1318 2802 eis
1345 2746 1646 2803 Rabsaces:
1673 2745 1841 2800 Dicite
1861 2744 2139 2800 Ezechiae:

604 2835 727 2889 "ac
762 2836 890 2888 dicit
920 2851 1008 2891 rex
1038 2852 1284 2905 magtms,
1320 2852 1411 2891 rex
1441 2838 1818 2907 Assyriorum:
1852 2836 1989 2901 Quid
2015 2851 2146 2890 con-

2327 2763 2344 2795 ι
2375 2744 2485 2797 Καὶ
2519 2738 2667 2795 εἶπεν
2710 2743 2891 2804 αὐτοῖς
2930 2739 3256 2809 Ῥαϐσάκης·
3294 2737 3495 2792 Εἴπατε
3564 2738 3819 2812 Ἑζεκίᾳο

2251 2834 2388 2887 Τάὲε
2416 2834 2562 2901 λέγει
2591 2836 2619 2886 6
2649 2834 2897 2903 βασιλεὺς
2919 2833 2946 2883 6
2973 2834 3163 2903 μέγας,
3194 2831 3442 2901 βασιλεὺς
3486 2832 3819 2903 Ἀσσυρίων·

599 2927 759 2980 lidis?
797 2944 815 2977 ι
851 2926 980 2979 Nam
1008 2943 1103 2981 ceu
1135 2938 1369 2995 potestas
1399 2928 1640 2995 quaedam
1674 2929 1986 2998 prophetico
2026 2942 2143 2981 ser-

2250 2924 2313 2975 Τί
2347 2922 2619 2985 πεποιθὼς
2652 2918 2732 2987 εἷ;
2766 2941 2783 2972 ι
2825 2923 3033 2992 ’Ὥσπερ
3066 2923 3173 2991 γάρ
3205 2939 3288 2985 τις
3335 2922 3681 2993 ἀντικειμένη
3724 2921 3823 2975 δύ-

608 3019 749 3071 moui
783 3018 1089 3071 adversaria
1127 3019 1346 3083 dicenti,
1383 3018 1504 3072 [hec
1547 3018 1679 3072 dicit
1735 3019 1991 3071 Dominus
2014 3056 2030 3082 ,
2071 3017 2149 3070 sic

596 3120 653 3161 et
696 3110 784 3162 ille
827 3110 1139 3163 clamabat:
1182 3130 1201 3160 ι
1250 3108 1372 3163 Haec
1420 3110 1550 3163 dicit
1598 3124 1691 3163 rex
1741 3122 2001 3177 magnus,
2054 3121 2149 3162 rex

600 3199 961 3267 Assyriorum.
1000 3218 1018 3251 ι

668 3289 828 3343 Vens.
861 3290 915 3354 5,
946 3289 997 3344 6.
1036 3307 1055 3341 ι
1091 3290 1228 3344 Ecce
1258 3292 1481 3346 conﬁdis
1510 3291 1674 3359 virga:
1698 3292 2001 3346 arundinem
2029 3291 2150 3346 huic

596 3383 915 3446 contractae,
978 3380 1250 3451 IEgypto:
1297 3383 1379 3437 cui
1428 3384 1471 3438 si
1524 3384 1608 3437 vir
1653 3383 1931 3449 innitatur,
1985 3398 2148 3452 pene-

598 3470 760 3523 trabit
790 3484 1001 3524 manum
1033 3471 1167 3539 cjus.
1209 3472 1297 3526 Sic
1343 3482 1425 3527 est
1454 3472 1665 3527 Pharao
1704 3489 1795 3527 rex
1824 3472 2063 3544 Egypti,
2096 3485 2150 3529 et

597 3575 784 3615 omnes
816 3562 907 3629 qui
961 3562 1234 3617 confidunt
1259 3564 1311 3617 in
1350 3578 1436 3619 eo.
1481 3582 1499 3615 ι
1537 3564 1877 3633 Sycophanta
1915 3580 2035 3619 cum
2059 3580 2148 3619 es-

595 3657 679 3704 set
704 3650 969 3713 inimicus,
996 3651 1277 3705 Ezechiam
1309 3652 1738 3708 calumniabatur
1770 3656 1971 3718 dicens,
2008 3654 2150 3709 Ecce

595 3738 820 3794 confidis
868 3739 1133 3811 Egypto,
1178 3752 1233 3797 et
1291 3741 1559 3799 Pharaoni
1612 3745 1723 3815 regi
1760 3745 2005 3815 Egypti,
2055 3745 2146 3813 qui

596 3830 882 3887 ﬁdentihus
929 3834 1054 3899 sibi,
1098 3844 1151 3889 et
1192 3839 1536 3907 sperantibus
1582 3839 1635 3893 in
1674 3854 1769 3903 se,
1814 3840 2004 3909 quovis
2040 3840 2147 3892 ini-

596 3926 736 3978 tnico
769 3926 1002 3981 deterior
1031 3938 1133 3991 est,
1185 3931 1430 3985 nesciens
1468 3941 1621 4001 pacta
1672 3946 1890 3986 scrvare
1920 3945 2039 3984 cum
2082 3929 2146 3983 iis

595 4014 687 4078 qui
723 4015 787 4066 ad
834 4017 1004 4083 ipsum
1042 4018 1393 4088 confugiunt:
1436 4036 1604 4089 quare
1654 4023 1883 4077 similem
1923 4020 1996 4073 ait
2029 4035 2148 4073 esse

596 4104 760 4171 virga:
795 4107 1013 4169 calami,
1045 4124 1161 4176 mne
1199 4111 1360 4164 simul
1394 4123 1584 4166 natura
1620 4114 1846 4181 fragilis,
1874 4122 1929 4166 et
1959 4112 2025 4165 iis
2054 4112 2143 4180 qui

596 4196 694 4261 ipsi
726 4196 1027 4251 innituntur
1069 4202 1225 4254 noxia
1251 4210 1354 4257 est.

2249 3032 2410 3084 ναμις
2461 3015 2538 3084 τῷ
2588 3014 2906 3085 προφητικῷ
2941 3016 3016 3085 τῷ
3033 3016 3311 3083 φάσκοντι,
3348 3014 3485 3068 Τάδε
3525 3013 3673 3082 λέγει
3703 3015 3822 3067 Κύ-

2250 3120 2381 3173 ριος,
2414 3104 2508 3157 καὶ
2538 3098 2689 3167 οὗτος
2716 3104 2840 3157 ἐϐόα
2861 3122 2874 3133 ·
2922 3123 2940 3154 ι
2968 3105 3104 3157 Τάδε
3140 3104 3285 3174 λέγει
3323 3106 3349 3156 6
3382 3104 3633 3175 βασιλεὺς
3659 3108 3688 3159 6
3720 3106 3821 3177 μέ-

2248 3212 2367 3263 γας,
2396 3199 2423 3249 6
2450 3195 2699 3266 βασιλεὺς
2734 3196 3049 3267 Ἀσσυρίων.
3072 3215 3090 3249 ι

2322 3305 2339 3337 ι
2378 3286 2505 3339 Ἰδοὺ
2539 3286 2811 3348 πεποιθὼς
2862 3283 2911 3339 εἷ
2964 3288 3056 3340 ἐπὶ
3115 3288 3214 3357 τὴν
3279 3288 3471 3357 ῥάϐδον
3520 3289 3618 3359 τὴν
3642 3290 3816 3344 καλασ-

2252 3375 2407 3446 μίνην
2438 3377 2537 3448 τὴν
2567 3377 2932 3447 τεθλασμένην
2958 3378 3179 3448 ταύτην,
3212 3379 3297 3430 ἐπ’
3327 3379 3615 3446 Ᾱῐγυπτον,
3644 3379 3719 3442 ὼς
3752 3380 3822 3432 ἂν

2248 3468 2603 3542 ὲπιστηριχθῇ
2639 3469 2777 3539 ἀνὴρ
2817 3470 2902 3521 ἐπ’
2933 3469 3137 3539 αὐτὴν,
3184 3469 3547 3523 εἰσελεύσεται
3599 3470 3680 3533 είς
3716 3472 3820 3540 τὴν

2248 3561 2403 3629 χεῖρα
2432 3560 2625 3612 αὐτοῦ·
2658 3559 2831 3623 οὕτως
2859 3560 2976 3612 ἐστὶ
3007 3559 3202 3630 Φαραὼ
3238 3560 3487 3629 βασιλεὺς
3515 3562 3817 3628 Αἰγύπτου,

2247 3651 2341 3702 καὶ
2372 3651 2569 3714 πάντες
2596 3652 2645 3703 οἱ
2675 3651 2991 3714 πεποιθότες
3027 3653 3111 3703 ἐπ’
3138 3652 3303 3722 αὐτῷ.
3328 3671 3346 3703 ι
3390 3653 3738 3723 Συκοφάντης
3760 3653 3820 3706 δὲ

2246 3738 2321 3791 ὢν
2374 3742 2403 3793 6
2454 3740 2643 3813 ἐχθρὸς
2692 3742 3081 3810 καταψεύδεται
3132 3743 3226 3797 τοῦ
3292 3745 3563 3810 Ἐζεκίου,
3616 3745 3818 3814 λέγων,

2261 3829 2389 3881 Ἰδοὺ
2424 3830 2697 3894 πεποιθὼς
2726 3827 2776 3883 εἴ
2805 3833 2890 3883 ἐπ’
2926 3832 3216 3900 Αἴγυπτον,
3250 3835 3343 3886 καὶ
3373 3836 3463 3887 ἐπὶ
3489 3835 3685 3906 Φαραὼ
3712 3835 3817 3905 βα-

2250 3921 2401 3974 σιλέα
2422 3921 2789 3989 Αίγύπτου,δς
2816 3926 2927 3986 τοῖς
2954 3926 3383 3996 ὲπερειδομένοις
3414 3928 3498 3980 ἐπ’
3527 3928 3693 3998 αύτῷ,
3719 3929 3820 3982 καὶ

2247 4013 2601 4083 ὲπιθαρροὖσι
2652 4015 2849 4079 παντὸς
2893 4016 3100 4085 γίνεται
3150 4018 3405 4089 πολεμίου
3453 4019 3669 4090 χείρων,
3714 4022 3820 4074 οὐκ

2247 4106 2402 4169 είδὼς
2430 4108 2713 4177 φυλάττειν
2749 4109 2847 4171 τὰς
2887 4109 3157 4179 συνθήκας
3188 4113 3299 4173 τοῖς
3332 4110 3629 4181 πρόσφυξιν
3648 4129 3662 4141 ·
3692 4110 3806 4164 ὅθει

2248 4198 2477 4251 ἐοικέναι
2510 4198 2672 4251 αὐτὸν
2700 4198 2879 4269 ῥάϐδῳ
2912 4199 3205 4271 καλαμίνῃ,
3234 4200 3369 4270 ὁμοῦ
3406 4201 3498 4253 καὶ
3527 4201 3588 4253 τὸ
3615 4201 3820 4272 σαθρὸν

2253 4292 2448 4364 ἐχούσῃ
2494 4294 2557 4345 ὲκ
2616 4292 2848 4361 φύσεως,
2888 4294 2980 4346 καὶ
3007 4294 3067 4345 τὸ
3102 4293 3358 4363 βλαϐερὸν
3390 4296 3502 4357 τοῖς
3538 4293 3816 4363 ἐπερειδο-

2255 4382 2430 4451 μένοις
2461 4384 2615 4453 αὐτῇ.

660 4454 826 4511 Vens.
856 4457 908 4511 7.
938 4476 955 4509 ι
990 4458 1139 4525 Quod
1165 4461 1209 4515 si
1240 4460 1438 4525 dicitis,
1469 4460 1525 4516 In
1570 4463 1795 4518 Domino
1824 4464 1931 4520 Deo
1960 4477 2141 4523 nostro

2322 4491 2337 4521 ι
2372 4473 2429 4523 Εἰ
2450 4472 2505 4524 δὲ
2532 4472 2737 4541 λέγετε,
2784 4474 2905 4526 Ἐπὶ
2938 4472 3138 4544 Κύριον
3168 4474 3257 4526 τὸν
3290 4474 3423 4526 Θεὸν
3442 4476 3597 4545 ἡμῶν
3620 4480 3818 4532 πεποίο

594 4548 947 4603 κοηῐὶιιίιηυεε
995 4566 1170 4604 annon
1208 4553 1322 4620 ipse
1353 4562 1455 4619 est,
1494 4555 1648 4623 cujus
1683 4556 1896 4611 excelsa
1928 4560 2144 4616 sustulit

597 4640 873 4704 Ezechias,
920 4650 971 4693 ct
1006 4642 1195 4695 altaria
1237 4642 1388 4709 ejus;
1425 4657 1480 4698 et
1529 4646 1665 4700 dixit
1702 4646 1853 4702 Iuda:
1892 4659 1947 4703 et
1989 4649 2145 4704 Jeru-

592 4728 753 4781 salem
784 4749 793 4781 :
821 4728 1011 4783 Coram
1044 4731 1195 4784 altari
1242 4732 1344 4786 isto
1385 4736 1647 4787 adnrate?
1692 4755 1709 4786 ι
1758 4736 1875 4790 Non
1925 4738 2141 4807 ignora-

594 4820 716 4869 haut
750 4818 893 4870 cnim
930 4820 1159 4887 inimici,
1194 4822 1479 4875 Ewchiam
1509 4834 1562 4877 et
1590 4824 1680 4892 qui
1718 4840 1839 4878 cum
1868 4840 1932 4879 eo
1966 4836 2141 4890 erant,

590 4907 835 4972 precibus
874 4925 935 4961 ac
978 4909 1079 4975 piis
1119 4912 1460 4965 sermonibus
1492 4914 1556 4965 ad
1604 4918 1965 4982 superandum
2008 4932 2143 4984 opus

593 4998 809 5051 habere.
857 4999 978 5053 llaac
1022 5002 1135 5069 ipsa
1186 5003 1522 5057 criminando
1570 5005 1693 5059 dicit
1737 5006 1839 5059 dux
1893 5009 2144 5079 Assyrio-

594 5104 729 5151 rum,
785 5087 1071 5145 Ezechiam
1123 5095 1271 5161 quasi
1322 5106 1640 5163 prmsenlcm
1688 5097 2005 5166 alloquens:
2056 5102 2137 5153 cui

591 5180 846 5233 lizechias
885 5192 938 5235 et
973 5186 1063 5251 qui
1100 5200 1220 5237 cum
1269 5200 1334 5238 eo
1378 5198 1529 5240 erant
1572 5189 1685 5241 ha‘c
1726 5190 1845 5257 jure
1892 5208 2142 5260 reposue-

591 5272 725 5324 rint:
765 5290 783 5321 ι
822 5272 882 5324 lli
914 5274 966 5327 in
1002 5276 1275 5341 curribus,
1319 5288 1372 5331 et
1411 5280 1463 5331 hi
1514 5283 1563 5332 iu
1602 5283 1787 5349 cquis;
1834 5299 1930 5340 nos
1964 5296 2141 5340 autem

592 5361 640 5410 in
691 5364 904 5417 nomine
962 5367 1051 5419 Dci
1096 5370 1262 5422 nostri
1303 5370 1677 5427 invocabituus
1705 5374 1769 5427 ⁸⁸.
1807 5394 1825 5427 ι

665 5538 823 5594 \‘ms.
854 5544 1001 5599 8-l0.
1045 5566 1061 5596 ι
1102 5546 1253 5605 Nunc
1298 5552 1568 5623 adjuugite
1612 5570 1704 5611 vos
1753 5556 1974 5613 Domino
2023 5573 2141 5615 meo

663 5746 701 5767 ”"
733 5746 869 5801 νυοί.
909 5766 1018 5815 xix,
1053 5752 1101 5804 8.

2248 4562 2446 4631 θαμεν·
2501 4563 2600 4615 ούκ
2650 4564 2814 4626 αὑτός
2867 4564 3004 4623 ἐστι,
3057 4557 3117 4615 οἶ)
3174 4565 3392 4633 ἀφεῖλεν
3458 4568 3702 4632 Ἐζεκίας
3744 4571 3818 4624 τά

2247 4652 2419 4721 ὑψηλὰ
2450 4654 2634 4717 αὑτοῦ,
2666 4655 2759 4707 καὶ
2792 4654 2861 4705 τὰ
2887 4654 3243 4725 θυσιαστήρια
3260 4656 3419 4708 αὑτοῦ
3440 4676 3454 4689 ·
3485 4660 3577 4710 καὶ⁵
3595 4656 3713 4713 εἷπε
3738 4664 3822 4735 τῷ

2258 4742 2422 4813 Ἰούδᾳ
2461 4746 2553 4797 καὶ
2600 4748 2663 4816 τῇ
2732 4746 3118 4816 Ἰερουσαλήμ·
3174 4747 3329 4799 Κατά
3380 4750 3669 4819 πρόσωπον
3716 4754 3819 4809 τοῦ

2250 4832 2624 4903 θυσιαστηρίου
2644 4835 2831 4885 τούτου
2858 4837 3263 4905 προσκυνήσατε
3287 4852 3299 4898 ;
3326 4856 3340 4885 ι
3372 4838 3443 4889 Οὐ
3462 4837 3566 4907 γὰρ
3586 4839 3820 4907 ἠγνόουν

2248 4925 2294 4973 οἱ
2341 4924 2601 4993 πολέμιοι,
2654 4925 2734 4976 ὅτι
2777 4925 2841 4976 δι’
2875 4926 3046 4994 εὐχῶν
3093 4930 3312 4996 κρατεῖν
3366 4927 3457 4978 καὶ
3501 4928 3587 4978 διὰ
3642 4928 3819 4997 λόγων

2249 5014 2507 5066 θεοσεϐῶν
2530 5016 2607 5066 δεῖ
2636 5018 2725 5068 τὸν
2762 5016 3003 5078 Ἐζεκίαν
3030 5018 3121 5069 καὶ
3151 5018 3277 5080 τοὺς
3299 5019 3392 5069 σὺν
3425 5019 3589 5087 αύτῷ.
3628 5021 3819 5076 Ταῦτα

2248 5106 2381 5158 αὐτὰ
2426 5107 2696 5159 διαϐάλλει
2730 5110 2757 5159 6
2788 5106 2878 5159 τοῦ
2928 5109 3207 5178 Ἀσσυρίου
3262 5110 3583 5177 στρατηγὸς,
3640 5112 3819 5179 λέγων

2247 5197 2320 5260 ὡς
2370 5199 2501 5268 πρὸς
2539 5199 2781 5268 παρόντα
2830 5199 2917 5251 τὸν
2964 5200 3237 5262 Ἐζεκίαν·
3276 5200 3410 5269 πρὸς
3448 5201 3505 5250 ὃν
3555 5201 3618 5253 ἂν
3661 5200 3820 5255 ετπεν

2262 5290 2501 5353 Ἐζεκίας
2530 5291 2623 5341 καὶ
2663 5291 2712 5342 οί
2763 5290 2857 5342 σὺν
2887 5291 3061 5360 αύτῷ·
3104 5309 3122 5340 ι
3149 5285 3305 5343 Οὗτοι
3346 5292 3402 5341 ἐν
3452 5293 3681 5360 ἅρμασι,
3720 5298 3820 5348 καὶ

2251 5377 2391 5433 οὗτοι
2418 5384 2472 5435 ὲν
2500 5383 2685 5445 ἵπποις
2704 5400 2717 5411 ·
2756 5386 2910 5453 ἡμεῖς
2937 5384 2993 5437 δὲ
3028 5385 3086 5436 έν
3112 5385 3335 5453 ὀνόματι
3362 5384 3455 5436 τοῦ
3484 5386 3617 5438 Θεοῦ
3653 5390 3818 5457 ἡμῶν

2252 5472 2698 5542 ἐπικαλεσάμεθα.
2733 5492 2749 5523 ι

2325 5582 2341 5613 ι
2374 5564 2483 5616 Νῦν
2520 5562 2741 5633 μίχθητε
2778 5562 2853 5633 τῷ
2897 5565 3083 5634 Κυρίῳ
3120 5583 3216 5635 μου
3250 5567 3326 5637 τῷ
3374 5567 3577 5638 βασιλεί
3623 5571 3809 5624 Ἀσσυ-
