4058 6422
188 407 288 463 διδ

1068 393 1575 453 COMMENTARIA
1616 391 1681 446 IN
1723 389 1979 446 ISAIAM.
2023 421 2090 435 --
2126 387 2280 444 CAP.
2321 384 2566 441 XXXVI.

3354 375 3457 431 346

195 522 338 592 παίων,
371 520 469 573 καὶ
499 515 658 570 δώσω
704 492 830 584 ύμῖν
862 511 1126 582 δισχιλίαν
1159 511 1363 573 ἵππων,
1393 510 1443 562 εί
1476 506 1766 577 δυνήσεσθε

1882 505 1989 572 regi
2027 503 2396 574 Assyriorum,
2443 509 2499 552 ct
2543 498 2686 552 dabo
2732 493 2888 547 vobis
2930 492 3038 545 dun
3075 489 3242 544 millia
3291 505 3460 554 (ηιθυ-

194 612 368 666 nava;
399 610 678 672 ἀναϐάτας
707 608 796 660 ἐπ’
827 604 1043 668 αὐτούς.
1075 603 1186 657 Kal
1218 601 1336 664 πῶς
1373 598 1603 653 δύνασθε
1636 599 1774 657 ἀπο-

197 703 421 772 στρέψαι
452 703 534 764 εἰς
563 700 858 771 πρόσωπον
885 696 994 749 τῶν
1023 692 1345 764 τοπαρχῶν;
1383 692 1602 744 Οἰκέται
1635 689 1774 741 εἰσὶν

194 796 243 848 ot
270 793 589 856 πεποιθότες
619 791 704 844 ἐπ’
733 789 1084 858 Αἰγυπτίους.
1117 786 1227 840 Kal
1253 783 1350 838 νῦν
1390 781 1466 854 μὴ
1501 783 1630 835 ἄνευ
1661 783 1775 834 Κυ-

197 887 309 956 ρίω
339 884 619 953 ἀνέϐημεν
651 883 745 934 ἐπὶ
786 880 886 952 τὴν
923 879 1106 952 χώραν
1144 876 1383 948 ταύτην;
1420 873 1625 944 Κύριος
1653 868 1773 924 εἷπε

195 979 328 1049 πρὸς
358 979 427 1048 μέ
446 995 459 1008 ·
497 975 754 1046 Ἀνάεηθι
788 974 882 1028 ἐπὶ
900 972 1006 1044 τὴν
1019 972 1124 1041 γῆν
1146 969 1372 1040 ταύτην,
1403 967 1496 1021 καὶ
1527 965 1772 1034 διάφθει-

195 1086 284 1138 ρον
336 1069 528 1137 αὑτήν.
557 1087 574 1118 ι
613 1067 820 1136 Δεῖγμα
863 1064 938 1129 δὲ,
988 1064 1172 1132 φησιν,
1224 1061 1452 1130 ἐναργὲς
1496 1057 1590 1110 τοῦ
1632 1055 1773 1109 κατά

191 1158 521 1228 πρόσταγμα
565 1155 702 1210 Θεοῦ
748 1155 920 1210 ταῦτα
968 1151 1323 1223 γεγενῆσθαι,
1365 1153 1426 1205 τὸ
1450 1152 1548 1222 τὴν
1588 1149 1773 1220 Σαμά-

189 1266 340 1320 ρειαν
368 1248 514 1302 ἑλεῖν
540 1247 634 1302 καὶ
661 1247 839 1300 πάντα
859 1247 949 1299 τὸν
989 1244 1203 1316 Ἰσραὴλ
1225 1245 1534 1312 ἀπαγαγεῖν
1565 1242 1770 1311 αίχμά-

186 1339 378 1395 λωτον.
432 1339 522 1402 Ὠς
571 1338 680 1410 γὰρ
717 1338 958 1400 ἐκείνους
989 1335 1253 1404 ἀδελφοὺς
1281 1336 1441 1399 δντας
1472 1333 1774 1404 ὑμετέρους

184 1424 350 1494 εἷλον,
393 1432 494 1484 οὐκ
525 1431 698 1495 ἄλλως
737 1431 772 1501 ἢ
810 1429 905 1483 τοῦ
935 1428 1071 1482 Θεοῦ
1113 1427 1456 1498 βουλομένου,
1487 1427 1578 1481 τὸν
1611 1425 1771 1479 αὐτὸν

181 1524 383 1595 τρόπον
419 1521 582 1575 αὑτοῦ
615 1522 844 1592 νεύματι
871 1522 964 1576 καὶ
987 1520 1132 1591 ὑμᾶς
1163 1521 1434 1590 λήψομαι.
1470 1519 1594 1572 Εἴτε
1625 1519 1683 1572 δὲ
1709 1521 1772 1572 ἐκ

181 1614 276 1668 τοῦ
305 1615 517 1677 εἰκότος
539 1613 712 1666 ταῦτα
745 1614 950 1682 ἔφασκε
985 1611 1379 1683 στοχαζόμενος
1405 1609 1467 1663 τὸ
1497 1627 1771 1682 κεκρατη-

182 1706 336 1760 κέναι
391 1705 488 1758 τοῦ
539 1705 970 1776 χρηματίζοντος
1020 1704 1148 1757 λαοῦ
1183 1704 1274 1758 τοῦ
1321 1684 1482 1768 Θεοῦ,
1515 1701 1659 1769 λέγω
1706 1701 1769 1772 δὴ

179 1797 274 1851 τοῦ
321 1797 544 1868 Ἰσραήλ
565 1815 580 1828 ·
617 1797 728 1850 εἴτε
747 1798 842 1850 καὶ
873 1796 1088 1868 ἀληθῶς
1123 1795 1339 1867 ᾔσθετο,
1374 1794 1506 1847 Θεοῦ
1526 1792 1765 1846 ὑποϐάλ-

1877 612 2018 656 ΙἹιιιΙ,
2046 595 2092 651 si
2127 591 2381 662 poteritis
2411 591 2544 642 dare
2573 599 2820 642 sessores
2856 598 3067 638 eorum.
3097 580 3163 634 Et
3192 581 3461 648 quomodo

1874 687 2100 756 pote-tis
2145 695 2297 737 stare
2333 683 2387 736 in
2435 686 2733 749 compecto
2783 669 3220 743 toparcharum?
3265 669 3461 722 Dome-

1873 779 1996 832 stici
2041 786 2199 839 sunt,
2248 775 2339 844 qni
2402 768 2678 841 Egyptiis
2731 765 3035 820 conﬁdunt.
3083 761 3148 817 Et
3203 775 3346 814 nunc
3392 775 3461 810 an

1873 873 2082 936 alisque
2125 867 2352 921 Domino
2391 861 2740 916 ascendimus
2794 857 2848 911 in
2903 865 3108 908 terram
3145 850 3324 906 hanc?
3362 849 3463 903 Do-

1879 962 2057 1014 minus
2091 958 2232 1012 dixit
2260 955 2390 1010 mihi
2427 973 2439 1008 :
2479 951 2733 1007 Asceude
2763 947 2817 1002 in
2852 955 3051 1000 terram
3079 944 3240 1006 hanc,
3272 951 3328 995 et
3355 940 3465 995 dis-

1873 1052 2040 1121 perde
2068 1065 2212 1104 cam.
2245 1068 2264 1101 ι
2304 1050 2723 1116 Argumentum,
2753 1039 2954 1109 inquit,
2976 1034 3326 1091 manifestum
3361 1042 3464 1094 est.

1874 1145 1990 1198 haec
2025 1141 2179 1211 jussu
2213 1139 2307 1195 Dei
2346 1149 2570 1208 peracta
2612 1134 2803 1194 fuisse,
2838 1128 2984 1195 quod
3024 1127 3116 1182 ille
3155 1124 3460 1181 Samariam

1873 1230 2290 1303 expugnaverit,
2323 1239 2376 1284 ct
2405 1228 2720 1281 universum
2753 1220 3010 1279 lsraelem
3055 1219 3330 1290 captivum
3361 1215 3460 1272 ab-

1874 1321 2109 1378 duxerit.
2148 1315 2617 1386 Quemadmodum
2651 1312 2800 1366 enim
2828 1324 2954 1375 eos,
2996 1307 3089 1377 qui
3131 1305 3331 1361 fratres
3373 1317 3467 1358 vo-

1872 1417 1972 1470 stri
2013 1421 2174 1477 sunt,
2217 1424 2323 1464 non
2353 1405 2515 1462 aliter
2568 1418 2731 1475 quam
2769 1401 2882 1457 Deo
2920 1400 3160 1467 volente,
3206 1397 3348 1468 cepi,
3387 1397 3463 1450 ita

1873 1515 1929 1561 ct
1956 1507 2074 1572 ejus
2128 1513 2260 1558 nutu
2300 1514 2400 1554 vos
2433 1497 2666 1564 capiam.
2709 1495 2836 1550 llaec
2866 1507 3031 1565 porro
3067 1492 3185 1548 sive
3227 1506 3293 1546 ex
3346 1489 3461 1544 veri

1873 1596 2231 1652 similitudine
2266 1592 2504 1648 dicebat.
2556 1589 2684 1644 hinc
2719 1589 3038 1657 conjectura
3079 1587 3274 1648 ducta,
3318 1582 3464 1654 quod

1872 1705 2037 1752 eum,
2075 1688 2172 1758 qui
2221 1684 2452 1756 populus
2497 1683 2591 1737 Dei
2625 1680 2957 1745 vocabatur,
3002 1677 3257 1733 lsraelem
3303 1676 3462 1741 dico,

1873 1789 2282 1850 expugnasset;
2326 1778 2444 1832 sive
2489 1775 2636 1846 quod
2682 1788 2869 1828 revera
2905 1771 3163 1833 sentiret,
3204 1786 3232 1823 a
3272 1769 3466 1824 Deosc

179 1886 365 1949 λοντος
393 1858 563 1940 αὐτοῦ
595 1890 707 1951 τοῖς
737 1858 1017 1957 λογισμοίς
1048 1858 1254 1958 ’τῶν
1297 1885 1564 1938 Ἰουδαίων
1601 1883 1762 1936 ἐπελ-

1875 1875 1941 1926 ad
1982 1871 2291 1927 Iudaeorum
2345 1879 2547 1923 terram
2611 1865 2972 1921 invadendam
3017 1863 3276 1916 immissis
3320 1862 3466 1930 cogi-

180 1974 292 2027 θεῖν
326 1975 505 2046 χώρᾳ,
535 1975 622 2028 διὰ
653 1976 750 2038 τὰς
802 1975 1200 2046 πεπραγμένας
1230 1975 1413 2038 αὐτοῖς
1443 1973 1643 2038 κακίας
1675 1976 1768 2026 καὶ

179 2067 551 2138 παρανομίας.

255 2197 275 2229 ι
305 2180 422 2232 Και
476 2177 596 2231 εἶπε
655 2178 793 2249 πρὸς
829 2178 990 2231 αὐτὸν
1037 2177 1340 2248 Ἐλιακείμ,
1392 2177 1486 2230 καὶ
1531 2177 1765 2248 Σομνᾶς,

179 2271 273 2322 καὶ
315 2269 509 2340 ἰωάχ’
544 2269 791 2341 Λάλησον
822 2272 957 2340 πρὸς
988 2271 1116 2333 τοὺς
1150 2270 1344 2332 παῖδάς
1376 2286 1471 2322 σου
1505 2269 1726 2341 Συριστί
1751 2287 1764 2300 ο

177 2360 457 2432 ἀκούομεν
485 2361 595 2431 γὰρ
625 2362 819 2431 ἡμεῖς’
861 2361 954 2414 καὶ
989 2360 1063 2431 μὴ
1097 2359 1247 2414 λάλει
1280 2361 1414 2429 πρὸς
1445 2361 1594 2431 ἡμᾶς
1633 2360 1767 2413 ’ἰου-

171 2451 375 2505 δαῖστί.
412 2452 523 2506 Kal
554 2453 642 2505 ἵνα
673 2452 728 2504 τί
756 2452 938 2515 λαλεῖς
969 2455 1049 2516 είς
1077 2453 1148 2506 τὰ
1177 2449 1290 2506 ὦτα
1318 2452 1426 2506 τῶν
1465 2452 1766 2524 ἀνθρώπων

173 2544 268 2595 ἐπὶ
291 2543 374 2614 τῷ
400 2543 606 2613 τείχει;
634 2562 654 2594 ι
689 2543 966 2614 Τηρητέον
993 2546 1071 2608 δὲ,
1097 2547 1172 2610 ὡς
1213 2547 1306 2599 καὶ
1330 2546 1439 2598 τῶν
1467 2548 1525 2598 ὲν
1553 2546 1766 2608 τούτοις

179 2634 606 2705 ὀνομαζομένων
643 2634 872 2706 ἀνδρῶν,
924 2635 1065 2704 λέγω
1096 2637 1160 2706 δὴ
1205 2636 1299 2690 τοῦ
1360 2637 1644 2707 Ἐλιακεὶμ
1672 2637 1767 2688 καὶ

172 2724 266 2777 τοῦ
303 2725 507 2794 Σομνᾶ.
533 2724 628 2778 καὶ
669 2724 757 2776 διά
786 2724 892 2779 τῶν
931 2725 1239 2798 ἔμπροσθεν
1278 2727 1498 2797 μνήμην
1531 2729 1768 2779 ἐποιεῖτο

173 2817 201 2868 ὁ
224 2817 520 2888 προφήτης
538 2818 598 2869 ὲν
617 2815 696 2887 τῷ
719 2818 924 2888 ῥήματι
948 2818 1048 2888 τῆς
1073 2819 1357 2888 φάραγγος
1383 2818 1539 2872 Σιών.
1579 2819 1771 2886 Ἀναγ-

173 2907 313 2961 καία
361 2908 420 2961 δέ
467 2910 615 2962 ἐστιν
660 2911 693 2980 ή
747 2910 1071 2981 ὲπιτήρησις
1113 2911 1194 2973 εἰς
1237 2911 1298 2964 τὸ
1349 2910 1656 2981 ἐφαρμόσαι
1699 2913 1767 2980 τῇ

175 2999 521 3072 προκειμένῃ
569 3000 780 3072 ἱστορίᾳ
829 3001 954 3062 τοὺς
1005 3003 1064 3052 ὲν
1114 3002 1297 3073 ἐκείνῃ
1336 3005 1403 3072 τῇ
1460 3003 1769 3073 προφητεία

175 3090 519 3162 φερομένους
589 3091 798 3159 λόγους.
840 3093 977 3145 Φασὶ
1021 3093 1077 3146 δὲ
1129 3094 1316 3156 παῖδες
1375 3093 1638 3164 Ἐϐραίων
1676 3093 1768 3146 τὸν

173 3182 394 3252 Σομνᾶν
413 3181 600 3234 τοῦτον
625 3182 991 3253 αὐτομολῆσαι
1025 3185 1162 3254 πρὸς
1181 3184 1273 3237 τὸν
1305 3185 1587 3255 Ἀσσύριον
1614 3184 1770 3237 ύστε-
1795 3196 1836 3254 c

174 3287 292 3340 ρον,
326 3271 505 3337 δεξιὰν
538 3271 689 3342 αὐτῷ
722 3275 820 3326 σὺν
860 3275 1068 3346 ἑτέροις
1111 3275 1380 3330 δεδωκότα
1430 3276 1518 3329 διὰ
1562 3276 1654 3329 τὸν
1706 3275 1765 3343 ἐξ

173 3361 347 3415 αὐτοῦ
383 3363 582 3430 φόϐον·
621 3364 717 3417 καὶ
761 3365 956 3418 τούτου
983 3367 1141 3436 χάριν
1174 3367 1263 3420 διὰ
1309 3368 1419 3421 τῶν
1454 3367 1765 3439 ἔμπροσθεν

173 3454 672 3526 προφητευθέντων
706 3457 832 3527 περὶ
870 3457 1035 3511 αὐτοῦ
1070 3459 1338 3512 λέλεκται.

249 3561 271 3596 σ
297 3543 414 3595 Kal
440 3537 562 3596 εἷπε
597 3544 734 3614 πρὸς
766 3545 962 3608 αὐτοὺς
1004 3547 1348 3616 Ῥαϐσάκηςο
1383 3547 1474 3618 Μὴ
1506 3547 1643 3617 πρὸς
1674 3547 1764 3600 τὸν

175 3633 374 3702 κύριον
409 3633 584 3702 ὑμῶν,
619 3634 651 3704 ἢ
694 3635 831 3706 πρὸς
887 3637 1032 3706 ὑμᾶς
1063 3637 1372 3690 ἀπέσταλκέ
1415 3656 1480 3709 με
1512 3642 1540 3692 ό
1573 3638 1765 3710 κύριός

176 3739 306 3790 μου,
343 3721 571 3793 λαλῆσαι
606 3723 731 3786 τοὺς
761 3723 951 3793 λόγους
993 3726 1249 3790 τούτους;
1289 3727 1424 3798 Οὐχὶ
1455 3728 1593 3798 πρὸς
1635 3730 1765 3791 τοὺς

170 3810 503 3882 ἀνθρώπους
539 3814 665 3876 τοὺς
697 3814 1043 3885 καθημένους
1074 3816 1167 3868 ἐπὶ
1197 3815 1276 3884 τῷ
1311 3817 1500 3886 τείχει,
1537 3817 1623 3869 ἵνα
1659 3818 1762 3886 φά-

171 3917 319 3969 γωσι
347 3902 574 3973 κόπρον,
603 3903 696 3956 καὶ
723 3905 920 3958 πίωσιν
942 3901 1102 3975 οὖρον
1131 3907 1250 3976 μεθ’
1282 3906 1436 3977 ὑμῶν
1469 3907 1585 3977 ἆμα
1609 3924 1623 3972 ;
1653 3908 1765 3960 Kal

173 3991 314 4063 ιστη
355 3993 688 4064 Ῥαὸσάκης,
735 3997 830 4048 καὶ
861 3996 1120 4066 ἀνεϐόησε
1169 4001 1319 4069 φωνῇ
1372 3999 1583 4071 μεγάλῃ
1628 4000 1763 4052 Ἰου-

171 4080 358 4134 δαῖστὶ
396 4083 491 4136 καὶ
522 4078 707 4136 εἶπεν·
756 4085 1048 4138 Ἀκούσατε
1081 4087 1204 4150 τοὺς
1240 4086 1428 4155 λόγους
1463 4087 1557 4140 τοῦ
1608 4086 1763 4156 βασι-

169 4175 319 4239 λέως
347 4175 443 4228 τοῦ
479 4178 734 4247 μεγάλου,
773 4179 1036 4248 βασιλέως
1083 4181 1399 4250 Ἀσσυρίων.
1438 4180 1578 4234 Τάδε
1615 4181 1763 4248 λέγει

171 4269 201 4319 ό
233 4267 525 4338 βασιλεύςο
565 4271 656 4341 Μὴ
688 4272 950 4324 ἀπατάτω
983 4274 1127 4343 ὑμᾶς
1165 4272 1410 4336 Ἐζεκίας
1457 4274 1663 4342 λόγοις·
1699 4274 1760 4326 ού

170 4360 401 4430 δύνηται
436 4361 701 4432 ῥύσασθαι
740 4364 904 4432 ὑμᾶς.
941 4364 1051 4418 Kal
1107 4364 1182 4436 μὴ
1213 4365 1416 4433 λεγέτω
1447 4367 1576 4436 ύμῖν
1613 4365 1762 4429 Ἐζε-

175 4453 328 4515 κίας,
362 4453 447 4505 ὅτι
478 4454 701 4523 ῥύσεται
735 4455 876 4525 ὑμᾶς
905 4456 932 4507 ό
959 4455 1110 4519 Θεὸς,
1153 4458 1246 4510 καὶ
1279 4460 1341 4510 οὐ
1376 4459 1450 4530 μὴ
1481 4459 1760 4532 παραδοθῇ

173 4547 208 4615 ἡ
229 4545 388 4608 πόλις
413 4545 551 4617 αὕτη
584 4549 642 4600 ὲν
675 4551 816 4619 χειρὶ
839 4549 1103 4618 βασιλέως
1119 4549 1436 4621 Ἀσσυρίων.
1454 4550 1543 4622 Μὴ
1571 4551 1762 4605 ἀκούε-

172 4656 234 4693 rs
306 4638 569 4702 Ἐζεκίου.
600 4639 735 4691 Τάδε
793 4640 939 4708 λέγει
973 4641 1001 4691 ό
1034 4641 1285 4710 βασιλεὺς
1330 4643 1628 4716 Ἀσσυρίων
1650 4664 1662 4676 ο
1696 4649 1761 4700 Ei

176 4729 438 4799 βούλεσθε
492 4729 872 4799 εύλογηθῆναι,
922 4732 1284 4803 ὲκπορεύεσθε
1352 4736 1486 4804 πρὸς
1532 4738 1624 4806 μὲ,
1667 4739 1762 4791 καὶ

175 4822 420 4890 φάγεσθε
449 4821 677 4883 ἕκαστος
704 4821 802 4890 τὴν
835 4822 1077 4890 ἄμπελον
1110 4825 1274 4876 αὑτοῦ
1308 4827 1399 4877 καὶ
1430 4827 1527 4889 τὰς
1568 4831 1759 4894 συκᾶς,

176 4913 273 4965 καὶ
304 4910 496 4962 πίεσθε
527 4911 670 4980 ὕδωρ
697 4913 761 4963 ἐκ
789 4910 884 4964 τοῦ
917 4911 1120 4964 λάκκου
1153 4915 1333 4983 ὑμῶν·
1371 4915 1473 4979 ἕως
1507 4918 1574 4971 ἂν
1599 4918 1757 4983 ἔλθω,

173 5005 271 5056 καὶ
301 5003 452 5056 λαόω
503 5003 650 5072 ὑμᾶς
692 5005 772 5067 είς
817 5005 943 5073 γῆν,
976 5006 1051 5069 ὡς
1084 5009 1117 5076 ἡ
1149 5009 1217 5078 γῆ
1254 5007 1427 5077 ὑμῶν,
1463 5011 1534 5080 γῆ
1587 5011 1758 5078 σίτου,

173 5094 270 5146 καὶ
311 5091 456 5144 οἴνου
487 5092 580 5142 καὶ
607 5090 810 5160 ἀρτων,
839 5095 933 5145 καὶ
972 5095 1328 5164 ἀμπελώνων.
1363 5099 1453 5168 Μὴ
1500 5101 1762 5154 ἀπατάτω

173 5185 324 5253 ὑμᾶς
368 5182 636 5246 Ἐζεκίας,
685 5182 887 5250 λέγων’
930 5187 987 5239 Ὀ
1026 5187 1157 5251 Θεὸς
1200 5187 1421 5259 ῥύσεται
1468 5193 1634 5262 ἡμᾶς.
1670 5195 1761 5264 Μὴ

172 5273 482 5343 ἐρρύσαντο
521 5273 570 5324 oi.
615 5271 728 5325 θεοὶ
761 5273 868 5326 τῶν
903 5276 1105 5342 ὲθνῶν,
1145 5280 1375 5342 ἕκαστος
1438 5283 1536 5352 τὴν
1568 5285 1760 5337 ἑαυτοῦ

172 5362 364 5434 χώραν
397 5365 460 5415 ἐκ
504 5363 682 5434 χειρὸς
727 5363 989 5434 βασιλέως
1036 5370 1371 5442 Ἀσσυρίων;
1407 5373 1518 5426 Ποῦ
1561 5376 1707 5429 ἐστιν
1736 5379 1762 5429 ὁ

173 5454 300 5516 θεὸς
353 5453 547 5522 Ἐμὲιθ,
599 5456 693 5507 καὶ
734 5455 977 5526 Ἀρφάθ;
1027 5461 1122 5512 xal
1155 5462 1258 5514 ποῦ
1296 5466 1325 5516 ό
1361 5464 1494 5528 Θεὸς
1533 5467 1631 5535 τῆς
1661 5468 1760 5526 πό-

172 5545 315 5608 λεως
361 5545 773 5618 Ἐκφαρουαῖμς
821 5549 912 5619 Μὴ
958 5551 1209 5605 ἐδύναντο
1259 5555 1524 5625 ῥύσασθαι
1573 5560 1760 5628 Σαμά-

180 5654 334 5706 ρειαν
358 5639 424 5690 ἐκ
456 5639 638 5709 χειρός
671 5657 809 5709 μους
837 5660 855 5692 ι
881 5643 1047 5697 Οὐδὲν
1075 5645 1356 5717 διαφέρειν
1399 5648 1634 5718 νομίζων
1671 5652 1762 5703 τὸν

177 5729 238 5779 ὲν
261 5729 331 5800 τῇ
373 5728 730 5799 Ἰερουσαλὴμ
763 5731 1073 5803 τιμώμενον
1101 5736 1208 5788 τῶν
1245 5739 1393 5807 παρὰ
1427 5743 1540 5802 τοῖς
1584 5740 1763 5805 ἄλλοις

178 5815 360 5871 ἔθνεσι
383 5817 814 5889 πεπλανημένως
843 5822 982 5877 θεῶν
1004 5827 1392 5898 νομιζομένων.
1422 5832 1557 5885 Κατ’
1580 5832 1759 5902 ὀλίγον

1875 1965 2175 2020 tationibus
2221 1961 2506 2034 instigari,
2543 1962 2614 2014 oh
2654 1956 2797 2013 mala
2841 1966 2898 2012 et
2947 1954 3159 2012 scelera
3213 1954 3282 2008 ab
3331 1954 3465 2024 ipsis

1872 2067 2204 2125 perpetrata.

1942 2146 2107 2201 Vens.
2142 2147 2231 2200 Η.
2262 2163 2280 2197 t
2323 2144 2390 2199 Et
2434 2143 2573 2198 dixit
2617 2143 2666 2198 ci
2706 2140 2932 2196 Eliacim
2957 2179 2972 2204 ,
3007 2148 3064 2194 et
3090 2137 3321 2192 Somnus
3345 2180 3358 2200 ,
3410 2146 3466 2192 et

1869 2239 2075 2296 Joach:
2106 2238 2356 2309 Loquere
2387 2238 2453 2292 ad
2496 2249 2689 2291 servos
2729 2243 2854 2288 tuos
2898 2232 3163 2304 Syriace:
3209 2231 3464 2284 audimus

1869 2335 2014 2390 enim
2046 2349 2176 2388 nos:
2221 2344 2374 2388 etne
2418 2331 2638 2398 loquere
2685 2326 2752 2380 ad
2789 2340 2891 2381 nos
2931 2322 3174 2378 Judaice.
3235 2319 3303 2375 Et
3330 2320 3462 2390 quid

1871 2426 2113 2497 loqueris
2150 2425 2205 2480 in
2239 2438 2403 2479 aures
2441 2421 2758 2485 hominum,
2809 2415 2902 2487 qui
2948 2423 3098 2471 stant
3146 2426 3312 2482 supra
3340 2427 3463 2466 mu-

1873 2518 2029 2574 rum?
2065 2537 2084 2569 ι
2116 2515 2424 2571 Notandum
2453 2522 2559 2574 est,
2585 2512 2672 2566 hic
2700 2517 3126 2564 memoratarum
3154 2504 3460 2568 hominum,

1871 2610 2126 2668 videlicet
2171 2608 2400 2663 Eliacim
2453 2615 2509 2659 et
2554 2603 2792 2668 Somnat,
2839 2601 3007 2676 etiam
3058 2599 3111 2652 in
3161 2595 3464 2667 pramissis

1871 2701 2207 2757 mentionem
2252 2713 2280 2752 a
2317 2695 2581 2767 prOpheta
2615 2693 2816 2747 l'actam
2853 2704 2996 2756 esse,
3042 2704 3168 2745 cum
3213 2687 3280 2742 de
3325 2687 3463 2740 valle

1872 2795 2003 2850 Sion
2034 2808 2216 2848 sermo
2245 2791 2565 2847 haberetur.
2610 2785 2713 2841 Hic
2762 2798 2928 2856 porro
2969 2797 3032 2838 ea
3075 2778 3470 2838 observatione.

1869 2894 1958 2940 est
1991 2898 2149 2953 opus,
2183 2892 2240 2936 ut
2283 2862 2410 2935 huic
2444 2877 2710 2943 historia,
2732 2875 3035 2947 prophetiae
3073 2874 3220 2928 illius
3252 2888 3464 2928 sermo-

1872 2991 1972 3031 nes
1995 2977 2342 3045 adaptemus.
2372 2973 2540 3026 Aiunt
2564 2981 2749 3025 autem
2772 2967 3007 3031 Hebraei,
3030 2967 3173 3021 hunc
3199 2964 3459 3020 Somnum

1871 3069 1939 3122 ad
1974 3067 2255 3137 Assyrium
2295 3073 2486 3133 postea
2519 3062 2899 3131 transfugisse,
2926 3075 2989 3114 ac
3030 3074 3154 3114 cum
3192 3058 3314 3112 aliis
3355 3058 3458 3125 ipsi

1872 3158 2152 3212 dexteram
2212 3154 2545 3221 contulisse,
2599 3153 2719 3223 ejus
2772 3152 3068 3207 formidine
3110 3160 3458 3221 permotum:

1870 3261 2035 3319 atque
2068 3249 2190 3303 ideo
2243 3263 2341 3312 ea,
2385 3263 2506 3317 qua:
2558 3247 2815 3317 superius
2861 3246 2916 3301 in
2968 3244 3254 3316 prophetia
3297 3243 3465 3297 conti-

1871 3353 2091 3407 nentur,
2123 3342 2191 3396 de
2234 3341 2326 3396 illo
2361 3340 2506 3396 dicta
2542 3339 2732 3395 fuisse.
3385 3355 3387 3357 ί

1938 3522 2106 3576 Vens.
2144 3521 2333 3579 12-20.
2375 3540 2394 3574 ι
2435 3521 2501 3576 Et
2527 3521 2665 3575 dixit
2709 3520 2775 3574 ad
2807 3535 2902 3574 eos
2952 3519 3278 3574 Rahsaccs:
3321 3514 3458 3570 Num

1870 3620 1936 3670 ad
1968 3615 2246 3671 dominum
2281 3627 2544 3680 vestrum,
2587 3623 2682 3669 aut
2721 3614 2788 3667 ad
2829 3627 2925 3668 vos
2981 3611 3131 3666 misit
3175 3626 3261 3665 me.
3293 3608 3462 3663 domi-

1869 3723 1969 3762 nus
2010 3723 2197 3774 meus,
2261 3716 2318 3760 ut
2382 3706 2575 3776 loquar
2620 3719 2908 3761 sermones
2955 3704 3126 3760 istos?
3155 3701 3346 3758 Nonne
3391 3705 3459 3756 ad

1869 3801 2116 3856 homines
2147 3801 2241 3870 qui
2297 3801 2492 3855 sedent
2523 3815 2690 3868 supra
2736 3813 2992 3863 murum,
3049 3805 3109 3851 ut
3170 3795 3462 3851 comedent

1866 3900 2101 3959 stercus,
2135 3901 2193 3948 et
2228 3891 2420 3948 bibant
2459 3891 2674 3946 urinam
2710 3890 2997 3946 vobiscum
3027 3889 3225 3944 simul?
3255 3889 3317 3942 Et
3355 3898 3462 3944 ste-

1869 3983 1932 4037 tit
1968 3983 2275 4048 Rabsaces,
2330 3993 2386 4040 et
2455 3985 2715 4039 clamavit
2768 3997 2901 4038 voce
2953 3997 3148 4053 magna
3200 3981 3456 4047 Judaice,

1865 4085 1923 4131 et
1951 4078 2125 4132 dixit:
2165 4077 2363 4131 Audite
2408 4092 2696 4133 sermones
2734 4077 2881 4147 regis
2922 4075 3138 4145 magni,
3182 4075 3324 4142 regis
3355 4077 3459 4128 As-

1865 4170 2160 4240 syriorum.
2197 4169 2324 4224 Haec
2357 4170 2489 4225 dicit
2521 4185 2614 4225 rex
2641 4188 2656 4225 :
2687 4168 2767 4225 Ne
2792 4183 2890 4224 vos
2929 4167 3160 4238 decipiat
3193 4165 3458 4222 Ezechias

1866 4262 2047 4318 verbis
2073 4281 2087 4316 :
2134 4276 2244 4316 non
2287 4263 2492 4332 poterit
2521 4263 2756 4318 liberare
2779 4276 2899 4317 vos.
2929 4260 2998 4316 Et
3032 4274 3101 4315 ne
3127 4259 3275 4315 dicat
3305 4260 3460 4315 vobis

1867 4355 2135 4410 Ezechias
2158 4395 2175 4422 ,
2209 4355 2339 4425 quia
2387 4353 2648 4410 liberabit
2682 4369 2778 4409 vos
2817 4354 2984 4420 Deus,
3030 4363 3086 4408 et
3113 4365 3456 4421 nequaquam

1866 4447 2115 4501 tradetur
2154 4447 2350 4503 civitas
2379 4447 2494 4502 haec
2524 4448 2577 4502 in
2621 4462 2844 4502 manqu
2896 4447 3040 4517 regis
3081 4446 3456 4515 Assyriorum.

1793 4531 1839 4591 D
1866 4538 2042 4595 Nolite
2069 4539 2362 4594 Ezechiam
2389 4540 2600 4594 audire.
2629 4539 2756 4594 Hrec
2781 4539 2913 4594 dicit
2939 4554 3038 4593 rex
3066 4539 3453 4610 Assyriorum:

1866 4631 1923 4687 Si
1960 4632 2123 4688 vultis
2160 4631 2437 4695 benedici,
2467 4632 2791 4702 egredimini
2835 4632 2902 4687 ad
2947 4645 3059 4697 me,
3099 4639 3158 4685 et
3188 4629 3457 4685 comedite

1865 4725 2238 4794 unusquisque
2262 4725 2476 4778 vineam
2504 4740 2657 4778 suam
2707 4734 2765 4778 et
2793 4724 2956 4788 ﬁcus,
2980 4733 3036 4779 et
3059 4723 3230 4779 bibite
3257 4739 3453 4792 aquam

1864 4833 1930 4872 ex
1966 4818 2087 4872 lacu
2128 4827 2350 4881 vestro;
2388 4817 2560 4872 donec
2606 4819 2820 4872 veniam
2853 4827 2908 4872 et
2957 4832 3232 4872 assumam
3276 4832 3371 4871 vos
3402 4818 3452 4869 in

1868 4918 2094 4972 terram,
2124 4925 2247 4979 quae
2284 4919 2370 4964 est
2419 4917 2678 4980 tanquam
2717 4920 2862 4965 terra
2903 4921 3113 4977 vestra,
3158 4921 3305 4965 terra
3347 4910 3456 4964 fru-

1865 5004 2053 5066 menti,
2083 5014 2138 5058 et
2181 5005 2329 5068 vini,
2371 5014 2426 5058 et
2479 5019 2700 5072 panum,
2757 5017 2813 5058 et
2857 5005 3158 5059 vinearum.
3197 5005 3276 5061 Ne
3317 5005 3456 5059 deci-

1867 5097 1978 5164 piat
2015 5111 2110 5150 vos
2128 5097 2394 5151 Ezechias
2431 5099 2655 5152 dicens:
2693 5098 2836 5152 Deus
2864 5097 3121 5152 liberabit
3158 5115 3274 5154 nos.
3310 5099 3447 5153 Num

1867 5190 2167 5243 liberarunt
2189 5191 2260 5244 dii
2291 5191 2555 5259 gentium,
2587 5192 2963 5261 unusquisque
2994 5193 3269 5262 regionem
3296 5208 3448 5246 suam

1864 5284 1930 5336 de
1964 5297 2124 5335 manu
2157 5283 2299 5351 regis
2341 5284 2730 5354 Assyriorum?
2772 5285 2871 5340 Ubi
2926 5296 3010 5338 est
3048 5289 3181 5339 deus
3223 5285 3448 5352 Emath,

1864 5382 1917 5427 et
1947 5372 2236 5442 Arphath?
2268 5381 2322 5427 et
2367 5375 2456 5428 ubi
2483 5376 2626 5431 Deus
2659 5378 2900 5432 civitatis
2936 5377 3336 5448 Ecpharvaim?
3366 5380 3447 5433 An

1866 5476 2156 5534 potuerunt
2192 5467 2406 5536 eripere
2447 5467 2754 5523 Samariam
2793 5472 2861 5524 de
2907 5487 3068 5524 manu
3116 5472 3271 5524 mea?
3302 5489 3321 5523 ι
3366 5469 3452 5524 Ni-

1871 5558 1940 5612 hil
1981 5556 2196 5613 diﬂ'erre
2241 5568 2438 5628 putans
2483 5560 2648 5614 Deum
2685 5560 3069 5632 Hierosolyma;
3114 5561 3346 5623 cultant,
3380 5564 3450 5617 ab

1870 5651 2082 5718 ἰίε,ρ‹]υἰ
2118 5653 2261 5720 apud
2285 5661 2514 5706 caeteras
2546 5667 2738 5706 errore
2773 5655 2965 5706 ductas
2993 5661 3182 5721 gentes
3220 5653 3295 5705 dii
3331 5668 3451 5707 esse

1865 5745 2345 5798 existimabantur.
2377 5742 2660 5799 Gradatim
2688 5759 2852 5814 porro
2878 5745 3144 5799 barbarus
3176 5745 3264 5800 ille
3293 5761 3447 5801 suam

1869 5835 1979 5893 Deo
2018 5835 2297 5892 inimicam
2329 5836 2565 5908 linguam
2599 5838 2892 5907 instruxit;
2926 5854 2989 5895 ac
3015 5838 3193 5910 primo
3223 5839 3444 5911 quidem
