4058 6404
622 415 727 471 547
1346 399 1607 458 ευειςοιι
1646 396 2121 455 (ΖΕΞΑΚΙΕΝΒΙΒ
2158 396 2196 453 0

2296 440 2306 451 .
2340 395 2519 449 PARS
2558 393 2646 449 lﬂ.
2682 421 2752 434 —
2791 387 3201 445 EXEGETICA.
3750 386 3861 443 σιτ

627 532 891 581 adversus
916 530 1165 577 sanctum
1191 516 1364 571 virum
1392 516 1647 571 mentitus
1672 524 1775 576 est,
1796 530 1916 566 eum
1951 511 2179 581 Egypto

2296 512 2335 562 ίὲ
2362 511 2390 561 6
2423 509 2695 579 βάρϐαρος
2730 508 2829 577 τὴν
2859 503 3126 574 θεομάχον
3176 500 3441 566 ἐξώπλισε
3476 499 3757 568 γλῶσσαν·
3798 500 3862 569 ὀδ

629 621 794 673 fidere
825 615 1120 676 dictitans;
1154 610 1352 664 deinde
1390 607 1508 674 ejus
1542 606 1943 659 adhortationes
1976 606 2185 657 solvere.

2296 603 2382 653 ιιὲν
2425 601 2643 670 πρῶτον
2675 599 2769 652 τοῦ
2818 598 2971 664 ἀγίου
3013 593 3498 663 καταψευδόμενος,
3542 593 3637 646 καὶ
3684 590 3857 659 λέγων

626 721 677 763 et
716 704 1001 770 confutare
1049 710 1274 755 conatus
1320 709 1424 763 est,
1475 698 1627 767 queis
1684 696 2076 749 multitudinem
2120 695 2184 747 ad

2296 692 2440 743 ιύτὸν
2473 690 2788 743 πεποιθέναι
2817 689 2903 741 ἐπ’
2930 685 3245 754 ιΔίγυπτονο
3282 679 3410 770 εἶτα
3432 682 3729 770 ἐπιχειῴ
3752 679 3854 770 ⁸«τὰς

628 796 876 852 tlduciarn
922 794 975 849 iu
1021 792 1129 846 Deo
1178 790 1477 857 ponendam
1536 788 1835 850 invitabat,
1888 788 2029 841 vires
2072 787 2187 853 ejus

631 890 915 940 traducens
946 900 1008 939 ac
1038 890 1409 943 contemnens,
1441 880 1591 949 quod
1636 880 1876 948 equitatu
1912 894 2016 933 non
2050 878 2191 932 vale-

632 990 747 1042 ret;
780 986 962 1048 postea
993 990 1049 1029 se
1084 973 1193 1026 Deo
1216 972 1443 1042 jubeute
1481 970 1795 1025 ascendisse
1823 968 2055 1032 dicebat,
2084 982 2189 1035 quo

632 1068 910 1137 pupulum,
940 1073 999 1120 ut
1029 1079 1059 1119 a
1099 1065 1210 1118 Deo
1245 1063 1534 1131 proditum,
1565 1060 2048 1129 perterrefacer'et',
2090 1061 2191 1115 sub

638 1161 750 1213 haec
798 1155 1288 1229 pollicitationibus
1332 1153 1730 1208 fructuosorum
1778 1154 2092 1216 vinearum,
2141 1161 2194 1205 et

635 1250 859 1303 aliorum
890 1262 1011 1317 qua:
1058 1248 1193 1300 bona
1243 1244 1578 1298 :estimantur
1602 1281 1617 1305 ,
1664 1252 1746 1295 est
1784 1256 1947 1304 usus;
1980 1242 2193 1296 demum

633 1340 751 1391 hare
792 1340 896 1392 sibi
930 1337 1139 1391 inutilia
1163 1351 1282 1391 esse
1311 1333 1766 1398 animadvertens,
1806 1334 2192 1387 exsecrandam

636 1428 873 1497 linguam
911 1428 1107 1497 aperit,
1150 1439 1255 1495 qua
1292 1425 1484 1493 impias
1523 1424 1747 1493 protulit
1776 1439 1953 1478 voces.
1996 1424 2191 1478 Verum

635 1519 929 1587 impietatis
966 1531 1153 1587 pmnss
1189 1515 1360 1579 dedit,
1404 1531 1527 1569 cum
1566 1516 1738 1584 angeli
1787 1531 1943 1569 manu
1996 1516 2196 1570 exerci-

641 1618 726 1662 tus
750 1607 866 1673 ejus
898 1607 1137 1661 funditus
1176 1607 1385 1660 deletus
1417 1617 1520 1660 est.

711 1697 871 1750 Vsus.
911 1697 1000 1761 2t,
1027 1694 1114 1748 22.
1157 1715 1173 1746 ι
1206 1694 1269 1749 Ει
1300 1707 1616 1763 tacuerunt,
1646 1705 1701 1751 et
1730 1713 1888 1753 nemo
1920 1699 2195 1769 respondit

2285 780 2633 850 παραινέσεις
2660 776 2824 832 αὐτοῦ
2851 774 3086 827 διαλύειν
3124 770 3224 834 τάς
3251 770 3345 823 ἐπὶ
3387 768 3505 838 Θεῷ
3532 764 3853 820 πεποιθέναι

2284 873 2343 923 τὸ
2370 870 2571 941 πλῆθος
2601 862 3145 937 παρασκευαζούσαις,
3175 861 3274 931 τὴν
3300 860 3525 930 δύναμιν
3546 856 3713 912 αὐτοῦ
3742 853 3853 907 δια-

2287 961 2496 1015 ϐάλλων
2526 959 2614 1011 διὰ
2643 955 2739 1010 τοῦ
2773 955 2847 1027 μὴ
2872 951 3174 1026 κτήσασθαι
3204 947 3547 1018 κατασκευὴν
3582 945 3813 1013 ἱππικήν
3838 957 3853 971 ·

2288 1046 2406 1102 εἶτα
2436 1047 2574 1118 μετά
2598 1045 2692 1099 τοῦ
2720 1042 2854 1097 Θεοῦ
2896 1039 3159 1109 ἀναϐῆναι
3185 1037 3380 1105 λέγων,
3410 1036 3487 1099 ὡς
3524 1034 3593 1089 ἀν
3616 1032 3861 1105 δειλιάσῃ

2288 1140 2351 1192 τὸ
2380 1136 2581 1206 πλῆθος
2609 1136 2685 1196 ὡς
2730 1132 2987 1205 προδοθὲν
3011 1130 3121 1185 ἀπὸ
3152 1127 3289 1182 Θεοῦ
3307 1145 3321 1157 ·
3354 1122 3473 1181 εἶτα
3505 1122 3860 1192 ἐπαγγελίαις

2291 1228 2541 1300 χρηστῶν
2566 1224 2922 1296 ἀμπελώνων,
2947 1222 3043 1276 καὶ
3071 1220 3179 1275 τῶν
3205 1218 3380 1275 ἄλλων
3425 1216 3725 1271 δοκούντων
3764 1231 3861 1269 κα-

2290 1323 2396 1374 λῶν
2414 1336 2428 1349 ·
2460 1315 2579 1372 εἶτα
2610 1316 2763 1379 είδὼς
2795 1316 2972 1369 πάντα
3015 1310 3180 1387 αὐτοῦ
3221 1310 3291 1367 τὰ
3330 1307 3553 1363 τοιαῦτα
3583 1308 3865 1378 ἄπρακτα,

2291 1412 2389 1483 τὴν
2425 1408 2624 1482 μιαρὰν
2666 1406 2832 1461 αὑτοῦ
2869 1405 3077 1473 ἀνοίγει
3104 1402 3369 1472 γλῶτταν,
3395 1400 3650 1461 ἀσεὸείας
3683 1397 3868 1465 ἀφιεὶς

2294 1505 2495 1573 φωνάς.
2526 1501 2663 1553 Ἀλλ’
2692 1499 2937 1552 έκτέτικε
2964 1497 3119 1559 δίκας
3148 1496 3249 1565 τῆς
3306 1492 3582 1557 ἀσεϐείας,
3627 1489 3866 1559 ἀγγέλου

2294 1593 2629 1664 πανστρατιᾷ
2660 1588 3046 1658 δαπανώμενος
3077 1586 3241 1657 χειρί.

2370 1705 2387 1736 ι
2418 1684 2525 1738 Kal.
2549 1682 2881 1752 ἐσιώπησαν,
2904 1668 3194 1739 καὶούδεὶς
3215 1673 3487 1744 ἀπεκρίθη
3512 1670 3665 1741 αὑτῷ
3685 1670 3868 1738 λόγον,

637 1788 686 1838 ei
733 1760 991 1849 verbum,
1027 1786 1168 1854 quod
1219 1760 1758 1856 probibuissetvrex,
1797 1804 1862 1843 ne
1910 1760 2190 1858 quisquam

2296 1776 2381 1829 διὰ
2412 1775 2474 1829 τὺ
2510 1772 2809 1845 προστάξαι
2848 1772 2941 1823 τὸν
2986 1767 3209 1838 βασιλέα
3247 1765 3449 1837 μηδένα
3478 1760 3868 1858 ἀποκριθῆναιῖ

638 1875 740 1944 ipsi
795 1852 1166 1945 responderet.
1219 1852 1289 1931 lit
1337 1878 1607 1945 ingressus
1658 1887 1742 1933 est
1788 1852 2006 1933 Eliac-im
2051 1852 2195 1935 illius

2296 1868 2403 1920 Καὶ
2432 1864 2675 1936 εἰσῆλθεν
2715 1862 2995 1930 Ἐλιακείμ
3018 1862 3046 1913 6
3068 1858 3161 1912 τοῦ
3188 1856 3417 1911 Χελκίου
3442 1854 3745 1945 οἰκονόμος,
3776 1852 3873 1907 καὶ

637 1963 869 2019 Chelcia:
901 1978 1249 2029 meonomus',
1289 1972 1343 2019 et
1394 1966 1622 2021 Somnus
1666 1968 1846 2021 scriba
1886 1968 2191 2032 exercitus,

638 2066 694 2108 et
724 2053 891 2109 Joacb
924 2055 1069 2111 filius
1097 2056 1276 2124 Asaph
1298 2070 1328 2110 s
1354 2058 1761 2112 commentariis
1788 2060 1853 2111 ad
1880 2057 2194 2124 Ezechiam,

642 2148 830 2203 scissis
864 2148 1079 2213 tunicis,
1115 2158 1170 2203 et
1202 2151 1648 2203 renuntiaverunt
1671 2149 1719 2204 ei
1744 2164 2019 2205 sermones
2051 2149 2195 2206 Rab-

640 2240 804 2294 sacis.
848 2258 869 2290 ι
911 2238 1025 2294 Non
1066 2241 1321 2294 convenit
1368 2241 1513 2294 enim
1550 2240 1669 2311 pio,
1714 2255 1835 2294 cum
1887 2241 2199 2308 blaspheme

642 2329 862 2383 homine
899 2326 1162 2399 colloqui,
1193 2343 1261 2384 ne
1286 2328 1334 2384 is
1366 2329 1681 2383 concitatus
1721 2330 1773 2383 in
1819 2329 1922 2382 alia
1958 2329 2201 2399 blasphe-

642 2434 728 2472 me
758 2418 898 2473 dicta
936 2418 1251 2473 delabatur:
1312 2430 1524 2489 oportet
1569 2421 1743 2475 solum
1797 2422 2044 2476 homines
2097 2436 2197 2476 ceu

642 2511 807 2564 armis
834 2510 1155 2580 quibusdam
1194 2512 1556 2566 communitus
1582 2527 1724 2577 esse,
1752 2528 1819 2567 ac
1852 2513 2069 2569 silentio
2100 2530 2200 2569 un-

642 2602 805 2669 dique
838 2616 956 2656 sese
996 2598 1203 2671 tegere,
1236 2614 1393 2657 veros
1429 2604 1569 2671 apud
1608 2618 1665 2658 se
1700 2618 1981 2659 sermones
2019 2606 2198 2660 occul-

646 2700 839 2755 tantes.
876 2706 938 2748 ac
969 2690 1063 2747 Del
1092 2701 1288 2747 contra
1328 2691 1672 2760 blusphemos
1707 2692 1971 2762 judicium
2003 2709 2198 2764 exspe-

588 2778 592 2783 ’
640 2791 872 2838 «tantes.
915 2781 1049 2837 Cum
1095 2785 1209 2838 lucc
1237 2783 1384 2853 jussu
1438 2800 1533 2838 rex
1577 2786 1870 2853 prudenter
1924 2786 2197 2853 dedisset,

640 2874 824 2941 populi
884 2874 1121 2943 praal'eeti
1182 2875 1493 2930 mandatum
1546 2875 1664 2943 ejus
1714 2878 2195 2945 exsequebantur:

641 2965 781 3029 quod
854 2965 978 3019 item
1053 2969 1412 3035 pmtandum
1475 2969 1631 3022 nobis
1684 2978 1766 3023 est
1812 2971 2202 3038 persecutionis

643 3065 901 3125 tempore,
933 3072 1139 3111 necnon
1163 3059 1216 3112 in
1238 3061 1628 3143 communibus,
1649 3061 1933 3131 impiisque
1960 3062 2203 3132 blasphe-

645 3161 854 3200 tnorutn
894 3148 1197 3218 colloquiis.

1151 3238 1380 3297 CAPUT
1420 3240 1681 3297 XXXVII.

713 3326 874 3382 Vsus.
910 3329 961 3383 Ι.
1006 3348 1026 3380 ι
1068 3329 1132 3385 Ει
1165 3330 1365 3386 factum
1400 3342 1485 3387 est
1521 3350 1643 3387 cum
1678 3337 1892 3392 audiret
1927 3353 2018 3393 rex
2059 3338 2199 3395 Eze-

640 3420 832 3482 chias,
881 3420 1040 3475 scidit
1098 3422 1435 3488 vestimenta,
1500 3432 1553 3478 et
1593 3440 1809 3480 saccum
1866 3429 2039 3483 induit
2085 3446 2101 3483 :
2147 3440 2203 3484 et

642 3512 884 3567 ascendit
920 3514 972 3566 in
1006 3513 1218 3567 domum
1279 3514 1509 3569 Domini.
1562 3535 1582 3568 ι
1618 3515 1825 3572 Praeter
1885 3520 1987 3572 alia
2043 3520 2202 3591 igitur

643 3601 884 3657 Ezechiae
928 3606 1090 3671 proba
1129 3605 1407 3670 facinora,
1440 3607 1655 3663 virtutis
1695 3610 2011 3665 exercitium
2034 3655 2048 3679 ,
2087 3628 2203 3667 ma—

635 3695 880 3763 jorisque
913 3696 1187 3764 religionis
1232 3707 1632 3767 argumentum,
1686 3700 1796 3754 Deo
1842 3712 2200 3770 procurante,

644 3798 838 3843 nactus
882 3785 971 3840 ille
1010 3796 1129 3842 est:
1175 3780 1265 3856 qu'i
1295 3788 1488 3843 bellico
1517 3790 1735 3859 quidem
1769 3802 2057 3859 apparatu,
2095 3808 2202 3862 quo

642 3876 730 3929 ille
757 3879 1083 3946 conspicuus
1109 3887 1250 3942 erat,
1284 3891 1339 3931 et
1369 3878 1620 3934 omnibus
1664 3881 1730 3934 ad
1774 3879 1967 3934 bellum
2018 3897 2201 3937 neces-

642 3967 801 4020 suriis
828 3978 883 4020 ut
907 3970 1221 4037 praeclarum
1249 3971 1435 4024 ducent
1462 3972 1705 4035 decebat,
1740 3973 2059 4039 instructus,
2093 3976 2203 4028 Deo

644 4066 820 4112 tamen
852 4061 1029 4113 omnia
1077 4063 1381 4116 commisit:
1429 4078 1491 4117 ac
1526 4064 1751 4118 subdita:
1794 4065 1899 4119 sibi
1936 4066 2076 4135 plebi
2117 4081 2202 4121 re-

644 4149 847 4217 ligiosa
895 4149 1155 4207 doctrina:
1196 4165 1461 4224 pra-cepta
1520 4159 1758 4211 tradidit.
1809 4178 1825 4209 ι
1881 4162 1946 4214 Et
1986 4176 2199 4215 saccum

645 4240 832 4304 induit,
872 4260 891 4291 ι
929 4242 1104 4297 luctus
1139 4242 1529 4305 etalﬂictionis
1562 4250 1708 4316 signa
1754 4265 2075 4305 assumens:
2120 4262 2201 4304 at-

640 4346 745 4400 que
772 4334 870 4387 hoc
905 4334 1087 4388 habitu
1118 4350 1147 4388 a
1186 4338 1328 4405 regia
1371 4338 1528 4392 domo
1558 4341 1622 4391 ad
1672 4341 1927 4408 templum
1962 4343 2077 4409 Dei,
2109 4358 2203 4410 per

644 4423 869 4487 mediam
911 4429 1096 4480 urbem
1136 4428 1410 4492 incedens,
1456 4446 1515 4483 se
1563 4433 1793 4485 contulit
1834 4449 2060 4503 seseque
2102 4437 2201 4488 hu-

2295 1958 2506 2027 Σομνᾶς
2554 1959 2582 2009 ὁ
2619 1955 2980 2026 γραμματεὺς
3023 1952 3122 2020 τῆς
3166 1949 3467 2018 δυνάμεως,
3503 1947 3598 1999 καὶ
3640 1944 3801 2015 Ἰωάχ
3843 1946 3873 1996 6

2293 2046 2387 2100 τοῦ
2454 2044 2624 2113 ’Δσὰφ
2676 2044 2704 2095 6
2756 2038 3325 2111 ὒπομνηματογράφος
3389 2034 3525 2106 πρὸς
3594 2030 3870 2096 Ἐζεκίαν,

2295 2134 2603 2205 ἐσχισμένοι
2626 2133 2750 2195 τοὺς
2776 2130 3027 2200 χιτῶνας,
3072 2127 3166 2180 καὶ
3196 2121 3531 2195 ἀπήγγειλαν
3572 2119 3723 2190 αὐτῷ
3743 2120 3875 2183 τοὺς

2297 2227 2485 2295 λόγους
2519 2224 2843 2278 Ῥασσάκου.
2870 2240 2887 2271 ι
2922 2219 3073 2289 Μηδὲ
3092 2216 3202 2287 γὰρ
3227 2216 3492 2287 προσήκει
3531 2212 3624 2265 τὸν
3669 2210 3877 2282 εὐσεϐῆ

2300 2317 2600 2388 βλασφήμῳ
2632 2309 3133 2384 προσδιαλέγεσθαι,
3164 2308 3241 2371 ὡς
3262 2306 3329 2360 ἂν
3355 2306 3430 2376 μὴ
3471 2304 3773 2375 έρεθίζοιτο
3794 2302 3880 2368 εις

2297 2409 2492 2480 ἑτέρας
2522 2406 2808 2460 ἐκπίπτειν
2846 2399 3221 2471 βλασφημίας·
3265 2398 3425 2467 μόνον
3454 2395 3511 2448 δὲ
3557 2394 3880 2466 πεφράχθαι

2297 2500 2375 2553 δεῖ
2405 2500 2591 2570 ὥσπερ
2635 2495 3007 2557 τισὶνόπλοις,
3042 2492 3136 2547 καὶ
3168 2488 3501 2560 πανταχόθεν
3539 2486 3880 2573 ὴσφαλίσθαι

2297 2596 2362 2664 τῇ
2411 2595 2609 2663 σιωπῇ,
2659 2590 2998 2663 κρύπτοντας
3038 2588 3095 2641 ιν
3135 2587 3345 2650 ἑαυτοῖς
3372 2586 3499 2648 τοὺς
3527 2584 3750 2655 ἀληθεῖς
3788 2582 3879 2636 λύ-

2298 2700 2427 2751 γους
2444 2724 2460 2750 ,
2484 2682 2874 2753 περιμένοντας
2893 2679 2948 2731 δὲ
2972 2678 3067 2749 τὴν
3092 2679 3157 2730 ὲκ
3172 2676 3306 2730 Θεοῦ
3329 2675 3471 2730 κατά
3495 2675 3605 2728 τῶν
3632 2674 3879 2744 βλασφή-

2303 2791 2418 2844 μων
2470 2773 2671 2843 κρίσιν.
2721 2769 2910 2823 Ταῦτα
2950 2767 3413 2839 παραγγείλαντος
3456 2765 3551 2819 τοῦ
3607 2764 3880 2834 βασιλέως

2300 2844 2697 2935 ἀπιστημόνως,
2720 2866 2781 2917 τὸ
2806 2862 3143 2936 προσταχθὲν
3179 2860 3396 2914 ἐποίουν
3424 2860 3474 2912 οἱ
3504 2857 3600 2911 τοῦ
3636 2855 3877 2927 πλήθους

2300 2953 2669 3025 προεστῶτες
2705 2952 2733 3006 6
2774 2952 2841 3023 δὴ
2884 2938 2979 3005 καῖ
3022 2954 3151 3023 ἡμῖν
3182 2948 3433 3019 ποιητέον
3466 2949 3613 3001 ἐστὶν
3656 2948 3715 2999 ὲν
3754 2964 3878 3000 και-

2304 3048 2416 3118 ροῖς
2451 3044 2724 3114 διωγμῶν,
2768 3043 2802 3114 ἢ
2845 3044 2904 3096 έν
2942 3043 3153 3106 κοιναῖς,
3189 3041 3281 3095 καὶ
3310 3040 3490 3102 ἀθέοις
3538 3037 3878 3109 βλασφήμων

2300 3132 2588 3198 διαλέξεσι.

2805 3240 3200 3296 ΚΕΦΔΔΑῙΟΝ
3226 3239 3353 3295 ΛΖ’.

2375 3354 2396 3387 ι
2423 3336 2532 3389 Kal
2556 3334 2769 3402 ἐγένετο
2793 3335 2851 3388 έν
2872 3332 2951 3403 τῷ
2974 3332 3207 3386 ἀκοῦσαι
3230 3332 3322 3387 τὸν
3349 3331 3572 3403 βασιλέα
3600 3328 3876 3396 Ἐζεκίαν,

2300 3426 2483 3496 ἔσχισε
2522 3425 2591 3478 τὰ
2640 3425 2851 3495 ἱμάτια,
2880 3424 2977 3477 καὶ
3007 3422 3360 3495 περιεϐάλετο
3386 3424 3614 3477 σάκκον·
3660 3423 3755 3477 καὶ
3779 3424 3879 3476 ἀν-

2298 3515 2399 3584 έϐη
2427 3517 2506 3578 είς
2536 3515 2626 3568 τὸν
2658 3510 2805 3567 οἷκον
2842 3513 3068 3584 Κυρίου.
3092 3532 3110 3564 ι
3156 3512 3301 3583 Πρὸς
3325 3515 3435 3576 τοῖς
3468 3512 3655 3576 ἄλλοις
3691 3512 3878 3567 τοίνυν

2300 3606 2683 3676 κατορθώμασι
2731 3605 2826 3659 τοῦ
2878 3602 3143 3668 Ἐζεκίου,
3176 3606 3485 3675 γυμνασίαν
3529 3605 3735 3675 ἀρετῆς
3783 3605 3883 3658 καὶ

2302 3700 2549 3761 πλείονος
2596 3696 2902 3760 θεοσεϐείας
2933 3696 3156 3760 ἔνδειξιν
3188 3699 3445 3767 παρεῖχεν
3478 3698 3508 3748 6
3554 3696 3688 3758 Θεὸς
3724 3697 3881 3767 αύτῷ

2300 3790 2387 3843 διά
2413 3793 2511 3859 τῆς
2529 3790 2664 3859 πρὸς
2678 3788 2770 3842 τὸν
2790 3787 3045 3858 πολέμιον
3067 3787 3440 3860 παρατάξεως,
3457 3782 3564 3859 ὲνῇ
3587 3787 3877 3858 διέλαμψε,

2302 3882 2476 3933 πάντα
2509 3880 2607 3948 μὲν
2635 3877 3014 3949 στρατηγικῶς
3040 3878 3109 3932 τά
3141 3879 3276 3951 πρὸς
3298 3879 3391 3932 τὺν
3418 3878 3649 3949 πόλεμον
3694 3896 3879 3950 παρα-

2300 3971 2617 4041 ταξάμενος,
2649 3971 2710 4022 τὸ
2749 3969 2804 4021 δὲ
2847 3970 2954 4023 πᾶν
2986 3970 3206 4033 ἀναθεὶς
3238 3970 3315 4039 τῷ
3360 3969 3499 4040 Θεῷ,
3530 3972 3643 4033 τοῖς
3686 3970 3748 4023 δὲ
3782 3971 3879 4025 ὑπ’

2302 4064 2461 4115 αὑτὸν
2512 4061 2739 4133 πλήθεσι
2800 4060 3026 4131 θεοσεδῆ
3085 4062 3429 4115 διδασκαλίαν
3471 4061 3875 4131 παραγγείλας.

2307 4172 2324 4203 ι
2346 4154 2454 4205 Kal.
2485 4152 2774 4223 περιέϐαλε
2820 4154 3040 4217 σάκκον,
3069 4172 3086 4204 ι
3124 4155 3328 4224 σημεῖα
3358 4152 3587 4216 πένθους
3628 4155 3726 4207 καὶ
3778 4172 3879 4208 κα·-

2300 4243 2517 4307 κώσεως
2545 4244 2907 4313 ἐπαγόμενος
2936 4245 3110 4315 τούτῳ
3125 4244 3184 4297 δὲ
3206 4244 3286 4315 τῷ
3310 4247 3547 4316 σχήματι
3576 4245 3665 4299 διὰ
3700 4246 3879 4317 μέσης

2301 4338 2450 4408 ἀνῄει
2476 4339 2573 4406 τῆς
2616 4338 2821 4399 πόλεως
2867 4336 2977 4390 ἀπὸ
3004 4336 3115 4390 τῶν
3152 4336 3434 4406 βασιλείων
3465 4338 3629 4389 οίκων
3656 4338 3753 4390 ἐπὶ
3782 4337 3877 4391 τὸν

2299 4429 2433 4481 νεὼν
2468 4430 2561 4480 τοῦ
2593 4429 2748 4491 Θεοῦ,
2780 4429 2873 4480 καὶ
2902 4426 3158 4481 ταπεινὸν
3177 4428 3366 4480 ἑαυτὸν
3386 4428 3465 4497 τῷ
3490 4428 3608 4497 Θεῷ
3632 4428 3878 4496 δεικνὺς,

640 4514 821 4569 miletn
863 4516 970 4569 Deo
1000 4519 1227 4588 sistens,
1262 4521 1342 4575 vel
1382 4521 1499 4590 ipso
1542 4522 1732 4576 habitu
1770 4523 2194 4579 misericordiam

2299 4518 2477 4573 οἴκτου
2508 4520 2601 4572 καὶ
2625 4520 2805 4581 ἐλέους
2829 4520 3011 4588 τυχεῖν
3051 4516 3202 4588 ἠξίου
3232 4516 3309 4587 τῷ
3333 4522 3590 4588 σχήματι.

640 4602 756 4669 ejus
792 4606 1133 4672 provocabat.

713 4693 870 4747 Vsus.
892 4696 944 4747 2.
969 4714 986 4745 σ
1006 4695 1068 4748 Ει
1090 4696 1232 4749 misit
1250 4696 1467 4753 Eliacim
1486 4714 1848 4763 mconomum,
1871 4711 1924 4755 et
1942 4702 2193 4756 Somnam

639 4786 894 4851 scribam,
934 4796 987 4839 et
1034 4788 1273 4843 seniores
1323 4792 1672 4843 sacerdotum
1718 4791 1937 4857 indutos
1976 4795 2150 4847 saccis
2176 4834 2189 4857 ,

639 4878 707 4929 ad
745 4877 936 4930 Isaiam
976 4879 1142 4932 lilium
1174 4882 1340 4934 Amos
1370 4885 1707 4951 prophetam.
1755 4904 1773 4935 ι
1811 4885 1959 4939 Alios
1998 4890 2193 4957 quippe

638 4984 705 5021 ex
732 4970 1098 5024 sacerdotibus
1154 4971 1281 5037 Dei,
1332 4972 1448 5025 loco
1497 4976 1908 5029 sacerdotalium
1967 4980 2191 5032 vestium

642 5062 811 5113 saccis
844 5062 1079 5127 indutos,
1121 5063 1188 5116 ad
1222 5062 1416 5116 Isaiam
1452 5069 1765 5133 prophetam
1807 5071 1993 5132 mittit,
2044 5072 2191 5125 dice-

640 5168 804 5221 reque
829 5151 1001 5219 jubet,
1034 5172 1054 5205 ι
1100 5154 1222 5207 Ιιωο
1252 5155 1381 5208 dicit
1409 5154 1696 5223 Ezechias;
1722 5176 1739 5209 ι
1776 5172 1946 5228 neque
1967 5160 2193 5227 addidit,

643 5258 773 5295 rex:
824 5256 995 5309 neque
1028 5244 1172 5296 enim
1225 5245 1485 5312 temporis
1531 5245 1767 5298 conditio
1811 5246 1862 5299 id
1898 5247 2009 5311 illi,
2057 5262 2191 5317 pra:-

640 5334 776 5386 senti
808 5334 1116 5398 calamitate
1146 5334 1376 5403 dejecto,
1410 5334 1593 5389 dicere
1624 5337 1990 5403 permittebat.

716 5594 844 5651 Vss.
874 5599 925 5657 5,
953 5599 1003 5649 4.
1040 5617 1059 5649 ι
1097 5601 1161 5652 Et
1188 5601 1441 5653 dixerunt
1473 5602 1521 5655 ei
1550 5621 1559 5655 :
1586 5601 1707 5655 ihee
1729 5602 1856 5656 dicit
1893 5605 2149 5681 Ezechias
2178 5624 2188 5655 :

2374 4694 2519 4745 «Καὶ
2565 4692 2885 4746 ἀπέστειλεν
2953 4690 3234 4764 Ἐλιακεὶμ
3282 4696 3374 4747 τὸν
3424 4696 3727 4764 οἰκονόμον,
3780 4699 3876 4753 καὶ

2299 4786 2505 4855 Σομνᾶν
2546 4786 2635 4838 τὸν
2670 4786 3024 4856 γραμματέα,
3060 4786 3300 4848 καὶτοὺς
3338 4786 3738 4857 πρεσϐυτέρους
3764 4788 3879 4843 τῶν

2300 4875 2486 4946 ἱερέων
2516 4876 3012 4946 περιόεὸλημένους
3042 4876 3296 4939 σάκκους,
3330 4876 3465 4946 πρὸς
3488 4877 3728 4930 ὟΗσαῖαν
3757 4879 3878 4933 υιδν

2296 4966 2477 5036 Ἀμὼς
2503 4966 2593 5019 τὸν
2626 4968 2929 5037 προφήτην.
2957 4986 2976 5018 ι
3010 4968 3147 5030 Τοὺς
3168 4967 3277 5038 γὰρ
3300 4968 3516 5039 ἑτέρους
3536 4970 3643 5023 τῶν
3676 4972 3875 5042 ἱερέων

2296 5059 2387 5112 τοῦ
2418 5059 2574 5120 Θεοῦ,
2609 5061 2841 5121 σάκκους
2871 5061 2992 5113 ἀντὶ
3019 5060 3125 5113 τῶν
3156 5062 3441 5131 ίερατικῶν
3464 5063 3875 5133 ἠμφιεσμένους

2298 5151 2518 5212 στολῶν,
2548 5153 2682 5221 πρὸς
2709 5152 2801 5203 τὸν
2828 5153 3107 5221 προφήτην
3140 5152 3363 5205 Ἡσαΐαν
3384 5154 3609 5223 πέμπει,
3639 5158 3877 5223 φάσκειν

2297 5240 2477 5301 αὐτοῖς
2516 5241 2915 5310 παραγγείλας·
2957 5261 2973 5291 ι
3000 5242 3136 5295 Τάδε
3178 5244 3323 5310 λέγει
3388 5244 3671 5309 Ἐζεκίας,
3698 5266 3718 5299 s
3774 5250 3875 5319 οὐχ

2298 5332 2327 5381 6
2358 5331 2605 5399 βασιλεὺς
2659 5332 2937 5403 προσθείςο
2980 5335 3039 5386 οὐ
3082 5336 3191 5405 γὰρ
3222 5338 3251 5388 6
3297 5337 3485 5405 καιρὸς
3528 5338 3679 5407 αὐτῷ
3722 5342 3874 5394 τοῦτ’

2297 5423 2561 5491 ἐπέτρεπε
2608 5423 2803 5491 λέγειν,
2829 5426 3235 5496 ταπεινουμένῳ
3265 5428 3427 5480 ἕνεκα
3453 5429 3551 5497 τῆς
3586 5431 3875 5502 παρούσης

2299 5517 2599 5585 συμφορᾶς.

2366 5605 2517 5654 «Καὶ
2572 5599 2731 5655 εἶπαν
2764 5603 2939 5671 αὐτῷ·
2987 5606 3125 5659 Τάδε
3175 5605 3323 5676 λέγει
3368 5607 3633 5673 Ἑζεκίας·
3656 5610 3871 5683 Ἡμέρα

642 5684 765 5739 Duas
830 5691 1127 5743 :tlllictionis
1178 5700 1231 5745 Ct
1269 5695 1566 5759 opprobrii,
1611 5706 1663 5748 et
1712 5698 2102 5764 t‘etlargutimtis
2142 5708 2194 5750 et

2296 5694 2520 5763 θλίψεως
2566 5698 2656 5747 καὶ
2707 5697 3031 5764 ὀνειδισμοῦ,
3081 5699 3179 5753 καῖ
3214 5694 3446 5769 ὲλεγμοῡ
3494 5702 3588 5753 καὶ
3629 5703 3805 5772 ὀργῆς
3837 5706 3871 5774 ἡ

643 5776 736 5829 ira:
778 5791 890 5830 unus
932 5780 1223 5845 hodierna,
1280 5787 1402 5848 quia
1457 5788 1598 5838 venit
1654 5786 1804 5841 dolor
1848 5789 2192 5854 parturienti,

2293 5789 2528 5857 σήμερον
2562 5789 2767 5858 ἡμέρα,
2799 5791 2874 5841 ὅτι
2913 5790 3032 5859 ἥκει.
3078 5794 3107 5859 ἡ
3144 5792 3268 5845 ὠδὶν
3302 5796 3365 5863 τῇ
3397 5792 3678 5864 τικτούσῃ,
3715 5798 3871 5866 ἰσχὺν
