  <div class='ocr_page' id='page_1' title='image "/cluster/home/n/w/nwhite01/storage/ocr_20150623/24/ien.35556001660497/186.png"; bbox 0 0 4058 6404; ppageno 0'>
   <div class='ocr_carea' id='block_1_1' title="bbox 176 379 281 436">
    <p class='ocr_par' dir='ltr' id='par_1_1' title="bbox 176 379 281 436">
     <span class='ocr_line' id='line_1_1' title="bbox 176 379 281 436; baseline 0 -1"><span class='ocrx_word' id='word_1_1' title='bbox 176 379 281 436; x_wconf 69' lang='grc' dir='ltr'>διν</span> 
     </span>
    </p>
   </div>
   <div class='ocr_carea' id='block_1_2' title="bbox 1013 373 2551 434">
    <p class='ocr_par' dir='ltr' id='par_1_2' title="bbox 1013 373 2551 434">
     <span class='ocr_line' id='line_1_2' title="bbox 1013 373 2551 434; baseline 0.002 -4"><span class='ocrx_word' id='word_1_2' title='bbox 1013 373 1525 432; x_wconf 60' lang='grc' dir='ltr'><strong>ΕΟΠΜΞΝΤΑΚΙᾹ</strong></span> <span class='ocrx_word' id='word_1_3' title='bbox 1565 375 1630 430; x_wconf 72' lang='lat' dir='ltr'><strong>IN</strong></span> <span class='ocrx_word' id='word_1_4' title='bbox 1672 376 1932 434; x_wconf 68' lang='lat' dir='ltr'><strong>lSAlAll.</strong></span> <span class='ocrx_word' id='word_1_5' title='bbox 1975 408 2042 419; x_wconf 94' lang='lat'><strong>——</strong></span> <span class='ocrx_word' id='word_1_6' title='bbox 2091 377 2246 434; x_wconf 72' lang='lat' dir='ltr'><strong>CAP.</strong></span> <span class='ocrx_word' id='word_1_7' title='bbox 2290 374 2551 433; x_wconf 71' lang='lat' dir='ltr'><strong>XXXVII.</strong></span> 
     </span>
    </p>
   </div>
   <div class='ocr_carea' id='block_1_3' title="bbox 3334 374 3445 434">
    <p class='ocr_par' dir='ltr' id='par_1_3' title="bbox 3334 374 3445 434">
     <span class='ocr_line' id='line_1_3' title="bbox 3334 374 3445 434; baseline -0.018 0"><span class='ocrx_word' id='word_1_8' title='bbox 3334 374 3445 434; x_wconf 51' lang='lat'><strong>330</strong></span> 
     </span>
    </p>
   </div>
   <div class='ocr_carea' id='block_1_4' title="bbox 177 490 1761 564">
    <p class='ocr_par' dir='ltr' id='par_1_4' title="bbox 177 490 1760 564">
     <span class='ocr_line' id='line_1_4' title="bbox 177 490 1760 564; baseline -0.001 -16"><span class='ocrx_word' id='word_1_9' title='bbox 177 494 227 548; x_wconf 72' lang='grc' dir='ltr'><strong>εἰ</strong></span> <span class='ocrx_word' id='word_1_10' title='bbox 250 493 350 546; x_wconf 82' lang='grc' dir='ltr'>οὐκ</span> <span class='ocrx_word' id='word_1_11' title='bbox 373 503 489 562; x_wconf 82' lang='grc' dir='ltr'>εχει</span> <span class='ocrx_word' id='word_1_12' title='bbox 511 490 613 544; x_wconf 83' lang='grc' dir='ltr'><strong>τοῦ</strong></span> <span class='ocrx_word' id='word_1_13' title='bbox 628 493 827 545; x_wconf 49' lang='lat' dir='ltr'><strong>venit</strong></span> <span class='ocrx_word' id='word_1_14' title='bbox 853 491 1186 546; x_wconf 65' lang='grc' dir='ltr'>Εἰσακούσαι</span> <span class='ocrx_word' id='word_1_15' title='bbox 1229 492 1432 564; x_wconf 75' lang='grc' dir='ltr'>Κύριος</span> <span class='ocrx_word' id='word_1_16' title='bbox 1452 495 1481 546; x_wconf 92' lang='lat'><strong>6</strong></span> <span class='ocrx_word' id='word_1_17' title='bbox 1508 493 1640 557; x_wconf 76' lang='grc' dir='ltr'>Θεός</span> <span class='ocrx_word' id='word_1_18' title='bbox 1667 511 1760 548; x_wconf 83' lang='grc' dir='ltr'><strong>σου</strong></span> 
     </span>
    </p>
   </div>
   <div class='ocr_carea' id='block_1_5' title="bbox 1850 490 3441 564">
    <p class='ocr_par' dir='ltr' id='par_1_5' title="bbox 1865 491 3441 562">
     <span class='ocr_line' id='line_1_5' title="bbox 1865 491 3441 562; baseline -0.003 -13"><span class='ocrx_word' id='word_1_19' title='bbox 1865 509 1967 550; x_wconf 85' lang='lat' dir='ltr'><strong>nec</strong></span> <span class='ocrx_word' id='word_1_20' title='bbox 2021 495 2189 550; x_wconf 80' lang='lat' dir='ltr'><strong>habet</strong></span> <span class='ocrx_word' id='word_1_21' title='bbox 2237 495 2384 549; x_wconf 84' lang='lat' dir='ltr'><strong>vires</strong></span> <span class='ocrx_word' id='word_1_22' title='bbox 2432 493 2699 562; x_wconf 89' lang='lat' dir='ltr'><strong>pariendi.</strong></span> <span class='ocrx_word' id='word_1_23' title='bbox 2749 491 2947 546; x_wconf 81' lang='lat' dir='ltr'><strong>Audiat</strong></span> <span class='ocrx_word' id='word_1_24' title='bbox 2999 491 3258 546; x_wconf 79' lang='lat' dir='ltr'><strong>Dominus</strong></span> <span class='ocrx_word' id='word_1_25' title='bbox 3301 493 3441 545; x_wconf 87' lang='lat' dir='ltr'><strong>Deus</strong></span> 
     </span>
    </p>
   </div>
   <div class='ocr_carea' id='block_1_6' title="bbox 177 583 1763 654">
    <p class='ocr_par' dir='ltr' id='par_1_6' title="bbox 177 583 1763 654">
     <span class='ocr_line' id='line_1_6' title="bbox 177 583 1763 654; baseline 0.004 -19"><span class='ocrx_word' id='word_1_26' title='bbox 177 587 294 648; x_wconf 80' lang='grc' dir='ltr'>τοὺς</span> <span class='ocrx_word' id='word_1_27' title='bbox 333 584 529 652; x_wconf 79' lang='grc' dir='ltr'><strong>λόγους</strong></span> <span class='ocrx_word' id='word_1_28' title='bbox 572 583 898 647; x_wconf 62' lang='lat' dir='ltr'><strong>meum».</strong></span> <span class='ocrx_word' id='word_1_29' title='bbox 931 584 1025 648; x_wconf 78' lang='grc' dir='ltr'>οὓς</span> <span class='ocrx_word' id='word_1_30' title='bbox 1047 586 1332 639; x_wconf 77' lang='grc' dir='ltr'>ἀπέστειλε</span> <span class='ocrx_word' id='word_1_31' title='bbox 1355 585 1608 654; x_wconf 77' lang='grc' dir='ltr'>βασιλεὺς</span> <span class='ocrx_word' id='word_1_32' title='bbox 1646 587 1763 641; x_wconf 77' lang='grc' dir='ltr'><strong>Ἀσ-</strong></span> 
     </span>
    </p>
   </div>
   <div class='ocr_carea' id='block_1_7' title="bbox 179 673 1758 748">
    <p class='ocr_par' dir='ltr' id='par_1_7' title="bbox 179 673 1758 748">
     <span class='ocr_line' id='line_1_7' title="bbox 179 673 1758 748; baseline 0.002 -20"><span class='ocrx_word' id='word_1_33' title='bbox 179 677 398 748; x_wconf 76' lang='grc' dir='ltr'>συρίων,</span> <span class='ocrx_word' id='word_1_34' title='bbox 425 673 707 737; x_wconf 67' lang='grc' dir='ltr'><strong>ὀνειδίζειν</strong></span> <span class='ocrx_word' id='word_1_35' title='bbox 729 675 863 728; x_wconf 79' lang='grc' dir='ltr'>Θεὸν</span> <span class='ocrx_word' id='word_1_36' title='bbox 893 675 1093 740; x_wconf 78' lang='grc' dir='ltr'>ζῶντα,</span> <span class='ocrx_word' id='word_1_37' title='bbox 1120 678 1216 731; x_wconf 82' lang='grc' dir='ltr'>καὶ</span> <span class='ocrx_word' id='word_1_38' title='bbox 1243 676 1520 740; x_wconf 71' lang='grc' dir='ltr'><strong>ὀνειδίζειν</strong></span> <span class='ocrx_word' id='word_1_39' title='bbox 1543 675 1758 744; x_wconf 83' lang='grc' dir='ltr'>λόγους,</span> 
     </span>
    </p>
   </div>
   <div class='ocr_carea' id='block_1_8' title="bbox 177 765 1762 844">
    <p class='ocr_par' dir='ltr' id='par_1_8' title="bbox 177 765 1762 844">
     <span class='ocr_line' id='line_1_8' title="bbox 177 765 1762 844; baseline 0.001 -24"><span class='ocrx_word' id='word_1_40' title='bbox 177 767 265 830; x_wconf 71' lang='grc' dir='ltr'>οὓς</span> <span class='ocrx_word' id='word_1_41' title='bbox 288 769 490 838; x_wconf 68' lang='grc' dir='ltr'>ἢκουσε</span> <span class='ocrx_word' id='word_1_42' title='bbox 520 765 728 835; x_wconf 75' lang='grc' dir='ltr'>Κύριος</span> <span class='ocrx_word' id='word_1_43' title='bbox 749 768 778 820; x_wconf 98' lang='lat'><strong>6</strong></span> <span class='ocrx_word' id='word_1_44' title='bbox 799 765 933 830; x_wconf 83' lang='grc' dir='ltr'>Θεός</span> <span class='ocrx_word' id='word_1_45' title='bbox 957 784 1073 832; x_wconf 91' lang='grc' dir='ltr'>σου,</span> <span class='ocrx_word' id='word_1_46' title='bbox 1104 769 1196 823; x_wconf 77' lang='grc' dir='ltr'>καὶ</span> <span class='ocrx_word' id='word_1_47' title='bbox 1223 767 1461 844; x_wconf 80' lang='grc' dir='ltr'>δεηθήσῃ</span> <span class='ocrx_word' id='word_1_48' title='bbox 1493 769 1631 841; x_wconf 81' lang='grc' dir='ltr'>πρὸς</span> <span class='ocrx_word' id='word_1_49' title='bbox 1656 769 1762 823; x_wconf 77' lang='grc' dir='ltr'><strong>Κύ-</strong></span> 
     </span>
    </p>
   </div>
   <div class='ocr_carea' id='block_1_9' title="bbox 179 858 1759 930">
    <p class='ocr_par' dir='ltr' id='par_1_9' title="bbox 179 858 1759 930">
     <span class='ocr_line' id='line_1_9' title="bbox 179 858 1759 930; baseline 0.001 -18"><span class='ocrx_word' id='word_1_50' title='bbox 179 861 288 929; x_wconf 81' lang='grc' dir='ltr'>ριόν</span> <span class='ocrx_word' id='word_1_51' title='bbox 312 876 412 912; x_wconf 89' lang='grc' dir='ltr'><strong>σου</strong></span> <span class='ocrx_word' id='word_1_52' title='bbox 439 860 568 929; x_wconf 73' lang='grc' dir='ltr'>περὶ</span> <span class='ocrx_word' id='word_1_53' title='bbox 596 858 708 911; x_wconf 80' lang='grc' dir='ltr'><strong>τῶν</strong></span> <span class='ocrx_word' id='word_1_54' title='bbox 729 859 1242 930; x_wconf 73' lang='grc' dir='ltr'><strong>καταλελειμμένων</strong></span> <span class='ocrx_word' id='word_1_55' title='bbox 1260 860 1484 916; x_wconf 87' lang='grc' dir='ltr'>τούτων.</span> <span class='ocrx_word' id='word_1_56' title='bbox 1516 881 1534 913; x_wconf 73' lang='grc' dir='ltr'><strong>ι</strong></span> <span class='ocrx_word' id='word_1_57' title='bbox 1557 861 1759 915; x_wconf 84' lang='grc' dir='ltr'><strong>Τούτου</strong></span> 
     </span>
    </p>
   </div>
   <div class='ocr_carea' id='block_1_10' title="bbox 176 950 1758 1023">
    <p class='ocr_par' dir='ltr' id='par_1_10' title="bbox 176 950 1758 1023">
     <span class='ocr_line' id='line_1_10' title="bbox 176 950 1758 1023; baseline 0.001 -20"><span class='ocrx_word' id='word_1_58' title='bbox 176 953 329 1022; x_wconf 77' lang='grc' dir='ltr'>χάριν</span> <span class='ocrx_word' id='word_1_59' title='bbox 355 953 452 1003; x_wconf 71' lang='grc' dir='ltr'><strong>ἐπὶ</strong></span> <span class='ocrx_word' id='word_1_60' title='bbox 500 951 563 1002; x_wconf 80' lang='grc' dir='ltr'>σὲ</span> <span class='ocrx_word' id='word_1_61' title='bbox 601 950 693 1002; x_wconf 84' lang='grc' dir='ltr'>τὸν</span> <span class='ocrx_word' id='word_1_62' title='bbox 719 950 816 1003; x_wconf 86' lang='grc' dir='ltr'><strong>τοῦ</strong></span> <span class='ocrx_word' id='word_1_63' title='bbox 844 950 977 1004; x_wconf 83' lang='grc' dir='ltr'>Θεοῦ</span> <span class='ocrx_word' id='word_1_64' title='bbox 1019 950 1306 1023; x_wconf 72' lang='grc' dir='ltr'>ἄνθρωπον</span> <span class='ocrx_word' id='word_1_65' title='bbox 1343 952 1758 1023; x_wconf 83' lang='grc' dir='ltr'>ἀνεπέμψαμεν,</span> 
     </span>
    </p>
   </div>
   <div class='ocr_carea' id='block_1_11' title="bbox 171 1042 1760 1115">
    <p class='ocr_par' dir='ltr' id='par_1_11' title="bbox 171 1042 1760 1115">
     <span class='ocr_line' id='line_1_11' title="bbox 171 1042 1760 1115; baseline 0 -18"><span class='ocrx_word' id='word_1_66' title='bbox 171 1044 257 1097; x_wconf 73' lang='grc' dir='ltr'><strong>διὰ</strong></span> <span class='ocrx_word' id='word_1_67' title='bbox 286 1043 386 1096; x_wconf 87' lang='grc' dir='ltr'><strong>σοῦ</strong></span> <span class='ocrx_word' id='word_1_68' title='bbox 417 1042 512 1094; x_wconf 78' lang='grc' dir='ltr'><strong>τὸν</strong></span> <span class='ocrx_word' id='word_1_69' title='bbox 558 1044 652 1095; x_wconf 80' lang='grc' dir='ltr'><strong>σὺν</strong></span> <span class='ocrx_word' id='word_1_70' title='bbox 681 1042 816 1095; x_wconf 80' lang='grc' dir='ltr'>Θεὸν</span> <span class='ocrx_word' id='word_1_71' title='bbox 859 1045 919 1096; x_wconf 75' lang='grc' dir='ltr'>ἐν</span> <span class='ocrx_word' id='word_1_72' title='bbox 956 1043 1134 1114; x_wconf 82' lang='grc' dir='ltr'>καιρῷ</span> <span class='ocrx_word' id='word_1_73' title='bbox 1169 1045 1513 1115; x_wconf 73' lang='grc' dir='ltr'><strong>παραστῆσαι</strong></span> <span class='ocrx_word' id='word_1_74' title='bbox 1569 1043 1760 1114; x_wconf 80' lang='grc' dir='ltr'>βοηθὸν</span> 
     </span>
    </p>
   </div>
   <div class='ocr_carea' id='block_1_12' title="bbox 171 1131 1762 1205">
    <p class='ocr_par' dir='ltr' id='par_1_12' title="bbox 171 1131 1762 1205">
     <span class='ocr_line' id='line_1_12' title="bbox 171 1131 1762 1205; baseline 0.001 -19"><span class='ocrx_word' id='word_1_75' title='bbox 171 1135 300 1203; x_wconf 73' lang='grc' dir='ltr'>ἡμῖν</span> <span class='ocrx_word' id='word_1_76' title='bbox 334 1131 748 1196; x_wconf 62' lang='grc' dir='ltr'><strong>ἀντιβολοῦντες</strong></span> <span class='ocrx_word' id='word_1_77' title='bbox 767 1151 782 1164; x_wconf 91' lang='grc'><strong>·</strong></span> <span class='ocrx_word' id='word_1_78' title='bbox 811 1134 871 1186; x_wconf 77' lang='grc' dir='ltr'>ὃν</span> <span class='ocrx_word' id='word_1_79' title='bbox 912 1133 1029 1187; x_wconf 83' lang='grc' dir='ltr'>οὐδὲ</span> <span class='ocrx_word' id='word_1_80' title='bbox 1065 1134 1276 1188; x_wconf 64' lang='grc' dir='ltr'>ἑαυτῶν</span> <span class='ocrx_word' id='word_1_81' title='bbox 1306 1134 1440 1188; x_wconf 80' lang='grc' dir='ltr'>Θεὸν</span> <span class='ocrx_word' id='word_1_82' title='bbox 1469 1133 1762 1205; x_wconf 76' lang='grc' dir='ltr'><strong>ὀνομάζειν</strong></span> 
     </span>
    </p>
   </div>
   <div class='ocr_carea' id='block_1_13' title="bbox 170 1223 1761 1296">
    <p class='ocr_par' dir='ltr' id='par_1_13' title="bbox 170 1223 1761 1296">
     <span class='ocr_line' id='line_1_13' title="bbox 170 1223 1761 1296; baseline 0.002 -20"><span class='ocrx_word' id='word_1_83' title='bbox 170 1223 496 1294; x_wconf 74' lang='grc' dir='ltr'>τολμῶμενο</span> <span class='ocrx_word' id='word_1_84' title='bbox 533 1225 624 1276; x_wconf 70' lang='grc' dir='ltr'><strong>σὺν</strong></span> <span class='ocrx_word' id='word_1_85' title='bbox 671 1224 730 1276; x_wconf 81' lang='grc' dir='ltr'>δὲ</span> <span class='ocrx_word' id='word_1_86' title='bbox 777 1223 979 1295; x_wconf 79' lang='grc' dir='ltr'>Κύριον</span> <span class='ocrx_word' id='word_1_87' title='bbox 1025 1225 1119 1277; x_wconf 80' lang='grc' dir='ltr'>καὶ</span> <span class='ocrx_word' id='word_1_88' title='bbox 1165 1225 1305 1277; x_wconf 82' lang='grc' dir='ltr'>Θεὸν</span> <span class='ocrx_word' id='word_1_89' title='bbox 1341 1225 1590 1296; x_wconf 78' lang='grc' dir='ltr'>ἀκριϐῶς</span> <span class='ocrx_word' id='word_1_90' title='bbox 1629 1225 1761 1279; x_wconf 72' lang='grc' dir='ltr'>ὄντα</span> 
     </span>
    </p>
   </div>
   <div class='ocr_carea' id='block_1_14' title="bbox 170 1309 1760 1387">
    <p class='ocr_par' dir='ltr' id='par_1_14' title="bbox 170 1309 1760 1387">
     <span class='ocr_line' id='line_1_14' title="bbox 170 1309 1760 1387; baseline 0.004 -23"><span class='ocrx_word' id='word_1_91' title='bbox 170 1313 538 1384; x_wconf 74' lang='grc' dir='ltr'><strong>ἐπιστάμεθα.</strong></span> <span class='ocrx_word' id='word_1_92' title='bbox 584 1313 785 1366; x_wconf 81' lang='grc' dir='ltr'>Τοῦτον</span> <span class='ocrx_word' id='word_1_93' title='bbox 831 1309 925 1367; x_wconf 83' lang='grc' dir='ltr'>οὖν</span> <span class='ocrx_word' id='word_1_94' title='bbox 957 1315 1119 1369; x_wconf 83' lang='grc' dir='ltr'>αὑτὸν</span> <span class='ocrx_word' id='word_1_95' title='bbox 1151 1315 1467 1386; x_wconf 81' lang='grc' dir='ltr'><strong>ἱκετεύομεν</strong></span> <span class='ocrx_word' id='word_1_96' title='bbox 1515 1316 1589 1387; x_wconf 85' lang='grc' dir='ltr'>μὴ</span> <span class='ocrx_word' id='word_1_97' title='bbox 1644 1320 1760 1380; x_wconf 80' lang='grc' dir='ltr'>τοῖς</span> 
     </span>
    </p>
   </div>
   <div class='ocr_carea' id='block_1_15' title="bbox 169 1403 1759 1478">
    <p class='ocr_par' dir='ltr' id='par_1_15' title="bbox 169 1403 1759 1478">
     <span class='ocr_line' id='line_1_15' title="bbox 169 1403 1759 1478; baseline 0.003 -22"><span class='ocrx_word' id='word_1_98' title='bbox 169 1404 462 1475; x_wconf 74' lang='grc' dir='ltr'><strong>ἡμετέροις</strong></span> <span class='ocrx_word' id='word_1_99' title='bbox 483 1403 777 1474; x_wconf 68' lang='grc' dir='ltr'>ἐπιϐλέψαι</span> <span class='ocrx_word' id='word_1_100' title='bbox 801 1404 1093 1476; x_wconf 86' lang='grc' dir='ltr'>πλημμελή</span> <span class='ocrx_word' id='word_1_101' title='bbox 1103 1423 1255 1476; x_wconf 85' lang='grc' dir='ltr'>μασι,</span> <span class='ocrx_word' id='word_1_102' title='bbox 1277 1408 1371 1460; x_wconf 75' lang='grc' dir='ltr'>καὶ</span> <span class='ocrx_word' id='word_1_103' title='bbox 1395 1406 1470 1478; x_wconf 84' lang='grc' dir='ltr'><strong>μὴ</strong></span> <span class='ocrx_word' id='word_1_104' title='bbox 1493 1406 1602 1460; x_wconf 85' lang='grc' dir='ltr'>τῶν</span> <span class='ocrx_word' id='word_1_105' title='bbox 1623 1409 1759 1478; x_wconf 80' lang='grc' dir='ltr'>ἡμε-</span> 
     </span>
    </p>
   </div>
   <div class='ocr_carea' id='block_1_16' title="bbox 170 1497 1757 1568">
    <p class='ocr_par' dir='ltr' id='par_1_16' title="bbox 170 1497 1757 1568">
     <span class='ocr_line' id='line_1_16' title="bbox 170 1497 1757 1568; baseline 0.003 -21"><span class='ocrx_word' id='word_1_106' title='bbox 170 1497 347 1564; x_wconf 73' lang='grc' dir='ltr'>τέρων</span> <span class='ocrx_word' id='word_1_107' title='bbox 377 1499 601 1566; x_wconf 77' lang='grc' dir='ltr'>μνήμην</span> <span class='ocrx_word' id='word_1_108' title='bbox 629 1497 958 1566; x_wconf 80' lang='grc' dir='ltr'>ποιήσασθαι</span> <span class='ocrx_word' id='word_1_109' title='bbox 1009 1499 1424 1568; x_wconf 75' lang='grc' dir='ltr'>ἁμαρτημάτων</span> <span class='ocrx_word' id='word_1_110' title='bbox 1449 1515 1462 1529; x_wconf 76' lang='grc' dir='ltr'><strong><em>ο</em></strong></span> <span class='ocrx_word' id='word_1_111' title='bbox 1525 1501 1646 1562; x_wconf 87' lang='grc' dir='ltr'>ταῖς</span> <span class='ocrx_word' id='word_1_112' title='bbox 1698 1498 1757 1551; x_wconf 88' lang='grc' dir='ltr'>δὲ</span> 
     </span>
    </p>
   </div>
   <div class='ocr_carea' id='block_1_17' title="bbox 166 1584 1759 1661">
    <p class='ocr_par' dir='ltr' id='par_1_17' title="bbox 166 1584 1759 1661">
     <span class='ocr_line' id='line_1_17' title="bbox 166 1584 1759 1661; baseline 0.004 -24"><span class='ocrx_word' id='word_1_113' title='bbox 166 1584 350 1648; x_wconf 75' lang='grc' dir='ltr'>ἀθέοις</span> <span class='ocrx_word' id='word_1_114' title='bbox 380 1585 480 1638; x_wconf 88' lang='grc' dir='ltr'><strong>τοῦ</strong></span> <span class='ocrx_word' id='word_1_115' title='bbox 519 1586 778 1656; x_wconf 78' lang='grc' dir='ltr'>πολεμίου</span> <span class='ocrx_word' id='word_1_116' title='bbox 812 1591 1039 1657; x_wconf 80' lang='grc' dir='ltr'>φωναῖς,</span> <span class='ocrx_word' id='word_1_117' title='bbox 1069 1589 1166 1642; x_wconf 76' lang='grc' dir='ltr'>καὶ</span> <span class='ocrx_word' id='word_1_118' title='bbox 1205 1591 1270 1660; x_wconf 79' lang='grc' dir='ltr'>τῇ</span> <span class='ocrx_word' id='word_1_119' title='bbox 1300 1589 1559 1660; x_wconf 83' lang='grc' dir='ltr'>’τοσαύτῃ</span> <span class='ocrx_word' id='word_1_120' title='bbox 1590 1591 1759 1661; x_wconf 87' lang='grc' dir='ltr'>ύπερ-</span> 
     </span>
    </p>
   </div>
   <div class='ocr_carea' id='block_1_18' title="bbox 170 1679 1012 1751">
    <p class='ocr_par' dir='ltr' id='par_1_18' title="bbox 170 1679 1012 1751">
     <span class='ocr_line' id='line_1_18' title="bbox 170 1679 1012 1751; baseline -0.004 -16"><span class='ocrx_word' id='word_1_121' title='bbox 170 1679 361 1748; x_wconf 75' lang='grc' dir='ltr'>ηφάνῳ</span> <span class='ocrx_word' id='word_1_122' title='bbox 390 1680 692 1749; x_wconf 73' lang='grc' dir='ltr'>προσέχειν,</span> <span class='ocrx_word' id='word_1_123' title='bbox 705 1679 1012 1751; x_wconf 69' lang='grc' dir='ltr'>ἀλαζονεία.</span> 
     </span>
    </p>
   </div>
   <div class='ocr_carea' id='block_1_19' title="bbox 242 1766 1758 1843">
    <p class='ocr_par' dir='ltr' id='par_1_19' title="bbox 242 1766 1758 1843">
     <span class='ocr_line' id='line_1_19' title="bbox 242 1766 1758 1843; baseline 0.003 -22"><span class='ocrx_word' id='word_1_124' title='bbox 242 1789 262 1820; x_wconf 88' lang='grc' dir='ltr'><strong>ι</strong></span> <span class='ocrx_word' id='word_1_125' title='bbox 290 1771 410 1823; x_wconf 68' lang='grc' dir='ltr'><strong>Καὶ</strong></span> <span class='ocrx_word' id='word_1_126' title='bbox 428 1766 593 1840; x_wconf 70' lang='grc' dir='ltr'>ἦλθον</span> <span class='ocrx_word' id='word_1_127' title='bbox 614 1773 666 1823; x_wconf 76' lang='lat' dir='ltr'><strong>ot</strong></span> <span class='ocrx_word' id='word_1_128' title='bbox 695 1771 881 1836; x_wconf 68' lang='grc' dir='ltr'>παῖδας</span> <span class='ocrx_word' id='word_1_129' title='bbox 907 1771 1001 1825; x_wconf 80' lang='grc' dir='ltr'><strong>τοῦ</strong></span> <span class='ocrx_word' id='word_1_130' title='bbox 1028 1770 1298 1841; x_wconf 80' lang='grc' dir='ltr'>βασιλέως</span> <span class='ocrx_word' id='word_1_131' title='bbox 1351 1771 1591 1836; x_wconf 78' lang='grc' dir='ltr'>Ἐζεκίου</span> <span class='ocrx_word' id='word_1_132' title='bbox 1620 1773 1758 1843; x_wconf 85' lang='grc' dir='ltr'>πρὸς</span> 
     </span>
    </p>
   </div>
   <div class='ocr_carea' id='block_1_20' title="bbox 1868 584 3439 655">
    <p class='ocr_par' dir='ltr' id='par_1_20' title="bbox 1868 584 3439 655">
     <span class='ocr_line' id='line_1_20' title="bbox 1868 584 3439 655; baseline -0.003 -14"><span class='ocrx_word' id='word_1_133' title='bbox 1868 597 1990 642; x_wconf 85' lang='lat' dir='ltr'><strong>tuus</strong></span> <span class='ocrx_word' id='word_1_134' title='bbox 2023 590 2183 644; x_wconf 86' lang='lat' dir='ltr'><strong>verba</strong></span> <span class='ocrx_word' id='word_1_135' title='bbox 2223 587 2484 641; x_wconf 82' lang='lat' dir='ltr'><strong>Rabsacis</strong></span> <span class='ocrx_word' id='word_1_136' title='bbox 2513 627 2528 649; x_wconf 89' lang='lat'><strong>,</strong></span> <span class='ocrx_word' id='word_1_137' title='bbox 2563 600 2688 653; x_wconf 79' lang='lat' dir='ltr'><strong>qua:</strong></span> <span class='ocrx_word' id='word_1_138' title='bbox 2730 585 2877 638; x_wconf 94' lang='lat' dir='ltr'><strong>misit</strong></span> <span class='ocrx_word' id='word_1_139' title='bbox 2911 599 3003 637; x_wconf 87' lang='lat' dir='ltr'><strong>rex</strong></span> <span class='ocrx_word' id='word_1_140' title='bbox 3043 584 3396 655; x_wconf 80' lang='lat' dir='ltr'><strong>Assyriorum</strong></span> <span class='ocrx_word' id='word_1_141' title='bbox 3422 620 3439 646; x_wconf 85' lang='lat'><strong>,</strong></span> 
     </span>
    </p>
   </div>
   <div class='ocr_carea' id='block_1_21' title="bbox 1861 675 3446 749">
    <p class='ocr_par' dir='ltr' id='par_1_21' title="bbox 1861 675 3446 749">
     <span class='ocr_line' id='line_1_21' title="bbox 1861 675 3446 749; baseline -0.001 -20"><span class='ocrx_word' id='word_1_142' title='bbox 1861 690 1923 734; x_wconf 86' lang='lat' dir='ltr'><strong>ut</strong></span> <span class='ocrx_word' id='word_1_143' title='bbox 1956 681 2318 749; x_wconf 84' lang='lat' dir='ltr'><strong>exprobraret</strong></span> <span class='ocrx_word' id='word_1_144' title='bbox 2351 678 2464 732; x_wconf 80' lang='lat' dir='ltr'><strong>Deo</strong></span> <span class='ocrx_word' id='word_1_145' title='bbox 2494 676 2720 738; x_wconf 85' lang='lat' dir='ltr'><strong>viventi,</strong></span> <span class='ocrx_word' id='word_1_146' title='bbox 2760 685 2815 730; x_wconf 92' lang='lat' dir='ltr'><strong>et</strong></span> <span class='ocrx_word' id='word_1_147' title='bbox 2839 676 3200 744; x_wconf 70' lang='lat' dir='ltr'><strong>exprobraret</strong></span> <span class='ocrx_word' id='word_1_148' title='bbox 3235 675 3446 741; x_wconf 82' lang='lat' dir='ltr'><strong>verbis,</strong></span> 
     </span>
    </p>
   </div>
   <div class='ocr_carea' id='block_1_22' title="bbox 1862 765 3442 834">
    <p class='ocr_par' dir='ltr' id='par_1_22' title="bbox 1862 765 3442 834">
     <span class='ocr_line' id='line_1_22' title="bbox 1862 765 3442 834; baseline 0 -17"><span class='ocrx_word' id='word_1_149' title='bbox 1862 782 1982 834; x_wconf 71' lang='lat' dir='ltr'><strong>qute</strong></span> <span class='ocrx_word' id='word_1_150' title='bbox 2024 765 2230 819; x_wconf 85' lang='lat' dir='ltr'><strong>audivit</strong></span> <span class='ocrx_word' id='word_1_151' title='bbox 2270 766 2529 820; x_wconf 84' lang='lat' dir='ltr'><strong>Dominus</strong></span> <span class='ocrx_word' id='word_1_152' title='bbox 2572 765 2713 819; x_wconf 91' lang='lat' dir='ltr'><strong>Deus</strong></span> <span class='ocrx_word' id='word_1_153' title='bbox 2760 775 2922 827; x_wconf 86' lang='lat' dir='ltr'><strong>tuus,</strong></span> <span class='ocrx_word' id='word_1_154' title='bbox 2956 775 3014 819; x_wconf 90' lang='lat' dir='ltr'><strong>et</strong></span> <span class='ocrx_word' id='word_1_155' title='bbox 3052 766 3389 832; x_wconf 78' lang='lat' dir='ltr'><strong>deprecabor</strong></span> <span class='ocrx_word' id='word_1_156' title='bbox 3415 782 3442 817; x_wconf 72' lang='grc' dir='ltr'><strong>ιι</strong></span> 
     </span>
    </p>
   </div>
   <div class='ocr_carea' id='block_1_23' title="bbox 1867 857 3443 926">
    <p class='ocr_par' dir='ltr' id='par_1_23' title="bbox 1867 857 3443 926">
     <span class='ocr_line' id='line_1_23' title="bbox 1867 857 3443 926; baseline -0.001 -14"><span class='ocrx_word' id='word_1_157' title='bbox 1867 861 2152 912; x_wconf 83' lang='lat' dir='ltr'><strong>Dominum</strong></span> <span class='ocrx_word' id='word_1_158' title='bbox 2185 867 2333 912; x_wconf 91' lang='lat' dir='ltr'><strong>tuum</strong></span> <span class='ocrx_word' id='word_1_159' title='bbox 2388 874 2488 926; x_wconf 92' lang='lat' dir='ltr'><strong>pro</strong></span> <span class='ocrx_word' id='word_1_160' title='bbox 2522 857 2804 913; x_wconf 80' lang='lat' dir='ltr'><strong>derelictis</strong></span> <span class='ocrx_word' id='word_1_161' title='bbox 2851 857 2991 912; x_wconf 91' lang='lat' dir='ltr'><strong>istis.</strong></span> <span class='ocrx_word' id='word_1_162' title='bbox 3031 876 3052 911; x_wconf 74' lang='grc' dir='ltr'><strong>ι</strong></span> <span class='ocrx_word' id='word_1_163' title='bbox 3105 857 3230 911; x_wconf 86' lang='lat' dir='ltr'><strong>Ideo</strong></span> <span class='ocrx_word' id='word_1_164' title='bbox 3278 859 3344 910; x_wconf 92' lang='lat' dir='ltr'><strong>ad</strong></span> <span class='ocrx_word' id='word_1_165' title='bbox 3389 869 3443 912; x_wconf 89' lang='lat' dir='ltr'><strong>te</strong></span> 
     </span>
    </p>
   </div>
   <div class='ocr_carea' id='block_1_24' title="bbox 1864 947 3438 1016">
    <p class='ocr_par' dir='ltr' id='par_1_24' title="bbox 1864 947 3438 1016">
     <span class='ocr_line' id='line_1_24' title="bbox 1864 947 3438 1016; baseline -0.001 -16"><span class='ocrx_word' id='word_1_166' title='bbox 1864 949 2041 1000; x_wconf 82' lang='lat' dir='ltr'><strong>virum</strong></span> <span class='ocrx_word' id='word_1_167' title='bbox 2102 947 2195 1000; x_wconf 87' lang='lat' dir='ltr'><strong>Dei</strong></span> <span class='ocrx_word' id='word_1_168' title='bbox 2251 947 2457 1015; x_wconf 77' lang='lat' dir='ltr'><strong>legatos</strong></span> <span class='ocrx_word' id='word_1_169' title='bbox 2503 947 2774 1010; x_wconf 79' lang='lat' dir='ltr'><strong>misimus,</strong></span> <span class='ocrx_word' id='word_1_170' title='bbox 2821 960 2918 1016; x_wconf 89' lang='lat' dir='ltr'><strong>per</strong></span> <span class='ocrx_word' id='word_1_171' title='bbox 2971 956 3023 1001; x_wconf 92' lang='lat' dir='ltr'><strong>te</strong></span> <span class='ocrx_word' id='word_1_172' title='bbox 3075 947 3230 1002; x_wconf 85' lang='lat' dir='ltr'><strong>nobis</strong></span> <span class='ocrx_word' id='word_1_173' title='bbox 3271 947 3438 1000; x_wconf 85' lang='lat' dir='ltr'><strong>Deum</strong></span> 
     </span>
    </p>
   </div>
   <div class='ocr_carea' id='block_1_25' title="bbox 1866 1036 3438 1105">
    <p class='ocr_par' dir='ltr' id='par_1_25' title="bbox 1866 1036 3438 1105">
     <span class='ocr_line' id='line_1_25' title="bbox 1866 1036 3438 1105; baseline 0.001 -18"><span class='ocrx_word' id='word_1_174' title='bbox 1866 1047 2013 1088; x_wconf 89' lang='lat' dir='ltr'><strong>tuum</strong></span> <span class='ocrx_word' id='word_1_175' title='bbox 2047 1036 2348 1105; x_wconf 85' lang='lat' dir='ltr'><strong>adjutorem</strong></span> <span class='ocrx_word' id='word_1_176' title='bbox 2397 1036 2502 1090; x_wconf 80' lang='lat' dir='ltr'><strong>Itoc</strong></span> <span class='ocrx_word' id='word_1_177' title='bbox 2533 1045 2775 1103; x_wconf 85' lang='lat' dir='ltr'><strong>tempore</strong></span> <span class='ocrx_word' id='word_1_178' title='bbox 2818 1037 3012 1092; x_wconf 80' lang='lat' dir='ltr'><strong>adesse</strong></span> <span class='ocrx_word' id='word_1_179' title='bbox 3051 1037 3438 1091; x_wconf 87' lang='lat' dir='ltr'><strong>obsecrantes:</strong></span> 
     </span>
    </p>
   </div>
   <div class='ocr_carea' id='block_1_26' title="bbox 1863 1129 3438 1197">
    <p class='ocr_par' dir='ltr' id='par_1_26' title="bbox 1863 1129 3438 1197">
     <span class='ocr_line' id='line_1_26' title="bbox 1863 1129 3438 1197; baseline 0.003 -18"><span class='ocrx_word' id='word_1_180' title='bbox 1863 1143 2023 1196; x_wconf 86' lang='lat' dir='ltr'><strong>quem</strong></span> <span class='ocrx_word' id='word_1_181' title='bbox 2059 1143 2126 1181; x_wconf 91' lang='lat' dir='ltr'><strong>ne</strong></span> <span class='ocrx_word' id='word_1_182' title='bbox 2156 1129 2370 1197; x_wconf 83' lang='lat' dir='ltr'><strong>quidem</strong></span> <span class='ocrx_word' id='word_1_183' title='bbox 2406 1129 2572 1182; x_wconf 89' lang='lat' dir='ltr'><strong>Deum</strong></span> <span class='ocrx_word' id='word_1_184' title='bbox 2622 1138 2871 1182; x_wconf 87' lang='lat' dir='ltr'><strong>nostrum</strong></span> <span class='ocrx_word' id='word_1_185' title='bbox 2899 1143 3098 1184; x_wconf 88' lang='lat' dir='ltr'><strong>vocare</strong></span> <span class='ocrx_word' id='word_1_186' title='bbox 3144 1129 3438 1194; x_wconf 86' lang='lat' dir='ltr'><strong>audemus;</strong></span> 
     </span>
    </p>
   </div>
   <div class='ocr_carea' id='block_1_27' title="bbox 1860 1218 3434 1289">
    <p class='ocr_par' dir='ltr' id='par_1_27' title="bbox 1860 1218 3434 1289">
     <span class='ocr_line' id='line_1_27' title="bbox 1860 1218 3434 1289; baseline 0.001 -17"><span class='ocrx_word' id='word_1_187' title='bbox 1860 1220 1954 1272; x_wconf 89' lang='lat' dir='ltr'><strong>sed</strong></span> <span class='ocrx_word' id='word_1_188' title='bbox 1995 1218 2161 1271; x_wconf 88' lang='lat' dir='ltr'><strong>Deum</strong></span> <span class='ocrx_word' id='word_1_189' title='bbox 2207 1229 2263 1273; x_wconf 91' lang='lat' dir='ltr'><strong>et</strong></span> <span class='ocrx_word' id='word_1_190' title='bbox 2297 1219 2579 1273; x_wconf 88' lang='lat' dir='ltr'><strong>Domiumu</strong></span> <span class='ocrx_word' id='word_1_191' title='bbox 2614 1229 2763 1273; x_wconf 91' lang='lat' dir='ltr'><strong>tuum</strong></span> <span class='ocrx_word' id='word_1_192' title='bbox 2806 1234 2932 1274; x_wconf 87' lang='lat' dir='ltr'><strong>esse</strong></span> <span class='ocrx_word' id='word_1_193' title='bbox 2964 1221 3131 1289; x_wconf 84' lang='lat' dir='ltr'><strong>probe</strong></span> <span class='ocrx_word' id='word_1_194' title='bbox 3167 1221 3434 1274; x_wconf 84' lang='lat' dir='ltr'><strong>novimus.</strong></span> 
     </span>
    </p>
   </div>
   <div class='ocr_carea' id='block_1_28' title="bbox 1859 1308 3439 1379">
    <p class='ocr_par' dir='ltr' id='par_1_28' title="bbox 1859 1308 3439 1379">
     <span class='ocr_line' id='line_1_28' title="bbox 1859 1308 3439 1379; baseline 0.001 -17"><span class='ocrx_word' id='word_1_195' title='bbox 1859 1308 1998 1364; x_wconf 85' lang='lat' dir='ltr'><strong>Huic</strong></span> <span class='ocrx_word' id='word_1_196' title='bbox 2025 1324 2159 1378; x_wconf 76' lang='lat' dir='ltr'><strong>ergo</strong></span> <span class='ocrx_word' id='word_1_197' title='bbox 2192 1311 2292 1379; x_wconf 87' lang='lat' dir='ltr'><strong>ipsi</strong></span> <span class='ocrx_word' id='word_1_198' title='bbox 2337 1310 2733 1378; x_wconf 83' lang='lat' dir='ltr'><strong>supplicamus,</strong></span> <span class='ocrx_word' id='word_1_199' title='bbox 2783 1326 2849 1365; x_wconf 90' lang='lat' dir='ltr'><strong>ne</strong></span> <span class='ocrx_word' id='word_1_200' title='bbox 2893 1311 3100 1365; x_wconf 86' lang='lat' dir='ltr'><strong>scelera</strong></span> <span class='ocrx_word' id='word_1_201' title='bbox 3132 1321 3316 1365; x_wconf 87' lang='lat' dir='ltr'><strong>nostra</strong></span> <span class='ocrx_word' id='word_1_202' title='bbox 3354 1327 3439 1364; x_wconf 85' lang='lat' dir='ltr'><strong>re-</strong></span> 
     </span>
    </p>
   </div>
   <div class='ocr_carea' id='block_1_29' title="bbox 1859 1401 3515 1470">
    <p class='ocr_par' dir='ltr' id='par_1_29' title="bbox 1859 1401 3515 1470">
     <span class='ocr_line' id='line_1_29' title="bbox 1859 1401 3515 1470; baseline 0.001 -14"><span class='ocrx_word' id='word_1_203' title='bbox 1859 1401 2093 1468; x_wconf 76' lang='lat' dir='ltr'><strong>Spiciat,</strong></span> <span class='ocrx_word' id='word_1_204' title='bbox 2135 1417 2310 1470; x_wconf 86' lang='lat' dir='ltr'><strong>neque</strong></span> <span class='ocrx_word' id='word_1_205' title='bbox 2357 1412 2705 1469; x_wconf 76' lang='lat' dir='ltr'><strong>peccatorum</strong></span> <span class='ocrx_word' id='word_1_206' title='bbox 2754 1411 3067 1457; x_wconf 90' lang='lat' dir='ltr'><strong>nostrorum</strong></span> <span class='ocrx_word' id='word_1_207' title='bbox 3118 1405 3436 1458; x_wconf 82' lang='lat' dir='ltr'><strong>memoriam</strong></span> <span class='ocrx_word' id='word_1_208' title='bbox 3507 1419 3515 1426; x_wconf 78' lang='lat'><em>‘</em></span> 
     </span>
    </p>
   </div>
   <div class='ocr_carea' id='block_1_30' title="bbox 1864 1493 3438 1563">
    <p class='ocr_par' dir='ltr' id='par_1_30' title="bbox 1864 1493 3438 1563">
     <span class='ocr_line' id='line_1_30' title="bbox 1864 1493 3438 1563; baseline 0.003 -18"><span class='ocrx_word' id='word_1_209' title='bbox 1864 1494 2126 1557; x_wconf 89' lang='lat' dir='ltr'><strong>retineat;</strong></span> <span class='ocrx_word' id='word_1_210' title='bbox 2171 1493 2266 1550; x_wconf 83' lang='lat' dir='ltr'><strong>sed</strong></span> <span class='ocrx_word' id='word_1_211' title='bbox 2314 1493 2496 1563; x_wconf 86' lang='lat' dir='ltr'><strong>impiis</strong></span> <span class='ocrx_word' id='word_1_212' title='bbox 2544 1493 2749 1548; x_wconf 83' lang='lat' dir='ltr'><strong>inimici</strong></span> <span class='ocrx_word' id='word_1_213' title='bbox 2793 1494 3020 1550; x_wconf 81' lang='lat' dir='ltr'><strong>vocibus</strong></span> <span class='ocrx_word' id='word_1_214' title='bbox 3060 1503 3118 1550; x_wconf 87' lang='lat' dir='ltr'><strong>et</strong></span> <span class='ocrx_word' id='word_1_215' title='bbox 3157 1505 3319 1550; x_wconf 62' lang='lat' dir='ltr'><strong>tanta:</strong></span> <span class='ocrx_word' id='word_1_216' title='bbox 3347 1512 3438 1551; x_wconf 85' lang='lat' dir='ltr'><strong>su-</strong></span> 
     </span>
    </p>
   </div>
   <div class='ocr_carea' id='block_1_31' title="bbox 1860 1585 2354 1652">
    <p class='ocr_par' dir='ltr' id='par_1_31' title="bbox 1860 1585 2354 1652">
     <span class='ocr_line' id='line_1_31' title="bbox 1860 1585 2354 1652; baseline 0.004 -14"><span class='ocrx_word' id='word_1_217' title='bbox 1860 1585 2058 1652; x_wconf 73' lang='lat' dir='ltr'><strong>perbiae</strong></span> <span class='ocrx_word' id='word_1_218' title='bbox 2088 1585 2354 1640; x_wconf 86' lang='lat' dir='ltr'><strong>attendat.</strong></span> 
     </span>
    </p>
   </div>
   <div class='ocr_carea' id='block_1_32' title="bbox 1933 1758 3437 1835">
    <p class='ocr_par' dir='ltr' id='par_1_32' title="bbox 1933 1758 3437 1835">
     <span class='ocr_line' id='line_1_32' title="bbox 1933 1758 3437 1835; baseline 0.005 -22"><span class='ocrx_word' id='word_1_219' title='bbox 1933 1758 2097 1814; x_wconf 77' lang='lat' dir='ltr'><strong>Vens.</strong></span> <span class='ocrx_word' id='word_1_220' title='bbox 2153 1761 2272 1816; x_wconf 85' lang='grc'>5-7.</span> <span class='ocrx_word' id='word_1_221' title='bbox 2305 1781 2324 1813; x_wconf 88' lang='grc' dir='ltr'><strong>ι</strong></span> <span class='ocrx_word' id='word_1_222' title='bbox 2363 1762 2426 1816; x_wconf 87' lang='lat' dir='ltr'><strong>Et</strong></span> <span class='ocrx_word' id='word_1_223' title='bbox 2453 1772 2712 1816; x_wconf 74' lang='lat' dir='ltr'><strong>venerunt</strong></span> <span class='ocrx_word' id='word_1_224' title='bbox 2743 1765 2893 1832; x_wconf 81' lang='lat' dir='ltr'><strong>pueri</strong></span> <span class='ocrx_word' id='word_1_225' title='bbox 2927 1766 3071 1835; x_wconf 70' lang='lat' dir='ltr'><strong>regis</strong></span> <span class='ocrx_word' id='word_1_226' title='bbox 3087 1766 3332 1822; x_wconf 70' lang='lat' dir='ltr'><strong>Ezechiae</strong></span> <span class='ocrx_word' id='word_1_227' title='bbox 3370 1767 3437 1821; x_wconf 88' lang='lat' dir='ltr'><strong>ad</strong></span> 
     </span>
    </p>
   </div>
   <div class='ocr_carea' id='block_1_33' title="bbox 178 1852 1761 1936">
    <p class='ocr_par' dir='ltr' id='par_1_33' title="bbox 178 1858 1754 1936">
     <span class='ocr_line' id='line_1_33' title="bbox 178 1858 1754 1936; baseline 0.001 -20"><span class='ocrx_word' id='word_1_228' title='bbox 178 1863 430 1925; x_wconf 72' lang='grc' dir='ltr'>Ἡσαΐαν,</span> <span class='ocrx_word' id='word_1_229' title='bbox 479 1865 574 1916; x_wconf 83' lang='grc' dir='ltr'>καὶ</span> <span class='ocrx_word' id='word_1_230' title='bbox 620 1858 774 1916; x_wconf 73' lang='grc' dir='ltr'>εἶπεν</span> <span class='ocrx_word' id='word_1_231' title='bbox 830 1864 1012 1926; x_wconf 77' lang='grc' dir='ltr'>αὐτοῖς</span> <span class='ocrx_word' id='word_1_232' title='bbox 1047 1864 1305 1927; x_wconf 75' lang='grc' dir='ltr'>Ἡσαΐας·</span> <span class='ocrx_word' id='word_1_233' title='bbox 1343 1865 1531 1928; x_wconf 77' lang='grc' dir='ltr'>Οὕτως</span> <span class='ocrx_word' id='word_1_234' title='bbox 1577 1867 1754 1936; x_wconf 75' lang='grc' dir='ltr'>ἐρεῖτε</span> 
     </span>
    </p>
   </div>
   <div class='ocr_carea' id='block_1_34' title="bbox 1850 1852 3434 1936">
    <p class='ocr_par' dir='ltr' id='par_1_34' title="bbox 1857 1852 3434 1916">
     <span class='ocr_line' id='line_1_34' title="bbox 1857 1852 3434 1916; baseline 0.004 -10"><span class='ocrx_word' id='word_1_235' title='bbox 1857 1852 2070 1916; x_wconf 82' lang='lat' dir='ltr'><strong>Isaiam,</strong></span> <span class='ocrx_word' id='word_1_236' title='bbox 2111 1862 2166 1907; x_wconf 87' lang='lat' dir='ltr'><strong>et</strong></span> <span class='ocrx_word' id='word_1_237' title='bbox 2202 1853 2338 1907; x_wconf 80' lang='lat' dir='ltr'><strong>dixit</strong></span> <span class='ocrx_word' id='word_1_238' title='bbox 2380 1854 2488 1908; x_wconf 91' lang='lat' dir='ltr'><strong>illis</strong></span> <span class='ocrx_word' id='word_1_239' title='bbox 2533 1854 2699 1909; x_wconf 81' lang='lat' dir='ltr'><strong>Isaias</strong></span> <span class='ocrx_word' id='word_1_240' title='bbox 2739 1874 2753 1909; x_wconf 90' lang='lat'><strong>:</strong></span> <span class='ocrx_word' id='word_1_241' title='bbox 2794 1855 2884 1911; x_wconf 88' lang='lat' dir='ltr'><strong>Sic</strong></span> <span class='ocrx_word' id='word_1_242' title='bbox 2921 1857 3113 1913; x_wconf 89' lang='lat' dir='ltr'><strong>dicetis</strong></span> <span class='ocrx_word' id='word_1_243' title='bbox 3155 1860 3222 1912; x_wconf 92' lang='lat' dir='ltr'><strong>ad</strong></span> <span class='ocrx_word' id='word_1_244' title='bbox 3256 1861 3434 1913; x_wconf 80' lang='lat' dir='ltr'><strong>donti-</strong></span> 
     </span>
    </p>
   </div>
   <div class='ocr_carea' id='block_1_35' title="bbox 168 1952 1755 2027">
    <p class='ocr_par' dir='ltr' id='par_1_35' title="bbox 168 1952 1755 2027">
     <span class='ocr_line' id='line_1_35' title="bbox 168 1952 1755 2027; baseline 0.013 -26"><span class='ocrx_word' id='word_1_245' title='bbox 168 1953 304 2023; x_wconf 72' lang='grc' dir='ltr'>πρὸς</span> <span class='ocrx_word' id='word_1_246' title='bbox 331 1953 428 2011; x_wconf 67' lang='grc' dir='ltr'>τὸν</span> <span class='ocrx_word' id='word_1_247' title='bbox 471 1953 661 2024; x_wconf 87' lang='grc' dir='ltr'>κύριον</span> <span class='ocrx_word' id='word_1_248' title='bbox 691 1952 846 2023; x_wconf 80' lang='grc' dir='ltr'>ὑμῶν</span> <span class='ocrx_word' id='word_1_249' title='bbox 865 1970 878 1984; x_wconf 76' lang='lat'>&#39;</span> <span class='ocrx_word' id='word_1_250' title='bbox 926 1953 1065 2007; x_wconf 81' lang='grc' dir='ltr'>Τάδε</span> <span class='ocrx_word' id='word_1_251' title='bbox 1108 1955 1257 2024; x_wconf 81' lang='grc' dir='ltr'>λέγει</span> <span class='ocrx_word' id='word_1_252' title='bbox 1285 1955 1511 2027; x_wconf 80' lang='grc' dir='ltr'>Κύριος·</span> <span class='ocrx_word' id='word_1_253' title='bbox 1542 1956 1632 2027; x_wconf 79' lang='grc' dir='ltr'><strong>Μὴ</strong></span> <span class='ocrx_word' id='word_1_254' title='bbox 1661 1973 1755 2026; x_wconf 86' lang='grc' dir='ltr'><strong>φο·</strong></span> 
     </span>
    </p>
   </div>
   <div class='ocr_carea' id='block_1_36' title="bbox 167 2038 1752 2117">
    <p class='ocr_par' dir='ltr' id='par_1_36' title="bbox 167 2038 1752 2117">
     <span class='ocr_line' id='line_1_36' title="bbox 167 2038 1752 2117; baseline 0.005 -25"><span class='ocrx_word' id='word_1_255' title='bbox 167 2043 339 2114; x_wconf 69' lang='grc' dir='ltr'>δηθῇς</span> <span class='ocrx_word' id='word_1_256' title='bbox 367 2044 478 2096; x_wconf 79' lang='grc' dir='ltr'>ἀπὸ</span> <span class='ocrx_word' id='word_1_257' title='bbox 507 2044 616 2097; x_wconf 88' lang='grc' dir='ltr'>τῶν</span> <span class='ocrx_word' id='word_1_258' title='bbox 649 2045 822 2113; x_wconf 82' lang='grc' dir='ltr'>λόγων</span> <span class='ocrx_word' id='word_1_259' title='bbox 848 2038 924 2097; x_wconf 83' lang='grc' dir='ltr'>ὧν</span> <span class='ocrx_word' id='word_1_260' title='bbox 953 2045 1211 2115; x_wconf 74' lang='grc' dir='ltr'>ἡκούσας,</span> <span class='ocrx_word' id='word_1_261' title='bbox 1246 2045 1340 2109; x_wconf 86' lang='grc' dir='ltr'>οὓς</span> <span class='ocrx_word' id='word_1_262' title='bbox 1371 2046 1654 2099; x_wconf 83' lang='grc' dir='ltr'>ὠνείδισάν</span> <span class='ocrx_word' id='word_1_263' title='bbox 1683 2065 1752 2117; x_wconf 91' lang='grc' dir='ltr'><strong>με</strong></span> 
     </span>
    </p>
   </div>
   <div class='ocr_carea' id='block_1_37' title="bbox 163 2135 1755 2212">
    <p class='ocr_par' dir='ltr' id='par_1_37' title="bbox 163 2135 1755 2212">
     <span class='ocr_line' id='line_1_37' title="bbox 163 2135 1755 2212; baseline 0.004 -26"><span class='ocrx_word' id='word_1_264' title='bbox 163 2137 210 2186; x_wconf 74' lang='grc' dir='ltr'>οἱ</span> <span class='ocrx_word' id='word_1_265' title='bbox 237 2135 503 2205; x_wconf 77' lang='grc' dir='ltr'>πρέσϐεις</span> <span class='ocrx_word' id='word_1_266' title='bbox 535 2136 801 2206; x_wconf 85' lang='grc' dir='ltr'>βασιλέως</span> <span class='ocrx_word' id='word_1_267' title='bbox 840 2137 1158 2208; x_wconf 73' lang='grc' dir='ltr'>Ἀσσυρίων.</span> <span class='ocrx_word' id='word_1_268' title='bbox 1203 2138 1332 2190; x_wconf 81' lang='grc' dir='ltr'>Ἰδοὺ</span> <span class='ocrx_word' id='word_1_269' title='bbox 1361 2137 1472 2205; x_wconf 72' lang='grc' dir='ltr'><strong>ἐγὼ</strong></span> <span class='ocrx_word' id='word_1_270' title='bbox 1502 2138 1755 2212; x_wconf 71' lang='grc' dir='ltr'>ὲμσὰλλω</span> 
     </span>
    </p>
   </div>
   <div class='ocr_carea' id='block_1_38' title="bbox 161 2226 1752 2300">
    <p class='ocr_par' dir='ltr' id='par_1_38' title="bbox 161 2226 1752 2300">
     <span class='ocr_line' id='line_1_38' title="bbox 161 2226 1752 2300; baseline 0.004 -23"><span class='ocrx_word' id='word_1_271' title='bbox 161 2228 241 2290; x_wconf 76' lang='grc' dir='ltr'>εἰς</span> <span class='ocrx_word' id='word_1_272' title='bbox 288 2227 456 2281; x_wconf 78' lang='grc' dir='ltr'>αὑτὸν</span> <span class='ocrx_word' id='word_1_273' title='bbox 484 2226 720 2298; x_wconf 86' lang='grc' dir='ltr'>πνεῦμα,</span> <span class='ocrx_word' id='word_1_274' title='bbox 761 2228 854 2280; x_wconf 76' lang='grc' dir='ltr'>καὶ</span> <span class='ocrx_word' id='word_1_275' title='bbox 885 2226 1124 2291; x_wconf 83' lang='grc' dir='ltr'>ἀκούσας</span> <span class='ocrx_word' id='word_1_276' title='bbox 1152 2228 1436 2295; x_wconf 81' lang='grc' dir='ltr'>ἀγγελίαν,</span> <span class='ocrx_word' id='word_1_277' title='bbox 1470 2230 1752 2300; x_wconf 83' lang='grc' dir='ltr'>ἀποστρα-</span> 
     </span>
    </p>
   </div>
   <div class='ocr_carea' id='block_1_39' title="bbox 162 2309 1754 2393">
    <p class='ocr_par' dir='ltr' id='par_1_39' title="bbox 162 2309 1754 2393">
     <span class='ocr_line' id='line_1_39' title="bbox 162 2309 1754 2393; baseline 0.004 -24"><span class='ocrx_word' id='word_1_278' title='bbox 162 2320 399 2388; x_wconf 81' lang='grc' dir='ltr'>φήσεται</span> <span class='ocrx_word' id='word_1_279' title='bbox 434 2319 513 2380; x_wconf 76' lang='grc' dir='ltr'>εἰς</span> <span class='ocrx_word' id='word_1_280' title='bbox 540 2319 640 2388; x_wconf 80' lang='grc' dir='ltr'>τὴν</span> <span class='ocrx_word' id='word_1_281' title='bbox 668 2317 852 2390; x_wconf 87' lang='grc' dir='ltr'>χώραν</span> <span class='ocrx_word' id='word_1_282' title='bbox 885 2318 1071 2378; x_wconf 81' lang='grc' dir='ltr'>αὑτοῦ,</span> <span class='ocrx_word' id='word_1_283' title='bbox 1109 2320 1203 2372; x_wconf 78' lang='grc' dir='ltr'>καὶ</span> <span class='ocrx_word' id='word_1_284' title='bbox 1234 2309 1482 2374; x_wconf 69' lang='grc' dir='ltr'>πεσεῖται</span> <span class='ocrx_word' id='word_1_285' title='bbox 1509 2322 1754 2393; x_wconf 73' lang='grc' dir='ltr'>μαχαίρᾳ.</span> 
     </span>
    </p>
   </div>
   <div class='ocr_carea' id='block_1_40' title="bbox 160 2408 1750 2481">
    <p class='ocr_par' dir='ltr' id='par_1_40' title="bbox 160 2408 1750 2481">
     <span class='ocr_line' id='line_1_40' title="bbox 160 2408 1750 2481; baseline 0.003 -20"><span class='ocrx_word' id='word_1_286' title='bbox 160 2411 220 2461; x_wconf 83' lang='grc' dir='ltr'>ὲν</span> <span class='ocrx_word' id='word_1_287' title='bbox 250 2412 320 2479; x_wconf 81' lang='grc' dir='ltr'>τῇ</span> <span class='ocrx_word' id='word_1_288' title='bbox 373 2412 446 2480; x_wconf 80' lang='grc' dir='ltr'><strong>γῇ</strong></span> <span class='ocrx_word' id='word_1_289' title='bbox 481 2408 667 2462; x_wconf 78' lang='grc' dir='ltr'>αὑτοῦ.</span> <span class='ocrx_word' id='word_1_290' title='bbox 698 2429 717 2461; x_wconf 73' lang='grc' dir='ltr'><strong>ι</strong></span> <span class='ocrx_word' id='word_1_291' title='bbox 774 2411 861 2472; x_wconf 85' lang='grc' dir='ltr'>Ὡς</span> <span class='ocrx_word' id='word_1_292' title='bbox 901 2410 961 2463; x_wconf 84' lang='grc' dir='ltr'>δὲ</span> <span class='ocrx_word' id='word_1_293' title='bbox 1016 2411 1179 2481; x_wconf 87' lang='grc' dir='ltr'>μόνον</span> <span class='ocrx_word' id='word_1_294' title='bbox 1234 2413 1542 2480; x_wconf 68' lang='grc' dir='ltr'>ἐπέστησαν</span> <span class='ocrx_word' id='word_1_295' title='bbox 1576 2413 1750 2476; x_wconf 78' lang='grc' dir='ltr'>αὐτοὶ,</span> 
     </span>
    </p>
   </div>
   <div class='ocr_carea' id='block_1_41' title="bbox 163 2501 1753 2573">
    <p class='ocr_par' dir='ltr' id='par_1_41' title="bbox 163 2501 1753 2573">
     <span class='ocr_line' id='line_1_41' title="bbox 163 2501 1753 2573; baseline 0.001 -19"><span class='ocrx_word' id='word_1_296' title='bbox 163 2501 381 2565; x_wconf 73' lang='grc' dir='ltr'>φθάσας</span> <span class='ocrx_word' id='word_1_297' title='bbox 425 2502 552 2564; x_wconf 74' lang='grc' dir='ltr'>τοὺς</span> <span class='ocrx_word' id='word_1_298' title='bbox 602 2503 733 2573; x_wconf 89' lang='grc' dir='ltr'>παρ’</span> <span class='ocrx_word' id='word_1_299' title='bbox 763 2501 946 2556; x_wconf 83' lang='grc' dir='ltr'>αὐτῶν</span> <span class='ocrx_word' id='word_1_300' title='bbox 993 2501 1184 2570; x_wconf 86' lang='grc' dir='ltr'>λόγους</span> <span class='ocrx_word' id='word_1_301' title='bbox 1217 2505 1246 2555; x_wconf 91' lang='lat'><strong>6</strong></span> <span class='ocrx_word' id='word_1_302' title='bbox 1289 2503 1536 2566; x_wconf 81' lang='grc' dir='ltr'>Ἡσαΐας,</span> <span class='ocrx_word' id='word_1_303' title='bbox 1579 2504 1753 2567; x_wconf 84' lang='grc' dir='ltr'>ἀπαγ-</span> 
     </span>
    </p>
   </div>
   <div class='ocr_carea' id='block_1_42' title="bbox 162 2590 1752 2665">
    <p class='ocr_par' dir='ltr' id='par_1_42' title="bbox 162 2590 1752 2665">
     <span class='ocr_line' id='line_1_42' title="bbox 162 2590 1752 2665; baseline 0.004 -22"><span class='ocrx_word' id='word_1_304' title='bbox 162 2590 376 2656; x_wconf 67' lang='grc' dir='ltr'>γέλλειν</span> <span class='ocrx_word' id='word_1_305' title='bbox 397 2593 729 2662; x_wconf 83' lang='grc' dir='ltr'>προσέταττε</span> <span class='ocrx_word' id='word_1_306' title='bbox 744 2593 843 2662; x_wconf 83' lang='grc' dir='ltr'>τὴν</span> <span class='ocrx_word' id='word_1_307' title='bbox 870 2593 1269 2663; x_wconf 72' lang='grc' dir='ltr'>ἐπιφερομένην</span> <span class='ocrx_word' id='word_1_308' title='bbox 1297 2596 1632 2665; x_wconf 75' lang='grc' dir='ltr'>προφητείαν</span> <span class='ocrx_word' id='word_1_309' title='bbox 1652 2611 1663 2623; x_wconf 86' lang='grc'><strong>·</strong></span> <span class='ocrx_word' id='word_1_310' title='bbox 1686 2596 1752 2648; x_wconf 88' lang='grc' dir='ltr'><strong>δι’</strong></span> 
     </span>
    </p>
   </div>
   <div class='ocr_carea' id='block_1_43' title="bbox 159 2677 1754 2754">
    <p class='ocr_par' dir='ltr' id='par_1_43' title="bbox 159 2677 1754 2754">
     <span class='ocr_line' id='line_1_43' title="bbox 159 2677 1754 2754; baseline 0.004 -21"><span class='ocrx_word' id='word_1_311' title='bbox 159 2677 229 2749; x_wconf 73' lang='grc' dir='ltr'><strong>ἧς</strong></span> <span class='ocrx_word' id='word_1_312' title='bbox 262 2681 506 2750; x_wconf 85' lang='grc' dir='ltr'>πνεῦμα,</span> <span class='ocrx_word' id='word_1_313' title='bbox 537 2683 720 2751; x_wconf 61' lang='grc' dir='ltr'>φησιν,</span> <span class='ocrx_word' id='word_1_314' title='bbox 750 2682 1004 2753; x_wconf 74' lang='grc' dir='ltr'>ἐμϐάλλει</span> <span class='ocrx_word' id='word_1_315' title='bbox 1044 2686 1124 2746; x_wconf 87' lang='grc' dir='ltr'>εἰς</span> <span class='ocrx_word' id='word_1_316' title='bbox 1157 2683 1318 2736; x_wconf 80' lang='grc' dir='ltr'>αὐτόν</span> <span class='ocrx_word' id='word_1_317' title='bbox 1339 2701 1352 2714; x_wconf 77' lang='lat'>&#39;</span> <span class='ocrx_word' id='word_1_318' title='bbox 1385 2686 1474 2754; x_wconf 81' lang='grc' dir='ltr'><strong>ὑφ’</strong></span> <span class='ocrx_word' id='word_1_319' title='bbox 1502 2680 1564 2738; x_wconf 79' lang='grc' dir='ltr'><strong>οὗ</strong></span> <span class='ocrx_word' id='word_1_320' title='bbox 1593 2687 1754 2740; x_wconf 88' lang='grc' dir='ltr'>πνεύ-</span> 
     </span>
    </p>
   </div>
   <div class='ocr_carea' id='block_1_44' title="bbox 165 2771 1752 2846">
    <p class='ocr_par' dir='ltr' id='par_1_44' title="bbox 165 2771 1752 2846">
     <span class='ocr_line' id='line_1_44' title="bbox 165 2771 1752 2846; baseline 0.004 -21"><span class='ocrx_word' id='word_1_321' title='bbox 165 2789 338 2840; x_wconf 80' lang='grc' dir='ltr'>ματος</span> <span class='ocrx_word' id='word_1_322' title='bbox 370 2773 695 2844; x_wconf 78' lang='grc' dir='ltr'>ἀπατηθεὶς,</span> <span class='ocrx_word' id='word_1_323' title='bbox 717 2771 977 2844; x_wconf 75' lang='grc' dir='ltr'>ἐπανήξει</span> <span class='ocrx_word' id='word_1_324' title='bbox 1003 2775 1096 2826; x_wconf 75' lang='grc' dir='ltr'><strong>ἐπὶ</strong></span> <span class='ocrx_word' id='word_1_325' title='bbox 1118 2774 1215 2846; x_wconf 82' lang='grc' dir='ltr'>τὴν</span> <span class='ocrx_word' id='word_1_326' title='bbox 1241 2776 1437 2830; x_wconf 77' lang='grc' dir='ltr'>ἑαυτοῦ</span> <span class='ocrx_word' id='word_1_327' title='bbox 1466 2777 1592 2846; x_wconf 80' lang='grc' dir='ltr'>γῆν,</span> <span class='ocrx_word' id='word_1_328' title='bbox 1619 2777 1752 2832; x_wconf 75' lang='grc' dir='ltr'>ἔνθα</span> 
     </span>
    </p>
   </div>
   <div class='ocr_carea' id='block_1_45' title="bbox 163 2862 1063 2935">
    <p class='ocr_par' dir='ltr' id='par_1_45' title="bbox 163 2862 1063 2935">
     <span class='ocr_line' id='line_1_45' title="bbox 163 2862 1063 2935; baseline 0.006 -22"><span class='ocrx_word' id='word_1_329' title='bbox 163 2863 314 2931; x_wconf 75' lang='grc' dir='ltr'>ξίφει</span> <span class='ocrx_word' id='word_1_330' title='bbox 355 2863 457 2932; x_wconf 74' lang='grc' dir='ltr'>τὴν</span> <span class='ocrx_word' id='word_1_331' title='bbox 490 2862 632 2935; x_wconf 78' lang='grc' dir='ltr'>ζωὴν</span> <span class='ocrx_word' id='word_1_332' title='bbox 675 2863 1063 2935; x_wconf 72' lang='grc' dir='ltr'>καταστρέψει.</span> 
     </span>
    </p>
   </div>
   <div class='ocr_carea' id='block_1_46' title="bbox 236 2957 1752 3029">
    <p class='ocr_par' dir='ltr' id='par_1_46' title="bbox 236 2957 1752 3029">
     <span class='ocr_line' id='line_1_46' title="bbox 236 2957 1752 3029; baseline 0.006 -22"><span class='ocrx_word' id='word_1_333' title='bbox 236 2974 256 3007; x_wconf 83' lang='grc' dir='ltr'><strong>ι</strong></span> <span class='ocrx_word' id='word_1_334' title='bbox 308 2957 423 3010; x_wconf 78' lang='lat' dir='ltr'><strong>Kal</strong></span> <span class='ocrx_word' id='word_1_335' title='bbox 463 2957 769 3028; x_wconf 85' lang='grc' dir='ltr'>ἀπέστρεψε</span> <span class='ocrx_word' id='word_1_336' title='bbox 811 2958 1140 3029; x_wconf 80' lang='grc' dir='ltr'>Ῥασσάκης,</span> <span class='ocrx_word' id='word_1_337' title='bbox 1190 2959 1286 3012; x_wconf 78' lang='grc' dir='ltr'><strong>καὶ</strong></span> <span class='ocrx_word' id='word_1_338' title='bbox 1345 2959 1610 3014; x_wconf 72' lang='grc' dir='ltr'>κατέλαϐε</span> <span class='ocrx_word' id='word_1_339' title='bbox 1660 2961 1752 3016; x_wconf 80' lang='grc' dir='ltr'>τὸν</span> 
     </span>
    </p>
   </div>
   <div class='ocr_carea' id='block_1_47' title="bbox 161 3045 1755 3125">
    <p class='ocr_par' dir='ltr' id='par_1_47' title="bbox 161 3045 1755 3125">
     <span class='ocr_line' id='line_1_47' title="bbox 161 3045 1755 3125; baseline 0.004 -27"><span class='ocrx_word' id='word_1_340' title='bbox 161 3045 394 3116; x_wconf 85' lang='grc' dir='ltr'>βασιλέα</span> <span class='ocrx_word' id='word_1_341' title='bbox 436 3047 730 3117; x_wconf 82' lang='grc' dir='ltr'>’Δσσυρίων</span> <span class='ocrx_word' id='word_1_342' title='bbox 760 3046 1150 3118; x_wconf 86' lang='grc' dir='ltr'>πολιορκοῦντα</span> <span class='ocrx_word' id='word_1_343' title='bbox 1177 3050 1403 3105; x_wconf 78' lang='grc' dir='ltr'>Δοόνάν.</span> <span class='ocrx_word' id='word_1_344' title='bbox 1439 3054 1550 3106; x_wconf 88' lang='lat' dir='ltr'><strong>Kal</strong></span> <span class='ocrx_word' id='word_1_345' title='bbox 1591 3054 1755 3125; x_wconf 72' lang='grc' dir='ltr'>ἥκου-</span> 
     </span>
    </p>
   </div>
   <div class='ocr_carea' id='block_1_48' title="bbox 160 3138 1755 3215">
    <p class='ocr_par' dir='ltr' id='par_1_48' title="bbox 160 3138 1755 3215">
     <span class='ocr_line' id='line_1_48' title="bbox 160 3138 1755 3215; baseline 0.006 -26"><span class='ocrx_word' id='word_1_346' title='bbox 160 3155 254 3190; x_wconf 77' lang='grc' dir='ltr'><strong>σεν</strong></span> <span class='ocrx_word' id='word_1_347' title='bbox 281 3139 368 3191; x_wconf 79' lang='grc' dir='ltr'>ὅτι</span> <span class='ocrx_word' id='word_1_348' title='bbox 393 3138 606 3210; x_wconf 81' lang='grc' dir='ltr'>ἀπῆρεν</span> <span class='ocrx_word' id='word_1_349' title='bbox 635 3138 740 3190; x_wconf 78' lang='grc' dir='ltr'>ἀπὸ</span> <span class='ocrx_word' id='word_1_350' title='bbox 785 3139 973 3209; x_wconf 67' lang='grc' dir='ltr'>Λαχὶς,</span> <span class='ocrx_word' id='word_1_351' title='bbox 1005 3141 1098 3193; x_wconf 76' lang='grc' dir='ltr'>καὶ</span> <span class='ocrx_word' id='word_1_352' title='bbox 1147 3140 1336 3210; x_wconf 77' lang='grc' dir='ltr'>ἐξῆλθε</span> <span class='ocrx_word' id='word_1_353' title='bbox 1379 3143 1630 3215; x_wconf 87' lang='grc' dir='ltr'>Θαρακά,</span> <span class='ocrx_word' id='word_1_354' title='bbox 1660 3144 1755 3214; x_wconf 87' lang='grc' dir='ltr'><strong>βα-</strong></span> 
     </span>
    </p>
   </div>
   <div class='ocr_carea' id='block_1_49' title="bbox 1861 1945 3431 2006">
    <p class='ocr_par' dir='ltr' id='par_1_49' title="bbox 1861 1945 3431 2006">
     <span class='ocr_line' id='line_1_49' title="bbox 1861 1945 3431 2006; baseline 0.003 -6"><span class='ocrx_word' id='word_1_355' title='bbox 1861 1960 1990 2000; x_wconf 90' lang='lat' dir='ltr'><strong>num</strong></span> <span class='ocrx_word' id='word_1_356' title='bbox 2023 1955 2263 1999; x_wconf 84' lang='lat' dir='ltr'><strong>vestrum</strong></span> <span class='ocrx_word' id='word_1_357' title='bbox 2303 1962 2318 1999; x_wconf 90' lang='lat'><strong>:</strong></span> <span class='ocrx_word' id='word_1_358' title='bbox 2367 1945 2490 2000; x_wconf 66' lang='lat' dir='ltr'><strong>Haec</strong></span> <span class='ocrx_word' id='word_1_359' title='bbox 2513 1946 2644 2000; x_wconf 87' lang='lat' dir='ltr'><strong>dicit</strong></span> <span class='ocrx_word' id='word_1_360' title='bbox 2683 1947 2942 2004; x_wconf 84' lang='lat' dir='ltr'><strong>Dominus</strong></span> <span class='ocrx_word' id='word_1_361' title='bbox 2977 1969 2990 2006; x_wconf 87' lang='lat'><strong>:</strong></span> <span class='ocrx_word' id='word_1_362' title='bbox 3024 1949 3100 2004; x_wconf 80' lang='lat' dir='ltr'><strong>Ne</strong></span> <span class='ocrx_word' id='word_1_363' title='bbox 3144 1964 3352 2006; x_wconf 87' lang='lat' dir='ltr'><strong>metuas</strong></span> <span class='ocrx_word' id='word_1_364' title='bbox 3402 1946 3431 2004; x_wconf 67' lang='grc' dir='ltr'>τι</span> 
     </span>
    </p>
   </div>
   <div class='ocr_carea' id='block_1_50' title="bbox 1859 2035 3430 2107">
    <p class='ocr_par' dir='ltr' id='par_1_50' title="bbox 1859 2035 3430 2107">
     <span class='ocr_line' id='line_1_50' title="bbox 1859 2035 3430 2107; baseline 0.004 -20"><span class='ocrx_word' id='word_1_365' title='bbox 1859 2035 2381 2104; x_wconf 84' lang='lat' dir='ltr'><strong>sermonibus,un</strong></span> <span class='ocrx_word' id='word_1_366' title='bbox 2400 2036 2622 2101; x_wconf 83' lang='lat' dir='ltr'><strong>audisti,</strong></span> <span class='ocrx_word' id='word_1_367' title='bbox 2646 2051 2782 2106; x_wconf 87' lang='lat' dir='ltr'><strong>quos</strong></span> <span class='ocrx_word' id='word_1_368' title='bbox 2807 2039 3274 2107; x_wconf 85' lang='lat' dir='ltr'><strong>exprobraverunt</strong></span> <span class='ocrx_word' id='word_1_369' title='bbox 3297 2042 3430 2096; x_wconf 89' lang='lat' dir='ltr'><strong>mibi</strong></span> 
     </span>
    </p>
   </div>
   <div class='ocr_carea' id='block_1_51' title="bbox 1861 2123 3426 2199">
    <p class='ocr_par' dir='ltr' id='par_1_51' title="bbox 1861 2123 3426 2199">
     <span class='ocr_line' id='line_1_51' title="bbox 1861 2123 3426 2199; baseline 0.004 -21"><span class='ocrx_word' id='word_1_370' title='bbox 1861 2123 2020 2192; x_wconf 76' lang='lat' dir='ltr'><strong>legati</strong></span> <span class='ocrx_word' id='word_1_371' title='bbox 2076 2123 2223 2192; x_wconf 67' lang='lat' dir='ltr'><strong>regis</strong></span> <span class='ocrx_word' id='word_1_372' title='bbox 2261 2126 2628 2194; x_wconf 81' lang='lat' dir='ltr'><strong>Assyriorum.</strong></span> <span class='ocrx_word' id='word_1_373' title='bbox 2685 2127 2825 2182; x_wconf 88' lang='lat' dir='ltr'><strong>Ecce</strong></span> <span class='ocrx_word' id='word_1_374' title='bbox 2881 2143 2984 2199; x_wconf 77' lang='lat' dir='ltr'><strong>ego</strong></span> <span class='ocrx_word' id='word_1_375' title='bbox 3025 2129 3315 2183; x_wconf 80' lang='lat' dir='ltr'><strong>immittam</strong></span> <span class='ocrx_word' id='word_1_376' title='bbox 3371 2134 3426 2185; x_wconf 92' lang='lat' dir='ltr'><strong>in</strong></span> 
     </span>
    </p>
   </div>
   <div class='ocr_carea' id='block_1_52' title="bbox 1860 2216 3434 2284">
    <p class='ocr_par' dir='ltr' id='par_1_52' title="bbox 1860 2216 3434 2284">
     <span class='ocr_line' id='line_1_52' title="bbox 1860 2216 3434 2284; baseline 0.006 -14"><span class='ocrx_word' id='word_1_377' title='bbox 1860 2231 1985 2271; x_wconf 85' lang='lat' dir='ltr'><strong>eum</strong></span> <span class='ocrx_word' id='word_1_378' title='bbox 2031 2216 2307 2284; x_wconf 87' lang='lat' dir='ltr'><strong>spiritum,</strong></span> <span class='ocrx_word' id='word_1_379' title='bbox 2357 2226 2413 2270; x_wconf 92' lang='lat' dir='ltr'><strong>et</strong></span> <span class='ocrx_word' id='word_1_380' title='bbox 2453 2217 2638 2272; x_wconf 84' lang='lat' dir='ltr'><strong>audito</strong></span> <span class='ocrx_word' id='word_1_381' title='bbox 2673 2219 2864 2274; x_wconf 89' lang='lat' dir='ltr'><strong>nuntio</strong></span> <span class='ocrx_word' id='word_1_382' title='bbox 2915 2231 3218 2278; x_wconf 84' lang='lat' dir='ltr'><strong>revertetur</strong></span> <span class='ocrx_word' id='word_1_383' title='bbox 3261 2224 3313 2277; x_wconf 94' lang='lat' dir='ltr'><strong>in</strong></span> <span class='ocrx_word' id='word_1_384' title='bbox 3354 2241 3434 2280; x_wconf 84' lang='lat' dir='ltr'><strong>rc-</strong></span> 
     </span>
    </p>
   </div>
   <div class='ocr_carea' id='block_1_53' title="bbox 1859 2306 3429 2378">
    <p class='ocr_par' dir='ltr' id='par_1_53' title="bbox 1859 2306 3429 2378">
     <span class='ocr_line' id='line_1_53' title="bbox 1859 2306 3429 2378; baseline 0.007 -21"><span class='ocrx_word' id='word_1_385' title='bbox 1859 2307 2078 2373; x_wconf 67' lang='lat' dir='ltr'><strong>gionem</strong></span> <span class='ocrx_word' id='word_1_386' title='bbox 2114 2319 2292 2370; x_wconf 87' lang='lat' dir='ltr'><strong>suam,</strong></span> <span class='ocrx_word' id='word_1_387' title='bbox 2328 2313 2386 2359; x_wconf 89' lang='lat' dir='ltr'><strong>et</strong></span> <span class='ocrx_word' id='word_1_388' title='bbox 2425 2306 2584 2360; x_wconf 89' lang='lat' dir='ltr'><strong>cadet</strong></span> <span class='ocrx_word' id='word_1_389' title='bbox 2620 2307 2801 2378; x_wconf 72' lang='lat' dir='ltr'><strong>gladio</strong></span> <span class='ocrx_word' id='word_1_390' title='bbox 2832 2310 2887 2364; x_wconf 88' lang='lat' dir='ltr'><strong>in</strong></span> <span class='ocrx_word' id='word_1_391' title='bbox 2919 2319 3062 2365; x_wconf 82' lang='lat' dir='ltr'><strong>terra</strong></span> <span class='ocrx_word' id='word_1_392' title='bbox 3105 2327 3225 2367; x_wconf 88' lang='lat' dir='ltr'><strong>sua.</strong></span> <span class='ocrx_word' id='word_1_393' title='bbox 3265 2333 3284 2365; x_wconf 75' lang='grc' dir='ltr'><strong>ι</strong></span> <span class='ocrx_word' id='word_1_394' title='bbox 3329 2314 3429 2370; x_wconf 89' lang='lat' dir='ltr'><strong>Ubi</strong></span> 
     </span>
    </p>
   </div>
   <div class='ocr_carea' id='block_1_54' title="bbox 1859 2400 3432 2474">
    <p class='ocr_par' dir='ltr' id='par_1_54' title="bbox 1859 2400 3432 2474">
     <span class='ocr_line' id='line_1_54' title="bbox 1859 2400 3432 2474; baseline 0.005 -22"><span class='ocrx_word' id='word_1_395' title='bbox 1859 2400 2094 2469; x_wconf 88' lang='lat' dir='ltr'><strong>primunt</strong></span> <span class='ocrx_word' id='word_1_396' title='bbox 2129 2409 2308 2455; x_wconf 77' lang='lat' dir='ltr'><strong>autem</strong></span> <span class='ocrx_word' id='word_1_397' title='bbox 2338 2411 2708 2466; x_wconf 86' lang='lat' dir='ltr'><strong>accesserunt,</strong></span> <span class='ocrx_word' id='word_1_398' title='bbox 2735 2417 3039 2458; x_wconf 86' lang='lat' dir='ltr'><strong>sermonem</strong></span> <span class='ocrx_word' id='word_1_399' title='bbox 3068 2418 3257 2458; x_wconf 89' lang='lat' dir='ltr'><strong>eorum</strong></span> <span class='ocrx_word' id='word_1_400' title='bbox 3293 2421 3432 2474; x_wconf 71' lang='lat' dir='ltr'><strong>pra:-</strong></span> 
     </span>
    </p>
   </div>
   <div class='ocr_carea' id='block_1_55' title="bbox 1862 2489 3430 2565">
    <p class='ocr_par' dir='ltr' id='par_1_55' title="bbox 1862 2489 3430 2565">
     <span class='ocr_line' id='line_1_55' title="bbox 1862 2489 3430 2565; baseline 0.005 -24"><span class='ocrx_word' id='word_1_401' title='bbox 1862 2501 2081 2545; x_wconf 84' lang='lat' dir='ltr'><strong>vertens</strong></span> <span class='ocrx_word' id='word_1_402' title='bbox 2110 2489 2302 2554; x_wconf 80' lang='lat' dir='ltr'><strong>Isaias,</strong></span> <span class='ocrx_word' id='word_1_403' title='bbox 2337 2492 2552 2545; x_wconf 80' lang='lat' dir='ltr'><strong>allatam</strong></span> <span class='ocrx_word' id='word_1_404' title='bbox 2586 2493 2926 2561; x_wconf 79' lang='lat' dir='ltr'><strong>praphetiam</strong></span> <span class='ocrx_word' id='word_1_405' title='bbox 2969 2496 3280 2549; x_wconf 88' lang='lat' dir='ltr'><strong>renuntiare</strong></span> <span class='ocrx_word' id='word_1_406' title='bbox 3310 2496 3430 2565; x_wconf 81' lang='lat' dir='ltr'><strong>jus-</strong></span> 
     </span>
    </p>
   </div>
   <div class='ocr_carea' id='block_1_56' title="bbox 1860 2583 3429 2656">
    <p class='ocr_par' dir='ltr' id='par_1_56' title="bbox 1860 2583 3429 2656">
     <span class='ocr_line' id='line_1_56' title="bbox 1860 2583 3429 2656; baseline 0.002 -19"><span class='ocrx_word' id='word_1_407' title='bbox 1860 2583 1974 2645; x_wconf 76' lang='lat' dir='ltr'><strong>sit;</strong></span> <span class='ocrx_word' id='word_1_408' title='bbox 2009 2597 2114 2651; x_wconf 88' lang='lat' dir='ltr'><strong>qua</strong></span> <span class='ocrx_word' id='word_1_409' title='bbox 2147 2584 2420 2651; x_wconf 89' lang='lat' dir='ltr'><strong>spiritum,</strong></span> <span class='ocrx_word' id='word_1_410' title='bbox 2457 2585 2651 2652; x_wconf 88' lang='lat' dir='ltr'><strong>inquit,</strong></span> <span class='ocrx_word' id='word_1_411' title='bbox 2687 2586 2942 2640; x_wconf 87' lang='lat' dir='ltr'><strong>immittet</strong></span> <span class='ocrx_word' id='word_1_412' title='bbox 2980 2586 3034 2639; x_wconf 89' lang='lat' dir='ltr'><strong>in</strong></span> <span class='ocrx_word' id='word_1_413' title='bbox 3060 2601 3208 2650; x_wconf 89' lang='lat' dir='ltr'><strong>eum,</strong></span> <span class='ocrx_word' id='word_1_414' title='bbox 3245 2602 3276 2641; x_wconf 89' lang='lat' dir='ltr'><strong>a</strong></span> <span class='ocrx_word' id='word_1_415' title='bbox 3317 2603 3429 2656; x_wconf 86' lang='lat' dir='ltr'><strong>quo</strong></span> 
     </span>
    </p>
   </div>
   <div class='ocr_carea' id='block_1_57' title="bbox 1859 2674 3427 2743">
    <p class='ocr_par' dir='ltr' id='par_1_57' title="bbox 1859 2674 3427 2743">
     <span class='ocr_line' id='line_1_57' title="bbox 1859 2674 3427 2743; baseline 0.004 -16"><span class='ocrx_word' id='word_1_416' title='bbox 1859 2674 2055 2740; x_wconf 82' lang='lat' dir='ltr'><strong>spiritu</strong></span> <span class='ocrx_word' id='word_1_417' title='bbox 2087 2674 2343 2743; x_wconf 88' lang='lat' dir='ltr'><strong>deceptus</strong></span> <span class='ocrx_word' id='word_1_418' title='bbox 2383 2683 2687 2730; x_wconf 84' lang='lat' dir='ltr'><strong>revertetur</strong></span> <span class='ocrx_word' id='word_1_419' title='bbox 2734 2676 2788 2730; x_wconf 91' lang='lat' dir='ltr'><strong>in</strong></span> <span class='ocrx_word' id='word_1_420' title='bbox 2839 2687 3042 2730; x_wconf 88' lang='lat' dir='ltr'><strong>terram</strong></span> <span class='ocrx_word' id='word_1_421' title='bbox 3083 2691 3236 2732; x_wconf 88' lang='lat' dir='ltr'><strong>suam</strong></span> <span class='ocrx_word' id='word_1_422' title='bbox 3265 2718 3282 2743; x_wconf 90' lang='lat'><strong>,</strong></span> <span class='ocrx_word' id='word_1_423' title='bbox 3333 2679 3427 2734; x_wconf 89' lang='lat' dir='ltr'><strong>ubi</strong></span> 
     </span>
    </p>
   </div>
   <div class='ocr_carea' id='block_1_58' title="bbox 1859 2761 2435 2831">
    <p class='ocr_par' dir='ltr' id='par_1_58' title="bbox 1859 2761 2435 2831">
     <span class='ocr_line' id='line_1_58' title="bbox 1859 2761 2435 2831; baseline 0.009 -18"><span class='ocrx_word' id='word_1_424' title='bbox 1859 2761 2037 2831; x_wconf 71' lang='lat' dir='ltr'><strong>gladio</strong></span> <span class='ocrx_word' id='word_1_425' title='bbox 2067 2763 2235 2816; x_wconf 85' lang='lat' dir='ltr'><strong>vitam</strong></span> <span class='ocrx_word' id='word_1_426' title='bbox 2266 2763 2435 2818; x_wconf 78' lang='lat' dir='ltr'><strong>ﬁniet.</strong></span> 
     </span>
    </p>
   </div>
   <div class='ocr_carea' id='block_1_59' title="bbox 1931 2941 3435 3007">
    <p class='ocr_par' dir='ltr' id='par_1_59' title="bbox 1931 2941 3435 3007">
     <span class='ocr_line' id='line_1_59' title="bbox 1931 2941 3435 3007; baseline 0.004 -14"><span class='ocrx_word' id='word_1_427' title='bbox 1931 2941 2095 2997; x_wconf 70' lang='lat' dir='ltr'><strong>Vens.</strong></span> <span class='ocrx_word' id='word_1_428' title='bbox 2133 2941 2288 2999; x_wconf 80' lang='grc'><strong>8-16.</strong></span> <span class='ocrx_word' id='word_1_429' title='bbox 2327 2961 2346 2994; x_wconf 85' lang='grc' dir='ltr'><strong>ι</strong></span> <span class='ocrx_word' id='word_1_430' title='bbox 2393 2942 2460 2996; x_wconf 86' lang='lat' dir='ltr'><strong>Et</strong></span> <span class='ocrx_word' id='word_1_431' title='bbox 2492 2956 2745 2999; x_wconf 78' lang='lat' dir='ltr'><strong>reversus</strong></span> <span class='ocrx_word' id='word_1_432' title='bbox 2791 2954 2873 2998; x_wconf 88' lang='lat' dir='ltr'><strong>est</strong></span> <span class='ocrx_word' id='word_1_433' title='bbox 2908 2943 3216 3007; x_wconf 80' lang='lat' dir='ltr'><strong>Rabsaces,</strong></span> <span class='ocrx_word' id='word_1_434' title='bbox 3255 2952 3310 2998; x_wconf 89' lang='lat' dir='ltr'><strong>et</strong></span> <span class='ocrx_word' id='word_1_435' title='bbox 3339 2944 3435 3000; x_wconf 86' lang='lat' dir='ltr'><strong>dc-</strong></span> 
     </span>
    </p>
   </div>
   <div class='ocr_carea' id='block_1_60' title="bbox 1864 3032 3429 3104">
    <p class='ocr_par' dir='ltr' id='par_1_60' title="bbox 1864 3032 3429 3104">
     <span class='ocr_line' id='line_1_60' title="bbox 1864 3032 3429 3104; baseline 0.001 -20"><span class='ocrx_word' id='word_1_436' title='bbox 1864 3032 2154 3100; x_wconf 86' lang='lat' dir='ltr'><strong>prehendit</strong></span> <span class='ocrx_word' id='word_1_437' title='bbox 2181 3046 2375 3102; x_wconf 75' lang='lat' dir='ltr'><strong>regem</strong></span> <span class='ocrx_word' id='word_1_438' title='bbox 2405 3033 2758 3104; x_wconf 80' lang='lat' dir='ltr'><strong>Assyriorum</strong></span> <span class='ocrx_word' id='word_1_439' title='bbox 2799 3033 3136 3088; x_wconf 86' lang='lat' dir='ltr'><strong>obsidentem</strong></span> <span class='ocrx_word' id='word_1_440' title='bbox 3167 3033 3429 3093; x_wconf 84' lang='lat' dir='ltr'><strong>Lobnam,</strong></span> 
     </span>
    </p>
   </div>
   <div class='ocr_carea' id='block_1_61' title="bbox 1861 3120 3435 3192">
    <p class='ocr_par' dir='ltr' id='par_1_61' title="bbox 1861 3120 3435 3192">
     <span class='ocr_line' id='line_1_61' title="bbox 1861 3120 3435 3192; baseline -0.001 -15"><span class='ocrx_word' id='word_1_441' title='bbox 1861 3123 1929 3177; x_wconf 88' lang='lat' dir='ltr'><strong>Et</strong></span> <span class='ocrx_word' id='word_1_442' title='bbox 1955 3122 2162 3176; x_wconf 84' lang='lat' dir='ltr'><strong>audivit</strong></span> <span class='ocrx_word' id='word_1_443' title='bbox 2187 3123 2330 3191; x_wconf 90' lang='lat' dir='ltr'><strong>quod</strong></span> <span class='ocrx_word' id='word_1_444' title='bbox 2349 3121 2625 3191; x_wconf 80' lang='lat' dir='ltr'><strong>profectus</strong></span> <span class='ocrx_word' id='word_1_445' title='bbox 2653 3131 2801 3176; x_wconf 88' lang='lat' dir='ltr'><strong>esset</strong></span> <span class='ocrx_word' id='word_1_446' title='bbox 2825 3121 2892 3176; x_wconf 83' lang='lat' dir='ltr'><strong>de</strong></span> <span class='ocrx_word' id='word_1_447' title='bbox 2917 3120 3140 3187; x_wconf 88' lang='lat' dir='ltr'><strong>Lachis,</strong></span> <span class='ocrx_word' id='word_1_448' title='bbox 3168 3131 3223 3177; x_wconf 90' lang='lat' dir='ltr'><strong>et</strong></span> <span class='ocrx_word' id='word_1_449' title='bbox 3253 3137 3435 3192; x_wconf 81' lang='lat' dir='ltr'><strong>egres-</strong></span> 
     </span>
    </p>
   </div>
   <div class='ocr_carea' id='block_1_62' title="bbox 161 3212 1761 3303">
    <p class='ocr_par' dir='ltr' id='par_1_62' title="bbox 161 3212 1745 3303">
     <span class='ocr_line' id='line_1_62' title="bbox 161 3212 1745 3303; baseline 0.005 -22"><span class='ocrx_word' id='word_1_450' title='bbox 161 3230 348 3292; x_wconf 78' lang='grc' dir='ltr'>σιλεὺς</span> <span class='ocrx_word' id='word_1_451' title='bbox 388 3229 660 3282; x_wconf 75' lang='grc' dir='ltr'>Αἰθιόπων</span> <span class='ocrx_word' id='word_1_452' title='bbox 681 3270 697 3294; x_wconf 95' lang='grc'><strong>,</strong></span> <span class='ocrx_word' id='word_1_453' title='bbox 734 3229 1096 3303; x_wconf 80' lang='grc' dir='ltr'>πολιορκῆσαι</span> <span class='ocrx_word' id='word_1_454' title='bbox 1121 3234 1283 3286; x_wconf 80' lang='grc' dir='ltr'>αὐτόν</span> <span class='ocrx_word' id='word_1_455' title='bbox 1307 3251 1320 3265; x_wconf 92' lang='grc'><strong>·</strong></span> <span class='ocrx_word' id='word_1_456' title='bbox 1363 3212 1475 3288; x_wconf 26' lang='grc' dir='ltr'>καὶ-</span> <span class='ocrx_word' id='word_1_457' title='bbox 1505 3212 1745 3299; x_wconf 81' lang='grc' dir='ltr'>ἀκούσας</span> 
     </span>
    </p>
   </div>
   <div class='ocr_carea' id='block_1_63' title="bbox 1850 3212 3424 3303">
    <p class='ocr_par' dir='ltr' id='par_1_63' title="bbox 1850 3212 3424 3282">
     <span class='ocr_line' id='line_1_63' title="bbox 1850 3212 3424 3282; baseline 0.001 -13"><span class='ocrx_word' id='word_1_458' title='bbox 1850 3231 1942 3269; x_wconf 92' lang='lat' dir='ltr'><strong>sus</strong></span> <span class='ocrx_word' id='word_1_459' title='bbox 1980 3223 2126 3269; x_wconf 87' lang='lat' dir='ltr'><strong>esset</strong></span> <span class='ocrx_word' id='word_1_460' title='bbox 2175 3212 2447 3278; x_wconf 80' lang='lat' dir='ltr'><strong>Tharaca,</strong></span> <span class='ocrx_word' id='word_1_461' title='bbox 2487 3231 2578 3268; x_wconf 87' lang='lat' dir='ltr'><strong>rex</strong></span> <span class='ocrx_word' id='word_1_462' title='bbox 2633 3212 2991 3282; x_wconf 63' lang='lat' dir='ltr'><strong>zEtltiopum,</strong></span> <span class='ocrx_word' id='word_1_463' title='bbox 3043 3225 3101 3268; x_wconf 93' lang='lat' dir='ltr'><strong>ut</strong></span> <span class='ocrx_word' id='word_1_464' title='bbox 3144 3214 3424 3270; x_wconf 87' lang='lat' dir='ltr'><strong>obsideret</strong></span> 
     </span>
    </p>
   </div>
   <div class='ocr_carea' id='block_1_64' title="bbox 159 3320 1746 3395">
    <p class='ocr_par' dir='ltr' id='par_1_64' title="bbox 159 3320 1746 3395">
     <span class='ocr_line' id='line_1_64' title="bbox 159 3320 1746 3395; baseline 0.003 -19"><span class='ocrx_word' id='word_1_465' title='bbox 159 3320 502 3392; x_wconf 80' lang='grc' dir='ltr'>ἀπέστρεψε.</span> <span class='ocrx_word' id='word_1_466' title='bbox 530 3322 640 3373; x_wconf 89' lang='lat' dir='ltr'><strong>Kal</strong></span> <span class='ocrx_word' id='word_1_467' title='bbox 665 3321 982 3375; x_wconf 85' lang='grc' dir='ltr'>ἀπέστειλεν</span> <span class='ocrx_word' id='word_1_468' title='bbox 1014 3323 1279 3390; x_wconf 82' lang='grc' dir='ltr'>ἀγγέλους</span> <span class='ocrx_word' id='word_1_469' title='bbox 1333 3326 1471 3395; x_wconf 84' lang='grc' dir='ltr'>πρὸς</span> <span class='ocrx_word' id='word_1_470' title='bbox 1500 3327 1746 3391; x_wconf 79' lang='grc' dir='ltr'>Ἐζεκίαν</span> 
     </span>
    </p>
   </div>
   <div class='ocr_carea' id='block_1_65' title="bbox 157 3409 1741 3486">
    <p class='ocr_par' dir='ltr' id='par_1_65' title="bbox 157 3409 1741 3486">
     <span class='ocr_line' id='line_1_65' title="bbox 157 3409 1741 3486; baseline 0.004 -23"><span class='ocrx_word' id='word_1_471' title='bbox 157 3411 368 3479; x_wconf 77' lang='grc' dir='ltr'>λέγων’</span> <span class='ocrx_word' id='word_1_472' title='bbox 407 3409 593 3473; x_wconf 84' lang='grc' dir='ltr'>υῦτως</span> <span class='ocrx_word' id='word_1_473' title='bbox 616 3412 791 3481; x_wconf 81' lang='grc' dir='ltr'>ἐρεῖτε</span> <span class='ocrx_word' id='word_1_474' title='bbox 832 3412 1053 3483; x_wconf 74' lang='grc' dir='ltr'>Ἐζεκίᾳ</span> <span class='ocrx_word' id='word_1_475' title='bbox 1083 3414 1291 3483; x_wconf 87' lang='grc' dir='ltr'>βασιλεῖ</span> <span class='ocrx_word' id='word_1_476' title='bbox 1315 3416 1412 3486; x_wconf 80' lang='grc' dir='ltr'>τῆς</span> <span class='ocrx_word' id='word_1_477' title='bbox 1455 3417 1741 3479; x_wconf 82' lang='grc' dir='ltr'>Ἰουδαίας·</span> 
     </span>
    </p>
   </div>
   <div class='ocr_carea' id='block_1_66' title="bbox 157 3498 1746 3571">
    <p class='ocr_par' dir='ltr' id='par_1_66' title="bbox 157 3498 1746 3571">
     <span class='ocr_line' id='line_1_66' title="bbox 157 3498 1746 3571; baseline 0.003 -16"><span class='ocrx_word' id='word_1_478' title='bbox 157 3503 250 3571; x_wconf 82' lang='grc' dir='ltr'><strong>Μή</strong></span> <span class='ocrx_word' id='word_1_479' title='bbox 292 3518 352 3554; x_wconf 84' lang='grc' dir='ltr'><strong>σε</strong></span> <span class='ocrx_word' id='word_1_480' title='bbox 381 3501 645 3554; x_wconf 77' lang='grc' dir='ltr'>ἀπατάτω</span> <span class='ocrx_word' id='word_1_481' title='bbox 670 3504 698 3553; x_wconf 90' lang='lat'><strong>6</strong></span> <span class='ocrx_word' id='word_1_482' title='bbox 719 3500 851 3565; x_wconf 90' lang='grc' dir='ltr'>Θεός</span> <span class='ocrx_word' id='word_1_483' title='bbox 880 3518 996 3564; x_wconf 89' lang='grc' dir='ltr'>σου,</span> <span class='ocrx_word' id='word_1_484' title='bbox 1037 3505 1121 3571; x_wconf 78' lang='grc' dir='ltr'><strong>ἐφ’</strong></span> <span class='ocrx_word' id='word_1_485' title='bbox 1234 3505 1501 3570; x_wconf 81' lang='grc' dir='ltr'>πέποιθας</span> <span class='ocrx_word' id='word_1_486' title='bbox 1531 3507 1616 3559; x_wconf 69' lang='grc' dir='ltr'><strong>ἐπ’</strong></span> <span class='ocrx_word' id='word_1_487' title='bbox 1659 3508 1746 3560; x_wconf 86' lang='grc' dir='ltr'>αύ-</span> 
     </span>
    </p>
   </div>
   <div class='ocr_carea' id='block_1_67' title="bbox 154 3591 1745 3668">
    <p class='ocr_par' dir='ltr' id='par_1_67' title="bbox 154 3591 1745 3668">
     <span class='ocr_line' id='line_1_67' title="bbox 154 3591 1745 3668; baseline 0.005 -26"><span class='ocrx_word' id='word_1_488' title='bbox 154 3591 254 3661; x_wconf 82' lang='grc' dir='ltr'>τῷ,</span> <span class='ocrx_word' id='word_1_489' title='bbox 309 3591 484 3658; x_wconf 84' lang='grc' dir='ltr'>λέγων</span> <span class='ocrx_word' id='word_1_490' title='bbox 509 3608 522 3621; x_wconf 82' lang='grc'><em>’</em></span> <span class='ocrx_word' id='word_1_491' title='bbox 553 3591 628 3643; x_wconf 59' lang='lat' dir='ltr'><strong>Ut}</strong></span> <span class='ocrx_word' id='word_1_492' title='bbox 663 3592 738 3663; x_wconf 83' lang='grc' dir='ltr'>μὴ</span> <span class='ocrx_word' id='word_1_493' title='bbox 785 3592 1063 3664; x_wconf 82' lang='grc' dir='ltr'>παραδοθῇ</span> <span class='ocrx_word' id='word_1_494' title='bbox 1103 3595 1461 3666; x_wconf 79' lang='grc' dir='ltr'>Ἰερουσαλὴμ</span> <span class='ocrx_word' id='word_1_495' title='bbox 1501 3598 1559 3648; x_wconf 80' lang='grc' dir='ltr'>ἐν</span> <span class='ocrx_word' id='word_1_496' title='bbox 1603 3597 1745 3668; x_wconf 81' lang='grc' dir='ltr'>χειρὶ</span> 
     </span>
    </p>
   </div>
   <div class='ocr_carea' id='block_1_68' title="bbox 157 3682 1744 3758">
    <p class='ocr_par' dir='ltr' id='par_1_68' title="bbox 157 3682 1744 3758">
     <span class='ocr_line' id='line_1_68' title="bbox 157 3682 1744 3758; baseline 0.004 -22"><span class='ocrx_word' id='word_1_497' title='bbox 157 3682 430 3752; x_wconf 80' lang='grc' dir='ltr'>βασιλέως</span> <span class='ocrx_word' id='word_1_498' title='bbox 486 3683 805 3752; x_wconf 83' lang='grc' dir='ltr'>Ἀσσυρίων.</span> <span class='ocrx_word' id='word_1_499' title='bbox 850 3685 922 3737; x_wconf 80' lang='grc' dir='ltr'><strong>Σὺ</strong></span> <span class='ocrx_word' id='word_1_500' title='bbox 965 3686 1066 3738; x_wconf 88' lang='grc' dir='ltr'><strong>ούκ</strong></span> <span class='ocrx_word' id='word_1_501' title='bbox 1116 3687 1357 3756; x_wconf 73' lang='grc' dir='ltr'>ἦκουσας</span> <span class='ocrx_word' id='word_1_502' title='bbox 1401 3687 1438 3740; x_wconf 80' lang='grc' dir='ltr'><strong>ἃ.</strong></span> <span class='ocrx_word' id='word_1_503' title='bbox 1480 3689 1744 3758; x_wconf 80' lang='grc' dir='ltr'>ὲποέησαν</span> 
     </span>
    </p>
   </div>
   <div class='ocr_carea' id='block_1_69' title="bbox 157 3775 1741 3848">
    <p class='ocr_par' dir='ltr' id='par_1_69' title="bbox 157 3775 1741 3848">
     <span class='ocr_line' id='line_1_69' title="bbox 157 3775 1741 3848; baseline 0.003 -20"><span class='ocrx_word' id='word_1_504' title='bbox 157 3775 404 3845; x_wconf 83' lang='grc' dir='ltr'>βασιλεῖς</span> <span class='ocrx_word' id='word_1_505' title='bbox 443 3775 784 3846; x_wconf 73' lang='grc' dir='ltr'>Ἀσσυρίωνς</span> <span class='ocrx_word' id='word_1_506' title='bbox 821 3777 1002 3830; x_wconf 83' lang='grc' dir='ltr'>Πᾶσαν</span> <span class='ocrx_word' id='word_1_507' title='bbox 1032 3777 1130 3848; x_wconf 82' lang='grc' dir='ltr'>τὴν</span> <span class='ocrx_word' id='word_1_508' title='bbox 1171 3778 1274 3848; x_wconf 83' lang='grc' dir='ltr'>γῆν</span> <span class='ocrx_word' id='word_1_509' title='bbox 1317 3779 1394 3842; x_wconf 85' lang='grc' dir='ltr'>ὠς</span> <span class='ocrx_word' id='word_1_510' title='bbox 1434 3778 1741 3843; x_wconf 84' lang='grc' dir='ltr'>ἀπώλεσαν,</span> 
     </span>
    </p>
   </div>
   <div class='ocr_carea' id='block_1_70' title="bbox 161 3862 1744 3936">
    <p class='ocr_par' dir='ltr' id='par_1_70' title="bbox 161 3862 1744 3936">
     <span class='ocr_line' id='line_1_70' title="bbox 161 3862 1744 3936; baseline 0.004 -20"><span class='ocrx_word' id='word_1_511' title='bbox 161 3865 257 3916; x_wconf 80' lang='grc' dir='ltr'>καὶ</span> <span class='ocrx_word' id='word_1_512' title='bbox 291 3864 358 3916; x_wconf 79' lang='grc' dir='ltr'><strong>σὺ</strong></span> <span class='ocrx_word' id='word_1_513' title='bbox 397 3862 681 3936; x_wconf 73' lang='grc' dir='ltr'>ρυσθήσῃς</span> <span class='ocrx_word' id='word_1_514' title='bbox 714 3864 806 3933; x_wconf 79' lang='grc' dir='ltr'><strong>Μὴ</strong></span> <span class='ocrx_word' id='word_1_515' title='bbox 849 3865 1149 3935; x_wconf 76' lang='grc' dir='ltr'>ἐρρύσαντο</span> <span class='ocrx_word' id='word_1_516' title='bbox 1178 3867 1376 3928; x_wconf 78' lang='grc' dir='ltr'>αὐτοὺς</span> <span class='ocrx_word' id='word_1_517' title='bbox 1420 3868 1468 3920; x_wconf 83' lang='grc' dir='ltr'>οἱ</span> <span class='ocrx_word' id='word_1_518' title='bbox 1501 3867 1610 3920; x_wconf 75' lang='grc' dir='ltr'>θεοὶ</span> <span class='ocrx_word' id='word_1_519' title='bbox 1637 3868 1744 3922; x_wconf 82' lang='grc' dir='ltr'>τῶν</span> 
     </span>
    </p>
   </div>
   <div class='ocr_carea' id='block_1_71' title="bbox 153 3951 1740 4027">
    <p class='ocr_par' dir='ltr' id='par_1_71' title="bbox 153 3951 1740 4027">
     <span class='ocr_line' id='line_1_71' title="bbox 153 3951 1740 4027; baseline 0.004 -23"><span class='ocrx_word' id='word_1_520' title='bbox 153 3953 352 4014; x_wconf 80' lang='grc' dir='ltr'>ἐθνῶν,</span> <span class='ocrx_word' id='word_1_521' title='bbox 381 3951 477 4015; x_wconf 84' lang='grc' dir='ltr'>οὓς</span> <span class='ocrx_word' id='word_1_522' title='bbox 502 3952 784 4006; x_wconf 78' lang='grc' dir='ltr'>ἀπώλεσαν</span> <span class='ocrx_word' id='word_1_523' title='bbox 813 3956 862 4006; x_wconf 88' lang='grc' dir='ltr'>οἱ</span> <span class='ocrx_word' id='word_1_524' title='bbox 888 3955 1124 4026; x_wconf 81' lang='grc' dir='ltr'>πατέρες</span> <span class='ocrx_word' id='word_1_525' title='bbox 1160 3973 1280 4026; x_wconf 90' lang='grc' dir='ltr'>μου,</span> <span class='ocrx_word' id='word_1_526' title='bbox 1311 3957 1411 4027; x_wconf 82' lang='grc' dir='ltr'>τήν</span> <span class='ocrx_word' id='word_1_527' title='bbox 1440 3975 1499 4010; x_wconf 89' lang='grc' dir='ltr'><strong>τε</strong></span> <span class='ocrx_word' id='word_1_528' title='bbox 1533 3959 1740 4022; x_wconf 84' lang='grc' dir='ltr'>Γωζάν,</span> 
     </span>
    </p>
   </div>
   <div class='ocr_carea' id='block_1_72' title="bbox 154 4042 1739 4119">
    <p class='ocr_par' dir='ltr' id='par_1_72' title="bbox 154 4042 1739 4119">
     <span class='ocr_line' id='line_1_72' title="bbox 154 4042 1739 4119; baseline 0.005 -25"><span class='ocrx_word' id='word_1_529' title='bbox 154 4045 250 4096; x_wconf 71' lang='grc' dir='ltr'>καὶ</span> <span class='ocrx_word' id='word_1_530' title='bbox 281 4042 532 4114; x_wconf 64' lang='grc' dir='ltr'>Κάρραν,</span> <span class='ocrx_word' id='word_1_531' title='bbox 565 4045 659 4096; x_wconf 77' lang='grc' dir='ltr'>καὶ</span> <span class='ocrx_word' id='word_1_532' title='bbox 703 4044 921 4111; x_wconf 84' lang='grc' dir='ltr'>Ῥαφὲθ,</span> <span class='ocrx_word' id='word_1_533' title='bbox 961 4045 1021 4097; x_wconf 82' lang='grc' dir='ltr'><strong>αἴ</strong></span> <span class='ocrx_word' id='word_1_534' title='bbox 1056 4047 1194 4098; x_wconf 86' lang='grc' dir='ltr'>είσιν</span> <span class='ocrx_word' id='word_1_535' title='bbox 1237 4048 1294 4098; x_wconf 85' lang='grc' dir='ltr'>ὲν</span> <span class='ocrx_word' id='word_1_536' title='bbox 1343 4046 1496 4118; x_wconf 80' lang='grc' dir='ltr'>χώρᾳ</span> <span class='ocrx_word' id='word_1_537' title='bbox 1517 4048 1739 4119; x_wconf 86' lang='grc' dir='ltr'>Θεμάθ;</span> 
     </span>
    </p>
   </div>
   <div class='ocr_carea' id='block_1_73' title="bbox 155 4133 1740 4208">
    <p class='ocr_par' dir='ltr' id='par_1_73' title="bbox 155 4133 1740 4208">
     <span class='ocr_line' id='line_1_73' title="bbox 155 4133 1740 4208; baseline 0.006 -23"><span class='ocrx_word' id='word_1_538' title='bbox 155 4134 264 4186; x_wconf 76' lang='grc' dir='ltr'>Ποῦ</span> <span class='ocrx_word' id='word_1_539' title='bbox 293 4137 432 4198; x_wconf 66' lang='grc' dir='ltr'>,εἰσι</span> <span class='ocrx_word' id='word_1_540' title='bbox 461 4133 696 4203; x_wconf 84' lang='grc' dir='ltr'>βασιλεῖς</span> <span class='ocrx_word' id='word_1_541' title='bbox 734 4135 905 4206; x_wconf 85' lang='grc' dir='ltr'>Ἐμάθ</span> <span class='ocrx_word' id='word_1_542' title='bbox 929 4153 944 4201; x_wconf 93' lang='grc'>;</span> <span class='ocrx_word' id='word_1_543' title='bbox 971 4137 1061 4189; x_wconf 73' lang='grc' dir='ltr'>καὶ</span> <span class='ocrx_word' id='word_1_544' title='bbox 1085 4137 1187 4192; x_wconf 82' lang='grc' dir='ltr'><strong>ποῦ</strong></span> <span class='ocrx_word' id='word_1_545' title='bbox 1227 4138 1466 4208; x_wconf 73' lang='grc' dir='ltr'>Ἀρφάθ;</span> <span class='ocrx_word' id='word_1_546' title='bbox 1515 4141 1606 4192; x_wconf 73' lang='grc' dir='ltr'>καὶ</span> <span class='ocrx_word' id='word_1_547' title='bbox 1638 4140 1740 4194; x_wconf 85' lang='grc' dir='ltr'><strong>ποῦ</strong></span> 
     </span>
    </p>
   </div>
   <div class='ocr_carea' id='block_1_74' title="bbox 151 4223 1742 4297">
    <p class='ocr_par' dir='ltr' id='par_1_74' title="bbox 151 4223 1742 4297">
     <span class='ocr_line' id='line_1_74' title="bbox 151 4223 1742 4297; baseline 0.006 -23"><span class='ocrx_word' id='word_1_548' title='bbox 151 4223 365 4285; x_wconf 73' lang='grc' dir='ltr'>πόλεως</span> <span class='ocrx_word' id='word_1_549' title='bbox 398 4223 795 4294; x_wconf 78' lang='grc' dir='ltr'>Ἐπφαρουαῒμ,</span> <span class='ocrx_word' id='word_1_550' title='bbox 834 4225 1200 4294; x_wconf 80' lang='grc' dir='ltr'>Ἀναγουγάνα</span> <span class='ocrx_word' id='word_1_551' title='bbox 1229 4225 1374 4297; x_wconf 78' lang='grc' dir='ltr'><strong>(Η);</strong></span> <span class='ocrx_word' id='word_1_552' title='bbox 1412 4229 1520 4282; x_wconf 78' lang='lat' dir='ltr'><strong>Kal</strong></span> <span class='ocrx_word' id='word_1_553' title='bbox 1552 4230 1742 4284; x_wconf 77' lang='grc' dir='ltr'>ἐλαϐεν</span> 
     </span>
    </p>
   </div>
   <div class='ocr_carea' id='block_1_75' title="bbox 161 4310 1742 4389">
    <p class='ocr_par' dir='ltr' id='par_1_75' title="bbox 161 4310 1742 4389">
     <span class='ocr_line' id='line_1_75' title="bbox 161 4310 1742 4389; baseline 0.005 -25"><span class='ocrx_word' id='word_1_554' title='bbox 161 4310 417 4375; x_wconf 77' lang='grc' dir='ltr'>Ἐζεκίας</span> <span class='ocrx_word' id='word_1_555' title='bbox 444 4312 505 4364; x_wconf 83' lang='grc' dir='ltr'>τὸ</span> <span class='ocrx_word' id='word_1_556' title='bbox 538 4311 738 4381; x_wconf 78' lang='grc' dir='ltr'>βιϐλίον</span> <span class='ocrx_word' id='word_1_557' title='bbox 772 4314 922 4384; x_wconf 85' lang='grc' dir='ltr'>παρὰ</span> <span class='ocrx_word' id='word_1_558' title='bbox 954 4315 1062 4367; x_wconf 84' lang='grc' dir='ltr'>τῶν</span> <span class='ocrx_word' id='word_1_559' title='bbox 1091 4317 1337 4383; x_wconf 79' lang='grc' dir='ltr'>ἀγγέλων</span> <span class='ocrx_word' id='word_1_560' title='bbox 1360 4357 1373 4377; x_wconf 88' lang='grc'><strong>,</strong></span> <span class='ocrx_word' id='word_1_561' title='bbox 1407 4319 1501 4371; x_wconf 75' lang='grc' dir='ltr'>καὶ</span> <span class='ocrx_word' id='word_1_562' title='bbox 1531 4319 1742 4389; x_wconf 86' lang='grc' dir='ltr'>ἀνέγνω</span> 
     </span>
    </p>
   </div>
   <div class='ocr_carea' id='block_1_76' title="bbox 149 4398 1739 4475">
    <p class='ocr_par' dir='ltr' id='par_1_76' title="bbox 149 4398 1739 4475">
     <span class='ocr_line' id='line_1_76' title="bbox 149 4398 1739 4475; baseline 0.007 -23"><span class='ocrx_word' id='word_1_563' title='bbox 149 4401 306 4462; x_wconf 61' lang='grc' dir='ltr'>αὐτὸ,</span> <span class='ocrx_word' id='word_1_564' title='bbox 337 4400 432 4453; x_wconf 76' lang='grc' dir='ltr'>καὶ</span> <span class='ocrx_word' id='word_1_565' title='bbox 459 4401 624 4471; x_wconf 76' lang='grc' dir='ltr'>ἀνέϐη</span> <span class='ocrx_word' id='word_1_566' title='bbox 662 4404 741 4464; x_wconf 77' lang='grc' dir='ltr'><strong>είς</strong></span> <span class='ocrx_word' id='word_1_567' title='bbox 779 4398 928 4455; x_wconf 86' lang='grc' dir='ltr'>οἷκον</span> <span class='ocrx_word' id='word_1_568' title='bbox 960 4404 1186 4475; x_wconf 78' lang='grc' dir='ltr'>Κυρίου,</span> <span class='ocrx_word' id='word_1_569' title='bbox 1216 4407 1310 4458; x_wconf 77' lang='grc' dir='ltr'>καὶ</span> <span class='ocrx_word' id='word_1_570' title='bbox 1349 4408 1557 4472; x_wconf 73' lang='grc' dir='ltr'>ἧνοιξεν</span> <span class='ocrx_word' id='word_1_571' title='bbox 1606 4410 1739 4463; x_wconf 80' lang='grc' dir='ltr'>αὐτὸ</span> 
     </span>
    </p>
   </div>
   <div class='ocr_carea' id='block_1_77' title="bbox 150 4492 1738 4570">
    <p class='ocr_par' dir='ltr' id='par_1_77' title="bbox 150 4492 1738 4570">
     <span class='ocr_line' id='line_1_77' title="bbox 150 4492 1738 4570; baseline 0.007 -29"><span class='ocrx_word' id='word_1_572' title='bbox 150 4492 392 4543; x_wconf 76' lang='grc' dir='ltr'>ἐναντίον</span> <span class='ocrx_word' id='word_1_573' title='bbox 422 4493 650 4564; x_wconf 80' lang='grc' dir='ltr'>Κυρίου.</span> <span class='ocrx_word' id='word_1_574' title='bbox 688 4496 795 4547; x_wconf 80' lang='lat' dir='ltr'><strong>Kal</strong></span> <span class='ocrx_word' id='word_1_575' title='bbox 824 4495 1166 4564; x_wconf 76' lang='grc' dir='ltr'>προσηύξατο</span> <span class='ocrx_word' id='word_1_576' title='bbox 1198 4495 1442 4560; x_wconf 79' lang='grc' dir='ltr'>Ἐζεκίας</span> <span class='ocrx_word' id='word_1_577' title='bbox 1465 4500 1600 4570; x_wconf 83' lang='grc' dir='ltr'>πρὸς</span> <span class='ocrx_word' id='word_1_578' title='bbox 1627 4500 1738 4552; x_wconf 83' lang='grc' dir='ltr'><strong>Κύ-</strong></span> 
     </span>
    </p>
   </div>
   <div class='ocr_carea' id='block_1_78' title="bbox 151 4583 1734 4664">
    <p class='ocr_par' dir='ltr' id='par_1_78' title="bbox 151 4583 1734 4664">
     <span class='ocr_line' id='line_1_78' title="bbox 151 4583 1734 4664; baseline 0.009 -32"><span class='ocrx_word' id='word_1_579' title='bbox 151 4599 264 4652; x_wconf 88' lang='grc' dir='ltr'>ριον</span> <span class='ocrx_word' id='word_1_580' title='bbox 292 4583 498 4649; x_wconf 80' lang='grc' dir='ltr'>λέγων’</span> <span class='ocrx_word' id='word_1_581' title='bbox 537 4583 738 4654; x_wconf 83' lang='grc' dir='ltr'>Κύριος</span> <span class='ocrx_word' id='word_1_582' title='bbox 767 4585 1012 4650; x_wconf 77' lang='grc' dir='ltr'>Σαὸαὼο,</span> <span class='ocrx_word' id='word_1_583' title='bbox 1041 4590 1069 4640; x_wconf 92' lang='lat'><strong>6</strong></span> <span class='ocrx_word' id='word_1_584' title='bbox 1099 4587 1230 4650; x_wconf 83' lang='grc' dir='ltr'>Θεὸς</span> <span class='ocrx_word' id='word_1_585' title='bbox 1273 4589 1549 4660; x_wconf 82' lang='grc' dir='ltr'>Ίσραὴλ,ὁ</span> <span class='ocrx_word' id='word_1_586' title='bbox 1568 4592 1734 4664; x_wconf 82' lang='grc' dir='ltr'>καθή-</span> 
     </span>
    </p>
   </div>
   <div class='ocr_carea' id='block_1_79' title="bbox 149 4672 1733 4752">
    <p class='ocr_par' dir='ltr' id='par_1_79' title="bbox 149 4672 1733 4752">
     <span class='ocr_line' id='line_1_79' title="bbox 149 4672 1733 4752; baseline 0.006 -29"><span class='ocrx_word' id='word_1_587' title='bbox 149 4689 313 4741; x_wconf 86' lang='grc' dir='ltr'>μενος</span> <span class='ocrx_word' id='word_1_588' title='bbox 346 4674 438 4724; x_wconf 77' lang='grc' dir='ltr'><strong>ἐπὶ</strong></span> <span class='ocrx_word' id='word_1_589' title='bbox 469 4672 576 4724; x_wconf 84' lang='grc' dir='ltr'><strong>τῶν</strong></span> <span class='ocrx_word' id='word_1_590' title='bbox 611 4674 892 4745; x_wconf 78' lang='grc' dir='ltr'>χερουϐίμ.</span> <span class='ocrx_word' id='word_1_591' title='bbox 921 4695 938 4726; x_wconf 74' lang='grc' dir='ltr'><strong>ι</strong></span> <span class='ocrx_word' id='word_1_592' title='bbox 990 4678 1047 4729; x_wconf 83' lang='lat'><strong>&#39;0</strong></span> <span class='ocrx_word' id='word_1_593' title='bbox 1071 4677 1127 4730; x_wconf 88' lang='grc' dir='ltr'><strong>δέ</strong></span> <span class='ocrx_word' id='word_1_594' title='bbox 1160 4695 1225 4744; x_wconf 86' lang='grc' dir='ltr'><strong>γε</strong></span> <span class='ocrx_word' id='word_1_595' title='bbox 1269 4679 1514 4743; x_wconf 74' lang='grc' dir='ltr'>Ἐζεκίας</span> <span class='ocrx_word' id='word_1_596' title='bbox 1545 4680 1733 4752; x_wconf 84' lang='grc' dir='ltr'>ὥσπερ</span> 
     </span>
    </p>
   </div>
   <div class='ocr_carea' id='block_1_80' title="bbox 145 4764 1724 4836">
    <p class='ocr_par' dir='ltr' id='par_1_80' title="bbox 145 4764 1724 4836">
     <span class='ocr_line' id='line_1_80' title="bbox 145 4764 1724 4836; baseline 0.006 -21"><span class='ocrx_word' id='word_1_597' title='bbox 145 4765 238 4815; x_wconf 77' lang='grc' dir='ltr'>καὶ</span> <span class='ocrx_word' id='word_1_598' title='bbox 264 4764 531 4832; x_wconf 81' lang='grc' dir='ltr'>πρότερον</span> <span class='ocrx_word' id='word_1_599' title='bbox 556 4764 780 4818; x_wconf 77' lang='grc' dir='ltr'>ἔσπευδε</span> <span class='ocrx_word' id='word_1_600' title='bbox 805 4767 899 4818; x_wconf 78' lang='grc' dir='ltr'>καὶ</span> <span class='ocrx_word' id='word_1_601' title='bbox 927 4767 1022 4820; x_wconf 87' lang='grc' dir='ltr'><strong>νῦν</strong></span> <span class='ocrx_word' id='word_1_602' title='bbox 1047 4769 1138 4820; x_wconf 71' lang='grc' dir='ltr'><strong>ἐπὶ</strong></span> <span class='ocrx_word' id='word_1_603' title='bbox 1164 4769 1255 4821; x_wconf 83' lang='grc' dir='ltr'>τὸν</span> <span class='ocrx_word' id='word_1_604' title='bbox 1277 4766 1424 4821; x_wconf 81' lang='grc' dir='ltr'>οἷκον</span> <span class='ocrx_word' id='word_1_605' title='bbox 1447 4770 1542 4823; x_wconf 86' lang='grc' dir='ltr'><strong>τοῦ</strong></span> <span class='ocrx_word' id='word_1_606' title='bbox 1565 4771 1724 4836; x_wconf 85' lang='grc' dir='ltr'>Θεοῦ,</span> 
     </span>
    </p>
   </div>
   <div class='ocr_carea' id='block_1_81' title="bbox 145 4855 1725 4932">
    <p class='ocr_par' dir='ltr' id='par_1_81' title="bbox 145 4855 1725 4932">
     <span class='ocr_line' id='line_1_81' title="bbox 145 4855 1725 4932; baseline 0.006 -26"><span class='ocrx_word' id='word_1_607' title='bbox 145 4856 238 4907; x_wconf 81' lang='grc' dir='ltr'>καὶ</span> <span class='ocrx_word' id='word_1_608' title='bbox 270 4855 426 4923; x_wconf 71' lang='grc' dir='ltr'>αὐτῷ</span> <span class='ocrx_word' id='word_1_609' title='bbox 469 4855 614 4924; x_wconf 80' lang='grc' dir='ltr'>μόνῳ</span> <span class='ocrx_word' id='word_1_610' title='bbox 648 4857 746 4927; x_wconf 73' lang='grc' dir='ltr'>τὴν</span> <span class='ocrx_word' id='word_1_611' title='bbox 779 4859 1063 4930; x_wconf 79' lang='grc' dir='ltr'>ἐπιστολὴν</span> <span class='ocrx_word' id='word_1_612' title='bbox 1095 4859 1302 4912; x_wconf 75' lang='grc' dir='ltr'>ἐδείκνυ</span> <span class='ocrx_word' id='word_1_613' title='bbox 1334 4861 1412 4931; x_wconf 82' lang='grc' dir='ltr'>τῷ</span> <span class='ocrx_word' id='word_1_614' title='bbox 1437 4862 1573 4932; x_wconf 71' lang='grc' dir='ltr'>Θεῷ.</span> <span class='ocrx_word' id='word_1_615' title='bbox 1610 4859 1725 4917; x_wconf 76' lang='grc' dir='ltr'><strong>ΕΙτ⁹</strong></span> 
     </span>
    </p>
   </div>
   <div class='ocr_carea' id='block_1_82' title="bbox 141 4945 1726 5020">
    <p class='ocr_par' dir='ltr' id='par_1_82' title="bbox 141 4945 1726 5020">
     <span class='ocr_line' id='line_1_82' title="bbox 141 4945 1726 5020; baseline 0.006 -25"><span class='ocrx_word' id='word_1_616' title='bbox 141 4945 354 5014; x_wconf 74' lang='grc' dir='ltr'>ἐπῆγεν</span> <span class='ocrx_word' id='word_1_617' title='bbox 396 4947 694 5016; x_wconf 81' lang='grc' dir='ltr'>ἱκετηρίαν,</span> <span class='ocrx_word' id='word_1_618' title='bbox 728 4949 817 5001; x_wconf 78' lang='grc' dir='ltr'><strong>διὰ</strong></span> <span class='ocrx_word' id='word_1_619' title='bbox 853 4950 1160 5020; x_wconf 84' lang='grc' dir='ltr'>προσευχῆς</span> <span class='ocrx_word' id='word_1_620' title='bbox 1196 4950 1354 5020; x_wconf 85' lang='grc' dir='ltr'>μόνον</span> <span class='ocrx_word' id='word_1_621' title='bbox 1391 4952 1552 5005; x_wconf 87' lang='grc' dir='ltr'>αὑτὸν</span> <span class='ocrx_word' id='word_1_622' title='bbox 1587 4949 1726 5008; x_wconf 75' lang='grc' dir='ltr'>εἶναι</span> 
     </span>
    </p>
   </div>
   <div class='ocr_carea' id='block_1_83' title="bbox 141 5035 963 5104">
    <p class='ocr_par' dir='ltr' id='par_1_83' title="bbox 141 5035 963 5104">
     <span class='ocr_line' id='line_1_83' title="bbox 141 5035 963 5104; baseline 0.006 -17"><span class='ocrx_word' id='word_1_623' title='bbox 141 5035 318 5104; x_wconf 72' lang='grc' dir='ltr'>λέγων</span> <span class='ocrx_word' id='word_1_624' title='bbox 348 5036 504 5099; x_wconf 85' lang='grc' dir='ltr'>Θεὸν,</span> <span class='ocrx_word' id='word_1_625' title='bbox 539 5038 630 5090; x_wconf 77' lang='grc' dir='ltr'><strong>καὶ</strong></span> <span class='ocrx_word' id='word_1_626' title='bbox 664 5039 763 5090; x_wconf 67' lang='grc' dir='ltr'>οὐκ</span> <span class='ocrx_word' id='word_1_627' title='bbox 788 5038 963 5092; x_wconf 78' lang='grc' dir='ltr'>ἄλλον.</span> 
     </span>
    </p>
   </div>
   <div class='ocr_carea' id='block_1_84' title="bbox 215 5125 1723 5204">
    <p class='ocr_par' dir='ltr' id='par_1_84' title="bbox 215 5125 1723 5204">
     <span class='ocr_line' id='line_1_84' title="bbox 215 5125 1723 5204; baseline 0.004 -24"><span class='ocrx_word' id='word_1_628' title='bbox 215 5151 235 5180; x_wconf 75' lang='grc' dir='ltr'><strong>ι</strong></span> <span class='ocrx_word' id='word_1_629' title='bbox 263 5131 338 5182; x_wconf 82' lang='grc' dir='ltr'><strong>Σὺ</strong></span> <span class='ocrx_word' id='word_1_630' title='bbox 379 5125 432 5181; x_wconf 78' lang='grc' dir='ltr'>εἷ</span> <span class='ocrx_word' id='word_1_631' title='bbox 461 5130 491 5180; x_wconf 95' lang='lat'><strong>6</strong></span> <span class='ocrx_word' id='word_1_632' title='bbox 522 5129 650 5192; x_wconf 80' lang='grc' dir='ltr'>Θεὸς</span> <span class='ocrx_word' id='word_1_633' title='bbox 688 5130 846 5199; x_wconf 87' lang='grc' dir='ltr'>μόνος</span> <span class='ocrx_word' id='word_1_634' title='bbox 878 5131 1058 5203; x_wconf 77' lang='grc' dir='ltr'>πάσης</span> <span class='ocrx_word' id='word_1_635' title='bbox 1107 5131 1385 5201; x_wconf 85' lang='grc' dir='ltr'>βασιλείας</span> <span class='ocrx_word' id='word_1_636' title='bbox 1414 5135 1514 5204; x_wconf 82' lang='grc' dir='ltr'>τῆς</span> <span class='ocrx_word' id='word_1_637' title='bbox 1545 5135 1723 5188; x_wconf 81' lang='grc' dir='ltr'>οἰκου-</span> 
     </span>
    </p>
   </div>
   <div class='ocr_carea' id='block_1_85' title="bbox 142 5221 1723 5295">
    <p class='ocr_par' dir='ltr' id='par_1_85' title="bbox 142 5221 1723 5295">
     <span class='ocr_line' id='line_1_85' title="bbox 142 5221 1723 5295; baseline 0.003 -20"><span class='ocrx_word' id='word_1_638' title='bbox 142 5223 345 5292; x_wconf 72' lang='grc' dir='ltr'>μένης·</span> <span class='ocrx_word' id='word_1_639' title='bbox 386 5223 451 5274; x_wconf 78' lang='grc' dir='ltr'>σὺ</span> <span class='ocrx_word' id='word_1_640' title='bbox 483 5221 742 5291; x_wconf 71' lang='grc' dir='ltr'>ἐποίησας</span> <span class='ocrx_word' id='word_1_641' title='bbox 774 5223 864 5274; x_wconf 86' lang='grc' dir='ltr'>τὸν</span> <span class='ocrx_word' id='word_1_642' title='bbox 895 5223 1124 5293; x_wconf 77' lang='grc' dir='ltr'>οὐρανὸν</span> <span class='ocrx_word' id='word_1_643' title='bbox 1171 5224 1264 5277; x_wconf 78' lang='grc' dir='ltr'>καὶ</span> <span class='ocrx_word' id='word_1_644' title='bbox 1299 5225 1398 5295; x_wconf 82' lang='grc' dir='ltr'>τὴν</span> <span class='ocrx_word' id='word_1_645' title='bbox 1438 5225 1559 5294; x_wconf 78' lang='grc' dir='ltr'>γῆν.</span> <span class='ocrx_word' id='word_1_646' title='bbox 1593 5226 1723 5280; x_wconf 83' lang='grc' dir='ltr'><strong>Κλῐ-</strong></span> 
     </span>
    </p>
   </div>
   <div class='ocr_carea' id='block_1_86' title="bbox 138 5309 1716 5385">
    <p class='ocr_par' dir='ltr' id='par_1_86' title="bbox 138 5309 1716 5385">
     <span class='ocr_line' id='line_1_86' title="bbox 138 5309 1716 5385; baseline 0.003 -20"><span class='ocrx_word' id='word_1_647' title='bbox 138 5329 247 5373; x_wconf 87' lang='grc' dir='ltr'>νον,</span> <span class='ocrx_word' id='word_1_648' title='bbox 282 5311 480 5381; x_wconf 80' lang='grc' dir='ltr'>Κύριε,</span> <span class='ocrx_word' id='word_1_649' title='bbox 502 5312 562 5378; x_wconf 84' lang='grc' dir='ltr'>τὸ</span> <span class='ocrx_word' id='word_1_650' title='bbox 595 5309 687 5374; x_wconf 75' lang='grc' dir='ltr'>οὖς</span> <span class='ocrx_word' id='word_1_651' title='bbox 717 5329 839 5365; x_wconf 74' lang='grc' dir='ltr'>σουο</span> <span class='ocrx_word' id='word_1_652' title='bbox 872 5313 1209 5377; x_wconf 75' lang='grc' dir='ltr'>εἰσάκουσον,</span> <span class='ocrx_word' id='word_1_653' title='bbox 1247 5314 1448 5385; x_wconf 84' lang='grc' dir='ltr'>Κύριε·</span> <span class='ocrx_word' id='word_1_654' title='bbox 1484 5315 1716 5382; x_wconf 77' lang='grc' dir='ltr'>ἄνοιξον,</span> 
     </span>
    </p>
   </div>
   <div class='ocr_carea' id='block_1_87' title="bbox 142 5401 1719 5475">
    <p class='ocr_par' dir='ltr' id='par_1_87' title="bbox 142 5401 1719 5475">
     <span class='ocr_line' id='line_1_87' title="bbox 142 5401 1719 5475; baseline 0.004 -23"><span class='ocrx_word' id='word_1_655' title='bbox 142 5401 338 5471; x_wconf 85' lang='grc' dir='ltr'>Κύριε,</span> <span class='ocrx_word' id='word_1_656' title='bbox 387 5403 514 5463; x_wconf 79' lang='grc' dir='ltr'>τοὺς</span> <span class='ocrx_word' id='word_1_657' title='bbox 568 5401 876 5473; x_wconf 73' lang='grc' dir='ltr'>ὀφθαλμούς</span> <span class='ocrx_word' id='word_1_658' title='bbox 910 5420 1023 5456; x_wconf 86' lang='grc' dir='ltr'>σου·</span> <span class='ocrx_word' id='word_1_659' title='bbox 1065 5405 1363 5473; x_wconf 75' lang='grc' dir='ltr'>εἷσϐλεψον,</span> <span class='ocrx_word' id='word_1_660' title='bbox 1401 5405 1590 5475; x_wconf 81' lang='grc' dir='ltr'>Κύριε,</span> <span class='ocrx_word' id='word_1_661' title='bbox 1627 5408 1719 5459; x_wconf 78' lang='grc' dir='ltr'>καὶ</span> 
     </span>
    </p>
   </div>
   <div class='ocr_carea' id='block_1_88' title="bbox 141 5490 1720 5564">
    <p class='ocr_par' dir='ltr' id='par_1_88' title="bbox 141 5490 1720 5564">
     <span class='ocr_line' id='line_1_88' title="bbox 141 5490 1720 5564; baseline 0.003 -22"><span class='ocrx_word' id='word_1_662' title='bbox 141 5492 214 5544; x_wconf 72' lang='grc' dir='ltr'><strong>ἰδὲ</strong></span> <span class='ocrx_word' id='word_1_663' title='bbox 253 5492 381 5553; x_wconf 70' lang='grc' dir='ltr'>τοὺς</span> <span class='ocrx_word' id='word_1_664' title='bbox 413 5490 603 5557; x_wconf 74' lang='grc' dir='ltr'>λόγους</span> <span class='ocrx_word' id='word_1_665' title='bbox 632 5493 1022 5564; x_wconf 81' lang='grc' dir='ltr'>Σενναχηρεὶμ,</span> <span class='ocrx_word' id='word_1_666' title='bbox 1059 5492 1151 5555; x_wconf 77' lang='grc' dir='ltr'><strong>οὒς</strong></span> <span class='ocrx_word' id='word_1_667' title='bbox 1180 5493 1495 5546; x_wconf 85' lang='grc' dir='ltr'>ἀπέστειλεν</span> <span class='ocrx_word' id='word_1_668' title='bbox 1531 5495 1720 5547; x_wconf 77' lang='grc' dir='ltr'>ὀνειδί-</span> 
     </span>
    </p>
   </div>
   <div class='ocr_carea' id='block_1_89' title="bbox 139 5580 1718 5656">
    <p class='ocr_par' dir='ltr' id='par_1_89' title="bbox 139 5580 1718 5656">
     <span class='ocr_line' id='line_1_89' title="bbox 139 5580 1718 5656; baseline 0.003 -23"><span class='ocrx_word' id='word_1_669' title='bbox 139 5582 254 5644; x_wconf 76' lang='grc' dir='ltr'>ζειν</span> <span class='ocrx_word' id='word_1_670' title='bbox 281 5580 416 5633; x_wconf 80' lang='grc' dir='ltr'>Θεὸν</span> <span class='ocrx_word' id='word_1_671' title='bbox 451 5580 646 5644; x_wconf 78' lang='grc' dir='ltr'>ζῶντα.</span> <span class='ocrx_word' id='word_1_672' title='bbox 696 5581 812 5636; x_wconf 81' lang='grc' dir='ltr'><strong>Ἐπ’</strong></span> <span class='ocrx_word' id='word_1_673' title='bbox 841 5583 1096 5654; x_wconf 72' lang='grc' dir='ltr'>ἀληθείας</span> <span class='ocrx_word' id='word_1_674' title='bbox 1124 5583 1252 5654; x_wconf 78' lang='grc' dir='ltr'>γὰρ,</span> <span class='ocrx_word' id='word_1_675' title='bbox 1284 5584 1473 5653; x_wconf 85' lang='grc' dir='ltr'>Κύριε,</span> <span class='ocrx_word' id='word_1_676' title='bbox 1503 5586 1718 5656; x_wconf 81' lang='grc' dir='ltr'>ἠρήμω-</span> 
     </span>
    </p>
   </div>
   <div class='ocr_carea' id='block_1_90' title="bbox 178 5713 1754 5795">
    <p class='ocr_par' dir='ltr' id='par_1_90' title="bbox 178 5713 1754 5795">
     <span class='ocr_line' id='line_1_90' title="bbox 178 5713 1754 5795; baseline 0.008 -30"><span class='ocrx_word' id='word_1_677' title='bbox 178 5713 452 5795; x_wconf 50' lang='lat' dir='ltr'><strong>_(61)_Sic</strong></span> <span class='ocrx_word' id='word_1_678' title='bbox 494 5714 936 5795; x_wconf 38' lang='grc' dir='ltr'><strong>ρωποι-(ἔω)ςί</strong></span> <span class='ocrx_word' id='word_1_679' title='bbox 996 5722 1360 5790; x_wconf 70' lang='grc' dir='ltr'>ἀναγουγάνα,</span> <span class='ocrx_word' id='word_1_680' title='bbox 1417 5741 1754 5795; x_wconf 79' lang='lat' dir='ltr'><strong>nnaguguua.</strong></span> 
     </span>
    </p>
   </div>
   <div class='ocr_carea' id='block_1_91' title="bbox 143 5785 850 5851">
    <p class='ocr_par' dir='ltr' id='par_1_91' title="bbox 143 5785 850 5851">
     <span class='ocr_line' id='line_1_91' title="bbox 143 5785 850 5851; baseline 0.007 -13"><span class='ocrx_word' id='word_1_681' title='bbox 143 5786 224 5839; x_wconf 74' lang='lat' dir='ltr'><strong>sic</strong></span> <span class='ocrx_word' id='word_1_682' title='bbox 251 5785 441 5851; x_wconf 78' lang='lat' dir='ltr'><strong>habet,</strong></span> <span class='ocrx_word' id='word_1_683' title='bbox 479 5785 616 5851; x_wconf 79' lang='lat' dir='ltr'><strong>Ana,</strong></span> <span class='ocrx_word' id='word_1_684' title='bbox 649 5795 700 5841; x_wconf 75' lang='lat' dir='ltr'><strong>et</strong></span> <span class='ocrx_word' id='word_1_685' title='bbox 724 5789 850 5843; x_wconf 82' lang='grc' dir='ltr'>Αυα.</span> 
     </span>
    </p>
   </div>
   <div class='ocr_carea' id='block_1_92' title="bbox 1848 3305 3410 3362">
    <p class='ocr_par' dir='ltr' id='par_1_92' title="bbox 1848 3305 3410 3362">
     <span class='ocr_line' id='line_1_92' title="bbox 1848 3305 3410 3362; baseline 0.001 -2"><span class='ocrx_word' id='word_1_686' title='bbox 1848 3322 1969 3360; x_wconf 89' lang='lat' dir='ltr'><strong>eum</strong></span> <span class='ocrx_word' id='word_1_687' title='bbox 1999 3327 2011 3360; x_wconf 90' lang='lat'><strong>:</strong></span> <span class='ocrx_word' id='word_1_688' title='bbox 2049 3315 2104 3359; x_wconf 92' lang='lat' dir='ltr'><strong>et</strong></span> <span class='ocrx_word' id='word_1_689' title='bbox 2133 3305 2360 3361; x_wconf 89' lang='lat' dir='ltr'><strong>audiens</strong></span> <span class='ocrx_word' id='word_1_690' title='bbox 2397 3321 2646 3360; x_wconf 87' lang='lat' dir='ltr'><strong>reversus</strong></span> <span class='ocrx_word' id='word_1_691' title='bbox 2680 3316 2781 3360; x_wconf 90' lang='lat' dir='ltr'><strong>est.</strong></span> <span class='ocrx_word' id='word_1_692' title='bbox 2823 3306 2887 3360; x_wconf 85' lang='lat' dir='ltr'><strong>Et</strong></span> <span class='ocrx_word' id='word_1_693' title='bbox 2917 3307 3066 3362; x_wconf 88' lang='lat' dir='ltr'><strong>misit</strong></span> <span class='ocrx_word' id='word_1_694' title='bbox 3097 3307 3316 3362; x_wconf 88' lang='lat' dir='ltr'><strong>nuntios</strong></span> <span class='ocrx_word' id='word_1_695' title='bbox 3343 3310 3410 3361; x_wconf 86' lang='lat' dir='ltr'><strong>ad</strong></span> 
     </span>
    </p>
   </div>
   <div class='ocr_carea' id='block_1_93' title="bbox 1846 3396 3423 3468">
    <p class='ocr_par' dir='ltr' id='par_1_93' title="bbox 1846 3396 3423 3468">
     <span class='ocr_line' id='line_1_93' title="bbox 1846 3396 3423 3468; baseline 0.001 -16"><span class='ocrx_word' id='word_1_696' title='bbox 1846 3399 2134 3453; x_wconf 84' lang='lat' dir='ltr'><strong>Ezechiam</strong></span> <span class='ocrx_word' id='word_1_697' title='bbox 2166 3399 2353 3452; x_wconf 88' lang='lat' dir='ltr'><strong>dicens</strong></span> <span class='ocrx_word' id='word_1_698' title='bbox 2384 3415 2397 3452; x_wconf 91' lang='lat'><strong>:</strong></span> <span class='ocrx_word' id='word_1_699' title='bbox 2435 3397 2527 3452; x_wconf 88' lang='lat' dir='ltr'><strong>Sic</strong></span> <span class='ocrx_word' id='word_1_700' title='bbox 2553 3397 2747 3453; x_wconf 89' lang='lat' dir='ltr'><strong>dicetis</strong></span> <span class='ocrx_word' id='word_1_701' title='bbox 2783 3397 3028 3453; x_wconf 67' lang='lat' dir='ltr'><strong>Ezechiae</strong></span> <span class='ocrx_word' id='word_1_702' title='bbox 3054 3399 3165 3468; x_wconf 73' lang='lat' dir='ltr'><strong>regi</strong></span> <span class='ocrx_word' id='word_1_703' title='bbox 3195 3396 3423 3453; x_wconf 63' lang='lat' dir='ltr'><strong>Iudaea:</strong></span> 
     </span>
    </p>
   </div>
   <div class='ocr_carea' id='block_1_94' title="bbox 1847 3488 3425 3559">
    <p class='ocr_par' dir='ltr' id='par_1_94' title="bbox 1847 3488 3425 3559">
     <span class='ocr_line' id='line_1_94' title="bbox 1847 3488 3425 3559; baseline 0 -15"><span class='ocrx_word' id='word_1_704' title='bbox 1847 3489 1963 3544; x_wconf 89' lang='lat' dir='ltr'><strong>Non</strong></span> <span class='ocrx_word' id='word_1_705' title='bbox 2001 3500 2052 3545; x_wconf 87' lang='lat' dir='ltr'><strong>te</strong></span> <span class='ocrx_word' id='word_1_706' title='bbox 2091 3489 2327 3559; x_wconf 86' lang='lat' dir='ltr'><strong>decipiat</strong></span> <span class='ocrx_word' id='word_1_707' title='bbox 2367 3488 2512 3543; x_wconf 89' lang='lat' dir='ltr'><strong>Deus</strong></span> <span class='ocrx_word' id='word_1_708' title='bbox 2546 3499 2693 3554; x_wconf 89' lang='lat' dir='ltr'><strong>tuus,</strong></span> <span class='ocrx_word' id='word_1_709' title='bbox 2735 3490 2821 3544; x_wconf 89' lang='lat' dir='ltr'><strong>cui</strong></span> <span class='ocrx_word' id='word_1_710' title='bbox 2874 3491 3139 3554; x_wconf 78' lang='lat' dir='ltr'><strong>conﬁdis,</strong></span> <span class='ocrx_word' id='word_1_711' title='bbox 3183 3491 3373 3545; x_wconf 86' lang='lat' dir='ltr'><strong>dicens</strong></span> <span class='ocrx_word' id='word_1_712' title='bbox 3411 3509 3425 3544; x_wconf 88' lang='lat'><strong>:</strong></span> 
     </span>
    </p>
   </div>
   <div class='ocr_carea' id='block_1_95' title="bbox 1846 3579 3429 3654">
    <p class='ocr_par' dir='ltr' id='par_1_95' title="bbox 1846 3579 3429 3654">
     <span class='ocr_line' id='line_1_95' title="bbox 1846 3579 3429 3654; baseline 0.001 -20"><span class='ocrx_word' id='word_1_713' title='bbox 1846 3579 1963 3634; x_wconf 88' lang='lat' dir='ltr'><strong>Non</strong></span> <span class='ocrx_word' id='word_1_714' title='bbox 1999 3580 2245 3635; x_wconf 85' lang='lat' dir='ltr'><strong>tradetur</strong></span> <span class='ocrx_word' id='word_1_715' title='bbox 2283 3579 2586 3636; x_wconf 75' lang='lat' dir='ltr'><strong>Jerusalem</strong></span> <span class='ocrx_word' id='word_1_716' title='bbox 2627 3581 2682 3634; x_wconf 92' lang='lat' dir='ltr'><strong>in</strong></span> <span class='ocrx_word' id='word_1_717' title='bbox 2725 3596 2942 3654; x_wconf 83' lang='lat' dir='ltr'><strong>manum</strong></span> <span class='ocrx_word' id='word_1_718' title='bbox 2988 3583 3132 3651; x_wconf 75' lang='lat' dir='ltr'><strong>regis</strong></span> <span class='ocrx_word' id='word_1_719' title='bbox 3167 3584 3429 3654; x_wconf 80' lang='lat' dir='ltr'><strong>Assyrio-</strong></span> 
     </span>
    </p>
   </div>
   <div class='ocr_carea' id='block_1_96' title="bbox 1848 3651 3427 3744">
    <p class='ocr_par' dir='ltr' id='par_1_96' title="bbox 1848 3651 3427 3744">
     <span class='ocr_line' id='line_1_96' title="bbox 1848 3651 3427 3744; baseline 0.002 -19"><span class='ocrx_word' id='word_1_720' title='bbox 1848 3687 1989 3725; x_wconf 85' lang='lat' dir='ltr'><strong>rum.</strong></span> <span class='ocrx_word' id='word_1_721' title='bbox 2033 3672 2114 3725; x_wconf 88' lang='lat' dir='ltr'><strong>Tu</strong></span> <span class='ocrx_word' id='word_1_722' title='bbox 2151 3687 2256 3724; x_wconf 90' lang='lat' dir='ltr'><strong>non</strong></span> <span class='ocrx_word' id='word_1_723' title='bbox 2300 3672 2560 3727; x_wconf 83' lang='lat' dir='ltr'><strong>audivisti</strong></span> <span class='ocrx_word' id='word_1_724' title='bbox 2602 3686 2724 3741; x_wconf 78' lang='lat' dir='ltr'><strong>qua:</strong></span> <span class='ocrx_word' id='word_1_725' title='bbox 2759 3651 3016 3726; x_wconf 54' lang='lat' dir='ltr'><strong>&#39;fecerunt</strong></span> <span class='ocrx_word' id='word_1_726' title='bbox 3059 3689 3216 3744; x_wconf 75' lang='lat' dir='ltr'><strong>reges</strong></span> <span class='ocrx_word' id='word_1_727' title='bbox 3259 3651 3427 3744; x_wconf 52' lang='lat' dir='ltr'><strong>Assy-</strong></span> 
     </span>
    </p>
   </div>
   <div class='ocr_carea' id='block_1_97' title="bbox 1847 3763 3424 3833">
    <p class='ocr_par' dir='ltr' id='par_1_97' title="bbox 1847 3763 3424 3833">
     <span class='ocr_line' id='line_1_97' title="bbox 1847 3763 3424 3833; baseline 0.001 -17"><span class='ocrx_word' id='word_1_728' title='bbox 1847 3764 2097 3817; x_wconf 85' lang='lat' dir='ltr'><strong>riorum?</strong></span> <span class='ocrx_word' id='word_1_729' title='bbox 2139 3763 2426 3829; x_wconf 79' lang='lat' dir='ltr'><strong>Quomodo</strong></span> <span class='ocrx_word' id='word_1_730' title='bbox 2454 3776 2656 3817; x_wconf 88' lang='lat' dir='ltr'><strong>terram</strong></span> <span class='ocrx_word' id='word_1_731' title='bbox 2685 3778 2902 3818; x_wconf 89' lang='lat' dir='ltr'><strong>omnem</strong></span> <span class='ocrx_word' id='word_1_732' title='bbox 2935 3764 3288 3833; x_wconf 87' lang='lat' dir='ltr'><strong>perdiderunt</strong></span> <span class='ocrx_word' id='word_1_733' title='bbox 3307 3806 3324 3826; x_wconf 84' lang='lat'><strong>,</strong></span> <span class='ocrx_word' id='word_1_734' title='bbox 3368 3779 3424 3820; x_wconf 88' lang='lat' dir='ltr'><strong>et</strong></span> 
     </span>
    </p>
   </div>
   <div class='ocr_carea' id='block_1_98' title="bbox 1847 3853 3427 3925">
    <p class='ocr_par' dir='ltr' id='par_1_98' title="bbox 1847 3853 3427 3925">
     <span class='ocr_line' id='line_1_98' title="bbox 1847 3853 3427 3925; baseline 0.003 -18"><span class='ocrx_word' id='word_1_735' title='bbox 1847 3865 1900 3908; x_wconf 88' lang='lat' dir='ltr'><strong>ttt</strong></span> <span class='ocrx_word' id='word_1_736' title='bbox 1951 3855 2209 3909; x_wconf 88' lang='lat' dir='ltr'><strong>erueris?</strong></span> <span class='ocrx_word' id='word_1_737' title='bbox 2256 3853 2392 3908; x_wconf 84' lang='lat' dir='ltr'><strong>Num</strong></span> <span class='ocrx_word' id='word_1_738' title='bbox 2428 3865 2692 3910; x_wconf 89' lang='lat' dir='ltr'><strong>erueruut</strong></span> <span class='ocrx_word' id='word_1_739' title='bbox 2725 3870 2819 3909; x_wconf 90' lang='lat' dir='ltr'><strong>eos</strong></span> <span class='ocrx_word' id='word_1_740' title='bbox 2861 3857 2933 3910; x_wconf 89' lang='lat' dir='ltr'><strong>dii</strong></span> <span class='ocrx_word' id='word_1_741' title='bbox 2979 3856 3246 3924; x_wconf 79' lang='lat' dir='ltr'><strong>gentium,</strong></span> <span class='ocrx_word' id='word_1_742' title='bbox 3289 3872 3427 3925; x_wconf 85' lang='lat' dir='ltr'><strong>quos</strong></span> 
     </span>
    </p>
   </div>
   <div class='ocr_carea' id='block_1_99' title="bbox 1845 3941 3428 4012">
    <p class='ocr_par' dir='ltr' id='par_1_99' title="bbox 1845 3941 3428 4012">
     <span class='ocr_line' id='line_1_99' title="bbox 1845 3941 3428 4012; baseline 0.003 -18"><span class='ocrx_word' id='word_1_743' title='bbox 1845 3943 2192 4010; x_wconf 84' lang='lat' dir='ltr'><strong>perdiderunt</strong></span> <span class='ocrx_word' id='word_1_744' title='bbox 2219 3951 2401 4012; x_wconf 83' lang='lat' dir='ltr'><strong>patres</strong></span> <span class='ocrx_word' id='word_1_745' title='bbox 2429 3943 2557 4009; x_wconf 87' lang='lat' dir='ltr'><strong>mei,</strong></span> <span class='ocrx_word' id='word_1_746' title='bbox 2597 3941 2808 4006; x_wconf 83' lang='lat' dir='ltr'><strong>Gozan,</strong></span> <span class='ocrx_word' id='word_1_747' title='bbox 2843 3954 2898 3997; x_wconf 92' lang='lat' dir='ltr'><strong>et</strong></span> <span class='ocrx_word' id='word_1_748' title='bbox 2928 3941 3200 4006; x_wconf 84' lang='lat' dir='ltr'><strong>Cbarran,</strong></span> <span class='ocrx_word' id='word_1_749' title='bbox 3235 3955 3290 3998; x_wconf 89' lang='lat' dir='ltr'><strong>et</strong></span> <span class='ocrx_word' id='word_1_750' title='bbox 3318 3942 3428 3997; x_wconf 81' lang='lat' dir='ltr'><strong>Ra-</strong></span> 
     </span>
    </p>
   </div>
   <div class='ocr_carea' id='block_1_100' title="bbox 1843 4033 3428 4102">
    <p class='ocr_par' dir='ltr' id='par_1_100' title="bbox 1843 4033 3428 4102">
     <span class='ocr_line' id='line_1_100' title="bbox 1843 4033 3428 4102; baseline 0.003 -16"><span class='ocrx_word' id='word_1_751' title='bbox 1843 4033 2034 4101; x_wconf 82' lang='lat' dir='ltr'><strong>plteth,</strong></span> <span class='ocrx_word' id='word_1_752' title='bbox 2069 4048 2190 4102; x_wconf 74' lang='lat' dir='ltr'><strong>qua:</strong></span> <span class='ocrx_word' id='word_1_753' title='bbox 2244 4043 2374 4087; x_wconf 90' lang='lat' dir='ltr'><strong>sunt</strong></span> <span class='ocrx_word' id='word_1_754' title='bbox 2417 4035 2468 4086; x_wconf 89' lang='lat' dir='ltr'><strong>iu</strong></span> <span class='ocrx_word' id='word_1_755' title='bbox 2517 4035 2736 4102; x_wconf 80' lang='lat' dir='ltr'><strong>regione</strong></span> <span class='ocrx_word' id='word_1_756' title='bbox 2781 4034 3098 4090; x_wconf 80' lang='lat' dir='ltr'><strong>Themath</strong></span> <span class='ocrx_word' id='word_1_757' title='bbox 3151 4033 3252 4092; x_wconf 85' lang='lat' dir='ltr'><strong>Ubi</strong></span> <span class='ocrx_word' id='word_1_758' title='bbox 3299 4047 3428 4091; x_wconf 88' lang='lat' dir='ltr'><strong>sunt</strong></span> 
     </span>
    </p>
   </div>
   <div class='ocr_carea' id='block_1_101' title="bbox 1844 4111 3427 4194">
    <p class='ocr_par' dir='ltr' id='par_1_101' title="bbox 1844 4111 3427 4194">
     <span class='ocr_line' id='line_1_101' title="bbox 1844 4111 3427 4194; baseline 0.001 -18"><span class='ocrx_word' id='word_1_759' title='bbox 1844 4136 1999 4190; x_wconf 77' lang='lat' dir='ltr'><strong>reges</strong></span> <span class='ocrx_word' id='word_1_760' title='bbox 2029 4122 2263 4176; x_wconf 86' lang='lat' dir='ltr'><strong>Ematlt?</strong></span> <span class='ocrx_word' id='word_1_761' title='bbox 2292 4131 2346 4176; x_wconf 93' lang='lat' dir='ltr'><strong>et</strong></span> <span class='ocrx_word' id='word_1_762' title='bbox 2373 4121 2460 4175; x_wconf 84' lang='lat' dir='ltr'><strong>ubi</strong></span> <span class='ocrx_word' id='word_1_763' title='bbox 2496 4123 2739 4190; x_wconf 79' lang='lat' dir='ltr'><strong>Arphath</strong></span> <span class='ocrx_word' id='word_1_764' title='bbox 2761 4123 2786 4178; x_wconf 68' lang='grc' dir='ltr'><strong>ἲ</strong></span> <span class='ocrx_word' id='word_1_765' title='bbox 2809 4111 3152 4180; x_wconf 78' lang='lat' dir='ltr'><strong>ubicivitatis</strong></span> <span class='ocrx_word' id='word_1_766' title='bbox 3181 4123 3427 4194; x_wconf 84' lang='lat' dir='ltr'><strong>Epphar-</strong></span> 
     </span>
    </p>
   </div>
   <div class='ocr_carea' id='block_1_102' title="bbox 1843 4213 3419 4285">
    <p class='ocr_par' dir='ltr' id='par_1_102' title="bbox 1843 4213 3419 4285">
     <span class='ocr_line' id='line_1_102' title="bbox 1843 4213 3419 4285; baseline 0.004 -19"><span class='ocrx_word' id='word_1_767' title='bbox 1843 4215 2017 4278; x_wconf 87' lang='lat' dir='ltr'><strong>vaim,</strong></span> <span class='ocrx_word' id='word_1_768' title='bbox 2063 4216 2431 4285; x_wconf 79' lang='lat' dir='ltr'><strong>Auagugaua?</strong></span> <span class='ocrx_word' id='word_1_769' title='bbox 2465 4213 2528 4267; x_wconf 86' lang='lat' dir='ltr'><strong>Et</strong></span> <span class='ocrx_word' id='word_1_770' title='bbox 2568 4216 2798 4284; x_wconf 87' lang='lat' dir='ltr'><strong>sumpsit</strong></span> <span class='ocrx_word' id='word_1_771' title='bbox 2829 4215 3091 4271; x_wconf 80' lang='lat' dir='ltr'><strong>Ezechias</strong></span> <span class='ocrx_word' id='word_1_772' title='bbox 3132 4219 3335 4273; x_wconf 89' lang='lat' dir='ltr'><strong>librum</strong></span> <span class='ocrx_word' id='word_1_773' title='bbox 3388 4236 3419 4272; x_wconf 86' lang='lat' dir='ltr'><strong>a</strong></span> 
     </span>
    </p>
   </div>
   <div class='ocr_carea' id='block_1_103' title="bbox 1844 4303 3424 4374">
    <p class='ocr_par' dir='ltr' id='par_1_103' title="bbox 1844 4303 3424 4374">
     <span class='ocr_line' id='line_1_103' title="bbox 1844 4303 3424 4374; baseline 0.003 -17"><span class='ocrx_word' id='word_1_774' title='bbox 1844 4304 2080 4367; x_wconf 89' lang='lat' dir='ltr'><strong>nuntiis,</strong></span> <span class='ocrx_word' id='word_1_775' title='bbox 2114 4312 2167 4358; x_wconf 90' lang='lat' dir='ltr'><strong>et</strong></span> <span class='ocrx_word' id='word_1_776' title='bbox 2196 4303 2326 4374; x_wconf 79' lang='lat' dir='ltr'><strong>legit</strong></span> <span class='ocrx_word' id='word_1_777' title='bbox 2363 4320 2508 4370; x_wconf 90' lang='lat' dir='ltr'><strong>eum,</strong></span> <span class='ocrx_word' id='word_1_778' title='bbox 2545 4313 2600 4358; x_wconf 89' lang='lat' dir='ltr'><strong>ct</strong></span> <span class='ocrx_word' id='word_1_779' title='bbox 2629 4304 2876 4359; x_wconf 88' lang='lat' dir='ltr'><strong>ascendit</strong></span> <span class='ocrx_word' id='word_1_780' title='bbox 2898 4305 2952 4359; x_wconf 91' lang='lat' dir='ltr'><strong>in</strong></span> <span class='ocrx_word' id='word_1_781' title='bbox 2987 4307 3205 4360; x_wconf 88' lang='lat' dir='ltr'><strong>domum</strong></span> <span class='ocrx_word' id='word_1_782' title='bbox 3240 4306 3424 4360; x_wconf 87' lang='lat' dir='ltr'><strong>Domi-</strong></span> 
     </span>
    </p>
   </div>
   <div class='ocr_carea' id='block_1_104' title="bbox 1843 4399 3420 4468">
    <p class='ocr_par' dir='ltr' id='par_1_104' title="bbox 1843 4399 3420 4468">
     <span class='ocr_line' id='line_1_104' title="bbox 1843 4399 3420 4468; baseline 0.003 -16"><span class='ocrx_word' id='word_1_783' title='bbox 1843 4399 1922 4462; x_wconf 90' lang='lat' dir='ltr'><strong>ni,</strong></span> <span class='ocrx_word' id='word_1_784' title='bbox 1955 4407 2011 4452; x_wconf 91' lang='lat' dir='ltr'><strong>et</strong></span> <span class='ocrx_word' id='word_1_785' title='bbox 2038 4399 2253 4468; x_wconf 88' lang='lat' dir='ltr'><strong>aperuit</strong></span> <span class='ocrx_word' id='word_1_786' title='bbox 2285 4414 2406 4453; x_wconf 91' lang='lat' dir='ltr'><strong>eum</strong></span> <span class='ocrx_word' id='word_1_787' title='bbox 2439 4414 2626 4453; x_wconf 87' lang='lat' dir='ltr'><strong>coram</strong></span> <span class='ocrx_word' id='word_1_788' title='bbox 2661 4399 2907 4454; x_wconf 88' lang='lat' dir='ltr'><strong>Domino.</strong></span> <span class='ocrx_word' id='word_1_789' title='bbox 2961 4400 3028 4454; x_wconf 85' lang='lat' dir='ltr'><strong>Et</strong></span> <span class='ocrx_word' id='word_1_790' title='bbox 3063 4402 3240 4456; x_wconf 86' lang='lat' dir='ltr'><strong>oravit</strong></span> <span class='ocrx_word' id='word_1_791' title='bbox 3288 4403 3420 4457; x_wconf 79' lang='lat' dir='ltr'><strong>Eze-</strong></span> 
     </span>
    </p>
   </div>
   <div class='ocr_carea' id='block_1_105' title="bbox 1842 4494 3423 4560">
    <p class='ocr_par' dir='ltr' id='par_1_105' title="bbox 1842 4494 3423 4560">
     <span class='ocr_line' id='line_1_105' title="bbox 1842 4494 3423 4560; baseline 0.003 -13"><span class='ocrx_word' id='word_1_792' title='bbox 1842 4494 1994 4549; x_wconf 86' lang='lat' dir='ltr'><strong>chias</strong></span> <span class='ocrx_word' id='word_1_793' title='bbox 2020 4494 2328 4558; x_wconf 89' lang='lat' dir='ltr'><strong>Dominum,</strong></span> <span class='ocrx_word' id='word_1_794' title='bbox 2363 4495 2547 4550; x_wconf 90' lang='lat' dir='ltr'><strong>dicens</strong></span> <span class='ocrx_word' id='word_1_795' title='bbox 2583 4513 2596 4548; x_wconf 92' lang='lat'>:</span> <span class='ocrx_word' id='word_1_796' title='bbox 2632 4495 2858 4549; x_wconf 91' lang='lat' dir='ltr'><strong>Domine</strong></span> <span class='ocrx_word' id='word_1_797' title='bbox 2891 4497 3254 4560; x_wconf 80' lang='lat' dir='ltr'><strong>exercituum,</strong></span> <span class='ocrx_word' id='word_1_798' title='bbox 3283 4498 3423 4551; x_wconf 67' lang='lat' dir='ltr'><strong>Deus</strong></span> 
     </span>
    </p>
   </div>
   <div class='ocr_carea' id='block_1_106' title="bbox 1841 4585 3416 4654">
    <p class='ocr_par' dir='ltr' id='par_1_106' title="bbox 1841 4585 3416 4654">
     <span class='ocr_line' id='line_1_106' title="bbox 1841 4585 3416 4654; baseline 0.001 -16"><span class='ocrx_word' id='word_1_799' title='bbox 1841 4585 2023 4650; x_wconf 88' lang='lat' dir='ltr'><strong>Israel,</strong></span> <span class='ocrx_word' id='word_1_800' title='bbox 2057 4586 2147 4654; x_wconf 89' lang='lat' dir='ltr'><strong>qui</strong></span> <span class='ocrx_word' id='word_1_801' title='bbox 2178 4588 2337 4641; x_wconf 87' lang='lat' dir='ltr'><strong>sedes</strong></span> <span class='ocrx_word' id='word_1_802' title='bbox 2374 4601 2536 4654; x_wconf 89' lang='lat' dir='ltr'><strong>super</strong></span> <span class='ocrx_word' id='word_1_803' title='bbox 2566 4586 2876 4641; x_wconf 86' lang='lat' dir='ltr'><strong>cherubim.</strong></span> <span class='ocrx_word' id='word_1_804' title='bbox 2909 4605 2929 4638; x_wconf 69' lang='grc' dir='ltr'><strong>ι</strong></span> <span class='ocrx_word' id='word_1_805' title='bbox 2979 4587 3240 4642; x_wconf 78' lang='lat' dir='ltr'><strong>Ezechias</strong></span> <span class='ocrx_word' id='word_1_806' title='bbox 3271 4606 3416 4654; x_wconf 86' lang='lat' dir='ltr'><strong>veru,</strong></span> 
     </span>
    </p>
   </div>
   <div class='ocr_carea' id='block_1_107' title="bbox 1840 4677 3420 4748">
    <p class='ocr_par' dir='ltr' id='par_1_107' title="bbox 1840 4677 3420 4748">
     <span class='ocr_line' id='line_1_107' title="bbox 1840 4677 3420 4748; baseline 0.003 -17"><span class='ocrx_word' id='word_1_807' title='bbox 1840 4679 2294 4748; x_wconf 85' lang='lat' dir='ltr'><strong>quemadmodum</strong></span> <span class='ocrx_word' id='word_1_808' title='bbox 2324 4687 2380 4731; x_wconf 89' lang='lat' dir='ltr'><strong>et</strong></span> <span class='ocrx_word' id='word_1_809' title='bbox 2419 4677 2608 4746; x_wconf 86' lang='lat' dir='ltr'><strong>prius,</strong></span> <span class='ocrx_word' id='word_1_810' title='bbox 2643 4693 2787 4731; x_wconf 90' lang='lat' dir='ltr'><strong>nunc</strong></span> <span class='ocrx_word' id='word_1_811' title='bbox 2820 4679 2986 4732; x_wconf 87' lang='lat' dir='ltr'><strong>etiam</strong></span> <span class='ocrx_word' id='word_1_812' title='bbox 3025 4681 3319 4734; x_wconf 75' lang='lat' dir='ltr'><strong>maturavit</strong></span> <span class='ocrx_word' id='word_1_813' title='bbox 3353 4682 3420 4736; x_wconf 73' lang='lat' dir='ltr'><strong>ad</strong></span> 
     </span>
    </p>
   </div>
   <div class='ocr_carea' id='block_1_108' title="bbox 1839 4766 3420 4836">
    <p class='ocr_par' dir='ltr' id='par_1_108' title="bbox 1839 4766 3420 4836">
     <span class='ocr_line' id='line_1_108' title="bbox 1839 4766 3420 4836; baseline 0.005 -17"><span class='ocrx_word' id='word_1_814' title='bbox 1839 4767 2058 4819; x_wconf 91' lang='lat' dir='ltr'><strong>domum</strong></span> <span class='ocrx_word' id='word_1_815' title='bbox 2093 4766 2210 4830; x_wconf 91' lang='lat' dir='ltr'><strong>Dei,</strong></span> <span class='ocrx_word' id='word_1_816' title='bbox 2247 4767 2449 4835; x_wconf 90' lang='lat' dir='ltr'><strong>unique</strong></span> <span class='ocrx_word' id='word_1_817' title='bbox 2481 4768 2591 4821; x_wconf 90' lang='lat' dir='ltr'><strong>Deo</strong></span> <span class='ocrx_word' id='word_1_818' title='bbox 2613 4767 2896 4836; x_wconf 86' lang='lat' dir='ltr'><strong>epistolam</strong></span> <span class='ocrx_word' id='word_1_819' title='bbox 2927 4770 3184 4823; x_wconf 90' lang='lat' dir='ltr'><strong>ostendit.</strong></span> <span class='ocrx_word' id='word_1_820' title='bbox 3214 4769 3420 4827; x_wconf 87' lang='lat' dir='ltr'><strong>Deinde</strong></span> 
     </span>
    </p>
   </div>
   <div class='ocr_carea' id='block_1_109' title="bbox 1839 4855 3416 4928">
    <p class='ocr_par' dir='ltr' id='par_1_109' title="bbox 1839 4855 3416 4928">
     <span class='ocr_line' id='line_1_109' title="bbox 1839 4855 3416 4928; baseline 0.005 -22"><span class='ocrx_word' id='word_1_821' title='bbox 1839 4869 1967 4910; x_wconf 88' lang='lat' dir='ltr'><strong>vero</strong></span> <span class='ocrx_word' id='word_1_822' title='bbox 2005 4855 2455 4925; x_wconf 89' lang='lat' dir='ltr'><strong>supplicationem</strong></span> <span class='ocrx_word' id='word_1_823' title='bbox 2515 4859 2719 4912; x_wconf 87' lang='lat' dir='ltr'><strong>orando</strong></span> <span class='ocrx_word' id='word_1_824' title='bbox 2759 4859 2977 4924; x_wconf 87' lang='lat' dir='ltr'><strong>emisit,</strong></span> <span class='ocrx_word' id='word_1_825' title='bbox 3012 4859 3162 4914; x_wconf 88' lang='lat' dir='ltr'><strong>illum</strong></span> <span class='ocrx_word' id='word_1_826' title='bbox 3205 4863 3416 4928; x_wconf 84' lang='lat' dir='ltr'><strong>solum,</strong></span> 
     </span>
    </p>
   </div>
   <div class='ocr_carea' id='block_1_110' title="bbox 1834 4947 2858 5015">
    <p class='ocr_par' dir='ltr' id='par_1_110' title="bbox 1834 4947 2858 5015">
     <span class='ocr_line' id='line_1_110' title="bbox 1834 4947 2858 5015; baseline 0.002 -12"><span class='ocrx_word' id='word_1_827' title='bbox 1834 4957 1888 5003; x_wconf 91' lang='lat' dir='ltr'><strong>et</strong></span> <span class='ocrx_word' id='word_1_828' title='bbox 1925 4962 2031 5002; x_wconf 90' lang='lat' dir='ltr'><strong>non</strong></span> <span class='ocrx_word' id='word_1_829' title='bbox 2073 4948 2266 5015; x_wconf 88' lang='lat' dir='ltr'><strong>alium,</strong></span> <span class='ocrx_word' id='word_1_830' title='bbox 2298 4947 2466 5004; x_wconf 89' lang='lat' dir='ltr'><strong>Deum</strong></span> <span class='ocrx_word' id='word_1_831' title='bbox 2499 4965 2618 5005; x_wconf 89' lang='lat' dir='ltr'><strong>esse</strong></span> <span class='ocrx_word' id='word_1_832' title='bbox 2651 4950 2858 5006; x_wconf 87' lang='lat' dir='ltr'><strong>dicens.</strong></span> 
     </span>
    </p>
   </div>
   <div class='ocr_carea' id='block_1_111' title="bbox 1901 5127 3417 5208">
    <p class='ocr_par' dir='ltr' id='par_1_111' title="bbox 1901 5127 3417 5208">
     <span class='ocr_line' id='line_1_111' title="bbox 1901 5127 3417 5208; baseline 0.008 -28"><span class='ocrx_word' id='word_1_833' title='bbox 1901 5127 2065 5182; x_wconf 74' lang='lat' dir='ltr'><strong>Vens.</strong></span> <span class='ocrx_word' id='word_1_834' title='bbox 2087 5129 2263 5183; x_wconf 76' lang='lat' dir='ltr'><strong>l7-2l.</strong></span> <span class='ocrx_word' id='word_1_835' title='bbox 2283 5147 2302 5179; x_wconf 90' lang='grc' dir='ltr'><strong>ι</strong></span> <span class='ocrx_word' id='word_1_836' title='bbox 2324 5129 2402 5182; x_wconf 91' lang='lat' dir='ltr'><strong>Tu</strong></span> <span class='ocrx_word' id='word_1_837' title='bbox 2419 5145 2476 5186; x_wconf 87' lang='lat' dir='ltr'><strong>es</strong></span> <span class='ocrx_word' id='word_1_838' title='bbox 2498 5130 2636 5186; x_wconf 91' lang='lat' dir='ltr'><strong>Deus</strong></span> <span class='ocrx_word' id='word_1_839' title='bbox 2667 5133 2815 5190; x_wconf 86' lang='lat' dir='ltr'><strong>solus</strong></span> <span class='ocrx_word' id='word_1_840' title='bbox 2837 5138 3013 5190; x_wconf 90' lang='lat' dir='ltr'><strong>omnis</strong></span> <span class='ocrx_word' id='word_1_841' title='bbox 3037 5139 3186 5208; x_wconf 79' lang='lat' dir='ltr'><strong>rcgni</strong></span> <span class='ocrx_word' id='word_1_842' title='bbox 3213 5147 3298 5193; x_wconf 89' lang='lat' dir='ltr'><strong>ter</strong></span> <span class='ocrx_word' id='word_1_843' title='bbox 3312 5155 3382 5192; x_wconf 77' lang='lat' dir='ltr'><strong>ru.-</strong></span> <span class='ocrx_word' id='word_1_844' title='bbox 3406 5160 3417 5192; x_wconf 95' lang='lat'>:</span> 
     </span>
    </p>
   </div>
   <div class='ocr_carea' id='block_1_112' title="bbox 1831 5221 3418 5295">
    <p class='ocr_par' dir='ltr' id='par_1_112' title="bbox 1831 5221 3418 5295">
     <span class='ocr_line' id='line_1_112' title="bbox 1831 5221 3418 5295; baseline 0.004 -20"><span class='ocrx_word' id='word_1_845' title='bbox 1831 5231 1883 5275; x_wconf 90' lang='lat' dir='ltr'><strong>tu</strong></span> <span class='ocrx_word' id='word_1_846' title='bbox 1905 5221 2074 5275; x_wconf 80' lang='lat' dir='ltr'><strong>fecisti</strong></span> <span class='ocrx_word' id='word_1_847' title='bbox 2107 5222 2304 5276; x_wconf 68' lang='lat' dir='ltr'><strong>caelum</strong></span> <span class='ocrx_word' id='word_1_848' title='bbox 2332 5233 2388 5276; x_wconf 90' lang='lat' dir='ltr'><strong>et</strong></span> <span class='ocrx_word' id='word_1_849' title='bbox 2420 5232 2640 5282; x_wconf 89' lang='lat' dir='ltr'><strong>terram.</strong></span> <span class='ocrx_word' id='word_1_850' title='bbox 2674 5225 2906 5291; x_wconf 88' lang='lat' dir='ltr'><strong>lnclina,</strong></span> <span class='ocrx_word' id='word_1_851' title='bbox 2942 5229 3189 5295; x_wconf 90' lang='lat' dir='ltr'><strong>Domine,</strong></span> <span class='ocrx_word' id='word_1_852' title='bbox 3224 5246 3418 5285; x_wconf 87' lang='lat' dir='ltr'><strong>aurem</strong></span> 
     </span>
    </p>
   </div>
   <div class='ocr_carea' id='block_1_113' title="bbox 1827 5314 3409 5388">
    <p class='ocr_par' dir='ltr' id='par_1_113' title="bbox 1827 5314 3409 5388">
     <span class='ocr_line' id='line_1_113' title="bbox 1827 5314 3409 5388; baseline 0.005 -23"><span class='ocrx_word' id='word_1_853' title='bbox 1827 5321 2007 5368; x_wconf 90' lang='lat' dir='ltr'><strong>tuam:</strong></span> <span class='ocrx_word' id='word_1_854' title='bbox 2041 5315 2256 5377; x_wconf 83' lang='lat' dir='ltr'><strong>exaudi,</strong></span> <span class='ocrx_word' id='word_1_855' title='bbox 2288 5314 2511 5369; x_wconf 90' lang='lat' dir='ltr'><strong>Domine</strong></span> <span class='ocrx_word' id='word_1_856' title='bbox 2545 5331 2558 5366; x_wconf 90' lang='lat'>:</span> <span class='ocrx_word' id='word_1_857' title='bbox 2594 5320 2765 5385; x_wconf 84' lang='lat' dir='ltr'><strong>aperi,</strong></span> <span class='ocrx_word' id='word_1_858' title='bbox 2793 5319 3038 5378; x_wconf 90' lang='lat' dir='ltr'><strong>Domine.</strong></span> <span class='ocrx_word' id='word_1_859' title='bbox 3058 5325 3241 5377; x_wconf 83' lang='lat' dir='ltr'><strong>oculos</strong></span> <span class='ocrx_word' id='word_1_860' title='bbox 3269 5334 3409 5388; x_wconf 77' lang='lat' dir='ltr'><strong>tuus,</strong></span> 
     </span>
    </p>
   </div>
   <div class='ocr_carea' id='block_1_114' title="bbox 1829 5402 3408 5483">
    <p class='ocr_par' dir='ltr' id='par_1_114' title="bbox 1829 5402 3408 5483">
     <span class='ocr_line' id='line_1_114' title="bbox 1829 5402 3408 5483; baseline 0.008 -27"><span class='ocrx_word' id='word_1_861' title='bbox 1829 5403 2066 5472; x_wconf 87' lang='lat' dir='ltr'><strong>respice,</strong></span> <span class='ocrx_word' id='word_1_862' title='bbox 2103 5402 2352 5468; x_wconf 86' lang='lat' dir='ltr'><strong>Domine,</strong></span> <span class='ocrx_word' id='word_1_863' title='bbox 2384 5416 2440 5458; x_wconf 90' lang='lat' dir='ltr'><strong>et</strong></span> <span class='ocrx_word' id='word_1_864' title='bbox 2493 5408 2615 5461; x_wconf 86' lang='lat' dir='ltr'><strong>vide</strong></span> <span class='ocrx_word' id='word_1_865' title='bbox 2661 5423 2939 5463; x_wconf 87' lang='lat' dir='ltr'><strong>sermones</strong></span> <span class='ocrx_word' id='word_1_866' title='bbox 2979 5413 3408 5483; x_wconf 83' lang='lat' dir='ltr'><strong>Seunaclterim,</strong></span> 
     </span>
    </p>
   </div>
   <div class='ocr_carea' id='block_1_115' title="bbox 1826 5495 3410 5564">
    <p class='ocr_par' dir='ltr' id='par_1_115' title="bbox 1826 5495 3410 5564">
     <span class='ocr_line' id='line_1_115' title="bbox 1826 5495 3410 5564; baseline 0.009 -16"><span class='ocrx_word' id='word_1_867' title='bbox 1826 5510 1961 5562; x_wconf 89' lang='lat' dir='ltr'><strong>quos</strong></span> <span class='ocrx_word' id='word_1_868' title='bbox 1994 5495 2160 5560; x_wconf 82' lang='lat' dir='ltr'><strong>misit,</strong></span> <span class='ocrx_word' id='word_1_869' title='bbox 2202 5506 2260 5550; x_wconf 90' lang='lat' dir='ltr'><strong>ut</strong></span> <span class='ocrx_word' id='word_1_870' title='bbox 2297 5500 2652 5564; x_wconf 77' lang='lat' dir='ltr'><strong>exprobraret</strong></span> <span class='ocrx_word' id='word_1_871' title='bbox 2688 5503 2797 5554; x_wconf 86' lang='lat' dir='ltr'><strong>Deo</strong></span> <span class='ocrx_word' id='word_1_872' title='bbox 2828 5503 3046 5555; x_wconf 85' lang='lat' dir='ltr'><strong>viventi.</strong></span> <span class='ocrx_word' id='word_1_873' title='bbox 3093 5504 3148 5557; x_wconf 88' lang='lat' dir='ltr'><strong>In</strong></span> <span class='ocrx_word' id='word_1_874' title='bbox 3181 5508 3410 5562; x_wconf 77' lang='lat' dir='ltr'><strong>veritate</strong></span> 
     </span>
    </p>
   </div>
   <div class='ocr_carea' id='block_1_116' title="bbox 1825 5586 3407 5662">
    <p class='ocr_par' dir='ltr' id='par_1_116' title="bbox 1825 5586 3407 5662">
     <span class='ocr_line' id='line_1_116' title="bbox 1825 5586 3407 5662; baseline 0.011 -23"><span class='ocrx_word' id='word_1_875' title='bbox 1825 5587 1992 5654; x_wconf 84' lang='lat' dir='ltr'><strong>enim,</strong></span> <span class='ocrx_word' id='word_1_876' title='bbox 2036 5586 2292 5656; x_wconf 85' lang='lat' dir='ltr'><strong>Domine,</strong></span> <span class='ocrx_word' id='word_1_877' title='bbox 2325 5601 2606 5643; x_wconf 80' lang='lat' dir='ltr'><strong>vastarunt</strong></span> <span class='ocrx_word' id='word_1_878' title='bbox 2641 5607 2793 5660; x_wconf 84' lang='lat' dir='ltr'><strong>rcges</strong></span> <span class='ocrx_word' id='word_1_879' title='bbox 2828 5595 3174 5662; x_wconf 81' lang='lat' dir='ltr'><strong>Assyriorum</strong></span> <span class='ocrx_word' id='word_1_880' title='bbox 3217 5601 3407 5657; x_wconf 82' lang='lat' dir='ltr'><strong>orbem</strong></span> 
     </span>
    </p>
   </div>
   <div class='ocr_carea' id='block_1_117' title="bbox 1824 5727 3404 5806">
    <p class='ocr_par' dir='ltr' id='par_1_117' title="bbox 1824 5727 3404 5806">
     <span class='ocr_line' id='line_1_117' title="bbox 1824 5727 3404 5806; baseline 0.008 -26"><span class='ocrx_word' id='word_1_881' title='bbox 1824 5727 1876 5780; x_wconf 90' lang='lat' dir='ltr'><strong>In</strong></span> <span class='ocrx_word' id='word_1_882' title='bbox 1913 5727 2175 5787; x_wconf 81' lang='lat' dir='ltr'><strong>llcbt&#39;aico</strong></span> <span class='ocrx_word' id='word_1_883' title='bbox 2205 5728 2390 5800; x_wconf 73' lang='lat' dir='ltr'><strong>lt‘giltll</strong></span> <span class='ocrx_word' id='word_1_884' title='bbox 2425 5735 2544 5792; x_wconf 64' lang='lat'><strong>7.121</strong></span> <span class='ocrx_word' id='word_1_885' title='bbox 2578 5740 2682 5793; x_wconf 61' lang='lat' dir='ltr'><strong>um</strong></span> <span class='ocrx_word' id='word_1_886' title='bbox 2706 5731 2769 5785; x_wconf 76' lang='lat' dir='ltr'><strong>ad</strong></span> <span class='ocrx_word' id='word_1_887' title='bbox 2801 5731 2946 5800; x_wconf 76' lang='lat' dir='ltr'><strong>tujus</strong></span> <span class='ocrx_word' id='word_1_888' title='bbox 2992 5731 3148 5788; x_wconf 76' lang='lat' dir='ltr'><strong>lidt‘ttl</strong></span> <span class='ocrx_word' id='word_1_889' title='bbox 3182 5733 3404 5806; x_wconf 70' lang='lat' dir='ltr'><strong>Vulgata</strong></span> 
     </span>
    </p>
   </div>
  </div>
