4058 6386
630 364 731 421 351

1335 362 1604 419 EUSEBII
1646 359 2132 419 CESARIENSlS
2164 359 2316 415 OPP.
2359 358 2539 415 PARS
2578 362 2761 416 III.-—
2791 358 3202 416 EXEGE'I‘ICA.

3780 365 3895 421 352

622 485 952 549 universum,
990 492 1043 539 et
1076 485 1349 555 regionem
1378 500 1563 539 eorum
1582 525 1600 549 ,
1626 495 1683 539 et
1716 484 2018 551 iniecerunt
2049 482 2186 536 idola
2218 540 2219 545 η

2322 499 2394 536 ἀν
2440 482 2679 553 βασιλεῖς
2743 482 3040 553 Ἀσσυρίων
3073 482 3175 551 τὴν
3215 484 3544 556 οἰκουμένην
3590 484 3744 565 ὃλην,
3794 486 3896 539 καὶ

621 592 806 631 eorum
834 577 887 630 in
927 576 1122 645 ignem.
1150 574 1265 629 Non
1293 577 1436 629 enim
1466 576 1731 637 diierant,
1757 577 1849 627 sed
1883 588 2046 641 opera
2085 589 2200 625 tua-

624 685 785 724 nuuut
808 669 1107 730 hominum,
1145 667 1285 737 ligna
1316 678 1369 721 et
1394 667 1598 736 lapides
1626 676 1712 721 ποι
1736 666 2058 735 pepulerunt
2080 679 2195 720 eos.

624 758 778 813 Nunc
815 768 993 812 autem
1020 799 1035 821 ,
1072 757 1295 811 Domine
1343 757 1485 811 Deus
1524 766 1706 811 noster
1733 797 1748 821 ,
1787 757 1935 811 salva
1991 771 2092 811 nos
2134 759 2201 811 de

624 866 787 904 nianu
810 851 960 919 ejus;
990 860 1051 904 at
1090 858 1385 918 cognoscat
1422 862 1583 903 omne
1607 863 1832 913 regnum
1861 857 2038 911 terrae,
2074 848 2200 917 quia

625 950 681 994 tu
735 956 794 993 es
838 940 976 993 Deus
1014 939 1178 993 solus.
1214 938 1278 993 Et
1320 938 1518 994 missus
1543 949 1625 994 est
1654 937 1819 993 Isaias
1862 938 2003 993 Illius
2040 941 2203 993 Alnos

626 1030 694 1081 ad
718 1028 1026 1084 Ezechiam.
1066 1046 1083 1079 ι
1123 1027 1237 1083 Res
1271 1029 1488 1097 quidem
1521 1029 1748 1084 Ezecbia
1773 1065 1807 1095 -,
1849 1040 2034 1100 utpote
2075 1031 2203 1085 reli—

626 1121 832 1189 giosus,
863 1120 915 1174 in
946 1121 1164 1174 domum
1191 1122 1280 1175 Dei
1310 1120 1603 1186 concessit,
1630 1121 1719 1176 ubi
1738 1122 1851 1189 jam
1877 1122 2203 1190 descriptam

627 1211 921 1264 orationem
954 1210 1167 1274 emisit;
1200 1209 1339 1265 Deus
1368 1220 1546 1266 autem
1597 1213 1767 1266 misso
1798 1214 1864 1266 ad
1907 1228 2028 1267 eum
2071 1214 2206 1267 Isaia

628 1302 883 1371 propheta
925 1302 1024 1371 ipsi
1068 1302 1397 1370 respondet:
1430 1303 1721 1357 secundum
1762 1318 1887 1358 vero
1925 1305 2023 1373 ipsi
2086 1320 2209 1357 ora-

628 1392 807 1447 culum
837 1393 1008 1460 dedit,
1033 1394 1232 1449 docens
1258 1408 1317 1448 se
1337 1408 1641 1450 sermonem
1677 1396 2080 1465 orationemque
2094 1396 2209 1464 eius

628 1486 959 1541 exaudiisse.

704 1748 865 1805 Vsus.
885 1750 1111 1816 Ἠλὶς
1137 1751 1203 1807 Et
1221 1754 1360 1810 dixit
1387 1755 1437 1810 ei
1462 1773 1477 1810 :
1506 1754 1629 1810 Hac
1645 1756 1775 1811 dicit
1802 1755 2058 1816 Dominus
2072 1757 2211 1811 Deus

2298 573 2397 644 τὴν
2430 572 2614 645 χώραν
2642 573 2843 635 αὐτῶν,
2877 573 2972 626 καὶ
2992 571 3252 627 άνέδαλον
3277 574 3347 629 τά
3379 574 3572 629 εῐδωλα
3597 575 3782 629 αὐτῶν
3810 578 3897 640 είς

2297 664 2360 717 τὸ
2390 662 2520 733 πῦρ.
2551 664 2626 717 Οὐ
2654 662 2763 735 γάρ
2790 664 2902 717 θεοὶ
2926 658 3090 733 ἦσαν,
3123 662 3239 718 ἀλλ’
3267 664 3406 737 ιργα
3441 666 3643 735 χειρῶν
3682 666 3898 736 ἀνθρὼ-

2302 770 2439 817 πων,
2476 752 2609 819 ξύλα
2645 753 2739 807 καὶ
2772 752 2940 805 λίθοι·
2967 753 3059 806 καὶ
3091 752 3382 808 ἀπώσαντο
3413 754 3631 817 αὐτούς.
3662 753 3784 807 Νῦν
3812 753 3895 817 δὶ,

2302 844 2497 914 Κύριε,
2538 845 2567 896 ὀ
2608 842 2742 905 Θεὸς
2772 844 2949 915 ἡμῶν.
2980 843 3153 899 σῶσον
3184 846 3331 919 ἡμᾶς
3361 846 3425 898 ἐκ
3455 847 3656 917 χειρῶν
3683 844 3893 900 αὐτοῦ·

2303 937 2389 989 ἵνα
2414 934 2526 1004 γνῷ
2550 937 2700 988 πᾶσα
2728 938 2760 1005 ἡ
2798 936 3040 1005 βασιλεία
3085 938 3185 1006 τῆς
3217 940 3342 1008 γῆς,
3391 939 3476 993 ὅτι
3509 939 3574 992 σὺ
3608 933 3660 991 εἶ
3693 940 3723 991 ὀ
3751 936 3897 1001 Θεὸς

2307 1028 2485 1097 μόνος.
2512 1027 2621 1079 Καὶ
2653 1026 2933 1097 ἀπεστάλη
2960 1026 3187 1091 Ἦσαῖας
3215 1026 3331 1091 υίδς
3364 1028 3547 1100 ’Δμὼς
3571 1029 3711 1102 πρὸς
3744 1027 3902 1093 Ἐζᾶ-

2306 1118 2452 1173 κίαν.
2484 1137 2506 1170 ι
2551 1118 2609 1172 '0
2643 1118 2741 1188 μὲν
2770 1118 3021 1188 βασιλεὺς
3065 1117 3336 1184 Ἐζεκίας.
3370 1113 3461 1173 οἷα
3492 1120 3773 1191 θεοφιλὴς,
3811 1122 3898 1184 εις

2305 1211 2397 1264 τὸν
2414 1207 2562 1265 οἷκον
2590 1209 2743 1281 ἀνῄει
2774 1212 2869 1265 τοῦ
2901 1210 3059 1273 Θεοῦ.
3087 1210 3183 1266 καὶ
3212 1210 3313 1282 τὴν
3334 1210 3686 1283 ἀνάγραπτον
3709 1215 3900 1283 ἱκετη-

2311 1303 2427 1371 ρίαν
2458 1302 2740 1371 ἀνέπεμπε
2765 1318 2778 1331 ·
2798 1301 2930 1365 Θεδς
2960 1301 3018 1356 δι
3037 1300 3186 1373 αὐτῷ
3218 1301 3601 1372 ἀποκρίνεται,
3635 1302 3731 1355 τὸν
3758 1302 3898 1355 ἑαυ-

2306 1392 2401 1446 τοῦ
2447 1394 2728 1463 προφήτην
2781 1393 3007 1446 Ἠσαίαν
3042 1393 3117 1458 ὼς
3148 1392 3311 1449 αὑτὸν
3334 1391 3592 1463 πέμψας·
3636 1391 3899 1464 δεύτερον

2307 1484 2366 1537 δὲ
2428 1484 2577 1555 αὐτῷ
2636 1483 2824 1537 τοῦτον
2885 1484 3133 1540 ἐκδίδωσι
3188 1483 3279 1537 τὸν
3332 1484 3600 1555 χρησμὸν,
3645 1483 3725 1545 ὡς
3781 1484 3897 1553 ἄρα

2309 1576 2396 1646 εἴη
2442 1575 2696 1647 ἀκηκοὼς
2744 1576 2836 1629 τὸν
2879 1578 2979 1647 τῆς
3031 1578 3341 1647 προσευχῆς
3385 1575 3551 1629 αὐτοῦ
3605 1575 3765 1645 λόγον
3812 1575 3897 1627 δι-

2312 1666 2548 1720 δάσκων.

2388 1778 2405 1808 ι
2443 1760 2552 1811 Καὶ
2576 1755 2730 1813 εἶπεν
2758 1759 2934 1829 αὐτῷ·
2960 1759 3099 1813 Τάδε
3129 1760 3278 1830 λέγει
3318 1760 3526 1830 Κύριος
3555 1760 3585 1812 ὀ
3616 1758 3753 1821 Θεὸς
3789 1758 3895 1811 Ἰσ-

632 1841 1037 1900 lsrael:Audivi
1064 1860 1182 1915 qua:
1215 1855 1467 1917 precatus
1489 1862 1551 1903 es
1586 1863 1671 1903 me
1702 1862 1865 1917 super
1892 1847 2197 1904 Sennacbe-

2322 1850 2441 1921 ιαήλ
2462 1866 2476 1879 ·
2512 1852 2755 1904 Ἤκουσα
2791 1852 2827 1905 a
2864 1850 3155 1924 προσηύξω
3191 1853 3325 1923 πρὸς
3359 1852 3427 1922 μὲ
3461 1852 3584 1922 περὶ
3618 1851 3898 1919 Σενναχη-

633 1936 737 1990 rlm
764 1951 891 2005 rege
927 1937 1293 2009 Assyriorum.
1330 1938 1430 1995 Bic
1464 1950 1551 1994 est
1582 1954 1763 1994 sermo
1792 1954 1951 2010 quem
1997 1942 2206 1997 locutus

632 2039 721 2084 est
749 2030 813 2083 de
842 2029 929 2083 illo
958 2028 1099 2085 Deus
1125 2030 1489 2103 :Contetnpsit
1520 2041 1605 2096 te,
1647 2041 1703 2086 et
1742 2033 2091 2088 subsannavit
2132 2044 2204 2099 te,

635 2122 789 2189 virgo
820 2119 923 2174 illia
962 2122 1113 2176 Sion.
1141 2142 1159 2175 ι
1183 2124 1294 2192 Ego
1322 2136 1451 2178 vero
1480 2124 1601 2179 dico
1638 2124 1732 2179 tibi
1770 2139 1838 2179 ne
1870 2126 2205 2194 temetipsum

635 2213 893 2281 decipias,
930 2229 1034 2267 non
1070 2215 1211 2269 enim
1234 2215 1435 2269 virtute
1453 2223 1542 2268 tua
1577 2214 1675 2269 hos
1702 2229 1892 2270 omnes
1921 2217 2207 2284 superasti.

636 2302 750 2373 Ego
789 2312 972 2357 autem
1022 2320 1170 2375 eram
1201 2306 1292 2375 qui
1335 2305 1452 2361 haec
1491 2316 1681 2361 contra
1724 2320 1820 2362 eos
1858 2307 2209 2372 deﬁnieram,

635 2372 850 2449 etiamsi
891 2404 944 2450 tu
1003 2397 1056 2450 id
1105 2372 1327 2452 minime
1372 2412 1715 2467 agnosceres,
1745 2408 1908 2467 atque
1947 2400 2013 2451 ab
2060 2399 2213 2453 initio

637 2488 924 2544 consilium
960 2504 1138 2542 meum
1169 2504 1273 2541 non
1322 2488 1562 2543 audires.
1597 2487 1806 2543 Etenim
1838 2488 1949 2553 iam
1981 2489 2105 2543 inde
2147 2490 2212 2542 ab

639 2580 878 2648 antiquis
902 2580 1229 2647 temporibus
1252 2580 1363 2634 bac
1387 2590 1573 2634 contra
1601 2580 1928 2648 irreligiosos
1949 2590 2001 2634 et
2026 2582 2215 2648 impias

642 2680 830 2740 gentes
873 2686 969 2741 per
1001 2681 1052 2725 te
1098 2670 1231 2724 eilici
1274 2671 1636 2725 decreveram.
1665 2670 1819 2724 Nunc
1863 2681 2041 2723 autem
2086 2671 2217 2739 ipsis

644 2761 899 2827 operibus
932 2762 1213 2816 consilium
1243 2762 1426 2831 aperui
1470 2778 1670 2825 meum,
1694 2777 1816 2817 cum
1848 2772 1901 2815 te
1930 2763 1995 2815 ad
2028 2778 2214 2817 eorum

644 2852 735 2921 qui
782 2852 1041 2922 supplicio
1092 2852 1237 2923 digni
1306 2863 1432 2907 sunt
1474 2853 1765 2923 perniciem
1809 2853 2087 2917 excitavi,
2132 2861 2214 2905 at-

644 2958 751 3015 que
782 2954 832 2997 te
863 2946 1012 3013 quasi
1049 2945 1200 3013 signo
1228 2959 1356 2998 usus
1394 2960 1513 2998 sum
1544 2945 1609 2997 ad
1634 2943 1919 2997 vastandas
1946 2954 2135 3013 gentes
2165 2950 2219 2996 et

644 3036 711 3088 ad
740 3035 1010 3103 pellendos
1049 3051 1143 3089 eos
1184 3036 1275 3104 qui
1305 3037 1541 3089 munitas
1574 3036 1734 3089 urbes
1766 3034 2005 3089 incolunt
2041 3052 2053 3085 :
2086 3050 2221 3104 quas

644 3126 862 3195 quidem
894 3130 1054 3181 nrbes
1085 3129 1235 3194 prius
1261 3127 1625 3181 custodiebam
1654 3136 1709 3180 et
1736 3125 2052 3190 servabam;
2084 3135 2221 3195 post-

2311 1940 2441 2011 ρεὶμ
2470 1940 2734 2009 βασιλέως
2771 1943 3089 2014 ’Δσσυρίων.
3126 1940 3293 2007 Οὕτος
3318 1947 3348 1997 ὀ
3382 1944 3538 2012 λόγος
3569 1943 3628 1995 ὃν
3660 1941 3897 2010 ἐλάλησε

2310 2032 2439 2103 περὶ
2462 2032 2628 2086 αὐτοῦ
2650 2037 2679 2087 ὀ
2699 2034 2854 2097 Θεός·
2896 2033 3183 2104 Ἐφαύλισέ
3217 2051 3276 2086 σε
3313 2034 3407 2087 καὶ
3434 2035 3773 2103 ὲμυκτήρισέ
3810 2050 3896 2100 σε,

2312 2122 2577 2193 παρθένος
2597 2125 2843 2195 θυγάτηρ
2869 2126 3026 2179 Σιών.
3063 2145 3082 2176 ι
3114 2126 3253 2195 Ἐγὼ
3283 2125 3341 2178 δέ
3370 2126 3451 2177 σοί
3486 2143 3628 2196 φημι
3657 2126 3733 2196 μὴ
3766 2142 3901 2179 σαυ-

2312 2206 2403 2267 τδν
2452 2215 2702 2287 ἁπατᾷν,
2758 2217 2820 2269 οὐ
2873 2218 2984 2288 γάρ
3028 2219 3095 2288 τῇ
3145 2215 3343 2270 σαυτοῦ
3399 2216 3625 2286 δυνάμει
3685 2216 3901 2271 τούτων

2312 2305 2563 2360 ἁπάντων
2595 2298 2970 2378 πέριγέγονας.
3012 2307 3153 2376 Ἐγὼ
3195 2307 3253 2361 δὲ
3287 2308 3435 2378 ήμην
3472 2305 3609 2358 αὐτὰ
3642 2306 3766 2359 κατ’
3799 2306 3901 2361 αὕ-

2312 2398 2422 2453 τῶν
2449 2400 2657 2469 ὁρίσας,
2689 2402 2737 2453 εί
2771 2402 2864 2453 καὶ
2899 2400 2963 2452 σὺ
2994 2400 3070 2471 μὴ
3090 2400 3354 2467 ἐπέγνως,
3386 2398 3535 2468 ἢκαὶ
3569 2398 3704 2467 μηδὲ
3730 2399 3901 2468 ἡκου-

2317 2505 2415 2552 σας
2446 2490 2543 2561 τὴν
2567 2490 2705 2560 ἐμὴν
2730 2489 2789 2557 ἐξ
2818 2490 2992 2561 ἀρχῆς
3020 2489 3234 2561 βουλήν.
3266 2488 3450 2543 Ταῦτα
3470 2488 3578 2558 γὰρ
3610 2489 3779 2550 αὐτὸς
3804 2490 3899 2542 κέο

2317 2598 2486 2652 κρικα
2518 2582 2659 2636 κατὰ
2687 2580 2797 2635 τῶν
2828 2582 3002 2635 ἀθέων
3043 2582 3137 2633 καὶ
3163 2581 3374 2634 άσεδῶν
3398 2581 3566 2634 ὲθνῶν
3603 2582 3775 2636 πάλαι
3806 2582 3901 2634 καὶ

2319 2673 2378 2738 ἑξ
2400 2673 2621 2745 ἡμερῶν
2650 2673 2892 2745 ἀρχαίων
2941 2672 3030 2726 διὰ
3068 2671 3163 2725 σοῦ
3199 2673 3527 2745 πραχθῆναι.
3578 2674 3696 2728 Νῦν
3737 2674 3796 2727 δὲ
3830 2673 3898 2726 δι’

2320 2762 2496 2835 ἔργων
2546 2764 2644 2835 τὴν
2685 2767 2825 2836 ἐμὴν
2880 2763 3130 2828 ἐπέδειξα
3174 2764 3387 2835 βουλὴν,
3432 2767 3653 2837 ἐγείρας
3706 2783 3767 2819 σε
3811 2765 3899 2817 ἐπ’

2320 2853 2524 2923 ὀλέθρῳ
2553 2854 2660 2906 τῶν
2687 2853 2957 2926 τιμωρίας
2988 2852 3175 2916 ἀξίων,
3205 2854 3299 2908 καί
3330 2872 3413 2908 σοι
3439 2859 3790 2929 χρησάμενος
3814 2872 3905 2926 ση-

2326 2946 2462 3015 μείῳ
2492 2945 2586 2998 τοῦ
2611 2944 2954 3017 ὲξερημῶσαι
2980 2944 3127 3014 ἔθνη,
3158 2947 3494 3010 ἀναστάτους
3517 2951 3741 3018 ποιῆσαι
3773 2950 3902 3011 τοὺς

2321 3032 2602 3096 οἰκοῦντας
2638 3036 2695 3086 ὲν
2728 3032 2945 3086 πόλεσιν
2968 3032 3220 3102 ὀχυραῖς·
3256 3034 3321 3097 ἃς
3349 3036 3610 3105 πρότερον
3643 3036 3745 3106 μὲν
3771 3037 3903 3104 t(im-3'

2324 3124 2515 3175 λαττον
2534 3124 2809 3189 διασὼζων
2828 3126 2937 3195 ἐγώ
2956 3144 2967 3156 ·
3005 3128 3126 3181 ἐπεὶ
3149 3126 3204 3179 δὲ
3234 3126 3464 3195 ἠσέϐουν
3498 3126 3573 3197 μὴ
3602 3129 3903 3198 γνωρίζον-

647 3232 811 3284 qnam
840 3228 1018 3271 autem
1051 3220 1122 3271 illi
1155 3228 1485 3272 servatorem
1515 3233 1618 3271 non
1645 3230 2005 3287 agnoscentes
2041 3233 2216 3279 suum,

2322 3233 2411 3279 τες
2457 3216 2546 3269 τὸν
2569 3216 2775 3268 ἑαυτῶν
2822 3192 3059 3289 σωτῆρα,
3100 3192 3276 3289 ἀνῆκα
3306 3219 3402 3282 τὰς
3435 3192 3673 3289 ἐμαυτοῦ
3708 3192 3904 3291 χεῖρας

651 3308 913 3376 inipictati
949 3326 1007 3363 se
1038 3309 1397 3372 dediderant,
1430 3324 1619 3362 manus
1669 3309 1849 3361 remisi
1887 3323 2064 3371 meas,
2100 3320 2221 3361 eos-

649 3414 753 3462 qne
777 3399 867 3451 tibi
902 3401 967 3452 ad
998 3400 1317 3467 supplicium
1356 3400 1571 3452 tradidi.
1608 3398 1685 3451 Illi
1710 3414 1839 3453 vero
1884 3399 2222 3468 inspectione

651 3506 770 3544 mea
794 3492 987 3554 orbati,
1025 3492 1208 3545 statim
1253 3492 1452 3545 deserti
1483 3501 1627 3546 sunt.
1662 3491 1841 3557 Quare
1867 3492 2043 3545 subdit
2071 3509 2086 3546 :

720 3581 881 3635 Vsus.
908 3584 1096 3639 25:25.
1136 3602 1153 3635 ι
1186 3582 1239 3636 In
1278 3593 1327 3637 te
1365 3593 1525 3651 caput
1558 3585 1741 3648 movit,
1767 3583 1871 3637 (ilia
1901 3582 2219 3638 Jerusalem.

650 3672 747 3729 Cui
803 3678 1163 3744 exprobrasti,
1204 3689 1259 3729 et
1303 3692 1460 3746 quem
1502 3673 1779 3729 irritasti?
1817 3687 1907 3731 aut
1962 3677 2224 3729 adversus

652 3781 813 3835 quem
844 3767 1103 3821 sustulisti
1153 3782 1333 3820 vocem
1372 3776 1513 3819 tuam
1544 3766 1569 3818 ἲ
1601 3776 1657 3819 et
1700 3779 1802 3817 non
1838 3764 2020 3818 levasti
2059 3766 2111 3819 in
2149 3765 2226 3817 al-

654 3868 765 3911 tum
813 3860 997 3913 oculos
1041 3869 1161 3913 tuos
1204 3860 1267 3911 ad
1315 3868 1563 3912 sanctum
1612 3856 1795 3919 Israel,
1832 3860 2087 3925 quoniam
2133 3874 2227 3926 pcr

656 3949 877 4002 nuntios
916 3949 1251 4019 exprobrasti
1298 3948 1546 4003 Domino.
1596 3939 1677 4002 Tu
1728 3948 1872 4002 enim
1917 3948 2225 4003 dixistiﬂu

656 4039 999 4095 multitudine
1028 4055 1284 4094 curruum
1311 4054 1411 4108 ego
1445 4042 1658 4095 escendi
1703 4041 1756 4093 in
1792 4042 2046 4095 verticem
2078 4057 2229 4095 mon-

658 4132 815 4192 tium,
848 4141 903 4184 et
934 4132 985 4184 in
1035 4132 1219 4184 ultima
1258 4130 1469 4193 Libani,
1496 4140 1550 4185 et
1594 4131 1794 4186 succidi
1836 4130 2046 4199 fastigia
2082 4132 2227 4185 cedri

656 4221 794 4287 eius,
826 4231 881 4276 et
921 4222 1371 4290 pulchritudinem
1412 4225 1671 4291 cypressi,
1724 4234 1781 4276 et
1813 4223 2084 4292 ingressus
2111 4240 2228 4277 sum

661 4314 714 4368 in
742 4314 1079 4369 altitudinem
1124 4314 1295 4381 partis
1323 4313 1516 4369 saltus.
1561 4332 1580 4364 ι
1612 4314 1705 4367 llis
1736 4328 1896 4381 porro
1922 4315 2231 4368 subindicat

660 4406 905 4461 sublimia
951 4406 1041 4461 illa
1075 4416 1130 4461 et
1177 4405 1467 4473 conSpicua
1502 4405 1554 4458 in
1602 4404 1823 4472 reliquis
1858 4406 2107 4471 gentibus
2142 4418 2229 4457 re-

2324 3325 2406 3361 σοι
2442 3310 2768 3379 παραδιδοὺς
2793 3310 2885 3362 ὲπὶ
2920 3312 3187 3382 τιμωρίᾳ·
3215 3313 3262 3363 οἱ
3293 3310 3349 3362 δὲ
3379 3312 3731 3381 παραχρῆμα
3768 3313 3901 3383 ἐρη-

2326 3422 2415 3473 μοι
2466 3404 2709 3470 ἐγένοντο
2749 3406 2848 3474 τῆς
2895 3404 3033 3474 ὲμῆς
3069 3404 3422 3475 στερηθέντες
3458 3405 3786 3475 ἐπισκοπῆς.
3812 3406 3907 3458 Διό

2326 3494 2587 3561 ἐπιλέγει·

2398 3606 2415 3635 ι
2458 3587 2579 3639 Ἐπὶ
2610 3587 2689 3639 σοὶ
2717 3586 2955 3657 κεφαλὴν
2988 3587 3224 3655 ἐκίνησε,
3248 3587 3493 3657 θυγάτηρ
3524 3588 3903 3659 Ἰερουσαλήμ.

2326 3678 2458 3729 Τίνα
2481 3679 2761 3741 ὠνείδισας
2795 3679 2887 3732 καὶ
2914 3678 3235 3747 παρώξυνας
3256 3697 3269 3744 ;
3294 3681 3326 3749 ἦ
3361 3680 3496 3751 πρὸς
3522 3682 3647 3734 τίνα
3679 3681 3908 3751 ὕψωσας

2327 3764 2423 3833 τὴν
2462 3766 2645 3834 φωνήν
2675 3782 2801 3829 σου;
2845 3766 2939 3818 καὶ
2980 3766 3077 3817 οὐκ
3109 3761 3248 3837 ἦρας
3276 3769 3354 3828 εἰς
3384 3768 3513 3836 ὕψος
3544 3770 3671 3832 τοὺς
3703 3769 3908 3837 ὀφθαλ-

2332 3853 2461 3923 μούς
2485 3871 2577 3906 σου
2606 3855 2739 3926 πρὸς
2764 3857 2854 3907 τὸν
2887 3856 3039 3922 ἆγιον
3060 3856 3151 3907 τοῦ
3202 3858 3435 3928 Ἰσραὴλ,
3464 3860 3545 3911 ὃτι
3570 3860 3635 3911 δι’
3658 3861 3907 3929 ἀγγέλων

2329 3943 2607 4006 ὠνείδισας
2672 3945 2893 4014 Κύριον.
2950 3945 3021 3996 Σὺ
3077 3945 3185 4014 γὰρ
3230 3940 3417 4008 εἶπας·
3453 3947 3543 4017 Τῷ
3570 3948 3767 4019 πλήθει
3798 3950 3908 4001 τῶν

2331 4032 2590 4101 ἁρμάτων
2623 4034 2731 4101 ἐγὼ
2761 4034 2956 4103 ἀνέϐην
3016 4037 3095 4096 εἰς
3155 4034 3287 4103 ὕψος
3328 4037 3534 4108 ὁρέων,
3581 4040 3675 4091 καὶ
3717 4042 3798 4103 είς
3840 4042 3907 4093 τά

2332 4122 2533 4192 ἔσχατα
2577 4124 2668 4176 τοῦ
2710 4126 2961 4188 Λιϐάνου,
2998 4129 3090 4180 καὶ
3129 4129 3298 4198 ἔκοψα
3345 4130 3403 4181 τὸ
3426 4129 3556 4198 ὕψος
3586 4135 3686 4201 τῆς
3714 4134 3906 4202 κῶρου

2331 4215 2518 4279 αὑτοῦ,
2554 4218 2647 4269 καὶ
2680 4219 2739 4269 τὸ
2772 4219 2962 4283 κάλλος
3002 4222 3100 4289 τῆς
3124 4224 3487 4293 κυπαρίσσου,
3524 4224 3618 4275 καὶ
3656 4224 3907 4294 εἰσῆλθον

2334 4308 2411 4368 εἰς
2436 4305 2566 4373 ὕψος
2593 4307 2789 4377 μέρους
2816 4310 2909 4362 τοῦ
2939 4310 3165 4379 δρυμοῦ.
3212 4332 3229 4362 ι
3274 4313 3548 4382 ᾘνίττετο
3585 4312 3674 4366 διὰ
3704 4315 3909 4368 τούτων

2333 4399 2429 4460 τὰς
2445 4399 2502 4451 ὲν
2526 4402 2639 4462 τοῖς
2669 4400 2869 4463 λοιποῖς
2898 4401 3105 4453 ἐθνεσιν
3129 4404 3511 4472 ὲπηρτημένας
3534 4405 3628 4456 καί⁵
3654 4405 3910 4476 εὐθηνου-

662 4514 786 4567 gus.
817 4499 1001 4568 Magna
1029 4504 1227 4567 quippe
1257 4497 1347 4551 illa
1382 4496 1575 4551 Libani
1624 4494 1911 4549 multitudo
1940 4496 1990 4547 in
2025 4494 2219 4547 altissi-

2337 4490 2503 4557 μὲνας
2544 4490 2835 4560 βασιλείας.
2870 4493 2943 4543 Τὸ
2983 4494 3089 4563 γὰρ
3125 4494 3257 4545 πολὺ
3294 4494 3494 4563 πλῆθος
3539 4494 3634 4545 τοῦ
3679 4497 3908 4550 Λιϐάνου

665 4594 767 4647 mis
796 4594 969 4647 cedris
983 4602 1034 4646 et
1050 4590 1335 4659 cupressis,
1358 4590 1493 4651 sive,
1515 4588 1805 4642 secundum
1831 4584 2233 4654 Symmachum,

669 4704 687 4736 ι
720 4686 999 4753 iuniperis,
1032 4704 1049 4737 ι
1073 4684 1205 4748 sive,
1239 4681 1531 4736 secundum
1560 4677 1835 4748 Aquilam,
1870 4694 1887 4726 ι
1914 4675 2227 4735 abietibus,»

666 4781 728 4831 ad
756 4778 1036 4847 imaginem
1060 4787 1113 4829 et
1142 4776 1360 4846 ﬁguram
1390 4774 1626 4844 gentium
1650 4780 1777 4824 tunc
1799 4782 2051 4838 prospere
2072 4782 2232 4836 agen-

669 4874 799 4924 tium
836 4869 1132 4935 usurpavit.

741 4960 898 5013 Vens.
926 4959 1115 5012 26-29.
1142 4976 1160 5008 ι
1184 4958 1243 5011 Et
1278 4956 1430 5024 posui
1464 4964 1701 5025 pontem,
1734 4962 1789 5004 et
1810 4950 2012 5003 vastnvi
2045 4964 2231 5016 aquas,

666 5064 720 5105 et
750 5067 960 5105 omnem
984 5050 1452 5118 congregationem
1497 5061 1665 5113 aquae.
1704 5043 1890 5099 Nonne
1917 5058 1979 5095 ea
2016 5042 2232 5095 andiisti

667 5145 814 5204 olim,
845 5158 963 5209 quae
986 5158 1083 5210 ego
1120 5140 1218 5194 feci
1253 5141 1380 5194 ?Ab
1420 5138 1657 5207 antiquis
1698 5136 1887 5191 diebus
1932 5135 2183 5189 constitui
2219 5153 2233 5199 ;

671 5250 813 5288 nunc
844 5242 1018 5290 autem
1047 5232 1257 5285 ostendi
1300 5247 1386 5285 me
1419 5242 1634 5285 vastare
1682 5240 1869 5300 gentes
1904 5230 1956 5282 in
1987 5228 2236 5289 fortibus,

670 5336 725 5379 et
749 5342 861 5389 eos,
892 5326 982 5395 qui
1022 5324 1263 5379 habitant
1311 5325 1361 5377 in
1401 5325 1707 5377 civitatibus
1749 5322 1990 5376 munitis.
2038 5320 2239 5374 Rcmisi

677 5432 884 5482 manus,
936 5429 990 5471 et
1020 5427 1371 5479 exaruerunt,
1407 5426 1459 5469 et
1495 5415 1713 5469 fuerunt
1759 5424 2013 5483 tanquam
2060 5414 2238 5466 fenum

678 5512 879 5563 aridum
911 5510 962 5563 in
1014 5509 1169 5564 tectis
1212 5519 1263 5561 et
1314 5520 1563 5577 tanquam
1604 5523 1840 5577 gramen.
1877 5506 2028 5560 Nunc
2061 5515 2237 5559 autem

684 5601 916 5668 requiem
960 5610 1128 5662 tuam,
1168 5608 1221 5651 et
1250 5601 1453 5652 exitum
1480 5609 1649 5661 tuum,
1677 5607 1731 5652 et
1765 5600 2062 5665 ingressum
2090 5608 2237 5650 tuum

679 5709 779 5759 rgo
808 5693 950 5748 novi.
990 5690 1071 5743 lra
1102 5700 1278 5744 autem
1314 5702 1425 5752 tua,
1453 5707 1558 5759 qua
1608 5691 1776 5744 iratus
1812 5704 1893 5755 es,
1933 5699 1989 5743 et
2034 5689 2236 5743 amari-

683 5785 809 5837 tudo
846 5794 932 5837 tua
973 5782 1213 5837 ascendit
1251 5780 1315 5835 ad
1368 5798 1468 5837 ine.
1502 5782 1565 5837 lit
1603 5780 1837 5849 injiciam
1882 5779 2140 5836 circulum
2184 5779 2234 5833 in

2338 4584 2394 4635 ὲν
2424 4583 2779 4653 ὑψηλοτάταις
2806 4586 3016 4655 κέδροις
3044 4586 3135 4637 καὶ
3164 4587 3541 4655 κυπαρίσσοις,
3575 4586 3607 4654 ἢ
3637 4588 3731 4639 καὶ
3768 4609 3787 4637 r
3818 4591 3911 4658 ἁρ-

2338 4677 2567 4740 κεύθοις,
2613 4698 2629 4729 ι
2669 4680 2805 4731 κατὰ
2836 4678 2925 4730 τὸν
2956 4678 3269 4747 Σύμμαχον,
3303 4679 3334 4748 ἢ
3374 4698 3391 4729 ι
3433 4678 3672 4741 ἐλάταις,
3718 4700 3736 4730 ι
3774 4683 3909 4732 κατὰ

2337 4770 2425 4821 τὸν
2477 4770 2723 4831 Ἀκύλαν,
2763 4772 2839 4831 εἰς
2882 4771 3060 4821 εἰκόνα
3100 4770 3413 4841 περιείληφε
3461 4771 3569 4824 τῶν
3602 4772 3724 4823 τότε
3754 4773 3909 4841 εὐθη-

2338 4878 2427 4913 νου
2436 4863 2612 4931 μένων
2649 4862 2835 4915 ἐθνῶν.

2413 4970 2430 5001 ι
2473 4952 2579 5003 Καὶ
2626 4951 2794 5021 ἔθηκα
2842 4950 3103 5023 γέφυραν,
3151 4954 3243 5004 καὶ
3276 4954 3546 5023 ἠρήμωσα
3592 4954 3784 5015 ὕδατα,
3821 4958 3907 5009 καὶ

2339 5046 2516 5095 πᾶσαν
2542 5043 2862 5110 συναγωγὴν
2885 5041 3088 5105 ὕδατος.
3118 5044 3190 5093 0ιῦ
3214 5043 3385 5096 ταῦτα
3414 5045 3652 5113 ἤκουσας
3687 5048 3849 5099 πάλαι
3874 5048 3905 5099 ἂ

2338 5134 2447 5200 ἐγὼ
2476 5136 2739 5204 ἐποίησας
2792 5136 2877 5201 Ἐξ
2919 5136 3137 5206 ἡμερῶν
3172 5137 3412 5206 ἀρχαίων
3466 5138 3769 5202 συνέταξα·
3818 5139 3906 5191 νῦν

2341 5227 2393 5277 δὲ
2426 5226 2669 5289 ἐπέδειξα
2702 5227 3044 5296 ἐξερημῶσαι
3073 5226 3200 5295 ἔθνη
3236 5229 3292 5278 ὲν
3326 5229 3560 5297 ὀχυροῖς,
3588 5230 3684 5280 καὶ
3712 5230 3906 5282 οἰκοῦν-

2345 5336 2440 5381 τας
2474 5322 2531 5372 ἐν
2562 5320 2776 5371 πόλεσιν
2808 5321 3048 5390 ὀχυραῖς.
3097 5320 3301 5387 ’Λνῆκα
3339 5319 3439 5381 τὰς
3472 5323 3679 5391 χεῖρας,
3709 5323 3799 5373 καὶ
3825 5322 3905 5385 ὲξ-

2346 5411 2675 5481 ηράνθησαν,
2713 5412 2805 5462 καὶ
2839 5413 3085 5479 ἐγένοντο
3108 5412 3181 5473 ὡς
3206 5412 3398 5481 χόρτος
3428 5410 3588 5480 ξηρὸς
3612 5414 3705 5463 ἐπὶ
3733 5412 3905 5481 δωμά-

2344 5524 2469 5566 των,
2497 5506 2587 5557 καὶ
2607 5506 2680 5566 ὡς
2698 5506 2989 5573 ἆγρωστις.
3010 5505 3123 5556 Νῦν
3142 5504 3197 5554 δὲ
3230 5506 3326 5574 τὴν
3360 5504 3665 5555 ἁνάπαυσίν
3702 5522 3791 5554 σου
3822 5508 3905 5557 κέι

2344 5599 2439 5666 τὴν
2473 5598 2645 5660 ἔξοδόν
2678 5615 2768 5649 σου
2819 5598 2910 5649 καὶ
2944 5596 3039 5665 τὴν
3077 5595 3279 5648 εἴσοδόν
3314 5612 3408 5647 σου
3455 5594 3564 5661 ἐγὼ
3593 5596 3900 5663 ἐπίσταμαι.

2356 5692 2413 5740 ’0
2439 5691 2495 5741 δὲ
2520 5688 2684 5757 θυμός
2712 5706 2827 5746 σου,
2857 5688 2913 5739 ὃν
2948 5686 3252 5756 ἐθυμώθης,
3301 5686 3393 5739 καὶ
3412 5687 3445 5754 ἡ
3473 5686 3668 5754 πικρία
3700 5704 3793 5738 σου
3821 5690 3903 5741 ἁν-

2345 5782 2438 5849 ἐόη
2476 5782 2602 5851 πρός
2643 5782 2728 5850 μέ.
2760 5780 2865 5834 Καὶ
2900 5777 3116 5848 ἐμϐαλῶ
3150 5778 3311 5847 φιμὸν
3358 5778 3435 5840 εἰς
3483 5778 3580 5844 τὴν
3625 5778 3750 5845 ῥῖνα
3798 5794 3902 5842 σου,
