4058 6408
183 368 280 427 $53

1060 361 1555 419 COMMENTARIA
1596 362 1661 417 IN
1702 360 1963 418 ISAIAH.
2006 392 2074 405 ——
2109 360 2269 417 CAP.
2313 358 2578 415 XXXVII.

3349 363 3457 419 555

182 479 271 533 καὶ
312 478 535 550 χαλινὸν
569 480 652 541 εἰς
684 476 753 541 τὰ
778 475 933 548 χείλη
968 492 1082 542 σου,
1112 477 1209 530 καὶ⁵
1236 477 1573 548 όποστρέψω
1608 494 1667 530 σε
1700 479 1765 548 τῇ

1873 492 2033 531 nares
2069 486 2211 544 tuas,
2250 483 2306 532 et
2352 477 2564 533 frennm
2610 477 2663 531 in
2699 476 2840 530 labia
2876 482 2965 529 tua
3002 494 3016 531 :
3050 486 3104 531 et
3139 487 3381 534 avertam
3408 474 3461 536 te

179 569 280 640 ὁδῷ
305 566 339 645 ᾖ
365 566 534 643 ἦλθες
565 570 625 623 ὲν
655 568 792 639 αὐτῇ
812 584 825 597 ·
853 586 871 619 ι
889 567 976 621 ἴνα
1007 567 1083 639 μή
1108 567 1232 621 ὅποι
1249 567 1428 639 βούλει
1457 568 1647 640 ἀπίῃς,
1683 569 1771 621 ἕλ-

183 677 297 712 κοιο
316 662 377 713 δὲ
417 662 511 714 καὶ
536 660 611 731 μή
643 659 965 729 βουλόμενος
995 660 1078 723 εἰς
1105 659 1375 713 τούπίσω’
1413 661 1771 732 ἀποστραφῆ-

182 770 269 806 ναι
303 754 415 824 γάρ
445 769 505 806 σε
545 752 728 823 δεήσει
777 751 857 821 τῷ
886 750 990 821 ὀδῷ
1020 744 1054 824 ᾖ
1081 750 1181 822 τήν
1205 751 1435 806 ἐνταῦθα
1473 754 1770 824 πεποίησαι

186 845 434 914 πορείαν.
484 843 622 915 πρὸς
674 843 737 897 τὺ
789 844 862 915 μὴ
912 842 1132 897 τοιαῦτα
1169 842 1502 913 φθέγγεσθαι
1539 845 1767 915 τολμᾷν.

187 935 329 1006 Πλὴν
358 938 409 991 εἰ
438 936 533 987 καὶ
569 935 643 1006 μὴ
674 934 1022 988 συναπώλεσε
1049 934 1128 1005 τῷ
1161 935 1354 1005 πλήθει
1385 936 1473 990 διὰ
1489 938 1588 1007 τὴν
1617 939 1768 1009 εἰρη-

188 1026 355 1097 μένην
371 1028 572 1093 αἰτίαν,
591 1027 659 1080 δι’
677 1026 744 1097 ἢν
765 1026 859 1079 καὶ
878 1026 1094 1097 Φαραὼ,
1114 1026 1223 1078 τῶν
1240 1025 1441 1079 λοιπῶν
1456 1028 1771 1096 Αἰγυπτίων

188 1120 587 1190 κολαζομένων,
639 1118 845 1189 θεωρὸς
888 1118 1238 1187 ἐφυλάττετο·
1278 1118 1428 1189 ὅμως
1470 1118 1601 1185 γοῦν
1642 1120 1770 1183 τοὺς

185 1210 347 1263 αὐτοῦ
383 1211 582 1273 παῖδας
611 1203 768 1280 εὗρεν
808 1208 1002 1261 ἑαυτοῦ
1040 1208 1233 1277 φονέας
1286 1209 1379 1266 ἐπὶ
1424 1211 1524 1276 τῆς
1564 1209 1769 1271 οἰκείας

185 1302 476 1371 γενόμενος
503 1302 626 1372 γῆς-

257 1413 276 1443 ‹
317 1393 494 1447 Τοῦτο
520 1393 577 1447 δέ
612 1410 696 1446 σοι
732 1392 794 1446 τὸ
811 1394 1034 1463 σημεῖον
1054 1408 1070 1423 ·
1105 1391 1243 1461 φάγε
1265 1391 1453 1445 τοῦτον
1475 1390 1568 1444 τὸν
1588 1392 1769 1443 ἐνιαυ-

183 1484 271 1536 τὸν
304 1485 340 1538 ἃ
374 1486 695 1555 εσπαρκάς·
726 1482 807 1553 τῷ
835 1484 893 1536 δὲ
919 1483 1150 1553 ἐνιαυτῷ
1192 1481 1271 1553 τῷ
1302 1482 1536 1553 δευτέρῳ
1571 1481 1632 1533 τὸ
1666 1498 1767 1533 κα-

182 1575 459 1645 τάλειμμα
484 1593 497 1604 ·
526 1573 603 1644 τῷ
622 1575 679 1627 δὲ
709 1575 875 1645 τρίτῳ
904 1574 1223 1643 σπείραντες
1245 1574 1518 1644 άμήσατε,
1544 1572 1639 1625 καὶ
1661 1589 1765 1640 φυ-

181 1668 408 1719 τεύσατε
434 1665 784 1735 ἀμπελῶνας,
807 1666 901 1718 καὶ
921 1665 1158 1735 φάγεσθε
1176 1665 1267 1717 τὸν
1285 1664 1494 1734 καρπὸν
1510 1662 1708 1717 αὐτῶν.
1741 1681 1760 1714 ι

182 1757 245 1810 Εἰ
262 1756 321 1811 δέ
338 1774 423 1809 σοι
446 1758 529 1808 δεῖ
554 1756 780 1827 σημείου
810 1756 947 1826 πρὸς
976 1757 1239 1808 πίστωσιν
1260 1755 1370 1807 τῶν
1399 1754 1547 1825 ὲμῶν
1568 1755 1762 1822 λόγων,

184 1846 291 1899 ῖσθι
347 1849 433 1901 ὅτι
461 1847 554 1900 τὸν
587 1847 829 1915 παρόντα
850 1846 1090 1898 ἐνιαυτὸν
1132 1848 1246 1908 τοῖς
1285 1845 1393 1897 ἀπὸ
1417 1845 1518 1915 τῆς
1542 1846 1643 1915 γῆς
1667 1842 1767 1897 αὖ·

180 1939 435 2007 τομάτως
492 1936 976 2007 άναδοθησομένοις
1025 1936 1163 2008 πρὸς
1210 1935 1415 2007 τροφὴν
1465 1938 1665 2007 χρήσῃ,
1706 1936 1768 1989 τὸ

182 2028 320 2097 μηδὲ
346 2027 603 2081 δύνασθαι
636 2027 881 2098 συνήθως
918 2027 1018 2097 τήν
1058 2024 1243 2098 χώραν
1277 2026 1553 2097 γεωργίας
1583 2030 1768 2098 τυχεῖν

178 2119 268 2173 διὰ
299 2119 401 2189 τὴν
431 2118 539 2172 τῶν
566 2117 838 2189 πολεμίων
859 2117 1068 2188 ἔφοδον.

254 2226 275 2259 ε
308 2208 418 2261 Καὶ
456 2208 666 2260 ἔσονται
712 2210 760 2260 οἰ
793 2206 1276 2278 καταλελειμμένοι
1317 2208 1376 2261 ὲν
1408 2208 1474 2278 τῇ
1512 2207 1762 2279 Ἰουδαίᾳ,

179 2300 450 2368 φυήσουσι
503 2299 659 2370 ῥίζαν
697 2299 869 2360 κάτω,
913 2299 1007 2351 καὶ
1034 2299 1320 2367 ποιήσουσι
1355 2299 1577 2369 σπέρμα
1616 2300 1763 2363 άνω,

176 2391 261 2445 ὅτι
290 2391 352 2456 ἐξ
392 2390 749 2461 Ἰερουσαλήμ
786 2389 998 2442 ἔσονται
1040 2390 1090 2444 οἰ
1121 2390 1628 2460 καταλελειμμένοι,
1673 2390 1767 2443 καὶ

177 2483 230 2534 οἰ
244 2480 548 2551 σωζόμενοι
570 2480 629 2545 ἐξ
652 2479 812 2550 ὅρους
842 2477 1001 2534 Σιών.
1039 2482 1098 2533 '0
1119 2480 1280 2549 ζῆλος
1303 2480 1508 2551 Κυρίου
1536 2478 1763 2533 Σαϐαὼθ

180 2573 399 2641 ποιήσει
428 2570 622 2625 ταῦτα.
648 2571 746 2623 Διὰ
777 2570 935 2623 τοῦτο
952 2570 1125 2634 οὕτως
1148 2571 1291 2639 λέγει
1316 2571 1517 2643 Κύριος
1556 2574 1650 2625 ἐπὶ
1672 2571 1767 2641 βα-

180 2663 338 2717 σιλέα
374 2664 705 2735 Ἀσσυρίων·
736 2665 812 2717 Οὐ
852 2663 926 2735 μὴ
956 2663 1171 2734 εἰσέλθῃ
1213 2665 1293 2727 εἰς
1321 2666 1420 2736 τὴν
1447 2665 1609 2717 πόλιν
1633 2664 1767 2718 ταύ-

177 2772 303 2827 την,
338 2754 459 2808 οὐδὲ
488 2755 562 2825 μὴ
584 2755 722 2828 βάλῃ
752 2755 841 2807 ἐπ’
861 2754 1033 2825 αὐτὴν
1068 2753 1238 2824 βέλος,
1270 2754 1392 2807 οὐδὲ
1427 2756 1502 2826 μὴ
1530 2756 1767 2826 ἐπιϐάλῃ

177 2844 267 2897 ἐπ’
297 2843 469 2914 αὐτὴν
494 2842 706 2915 θυρεὸν,
740 2844 865 2898 οὐδὲ
884 2844 959 2915 μὴ
986 2843 1241 2915 κυκλὼσῃ
1272 2845 1359 2897 ἐπ’
1387 2847 1554 2918 αὐτὴν
1592 2848 1765 2918 χάρα-

178 2953 274 2999 κα,
320 2954 340 2986 ο
376 2936 438 2987 εὑ
471 2935 691 3000 εἰδότες,
713 2935 790 2999 ὡς
818 2938 867 2989 οἰ
888 2936 1330 3006 περιλειφθέντες
1358 2940 1416 2990 ἐν
1444 2942 1509 3009 τῇ
1539 2941 1766 3011 Ἰουδαίᾳ

180 3024 325 3095 μετὰ
366 3024 469 3094 τὴν
501 3026 878 3096 αἰχμαλωσίαν
914 3026 1009 3080 τοῦ
1040 3028 1099 3079 ὲν
1130 3028 1411 3100 Σαμαρείᾳ
1443 3029 1683 3100 πλήθους
1705 3032 1766 3083 ὲν

178 3116 379 3187 εἰρήνῃ
410 3115 765 3182 διατελέσετε,
798 3118 848 3169 εἰ
884 3117 1028 3171 κατὰ
1062 3119 1162 3189 τήν
1192 3118 1330 3189 ἐμὴν
1354 3118 1569 3191 βουλὴν,
1608 3120 1764 3192 ῥίζαν
1791 3146 1834 3204 c

178 3206 513 3275 ἐμϐαλόντες
546 3206 763 3277 ἑδραίαν
805 3208 1111 3272 θεοσεϐείας
1158 3211 1216 3263 ὲν
1247 3212 1314 3281 τῇ
1351 3210 1561 3264 ἑαυτῶν
1590 3211 1757 3282 ψυχῇ.

176 3296 395 3368 καρπὸν
422 3300 521 3368 τῆς
548 3299 687 3369 ἐμῆς
720 3286 995 3370 γεωργίας
1030 3300 1179 3366 ἄξιον
1223 3299 1595 3354 ἀναϐλέποντα
1626 3302 1763 3373 πρὸς

178 3385 267 3458 μιν
280 3387 608 3441 ἀναδώσετε.

256 3495 277 3528 ι
328 3476 486 3529 Ἀλλὰ
519 3480 584 3547 τῇ
793 3472 978 3548 ἦλθεν,
1003 3478 1063 3529 ὲν
1086 3479 1224 3549 αὐτῇ
1257 3480 1759 3552 ἀποστραφήσεται,

169 3566 274 3621 καὶ
292 3570 375 3630 εἰς
396 3566 496 3637 τὴν
512 3566 665 3620 πόλιν
684 3566 887 3639 ταύτην
905 3568 966 3620 οὐ
987 3567 1061 3639 μή
1083 3569 1316 3640 εἰσέλθῃ.
1341 3569 1479 3622 Τάδε
1496 3570 1644 3638 λέγει
1658 3569 1764 3623 K6-

177 3676 298 3732 ριος
316 3675 331 3688 ·
374 3658 727 3729 ’Υπερασπιῶ
742 3659 883 3730 ὑπὲρ
904 3662 1005 3730 τῆς
1023 3660 1229 3723 πόλεως
1246 3661 1452 3733 ταύτης
1476 3661 1571 3715 τοῦ
1590 3653 1763 3716 σῶσαι

173 3750 350 3821 αὐτὴν
371 3749 439 3801 δι’
469 3750 603 3814 ἐμὲ,
640 3750 736 3803 καὶ
765 3748 855 3801 διὰ
884 3748 1044 3802 Δαυῒδ
1069 3750 1161 3803 τὸν
1181 3752 1347 3806 παῖδά
1377 3769 1500 3822 μου.
1535 3771 1554 3804 ι
1593 3752 1765 3805 Τοῦτο

173 3840 288 3910 γὰρ
315 3840 445 3909 ἐμοὶ
471 3838 590 3909 Θεῷ
613 3838 725 3892 ϐντι
758 3839 976 3909 πρέπει.
1012 3838 1103 3891 Διὸ
1127 3840 1298 3895 ταῦτα
1324 3842 1515 3912 πράξω
1546 3842 1614 3895 δι’
1639 3843 1762 3913 ἐμὲ,

175 3930 295 3985 ἀλλ’
318 3930 379 3982 οὐ
408 3928 496 3981 διὰ
517 3927 611 3981 τοῦ
634 3926 815 3993 ἀξίους
831 3924 968 3981 εἰναι
991 3928 1117 3993 τοὺς
1136 3929 1549 4003 βοηθουμένους.

254 4126 275 4160 ι
304 4109 417 4160 Καὶ
440 4105 660 4177 ἐξῆλθεν
692 4107 918 4176 ἄγγελος
943 4109 1172 4179 Κυρίου,
1204 4110 1296 4162 καὶ
1326 4110 1535 4163 ἀνεῖλεν
1564 4112 1629 4163 ὲκ
1661 4111 1763 4181 τῆς

171 4201 533 4272 παρεμϐολῆς
557 4202 668 4255 τῶν
707 4203 1005 4274 Ἀσσυρίων
1039 4210 1156 4274 ρπε⁹
1175 4204 1447 4274 χιλιάδας⁸
1496 4206 1591 4256 καὶ
1618 4206 1766 4257 ἀνα-

178 4293 410 4355 ρτάντες
429 4294 491 4347 τὸ
507 4292 672 4363 πρωῒ,
701 4288 859 4365 εὗρον
881 4295 1057 4347 πάντα
1077 4296 1144 4348 τὰ
1179 4295 1407 4367 σώματα
1432 4296 1621 4367 νεκρά.
1655 4296 1764 4349 Καὶ

171 4383 427 4454 ἀπῆλθεν
466 4384 839 4455 ἀποστραφεὶς
880 4384 1254 4457 Σενναχηρεὶμ
1285 4385 1534 4455 βασιλεὺς
1569 4387 1763 4437 Ἀσσυ-

1871 581 1934 620 ea
1950 568 2057 630 via,
2078 581 2181 634 qua
2205 566 2432 623 venisti:
2456 587 2476 619 ι
2498 576 2556 620 ιιι
2574 580 2642 621 ne
2662 579 2985 635 quocunque
3009 566 3420 623 voluerisabcas
3441 611 3459 637 ,

1875 659 1970 713 sed
1998 659 2081 713 vel
2124 659 2325 713 invitus
2366 658 2709 714 retrocedere
2744 659 2959 727 cogaris
2990 674 3003 711 :
3035 673 3138 727 qua
3162 659 3308 713 enim
3352 662 3462 715 huc

1868 750 2082 812 venisti,
2114 750 2299 804 eadem
2317 759 2377 805 ‘te
2417 750 2696 805 discedere
2718 748 2805 803 via
2844 765 2979 818 opus
3014 750 3119 803 erit
3142 790 3158 814 ,
3184 760 3242 803 nt
3280 766 3349 805 ne
3381 763 3463 806 ts-

1868 839 1941 893 lla
1982 840 2124 909 loqui
2149 842 2370 896 audeas.
2395 840 2595 896 Verum
2633 840 2843 895 etiamsi
2872 850 3167 894 memorata
3204 841 3269 895 de
3291 856 3458 897 causa

1868 947 1975 986 non
2015 948 2139 985 cum
2183 932 2522 989 multitudine
2553 933 2798 1003 perierit,
2822 932 2892 986 ob
2920 948 3082 1000 quam
3118 935 3281 988 etiam
3313 934 3460 989 Pha-

1870 1036 1984 1087 rao,
2016 1022 2237 1090 reliquis
2278 1021 2549 1095 Egyptiis
2598 1023 2870 1093 supplicio
2912 1021 3144 1085 aﬂ'ectis.
3182 1035 3461 1094 spectator

1871 1113 2249 1167 reservabatur
2273 1130 2287 1165 :
2311 1123 2548 1167 attamen
2581 1112 2631 1166 in
2654 1124 2856 1165 terram
2886 1127 3138 1168 reversus
3160 1115 3459 1183 prOpriam,

1871 1203 2010 1258 tilios
2040 1204 2335 1272 parricidas
2373 1204 2597 1257 invenit.

1939 1378 2106 1437 Vsus.
2130 1382 2222 1447 50,
2252 1383 2343 1438 3f.
2382 1400 2404 1435 ι
2442 1382 2551 1438 Hoc
2589 1393 2770 1437 antem
2804 1382 2899 1438 tibi
2948 1383 3160 1454 signum
3192 1400 3207 1436 :
3236 1383 3460 1437 comede

1868 1472 1972 1528 hoc
2004 1488 2164 1536 anno,
2188 1488 2308 1544 quae
2336 1475 2611 1528 seminasti
2631 1492 2647 1538 ;
2665 1488 2810 1529 anno
2825 1485 3007 1529 antem
3030 1476 3293 1540 secundo,
3310 1476 3458 1545 quod

1868 1564 2143 1618 residuum
2172 1564 2321 1632 erit;
2363 1564 2545 1629 tertio,
2598 1565 2931 1620 seminantes
2975 1566 3185 1631 metite,
3214 1575 3272 1621 et
3300 1566 3460 1636 plan-

1868 1663 1978 1709 tate
2007 1655 2217 1719 vineas,
2245 1665 2302 1711 et
2344 1655 2615 1711 comedite
2648 1654 2885 1710 fructum
2916 1671 3127 1711 earnm.
3169 1676 3189 1710 ι
3224 1657 3283 1713 Si
3330 1673 3461 1711 vero

1868 1743 1937 1796 ad
1968 1758 2280 1799 sermonum
2312 1758 2557 1799 meorum
2579 1744 3047 1801 confirmationem
3074 1747 3231 1816 signo
3254 1746 3353 1799 tibi
3384 1748 3461 1799 sit

1869 1847 2004 1901 opus
2028 1871 2045 1897 ,
2083 1834 2219 1888 scito
2246 1842 2298 1888 te
2322 1834 2428 1888 hoc
2450 1847 2594 1887 anno
2620 1842 2813 1901 sponte
2838 1834 3189 1890 nascentibus
3215 1849 3284 1889 ex
3310 1846 3457 1889 terra

1868 1923 2134 1980 fructibus
2175 1925 2445 1979 victurum
2492 1940 2653 1991 esse;
2688 1928 2831 1994 quod
2868 1941 2973 1980 non
3011 1928 3248 1995 potuerit
3283 1926 3456 1997 regio,

1869 2015 2103 2070 inimicis
2130 2016 2575 2084 irrumpentibus,
2605 2032 2701 2083 pro
2738 2030 2889 2071 more
2920 2017 3083 2071 solito
3106 2017 3307 2072 excoli.

1938 2196 2103 2251 Vens.
2127 2195 2219 2259 32,
2248 2196 2341 2253 33.
2373 2213 2394 2247 ι
2427 2195 2493 2250 Ει
2516 2204 2673 2251 erunt
2700 2195 2891 2263 reliqui
2922 2195 2975 2249 in
3009 2193 3215 2259 Judaza,
3253 2194 3458 2265 produ-

1867 2300 1993 2345 cent
2036 2273 2269 2343 radicem
2310 2288 2587 2347 deorsum.
2632 2297 2689 2342 et
2740 2286 2942 2341 facient
2973 2300 3158 2341 semen
3212 2302 3455 2350 sursum,

1867 2379 1991 2447 quia
2023 2392 2087 2432 ex
2112 2374 2409 2431 Jerusalem
2430 2387 2591 2431 erunt
2624 2377 2849 2442 residui,
2870 2387 2923 2430 et
2949 2376 3145 2431 salvati
3174 2378 3242 2432 de
3272 2387 3459 2432 monte

1870 2469 2021 2523 Sion.
2062 2468 2223 2522 Zelus
2262 2466 2474 2523 Domini
2515 2467 2754 2523 Sabaoth
2790 2468 2955 2523 faciet
2981 2471 3114 2525 haec.
3158 2468 3457 2539 Propterea

1866 2558 1945 2613 sic
1967 2559 2097 2613 dicit
2122 2557 2382 2611 Dominus
2411 2558 2464 2611 in
2492 2573 2671 2629 regem
2715 2560 3093 2629 Assyriorum:
3124 2557 3243 2613 Non
3277 2559 3455 2613 intra-

1866 2648 1946 2703 bit
1975 2648 2028 2701 in
2051 2646 2325 2701 civitatem
2355 2646 2519 2711 hanc,
2544 2662 2719 2717 neque
2735 2646 2905 2714 jaciet
2936 2650 2989 2703 in
3022 2662 3143 2702 eam
3173 2648 3457 2719 sagittam,

1869 2751 2043 2805 neque
2069 2736 2324 2790 immittet
2348 2736 2401 2790 in
2430 2752 2549 2789 eam
2571 2736 2848 2806 clypeum,
2884 2752 3059 2807 neque
3089 2737 3457 2794 circumdabit

1866 2840 1985 2880 eam
2021 2825 2179 2891 vallo,
2219 2843 2238 2876 ι
2264 2825 2499 2879 scientes
2542 2841 2661 2890 vos,
2702 2836 2822 2896 post
2854 2827 3148 2882 abductmn
3194 2829 3248 2882 in
3284 2829 3462 2899 σειριί-

1867 2917 2088 2971 vitatem
2129 2916 2389 2971 Samaria:
2414 2915 2668 2986 populum
2705 2919 2757 2971 iu
2787 2917 2971 2973 Judata
2998 2920 3308 2987 derelictos,
3328 2935 3457 2974 cum

1868 3022 2001 3077 pace
2049 3017 2269 3063 acturos
2307 3022 2464 3073 esse,
2507 3008 2552 3062 si
2584 3013 2652 3062 ad
2705 3008 2958 3077 placitum
3014 3025 3195 3064 meum
3241 3010 3457 3064 llrmam

1869 3102 2085 3172 pietatis
2118 3101 2355 3155 radicem
2386 3100 2441 3153 in
2475 3100 2655 3155 anima
2692 3111 2868 3155 vestra
2910 3110 3191 3170 ponentes,
3221 3101 3460 3157 fructum

1866 3194 2196 3263 agricultura
2225 3208 2344 3247 mea
2390 3192 2631 3263 dignum,
2666 3192 2733 3245 ad
2771 3209 2857 3246 me
2904 3204 3277 3263 spectantem,
3311 3203 3458 3247 attu-

1865 3286 2058 3340 let-itis.

1936 3466 2099 3521 Vens.
2130 3466 2339 3530 34,35.
2376 3483 2397 3516 ι
2437 3464 2547 3520 Sed
2570 3479 2675 3534 qua
2706 3462 2792 3516 via
2828 3465 2997 3528 venit,
3036 3465 3228 3519 eadem
3272 3480 3457 3520 rever-

1867 3567 2037 3623 tetur,
2067 3568 2121 3612 et
2150 3559 2202 3610 in
2231 3559 2369 3612 banc
2402 3556 2595 3611 urbem
2629 3572 2733 3611 non
2769 3556 3125 3625 ingredietur.
3170 3556 3293 3611 Haec
3322 3558 3458 3612 dicit

1866 3649 2127 3705 Dominus
2153 3667 2167 3703 :
2193 3647 2484 3719 Protegam
2506 3648 2781 3702 civitatem
2813 3648 2974 3712 hanc,
2998 3656 3056 3700 ιιι
3079 3661 3295 3702 servem
3330 3662 3453 3702 eam

1864 3752 2082 3811 propter
2106 3755 2226 3803 me,
2259 3748 2315 3792 et
2356 3748 2578 3809 propter
2626 3737 2793 3791 David
2836 3752 3053 3792 servum
3091 3753 3294 3792 meum.
3338 3757 3359 3790 ι
3396 3737 3456 3791 Μ

1862 3832 2011 3887 enim
2037 3831 2191 3894 mihi,
2224 3840 2283 3884 nt
2312 3831 2439 3893 Deo,
2467 3844 2771 3899 congruens
2806 3840 2907 3882 est.
2936 3828 3113 3895 Quare
3148 3831 3199 3882 id
3229 3842 3453 3899 promer

1864 3934 1952 3974 me
1999 3936 2191 3990 agam;
2221 3920 2316 3973 sed
2372 3934 2479 3972 non
2530 3919 2675 3988 quod
2714 3918 2789 3972 illi
2821 3919 2910 3987 qni
2942 3916 3205 3985 juvantur
3245 3919 3453 3973 auxilio

1865 4010 2011 4080 digni
2036 4014 2166 4065 sint.

1936 4100 2311 4155 Vens.36-58.
2338 4119 2357 4151 ι
2396 4099 2463 4155 Ει
2513 4115 2765 4171 egressus
2811 4111 2897 4157 est
2944 4100 3168 4171 angelus
3203 4099 3449 4168 Domini,

1864 4204 1919 4248 et
1976 4194 2251 4249 interfecit
2287 4208 2355 4247 ex
2393 4195 2589 4247 castris
2647 4194 2991 4263 Assyriorum
3041 4204 3258 4248 centum
3300 4204 3452 4250 octo-

1865 4288 2012 4353 ginta
2036 4287 2275 4356 quinque
2299 4284 2566 4340 rnilliazet
2594 4295 2884 4353 surgentes
2912 4299 3093 4349 mane,
3126 4286 3453 4339 invenerunt

1866 4381 2049 4437 Omnia
2072 4380 2359 4434 cadavera.
2408 4377 2477 4431 Et
2503 4391 2754 4433 reversus
2779 4376 2912 4429 abiit
2938 4375 3327 4430 Sennaclterim
3355 4390 3451 4430 rex

180 4476 337 4549 ρίων,
363 4476 458 4529 καί
480 4475 697 4546 ῷκησεν
725 4477 784 4529 ἐν
809 4476 1010 4547 Νινευῇ
1031 4494 1047 4508 ο
1079 4478 1174 4530 καὶ
1207 4478 1265 4529 ὲν
1292 4477 1372 4547 τῷ
1399 4479 1562 4533 αὑτὸν
1589 4495 1759 4549 προσ-

1870 4476 2234 4543 Assyriorum,
2269 4480 2322 4525 et
2357 4471 2624 4525 habitavit
2659 4470 2713 4523 in
2756 4468 2970 4529 Nlnive.
3020 4477 3077 4522 et
3108 4483 3231 4521 cnm
3257 4466 3452 4521 adora-

175 4572 364 4624 κυνεῖν
416 4569 474 4620 ὲν
514 4568 594 4637 τῷ
629 4569 763 4638 οἴκῳ
797 4568 1064 4638 Νασαρὰχ
1104 4567 1195 4622 τὸν
1230 4568 1541 4640 πάτραρχον
1572 4568 1761 4635 αὑτοῦ,

190 4658 527 4731 ’Δδραμέλεχ
547 4660 640 4711 καὶ
675 4659 935 4730 Σαρασὰρ
961 4661 1011 4712 οἱ
1034 4660 1141 4711 υἰοὶ
1167 4658 1332 4712 αὐτοῦ
1363 4660 1641 4726 ἐπάταξαν
1667 4660 1765 4712 αὑ-

170 4753 269 4804 τὸν
301 4751 616 4820 μαχαίραις.
650 4750 813 4801 Abeo).
854 4749 911 4802 δὲ
944 4748 1279 4819 διεσώθησαν
1324 4750 1403 4812 εἰς
1448 4751 1759 4822 Ἀρμενίαν,

170 4847 274 4898 καὶ
308 4843 658 4897 ἐϐασίλευσεν
703 4844 960 4913 ’Λσορδὰν
990 4847 1020 4897 ὁ
1040 4845 1154 4906 υἱὸς
1182 4843 1347 4897 αὐτοῦ
1374 4846 1485 4897 ἀντ’
1509 4845 1695 4899 αὑτοῦ.
1733 4865 1753 4898 ι

171 4935 295 4985 οὐκ
324 4935 405 4995 εἰς
428 4932 645 5004 μακρὰν
672 4933 727 4985 δὲ
755 4937 864 4994 τοῖς
899 4933 1075 5001 λόγοις
1104 4933 1307 5003 φοϐερά
1327 4952 1410 4996 τις
1436 4934 1589 5005 θεῖκὴ
1622 4940 1761 5007 πρά-

173 5026 259 5088 et;
284 5024 473 5075 εἵπετο
517 5024 713 5077 αὐτίκα
760 5024 897 5093 μετὰ
932 5026 1137 5089 ταύτας
1172 5027 1269 5089 τὰς
1304 5026 1508 5094 φωνὰς,
1531 5027 1639 5080 οὐδ’
1667 5030 1763 5081 dw-

172 5115 458 5186 Ορωπίνης
502 5115 744 5185 μεθόδου,
785 5115 1039 5185 μυριάδες
1070 5116 1282 5187 ἀθρόως
1321 5117 1528 5188 ἀνδῴν
1567 5118 1763 5190 εὕρην-

170 5223 268 5258 ται
296 5206 488 5271 νεκρά).
518 5204 843 5275 βεϐλημέναι
884 5207 987 5259 ὑπὸ
1012 5208 1192 5276 χειρὸς
1231 5208 1348 5271 ἐνὸς
1378 5208 1606 5276 ἀγγέλου
1628 5228 1641 5239 ο
1674 5228 1763 5263 το-

173 5297 371 5358 σοῦτος
397 5295 504 5365 γὰρ
530 5291 597 5365 ἦν
630 5292 801 5361 οὗτος,
850 5296 924 5359 ὼς
953 5297 1088 5349 Θεοῦ
1129 5300 1305 5369 κρίσει
1336 5300 1759 5369 διακονήσασθαι

170 5393 273 5446 καὶ
295 5389 534 5443 τοσαῦτα
556 5390 731 5459 πλήθη
756 5390 861 5441 τῶν
884 5390 1155 5459 πολεμίων
1180 5390 1389 5443 ἀνελεῖν
1406 5408 1417 5419 ο
1449 5392 1593 5453 ὅπως
1616 5391 1760 5462 ἔργῳ

169 5484 376 5551 πεῖραν
414 5478 566 5531 λάϐοι
599 5480 626 5529 ὀ
654 5479 856 5529 τούτων
887 5478 1155 5548 βασιλεὺς,
1202 5479 1259 5539 ὃς
1313 5478 1757 5550 mummium

170 5571 341 5625 Θεοῦ.
398 5569 601 5622 Τούτου
642 5569 770 5634 γοῦν
812 5571 997 5622 ἕνεκεν
1038 5570 1303 5622 τοσούτων
1352 5570 1755 5638 ἀπολλυμένων,

173 5666 238 5717 οὐ
283 5660 686 5725 συναπώλλυτο,
725 5661 799 5724 ὡς
837 5662 901 5714 ἂν
940 5662 1141 5731 θεωρὸς
1176 5662 1462 5731 γενόμ;νος
1495 5660 1588 5711 τοῦ
1620 5678 1760 5729 πρα-

177 5757 424 5825 χθέντος,
482 5754 579 5824 τὴν
637 5754 793 5807 ἄθεον
844 5755 1007 5807 αὑτοῦ
1050 5754 1294 5822 γλῶτταν
1331 5753 1753 5821 ἑπιστομὶσειεν.

1870 4574 1954 4619 ret
1976 4566 2032 4618 in
2066 4564 2227 4619 domo
2254 4560 2532 4617 Nasarach
2562 4570 2851 4630 patronum
2889 4574 3071 4626 suum,
3094 4560 3449 4615 Adramelecli

1868 4668 1924 4712 et
1954 4657 2188 4709 Sarasar
2220 4654 2311 4708 filii
2360 4654 2476 4721 eius
2508 4662 2899 4723 percusserunt
2940 4668 3063 4705 eum
3100 4651 3311 4722 gladiis.
3346 4651 3448 4721 Ipsi

1869 4763 1997 4802 vero
2021 4751 2377 4815 confugerunt
2405 4747 2456 4799 in
2487 4746 2822 4808 Armeniam,
2852 4754 2906 4798 et
2928 4744 3173 4814 regnavit
3206 4743 3447 4798 Asorilan

1868 4838 2010 4894 filius
2036 4841 2152 4901 eius
2202 4853 2299 4904 pro
2338 4852 2422 4891 eo.
2464 4856 2483 4889 ι
2537 4836 2646 4891 Nec
2675 4836 2845 4890 multo
2882 4844 3001 4904 post
3038 4835 3136 4889 has
3159 4835 3329 4887 editas
3356 4850 3450 4887 vo-

1864 4948 1978 4995 ces.
2012 4946 2099 4984 res
2126 4929 2490 4997 perliorrenda
2525 4928 2782 4981 divinitus
2809 4928 3028 4986 accidit.
3059 4943 3160 4981 non
3198 4928 3448 4980 humana:

1864 5023 2160 5086 facultatis,
2182 5020 2452 5091 myriatles
2468 5021 2705 5074 virorum
2733 5020 2892 5072 unius
2914 5018 3090 5089 angeli
3118 5034 3275 5072 manu
3294 5033 3448 5074 casa:

1868 5127 2096 5183 reperta:
2146 5122 2272 5165 sunt
2315 5127 2327 5160 :
2364 5119 2546 5164 tantus
2593 5112 2735 5165 enim
2789 5110 2879 5162 ille
2931 5110 3158 5179 angelus
3196 5118 3346 5173 erat,
3389 5122 3447 5164 nt

1860 5204 2062 5276 judicio
2096 5203 2189 5257 Dei
2221 5202 2578 5266 ministraret,
2609 5210 2663 5255 et
2690 5212 2892 5256 tantam
2935 5201 3168 5255 hostium
3202 5202 3445 5254 multitu-

1868 5300 2047 5351 dinem
2091 5295 2463 5355 interftceret;
2520 5306 2575 5347 ut
2639 5310 2731 5347 rex
2796 5293 3011 5347 illorum
3071 5294 3445 5357 experimento

1867 5391 2099 5445 disceret
2134 5402 2193 5441 se
2221 5395 2407 5439 contra
2464 5386 2628 5439 Deum
2670 5385 2988 5453 blasphema
3032 5384 3337 5451 protulisse.
3370 5385 3441 5436 Εει

1866 5482 1932 5534 de
1963 5495 2147 5541 eausa,
2179 5486 2256 5531 tot
2291 5477 2563 5545 tantisque
2616 5476 2969 5545 pereuntibus
3010 5476 3145 5535 aliis,
3182 5476 3294 5541 ipse
3319 5490 3444 5531 cum

1866 5573 1969 5626 illis
1994 5587 2096 5626 non
2129 5570 2312 5639 periit,
2342 5578 2399 5622 ut
2429 5579 2594 5636 gesta:
2628 5570 2703 5624 rei
2759 5577 3032 5637 spectatur
3061 5566 3308 5636 clfccuts,
3339 5569 3441 5621 im-

1868 5664 2009 5734 piam
2056 5664 2291 5732 linguam
2346 5661 2599 5716 frenaret.
