4058 6414
676 379 781 433 355

1176 485 1400 541 CAPUT
1435 482 1728 553 XXXVIII.

750 584 906 636 Vens.
944 581 1074 635 1-5..
1092 599 1108 629 ι
1134 579 1367 646 Contigit
1395 587 1571 629 autem
1604 590 1669 628 eo
1697 584 1956 640 tempore,
1981 582 2038 623 ut
2060 586 2234 639 πει-ο-

676 684 814 727 taret
843 671 1102 726 Ezechias
1129 684 1296 735 usque
1336 667 1402 718 ad
1430 675 1655 719 mortem
1681 682 1695 727 ;
1727 677 1782 716 et
1824 663 1977 716 venit
2020 664 2085 715 ad
2110 677 2231 715 eum

675 764 845 818 {saias
870 763 1011 816 (ilius
1044 765 1204 814 Amos
1237 758 1518 826 propheta,
1554 766 1609 809 et
1644 756 1783 809 dixit
1806 755 1853 808 ei
1887 769 1905 807 :
1939 753 2062 807 Haec
2102 754 2233 806 dicit

675 856 931 907 Dominus
957 871 970 905 :
1001 851 1231 918 Dispone
1260 848 1439 901 domui
1466 858 1567 900 tuae
1588 863 1601 898 :
1625 845 1872 899 morieris
1892 847 2035 898 enim
2069 854 2149 907 tu,
2178 855 2233 898 et

671 960 773 995 non
808 944 975 995 vives.
1032 939 1097 991 Et
1137 939 1407 992 convertit
1449 936 1714 1005 Ezechias
1762 935 1953 989 faciem
1988 950 2136 988 suam
2164 937 2232 989 ad

669 1036 949 1098 parietem,
979 1038 1033 1085 et
1054 1030 1230 1084 oravit
1256 1029 1541 1082 Dominum
1562 1029 1743 1082 dicens
1767 1044 1783 1081 :
1813 1026 2101 1090 Memento,
2130 1026 2232 1081 Do-

670 1126 834 1186 mine,
862 1121 1129 1189 quomodo
1158 1119 1543 1173 ambulaverim
1594 1134 1775 1173 coram
1807 1128 1858 1171 te
1892 1118 1946 1171 in
1974 1118 2227 1179 veritate.

669 1216 719 1267 in
753 1215 913 1267 corde
958 1212 1191 1275 sincero,
1225 1220 1279 1265 et
1328 1210 1522 1277 placita
1565 1210 1617 1262 in
1638 1218 1931 1276 conspectu
1952 1217 2057 1262 'tuo
2087 1206 2230 1260 fece-

668 1307 789 1357 rim.
836 1304 897 1357 Et
935 1304 1081 1355 ﬂevit
1130 1302 1389 1356 Ezechias
1432 1299 1559 1354 ﬂetu
1607 1315 1821 1369 magno.
1864 1320 1883 1351 ι
1939 1300 2041 1365 Qui
2094 1299 2229 1352 dixit

670 1395 828 1458 Deus,
859 1411 879 1443 ι
910 1391 1021 1461 Ego
1050 1393 1312 1451 occidam.
1334 1401 1387 1444 et
1426 1407 1527 1460 ego
1556 1392 1735 1445 vivere
1769 1389 1963 1445 faciam
1989 1409 2005 1456 ;
2036 1406 2225 1460 percu-

666 1490 793 1539 tiam
848 1494 901 1539 et
944 1499 1045 1553 ego
1094 1483 1388 1545 sanabo";
1434 1502 1452 1535 ι
1501 1477 1621 1535 cum
1656 1497 1750 1550 per
1780 1498 1943 1535 unum
1980 1484 2225 1551 angelum

668 1580 847 1631 hostes
887 1576 1031 1643 justo
1058 1573 1260 1641 judicio
1292 1574 1665 1642 percussisset,
1697 1574 2000 1638 religiosum
2049 1588 2223 1641 regem

668 1673 733 1722 ad
766 1668 1181 1722 incolumitatem
1222 1674 1277 1719 et
1308 1668 1469 1718 vitam
1518 1674 1755 1725 revocat,
1797 1680 1859 1717 ac
1887 1679 1981 1731 per
2014 1678 2075 1716 se
2101 1678 2223 1715 eum

663 1768 896 1811 amorte
924 1757 1099 1825 eripit.
1155 1756 1383 1809 Pulchre
1437 1756 1599 1826 igitur
1653 1756 1836 1810 isthaec
1893 1765 2111 1808 enarrat
2138 1755 2223 1807 dio

661 1863 788 1902 rens
822 1867 834 1901 :
865 1865 883 1897 ι
925 1847 1000 1901 Eo
1048 1858 1291 1915 tempore
1340 1848 1620 1915 aegrotavit
1669 1847 1925 1906 Ezechias
1956 1861 2125 1913 usque
2157 1847 2223 1899 ad

662 1949 885 1993 mortem
920 1955 934 1988 :
968 1958 985 1989 ι
1018 1939 1095 1992 vel
1133 1949 1190 1991 ut
1215 1939 1409 2007 Aquila
1445 1939 1623 2000 habet,
1656 1956 1672 1987 ι
1706 1938 1769 1989 ad
1803 1938 2140 1992 moriendum
2162 1956 2173 2000 ;
2199 1956 2217 1987 ι

659 2042 750 2084 aut
785 2040 842 2083 ut
885 2031 1071 2099 reliqui
1120 2032 1459 2097 interpretes,
1495 2048 1513 2078 ι
1552 2030 1619 2082 ad
1657 2038 1901 2083 mortem.
1941 2048 1960 2079 ι
2001 2026 2131 2080 Nam
2160 2042 2223 2081 eo

661 2132 920 2190 tempore,
955 2138 1062 2191 quo
1081 2123 1190 2189 jam
1223 2122 1489 2175 recensita
1520 2121 1759 2188 perpessi
1814 2115 1941 2171 sunt
1990 2119 2219 2187 Assyrii,

658 2212 899 2266 Ezechiae
946 2212 1136 2266 mortis
1172 2222 1381 2280 tempus
1414 2211 1602 2265 adfuit.
1666 2210 1799 2264 Cum
1854 2226 2016 2277 porro
2061 2210 2223 2265 vellet

660 2303 801 2356 Deus
833 2317 1005 2371 Ipsum
1034 2303 1360 2355 incolumem
1396 2317 1631 2363 servare,
1650 2318 1754 2355 non
1790 2303 1841 2355 in
1882 2304 2113 2358 obscuro
2134 2316 2220 2356 re-

657 2394 832 2461 liquit,
865 2394 953 2462 qui
983 2393 1105 2447 ﬂuis
1131 2393 1463 2446 inﬁrmitatis
1497 2392 1613 2459 ejus
1642 2393 1853 2447 futurus
1878 2401 2044 2447 esset.
2074 2393 2219 2457 Qua-

656 2496 878 2553 prOpter
933 2484 1292 2552 adipiscendae
1333 2483 1521 2537 salutis
1570 2483 1911 2537 occasionem
1946 2484 2213 2548 prazbens,

657 2573 991 2628 inﬁrmitatis
1024 2577 1227 2628 exitum
1272 2575 1320 2628 ei
1374 2589 1473 2642 per
1517 2576 1834 2643 prophetam
1888 2574 2215 2633 declaravit;

654 2674 733 2730 ut,
764 2678 985 2733 accepto
1010 2668 1082 2717 rei
1115 2666 1322 2728 nuntio,
1355 2674 1689 2733 precaretur,
1715 2666 2070 2734 precibusque
2095 2666 2217 2716 vita:

652 2771 767 2810 sua:
798 2757 1219 2828 additamentum
1251 2757 1601 2825 impetraret,
1650 2757 1813 2810 etiam
1856 2767 1975 2826 post
2022 2758 2214 2811 deﬁni-

654 2859 766 2901 tum
798 2848 898 2902 sibi
936 2850 1123 2903 mortis
1150 2858 1359 2916 tempus
1388 2867 1403 2903 :
1442 2860 1497 2901 ut
1555 2849 1680 2902 hinc
1731 2848 2077 2907 edoceamur.
2109 2864 2213 2902 non

653 2938 1051 2996 necessitatem
1078 2940 1191 2993 lato
1220 2940 1339 2994 duci
1374 2941 1539 2993 vitam
1570 2940 1879 3001 humanam,
1911 2954 2082 3007 neque
2113 2941 2213 2991 im-

654 3029 912 3084 mutabile
937 3031 1127 3083 mortis
1154 3040 1364 3099 tempus
1396 3031 1705 3084 hominibus
1724 3031 2048 3083 destinatum
2073 3046 2213 3083 esse.

1340 369 1601 426 EUSEBII
1642 366 2117 422 CA‘JSARIENSIS
2155 365 2301 421 OPP.
2348 366 2526 421 PARS
2562 367 2652 420 III.
2692 397 2757 406 -—-
2796 366 3202 421 EXEGETICA.

3805 374 3904 425 556

2841 484 3227 534 ΚΕΦΑΛΔΙΗΝ
3271 485 3393 535 AH'.

2409 591 2425 621 ι
2476 574 2720 639 Ἐγένετο
2758 574 2813 625 δὲ
2854 577 2909 625 έν
2953 574 3029 641 τῷ
3078 574 3253 643 καιρῷ
3312 575 3525 643 ἐκείνῳ,
3564 577 3904 647 εμαλακίσθη

2348 662 2590 725 Ἐζεκίας
2623 663 2726 724 ἕως
2751 663 3009 716 θανάτουο
3040 663 3135 715 καὶ
3166 660 3296 733 ἦλθε
3327 666 3461 734 πρὸς
3486 666 3650 717 αὑτὸν
3685 668 3907 729 Ἠσαῖας

2335 753 2447 814 υίὸς
2484 752 2661 821 Ἀμὼς
2686 756 2713 805 ὁ
2736 756 3037 825 προφήτης,
3076 756 3168 806 καὶ
3195 751 3317 807 εἷπε
3365 758 3499 825 πρὸς
3527 758 3689 809 αὐτόν
3708 774 3723 789 ο
3772 760 3904 810 Ta'téa

2332 844 2479 911 λέγει
2502 845 2740 915 Κύριος*
2794 847 2962 912 Τάξαι
2988 848 3117 917 περὶ
3153 847 3246 899 τοῦ
3301 849 3451 900 οἴκου
3508 867 3632 902 σου·
3666 851 3904 921 ἀποθνή-

2334 953 2481 997 σκεις
2516 934 2621 1005 γὰρ
2652 937 2736 997 σὺ,
2767 940 2858 988 καὶ
2879 939 2937 989 οὐ
2963 936 3119 1008 ζήσῃ.
3147 939 3255 990 Καὶ
3286 939 3627 1009 ἀπέστρεψεν
3659 942 3904 1004 Ἐζεκίας

2330 1026 2391 1078 τὸ
2417 1026 2704 1096 πρόσωπον
2727 1028 2892 1080 αὑτοῦ
2928 1030 3061 1098 πρὸς
3090 1030 3181 1081 τὸν
3203 1033 3399 1099 τοῖχον,
3434 1034 3527 1083 καὶ
3555 1034 3905 1103 προσηύξατο

2332 1116 2466 1185 πρὸς
2488 1116 2707 1187 Κύριον,
2736 1117 2906 1185 λέγων
2927 1136 2939 1148 ·
2970 1118 3271 1189 Μνήσθητι,
3299 1122 3484 1189 Κύριε,
3506 1123 3581 1184 ὡς
3605 1124 3907 1195 ἐπορεύθην

2331 1206 2557 1259 ἐνώπιόν
2588 1224 2679 1259 σου
2729 1209 2863 1276 μετὰ
2890 1210 3144 1277 ἀληθείας
3187 1214 3244 1263 ὲν
3284 1213 3479 1281 καρδίᾳ
3529 1214 3781 1284 ἀληθινῇ,
3812 1218 3904 1269 καὶ

2329 1298 2397 1349 τά
2417 1299 2617 1369 ἀρεστά
2648 1299 2874 1359 ἐνώπιόν
2908 1318 3000 1353 σου
3027 1303 3271 1370 ἐποίησα.
3301 1304 3411 1355 Καὶ
3445 1302 3708 1357 ἔκλαυσεν
3752 1306 3903 1369 Ἐζε-

2329 1388 2451 1450 κίας
2481 1388 2738 1458 κλαυθμῷ
2758 1390 2994 1458 μεγάλῳ.
3023 1411 3039 1439 ι
3075 1392 3130 1443 ’0
3153 1392 3319 1444 εἰπὼν
3340 1392 3498 1455 Θεὸς·
3535 1412 3552 1443 ι
3590 1393 3733 1461 Ἐγὼ
3762 1398 3903 1449 ἀπο-

2329 1476 2501 1529 κτενῶ
2528 1480 2620 1530 καὶ
2644 1477 2978 1549 ζωοποιήσωο
3005 1481 3246 1545 πατάξω,
3274 1482 3425 1549 κάγὼ
3460 1484 3704 1552 ἰάσομαι,
3727 1504 3745 1534 ι
3776 1488 3904 1549 τοὺς

2328 1566 2615 1635 πολεμίους
2667 1568 2905 1633 πατάξας
2942 1570 3113 1637 κρίσει
3156 1571 3336 1640 δικαία
3374 1572 3440 1623 δι’
3486 1574 3604 1636 ἑνὸς
3642 1576 3900 1642 ἀγγέλου,

2325 1656 2418 1707 τὸν
2470 1656 2687 1727 θεοφιλῆ
2740 1658 2957 1727 βασιλέα
3004 1662 3144 1711 ίᾶται
3196 1663 3288 1714 καὶ
3316 1663 3598 1729 ζωοποιεῖ,
3637 1667 3904 1737 ῥυόμενος

2328 1748 2485 1800 αὑτὸν
2524 1750 2585 1799 ὲκ
2620 1749 2845 1801 θανάτου
2884 1750 2949 1801 δι’
2988 1750 3199 1802 ἑαυτοῦ.
3242 1754 3435 1817 Καλῶς
3467 1751 3560 1807 οὖν
3605 1757 3905 1828 ἀπεσημή-

2324 1855 2449 1890 νατο
2478 1841 2654 1908 φήσας
2677 1858 2689 1868 ·
2715 1861 2732 1890 ι
2759 1843 2843 1893 Ἐν
2864 1840 2937 1910 τῷ
2960 1842 3135 1911 καιρῷ
3160 1845 3349 1915 ἐκείνῳ
3372 1847 3708 1919 ὲμαλακίσθη
3748 1850 3871 1913 Ἐζε
3894 1881 3903 1889 -

2324 1929 2447 1992 κίας
2474 1932 2579 1993 ἓως
2605 1932 2833 1985 θανάτου
2851 1950 2864 1961 ⁸
2908 1954 2925 1985 ι
2964 1935 2995 2003 ἧ
3022 1936 3158 1987 κατά
3181 1936 3272 1989 τὸν
3302 1939 3554 2004 Ἀκύλαν,
3587 1959 3606 1989 ι
3641 1941 3738 1993 τοῦ
3767 1944 3905 1995 ἀπο-

2324 2020 2523 2083 θανεῖν,
2562 2042 2580 2073 »
2618 2023 2649 2091 ἢ
2684 2024 2823 2075 κατὰ
2853 2026 2977 2087 τοὺς
3013 2027 3249 2090 λοιποὺς,
3293 2047 3311 2078 ι
3342 2032 3422 2091 εἰς
3452 2030 3697 2085 θάνατον.
3739 2052 3759 2082 ι
3811 2034 3903 2086 Ἐν

2322 2113 2430 2183 γὰρ
2465 2115 2657 2183 ἐκείνῳ
2706 2115 2783 2183 τῷ
2822 2118 3022 2187 καιρῷ,
3069 2119 3187 2171 καθ’
3215 2120 3272 2172 δν
3300 2121 3371 2173 τὰ
3400 2122 3765 2192 προλεχθέντα
3804 2142 3906 2176 πε-

2323 2206 2576 2259 πόνθασιν
2600 2210 2646 2258 οἱ
2689 2208 2980 2279 Ἀσσύριοι,
3009 2213 3036 2262 ό
3074 2212 3165 2263 τοῦ
3196 2212 3424 2267 θανάτου
3459 2216 3649 2284 καιρὸς
3692 2217 3903 2285 ἐπέστη

2320 2297 2396 2366 τῷ
2434 2297 2668 2367 Ἐζεκίᾳ.
2698 2300 3026 2369 Βουλόμενος
3061 2304 3115 2354 δὲ
3140 2303 3309 2356 σῶσαι
3353 2306 3513 2357 αὑτὸν
3540 2308 3567 2357 ὁ
3600 2306 3754 2370 Θεὸς,
3796 2308 3902 2359 οὐκ

2319 2391 2375 2440 ὲν
2398 2388 2575 2458 ἀδήλῳ
2594 2389 2849 2441 κατέλιπε
2872 2391 2932 2442 τὸ
2957 2392 3147 2460 μέλλον
3177 2393 3273 2464 τὴν
3306 2396 3573 2464 μαλακίαν
3598 2397 3767 2450 αὑτοῦ
3788 2399 3905 2452 δια-

2317 2480 2567 2545 δέξασθαι
2593 2481 2759 2543 τέλος.
2792 2483 2881 2534 Διὸ
2912 2484 3210 2552 προφάσεις
3251 2487 3399 2557 αὐτῷ
3448 2490 3719 2557 σωτηρίας
3754 2509 3901 2563 παρ-

2318 2573 2473 2642 έχων,
2498 2574 2556 2625 τὸ
2575 2574 2672 2642 τῆς
2688 2575 2997 2644 ἀρρωστίας
3023 2577 3172 2639 τέλος
3197 2579 3427 2649 φανερὸν
3454 2581 3601 2650 αὐτῷ
3636 2583 3897 2653 καθίστη,

2314 2663 2400 2715 διὰ
2433 2663 2527 2715 τοῦ
2564 2667 2864 2735 προφήτου,
2916 2668 2990 2730 ὡς
3046 2666 3111 2719 ἂν
3158 2669 3343 2737 μαθὼν
3394 2674 3763 2741 προσεύξοιτο,
3798 2679 3898 2729 καὶ

2316 2754 2752 2825 προσευξάμενος
2783 2757 2934 2827 τύχοι
2959 2758 3275 2828 προσθήκης
3308 2759 3471 2831 ζωῆς,
3502 2766 3596 2817 καὶ
3635 2768 3775 2835 μετά
3800 2768 3897 2821 τὸν

2315 2843 2615 2912 ὡρισμένον
2636 2848 2753 2897 κατ’
2781 2847 2944 2898 αὑτοῦ
2974 2848 3198 2899 θάνατον
3216 2866 3229 2877 ·
3256 2849 3593 2916 διδάσκοντος
3626 2857 3775 2926 ἡμᾶς
3795 2858 3895 2910 τοῦ

2315 2934 2493 3000 λόγου,
2632 2936 2729 2988 οὐκ
2756 2938 2965 3007 ἀνάγκη
2995 2955 3077 3001 τις
3115 2939 3147 3008 ἢ
3205 2941 3511 3012 εἱμαρμένη
3544 2947 3645 3012 τῆς
3679 2946 3896 3016 ἀνθρω-

2317 3023 2475 3092 πίνης
2514 3014 2679 3094 ζωῆς,
2732 3026 2851 3077 οὐδὲ
2892 3026 3309 3096 ἀπαράτρεπτος
3352 3029 3659 3099 ἀνθρώποις
3696 3014 3895 3107 καιρὸς

656 3120 796 3174 Deus
818 3121 983 3183 enim,
1006 3122 1095 3188 qui
1124 3121 1303 3175 omnia
1322 3121 1647 3183 moderatur,
1681 3129 1737 3175 et
1769 3122 1894 3174 vitae
1915 3123 2212 3189 mortisque

2315 3111 2541 3181 ὥρισται
2589 3114 2837 3167 θανάτου.
2888 3115 3018 3177 Θεὸς
3046 3116 3103 3168 δὲ
3135 3117 3315 3180 αὐτὸς,
3350 3120 3567 3187 κρατῶν
3606 3109 3889 3183 ἁπάντων.

652 3225 817 3263 causa
845 3222 960 3274 est,
990 3226 1092 3278 qua
1135 3211 1342 3265 ratione
1378 3212 1489 3279 ipse
1520 3213 1685 3274 novit,
1727 3212 1968 3281 singulos
2015 3212 2106 3280 qui
2145 3212 2212 3266 ad

580 3314 585 3317 ‘
652 3302 817 3352 vitam
846 3303 1129 3359 accedunt.
1164 3302 1265 3354 hoc
1293 3300 1373 3353 vel
1409 3302 1496 3353 illo
1528 3310 1769 3368 tempore
1810 3301 2083 3368 producit,
2113 3317 2209 3355 an-

651 3406 751 3443 nos
776 3392 897 3443 vita:
924 3406 1021 3457 pro
1052 3392 1221 3444 lubito
1246 3392 1503 3459 assignat,
1536 3401 1589 3444 et
1619 3389 1725 3444 alio
1749 3391 1863 3443 sive
1884 3389 1991 3444 alio
2019 3392 2212 3445 mortis

649 3494 848 3547 genere
878 3478 1033 3531 tollit.
1073 3477 1354 3548 Ipsiusque
1406 3490 1612 3533 tantum
1672 3478 1941 3533 facultatis
1992 3490 2095 3543 est,
2128 3480 2209 3533 vel

647 3584 761 3634 eos,
789 3572 879 3639 qui
916 3570 981 3623 ad
1023 3570 1215 3637 ipsam,
1242 3578 1302 3623 ut
1330 3571 1403 3624 ita
1435 3571 1633 3634 dicam,
1670 3572 2091 3639 mortisjanuam
2118 3575 2210 3624 de—

648 3666 932 3721 venerunt,
967 3659 1031 3710 ad
1060 3658 1342 3711 sanitatem
1375 3673 1661 3725 revocare,
1728 3660 1798 3712 ita
1834 3670 1891 3712 ut
1912 3658 2021 3728 jam
2073 3659 2207 3713 Eze—

645 3746 826 3800 chiam
857 3762 920 3799 ex
956 3747 1171 3799 mortali
1198 3747 1523 3815 agritudine
1547 3748 1769 3809 eruerit,
1810 3763 1872 3801 ac
1900 3748 2207 3815 quindecim

646 3851 914 3890 annorqu
968 3836 1330 3889 accessionem
1385 3838 1629 3890 attulerit
1667 3853 1680 3889 :
1712 3838 1803 3905 qui
1856 3838 2023 3891 etiam
2076 3840 2208 3893 alios

648 3936 771 3994 post
798 3938 1023 3979 mortem
1072 3927 1389 3979 reviviscere
1420 3926 1567 3987 fecit,
1616 3936 1675 3979 ut
1721 3928 1902 3981 divina
1932 3927 2205 3995 Scriptura

650 4015 984 4069 testiﬁcatur.
1004 4015 1136 4069 Hinc
1157 4017 1340 4084 itaque
1359 4014 1451 4069 fati
1472 4016 1607 4069 ratio
1622 4026 1677 4068 et
1693 4018 1982 4071 necessitas
1996 4018 2207 4086 penitus

648 4108 1125 4176 solviturzquippe
1153 4122 1272 4159 cum
1308 4107 1448 4160 Deus
1484 4110 1874 4175 universorum,
1915 4110 2209 4164 necessita-

647 4208 754 4251 tem
783 4210 846 4250 ac
878 4194 1231 4249 substantiam
1266 4205 1319 4248 et
1347 4205 1591 4248 naturam
1626 4212 1837 4251 omnem
1875 4199 2204 4254 moderetur.

643 4284 743 4341 llis
773 4287 1083 4354 conspectis
1110 4284 1393 4349 Ezechias,
1422 4286 1511 4339 ubi
1542 4301 1767 4355 corpore
1802 4304 1965 4343 sanus
1996 4290 2113 4351 fuit.
2140 4292 2206 4344 ad

644 4378 901 4447 templum
935 4377 1026 4430 Dei
1063 4377 1398 4429 maturavit:
1439 4378 1619 4446 ibique
1667 4376 1833 4431 Deum
1870 4383 2101 4447 rogavit,
2148 4391 2205 4434 ut

2316 3200 2410 3252 καὶ
2439 3200 2586 3269 ζωῆς
2628 3203 2796 3265 αἴτιος
2838 3203 2931 3255 καὶ⁵
2964 3203 3193 3258 θανάτου
3218 3208 3495 3277 τυγχάνει,
3530 3209 3597 3261 δι’
3624 3209 3719 3273 οὓς
3748 3207 3893 3264 οἶδεν

2314 3292 2477 3354 αὐτὸς
2504 3292 2737 3362 τρόπους
2782 3294 3026 3347 ἑκάστων
3068 3296 3177 3349 τῶν
3215 3300 3296 3362 είς
3318 3300 3408 3351 τὸν
3432 3298 3543 3368 βίον
3579 3303 3895 3372 παριόντων

2313 3382 2453 3434 κατά
2479 3382 2665 3434 τούσδε
2690 3383 2721 3453 ἢ
2754 3382 2939 3435 τούσδε
2970 3386 3094 3447 τοὺς
3112 3386 3336 3456 χρόνους
3361 3388 3646 3459 παράγων,
3676 3391 3777 3443 καὶ
3796 3393 3895 3444 ἐπὶ

2310 3475 2548 3527 τοσοῖσδε
2588 3475 2621 3543 ἢ
2654 3476 2887 3528 τοσοῖσδε
2915 3477 3079 3541 ἔτεσι,
3114 3480 3209 3531 καὶ
3234 3480 3323 3533 διὰ
3345 3482 3561 3535 τοιᾶσδε
3606 3484 3640 3553 ἢ
3668 3485 3890 3539 τοιᾶσδε

2310 3566 2555 3633 συνάγων
2586 3566 2859 3635 τελευτῆς.
2885 3569 3044 3637 Μόνῳ
3071 3585 3131 3621 τε
3153 3569 3302 3639 αὐτῷ
3321 3572 3558 3635 καὶτοὺς
3585 3574 3643 3624 ἐν
3670 3575 3888 3641 αὑταῖς,

2308 3655 2383 3718 ὼς
2415 3657 2609 3719 εἰπεῖν,
2640 3659 2758 3720 ταῖς
2785 3655 2877 3709 τού
2905 3656 3132 3710 θανάτου
3155 3659 3349 3722 πύλαις
3381 3663 3706 3731 γενομένους
3727 3665 3893 3719 δυναμ

2307 3749 2399 3800 τόν
2422 3751 2565 3801 ἐστιν
2602 3749 2983 3801 ἀνακαλεῖσθαι
3008 3765 3022 3777 ·
3060 3749 3135 3812 ὡς
3168 3750 3262 3803 νῦν
3292 3753 3389 3821 μὲν
3417 3754 3507 3807 τὸν
3548 3754 3800 3818 Ἑζεκίαν
3830 3758 3894 3821 ἐξ

2308 3842 2617 3912 ἀρρωστίας
2664 3841 2954 3912 θανατικῆς
3002 3842 3390 3909 διασώσασθαι,
3432 3847 3527 3899 καὶ
3559 3847 3891 3920 προσθήκην

2308 3931 2457 4001 αὺτῷ
2496 3930 2641 4001 ζωῆς
2682 3932 3008 4002 χαρίσασθαι
3044 3933 3179 3986 ὅλων
3217 3935 3352 3988 ὲτῶν
3397 3936 3557 3989 πέντε
3589 3940 3683 3989 καὶ
3712 3939 3849 3993 δέκα
3872 3960 3887 3971 ·

2307 4023 2524 4093 ἑτέρους
2551 4024 2607 4076 δὲ
2629 4025 2721 4076 καὶ
2744 4023 2880 4093 μετά
2902 4025 2964 4076 τὸ
2984 4025 3235 4079 τεθνάναι
3258 4031 3322 4080 ὲκ
3344 4028 3551 4098 νεκρῶν
3580 4030 3887 4086 ἀναϐιῶναι

2308 4115 2558 4183 ποιήσας,
2607 4114 2761 4176 ὅσους
2817 4117 2849 4184 ή
2910 4114 3027 4172 θεία
3068 4118 3365 4187 παρίστησι
3414 4120 3624 4191 Γραφή.
3681 4123 3772 4187 Ὠς
3825 4127 3887 4193 ἐξ

2306 4200 2539 4263 ἅπαντος
2570 4199 2819 4253 λελύσθαι
2843 4202 2969 4264 τοὺς
3002 4206 3132 4275 περὶ
3163 4206 3501 4277 εἱμαρμένης
3546 4209 3759 4278 λόγους,
3794 4213 3887 4268 διὰ

2304 4291 2364 4344 τὸ
2384 4292 2477 4344 καὶ
2516 4293 2693 4363 πάσης
2722 4293 2962 4365 ἀνάγκης
3005 4296 3097 4347 καὶ
3129 4278 3308 4367 πάσης
3337 4301 3525 4364 οὐσίας
3559 4319 3618 4354 τε
3653 4306 3750 4357 καὶ
3779 4308 3886 4374 φύ-

2308 4400 2442 4446 σεως
2494 4384 2581 4436 τὸν
2630 4386 2721 4436 ἐπὶ
2752 4386 2967 4439 πάντων
3018 4388 3149 4440 Θεὸν
3188 4393 3428 4460 κρατεῖν.
3482 4392 3668 4445 Ταῦτα
3695 4395 3826 4449 ιδὼν
3854 4401 3885 4451 ὁ

640 4468 725 4521 sui
752 4475 805 4521 et
828 4466 1003 4534 populi
1035 4474 1089 4519 et
1125 4465 1359 4519 civitatis
1382 4474 1630 4518 servator
1653 4476 1819 4518 esset.
1854 4466 1986 4519 Cum
2018 4478 2194 4522 autem

2314 4470 2575 4532 Ἐζεκίας,
2625 4472 2714 4523 ὅτε
2755 4472 2853 4541 μὲν
2901 4473 3057 4543 ὑγιὴς
3099 4475 3162 4527 τὸ
3188 4476 3347 4544 σῶμα
3376 4472 3465 4547 ἦν,
3498 4479 3590 4531 ἐπὶ
3617 4477 3710 4531 τὸν
3738 4483 3884 4535 νεὼν

634 4558 749 4627 jam
792 4568 1068 4625 premente
1111 4556 1297 4609 morbo
1341 4557 1391 4609 id
1435 4564 1693 4625 praestare
1747 4572 1849 4609 non
1884 4569 2083 4623 [osset,
2128 4574 2197 4611 ex

640 4649 757 4716 ipso
788 4648 926 4701 lecto
948 4648 1245 4700 orationem
1277 4647 1383 4702 Deo
1406 4648 1608 4709 emisit,
1630 4662 1944 4716 persuasum
1978 4648 2197 4709 habens,

640 4740 808 4817 Deum
836 4740 1037 4807 ubique
1071 4754 1213 4804 esse,
1258 4755 1323 4793 ac
1374 4740 1678 4809 religiosum
1725 4756 1997 4809 quemque
2023 4742 2196 4796 virum

632 4830 915 4885 exaudire.

706 5094 870 5147 Vsus.
902 5094 955 5155 ι,
986 5092 1039 5150 5.
1100 5114 1119 5143 ι
1154 5094 1221 5147 Et
1270 5093 1469 5148 factum
1496 5104 1575 5146 est
1619 5095 1836 5147 verbum
1886 5096 2092 5150 Domini
2126 5095 2191 5149 ad

638 5182 828 5235 Isaiam
853 5183 1035 5236 dicens
1060 5200 1071 5234 :
1098 5182 1256 5244 Vade,
1278 5193 1331 5235 et
1360 5184 1445 5235 dic
1474 5183 1711 5237 Ezechia:
1736 5204 1746 5235 :
1782 5184 1902 5238 ΙΙωε
1933 5187 2058 5238 dicit
2086 5186 2186 5238 Do-

638 5279 811 5327 minus
849 5273 985 5327 Deus
1024 5273 1187 5327 David
1232 5276 1397 5341 patris
1423 5278 1519 5327 tui.
1552 5295 1568 5324 ι
1609 5275 1818 5328 Patrem
1861 5288 2036 5329 autem
2070 5278 2185 5345 ejus

636 5366 888 5419 Davident
910 5367 1136 5419 vocabat
1192 5364 1350 5426 Deus,
1387 5382 1690 5432 supremum
1724 5368 1786 5417 de
1830 5366 1913 5418 illo
1944 5370 2183 5421 lcslinto-

639 5460 783 5509 nium
816 5458 1014 5521 ferens,
1044 5458 1184 5525 quod
1213 5457 1415 5511 scilicet
1450 5460 1517 5509 ob
1540 5474 1745 5511 morum
1779 5460 2179 5512 similitudinem

636 5552 827 5618 dignus
876 5562 1037 5614 esset,
1090 5552 1178 5617 qui
1243 5551 1343 5602 sibi
1401 5552 1557 5604 talem
1610 5554 1915 5621 religiosum
1972 5565 2177 5621 patrem

704 5749 748 5777 “
784 5749 931 5801 Deut.
963 5765 1128 5811 xuii,
1157 5750 1241 5800 δε).

2301 4560 2523 4613 ἔσπευδε
2558 4562 2650 4614 τοῦ
2688 4563 2843 4626 Θεοῦ,
2881 4568 3040 4616 κάκεῖ
3082 4566 3171 4618 τὸν
3205 4567 3335 4620 Θεὸν
3362 4569 3523 4622 αὑτοῦ
3558 4588 3616 4623 τε
3652 4574 3750 4625 καὶ
3782 4576 3881 4627 τοῦ

2300 4651 2426 4704 λαοῦ
2472 4653 2563 4704 καὶ
2592 4657 2689 4722 τῆς
2720 4655 2925 4717 πόλεως
2976 4660 3195 4726 σωτῆρα
3240 4659 3491 4726 γενέσθαι
3531 4663 3877 4728 ἐξεκαλεῖτο·

2303 4742 2422 4792 ἐπεὶ
2449 4741 2504 4792 δὲ
2534 4743 2689 4795 τοῦτο
2717 4744 2975 4813 πράττειν
3012 4748 3102 4797 ἐπὶ
3136 4747 3228 4799 τοῦ
3259 4750 3520 4819 παρόντος
3547 4752 3814 4824 ἀπεῖργεν
3844 4760 3880 4827 ἡ

2303 4835 2472 4897 νόσος,
2522 4835 2581 4897 ἐξ
2622 4836 2788 4904 αὐτῆς
2840 4841 3123 4907 στρωμνῆς
3159 4838 3256 4908 τὴν
3289 4841 3452 4911 εὐχὴν
3486 4842 3771 4914 ἀνέπεμπε
3798 4848 3882 4918 τῷ

2302 4923 2436 4991 Θεῷ,
2474 4924 2747 4992 πανταχοῦ
2776 4928 3025 4992 παρεῖναι
3062 4928 3155 4979 καὶ
3184 4928 3383 4989 παντὸς
3420 4925 3560 4982 εἶναι
3583 4931 3880 5000 θωσεὸοὖς

2298 5014 2528 5082 ἐπήκοον
2559 5015 2939 5083 πεπεισμένος.

2374 5123 2391 5153 ι
2427 5105 2532 5155 Καὶ
2565 5105 2778 5171 ἐγένετο
2801 5106 2954 5172 λόγος
2974 5109 3177 5177 Κυρίου
3211 5110 3347 5180 πρὸς
3392 5112 3619 5165 Ἡσαΐαν
3652 5114 3833 5183 λέγων
3854 5136 3868 5147 ·

2291 5194 2608 5265 Πορεύθητι,
2647 5196 2739 5248 καὶ
2768 5192 2917 5247 εἷπον
2963 5199 3213 5270 Ἐζεκίαο
3256 5200 3391 5253 Τάδε
3434 5204 3582 5269 λέγει
3612 5206 3824 5277 Κύριος
3848 5212 3877 5261 ό

2290 5285 2418 5344 Θεὸς
2450 5284 2610 5337 Δαυῖδ
2655 5284 2748 5336 τοῦ
2794 5287 2995 5355 πατρός
3035 5306 3149 5340 σου.
3188 5308 3204 5338 ι
3243 5290 3459 5362 Πατέρα
3494 5292 3549 5342 δὲ
3582 5294 3750 5347 αὑτοῦ
3780 5298 3876 5347 τὸν

2292 5374 2450 5424 Δαυῖδ
2489 5376 2516 5424 ὁ
2560 5375 2691 5436 Θεὸς
2726 5377 2927 5435 ἐκάλει,
2958 5378 3055 5447 τὴν
3084 5381 3342 5431 ἀνωτάτω
3380 5385 3686 5453 μαρτυρίαν
3718 5390 3875 5457 αὐτῷ

2288 5466 2559 5533 παρέχων,
2585 5467 2659 5527 ὡς
2689 5465 2821 5536 ἀξίῳ
2847 5468 2937 5519 τὸν
2961 5469 3179 5540 θεοφιλῆ
3218 5473 3427 5544 πατέρα
3453 5476 3872 5545 ἐπιγράφεσθαι

2285 5557 2381 5625 τῆς
2434 5556 2539 5608 τῶν
2591 5559 2805 5627 τρόπων
2841 5562 3147 5631 ὁμοιότητος
3190 5564 3363 5633 χάριν.
3423 5585 3441 5617 ι
3476 5567 3725 5621 Ἤκουσα
3768 5572 3870 5640 τῆς
