4058 6418
227 355 318 406 357
1092 349 1599 402 JZOMMBZNTARIA
1647 349 1708 400 IN
1753 348 2006 401 ISMAM.
2057 379 2116 385 η
2157 351 2307 403 (JAl’.
2352 353 2642 408 \XXHll.

3400 366 3506 418 5.58

223 473 528 542 προσευχῆς
556 490 671 535 σου,
704 473 797 523 καὶ
829 468 964 522 εἶδον
992 470 1070 522 εἴ
1086 472 1296 540 δάκρυά
1322 488 1431 521 σου.
1481 471 1612 520 Ἰδοὺ
1640 488 1775 538 προσ

1912 469 2229 522 ascriberet.
2261 488 2277 518 ι
2316 470 2506 524 Αιιῶνὶ
2542 471 2848 524 orationem
2882 482 3048 535 tuam,
3103 486 3154 527 et
3182 477 3286 529 vidi
3333 478 3505 550 lacry-

220 564 401 634 ἰξθημι
437 565 574 636 πρὸς
598 566 689 616 τὸν
720 565 907 632 χρόνον
933 580 1022 613 σου
1053 570 1110 613 ιε’
1134 563 1250 631 ἔτη.
1297 582 1313 611 ι

287 768 303 797 ι
351 748 464 800 Καὶ
518 748 582 798 ἐκ
632 744 812 814 χειρὸς
883 743 1145 812 βασιλέως
1204 742 1504 810 Ἀσσυρίων
1562 736 1798 810 ρύσομαί

219 852 270 887 σε
321 837 416 887 καὶ
463 836 560 904 τὴν
611 835 769 886 πόλιν
822 833 1046 903 ταύτην.
1111 853 1128 883 ι
1192 833 1347 884 Ἐπεὶ
1406 833 1498 883 καὶ
1551 833 1600 882 οἱ
1656 831 1804 898 λόγοι

214 931 306 996 τῆς
366 926 533 995 εὐχῆς
577 925 676 976 οὐκ
732 927 790 977 ἐν
844 923 1134 993 πολυλογίᾳ
1195 923 1593 991 περιεχόμενοι,
1665 921 1804 986 ἄξιοι

212 1017 314 1070 τῶν
333 1019 516 1070 ἀκοῶν
569 1011 709 1084 ἦσαν
766 1015 860 1066 τοῦ
915 1013 1072 1077 Θεοῦ,
1122 1015 1214 1066 καὶ
1271 1013 1331 1065 τὸ
1392 1013 1499 1065 τῶν
1555 1013 1804 1082 δακρύων

210 1108 366 1176 ἔργον
441 1106 583 1159 κατὰ
631 1107 819 1175 καιρὸν
869 1105 1105 1172 εὐλόγως
1157 1105 1250 1157 καὶ
1293 1104 1607 1170 ἀναγκαίως
1651 1103 1800 1170 γενό-

211 1213 369 1264 μενον
398 1199 526 1258 τοὺς
547 1197 645 1266 τῆς
669 1195 970 1264 ἐπισκοπῆς
997 1194 1089 1248 τοῦ
1125 1195 1261 1246 Θεοῦ
1288 1189 1436 1246 εἷλκε
1475 1194 1607 1264 πρὸς
1641 1194 1802 1245 αὐτὸν

207 1286 547 1356 ὀφθαλμούς
609 1286 692 1337 διὸ
751 1287 844 1338 καὶ
877 1285 1114 1338 ἐπινεύει
1163 1284 1312 1354 αὐτῷ
1363 1284 1510 1354 ζωῆς
1560 1283 1800 1353 προσθή-

208 1395 329 1449 κην,
359 1380 508 1448 ἔργῳ
542 1379 832 1449 παριστὰς,
861 1373 936 1442 ὡς
967 1377 1091 1430 οὕτε
1127 1374 1286 1447 φύσει
1318 1378 1538 1448 ἀτάκτῳ
1572 1376 1800 1438 Θάνατος

205 1469 519 1540 ἀνθρώποις
556 1468 808 1540 ὥρισται,
855 1468 980 1521 οὕτε
1023 1468 1239 1540 ἀνάγκῃ
1287 1469 1666 1538 ἀπαραιτήτῳ.
1719 1467 1796 1518 Ὀύ

206 1563 364 1629 μόνον
398 1562 457 1614 δὲ
494 1563 720 1633 χρόνους
747 1561 894 1630 αὐτῷ
917 1558 1079 1631 ζωῆς,
1107 1561 1222 1612 ἀλλ’
1253 1561 1316 1611 ἐκ
1344 1559 1677 1629 περιουσίας,
1709 1552 1798 1611 οἷα

195 1652 354 1715 Θεὸς,
383 1653 484 1704 καὶ
503 1651 736 1716 εὐζωῒαν
759 1650 907 1719 αὑτῷ
934 1651 1033 1720 τὴν
1061 1652 1119 1702 ὲν
1142 1651 1398 1702 συστάσει
1421 1649 1514 1700 καὶ
1537 1648 1796 1718 είρηναίῳ

203 1742 304 1812 βίῳ
332 1743 752 1811 ἐπαγγέλλεται,
808 1742 971 1794 αὐτόν
1005 1758 1065 1793 τε
1095 1739 1232 1810 ὁμοῦ
1263 1741 1356 1792 καὶ
1392 1739 1483 1791 τὸν
1513 1740 1612 1791 σὺν
1645 1738 1794 1808 αύτῷ

1913 573 2027 609 mas
2063 569 2202 610 tuas.
2266 559 2403 611 Ecce
2464 560 2668 628 adjicio
2731 564 2798 614 ad
2865 573 3074 631 tempus
3131 575 3282 620 tuqu
3334 584 3508 626 annos

1911 648 2245 717 quindecim.
2304 669 2322 700 ι

1981 736 2141 792 Vsus.
2170 739 2220 792 6.
2251 760 2268 790 ‹
2302 741 2366 793 Ει
2398 741 2464 795 de
2491 757 2654 795 manu
2690 743 2834 811 regis
2857 745 3203 814 Assyriorum
3227 763 3419 802 eruam
3452 760 3506 806 te

1907 841 1962 884 et
2001 833 2273 884 civitatem
2315 834 2476 887 lianc.
2517 853 2535 884 ›
2567 834 2704 899 Quia
2739 837 3005 889 orationis
3041 853 3147 904 non
3197 838 3502 908 loquacita-

1908 931 2014 974 tem
2049 921 2386 989 praeferentis
2420 924 2584 977 verba
2616 925 2818 978 divinis
2848 927 3072 980 auribus
3098 928 3260 995 digna
3289 941 3450 986 erant
3487 952 3498 981 ~.

1906 1027 1960 1065 et
1996 1017 2122 1082 quia
2173 1015 2537 1085 laerymarum
2591 1018 2675 1069 vis
2715 1020 3039 1086 congruenti
3090 1033 3136 1071 ei
3187 1026 3505 1079 necessario

1908 1113 2150 1170 lctnpore
2215 1107 2443 1166 etnissa,
2507 1106 2862 1172 inspectiouis
2923 1109 3119 1162 divina:
3174 1111 3360 1164 oculos
3432 1116 3500 1166 ad

1905 1192 2080 1259 ipsum
2109 1192 2398 1256 alliciebat,
2429 1196 2547 1248 ideo
2579 1195 2720 1249 Deus
2748 1198 2850 1264 ipsi
2878 1199 3094 1263 attnuit,
3127 1203 3502 1255 accessionem

1907 1285 2029 1337 vitm
2066 1287 2396 1347 concedens.
2431 1304 2706 1356 opercque
2751 1291 3064 1354 declarans,
3110 1309 3215 1344 non
3256 1308 3318 1347 ex
3355 1296 3504 1350 inor-

1903 1373 2084 1426 dinata
2112 1386 2321 1429 natura!
2349 1379 2484 1446 lege,
2522 1395 2695 1446 neque
2716 1394 2780 1432 ex
2814 1381 3114 1436 iuevitabili
3147 1387 3500 1456 necessitate,

1902 1473 2129 1516 mortem
2162 1463 2474 1519 hominibus
2506 1469 2838 1522 destinatant
2871 1485 3009 1525 esse.
3053 1473 3170 1526 Non
3198 1478 3355 1530 modo
3401 1494 3501 1531 au-
3534 1502 3538 1504 ·

1903 1561 2010 1604 tem
2044 1569 2217 1606 annos
2261 1555 2406 1618 vitm,
2459 1559 2553 1610 sed
2585 1560 2748 1612 etiam
2780 1575 2844 1613 ex
2882 1563 3281 1629 muniﬁcentia,
3314 1577 3500 1634 utpote

1901 1641 2063 1703 Deus,
2094 1645 2437 1709 tranquillam
2471 1646 2571 1713 ipsi
2628 1657 2683 1700 et
2713 1657 2962 1715 pacatam
2987 1655 3154 1706 vitam
3185 1654 3494 1722 pollicetur,

1897 1747 1960 1786 ac
1991 1743 2102 1785 tum
2139 1734 2339 1802 ipsum,
2377 1746 2489 1788 tum
2548 1738 2803 1806 populmn
2854 1741 2971 1810 ejus
3009 1753 3063 1796 et
3109 1745 3392 1800 civitatem
3428 1749 3495 1802 de

195 1833 328 1886 ’λαὸν
383 1835 478 1887 καὶ
523 1834 622 1902 τὴν
673 1833 828 1885 πόλιν
889 1834 953 1885 ἐκ
1000 1832 1098 1901 τῆς
1151 1831 1258 1884 τῶν
1299 1830 1574 1900 πολεμίων
1611 1829 1775 1900 χειρὸς

1904 1829 2157 1882 manilius
2189 1829 2533 1882 inimicorum
2588 1842 2901 1900 erepturum
2956 1849 3014 1887 se
3047 1839 3319 1903 promittit
3364 1856 3379 1893 :
3432 1851 3495 1894 ut

196 1927 483 1990 διασώζειν
543 1925 988 1994 ὑπισχνούμενος,
1049 1925 1274 1993 σημεῖόν
1331 1941 1389 1976 τε
1449 1923 1598 1993 αύτῴ
1648 1941 1789 1994 παρ-

198 2019 313 2088 εῖχε
363 2021 467 2088 τῆς
521 2017 630 2070 τῶν
679 2017 985 2088 εἰρημένων
1029 2017 1268 2078 πίστεως
1311 2015 1377 2067 δι’
1436 2016 1622 2086 ἑτέρου
1680 2032 1788 2067 πακ-

195 2113 457 2182 ραδάξσυ.

271 2221 292 2255 ε
320 2203 493 2256 Τοῦτο
523 2202 580 2256 δέ
607 2219 690 2255 σοι
720 2200 782 2253 τὸ
813 2201 1036 2271 σημεῖον
1069 2198 1220 2270 παρά
1253 2199 1486 2268 Κυρίου,
1524 2197 1608 2249 ὅτι
1635 2197 1791 2268 ποιή-

195 2311 278 2346 σει
335 2292 541 2364 Κύριος
592 2289 656 2344 τδ
715 2292 866 2362 ῥῆμα
908 2289 1086 2343 τοῦτο.
1133 2290 1262 2343 Ἰδοὺ
1290 2289 1402 2357 ἐγὼ
1437 2288 1657 2359 στρέψω
1691 2287 1790 2359 τὴν

193 2386 360 2438 σκιὰν
383 2384 492 2438 τῶν
513 2381 867 2452 ἀναϐαθμῶν,
890 2382 985 2446 οὕς
1006 2381 1208 2452 κατέϐη
1237 2382 1362 2444 τοὺς
1393 2387 1421 2432 ι’
1439 2381 1790 2451 ἀναϐαθμοὺς

187 2477 287 2530 τοῦ
337 2477 489 2530 οῐκου
529 2474 624 2529 τοῦ
669 2475 872 2545 πατρός
909 2491 1001 2526 σου
1041 2474 1072 2524 ὁ
1106 2473 1278 2542 ἣλιος.
1324 2472 1677 2542 ’Λποστρέψω
1697 2471 1788 2545 τὸν

189 2569 348 2637 ἥλιον
376 2568 505 2630 τοὺς
541 2571 570 2618 ι’
602 2543 953 2634 ἀναϐαθμούς
972 2581 984 2592 '
1025 2564 1119 2616 καὶ
1152 2562 1318 2633 ἀνέϐη
1351 2564 1380 2614 ὁ
1409 2562 1560 2631 ἥλιος
1600 2561 1724 2622 τοὺς
1751 2543 1786 2612 ι’

187 2657 569 2727 ἁναϐαθμοὺς,
592 2655 684 2719 οὓς
717 2655 920 2726 κατέϐη
947 2658 980 2724 ἡ
1012 2653 1159 2707 σκιά.
1199 2673 1217 2706 ι
1249 2654 1480 2725 Σημείον
1498 2653 1595 2722 μὲν
1613 2653 1787 2722 ὑπήρ-

187 2765 321 2819 χετο
365 2748 698 2819 θαυμαστὸν,
753 2749 846 2800 καὶ
877 2747 969 2798 τὸν
1006 2745 1246 2808 Ἐζεκίου
1288 2745 1398 2798 ἀπὸ
1439 2743 1660 2814 δυσμῶν
1689 2741 1785 2795 τοῦ

187 2842 309 2910 βίου
345 2837 603 2910 δευτέραν
635 2837 1066 2908 παλινδρομῆσαι
1101 2832 1271 2904 ζωήν.

185 2967 513 3052 "premit
584 2967 848 3052 ’ἒξεθςίςυ
914 2963 1396 3052 »θαμέες-,τῆς
1446 2963 1780 3052 ἐξουδίξίτξςν

259 3034 884 3106 ἠνίκάἐμαλακίσθη,
939 3036 1034 3089 καὶ
1069 3034 1297 3099 ἀνέστη
1328 3034 1397 3085 ἐκ
1439 3034 1550 3101 τῆς
1589 3037 1784 3102 μαλα-

258 3110 401 3174 κίας
435 3105 643 3161 αὑτοῦ.

1895 1933 2022 1970 vero
2043 1919 2203 1972 dictis
2239 1920 2399 1973 [idem
2433 1921 2679 1986 adderet,
2716 1925 2930 1992 signum
2955 1929 3182 1982 alterius
3208 1934 3494 2000 stupenda:

1894 2011 1969 2063 rei
2016 2011 2113 2078 ipsi
2156 2012 2434 2079 praestitit.

1965 2191 2129 2246 Vsus.
2167 2194 2220 2254 7,
2257 2192 2310 2247 8.
2355 2213 2373 2241 σ
2427 2192 2538 2247 lloc
2568 2204 2749 2248 autem
2792 2195 2886 2250 tibi
2914 2195 3129 2266 signum
3164 2213 3192 2251 a
3234 2199 3485 2267 Domit-ci,

1890 2284 2146 2354 quoniam
2183 2284 2428 2338 facturus
2465 2295 2550 2338 est
2581 2287 2840 2340 Dominus
2873 2289 3095 2341 verbum
3130 2290 3294 2344 istud.
3347 2291 3489 2348 Ecce

1889 2390 1992 2443 ego
2019 2387 2224 2429 vertam
2267 2375 2518 2428 umbram
2568 2379 2868 2445 graduum,
2909 2395 3046 2447 quos
3099 2384 3352 2436 ascendit
3405 2383 3487 2438 sol

1889 2468 2073 2520 decem
2110 2467 2370 2536 gradibus
2408 2468 2600 2522 domus
2646 2469 2813 2536 patris
2872 2471 2968 2523 ttti.
3026 2471 3283 2525 Avertam
3317 2474 3485 2530 solem

1889 2559 2074 2611 decem
2124 2559 2388 2627 gradibus
2416 2578 2428 2612 :
2462 2568 2516 2611 et
2569 2561 2823 2613 ascendit
2855 2561 2933 2615 sol
2963 2563 3149 2617 decem
3196 2568 3481 2635 gradibus,

1887 2652 2086 2720 quibus
2135 2651 2418 2705 descendit
2474 2651 2687 2706 umbra.
2748 2671 2766 2703 ι
2838 2654 2903 2707 Et
2977 2656 3192 2726 signum
3259 2660 3481 2727 quidem

1889 2742 2018 2796 illud
2045 2743 2206 2795 etiam
2239 2743 2562 2796 admirabile
2586 2751 2726 2807 erat,
2781 2746 2922 2813 quod
2971 2747 3234 2803 Ezechias
3283 2751 3354 2806 ab
3387 2767 3482 2808 oc-

1886 2848 2013 2886 casu
2039 2834 2162 2886 vitte
2199 2835 2264 2886 ad
2299 2835 2463 2888 aliam
2501 2836 2668 2888 vitam
2711 2839 3060 2908 remigraret.

1887 2965 2057 3022 Vsus.
2096 2969 2149 3023 9.
2191 2969 2378 3049 Oratio
2406 2970 2649 3024 Ezechitr
2677 2975 2807 3049 regis
2835 2972 3064 3049 Juduar,
3104 2993 3219 3030 cum
3245 2992 3474 3049 (egrota—

2293 3042 2360 3093 uit
2393 3051 2443 3094 et
2472 3058 2538 3094 ex
2565 3045 2744 3094 morbo
2774 3046 3060 3100 convaluit.

261 3239 284 3272 ι
329 3218 470 3287 Ἐγὼ
491 3217 620 3271 εἶπα
650 3221 707 3271 ὲν
730 3217 807 3288 τῷ
836 3218 958 3288 ὕψει
980 3218 1085 3271 τῶν
1110 3217 1333 3289 ἡμερῶν
1359 3235 1479 3287 μου·
1512 3217 1775 3288 Πορεύσο-

1957 3217 2117 3272 Vsus.
2155 3219 2240 3273 10.
2282 3239 2298 3270 ι
2335 3220 2447 3290 Ego
2478 3221 2586 3273 dixi
2621 3223 2670 3274 in
2700 3223 2913 3277 excelso
2936 3224 3145 3279 dierum
3183 3242 3425 3280 meorum
3455 3248 3468 3282 :

186 3326 290 3382 μαι
323 3313 382 3362 ὲν
415 3309 607 3372 πύλαις
634 3310 784 3380 ᾇδου,
819 3309 1130 3378 καταλείψω
1147 3311 1216 3362 τὰ
1240 3308 1335 3378 ἔτη
1369 3307 1437 3360 τὰ
1461 3309 1770 3361 ἐπίλοιπα.)

180 3399 453 3462 Συνειδὼς
485 3399 594 3468 γὰρ
632 3397 865 3467 ἐμαυτὸν
915 3397 1014 3466 ἤδη
1064 3397 1248 3448 λοιπὸν
1272 3399 1390 3458 ταῖς
1417 3395 1511 3448 τοῦ
1545 3396 1775 3448 θανάτου

179 3492 386 3554 πύλαις
419 3489 817 3560 πλησιάζοντα,
837 3489 1067 3542 ἀπεῖπον
1091 3489 1186 3540 καὶ
1216 3488 1503 3557 ἀπήλπικα
1535 3486 1774 3556 ἐμαυτοῦ

175 3586 302 3656 τῆν’
319 3585 377 3636 ὲν
404 3579 714 3650 ἀνθρώποις
744 3578 909 3650 ζωήν.

253 3695 274 3726 ‹
325 3669 487 3727 Εἶπαο
523 3673 720 3725 Οὐκέτι
758 3673 818 3724 ού
858 3672 931 3742 μὴ
989 3672 1084 3724 ἴδω
1111 3671 1172 3723 τὸ
1216 3671 1485 3742 σωτήριον
1520 3671 1610 3723 τοῦ
1637 3670 1771 3723 Θεοῦ

173 3769 273 3820 ἐπὶ
302 3767 427 3836 γῆς,
449 3765 634 3818 οὐκέτι
660 3763 734 3834 μὴ
753 3763 844 3815 ῐδω
867 3761 1171 3833 ἄνθρωπον.
1211 3782 1229 3813 ι
1251 3760 1491 3825 Εἰκότως
1518 3763 1576 3814 ὲν
1598 3763 1771 3830 ἀγῶνι

174 3855 462 3918 καταστὰς
489 3855 597 3908 τῶν
645 3853 784 3924 μετά
805 3856 903 3922 τὴν
930 3853 1251 3923 ἀπαλλαγὴν
1277 3853 1371 3906 τοῦ
1397 3855 1536 3922 βίου,
1567 3855 1764 3924 ύπομιι

176 3952 419 4021 μνήσκει
461 3948 558 4017 μὲν
585 3946 686 4015 τῆς
735 3944 930 3998 ἑαυτοῦ
957 3943 1268 4007 θεοσεϐείας
1296 3945 1385 3997 τὸν
1415 3944 1566 3997 Θεόν·
1598 3945 1684 3998 διὰ
1713 3946 1770 3998 δὲ

169 4043 270 4098 τοῦ
306 4041 588 4110 κλαυθμοῦ
642 4039 715 4110 μή
751 4039 1003 4090 ἐκπεσεῖν
1045 4037 1148 4106 τῆς
1193 4035 1378 4107 χώρας
1410 4036 1517 4089 τῶν
1551 4037 1768 4100 ζώντων

170 4133 579 4205 κατηντιϐόλει.
603 4132 721 4184 Ἔτι
751 4129 806 4181 δὲ
839 4127 1115 4181 καὶτοῦτο
1149 4127 1288 4198 πρὸς
1315 4131 1426 4190 τοῖς
1456 4129 1767 4200 εἰρημένοις

168 4227 370 4280 ἐλύπει
397 4225 488 4278 τὸν
525 4221 790 4286 Ἐζεκίαν,
826 4221 1028 4292 μηδένα
1070 4219 1310 4290 διάδοχον
1356 4223 1421 4272 ὲκ
1454 4220 1767 4291 σπέρματος

162 4319 447 4389 ὑπάρχειν
470 4314 660 4377 αὐτοῦ,
702 4315 870 4384 μήπω
891 4312 1078 4375 παιδὸς
1118 4312 1268 4381 αὕτῷ
1301 4312 1615 4380 γενομένου,
1643 4311 1764 4364 καθ’

167 4411 231 4464 ιν
263 4410 460 4479 χρόνον
485 4406 624 4460 αὐτὰ
663 4405 870 4474 ἔλεγεν.
909 4403 1126 4474 Ἐπειδὴ
1159 4404 1338 4456 τοίνυν
1367 4402 1534 4465 ἀπαις
1571 4401 1762 4472 ἔμελλε

161 4502 451 4570 τελευτᾷν,
480 4497 684 4569 μηδένα
706 4496 1020 4551 καταλιπὼν
1035 4494 1296 4562 διάδοχον,
1325 4491 1385 4556 ἐξ
1414 4487 1474 4548 οὕ
1501 4494 1564 4545 τὸ
1589 4494 1764 4563 σωτή-

162 4611 290 4664 ριον
313 4591 408 4644 τοῦ
430 4590 566 4643 Θεοῦ
599 4587 852 4656 γενέσθαι
895 4590 952 4640 ὲν
994 4585 1302 4655 ἀνθρώποις
1334 4584 1662 4654 προσδοκᾷν,
1687 4586 1763 4636 εί-

164 4687 347 4746 κότως
390 4683 456 4736 ἂν
487 4683 586 4752 τῆς
617 4681 712 4734 τοῦ
743 4679 980 4753 Χριστοῦ
1028 4679 1332 4747 γεννήσεως
1362 4677 1460 4746 τῆς
1489 4679 1552 4729 ὲκ
1589 4677 1760 4748 σπέρ-

163 4790 344 4846 ματος
375 4771 470 4825 τοῦ
508 4770 671 4824 Δαυῒδ
702 4769 1082 4840 ἐπαιρόμενος,
1112 4768 1207 4819 καὶ
1235 4765 1581 4819 ἀπεκλαίετο.

249 4885 272 4919 ι
319 4863 597 4930 Ἐξέλιπεν
622 4865 688 4916 ἐκ
717 4863 822 4932 τῆς
863 4859 1186 4928 συγγενείας
1229 4874 1349 4928 μου⁹
1383 4857 1672 4910 κατέλιπον
1699 4858 1760 4911 τὸ

159 4956 449 5012 immuto
496 4955 596 5024 τῆς
639 4951 783 5024 ζωῆς
814 4969 937 5023 μου.
979 4949 1200 5019 Ἐξῆλθε
1247 4948 1342 5001 καὶ
1376 4947 1615 5017 ἀπῆλθεν
1661 4948 1758 5000 ἀπ’

157 5049 325 5122 ἐμοῦ,
360 5047 552 5119 ὥσπερ
576 5047 606 5099 ὁ
631 5043 835 5116 σκηνὴν
857 5041 1141 5097 καταλύων
1170 5039 1365 5108 πήξας.
1413 5038 1499 5101 Ὣς
1529 5038 1674 5101 ἱστὸς
1695 5040 1756 5091 τὸ

155 5142 386 5211 πνεῦμά
412 5156 514 5212 μου
549 5139 679 5209 παρ’
705 5138 828 5208 ἐμοὶ
848 5136 1084 5204 ἐγένετο,
1110 5133 1294 5205 ὲρίθου
1327 5127 1652 5201 ὲγγιξούσης
1674 5133 1758 5183 ὲκο

151 5236 368 5306 τεμεῖν.
410 5250 430 5282 ι
461 5229 675 5301 Σκηνὴν
704 5227 858 5283 καλεῖ
888 5227 950 5280 τὸ
984 5227 1165 5296 σῶμα,
1200 5225 1407 5278 ἑνοικον
1439 5222 1496 5275 δὲ
1528 5223 1628 5295 τὴν
1650 5223 1753 5292 ψυ-

151 5330 282 5401 χήν·
311 5321 401 5397 Δἧς
437 5321 845 5394 ἀναχωρούσης,
879 5320 1022 5374 ἔοικε
1053 5320 1115 5371 τὸ
1163 5320 1323 5390 σῶμα
1370 5316 1747 5386 καταλυομένη

153 5421 357 5490 σκηνῇ·
393 5417 598 5486 σκηνὴν
631 5415 728 5485 μὲν
758 5413 931 5481 λέγων
958 5412 1019 5464 τὸ
1047 5412 1227 5482 σῶμα,
1254 5412 1375 5464 ἐπεὶ
1406 5412 1435 5462 ὁ
1463 5409 1748 5470 θεσπέσιος

163 5501 495 5563 Ἀπόστολος
521 5497 726 5569 σκηνὴν
745 5497 878 5552 αὐτὸ
922 5495 1227 5567 ὠνόμασεν.
1256 5495 1416 5548 Ἀλλά
1442 5495 1535 5548 καὶ
1559 5494 1749 5563 ὥσπερ

147 5598 304 5651 ἱστὸν
338 5591 520 5663 ὲρίθου
563 5590 625 5643 τὸ
663 5590 889 5660 ὕφασμα
927 5587 1114 5641 λοιπὸν
1143 5586 1575 5656 ἀποτεμνούσης,
1605 5584 1747 5636 οὕτω

151 5686 246 5736 καὶ
259 5682 327 5735 τὰ
342 5683 441 5750 τῆς
469 5679 610 5749 ἐμῆς
630 5678 793 5748 ζωῆς,
809 5676 902 5730 καὶ
926 5675 1022 5728 τοῦ
1057 5677 1174 5746 βίου
1207 5675 1406 5739 παντὸς
1428 5675 1488 5728 τὸ
1519 5675 1746 5743 ὕφασμα

152 5777 280 5846 περὶ
310 5774 460 5832 τέλος
485 5771 714 5841 ἤλαυνεν
743 5769 1198 5840 ἀποτεμνόμενον.
1222 5769 1487 5830 Ἕκαστος
1519 5763 1611 5820 οὖν
1640 5767 1744 5818 τῶν

1884 3313 2086 3364 Vadam
2136 3316 2202 3365 ad
2252 3324 2435 3381 portas
2488 3313 2644 3368 inferi
2686 3333 2699 3367 :
2751 3317 3054 3385 relinquam
3109 3335 3282 3372 annos
3332 3323 3470 3375 resi-

1879 3402 2036 3456 duos.
2078 3422 2094 3451 »
2125 3403 2258 3455 Cum
2307 3420 2392 3458 me
2417 3405 2530 3471 jam
2567 3407 2758 3461 mortis
2788 3407 2971 3476 januis
3017 3411 3320 3476 proximum
3354 3425 3474 3467 esse

1880 3494 2076 3557 Sciam,
2107 3497 2172 3546 de
2205 3496 2310 3548 vita
2340 3510 2458 3549 mea
2499 3497 2642 3552 inter
2673 3499 2923 3553 homines
2957 3500 3264 3569 desperavi.

1951 3670 2111 3726 Vsus.
2145 3674 2231 3726 Η.
2263 3694 2280 3724 ‹
2313 3674 2431 3728 Dixi
2461 3673 2609 3729 :Non
2639 3677 2870 3745 amplius
2889 3678 3083 3733 videbo
3111 3680 3352 3733 salutare
3373 3680 3466 3734 Dei

1877 3760 1928 3814 in
1968 3772 2132 3826 terra,
2158 3780 2264 3817 non
2297 3764 2527 3833 amplius
2557 3767 2747 3821 videbo
2780 3767 3076 3822 hominem.
3111 3786 3132 3818 ι
3165 3769 3376 3822 Anxius
3397 3771 3465 3822 de

1875 3854 1941 3908 iis
1971 3870 2092 3924 qua:
2131 3857 2413 3911 decessum
2454 3872 2522 3912 ex
2570 3858 2671 3911 hac
2702 3858 2806 3912 vita
2859 3871 3311 3928 consequuntur,
3339 3862 3466 3928 jure

1873 3950 2123 4016 pietatem
2159 3964 2284 4017 erga
2326 3951 2489 4003 Deum
2537 3966 2688 4004 suam
2734 3952 2834 4022 ipsi
2883 3951 2994 4006 Deo
3046 3952 3098 4005 in
3130 3953 3454 4006 memoriam

1874 4052 2094 4098 revocat
2119 4059 2133 4106 ;
2173 4043 2388 4097 ﬂetibus
2417 4053 2596 4097 autem
2632 4062 2699 4098 ne
2725 4060 2756 4098 e
2792 4047 3012 4116 regione
3033 4045 3333 4100 viventium
3362 4060 3462 4101 ex-

1870 4134 2094 4199 cideret,
2121 4135 2469 4201 precabatur.
2500 4133 2634 4189 Illud
2663 4137 2825 4189 etiam
2859 4148 3055 4204 pragter
3081 4147 3279 4192 caetera
3324 4137 3462 4192 Eze-

1869 4225 2048 4277 cltiam
2080 4223 2265 4277 dolore
2291 4223 2600 4287 alliciebat,
2631 4226 2777 4294 quod
2817 4225 2996 4279 nullus
3026 4240 3094 4279 ex
3119 4227 3328 4280 semine
3356 4242 3458 4280 suo

1868 4328 2151 4367 successor
2169 4313 2402 4378 adesset,
2419 4314 2854 4383 quandoquidem
2879 4331 2986 4384 quo
3001 4325 3242 4384 tempore
3266 4315 3457 4371 isthzec

1867 4404 2211 4474 proferebat,
2257 4406 2462 4459 nullum
2497 4407 2674 4462 adhuc
2720 4407 2890 4460 lilium
2939 4417 3278 4477 susceperat.
3312 4407 3452 4474 Quia

1866 4497 2033 4566 igitur
2069 4496 2195 4551 lilii.
2230 4497 2396 4550 orbus
2424 4498 2744 4563 moriturus,
2778 4513 2875 4552 nec
2905 4514 3283 4554 successorem
3319 4500 3449 4553 reli-

1865 4599 2051 4641 cturus
2077 4598 2196 4641 erat
2217 4628 2232 4650 ,
2260 4604 2326 4641 ex
2359 4604 2465 4656 quo
2499 4587 2736 4642 salutare
2773 4589 2868 4642 Dei
2907 4590 3223 4644 hominibus
3251 4601 3449 4644 ventu-

1866 4693 1982 4731 rum
2008 4688 2439 4748 exspectaretur,
2469 4679 2660 4733 merito
2693 4677 2900 4734 Christi
2930 4696 2993 4735 ex
3025 4683 3237 4736 semine
3279 4682 3447 4736 David

1860 4779 1982 4823 ortu
2020 4772 2287 4837 privatus,
2319 4771 2740 4824 lamentabatur.

1932 4859 2093 4914 Vens.
2137 4861 2226 4914 19..
2262 4881 2280 4911 ι
2323 4859 2533 4915 Deiecit
2575 4876 2603 4914 a
2651 4861 2976 4931 cognatione
3017 4878 3134 4916 mea
3180 4881 3196 4916 :
3250 4863 3445 4916 defecit

1859 4949 2004 5016 quod
2030 4948 2295 5019 reliquum
2321 4960 2404 5003 est
2429 4951 2552 5004 vita:
2581 4965 2734 5003 meae.
2762 4951 2909 5004 Abiit
2937 4963 2992 5005 et
3018 4954 3246 5006 recessit
3280 4970 3308 5005 a
3335 4968 3441 5019 me,

1862 5041 2003 5094 sicut
2029 5041 2186 5094 solvit
2213 5041 2644 5101 tabernaculum,
2665 5043 2755 5109 qui
2785 5043 3112 5097 construxit.
3148 5043 3304 5098 Sicut
3338 5049 3440 5100 tela

1862 5133 2083 5198 spiritus
2127 5147 2276 5185 meus
2313 5131 2486 5186 lactus
2513 5141 2596 5185 est
2637 5133 2776 5200 apud
2816 5148 2941 5196 me,
2975 5149 3099 5186 mox
3149 5151 3178 5186 a
3229 5146 3444 5189 texenle

1860 5222 2206 5276 succidenda.
2243 5240 2261 5274 ι
2297 5221 2730 5276 Taberuaculum
2759 5232 2916 5276 vocat
2955 5240 3153 5293 corpus
3179 5266 3193 5288 ,
3227 5226 3440 5279 inhabi-

1859 5324 2056 5367 tautem
2085 5313 2217 5367 dicit
2251 5315 2486 5368 animam
2517 5333 2530 5368 :
2559 5331 2662 5382 qua
2697 5316 3009 5378 recedente,
3033 5333 3230 5383 corpus
3261 5319 3438 5371 soluto

1857 5401 2208 5456 tabernaculo
2237 5402 2414 5456 simile
2443 5413 2548 5458 est.
2595 5401 3032 5457 Tabernaculum
3061 5419 3190 5458 vero
3238 5420 3438 5474 corpus

1849 5491 2098 5560 appellat,
2130 5493 2255 5560 quia
2287 5493 2504 5546 divinus
2539 5493 2667 5546 item
2694 5492 2989 5559 Apostolus
3029 5494 3432 5549 tabernaculum

1848 5583 2022 5651 ipsum
2075 5585 2306 5637 vocavit.
2346 5584 2545 5637 Verum
2591 5584 2752 5636 etiam
2791 5585 2934 5637 sicut
2980 5586 3083 5637 tela
3139 5601 3259 5652 qua:
3286 5602 3315 5638 a
3353 5597 3424 5640 te-

1854 5687 2016 5728 xeute
2043 5675 2364 5736 succiditur,
2396 5676 2473 5728 sic
2504 5686 2558 5728 et
2598 5676 2721 5728 vita:
2751 5692 2884 5729 mea!
2917 5685 3130 5728 textura
3167 5678 3235 5728 ad
3272 5679 3430 5729 linem

1857 5769 2051 5834 vergit,
2077 5783 2198 5821 mox
2237 5769 2581 5823 succidenda.
2622 5766 2830 5838 Singuli
2869 5769 3032 5838 igitur
3063 5769 3308 5822 homines
3338 5783 3434 5836 per
