4058 6418
635 385 742 441 359

1335 373 1598 432 EUSEBII
1635 370 2102 431 CAESARIENSIS
2137 371 2286 426 OPP.
2330 370 2508 427 PARS
2546 372 2638 430 Ill.
2678 403 2745 413 --
2784 370 3194 427 EXEGETICA.

3764 379 3872 434 510

638 505 783 567 gesta
818 502 871 548 et
896 506 1058 562 opera
1087 503 1187 544 sua
1223 498 1427 544 vestem
1458 489 1561 544 sibi
1609 497 1826 555 luunt,
1858 496 1913 543 et
1943 497 2189 543 ornatum

2293 487 2595 557 ἀνθρώπων
2650 487 2838 558 στολὴν
2876 488 3137 555 ὑφαίνων,
3186 485 3281 539 καὶ
3338 485 3542 555 κόσμον
3576 489 3642 556 τῇ
3678 487 3872 545 ἑαυτοᾶ

636 587 827 641 enin-aa
853 598 965 638 sua:
994 583 1420 649 circumponunt.

710 675 871 729 Vns.
903 672 990 726 i3.
1035 690 1053 723 ι
1092 672 1147 726 In
1182 668 1268 723 die
1294 667 1383 721 illa
1414 664 1647 723 traditus
1684 682 1802 723 sum
1836 681 2003 735 usque
2034 679 2190 720 mane

636 766 803 821 veluti
846 763 1010 825 leoni,
1048 764 1128 817 sic
1175 760 1429 815 contrivit
1461 760 1644 813 omnia
1692 772 1814 813 ossa
1856 771 1994 812 mea.
2024 757 2068 811 Α
2104 757 2190 811 die

631 859 775 913 enim
809 870 977 924 usque
998 853 1063 907 ad
1091 864 1299 907 noctem
1329 851 1557 904 traditus
1578 865 1715 904 sum.
1748 867 1765 899 ι
1792 846 2046 903 Traditus
2069 862 2187 902 sum

631 965 729 1001 ceu
762 946 898 1001 leoni
923 945 1133 999 cuidam
1165 942 1411 996 homines
1436 938 1715 994 devoranti
1736 978 1751 1003 ,
1784 939 1873 1008 qui
1906 939 2057 1007 quasi
2095 951 2190 1005 per

632 1040 834 1092 illatam
866 1036 994 1089 mihi
1026 1033 1431 1093 inﬁrmitatem,
1464 1037 1575 1083 tota
1607 1028 1693 1084 die
1721 1037 1775 1083 et
1806 1038 1961 1082 nocte
1986 1029 2191 1082 contri-

630 1129 707 1182 vit
734 1128 910 1182 omnia
945 1139 1065 1179 ossa
1094 1138 1210 1179 mea
1238 1139 1255 1189 ;
1286 1134 1580 1193 parumque
1610 1117 1804 1183 abfuit,
1833 1118 1961 1187 quin
1991 1132 2077 1172 me
2110 1127 2188 1171 to.

633 1228 742 1270 tum
768 1220 1068 1270 devoraret.

703 1305 868 1360 Vsus.
901 1304 988 1359 14.
1026 1300 1045 1356 ι
1080 1304 1229 1375 Sicut
1274 1300 1525 1364 birundo,
1572 1300 1649 1354 sic
1675 1300 1938 1361 clamabo,
1965 1306 2021 1353 et
2047 1298 2190 1353 sicut

628 1398 895 1459 columba,
918 1396 997 1451 sic
1022 1392 1335 1448 meditabor.
1370 1390 1693 1446 Defecerunt
1719 1392 1862 1445 enim
1886 1390 2027 1445 oculi
2060 1390 2185 1452 mei,

631 1498 691 1543 ut
716 1503 784 1542 ne
810 1487 1105 1555 aspicerem
1148 1481 1520 1537 celsitudinem
1553 1479 1678 1534 coeli
1712 1480 1778 1534 ad
1827 1479 2129 1534 Dominum.
2163 1496 2181 1528 ι

630 1581 880 1633 Attamen
913 1577 965 1630 in
1014 1577 1112 1627 hac
1149 1587 1327 1627 rerum
1360 1571 1701 1635 conditione,
1730 1585 1836 1624 non
1885 1569 2188 1624 inﬁrmatus

631 1684 749 1724 sum
771 1708 788 1732 ,
818 1682 919 1722 nec
942 1681 971 1720 a
1006 1665 1112 1719 Deo
1136 1676 1254 1717 meo
1287 1662 1525 1726 recessi,
1552 1663 1647 1715 sed
1679 1661 1783 1714 [ide
1814 1676 2014 1731 speque
2049 1661 2186 1715 bona

633 1760 892 1827 meipsum
921 1755 1248 1809 conﬁrmans
1267 1792 1283 1817 ,
1314 1752 1529 1807 ﬂetibus
1570 1758 1626 1805 et
1653 1751 1884 1805 orationi
1918 1766 2001 1804 me
2025 1752 2141 1805 dedi
2168 1766 2184 1814 ;

2296 580 2591 651 περιτιθεὶς
2618 580 2761 650 ψυχῇ
2795 579 2882 633 διὰ
2909 578 3018 631 τῶν
3048 578 3213 631 αὐτοῦ
3243 580 3512 649 πράξεων.

2372 688 2393 721 ι
2434 671 2522 724 Ἐν
2554 673 2620 740 τῇ
2648 671 2830 743 ἡμέρᾳ
2875 669 3061 743 ἐκείνῃ
3113 670 3417 741 παρεδόθην
3455 671 3569 733 ἓως·
3600 668 3746 741 πρωῒ
3797 672 3876 736 ὡς

2294 761 2488 826 λέοντι,
2537 762 2709 826 οὔτως
2752 762 3039 834 συνέτριψε
3086 762 3266 816 πάντα
3300 763 3368 816 τά
3394 763 3529 817 ὀστᾶ
3569 779 3694 830 μου.
3740 764 3875 818 Ἀπὸ

2294 851 2404 922 γὰρ
2433 851 2531 921 τῆς
2557 851 2769 923 ἡμέρας
2802 851 3108 915 ἓωςνυκτδς
3123 851 3445 923 παρεδόθην.
3487 870 3505 903 ι
3527 852 3739 922 Ὠσπερ
3766 854 3874 921 τινὶ

2294 942 2695 1015 ἀνθριυποῦόρῳ
2727 943 2921 1004 λέοντι,
2950 944 3009 1007 ὃς
3043 960 3103 996 τε
3124 943 3200 1007 ὡς
3233 944 3331 1013 μὲν
3357 944 3445 998 διά
3476 944 3575 1015 τῆς
3608 944 3875 997 ἐπιτεθεί-

2298 1051 2398 1104 σης
2446 1050 2536 1104 μοι
2578 1034 2890 1103 ἀρρωστίας
2926 1034 3015 1087 διὰ
3054 1033 3235 1105 πάσης
3276 1034 3470 1097 νυκτὸς
3524 1036 3619 1088 καὶ
3659 1035 3875 1107 ἡμέρας

2297 1125 2580 1196 συνέτριψε
2606 1125 2783 1178 πάντα
2798 1126 2868 1179 τὰ
2891 1128 3025 1179 ὀστά
3052 1143 3173 1197 μου·
3205 1126 3401 1196 μικοοῦ
3435 1127 3492 1180 δὲ
3516 1127 3625 1180 δεῖν
3647 1128 3741 1181 καὶ
3755 1127 3877 1182 ὅλον

2295 1217 2456 1270 αὐτὸν
2487 1218 2775 1270 καταπιεῖν
2804 1233 2872 1287 με
2904 1216 3148 1287 ἔμελλεν.

2369 1328 2390 1360 ι
2436 1308 2520 1371 Ὧς
2558 1308 2797 1380 χελιδὼν,
2830 1308 2974 1363 οὕτω
3013 1309 3267 1380 φωνήσω,
3302 1311 3396 1363 καί⁸
3441 1310 3519 1374 ὡς
3553 1311 3873 1383 περιστερὰ,

2292 1399 2435 1453 οὕτω
2480 1400 2710 1471 μελετῶ.
2757 1399 3034 1463 Ἑξὲλιπον
3086 1399 3195 1472 γάρ
3232 1417 3335 1470 μου
3374 1402 3423 1454 οί
3465 1400 3735 1473 ὀφθαλμοὶ
3778 1398 3875 1456 τοῦ

2294 1487 2517 1558 βλέπειν
2564 1491 2645 1552 είς
2682 1488 2742 1541 τὸ
2768 1486 2901 1556 ὕψος
2925 1486 3022 1541 τοῦ
3045 1486 3275 1557 ούρανοῦ
3301 1489 3439 1560 πρὸς
3467 1488 3559 1543 τὸν
3589 1489 3813 1561 Κύριον.
3850 1512 3870 1543 ι

2295 1581 2486 1650 Ὅμως
2528 1581 2571 1634 δ’
2595 1576 2688 1635 οὖν
2717 1583 2775 1635 ἐν
2799 1579 3009 1643 τούτοις
3034 1579 3345 1649 γενόμενος,
3388 1580 3488 1634 οὐκ
3518 1580 3875 1653 ὲξησθένησα,

2291 1670 2414 1723 οὐδὲ
2444 1669 2538 1723 τοῦ
2566 1669 2698 1723 Θεοῦ
2727 1687 2830 1741 μου
2860 1668 3206 1741 ἀνεχώρησα,
3232 1669 3517 1724 ἀναλαϐὼν
3548 1670 3605 1725 δὲ
3637 1673 3877 1742 ἐμαυτὸν

2292 1763 2475 1814 πίστει
2523 1762 2618 1816 καὶ
2665 1762 2844 1833 ἀγαθῇ
2894 1760 3092 1826 ἐλπίδι,
3142 1759 3406 1832 κλαυθμῷ
3461 1763 3556 1817 καὶ
3593 1767 3873 1835 προσευχῇ

628 1863 716 1903 me
743 1862 871 1903 vero
900 1846 1116 1901 assidue
1141 1852 1353 1910 orante,
1380 1852 1541 1911 atque
1564 1840 1815 1910 precibus
1842 1842 1979 1910 apud
2019 1842 2182 1896 Deum

2292 1854 2578 1926 παρέδωκα
2616 1855 2867 1927 ἐμαυτόν.
2894 1852 3199 1925 Εύχομένου
3226 1852 3284 1907 δέ
3316 1870 3439 1924 μου,
3464 1855 3647 1926 φησὶν,
3681 1856 3876 1926 ἐπιμό-

630 1939 938 2002 insistente,
964 1938 1079 2005 ipse
1112 1953 1131 1987 ι
1162 1937 1307 1990 eruit
1334 1949 1441 2000 me,
1466 1942 1519 1988 et
1544 1933 1767 1988 abstulit
1793 1934 2032 1989 dolorem
2067 1935 2187 1988 aui-

630 2041 730 2085 mze
756 2043 908 2084 mese.
946 2047 966 2081 ι
998 2026 1111 2090 ille,
1140 2027 1384 2095 inquam,
1411 2023 1545 2078 nihil
1572 2031 1878 2087 cunctatus,
1900 2025 2045 2078 eruit
2080 2040 2187 2089 mc,

628 2131 685 2176 et
724 2120 944 2176 sustulit
990 2119 1228 2174 dolorem
1276 2116 1475 2171 anima
1515 2130 1648 2172 mea
1685 2137 1699 2172 :
1730 2131 1797 2172 ac
1847 2118 1893 2171 si
1942 2118 2192 2171 videlicet

630 2211 910 2281 promissis
960 2210 1118 2263 ﬁdem
1167 2207 1395 2262 adderet
1454 2221 1578 2275 qua
1639 2206 1845 2262 sanctis
1913 2209 2028 2262 suis
2098 2208 2191 2261 de-

628 2304 708 2356 dit
743 2300 829 2355 bis
866 2300 1084 2356 verbis:
1130 2317 1150 2351 ι
1189 2299 1380 2355 Adhuc
1421 2307 1473 2352 te
1507 2297 1782 2368 loquente,
1807 2298 1981 2353 dicam
2008 2317 2023 2353 :
2054 2298 2192 2353 Ecce

631 2392 840 2447 adsum.
880 2408 900 2443 ι

700 2612 867 2669 Vens.
905 2612 993 2667 ιθ.
1026 2632 1046 2666 ι
1088 2612 1336 2677 Domine,
1354 2612 1423 2668 de
1456 2611 1569 2683 ipsa
1593 2611 1790 2682 quippe
1824 2612 2187 2668 renuntiatum

628 2708 715 2757 est
743 2702 839 2755 tibi
866 2717 883 2756 :
918 2709 976 2756 et
1007 2698 1255 2755 excitasti
1286 2700 1531 2768 spiritum
1569 2713 1768 2762 meum,
1800 2709 1854 2753 ct
1882 2697 2191 2752 consolatus

629 2793 737 2846 visi
760 2790 896 2863 (‘55).
929 2808 949 2843 ι
981 2790 1093 2844 Non
1115 2793 1256 2859 quod
1279 2791 1347 2846 iis
1368 2791 1563 2861 dignus
1594 2803 1769 2845 essem
1796 2813 1811 2844 -.
1844 2804 1967 2842 nam
2001 2803 2191 2859 pecca-

630 2882 697 2934 tis
725 2878 907 2933 multis
934 2876 1122 2945 plenus
1146 2892 1294 2932 eram
1317 2916 1334 2941 ,
1361 2879 1454 2932 sed
1486 2891 1556 2931 ex
1591 2875 1965 2931 misericordia
2001 2886 2057 2930 et
2086 2877 2191 2930 cle-

629 2968 829 3022 mentis
856 2975 946 3020 tua
976 2966 1089 3019 haec
1116 2964 1430 3020 adfuerunt.

700 3078 865 3135 νω.
900 3076 1088 3132 17-19.
1124 3092 1146 3127 ι
1186 3073 1388 3132 Eruisti
1434 3077 1578 3131 enim
1615 3077 1849 3132 animam
1878 3091 2051 3132 meam
2073 3116 2090 3140 ,
2134 3086 2190 3131 ut

630 3185 738 3223 non
766 3168 1002 3239 periret,
1034 3175 1090 3221 et
1135 3166 1408 3236 proiecisti
1453 3176 1602 3222 retro
1633 3180 1720 3221 me
1753 3167 1930 3220 omnia
1973 3175 2189 3236 peccata
2218 3181 2262 3238 ε

632 3273 773 3314 mea.
807 3254 1154 3325 Nequoenim
1184 3258 1274 3323 qui
1302 3256 1353 3310 in
1386 3254 1597 3309 inferno
1629 3265 1756 3310 sunt
1783 3256 2079 3312 laudabunt
2106 3267 2187 3324 te,

632 3361 808 3416 neque
832 3346 921 3416 qui
956 3344 1153 3401 mortui
1186 3353 1331 3407 sunt,
1364 3343 1679 3398 benedicent
1705 3346 1832 3411 tibi,
1861 3360 2035 3415 neque
2063 3360 2189 3415 spe-

632 3438 826 3491 rabunt
849 3474 867 3501 ,
893 3435 985 3506 qui
1024 3436 1079 3490 in
1110 3435 1322 3489 inferno
1351 3442 1478 3489 sunt
1501 3473 1517 3497 ,
1545 3435 1970 3490 misericordiam
1998 3444 2142 3492 tuam
2171 3456 2185 3493 :

628 3529 720 3599 qui
740 3528 925 3581 vivunt
949 3526 1268 3580 benedicent
1293 3524 1408 3589 tibi,
1427 3523 1568 3579 sicut
1590 3534 1646 3578 et
1664 3539 1783 3595 ego.
1810 3526 1893 3580 Ab
1922 3527 2022 3582 hoc
2041 3528 2186 3582 enim

630 3620 717 3670 die
748 3616 883 3671 liiios
903 3617 1081 3678 edam,
1112 3614 1205 3684 qui
1234 3611 1634 3667 annuntiabunt
1653 3612 1919 3680 justitiam
1953 3625 2120 3670 tuam.
2162 3636 2181 3669 ι

629 3706 920 3776 lmpiorum
949 3705 1211 3773 siquidem
1242 3702 1395 3757 locus
1415 3711 1500 3756 est
1528 3701 1771 3759 infernus
1802 3720 1817 3758 :
1862 3718 2193 3775 quapropter

628 3812 753 3851 cum
790 3796 966 3851 anima
1014 3810 1129 3849 mea
1175 3793 1266 3849 illo
1295 3803 1483 3862 erepta
1512 3792 1617 3858 sit,
1650 3793 1759 3851 Deo
1788 3795 1943 3853 laetus
1988 3799 2193 3869 gratias

634 3888 825 3943 rel'ero.
860 3887 1028 3957 Regio
1051 3895 1229 3942 autem
1266 3900 1453 3941 eorum
1478 3889 1568 3957 qui
1608 3889 1747 3959 apud
1792 3889 1957 3944 Deum
1984 3892 2189 3957 vivunt,

634 3993 729 4031 eos
767 3978 855 4046 qui
897 3978 1070 4047 ipsum
1120 3975 1341 4029 laudant
1390 3978 1624 4046 excipiet
1665 3997 1678 4033 :
1728 3979 1817 4032 ubi
1857 3993 1941 4032 me
1978 3980 2191 4034 demum

638 4067 876 4121 futurum
913 4080 1033 4121 esse
1080 4065 1331 4130 conﬁdo,
1370 4069 1543 4137 gratia
1594 4076 1685 4122 tua
1739 4068 1790 4123 id
1829 4070 1956 4124 mihi
1998 4084 2193 4124 conce-

640 4160 870 4299 dezfns.
907 4243 999 4297 20.
1053 4260 1074 4294 ι
1118 4243 1257 4298 Deus
1301 4242 1489 4299 salutis
1535 4259 1698 4310 meae,
1741 4259 1913 4314 neque
1952 4244 2193 4299 desinam

2286 1964 2411 2011 νως,
2441 1947 2539 2000 καὶ
2568 1946 2891 2017 ἐγκειμένου
2942 1946 3041 2017 τῆς
3072 1945 3208 2016 πρὸς
3256 1945 3347 1999 τὸν
3382 1946 3516 2000 Θεὸν
3568 1948 3873 2018 ἱκετηρίας,

2287 2037 2348 2101 ὃς
2391 2056 2410 2091 s
2450 2037 2690 2102 ἐξείλατό
2742 2054 2809 2107 με
2833 2076 2849 2100 ,
2901 2037 2999 2090 καὶ
3061 2035 3322 2105 ἀφείλατό
3375 2054 3475 2107 μου
3530 2037 3630 2109 τὴν
3679 2039 3876 2110 ὀδύνην

2286 2130 2384 2200 τῆς
2423 2128 2620 2200 ψυχῆς.
2661 2128 2759 2182 »Ὀ
2803 2128 2868 2198 δὴ
2901 2127 2975 2199 μή
3025 2127 3298 2199 μελλήσας
3356 2127 3590 2192 ὲξείλετό
3639 2145 3728 2200 με,
3778 2131 3875 2183 καὶ

2287 2220 2540 2289 ἀφείλετό
2595 2237 2697 2290 μου
2755 2219 2855 2290 τὴν
2886 2218 3077 2289 ὀδύνην
3107 2219 3207 2288 τῆς
3244 2218 3440 2289 ψυχῆς·
3468 2220 3751 2290 μονονουχὶ
3777 2219 3874 2273 τὸν

2286 2308 2451 2363 αὑτοῦ
2482 2308 2639 2378 λόγον
2664 2310 3097 2381 πιστωσάμενος,
3129 2310 3190 2364 δν
3215 2310 3547 2382 ἐπήγγελται
3568 2313 3682 2375 τοῖς
3698 2311 3876 2380 ἁγίοις

2285 2398 2451 2453 αὐτοῦ
2498 2398 2687 2457 εἰπών’
2729 2419 2748 2453 ι
2772 2402 2892 2455 Ἔτι
2917 2400 3203 2465 λαλοῦντός
3235 2418 3351 2469 σου,
3383 2402 3514 2474 ἑρῶο
3560 2400 3689 2458 Ἰδοὺ
3726 2403 3874 2475 πάρ-

2287 2506 2426 2562 ειμι.
2472 2509 2491 2541 ι

2361 2600 2381 2633 ‹
2416 2581 2612 2653 Κύριε,
2636 2582 2763 2655 περὶ
2785 2583 2989 2653 ταύτης
3002 2582 3111 2655 γὰρ
3126 2583 3403 2653 ἀνηγγέλη
3425 2598 3527 2646 σοι,
3553 2584 3649 2638 καὶ
3670 2582 3878 2656 ἐξήγει-

2294 2672 2394 2743 ράς
2420 2690 2521 2744 μου
2541 2674 2641 2745 τὴν
2674 2674 2864 2745 πνοήν,
2914 2675 3009 2729 καὶ
3043 2673 3416 2746 παρακληθεὶς
3452 2674 3642 2746 ἔζησα.
3700 2693 3720 2726 ι
3758 2675 3873 2745 οὐχ

2290 2762 2375 2815 ὅτι
2396 2762 2605 2819 τούτων
2620 2762 2768 2827 ἄξιος
2796 2766 2945 2835 ήμην
2972 2764 3101 2833 ὲγώο
3119 2765 3327 2818 πολλῶν
3345 2765 3453 2836 γὰρ
3472 2765 3665 2836 μεστὸς
3690 2766 3870 2837 ἀμαρ-

2289 2852 2421 2907 τιῶν
2447 2853 2611 2917 αὐτὸς
2647 2855 2912 2925 ὑπῆρχον·
2936 2855 3073 2909 ἀλλά
3118 2855 3197 2927 τῷ
3220 2856 3298 2928 σῷ
3325 2855 3459 2926 ἐλέῳ
3479 2856 3573 2910 καὶ
3594 2858 3662 2927 τῇ
3686 2859 3753 2928 σῇ
3781 2874 3873 2927 φι-

2290 2943 2610 3019 λανθρωπίᾳ
2639 2944 2810 2999 ταῦτα
2835 2946 3100 3019 παρέστη.

2364 3074 2395 3109 εν
2420 3057 2583 3111 Ετλου
2604 3058 2714 3130 γάρ
2742 3075 2842 3129 μου
2872 3059 2973 3129 τὴν
2994 3058 3195 3130 ψυχὴν,
3223 3059 3311 3113 ἶνα
3349 3058 3425 3131 μὴ
3450 3060 3740 3133 ἀπόληται,
3773 3063 3873 3117 καὶ

2294 3147 2601 3221 ἀπέρριψας
2630 3150 2804 3202 ὀπίσω
2842 3166 2944 3219 μου
2992 3150 3171 3214 πάσας
3191 3151 3289 3215 τὰς
3319 3151 3608 3222 ἁμαρτίας.
3644 3154 3718 3206 Ού
3759 3153 3873 3225 γὰρ

2293 3240 2342 3293 oi
2364 3240 2424 3294 ὲν
2451 3239 2578 3311 ᾅδου
2605 3240 2876 3293 αίνέσουσί
2906 3258 2989 3305 σε,
3027 3242 3148 3296 οὐδὲ
3174 3244 3224 3297 οί
3254 3243 3616 3308 ἀποθανόντες
3646 3245 3871 3315 εὐλογή-

2293 3331 2446 3384 σουσί
2489 3347 2574 3394 σε,
2612 3331 2733 3385 οὐδὲ
2760 3331 3004 3386 ὲλπιοῦσι
3046 3334 3095 3385 oi
3123 3335 3181 3386 ὲν
3205 3333 3334 3404 ᾅδου
3376 3334 3473 3404 τήν
3501 3335 3872 3407 ἐλεημοσύνην

2293 3438 2409 3474 σουο
2441 3421 2492 3475 oi.
2520 3421 2719 3487 ζῶντες
2750 3424 3103 3492 εύλογήσουσί
3138 3441 3199 3477 σε
3230 3424 3289 3478 ὃν
3312 3425 3512 3497 τρόπον
3533 3425 3707 3494 κάγώ.
3738 3428 3874 3480 Ἀπὸ

2290 3511 2400 3581 γάρ
2417 3510 2520 3581 τῆς
2548 3514 2789 3585 σήμερον
2820 3514 3006 3568 παιδία
3058 3515 3288 3586 ποιήσω,
3312 3515 3347 3570 ἃ
3371 3516 3728 3584 ἀναγγελοῖηι
3768 3518 3872 3588 τὴν

2289 3604 2637 3674 δικαιοσύνην
2688 3622 2803 3660 σου.
2844 3625 2862 3655 s
2894 3605 3107 3677 Χωρίον
3144 3608 3252 3678 γάρ
3277 3609 3425 3660 ἐστιν
3448 3607 3658 3660 ἀσεϐῶν
3690 3608 3869 3663 τοῦτο·

2289 3696 2371 3749 διὸ
2400 3694 2499 3767 τὴν
2516 3695 2694 3768 ψυχὴν
2726 3697 3111 3768 ἐλευθερωθεὶς
3139 3697 3198 3763 ἐξ
3238 3700 3423 3764 αὐτοῦ,
3456 3699 3660 3770 χαίρων
3683 3702 3873 3756 ἀποδί-

2290 3787 2429 3857 δωμι
2452 3786 2533 3857 τῷ
2552 3786 2671 3858 Θεῷ
2691 3788 2793 3859 τὴν
2821 3788 3189 3859 εὐχαριστίαν.
3238 3791 3301 3843 Ἡ
3324 3790 3381 3844 δὲ
3411 3790 3567 3862 χώρα
3590 3793 3698 3847 τῶν
3718 3794 3874 3865 παρὰ

2291 3876 2411 3948 Θεῷ
2435 3876 2653 3942 ζώντων
2681 3880 2775 3932 καὶ
2791 3880 2916 3943 τοὺς
2946 3879 3230 3944 αἰνοῦντας
3250 3882 3587 3948 ὑποδέξεται·
3614 3883 3743 3938 ἔνθα
3775 3886 3872 3939 καὶ

2292 3968 2456 4032 αὐτὸς
2472 3968 2656 4022 λοιπὸν
2681 3969 3003 4041 γενήσεσθαι
3044 3972 3304 4036 πιστεύω,
3333 3972 3491 4025 τοῦτό
3522 3992 3610 4045 μοι
3636 3975 3734 4045 τῆς
3769 3974 3872 4046 σῆς

2292 4060 2687 4133 δωρησαμένης
2711 4060 2949 4133 χάριτος.

2369 4258 2388 4289 ι
2417 4238 2518 4292 Θεὲ
2545 4241 2643 4311 τῆς
2658 4241 2930 4312 σωτηρίας
2960 4261 3081 4313 μου,
3110 4246 3204 4298 καὶ
3236 4245 3299 4297 ού
3331 4247 3608 4318 παύσομαι
3629 4246 3871 4316 εὐλογῶν

638 4336 858 4392 laudare
903 4347 957 4391 te
991 4350 1113 4390 cum
1152 4335 1412 4406 psalterio
1443 4338 1657 4391 cunctis
1684 4338 1874 4392 diebus
1900 4338 2023 4391 vitae
2065 4350 2190 4392 mem

2297 4348 2355 4383 σε
2381 4331 2517 4400 μετά
2537 4332 2835 4405 ψαλτηρίου
2866 4334 3047 4399 πάσας
3079 4335 3179 4400 τάς
3200 4337 3412 4409 ἡμέρας
3459 4338 3560 4408 τῆς
3589 4334 3735 4408 ζωῆς
3766 4357 3870 4408 μου

637 4428 694 4482 in
746 4436 1034 4498 conspectu
1086 4430 1277 4482 domus
1324 4426 1437 4481 Dei.
1486 4446 1507 4476 ι
1548 4427 1666 4482 Tibi
1720 4442 1929 4495 semper
1988 4436 2192 4491 astans,

2296 4424 2579 4477 κατέναντι
2624 4426 2717 4478 τοῦ
2761 4425 2910 4479 οῐκου
2942 4428 3037 4480 τοῦ
3082 4428 3237 4481 Θεοῦ.
3281 4448 3299 4479 ι
3362 4430 3452 4483 Σοὶ
3491 4431 3871 4502 προσεδρεύων

634 4528 694 4571 et
731 4531 761 4570 a
795 4518 1101 4573 sanctuario
1130 4533 1404 4587 nunquam
1442 4517 1719 4583 recedens,
1747 4529 1797 4572 te
1828 4517 2045 4572 assidue
2075 4518 2190 4571 lau-

2295 4515 2601 4579 διαπαντὸς,
2648 4518 2739 4570 καὶ
2782 4516 3083 4589 ἀχώριστος
3132 4520 3417 4589 γενόμενος
3446 4521 3540 4574 τοῦ
3576 4521 3670 4574 σοῦ
3713 4522 3873 4591 ἀγιά-

636 4611 872 4753 daztss.
900 4700 987 4754 2|.
1030 4719 1049 4751 ι
1083 4699 1148 4755 ει
1167 4701 1301 4755 dixit
1348 4698 1511 4755 Isaias
1556 4700 1797 4755 Ezechim
1836 4718 1849 4754 :
1906 4700 2069 4755 Sume
2098 4699 2193 4754 tibi

641 4806 873 4845 massam
908 4790 1126 4856 bonum,
1147 4802 1202 4846 et
1226 4802 1359 4858 tere,
1380 4801 1434 4846 et
1456 4791 1799 4863 emplastrum
1833 4793 2047 4862 impone
2077 4790 2196 4845 vul-

640 4884 852 4948 neri,et
873 4897 1037 4938 sanus
1064 4884 1203 4950 eris;
1232 4901 1253 4934 ι
1287 4884 1487 4937 docens
1511 4898 1617 4937 non
1648 4898 1867 4951 prorsus
1896 4881 2194 4951 respuenda

638 4988 761 5027 esse
791 4972 876 5026 illa
897 5014 912 5037 ,
945 4987 1066 5042 qum
1092 4973 1160 5027 ab
1192 4971 1502 5026 hominibus
1533 4972 1596 5025 ad
1641 4972 1900 5027 medelam
1946 4970 2189 5038 corporis

640 5064 1009 5133 excogitantur
1030 5079 1049 5116 :
1083 5064 1317 5131 itemque
1344 5061 1453 5116 illis
1480 5062 1734 5115 utendum
1762 5076 1883 5117 esse
1910 5102 1923 5124 ,
1948 5061 2191 5129 quando-

640 5154 856 5221 quidem
893 5153 1149 5222 pr0pheta
1192 5152 1242 5206 id
1271 5152 1533 5220 agendum
1562 5166 1684 5206 esse
1722 5152 1944 5205 monuit.
1975 5150 2189 5220 Reliqui

642 5261 769 5299 vero
798 5259 1021 5306 omnes,
1056 5245 1205 5296 ulcus
1236 5251 1531 5304 vocarunt,
1560 5242 1701 5308 quod
1726 5257 1754 5293 a
1785 5256 1959 5295 massa
1991 5240 2187 5293 ilcuuzn

640 5338 885 5382 curatum
917 5338 998 5381 cst
1030 5344 1043 5380 :
1075 5337 1128 5379 at
1159 5343 1262 5379 non
1295 5328 1446 5381 ulcus
1478 5336 1593 5379 erat
1620 5327 1845 5394 primum
1866 5368 1882 5392 ,
1918 5329 2010 5381 sed
2039 5327 2189 5381 iniir-

641 5422 800 5474 mitas
828 5431 883 5474 et
913 5419 1175 5489 aegritudo
1204 5420 1267 5473 ad
1302 5431 1552 5474 mortem.
1578 5418 1755 5486 Quare
1807 5436 1904 5490 pro
1936 5420 2024 5474 illa
2070 5420 2195 5489 qui-

715 5624 827 5688 (35)
854 5624 1033 5693 Vulg.,
1067 5642 1084 5673 ι
1121 5623 1361 5685 Domine,
1387 5625 1429 5676 si
1462 5623 1541 5678 sic
1570 5623 1791 5684 vivitur,
1828 5632 1881 5676 et
1913 5623 1965 5677 in
1991 5623 2189 5677 taiibus

646 5696 753 5773 vita
780 5694 1151 5773 spitittts_mei,
1178 5695 1444 5773 corripies
1468 5705 1642 5773 mese}
1676 5693 1967 5773 viviﬂcnbis
2017 5710 2120 5746 me.
2162 5714 2181 5745 ι

648 5761 802 5817 Dcesl
834 5778 968 5816 vers.
1002 5762 1063 5815 l5
1090 5764 1223 5829 apud
1260 5761 1395 5815 LXX
1428 5761 1525 5816 int.
1560 5763 1655 5817 Ed.
1690 5763 1955 5831 Complut.
1987 5773 2187 5829 tamen,

2296 4624 2517 4677 σματος,
2542 4608 2830 4671 διαπαντὸς
2850 4610 3127 4679 εὐλογήσω
3153 4628 3232 4664 σε.

2370 4717 2385 4747 ι
2411 4699 2517 4751 Καὶ
2540 4695 2692 4752 εἶπεν
2720 4701 2944 4763 Ἡσαΐας
2964 4701 3099 4771 πρὸς
3146 4703 3409 4767 Ἐζεκίαν·
3438 4705 3584 4758 Λάὁε
3619 4708 3871 4779 παλάθην

2296 4785 2359 4836 ὲκ
2414 4786 2612 4851 σύκων,
2649 4789 2742 4840 καὶ
2772 4787 2984 4857 τρίψον,
3018 4789 3114 4841 καὶ
3161 4791 3523 4858 κατάπλασαι,
3577 4797 3671 4848 καὶ
3711 4798 3872 4869 ὑγιὴς

2296 4876 2412 4946 ἔσῃ·
2453 4896 2470 4927 ι
2504 4877 2792 4941 διδάσκων,
2818 4879 2894 4942 ὡς
2935 4880 2996 4933 ού
3028 4882 3256 4951 πάμπαν
3278 4884 3557 4954 ἀπὸὄλητα
3582 4888 3779 4955 γένοιτ’
3804 4892 3873 4944 ἄν

2295 4985 2421 5021 ποτε
2450 4970 2542 5024 καὶ
2568 4970 2636 5023 τά
2664 4971 2792 5041 παρ’
2808 4970 3112 5041 ἀνθρώποις
3136 4974 3271 5045 πρὸς
3305 4975 3601 5043 θεραπείαν
3638 4980 3731 5033 τοῦ
3766 4984 3874 5033 σώ-

2299 5079 2465 5133 ματος
2497 5063 2871 5133 ἑπινοούμενασ
2904 5063 2983 5115 ἔτι
3025 5063 3080 5118 δὲ
3110 5066 3193 5119 ὅτι
3215 5068 3478 5137 χρηστέον
3514 5070 3606 5122 καὶ
3636 5071 3869 5135 τούτοις,

2292 5157 2368 5220 ὡς
2395 5157 2489 5209 καὶ
2517 5156 2613 5209 τοῦ
2651 5158 2928 5227 προφήτου
2976 5157 3134 5211 τοῦτο
3170 5160 3373 5231 πρᾶξαι
3420 5166 3872 5233 παραινέσαντος.

2295 5246 2403 5299 Καὶ
2426 5248 2475 5298 οἱ
2511 5246 2686 5299 λοιποὶ
2703 5247 2899 5309 πάντες
2930 5247 3108 5315 ἕλκος
3124 5250 3412 5320 ὠνόμασαν
3433 5252 3493 5304 τὸ
3520 5253 3607 5307 διὰ
3636 5255 3736 5325 τῆς
3762 5276 3867 5310 πα-

2293 5333 2458 5401 λάθης
2486 5334 2835 5405 θεραπευθέν’
2868 5336 2981 5388 ἀλλ’
3012 5339 3108 5407 οὐχ
3139 5338 3293 5401 ἕλκος
3313 5336 3380 5408 ἦν
3403 5340 3463 5392 τὸ
3495 5344 3730 5413 πρῶτον,
3765 5348 3874 5417 ἀῤ-

2301 5426 2501 5497 ρωστία
2525 5426 2581 5479 δὲ
2604 5429 2696 5479 καὶ
2731 5426 2965 5495 μαλακία
3002 5429 3134 5501 πρὸς
3165 5430 3406 5485 θάνατον.
3431 5434 3521 5485 Διὸ
3545 5437 3630 5486 ἐπ’
3656 5438 3877 5507 ἐκείνης

2296 5624 2454 5701 fans.
2608 5644 2624 5673 ι
2661 5625 2770 5677 Καὶ
2799 5625 2957 5688 αὐτὸς
3004 5627 3223 5696 ἐποίησε
3269 5628 3630 5701 καθοδήγησιν
3661 5633 3875 5700 πάντας

2294 5696 2568 5756 ἐνιαυτούς
2603 5713 2722 5764 μου.
2756 5715 2772 5747 s
