4058 6422
631 453 739 508 363

1298 442 1561 500 EUSEBII
1598 438 2071 500 CESARIENSIS
2105 437 2256 495 OPP.
2300 436 2477 491 PARS
2512 435 2598 491 ill.
2640 466 2710 478 --
2746 433 3150 491 EXEGETICA.

3724 430 3831 487 366

634 572 702 623 ad
733 564 905 622 fmdus
935 569 991 616 et
1017 559 1310 617 amicitiam
1355 574 1476 613 cum
1510 557 1734 613 Ezecbia
1764 556 2049 609 ineundam
2085 568 2161 609 re-

2271 550 2338 604 τε
2355 548 2513 603 λοιπά
2536 551 2710 605 πάντα
2735 550 2804 603 τὰ
2830 549 2931 617 πρὸ
2955 548 3053 617 τῆς
3077 548 3231 601 νόσου
3257 544 3395 601 κατὰ
3417 546 3506 600 τὸν
3522 544 3685 603 αὐτὸν
3710 568 3832 605 συν.

630 674 748 729 gam
776 654 1184 724 Babyloniorum
1222 650 1464 715 induxit,
1494 650 1565 701 ita
1616 656 1675 701 ut
1718 644 1815 716 ipsi
1850 653 1905 700 et
1950 659 2174 699 munera

629 763 685 805 at
712 750 911 819 legatos
938 754 992 800 et
1022 742 1277 813 epistolas
1305 741 1559 794 mitteret.

705 1015 862 1071 Vens.
891 1013 1005 1068 3-8.
1057 1028 1075 1061 ι
1103 1010 1170 1065 Et
1206 1007 1353 1061 venit
1382 1007 1549 1061 Isaias
1582 1006 1839 1075 propheta
1892 1004 1959 1059 ad
1993 1017 2171 1073 regem

631 1105 937 1166 Ezecbiam,
963 1111 1019 1156 et
1048 1100 1181 1154 dixit
1204 1100 1249 1152 ei
1282 1115 1296 1152 :
1328 1096 1465 1164 Quid
1492 1098 1676 1151 dicunt
1700 1094 1943 1149 homines
1970 1092 2097 1146 isti?
2118 1101 2175 1145 et

632 1196 767 1247 unde
802 1200 1057 1246 venerunt
1082 1191 1149 1243 ad
1183 1186 1275 1241 te?
1304 1184 1369 1240 Et
1403 1186 1539 1239 dixit
1582 1183 1840 1239 Ezechias
1868 1200 1880 1235 :
1906 1181 1983 1235 Ex
2030 1188 2172 1235 terra

633 1282 917 1350 longinqua
975 1291 1237 1333 venerunt
1282 1275 1347 1328 ad
1404 1289 1510 1334 me.
1573 1272 1857 1341 Babylone.
1909 1269 1976 1323 Et
2041 1269 2176 1323 dixit

626 1372 786 1427 Isaias
806 1370 969 1436 :Quid
986 1369 1227 1424 viderunt
1245 1366 1299 1421 in
1318 1365 1474 1419 domo
1499 1365 1627 1417 tua?
1649 1364 1714 1417 Et
1738 1362 1870 1416 dixit
1885 1360 2139 1414 Ezechias
2161 1376 2174 1412 :

630 1462 824 1517 Omnia
863 1474 985 1529 quae
1011 1466 1133 1511 sunt
1159 1456 1212 1510 in
1241 1456 1401 1510 domo
1427 1469 1544 1507 mea
1590 1454 1855 1513 viderunt,
1887 1463 2062 1515 neque
2094 1456 2175 1502 est

629 1552 761 1607 mihi
786 1552 1073 1620 quidquam
1096 1547 1259 1610 domi,
1284 1545 1426 1616 quod
1457 1560 1561 1599 non
1589 1543 1853 1597 viderint:
1889 1538 1981 1595 sed
2009 1540 2170 1594 etiam

629 1659 752 1712 quae
785 1644 836 1697 in
872 1640 1133 1695 thesauris
1159 1639 1294 1692 meis
1328 1645 1475 1691 sunt.
1536 1635 1602 1689 Et
1633 1634 1767 1689 dixit
1797 1630 1985 1697 Isaias,
2037 1629 2172 1684 Audi

626 1736 843 1788 verbum
872 1731 1079 1785 Domini
1113 1727 1353 1784 Sabaoth
1377 1741 1393 1780 :
1421 1726 1561 1781 Ecce
1586 1725 1700 1780 dies
1729 1723 1967 1787 veniunt,
1991 1729 2045 1775 et
2077 1736 2171 1776 su-

2272 640 2523 711 ετελέσθη
2577 642 2785 712 χρόνον.
2832 639 2994 711 Ὁμοῦ
3049 638 3110 709 δὴ
3141 634 3236 691 οὖν
3284 638 3486 691 τούτων
3520 639 3773 696 ἁπάντων
3799 646 3833 714 ἡ

2271 733 2405 803 ἀκοὴ
2429 732 2517 785 τὸν
2538 731 2644 785 τῶν
2667 732 3017 785 Βαϐυλωνίων
3045 730 3266 799 βασιλέα
3288 731 3445 800 ἐνῆγε
3472 732 3607 801 πρὸς
3629 732 3727 804 τὴν
3743 735 3834 788 τοῦ

2285 824 2519 887 Ἐζεκίου
2553 823 2755 892 φιλίαν,
2783 823 2857 887 ὡς
2878 821 3186 876 ἀποστεῖλαι
3220 821 3369 892 αὑτῷ
3406 822 3551 893 δῶρα
3576 823 3671 876 καὶ
3704 823 3833 894 trpl-

2274 917 2421 979 σϐεις
2445 916 2538 968 καὶ
2570 917 2878 977 ἐπιστολάς.

2346 1024 2365 1058 ι
2399 1007 2506 1059 Kal
2541 1002 2702 1076 ἦλθεν
2739 1007 2961 1067 Ἡσαΐας
2998 1006 3027 1058 6
3061 1004 3344 1075 προφήτης
3377 1007 3513 1075 πρὸς
3548 1006 3640 1060 τὸν
3673 1006 3827 1077 βασι-

2271 1098 2366 1151 λέα
2403 1098 2669 1163 Ἐζεκίαν,
2699 1099 2791 1151 καὶ
2819 1094 2940 1151 εἷπε
2976 1096 3110 1166 πρὸς
3154 1097 3347 1149 αὐτόν’
3392 1098 3456 1150 Τί
3486 1099 3730 1166 λέγουσιν
3780 1098 3834 1151 οἱ

2271 1189 2540 1261 ἂνθρωποι
2573 1184 2718 1242 οὗτοι
2747 1205 2763 1253 ;
2802 1191 2912 1241 Καὶ
2954 1188 3115 1242 πόθεν
3139 1189 3302 1257 ἥκασι
3329 1188 3463 1258 πρὸς
3497 1190 3556 1242 σέ
3581 1206 3595 1253 ;
3621 1191 3731 1243 Kal
3758 1185 3825 1242 ιῖ-

2271 1298 2369 1332 πεν
2401 1281 2643 1345 Ἑζεκίας
2666 1296 2679 1309 ⁸
2718 1281 2811 1332 Ἐκ
2838 1280 2941 1349 γῆς
2968 1279 3244 1351 πόρρωθεν
3277 1279 3443 1348 ἦκασι
3483 1279 3619 1351 πρὸς
3646 1280 3738 1349 μὲ,
3766 1280 3833 1335 ἑκ

2272 1372 2600 1436 Βαϐυλῶνος.
2637 1372 2745 1426 Καὶ
2774 1365 2926 1424 εἶπεν
2964 1372 3206 1434 Ἡσαΐας·
3244 1370 3309 1425 Τί
3335 1371 3541 1441 είδοσαν
3566 1373 3622 1424 ὲν
3648 1370 3725 1441 τῷ
3755 1370 3833 1423 οτ-

2269 1481 2349 1533 κῳ
2378 1480 2504 1521 σουι
2545 1464 2651 1517 Kal
2682 1457 2833 1515 εἶπεν
2873 1462 3119 1525 Ἐζεκίας
3139 1481 3152 1493 ·
3188 1462 3372 1515 Πάντα
3400 1436 3469 1514 'r'a
3504 1462 3565 1514 ἐν
3589 1460 3665 1532 τῷ

2273 1570 2371 1625 μου
2402 1554 2630 1617 είδοσαν,
2658 1553 2747 1607 καὶ
2768 1553 2867 1604 οὑκ
2893 1552 3037 1605 ἔστιν
3060 1553 3117 1605 ἐν
3139 1553 3217 1622 τῷ
3238 1552 3372 1623 οἴκῳ
3390 1569 3490 1623 μου
3519 1550 3547 1603 6
3578 1551 3678 1604 οὑκ
3697 1550 3835 1603 εῐδοο

2272 1660 2370 1697 σαν
2423 1644 2558 1697 ἀλλὰ
2586 1644 2678 1696 καὶ
2706 1642 2775 1697 τὰ
2816 1645 2874 1696 έν
2906 1644 3017 1705 τοῖς
3054 1641 3344 1713 θησαυροῖς
3387 1660 3505 1712 μου.
3538 1642 3648 1694 Καὶ
3679 1637 3836 1694 εἶπεν

2284 1733 2508 1797 Ἠσαίας
2532 1750 2544 1763 ο
2578 1734 2839 1785 ⁸Ἄκουσον
2868 1732 2960 1785 τὸν
2985 1731 3138 1800 λόγον
3164 1732 3368 1802 Κυρίου
3406 1729 3629 1785 Σαϐαὼθ
3650 1746 3664 1761 ·
3705 1729 3835 1783 Ἰδοὺ

628 1832 777 1879 ment
810 1820 988 1874 omnia
1031 1834 1149 1888 qua:
1181 1818 1233 1871 in
1265 1817 1422 1870 domo
1452 1826 1539 1869 tua
1567 1824 1727 1876 sunt,
1752 1822 1806 1868 et
1840 1824 2161 1878 quaecunque

2272 1822 2470 1894 ἡμέραι
2496 1825 2759 1894 ἔρχονται,
2786 1822 2879 1876 καλ⁵
2912 1821 3167 1891 λήψονται
3196 1822 3371 1875 πάντα
3400 1821 3468 1873 τὰ
3510 1822 3569 1872 ὲν
3600 1818 3677 1891 τῷ
3697 1819 3836 1890 οἴκῳ

627 1919 1085 1981 οοηκιδιιεενετιιηι
1113 1919 1292 1977 patres
1327 1906 1401 1961 tui
1447 1907 1500 1960 in
1529 1908 1669 1960 hunc
1709 1917 1876 1970 usque
1904 1903 2041 1955 diem
2063 1943 2077 1964 ,
2113 1902 2164 1955 in

625 2002 947 2073 Babylonem
1003 2000 1253 2063 venient,
1296 2012 1469 2065 neque
1525 1994 1797 2062 quidpiam
1845 1991 2165 2059 relinquent.

630 2094 771 2149 Dixit
798 2103 973 2147 autem
1006 2092 1145 2146 Deus
1175 2090 1380 2144 :Etiam
1403 2104 1467 2143 ex
1497 2087 1619 2140 filiis
1649 2086 1770 2147 tuis,
1796 2098 1929 2152 quos
1961 2083 2163 2152 gignes,

631 2185 914 2253 accipient,
958 2192 1011 2237 et
1054 2182 1250 2235 facient
1296 2194 1389 2234 eos
1433 2176 1693 2245 spadones
1734 2175 1786 2228 in
1827 2175 1983 2227 domo
2028 2172 2167 2240 regis

627 2274 1058 2345 Babyloniorum.
1117 2269 1180 2323 Et
1206 2270 1339 2323 dixit
1363 2267 1617 2321 Ezechias
1666 2264 1845 2318 Isaiae:
1877 2262 2052 2315 Bonus
2083 2268 2168 2314 est

625 2382 803 2420 sermo
832 2364 1075 2427 Domini,
1101 2377 1259 2432 quem
1291 2361 1499 2415 locutus
1526 2370 1606 2414 est
1632 2372 1648 2413 :
1680 2358 1797 2412 Fiat
1824 2372 1951 2410 vero
1982 2371 2081 2424 pax
2114 2362 2167 2409 et

623 2458 819 2524 iustitia
854 2456 907 2509 in
941 2456 1131 2509 diehus
1171 2453 1324 2507 meis.
1365 2471 1384 2504 ι
1428 2450 1630 2517 Quibus
1660 2449 1855 2502 auditis
1886 2447 2162 2508 Ezechias,
2184 2476 2207 2495 .

625 2555 933 2599 reverenter
952 2545 1163 2614 quidem
1193 2553 1247 2597 et
1274 2542 1379 2609 pic,
1398 2543 1574 2593 omnia
1605 2554 1933 2609 quascunque
1956 2538 2165 2591 locutus

626 2635 786 2688 fuerit
806 2635 963 2695 Deus,
993 2632 1333 2699 quantumvis
1361 2628 1528 2682 tristia
1549 2642 1667 2680 esse
1693 2625 1995 2679 hominibus
2018 2625 2156 2677 vide-

624 2734 799 2785 antur,
833 2726 967 2777 bona
1001 2735 1117 2775 esse
1157 2720 1451 2789 respondit.
1484 2719 1599 2784 Qua
1648 2718 1712 2770 de
1743 2731 1799 2769 re
1832 2716 2023 2767 iterum
2057 2714 2164 2768 He—

623 2819 814 2880 brreus,
871 2830 973 2869 non
1035 2814 1140 2866 Deo
1191 2819 1464 2880 acceptum
1526 2807 1770 2862 Ezechire
1828 2806 2159 2874 pmpositum

620 2907 787 2962 fuisse
810 2906 1039 2959 dicebat.
1060 2901 1190 2957 Nam
1217 2902 1356 2969 quod
1388 2914 1483 2967 pro
1508 2913 1565 2953 se
1597 2907 1801 2951 tantum
1826 2904 2159 2966 precaretur,

619 2999 800 3069 populi
834 3012 961 3050 vero
1006 2996 1267 3050 rationem
1317 2994 1512 3047 nullam
1556 2993 1806 3053 haberet,
1836 2992 1886 3044 id
1920 3004 2050 3043 sane
2083 2990 2162 3043 vi-

622 3092 735 3145 deri
780 3090 917 3157 apud
948 3088 1110 3141 Deum
1139 3102 1243 3140 non
1272 3085 1423 3153 culpa
1455 3100 1641 3137 vacare
1670 3102 1681 3137 :
1720 3098 1837 3151 quas
1896 3096 2055 3135 causa
2096 3083 2165 3137 sit

2272 1930 2384 1975 σου,
2418 1915 2510 1967 καὶ
2536 1916 2635 1967 ὅσα
2660 1913 2958 1981 συνήγαγον
2994 1915 3041 1967 οί
3069 1913 3299 1983 πατέρες
3325 1928 3416 1965 σου
3446 1912 3549 1974 ἕως
3574 1913 3671 1982 τῆς
3700 1911 3833 1981 ἡμέο

2273 2018 2368 2073 ρας
2402 2005 2604 2073 ταύτης
2629 2004 2707 2065 εις
2749 2001 3039 2055 Βαϐυλῶνα
3065 2001 3207 2071 ἥξει,
3238 2002 3333 2054 καὶ
3359 2000 3507 2054 οὐδὲν
3531 2002 3590 2053 οὺ
3630 2002 3703 2071 μὴ
3730 2019 3832 2054 κα-

2269 2092 2606 2147 ταλείπωσιν.
2641 2090 2773 2145 Εἷπε
2794 2092 2851 2144 δὲ
2879 2091 2907 2141 6
2931 2090 3081 2154 Θεὸς.
3114 2091 3195 2143 ὅτι
3227 2091 3317 2141 καὶ
3348 2089 3455 2141 ἀπὸ
3490 2089 3595 2143 τῶν
3626 2091 3836 2143 τέκνων

2270 2198 2385 2246 σου,
2412 2176 2486 2235 ὧν
2513 2184 2809 2254 γεννήσεις,
2844 2182 3118 2253 λήψονται.
3155 2182 3248 2234 καὶ
3291 2182 3570 2251 ποιήσουσι
3604 2180 3832 2234 σπάδον-

2266 2290 2365 2337 τας
2402 2276 2458 2326 έν
2493 2273 2569 2343 τῷ
2594 2275 2726 2343 ofqu
2757 2272 2851 2325 τοῦ
2891 2272 3149 2342 βασιλέως
3182 2272 3290 2323 τῶν
3318 2269 3692 2323 Βαϐυλωνίων.
3719 2270 3834 2322 Καὶ

2268 2359 2417 2417 εἶπεν
2466 2365 2711 2427 Ἐζεκίας
2759 2365 2954 2435 Ἡσαΐᾳ
2972 2380 2987 2393 ’
3037 2350 3258 2434 Ἀγαθὸς
3288 2365 3317 2417 6
3347 2363 3498 2430 λόγος
3521 2363 3743 2432 Κυρίου,
3770 2362 3835 2414 6v

2269 2456 2517 2526 ὲλὰλησευ
2549 2456 2785 2525 γενέσθω
2816 2455 2881 2525 δὴ
2914 2456 3125 2525 εἰρήνη,
3159 2454 3252 2507 καὶ
3290 2451 3598 2522 δικαιοσύνη
3627 2455 3684 2504 ὲν
3711 2454 3833 2513 ταῖς

2268 2547 2499 2620 ἡμέραις
2532 2566 2651 2619 μου.
2680 2568 2696 2597 ι
2732 2548 2910 2618 Ἀπερ
2935 2546 3169 2608 ἀκούσας
3203 2549 3230 2598 6
3268 2543 3542 2607 Ἐζεκίας,
3585 2540 3831 2603 εὐλαϐῶς

2266 2641 2379 2710 ἅμα
2406 2640 2495 2693 καὶ
2522 2639 2775 2703 εὐσεϐῶς,
2804 2640 2980 2693 πάντα
3004 2638 3157 2705 λόγον
3187 2636 3385 2705 ἀγαθὸν
3412 2630 3549 2688 εἶναι
3577 2634 3634 2687 ὃν
3659 2632 3831 2702 λαλή-

2266 2748 2407 2784 σειεν
2438 2734 2465 2783 6
2488 2731 2637 2796 Θεὸς,
2662 2731 2762 2784 κᾶν
2785 2730 3025 2801 λυπηρὸς
3050 2720 3184 2782 εἶναι
3208 2728 3481 2798 νομίζοιτο
3500 2724 3830 2797 ἀνθρώποις,

2265 2824 2609 2895 ἀπεκρίνατο.
2656 2823 2772 2891 Ἐφ’
2800 2820 2879 2885 οἷς
2906 2822 3065 2875 πάλιν
3102 2823 3129 2873 6
3170 2820 3416 2890 Ἐϐραῖος
3453 2816 3525 2887 μὴ
3567 2815 3831 2881 ἀποδέξα-

2266 2916 2389 2968 σθαι
2426 2916 2514 2969 τοῦ
2554 2915 2790 2979 Ἐζεκίου
2819 2916 2916 2984 τὴν
2953 2913 3263 2983 προαίρεσιν
3291 2911 3378 2963 τὸν
3403 2909 3532 2961 Θεὸν
3556 2907 3725 2972 ἔλεγε.
3755 2904 3831 2957 T6

2264 3007 2372 3077 γὰρ
2418 3008 2556 3075 ὑπὲρ
2595 3006 2692 3078 μὲν
2740 3004 2931 3059 ἑαυτοῦ
2966 3003 3285 3073 ἠξιωκέναι,
3323 3001 3461 3070 ὑπὲρ
3492 2999 3545 3051 δὲ
3576 2997 3670 3049 τοῦ
3698 2994 3826 3048 λαοῦ

2269 3097 2468 3167 μηδένα
2487 3097 2638 3165 λόγον
2666 3096 3007 3166 πεποιῆσθαι,
3039 3093 3282 3164 μεμπτὸν
3309 3091 3384 3160 τῷ
3412 3090 3529 3160 Θεῷ
3556 3088 3787 3157 φανῆναι
3808 3104 3824 3116 ν

623 3190 681 3233 ut
709 3179 961 3246 propheta
995 3192 1113 3229 mox
1141 3174 1446 3243 subjungat,
1480 3193 1497 3225 ι
1526 3173 1883 3227 Consulamiui
1914 3172 2160 3242 populum

2263 3185 2339 3238 διὸ
2364 3188 2631 3254 ἐπιλέγειν
2661 3188 2787 3256 ἑξῆς
2816 3188 2904 3239 τὸν
2935 3186 3243 3256 προφήτην·
3282 3202 3299 3234 ι
3336 3182 3705 3253 Παρακαλεὴε
3735 3180 3829 3234 τὸν

622 3285 799 3323 meum
822 3310 835 3332 ,
869 3268 993 3320 dicit
1024 3268 1178 3319 Deus.
1216 3282 1233 3315 ι
1272 3264 1490 3318 Etiamsi
1520 3263 1662 3316 enim
1697 3263 1783 3315 hic
1823 3264 2039 3330 proprio
2064 3262 2163 3313 du-

620 3370 738 3412 ctus
768 3373 966 3418 amore,
998 3358 1062 3410 de
1103 3370 1161 3409 se
1198 3363 1401 3407 tantum
1436 3353 1699 3406 sollicitus
1741 3362 2005 3419 precetur,
2046 3350 2162 3405 nul-

622 3450 833 3516 Iamque
865 3446 1037 3512 populi
1067 3444 1387 3499 mentionem
1422 3443 1623 3503 faciat;
1655 3452 1710 3495 at
1744 3442 1883 3495 Deus
1909 3457 2008 3495 suo
2029 3456 2157 3511 pro-

619 3536 851 3604 spiciens
878 3533 1093 3600 populo,
1126 3530 1368 3600 praecipit
1399 3539 1455 3582 ut
1483 3530 1573 3598 qui
1606 3528 1729 3583 huic
1761 3529 1975 3597 negotio
2003 3544 2160 3584 nares

617 3629 747 3689 sint,
788 3624 1034 3694 populum
1073 3635 1227 3677 suum
1265 3619 1629 3675 consolentur.

1203 3731 1425 3787 CAPUT
1460 3730 1574 3784 XL.

687 3826 849 3879 Vens.
886 3825 935 3887 l,
966 3824 1022 3877 2.
1058 3842 1075 3875 ι
1112 3821 1494 3884 Consolamini,
1525 3819 1875 3875 consolamini
1911 3821 2160 3889 populum

618 3933 793 3974 meum
817 3958 831 3976 .
863 3916 993 3969 dicit
1025 3914 1165 3967 Deus
1186 3954 1200 3967 .
1244 3910 1560 3966 Sacerdotes
1581 3952 1610 3989 ._
1645 3912 1923 3978 loquimini
1975 3913 2039 3963 ad
2070 3926 2163 3963 cor

617 4004 946 4060 Jerusalem:
975 4000 1321 4057 consolamini
1349 4015 1486 4055 eam.
1520 4020 1538 4051 ι
1572 4001 1799 4067 Quinam
1836 4002 1869 4054 ii
1905 4001 2035 4062 sint,
2067 4000 2160 4069 qui

621 4096 869 4163 populum
917 4094 1179 4147 consolari
1235 4094 1491 4160 jubeutur
1551 4098 1801 4144 accurate
1861 4090 2161 4158 disquirere

616 4201 791 4252 operm
825 4184 1052 4254 pretium
1101 4181 1293 4235 fuerit:
1327 4195 1527 4234 necnon
1572 4180 1697 4249 quid
1723 4181 1793 4234 sit
1818 4194 1911 4233 cor
1935 4179 2163 4234 Jerusa-

615 4276 742 4339 lem,
776 4285 827 4329 et
855 4288 1094 4342 qu:euam
1123 4272 1208 4324 illa
1238 4270 1531 4324 Jerusalem
1572 4272 1642 4324 sit
1673 4270 2005 4334 aestimanda,
2044 4284 2161 4337 qua!

615 4382 712 4421 ceu
745 4365 939 4418 auimal
971 4364 1232 4431 quoddam
1267 4378 1361 4415 cor
1395 4362 1608 4415 habeat.
1638 4359 1766 4411 Nam
1814 4361 1898 4413 hic
1923 4361 2157 4412 animata

612 4469 666 4511 et
696 4455 1022 4509 rationabilis
1057 4469 1175 4507 esse
1204 4453 1508 4506 declaratur
1532 4491 1544 4512 ,
1579 4465 1701 4504 cum
1740 4450 1957 4514 dicitur,
1991 4468 2010 4501 ι
2050 4449 2155 4503 Lo-

2262 3276 2386 3330 λαόν
2408 3297 2527 3347 μου,
2558 3280 2701 3346 λέγει
2727 3280 2754 3329 6
2779 3278 2927 3339 Θεὸς.
2964 3296 2980 3326 ι
3014 3274 3075 3328 Εἰ
3104 3275 3212 3346 γὰρ
3235 3275 3327 3326 καὶ
3349 3270 3519 3336 οὗτος,
3541 3274 3692 3345 φησὶ,
3709 3275 3829 3342 φίλ-

2259 3387 2418 3433 αυτος
2454 3372 2555 3432 ὢν,
2614 3370 2752 3440 ὑπὶρ
2784 3370 2882 3439 μὲν
2917 3368 3109 3421 ἑαυτοῦ
3138 3366 3433 3437 φροντίσας
3466 3366 3660 3436 ἐδεήθη
3681 3406 3695 3428 ,
3720 3363 3824 3419 τοῦ

2259 3460 2313 3513 δὲ
2343 3462 2468 3513 λαοῦ
2514 3463 2729 3531 μνήμην
2759 3460 2817 3513 οὕ
2843 3477 2961 3512 τινα
2996 3459 3284 3528 ἐποιήσατο
3303 3473 3315 3486 ·
3352 3457 3462 3509 ἀλλ’
3492 3458 3521 3509 6
3546 3456 3695 3519 Θεὸς,
3728 3452 3823 3508 τοῦ

2262 3551 2389 3604 ίδίου
2425 3554 2712 3622 κηδόμενος
2748 3552 2874 3604 λαοῦ
2896 3591 2909 3613 ,
2944 3549 3276 3619 παρακαλεῖν
3318 3548 3477 3600 αὖτὺν
3516 3550 3625 3610 τοῖς
3667 3546 3825 3600 τοῦτο

2261 3646 2515 3714 πράττειν
2548 3647 2677 3708 οἵοις
2702 3662 2759 3696 τε
2788 3641 3233 3713 παρακελεύεται.

2783 3736 2824 3787 K
2836 3733 3172 3787 ΕΦᾹΑΔΙΟΝ
3210 3728 3301 3785 Μ’.

2336 3844 2354 3876 ι
2390 3825 2779 3895 Παρακαλεῖτε,
2807 3823 3164 3891 παρακαλεῖτε
3191 3822 3277 3875 τὸν
3307 3820 3433 3873 λαόν
3465 3836 3586 3890 μου,
3617 3819 3765 3889 λέγει
3794 3822 3825 3877 6

2260 3917 2409 3979 Θεός.
2449 3918 2651 3986 Ἱερεῖς,
2672 3918 2943 3985 λαλήσατε
2958 3916 3170 3990 ﬁfth»
3194 3912 3417 3984 καρδίαν
3450 3912 3818 3984 ἰερουσαλήμο

2260 4008 2671 4078 παρακαλέσατε
2699 4008 2883 4076 αὐτήν.
2922 4023 2939 4057 ι
2971 4005 3124 4068 Τίνες
3149 4003 3205 4056 δέ
3230 4006 3363 4056 είσιν
3388 3998 3467 4065 οἷς
3496 4003 3522 4055 6
3546 4003 3699 4069 λόγος
3729 4018 3825 4057 παρ

2264 4096 2511 4167 ρακαλεῖν
2540 4097 2629 4147 τὸν
2667 4094 2791 4146 λαὸν
2822 4094 3172 4165 προστάττει,
3210 4091 3355 4156 ἄξιον
3384 4092 3701 4159 ἐπιστῆσαι·
3737 4091 3822 4155 τίς

2257 4187 2312 4237 δὲ
2338 4188 2369 4254 ἡ
2403 4186 2596 4255 καρδία
2626 4184 2995 4254 Ἰερουσαλὴμ,
3028 4184 3118 4235 καὶ
3148 4182 3392 4252 ποταπὴν
3420 4186 3523 4253 χρὴ
3554 4185 3694 4234 νοεῖν
3721 4181 3821 4255 τήν

2271 4275 2649 4345 Ἰερουσαλὴμ,
2682 4274 2866 4345 ὥσπερ
2899 4291 2951 4325 τι
2987 4272 3121 4337 ζῶον
3153 4272 3373 4342 καρδίαν
3398 4271 3638 4340 ἔχουσαν.
3684 4272 3823 4342 Ἔμ-

2257 4366 2422 4435 ψυχον
2466 4366 2571 4435 γὰρ
2608 4365 2699 4418 καὶ
2733 4365 2952 4434 λογικὴν
2995 4362 3178 4431 σαφῶς
3221 4363 3546 4432 παρίστησιν
3590 4362 3758 4433 αὐτὴν
3792 4364 3822 4417 6

2262 4463 2433 4527 φήσας
2462 4455 2615 4522 λόγος
2640 4471 2651 4484 ·
2691 4474 2709 4505 ι
2744 4455 3025 4524 Λαλήσατε
3059 4454 3138 4515 είς
3167 4452 3264 4523 τὴν
3293 4451 3514 4523 καρδίαν
3548 4453 3819 4522 Ἰερουσα-

613 4547 833 4616 quimiui
879 4547 941 4599 ad
990 4560 1083 4598 cor
1109 4542 1429 4596 Jerusalem.
1470 4560 1488 4591 ι
1521 4542 1599 4594 Ac
1628 4542 1728 4594 dici
1785 4540 2155 4609 forteposset,

2424 4567 2441 4599 δ
2471 4519 2578 4600 Kal
2606 4544 2672 4617 ἦν
2700 4548 2793 4616 μὲν
2824 4519 2995 4598 είπεῖν
3028 4519 3379 4613 Ἰερουσαλὴμ
3411 4543 3500 4593 τὸν
3530 4519 3653 4594 λαὸν
3681 4539 3819 4595 εἶναι

611 4638 905 4693 Jerusalem
954 4636 1200 4705 populum
1252 4636 1420 4701 ipsam
1470 4631 1790 4686 incolentem
1831 4631 2154 4699 signiﬁcare,

611 4737 670 4780 ut
712 4726 1022 4795 plerumque
1063 4724 1190 4777 urbs
1234 4737 1328 4789 pro
1369 4722 1560 4788 populo
1590 4720 1788 4772 dicitur
1813 4737 1829 4784 ;
1857 4735 2037 4771 verum
2070 4720 2155 4773 hic

612 4820 719 4884 ipse
750 4832 958 4883 quoque
1002 4814 1223 4882 populus
1264 4822 1586 4865 memoratur
1614 4812 1695 4864 his
1725 4810 1926 4875 verbis,
1963 4827 1981 4859 ι
2016 4810 2155 4863 Con-

610 4904 851 4957 solamiui
881 4902 1129 4969 populum
1163 4915 1374 4962 meum;
1413 4918 1429 4948 ι
1465 4913 1527 4949 ae
1556 4907 1734 4963 postea
1774 4896 1993 4949 scorsim
2033 4896 2155 4947 sub-

604 4994 815 5061 juugit,
849 5011 867 5043 ι
905 4989 1199 5058 Loquimini
1250 4989 1313 5040 ad
1363 5003 1455 5040 cor
1498 4984 1817 5040 Jerusalem.
1870 5004 1888 5035 ι
1927 4985 2151 5051 Quinam

610 5098 766 5147 porro
796 5084 902 5134 sint
928 5081 1018 5148 qui
1050 5078 1311 5133 consolari
1356 5076 1616 5144 jubentur
1640 5116 1653 5137 ,
1700 5086 1753 5129 et
1780 5076 1901 5143 quis
1929 5075 2153 5143 populus

610 5174 717 5238 ille,
743 5188 897 5239 quem
922 5170 1281 5229 consolantur,
1308 5169 1435 5234 quid
1460 5168 1583 5219 item
1611 5168 1680 5219 sit
1706 5181 1798 5219 cor
1828 5164 2150 5229 Jerusalem,

606 5261 712 5329 iam
746 5261 1142 5328 expendeudum
1187 5267 1288 5311 est.
1337 5256 1714 5311 Consolatores
1762 5269 1890 5309 sane
1926 5252 2150 5317 fuerint,

608 5352 695 5419 qui
742 5350 997 5417 Spiritqu
1045 5349 1433 5401 consolatorem
1483 5354 1844 5412 acceperunt,
1894 5344 2145 5398 nimirum

609 5443 851 5509 apostoli,
886 5440 1128 5506 discipuli
1157 5438 1454 5492 Salvatoris
1486 5436 1677 5497 nostri,
1699 5436 2060 5503 evangelistc,
2094 5442 2148 5484 et

608 5535 674 5585 iis
702 5534 931 5592 similes,
961 5532 1151 5598 quibus
1190 5529 1445 5582 Servator
1478 5526 1726 5580 dicebat:
1759 5544 1775 5575 ι
1816 5526 1924 5595 Ego
1954 5524 2149 5593 rogabo

608 5624 842 5687 Patrem,
868 5633 921 5675 et
950 5623 1109 5674 alium
1143 5618 1470 5673 Paracletum
1504 5618 1648 5670 dabit
1678 5618 1843 5681 vobis,
1877 5625 1935 5670 ut
1962 5618 2030 5670 sit
2059 5632 2149 5669 vo-

609 5714 808 5765 biscum
840 5715 890 5763 in
922 5722 1197 5775 mter-num,
1229 5709 1485 5773 Spiritum
1525 5708 1800 5770 veritatis;
1848 5725 1865 5757 ι
1914 5720 1977 5759 ac
2024 5721 2145 5757 rur-

607 5819 721 5856 sum
752 5822 762 5855 :
789 5822 805 5853 ι
836 5802 967 5857 Cum
987 5812 1160 5854 autem
1185 5800 1391 5867 venerit
1419 5797 1744 5864 Paraclctus,
1774 5799 2004 5866 Spiritus
2026 5812 2147 5850 san-

2258 4640 2347 4691 τὸν
2369 4641 2427 4690 ἓν
2452 4641 2584 4707 αὐτῇ
2612 4636 2980 4697 κατοικοῦντα,
3015 4635 3088 4697 ὡς
3120 4633 3371 4695 πολλάκις
3392 4634 3488 4703 τὴν
3519 4634 3668 4685 πόλιν
3699 4634 3819 4687 ἀντὶ

2257 4729 2362 4781 τῶν
2388 4729 2681 4799 οἰκητόρων
2708 4724 3133 4794 ὀνομαζομένην·
3167 4724 3281 4775 νυνὶ
3308 4724 3362 4775 δὲ
3402 4726 3429 4776 6
3466 4724 3615 4791 λόγος
3655 4722 3816 4777 αὑτοῦ

2257 4820 2347 4871 τοῦ
2368 4819 2494 4872 λαοῦ
2545 4818 2814 4888 μέμνηται
2860 4816 3064 4882 λέγων’
3118 4832 3136 4865 ι
3177 4815 3545 4882 Παρακαλεῖτε
3572 4816 3661 4868 τὸν
3690 4816 3817 4869 λαόν

2262 4920 2381 4973 μου·
2424 4924 2442 4953 ι
2478 4905 2570 4956 καὶ
2598 4904 2755 4955 πάλιν
2798 4903 2937 4963 ἰδίως
2968 4900 3211 4971 ἐπιφέρει
3245 4902 3333 4963 τὸ,
3369 4921 3387 4952 ι
3427 4904 3706 4971 Λαλήσατε
3735 4908 3839 4967 είς

2258 4992 2353 5061 τὴν
2380 4992 2601 5063 καρδίαν
2642 4992 3010 5061 Ἰερουσαλήμ.
3054 5010 3071 5042 ›
3101 4994 3253 5055 Τίνες
3280 4989 3370 5045 οὖν
3398 4996 3534 5045 εἰσιν
3558 4996 3607 5046 0!
3645 5014 3817 5066 παρα-

2257 5084 2438 5133 καλεῖν
2480 5081 2961 5151 προσταττόμενοι,
3000 5080 3091 5132 καὶ
3135 5082 3218 5144 τίς
3266 5085 3293 5133 6
3339 5083 3815 5152 παρακαλούμενος

2254 5169 2399 5232 λαὸς,
2426 5171 2476 5223 τί
2509 5188 2568 5221 τε
2601 5174 2631 5235 ἡ
2656 5171 2849 5240 καρδία
2888 5172 3254 5242 Ἰερουσαλὴμ.
3280 5171 3396 5242 ὥρα
3421 5173 3806 5244 διευκρινῆσαι.

2255 5263 2317 5313 Ol
2346 5264 2440 5330 μὲν
2471 5259 2561 5314 οὖν
2608 5260 3040 5330 παρακαλοῦντες
3087 5258 3195 5313 εἷεν
3232 5262 3295 5314 ἂν
3337 5264 3384 5314 οί
3419 5264 3468 5315 τὸ
3502 5263 3719 5332 Πνεῦμα
3747 5265 3811 5317 τὸ

2250 5352 2592 5421 παράκλητον
2617 5350 3044 5419 ὑποδεδεγμένοι,
3068 5352 3349 5404 ἀπόστολοι
3373 5352 3567 5422 δηλαδὴ
3598 5357 3686 5407 καὶ
3716 5371 3811 5423 μα-

2248 5440 2405 5509 θηται
2432 5440 2525 5491 τοῦ
2560 5440 2802 5510 Σωτῆρος
2840 5441 3023 5510 ήμῶν,
3071 5444 3162 5493 καὶ
3192 5442 3588 5508 εὐαγγελισταλ,
3630 5444 3721 5496 καὶ
3754 5444 3809 5498 οι

2250 5530 2454 5592 τούτοις
2482 5532 2686 5599 ὅμοιοι,
2735 5531 2865 5600 πρὸς
2898 5532 2989 5594 οὒς
3036 5530 3219 5597 ἔλεγεν
3263 5534 3291 5582 6
3333 5534 3556 5603 Σωτήρ·
3597 5554 3611 5585 ι
3667 5532 3809 5601 Ἐγὼ

2251 5622 2505 5690 ἐρωτήσω
2541 5622 2631 5672 τὸν
2674 5622 2887 5693 Πατέρα
2933 5639 3066 5691 μου,
3119 5625 3211 5675 καὶ
3257 5622 3415 5676 ἄλλον
3451 5624 3808 5694 Παράκλητον

2248 5710 2403 5763 δώσει
2430 5714 2573 5780 ὑμῖν,
2601 5712 2683 5763 ἵνα
2706 5714 2785 5781 εἴη
2814 5713 2927 5781 μεθ’
2954 5713 3103 5783 ὑμῶν
3129 5716 3205 5775 είς
3231 5714 3318 5766 τὸν
3342 5712 3528 5774 αἰῶνα,
3555 5715 3613 5765 τὸ
3634 5714 3805 5769 Πνεῦ-

2258 5819 2327 5867 μα
2370 5802 2467 5869 τῆς
2505 5802 2785 5867 ἀληθείας·
2830 5822 2846 5854 ι
2883 5805 2972 5855 καὶ
3022 5800 3173 5867 αὖθις
3197 5821 3210 5836 υ
3263 5824 3281 5857 ι
3313 5804 3478 5857 Ὅταν
3511 5805 3565 5857 δὲ
3612 5804 3738 5866 non
3774 5807 3808 5861 ὁ
