4058 6418
233 433 343 488 δίτῦ

1228 425 1733 484 COMMENTARIA
1776 426 1840 480 ΙΝ
1885 424 2142 482 lSAlAM.
2183 457 2253 468 —
2290 423 2444 482 CAP.
2485 425 2598 479 XL.
3389 425 3494 483 7.63

228 557 611 629 Παράκλητος,
639 556 699 610 τὸ
730 554 951 626 Πνεῦμα
973 555 1034 608 τὺ
1066 553 1240 623 άγιον,
1272 553 1301 605 δ
1323 553 1530 624 πέμψει
1555 554 1583 606 ό
1622 551 1807 621 Πατήρ

1920 557 2060 611 ctus,
2090 561 2249 616 quem
2284 547 2462 599 mittet
2486 542 2650 598 Pater
2681 555 2855 608 meus,
2889 527 2978 596 ille
3009 556 3104 596 vos
3137 542 3350 596 docebit
3375 558 3492 596 0m-

231 665 358 720 μου,
377 650 584 712 ἐκεῖνος
601 649 744 718 ὑμᾶς
765 647 962 713 διδάξει
981 646 1176 709 πάντα,
1205 666 1223 696 ι
1243 646 1334 698 καὶ
1353 645 1421 698 τὰ
1436 644 1580 714 ἑξῆς.
1601 642 1812 705 Πάντες

225 741 520 811 τοιγαροῦν
561 741 610 794 οί
654 740 715 794 τὸ
767 739 1112 811 παράκλητον
1153 737 1378 808 Πνεῦμα
1426 735 1812 806 ὑποδεξάμενοι

228 835 662 903 προστάττονται
688 833 1022 904 παρακαλεῖν
1043 832 1132 885 τὸν
1151 830 1277 884 λαὸν
1296 829 1390 883 τοῦ
1407 827 1561 882 Θεοῖν
1601 829 1717 882 ἀλλ’
1750 829 1832 882 οὐ.

226 922 324 974 τὸν
351 922 721 993 Ἰσραὴλ,οὑδὲ
745 923 838 974 τὸν
871 922 1082 984 Ἰακὼϐ,
1099 921 1219 974 οὐδὲ
1245 920 1335 972 τὸν
1363 918 1581 972 Ἰούδαν.
1601 919 1812 987 Ὥσπερ

227 1013 286 1066 δὲ
322 1014 693 1067 ἀποδέδεικται
715 1054 728 1075 ,
762 1015 790 1066 ὁ
822 1013 950 1076 λαὸς
993 1011 1087 1065 τοῦ
1119 1009 1253 1065 Θεοῦ
1274 1051 1288 1074 ,
1331 1009 1503 1073 οὕτως
1534 1013 1566 1080 ὴ
1616 1007 1812 1078 καρδία

239 1105 598 1176 Ἰερουσαλὴμ
620 1105 961 1175 νοηθήσεται,
985 1103 1045 1156 τὺ
1071 1106 1312 1175 κρεῖττον
1330 1102 1518 1172 τάγμα
1543 1100 1633 1153 τοῦ
1656 1101 1809 1154 λαοῦ.

237 1195 334 1257 Ὧς
359 1194 466 1265 γὰρ
505 1195 564 1246 ὲν
587 1193 796 1264 σώματι
831 1195 865 1265 ή
897 1193 1091 1264 καρδία
1111 1193 1171 1245 τὸ
1204 1191 1541 1264 κυριώτατόν
1569 1193 1682 1243 ἐστι
1714 1190 1810 1242 τοῦ

225 1287 454 1349 παντὸς,
489 1285 630 1339 οῦτω
670 1286 763 1339 καὶ
807 1285 864 1337 ὲν
905 1285 983 1356 τῷ
1007 1286 1104 1356 τῆς
1145 1283 1472 1357 Ἐκκλησίας
1519 1283 1730 1355 σώματι
1749 1283 1811 1336 τὸ

223 1376 563 1449 κυριώτατον
584 1378 768 1448 τάγμα
791 1377 1016 1441 είκάτως
1037 1376 1102 1430 ἂν
1129 1376 1341 1448 λεχθείη
1366 1376 1428 1430 τὸ
1452 1377 1560 1430 τῶν
1584 1377 1810 1445 λογικω-

222 1468 424 1539 τέρων,
461 1469 722 1539 φρονήσει
758 1484 816 1520 τε
851 1468 945 1521 καὶ
977 1467 1183 1539 διανοίᾳ
1215 1469 1310 1520 καὶ
1349 1466 1592 1537 λογισμῷ
1622 1466 1849 1536 διαφε-“

226 1561 451 1629 ρόντων.
501 1559 627 1613 Ἐὰν
679 1559 856 1611 τοίνυν
896 1559 1153 1628 λέγηται,
1207 1577 1225 1609 ι
1262 1558 1547 1629 Λαλήσατε
1585 1560 1664 1622 είς
1708 1558 1808 1629 τὴν

226 1650 457 1720 καρδίαν
490 1650 865 1722 Ἰερουσαλὴμ,
898 1671 916 1702 ι
949 1649 1092 1704 οὕτω
1125 1649 1340 1704 δεκτέον
1361 1650 1451 1703 τὸν
1475 1649 1652 1718 λόγον,
1675 1649 1807 1703 ὡσεὶ

226 1742 566 1814 σαφέστερον
605 1741 756 1810 ἔλεγε
780 1759 793 1772 ·
830 1761 849 1793 ‹
888 1742 1170 1812 Λαλήσατε
1209 1745 1322 1806 τοῖς
1354 1743 1412 1794 ὲν
1460 1742 1539 1814 τῷ
1566 1743 1680 1815 λαῷ
1712 1744 1805 1797 τοῦ

224 1831 364 1886 Θεοῦ
413 1833 638 1902 νοήμοσι
678 1832 770 1884 καὶ
806 1831 1203 1901 λογικωτέροις.
1250 1852 1269 1884 ι
1326 1833 1550 1897 Τούτοις
1582 1834 1680 1903 μὲν
1711 1830 1805 1888 οὖν

1920 639 2006 692 nia
2046 639 2123 703 “,
2161 656 2181 688 ι
2217 647 2270 691 et
2302 647 2520 690 caetera.
2551 634 2826 703 Quotquot
2870 634 3033 702 igitur
3066 632 3330 702 Spiritum
3367 647 3496 688 san-

1918 740 2063 782 ctum
2093 737 2448 796 acceperunt,
2480 724 2733 796 populum
2763 726 2855 780 Dei
2881 723 3150 779 consolari
3190 724 3451 791 jubentur
3476 739 3493 786 ;

1915 820 2009 872 sed
2038 833 2141 871 non
2173 815 2448 879 Israelem,
2477 829 2582 868 non
2610 812 2892 878 Jacobum,
2921 828 3025 866 non
3051 811 3271 868 Judam.
3304 809 3371 866 Ut
3395 827 3496 865 au-

1917 923 2024 964 tem
2069 908 2323 979 populum
2363 907 2457 962 Dei
2498 905 2909 976 intelligendum
2942 920 3063 960 esse
3094 915 3496 960 commonstra-

1913 1011 2026 1054 tum
2055 1010 2159 1062 est,
2189 1000 2261 1052 ita
2293 1007 2349 1052 et
2395 1011 2491 1051 cor
2531 996 2835 1052 Jerusalem
2877 996 3212 1064 intelligatur
3252 1004 3490 1065 oportet,

1913 1107 2012 1160 pro
2059 1091 2238 1160 populi
2286 1089 2496 1144 scilicet
2533 1088 2726 1143 ordine
2767 1096 2825 1144 et
2883 1098 3039 1156 parte
3089 1091 3491 1157 prmstantiore.

1912 1183 2374 1249 Quemadmodum
2432 1179 2577 1235 enim
2623 1179 2675 1233 in
2715 1194 2942 1250 corpore
2984 1195 3078 1233 cor
3107 1180 3496 1248 praestantissi-

1913 1291 2059 1329 mum
2081 1275 2324 1328 omnium
2350 1283 2436 1328 est
2460 1290 2476 1338 ;
2508 1274 2581 1328 ita
2609 1281 2665 1327 et
2695 1272 2750 1326 iu
2781 1271 3042 1326 Ecclesiae
3063 1286 3318 1340 corpore,
3347 1286 3490 1339 pra:-

1909 1366 2246 1420 stantissima
2297 1366 2473 1434 portio
2520 1363 2644 1432 jure
2687 1365 2904 1418 dicatur
2953 1378 3075 1418 esse
3120 1379 3344 1428 eorum,
3391 1365 3487 1434 qui

1911 1456 2146 1518 ratione,
2190 1455 2474 1524 prudentia
2497 1495 2513 1520 ,
2567 1465 2746 1511 mente
2779 1465 2836 1509 et
2885 1456 3158 1525 cogitandi
3191 1456 3240 1508 vi
3276 1457 3489 1510 caeteris

1909 1547 2257 1601 antecellunt.
2287 1547 2420 1603 Cum
2460 1561 2591 1616 ergo
2630 1546 2862 1610 dicitur,
2901 1563 2921 1597 ι
2955 1546 3262 1616 Loquimini
3295 1547 3362 1598 ad
3393 1561 3493 1601 cor

1907 1638 2238 1703 Jerusalem,
2287 1657 2307 1691 ι
2341 1639 2422 1694 sic
2449 1639 2651 1693 dictum
2694 1639 2956 1706 accipias,
2993 1653 3056 1692 ac
3097 1637 3141 1692 si
3170 1636 3373 1692 clarius
3417 1637 3494 1693 ita

1911 1729 2254 1797 loqueretur,
2277 1743 2297 1778 ι
2339 1726 2639 1797 Loquimini
2676 1726 2791 1781 iise
2808 1725 3002 1795 populo
3027 1725 3144 1788 Dei,
3171 1727 3262 1797 qui
3292 1726 3493 1782 intelli-

1911 1820 2092 1889 gentia
2139 1827 2193 1874 et
2231 1822 2438 1875 ratione
2490 1818 2897 1888 praestantiores
2919 1828 3068 1873 sunt.
3105 1836 3124 1870 ι
3158 1817 3269 1873 Hos
3307 1820 3494 1889 itaque

225 1923 407 1978 λαλεῖν
446 1923 872 1994 προστάττονται
907 1923 956 1974 οἱ
1002 1923 1194 1993 ἱερεῖς’
1221 1923 1313 1976 τὸν
1352 1923 1409 1977 δὲ
1454 1923 1640 1977 λοιπὸν
1680 1924 1806 1977 λαὸν
1839 1905 1882 1962 Β
1909 1911 2394 1982 διιοίιυίίιιῢθιιιυν
2423 1913 2774 1975 εθοθτάοιθεῖ
2819 1911 3094 1965 τθείδιιυπη
3153 1925 3285 1965 Vero
3318 1927 3494 1982 P0P“'

226 2013 591 2085 παρακαλεῖν,
622 2012 697 2075 ὼς
721 2011 972 2082 δεόμενον
1008 2013 1404 2085 παρακλήσεως
1428 2015 1521 2068 καὶ
1551 2026 1809 2087 παραμυ-

225 2105 370 2169 θίας.

307 2215 328 2249 ι
382 2197 504 2248 ’Ότι
559 2193 804 2266 ἐπλήσθη
847 2199 881 2264 ή
933 2195 1261 2258 ταπείνωσις
1317 2194 1526 2265 αύτῆςο
1594 2195 1807 2252 λέλυται

223 2288 399 2358 αὐτῆς
479 2289 512 2358 ή
570 2287 810 2358 ἁμαρτία
842 2329 856 2353 ,
921 2288 1003 2339 ὃτι
1066 2286 1286 2353 ἐδέξατο
1335 2288 1399 2340 ὲκ
1456 2285 1638 2358 χειρὸς
1697 2289 1809 2340 Κυ-

228 2379 349 2451 ρίου
393 2380 556 2433 διπλᾶ
599 2380 668 2433 τὰ
715 2379 1090 2450 ἁμαρτήματα
1137 2378 1326 2448 αὐτῆς.
1373 2398 1391 2429 ι
1445 2379 1717 2450 Προσήκει
1748 2377 1808 2429 δὲ

222 2469 414 2523 λοιπὸν
453 2469 849 2540 παρακλήσεως
890 2471 984 2522 καὶ
1021 2469 1370 2541 παραμυθίας
1400 2469 1569 2539 αὐτὴν
1606 2468 1809 2538 τυγχά-

220 2575 341 2612 νειν
362 2559 449 2612 διὰ
478 2561 576 2631 τὴν
602 2560 985 2629 ἐπιλάμψασαν
1012 2560 1091 2630 τῷ
1124 2560 1222 2630 βίῳ
1252 2560 1346 2613 τοῦ
1373 2559 1562 2613 καινοῦ
1592 2560 1807 2613 πάντων

225 2652 534 2723 ἀνθρώπων
589 2652 842 2721 Σωτῆρος
873 2651 1219 2717 ἐπιφάνειαν.
1249 2650 1453 2721 Διπλῆν
1491 2651 1548 2703 δὲ
1587 2651 1807 2704 κόλασιν

223 2745 404 2807 εἴποις
430 2743 495 2796 ἂν
538 2743 923 2814 ἐπεληλυθέναι
947 2745 1013 2813 τῇ
1051 2743 1248 2814 καρδίᾳ
1285 2742 1659 2814 Ἰερουσαλήμ·
1686 2743 1806 2796 ἐπεὶ

221 2839 322 2893 καὶ
359 2838 500 2891 κατὰ
535 2837 635 2907 τὴν
674 2837 915 2907 ἱστορίαν
943 2838 1320 2908 συναπήλαυον
1350 2837 1463 2898 τοῖς
1495 2837 1685 2898 κακοῖς
1709 2835 1804 2888 τοῦ

221 2927 467 2999 πλήθους
501 2931 549 2980 οἱ
584 2926 919 2996 δηλούμενοι,
955 2929 1044 2980 ὑπ’
1080 2927 1398 2996 ἀλλοφύλοις
1421 2926 1596 2980 ἔθνεσι
1620 2945 1806 2979 ταπει-

220 3019 499 3090 νούμενοι,
541 3020 634 3072 καὶ
672 3017 814 3072 κατὰ
852 3019 1088 3073 διάνοιαν
1129 3018 1383 3081 ἐκόλαζον
1424 3019 1670 3080 ἑαυτοὺς,
1716 3017 1806 3071 διὰ

219 3110 328 3181 τὴν
348 3109 440 3162 τοῦ
483 3109 719 3180 πλήθους
747 3108 1014 3180 ἀναϐολὴν
1041 3108 1362 3171 πενθοῦντες
1388 3111 1484 3162 καὶ
1515 3108 1806 3162 ἀποκλαιό-

226 3220 382 3274 μενοι
419 3203 520 3274 τὴν
569 3203 774 3255 πτῶσιν
831 3204 925 3255 καὶ
948 3202 1048 3272 τὴν
1099 3200 1378 3255 ἀπώλειαν
1409 3201 1516 3254 τῶν
1563 3200 1799 3254 πολλῶν·
1831 3235 1872 3290 C

221 3291 364 3348 ἀλλὰ
393 3291 643 3361 δεύτερον
678 3291 1099 3362 πολιορκηθεῖσα
1134 3293 1167 3361 ἡ
1203 3291 1580 3364 Ἰερουσαλὴμ,
1615 3292 1692 3355 ὡς
1725 3295 1804 3356 εἰς

222 3383 422 3449 ἔδαφος
453 3379 841 3450 κατενεχθῆναι
874 3380 964 3432 τὸν
993 3381 1050 3432 ἐν
1078 3380 1213 3448 αὐτῇ
1239 3378 1395 3440 νεὼν,
1425 3377 1619 3446 διπλῆν
1644 3394 1807 3447 τιμω-

228 3472 352 3546 ρίαν
411 3471 519 3525 τῶν
562 3473 619 3524 ὲν
663 3473 800 3542 αὐτῇ
841 3470 1256 3542 τετολμημένων
1303 3470 1666 3541 ἀσεϐημάτων
1707 3471 1807 3521 ὑπ-

221 3564 430 3632 έμεινε.

304 3675 322 3706 ι
354 3653 509 3726 Φωνὴ
549 3653 780 3724 βοῶντος
839 3655 896 3706 ὲν
935 3655 1002 3723 τῇ
1040 3653 1230 3724 ἐρήμῳ
1253 3667 1266 3683 '
1309 3651 1664 3723 Ἑτοιμάσατε
1708 3651 1805 3722 τὴν

220 3749 343 3804 ὁδὸν
384 3749 612 3820 Κυρίου,
657 3747 872 3810 εὐθείας
907 3749 1109 3799 ποιεῖτε
1146 3746 1245 3808 τὰς
1271 3745 1491 3815 τρίϐους
1539 3745 1631 3798 τοῦ
1667 3745 1801 3797 Θεοῦ

221 3842 407 3913 ἡμῶν.
435 3861 453 3892 ι
476 3841 669 3908 Σαφῶς
699 3841 996 3911 παρίστησι
1034 3840 1108 3910 μὴ
1151 3839 1208 3891 ὲν
1245 3837 1681 3910 τῇῚερουσαλὴμ
1714 3855 1805 3906 γε·

221 3935 484 4005 γενῆσθαι
507 3934 573 3987 τά
597 3934 981 4003 θεσπιζόμενα,
1012 3931 1124 3984 ἀλλ’
1148 3931 1239 3983 ἐπὶ
1260 3931 1357 4001 τῆς
1399 3931 1605 4001 ἐρήμου
1627 3946 1638 3958 ·
1665 3930 1806 3997 λέγω

221 4029 290 4100 δὴ
327 4029 390 4082 τὸ
430 4026 757 4098 ὀφθήσεσθαι
805 4025 897 4095 τὴν
943 4023 1099 4088 δόξαν
1133 4021 1361 4093 Κυρίου,
1405 4023 1496 4074 καὶ
1546 4021 1607 4073 τὸ
1657 4020 1804 4090 πάσῃ

225 4123 392 4193 σαρκὶ
413 4119 822 4190 γνωσθήσεσθαι
842 4117 901 4169 τὸ
925 4117 1188 4187 σωτήριον
1210 4113 1304 4177 τοῦ
1327 4113 1482 4167 Θεοῦ.
1506 4115 1615 4166 Καὶ
1635 4113 1805 4166 ταῦτα

227 4211 330 4283 μὲν
363 4210 668 4280 ἐπληροῦτο
700 4209 834 4279 πρὸς
882 4206 1121 4276 ἱστορίαν
1153 4207 1247 4259 καὶ
1273 4205 1416 4270 λέξιν
1448 4205 1539 4256 ἐπὶ
1571 4203 1667 4256 τοῦ
1697 4204 1805 4254 Βα-

225 4299 454 4355 πτιστοῦ
498 4301 742 4353 Ἰωάννου
779 4297 1146 4368 κηρύσσοντος
1171 4297 1270 4368 τὴν
1305 4300 1572 4368 σωτήριον
1607 4300 1804 4368 ἐπιφά-

221 4406 375 4448 νειαν
401 4393 534 4446 Θεοῦ
570 4395 626 4444 ὲν
656 4395 722 4462 τῇ
752 4392 940 4462 ἐρήμῳ
975 4389 1066 4442 τοῦ
1109 4391 1395 4460 Ἰορδάνου,
1444 4393 1500 4443 ὲν
1620 4393 1714 4445 καὶ⁵
1747 4393 1805 4446 τὸ

223 4487 494 4556 σωτήριον
529 4481 682 4554 ὤφθη
717 4482 809 4534 τοῦ
838 4481 993 4534 Θεοῦ.
1031 4481 1205 4544 Αὐτὸς
1251 4483 1358 4553 γὰρ
1397 4485 1424 4535 ό
1473 4483 1728 4553 Χριστὸς,
1766 4485 1799 4554 ἦ

1910 2001 2020 2056 lum
2053 2004 2319 2059 consolari
2353 2005 2759 2074 praecipiuntur,
2786 2011 2972 2072 utpote
2998 2003 3091 2073 qui
3115 2003 3493 2060 consolatione

1908 2107 2043 2161 opus
2082 2093 2301 2149 habeat.

1987 2206 2005 2240 ι
2037 2188 2176 2253 Quia
2205 2186 2405 2256 repleta
2441 2195 2526 2242 est
2577 2186 2882 2243 humiliatio
2930 2184 3048 2255 ejus
3082 2202 3096 2238 :
3129 2185 3364 2240 solutum
3406 2195 3491 2240 est

1910 2289 2192 2350 peccatum
2217 2279 2382 2342 illius,
2413 2279 2670 2346 quoniam
2693 2278 2933 2348 suscepit
2975 2279 3040 2331 de
3077 2293 3236 2330 manu
3275 2275 3491 2330 Domini

1908 2371 2140 2441 duplicia
2170 2380 2391 2439 peccata
2418 2386 2533 2425 sua.
2569 2388 2589 2422 ι
2637 2369 2743 2424 Par
2777 2380 2861 2426 est
2899 2379 2957 2425 ut
2989 2369 3207 2425 demum
3237 2368 3492 2424 consola-

1912 2463 2109 2518 tionem
2139 2462 2403 2524 obtineat,
2433 2461 2503 2514 ob
2537 2459 2939 2516 illucescentem
2987 2461 3083 2515 toti
3127 2459 3362 2514 humano
3395 2473 3490 2528 ge-

1911 2553 2025 2606 neri
2056 2553 2176 2606 novi
2203 2550 2500 2606 Salvatoris
2534 2551 2843 2604 adventum.
2885 2549 3086 2618 Duplex
3118 2563 3250 2602 vero
3281 2547 3490 2616 suppli-

1908 2645 2051 2698 cium
2080 2643 2229 2696 cordi
2254 2641 2554 2695 Jerusalem
2589 2638 2849 2694 inllictum
2875 2639 3027 2694 dicas
3062 2659 3076 2694 :
3115 2649 3224 2692 tum
3254 2639 3380 2708 quia
3403 2651 3491 2694 se-

1908 2735 2144 2789 cundum
2171 2732 2455 2787 historiam
2483 2732 2764 2787 memorati
2795 2731 3041 2786 homines
3068 2732 3135 2791 ab
3170 2729 3491 2799 alienigenis

1908 2827 2162 2896 gentibus
2183 2825 2450 2896 oppressi,
2485 2825 2537 2879 in
2574 2835 2784 2894 partem
2820 2822 3149 2878 calamitatis
3179 2822 3358 2892 populi
3398 2836 3489 2876 ve-

1910 2921 2165 2984 niebant;
2218 2927 2330 2973 tum
2363 2922 2488 2987 quia
2525 2919 2823 2974 secundum
2875 2925 3110 2971 mentem
3143 2918 3207 2971 de
3241 2916 3488 2971 multitu-

1907 3011 2050 3065 dinis
2081 3013 2384 3081 ahjectione
2429 3011 2620 3065 ﬂentes
2669 3024 2734 3065 ac
2766 3009 3055 3063 multorum
3112 3008 3404 3078 perniciem
3432 3017 3488 3063 et

1906 3105 2130 3158 exitium
2171 3105 2434 3173 lugentes,
2475 3118 2596 3157 sese
2621 3101 3011 3157 macerabant:
3046 3101 3174 3168 quin
3208 3101 3371 3154 etiam
3403 3115 3488 3154 se-

1905 3197 2082 3252 cundo
2115 3198 2338 3252 obsessa
2366 3196 2729 3266 Jerosolyma,
2762 3195 2834 3249 ita
2862 3203 2919 3248 ut
2945 3195 3203 3263 templum
3231 3197 3348 3263 ejus
3374 3195 3488 3250 solo

1910 3298 2236 3358 aequaretur,
2278 3289 2472 3358 duplex
2516 3289 2779 3344 scelerum
2832 3287 2899 3342 ab
2943 3302 3005 3342 se
3052 3295 3488 3356 perpetratorum

1909 3383 2228 3452 supplicium
2263 3382 2381 3436 luit.

1981 3646 2142 3701 Vens.
2179 3645 2232 3700 '5.
2261 3645 2374 3700 Vox
2415 3645 2701 3700 clamantis
2745 3645 2797 3718 in
2834 3643 3078 3708 deserto,
3112 3642 3311 3698 Parate
3343 3643 3488 3698 viam

1914 3740 2146 3803 homini,
2184 3748 2359 3794 rectas
2399 3738 2562 3793 facite
2606 3738 2960 3810 mmitaleei
3009 3739 3198 3794 nostri.
3235 3758 3256 3792 ι
3290 3741 3488 3806 Aperte

1910 3831 2148 3886 declarat
2191 3847 2276 3898 ea,
2308 3848 2428 3899 qme
2475 3832 2527 3885 in
2570 3832 2827 3886 vaticinio
2866 3830 3134 3895 feruntur,
3169 3846 3274 3886 non
3327 3828 3488 3885 Jero-

1908 3924 2150 3994 solymaa,
2203 3924 2298 3978 sed
2324 3924 2377 3977 in
2406 3925 2621 3977 deserto
2652 3925 2888 3992 gerenda
2921 3939 3043 3978 esse
3069 3941 3084 3990 ;
3121 3938 3316 3992 nempe
3343 3924 3488 3993 quod

1911 4016 2148 4072 luturum
2179 4017 2272 4081 sit,
2302 4027 2358 4071 ut
2391 4015 2559 4086 gloria
2599 4017 2807 4070 Domini
2852 4026 3130 4084 appareat,
3161 4027 3215 4070 et
3249 4016 3489 4072 salutare

1911 4110 2004 4164 Dei
2037 4112 2086 4162 in
2112 4110 2289 4165 omnis
2318 4109 2499 4162 carnis
2525 4109 2768 4171 notitiam
2803 4110 2987 4168 veniat
3029 4108 3094 4162 Et
3124 4109 3240 4164 haec
3269 4110 3486 4179 quidem

1909 4204 2203 4258 secundum
2253 4203 2533 4258 historiam
2575 4208 2629 4255 et
2677 4203 2743 4254 ad
2788 4203 3034 4264 verbum,
3092 4213 3218 4256 tunc
3266 4203 3488 4274 impleta

1907 4304 2052 4358 sunt,
2079 4308 2200 4347 cum
2236 4291 2476 4348 Joannes
2515 4291 2754 4362 Baptista
2804 4294 3096 4349 salutarem
3145 4295 3236 4351 Dei
3285 4299 3488 4352 adven-

1911 4395 2020 4437 tum
2054 4385 2362 4453 prmdicavit
2420 4385 2471 4438 in
2519 4386 2735 4440 deserto
2766 4384 3038 4451 Jordanis,
3102 4390 3188 4443 ulti
3251 4391 3488 4445 salutare

1909 4478 2001 4531 Dei
2045 4479 2218 4532 visum
2270 4475 2389 4531 fuit.
2438 4477 2570 4530 Nam
2613 4488 2739 4531 tunc
2795 4478 3039 4532 Christus
3067 4479 3288 4548 ejusque
3318 4481 3485 4550 gloria

221 4593 286 4632 τε
317 4577 442 4642 δόξα
470 4575 631 4630 αὑτοῦ
663 4577 773 4638 τοῖς
802 4576 964 4627 πᾶσιν
992 4573 1258 4643 ἐγνώσθη,
1293 4576 1381 4627 ὅτε
1416 4575 1802 4644 βαπτισθέντος

1909 4572 2161 4625 omnibus
2210 4570 2462 4633 innotuit,
2494 4586 2637 4634 cum,
2669 4571 2785 4640 ipso
2813 4571 3110 4639 baptizato,
3139 4572 3308 4639 aperti
3360 4583 3489 4627 sunt

224 4667 413 4730 αὐτοῦ,
467 4667 791 4736 ἠνοίχθησαν
835 4669 881 4719 οἱ
934 4667 1172 4737 οὐρανοὶ,
1223 4667 1316 4719 καὶ
1361 4667 1421 4718 τὸ
1464 4668 1688 4738 Πνεῦμα
1740 4669 1800 4721 τὸ

226 4762 383 4829 ἅγιον
409 4762 466 4812 ὲν
491 4758 618 4811 εἴδει
647 4760 973 4828 περιστερᾶς
999 4757 1240 4811 καταϐὰν
1272 4758 1482 4827 ἔμεινεν
1505 4760 1796 4822 ἐπάὑτοῦ,

226 4852 380 4920 φωνή
405 4868 463 4902 τε
491 4849 690 4920 ἠνέχθη
721 4850 961 4921 πατρική
989 4848 1066 4918 τῷ
1097 4849 1211 4919 Υἱῴ
1242 4849 1611 4920 μαρτυροῦσα·
1647 4870 1666 4902 ‹
1705 4846 1800 4904 Οὗ-

224 4943 318 5007 τός
359 4944 504 4994 ἐστιν
533 4944 562 4994 ὁ
593 4942 719 5004 Υἱός
758 4960 856 5011 μου
887 4943 916 4994 ὁ
953 4941 1254 5012 ἀγαπητὸς,
1290 4941 1452 4995 αὑτοῦ
1485 4942 1728 4997 ἀκούετε.
1777 4963 1794 4994 ι

240 5036 327 5098 Ὠς
373 5035 479 5105 γὰρ
521 5033 802 5103 μέλλοντος
832 5035 1114 5104 ἐπιδημεῖν
1139 5037 1204 5104 τῇ
1248 5035 1438 5105 ἐρήμῳ
1494 5037 1587 5089 καὶ
1626 5039 1691 5107 τῇ
1740 5038 1797 5103 ἐξ

228 5128 424 5191 αἰῶνος
455 5125 640 5196 ἀϐάτῳ
685 5125 776 5179 τοῦ
815 5125 972 5187 Θεοῦ,
1020 5125 1192 5178 ταῦτα
1224 5126 1475 5194 ἐλέγετο(
1500 5122 1606 5179 Ἦν
1645 5129 1701 5181 δὲ
1731 5129 1802 5182 τὰ

228 5219 356 5290 [θνη
393 5220 567 5272 πάντα
599 5217 778 5288 ἔρημα
810 5216 943 5270 Θεοῦ
993 5217 1263 5285 γνώσεως,
1308 5219 1400 5272 καὶ
1444 5219 1619 5273 ἄϐατα
1665 5223 1798 5273 πᾶσι

225 5313 341 5373 τοῖς
381 5307 476 5362 τοῦ
525 5308 659 5361 Θεοῦ
707 5309 931 5371 δικαίοις
973 5325 1031 5359 τε
1075 5309 1167 5360 καὶ
1207 5311 1510 5380 προφήταις
1557 5310 1799 5380 ἀνδράσι.

227 5401 428 5468 Διόπερ
459 5401 492 5468 ὴ
526 5398 677 5468 φωνὴ
717 5397 1147 5468 παρακελεύεται
1189 5398 1304 5451 ὁδὸν
1345 5400 1685 5471 εὐτρεπίζειν
1722 5402 1802 5471 τῷ

228 5490 322 5544 τοῦ
355 5489 490 5543 Θεοῦ
520 5489 694 5559 Λόγῳ,
717 5491 810 5543 καὶ
836 5491 933 5561 τὴν
966 5489 1164 5544 ἄϐατον
1192 5491 1284 5544 καὶ
1314 5495 1570 5563 τραχεῖαν
1597 5492 1804 5563 ὁμαλὴν

232 5585 426 5647 ποιεῖν,
457 5582 521 5634 ἶν’
557 5581 718 5652 ὲπιϐῇ
751 5583 1092 5655 ἐπιδημήσας
1121 5584 1150 5635 ὁ
1181 5583 1313 5645 Θεὸς
1343 5584 1521 5654 ήμῶν.
1564 5603 1583 5635 ι
1632 5585 1802 5639 Ἑτοι-

236 5674 444 5747 μάσατε
478 5672 577 5743 τὴν
607 5673 722 5726 ὁδὸν
755 5673 977 5742 Κυρίου·
1022 5692 1040 5724 ι
1081 5673 1322 5726 τουτέστι
1357 5675 1418 5728 τὸ
1448 5675 1800 5743 εύαγγελικὸν

305 5871 528 5929 “Joan.
571 5889 682 5932 xlv.
717 5873 802 5929 16.
842 5948 849 5951 _
888 5876 929 5906 “
964 5865 1254 5936 hlat'th.ut,
1293 5875 1375 5930 l7.

1908 4667 2053 4731 cmli,
2084 4674 2137 4718 et
2163 4664 2398 4733 Spiritus
2422 4673 2643 4717 sanctus
2673 4664 2723 4716 in
2756 4664 3022 4718 columbzr
3046 4665 3226 4732 specie
3258 4664 3488 4719 descen-

1909 4758 2064 4820 dens,
2100 4769 2262 4822 super
2312 4768 2378 4808 eo
2410 4755 2628 4820 insedit,
2667 4765 3000 4824 paternaque
3026 4771 3127 4810 vox
3168 4756 3343 4811 delata
3378 4769 3484 4822 est,

1909 4846 2046 4900 Filio
2075 4847 2438 4902 testimonium
2469 4848 2720 4911 reddens,
2757 4867 2773 4899 ι
2805 4848 2902 4902 llic
2931 4858 3011 4903 est
3039 4849 3206 4903 Filius
3231 4865 3382 4904 meus
3407 4852 3487 4904 di-

1909 4940 2101 5002 lectus,
2160 4941 2329 5008 ipsum
2355 4940 2550 4993 .audite
2581 4940 2644 4993 ⁶¹.
2688 4959 2706 4992 ι
2758 4940 2882 4995 llzec
2916 4943 3112 5011 quippe
3144 4943 3486 5008 dicebantur,

1906 5031 2032 5101 quia
2063 5030 2203 5086 Deus
2229 5032 2280 5085 in
2315 5032 2608 5096 desertum,
2654 5047 2682 5084 a
2713 5032 2910 5086 saeculo
2952 5033 3270 5101 impervium
3301 5043 3353 5086 et
3404 5035 3490 5087 in-

1907 5139 2206 5187 accessum,
2263 5107 2596 5178 adventuros
2643 5135 2781 5181 erat.
2853 5125 3023 5179 Erant
3080 5142 3243 5195 porro
3300 5139 3490 5195 gentes

1901 5232 2090 5271 oinnes
2163 5215 2257 5270 Dei
2325 5217 2638 5287 cognitione
2716 5232 2919 5280 vacuae,
2974 5233 3267 5285 aquarum
3340 5218 3488 5270 aditu

1906 5325 2092 5365 omnes
2115 5309 2242 5378 justi
2271 5309 2366 5365 Dei
2385 5326 2446 5365 ac
2469 5313 2744 5380 propheta:
2764 5313 3108 5365 arcebantur.
3126 5311 3490 5377 Quamobrem

1901 5403 2056 5469 jubet
2087 5417 2189 5456 vox
2226 5403 2339 5468 illa,
2387 5403 2526 5456 viam
2572 5419 2765 5472 parare
2809 5403 2904 5459 Dei
2950 5403 3153 5467 Verbo,
3183 5414 3238 5457 et
3287 5403 3490 5456 inviam

1911 5507 2270 5563 asperamque
2324 5495 2694 5563 complanare,
2751 5505 2807 5549 ut
2873 5511 2934 5550 eo
2993 5497 3285 5550 adveniens
3351 5494 3486 5549 Deus

1912 5599 2098 5645 noster
2144 5588 2393 5658 progredi
2433 5588 2626 5642 valeat.
2667 5605 2686 5640 ι
2730 5587 2924 5642 Parata
2967 5590 3107 5641 viam
3159 5587 3414 5648 Domini;
3467 5607 3482 5638 ι

1909 5695 1969 5735 ea
2000 5689 2082 5735 est
2130 5680 2437 5751 evangelica
2475 5680 2807 5752 praedicatio,
2864 5696 3109 5752 novaque
3164 5679 3486 5746 consolatio,
