4058 6414
677 441 740 500 τι
1301 433 1567 491 EUSEBII
1604 433 2077 490 cessamus
2111 433 2259 491 ora.
2302 435 2484 493 mas
2519 437 2608 493 ut.
2634 467 2701 479 -
2739 410 3148 497 exesam.
3750 442 3865 501 sn

641 559 815 626 opifex
848 550 1197 623 dignoscitur;
1246 550 1367 619 jure
1397 563 1460 603 ea
1489 564 1610 618 quae
1632 563 1795 619 penes
1819 562 1915 604 nos
1950 552 2179 603 maxima

2293 550 2487 621 μεγέθη
2506 552 2572 621 τῇ
2593 550 2687 604 τοῦ
2716 551 3019 623 κρείττονος
3041 550 3339 621 παραθέσει
3362 543 3674 624 σμικρῦνιι.
3710 553 3864 624 ἡμᾶς

643 650 923 709 habentur,
961 644 1156 698 collata
1198 656 1316 697 cum
1354 640 1463 694 Deo
1494 650 1768 705 extenuat,
1801 639 1869 695 ad
1900 639 2189 697 conditoris

2293 644 2369 705 εὶς
2411 641 2617 696 ἔννοιαν
2665 641 3132 715 προσκαλούμενος
3183 642 3274 695 τοῦ
3308 642 3378 695 τὰ
3421 642 3718 713 σύμπαντα
3771 661 3864 698 συ-

638 738 876 793 omnitnn
905 734 1148 789 notitiam
1180 746 1281 787 nos
1301 745 1553 786 evocans.
1960 772 1963 775 λ

710 825 874 881 Vens.
910 826 1105 887 13,14.
1170 842 1190 874 ι
1232 821 1362 887 Quis
1399 821 1546 875 novit
1591 832 1820 877 mentem
1864 821 2108 879 Domini?
2134 831 2189 879 οἱ

639 917 758 989 quis
804 919 921 986 ejus
965 914 1301 970 consiliarius
1337 911 1455 977 fuit,
1490 913 1581 981 qui
1629 913 1861 967 instruat
1906 915 2188 970 eumiaut

639 1023 798 1076 quem
845 1004 1109 1061 consuluit
1172 1002 1265 1070 qui
1331 1001 1651 1056 instruxerit
1715 1003 1882 1057 eum?
1936 1014 2030 1057 aut
2067 1006 2187 1073 quis

640 1094 873 1148 ostendit
921 1093 970 1146 ei
1010 1090 1305 1159 judicium.
1374 1098 1463 1143 aut
1522 1090 1661 1143 viam
1720 1091 2013 1158 prudentia:
2066 1096 2188 1163 quis

640 1180 956 1236 monstravit
1006 1179 1092 1234 ei?
1129 1198 1148 1231 ι
1209 1178 1343 1244 Quia
1378 1178 1521 1233 enim
1568 1178 2016 1250 interrogaverat,
2064 1186 2188 1255 quis

638 1281 786 1327 esset
820 1271 910 1339 qui
946 1269 1061 1323 haec
1088 1269 1351 1324 exsistere
1392 1266 1627 1337 fecisset,
1663 1280 1717 1323 et
1739 1271 1859 1339 quis
1888 1289 2009 1327 cum
2040 1290 2186 1329 men-

639 1375 768 1415 sura
791 1368 845 1413 et
876 1357 1111 1427 pondere
1141 1358 1253 1413 haec
1281 1359 1615 1424 adornasset,
1656 1371 2047 1427 consequenter
2072 1372 2181 1416 tra-

639 1446 717 1501 dit
762 1446 1050 1511 neminem,
1080 1447 1181 1500 nisi
1235 1460 1393 1500 unam
1439 1457 1644 1501 tantum
1687 1450 1934 1504 omnibus
1982 1452 2186 1505 incom-

639 1539 1050 1611 prehensibilem
1084 1546 1312 1593 mentem
1342 1553 1356 1589 :
1382 1552 1547 1608 quare
1573 1540 1775 1603 subdit,
1825 1559 1843 1591 ι
1878 1541 2007 1602 Ouis
2041 1543 2187 1595 novit

594 1629 871 1685 'nieutetn
908 1630 1205 1683 Domini?»
1248 1643 1369 1698 qua:
1412 1630 1667 1699 praedicta
1716 1632 1893 1685 omnia
1927 1634 2183 1699 condidit,

639 1736 758 1783 quae
786 1720 930 1774 nullo
959 1735 1120 1788 egens
1150 1718 1477 1781 consiliario,
1507 1734 1679 1788 neque
1713 1720 1938 1789 alicujus
1969 1734 2183 1777 senten—

642 1814 712 1864 tia
741 1826 856 1875 usa,
886 1819 1071 1879 suapte
1095 1810 1376 1878 sapientia,
1394 1824 1512 1880 quae
1537 1810 1837 1866 nullatenus
1858 1813 2185 1867 exsistebant

636 1902 705 1955 ad
741 1902 1025 1956 essentiam
1063 1901 1319 1955 traduxit.

710 1989 863 2045 Vens.
891 1990 973 2056 15,
1006 1990 1090 2044 16.
1122 2009 1140 2041 ι
1173 1991 1229 2045 Si
1282 2006 1469 2047 omnes
1511 2000 1694 2061 gentes
1734 2002 1983 2064 tanquam
2032 2003 2183 2065 gutta

636 2081 830 2147 situlae,
883 2090 939 2136 et
990 2092 1239 2151 tanquam
1286 2093 1611 2137 momentum
1655 2093 1871 2138 statera:
1927 2094 2186 2155 reputatae

636 2181 791 2236 sunt,
823 2182 1075 2241 tanquam
1105 2172 1267 2227 saliva
1316 2173 1670 2228 habebuntur.
1726 2171 1962 2229 Libanus
2007 2186 2182 2230 autem

640 2280 746 2319 non
765 2263 957 2318 sullicit
985 2265 1051 2317 ad
1072 2265 1586 2329 comburendum,et
1614 2266 1791 2319 omnia
1822 2266 2182 2336 quadrupedia

637 2371 745 2409 non
776 2355 1040 2410 sumciunt
1069 2356 1134 2409 ad
1174 2355 1573 2410 holocaustum.
1600 2374 1618 2408 ι
1663 2357 1917 2422 Quaenam
1943 2358 2023 2411 hae
2052 2374 2184 2426 gen~

635 2454 735 2511 tes,
780 2447 877 2501 nisi
916 2461 1035 2516 quae
1080 2445 1243 2500 Deum
1289 2460 1395 2499 non
1444 2456 1723 2511 noverunt,
1754 2446 1846 2500 scd
1876 2446 2186 2502 idololatria:

636 2537 810 2590 errori
861 2537 1086 2591 addicta:
1116 2534 1284 2588 sunt?
1330 2535 1458 2601 Quae
1505 2543 1754 2603 tanquam
1802 2536 1938 2589 stilla
1986 2536 2182 2601 sitular,

640 2635 889 2695 tanquam
942 2638 1267 2682 momentum
1315 2637 1549 2693 statere,
1599 2637 1655 2681 et
1716 2635 1966 2695 tanquam
2014 2628 2184 2682 saliva

638 2717 947 2785 reputandze
989 2717 1257 2771 dicuntur.

713 2806 876 2861 Vens.
897 2809 983 2871 17,
1005 2806 1088 2861 l8.
1113 2827 1130 2859 ι
1156 2808 1220 2861 Et
1255 2823 1443 2862 omnes
1472 2818 1661 2877 gentes
1686 2810 1837 2878 quasi
1875 2808 2007 2863 nihil
2040 2818 2182 2873 sunt,

638 2908 693 2953 et
725 2898 776 2952 in
803 2897 1021 2951 nihilum
1057 2896 1465 2966 reputabuntur.
1496 2899 1593 2952 Cui
1629 2900 1964 2954 assitnilastis
2008 2900 2187 2955 Domi-

640 2990 811 3045 num?
838 2999 893 3044 et
921 2991 1007 3043 cui
1040 2990 1256 3059 imagini
1284 3003 1403 3044 eum
1438 2989 1816 3047 assimilastis?
1855 3009 1874 3042 ι
1907 2991 2033 3058 Quae
2059 3008 2187 3048 con-

638 3092 927 3152 sequenter
980 3082 1209 3144 induxit,
1262 3090 1546 3150 postquam
1603 3080 1696 3135 Dei
1760 3081 2078 3150 theologiam
2130 3084 2184 3138 in

640 3174 873 3227 medium
913 3173 1111 3236 attulit,
1161 3180 1217 3225 et
1265 3181 1547 3241 postquam
1579 3171 1826 3241 gentibus
1866 3175 2183 3241 enuntiavit,

2286 732 2641 803 στησαμένου.

2363 839 2383 871 ι
2424 820 2519 885 Τίς
2534 819 2681 888 εγνω
2706 821 2830 874 νοῦν
2855 822 3059 893 Κυρίου
3082 837 3097 885 ;
3124 822 3216 873 xui.
3235 821 3320 885 τίς
3350 821 3515 875 αὑτοῦ
3551 820 3858 892 σύμϐουλος

2285 910 2522 977 ἐγένετο,
2555 910 2617 974 ὃς
2639 911 2879 982 συμϐιδᾲ
2903 912 3063 964 αὐτόν
3086 912 3157 982 ;ἢ
3190 912 3325 982 πρὸς
3358 913 3478 964 τίνα
3513 912 3859 965 συνεὼυλεύ·

2286 1016 2439 1064 σατο,
2469 1000 2560 1054 καὶ
2584 999 2933 1054 συνεϐίϐασεν
2959 1001 3149 1064 αὐτόνς
3181 999 3212 1071 ἦ
3239 1001 3319 1063 τίς
3343 1002 3542 1065 ἔδειξεν
3562 1002 3711 1073 αὐτῷ
3733 1002 3857 1074 κρί-

2287 1106 2401 1156 σιν;
2443 1090 2476 1162 ἢ
2511 1089 2630 1145 ὁδὸν
2672 1090 2942 1154 συνέσεως
2984 1091 3066 1154 τίς
3107 1089 3305 1154 ἔδειξεν
3336 1086 3518 1161 αύτῷς
3568 1112 3588 1144 ι
3632 1092 3856 1166 Ἐπειδὴ

2285 1181 2397 1251 γὰρ
2421 1180 2692 1253 ἠρώτησε,
2726 1182 2809 1243 τίς
2842 1184 2870 1234 6
2896 1181 3067 1233 ταῦτα
3098 1180 3561 1252 ὑποστησάμενος,
3594 1184 3689 1236 καὶ
3713 1185 3797 1247 τίς
3824 1187 3858 1238 6

2290 1270 2472 1342 μέτρῳ
2516 1271 2608 1323 καὶ⁸
2641 1270 2862 1341 σταθμῷ
2890 1270 3061 1323 ταῦτα
3095 1270 3505 1341 διαταξάμενος,
3544 1273 3859 1339 ἀκολούθως

2286 1361 2623 1425 ἀποδίδωσιν,
2657 1361 2733 1425 ὼς
2759 1361 2934 1425 οὐδεὶς
2961 1363 2994 1433 ἦ
3028 1357 3107 1426 εἷς
3135 1363 3293 1431 μόνος
3323 1364 3353 1415 6
3380 1366 3492 1426 τοῖς
3525 1364 3693 1417 πᾶσιν
3718 1366 3863 1419 ἀκα-

2282 1453 2549 1522 τάληπτος
2564 1451 2706 1517 νοῦς,
2723 1452 2801 1505 διὸ
2826 1452 3085 1520 ἐπιλέγει’
3110 1453 3233 1517 «Τίς
3259 1454 3398 1522 ἔγνω
3415 1454 3540 1507 νοῦν
3564 1456 3804 1525 Κυρίου;
3828 1476 3848 1507 ι

2283 1543 2376 1595 τὸν
2397 1542 2506 1596 τῶν
2532 1544 2832 1614 εἰρημένων
2858 1544 3108 1596 ἁπάντων
3142 1545 3441 1613 ποιητικὸν,
3474 1546 3533 1609 ὃς
3557 1545 3682 1599 οὔτε
3714 1564 3860 1616 συμ-

2285 1632 2475 1686 ϐούλου
2504 1633 2733 1704 δεηθεὶς,
2764 1632 2886 1685 οὕτε
2920 1636 3071 1703 παρά
3114 1651 3256 1698 τινος
3290 1635 3515 1705 γνώμην
3542 1635 3743 1699 λαόὼν,
3782 1639 3851 1707 τῇ

2285 1723 2444 1778 αὑτοῦ
2483 1724 2640 1794 σοφίᾳ
2680 1724 2749 1777 τά
2783 1726 3004 1796 μηδαμῆ
3040 1726 3302 1795 μηδαμῶς
3346 1726 3631 1781 ὑφεστῶτα
3662 1729 3727 1780 ἐκ
3754 1727 3853 1780 τοῦ

2290 1812 2363 1884 μὴ
2394 1814 2541 1878 ὄντος
2568 1817 2647 1877 είς
2666 1814 2728 1866 τὸ
2751 1811 2887 1868 εἶναι
2923 1820 3260 1887 παρήγαγεν.

2360 2003 2379 2036 t
2417 1986 2477 2039 Ei
2505 1986 2681 2040 πάντα
2711 1987 2777 2040 τὰ
2804 1987 2928 2057 ἔθνη
2959 1988 3033 2050 ὼς
3062 1986 3273 2055 σταγὼν
3298 1988 3405 2041 ἀπὸ
3437 1987 3619 2050 κάδου,
3657 1987 3751 2042 καὶ
3773 1989 3855 2053 ὡς

2286 2076 2429 2147 ῥοπὴ
2469 2076 2631 2145 ζυγοῦ
2675 2078 3046 2149 ἐλογίσθησαν,
3085 2080 3160 2142 ὡς
3205 2077 3376 2142 σίελος
3418 2078 3856 2149 λογισθήσονται.

2298 2168 2355 2220 '0
2391 2168 2448 2221 δέ
2492 2168 2721 2231 Λίῦανος
2746 2170 2845 2239 οὐχ
2879 2170 3057 2232 ἱκανὸς
3084 2172 3161 2231 είς
3200 2168 3412 2234 καῦσιν,
3454 2170 3546 2221 καὶ
3578 2169 3756 2221 πάντα
3779 2169 3856 2222 τὰ

2286 2260 2588 2331 τετράποδα
2634 2261 2728 2330 οὐχ
2776 2261 2934 2313 ίκανά
2977 2263 3055 2324 είς
3098 2262 3490 2332 ὁλοκάρπωσιν.
3532 2280 3552 2312 s
3602 2262 3741 2313 Ποῖα
3787 2261 3853 2314 δέ

2284 2350 2458 2405 ταῦτα
2484 2351 2517 2421 ἢ
2545 2351 2612 2404 τὰ
2635 2352 2726 2403 τὸν
2754 2351 2884 2404 Θεὸν
2922 2353 2996 2421 μὴ
3034 2352 3229 2416 εἰδότα,
3262 2352 3666 2424 προστετηκότα
3691 2351 3748 2403 δὲ
3777 2354 3851 2422 τι

2287 2444 2462 2517 πλάνῃ
2502 2444 2599 2515 τῆς
2641 2443 3113 2513 είδωλολατρείας;
3161 2445 3227 2496 Ἀ
3268 2444 3330 2515 δὴ
3370 2442 3464 2496 καὶ
3504 2443 3581 2506 ὡς
3630 2440 3854 2510 σταγὼν

2285 2536 2393 2590 ἀπὸ
2420 2536 2602 2600 κάδον,
2633 2536 2727 2590 καὶ
2766 2535 2841 2597 ὡς
2870 2536 3012 2607 ῥοπὴ
3047 2534 3231 2603 ζυγοῦ,
3262 2536 3354 2589 καὶ
3379 2536 3453 2599 ὡς
3496 2536 3669 2599 σίελος
3704 2534 3826 2604 λογι

2287 2625 2576 2697 ϐοήσεσθαι
2605 2627 2839 2695 ἐλέγετο.

2359 2822 2379 2856 ε
2419 2806 2527 2859 Καὶ⁹
2559 2807 2731 2860 πάντα
2768 2806 2835 2859 τά
2862 2807 2989 2878 ἔθνη
3025 2808 3101 2871 ὡς
3125 2808 3277 2861 οὐδέν
3305 2809 3430 2871 εἱσι,
3458 2810 3552 2863 καὶ
3583 2811 3665 2872 εἰς
3691 2810 3859 2864 οὐθὲν

2288 2893 2649 2967 ἐλογίσθησαν.
2720 2898 2838 2949 Τίνι
2908 2898 3224 2968 ὠμοιώσατε
3297 2900 3534 2971 Κύριον,
3592 2901 3687 2953 καὶ
3741 2901 3854 2953 τίνι

2283 2985 2586 3056 ὁμοιώματι
2623 2986 2937 3061 ὼμοιώσατε
2976 2990 3170 3055 αύτὸνς
3221 3009 3239 3042 ι
3291 2992 3358 3043 'A
3403 2991 3499 3043 καὶ
3543 2990 3853 3056 ἀκολούθως

2285 3076 2533 3145 ἐπήγαγε
2574 3076 2710 3146 μετά
2750 3077 2810 3129 τὸ
2848 3078 3183 3148 παραθέσθαι
3219 3079 3316 3150 τὴν
3343 3082 3468 3151 περ)⁵
3498 3080 3633 3134 Θεοῦ
3672 3080 3854 3135 θεολο-

2287 3167 2433 3236 γίαν,
2475 3166 2705 3236 κηρύξαι
2737 3184 2796 3219 τε
2842 3170 2954 3231 τοῖς
3001 3168 3205 3223 ἔθνεσιν
3249 3171 3369 3233 ὅσος
3409 3166 3477 3241 ἦν
3509 3172 3537 3223 6
3574 3172 3855 3242 μετρήσας

636 3270 873 3330 quantus
908 3270 1050 3313 esset
1106 3260 1171 3323 is,
1227 3260 1317 3327 qui
1375 3273 1566 3328 aquam
1604 3274 1761 3312 manu
1812 3275 2032 3315 mensus
2083 3271 2186 3327 est,

2293 3260 2357 3327 τῇ
2390 3257 2532 3326 χειρὶ
2558 3256 2619 3309 τὸ
2647 3256 2808 3326 ὓδωρ,
2844 3258 2935 3308 καὶ
2955 3257 3045 3309 τὸν
3067 3258 3291 3329 οὐρανὸν
3324 3259 3593 3331 σπιθαμῇ,
3635 3262 3731 3313 καὶ
3751 3261 3854 3331 τὴν

640 3352 814 3419 palma
872 3351 1089 3413 ccelum,
1124 3358 1178 3404 et
1227 3359 1422 3403 terram
1462 3363 1672 3404 omnem
1716 3350 1933 3419 pugillo,
1991 3352 2189 3420 quique

642 3451 851 3496 montes
884 3442 1134 3509 pondere,
1181 3448 1236 3492 et
1290 3438 1455 3493 valles
1516 3446 1714 3492 statera
1747 3438 2051 3494 constituit.
2094 3438 2190 3494 His

642 3538 821 3605 itaque
860 3534 1099 3603 apposite
1129 3532 1341 3589 confert
1380 3548 1619 3587 errorem
1651 3532 1822 3597 illum,
1869 3547 1974 3601 quo
2004 3542 2189 3601 gentes

641 3627 1011 3681 detinebantur
1040 3642 1055 3677 :
1091 3624 1158 3678 ab
1194 3638 1363 3692 eoque
1398 3623 1515 3676 illas
1547 3631 1816 3687 avertens,
1844 3622 1909 3675 ad
1939 3624 2185 3679 n0titiatn

639 3718 777 3785 ejus,
803 3717 892 3784 qui
923 3717 1061 3771 Deus
1079 3728 1196 3770 esse
1217 3716 1555 3784 praedicatur,
1584 3726 1794 3769 evocat.

709 3806 871 3863 Vns.
899 3806 1085 3862 l9~23.
1114 3824 1132 3856 ι
1161 3805 1348 3859 Annon
1376 3805 1658 3873 imaginem
1683 3803 1807 3858 fecit
1829 3804 1998 3869 faber,
2026 3814 2079 3859 et
2101 3820 2190 3858 an-

642 3898 781 3953 ril'ex
824 3899 1052 3952 conﬂato
1096 3911 1227 3950 auro
1272 3895 1542 3949 inauravit
1584 3894 1750 3948 eam?
1791 3895 2186 3950 similitudinem

642 3986 770 4041 fecit
789 4002 908 4045 eam
930 3985 954 4038 i
978 3984 1205 4055 Lignum
1237 3984 1400 4044 enim,
1426 3983 1567 4051 quod
1596 3997 1698 4037 non
1728 3993 2016 4051 putrescat,
2040 3985 2191 4055 eligit

644 4076 813 4142 faber,
842 4085 895 4130 et
922 4077 1192 4145 sapienter
1218 4085 1417 4143 quaeret
1450 4073 1718 4141 quomodo
1745 4081 1948 4126 statuat
2000 4075 2189 4143 imagi-

644 4179 764 4218 nem
793 4180 856 4219 οι
882 4179 966 4229 eo,
1000 4174 1054 4217 et
1084 4174 1142 4216 ut
1183 4179 1289 4216 non
1316 4172 1732 4217 commoveatur.
1761 4160 1947 4216 Nonne
1976 4163 2191 4217 scietis?

647 4267 824 4308 nonne
865 4251 1129 4305 audietis?
1162 4253 1349 4303 Annon
1407 4248 1783 4301 annuntiatum
1828 4258 1910 4301 est
1966 4248 2113 4303 vobis
2159 4265 2189 4304 a

645 4344 943 4413 principio?
976 4357 1079 4397 non
1124 4340 1448 4409 cogunt-istis
1498 4338 1841 4392 fundamenta
1882 4343 2191 4409 terraezqtti

643 4435 884 4492 continet
915 4448 1100 4503 gyrum
1127 4441 1301 4494 terrae,
1334 4439 1390 4482 et
1435 4430 1761 4483 habitatores
1796 4430 1911 4498 ejus
1934 4432 2084 4499 quasi
2117 4434 2194 4486 lo-

2290 3345 2390 3415 γῆν
2434 3347 2609 3398 πᾶσαν
2642 3344 2820 3413 δρακὶ,
2848 3344 2915 3397 τά
2942 3362 2999 3396 τε
3027 3345 3127 3417 ὅρη
3156 3348 3381 3419 σταθμῷ
3419 3350 3511 3401 καὶ
3536 3350 3633 3412 τὰς
3672 3350 3854 3412 νάπας

2290 3434 2437 3505 ζυγῷ
2476 3435 2893 3506 συστησάμενος.
2923 3435 3143 3499 Τούτοις
3174 3437 3305 3505 γοῦν
3329 3439 3640 3506 ἀναγκαίως
3667 3452 3854 3511 παρα-

2289 3525 2470 3578 ϐάλλει
2499 3524 2595 3596 τὴν
2620 3524 2951 3595 κατέχουσαν
2987 3526 3193 3597 πλάνην
3226 3526 3335 3579 τῶν
3374 3527 3564 3592 ἐθνῶν,
3590 3532 3857 3601 ἀποστρέι

2289 3635 2404 3687 φων
2428 3618 2612 3689 αὐτῆς,
2640 3618 3073 3689 ἀνακαλούμενος
3098 3620 3153 3673 δὲ
3176 3622 3255 3682 είς
3293 3619 3589 3690 ἐπίγνωσιν
3616 3623 3709 3675 τοῦ
3735 3623 3855 3676 θεο-

2290 3691 2634 3777 λογουμένου.

2374 3818 2391 3849 ι
2426 3799 2516 3868 Μὴ
2541 3798 2721 3849 εἰκόνα
2760 3796 2980 3868 ἐποίησε
3005 3798 3245 3861 τέκτων;
3272 3800 3306 3870 ἢ
3331 3799 3620 3870 χρυσοχόος
3655 3802 3858 3871 χωνεύο

2293 3909 2391 3954 σας
2446 3889 2665 3959 χρυσίον
2707 3890 3139 3960 περιεχρύσωσεν
3199 3891 3390 3957 αὑτόν;
3427 3894 3679 3962 ὁμοίωμα
3723 3911 3850 3947 κατ-

2291 3982 2581 4036 εσκεύασεν
2604 3979 2794 4045 αὐτόν;
2828 3980 2992 4033 Ξύλον
3030 3982 3136 4052 γὰρ
3170 3981 3410 4051 ἄσηπτον
3446 3983 3724 4051 ἐκλέγεται
3768 3986 3858 4038 τέ-

2293 4091 2454 4135 κτων,
2488 4071 2581 4124 καὶ
2618 4070 2796 4138 σοφῶς
2829 4069 3050 4141 ζητήσει
3078 4070 3194 4133 πῶς
3233 4072 3420 4142 στήσει
3447 4072 3627 4124 εἰκόνα
3666 4073 3855 4139 αὐτοῦ,

2295 4166 2387 4218 καὶ
2420 4165 2503 4216 ἵνα
2530 4164 2601 4234 μὴ
2627 4164 2933 4232 σαλεύηται.
2962 4164 3036 4215 υύ
3069 4164 3374 4231 γνώσεσθε;
3401 4165 3500 4218 οὐκ
3523 4166 3819 4218 ἀκούσεσθε
3842 4184 3859 4232 ;

2295 4258 2406 4309 Οὐκ
2427 4256 2696 4325 ἀνηγγέλη
2715 4255 2773 4320 ἐξ
2790 4256 2959 4325 ἀρχῆς
2977 4255 3130 4325 ὐμῖνς
3153 4257 3252 4308 οὐκ
3279 4256 3476 4324 ἔγνωτε
3520 4256 3590 4309 τά
3634 4257 3861 4328 θεμέλια

2292 4347 2389 4415 τῆς
2401 4346 2527 4415 γῆς.
2546 4346 2602 4397 Ὀ
2619 4344 2860 4413 κατέχων
2878 4344 2967 4395 τὸν
2983 4343 3148 4414 γύρον
3162 4345 3259 4413 τῆς
3274 4345 3398 4415 γῆς,
3415 4346 3574 4397 mini
3587 4346 3862 4398 ἐνοικοῦν-

2296 4456 2383 4500 τες
2401 4439 2455 4489 ἐν
2474 4438 2605 4507 αὐτῇ
2623 4436 2695 4499 ὡς
2711 4435 2945 4505 ἀκρίδες·
2964 4434 2990 4485 6
3008 4436 3207 4505 στήσας
3225 4434 3299 4497 ὡς
3320 4434 3573 4504 καμάραν
3593 4435 3682 4486 τὸν
3700 4436 3860 4505 οὐρα-

646 4540 829 4585 custae.
854 4526 952 4593 Qui
979 4527 1165 4580 statuit
1196 4523 1391 4578 cwlum
1431 4522 1581 4590 quasi
1624 4519 1908 4587 fornicem,
1940 4532 1995 4576 et
2016 4532 2190 4577 exten-

2298 4531 2405 4593 νὺν,
2422 4528 2512 4581 καὶ
2530 4528 2794 4586 διατείνας
2812 4525 2885 4587 ὡς
2904 4525 3102 4595 σκηνὴν
3123 4527 3394 4577 κατοικεῖν
3414 4541 3426 4553 ’
3445 4527 3472 4576 6
3487 4524 3661 4586 διδοὺς
3677 4526 3862 4594 ἀρχον-

645 4623 725 4675 dit
752 4630 807 4675 ut
849 4616 1247 4673 tabernaculum
1275 4615 1340 4667 ad
1374 4612 1722 4667 habitandum
1761 4628 1776 4666 :
1805 4614 1893 4681 qui
1935 4614 2023 4667 dat
2049 4617 2197 4685 prin-

646 4714 792 4781 cipes
857 4720 917 4762 ut
980 4709 1200 4762 nihilum
1258 4706 1324 4759 ad
1394 4703 2041 4773 imperandumzterram
2100 4723 2196 4760 au-

649 4814 753 4856 tem
806 4811 1059 4869 tanquam
1119 4798 1250 4852 nihil
1313 4796 1457 4851 fecit.
1508 4815 1526 4848 ι
1597 4796 1818 4850 Etiamsi
1875 4811 1903 4849 a
1959 4799 2200 4867 patribus

646 4892 840 4947 eruditi
887 4906 992 4945 non
1024 4890 1189 4954 estis;
1245 4898 1300 4942 at
1336 4888 1421 4942 vel
1474 4902 1613 4941 nunc
1647 4888 1832 4942 saltem
1884 4890 1946 4943 ad
1982 4893 2199 4959 sapien-

650 4986 782 5039 tiam
839 4984 1107 5046 revocati,
1159 4982 1274 5048 ejus
1339 4995 1440 5049 cpe
1496 4981 1750 5046 ediscite,
1810 4982 1932 5051 quis
1987 4984 2057 5036 sit
2110 4988 2198 5054 qui

649 5079 887 5133 continet
961 5077 1305 5131 fundamenta
1376 5084 1551 5129 terrae.
1628 5074 1763 5127 Nam
1827 5091 1869 5129 ει
1936 5090 2042 5130 non
2107 5093 2200 5146 po-

652 5171 846 5234 tuistis,
881 5168 1075 5236 inquit,
1108 5175 1337 5219 mentem
1364 5167 1429 5219 ad
1470 5165 1664 5220 caelum
1698 5166 1939 5235 erigere;
1990 5178 2046 5220 at
2088 5170 2198 5222 sal-

652 5272 755 5316 tem
793 5263 847 5315 in
873 5272 1072 5315 terram
1106 5259 1463 5327 cogitationes
1484 5268 1539 5312 et
1575 5258 1855 5311 ratiocinia
1902 5271 2076 5313 vestra
2105 5261 2199 5315 ile-

652 5352 802 5418 ctite,
836 5352 889 5405 in
920 5350 1096 5417 iisque
1135 5350 1443 5402 moramini.
1477 5348 1713 5417 Qurerite
1743 5350 1794 5402 in
1826 5366 1930 5419 quo
1966 5352 2055 5405 illa
2082 5352 2202 5405 fun-

653 5443 831 5504 detur,
858 5441 978 5513 quis
1013 5441 1101 5494 ille
1130 5440 1200 5493 sit
1229 5440 1319 5509 qui
1352 5448 1559 5493 tantum
1608 5439 1949 5503 elementum,
2009 5442 2199 5495 immo-

655 5546 765 5587 tum
796 5546 850 5587 et
879 5536 1253 5589 inconcussum
1287 5533 1503 5585 detinet.
1540 5532 1697 5597 Quis,
1726 5530 1818 5593 ait,
1858 5544 1937 5586 est
1967 5533 2077 5595 ille,
2109 5535 2197 5602 qui

656 5640 733 5681 tot
774 5639 957 5699 gentes
984 5629 1037 5681 in
1072 5636 1213 5681 terra
1247 5624 1636 5686 disseminavit,
1684 5633 1739 5673 ut
1774 5621 1992 5676 locustis
2024 5626 2200 5690 parvi-

656 5720 786 5771 tatis
816 5731 1087 5783 corporea
1110 5730 1271 5771 causa
1306 5716 1719 5783 comparentur?
1751 5714 1947 5770 Deinde
1992 5731 2202 5771 sermo—

656 5826 829 5868 neme
863 5820 1002 5865 terra
1046 5811 1281 5879 erigens,
1336 5808 1397 5864 ad
1432 5809 1701 5864 ca‘leslcm
1740 5807 2019 5877 fornicem,
2049 5820 2101 5865 et
2140 5810 2204 5865 ad

2291 4642 2385 4688 τας
2406 4622 2477 4684 ὼς
2490 4620 2634 4673 οὐδὲν
2648 4620 2851 4686 ἄρχειν,
2870 4617 2964 4685 τὴν
2979 4617 3033 4667 δὲ
3047 4616 3145 4683 γῆν
3158 4614 3230 4677 ὡς
3246 4615 3393 4667 οὐδὲν
3406 4615 3645 4683 ἐποίησε.
3666 4616 3755 4667 »Εἰ
3769 4618 3862 4669 καὶ

2298 4717 2370 4787 μὴ
2386 4719 2445 4767 ὲκ
2462 4711 2709 4783 πατέρων
2728 4707 3056 4776 ἐδιδάχθητε,
3074 4705 3208 4759 ἀλλά
3224 4704 3318 4758 νῦν
3336 4705 3461 4773 γοῦν
3479 4706 3861 4775 σωφρονισθέν-

2293 4824 2381 4868 τες
2400 4844 2413 4866 ,
2438 4801 2766 4872 ὼφελήθητε,
2798 4799 2891 4851 καὶ
2926 4796 3120 4867 μάθετε
3141 4796 3222 4857 τίς
3243 4795 3371 4847 ποτέ
3399 4798 3545 4847 ἐστιν
3567 4799 3594 4849 6
3617 4798 3863 4866 κατέχων

2294 4897 2362 4949 τὰ
2409 4892 2630 4961 θεμέλια
2672 4890 2771 4959 τῆς
2809 4890 2929 4957 γῆς.
2979 4888 3039 4939 Ei
3081 4887 3188 4956 γὰρ
3231 4888 3304 4957 μὴ
3342 4886 3627 4955 ἠδύνασθε,
3675 4891 3861 4959 φησιν.

2302 4986 2380 5046 είς
2416 4984 2502 5036 τὸν
2540 4981 2764 5053 οὐρανὸν
2795 4981 2892 5049 τὴν
2933 4978 3167 5030 διάνοιαν
3201 4978 3465 5047 ἐπαίρειν,
3494 4978 3607 5030 ἀλλ’
3645 4980 3863 5051 ἐπιστηο

2309 5090 2452 5137 σατε,
2498 5074 2680 5143 φησιν,
2728 5072 2783 5123 ἐν
2828 5073 2891 5138 τῇ
2935 5072 3002 5138 γῇ
3047 5068 3383 5138 ἐμποιεῖσθαι
3427 5068 3521 5132 τὰς
3562 5069 3861 5139 διατριϐάς.

2319 5165 2441 5217 Ἐπὶ
2462 5164 2601 5226 τίνος
2620 5180 2679 5215 τε
2700 5163 2962 5232 ήδρασται
2995 5161 3281 5230 ζητήσατε,
3304 5160 3395 5211 καὶ
3417 5160 3501 5221 τίς
3523 5162 3668 5212 ἐστιν
3689 5156 3863 5225 οὗτος,

2306 5258 2334 5308 6
2376 5256 2434 5307 τὸ
2472 5254 2720 5308 τοσοῦτον
2779 5255 3031 5320 στοιχεῖον
3084 5252 3297 5313 ἀκλινές
3327 5268 3386 5303 τε
3430 5252 3521 5303 καὶ
3573 5252 3864 5305 ἀσάλευτον

2307 5345 2625 5415 διακρατῶν.
2672 5342 2765 5403 Τίς
2792 5342 2879 5401 δὲ,
2935 5341 3115 5411 φησιν,
3158 5340 3361 5393 ἐστὶνίθ
3395 5344 3486 5393 καὶ
3523 5341 3591 5393 τά
3627 5344 3864 5397 τοσαῦτα

2308 5438 2530 5505 σπείρας
2562 5434 2652 5486 ἐπὶ
2689 5433 2785 5499 τῆς
2821 5433 2921 5501 γῆς
2966 5432 3109 5502 ἔθνη,
3137 5431 3211 5493 ὡς
3251 5430 3687 5501 παραϐάλλεσθαι
3726 5433 3865 5485 αὐτὰ

2308 5532 2658 5601 σμικρότητος
2710 5528 2869 5579 ἕνεκα
2926 5527 3029 5579 τῶν
3091 5526 3354 5595 σωμάτων
3410 5527 3655 5594 ἀκρίσιν;
3708 5522 3864 5592 Εἶτα,

2307 5623 2464 5675 πάλιν
2497 5621 2697 5683 ἀναϐὰς
2730 5619 2836 5670 ἀπὸ
2874 5619 2967 5686 τῆς
3004 5618 3106 5685 γῆς
3136 5617 3213 5685 τῷ
3246 5618 3405 5686 λόγῳ,
3438 5617 3531 5687 τὴν
3563 5619 3725 5685 ἀψίδα
3766 5621 3865 5690 τὴν

2308 5714 2570 5785 οὐράνιον,
2596 5713 2654 5765 τό
2677 5729 2734 5764 τε
2758 5710 2893 5778 ιζπέρ
2921 5710 3023 5777 γῆν
3044 5709 3413 5779 ἡμισφαίριον,
3436 5709 3687 5778 καμάρας
3713 5710 3867 5779 δίκην

2314 5807 2716 5877 ἐπῃιηιρημένον,
2764 5808 2872 5865 τοῖς
2932 5804 3089 5857 πᾶσιν
3152 5802 3572 5872 ἀποθαυμάζων,
3634 5794 3723 5854 καὶ
3778 5800 3867 5857 τὸν
