4058 6422
254 428 360 484 373

1194 422 1695 482 COHMENTANA
1738 419 1804 475 ΙΝ
1841 417 2100 475 ιεΑιΑιι.
2137 443 2210 458 -
2241 417 2394 473 CAP.
2438 416 2548 471 XL.

3398 414 3508 472 '57]

254 543 662 613 συστησάμενον
685 544 772 596 τὸν
808 544 1036 613 οὐρανὸν
1078 543 1324 612 ἑννοῆσαι
1365 541 1570 610 ὁπόσης
1599 539 1715 590 ἐστι
1747 536 1835 590 δυ-

1941 536 2403 606 bernisphaerium,
2440 547 2674 590 camerae
2705 532 2882 587 instar
2913 532 3115 588 elatum
3150 535 3510 604 omnibusque

253 635 490 700 νάμεως,
541 637 818 705 παρορμᾷ,
873 633 1186 702 λογίσασθαί
1243 650 1322 696 τε,
1366 633 1441 694 ὼς
1489 632 1589 684 οὑκ
1645 626 1829 699 ἀργῶς

253 722 416 775 αὑτὸν
457 723 800 793 ὑπεστήσατο
853 724 1058 794 σκηνῆς
1094 725 1268 793 δίκην,
1309 721 1514 778 ἀνωθεν
1562 721 1660 789 μὲν
1698 719 1832 787 ἐφη-

254 812 537 880 πλωμένον
591 814 728 865 κατὰ
757 813 862 866 τῶν
901 814 1030 866 εἵσω
1070 814 1300 884 οὐρανοῦ
1342 813 1579 874 πάντων,
1623 811 1736 871 τοῖς
1771 808 1830 860 δὲ

254 903 512 954 ἐπέκεινα
547 902 775 972 ούρανοῦ
819 904 1197 974 ὑπεστρῶσθαι
1244 904 1592 971 ὲκδιαίτημα,
1640 900 1831 968 ῶσπερ

249 989 309 1042 δὲ
353 994 448 1060 τῆς
489 992 691 1063 σκηνῆς
727 996 1076 1065 προυνόησεν,
1117 994 1260 1048 οὑτω
1298 994 1392 1048 καὶ
1431 993 1540 1046 τῶν
1579 991 1709 1044 είσω
1728 989 1831 1059 τῆς

253 1085 461 1151 σκηνῆς
506 1083 813 1138 οἰκούντων.
867 1086 1066 1156 Διόπερ
1123 1087 1260 1139 κατὰ
1308 1085 1529 1156 χρόνους
1583 1081 1677 1134 καὶ
1719 1097 1832 1132 καιο

254 1174 380 1241 Ροῦς
418 1177 528 1236 τοῖς
554 1176 607 1226 ὲν
648 1177 712 1244 τῇ
755 1177 824 1245 γῇ
863 1173 1066 1245 βιοῦσιν
1087 1175 1395 1246 ἀνθρώποις
1429 1175 1693 1244 ἄρχοντας
1723 1171 1833 1238 ἐφί-

250 1279 434 1330 στησι,
471 1265 908 1336 προνοησάμενος
929 1267 1201 1336 ἀρχόντων
1223 1269 1335 1329 τοῖς
1364 1264 1688 1337 ἀρχομένοις
1705 1279 1830 1316 κατ-

249 1353 517 1423 αλλὴλων.
574 1357 663 1410 Διὸ
716 1356 982 1426 ἐπιλέγει·
1063 1376 1083 1408 ε
1150 1358 1334 1420 Διδοῦς
1400 1357 1664 1427 ἄρχοντας
1751 1356 1830 1417 εις

245 1444 404 1497 οὐδὲν
447 1447 655 1515 ἄρχειν.
690 1466 708 1498 ι
748 1447 914 1500 Οὐδὲν
953 1448 1008 1501 δὲ
1048 1447 1300 1518 ὀνομάζει
1340 1449 1429 1501 τὸν
1471 1447 1662 1516 θνητὸν
1694 1443 1826 1513 βίον,

247 1535 284 1605 ἢ
315 1538 408 1590 mi
425 1538 524 1602 τὴν
541 1540 640 1608 γῆν
662 1539 848 1611 αὑτήν·
869 1539 1056 1611 ῶσπερ
1076 1537 1167 1594 οὖν
1189 1541 1427 1594 διδάσκει
1442 1540 1663 1607 φάσκων
1682 1537 1825 1607 ὲξῆςθ

256 1645 274 1672 ι
331 1628 434 1698 Τὴν
499 1630 552 1680 δὲ
604 1629 706 1697 γῆν
745 1632 824 1693 εἰς
859 1630 1008 1684 οὐδὲν
1063 1633 1304 1700 ἐποίησε.
1352 1651 1369 1684 ι
1418 1631 1605 1684 Ταῦτα
1655 1629 1832 1682 πάντα

251 1719 379 1788 περὶ
421 1720 530 1770 τῶν
576 1721 714 1773 κατά
755 1723 981 1790 καιροὺς
1010 1723 1288 1795 ἀρξάντων
1327 1724 1420 1776 καὶ
1460 1720 1830 1792 τυραννησάν-

253 1825 359 1862 των
396 1811 491 1864 ἐπὶ
538 1815 637 1881 τῆς
675 1813 779 1885 γῆς
819 1814 1054 1884 εἴρηται,
1095 1815 1170 1878 ὡς
1207 1816 1287 1878 είς
1327 1814 1536 1866 τοιοῦτο
1579 1829 1834 1884 περισττγ

255 1919 326 1956 σα
332 1904 506 1973 μένων
543 1907 715 1968 τέλος.

1931 629 2238 690 imminens,
2265 625 2660 689 admirandum,
2694 635 2748 680 et
2775 627 2842 681 ad
2872 641 2998 680 eum
3027 626 3119 696 qui
3148 627 3343 682 cmlum
3372 644 3510 682 con-

1929 720 2065 774 didit
2095 719 2332 790 (quanta:
2357 733 2549 789 nempe
2601 721 2671 774 sit
2717 720 2979 788 virtutis),
3030 721 3509 790 contemplandum
3556 774 3559 777 .

1931 811 2144 877 invitat,
2181 822 2236 866 et
2267 811 2333 865 ad
2363 811 2843 877 considerandum,
2895 827 3002 866 non
3047 813 3166 866 sine
3210 828 3373 874 causa
3402 827 3511 870 εω-
3563 851 3565 854 ι

1930 903 2036 957 lum
2084 903 2154 957 ab
2207 918 2274 958 eo
2322 903 2655 958 tabernaculi
2704 903 2882 959 instar
2933 905 3287 959 constitutum
3316 905 3508 970 fuisse.

1929 1009 2160 1065 superne
2193 996 2411 1064 quidem
2451 1003 2780 1065 expansum,
2830 1010 2996 1066 super
3026 995 3233 1060 omnia,
3262 1010 3381 1066 qua:
3419 996 3509 1050 in-
3553 1036 3555 1039 -

1936 1098 2018 1142 tra
2052 1087 2247 1144 ctrlum
2279 1087 2654 1153 continentur;
2696 1087 2763 1142 iis
2802 1101 2936 1142 vero
2963 1088 3054 1156 qui
3090 1079 3254 1157 supra
3303 1087 3504 1143 emtum

1935 1187 2063 1234 sunt
2121 1180 2456 1235 substratum
2512 1180 2580 1234 ad
2625 1178 2984 1233 domicilium.
3041 1177 3506 1246 Quemadmodum

1935 1283 2115 1326 autem
2153 1271 2522 1336 tabernaculo,
2552 1272 2628 1324 ita
2658 1281 2714 1325 et
2743 1270 2833 1337 iis,
2866 1272 2958 1339 qui
3002 1271 3147 1324 intra
3180 1268 3509 1323 tabernacu-

1931 1361 2041 1415 lum
2068 1371 2213 1426 sunt,
2261 1361 2517 1432 providit.
2563 1363 2906 1431 QuaprOpter
2947 1361 3118 1432 variis
3171 1361 3510 1430 temporibus

1933 1457 2242 1511 bomlnibus
2280 1456 2330 1509 in
2359 1463 2504 1510 terra
2535 1455 2844 1510 viventibus
2877 1455 3158 1526 principes
3201 1453 3508 1518 constituit,

1934 1557 2291 1618 congruentes
2315 1547 2545 1603 subditis
2576 1549 2950 1604 moderatores
2974 1562 3297 1617 procurans.
3326 1545 3511 1615 Quare

1933 1642 2136 1709 subdit,
2172 1660 2192 1693 ‹
2221 1641 2364 1696 Dans
2393 1642 2666 1710 principes
2718 1643 2772 1694 in
2830 1640 3059 1696 nihilum
3109 1640 3178 1696 ad
3229 1640 3508 1710 imperan-

1935 1732 2083 1786 dum.
2117 1751 2136 1784 ι
2176 1731 2417 1787 ΝἰΙιίΙυιη
2461 1748 2624 1803 porro
2660 1732 2800 1788 dixit
2840 1732 3127 1788 mortalem
3167 1733 3354 1796 vitam,
3392 1732 3510 1786 sive

1937 1823 2108 1892 ipsam
2144 1835 2344 1880 terram
2373 1866 2387 1890 ,
2428 1834 2488 1880 ut
2515 1825 2680 1880 etiam
2727 1826 2889 1880 docet
2935 1824 3166 1880 inferius
3189 1823 3276 1879 his
3303 1823 3506 1885 verbis,

1861 1898 1902 1957 Β
1934 1933 1957 1967 ε
1986 1914 2210 1972 Terram
2242 1929 2422 1972 autem
2453 1918 2506 1972 in
2542 1917 2768 1972 nihilum
2801 1915 2952 1972 fecit.
2975 1936 2996 1970 ι
3031 1916 3158 1972 Haec
3198 1916 3380 1971 omnia
3421 1914 3502 1968 ait

248 2008 320 2062 de
354 2009 438 2072 iis,
476 2011 568 2077 qni
607 2011 778 2068 variis
837 2009 1171 2075 temporibus
1216 2009 1572 2079 imperarunt,
1615 2017 1669 2062 et
1711 2007 2050 2078 tyrannidem
2110 2007 2483 2076 obtinuerunt,
2513 2019 2696 2081 utpote
2732 2009 2823 2079 qui
2887 2007 3048 2064 talem
3088 2007 3248 2062 linem
3297 2015 3355 2062 et
3393 2007 3512 2062 cxi-

254 2110 364 2154 tam
398 2101 707 2156 habuerint.

327 2212 346 2244 ι
382 2195 457 2247 Οὑ
517 2196 624 2264 γάρ
675 2196 748 2266 μὴ
806 2195 1171 2265 φυτεύσωσιν,
1223 2194 1340 2247 οὐδὲ
1383 2195 1459 2264 μὴ
1514 2191 1833 2264 σπείρωσιν,

253 2283 370 2338 οὐδὲ
396 2287 470 2354 μὴ
499 2287 697 2356 magna,
733 2290 810 2348 είς
834 2287 930 2357 τὴν
957 2287 1060 2355 γῆν
1087 2289 1118 2354 ἡ
1154 2286 1276 2356 ῥίζα
1307 2286 1503 2338 αὐτῶν.
1536 2285 1836 2337 Ἔπνευσεν

253 2376 338 2428 lx‘
363 2379 580 2440 αὑτοὺς,
600 2381 687 2430 καὶ
710 2378 798 2447 ὲξη
812 2378 974 2447 ράνθη
985 2395 1100 2438 σαν,
1124 2380 1216 2430 καὶ
1230 2377 1477 2444 καταιγὶς
1494 2377 1568 2438 ὡς
1587 2373 1835 2446 φρύγανα

255 2466 481 2535 λήψεται
535 2469 750 2529 αὐτούς.
808 2468 920 2519 Νῦν
968 2464 1058 2520 οὖν
1087 2468 1192 2519 τίνι
1243 2485 1309 2538 με
1347 2466 1688 2535 ὼμοιώσατε,
1743 2466 1835 2519 καὶ

253 2553 648 2625 ὑψωθήσομαις
697 2553 845 2608 εἶπεν
893 2559 920 2608 δ
963 2559 1134 2625 ἅγιος.
1185 2557 1542 2624 ’Δναῦλέψατε
1585 2559 1663 2619 εἰς
1700 2556 1834 2624 ὕψος

251 2646 377 2707 τοὺς
407 2646 716 2716 ὀψθαλμοὺς
743 2647 915 2715 ὑμῶν,
944 2649 1037 2700 καὶ
1064 2649 1223 2708 ίδεέ,
1253 2649 1333 2709 τίς
1361 2647 1632 2712 κατέδειξε
1661 2647 1833 2700 ταῦτα

253 2735 468 2801 πάντα;
516 2739 572 2790 ’Θ
607 2740 852 2808 ἐκφέρων
884 2739 1002 2791 κατ’
1033 2737 1262 2810 ἀριθμὸν
1297 2737 1388 2789 τὸν
1422 2739 1625 2807 κόσμον
1668 2738 1831 2792 αὑτοῦ

253 2829 464 2890 πάντας
494 2831 578 2881 ἐπ’
617 2831 839 2899 ὀνόματι
886 2830 1102 2883 καλέσει
1135 2829 1241 2882 ἀπὸ
1276 2829 1473 2899 πολλῆς
1513 2829 1690 2898 δόξης,
1741 2831 1834 2883 xa‘t

253 2921 315 2972 ιν
342 2922 528 2990 κράτει
575 2921 754 2990 ἰσχύος
785 2922 948 2975 αὑτοῦ
969 2939 982 2952 ·
1013 2921 1164 2975 οὐδέν
1199 2937 1256 2972 σε
1289 2921 1467 2973 ἔλαθε.
1510 2939 1527 2970 ι
1577 2920 1669 2972 Διὸ
1699 2920 1835 2989 πρὸς

254 3011 452 3073 αὐτοὺς
506 3013 842 3065 ἀποτείνεται
892 3013 1097 3081 λέγων·
1165 3012 1263 3064 Διὰ
1322 3013 1373 3064 τί
1419 3012 1568 3082 ποιρά
1620 3012 1834 3082 σεαυτῷ

254 3101 427 3153 ταῦτα
467 3102 677 3172 λογίζῃ,
718 3105 812 3155 καὶ
843 3103 1019 3172 λέγειν
1048 3102 1270 3172 τολμᾷς,
1306 3102 1381 3164 ὡς
1411 3101 1503 3154 τὸν
1531 3101 1663 3154 Θεὸν
1697 3103 1731 3172 ἡ
1765 3103 1832 3174 σὴ

255 3191 372 3253 ὁδὸς
412 3192 566 3243 ἔλαθε
590 3232 602 3252 ,
632 3194 726 3245 καὶ
753 3195 850 3263 οὐχ
877 3194 1162 3248 ὑπόκεισαι
1192 3192 1391 3264 κρίσει,
1417 3192 1503 3246 διὰ
1532 3193 1593 3246 τὸ
1620 3194 1835 3262 ἀγνοεῖν

255 3277 419 3329 αὑτὸν
451 3278 517 3329 τὰ
551 3280 654 3331 ὑπὸ
690 3280 783 3333 σοῦ
815 3281 1097 3352 δρώμενας

330 3388 348 3420 ι
389 3371 478 3439 Μὴ
505 3371 610 3440 γὰρ
632 3372 810 3442 εἴπῃς,
849 3371 1061 3436 Ἰακὼϐ,
1094 3375 1186 3426 καὶ
1211 3375 1261 3428 τί
1291 3375 1578 3445 ὲλάλησας,
1597 3376 1831 3448 Ἰσραήλς

269 3461 578 3532 ’Δπεκρύὸη
615 3465 646 3533 ἡ
681 3465 796 3527 ὁδός
827 3482 925 3533 μου
956 3466 1060 3517 ἀπὸ
1094 3466 1182 3518 τοῦ
1210 3464 1367 3530 Θεοῦ,
1397 3466 1490 3519 καὶ
1517 3467 1545 3518 ὁ
1567 3465 1701 3529 Θεός
1728 3484 1829 3536 μου
1859 3453 1902 3511 C

257 3551 352 3622 τὴν
387 3556 566 3624 κρίσιν
599 3556 801 3621 ἀφεῖλε,
840 3555 933 3608 καὶ
966 3557 1195 3626 ἀπέστη.
1233 3557 1344 3611 Καὶ
1377 3557 1474 3610 νῦν
1501 3557 1600 3611 οὑκ
1629 3557 1829 3626 ἔγνωςς

257 3646 306 3697 εί
337 3647 410 3717 μὴ
447 3647 716 3715 ἧκουσαςς
757 3648 886 3708 Θεὸς
922 3649 1155 3712 αἰώνιος,
1199 3651 1226 3701 ὁ
1270 3649 1402 3712 Θεὸς
1432 3652 1462 3703 ὁ
1492 3651 1835 3704 κατασκευά-

259 3750 355 3798 σας
393 3735 460 3788 τά
505 3736 648 3806 ἄκρα
691 3739 786 3805 τῆς
815 3739 933 3806 γῆς,
985 3739 1045 3790 οὑ
1087 3739 1522 3801 πεινάσει,νοὺδὲ
1551 3741 1830 3804 κοπιάσει,

256 3827 376 3881 οὐδέ
425 3832 571 3880 ἐστιν
618 3828 890 3896 ἐξεύρεσις
930 3831 1027 3899 τῆς
1078 3834 1392 3902 φρονήσεως
1429 3832 1627 3884 αὑτοῦ·
1663 3833 1836 3897 διδοὺς

259 3920 369 3981 τοῖς
405 3918 661 3970 πεινῶσιν
696 3921 866 3988 ἰσχὺν.
895 3921 986 3971 καὶ
1010 3924 1120 3983 τοῖς
1154 3922 1225 3990 μὴ
1257 3920 1610 3991 ὄδυνωμὲνοις
1635 3922 1831 3993 λύπην.

261 4005 584 4060 Πεινάσουσι
615 4008 721 4076 γὰρ
750 4009 1020 4078 νεώτεροι,
1050 4010 1141 4061 καὶ
1176 4011 1494 4063 κοπιάσουσι
1527 4012 1832 4076 νεανίσκοι,

261 4091 351 4142 καὶ
395 4091 638 4144 ἐκλεκτοὶ
682 4095 932 4161 άνίτχνες
969 4096 1198 4148 ἔσονται.
1246 4116 1264 4146 ›
1325 4099 1731 4170 ’Λκατάληπτος
1780 4101 1836 4153 δὲ

261 4196 354 4231 και
389 4172 678 4247 ἀνέφικτος
718 4185 748 4249 ἡ
800 4183 925 4250 παρ’
969 4184 1114 4253 αὑτῷ
1150 4187 1404 4255 τυγχάνει
1444 4191 1635 4257 σοφία,
1670 4191 1736 4243 δι’
1770 4187 1836 4262 ἧς

261 4265 330 4318 τὰ
373 4265 667 4336 σύμπαντα
695 4270 916 4320 διοικεῖ·
957 4272 1097 4325 οὕτω
1134 4273 1178 4324 δ’
1225 4269 1316 4325 οὖν
1347 4275 1496 4345 αὑτῷ
1551 4276 1700 4346 μέλει
1741 4280 1836 4330 καὶ

261 4356 368 4410 τῶν
407 4357 528 4410 καθ’
565 4358 799 4437 ἕκαστον
829 4363 918 4412 καὶ
953 4365 1092 4414 κατὰ
1127 4364 1311 4433 μέρος,
1350 4365 1445 4430 ὡς,
1491 4366 1579 4419 διὰ
1621 4365 1683 4420 ab
1714 4368 1836 4436 ὲφο-

266 4449 362 4518 ρᾷν
396 4448 559 4500 αὑτὸν
591 4451 685 4501 καὶ
713 4450 855 4520 λόγῳ
885 4451 1010 4521 θείῳ
1047 4455 1341 4523 διακρίνειν
1376 4456 1445 4509 τά
1477 4459 1596 4509 κατ’
1630 4457 1838 4529 ἀνθρὼ-

263 4556 395 4604 πους
430 4542 746 4611 πράγματα,
794 4545 1014 4607 ξδιάζειν
1050 4549 1263 4618 ἑκάστῳ
1313 4551 1710 4621 μεμερισμένον
1746 4552 1837 4607 τὸν

263 4630 405 4701 βίον·
443 4633 517 4695 ὼς
548 4636 657 4695 τοῖς
698 4637 794 4703 μὲν
822 4636 887 4688 δι’
919 4638 1126 4690 ἔνδειαν
1157 4641 1362 4710 τροφῆς
1394 4640 1649 4694 πεινῶσιν
1686 4645 1836 4712 ἰσχὺν

263 4727 510 4793 παρεῖναι
567 4725 820 4788 πολλάκις
877 4730 965 4779 καὶ
1019 4731 1206 4798 ῥώμην
1270 4730 1515 4800 σώματος
1574 4735 1834 4804 φυσικὴν,

2007 2171 2173 2246 Vsus.
2210 2189 2404 2246 ει-εθ.
2446 2209 2464 2242 ι
2487 2189 2764 2260 Siquidem
2797 2203 2903 2242 non
2942 2185 3303 2255 plantabunt,‘
3331 2199 3512 2255 neque

1938 2282 2308 2348 seminabunt,
2343 2297 2518 2353 neque
2553 2283 2768 2337 radices
2795 2291 2920 2348 aget
2948 2281 3183 2340 interra
3219 2279 3377 2334 radix
3415 2293 3513 2332 eo-

1935 2390 2077 2431 rum.
2113 2374 2317 2444 Flavit;
2338 2389 2502 2444 super
2531 2387 2650 2437 eos,
2696 2381 2752 2428 et
2794 2379 3149 2434 exaruerunt,
3174 2379 3227 2425 et
3270 2369 3510 2440 procella

1936 2476 2192 2538 tanquam
2229 2469 2456 2537 stipulas
2490 2464 2861 2537 appreliendet
2892 2477 3008 2518 eos.
3043 2461 3195 2517 Nunc
3227 2460 3393 2530 igitur
3420 2459 3510 2514 cui

1935 2576 2022 2618 me
2048 2560 2496 2625 assimilastis,et
2531 2556 2850 2613 exaltabor?
2883 2555 3018 2609 dicit
3064 2560 3306 2609 sanctus.
3333 2547 3514 2605 Altol.

1935 2654 2029 2708 lite
2059 2669 2269 2708 sursum
2297 2652 2482 2706 oculos
2517 2659 2757 2712 vestros,
2789 2657 2844 2703 et
2866 2646 3070 2710 videte,
3106 2645 3233 2715 quis
3272 2641 3512 2697 ostendit

1934 2747 2051 2801 h:ec
2076 2745 2297 2799 omnia?
2323 2743 2425 2811 Qui
2452 2741 2612 2798 eﬂ‘ert
2661 2742 2715 2794 in
2759 2752 2984 2794 numero
3019 2744 3272 2789 ornatum
3311 2745 3506 2788 suum:

1933 2855 2125 2895 omnes
2167 2840 2388 2894 nomine
2421 2836 2637 2892 vocabit
2664 2849 2694 2888 a
2724 2833 2893 2888 multa
2931 2829 3103 2898 gloria
3135 2837 3192 2882 et
3223 2827 3276 2881 in
3312 2825 3512 2882 robore

1934 2931 2271 2986 fortitudinis
2311 2945 2451 2993 suae;
2479 2929 2612 2982 nihil
2643 2927 2742 2980 tibi
2775 2925 2927 2978 latet.
2962 2941 2981 2975 ι
3011 2919 3380 2988 Quamobrem
3413 2930 3512 2974 eos

1934 3027 2013 3080 sic
2043 3024 2338 3095 alloquitur
2375 3041 2389 3076 :
2419 3022 2528 3075 Cur
2559 3019 2700 3090 apud
2740 3027 2791 3071 te
2837 3014 2962 3069 talia
2987 3013 3215 3083 cogitas,
3243 3017 3297 3064 et
3327 3010 3511 3063 dicere

1935 3121 2144 3184 audes;
2178 3117 2324 3186 quod
2355 3115 2563 3171 scilicet
2599 3115 2707 3167 Deo
2753 3111 2927 3164 lateat
2973 3109 3062 3160 via
3105 3115 3217 3169 tua,
3269 3113 3322 3157 et
3364 3103 3509 3170 quod

1936 3219 1993 3265 tu
2018 3210 2283 3279 judicium
2318 3223 2425 3264 non
2457 3206 2737 3262 subiturus
2769 3203 2868 3269 sis,
2917 3200 3042 3270 quia
3087 3198 3202 3267 ipse
3233 3204 3385 3267 gesta
3420 3204 3507 3248 tua

1935 3303 2147 3374 ignorat
2169 3303 2193 3357 τ

2003 3415 2169 3470 Vens.
2195 3412 2376 3469 27-30.
2422 3429 2441 3462 ι
2481 3410 2562 3465 Ne
2597 3409 2802 3462 dixeris
2827 3407 2995 3471 enim,
3042 3403 3235 3466 Jacob,
3286 3409 3343 3455 et
3380 3398 3512 3469 quid

1935 3505 2150 3562 locutus
2183 3521 2263 3573 es,
2295 3503 2509 3559 Israel?
2538 3501 2863 3556 Abscondita
2907 3508 2994 3554 est
3030 3497 3115 3550 via
3167 3508 3285 3549 mea
3315 3507 3345 3545 a
3378 3492 3510 3556 Deo,

1933 3613 1989 3654 et
2025 3601 2166 3655 Deus
2191 3613 2345 3653 mens
2371 3596 2634 3664 judicium
2663 3592 2884 3647 abstulit
2912 3600 2969 3644 et
2999 3587 3249 3644 recessit.
3271 3583 3336 3638 Et
3364 3598 3511 3637 nunc

1936 3707 2004 3745 an
2030 3691 2210 3746 nescis
2248 3689 2272 3743 τ
2314 3689 2508 3742 Annon
2552 3677 2846 3740 audivisti?
2889 3683 3031 3738 Deus
3080 3692 3335 3744 mternus,
3369 3677 3514 3731 Deus

1934 3783 2025 3852 qui
2060 3782 2356 3836 fabricatus
2387 3789 2474 3835 est
2507 3777 2773 3833 terminos
2803 3785 2983 3839 terrae,
3014 3786 3122 3828 non
3149 3771 3371 3831 esuriet,
3405 3782 3511 3820 non

1935 3877 2224 3940 laborabit,
2284 3887 2457 3941 neque
2503 3881 2586 3924 est
2637 3869 2986 3938 investigatio
3028 3862 3309 3934 sapientiae
3350 3858 3509 3928 ejus:

1937 3974 2028 4041 qui
2079 3974 2174 4026 dat
2205 3967 2573 4026 esurientibus
2620 3965 2902 4028 virtutem,
2951 3970 3009 4016 et
3051 3973 3157 4014 non
3205 3953 3512 4011 dolentibus

1938 4065 2200 4120 dolorem.
2251 4063 2507 4118 Esurient
2554 4059 2702 4114 enim
2760 4046 3010 4126 juvenes,
3074 4060 3131 4108 et
3182 4047 3514 4104 laborabunt

1939 4159 2330 4217 adolescentes,
2371 4162 2432 4209 Et
2475 4152 2633 4208 electi
2673 4151 2873 4206 inﬁrmi
2920 4157 3105 4203 erunt.
3141 4163 3162 4198 ι
3196 4139 3516 4208 lncompre-

1939 4250 2220 4306 liensibilis
2236 4249 2437 4319 quippe
2458 4256 2540 4303 est
2572 4245 2688 4315 ejus
2719 4243 3009 4315 sapientia,
3039 4255 3147 4312 qua
3179 4237 3363 4294 omnia
3395 4251 3513 4289 mo-

1939 4345 2196 4398 deratur:
2230 4354 2395 4412 atque
2425 4343 2498 4396 ita
2525 4339 2837 4408 singulatim
2878 4335 3299 4402 minutatimque
3329 4330 3513 4384 omnia

1937 4443 2118 4498 curat,
2152 4443 2211 4488 ut
2241 4433 2331 4488 illo
2361 4433 2702 4502 dispiciente,
2736 4441 2792 4484 et
2821 4431 3028 4483 ratione
3058 4426 3290 4496 quadam
3330 4424 3515 4478 divina

1939 4540 2030 4580 res
2058 4526 2337 4581 hominum
2363 4528 2725 4586 discernente,
2752 4521 2984 4591 singulis
3007 4535 3128 4589 quae
3161 4519 3264 4574 sibi
3297 4517 3517 4588 propria

1939 4620 2006 4674 ad
2038 4622 2202 4674 vitam
2239 4629 2366 4675 sunt
2392 4619 2823 4682 distribuantur;
2857 4617 2932 4671 ita
2988 4625 3046 4669 ut
3081 4616 3146 4670 iis
3182 4615 3277 4683 qui
3302 4628 3367 4673 ex
3404 4609 3516 4666 cibi

1940 4712 2166 4780 penuria
2202 4712 2638 4777 famelaborant,
2677 4714 2843 4768 robur
2878 4727 2937 4767 ac
2964 4709 3230 4765 naturalis
3269 4707 3516 4778 corporis

260 4818 372 4878 τοῖς
399 4815 456 4868 δὲ
487 4816 560 4884 μὴ
587 4816 827 4879 πεινῶσι,
862 4819 1072 4888 πλούτῳ
1095 4821 1149 4872 δὲ
1181 4823 1646 4893 περιρρεομένοις,
1677 4842 1835 4896 φρον-

1945 4805 2198 4861 valetudo
2249 4806 2567 4875 plerumque
2605 4805 2749 4860 adsit
2794 4822 2809 4870 ς
2859 4804 2924 4859 iis
2952 4816 3083 4857 vero
3113 4800 3204 4871 qui
3244 4814 3352 4855 non
3391 4814 3517 4854 esu-

263 4908 412 4968 τίδας
446 4907 708 4978 ὑπάρχειν
759 4910 850 4961 καὶ
898 4910 1101 4973 λύπας.
1135 4912 1231 4974 τὰς
1268 4913 1367 4983 τὴν
1409 4916 1619 4987 τρυφὴν
1656 4917 1834 4971 αὑτῶν

264 4996 616 5060 κολαζούσας.
650 5000 804 5051 Κατά
829 5000 917 5051 τὸν
943 5002 1103 5053 αὑτὸν
1131 5002 1187 5054 δὲ
1224 5003 1398 5072 λόγον,
1427 5006 1580 5069 νέους
1618 5008 1714 5077 μὲν
1742 5008 1835 5062 καὶ

262 5089 608 5150 νεανίσκους,
645 5088 737 5151 οὒς
769 5091 848 5152 είς
875 5091 935 5143 τὸ
963 5089 1306 5160 ἀνδρίζεσθαι
1340 5096 1637 5166 προσήκει,
1675 5097 1836 5149 ἀσθε-

263 5179 371 5237 νεῖς
399 5177 796 5245 ἀπεργάζεται,
830 5179 1022 5232 πάθεσι
1053 5181 1145 5231 καὶ
1177 5182 1442 5252 νοσήμασι
1476 5185 1832 5252 περιϐάλλων.

265 5266 504 5336 Μυρίους
532 5267 587 5319 δὲ
601 5268 808 5337 νεότητι
834 5269 1177 5341 σφριγῶντας
1204 5271 1393 5326 θᾶττον
1411 5275 1677 5346 ἀποϐῆναι
1701 5293 1840 5348 παρ-

267 5355 530 5409 εσκεύασε
562 5355 655 5409 τού
691 5357 824 5426 βίον.
869 5360 1160 5412 Ἀνάπαλιν
1186 5360 1241 5413 δὲ
1270 5361 1482 5426 τούτοις
1521 5365 1569 5415 ol
1599 5365 1656 5416 ὲν
1716 5365 1840 5417 διω-

267 5447 423 5518 γμῶν
451 5452 659 5517 καιροῖς
694 5450 784 5501 τὸν
814 5449 944 5502 Θεὸν
979 5452 1362 5522 ὑπομένοντες,
1411 5453 1656 5518 ἀσθενεῖς
1687 5455 1840 5520 ὄντες

268 5538 362 5591 καὶ
409 5538 620 5608 οἰκτροὶ
669 5540 810 5593 κατά
856 5542 951 5612 τὴν
1009 5543 1287 5615 παροῦσαν
1323 5543 1499 5617 ζωὴν,
1539 5547 1838 5617 μεταϐολῆς

269 5628 418 5692 θείας
446 5628 774 5701 ἠξιώθησαν,
818 5633 892 5697 ὡς
929 5633 1002 5706 μὴ
1041 5635 1197 5706 μόνον
1231 5637 1467 5700 ἀνέσεως
1506 5638 1599 5690 καὶ
1633 5638 1840 5691 ἐλευθε-

273 5723 392 5792 ρίας
436 5724 638 5791 τυχεῖν,
687 5724 818 5778 ἀλλὰ
873 5726 967 5780 καὶ
1024 5726 1178 5798 δίκην
1210 5728 1382 5780 ἀετῶν
1429 5730 1835 5802 πτεροφυῆσαι·

267 5813 407 5866 ὥστε
450 5813 710 5883 ἀναϐῆναι
767 5816 857 5870 καὶ
888 5817 1166 5887 ὑψωθῆναι
1213 5820 1303 5874 καὶ
1343 5820 1839 5890 μετεωροπορῆσαι,

1940 4897 2111 4962 riunt,
2144 4898 2238 4953 sed
2283 4899 2492 4953 divitiis
2518 4897 2822 4963 abundant,
2867 4897 3262 4951 sollicitudines
3285 4902 3339 4948 et
3368 4892 3519 4946 dolo—

1939 5003 2028 5044 res
2057 4989 2258 5056 adsint,
2298 4990 2454 5059 queis
2503 5005 2691 5045 eorum
2741 4990 2992 5060 voluptas
3037 4989 3363 5058 castigetur.
3415 4986 3519 5040 Ea-

1937 5082 2170 5153 demque
2201 5085 2411 5137 ratione
2427 5082 2656 5150 juvenes
2692 5094 2748 5138 et
2792 5085 3192 5145 adolescentes,
3244 5095 3382 5150 quos
3432 5095 3521 5131 ve-

1935 5187 2086 5245 getos
2119 5184 2175 5230 et
2206 5174 2373 5230 fortes
2401 5189 2523 5230 esse
2552 5177 2824 5239 convenit,
2851 5177 3094 5229 inlirmos
3124 5173 3325 5236 reddit,
3362 5173 3514 5252 aegri-

1944 5269 2222 5323 tudinibus
2271 5277 2328 5321 et
2382 5268 2588 5323 morbis
2617 5267 2937 5336 subiiciens.
2991 5267 3308 5321 Innumeros
3338 5275 3520 5318 autem

1937 5357 2220 5425 juvenlute
2247 5358 2524 5425 ﬂorentes,
2552 5375 2710 5428 quam
2743 5362 3028 5416 celerrime
3057 5375 3088 5414 e
3112 5361 3219 5412 vita
3255 5358 3521 5412 decedere

1945 5448 2094 5505 fecit.
2153 5450 2277 5505 Vtce
2323 5467 2478 5507 versa
2533 5462 2740 5518 autem,
2771 5456 2864 5522 qui
2900 5452 3337 5522 persecutionum
3388 5460 3521 5503 tem-

1946 5555 2078 5612 pore
2109 5540 2276 5596 Deum
2305 5552 2709 5612 exspectantes,
2747 5543 2944 5597 inﬁrmi
2979 5543 3426 5612 miscrabilcsque
3468 5541 3521 5595 in

1947 5635 2200 5702 prasenti
2227 5635 2338 5690 vita
2369 5644 2547 5696 erant,
2576 5635 2754 5689 divina
2795 5638 3096 5691 mutatione
3131 5636 3335 5706 dignati
3371 5644 3518 5701 sunt,

1949 5735 2008 5781 ut
2056 5743 2160 5781 non
2194 5727 2354 5781 modo
2386 5727 2758 5782 dimissionem
2808 5744 2872 5784 ac
2913 5730 3218 5785 libertatem
3271 5743 3520 5800 assequa-

1952 5829 2161 5888 rcntur,
2209 5820 2302 5877 sed
2327 5819 2490 5877 etiam
2523 5820 2694 5876 instar
2721 5820 3023 5886 aquilarum
3066 5837 3163 5880 ceu
3199 5820 3398 5892 pennis
3432 5818 3558 5877 su-'
