4058 6394
592 430 694 484 575

591 545 779 601 blimes
821 546 1096 612 volarent;
1128 546 1201 600 ita
1236 556 1293 600 ut
1322 544 1700 607 ascenderem,
1746 544 2131 603 exaltarentur.
2166 550 2206 601 Α

591 652 653 693 ac
685 638 894 692 demum
929 639 981 691 in
1013 640 1183 693 caelos
1211 654 1425 692 cursum
1457 638 1770 706 dirigerent.
1805 635 1929 689 llaec
1950 635 2141 704 quippe

591 729 891 796 aquilarum
925 740 1110 782 natura
1141 739 1243 783 est.

663 816 822 869 Vens.
851 818 939 871 5|.
977 836 993 868 ι
1025 820 1129 884 Qui
1172 829 1348 871 autem
1384 827 1697 886 exspectant
1744 818 1931 878 Deum,
1968 824 2142 869 muta-

590 908 721 961 bunt
750 908 1139 972 fortitudinem,
1159 920 1432 962 assumunt
1457 925 1659 975 pennas
1684 921 1739 961 ut
1765 909 1990 975 aquile;
2018 922 2141 961 cur-

590 1004 728 1059 rent,
760 1006 811 1050 et
846 1013 949 1051 non
979 998 1292 1052 laborabunt
1324 1016 1337 1061 ;
1370 1001 1755 1063 ambulabunt,
1795 1011 1847 1052 et
1889 1014 1992 1051 non
2021 1014 2141 1051 esu-

591 1087 749 1138 rieul.
781 1105 799 1138 ι
841 1087 1145 1154 Ingentibus
1170 1090 1428 1155 perfuncti
1458 1091 1732 1142 doloribus
1753 1130 1767 1152 ,
1813 1092 2025 1143 demum
2065 1091 2142 1142 vi-

591 1177 845 1231 sitatione
877 1178 967 1232 Dei
995 1180 1221 1246 dignati,
1254 1182 1305 1233 in
1338 1196 1470 1248 pace
1496 1183 1656 1233 vitam
1701 1190 1947 1248 egerunt,
1990 1182 2138 1247 aqui-

590 1267 763 1319 larum
797 1269 967 1322 instar
993 1272 1183 1338 pennis
1221 1272 1491 1333 instructi,
1542 1287 1604 1324 ac
1638 1272 1690 1323 in
1721 1271 1947 1323 sublime
1991 1270 2134 1324 elati.

590 1357 743 1421 Quod
782 1360 827 1411 si
881 1361 1168 1431 contigerit
1216 1377 1323 1424 eos,
1386 1364 1475 1430 qui
1511 1378 1607 1431 pro
1639 1364 1833 1431 pietate
1858 1373 2137 1415 concerta-

591 1457 716 1501 runt
761 1458 815 1502 et
864 1452 1134 1515 vicerunt,
1198 1454 1459 1522 martyrio
1527 1462 1930 1506 consummatos
1975 1467 2133 1517 esse;

589 1537 759 1593 multo
790 1542 958 1609 magis
992 1543 1100 1597 illis
1128 1555 1421 1597 memorata
1460 1543 1743 1609 promissio
1772 1553 2065 1613 c0mpetat.

1169 1634 1393 1687 CAPUT
1436 1633 1564 1687 XLI.

656 1719 821 1777 Vens.
864 1724 913 1779 l.
953 1742 971 1775 ι
1001 1724 1326 1778 Innovamini
1360 1726 1426 1779 ad
1474 1740 1577 1785 me.
1628 1724 1832 1792 insulae,
1867 1727 2139 1795 principes

1256 426 1519 484 EUSEBH
1558 422 2033 481 CAESARIEJ‘SSIS
2072 419 2221 475 OPP.

3710 409 3820 459 526

2263 417 2437 472 PARS
2478 417 2564 471 Ill.
2604 448 2671 457 -—
2712 416 3121 472 EXECETICA.

2239 539 2333 590 καὶ
2398 536 2547 600 τέλος
2608 536 2707 606 τὴν
2760 538 2837 600 εἰς
2892 533 3149 605 οὐρανοὺς
3203 530 3423 583 ποοείαν
3479 526 3814 580 στείλασθαι.

2241 628 2475 698 Τοιαύτη
2499 629 2608 698 γὰρ
2643 630 2675 698 ἡ
2706 628 2879 681 ἀετῶν
2912 626 3086 694 φύσις.

2316 849 2333 880 ι
2374 832 2435 883 Oi
2469 831 2524 883 δέ
2572 829 2929 898 ὑπομένοντες
2960 827 3051 878 τὸν
3094 824 3226 876 Θεὸν
3274 822 3590 887 ὰλλάξουσιν
3630 818 3806 886 (sfw,

2242 922 2706 989 πτεροφυήσουσιν
2756 920 2829 981 ὼς
2863 918 3039 970 ἀετοί·
3085 913 3435 986 δραμοῦνται,
3470 912 3563 964 καὶ
3602 911 3663 963 οὐ
3716 926 3814 960 κο-

2240 1012 2512 1064 πιάσουσι⁹
2556 1008 2878 1077 βαδιοῦνται,
2931 1006 3021 1058 καὶ
3052 1005 3112 1057 οὑ
3167 1003 3530 1055 πεινάσουσιν.
3587 1019 3605 1051 ι
3653 997 3815 1051 Μετὰ

2238 1093 2328 1149 οὖν
2360 1100 2457 1159 τὰς
2475 1097 2913 1167 ὑπερϐαλλούσας
2932 1096 3154 1165 θλίψεις,
3186 1091 3487 1160 ἐπισκοπῆς
3510 1087 3645 1141 Θεοῦ
3676 1102 3810 1138 κατ-

2239 1188 2589 1251 αξιωθέντες,
2635 1188 2690 1239 ὲν
2724 1190 2912 1259 εἰρήνῃ
2956 1184 3253 1239 διετέλεσαν
3290 1181 3379 1234 τὸν
3426 1181 3566 1249 βίον,
3629 1175 3810 1231 ἀετῶν

2238 1277 2390 1346 δίκην
2426 1278 2909 1347 πτεροφυήσαντες,
2943 1276 3035 1328 καὶ
3069 1274 3148 1335 εἰς
3180 1271 3311 1339 ὕψος
3343 1268 3617 1339 ἀρθέντες.
3654 1266 3716 1318 Εἰ
3746 1264 3809 1317 δὲ

2238 1367 2331 1419 καὶ
2391 1366 2670 1436 μαρτυρίῳ
2717 1365 3065 1433 τελειωθῆναι
3121 1360 3431 1431 συμϐέϐηκε
3486 1359 3612 1420 τοὺς
3662 1355 3810 1425 ὑπὲρ

2238 1456 2517 1519 εὐσεϐείας
2539 1457 2937 1525 ἠγωνισμένους
2972 1455 3064 1508 καὶ
3097 1452 3467 1521 νενικηκότας.
3500 1448 3635 1502 πολὺ
3665 1445 3807 1517 μᾶλ-

2236 1547 2324 1599 λον
2348 1549 2555 1609 τούτοις
2592 1546 2875 1617 ἁρμόσειεν
2906 1548 2937 1615 ὴ
2978 1542 3235 1615 εἰρημένη
3265 1538 3585 1608 ἐπαγγελία.

2747 1635 3135 1687 ΚΕΦΑΛΛΙΟΝ
3162 1634 3294 1685 MA'.

2319 1726 2716 1792 Ἐγκαινίζεσθε
2767 1726 2906 1795 πρὸς
2952 1724 3039 1794 μὲ,
3089 1725 3269 1793 νῆσοι·
3306 1721 3355 1773 οἱ
3392 1721 3498 1791 γὰρ
3547 1719 3816 1790 ἄρχοντες

590 1815 733 1867 enim
766 1817 1045 1869 mutabunt
1086 1818 1412 1885 potentiam:
1447 1818 1703 1870 accedant
1742 1828 1795 1871 et
1853 1818 2136 1887 loquantur

2239 1814 2556 1879 ἀλλάξουσιν
2602 1816 2783 1885 ἰσχύν·
2847 1815 3221 1882 ὲγγισάτωσαν
3273 1814 3364 1865 καὶ
3417 1811 3817 1879 λαλησάτωσαν

589 1902 745 1955 simul
774 1920 789 1967 ;
822 1914 945 1957 tunc
962 1881 1223 1973 judicium
1255 1908 1593 1959 annuntinnt.
1629 1926 1646 1958 ι
1676 1906 1835 1961 Jubet
1880 1881 2130 1962 nimirum

2239 1902 2386 1971 ἆμα-
2423 1903 2541 1955 τότε
2578 1881 2756 1974 κρίσιν
2789 1881 3275 1971 ἀναγγειλάτωσαν.
3308 1921 3325 1951 ι
3367 1898 3809 1970 Παρακελεύεται

589 1993 803 2058 insulas,
838 2014 855 2046 ι
884 1997 1251 2051 obmutescere
1276 2008 1327 2050 et
1355 2008 1553 2059 tacere,
1588 2015 1606 2049 ι
1642 1999 1931 2051 secundum
1964 1998 2136 2051 Theo-

588 2086 877 2149 dotionem,
938 2097 996 2141 ut
1052 2089 1291 2141 divinum
1363 2102 1664 2141 sermonem
1734 2097 1787 2141 et
1843 2089 2133 2141 salutarem

586 2177 1017 2243 pradieationem
1050 2179 1234 2232 audire
1258 2179 1487 2232 valeant.
1516 2178 1719 2233 Insulas
1735 2194 1861 2232 vero
1884 2178 2135 2247 frequen-

587 2277 666 2321 ter
693 2280 847 2323 vocat
868 2270 1134 2325 Eeciesias
1158 2271 1407 2325 omnibus
1429 2284 1494 2324 ex
1522 2270 1769 2338 gentibus
1792 2272 2130 2333 constitutas,

586 2362 706 2433 quia
761 2361 875 2415 illas
916 2362 1166 2429 nequitiae
1194 2360 1407 2430 salsugo
1455 2376 1550 2415 ceu
1600 2375 1750 2414 mare
1791 2359 2135 2414 circumﬂuit.

589 2470 608 2501 ι
642 2451 916 2521 Principes
944 2452 1087 2506 enim
1132 2454 1415 2505 mutabunt
1457 2452 1787 2521 potentiam;
1818 2470 1837 2502 ι
1867 2460 1925 2503 ιιι
1964 2466 2137 2505 mores

586 2552 813 2607 mutent,
866 2550 922 2597 et
963 2558 992 2595 a
1043 2543 1318 2612 pejoribus
1371 2544 1436 2594 ad
1482 2541 1701 2597 meliora
1726 2549 2132 2593 convertantur.

590 2652 608 2683 c
639 2635 909 2688 Accedant
938 2644 990 2688 et
1020 2634 1308 2703 loquuntur
1333 2631 1492 2688 simul
1518 2650 1532 2696 ;
1569 2650 1587 2684 ι
1641 2630 1891 2685 nimirum
1923 2641 2131 2700 gentes,

586 2724 781 2794 inquit,
809 2726 873 2778 ad
906 2741 990 2780 me
1036 2727 1199 2779 Deum
1237 2739 1391 2777 suum
1418 2723 1697 2784 accedant,
1729 2731 1782 2775 et
1817 2723 1976 2775 verba
2015 2737 2130 2775 mea

585 2814 893 2883 loquantur,
926 2831 1045 2885 qua:
1076 2815 1234 2870 simul
1266 2825 1323 2869 et
1352 2815 1403 2868 in
1435 2827 1576 2870 ctetu
1625 2815 2019 2878 recitabuntur,
2063 2814 2135 2867 vi-

584 2906 777 2962 delicet
808 2908 861 2961 in
884 2907 1123 2963 Ecclesia
1156 2922 1294 2961 mea.

658 3074 817 3130 Vens.
851 3076 905 3130 2.
949 3095 967 3127 ι
999 3076 1148 3131 Tunc
1199 3075 1457 3143 judicium
1513 3078 1849 3131 annuntient.
1878 3076 2009 3143 Quis
2038 3092 2131 3130 ex-

584 3168 771 3220 citavit
798 3168 864 3221 ab
904 3170 1113 3221 oriente
1142 3165 1452 3235 justitiam?
1486 3170 1692 3222 vocavit
1722 3183 1841 3222 eam
1874 3170 1941 3223 ad
1974 3170 2132 3237 pedes

584 3273 712 3312 suos
736 3266 787 3313 et
820 3259 1013 3311 vadet?
1036 3277 1054 3309 »
1090 3234 1339 3326 Peroptat
1367 3261 1508 3313 enim
1543 3271 1599 3312 ut
1630 3270 1833 3327 gentes,
1864 3234 2023 3330 quem
2051 3262 2135 3314 di-
2162 3234 2202 3288 C

584 3349 831 3402 dicerunt
882 3349 971 3403 Dei
1026 3364 1326 3404 sermonem
1359 3350 1477 3405 aliis
1519 3353 1861 3407 annuntieut.
1906 3352 2135 3406 JuSIitia:

586 3454 815 3509 namque
862 3456 995 3510 opus
1026 3449 1161 3505 erat,
1217 3449 1274 3494 ut
1321 3456 1423 3494 non
1470 3442 1749 3496 domeStici
1782 3452 2008 3504 tantum.
2039 3444 2134 3497 sed

583 3534 740 3585 etiam
777 3533 992 3602 reliqua:
1018 3543 1204 3602 gentes
1238 3534 1303 3587 ad
1335 3533 1427 3587 Dei
1465 3534 1711 3587 notitiam
1754 3543 2130 3587 evocarentur.

657 3648 675 3681 ι
705 3626 855 3680 Dabit
886 3628 936 3677 iu
968 3631 1251 3692 conspectu
1290 3625 1549 3692 gentium.
1595 3634 1650 3679 et
1700 3640 1851 3692 reges
1879 3624 2135 3690 obstupe-

586 3721 746 3775 t'aciet
773 3737 788 3772 τ
820 3728 873 3773 et
900 3716 1045 3770 dabit
1093 3716 1145 3769 in
1177 3724 1377 3767 terram
1426 3714 1631 3783 gladios
1674 3729 1883 3779 eorum,
1915 3722 1968 3766 et
1995 3713 2134 3767 sicut

583 3812 806 3881 stipulas
836 3808 1083 3876 expulsas
1109 3822 1265 3861 arcus
1298 3822 1507 3860 eorum.
1535 3826 1558 3857 1
1596 3806 1844 3860 Sulnlidil
1880 3806 1953 3859 illi
2004 3806 2135 3859 mul-

583 3914 688 3970 tos,
726 3914 781 3956 ut
812 3902 1157 3970 Babylonem.
1185 3898 1327 3967 quod
1374 3898 1461 3967 jus
1508 3898 1827 3966 postulabat,
1874 3899 2130 3953 dirueret.

582 3993 700 4063 Ipse
730 4005 958 4059 namque
988 4000 1124 4049 erat.
1154 3990 1243 4058 qui
1280 3998 1332 4042 et
1352 3990 1549 4056 priscis
1587 3990 1689 4043 illis
1712 3990 1838 4042 olim
1871 3990 2135 4057 religiosis

584 4083 893 4139 hominibus
926 4092 1085 4134 notus
1113 4080 1233 4144 fui.,
1260 4090 1313 4132 et
1340 4081 1431 4149 qui
1458 4090 1575 4148 post
1604 4083 1837 4148 priscum
1865 4080 2007 4133 illum
2046 4098 2135 4150 p0—

586 4174 765 4244 pulnm
796 4172 1089 4226 Ecclesiam
1113 4172 1256 4240 geut'
1286 4186 1355 4223 im
1390 4173 1491 4225 sibi
1527 4173 1890 4226 concreditam
1923 4174 2127 4226 habuit.

657 4264 817 4317 Vens.
852 4262 905 4325 ὅ,
946 4262 1001 4315 4.
1046 4278 1066 4311 ι
1115 4261 1176 4315 Et
1217 4274 1569 4331 persequetur
1602 4277 1695 4316 eos
1731 4280 1745 4316 :
1788 4265 2038 4319 transibit
2082 4266 2132 4318 in

584 4368 714 4422 pace
742 4356 823 4405 via
852 4354 1040 4421 pedum
1060 4350 1195 4419 ejus.
1219 4352 1350 4418 Quis
1370 4363 1626 4420 operatus
1645 4364 1729 4407 est
1754 4364 1807 4408 et
1832 4357 1955 4409 fecit
1984 4357 2136 4411 inec?

584 4446 805 4499 Vocavit
838 4460 978 4503 eam.
1002 4443 1093 4512 qui
1144 4454 1295 4498 vocat
1324 4458 1441 4497 eam
1482 4458 1510 4497 a
1542 4447 1947 4514 generationum
1982 4448 2132 4515 prin-

2238 1995 2371 2063 δῆτα
2403 1997 2522 2056 ταῖς
2554 1996 2757 2063 νήσοις,
2795 1993 2931 2045 κατὰ
2962 1992 3311 2053 Θεοδοτίωνα,
3356 2008 3372 2039 ι
3414 1988 3680 2056 κωφεύειν
3713 1988 3819 2039 καὶ

2241 2090 2416 2157 σιγᾷν,
2456 2104 2473 2137 ι
2503 2087 2577 2149 ὡς
2609 2087 2674 2139 ἂν
2705 2088 2928 2156 ὲπήκοοι
2962 2085 3197 2151 γένοιντο
3221 2082 3405 2151 θεῖκῆς
3430 2080 3664 2151 ὁμιλίας,
3702 2096 3809 2132 σω·

2236 2180 2423 2249 τηρίου
2448 2194 2504 2229 τε
2540 2177 2910 2248 κηρύγματος.
2940 2177 3151 2245 Νήσους
3183 2174 3238 2226 δὲ
3267 2169 3519 2242 ὀνομάζει
3564 2170 3820 2239 συνεχῶς

2234 2270 2333 2331 τὰς
2359 2269 2416 2332 ἐξ
2440 2270 2692 2321 ἁπάντων
2729 2267 2835 2320 τῶν
2861 2266 3026 2319 ἐθνῶν
3043 2265 3381 2335 Ἐκκλησίας,
3409 2262 3496 2315 διὰ
3529 2262 3589 2315 τὸ
3614 2262 3808 2331 ὥσπερ

2238 2358 2341 2409 ὑπὸ
2382 2356 2655 2426 θαλάσσης
2705 2354 3088 2426 περιρῤἑεσθαι
3138 2354 3243 2406 ὑπὸ
3286 2352 3387 2422 τῆς
3429 2353 3677 2423 ἁλμυρᾶς
3707 2351 3805 2404 τοῦ

2238 2446 2350 2515 βίου
2384 2445 2597 2508 κακίας.
2636 2464 2653 2495 ι
2695 2447 2755 2498 Οἱ
2782 2446 2887 2515 γὰρ
2915 2446 3170 2515 ἄρχοντες
3199 2444 3512 2509 ἀλλάξουσιν
3547 2445 3731 2514 ἰσχύν·
3773 2462 3801 2494 ›

2236 2540 2311 2602 ὡς
2349 2538 2414 2592 ἂν
2447 2538 2797 2608 μεταϐάλοιεν
2832 2539 2919 2590 τὸν
2952 2537 3157 2589 ἑαυτῶν
3186 2538 3405 2607 τρόπον,
3436 2539 3529 2590 καὶ
3561 2536 3815 2606 ἀλλαγὴν

2235 2633 2333 2701 τὴν
2375 2631 2481 2684 ἀπὸ
2510 2629 2621 2683 τῶν
2655 2630 2908 2701 χειρόνων
2956 2630 3044 2680 ἐπὶ
3094 2630 3161 2682 τὰ
3211 2631 3440 2701 κρείττω
3472 2632 3804 2699 ποιήσοιντο.

2240 2741 2259 2773 ι
2320 2723 2719 2789 Ἐγγισάτωσαν
2758 2720 2849 2772 καὶ
2888 2719 3271 2787 λαλησάτωσαν
3318 2721 3465 2789 ἆμα·
3509 2739 3527 2771 ι
3562 2720 3808 2790 δηλονότι

2233 2813 2300 2866 τὰ
2325 2813 2448 2882 ἔθνη
2472 2812 2605 2884 πρὸς
2637 2812 2726 2883 μὶ,
2745 2812 2897 2880 φησὶ,
2920 2812 3010 2863 τὸν
3030 2810 3159 2863 Θεὸν
3192 2813 3587 2878 ὲγγισάτωσαν,
3611 2813 3707 2865 καὶ
3731 2811 3817 2865 τὰ

2234 2902 2343 2971 ἐμὰ
2370 2904 2585 2971 ῥήματα
2613 2900 3018 2970 λαλησὰτωσαν,
3048 2899 3182 2969 ὁμοῦ
3228 2901 3367 2953 κατὰ
3397 2902 3457 2954 τὸ
3484 2902 3615 2953 αὐτὸ
3653 2902 3817 2970 γενό-

2238 3010 2395 3063 μενα,
2438 2995 2495 3045 ὲν
2531 2996 2598 3063 τῇ
2638 2995 2743 3063 ἐμῇ
2766 2991 2964 3062 δηλαδὴ
3006 2991 3317 3062 Ἐκκλησία.

2312 3104 2328 3134 ς
2363 3085 2493 3138 Τότε
2525 3085 2702 3156 κρίσιν
2732 3082 3220 3150 ἀναγγειλάτωσαν.
3247 3082 3342 3145 Τίς
3386 3084 3667 3155 ἐξήγειρεν
3694 3085 3807 3139 ἀπὸ

2238 3176 2509 3228 ἀνατολῶν
2554 3174 2932 3244 δικαιοσύνην;
2971 3175 3224 3229 ἐκάλεσεν
3255 3177 3423 3244 αὐτὴν
3463 3177 3604 3229 κατὰ
3635 3176 3807 3238 πόδας

2238 3268 2421 3329 αὑτοῦ,
2442 3270 2533 3320 καὶ
2552 3267 2872 3337 πορεύσεται
2890 3284 2903 3331 ;
2932 3286 2949 3315 ι
2968 3266 3069 3318 Τὸν
3084 3266 3189 3337 γὰρ
3213 3269 3340 3337 περὶ
3356 3266 3451 3335 τῆς
3469 3266 3701 3337 κρίσεως
3717 3268 3808 3320 λό-

2236 3377 2329 3427 γον
2351 3357 2595 3427 βούλεται
2613 3357 2847 3427 μαθόντα
2866 3356 2934 3409 τὰ
2949 3357 3073 3427 ἔθνη
3092 3357 3184 3409 καὶ
3200 3356 3403 3424 ἑτέροις
3416 3356 3803 3423 ἀπαγγέλλειν.

2236 3448 2585 3518 Δικαιοσύνης
2610 3450 2718 3520 γὰρ
2761 3449 2918 3519 ἔργον
2958 3444 3025 3520 ἦν
3056 3450 3115 3501 τὸ
3151 3448 3222 3517 μὴ
3254 3449 3415 3509 ἰδίους
3452 3449 3630 3517 μόνον,
3666 3449 3808 3501 ἀλλὰ

2236 3544 2328 3595 καὶ
2351 3541 2418 3592 τὰ
2436 3541 2597 3594 λοιπὰ
2620 3540 2745 3611 ἔθνη
2772 3540 3049 3593 καλεῖσθαι
3072 3542 3162 3593 ἐπὶ
3184 3539 3280 3609 τήν
3302 3538 3396 3591 τοῦ
3420 3539 3554 3592 θεοῦ
3578 3541 3799 3607 γνῶσιν.

2311 3652 2328 3683 ι
2368 3630 2537 3683 Δώσει
2571 3630 2811 3683 ἐναντίον
2867 3630 3056 3688 ἐθνῶν,
3115 3630 3208 3681 καὶ
3242 3630 3477 3697 βασιλεῖς
3511 3630 3762 3701 ὲκστήσει
3784 3648 3798 3660 -

2235 3724 2327 3775 καὶ
2359 3720 2518 3774 δώσει
2548 3723 2626 3782 εἰς
2656 3721 2757 3791 γῆν
2785 3720 2882 3782 τὰς
2918 3721 3186 3789 μαχαίρας
3212 3722 3410 3782 αὐτῶν,
3443 3722 3534 3772 καὶ
3562 3723 3638 3783 ὡς
3665 3722 3803 3789 φρό-

2234 3828 2374 3879 γανα
2416 3811 2696 3880 ὲξωσμένα
2739 3810 2806 3863 τὰ
2843 3811 2967 3874 τάξα
3010 3811 3206 3863 αὐτῶν.
3246 3831 3263 3861 ι
3313 3812 3606 3876 ’Υπέταξεν
3655 3813 3806 3883 αὑτῴ

2237 3902 2483 3963 πολλοὺς,
2515 3901 2599 3954 ἵνα
2629 3898 2832 3971 καθέλῃ
2877 3900 3164 3952 Βαϐυλῶνα
3190 3899 3428 3961 δικαίως.
3478 3902 3646 3964 Αὐτὸς
3687 3902 3797 3973 γὰρ

2234 3988 2303 4063 ἦν
2328 3996 2355 4044 ὁ
2388 3992 2481 4044 καὶ
2504 3993 2615 4052 τοῖς
2643 3990 2877 4062 πρώτοις
2906 3990 3177 4061 πρόπαλαι
3211 3994 3302 4044 καὶ
3332 3992 3389 4055 ἐξ
3419 3993 3591 4061 ἀρχῆς
3621 3994 3805 4065 θεοφι-

2234 4085 2347 4136 λέσι
2388 4083 2696 4151 γενομένοις
2735 4082 3012 4149 γνωσθεὶς,
3045 4085 3135 4137 καὶ
3180 4087 3207 4136 ὁ
3249 4083 3383 4153 μετὰ
3415 4084 3505 4135 τὸν
3536 4084 3803 4157 πρότερον

2235 4174 2357 4227 λαὸν
2396 4173 2501 4225 τῶν
2534 4172 2701 4226 ἐθνῶν
2742 4173 3060 4240 Ἐκκλησίαν
3102 4164 3549 4242 πεπιστευμένος.

2312 4283 2330 4313 ι
2376 4264 2483 4315 Καὶ
2522 4263 2762 4326 διῶξεται
2813 4263 3025 4325 αὐτούς·
3071 4264 3396 4316 διελεύσεται
3438 4266 3497 4315 ἐν
3529 4266 3723 4337 εἰρήνῃ
3768 4266 3799 4336 ή

2234 4354 2349 4415 ὁδὸς
2388 4353 2494 4405 τῶν
2534 4353 2705 4403 ποδῶν
2754 4351 2935 4405 αὑτοῦ.
2992 4353 3087 4414 Τίς
3135 4354 3397 4421 ἐνήργησε
3446 4354 3535 4405 καί
3577 4354 3800 4423 ὲποίηπ

2236 4443 2438 4504 rauca;
2490 4443 2773 4495 Ἐκὰλεσεν
2806 4442 2973 4511 αὐτὴν
3005 4443 3033 4493 ὁ
3061 4441 3236 4494 καλῶν
3265 4443 3431 4510 αὐτὴν
3466 4444 3572 4495 ἀπὸ
3596 4446 3802 4511 γενεῶν

583 4557 597 4586 ι
618 4538 743 4603 ipio.
779 4556 799 4588 ι
830 4535 1174 4591 Testiﬁcatur
1207 4550 1309 4588 non
1339 4536 1609 4606 vulgarem
1643 4537 1927 4591 utilitatem
1957 4540 2132 4608 genti-

2237 4535 2421 4604 ἀρχῆς.
2471 4552 2489 4583 ›
2527 4535 2809 4603 Μαρτυρεῖ
2837 4534 2892 4585 δὲ
2919 4536 2946 4585 ὁ
2981 4532 3133 4600 λόγος
3170 4534 3431 4599 ὠφέλειαν
3475 4535 3535 4586 οὗ
3566 4536 3663 4604 τὴν
3708 4554 3800 4590 τυ-

584 4629 681 4681 bus
709 4630 1085 4688 obventuram.
1124 4628 1169 4680 si
1218 4643 1244 4677 a
1273 4627 1495 4695 pristina
1526 4629 1767 4682 caecitate
1817 4638 1873 4682 et
1913 4629 2133 4683 deorum

583 4719 923 4771 multitudine
957 4718 1249 4779 translatae,
1283 4718 1493 4771 videant
1520 4734 1641 4772 eum
1670 4721 1763 4787 qui
1796 4721 1949 4787 dixit,
1981 4739 2000 4772 ι
2026 4720 2137 4789 Ego

586 4809 724 4864 Deus
764 4811 988 4878 primus,
1028 4818 1082 4861 et
1133 4810 1183 4862 in
1214 4818 1436 4862 ventura
1495 4820 1732 4878 tempora
1785 4825 1884 4879 ego
1938 4828 2078 4865 sum.
2112 4832 2128 4863 ι

581 4902 748 4966 Quem
797 4918 921 4957 cum
954 4901 1200 4954 viderent
1240 4902 1623 4965 extimuerunt,
1680 4904 1744 4955 ad
1792 4904 2002 4957 initium
2051 4918 2138 4955 sa-

581 4996 795 5061 pientia:
832 4992 1128 5060 profecta);
1169 5008 1293 5045 nam
1344 5011 1363 5044 ι
1406 4992 1622 5046 Initium
1656 4995 1937 5063 sapientiae
1974 4997 2137 5049 timor

585 5084 794 5135 Domini
831 5084 895 5136 “.
925 5102 943 5133 ι

656 5177 812 5228 Vens.
846 5176 962 5231 5-7.
1020 5194 1036 5221 ο
1073 5176 1312 5229 Termini
1349 5186 1507 5229 teme
1538 5188 1899 5238 accesserunt,
1943 5186 1998 5230 et
2046 5192 2133 5227 ve-

584 5276 779 5317 nerunt
828 5266 1010 5327 simul.
1049 5268 1299 5335 judicans
1332 5269 1700 5335 unusquisque
1744 5272 1985 5333 proximo
2013 5286 2130 5329 suo,

584 5367 639 5409 ιιι
690 5359 842 5410 tratri
888 5358 1156 5413 auxiliari.
1214 5358 1277 5411 Et
1303 5360 1466 5423 dicet,
1496 5359 1781 5412 Prazvaluit
1806 5361 1885 5412 vir
1915 5361 2128 5421 artifex.

584 5461 636 5497 Pt
685 5448 907 5501 a'rnrius
938 5449 1249 5515 percutiens
1290 5450 1514 5503 malleo:
1566 5450 1725 5503 simul
1778 5453 1997 5516 cndens,
2044 5453 2135 5504 ali-

583 5539 801 5608 quando
828 5539 1038 5606 quidem
1069 5540 1229 5604 dicet,
1262 5539 1523 5594 Sotidatio
1570 5542 1707 5594 bona
1737 5551 1840 5596 est.
1867 5542 2131 5596 Currobo-

589 5638 783 5682 urunt
813 5643 874 5681 ea
904 5630 1090 5691 clavis.
1124 5641 1321 5700 ponent
1354 5645 1436 5697 ea,
1464 5641 1519 5685 et
1556 5646 1661 5687 non
1703 5631 2075 5687 movebuntur.
2111 5650 2131 5683 ι

654 5781 703 5815 ⁸⁸
732 5782 871 5839 l‘sal.
902 5800 988 5842 et.
1022 5783 1081 5840 i0

2235 4623 2432 4693 χοῠσαν
2460 4626 2570 4685 τοῖς
2605 4624 2830 4683 ἔθνεσιν,
2867 4622 3007 4689 εἴγε
3044 4622 3437 4690 μεταϐάλλοντα
3474 4623 3573 4691 τῆς
3606 4627 3801 4694 προτί-

2236 4731 2334 4782 ρας
2388 4712 2642 4780 ἀϐλεψίας
2691 4714 2784 4764 καὶ
2817 4712 3117 4773 nol-40311;.
3161 4713 3339 4764 ῖδοσαν
3371 4713 3459 4765 τὸν
3500 4715 3759 4783 εἰρηκότα
3783 4732 3797 4744 ⁸

2952 4804 3043 4854 καὶ
3077 4807 3154 4866 εἰς
3200 4809 3267 4857 τὰ
3314 4807 3650 4875 ἐπερχόμενα
3692 4806 3800 4875 ἐγώ

2483 4895 2587 4945 Καὶ
2637 4895 2811 4945 ἰδόντα
2861 4894 3228 4962 ὲςοϐήοησαν.
3264 4897 3320 4947 ὲν
3350 4896 3491 4963 ἀρχῇ
3533 4898 3800 4965 γενόμενα

2240 4824 2256 4852 ι
2312 4803 2448 4869 Ἐγὼ
2490 4804 2619 4865 Θεὸς
2672 4805 2901 4871 πρῶτος,

2235 4896 2368 4961 εἰμι.
2413 4912 2429 4938 ι

2234 4985 2455 5051 cogis;
2508 5004 2523 5031 ι
2577 4984 2740 5053 Ἀρχὴ
2772 4984 2879 5051 γὰρ
2916 4984 3104 5051 σοφίας
3137 4984 3299 5051 φόϐος
3333 4986 3556 5055 Κυρίου.
3601 5008 3617 5037 ι

2310 5178 2326 5208 ι
2368 5160 2445 5211 Τὰ
2473 5162 2615 5230 ἄκρα
2644 5163 2740 5230 τῆς
2772 5163 2871 5231 γῆς
2906 5163 3155 5231 ἤγγισαν,
3188 5164 3279 5216 καὶ
3311 5159 3472 5233 ἦλθον
3504 5164 3639 5231 ἅμα,
3682 5164 3801 5233 κρί-

2232 5268 2336 5301 νων
2366 5251 2590 5313 ἓκαστος
2617 5252 2693 5320 τῷ
2738 5253 2984 5322 πλησίον,
3017 5254 3113 5306 καὶ
3160 5254 3238 5323 τῷ
3268 5255 3478 5323 ἀδελφῷ
3514 5255 3797 5323 βοηθῆσαι.

2239 5344 2347 5395 Καὶ
2380 5345 2518 5411 ἐρεῖ·
2562 5346 2804 5413 ’ἰσχυσεν
2838 5344 2973 5415 ἀνὴρ
3005 5346 3227 5410 τέκτων,
3260 5347 3350 5399 καὶ
3383 5346 3612 5415 χαλκεὺς
3638 5347 3668 5396 ό
3706 5348 3801 5398 τό·

2241 5448 2385 5481 πτων
2414 5432 2610 5504 σφύρᾳ,
2645 5435 2757 5503 ἅμα
2782 5436 3034 5498 ἐλαύνων,
3056 5435 3181 5488 ποτὲ
3211 5438 3306 5506 μὲν
3335 5438 3467 5507 ὲρεῐ,
3500 5435 3802 5505 Σύμϐλημα

2242 5522 2402 5574 καλόν
2451 5524 2617 5578 ἐστιν.
2673 5528 2993 5596 Ἰσχύρωσαν
3048 5530 3184 5581 αὐτὰ
3236 5532 3291 5580 ἐν
3341 5529 3509 5598 ἣλοις.
3546 5530 3803 5599 θήσουσιν

2242 5616 2396 5676 αὐτὰ,
2428 5617 2519 5668 καὶ
2550 5618 2609 5672 οὐ
2645 5620 3038 5688 κινηθήσονται.
3081 5642 3099 5675 ι
3138 5624 3209 5675 Τδ
3236 5624 3341 5693 γὰρ
3374 5625 3804 5694 παραδοξότατον
