4058 6392
201 442 301 499 377

1120 420 1616 483 COMMENTARIA
1658 418 1723 472 IN
1769 412 2020 470 lSAlAM.
2071 441 2128 451 —
2171 408 2323 465 CAP.
2362 404 2496 460 λιι.

3346 384 3452 446 378

199 554 358 609 τοῦτὸ
391 555 560 616 ἐστιν,
592 553 674 606 ἕντι
703 549 797 602 καὶ
827 547 896 601 τὰ
929 545 1179 618 βάρϐαρα
1220 544 1362 613 φύλα
1406 543 1498 594 καὶ
1528 541 1597 594 τὰ
1641 541 1759 608 πορ-

1873 534 2005 589 Nam
2022 531 2161 600 quod
2191 543 2287 598 per
2310 526 2530 596 quidem
2551 518 2748 576 mirum
2778 525 2884 580 est,
2911 513 3158 570 barbara:
3183 512 3452 572 nationes,

201 646 427 719 ρωτάτω
459 641 820 712 ἀπῳκισμένα
865 635 1161 706 Ἰουδαϊκῆς
1194 635 1396 706 χώρας,
1422 633 1542 686 καθ’
1577 632 1642 700 ἥν
1680 630 1774 699 μό-

199 753 296 808 νην
319 733 681 805 γνωρίζεσθαι
701 731 978 800 ἐνομίζετο
1000 730 1062 782 τὸ
1087 727 1314 782 παλαιὸν
1341 728 1368 778 6
1393 725 1544 788 Θεὸς,
1572 723 1771 791 γνῶσιν

200 826 458 896 ἀνείληφε
499 825 598 893 τῆς
628 822 907 886 εὐσεϐείας
945 822 1036 875 καὶ
1065 823 1164 890 τῆς
1193 817 1501 880 θεοσεϐείας
1521 834 1532 846 ·
1570 815 1644 878 ὡς
1678 815 1770 866 ὲκ-

201 916 472 984 πλαγῆναι
495 914 592 982 τῆς
621 912 712 965 τοῦ
741 912 875 965 Θεοῦ
902 909 1240 980 δικαιοσύνης
1270 910 1368 980 τὴν
1393 908 1573 980 χάριν,
1608 905 1773 958 σπεῦ-

202 1007 288 1059 σαί
315 1022 374 1058 τε
408 1006 501 1057 καὶ
525 1003 696 1056 ἐλθεῖν
725 1003 1031 1065 ἀκολούθως
1058 1001 1134 1072 τῷ
1168 986 1400 1070 φήσαντι
1431 999 1745 1069 κηρύγματι

205 1116 224 1148 ι
289 1096 719 1162 Ἑγγισάτωσαν,
766 1096 860 1148 καὶ
886 1093 1272 1164 λαλησάτωσαν
1304 1093 1438 1160 ἅμα.
1488 1110 1504 1140 ι
1543 1090 1618 1142 Οὐ
1661 1088 1770 1158 γὰρ

201 1185 357 1254 μόνον
398 1185 624 1244 ἑαυτοὺς
658 1181 850 1246 σώζειν
877 1185 926 1237 oi
960 1182 1314 1252 κεκλημένοι,
1351 1181 1485 1233 ἀλλὰ
1520 1180 1612 1232 καὶ
1645 1181 1769 1241 τοὺς

194 1273 422 1342 πλησίον
472 1271 611 1324 κατὰ
654 1272 779 1333 τοὺς
811 1271 907 1340 τῆς
951 1269 1356 1340 φιλανθρωπίας
1395 1268 1612 1338 νόμους.
1661 1263 1768 1319 Ἦν

192 1377 323 1414 ποτε
357 1361 551 1430 χρόνος
581 1359 669 1411 δτε
704 1359 797 1410 καί
844 1358 1001 1429 ἡμῶν
1045 1359 1223 1412 αὐτῶν
1271 1356 1595 1426 κατίσχυσεν
1630 1356 1768 1426 ἀνὴρ

190 1451 397 1505 τέκτων
440 1453 471 1503 6
508 1451 607 1520 τὴν
641 1448 1077 1520 είδωλολατρείαν
1122 1449 1616 1519 κατεργασάμενος,
1674 1447 1768 1500 καὶ

191 1541 426 1612 χαλκεὺς
450 1540 664 1593 τύπτων
707 1541 885 1611 etp-dp;
910 1541 1036 1603 τοὺς
1063 1539 1255 1593 ἐαυτοῦ
1296 1538 1448 1602 θεούς
1467 1555 1479 1568 ’
1511 1537 1646 1590 ἀλλὰ
1673 1537 1767 1592 νῦν

190 1633 438 1703 ἔγνωμεν
472 1629 530 1683 τὺ
569 1631 736 1702 μηθὲν
769 1631 925 1694 ὄντας
952 1633 1208 1694 ἐκείνους,
1244 1630 1336 1684 καὶ
1364 1631 1464 1699 τῆς
1497 1630 1768 1701 πατρικῆς

189 1725 543 1794 κατέγνωμεν
573 1723 800 1792 πλάνης,
825 1723 853 1774 6
880 1723 941 1794 δὴ
973 1722 1066 1775 καὶ
1097 1723 1241 1792 ὑμᾶς
1271 1723 1535 1794 προσήκει
1566 1720 1769 1789 μανθά-

188 1831 378 1878 νοντας
408 1813 754 1881 ὡφελεῖσθαι.
781 1816 986 1882 Δεῖγμα
1007 1812 1062 1864 δὲ
1095 1813 1192 1882 τῆς
1221 1811 1509 1882 ὰδρανείας
1532 1810 1639 1863 τῶν
1666 1811 1768 1864 πά-

1875 636 1929 681 et
1971 621 2288 691 longissime
2331 625 2552 671 remoue
2595 627 2626 666 a
2667 610 2893 666 Judaica
2951 607 3192 675 regione,
3249 605 3300 657 in
3344 617 3452 670 qua

1874 717 1989 772 sola
2019 715 2160 769 Dens
2183 711 2316 764 olim
2352 717 2512 762 notus
2545 718 2669 760 esse
2698 701 3018 770 putabatur,
3050 697 3115 752 ad
3145 695 3446 766 pietatiset

1875 805 2155 877 religionis
2205 802 2452 856 notitiam
2501 801 2900 857 accesserunt,
2943 792 3017 845 ita
3062 799 3122 843 ut
3158 789 3226 842 de
3273 785 3450 856 gratia

1876 900 2072 954 divinae
2110 895 2333 964 iustitia:
2365 891 3011 960 obstupescerent,atque
3030 888 3364 937 maturarent
3397 888 3453 931 «ιι

1871 990 2139 1050 venirent,
2170 981 2545 1056 praedicationi
2575 980 2965 1048 obsequentes,
3005 991 3127 1046 quae
3157 975 3262 1035 ait.
3311 990 3328 1023 α
3353 972 3452 1025 Ao-

1871 1081 2067 1136 cedant
2111 1087 2168 1133 et
2205 1077 2498 1144 loquantur
2548 1071 2777 1126 simul.»
2833 1067 2957 1122 Vult
3001 1068 3146 1124 enim
3175 1075 3454 1120 ntseeun-

1871 1174 1998 1227 dum
2047 1167 2405 1226 humanitatis
2452 1165 2623 1233 leges.
2673 1161 2768 1231 qui
2803 1160 2976 1215 vocati
3031 1166 3180 1218 sunt,
3205 1171 3310 1209 non
3339 1167 3452 1207 sum

1873 1275 2106 1326 tantum,
2154 1264 2250 1316 sed
2285 1258 2517 1328 proximi
2554 1256 2717 1310 etiam
2767 1252 2930 1306 saluti
2966 1249 3281 1306 consulant.
3323 1245 3451 1302 Fuit

1869 1355 1994 1411 olim
2028 1365 2263 1423 tempus,
2299 1365 2409 1419 quo
2431 1349 2585 1402 faber
2634 1345 2900 1399 idolorum
2955 1342 3153 1411 opifex,
3204 1350 3257 1395 et
3316 1353 3452 1396 aera-

1870 1448 1984 1501 rius
2006 1445 2201 1500 malleo
2225 1443 2434 1499 cudens
2461 1441 2590 1493 deos
2619 1451 2771 1502 suos,
2819 1436 2872 1489 in
2924 1451 3022 1490 nos
3050 1432 3403 1505 prmvalerenl
3431 1447 3453 1483 τ

1871 1547 1926 1593 at
1953 1538 2064 1608 jam
2089 1535 2343 1590 novimus
2370 1545 2466 1587 eos
2489 1528 2620 1584 nihil
2651 1543 2793 1595 esse,
2819 1537 2873 1583 et
2896 1536 3177 1596 paternum
3205 1539 3447 1577 errorem

1870 1630 2213 1688 damnamus,
2246 1626 2392 1690 quod
2418 1635 2510 1674 vos
2534 1619 2600 1673 ad
2628 1620 2919 1672 utilitatem
2940 1626 3180 1672 vestram
3202 1615 3452 1666 ediscere

1869 1730 2008 1785 opus
2059 1720 2161 1768 est.
2197 1708 2590 1766 lmbecillitatis
2638 1717 2819 1762 autem
2853 1721 3042 1762 eorum
3094 1703 3183 1772 qui
3229 1717 3256 1755 ο
3289 1702 3451 1755 nobis

1868 1808 1997 1862 olim
2032 1822 2130 1877 pro
2163 1805 2268 1859 diis
2315 1802 2675 1866 habebantur,
2728 1807 3106 1868 argumentum
3151 1803 3254 1858 est,
3304 1793 3452 1862 quod

187 1901 275 1955 λαι
302 1868 673 1972 νομισθέντων
703 1904 834 1972 ἡμῖν
865 1868 1002 1954 θεῶν
1029 1900 1091 1953 τὸ
1230 1868 1450 1953 ἑστάναι
1483 1868 1759 1965 δύνασθαι,

1873 1913 1939 1952 ne
1983 1868 2127 1951 stare
2171 1895 2388 1965 quidem
2435 1891 2666 1962 possint,
2714 1889 2820 1945 nisi
2865 1886 3001 1957 palis
3032 1897 3089 1940 et
3115 1885 3285 1941 clavis
3309 1883 3446 1936 doll-

187 1996 236 2047 εί
271 1995 348 2065 μὴ
382 1994 616 2065 γόμφοις
647 1996 755 2047 τισὶ
790 1995 883 2048 καὶ
916 1995 1063 2064 ἥλοις
1095 1996 1412 2064 ἐμπαρεῖεν.

259 2101 279 2133 ι
328 2084 402 2136 Σὺ
429 2083 507 2147 δὲ,
549 2083 765 2155 Ἰσραὴλ
795 2087 921 2146 παῖς
952 2100 1074 2152 μου,
1119 2083 1334 2146 Ἰακὼϐ,
1370 2084 1464 2136 καὶ
1493 2083 1552 2137 ὃν
1590 2082 1767 2148 ἐξελεο

189 2172 389 2243 ξάμην,
416 2173 637 2244 σπέρμα
677 2172 942 2244 Ἀϐραὰμ,
969 2175 1026 2226 ὅν
1048 2173 1328 2242 ἠγάπησα.
1371 2192 1389 2224 ι
1419 2173 1589 2225 Παῖδα
1620 2171 1768 2243 πρῶ-

185 2279 277 2316 τον
310 2263 586 2332 ὀνομάζει,
628 2263 818 2316 ἔπειτα
846 2264 1121 2327 ἐκλεκτὸν,
1157 2260 1275 2316 εἶτα
1326 2263 1624 2335 ἀγαπητόν.
1663 2263 1767 2316 Τὸν

189 2352 287 2421 μὲν
311 2352 388 2414 ὡς
423 2355 480 2406 ἐν
512 2353 705 2424 ἀρχαῖς
730 2354 856 2407 ὄντα
885 2356 978 2408 καὶ
1013 2355 1162 2426 φόϐῳ
1203 2354 1448 2418 δουλείας
1488 2354 1765 2422 παιδαγω-

186 2445 473 2514 γούμενον,
506 2440 615 2509 οἶος
651 2441 718 2517 ἦν
747 2447 775 2497 6
813 2443 1168 2507 ἁποστολικὺς
1212 2443 1391 2514 χορὸς,
1430 2445 1520 2495 τὸν
1550 2444 1766 2512 πρῶτον

189 2535 301 2604 βίον
339 2535 447 2588 ὑπὸ
470 2535 560 2587 τὸν
589 2534 934 2603 παιδαγωγὸν
966 2535 1123 2604 νόμον
1164 2531 1404 2602 γεγονώς
1424 2551 1437 2563 ·
1465 2533 1557 2585 τὸν
1584 2533 1639 2586 δέ
1671 2534 1768 2586 αὑ-

184 2628 275 2679 τὸν
317 2625 574 2680 ἐκλεκτὸν
614 2625 904 2698 ὀνομάζει,
933 2626 1009 2689 ὼς
1043 2625 1108 2679 ἂν
1139 2626 1490 2696 προκόψαντα
1526 2627 1619 2679 καὶ
1668 2626 1764 2696 τῆς

185 2715 452 2784 σωτηρίου
475 2715 718 2784 κλήσεως
737 2716 827 2768 καὶ
849 2713 1073 2783 ἐκλογῆς
1095 2714 1517 2784 κατηξιωμένον.
1537 2715 1766 2786 Σπέρμα

181 2802 239 2855 δέ
296 2800 549 2874 Ἀϐραὰμ
584 2803 768 2873 ἕτερον
812 2804 997 2873 τάγμα
1030 2803 1296 2872 τυγχάνον
1345 2803 1494 2873 παρὰ
1541 2804 1600 2854 τὸ
1654 2803 1762 2856 τῶν

183 2893 487 2956 ἐκλεκτῶν,
523 2895 705 2946 ὁποῖον
751 2892 816 2946 ἂν
847 2895 934 2963 εἴη
967 2893 1028 2945 τὸ
1081 2891 1279 2962 πλῆθος
1321 2893 1427 2946 τῶν
1472 2894 1759 2956 Ἰουδαίων,

1906 1997 2081 2041 antur.

1906 2005 2081 2041 antur.

1869 2005 1901 2058 g
1938 2076 2103 2132 Vens.
2134 2056 2211 2132 8.7
2255 2075 2379 2128 «Tu
2412 2082 2596 2127 autem
2639 2070 2805 2125 Israel
2856 2084 2989 2140 puer
3032 2077 3206 2131 meus,
3255 2063 3445 2126 Iacob,

1869 2185 2029 2238 quem
2058 2168 2217 2238 elegi,
2257 2181 2442 2221 semen
2480 2165 2787 2229 Abraham,
2815 2177 2974 2232 quem
3027 2159 3214 2215 dilexi.
3248 2177 3266 2210 ι
3304 2156 3444 2211 Pue-

1872 2277 1987 2315 rum
2017 2261 2192 2329 primo
2223 2267 2404 2321 vocat,
2441 2257 2567 2310 hinc
2604 2255 2861 2314 electum.
2918 2263 3102 2319 postea
3156 2249 3445 2304 dilectum.

1871 2351 2103 2406 Puerum
2129 2350 2373 2420 quidem,
2402 2349 2554 2417 quasi
2620 2348 2672 2401 in
2741 2347 2930 2417 primis
2986 2343 3155 2398 initiis
3204 2342 3445 2410 degeret,

1867 2457 1930 2496 ac
1958 2450 2102 2495 metu
2142 2439 2420 2495 servitutis
2474 2440 2884 2504 institueretur;
2914 2436 3091 2506 qualis
3129 2443 3248 2490 erat
3310 2447 3452 2500 apoc-

1867 2532 2094 2586 stolicus
2142 2532 2363 2594 chorus,
2398 2530 2488 2598 qui
2543 2532 2718 2598 primo
2762 2533 2886 2583 vita
2921 2542 3036 2584 sua:
3077 2537 3319 2595 tempore
3344 2523 3447 2579 sub

1869 2625 1988 2693 lege
2020 2624 2174 2696 quasi
2211 2624 2312 2679 sub
2345 2625 2641 2693 padagogo
2670 2623 2813 2677 fuit:
2857 2624 3105 2675 eumdem
3138 2631 3302 2687 porro
3336 2617 3446 2670 ele-

1867 2725 2012 2768 ctum
2048 2725 2345 2781 nuncupat,
2375 2723 2560 2781 utpote
2593 2713 2684 2782 qui
2710 2710 2959 2782 profectu
2988 2718 3179 2762 auctus
3215 2706 3444 2760 salutari

1866 2806 2154 2860 vocatione
2187 2814 2242 2858 et
2271 2804 2537 2858 electione
2580 2805 2838 2873 dignatus
2890 2802 2983 2856 sit.
3016 2798 3213 2855 Semen
3261 2807 3444 2853 autem

1864 2897 2142 2950 Abraham
2194 2895 2336 2948 alius
2369 2907 2420 2948 et
2455 2895 2750 2948 distinctus
2789 2894 2926 2947 ordo
2971 2901 3056 2945 est
3102 2891 3171 2945 ab
3223 2889 3442 2952 electis.

180 2984 318 3054 πρὸς
347 2983 440 3047 οὓς
484 2983 863 3053 διαλεγόμενος
896 2986 924 3036 6
969 2982 1158 3055 Σωτὴρ
1187 2983 1403 3051 ἔλεγενο
1440 3001 1457 3034 ι
1495 2979 1644 3047 Οἶδα,
1680 2985 1759 3036 ὅτι

1864 2987 2040 3056 qualis
2076 2995 2193 3040 erat
2233 2987 2526 3040 multitudo
2577 2985 2912 3047 Jndzeorum,
2959 2997 3099 3052 quos
3154 2981 3442 3050 alloquens

182 3076 407 3146 σπέρμα
444 3075 692 3146 Ἀϐραάμ
736 3078 878 3128 ἐστε.
910 3094 928 3126 ι
961 3075 1176 3145 Ἕτεροι
1203 3074 1259 3128 δὲ
1280 3070 1418 3144 ἦσαν
1442 3068 1586 3127 οὗτοι
1614 3075 1759 3146 παρὰ

1871 3076 2126 3132 Salvator
2179 3074 2430 3140 dicebat,
2477 3092 2497 3127 ι
2553 3074 2682 3129 Scio
2758 3076 2885 3143 quia
2963 3086 3149 3126 semer
3219 3072 3445 3126 Abrahr

177 3166 250 3219 τὰ
284 3167 452 3220 τέκνα
491 3160 584 3219 τοῦ
637 3167 909 3237 Ἀδραὰμ,
960 3167 1087 3236 ’περί⁵
1129 3159 1203 3218 ὦν
1255 3165 1500 3220 ἐδίδασκε
1555 3166 1755 3234 λέγων·

1867 3168 1999 3222 estis
2029 3167 2097 3222 ".
2129 3184 2148 3219 ι
2187 3165 2259 3219 At
2288 3166 2363 3218 illi
2411 3165 2610 3219 diversi
2663 3173 2867 3217 eranta
2896 3163 3025 3218 {iliis
3073 3161 3330 3226 Abrahaa,
3375 3161 3445 3218 de

185 3275 205 3307 ι
248 3255 310 3308 El
337 3255 506 3310 τέκνα
531 3254 625 3309 τοῦ
663 3255 910 3326 Ἀϐραὰμ
941 3252 1060 3327 ἦτε,
1091 3255 1159 3308 τὰ
1188 3255 1325 3326 ἔργα
1368 3257 1461 3309 τοῦ
1505 3256 1757 3326 Ἀϐραὰμ

1865 3259 2061 3326 quibus
2111 3256 2226 3310 haec
2277 3257 2562 3319 edocebat,
2604 3258 2642 3304 ι
2698 3254 2756 3309 Si
2797 3250 3031 3307 Abralm
3079 3250 3174 3305 lilii
3227 3251 3444 3315 essﬂis,

177 3349 432 3401 ἐποιεῖτε,
472 3366 490 3398 ι
544 3346 793 3418 Ἀϐραὰμ
828 3348 926 3417 μὲν
957 3343 1050 3402 οὖν
1083 3349 1368 3420 ἀγαπητὸς
1393 3344 1460 3419 ἦν
1491 3348 1584 3401 τοῦ
1619 3347 1754 3401 Θεοῦ

181 3439 279 3492 καὶ
327 3438 519 3504 φίλος·
555 3436 638 3490 διὸ
683 3437 970 3490 λέλεκταιο
1023 3457 1040 3488 ι
1089 3439 1317 3508 Σπέρμα
1364 3438 1644 3508 Ἀϐρααμ,
1695 3438 1754 3490 ὃν

179 3527 474 3598 ἠγάπησα·
523 3547 540 3579 ι
578 3526 611 3598 ἢ
648 3527 783 3582 κατὰ
822 3528 916 3581 τὸν
975 3528 1291 3598 Σύμμαχον,
1333 3546 1353 3579 ‹
1398 3529 1624 3599 Σπέρμα
1665 3531 1753 3581 Ἀ-

176 3622 367 3694 ϐραὰμ
419 3620 514 3674 τοῦ
561 3621 714 3691 φίλου
781 3638 914 3692 μου·
968 3642 986 3673 ι
1036 3621 1177 3676 κατὰ
1235 3623 1290 3676 δέ
1349 3624 1440 3676 τὸν
1498 3624 1749 3686 Ἀκύλαν,

181 3731 200 3763 ι
237 3713 467 3784 Σπέρμα
504 3713 787 3783 ἀγαπητόν
818 3731 940 3783 μου.
985 3732 1006 3766 ι
1048 3714 1120 3767 Τό
1147 3732 1211 3782 γε
1246 3715 1350 3787 μὴν
1395 3716 1614 3787 σπέρμα
1657 3717 1749 3769 αὑ·

174 3806 268 3859 τοῦ
302 3807 491 3874 οὐκέτι,
521 3805 836 3876 ὴγαπῆσθαι
863 3806 1064 3876 ὁμοίως
1093 3806 1172 3876 τῷ
1212 3807 1463 3878 Ἀϐραὰμ
1497 3808 1747 3876 λέγεται·

175 3895 314 3968 πλὴν
338 3895 476 3949 ἀλλὰ
502 3897 596 3949 καὶ
625 3896 687 3949 τὺ
726 3897 946 3966 σπέρμα
972 3896 1136 3950 αὐτοῦ
1168 3898 1325 3952 καλεῖ
1350 3898 1438 3952 διὰ
1461 3898 1568 3952 τῶν
1595 3901 1749 3954 ἐκλε-

174 3985 319 4041 κτῶν
361 3986 548 4050 αὐτοῦ,
584 3985 754 4040 εἰπὼν
801 3989 1018 4051 αὐτοῖς’
1076 4006 1094 4038 ι
1144 3989 1449 4060 Πορεύεσθε
1495 3991 1631 4062 πρὸς
1683 3992 1750 4046 τὰ

173 4076 422 4148 πρόϐατα
461 4075 772 4130 ἀπολωλότα
815 4075 966 4129 οἴκου
1010 4076 1243 4148 Ἰσραήλ.
1291 4097 1308 4128 ι

251 4187 271 4219 ι
304 4164 379 4222 Οὖ
415 4167 786 4238 ὰντελασόμην
815 4169 910 4221 ἀπ’
938 4170 1121 4241 ἄκρων
1152 4171 1252 4242 τῆς
1278 4171 1401 4242 γῆς,
1432 4173 1526 4226 καὶ
1553 4175 1616 4227 ἐκ
1641 4175 1750 4228 τῶν

175 4258 417 4312 σκοπιῶν
445 4259 615 4329 αὐτῆς
647 4257 884 4315 ἐκάλεσά
915 4277 996 4323 σε,
1035 4263 1130 4315 καὶ
1160 4258 1292 4316 εἶπά
1323 4280 1438 4318 σοι’
1475 4267 1612 4330 Παῖς
1647 4287 1748 4338 μου

171 4346 241 4404 εἴ·
261 4349 595 4422 ἐξελεξάμην
621 4367 702 4414 σε,
723 4353 813 4405 καὶ
833 4352 933 4406 οὐκ
951 4354 1308 4421 ἐγκατέλιπον
1333 4372 1412 4408 σε.
1445 4376 1464 4406 ι
1487 4358 1557 4428 Ση
1568 4359 1748 4428 μαίνει

169 4443 229 4496 δὲ
256 4442 344 4496 διὰ
364 4442 567 4496 τούτων
584 4444 710 4506 τοὺς
736 4444 794 4497 ἐν
815 4447 882 4514 τῇ
900 4443 1167 4516 διασπορᾷ
1186 4444 1278 4499 τοῦ
1312 4446 1576 4500 Ἰουδαίων
1596 4448 1747 4513 λαοῦ,

1862 3362 2029 3416 opera
2059 3346 2293 3401 Abraba:
2321 3345 2576 3400 faceretis
2604 3344 2670 3400 ⁸⁸.
2700 3362 2720 3397 ι
2748 3343 3022 3398 Abraham
3048 3357 3180 3414 ergo
3207 3343 3449 3398 dilectus

1862 3448 1918 3494 et
1957 3438 2165 3493 amicus
2219 3438 2310 3492 Dei
2357 3444 2518 3491 erat:
2566 3451 2736 3506 quare
2795 3436 2999 3489 dictum
3038 3444 3143 3499 est,
3200 3453 3218 3486 ι
3256 3449 3443 3490 semen

1860 3527 2163 3592 Abraham,
2195 3543 2355 3596 quem
2382 3527 2586 3594 dilexi;
2628 3546 2646 3580 ι
2682 3527 2819 3591 sive,
2855 3526 3152 3581 secundum
3191 3527 3439 3596 Symma-

1861 3620 2045 3681 chum,
2078 3637 2100 3670 ι
2127 3635 2312 3674 semen
2361 3620 2638 3679 Abraham
2695 3619 2853 3672 amici
2892 3619 3032 3682 mei;
3070 3638 3088 3670 ι
3135 3620 3438 3673 secundum

1860 3709 2114 3780 Aquilam
2147 3724 2298 3776 vero,
2335 3729 2354 3761 ι
2387 3725 2573 3764 semen
2611 3710 2874 3764 dilectum
2922 3726 3126 3764 meum.
3152 3730 3172 3764 ι
3216 3711 3283 3765 Et
3311 3726 3440 3768 vero

1859 3817 2044 3857 semen
2098 3801 2215 3870 eius
2245 3819 2348 3857 non
2380 3801 2600 3869 perinde
2632 3815 2795 3871 atque
2827 3802 3104 3856 Abraham
3149 3803 3320 3858 amari
3356 3805 3439 3855 di-

1859 3895 2022 3948 citur.
2044 3894 2298 3948 Attamen
2331 3909 2428 3952 per
2465 3893 2673 3946 electos
2699 3908 2828 3947 suos
2866 3908 3050 3948 semen
3085 3894 3206 3962 ejus
3232 3907 3431 3959 vocat;

1859 4002 1983 4040 nam
2018 3987 2095 4039 ait
2127 3985 2254 4052 illis,
2294 4003 2314 4037 ι
2347 3986 2423 4041 lte
2465 3990 2533 4042 ad
2568 4002 2700 4042 oves
2735 4001 2857 4056 qua:
2891 3986 3195 4057 perierunt,
3242 3987 3438 4043 domus

1857 4078 2024 4134 Israel
2052 4079 2119 4135 θ’.
2143 4096 2163 4131 ι

1928 4168 2095 4224 Vens.
2128 4167 2181 4223 9.
2209 4186 2229 4220 ι
2263 4167 2435 4234 Quem
2466 4170 2733 4239 assumpsi
2769 4169 2836 4224 ab
2862 4171 3123 4225 extremis
3165 4181 3346 4239 terrae,
3383 4179 3437 4226 et

1859 4283 1888 4315 ιι
1925 4261 2161 4332 speculis
2188 4262 2306 4330 eius
2344 4263 2532 4318 vocavi
2577 4271 2650 4322 te.
2696 4273 2749 4316 et
2787 4264 2895 4317 dixi
2938 4264 3060 4330 tibi,
3100 4263 3244 4318 Puer
3285 4281 3437 4320 meus

1858 4368 1918 4407 es
1944 4371 1958 4408 :
1989 4354 2126 4422 elegi
2189 4365 2261 4418 te,
2312 4363 2367 4408 et
2422 4369 2526 4407 non
2559 4353 2825 4422 dereliqui
2855 4366 2982 4408 te”
3034 4354 3130 4411 llis
3163 4371 3324 4425 porro
3362 4359 3435 4410 si-

1860 4445 2086 4516 gnificat
2113 4461 2208 4501 eos
2241 4447 2293 4500 in
2326 4447 2666 4516 dispersione
2703 4445 2910 4499 Jndaici
2941 4447 3143 4517 populi,
3167 4464 3302 4516 quos
3325 4450 3434 4516 pri-

169 4532 264 4596 οὓς
283 4531 532 4604 πρώτους
557 4533 816 4605 κατηξίου
833 4535 931 4605 τῆς
961 4535 1126 4613 αὐτοῦ
1146 4536 1410 4606 κλήσεως.
1435 4538 1627 4592 Πολλοὶ
1642 4541 1750 4614 γὰρ

1864 4549 1976 4590 mos
2018 4537 2301 4590 vocatione
2324 4551 2419 4588 sua
2455 4536 2704 4605 dignatus
2731 4544 2836 4588 est.
2865 4537 3194 4602 Apostolicis
3234 4540 3414 4606 quipp

169 4626 314 4680 κατὰ
337 4627 463 4689 τοὺς
486 4626 876 4692 ὰποστολικοὺς
895 4627 1120 4699 χρόνους
1150 4630 1198 4681 οἱ
1230 4629 1337 4682 ἀπὸ
1369 4631 1634 4684 Ἰουδαίων
1661 4635 1751 4686 τὸν

1853 4628 2192 4698 temporibus
2222 4645 2286 4683 ex
2317 4628 2521 4684 Judmis
2552 4630 2702 4684 multi
2753 4631 2977 4684 verbum
3021 4631 3224 4685 Christi
3255 4646 3434 4682 susce-

169 4716 407 4788 Χριστοῦ
458 4718 615 4785 λόγον
661 4718 1158 4789 παραδεδεγμένοι,
1210 4721 1463 4792 οὺνμόνον
1508 4723 1616 4775 ἀπὸ
1653 4726 1749 4795 τῆς

1864 4730 2070 4788 serunt,
2116 4735 2222 4774 non
2276 4721 2437 4775 modo
2485 4737 2550 4775 ex
2600 4723 2665 4775 iis
2697 4724 2789 4791 qui
2828 4719 3069 4775 Iudaeam
3099 4722 3433 4784 incolebant,

181 4802 439 4866 Ἰουδαίας
471 4805 574 4875 γῆς
595 4852 607 4872 ,
635 4806 768 4859 ἀλλὰ
798 4807 892 4860 καὶ
938 4808 996 4861 ἐν
1029 4811 1143 4872 τοῖς
1176 4808 1382 4874 λοιποῖς
1413 4811 1641 4866 ἔθνεσιν.

245 5003 264 5036 ι
310 4985 403 5057 Μὴ
437 4986 637 5055 φοϐοῦ·
690 4988 828 5058 μετὰ
863 4989 957 5043 σοῦ
1000 4991 1109 5062 γάρ
1155 4993 1302 5064 είμι·
1342 4993 1416 5066 μὴ
1459 4995 1664 5051 πλανῶ.
1722 5017 1740 5049 ι

175 5071 558 5144 Ἕπιθαρσύνει
591 5077 690 5146 τὴν
721 5077 948 5148 ἐκλογὴν
987 5081 1211 5152 ταύτην,
1251 5082 1331 5145 εἰς
1363 5084 1422 5135 τὸ
1448 5086 1621 5149 ἀδεῶς
1664 5089 1744 5151 είς

163 5166 347 5220 παντα
384 5167 452 5220 τὰ
485 5167 612 5238 ἔθνη
643 5169 875 5239 κηρύξαι
909 5172 969 5223 τὸ
997 5174 1356 5243 Εὑαγγὲλιοψ
1387 5176 1416 5228 ὃ
1439 5177 1502 5247 δὴ
1529 5179 1620 5231 καὶ
1646 5182 1745 5232 αὐ-

1854 4827 2041 4866 verum
2073 4812 2238 4866 etiam
2272 4828 2337 4866 ex
2371 4814 2458 4880 iis,
2495 4813 2589 4884 qui
2632 4828 2801 4883 penes
2836 4814 3074 4883 reliquas
3103 4825 3292 4885 gentes
3331 4817 3430 4868 ha-

1847 4905 2116 4962 bitabant.

1920 4994 2086 5050 Vsus.
2123 4996 2209 5052 ιο.
2257 5015 2276 5048 ι
2312 4995 2429 5051 Νοιί
2479 4997 2694 5061 timere,
2728 5008 2904 5052 tecum
2937 4998 3081 5052 enim
3116 5012 3235 5051 sum
3291 5016 3305 5052 :
3365 5013 3431 5052 ne

1847 5101 2023 5142 erres.
2052 5106 2071 5141 ι
2110 5087 2206 5142 llis
2241 5090 2307 5142 ab
2337 5103 2396 5142 se
2423 5089 2612 5144 electis
2651 5089 2904 5142 fiduciam
2935 5089 3108 5154 addit,
3145 5099 3202 5142 ut
3252 5089 3430 5142 Evan-

1849 5182 2045 5250 gelium
2083 5182 2136 5236 in
2169 5183 2423 5236 omnibus
2448 5183 2703 5251 gentibus
2750 5183 2869 5238 sine
2916 5183 3204 5237 formidine
3233 5182 3430 5251 praedi-

163 5258 256 5317 τὸς
291 5258 475 5328 ἐδήλου
507 5261 565 5312 ἐν
600 5261 949 5331 Εὑαγγελίοις
975 5266 1003 5316 6
1030 5265 1218 5338 Σωτὴρ
1248 5267 1472 5336 φάσκων
1494 5285 1505 5298 ·
1543 5288 1560 5319 ‹
1610 5269 1740 5324 Ἰδοὺ

1864 5279 2009 5335 :ent;
2041 5271 2183 5338 quod
2221 5270 2395 5338 ipsum
2437 5271 2753 5326 declarabat
2785 5273 2836 5324 in
2865 5271 3178 5343 Evangeliis
3230 5272 3428 5325 Serva-

164 5347 276 5416 ἐγὼ
310 5351 428 5418 μεθ’
455 5353 608 5422 ὑμῶν
631 5356 745 5425 είμι
782 5355 958 5419 πάσας
987 5357 1084 5420 τὰς
1117 5360 1325 5433 ἡμέρας
1358 5361 1461 5424 ἕως
1493 5362 1590 5432 τῆς
1618 5380 1742 5415 συν-

164 5437 374 5501 τελείας
418 5439 510 5492 τοῦ
553 5444 767 5507 αἰῶνος.
832 5445 972 5513 Ἐγὼ
1009 5450 1118 5519 γάρ
1157 5451 1270 5520 εἰμι
1311 5453 1340 5505 6
1377 5453 1508 5516 θεός
1550 5469 1665 5513 σου,
1715 5456 1742 5506 6

163 5529 450 5600 ἐνισχύσας
474 5548 554 5594 σε,
586 5536 679 5588 καὶ
704 5536 977 5610 ἐϐοήθησά
1004 5557 1104 5592 σοι.

1850 5372 1936 5417 tor
1962 5363 2048 5418 bis
2081 5361 2285 5429 verbis,
2327 5382 2346 5414 ι
2383 5365 2521 5419 Ecce
2561 5379 2664 5433 ego
2706 5364 2985 5418 vobiscum
3017 5378 3136 5418 sum
3168 5363 3427 5418 omnibus
3508 5419 3510 5422 ,

1849 5457 2059 5520 diebus,
2097 5472 2271 5524 usque
2307 5457 2375 5511 ad
2404 5456 2929 5515 consummationem
2982 5455 3165 5511 smeuli
3204 5453 3272 5508 ".
3310 5454 3424 5524 Ego

1849 5545 1993 5600 enim
2021 5561 2141 5599 sum
2173 5545 2313 5602 Deus
2348 5558 2492 5614 tuus,
2532 5548 2625 5618 qni
2653 5547 2964 5606 confortavi
2996 5555 3068 5613 te,
3095 5554 3148 5601 et
3188 5545 3425 5602 auxilia.

1849 5646 1937 5691 tus
1966 5651 2084 5691 sum
2119 5637 2236 5692 tibi.
2273 5657 2290 5688 ι

237 5818 282 5852 ⁸*
311 5819 466 5878 δυσιι.
508 5839 624 5888 ΠΗ.
655 5826 744 5884 57.
822 5833 864 5864 ⁸⁸
898 5833 1024 5889 ibid.
1065 5835 1152 5892 59.
1228 5838 1270 5868 '-‘
1298 5834 1482 5891 Matth.
1519 5853 1571 5901 κ,
1607 5836 1659 5893 6.
1737 5839 1754 5870 ⁷

1865 5841 1975 5894 atth
2032 5855 2201 5897 ιιτιι·
2252 5840 2345 5897 20.
