  <div class='ocr_page' id='page_1' title='image "/cluster/home/n/w/nwhite01/storage/ocr_20150623/24/ien.35556001660497/201.png"; bbox 0 0 4058 6448; ppageno 0'>
   <div class='ocr_carea' id='block_1_1' title="bbox 621 423 728 485">
    <p class='ocr_par' dir='ltr' id='par_1_1' title="bbox 621 423 728 485">
     <span class='ocr_line' id='line_1_1' title="bbox 621 423 728 485; baseline -0.019 0"><span class='ocrx_word' id='word_1_1' title='bbox 621 423 728 485; x_wconf 66' lang='grc'><strong>879</strong></span> 
     </span>
    </p>
   </div>
   <div class='ocr_carea' id='block_1_2' title="bbox 699 541 2251 614">
    <p class='ocr_par' dir='ltr' id='par_1_2' title="bbox 699 541 2251 614">
     <span class='ocr_line' id='line_1_2' title="bbox 699 541 2251 614; baseline 0 -16"><span class='ocrx_word' id='word_1_2' title='bbox 699 545 854 601; x_wconf 80' lang='lat' dir='ltr'><strong>Vns.</strong></span> <span class='ocrx_word' id='word_1_3' title='bbox 891 544 976 598; x_wconf 82' lang='grc' dir='ltr'><strong>Η.</strong></span> <span class='ocrx_word' id='word_1_4' title='bbox 1010 561 1028 595; x_wconf 75' lang='lat' dir='ltr'><strong>r</strong></span> <span class='ocrx_word' id='word_1_5' title='bbox 1061 541 1231 598; x_wconf 82' lang='lat' dir='ltr'><strong>Erunt</strong></span> <span class='ocrx_word' id='word_1_6' title='bbox 1253 545 1396 597; x_wconf 87' lang='lat' dir='ltr'><strong>enim</strong></span> <span class='ocrx_word' id='word_1_7' title='bbox 1427 545 1578 612; x_wconf 89' lang='lat' dir='ltr'><strong>quasi</strong></span> <span class='ocrx_word' id='word_1_8' title='bbox 1606 560 1708 596; x_wconf 89' lang='lat' dir='ltr'><strong>non</strong></span> <span class='ocrx_word' id='word_1_9' title='bbox 1764 547 1897 608; x_wconf 87' lang='lat' dir='ltr'><strong>sint,</strong></span> <span class='ocrx_word' id='word_1_10' title='bbox 1947 557 2002 598; x_wconf 87' lang='lat' dir='ltr'><strong>et</strong></span> <span class='ocrx_word' id='word_1_11' title='bbox 2034 546 2171 614; x_wconf 85' lang='lat' dir='ltr'><strong>peri-</strong></span> <span class='ocrx_word' id='word_1_12' title='bbox 2206 553 2251 606; x_wconf 88' lang='grc' dir='ltr'><strong>Α</strong></span> 
     </span>
    </p>
   </div>
   <div class='ocr_carea' id='block_1_3' title="bbox 621 634 2175 711">
    <p class='ocr_par' dir='ltr' id='par_1_3' title="bbox 621 634 2175 711">
     <span class='ocr_line' id='line_1_3' title="bbox 621 634 2175 711; baseline -0.002 -18"><span class='ocrx_word' id='word_1_13' title='bbox 621 638 753 693; x_wconf 85' lang='lat' dir='ltr'><strong>bunt</strong></span> <span class='ocrx_word' id='word_1_14' title='bbox 781 651 970 689; x_wconf 83' lang='lat' dir='ltr'><strong>omnes</strong></span> <span class='ocrx_word' id='word_1_15' title='bbox 995 634 1289 711; x_wconf 57' lang='lat' dir='ltr'><strong>adversarii</strong></span> <span class='ocrx_word' id='word_1_16' title='bbox 1318 634 1413 686; x_wconf 88' lang='lat' dir='ltr'><strong>ttti.</strong></span> <span class='ocrx_word' id='word_1_17' title='bbox 1441 653 1459 685; x_wconf 71' lang='grc' dir='ltr'><strong>ι</strong></span> <span class='ocrx_word' id='word_1_18' title='bbox 1499 635 1660 700; x_wconf 84' lang='lat' dir='ltr'><strong>Cave,</strong></span> <span class='ocrx_word' id='word_1_19' title='bbox 1689 637 1881 703; x_wconf 86' lang='lat' dir='ltr'><strong>inquit,</strong></span> <span class='ocrx_word' id='word_1_20' title='bbox 1925 646 2077 702; x_wconf 82' lang='lat' dir='ltr'><strong>putes</strong></span> <span class='ocrx_word' id='word_1_21' title='bbox 2124 644 2175 690; x_wconf 85' lang='lat' dir='ltr'><strong>te</strong></span> 
     </span>
    </p>
   </div>
   <div class='ocr_carea' id='block_1_4' title="bbox 618 726 2170 795">
    <p class='ocr_par' dir='ltr' id='par_1_4' title="bbox 618 726 2170 795">
     <span class='ocr_line' id='line_1_4' title="bbox 618 726 2170 795; baseline -0.002 -14"><span class='ocrx_word' id='word_1_22' title='bbox 618 735 710 781; x_wconf 88' lang='lat' dir='ltr'><strong>tua</strong></span> <span class='ocrx_word' id='word_1_23' title='bbox 764 728 964 780; x_wconf 90' lang='lat' dir='ltr'><strong>virtute</strong></span> <span class='ocrx_word' id='word_1_24' title='bbox 1008 741 1162 795; x_wconf 88' lang='lat' dir='ltr'><strong>posse</strong></span> <span class='ocrx_word' id='word_1_25' title='bbox 1210 734 1367 778; x_wconf 66' lang='lat' dir='ltr'><strong>tantm</strong></span> <span class='ocrx_word' id='word_1_26' title='bbox 1429 726 1794 793; x_wconf 69' lang='lat' dir='ltr'><strong>prtedieatioui</strong></span> <span class='ocrx_word' id='word_1_27' title='bbox 1847 727 2170 793; x_wconf 78' lang='lat' dir='ltr'><strong>ministrare.</strong></span> 
     </span>
    </p>
   </div>
   <div class='ocr_carea' id='block_1_5' title="bbox 622 816 2171 887">
    <p class='ocr_par' dir='ltr' id='par_1_5' title="bbox 622 816 2171 887">
     <span class='ocr_line' id='line_1_5' title="bbox 622 816 2171 887; baseline 0.001 -19"><span class='ocrx_word' id='word_1_28' title='bbox 622 816 758 870; x_wconf 84' lang='lat' dir='ltr'><strong>N.hil</strong></span> <span class='ocrx_word' id='word_1_29' title='bbox 790 816 986 887; x_wconf 86' lang='lat' dir='ltr'><strong>quippe</strong></span> <span class='ocrx_word' id='word_1_30' title='bbox 1012 832 1153 878; x_wconf 88' lang='lat' dir='ltr'><strong>eras,</strong></span> <span class='ocrx_word' id='word_1_31' title='bbox 1188 832 1283 870; x_wconf 88' lang='lat' dir='ltr'><strong>nec</strong></span> <span class='ocrx_word' id='word_1_32' title='bbox 1337 817 1630 885; x_wconf 75' lang='lat' dir='ltr'><strong>quidquam</strong></span> <span class='ocrx_word' id='word_1_33' title='bbox 1679 830 1839 885; x_wconf 81' lang='lat' dir='ltr'><strong>agere</strong></span> <span class='ocrx_word' id='word_1_34' title='bbox 1889 817 2171 885; x_wconf 76' lang='lat' dir='ltr'><strong>potuisses,</strong></span> 
     </span>
    </p>
   </div>
   <div class='ocr_carea' id='block_1_6' title="bbox 621 907 2173 976">
    <p class='ocr_par' dir='ltr' id='par_1_6' title="bbox 621 907 2173 976">
     <span class='ocr_line' id='line_1_6' title="bbox 621 907 2173 976; baseline 0.003 -20"><span class='ocrx_word' id='word_1_35' title='bbox 621 908 720 959; x_wconf 86' lang='lat' dir='ltr'><strong>nisi</strong></span> <span class='ocrx_word' id='word_1_36' title='bbox 756 923 856 970; x_wconf 66' lang='lat' dir='ltr'><strong>ego</strong></span> <span class='ocrx_word' id='word_1_37' title='bbox 885 919 1056 960; x_wconf 88' lang='lat' dir='ltr'><strong>tecum</strong></span> <span class='ocrx_word' id='word_1_38' title='bbox 1087 907 1354 960; x_wconf 83' lang='lat' dir='ltr'><strong>exsistens</strong></span> <span class='ocrx_word' id='word_1_39' title='bbox 1388 918 1671 976; x_wconf 86' lang='lat' dir='ltr'><strong>tecumque</strong></span> <span class='ocrx_word' id='word_1_40' title='bbox 1705 907 2003 968; x_wconf 85' lang='lat' dir='ltr'><strong>ambulans,</strong></span> <span class='ocrx_word' id='word_1_41' title='bbox 2035 909 2173 976; x_wconf 89' lang='lat' dir='ltr'><strong>apud</strong></span> 
     </span>
    </p>
   </div>
   <div class='ocr_carea' id='block_1_7' title="bbox 617 997 2171 1064">
    <p class='ocr_par' dir='ltr' id='par_1_7' title="bbox 617 997 2171 1064">
     <span class='ocr_line' id='line_1_7' title="bbox 617 997 2171 1064; baseline 0.003 -21"><span class='ocrx_word' id='word_1_42' title='bbox 617 1009 808 1048; x_wconf 84' lang='lat' dir='ltr'><strong>omnes</strong></span> <span class='ocrx_word' id='word_1_43' title='bbox 842 1004 1024 1064; x_wconf 85' lang='lat' dir='ltr'><strong>gentes</strong></span> <span class='ocrx_word' id='word_1_44' title='bbox 1080 1006 1132 1048; x_wconf 82' lang='lat' dir='ltr'><strong>te</strong></span> <span class='ocrx_word' id='word_1_45' title='bbox 1179 997 1637 1058; x_wconf 85' lang='lat' dir='ltr'><strong>corroborassetn.</strong></span> <span class='ocrx_word' id='word_1_46' title='bbox 1691 1007 1848 1064; x_wconf 86' lang='lat' dir='ltr'><strong>teque</strong></span> <span class='ocrx_word' id='word_1_47' title='bbox 1891 998 2171 1064; x_wconf 73' lang='lat' dir='ltr'><strong>patientia,</strong></span> 
     </span>
    </p>
   </div>
   <div class='ocr_carea' id='block_1_8' title="bbox 619 1086 2172 1153">
    <p class='ocr_par' dir='ltr' id='par_1_8' title="bbox 619 1086 2172 1153">
     <span class='ocr_line' id='line_1_8' title="bbox 619 1086 2172 1153; baseline 0.003 -17"><span class='ocrx_word' id='word_1_48' title='bbox 619 1086 1017 1153; x_wconf 83' lang='lat' dir='ltr'><strong>perseverantia</strong></span> <span class='ocrx_word' id='word_1_49' title='bbox 1055 1095 1109 1137; x_wconf 92' lang='lat' dir='ltr'><strong>et</strong></span> <span class='ocrx_word' id='word_1_50' title='bbox 1144 1087 1341 1141; x_wconf 83' lang='lat' dir='ltr'><strong>virtute</strong></span> <span class='ocrx_word' id='word_1_51' title='bbox 1374 1088 1687 1141; x_wconf 85' lang='lat' dir='ltr'><strong>inuuiissem</strong></span> <span class='ocrx_word' id='word_1_52' title='bbox 1716 1103 1730 1150; x_wconf 89' lang='lat'><strong>;</strong></span> <span class='ocrx_word' id='word_1_53' title='bbox 1770 1098 1826 1139; x_wconf 89' lang='lat' dir='ltr'><strong>ut</strong></span> <span class='ocrx_word' id='word_1_54' title='bbox 1857 1088 1948 1139; x_wconf 92' lang='lat' dir='ltr'><strong>tibi</strong></span> <span class='ocrx_word' id='word_1_55' title='bbox 1995 1088 2172 1140; x_wconf 57' lang='lat' dir='ltr'><strong>Evan-</strong></span> 
     </span>
    </p>
   </div>
   <div class='ocr_carea' id='block_1_9' title="bbox 621 1173 2171 1245">
    <p class='ocr_par' dir='ltr' id='par_1_9' title="bbox 621 1173 2171 1245">
     <span class='ocr_line' id='line_1_9' title="bbox 621 1173 2171 1245; baseline 0.006 -19"><span class='ocrx_word' id='word_1_56' title='bbox 621 1173 817 1243; x_wconf 77' lang='lat' dir='ltr'><strong>getiam</strong></span> <span class='ocrx_word' id='word_1_57' title='bbox 844 1175 1095 1229; x_wconf 77' lang='lat' dir='ltr'><strong>omnibus</strong></span> <span class='ocrx_word' id='word_1_58' title='bbox 1127 1178 1437 1244; x_wconf 77' lang='lat' dir='ltr'><strong>prtedicanti</strong></span> <span class='ocrx_word' id='word_1_59' title='bbox 1492 1179 1934 1245; x_wconf 74' lang='lat' dir='ltr'><strong>impedimentum</strong></span> <span class='ocrx_word' id='word_1_60' title='bbox 1969 1181 2171 1235; x_wconf 89' lang='lat' dir='ltr'><strong>nullum</strong></span> 
     </span>
    </p>
   </div>
   <div class='ocr_carea' id='block_1_10' title="bbox 620 1274 948 1341">
    <p class='ocr_par' dir='ltr' id='par_1_10' title="bbox 620 1274 948 1341">
     <span class='ocr_line' id='line_1_10' title="bbox 620 1274 948 1341; baseline -0.006 -21"><span class='ocrx_word' id='word_1_61' title='bbox 620 1274 948 1341; x_wconf 81' lang='lat' dir='ltr'><strong>occurreret.</strong></span> 
     </span>
    </p>
   </div>
   <div class='ocr_carea' id='block_1_11' title="bbox 691 1357 2171 1423">
    <p class='ocr_par' dir='ltr' id='par_1_11' title="bbox 691 1357 2171 1423">
     <span class='ocr_line' id='line_1_11' title="bbox 691 1357 2171 1423; baseline 0.005 -15"><span class='ocrx_word' id='word_1_62' title='bbox 691 1357 849 1412; x_wconf 70' lang='lat' dir='ltr'><strong>Vatis.</strong></span> <span class='ocrx_word' id='word_1_63' title='bbox 899 1358 984 1411; x_wconf 71' lang='lat'><strong>12.</strong></span> <span class='ocrx_word' id='word_1_64' title='bbox 1033 1377 1052 1410; x_wconf 73' lang='grc' dir='ltr'>ς</span> <span class='ocrx_word' id='word_1_65' title='bbox 1081 1357 1298 1423; x_wconf 75' lang='lat' dir='ltr'><strong>Qumres</strong></span> <span class='ocrx_word' id='word_1_66' title='bbox 1345 1375 1461 1421; x_wconf 84' lang='lat' dir='ltr'><strong>eos,</strong></span> <span class='ocrx_word' id='word_1_67' title='bbox 1493 1369 1548 1415; x_wconf 90' lang='lat' dir='ltr'><strong>et</strong></span> <span class='ocrx_word' id='word_1_68' title='bbox 1578 1375 1682 1414; x_wconf 89' lang='lat' dir='ltr'><strong>non</strong></span> <span class='ocrx_word' id='word_1_69' title='bbox 1722 1361 1965 1417; x_wconf 85' lang='lat' dir='ltr'><strong>invenies</strong></span> <span class='ocrx_word' id='word_1_70' title='bbox 1995 1362 2171 1418; x_wconf 83' lang='lat' dir='ltr'><strong>homi-</strong></span> 
     </span>
    </p>
   </div>
   <div class='ocr_carea' id='block_1_12' title="bbox 620 1449 2168 1520">
    <p class='ocr_par' dir='ltr' id='par_1_12' title="bbox 620 1449 2168 1520">
     <span class='ocr_line' id='line_1_12' title="bbox 620 1449 2168 1520; baseline 0.001 -16"><span class='ocrx_word' id='word_1_71' title='bbox 620 1463 736 1511; x_wconf 88' lang='lat' dir='ltr'><strong>nes,</strong></span> <span class='ocrx_word' id='word_1_72' title='bbox 767 1449 856 1519; x_wconf 88' lang='lat' dir='ltr'><strong>qui</strong></span> <span class='ocrx_word' id='word_1_73' title='bbox 885 1451 1287 1504; x_wconf 73' lang='lat' dir='ltr'><strong>debacchentur</strong></span> <span class='ocrx_word' id='word_1_74' title='bbox 1322 1453 1371 1504; x_wconf 92' lang='lat' dir='ltr'><strong>in</strong></span> <span class='ocrx_word' id='word_1_75' title='bbox 1401 1462 1470 1505; x_wconf 87' lang='lat' dir='ltr'><strong>te.</strong></span> <span class='ocrx_word' id='word_1_76' title='bbox 1504 1451 1674 1506; x_wconf 86' lang='lat' dir='ltr'><strong>Erunt</strong></span> <span class='ocrx_word' id='word_1_77' title='bbox 1696 1454 1837 1504; x_wconf 88' lang='lat' dir='ltr'><strong>enim</strong></span> <span class='ocrx_word' id='word_1_78' title='bbox 1884 1453 2034 1520; x_wconf 88' lang='lat' dir='ltr'><strong>quasi</strong></span> <span class='ocrx_word' id='word_1_79' title='bbox 2065 1468 2168 1506; x_wconf 89' lang='lat' dir='ltr'><strong>non</strong></span> 
     </span>
    </p>
   </div>
   <div class='ocr_carea' id='block_1_13' title="bbox 618 1542 2169 1605">
    <p class='ocr_par' dir='ltr' id='par_1_13' title="bbox 618 1542 2169 1605">
     <span class='ocr_line' id='line_1_13' title="bbox 618 1542 2169 1605; baseline -0.001 -9"><span class='ocrx_word' id='word_1_80' title='bbox 618 1544 747 1605; x_wconf 85' lang='lat' dir='ltr'><strong>sint,</strong></span> <span class='ocrx_word' id='word_1_81' title='bbox 781 1552 836 1594; x_wconf 92' lang='lat' dir='ltr'><strong>et</strong></span> <span class='ocrx_word' id='word_1_82' title='bbox 865 1557 970 1595; x_wconf 88' lang='lat' dir='ltr'><strong>non</strong></span> <span class='ocrx_word' id='word_1_83' title='bbox 1013 1551 1167 1595; x_wconf 91' lang='lat' dir='ltr'><strong>erunt</strong></span> <span class='ocrx_word' id='word_1_84' title='bbox 1200 1543 1496 1596; x_wconf 77' lang='lat' dir='ltr'><strong>adversarii</strong></span> <span class='ocrx_word' id='word_1_85' title='bbox 1547 1545 1645 1596; x_wconf 88' lang='lat' dir='ltr'><strong>tui.</strong></span> <span class='ocrx_word' id='word_1_86' title='bbox 1685 1562 1704 1595; x_wconf 71' lang='grc' dir='ltr'><strong>ι</strong></span> <span class='ocrx_word' id='word_1_87' title='bbox 1758 1542 1979 1596; x_wconf 82' lang='lat' dir='ltr'><strong>Etiamsi</strong></span> <span class='ocrx_word' id='word_1_88' title='bbox 2029 1543 2169 1595; x_wconf 88' lang='lat' dir='ltr'><strong>enim</strong></span> 
     </span>
    </p>
   </div>
   <div class='ocr_carea' id='block_1_14' title="bbox 618 1634 2169 1702">
    <p class='ocr_par' dir='ltr' id='par_1_14' title="bbox 618 1634 2169 1702">
     <span class='ocr_line' id='line_1_14' title="bbox 618 1634 2169 1702; baseline 0.001 -16"><span class='ocrx_word' id='word_1_89' title='bbox 618 1649 727 1702; x_wconf 89' lang='lat' dir='ltr'><strong>quo</strong></span> <span class='ocrx_word' id='word_1_90' title='bbox 762 1644 998 1702; x_wconf 86' lang='lat' dir='ltr'><strong>tempore</strong></span> <span class='ocrx_word' id='word_1_91' title='bbox 1031 1643 1080 1687; x_wconf 90' lang='lat' dir='ltr'><strong>te</strong></span> <span class='ocrx_word' id='word_1_92' title='bbox 1120 1634 1505 1701; x_wconf 71' lang='lat' dir='ltr'><strong>impugnabant</strong></span> <span class='ocrx_word' id='word_1_93' title='bbox 1537 1643 1592 1687; x_wconf 89' lang='lat' dir='ltr'><strong>et</strong></span> <span class='ocrx_word' id='word_1_94' title='bbox 1632 1634 1975 1699; x_wconf 82' lang='lat' dir='ltr'><strong>divesabant,</strong></span> <span class='ocrx_word' id='word_1_95' title='bbox 2007 1634 2169 1700; x_wconf 87' lang='lat' dir='ltr'><strong>aliqui</strong></span> 
     </span>
    </p>
   </div>
   <div class='ocr_carea' id='block_1_15' title="bbox 616 1723 2170 1792">
    <p class='ocr_par' dir='ltr' id='par_1_15' title="bbox 616 1723 2170 1792">
     <span class='ocr_line' id='line_1_15' title="bbox 616 1723 2170 1792; baseline 0.001 -16"><span class='ocrx_word' id='word_1_96' title='bbox 616 1725 685 1777; x_wconf 78' lang='lat' dir='ltr'><strong>ad</strong></span> <span class='ocrx_word' id='word_1_97' title='bbox 714 1723 879 1777; x_wconf 85' lang='lat' dir='ltr'><strong>breve</strong></span> <span class='ocrx_word' id='word_1_98' title='bbox 931 1724 1186 1791; x_wconf 80' lang='lat' dir='ltr'><strong>temporis</strong></span> <span class='ocrx_word' id='word_1_99' title='bbox 1226 1726 1459 1791; x_wconf 88' lang='lat' dir='ltr'><strong>spatium</strong></span> <span class='ocrx_word' id='word_1_100' title='bbox 1499 1725 1813 1779; x_wconf 80' lang='lat' dir='ltr'><strong>viderentur</strong></span> <span class='ocrx_word' id='word_1_101' title='bbox 1843 1741 2005 1792; x_wconf 76' lang='lat' dir='ltr'><strong>esse;</strong></span> <span class='ocrx_word' id='word_1_102' title='bbox 2033 1735 2086 1778; x_wconf 91' lang='lat' dir='ltr'><strong>at</strong></span> <span class='ocrx_word' id='word_1_103' title='bbox 2115 1735 2170 1778; x_wconf 92' lang='lat' dir='ltr'><strong>tu</strong></span> 
     </span>
    </p>
   </div>
   <div class='ocr_carea' id='block_1_16' title="bbox 617 1814 2168 1883">
    <p class='ocr_par' dir='ltr' id='par_1_16' title="bbox 617 1814 2168 1883">
     <span class='ocr_line' id='line_1_16' title="bbox 617 1814 2168 1883; baseline -0.001 -15"><span class='ocrx_word' id='word_1_104' title='bbox 617 1816 829 1882; x_wconf 85' lang='lat' dir='ltr'><strong>quidem</strong></span> <span class='ocrx_word' id='word_1_105' title='bbox 870 1814 1132 1868; x_wconf 80' lang='lat' dir='ltr'><strong>subsistes</strong></span> <span class='ocrx_word' id='word_1_106' title='bbox 1163 1830 1225 1868; x_wconf 86' lang='lat' dir='ltr'><strong>ac</strong></span> <span class='ocrx_word' id='word_1_107' title='bbox 1251 1816 1616 1883; x_wconf 86' lang='lat' dir='ltr'><strong>permanebis,</strong></span> <span class='ocrx_word' id='word_1_108' title='bbox 1654 1831 1950 1883; x_wconf 88' lang='lat' dir='ltr'><strong>eorumque</strong></span> <span class='ocrx_word' id='word_1_109' title='bbox 1986 1815 2168 1883; x_wconf 86' lang='lat' dir='ltr'><strong>perni-</strong></span> 
     </span>
    </p>
   </div>
   <div class='ocr_carea' id='block_1_17' title="bbox 1280 423 3150 504">
    <p class='ocr_par' dir='ltr' id='par_1_17' title="bbox 1280 423 3150 504">
     <span class='ocr_line' id='line_1_17' title="bbox 1280 423 3150 504; baseline 0.003 -25"><span class='ocrx_word' id='word_1_110' title='bbox 1280 423 1549 482; x_wconf 78' lang='lat' dir='ltr'><strong>EUSEBII</strong></span> <span class='ocrx_word' id='word_1_111' title='bbox 1587 423 2064 483; x_wconf 65' lang='lat' dir='ltr'><strong>CESARIENSIS</strong></span> <span class='ocrx_word' id='word_1_112' title='bbox 2101 426 2249 482; x_wconf 83' lang='lat' dir='ltr'><strong>OPP.</strong></span> <span class='ocrx_word' id='word_1_113' title='bbox 2291 427 2471 482; x_wconf 77' lang='lat' dir='ltr'><strong>PARS</strong></span> <span class='ocrx_word' id='word_1_114' title='bbox 2507 425 2597 482; x_wconf 84' lang='lat' dir='ltr'><strong>Ill.</strong></span> <span class='ocrx_word' id='word_1_115' title='bbox 2637 457 2706 504; x_wconf 64' lang='grc' dir='ltr'><strong>-τ</strong></span> <span class='ocrx_word' id='word_1_116' title='bbox 2744 425 3150 484; x_wconf 73' lang='lat' dir='ltr'><strong>EXEGETICA.</strong></span> 
     </span>
    </p>
   </div>
   <div class='ocr_carea' id='block_1_18' title="bbox 2353 541 3849 614">
    <p class='ocr_par' dir='ltr' id='par_1_18' title="bbox 2353 541 3849 614">
     <span class='ocr_line' id='line_1_18' title="bbox 2353 541 3849 614; baseline 0.003 -19"><span class='ocrx_word' id='word_1_117' title='bbox 2353 564 2372 595; x_wconf 83' lang='grc'>‹</span> <span class='ocrx_word' id='word_1_118' title='bbox 2408 546 2658 598; x_wconf 81' lang='grc' dir='ltr'><strong>Ἔσονται</strong></span> <span class='ocrx_word' id='word_1_119' title='bbox 2683 546 2792 614; x_wconf 80' lang='grc' dir='ltr'><strong>γὰρ</strong></span> <span class='ocrx_word' id='word_1_120' title='bbox 2819 546 2892 608; x_wconf 79' lang='grc' dir='ltr'>ὡς</span> <span class='ocrx_word' id='word_1_121' title='bbox 2917 545 3016 597; x_wconf 74' lang='grc' dir='ltr'>οὐκ</span> <span class='ocrx_word' id='word_1_122' title='bbox 3043 544 3215 609; x_wconf 73' lang='grc' dir='ltr'>ὄντες,</span> <span class='ocrx_word' id='word_1_123' title='bbox 3247 545 3339 598; x_wconf 77' lang='grc' dir='ltr'>καὶ</span> <span class='ocrx_word' id='word_1_124' title='bbox 3365 541 3688 598; x_wconf 71' lang='grc' dir='ltr'>ἀπολοῦνται</span> <span class='ocrx_word' id='word_1_125' title='bbox 3715 547 3849 600; x_wconf 75' lang='grc' dir='ltr'>πάν-</span> 
     </span>
    </p>
   </div>
   <div class='ocr_carea' id='block_1_19' title="bbox 2272 636 3848 711">
    <p class='ocr_par' dir='ltr' id='par_1_19' title="bbox 2272 636 3848 711">
     <span class='ocr_line' id='line_1_19' title="bbox 2272 636 3848 711; baseline 0.003 -24"><span class='ocrx_word' id='word_1_126' title='bbox 2272 653 2363 698; x_wconf 72' lang='grc' dir='ltr'><strong>τες</strong></span> <span class='ocrx_word' id='word_1_127' title='bbox 2396 637 2443 688; x_wconf 81' lang='grc' dir='ltr'><strong>οί</strong></span> <span class='ocrx_word' id='word_1_128' title='bbox 2475 636 2732 690; x_wconf 80' lang='grc' dir='ltr'>ἀντίδικοί</span> <span class='ocrx_word' id='word_1_129' title='bbox 2758 653 2870 690; x_wconf 85' lang='grc' dir='ltr'>σου.</span> <span class='ocrx_word' id='word_1_130' title='bbox 2914 655 2932 686; x_wconf 75' lang='grc' dir='ltr'><strong>ι</strong></span> <span class='ocrx_word' id='word_1_131' title='bbox 2969 637 3108 706; x_wconf 88' lang='grc' dir='ltr'>Ὅρα</span> <span class='ocrx_word' id='word_1_132' title='bbox 3131 637 3257 708; x_wconf 78' lang='grc' dir='ltr'>γὰρ,</span> <span class='ocrx_word' id='word_1_133' title='bbox 3291 637 3441 706; x_wconf 77' lang='grc' dir='ltr'>φησὶ,</span> <span class='ocrx_word' id='word_1_134' title='bbox 3473 638 3684 706; x_wconf 74' lang='grc' dir='ltr'>μήποτε</span> <span class='ocrx_word' id='word_1_135' title='bbox 3719 656 3812 711; x_wconf 64' lang='lat' dir='ltr'><strong>vos;</strong></span> <span class='ocrx_word' id='word_1_136' title='bbox 3833 670 3848 685; x_wconf 75' lang='grc' dir='ltr'>ι</span> 
     </span>
    </p>
   </div>
   <div class='ocr_carea' id='block_1_20' title="bbox 2274 721 3847 795">
    <p class='ocr_par' dir='ltr' id='par_1_20' title="bbox 2274 721 3847 795">
     <span class='ocr_line' id='line_1_20' title="bbox 2274 721 3847 795; baseline 0.003 -21"><span class='ocrx_word' id='word_1_137' title='bbox 2274 722 2390 793; x_wconf 76' lang='grc' dir='ltr'>θῇς,</span> <span class='ocrx_word' id='word_1_138' title='bbox 2438 725 2513 786; x_wconf 79' lang='grc' dir='ltr'>ὡς</span> <span class='ocrx_word' id='word_1_139' title='bbox 2546 727 2611 794; x_wconf 85' lang='grc' dir='ltr'>τῇ</span> <span class='ocrx_word' id='word_1_140' title='bbox 2661 725 2822 777; x_wconf 75' lang='grc' dir='ltr'>αὐτοῦ</span> <span class='ocrx_word' id='word_1_141' title='bbox 2880 721 3020 792; x_wconf 71' lang='grc' dir='ltr'><strong>ἰσχύϊ</strong></span> <span class='ocrx_word' id='word_1_142' title='bbox 3063 722 3346 794; x_wconf 71' lang='grc' dir='ltr'><strong>δεδύνησαι</strong></span> <span class='ocrx_word' id='word_1_143' title='bbox 3388 724 3627 793; x_wconf 76' lang='grc' dir='ltr'>τοσούτῳ</span> <span class='ocrx_word' id='word_1_144' title='bbox 3669 726 3847 795; x_wconf 86' lang='grc' dir='ltr'>κηρύ-</span> 
     </span>
    </p>
   </div>
   <div class='ocr_carea' id='block_1_21' title="bbox 2272 810 3846 886">
    <p class='ocr_par' dir='ltr' id='par_1_21' title="bbox 2272 810 3846 886">
     <span class='ocr_line' id='line_1_21' title="bbox 2272 810 3846 886; baseline 0.003 -19"><span class='ocrx_word' id='word_1_145' title='bbox 2272 831 2442 884; x_wconf 87' lang='grc' dir='ltr'>γματι</span> <span class='ocrx_word' id='word_1_146' title='bbox 2475 815 2910 886; x_wconf 77' lang='grc' dir='ltr'>διακονήσασθαι.</span> <span class='ocrx_word' id='word_1_147' title='bbox 2948 817 3134 879; x_wconf 77' lang='grc' dir='ltr'>Οὐδεὶς</span> <span class='ocrx_word' id='word_1_148' title='bbox 3163 815 3270 885; x_wconf 78' lang='grc' dir='ltr'>γὰρ</span> <span class='ocrx_word' id='word_1_149' title='bbox 3312 816 3377 868; x_wconf 79' lang='grc' dir='ltr'>ἂν</span> <span class='ocrx_word' id='word_1_150' title='bbox 3416 810 3591 885; x_wconf 75' lang='grc' dir='ltr'>ἦσθα,</span> <span class='ocrx_word' id='word_1_151' title='bbox 3634 815 3743 868; x_wconf 70' lang='grc' dir='ltr'>οὐδ’</span> <span class='ocrx_word' id='word_1_152' title='bbox 3778 817 3846 872; x_wconf 72' lang='grc' dir='ltr'>ἂν</span> 
     </span>
    </p>
   </div>
   <div class='ocr_carea' id='block_1_22' title="bbox 2271 906 3846 978">
    <p class='ocr_par' dir='ltr' id='par_1_22' title="bbox 2271 906 3846 978">
     <span class='ocr_line' id='line_1_22' title="bbox 2271 906 3846 978; baseline 0.003 -21"><span class='ocrx_word' id='word_1_153' title='bbox 2271 906 2541 976; x_wconf 72' lang='grc' dir='ltr'>ὴδυνήθης</span> <span class='ocrx_word' id='word_1_154' title='bbox 2565 923 2636 967; x_wconf 86' lang='grc' dir='ltr'><strong>τι,</strong></span> <span class='ocrx_word' id='word_1_155' title='bbox 2666 911 2712 960; x_wconf 84' lang='grc' dir='ltr'><strong>εί</strong></span> <span class='ocrx_word' id='word_1_156' title='bbox 2748 908 2821 978; x_wconf 81' lang='grc' dir='ltr'>μὴ</span> <span class='ocrx_word' id='word_1_157' title='bbox 2851 907 2960 974; x_wconf 81' lang='grc' dir='ltr'>ἐγὼ</span> <span class='ocrx_word' id='word_1_158' title='bbox 2990 907 3126 977; x_wconf 76' lang='grc' dir='ltr'>μετὰ</span> <span class='ocrx_word' id='word_1_159' title='bbox 3151 907 3242 959; x_wconf 88' lang='grc' dir='ltr'><strong>σοῦ</strong></span> <span class='ocrx_word' id='word_1_160' title='bbox 3271 907 3366 970; x_wconf 83' lang='grc' dir='ltr'><strong>ῶν,</strong></span> <span class='ocrx_word' id='word_1_161' title='bbox 3392 907 3488 960; x_wconf 75' lang='grc' dir='ltr'>καὶ·</span> <span class='ocrx_word' id='word_1_162' title='bbox 3513 909 3608 960; x_wconf 82' lang='grc' dir='ltr'>σὺν</span> <span class='ocrx_word' id='word_1_163' title='bbox 3636 907 3720 961; x_wconf 81' lang='grc' dir='ltr'>σοὶ</span> <span class='ocrx_word' id='word_1_164' title='bbox 3745 924 3846 962; x_wconf 76' lang='grc' dir='ltr'>πο-</span> 
     </span>
    </p>
   </div>
   <div class='ocr_carea' id='block_1_23' title="bbox 2276 996 3852 1074">
    <p class='ocr_par' dir='ltr' id='par_1_23' title="bbox 2276 996 3852 1074">
     <span class='ocr_line' id='line_1_23' title="bbox 2276 996 3852 1074; baseline 0.003 -28"><span class='ocrx_word' id='word_1_165' title='bbox 2276 996 2580 1065; x_wconf 81' lang='grc' dir='ltr'>ρευόμενος,</span> <span class='ocrx_word' id='word_1_166' title='bbox 2609 999 2687 1060; x_wconf 71' lang='grc' dir='ltr'><strong>εἰς</strong></span> <span class='ocrx_word' id='word_1_167' title='bbox 2716 998 2892 1050; x_wconf 78' lang='grc' dir='ltr'>πάντα</span> <span class='ocrx_word' id='word_1_168' title='bbox 2921 997 2987 1074; x_wconf 78' lang='grc' dir='ltr'>τὰ</span> <span class='ocrx_word' id='word_1_169' title='bbox 3013 997 3139 1067; x_wconf 72' lang='grc' dir='ltr'>ἔθνη</span> <span class='ocrx_word' id='word_1_170' title='bbox 3167 998 3424 1067; x_wconf 79' lang='grc' dir='ltr'>ἐνίσχυσά</span> <span class='ocrx_word' id='word_1_171' title='bbox 3450 1014 3529 1060; x_wconf 87' lang='grc' dir='ltr'><strong>σε,</strong></span> <span class='ocrx_word' id='word_1_172' title='bbox 3565 997 3852 1068; x_wconf 71' lang='grc' dir='ltr'>ὑπομονὴν</span> 
     </span>
    </p>
   </div>
   <div class='ocr_carea' id='block_1_24' title="bbox 2273 1087 3844 1159">
    <p class='ocr_par' dir='ltr' id='par_1_24' title="bbox 2273 1087 3844 1159">
     <span class='ocr_line' id='line_1_24' title="bbox 2273 1087 3844 1159; baseline 0.003 -21"><span class='ocrx_word' id='word_1_173' title='bbox 2273 1087 2366 1138; x_wconf 79' lang='grc' dir='ltr'>καὶ</span> <span class='ocrx_word' id='word_1_174' title='bbox 2413 1087 2701 1157; x_wconf 74' lang='grc' dir='ltr'><strong>καρτερίαν</strong></span> <span class='ocrx_word' id='word_1_175' title='bbox 2751 1088 2844 1141; x_wconf 79' lang='grc' dir='ltr'>καὶ</span> <span class='ocrx_word' id='word_1_176' title='bbox 2904 1087 3130 1158; x_wconf 77' lang='grc' dir='ltr'>δύναμίν</span> <span class='ocrx_word' id='word_1_177' title='bbox 3179 1105 3261 1140; x_wconf 89' lang='grc' dir='ltr'><strong>σοι</strong></span> <span class='ocrx_word' id='word_1_178' title='bbox 3303 1088 3714 1159; x_wconf 81' lang='grc' dir='ltr'>δωρησάμενος’</span> <span class='ocrx_word' id='word_1_179' title='bbox 3765 1087 3844 1150; x_wconf 66' lang='grc' dir='ltr'>ὡς</span> 
     </span>
    </p>
   </div>
   <div class='ocr_carea' id='block_1_25' title="bbox 2275 1176 3846 1247">
    <p class='ocr_par' dir='ltr' id='par_1_25' title="bbox 2275 1176 3846 1247">
     <span class='ocr_line' id='line_1_25' title="bbox 2275 1176 3846 1247; baseline 0.001 -19"><span class='ocrx_word' id='word_1_180' title='bbox 2275 1177 2440 1246; x_wconf 81' lang='grc' dir='ltr'>μηδὲν</span> <span class='ocrx_word' id='word_1_181' title='bbox 2468 1177 2714 1246; x_wconf 84' lang='grc' dir='ltr'>ἐμποδών</span> <span class='ocrx_word' id='word_1_182' title='bbox 2749 1195 2829 1230; x_wconf 90' lang='grc' dir='ltr'><strong>σοι</strong></span> <span class='ocrx_word' id='word_1_183' title='bbox 2866 1178 3112 1245; x_wconf 86' lang='grc' dir='ltr'>γενέσθαι</span> <span class='ocrx_word' id='word_1_184' title='bbox 3147 1177 3374 1246; x_wconf 78' lang='grc' dir='ltr'><strong>κώλυμα</strong></span> <span class='ocrx_word' id='word_1_185' title='bbox 3417 1177 3735 1247; x_wconf 76' lang='grc' dir='ltr'>κηρύττοντι</span> <span class='ocrx_word' id='word_1_186' title='bbox 3779 1176 3846 1230; x_wconf 69' lang='grc' dir='ltr'>τι</span> 
     </span>
    </p>
   </div>
   <div class='ocr_carea' id='block_1_26' title="bbox 2272 1267 2963 1334">
    <p class='ocr_par' dir='ltr' id='par_1_26' title="bbox 2272 1267 2963 1334">
     <span class='ocr_line' id='line_1_26' title="bbox 2272 1267 2963 1334; baseline 0.001 -15"><span class='ocrx_word' id='word_1_187' title='bbox 2272 1267 2598 1334; x_wconf 80' lang='grc' dir='ltr'>Εὑαγγέλιον</span> <span class='ocrx_word' id='word_1_188' title='bbox 2627 1271 2704 1332; x_wconf 87' lang='grc' dir='ltr'><strong>είς</strong></span> <span class='ocrx_word' id='word_1_189' title='bbox 2738 1271 2963 1332; x_wconf 75' lang='grc' dir='ltr'>πάντας.</span> 
     </span>
    </p>
   </div>
   <div class='ocr_carea' id='block_1_27' title="bbox 2349 1356 3847 1430">
    <p class='ocr_par' dir='ltr' id='par_1_27' title="bbox 2349 1356 3847 1430">
     <span class='ocr_line' id='line_1_27' title="bbox 2349 1356 3847 1430; baseline 0.001 -22"><span class='ocrx_word' id='word_1_190' title='bbox 2349 1377 2366 1408; x_wconf 78' lang='lat' dir='ltr'><strong>r</strong></span> <span class='ocrx_word' id='word_1_191' title='bbox 2409 1360 2668 1429; x_wconf 85' lang='grc' dir='ltr'>Ζητήσεις</span> <span class='ocrx_word' id='word_1_192' title='bbox 2695 1360 2918 1422; x_wconf 69' lang='grc' dir='ltr'>αὐτοὺς,</span> <span class='ocrx_word' id='word_1_193' title='bbox 2949 1361 3040 1412; x_wconf 69' lang='grc' dir='ltr'><strong>καὶ</strong></span> <span class='ocrx_word' id='word_1_194' title='bbox 3070 1359 3144 1410; x_wconf 58' lang='grc' dir='ltr'>οὗ</span> <span class='ocrx_word' id='word_1_195' title='bbox 3177 1357 3249 1428; x_wconf 81' lang='grc' dir='ltr'>μὴ</span> <span class='ocrx_word' id='word_1_196' title='bbox 3283 1358 3448 1428; x_wconf 75' lang='grc' dir='ltr'>εὕρῃς</span> <span class='ocrx_word' id='word_1_197' title='bbox 3481 1358 3609 1419; x_wconf 68' lang='grc' dir='ltr'>τοὺς</span> <span class='ocrx_word' id='word_1_198' title='bbox 3631 1356 3847 1430; x_wconf 80' lang='grc' dir='ltr'>ἀνθρὼ-</span> 
     </span>
    </p>
   </div>
   <div class='ocr_carea' id='block_1_28' title="bbox 2271 1447 3842 1518">
    <p class='ocr_par' dir='ltr' id='par_1_28' title="bbox 2271 1447 3842 1518">
     <span class='ocr_line' id='line_1_28' title="bbox 2271 1447 3842 1518; baseline 0.002 -21"><span class='ocrx_word' id='word_1_199' title='bbox 2271 1463 2407 1510; x_wconf 81' lang='grc' dir='ltr'>πους</span> <span class='ocrx_word' id='word_1_200' title='bbox 2437 1447 2484 1499; x_wconf 77' lang='grc' dir='ltr'>οἳ</span> <span class='ocrx_word' id='word_1_201' title='bbox 2519 1450 2932 1518; x_wconf 76' lang='grc' dir='ltr'>παροινήσουσιν</span> <span class='ocrx_word' id='word_1_202' title='bbox 2967 1451 3046 1511; x_wconf 84' lang='grc' dir='ltr'><strong>είς</strong></span> <span class='ocrx_word' id='word_1_203' title='bbox 3085 1447 3162 1499; x_wconf 87' lang='grc' dir='ltr'>σέ.</span> <span class='ocrx_word' id='word_1_204' title='bbox 3203 1447 3452 1499; x_wconf 76' lang='grc' dir='ltr'><strong>Ἔσονται</strong></span> <span class='ocrx_word' id='word_1_205' title='bbox 3489 1447 3598 1516; x_wconf 81' lang='grc' dir='ltr'>γὰρ</span> <span class='ocrx_word' id='word_1_206' title='bbox 3635 1447 3709 1511; x_wconf 84' lang='grc' dir='ltr'>ὡς</span> <span class='ocrx_word' id='word_1_207' title='bbox 3742 1448 3842 1500; x_wconf 78' lang='grc' dir='ltr'>οὐκ</span> 
     </span>
    </p>
   </div>
   <div class='ocr_carea' id='block_1_29' title="bbox 2270 1537 3842 1606">
    <p class='ocr_par' dir='ltr' id='par_1_29' title="bbox 2270 1537 3842 1606">
     <span class='ocr_line' id='line_1_29' title="bbox 2270 1537 3842 1606; baseline 0.001 -16"><span class='ocrx_word' id='word_1_208' title='bbox 2270 1538 2445 1602; x_wconf 70' lang='grc' dir='ltr'>ὄντες,</span> <span class='ocrx_word' id='word_1_209' title='bbox 2481 1539 2573 1590; x_wconf 71' lang='grc' dir='ltr'><strong>καὶ</strong></span> <span class='ocrx_word' id='word_1_210' title='bbox 2607 1539 2704 1591; x_wconf 78' lang='grc' dir='ltr'>οὐκ</span> <span class='ocrx_word' id='word_1_211' title='bbox 2741 1539 2952 1591; x_wconf 72' lang='grc' dir='ltr'>ἔσονται</span> <span class='ocrx_word' id='word_1_212' title='bbox 2981 1541 3028 1591; x_wconf 76' lang='grc' dir='ltr'>οξ</span> <span class='ocrx_word' id='word_1_213' title='bbox 3063 1537 3542 1606; x_wconf 80' lang='grc' dir='ltr'>ἀντιπολεμοῦντές</span> <span class='ocrx_word' id='word_1_214' title='bbox 3590 1553 3670 1590; x_wconf 79' lang='grc' dir='ltr'>σε.</span> <span class='ocrx_word' id='word_1_215' title='bbox 3725 1557 3743 1587; x_wconf 74' lang='grc' dir='ltr'><strong>ι</strong></span> <span class='ocrx_word' id='word_1_216' title='bbox 3776 1538 3842 1591; x_wconf 78' lang='grc' dir='ltr'><strong>ει</strong></span> 
     </span>
    </p>
   </div>
   <div class='ocr_carea' id='block_1_30' title="bbox 2270 1620 3843 1698">
    <p class='ocr_par' dir='ltr' id='par_1_30' title="bbox 2270 1620 3843 1698">
     <span class='ocr_line' id='line_1_30' title="bbox 2270 1620 3843 1698; baseline -0.001 -20"><span class='ocrx_word' id='word_1_217' title='bbox 2270 1627 2378 1696; x_wconf 80' lang='grc' dir='ltr'><strong>γὰρ</strong></span> <span class='ocrx_word' id='word_1_218' title='bbox 2416 1627 2508 1678; x_wconf 76' lang='grc' dir='ltr'>καὶ</span> <span class='ocrx_word' id='word_1_219' title='bbox 2536 1626 2668 1698; x_wconf 65' lang='grc' dir='ltr'>πρὸς</span> <span class='ocrx_word' id='word_1_220' title='bbox 2696 1626 2872 1693; x_wconf 81' lang='grc' dir='ltr'><strong>ὀλίγον</strong></span> <span class='ocrx_word' id='word_1_221' title='bbox 2902 1627 3086 1690; x_wconf 72' lang='grc' dir='ltr'>ἔδοξαν</span> <span class='ocrx_word' id='word_1_222' title='bbox 3117 1620 3255 1678; x_wconf 75' lang='grc' dir='ltr'>εἷναί</span> <span class='ocrx_word' id='word_1_223' title='bbox 3289 1641 3451 1687; x_wconf 87' lang='grc' dir='ltr'>τινες,</span> <span class='ocrx_word' id='word_1_224' title='bbox 3487 1623 3608 1678; x_wconf 76' lang='grc' dir='ltr'>καθ’</span> <span class='ocrx_word' id='word_1_225' title='bbox 3645 1623 3702 1676; x_wconf 75' lang='grc' dir='ltr'><strong>δν</strong></span> <span class='ocrx_word' id='word_1_226' title='bbox 3729 1641 3843 1678; x_wconf 81' lang='grc' dir='ltr'>και-</span> 
     </span>
    </p>
   </div>
   <div class='ocr_carea' id='block_1_31' title="bbox 2272 1715 3844 1788">
    <p class='ocr_par' dir='ltr' id='par_1_31' title="bbox 2272 1715 3844 1788">
     <span class='ocr_line' id='line_1_31' title="bbox 2272 1715 3844 1788; baseline -0.001 -19"><span class='ocrx_word' id='word_1_227' title='bbox 2272 1718 2362 1788; x_wconf 73' lang='grc' dir='ltr'>ρὸν</span> <span class='ocrx_word' id='word_1_228' title='bbox 2388 1718 2680 1788; x_wconf 75' lang='grc' dir='ltr'><strong>ἐπολέμουν</strong></span> <span class='ocrx_word' id='word_1_229' title='bbox 2711 1721 2803 1772; x_wconf 72' lang='grc' dir='ltr'>καὶ</span> <span class='ocrx_word' id='word_1_230' title='bbox 2832 1718 3051 1771; x_wconf 78' lang='grc' dir='ltr'>ἐδίωκόν</span> <span class='ocrx_word' id='word_1_231' title='bbox 3095 1735 3152 1772; x_wconf 79' lang='grc' dir='ltr'><strong>σε</strong></span> <span class='ocrx_word' id='word_1_232' title='bbox 3171 1735 3184 1747; x_wconf 79' lang='grc'><strong>’</strong></span> <span class='ocrx_word' id='word_1_233' title='bbox 3216 1716 3351 1770; x_wconf 80' lang='grc' dir='ltr'>ἀλλὰ</span> <span class='ocrx_word' id='word_1_234' title='bbox 3381 1717 3444 1768; x_wconf 72' lang='grc' dir='ltr'>σὺ</span> <span class='ocrx_word' id='word_1_235' title='bbox 3480 1716 3579 1787; x_wconf 75' lang='grc' dir='ltr'>μὲν</span> <span class='ocrx_word' id='word_1_236' title='bbox 3616 1715 3712 1786; x_wconf 73' lang='grc' dir='ltr'>ἔσῃ</span> <span class='ocrx_word' id='word_1_237' title='bbox 3749 1715 3844 1768; x_wconf 78' lang='grc' dir='ltr'>καὶ</span> 
     </span>
    </p>
   </div>
   <div class='ocr_carea' id='block_1_32' title="bbox 2269 1807 3855 1879">
    <p class='ocr_par' dir='ltr' id='par_1_32' title="bbox 2269 1807 3855 1879">
     <span class='ocr_line' id='line_1_32' title="bbox 2269 1807 3855 1879; baseline -0.001 -17"><span class='ocrx_word' id='word_1_238' title='bbox 2269 1810 2559 1878; x_wconf 84' lang='grc' dir='ltr'>διαμενεῑς,</span> <span class='ocrx_word' id='word_1_239' title='bbox 2593 1809 2684 1863; x_wconf 78' lang='grc' dir='ltr'>καὶ</span> <span class='ocrx_word' id='word_1_240' title='bbox 2723 1809 2841 1877; x_wconf 73' lang='grc' dir='ltr'>δψει</span> <span class='ocrx_word' id='word_1_241' title='bbox 2874 1808 3050 1862; x_wconf 73' lang='grc' dir='ltr'>αὐτῶν</span> <span class='ocrx_word' id='word_1_242' title='bbox 3085 1809 3182 1879; x_wconf 76' lang='grc' dir='ltr'>τὴν</span> <span class='ocrx_word' id='word_1_243' title='bbox 3228 1807 3531 1861; x_wconf 59' lang='grc' dir='ltr'>ἀπώλειαν</span> <span class='ocrx_word' id='word_1_244' title='bbox 3564 1809 3614 1860; x_wconf 90' lang='grc' dir='ltr'>οἱ</span> <span class='ocrx_word' id='word_1_245' title='bbox 3655 1807 3713 1860; x_wconf 79' lang='grc' dir='ltr'>δὲ</span> <span class='ocrx_word' id='word_1_246' title='bbox 3742 1807 3855 1860; x_wconf 59' lang='grc' dir='ltr'>οὐκ</span> 
     </span>
    </p>
   </div>
   <div class='ocr_carea' id='block_1_33' title="bbox 615 1893 2166 1974">
    <p class='ocr_par' dir='ltr' id='par_1_33' title="bbox 615 1906 2164 1974">
     <span class='ocr_line' id='line_1_33' title="bbox 615 1906 2164 1974; baseline -0.001 -14"><span class='ocrx_word' id='word_1_247' title='bbox 615 1907 753 1960; x_wconf 90' lang='lat' dir='ltr'><strong>ciem</strong></span> <span class='ocrx_word' id='word_1_248' title='bbox 789 1906 1030 1971; x_wconf 86' lang='lat' dir='ltr'><strong>videbis;</strong></span> <span class='ocrx_word' id='word_1_249' title='bbox 1059 1906 1129 1958; x_wconf 91' lang='lat' dir='ltr'><strong>illi</strong></span> <span class='ocrx_word' id='word_1_250' title='bbox 1160 1922 1287 1959; x_wconf 89' lang='lat' dir='ltr'><strong>vero</strong></span> <span class='ocrx_word' id='word_1_251' title='bbox 1319 1908 1712 1974; x_wconf 83' lang='lat' dir='ltr'><strong>quamprimum</strong></span> <span class='ocrx_word' id='word_1_252' title='bbox 1741 1922 1861 1960; x_wconf 84' lang='lat' dir='ltr'><strong>esse</strong></span> <span class='ocrx_word' id='word_1_253' title='bbox 1898 1908 2164 1972; x_wconf 75' lang='lat' dir='ltr'><strong>desinent,</strong></span> 
     </span>
    </p>
   </div>
   <div class='ocr_carea' id='block_1_34' title="bbox 2266 1893 3844 1974">
    <p class='ocr_par' dir='ltr' id='par_1_34' title="bbox 2269 1896 3844 1972">
     <span class='ocr_line' id='line_1_34' title="bbox 2269 1896 3844 1972; baseline -0.001 -20"><span class='ocrx_word' id='word_1_254' title='bbox 2269 1901 2496 1964; x_wconf 74' lang='grc' dir='ltr'>ἔσονται,</span> <span class='ocrx_word' id='word_1_255' title='bbox 2603 1903 2762 1970; x_wconf 83' lang='grc' dir='ltr'>τάχος</span> <span class='ocrx_word' id='word_1_256' title='bbox 2793 1900 3172 1970; x_wconf 69' lang='grc' dir='ltr'>ἀφανιζόμενοι</span> <span class='ocrx_word' id='word_1_257' title='bbox 3211 1900 3305 1952; x_wconf 86' lang='grc' dir='ltr'><strong>τοῦ</strong></span> <span class='ocrx_word' id='word_1_258' title='bbox 3349 1897 3482 1969; x_wconf 78' lang='grc' dir='ltr'>βίου.</span> <span class='ocrx_word' id='word_1_259' title='bbox 3525 1898 3616 1950; x_wconf 82' lang='grc' dir='ltr'><strong>Διὸ</strong></span> <span class='ocrx_word' id='word_1_260' title='bbox 3647 1915 3844 1969; x_wconf 75' lang='grc' dir='ltr'>καρτε-</span> 
     </span>
    </p>
   </div>
   <div class='ocr_carea' id='block_1_35' title="bbox 613 1996 2164 2067">
    <p class='ocr_par' dir='ltr' id='par_1_35' title="bbox 613 1996 2164 2067">
     <span class='ocr_line' id='line_1_35' title="bbox 613 1996 2164 2067; baseline 0 -17"><span class='ocrx_word' id='word_1_261' title='bbox 613 2012 680 2050; x_wconf 80' lang='lat' dir='ltr'><strong>ex</strong></span> <span class='ocrx_word' id='word_1_262' title='bbox 710 1996 810 2048; x_wconf 90' lang='lat' dir='ltr'><strong>hac</strong></span> <span class='ocrx_word' id='word_1_263' title='bbox 843 1996 944 2047; x_wconf 86' lang='lat' dir='ltr'><strong>\ila</strong></span> <span class='ocrx_word' id='word_1_264' title='bbox 971 1997 1150 2050; x_wconf 83' lang='lat' dir='ltr'><strong>deleti.</strong></span> <span class='ocrx_word' id='word_1_265' title='bbox 1173 1998 1531 2063; x_wconf 84' lang='lat' dir='ltr'><strong>Quamobrem</strong></span> <span class='ocrx_word' id='word_1_266' title='bbox 1560 2013 1907 2066; x_wconf 83' lang='lat' dir='ltr'><strong>perseverare</strong></span> <span class='ocrx_word' id='word_1_267' title='bbox 1931 2009 1979 2052; x_wconf 86' lang='lat' dir='ltr'><strong>te</strong></span> <span class='ocrx_word' id='word_1_268' title='bbox 2004 2013 2164 2067; x_wconf 84' lang='lat' dir='ltr'><strong>opor-</strong></span> 
     </span>
    </p>
   </div>
   <div class='ocr_carea' id='block_1_36' title="bbox 614 2085 1813 2146">
    <p class='ocr_par' dir='ltr' id='par_1_36' title="bbox 614 2085 1813 2146">
     <span class='ocr_line' id='line_1_36' title="bbox 614 2085 1813 2146; baseline 0.002 -6"><span class='ocrx_word' id='word_1_269' title='bbox 614 2095 711 2146; x_wconf 88' lang='lat' dir='ltr'><strong>tet.</strong></span> <span class='ocrx_word' id='word_1_270' title='bbox 751 2096 804 2138; x_wconf 91' lang='lat' dir='ltr'><strong>et</strong></span> <span class='ocrx_word' id='word_1_271' title='bbox 831 2085 897 2138; x_wconf 88' lang='lat' dir='ltr'><strong>ab</strong></span> <span class='ocrx_word' id='word_1_272' title='bbox 926 2088 988 2139; x_wconf 82' lang='lat' dir='ltr'><strong>iis</strong></span> <span class='ocrx_word' id='word_1_273' title='bbox 1016 2087 1192 2140; x_wconf 76' lang='lat' dir='ltr'><strong>illatas</strong></span> <span class='ocrx_word' id='word_1_274' title='bbox 1219 2104 1486 2141; x_wconf 71' lang='lat' dir='ltr'><strong>aerumnas</strong></span> <span class='ocrx_word' id='word_1_275' title='bbox 1528 2091 1813 2143; x_wconf 58' lang='lat' dir='ltr'><strong>suaincre.</strong></span> 
     </span>
    </p>
   </div>
   <div class='ocr_carea' id='block_1_37' title="bbox 686 2178 2169 2252">
    <p class='ocr_par' dir='ltr' id='par_1_37' title="bbox 686 2178 2169 2252">
     <span class='ocr_line' id='line_1_37' title="bbox 686 2178 2169 2252; baseline 0.005 -22"><span class='ocrx_word' id='word_1_276' title='bbox 686 2178 850 2230; x_wconf 74' lang='lat' dir='ltr'><strong>Vens.</strong></span> <span class='ocrx_word' id='word_1_277' title='bbox 894 2179 982 2241; x_wconf 76' lang='grc'><strong>15,</strong></span> <span class='ocrx_word' id='word_1_278' title='bbox 1008 2179 1096 2233; x_wconf 74' lang='grc'><strong>14.</strong></span> <span class='ocrx_word' id='word_1_279' title='bbox 1120 2199 1136 2229; x_wconf 78' lang='grc' dir='ltr'><strong>ι</strong></span> <span class='ocrx_word' id='word_1_280' title='bbox 1169 2178 1430 2244; x_wconf 82' lang='lat' dir='ltr'><strong>Quoniam</strong></span> <span class='ocrx_word' id='word_1_281' title='bbox 1458 2195 1558 2248; x_wconf 87' lang='lat' dir='ltr'><strong>ego</strong></span> <span class='ocrx_word' id='word_1_282' title='bbox 1583 2180 1719 2235; x_wconf 89' lang='lat' dir='ltr'><strong>Deus</strong></span> <span class='ocrx_word' id='word_1_283' title='bbox 1748 2191 1884 2243; x_wconf 89' lang='lat' dir='ltr'><strong>tuus,</strong></span> <span class='ocrx_word' id='word_1_284' title='bbox 1904 2183 1993 2252; x_wconf 93' lang='lat' dir='ltr'><strong>qui</strong></span> <span class='ocrx_word' id='word_1_285' title='bbox 2014 2193 2169 2238; x_wconf 83' lang='lat' dir='ltr'><strong>teneo</strong></span> 
     </span>
    </p>
   </div>
   <div class='ocr_carea' id='block_1_38' title="bbox 614 2268 2166 2340">
    <p class='ocr_par' dir='ltr' id='par_1_38' title="bbox 614 2268 2166 2340">
     <span class='ocr_line' id='line_1_38' title="bbox 614 2268 2166 2340; baseline 0.005 -20"><span class='ocrx_word' id='word_1_286' title='bbox 614 2268 887 2321; x_wconf 81' lang='lat' dir='ltr'><strong>dexteram</strong></span> <span class='ocrx_word' id='word_1_287' title='bbox 936 2277 1103 2329; x_wconf 88' lang='lat' dir='ltr'><strong>tuam,</strong></span> <span class='ocrx_word' id='word_1_288' title='bbox 1145 2272 1234 2338; x_wconf 93' lang='lat' dir='ltr'><strong>qui</strong></span> <span class='ocrx_word' id='word_1_289' title='bbox 1285 2272 1403 2325; x_wconf 92' lang='lat' dir='ltr'><strong>dico</strong></span> <span class='ocrx_word' id='word_1_290' title='bbox 1461 2274 1579 2337; x_wconf 84' lang='lat' dir='ltr'><strong>tibi,</strong></span> <span class='ocrx_word' id='word_1_291' title='bbox 1619 2272 1694 2327; x_wconf 83' lang='lat' dir='ltr'><strong>Ne</strong></span> <span class='ocrx_word' id='word_1_292' title='bbox 1740 2275 1929 2330; x_wconf 82' lang='lat' dir='ltr'><strong>timeas</strong></span> <span class='ocrx_word' id='word_1_293' title='bbox 1975 2274 2166 2340; x_wconf 81' lang='lat' dir='ltr'><strong>Jacuh,</strong></span> 
     </span>
    </p>
   </div>
   <div class='ocr_carea' id='block_1_39' title="bbox 615 2357 2167 2431">
    <p class='ocr_par' dir='ltr' id='par_1_39' title="bbox 615 2357 2167 2431">
     <span class='ocr_line' id='line_1_39' title="bbox 615 2357 2167 2431; baseline 0.007 -21"><span class='ocrx_word' id='word_1_294' title='bbox 615 2359 897 2428; x_wconf 74' lang='lat' dir='ltr'><strong>perexiguo</strong></span> <span class='ocrx_word' id='word_1_295' title='bbox 932 2357 1115 2414; x_wconf 83' lang='lat' dir='ltr'><strong>israel.</strong></span> <span class='ocrx_word' id='word_1_296' title='bbox 1157 2379 1174 2412; x_wconf 75' lang='grc' dir='ltr'><strong>ι</strong></span> <span class='ocrx_word' id='word_1_297' title='bbox 1227 2361 1358 2415; x_wconf 86' lang='lat' dir='ltr'><strong>Nam</strong></span> <span class='ocrx_word' id='word_1_298' title='bbox 1414 2365 1723 2431; x_wconf 62' lang='lat' dir='ltr'><strong>pauciSsimi</strong></span> <span class='ocrx_word' id='word_1_299' title='bbox 1762 2381 1890 2420; x_wconf 87' lang='lat' dir='ltr'><strong>sane</strong></span> <span class='ocrx_word' id='word_1_300' title='bbox 1943 2382 2167 2422; x_wconf 90' lang='lat' dir='ltr'><strong>numero</strong></span> 
     </span>
    </p>
   </div>
   <div class='ocr_carea' id='block_1_40' title="bbox 611 2450 2162 2518">
    <p class='ocr_par' dir='ltr' id='par_1_40' title="bbox 611 2450 2162 2518">
     <span class='ocr_line' id='line_1_40' title="bbox 611 2450 2162 2518; baseline 0.006 -15"><span class='ocrx_word' id='word_1_301' title='bbox 611 2460 767 2504; x_wconf 86' lang='lat' dir='ltr'><strong>erant</strong></span> <span class='ocrx_word' id='word_1_302' title='bbox 794 2450 1038 2518; x_wconf 85' lang='lat' dir='ltr'><strong>discipuli</strong></span> <span class='ocrx_word' id='word_1_303' title='bbox 1072 2453 1372 2506; x_wconf 86' lang='lat' dir='ltr'><strong>Salvatoris</strong></span> <span class='ocrx_word' id='word_1_304' title='bbox 1407 2457 1574 2508; x_wconf 90' lang='lat' dir='ltr'><strong>nostri</strong></span> <span class='ocrx_word' id='word_1_305' title='bbox 1602 2473 1614 2518; x_wconf 89' lang='lat'>;</span> <span class='ocrx_word' id='word_1_306' title='bbox 1657 2456 1912 2511; x_wconf 85' lang='lat' dir='ltr'><strong>nimirum</strong></span> <span class='ocrx_word' id='word_1_307' title='bbox 1956 2459 2162 2513; x_wconf 83' lang='lat' dir='ltr'><strong>duode-</strong></span> 
     </span>
    </p>
   </div>
   <div class='ocr_carea' id='block_1_41' title="bbox 613 2541 1886 2614">
    <p class='ocr_par' dir='ltr' id='par_1_41' title="bbox 613 2541 1886 2614">
     <span class='ocr_line' id='line_1_41' title="bbox 613 2541 1886 2614; baseline 0.004 -20"><span class='ocrx_word' id='word_1_308' title='bbox 613 2541 718 2595; x_wconf 70' lang='lat' dir='ltr'><strong>cim</strong></span> <span class='ocrx_word' id='word_1_309' title='bbox 752 2541 1003 2608; x_wconf 82' lang='lat' dir='ltr'><strong>apostoli,</strong></span> <span class='ocrx_word' id='word_1_310' title='bbox 1038 2553 1089 2594; x_wconf 90' lang='lat' dir='ltr'><strong>et</strong></span> <span class='ocrx_word' id='word_1_311' title='bbox 1118 2555 1237 2610; x_wconf 84' lang='lat' dir='ltr'><strong>post</strong></span> <span class='ocrx_word' id='word_1_312' title='bbox 1265 2545 1387 2598; x_wconf 83' lang='lat' dir='ltr'><strong>illos</strong></span> <span class='ocrx_word' id='word_1_313' title='bbox 1415 2548 1748 2614; x_wconf 80' lang='lat' dir='ltr'><strong>septuaginta</strong></span> <span class='ocrx_word' id='word_1_314' title='bbox 1776 2547 1886 2599; x_wconf 84' lang='lat' dir='ltr'><strong>alii.</strong></span> 
     </span>
    </p>
   </div>
   <div class='ocr_carea' id='block_1_42' title="bbox 691 2631 2169 2704">
    <p class='ocr_par' dir='ltr' id='par_1_42' title="bbox 691 2631 2169 2704">
     <span class='ocr_line' id='line_1_42' title="bbox 691 2631 2169 2704; baseline 0.003 -18"><span class='ocrx_word' id='word_1_315' title='bbox 691 2631 849 2686; x_wconf 70' lang='lat' dir='ltr'><strong>Vatis.</strong></span> <span class='ocrx_word' id='word_1_316' title='bbox 886 2632 970 2686; x_wconf 72' lang='grc'><strong>15.</strong></span> <span class='ocrx_word' id='word_1_317' title='bbox 1004 2652 1021 2684; x_wconf 82' lang='lat' dir='ltr'><strong>t</strong></span> <span class='ocrx_word' id='word_1_318' title='bbox 1061 2633 1198 2690; x_wconf 86' lang='lat' dir='ltr'><strong>Ecce</strong></span> <span class='ocrx_word' id='word_1_319' title='bbox 1231 2634 1332 2688; x_wconf 76' lang='lat' dir='ltr'><strong>feci</strong></span> <span class='ocrx_word' id='word_1_320' title='bbox 1365 2646 1414 2687; x_wconf 88' lang='lat' dir='ltr'><strong>te</strong></span> <span class='ocrx_word' id='word_1_321' title='bbox 1444 2638 1595 2702; x_wconf 85' lang='lat' dir='ltr'><strong>quasi</strong></span> <span class='ocrx_word' id='word_1_322' title='bbox 1629 2638 1852 2704; x_wconf 86' lang='lat' dir='ltr'><strong>plaustri</strong></span> <span class='ocrx_word' id='word_1_323' title='bbox 1887 2646 2033 2691; x_wconf 79' lang='lat' dir='ltr'><strong>rotas</strong></span> <span class='ocrx_word' id='word_1_324' title='bbox 2071 2637 2169 2691; x_wconf 80' lang='lat' dir='ltr'><strong>tri-</strong></span> 
     </span>
    </p>
   </div>
   <div class='ocr_carea' id='block_1_43' title="bbox 615 2727 2166 2790">
    <p class='ocr_par' dir='ltr' id='par_1_43' title="bbox 615 2727 2166 2790">
     <span class='ocr_line' id='line_1_43' title="bbox 615 2727 2166 2790; baseline 0.003 -12"><span class='ocrx_word' id='word_1_325' title='bbox 615 2733 880 2787; x_wconf 86' lang='lat' dir='ltr'><strong>turantes,</strong></span> <span class='ocrx_word' id='word_1_326' title='bbox 946 2736 1209 2790; x_wconf 85' lang='lat' dir='ltr'><strong>recentes,</strong></span> <span class='ocrx_word' id='word_1_327' title='bbox 1269 2728 1320 2778; x_wconf 89' lang='lat' dir='ltr'><strong>in</strong></span> <span class='ocrx_word' id='word_1_328' title='bbox 1371 2735 1646 2778; x_wconf 84' lang='lat' dir='ltr'><strong>&#39;serrarum</strong></span> <span class='ocrx_word' id='word_1_329' title='bbox 1702 2728 1938 2781; x_wconf 89' lang='lat' dir='ltr'><strong>modum.</strong></span> <span class='ocrx_word' id='word_1_330' title='bbox 1994 2746 2013 2778; x_wconf 73' lang='grc' dir='ltr'><strong>ι</strong></span> <span class='ocrx_word' id='word_1_331' title='bbox 2074 2727 2166 2782; x_wconf 83' lang='lat' dir='ltr'><strong>Sic</strong></span> 
     </span>
    </p>
   </div>
   <div class='ocr_carea' id='block_1_44' title="bbox 614 2815 2160 2880">
    <p class='ocr_par' dir='ltr' id='par_1_44' title="bbox 614 2815 2160 2880">
     <span class='ocr_line' id='line_1_44' title="bbox 614 2815 2160 2880; baseline 0.004 -14"><span class='ocrx_word' id='word_1_332' title='bbox 614 2815 754 2866; x_wconf 81' lang='lat' dir='ltr'><strong>enim</strong></span> <span class='ocrx_word' id='word_1_333' title='bbox 791 2815 960 2868; x_wconf 88' lang='lat' dir='ltr'><strong>virtus</strong></span> <span class='ocrx_word' id='word_1_334' title='bbox 1001 2817 1403 2870; x_wconf 87' lang='lat' dir='ltr'><strong>corroborantis</strong></span> <span class='ocrx_word' id='word_1_335' title='bbox 1451 2831 1542 2871; x_wconf 88' lang='lat' dir='ltr'><strong>eos</strong></span> <span class='ocrx_word' id='word_1_336' title='bbox 1589 2818 1993 2880; x_wconf 83' lang='lat' dir='ltr'><strong>ostendebatur,</strong></span> <span class='ocrx_word' id='word_1_337' title='bbox 2031 2819 2160 2872; x_wconf 89' lang='lat' dir='ltr'><strong>dum</strong></span> 
     </span>
    </p>
   </div>
   <div class='ocr_carea' id='block_1_45' title="bbox 615 2904 2162 2978">
    <p class='ocr_par' dir='ltr' id='par_1_45' title="bbox 615 2904 2162 2978">
     <span class='ocr_line' id='line_1_45' title="bbox 615 2904 2162 2978; baseline 0.004 -20"><span class='ocrx_word' id='word_1_338' title='bbox 615 2904 713 2970; x_wconf 80' lang='lat' dir='ltr'><strong>lpsi</strong></span> <span class='ocrx_word' id='word_1_339' title='bbox 745 2905 874 2958; x_wconf 89' lang='lat' dir='ltr'><strong>nihil</strong></span> <span class='ocrx_word' id='word_1_340' title='bbox 905 2921 933 2957; x_wconf 87' lang='lat' dir='ltr'><strong>a</strong></span> <span class='ocrx_word' id='word_1_341' title='bbox 969 2921 1150 2961; x_wconf 87' lang='lat' dir='ltr'><strong>verme</strong></span> <span class='ocrx_word' id='word_1_342' title='bbox 1179 2905 1475 2972; x_wconf 85' lang='lat' dir='ltr'><strong>diﬂ&#39;erreut,</strong></span> <span class='ocrx_word' id='word_1_343' title='bbox 1506 2910 1600 2960; x_wconf 87' lang='lat' dir='ltr'><strong>sed</strong></span> <span class='ocrx_word' id='word_1_344' title='bbox 1641 2910 1804 2962; x_wconf 88' lang='lat' dir='ltr'><strong>etiam</strong></span> <span class='ocrx_word' id='word_1_345' title='bbox 1855 2910 2162 2978; x_wconf 77' lang='lat' dir='ltr'><strong>paucissimi</strong></span> 
     </span>
    </p>
   </div>
   <div class='ocr_carea' id='block_1_46' title="bbox 613 2998 2162 3067">
    <p class='ocr_par' dir='ltr' id='par_1_46' title="bbox 613 2998 2162 3067">
     <span class='ocr_line' id='line_1_46' title="bbox 613 2998 2162 3067; baseline 0.006 -21"><span class='ocrx_word' id='word_1_346' title='bbox 613 3007 816 3058; x_wconf 81' lang='lat' dir='ltr'><strong>essent,</strong></span> <span class='ocrx_word' id='word_1_347' title='bbox 846 3011 910 3050; x_wconf 79' lang='lat' dir='ltr'><strong>ac</strong></span> <span class='ocrx_word' id='word_1_348' title='bbox 938 3000 1138 3050; x_wconf 84' lang='lat' dir='ltr'><strong>mortui</strong></span> <span class='ocrx_word' id='word_1_349' title='bbox 1170 2999 1542 3067; x_wconf 85' lang='lat' dir='ltr'><strong>cadaveraque</strong></span> <span class='ocrx_word' id='word_1_350' title='bbox 1575 2998 1788 3055; x_wconf 86' lang='lat' dir='ltr'><strong>lsraeiis</strong></span> <span class='ocrx_word' id='word_1_351' title='bbox 1831 3001 2162 3056; x_wconf 85' lang='lat' dir='ltr'><strong>viderentur.</strong></span> 
     </span>
    </p>
   </div>
   <div class='ocr_carea' id='block_1_47' title="bbox 615 3085 2166 3151">
    <p class='ocr_par' dir='ltr' id='par_1_47' title="bbox 615 3085 2166 3151">
     <span class='ocr_line' id='line_1_47' title="bbox 615 3085 2166 3151; baseline 0.003 -12"><span class='ocrx_word' id='word_1_352' title='bbox 615 3085 923 3150; x_wconf 89' lang='lat' dir='ltr'><strong>Hnjusmodi</strong></span> <span class='ocrx_word' id='word_1_353' title='bbox 953 3099 1128 3141; x_wconf 87' lang='lat' dir='ltr'><strong>tamen</strong></span> <span class='ocrx_word' id='word_1_354' title='bbox 1177 3104 1300 3142; x_wconf 88' lang='lat' dir='ltr'><strong>cum</strong></span> <span class='ocrx_word' id='word_1_355' title='bbox 1342 3098 1542 3151; x_wconf 83' lang='lat' dir='ltr'><strong>essent,</strong></span> <span class='ocrx_word' id='word_1_356' title='bbox 1591 3101 1830 3143; x_wconf 88' lang='lat' dir='ltr'><strong>rotarum</strong></span> <span class='ocrx_word' id='word_1_357' title='bbox 1869 3099 1924 3144; x_wconf 84' lang='lat' dir='ltr'><strong>et</strong></span> <span class='ocrx_word' id='word_1_358' title='bbox 1973 3105 2166 3144; x_wconf 90' lang='lat' dir='ltr'><strong>currus</strong></span> 
     </span>
    </p>
   </div>
   <div class='ocr_carea' id='block_1_48' title="bbox 619 3178 2165 3247">
    <p class='ocr_par' dir='ltr' id='par_1_48' title="bbox 619 3178 2165 3247">
     <span class='ocr_line' id='line_1_48' title="bbox 619 3178 2165 3247; baseline 0.003 -18"><span class='ocrx_word' id='word_1_359' title='bbox 619 3178 818 3240; x_wconf 81' lang='lat' dir='ltr'><strong>instar,</strong></span> <span class='ocrx_word' id='word_1_360' title='bbox 857 3192 958 3233; x_wconf 91' lang='lat' dir='ltr'><strong>ceu</strong></span> <span class='ocrx_word' id='word_1_361' title='bbox 1012 3181 1296 3247; x_wconf 82' lang='lat' dir='ltr'><strong>quamdam</strong></span> <span class='ocrx_word' id='word_1_362' title='bbox 1327 3181 1533 3246; x_wconf 86' lang='lat' dir='ltr'><strong>paleam</strong></span> <span class='ocrx_word' id='word_1_363' title='bbox 1565 3180 1934 3244; x_wconf 85' lang='lat' dir='ltr'><strong>diilindebant,</strong></span> <span class='ocrx_word' id='word_1_364' title='bbox 1987 3181 2165 3234; x_wconf 77' lang='lat' dir='ltr'><strong>diabo-</strong></span> 
     </span>
    </p>
   </div>
   <div class='ocr_carea' id='block_1_49' title="bbox 614 3267 2162 3339">
    <p class='ocr_par' dir='ltr' id='par_1_49' title="bbox 614 3267 2162 3339">
     <span class='ocr_line' id='line_1_49' title="bbox 614 3267 2162 3339; baseline 0.003 -19"><span class='ocrx_word' id='word_1_365' title='bbox 614 3267 774 3322; x_wconf 82' lang='lat' dir='ltr'><strong>iicum</strong></span> <span class='ocrx_word' id='word_1_366' title='bbox 827 3270 1109 3336; x_wconf 78' lang='lat' dir='ltr'><strong>impiarum</strong></span> <span class='ocrx_word' id='word_1_367' title='bbox 1158 3273 1394 3339; x_wconf 89' lang='lat' dir='ltr'><strong>gentium</strong></span> <span class='ocrx_word' id='word_1_368' title='bbox 1437 3271 1638 3325; x_wconf 87' lang='lat' dir='ltr'><strong>cultum</strong></span> <span class='ocrx_word' id='word_1_369' title='bbox 1706 3281 1759 3325; x_wconf 88' lang='lat' dir='ltr'><strong>et</strong></span> <span class='ocrx_word' id='word_1_370' title='bbox 1807 3271 2162 3327; x_wconf 83' lang='lat' dir='ltr'><strong>iuololatriam</strong></span> 
     </span>
    </p>
   </div>
   <div class='ocr_carea' id='block_1_50' title="bbox 616 3359 2164 3423">
    <p class='ocr_par' dir='ltr' id='par_1_50' title="bbox 616 3359 2164 3423">
     <span class='ocr_line' id='line_1_50' title="bbox 616 3359 2164 3423; baseline 0.002 -12"><span class='ocrx_word' id='word_1_371' title='bbox 616 3359 932 3414; x_wconf 80' lang='lat' dir='ltr'><strong>triturantes</strong></span> <span class='ocrx_word' id='word_1_372' title='bbox 969 3371 1022 3413; x_wconf 90' lang='lat' dir='ltr'><strong>et</strong></span> <span class='ocrx_word' id='word_1_373' title='bbox 1052 3371 1322 3414; x_wconf 77' lang='lat' dir='ltr'><strong>seCantes.</strong></span> <span class='ocrx_word' id='word_1_374' title='bbox 1369 3378 1387 3411; x_wconf 77' lang='grc' dir='ltr'><strong>ι</strong></span> <span class='ocrx_word' id='word_1_375' title='bbox 1419 3361 1482 3414; x_wconf 75' lang='lat' dir='ltr'><strong>Et</strong></span> <span class='ocrx_word' id='word_1_376' title='bbox 1515 3360 1794 3415; x_wconf 84' lang='lat' dir='ltr'><strong>triturabis</strong></span> <span class='ocrx_word' id='word_1_377' title='bbox 1843 3369 2070 3423; x_wconf 84' lang='lat' dir='ltr'><strong>montes,</strong></span> <span class='ocrx_word' id='word_1_378' title='bbox 2108 3371 2164 3414; x_wconf 90' lang='lat' dir='ltr'><strong>et</strong></span> 
     </span>
    </p>
   </div>
   <div class='ocr_carea' id='block_1_51' title="bbox 612 3451 2124 3521">
    <p class='ocr_par' dir='ltr' id='par_1_51' title="bbox 612 3451 2124 3521">
     <span class='ocr_line' id='line_1_51' title="bbox 612 3451 2124 3521; baseline 0 -17"><span class='ocrx_word' id='word_1_379' title='bbox 612 3451 945 3506; x_wconf 86' lang='lat' dir='ltr'><strong>comminues</strong></span> <span class='ocrx_word' id='word_1_380' title='bbox 983 3452 1166 3514; x_wconf 86' lang='lat' dir='ltr'><strong>colles,</strong></span> <span class='ocrx_word' id='word_1_381' title='bbox 1195 3462 1249 3506; x_wconf 90' lang='lat' dir='ltr'><strong>et</strong></span> <span class='ocrx_word' id='word_1_382' title='bbox 1284 3461 1538 3521; x_wconf 87' lang='lat' dir='ltr'><strong>tanquam</strong></span> <span class='ocrx_word' id='word_1_383' title='bbox 1572 3451 1842 3521; x_wconf 90' lang='lat' dir='ltr'><strong>pulverem</strong></span> <span class='ocrx_word' id='word_1_384' title='bbox 1883 3467 2068 3521; x_wconf 90' lang='lat' dir='ltr'><strong>pones.</strong></span> <span class='ocrx_word' id='word_1_385' title='bbox 2105 3471 2124 3504; x_wconf 74' lang='grc' dir='ltr'><strong>ι</strong></span> 
     </span>
    </p>
   </div>
   <div class='ocr_carea' id='block_1_52' title="bbox 684 3541 2159 3608">
    <p class='ocr_par' dir='ltr' id='par_1_52' title="bbox 684 3541 2159 3608">
     <span class='ocr_line' id='line_1_52' title="bbox 684 3541 2159 3608; baseline -0.001 -11"><span class='ocrx_word' id='word_1_386' title='bbox 684 3543 844 3598; x_wconf 73' lang='lat' dir='ltr'><strong>Vitas.</strong></span> <span class='ocrx_word' id='word_1_387' title='bbox 873 3543 958 3597; x_wconf 77' lang='grc'><strong>16.</strong></span> <span class='ocrx_word' id='word_1_388' title='bbox 1001 3562 1019 3596; x_wconf 72' lang='grc' dir='ltr'><strong>ε</strong></span> <span class='ocrx_word' id='word_1_389' title='bbox 1051 3543 1114 3597; x_wconf 84' lang='lat' dir='ltr'><strong>Et</strong></span> <span class='ocrx_word' id='word_1_390' title='bbox 1145 3543 1444 3605; x_wconf 82' lang='lat' dir='ltr'><strong>ventilabis,</strong></span> <span class='ocrx_word' id='word_1_391' title='bbox 1473 3552 1527 3597; x_wconf 90' lang='lat' dir='ltr'><strong>et</strong></span> <span class='ocrx_word' id='word_1_392' title='bbox 1561 3555 1752 3598; x_wconf 87' lang='lat' dir='ltr'><strong>ventus</strong></span> <span class='ocrx_word' id='word_1_393' title='bbox 1781 3541 1995 3597; x_wconf 80' lang='lat' dir='ltr'><strong>auferet</strong></span> <span class='ocrx_word' id='word_1_394' title='bbox 2043 3557 2159 3608; x_wconf 83' lang='lat' dir='ltr'><strong>eos,</strong></span> 
     </span>
    </p>
   </div>
   <div class='ocr_carea' id='block_1_53' title="bbox 609 3633 2161 3703">
    <p class='ocr_par' dir='ltr' id='par_1_53' title="bbox 609 3633 2161 3703">
     <span class='ocr_line' id='line_1_53' title="bbox 609 3633 2161 3703; baseline 0 -16"><span class='ocrx_word' id='word_1_395' title='bbox 609 3641 668 3687; x_wconf 87' lang='lat' dir='ltr'><strong>et</strong></span> <span class='ocrx_word' id='word_1_396' title='bbox 720 3634 876 3688; x_wconf 88' lang='lat' dir='ltr'><strong>turbo</strong></span> <span class='ocrx_word' id='word_1_397' title='bbox 940 3635 1211 3703; x_wconf 78' lang='lat' dir='ltr'><strong>disperget</strong></span> <span class='ocrx_word' id='word_1_398' title='bbox 1259 3649 1374 3688; x_wconf 87' lang='lat' dir='ltr'><strong>eos.</strong></span> <span class='ocrx_word' id='word_1_399' title='bbox 1420 3634 1498 3690; x_wconf 85' lang='lat' dir='ltr'><strong>’l‘u</strong></span> <span class='ocrx_word' id='word_1_400' title='bbox 1549 3645 1731 3688; x_wconf 80' lang='lat' dir='ltr'><strong>autem</strong></span> <span class='ocrx_word' id='word_1_401' title='bbox 1787 3633 2058 3689; x_wconf 66' lang='lat' dir='ltr'><strong>laetaberis</strong></span> <span class='ocrx_word' id='word_1_402' title='bbox 2110 3636 2161 3688; x_wconf 87' lang='lat' dir='ltr'><strong>in</strong></span> 
     </span>
    </p>
   </div>
   <div class='ocr_carea' id='block_1_54' title="bbox 613 3724 2164 3783">
    <p class='ocr_par' dir='ltr' id='par_1_54' title="bbox 613 3724 2164 3783">
     <span class='ocr_line' id='line_1_54' title="bbox 613 3724 2164 3783; baseline 0.005 -7"><span class='ocrx_word' id='word_1_403' title='bbox 613 3726 812 3779; x_wconf 81' lang='lat' dir='ltr'><strong>sanctis</strong></span> <span class='ocrx_word' id='word_1_404' title='bbox 857 3725 1039 3780; x_wconf 88' lang='lat' dir='ltr'><strong>Israel.</strong></span> <span class='ocrx_word' id='word_1_405' title='bbox 1064 3743 1083 3777; x_wconf 75' lang='grc' dir='ltr'><strong>ι</strong></span> <span class='ocrx_word' id='word_1_406' title='bbox 1135 3724 1238 3780; x_wconf 83' lang='lat' dir='ltr'><strong>Per</strong></span> <span class='ocrx_word' id='word_1_407' title='bbox 1269 3735 1478 3780; x_wconf 83' lang='lat' dir='ltr'><strong>montes</strong></span> <span class='ocrx_word' id='word_1_408' title='bbox 1523 3735 1578 3780; x_wconf 89' lang='lat' dir='ltr'><strong>et</strong></span> <span class='ocrx_word' id='word_1_409' title='bbox 1613 3725 1781 3783; x_wconf 87' lang='lat' dir='ltr'><strong>colles</strong></span> <span class='ocrx_word' id='word_1_410' title='bbox 1819 3727 2164 3783; x_wconf 62' lang='lat' dir='ltr'><strong>adversaria:</strong></span> 
     </span>
    </p>
   </div>
   <div class='ocr_carea' id='block_1_55' title="bbox 613 3813 2164 3884">
    <p class='ocr_par' dir='ltr' id='par_1_55' title="bbox 613 3813 2164 3884">
     <span class='ocr_line' id='line_1_55' title="bbox 613 3813 2164 3884; baseline 0.001 -16"><span class='ocrx_word' id='word_1_411' title='bbox 613 3824 941 3884; x_wconf 85' lang='lat' dir='ltr'><strong>potestates,</strong></span> <span class='ocrx_word' id='word_1_412' title='bbox 1012 3816 1138 3869; x_wconf 92' lang='lat' dir='ltr'><strong>olim</strong></span> <span class='ocrx_word' id='word_1_413' title='bbox 1177 3825 1364 3869; x_wconf 89' lang='lat' dir='ltr'><strong>contra</strong></span> <span class='ocrx_word' id='word_1_414' title='bbox 1423 3813 1516 3868; x_wconf 87' lang='lat' dir='ltr'><strong>Dei</strong></span> <span class='ocrx_word' id='word_1_415' title='bbox 1575 3816 1936 3883; x_wconf 80' lang='lat' dir='ltr'><strong>cognitionem</strong></span> <span class='ocrx_word' id='word_1_416' title='bbox 1989 3816 2164 3870; x_wconf 87' lang='lat' dir='ltr'><strong>insur-</strong></span> 
     </span>
    </p>
   </div>
   <div class='ocr_carea' id='block_1_56' title="bbox 613 3903 2163 3972">
    <p class='ocr_par' dir='ltr' id='par_1_56' title="bbox 613 3903 2163 3972">
     <span class='ocr_line' id='line_1_56' title="bbox 613 3903 2163 3972; baseline 0.003 -17"><span class='ocrx_word' id='word_1_417' title='bbox 613 3913 797 3972; x_wconf 82' lang='lat' dir='ltr'><strong>gentes</strong></span> <span class='ocrx_word' id='word_1_418' title='bbox 835 3905 1228 3970; x_wconf 82' lang='lat' dir='ltr'><strong>.subindicans;</strong></span> <span class='ocrx_word' id='word_1_419' title='bbox 1275 3904 1346 3957; x_wconf 86' lang='lat' dir='ltr'><strong>ita</strong></span> <span class='ocrx_word' id='word_1_420' title='bbox 1402 3911 1461 3956; x_wconf 88' lang='lat' dir='ltr'><strong>ut</strong></span> <span class='ocrx_word' id='word_1_421' title='bbox 1508 3917 1663 3956; x_wconf 89' lang='lat' dir='ltr'><strong>error</strong></span> <span class='ocrx_word' id='word_1_422' title='bbox 1708 3903 1798 3958; x_wconf 87' lang='lat' dir='ltr'><strong>ille</strong></span> <span class='ocrx_word' id='word_1_423' title='bbox 1868 3905 2163 3959; x_wconf 88' lang='lat' dir='ltr'><strong>diabolicus</strong></span> 
     </span>
    </p>
   </div>
   <div class='ocr_carea' id='block_1_57' title="bbox 612 3990 2164 4063">
    <p class='ocr_par' dir='ltr' id='par_1_57' title="bbox 612 3990 2164 4063">
     <span class='ocr_line' id='line_1_57' title="bbox 612 3990 2164 4063; baseline 0.001 -18"><span class='ocrx_word' id='word_1_424' title='bbox 612 3995 753 4060; x_wconf 82' lang='lat' dir='ltr'><strong>apud</strong></span> <span class='ocrx_word' id='word_1_425' title='bbox 799 4005 984 4063; x_wconf 80' lang='lat' dir='ltr'><strong>gentes</strong></span> <span class='ocrx_word' id='word_1_426' title='bbox 1030 4010 1134 4049; x_wconf 90' lang='lat' dir='ltr'><strong>non</strong></span> <span class='ocrx_word' id='word_1_427' title='bbox 1182 3994 1318 4046; x_wconf 88' lang='lat' dir='ltr'><strong>ultra</strong></span> <span class='ocrx_word' id='word_1_428' title='bbox 1350 3990 1629 4046; x_wconf 85' lang='lat' dir='ltr'><strong>subsistat.</strong></span> <span class='ocrx_word' id='word_1_429' title='bbox 1665 3990 1762 4046; x_wconf 84' lang='lat' dir='ltr'><strong>His</strong></span> <span class='ocrx_word' id='word_1_430' title='bbox 1804 4007 1966 4063; x_wconf 88' lang='lat' dir='ltr'><strong>porro</strong></span> <span class='ocrx_word' id='word_1_431' title='bbox 2010 4008 2164 4047; x_wconf 83' lang='lat' dir='ltr'><strong>mon-</strong></span> 
     </span>
    </p>
   </div>
   <div class='ocr_carea' id='block_1_58' title="bbox 616 4081 2162 4148">
    <p class='ocr_par' dir='ltr' id='par_1_58' title="bbox 616 4081 2162 4148">
     <span class='ocr_line' id='line_1_58' title="bbox 616 4081 2162 4148; baseline 0.003 -13"><span class='ocrx_word' id='word_1_432' title='bbox 616 4084 757 4139; x_wconf 88' lang='lat' dir='ltr'><strong>tibus</strong></span> <span class='ocrx_word' id='word_1_433' title='bbox 794 4094 846 4139; x_wconf 91' lang='lat' dir='ltr'><strong>et</strong></span> <span class='ocrx_word' id='word_1_434' title='bbox 888 4085 1114 4140; x_wconf 89' lang='lat' dir='ltr'><strong>collibus</strong></span> <span class='ocrx_word' id='word_1_435' title='bbox 1147 4086 1211 4140; x_wconf 88' lang='lat' dir='ltr'><strong>de</strong></span> <span class='ocrx_word' id='word_1_436' title='bbox 1255 4081 1432 4137; x_wconf 90' lang='lat' dir='ltr'><strong>medio</strong></span> <span class='ocrx_word' id='word_1_437' title='bbox 1470 4082 1697 4136; x_wconf 85' lang='lat' dir='ltr'><strong>sublatis</strong></span> <span class='ocrx_word' id='word_1_438' title='bbox 1741 4099 1803 4138; x_wconf 89' lang='lat' dir='ltr'><strong>ac</strong></span> <span class='ocrx_word' id='word_1_439' title='bbox 1847 4084 2057 4148; x_wconf 81' lang='lat' dir='ltr'><strong>deletis,</strong></span> <span class='ocrx_word' id='word_1_440' title='bbox 2109 4094 2162 4139; x_wconf 90' lang='lat' dir='ltr'><strong>tu</strong></span> 
     </span>
    </p>
   </div>
   <div class='ocr_carea' id='block_1_59' title="bbox 615 4175 2156 4246">
    <p class='ocr_par' dir='ltr' id='par_1_59' title="bbox 615 4175 2156 4246">
     <span class='ocr_line' id='line_1_59' title="bbox 615 4175 2156 4246; baseline 0.001 -18"><span class='ocrx_word' id='word_1_441' title='bbox 615 4175 730 4240; x_wconf 87' lang='lat' dir='ltr'><strong>ipse</strong></span> <span class='ocrx_word' id='word_1_442' title='bbox 777 4190 964 4231; x_wconf 84' lang='lat' dir='ltr'><strong>servus</strong></span> <span class='ocrx_word' id='word_1_443' title='bbox 1011 4193 1159 4231; x_wconf 81' lang='lat' dir='ltr'><strong>meus</strong></span> <span class='ocrx_word' id='word_1_444' title='bbox 1201 4177 1423 4242; x_wconf 88' lang='lat' dir='ltr'><strong>electus,</strong></span> <span class='ocrx_word' id='word_1_445' title='bbox 1463 4191 1558 4243; x_wconf 87' lang='lat' dir='ltr'><strong>per</strong></span> <span class='ocrx_word' id='word_1_446' title='bbox 1600 4190 1759 4244; x_wconf 87' lang='lat' dir='ltr'><strong>quem</strong></span> <span class='ocrx_word' id='word_1_447' title='bbox 1805 4176 1919 4230; x_wconf 64' lang='lat' dir='ltr'><strong>haec</strong></span> <span class='ocrx_word' id='word_1_448' title='bbox 1963 4190 2156 4246; x_wconf 88' lang='lat' dir='ltr'><strong>perpe-</strong></span> 
     </span>
    </p>
   </div>
   <div class='ocr_carea' id='block_1_60' title="bbox 615 4267 2164 4331">
    <p class='ocr_par' dir='ltr' id='par_1_60' title="bbox 615 4267 2164 4331">
     <span class='ocr_line' id='line_1_60' title="bbox 615 4267 2164 4331; baseline 0.001 -12"><span class='ocrx_word' id='word_1_449' title='bbox 615 4267 806 4320; x_wconf 76' lang='lat' dir='ltr'><strong>tranda</strong></span> <span class='ocrx_word' id='word_1_450' title='bbox 855 4277 1014 4331; x_wconf 85' lang='lat' dir='ltr'><strong>sunt,</strong></span> <span class='ocrx_word' id='word_1_451' title='bbox 1057 4267 1325 4323; x_wconf 69' lang='lat' dir='ltr'><strong>[setaberis</strong></span> <span class='ocrx_word' id='word_1_452' title='bbox 1369 4270 1422 4322; x_wconf 86' lang='lat' dir='ltr'><strong>in</strong></span> <span class='ocrx_word' id='word_1_453' title='bbox 1480 4267 1738 4331; x_wconf 83' lang='lat' dir='ltr'><strong>Domino,</strong></span> <span class='ocrx_word' id='word_1_454' title='bbox 1779 4276 1835 4319; x_wconf 87' lang='lat' dir='ltr'><strong>et</strong></span> <span class='ocrx_word' id='word_1_455' title='bbox 1874 4267 1926 4320; x_wconf 92' lang='lat' dir='ltr'><strong>in</strong></span> <span class='ocrx_word' id='word_1_456' title='bbox 1975 4275 2164 4321; x_wconf 88' lang='lat' dir='ltr'><strong>sancto</strong></span> 
     </span>
    </p>
   </div>
   <div class='ocr_carea' id='block_1_61' title="bbox 612 4355 1129 4414">
    <p class='ocr_par' dir='ltr' id='par_1_61' title="bbox 612 4355 1129 4414">
     <span class='ocr_line' id='line_1_61' title="bbox 612 4355 1129 4414; baseline 0.004 -4"><span class='ocrx_word' id='word_1_457' title='bbox 612 4355 776 4411; x_wconf 87' lang='lat' dir='ltr'><strong>Israel</strong></span> <span class='ocrx_word' id='word_1_458' title='bbox 805 4356 1129 4414; x_wconf 87' lang='lat' dir='ltr'><strong>laudaberis.</strong></span> 
     </span>
    </p>
   </div>
   <div class='ocr_carea' id='block_1_62' title="bbox 688 4532 2232 4612">
    <p class='ocr_par' dir='ltr' id='par_1_62' title="bbox 688 4532 2232 4612">
     <span class='ocr_line' id='line_1_62' title="bbox 688 4532 2232 4612; baseline 0.006 -24"><span class='ocrx_word' id='word_1_459' title='bbox 688 4532 846 4590; x_wconf 77' lang='lat' dir='ltr'><strong>Vsss.</strong></span> <span class='ocrx_word' id='word_1_460' title='bbox 876 4537 960 4591; x_wconf 82' lang='grc' dir='ltr'><strong>Π.</strong></span> <span class='ocrx_word' id='word_1_461' title='bbox 1003 4557 1021 4588; x_wconf 77' lang='grc' dir='ltr'><strong>ι</strong></span> <span class='ocrx_word' id='word_1_462' title='bbox 1051 4538 1117 4593; x_wconf 84' lang='grc' dir='ltr'><strong>Ει</strong></span> <span class='ocrx_word' id='word_1_463' title='bbox 1149 4541 1491 4596; x_wconf 77' lang='lat' dir='ltr'><strong>exsultabant</strong></span> <span class='ocrx_word' id='word_1_464' title='bbox 1537 4555 1800 4612; x_wconf 82' lang='lat' dir='ltr'><strong>pauperes</strong></span> <span class='ocrx_word' id='word_1_465' title='bbox 1841 4552 1896 4599; x_wconf 83' lang='lat' dir='ltr'><strong>et</strong></span> <span class='ocrx_word' id='word_1_466' title='bbox 1945 4542 2153 4612; x_wconf 84' lang='lat' dir='ltr'><strong>inopes.</strong></span> <span class='ocrx_word' id='word_1_467' title='bbox 2189 4550 2232 4604; x_wconf 80' lang='grc' dir='ltr'>ι)</span> 
     </span>
    </p>
   </div>
   <div class='ocr_carea' id='block_1_63' title="bbox 610 4624 2153 4701">
    <p class='ocr_par' dir='ltr' id='par_1_63' title="bbox 610 4624 2153 4701">
     <span class='ocr_line' id='line_1_63' title="bbox 610 4624 2153 4701; baseline 0.006 -25"><span class='ocrx_word' id='word_1_468' title='bbox 610 4624 862 4691; x_wconf 65' lang='grc' dir='ltr'>ρηαξτειιι</span> <span class='ocrx_word' id='word_1_469' title='bbox 909 4629 1047 4681; x_wconf 90' lang='lat' dir='ltr'><strong>enim</strong></span> <span class='ocrx_word' id='word_1_470' title='bbox 1081 4645 1296 4699; x_wconf 89' lang='lat' dir='ltr'><strong>aquam,</strong></span> <span class='ocrx_word' id='word_1_471' title='bbox 1339 4642 1394 4687; x_wconf 86' lang='lat' dir='ltr'><strong>et</strong></span> <span class='ocrx_word' id='word_1_472' title='bbox 1426 4647 1528 4686; x_wconf 89' lang='lat' dir='ltr'><strong>non</strong></span> <span class='ocrx_word' id='word_1_473' title='bbox 1559 4635 1664 4687; x_wconf 90' lang='lat' dir='ltr'><strong>erit</strong></span> <span class='ocrx_word' id='word_1_474' title='bbox 1691 4651 1704 4686; x_wconf 89' lang='lat'><strong>:</strong></span> <span class='ocrx_word' id='word_1_475' title='bbox 1737 4633 1914 4701; x_wconf 85' lang='lat' dir='ltr'><strong>lingua</strong></span> <span class='ocrx_word' id='word_1_476' title='bbox 1970 4647 2153 4688; x_wconf 83' lang='lat' dir='ltr'><strong>eorum</strong></span> 
     </span>
    </p>
   </div>
   <div class='ocr_carea' id='block_1_64' title="bbox 611 4718 2160 4790">
    <p class='ocr_par' dir='ltr' id='par_1_64' title="bbox 611 4718 2160 4790">
     <span class='ocr_line' id='line_1_64' title="bbox 611 4718 2160 4790; baseline 0.002 -19"><span class='ocrx_word' id='word_1_477' title='bbox 611 4732 719 4786; x_wconf 66' lang='lat' dir='ltr'><strong>prae</strong></span> <span class='ocrx_word' id='word_1_478' title='bbox 752 4718 840 4772; x_wconf 87' lang='lat' dir='ltr'><strong>siti</strong></span> <span class='ocrx_word' id='word_1_479' title='bbox 885 4721 1113 4773; x_wconf 81' lang='lat' dir='ltr'><strong>exaruit.</strong></span> <span class='ocrx_word' id='word_1_480' title='bbox 1158 4720 1266 4790; x_wconf 84' lang='lat' dir='ltr'><strong>Ego</strong></span> <span class='ocrx_word' id='word_1_481' title='bbox 1312 4723 1566 4778; x_wconf 87' lang='lat' dir='ltr'><strong>Dominus</strong></span> <span class='ocrx_word' id='word_1_482' title='bbox 1618 4722 1796 4777; x_wconf 89' lang='lat' dir='ltr'><strong>Deus:</strong></span> <span class='ocrx_word' id='word_1_483' title='bbox 1849 4738 1947 4790; x_wconf 82' lang='lat' dir='ltr'><strong>ego</strong></span> <span class='ocrx_word' id='word_1_484' title='bbox 1993 4737 2160 4777; x_wconf 71' lang='lat' dir='ltr'><strong>exau-</strong></span> 
     </span>
    </p>
   </div>
   <div class='ocr_carea' id='block_1_65' title="bbox 611 4807 2152 4884">
    <p class='ocr_par' dir='ltr' id='par_1_65' title="bbox 611 4807 2152 4884">
     <span class='ocr_line' id='line_1_65' title="bbox 611 4807 2152 4884; baseline 0.005 -24"><span class='ocrx_word' id='word_1_485' title='bbox 611 4808 752 4860; x_wconf 89' lang='lat' dir='ltr'><strong>diam</strong></span> <span class='ocrx_word' id='word_1_486' title='bbox 804 4807 941 4864; x_wconf 86' lang='lat' dir='ltr'><strong>Deus</strong></span> <span class='ocrx_word' id='word_1_487' title='bbox 989 4810 1150 4865; x_wconf 84' lang='lat' dir='ltr'><strong>Israel</strong></span> <span class='ocrx_word' id='word_1_488' title='bbox 1173 4851 1187 4874; x_wconf 89' lang='lat'><strong>,</strong></span> <span class='ocrx_word' id='word_1_489' title='bbox 1229 4821 1283 4866; x_wconf 86' lang='lat' dir='ltr'><strong>et</strong></span> <span class='ocrx_word' id='word_1_490' title='bbox 1317 4828 1418 4866; x_wconf 92' lang='lat' dir='ltr'><strong>non</strong></span> <span class='ocrx_word' id='word_1_491' title='bbox 1451 4813 1819 4884; x_wconf 87' lang='lat' dir='ltr'><strong>derelinquam</strong></span> <span class='ocrx_word' id='word_1_492' title='bbox 1853 4831 1964 4869; x_wconf 90' lang='lat' dir='ltr'><strong>eos.</strong></span> <span class='ocrx_word' id='word_1_493' title='bbox 2001 4833 2019 4866; x_wconf 73' lang='grc' dir='ltr'><strong>ι</strong></span> <span class='ocrx_word' id='word_1_494' title='bbox 2052 4814 2152 4879; x_wconf 87' lang='lat' dir='ltr'><strong>Qui</strong></span> 
     </span>
    </p>
   </div>
   <div class='ocr_carea' id='block_1_66' title="bbox 610 4900 2154 4967">
    <p class='ocr_par' dir='ltr' id='par_1_66' title="bbox 610 4900 2154 4967">
     <span class='ocr_line' id='line_1_66' title="bbox 610 4900 2154 4967; baseline 0.005 -17"><span class='ocrx_word' id='word_1_495' title='bbox 610 4910 787 4953; x_wconf 91' lang='lat' dir='ltr'><strong>autem</strong></span> <span class='ocrx_word' id='word_1_496' title='bbox 824 4900 1005 4954; x_wconf 74' lang='lat' dir='ltr'><strong>istha3c</strong></span> <span class='ocrx_word' id='word_1_497' title='bbox 1049 4903 1112 4953; x_wconf 89' lang='lat' dir='ltr'><strong>ad</strong></span> <span class='ocrx_word' id='word_1_498' title='bbox 1147 4903 1302 4956; x_wconf 83' lang='lat' dir='ltr'><strong>tinem</strong></span> <span class='ocrx_word' id='word_1_499' title='bbox 1335 4904 1554 4958; x_wconf 84' lang='lat' dir='ltr'><strong>deducta</strong></span> <span class='ocrx_word' id='word_1_500' title='bbox 1603 4906 1735 4967; x_wconf 89' lang='lat' dir='ltr'><strong>sint,</strong></span> <span class='ocrx_word' id='word_1_501' title='bbox 1773 4914 1826 4958; x_wconf 87' lang='lat' dir='ltr'><strong>et</strong></span> <span class='ocrx_word' id='word_1_502' title='bbox 1861 4907 2154 4958; x_wconf 87' lang='lat' dir='ltr'><strong>etiamnum</strong></span> 
     </span>
    </p>
   </div>
   <div class='ocr_carea' id='block_1_67' title="bbox 611 4992 2158 5064">
    <p class='ocr_par' dir='ltr' id='par_1_67' title="bbox 611 4992 2158 5064">
     <span class='ocr_line' id='line_1_67' title="bbox 611 4992 2158 5064; baseline 0.001 -21"><span class='ocrx_word' id='word_1_503' title='bbox 611 5000 932 5057; x_wconf 84' lang='lat' dir='ltr'><strong>peragantur</strong></span> <span class='ocrx_word' id='word_1_504' title='bbox 961 4993 1012 5045; x_wconf 91' lang='lat' dir='ltr'><strong>in</strong></span> <span class='ocrx_word' id='word_1_505' title='bbox 1031 4992 1270 5048; x_wconf 87' lang='lat' dir='ltr'><strong>ecclesiis</strong></span> <span class='ocrx_word' id='word_1_506' title='bbox 1285 4994 1395 5059; x_wconf 89' lang='lat' dir='ltr'><strong>Dei,</strong></span> <span class='ocrx_word' id='word_1_507' title='bbox 1420 5011 1536 5064; x_wconf 69' lang='lat' dir='ltr'><strong>quae</strong></span> <span class='ocrx_word' id='word_1_508' title='bbox 1554 5009 1645 5063; x_wconf 84' lang='lat' dir='ltr'><strong>per</strong></span> <span class='ocrx_word' id='word_1_509' title='bbox 1663 4996 1952 5064; x_wconf 88' lang='lat' dir='ltr'><strong>discipulos</strong></span> <span class='ocrx_word' id='word_1_510' title='bbox 1975 4996 2158 5050; x_wconf 84' lang='lat' dir='ltr'><strong>Salva-</strong></span> 
     </span>
    </p>
   </div>
   <div class='ocr_carea' id='block_1_68' title="bbox 613 5081 2156 5148">
    <p class='ocr_par' dir='ltr' id='par_1_68' title="bbox 613 5081 2156 5148">
     <span class='ocr_line' id='line_1_68' title="bbox 613 5081 2156 5148; baseline 0.003 -16"><span class='ocrx_word' id='word_1_511' title='bbox 613 5081 744 5133; x_wconf 90' lang='lat' dir='ltr'><strong>toris</strong></span> <span class='ocrx_word' id='word_1_512' title='bbox 782 5083 946 5134; x_wconf 89' lang='lat' dir='ltr'><strong>nostri</strong></span> <span class='ocrx_word' id='word_1_513' title='bbox 977 5083 1301 5136; x_wconf 88' lang='lat' dir='ltr'><strong>omnibusin</strong></span> <span class='ocrx_word' id='word_1_514' title='bbox 1340 5084 1468 5138; x_wconf 90' lang='lat' dir='ltr'><strong>locis</strong></span> <span class='ocrx_word' id='word_1_515' title='bbox 1513 5085 1742 5140; x_wconf 68' lang='lat' dir='ltr'><strong>fundatae</strong></span> <span class='ocrx_word' id='word_1_516' title='bbox 1783 5097 1928 5148; x_wconf 88' lang='lat' dir='ltr'><strong>sunt,</strong></span> <span class='ocrx_word' id='word_1_517' title='bbox 1959 5086 2156 5140; x_wconf 84' lang='lat' dir='ltr'><strong>intelli-</strong></span> 
     </span>
    </p>
   </div>
   <div class='ocr_carea' id='block_1_69' title="bbox 609 5173 2152 5247">
    <p class='ocr_par' dir='ltr' id='par_1_69' title="bbox 609 5173 2152 5247">
     <span class='ocr_line' id='line_1_69' title="bbox 609 5173 2152 5247; baseline 0.003 -23"><span class='ocrx_word' id='word_1_518' title='bbox 609 5185 722 5240; x_wconf 81' lang='lat' dir='ltr'><strong>ges,</strong></span> <span class='ocrx_word' id='word_1_519' title='bbox 749 5173 791 5225; x_wconf 86' lang='lat' dir='ltr'><strong>si</strong></span> <span class='ocrx_word' id='word_1_520' title='bbox 823 5173 1057 5225; x_wconf 82' lang='lat' dir='ltr'><strong>animum</strong></span> <span class='ocrx_word' id='word_1_521' title='bbox 1104 5176 1428 5229; x_wconf 89' lang='lat' dir='ltr'><strong>adhibueris.</strong></span> <span class='ocrx_word' id='word_1_522' title='bbox 1457 5177 1658 5229; x_wconf 61' lang='lat' dir='ltr'><strong>Animas</strong></span> <span class='ocrx_word' id='word_1_523' title='bbox 1687 5177 1845 5242; x_wconf 81' lang='lat' dir='ltr'><strong>igitur</strong></span> <span class='ocrx_word' id='word_1_524' title='bbox 1879 5193 1998 5247; x_wconf 72' lang='lat' dir='ltr'><strong>qua:</strong></span> <span class='ocrx_word' id='word_1_525' title='bbox 2027 5177 2152 5229; x_wconf 86' lang='lat' dir='ltr'><strong>olim</strong></span> 
     </span>
    </p>
   </div>
   <div class='ocr_carea' id='block_1_70' title="bbox 613 5260 2154 5334">
    <p class='ocr_par' dir='ltr' id='par_1_70' title="bbox 613 5260 2154 5334">
     <span class='ocr_line' id='line_1_70' title="bbox 613 5260 2154 5334; baseline 0.002 -21"><span class='ocrx_word' id='word_1_526' title='bbox 613 5260 664 5313; x_wconf 86' lang='lat' dir='ltr'><strong>in</strong></span> <span class='ocrx_word' id='word_1_527' title='bbox 695 5263 938 5330; x_wconf 79' lang='lat' dir='ltr'><strong>gentibus</strong></span> <span class='ocrx_word' id='word_1_528' title='bbox 966 5263 1151 5332; x_wconf 72' lang='lat' dir='ltr'><strong>inopes</strong></span> <span class='ocrx_word' id='word_1_529' title='bbox 1176 5280 1238 5318; x_wconf 91' lang='lat' dir='ltr'><strong>ac</strong></span> <span class='ocrx_word' id='word_1_530' title='bbox 1271 5265 1360 5318; x_wconf 85' lang='lat' dir='ltr'><strong>Dei</strong></span> <span class='ocrx_word' id='word_1_531' title='bbox 1395 5266 1696 5334; x_wconf 78' lang='lat' dir='ltr'><strong>cognitione</strong></span> <span class='ocrx_word' id='word_1_532' title='bbox 1725 5276 1946 5334; x_wconf 83' lang='lat' dir='ltr'><strong>egentes</strong></span> <span class='ocrx_word' id='word_1_533' title='bbox 1976 5274 2154 5328; x_wconf 89' lang='lat' dir='ltr'><strong>erant,</strong></span> 
     </span>
    </p>
   </div>
   <div class='ocr_carea' id='block_1_71' title="bbox 612 5350 2158 5423">
    <p class='ocr_par' dir='ltr' id='par_1_71' title="bbox 612 5350 2158 5423">
     <span class='ocr_line' id='line_1_71' title="bbox 612 5350 2158 5423; baseline 0.001 -18"><span class='ocrx_word' id='word_1_534' title='bbox 612 5365 712 5405; x_wconf 86' lang='lat' dir='ltr'><strong>nec</strong></span> <span class='ocrx_word' id='word_1_535' title='bbox 760 5350 844 5404; x_wconf 88' lang='lat' dir='ltr'><strong>vel</strong></span> <span class='ocrx_word' id='word_1_536' title='bbox 891 5353 1082 5408; x_wconf 82' lang='lat' dir='ltr'><strong>stillam</strong></span> <span class='ocrx_word' id='word_1_537' title='bbox 1148 5354 1336 5408; x_wconf 72' lang='lat' dir='ltr'><strong>viviﬁci</strong></span> <span class='ocrx_word' id='word_1_538' title='bbox 1399 5369 1555 5423; x_wconf 90' lang='lat' dir='ltr'><strong>potus</strong></span> <span class='ocrx_word' id='word_1_539' title='bbox 1608 5355 1912 5418; x_wconf 87' lang='lat' dir='ltr'><strong>habebant,</strong></span> <span class='ocrx_word' id='word_1_540' title='bbox 1970 5356 2043 5408; x_wconf 89' lang='lat' dir='ltr'><strong>ita</strong></span> <span class='ocrx_word' id='word_1_541' title='bbox 2101 5365 2158 5408; x_wconf 91' lang='lat' dir='ltr'><strong>ut</strong></span> 
     </span>
    </p>
   </div>
   <div class='ocr_carea' id='block_1_72' title="bbox 613 5438 2154 5516">
    <p class='ocr_par' dir='ltr' id='par_1_72' title="bbox 613 5438 2154 5516">
     <span class='ocr_line' id='line_1_72' title="bbox 613 5438 2154 5516; baseline 0.005 -24"><span class='ocrx_word' id='word_1_542' title='bbox 613 5438 788 5509; x_wconf 86' lang='lat' dir='ltr'><strong>lingua</strong></span> <span class='ocrx_word' id='word_1_543' title='bbox 826 5458 1034 5509; x_wconf 85' lang='lat' dir='ltr'><strong>earum,</strong></span> <span class='ocrx_word' id='word_1_544' title='bbox 1080 5454 1134 5499; x_wconf 90' lang='lat' dir='ltr'><strong>et</strong></span> <span class='ocrx_word' id='word_1_545' title='bbox 1175 5459 1350 5499; x_wconf 87' lang='lat' dir='ltr'><strong>sermo</strong></span> <span class='ocrx_word' id='word_1_546' title='bbox 1386 5462 1448 5501; x_wconf 87' lang='lat' dir='ltr'><strong>ea</strong></span> <span class='ocrx_word' id='word_1_547' title='bbox 1501 5447 1746 5516; x_wconf 87' lang='lat' dir='ltr'><strong>prolatus</strong></span> <span class='ocrx_word' id='word_1_548' title='bbox 1781 5456 2154 5512; x_wconf 81' lang='lat' dir='ltr'><strong>esaresceret,</strong></span> 
     </span>
    </p>
   </div>
   <div class='ocr_carea' id='block_1_73' title="bbox 615 5536 2160 5607">
    <p class='ocr_par' dir='ltr' id='par_1_73' title="bbox 615 5536 2160 5607">
     <span class='ocr_line' id='line_1_73' title="bbox 615 5536 2160 5607; baseline 0.003 -20"><span class='ocrx_word' id='word_1_549' title='bbox 615 5536 755 5598; x_wconf 88' lang='lat' dir='ltr'><strong>quod</strong></span> <span class='ocrx_word' id='word_1_550' title='bbox 789 5549 853 5588; x_wconf 91' lang='lat' dir='ltr'><strong>ne</strong></span> <span class='ocrx_word' id='word_1_551' title='bbox 901 5545 1062 5600; x_wconf 63' lang='grc' dir='ltr'>κιιιιαξ</span> <span class='ocrx_word' id='word_1_552' title='bbox 1112 5538 1325 5603; x_wconf 88' lang='lat' dir='ltr'><strong>quidem</strong></span> <span class='ocrx_word' id='word_1_553' title='bbox 1377 5537 1628 5590; x_wconf 86' lang='lat' dir='ltr'><strong>salutaris</strong></span> <span class='ocrx_word' id='word_1_554' title='bbox 1674 5539 1820 5591; x_wconf 88' lang='lat' dir='ltr'><strong>verbi</strong></span> <span class='ocrx_word' id='word_1_555' title='bbox 1867 5539 2160 5607; x_wconf 85' lang='lat' dir='ltr'><strong>participes</strong></span> 
     </span>
    </p>
   </div>
   <div class='ocr_carea' id='block_1_74' title="bbox 614 5627 2161 5696">
    <p class='ocr_par' dir='ltr' id='par_1_74' title="bbox 614 5627 2161 5696">
     <span class='ocr_line' id='line_1_74' title="bbox 614 5627 2161 5696; baseline 0.001 -18"><span class='ocrx_word' id='word_1_556' title='bbox 614 5637 823 5691; x_wconf 88' lang='lat' dir='ltr'><strong>essent;</strong></span> <span class='ocrx_word' id='word_1_557' title='bbox 861 5629 1056 5681; x_wconf 67' lang='lat' dir='ltr'><strong>eaedem</strong></span> <span class='ocrx_word' id='word_1_558' title='bbox 1110 5628 1238 5696; x_wconf 65' lang='lat' dir='ltr'><strong>ipsa:</strong></span> <span class='ocrx_word' id='word_1_559' title='bbox 1273 5639 1366 5695; x_wconf 88' lang='lat' dir='ltr'><strong>per</strong></span> <span class='ocrx_word' id='word_1_560' title='bbox 1412 5627 1686 5682; x_wconf 74' lang='lat' dir='ltr'><strong>cmlestem</strong></span> <span class='ocrx_word' id='word_1_561' title='bbox 1725 5629 1951 5695; x_wconf 87' lang='lat' dir='ltr'><strong>gratiam</strong></span> <span class='ocrx_word' id='word_1_562' title='bbox 2008 5628 2161 5682; x_wconf 76' lang='lat' dir='ltr'><strong>inex-</strong></span> 
     </span>
    </p>
   </div>
   <div class='ocr_carea' id='block_1_75' title="bbox 615 5717 2163 5785">
    <p class='ocr_par' dir='ltr' id='par_1_75' title="bbox 615 5717 2163 5785">
     <span class='ocr_line' id='line_1_75' title="bbox 615 5717 2163 5785; baseline 0.003 -17"><span class='ocrx_word' id='word_1_563' title='bbox 615 5724 907 5782; x_wconf 82' lang='lat' dir='ltr'><strong>spectatum</strong></span> <span class='ocrx_word' id='word_1_564' title='bbox 948 5719 1260 5773; x_wconf 79' lang='lat' dir='ltr'><strong>beneﬁcium</strong></span> <span class='ocrx_word' id='word_1_565' title='bbox 1307 5725 1656 5784; x_wconf 85' lang='lat' dir='ltr'><strong>acceperunt,</strong></span> <span class='ocrx_word' id='word_1_566' title='bbox 1703 5717 1958 5785; x_wconf 77' lang='lat' dir='ltr'><strong>fontibus,</strong></span> <span class='ocrx_word' id='word_1_567' title='bbox 1989 5718 2163 5774; x_wconf 85' lang='lat' dir='ltr'><strong>ﬂumi-</strong></span> 
     </span>
    </p>
   </div>
   <div class='ocr_carea' id='block_1_76' title="bbox 618 5805 2161 5883">
    <p class='ocr_par' dir='ltr' id='par_1_76' title="bbox 618 5805 2161 5883">
     <span class='ocr_line' id='line_1_76' title="bbox 618 5805 2161 5883; baseline 0.006 -25"><span class='ocrx_word' id='word_1_568' title='bbox 618 5805 770 5860; x_wconf 79' lang='lat' dir='ltr'><strong>nibus</strong></span> <span class='ocrx_word' id='word_1_569' title='bbox 799 5816 850 5861; x_wconf 77' lang='lat' dir='ltr'><strong>et</strong></span> <span class='ocrx_word' id='word_1_570' title='bbox 878 5808 1194 5864; x_wconf 82' lang='lat' dir='ltr'><strong>omnimodis</strong></span> <span class='ocrx_word' id='word_1_571' title='bbox 1238 5810 1390 5879; x_wconf 81' lang='lat' dir='ltr'><strong>aquis</strong></span> <span class='ocrx_word' id='word_1_572' title='bbox 1424 5808 1647 5867; x_wconf 72' lang='lat' dir='ltr'><strong>viviﬁcis</strong></span> <span class='ocrx_word' id='word_1_573' title='bbox 1685 5811 1932 5883; x_wconf 66' lang='lat' dir='ltr'><strong>repletas;</strong></span> <span class='ocrx_word' id='word_1_574' title='bbox 1979 5820 2161 5883; x_wconf 77' lang='lat' dir='ltr'><strong>utpote</strong></span> 
     </span>
    </p>
   </div>
   <div class='ocr_carea' id='block_1_77' title="bbox 2273 1987 3848 2061">
    <p class='ocr_par' dir='ltr' id='par_1_77' title="bbox 2273 1987 3848 2061">
     <span class='ocr_line' id='line_1_77' title="bbox 2273 1987 3848 2061; baseline -0.001 -17"><span class='ocrx_word' id='word_1_575' title='bbox 2273 1996 2379 2060; x_wconf 81' lang='grc' dir='ltr'>ρεῖν</span> <span class='ocrx_word' id='word_1_576' title='bbox 2415 2009 2471 2043; x_wconf 86' lang='grc' dir='ltr'><strong>σε</strong></span> <span class='ocrx_word' id='word_1_577' title='bbox 2500 1995 2788 2061; x_wconf 76' lang='grc' dir='ltr'>προσήκει,</span> <span class='ocrx_word' id='word_1_578' title='bbox 2817 1992 2910 2043; x_wconf 74' lang='grc' dir='ltr'>καὶ</span> <span class='ocrx_word' id='word_1_579' title='bbox 2945 1991 3231 2058; x_wconf 79' lang='grc' dir='ltr'>ὑπομένειν</span> <span class='ocrx_word' id='word_1_580' title='bbox 3270 1990 3368 2052; x_wconf 70' lang='grc' dir='ltr'><strong>τὰς</strong></span> <span class='ocrx_word' id='word_1_581' title='bbox 3433 1987 3493 2052; x_wconf 83' lang='grc' dir='ltr'>ἐξ</span> <span class='ocrx_word' id='word_1_582' title='bbox 3526 1987 3705 2043; x_wconf 74' lang='grc' dir='ltr'>αὐτῶν</span> <span class='ocrx_word' id='word_1_583' title='bbox 3743 1992 3848 2042; x_wconf 74' lang='grc' dir='ltr'>ἐπ·-</span> 
     </span>
    </p>
   </div>
   <div class='ocr_carea' id='block_1_78' title="bbox 2274 2083 2789 2154">
    <p class='ocr_par' dir='ltr' id='par_1_78' title="bbox 2274 2083 2789 2154">
     <span class='ocr_line' id='line_1_78' title="bbox 2274 2083 2789 2154; baseline 0.002 -18"><span class='ocrx_word' id='word_1_584' title='bbox 2274 2101 2366 2152; x_wconf 75' lang='grc' dir='ltr'><strong>αγο</strong></span> <span class='ocrx_word' id='word_1_585' title='bbox 2374 2083 2535 2154; x_wconf 90' lang='grc' dir='ltr'>μένας</span> <span class='ocrx_word' id='word_1_586' title='bbox 2567 2083 2789 2151; x_wconf 64' lang='grc' dir='ltr'>θλίψεις.</span> 
     </span>
    </p>
   </div>
   <div class='ocr_carea' id='block_1_79' title="bbox 2342 2165 3838 2240">
    <p class='ocr_par' dir='ltr' id='par_1_79' title="bbox 2342 2165 3838 2240">
     <span class='ocr_line' id='line_1_79' title="bbox 2342 2165 3838 2240; baseline -0.003 -18"><span class='ocrx_word' id='word_1_587' title='bbox 2342 2191 2360 2222; x_wconf 84' lang='grc'>‹</span> <span class='ocrx_word' id='word_1_588' title='bbox 2398 2173 2518 2223; x_wconf 85' lang='grc' dir='ltr'>Ὅτι</span> <span class='ocrx_word' id='word_1_589' title='bbox 2548 2169 2657 2238; x_wconf 81' lang='grc' dir='ltr'>ἐγὼ</span> <span class='ocrx_word' id='word_1_590' title='bbox 2692 2172 2719 2223; x_wconf 90' lang='lat'><strong>6</strong></span> <span class='ocrx_word' id='word_1_591' title='bbox 2749 2170 2879 2232; x_wconf 71' lang='grc' dir='ltr'>Θεὸς</span> <span class='ocrx_word' id='word_1_592' title='bbox 2913 2188 3024 2231; x_wconf 82' lang='grc' dir='ltr'>σου,</span> <span class='ocrx_word' id='word_1_593' title='bbox 3065 2171 3092 2222; x_wconf 97' lang='lat'><strong>6</strong></span> <span class='ocrx_word' id='word_1_594' title='bbox 3124 2169 3342 2240; x_wconf 79' lang='grc' dir='ltr'>κρατῶν</span> <span class='ocrx_word' id='word_1_595' title='bbox 3382 2169 3476 2238; x_wconf 79' lang='grc' dir='ltr'>τῆς</span> <span class='ocrx_word' id='word_1_596' title='bbox 3509 2165 3687 2230; x_wconf 70' lang='grc' dir='ltr'>δεξιᾶς</span> <span class='ocrx_word' id='word_1_597' title='bbox 3721 2181 3838 2230; x_wconf 84' lang='grc' dir='ltr'>σου,</span> 
     </span>
    </p>
   </div>
   <div class='ocr_carea' id='block_1_80' title="bbox 2267 2259 3838 2332">
    <p class='ocr_par' dir='ltr' id='par_1_80' title="bbox 2267 2259 3838 2332">
     <span class='ocr_line' id='line_1_80' title="bbox 2267 2259 3838 2332; baseline -0.002 -18"><span class='ocrx_word' id='word_1_598' title='bbox 2267 2263 2296 2315; x_wconf 87' lang='lat'><strong>6</strong></span> <span class='ocrx_word' id='word_1_599' title='bbox 2315 2261 2484 2329; x_wconf 88' lang='grc' dir='ltr'>λέγων</span> <span class='ocrx_word' id='word_1_600' title='bbox 2512 2279 2621 2314; x_wconf 90' lang='grc' dir='ltr'>σοι·</span> <span class='ocrx_word' id='word_1_601' title='bbox 2652 2261 2743 2332; x_wconf 77' lang='grc' dir='ltr'><strong>Μὴ</strong></span> <span class='ocrx_word' id='word_1_602' title='bbox 2765 2261 2950 2330; x_wconf 76' lang='grc' dir='ltr'>φοϐοῦ,</span> <span class='ocrx_word' id='word_1_603' title='bbox 2987 2259 3199 2325; x_wconf 77' lang='grc' dir='ltr'>Ἰακὼϐ,</span> <span class='ocrx_word' id='word_1_604' title='bbox 3224 2261 3500 2328; x_wconf 76' lang='grc' dir='ltr'><strong>ὀλιγοστὸς</strong></span> <span class='ocrx_word' id='word_1_605' title='bbox 3536 2259 3770 2331; x_wconf 76' lang='grc' dir='ltr'>Ἰσραήλ.</span> <span class='ocrx_word' id='word_1_606' title='bbox 3815 2276 3838 2311; x_wconf 82' lang='lat' dir='ltr'><strong>s</strong></span> 
     </span>
    </p>
   </div>
   <div class='ocr_carea' id='block_1_81' title="bbox 2279 2349 3845 2423">
    <p class='ocr_par' dir='ltr' id='par_1_81' title="bbox 2279 2349 3845 2423">
     <span class='ocr_line' id='line_1_81' title="bbox 2279 2349 3845 2423; baseline -0.002 -17"><span class='ocrx_word' id='word_1_607' title='bbox 2279 2353 2477 2421; x_wconf 80' lang='grc' dir='ltr'>Ὀλίγοι</span> <span class='ocrx_word' id='word_1_608' title='bbox 2512 2353 2620 2423; x_wconf 78' lang='grc' dir='ltr'><strong>γὰρ</strong></span> <span class='ocrx_word' id='word_1_609' title='bbox 2652 2353 2742 2404; x_wconf 84' lang='grc' dir='ltr'>τὸν</span> <span class='ocrx_word' id='word_1_610' title='bbox 2783 2351 3013 2420; x_wconf 79' lang='grc' dir='ltr'>ἀριθμὸν</span> <span class='ocrx_word' id='word_1_611' title='bbox 3054 2349 3346 2420; x_wconf 83' lang='grc' dir='ltr'>ἐτύγχανον</span> <span class='ocrx_word' id='word_1_612' title='bbox 3387 2354 3435 2403; x_wconf 78' lang='grc' dir='ltr'>οἱ</span> <span class='ocrx_word' id='word_1_613' title='bbox 3465 2351 3556 2404; x_wconf 74' lang='grc' dir='ltr'><strong>τοῦ</strong></span> <span class='ocrx_word' id='word_1_614' title='bbox 3591 2351 3845 2420; x_wconf 78' lang='grc' dir='ltr'><strong>Σωτῆρος</strong></span> 
     </span>
    </p>
   </div>
   <div class='ocr_carea' id='block_1_82' title="bbox 2266 2440 3843 2514">
    <p class='ocr_par' dir='ltr' id='par_1_82' title="bbox 2266 2440 3843 2514">
     <span class='ocr_line' id='line_1_82' title="bbox 2266 2440 3843 2514; baseline -0.001 -18"><span class='ocrx_word' id='word_1_615' title='bbox 2266 2445 2419 2514; x_wconf 81' lang='grc' dir='ltr'>ἡμῶν</span> <span class='ocrx_word' id='word_1_616' title='bbox 2455 2443 2722 2514; x_wconf 72' lang='grc' dir='ltr'>μαθηταὶ,</span> <span class='ocrx_word' id='word_1_617' title='bbox 2760 2440 2968 2494; x_wconf 76' lang='grc' dir='ltr'>δώδεκα</span> <span class='ocrx_word' id='word_1_618' title='bbox 3006 2442 3102 2511; x_wconf 85' lang='grc' dir='ltr'>μὲν</span> <span class='ocrx_word' id='word_1_619' title='bbox 3134 2442 3286 2504; x_wconf 72' lang='grc' dir='ltr'>ὄντες</span> <span class='ocrx_word' id='word_1_620' title='bbox 3330 2442 3646 2495; x_wconf 63' lang='grc' dir='ltr'>ἀπόστολον</span> <span class='ocrx_word' id='word_1_621' title='bbox 3691 2440 3843 2495; x_wconf 70' lang='grc' dir='ltr'>ἐϐδο-</span> 
     </span>
    </p>
   </div>
   <div class='ocr_carea' id='block_1_83' title="bbox 2268 2531 3062 2606">
    <p class='ocr_par' dir='ltr' id='par_1_83' title="bbox 2268 2531 3062 2606">
     <span class='ocr_line' id='line_1_83' title="bbox 2268 2531 3062 2606; baseline -0.006 -18"><span class='ocrx_word' id='word_1_622' title='bbox 2268 2537 2508 2606; x_wconf 73' lang='grc' dir='ltr'>μήκοντα</span> <span class='ocrx_word' id='word_1_623' title='bbox 2536 2533 2591 2586; x_wconf 73' lang='grc' dir='ltr'>δὲ</span> <span class='ocrx_word' id='word_1_624' title='bbox 2625 2533 2674 2585; x_wconf 83' lang='grc' dir='ltr'>οἱ</span> <span class='ocrx_word' id='word_1_625' title='bbox 2704 2532 2818 2603; x_wconf 77' lang='grc' dir='ltr'>μετ’</span> <span class='ocrx_word' id='word_1_626' title='bbox 2847 2531 3062 2594; x_wconf 79' lang='grc' dir='ltr'>αὐτούς.</span> 
     </span>
    </p>
   </div>
   <div class='ocr_carea' id='block_1_84' title="bbox 2341 2619 3838 2692">
    <p class='ocr_par' dir='ltr' id='par_1_84' title="bbox 2341 2619 3838 2692">
     <span class='ocr_line' id='line_1_84' title="bbox 2341 2619 3838 2692; baseline 0.003 -16"><span class='ocrx_word' id='word_1_627' title='bbox 2341 2644 2358 2676; x_wconf 83' lang='lat' dir='ltr'><strong>t</strong></span> <span class='ocrx_word' id='word_1_628' title='bbox 2403 2624 2532 2676; x_wconf 78' lang='grc' dir='ltr'>Ἰδοὺ</span> <span class='ocrx_word' id='word_1_629' title='bbox 2567 2622 2796 2692; x_wconf 81' lang='grc' dir='ltr'>ἐποίησὰ</span> <span class='ocrx_word' id='word_1_630' title='bbox 2831 2638 2888 2672; x_wconf 89' lang='grc' dir='ltr'><strong>σε</strong></span> <span class='ocrx_word' id='word_1_631' title='bbox 2930 2623 3005 2684; x_wconf 83' lang='grc' dir='ltr'>ὡς</span> <span class='ocrx_word' id='word_1_632' title='bbox 3033 2621 3260 2692; x_wconf 76' lang='grc' dir='ltr'>τροχοὺς</span> <span class='ocrx_word' id='word_1_633' title='bbox 3287 2619 3507 2691; x_wconf 74' lang='grc' dir='ltr'>ἀμάξης</span> <span class='ocrx_word' id='word_1_634' title='bbox 3546 2619 3838 2683; x_wconf 65' lang='grc' dir='ltr'>ἀλοῶντσςο</span> 
     </span>
    </p>
   </div>
   <div class='ocr_carea' id='block_1_85' title="bbox 2267 2710 3840 2784">
    <p class='ocr_par' dir='ltr' id='par_1_85' title="bbox 2267 2710 3840 2784">
     <span class='ocr_line' id='line_1_85' title="bbox 2267 2710 3840 2784; baseline -0.003 -15"><span class='ocrx_word' id='word_1_635' title='bbox 2267 2717 2504 2776; x_wconf 72' lang='grc' dir='ltr'>καινοὺς,</span> <span class='ocrx_word' id='word_1_636' title='bbox 2546 2712 2991 2784; x_wconf 73' lang='grc' dir='ltr'>πριττηροειδεῐς.</span> <span class='ocrx_word' id='word_1_637' title='bbox 3047 2731 3064 2762; x_wconf 75' lang='grc' dir='ltr'><strong>ι</strong></span> <span class='ocrx_word' id='word_1_638' title='bbox 3096 2712 3252 2764; x_wconf 67' lang='grc' dir='ltr'>Οὕτω</span> <span class='ocrx_word' id='word_1_639' title='bbox 3281 2712 3388 2782; x_wconf 75' lang='grc' dir='ltr'><strong>γὰρ</strong></span> <span class='ocrx_word' id='word_1_640' title='bbox 3419 2715 3452 2782; x_wconf 82' lang='grc' dir='ltr'>ἡ</span> <span class='ocrx_word' id='word_1_641' title='bbox 3487 2711 3712 2780; x_wconf 82' lang='grc' dir='ltr'>δύναμις</span> <span class='ocrx_word' id='word_1_642' title='bbox 3740 2710 3840 2764; x_wconf 78' lang='grc' dir='ltr'><strong>τοῦ</strong></span> 
     </span>
    </p>
   </div>
   <div class='ocr_carea' id='block_1_86' title="bbox 2266 2804 3842 2879">
    <p class='ocr_par' dir='ltr' id='par_1_86' title="bbox 2266 2804 3842 2879">
     <span class='ocr_line' id='line_1_86' title="bbox 2266 2804 3842 2879; baseline -0.005 -17"><span class='ocrx_word' id='word_1_643' title='bbox 2266 2809 2606 2879; x_wconf 80' lang='grc' dir='ltr'>ἐνισχύοντος</span> <span class='ocrx_word' id='word_1_644' title='bbox 2649 2809 2842 2869; x_wconf 75' lang='grc' dir='ltr'>αὐτοὺς</span> <span class='ocrx_word' id='word_1_645' title='bbox 2881 2806 3202 2867; x_wconf 74' lang='grc' dir='ltr'>ἐδεικνῦετο,</span> <span class='ocrx_word' id='word_1_646' title='bbox 3254 2807 3341 2857; x_wconf 86' lang='grc' dir='ltr'>ὅτε</span> <span class='ocrx_word' id='word_1_647' title='bbox 3375 2805 3528 2858; x_wconf 75' lang='grc' dir='ltr'>αὐτοὶ</span> <span class='ocrx_word' id='word_1_648' title='bbox 3558 2804 3842 2874; x_wconf 81' lang='grc' dir='ltr'><strong>σκώληκος</strong></span> 
     </span>
    </p>
   </div>
   <div class='ocr_carea' id='block_1_87' title="bbox 2265 2889 3843 2965">
    <p class='ocr_par' dir='ltr' id='par_1_87' title="bbox 2265 2889 3843 2965">
     <span class='ocr_line' id='line_1_87' title="bbox 2265 2889 3843 2965; baseline -0.003 -16"><span class='ocrx_word' id='word_1_649' title='bbox 2265 2897 2412 2950; x_wconf 77' lang='grc' dir='ltr'>οὐδὲν</span> <span class='ocrx_word' id='word_1_650' title='bbox 2445 2897 2688 2965; x_wconf 80' lang='grc' dir='ltr'>διέφερον</span> <span class='ocrx_word' id='word_1_651' title='bbox 2709 2936 2722 2958; x_wconf 92' lang='grc'><strong>,</strong></span> <span class='ocrx_word' id='word_1_652' title='bbox 2749 2895 2882 2948; x_wconf 82' lang='grc' dir='ltr'>ἀλλὰ</span> <span class='ocrx_word' id='word_1_653' title='bbox 2911 2896 3003 2947; x_wconf 74' lang='grc' dir='ltr'>καὶ</span> <span class='ocrx_word' id='word_1_654' title='bbox 3034 2895 3296 2960; x_wconf 75' lang='grc' dir='ltr'>ὀλιγοστοὶ</span> <span class='ocrx_word' id='word_1_655' title='bbox 3328 2889 3488 2964; x_wconf 81' lang='grc' dir='ltr'>ἦσαν,</span> <span class='ocrx_word' id='word_1_656' title='bbox 3530 2893 3624 2946; x_wconf 74' lang='grc' dir='ltr'>καὶ</span> <span class='ocrx_word' id='word_1_657' title='bbox 3650 2893 3843 2964; x_wconf 78' lang='grc' dir='ltr'>νεκροὶ</span> 
     </span>
    </p>
   </div>
   <div class='ocr_carea' id='block_1_88' title="bbox 2265 2980 3843 3054">
    <p class='ocr_par' dir='ltr' id='par_1_88' title="bbox 2265 2980 3843 3054">
     <span class='ocr_line' id='line_1_88' title="bbox 2265 2980 3843 3054; baseline -0.002 -16"><span class='ocrx_word' id='word_1_658' title='bbox 2265 2986 2359 3039; x_wconf 75' lang='grc' dir='ltr'><strong>καὶ</strong></span> <span class='ocrx_word' id='word_1_659' title='bbox 2387 2984 2678 3047; x_wconf 78' lang='grc' dir='ltr'><strong>τεθνεῶτες</strong></span> <span class='ocrx_word' id='word_1_660' title='bbox 2708 2983 2801 3037; x_wconf 85' lang='grc' dir='ltr'><strong>τοῦ</strong></span> <span class='ocrx_word' id='word_1_661' title='bbox 2846 2983 3058 3054; x_wconf 77' lang='grc' dir='ltr'>Ἰσραὴλ</span> <span class='ocrx_word' id='word_1_662' title='bbox 3087 2982 3398 3051; x_wconf 78' lang='grc' dir='ltr'>ἐτύγχανον.</span> <span class='ocrx_word' id='word_1_663' title='bbox 3443 2984 3629 3052; x_wconf 82' lang='grc' dir='ltr'>Ὅμως</span> <span class='ocrx_word' id='word_1_664' title='bbox 3661 2980 3843 3036; x_wconf 77' lang='grc' dir='ltr'>τοιοῦ-</span> 
     </span>
    </p>
   </div>
   <div class='ocr_carea' id='block_1_89' title="bbox 2265 3069 3840 3141">
    <p class='ocr_par' dir='ltr' id='par_1_89' title="bbox 2265 3069 3840 3141">
     <span class='ocr_line' id='line_1_89' title="bbox 2265 3069 3840 3141; baseline -0.001 -17"><span class='ocrx_word' id='word_1_665' title='bbox 2265 3090 2346 3125; x_wconf 87' lang='grc' dir='ltr'><strong>τοι</strong></span> <span class='ocrx_word' id='word_1_666' title='bbox 2392 3073 2563 3136; x_wconf 72' lang='grc' dir='ltr'>ὄντες.</span> <span class='ocrx_word' id='word_1_667' title='bbox 2609 3073 2797 3141; x_wconf 78' lang='grc' dir='ltr'>ὥσπερ</span> <span class='ocrx_word' id='word_1_668' title='bbox 2846 3072 2967 3124; x_wconf 76' lang='grc' dir='ltr'>τινὰ</span> <span class='ocrx_word' id='word_1_669' title='bbox 3017 3071 3270 3139; x_wconf 82' lang='grc' dir='ltr'>καλάμην</span> <span class='ocrx_word' id='word_1_670' title='bbox 3315 3070 3588 3141; x_wconf 84' lang='grc' dir='ltr'>διέτεμνον</span> <span class='ocrx_word' id='word_1_671' title='bbox 3624 3069 3840 3141; x_wconf 84' lang='grc' dir='ltr'>τροχῶν</span> 
     </span>
    </p>
   </div>
   <div class='ocr_carea' id='block_1_90' title="bbox 2269 3159 3839 3233">
    <p class='ocr_par' dir='ltr' id='par_1_90' title="bbox 2269 3159 3839 3233">
     <span class='ocr_line' id='line_1_90' title="bbox 2269 3159 3839 3233; baseline 0 -19"><span class='ocrx_word' id='word_1_672' title='bbox 2269 3162 2360 3214; x_wconf 75' lang='grc' dir='ltr'>καὶ</span> <span class='ocrx_word' id='word_1_673' title='bbox 2391 3163 2603 3233; x_wconf 79' lang='grc' dir='ltr'>ἀμάξης</span> <span class='ocrx_word' id='word_1_674' title='bbox 2629 3164 2846 3231; x_wconf 81' lang='grc' dir='ltr'>τρόπον,</span> <span class='ocrx_word' id='word_1_675' title='bbox 2875 3161 3135 3225; x_wconf 82' lang='grc' dir='ltr'>ἀλοῶντες</span> <span class='ocrx_word' id='word_1_676' title='bbox 3163 3164 3254 3214; x_wconf 74' lang='grc' dir='ltr'>καὶ</span> <span class='ocrx_word' id='word_1_677' title='bbox 3282 3161 3702 3232; x_wconf 70' lang='grc' dir='ltr'>καταπρίξοντες</span> <span class='ocrx_word' id='word_1_678' title='bbox 3723 3159 3839 3214; x_wconf 81' lang='grc' dir='ltr'><strong>τῶν</strong></span> 
     </span>
    </p>
   </div>
   <div class='ocr_carea' id='block_1_91' title="bbox 2268 3251 3834 3322">
    <p class='ocr_par' dir='ltr' id='par_1_91' title="bbox 2268 3251 3834 3322">
     <span class='ocr_line' id='line_1_91' title="bbox 2268 3251 3834 3322; baseline 0.001 -17"><span class='ocrx_word' id='word_1_679' title='bbox 2268 3254 2573 3320; x_wconf 60' lang='grc' dir='ltr'>ἀλλοφύλων</span> <span class='ocrx_word' id='word_1_680' title='bbox 2596 3255 2683 3304; x_wconf 76' lang='grc' dir='ltr'>καὶ</span> <span class='ocrx_word' id='word_1_681' title='bbox 2700 3252 2870 3304; x_wconf 77' lang='grc' dir='ltr'>ἀθέων</span> <span class='ocrx_word' id='word_1_682' title='bbox 2897 3251 3062 3304; x_wconf 82' lang='grc' dir='ltr'>ἐθνῶν</span> <span class='ocrx_word' id='word_1_683' title='bbox 3084 3252 3179 3321; x_wconf 86' lang='grc' dir='ltr'>τὴν</span> <span class='ocrx_word' id='word_1_684' title='bbox 3201 3252 3515 3322; x_wconf 81' lang='grc' dir='ltr'>δαιμονικὴν</span> <span class='ocrx_word' id='word_1_685' title='bbox 3537 3251 3834 3307; x_wconf 82' lang='grc' dir='ltr'>θεοποιίαν.</span> 
     </span>
    </p>
   </div>
   <div class='ocr_carea' id='block_1_92' title="bbox 2273 3339 3840 3410">
    <p class='ocr_par' dir='ltr' id='par_1_92' title="bbox 2273 3339 3840 3410">
     <span class='ocr_line' id='line_1_92' title="bbox 2273 3339 3840 3410; baseline 0.003 -20"><span class='ocrx_word' id='word_1_686' title='bbox 2273 3361 2288 3390; x_wconf 75' lang='grc' dir='ltr'><strong>ι</strong></span> <span class='ocrx_word' id='word_1_687' title='bbox 2333 3343 2441 3394; x_wconf 75' lang='grc' dir='ltr'><strong>Καὶ</strong></span> <span class='ocrx_word' id='word_1_688' title='bbox 2478 3341 2723 3410; x_wconf 76' lang='grc' dir='ltr'>ἀλοήσεις</span> <span class='ocrx_word' id='word_1_689' title='bbox 2771 3341 2891 3410; x_wconf 75' lang='grc' dir='ltr'>ὅρη,</span> <span class='ocrx_word' id='word_1_690' title='bbox 2944 3341 3036 3392; x_wconf 78' lang='grc' dir='ltr'>καὶ</span> <span class='ocrx_word' id='word_1_691' title='bbox 3099 3339 3378 3402; x_wconf 82' lang='grc' dir='ltr'>λεπτυνείς</span> <span class='ocrx_word' id='word_1_692' title='bbox 3439 3339 3696 3409; x_wconf 75' lang='grc' dir='ltr'>βουνοὺς,</span> <span class='ocrx_word' id='word_1_693' title='bbox 3737 3341 3840 3395; x_wconf 77' lang='grc' dir='ltr'>καὶ</span> 
     </span>
    </p>
   </div>
   <div class='ocr_carea' id='block_1_93' title="bbox 2265 3434 2816 3505">
    <p class='ocr_par' dir='ltr' id='par_1_93' title="bbox 2265 3434 2816 3505">
     <span class='ocr_line' id='line_1_93' title="bbox 2265 3434 2816 3505; baseline 0 -19"><span class='ocrx_word' id='word_1_694' title='bbox 2265 3435 2338 3498; x_wconf 83' lang='grc' dir='ltr'>ὡς</span> <span class='ocrx_word' id='word_1_695' title='bbox 2372 3434 2529 3505; x_wconf 86' lang='grc' dir='ltr'>χνοῦν</span> <span class='ocrx_word' id='word_1_696' title='bbox 2555 3436 2760 3504; x_wconf 78' lang='grc' dir='ltr'>θήσεις.</span> <span class='ocrx_word' id='word_1_697' title='bbox 2799 3456 2816 3485; x_wconf 74' lang='grc' dir='ltr'><strong>ι</strong></span> 
     </span>
    </p>
   </div>
   <div class='ocr_carea' id='block_1_94' title="bbox 2340 3549 3836 3619">
    <p class='ocr_par' dir='ltr' id='par_1_94' title="bbox 2340 3549 3836 3619">
     <span class='ocr_line' id='line_1_94' title="bbox 2340 3549 3836 3619; baseline 0.003 -20"><span class='ocrx_word' id='word_1_698' title='bbox 2340 3567 2357 3598; x_wconf 79' lang='lat' dir='ltr'><strong>t</strong></span> <span class='ocrx_word' id='word_1_699' title='bbox 2399 3550 2505 3600; x_wconf 77' lang='grc' dir='ltr'><strong>Καὶ</strong></span> <span class='ocrx_word' id='word_1_700' title='bbox 2570 3549 2891 3618; x_wconf 80' lang='grc' dir='ltr'>λικμήσεις,</span> <span class='ocrx_word' id='word_1_701' title='bbox 2948 3551 3039 3601; x_wconf 73' lang='grc' dir='ltr'>καὶ</span> <span class='ocrx_word' id='word_1_702' title='bbox 3082 3550 3276 3619; x_wconf 82' lang='grc' dir='ltr'>ἄνεμος</span> <span class='ocrx_word' id='word_1_703' title='bbox 3339 3549 3565 3619; x_wconf 71' lang='grc' dir='ltr'>λήψεται</span> <span class='ocrx_word' id='word_1_704' title='bbox 3610 3550 3836 3617; x_wconf 79' lang='grc' dir='ltr'>αὐτοὺς,</span> 
     </span>
    </p>
   </div>
   <div class='ocr_carea' id='block_1_95' title="bbox 2264 3639 3838 3711">
    <p class='ocr_par' dir='ltr' id='par_1_95' title="bbox 2264 3639 3838 3711">
     <span class='ocr_line' id='line_1_95' title="bbox 2264 3639 3838 3711; baseline 0.003 -20"><span class='ocrx_word' id='word_1_705' title='bbox 2264 3639 2356 3691; x_wconf 74' lang='grc' dir='ltr'>καὶ</span> <span class='ocrx_word' id='word_1_706' title='bbox 2413 3639 2661 3706; x_wconf 68' lang='grc' dir='ltr'>καταιγλς</span> <span class='ocrx_word' id='word_1_707' title='bbox 2721 3639 3002 3710; x_wconf 83' lang='grc' dir='ltr'>διασπερεῖ</span> <span class='ocrx_word' id='word_1_708' title='bbox 3066 3641 3279 3703; x_wconf 73' lang='grc' dir='ltr'>αὐτούς.</span> <span class='ocrx_word' id='word_1_709' title='bbox 3344 3641 3414 3694; x_wconf 73' lang='grc' dir='ltr'><strong>Σὺ</strong></span> <span class='ocrx_word' id='word_1_710' title='bbox 3473 3641 3530 3694; x_wconf 81' lang='grc' dir='ltr'>δὲ</span> <span class='ocrx_word' id='word_1_711' title='bbox 3595 3643 3838 3711; x_wconf 73' lang='grc' dir='ltr'>εὐφρανο</span> 
     </span>
    </p>
   </div>
   <div class='ocr_carea' id='block_1_96' title="bbox 2263 3730 3836 3803">
    <p class='ocr_par' dir='ltr' id='par_1_96' title="bbox 2263 3730 3836 3803">
     <span class='ocr_line' id='line_1_96' title="bbox 2263 3730 3836 3803; baseline 0.004 -22"><span class='ocrx_word' id='word_1_712' title='bbox 2263 3730 2402 3803; x_wconf 82' lang='grc' dir='ltr'>θήσῃ</span> <span class='ocrx_word' id='word_1_713' title='bbox 2432 3733 2489 3783; x_wconf 83' lang='grc' dir='ltr'>ὲν</span> <span class='ocrx_word' id='word_1_714' title='bbox 2520 3733 2631 3795; x_wconf 82' lang='grc' dir='ltr'>τοῖς</span> <span class='ocrx_word' id='word_1_715' title='bbox 2659 3733 2834 3800; x_wconf 84' lang='grc' dir='ltr'>ἁγίοις</span> <span class='ocrx_word' id='word_1_716' title='bbox 2873 3732 3106 3803; x_wconf 81' lang='grc' dir='ltr'>Ἰσραήλ.</span> <span class='ocrx_word' id='word_1_717' title='bbox 3145 3753 3162 3784; x_wconf 74' lang='grc' dir='ltr'><strong>ι</strong></span> <span class='ocrx_word' id='word_1_718' title='bbox 3195 3735 3331 3803; x_wconf 77' lang='grc' dir='ltr'><strong>Ὀρη</strong></span> <span class='ocrx_word' id='word_1_719' title='bbox 3362 3735 3449 3786; x_wconf 62' lang='grc' dir='ltr'><strong>κα.λ</strong></span> <span class='ocrx_word' id='word_1_720' title='bbox 3489 3733 3706 3802; x_wconf 78' lang='grc' dir='ltr'>βουνοὺς</span> <span class='ocrx_word' id='word_1_721' title='bbox 3732 3733 3836 3798; x_wconf 67' lang='grc' dir='ltr'>τὰς</span> 
     </span>
    </p>
   </div>
   <div class='ocr_carea' id='block_1_97' title="bbox 2264 3822 3833 3894">
    <p class='ocr_par' dir='ltr' id='par_1_97' title="bbox 2264 3822 3833 3894">
     <span class='ocr_line' id='line_1_97' title="bbox 2264 3822 3833 3894; baseline 0.002 -21"><span class='ocrx_word' id='word_1_722' title='bbox 2264 3822 2640 3890; x_wconf 80' lang='grc' dir='ltr'>ἀντικειμένας</span> <span class='ocrx_word' id='word_1_723' title='bbox 2665 3823 2941 3892; x_wconf 84' lang='grc' dir='ltr'>δυνάμεις,</span> <span class='ocrx_word' id='word_1_724' title='bbox 2978 3823 3143 3876; x_wconf 77' lang='grc' dir='ltr'>πάλαι</span> <span class='ocrx_word' id='word_1_725' title='bbox 3177 3825 3318 3876; x_wconf 71' lang='grc' dir='ltr'>κατὰ</span> <span class='ocrx_word' id='word_1_726' title='bbox 3342 3825 3439 3894; x_wconf 79' lang='grc' dir='ltr'>τῆς</span> <span class='ocrx_word' id='word_1_727' title='bbox 3460 3823 3710 3891; x_wconf 83' lang='grc' dir='ltr'>γνώσεως</span> <span class='ocrx_word' id='word_1_728' title='bbox 3733 3823 3833 3876; x_wconf 83' lang='grc' dir='ltr'><strong>τοῦ</strong></span> 
     </span>
    </p>
   </div>
   <div class='ocr_carea' id='block_1_98' title="bbox 2263 3911 3832 3983">
    <p class='ocr_par' dir='ltr' id='par_1_98' title="bbox 2263 3911 3832 3983">
     <span class='ocr_line' id='line_1_98' title="bbox 2263 3911 3832 3983; baseline 0.004 -21"><span class='ocrx_word' id='word_1_729' title='bbox 2263 3911 2395 3963; x_wconf 82' lang='grc' dir='ltr'>Θεοῦ</span> <span class='ocrx_word' id='word_1_730' title='bbox 2422 3913 2805 3982; x_wconf 78' lang='grc' dir='ltr'>ἐπαιρομένας,</span> <span class='ocrx_word' id='word_1_731' title='bbox 2837 3912 3200 3981; x_wconf 79' lang='grc' dir='ltr'>αἰνιττόμενος</span> <span class='ocrx_word' id='word_1_732' title='bbox 3220 3931 3231 3944; x_wconf 90' lang='grc'><strong>·</strong></span> <span class='ocrx_word' id='word_1_733' title='bbox 3267 3913 3342 3975; x_wconf 86' lang='grc' dir='ltr'>ὡς</span> <span class='ocrx_word' id='word_1_734' title='bbox 3368 3914 3562 3983; x_wconf 82' lang='grc' dir='ltr'>μηκέτι</span> <span class='ocrx_word' id='word_1_735' title='bbox 3592 3914 3832 3981; x_wconf 71' lang='grc' dir='ltr'>ὑφεστά-</span> 
     </span>
    </p>
   </div>
   <div class='ocr_carea' id='block_1_99' title="bbox 2264 4001 3833 4074">
    <p class='ocr_par' dir='ltr' id='par_1_99' title="bbox 2264 4001 3833 4074">
     <span class='ocr_line' id='line_1_99' title="bbox 2264 4001 3833 4074; baseline 0.004 -22"><span class='ocrx_word' id='word_1_736' title='bbox 2264 4018 2348 4053; x_wconf 86' lang='grc' dir='ltr'><strong>ναι</strong></span> <span class='ocrx_word' id='word_1_737' title='bbox 2373 4001 2522 4072; x_wconf 73' lang='grc' dir='ltr'>παρα</span> <span class='ocrx_word' id='word_1_738' title='bbox 2548 4005 2660 4065; x_wconf 80' lang='grc' dir='ltr'>τοῖς</span> <span class='ocrx_word' id='word_1_739' title='bbox 2697 4002 2868 4055; x_wconf 73' lang='grc' dir='ltr'>ἔθνεσι</span> <span class='ocrx_word' id='word_1_740' title='bbox 2916 4003 3005 4074; x_wconf 82' lang='grc' dir='ltr'>τὴν</span> <span class='ocrx_word' id='word_1_741' title='bbox 3031 4003 3344 4074; x_wconf 80' lang='grc' dir='ltr'>δαιμονικὴν</span> <span class='ocrx_word' id='word_1_742' title='bbox 3373 4004 3596 4074; x_wconf 77' lang='grc' dir='ltr'>πλάνην.</span> <span class='ocrx_word' id='word_1_743' title='bbox 3629 4005 3748 4058; x_wconf 77' lang='grc' dir='ltr'>Τῶν</span> <span class='ocrx_word' id='word_1_744' title='bbox 3772 4005 3833 4059; x_wconf 60' lang='grc' dir='ltr'>δὲ</span> 
     </span>
    </p>
   </div>
   <div class='ocr_carea' id='block_1_100' title="bbox 2264 4091 3834 4162">
    <p class='ocr_par' dir='ltr' id='par_1_100' title="bbox 2264 4091 3834 4162">
     <span class='ocr_line' id='line_1_100' title="bbox 2264 4091 3834 4162; baseline 0.002 -19"><span class='ocrx_word' id='word_1_745' title='bbox 2264 4091 2628 4145; x_wconf 76' lang='grc' dir='ltr'>ἁποδοθέντων</span> <span class='ocrx_word' id='word_1_746' title='bbox 2657 4093 2796 4162; x_wconf 77' lang='grc' dir='ltr'>ὁρῶν</span> <span class='ocrx_word' id='word_1_747' title='bbox 2839 4093 2930 4146; x_wconf 68' lang='grc' dir='ltr'>καὶ</span> <span class='ocrx_word' id='word_1_748' title='bbox 2955 4092 3063 4144; x_wconf 85' lang='grc' dir='ltr'><strong>τῶν</strong></span> <span class='ocrx_word' id='word_1_749' title='bbox 3093 4092 3435 4162; x_wconf 80' lang='grc' dir='ltr'>δηλωθέντων</span> <span class='ocrx_word' id='word_1_750' title='bbox 3461 4092 3662 4161; x_wconf 75' lang='grc' dir='ltr'>βουνῶν</span> <span class='ocrx_word' id='word_1_751' title='bbox 3687 4095 3834 4162; x_wconf 80' lang='grc' dir='ltr'><strong>ἀφα-</strong></span> 
     </span>
    </p>
   </div>
   <div class='ocr_carea' id='block_1_101' title="bbox 2262 4181 3831 4251">
    <p class='ocr_par' dir='ltr' id='par_1_101' title="bbox 2262 4181 3831 4251">
     <span class='ocr_line' id='line_1_101' title="bbox 2262 4181 3831 4251; baseline 0.001 -19"><span class='ocrx_word' id='word_1_752' title='bbox 2262 4181 2366 4233; x_wconf 88' lang='grc' dir='ltr'><strong>νῶν</strong></span> <span class='ocrx_word' id='word_1_753' title='bbox 2402 4181 2724 4250; x_wconf 77' lang='grc' dir='ltr'>γενομένων,</span> <span class='ocrx_word' id='word_1_754' title='bbox 2765 4183 2828 4234; x_wconf 83' lang='grc' dir='ltr'>σὺ</span> <span class='ocrx_word' id='word_1_755' title='bbox 2870 4181 3028 4244; x_wconf 73' lang='grc' dir='ltr'>αὐτὸς</span> <span class='ocrx_word' id='word_1_756' title='bbox 3069 4183 3096 4234; x_wconf 89' lang='lat'><strong>6</strong></span> <span class='ocrx_word' id='word_1_757' title='bbox 3135 4181 3318 4243; x_wconf 81' lang='grc' dir='ltr'>δοῦλός</span> <span class='ocrx_word' id='word_1_758' title='bbox 3357 4198 3457 4251; x_wconf 88' lang='grc' dir='ltr'><strong>μου</strong></span> <span class='ocrx_word' id='word_1_759' title='bbox 3489 4184 3515 4234; x_wconf 90' lang='lat'><strong>6</strong></span> <span class='ocrx_word' id='word_1_760' title='bbox 3551 4181 3831 4245; x_wconf 82' lang='grc' dir='ltr'>ἐκλεκτὸς,</span> 
     </span>
    </p>
   </div>
   <div class='ocr_carea' id='block_1_102' title="bbox 2261 4263 3832 4342">
    <p class='ocr_par' dir='ltr' id='par_1_102' title="bbox 2261 4263 3832 4342">
     <span class='ocr_line' id='line_1_102' title="bbox 2261 4263 3832 4342; baseline 0.002 -21"><span class='ocrx_word' id='word_1_761' title='bbox 2261 4267 2327 4321; x_wconf 84' lang='grc' dir='ltr'><strong>δι’</strong></span> <span class='ocrx_word' id='word_1_762' title='bbox 2351 4263 2409 4320; x_wconf 77' lang='grc' dir='ltr'><strong>οὗ</strong></span> <span class='ocrx_word' id='word_1_763' title='bbox 2434 4267 2599 4320; x_wconf 86' lang='grc' dir='ltr'>ταῦτα</span> <span class='ocrx_word' id='word_1_764' title='bbox 2621 4267 2989 4338; x_wconf 78' lang='grc' dir='ltr'>κατώρθωται,</span> <span class='ocrx_word' id='word_1_765' title='bbox 3023 4269 3367 4341; x_wconf 67' lang='grc' dir='ltr'>εὑφρανθήσῃ</span> <span class='ocrx_word' id='word_1_766' title='bbox 3399 4271 3456 4321; x_wconf 75' lang='grc' dir='ltr'><strong>ἐν</strong></span> <span class='ocrx_word' id='word_1_767' title='bbox 3497 4271 3704 4342; x_wconf 72' lang='grc' dir='ltr'>Κυρίῳ,</span> <span class='ocrx_word' id='word_1_768' title='bbox 3733 4273 3832 4326; x_wconf 76' lang='grc' dir='ltr'>καὶ</span> 
     </span>
    </p>
   </div>
   <div class='ocr_carea' id='block_1_103' title="bbox 2263 4357 3223 4433">
    <p class='ocr_par' dir='ltr' id='par_1_103' title="bbox 2263 4357 3223 4433">
     <span class='ocr_line' id='line_1_103' title="bbox 2263 4357 3223 4433; baseline 0.005 -25"><span class='ocrx_word' id='word_1_769' title='bbox 2263 4357 2321 4409; x_wconf 77' lang='grc' dir='ltr'>ὲν</span> <span class='ocrx_word' id='word_1_770' title='bbox 2348 4357 2422 4427; x_wconf 85' lang='grc' dir='ltr'>τῷ</span> <span class='ocrx_word' id='word_1_771' title='bbox 2453 4358 2593 4427; x_wconf 79' lang='grc' dir='ltr'>ἁγίῳ</span> <span class='ocrx_word' id='word_1_772' title='bbox 2633 4359 2840 4429; x_wconf 78' lang='grc' dir='ltr'>Ἰσραὴλ</span> <span class='ocrx_word' id='word_1_773' title='bbox 2871 4359 3223 4433; x_wconf 74' lang='grc' dir='ltr'>ἐπαινεθήσῃ.</span> 
     </span>
    </p>
   </div>
   <div class='ocr_carea' id='block_1_104' title="bbox 2333 4539 3832 4616">
    <p class='ocr_par' dir='ltr' id='par_1_104' title="bbox 2333 4539 3832 4616">
     <span class='ocr_line' id='line_1_104' title="bbox 2333 4539 3832 4616; baseline 0.006 -27"><span class='ocrx_word' id='word_1_774' title='bbox 2333 4557 2351 4589; x_wconf 80' lang='lat' dir='ltr'><strong>t</strong></span> <span class='ocrx_word' id='word_1_775' title='bbox 2380 4539 2488 4591; x_wconf 72' lang='grc' dir='ltr'><strong>Καὶ</strong></span> <span class='ocrx_word' id='word_1_776' title='bbox 2519 4540 2925 4608; x_wconf 79' lang='grc' dir='ltr'>ἀγαλλιάσονται</span> <span class='ocrx_word' id='word_1_777' title='bbox 2957 4544 3003 4594; x_wconf 82' lang='grc' dir='ltr'>οἱ</span> <span class='ocrx_word' id='word_1_778' title='bbox 3036 4543 3236 4613; x_wconf 69' lang='grc' dir='ltr'>πτωχοὶ</span> <span class='ocrx_word' id='word_1_779' title='bbox 3271 4545 3362 4596; x_wconf 75' lang='grc' dir='ltr'>καὶ</span> <span class='ocrx_word' id='word_1_780' title='bbox 3399 4543 3613 4606; x_wconf 80' lang='grc' dir='ltr'>ἐνδεεῖς.</span> <span class='ocrx_word' id='word_1_781' title='bbox 3656 4544 3832 4616; x_wconf 70' lang='grc' dir='ltr'>Ζητή-</span> 
     </span>
    </p>
   </div>
   <div class='ocr_carea' id='block_1_105' title="bbox 2264 4630 3832 4703">
    <p class='ocr_par' dir='ltr' id='par_1_105' title="bbox 2264 4630 3832 4703">
     <span class='ocr_line' id='line_1_105' title="bbox 2264 4630 3832 4703; baseline 0.005 -23"><span class='ocrx_word' id='word_1_782' title='bbox 2264 4645 2410 4681; x_wconf 77' lang='grc' dir='ltr'>σουσι</span> <span class='ocrx_word' id='word_1_783' title='bbox 2439 4630 2546 4701; x_wconf 77' lang='grc' dir='ltr'><strong>γὰρ</strong></span> <span class='ocrx_word' id='word_1_784' title='bbox 2568 4630 2730 4702; x_wconf 72' lang='grc' dir='ltr'>ὕδωρ,</span> <span class='ocrx_word' id='word_1_785' title='bbox 2763 4633 2853 4684; x_wconf 73' lang='grc' dir='ltr'>καὶ</span> <span class='ocrx_word' id='word_1_786' title='bbox 2877 4633 2975 4684; x_wconf 75' lang='grc' dir='ltr'>οὐκ</span> <span class='ocrx_word' id='word_1_787' title='bbox 3007 4632 3178 4685; x_wconf 82' lang='grc' dir='ltr'>ἔσται·</span> <span class='ocrx_word' id='word_1_788' title='bbox 3207 4636 3240 4703; x_wconf 78' lang='grc' dir='ltr'><strong>ἡ</strong></span> <span class='ocrx_word' id='word_1_789' title='bbox 3271 4635 3491 4701; x_wconf 80' lang='grc' dir='ltr'>γλῶσσα</span> <span class='ocrx_word' id='word_1_790' title='bbox 3521 4635 3696 4687; x_wconf 76' lang='grc' dir='ltr'>αὐτῶν</span> <span class='ocrx_word' id='word_1_791' title='bbox 3720 4637 3832 4688; x_wconf 69' lang='grc' dir='ltr'><strong>ἀπὸ</strong></span> 
     </span>
    </p>
   </div>
   <div class='ocr_carea' id='block_1_106' title="bbox 2260 4720 3835 4794">
    <p class='ocr_par' dir='ltr' id='par_1_106' title="bbox 2260 4720 3835 4794">
     <span class='ocr_line' id='line_1_106' title="bbox 2260 4720 3835 4794; baseline 0.006 -25"><span class='ocrx_word' id='word_1_792' title='bbox 2260 4720 2358 4789; x_wconf 78' lang='grc' dir='ltr'>τῆς</span> <span class='ocrx_word' id='word_1_793' title='bbox 2389 4720 2546 4789; x_wconf 63' lang='grc' dir='ltr'>δίψης</span> <span class='ocrx_word' id='word_1_794' title='bbox 2585 4720 2876 4792; x_wconf 73' lang='grc' dir='ltr'>ἐξηράνθη.</span> <span class='ocrx_word' id='word_1_795' title='bbox 2930 4722 3068 4790; x_wconf 81' lang='grc' dir='ltr'><strong>Ἐγὼ</strong></span> <span class='ocrx_word' id='word_1_796' title='bbox 3097 4723 3296 4794; x_wconf 72' lang='grc' dir='ltr'>Κύριος</span> <span class='ocrx_word' id='word_1_797' title='bbox 3322 4726 3350 4776; x_wconf 84' lang='grc' dir='ltr'><strong>ό</strong></span> <span class='ocrx_word' id='word_1_798' title='bbox 3377 4724 3529 4786; x_wconf 87' lang='grc' dir='ltr'>Θεός·</span> <span class='ocrx_word' id='word_1_799' title='bbox 3594 4725 3704 4793; x_wconf 81' lang='grc' dir='ltr'>ἐγὼ</span> <span class='ocrx_word' id='word_1_800' title='bbox 3731 4728 3835 4778; x_wconf 66' lang='grc' dir='ltr'><strong>ἐπε</strong></span> 
     </span>
    </p>
   </div>
   <div class='ocr_carea' id='block_1_107' title="bbox 2261 4810 3834 4884">
    <p class='ocr_par' dir='ltr' id='par_1_107' title="bbox 2261 4810 3834 4884">
     <span class='ocr_line' id='line_1_107' title="bbox 2261 4810 3834 4884; baseline 0.006 -24"><span class='ocrx_word' id='word_1_801' title='bbox 2261 4810 2556 4880; x_wconf 73' lang='grc' dir='ltr'>ακούσομαι</span> <span class='ocrx_word' id='word_1_802' title='bbox 2600 4813 2628 4863; x_wconf 88' lang='lat'><strong>6</strong></span> <span class='ocrx_word' id='word_1_803' title='bbox 2659 4811 3033 4881; x_wconf 77' lang='grc' dir='ltr'>ΘεὸςῚσραὴλ,</span> <span class='ocrx_word' id='word_1_804' title='bbox 3074 4814 3167 4866; x_wconf 79' lang='grc' dir='ltr'>καὶ</span> <span class='ocrx_word' id='word_1_805' title='bbox 3196 4814 3292 4865; x_wconf 69' lang='grc' dir='ltr'>οὐκ</span> <span class='ocrx_word' id='word_1_806' title='bbox 3329 4813 3703 4884; x_wconf 71' lang='grc' dir='ltr'>ἐγκαταλείψω</span> <span class='ocrx_word' id='word_1_807' title='bbox 3730 4816 3834 4869; x_wconf 78' lang='grc' dir='ltr'><strong>αὐ-</strong></span> 
     </span>
    </p>
   </div>
   <div class='ocr_carea' id='block_1_108' title="bbox 2259 4902 3832 4975">
    <p class='ocr_par' dir='ltr' id='par_1_108' title="bbox 2259 4902 3832 4975">
     <span class='ocr_line' id='line_1_108' title="bbox 2259 4902 3832 4975; baseline 0.007 -23"><span class='ocrx_word' id='word_1_808' title='bbox 2259 4903 2401 4964; x_wconf 76' lang='grc' dir='ltr'>τούς.</span> <span class='ocrx_word' id='word_1_809' title='bbox 2443 4920 2460 4952; x_wconf 81' lang='lat' dir='ltr'><strong>t</strong></span> <span class='ocrx_word' id='word_1_810' title='bbox 2506 4904 2691 4966; x_wconf 85' lang='grc' dir='ltr'>Ὅπως</span> <span class='ocrx_word' id='word_1_811' title='bbox 2715 4902 2770 4953; x_wconf 84' lang='grc' dir='ltr'>δὲ</span> <span class='ocrx_word' id='word_1_812' title='bbox 2799 4903 2967 4956; x_wconf 78' lang='grc' dir='ltr'>ταῦτα</span> <span class='ocrx_word' id='word_1_813' title='bbox 3000 4904 3182 4967; x_wconf 78' lang='grc' dir='ltr'>τέλους</span> <span class='ocrx_word' id='word_1_814' title='bbox 3214 4905 3390 4975; x_wconf 75' lang='grc' dir='ltr'>ἔτυχε,</span> <span class='ocrx_word' id='word_1_815' title='bbox 3424 4909 3515 4959; x_wconf 69' lang='grc' dir='ltr'>καὶ</span> <span class='ocrx_word' id='word_1_816' title='bbox 3538 4908 3705 4962; x_wconf 73' lang='grc' dir='ltr'>εἰσέτι</span> <span class='ocrx_word' id='word_1_817' title='bbox 3733 4908 3832 4963; x_wconf 87' lang='grc' dir='ltr'><strong>νῦν</strong></span> 
     </span>
    </p>
   </div>
   <div class='ocr_carea' id='block_1_109' title="bbox 2261 4991 3832 5070">
    <p class='ocr_par' dir='ltr' id='par_1_109' title="bbox 2261 4991 3832 5070">
     <span class='ocr_line' id='line_1_109' title="bbox 2261 4991 3832 5070; baseline 0.006 -28"><span class='ocrx_word' id='word_1_818' title='bbox 2261 4991 2558 5060; x_wconf 80' lang='grc' dir='ltr'>ἐνεργεῖται</span> <span class='ocrx_word' id='word_1_819' title='bbox 2606 4994 2660 5043; x_wconf 84' lang='grc' dir='ltr'><strong>ἐν</strong></span> <span class='ocrx_word' id='word_1_820' title='bbox 2707 4994 2826 5054; x_wconf 89' lang='grc' dir='ltr'>ταῖς</span> <span class='ocrx_word' id='word_1_821' title='bbox 2871 4991 2958 5044; x_wconf 73' lang='grc' dir='ltr'><strong>διὰ</strong></span> <span class='ocrx_word' id='word_1_822' title='bbox 2989 4993 3096 5045; x_wconf 89' lang='grc' dir='ltr'><strong>τῶν</strong></span> <span class='ocrx_word' id='word_1_823' title='bbox 3146 4995 3395 5065; x_wconf 80' lang='grc' dir='ltr'>μαθητῶν</span> <span class='ocrx_word' id='word_1_824' title='bbox 3439 4997 3531 5049; x_wconf 79' lang='grc' dir='ltr'><strong>τοῦ</strong></span> <span class='ocrx_word' id='word_1_825' title='bbox 3579 4999 3832 5070; x_wconf 78' lang='grc' dir='ltr'>Σωτῆρος</span> 
     </span>
    </p>
   </div>
   <div class='ocr_carea' id='block_1_110' title="bbox 2259 5078 3830 5156">
    <p class='ocr_par' dir='ltr' id='par_1_110' title="bbox 2259 5078 3830 5156">
     <span class='ocr_line' id='line_1_110' title="bbox 2259 5078 3830 5156; baseline 0.007 -25"><span class='ocrx_word' id='word_1_826' title='bbox 2259 5078 2415 5148; x_wconf 80' lang='grc' dir='ltr'>ἡμῶν</span> <span class='ocrx_word' id='word_1_827' title='bbox 2461 5079 2598 5132; x_wconf 73' lang='grc' dir='ltr'>κατὰ</span> <span class='ocrx_word' id='word_1_828' title='bbox 2629 5080 2801 5132; x_wconf 84' lang='grc' dir='ltr'>πάντα</span> <span class='ocrx_word' id='word_1_829' title='bbox 2828 5081 2987 5133; x_wconf 84' lang='grc' dir='ltr'>τόπον</span> <span class='ocrx_word' id='word_1_830' title='bbox 3024 5083 3344 5153; x_wconf 83' lang='grc' dir='ltr'>ίδρυθείσαις</span> <span class='ocrx_word' id='word_1_831' title='bbox 3383 5087 3698 5156; x_wconf 75' lang='grc' dir='ltr'>ἐκκλησίαις</span> <span class='ocrx_word' id='word_1_832' title='bbox 3734 5087 3830 5142; x_wconf 81' lang='grc' dir='ltr'><strong>τοῦ</strong></span> 
     </span>
    </p>
   </div>
   <div class='ocr_carea' id='block_1_111' title="bbox 2259 5168 3832 5244">
    <p class='ocr_par' dir='ltr' id='par_1_111' title="bbox 2259 5168 3832 5244">
     <span class='ocr_line' id='line_1_111' title="bbox 2259 5168 3832 5244; baseline 0.006 -24"><span class='ocrx_word' id='word_1_833' title='bbox 2259 5168 2412 5230; x_wconf 89' lang='grc' dir='ltr'>Θεοῦ,</span> <span class='ocrx_word' id='word_1_834' title='bbox 2447 5171 2543 5238; x_wconf 79' lang='grc' dir='ltr'>τὴν</span> <span class='ocrx_word' id='word_1_835' title='bbox 2576 5168 2809 5222; x_wconf 79' lang='grc' dir='ltr'>διάνοιαν</span> <span class='ocrx_word' id='word_1_836' title='bbox 2847 5169 3142 5242; x_wconf 70' lang='grc' dir='ltr'>ἐπιστήσας</span> <span class='ocrx_word' id='word_1_837' title='bbox 3171 5176 3312 5244; x_wconf 78' lang='grc' dir='ltr'>εἴσῃ.</span> <span class='ocrx_word' id='word_1_838' title='bbox 3361 5175 3425 5227; x_wconf 76' lang='grc' dir='ltr'><strong>Αἱ</strong></span> <span class='ocrx_word' id='word_1_839' title='bbox 3458 5176 3588 5242; x_wconf 86' lang='grc' dir='ltr'>γοῦν</span> <span class='ocrx_word' id='word_1_840' title='bbox 3631 5179 3690 5229; x_wconf 79' lang='grc' dir='ltr'>τὸ</span> <span class='ocrx_word' id='word_1_841' title='bbox 3725 5195 3832 5230; x_wconf 82' lang='grc' dir='ltr'>πα-</span> 
     </span>
    </p>
   </div>
   <div class='ocr_carea' id='block_1_112' title="bbox 2262 5259 3832 5336">
    <p class='ocr_par' dir='ltr' id='par_1_112' title="bbox 2262 5259 3832 5336">
     <span class='ocr_line' id='line_1_112' title="bbox 2262 5259 3832 5336; baseline 0.005 -25"><span class='ocrx_word' id='word_1_842' title='bbox 2262 5259 2408 5311; x_wconf 80' lang='grc' dir='ltr'>λαιὸν</span> <span class='ocrx_word' id='word_1_843' title='bbox 2442 5260 2808 5328; x_wconf 77' lang='grc' dir='ltr'>πτωχιύουσαι</span> <span class='ocrx_word' id='word_1_844' title='bbox 2847 5261 2903 5311; x_wconf 81' lang='grc' dir='ltr'>ὲν</span> <span class='ocrx_word' id='word_1_845' title='bbox 2937 5265 3044 5324; x_wconf 88' lang='grc' dir='ltr'>τοῖς</span> <span class='ocrx_word' id='word_1_846' title='bbox 3081 5262 3252 5315; x_wconf 76' lang='grc' dir='ltr'>ἔθνεσι</span> <span class='ocrx_word' id='word_1_847' title='bbox 3280 5263 3448 5332; x_wconf 68' lang='grc' dir='ltr'>ψυχαὶ</span> <span class='ocrx_word' id='word_1_848' title='bbox 3483 5267 3575 5317; x_wconf 72' lang='grc' dir='ltr'>καὶ</span> <span class='ocrx_word' id='word_1_849' title='bbox 3607 5267 3702 5336; x_wconf 73' lang='grc' dir='ltr'>τῆς</span> <span class='ocrx_word' id='word_1_850' title='bbox 3734 5267 3832 5320; x_wconf 84' lang='grc' dir='ltr'><strong>τοῦ</strong></span> 
     </span>
    </p>
   </div>
   <div class='ocr_carea' id='block_1_113' title="bbox 2263 5348 3830 5425">
    <p class='ocr_par' dir='ltr' id='par_1_113' title="bbox 2263 5348 3830 5425">
     <span class='ocr_line' id='line_1_113' title="bbox 2263 5348 3830 5425; baseline 0.006 -25"><span class='ocrx_word' id='word_1_851' title='bbox 2263 5348 2394 5401; x_wconf 84' lang='grc' dir='ltr'>Θεοῦ</span> <span class='ocrx_word' id='word_1_852' title='bbox 2424 5349 2671 5418; x_wconf 82' lang='grc' dir='ltr'>γνώσεως</span> <span class='ocrx_word' id='word_1_853' title='bbox 2698 5350 2890 5413; x_wconf 83' lang='grc' dir='ltr'>ἐνδεεῖς</span> <span class='ocrx_word' id='word_1_854' title='bbox 2918 5349 3093 5417; x_wconf 75' lang='grc' dir='ltr'>οὖσαι,</span> <span class='ocrx_word' id='word_1_855' title='bbox 3114 5355 3204 5406; x_wconf 70' lang='grc' dir='ltr'><strong>καὶ</strong></span> <span class='ocrx_word' id='word_1_856' title='bbox 3225 5355 3355 5425; x_wconf 80' lang='grc' dir='ltr'>μηδὲ</span> <span class='ocrx_word' id='word_1_857' title='bbox 3386 5357 3574 5424; x_wconf 51' lang='lat' dir='ltr'><strong>pansa</strong></span> <span class='ocrx_word' id='word_1_858' title='bbox 3596 5356 3830 5420; x_wconf 75' lang='grc' dir='ltr'>ζωτικοῦ</span> 
     </span>
    </p>
   </div>
   <div class='ocr_carea' id='block_1_114' title="bbox 2266 5441 3830 5515">
    <p class='ocr_par' dir='ltr' id='par_1_114' title="bbox 2266 5441 3830 5515">
     <span class='ocr_line' id='line_1_114' title="bbox 2266 5441 3830 5515; baseline 0.006 -24"><span class='ocrx_word' id='word_1_859' title='bbox 2266 5441 2506 5509; x_wconf 87' lang='grc' dir='ltr'>πόματος</span> <span class='ocrx_word' id='word_1_860' title='bbox 2532 5442 2878 5510; x_wconf 83' lang='grc' dir='ltr'>κεκτημέναι,</span> <span class='ocrx_word' id='word_1_861' title='bbox 2910 5442 2985 5505; x_wconf 84' lang='grc' dir='ltr'>ὡς</span> <span class='ocrx_word' id='word_1_862' title='bbox 3007 5445 3105 5515; x_wconf 81' lang='grc' dir='ltr'>τὴν</span> <span class='ocrx_word' id='word_1_863' title='bbox 3141 5445 3388 5512; x_wconf 85' lang='grc' dir='ltr'>γλῶσσαν</span> <span class='ocrx_word' id='word_1_864' title='bbox 3413 5448 3587 5500; x_wconf 77' lang='grc' dir='ltr'>αὐτῶν</span> <span class='ocrx_word' id='word_1_865' title='bbox 3615 5451 3707 5504; x_wconf 71' lang='grc' dir='ltr'>καὶ</span> <span class='ocrx_word' id='word_1_866' title='bbox 3735 5450 3830 5502; x_wconf 82' lang='grc' dir='ltr'>τὸν</span> 
     </span>
    </p>
   </div>
   <div class='ocr_carea' id='block_1_115' title="bbox 2263 5529 3831 5606">
    <p class='ocr_par' dir='ltr' id='par_1_115' title="bbox 2263 5529 3831 5606">
     <span class='ocr_line' id='line_1_115' title="bbox 2263 5529 3831 5606; baseline 0.005 -23"><span class='ocrx_word' id='word_1_867' title='bbox 2263 5531 2326 5583; x_wconf 81' lang='grc' dir='ltr'><strong>δι’</strong></span> <span class='ocrx_word' id='word_1_868' title='bbox 2382 5531 2550 5600; x_wconf 78' lang='grc' dir='ltr'>αὐτῆς</span> <span class='ocrx_word' id='word_1_869' title='bbox 2597 5529 3030 5602; x_wconf 72' lang='grc' dir='ltr'>προσφερόμὲνον</span> <span class='ocrx_word' id='word_1_870' title='bbox 3070 5534 3225 5602; x_wconf 84' lang='grc' dir='ltr'>λόγον</span> <span class='ocrx_word' id='word_1_871' title='bbox 3277 5536 3587 5606; x_wconf 79' lang='grc' dir='ltr'>ἐξηράνθαι,</span> <span class='ocrx_word' id='word_1_872' title='bbox 3627 5539 3714 5590; x_wconf 75' lang='grc' dir='ltr'>διὰ</span> <span class='ocrx_word' id='word_1_873' title='bbox 3768 5538 3831 5591; x_wconf 74' lang='grc' dir='ltr'>τὸ</span> 
     </span>
    </p>
   </div>
   <div class='ocr_carea' id='block_1_116' title="bbox 2268 5621 3829 5697">
    <p class='ocr_par' dir='ltr' id='par_1_116' title="bbox 2268 5621 3829 5697">
     <span class='ocr_line' id='line_1_116' title="bbox 2268 5621 3829 5697; baseline 0.003 -22"><span class='ocrx_word' id='word_1_874' title='bbox 2268 5623 2531 5693; x_wconf 72' lang='grc' dir='ltr'>μηδεμιᾶς</span> <span class='ocrx_word' id='word_1_875' title='bbox 2589 5624 2786 5686; x_wconf 79' lang='grc' dir='ltr'>νοτίδος</span> <span class='ocrx_word' id='word_1_876' title='bbox 2829 5623 2987 5691; x_wconf 85' lang='grc' dir='ltr'>λόγου</span> <span class='ocrx_word' id='word_1_877' title='bbox 3039 5627 3304 5697; x_wconf 79' lang='grc' dir='ltr'>σωτηρίου</span> <span class='ocrx_word' id='word_1_878' title='bbox 3357 5629 3624 5697; x_wconf 78' lang='grc' dir='ltr'>μετέχειν·</span> <span class='ocrx_word' id='word_1_879' title='bbox 3666 5621 3829 5680; x_wconf 70' lang='grc' dir='ltr'>αὗται</span> 
     </span>
    </p>
   </div>
   <div class='ocr_carea' id='block_1_117' title="bbox 2266 5716 3828 5793">
    <p class='ocr_par' dir='ltr' id='par_1_117' title="bbox 2266 5716 3828 5793">
     <span class='ocr_line' id='line_1_117' title="bbox 2266 5716 3828 5793; baseline 0.003 -24"><span class='ocrx_word' id='word_1_880' title='bbox 2266 5716 2562 5788; x_wconf 80' lang='grc' dir='ltr'>παραδόξου</span> <span class='ocrx_word' id='word_1_881' title='bbox 2609 5718 2961 5786; x_wconf 71' lang='grc' dir='ltr'>τετυχήκασιν</span> <span class='ocrx_word' id='word_1_882' title='bbox 2991 5721 3304 5788; x_wconf 72' lang='grc' dir='ltr'>εὐεργεσίας</span> <span class='ocrx_word' id='word_1_883' title='bbox 3335 5722 3421 5775; x_wconf 68' lang='grc' dir='ltr'><strong>δια</strong></span> <span class='ocrx_word' id='word_1_884' title='bbox 3445 5724 3542 5791; x_wconf 76' lang='grc' dir='ltr'>τῆς</span> <span class='ocrx_word' id='word_1_885' title='bbox 3574 5721 3828 5793; x_wconf 74' lang='grc' dir='ltr'>οὐρανίου</span> 
     </span>
    </p>
   </div>
   <div class='ocr_carea' id='block_1_118' title="bbox 2263 5807 3827 5880">
    <p class='ocr_par' dir='ltr' id='par_1_118' title="bbox 2263 5807 3827 5880">
     <span class='ocr_line' id='line_1_118' title="bbox 2263 5807 3827 5880; baseline 0 -16"><span class='ocrx_word' id='word_1_886' title='bbox 2263 5810 2480 5880; x_wconf 74' lang='grc' dir='ltr'>χάριτος</span> <span class='ocrx_word' id='word_1_887' title='bbox 2535 5807 2895 5879; x_wconf 70' lang='grc' dir='ltr'>πληρωθεῖσαί</span> <span class='ocrx_word' id='word_1_888' title='bbox 2943 5829 3000 5866; x_wconf 80' lang='grc' dir='ltr'><strong>τι</strong></span> <span class='ocrx_word' id='word_1_889' title='bbox 3047 5812 3254 5878; x_wconf 76' lang='grc' dir='ltr'>πηγῶν,</span> <span class='ocrx_word' id='word_1_890' title='bbox 3311 5815 3400 5867; x_wconf 73' lang='grc' dir='ltr'>καὶ</span> <span class='ocrx_word' id='word_1_891' title='bbox 3437 5814 3690 5868; x_wconf 72' lang='grc' dir='ltr'>ποταμῶν</span> <span class='ocrx_word' id='word_1_892' title='bbox 3736 5812 3827 5865; x_wconf 69' lang='grc' dir='ltr'>καὶ</span> 
     </span>
    </p>
   </div>
  </div>
