4058 6408
264 426 362 484 581

1176 421 1684 480 εΟΗΜΕΝΤΑηίΔ
1722 422 1789 477 IN
1826 418 2089 477 lSAlAM.
2128 447 2203 464 --
2234 415 2387 472 CAP.
2430 415 2564 471 XLI.

3414 407 3521 464 38!

262 547 532 604 παντοίων
564 546 808 612 ζωτικῶν
856 545 1084 608 ὐδάτων,
1114 546 1189 608 ὡς
1214 545 1583 599 ἀπολαύουσαι
1629 544 1828 607 ὕδατος,

1945 557 2066 611 qua
2112 554 2175 595 ea
2226 538 2340 609 ipsa
2378 536 2687 590 fruerentur
2735 547 2903 601 aqua,
2949 531 3016 585 de
3061 544 3165 599 qua
3202 529 3448 597 superius
3472 531 3517 561 "

259 640 387 710 περὶ
413 634 475 693 οὗ
500 637 755 707 ἀνωτέρω
780 636 1014 706 ἐλέγετο·
1053 654 1071 686 ι
1095 637 1203 690 Καὶ
1231 636 1444 691 πίονται
1479 635 1621 707 ὕδωρ
1647 638 1711 688 ἐκ
1731 633 1839 688 τῶν

257 732 449 803 πηγῶν
475 731 569 783 τοῦ
600 728 889 800 σωτηρίου·
924 747 943 779 ι
980 727 1089 781 εἴτε
1115 728 1222 781 ἀπὸ
1246 728 1440 798 πηγῶν
1464 727 1559 780 τοῦ
1601 726 1837 796 Ἰσραὴλ,

254 817 329 876 ὧν
380 821 784 891 ἐμνημόνευσεν
829 822 858 872 ὁ
910 820 1083 890 φήσας
1111 818 1287 886 λόγος,
1338 838 1356 869 ι
1402 819 1491 870 Ἐν
1523 817 1840 886 ἐκκλησίαις

253 912 523 977 εὐλογεῖτε
548 912 638 963 τὸν
669 909 801 962 Θεὸν
829 909 1029 979 Κύριον
1059 910 1123 961 ὲκ
1150 907 1341 979 πηγῶν
1378 908 1613 980 Ἰσραήλ.
1640 926 1660 957 ι
1700 906 1837 959 Τοῦ-

250 1019 312 1055 το
352 1001 397 1053 δ’
430 1003 498 1054 ἂν
531 1002 615 1070 εἴη
643 1000 703 1053 τὸ
736 998 959 1069 Πνεῦμα
1004 998 1063 1052 τὸ
1105 998 1258 1065 ἅγιον
1300 999 1362 1051 τὸ
1406 998 1652 1066 mwde
1684 999 1740 1050 ὲν
1769 999 1834 1067 τῇ

264 1092 561 1163 Ἐκκλησία
601 1090 695 1143 τοῦ
729 1090 886 1153 Θεοῦ,
928 1091 1022 1144 καὶ
1067 1088 1375 1160 ἀνομσροῦν
1415 1088 1583 1142 ὕδατα
1635 1087 1832 1154 ζῶντα,

247 1183 371 1235 τοτὲ
408 1183 507 1251 μὲν
534 1181 641 1235 ἀπὸ
669 1181 766 1250 τῆς
791 1182 1031 1244 Παλαιᾶς
1056 1179 1360 1251 Διαθήκης,
1386 1179 1581 1233 τοτὲδὲ
1606 1179 1713 1232 ἀπὸ
1736 1178 1835 1247 τῆς

248 1273 443 1342 καινῆς
475 1274 569 1326 καὶ
600 1272 962 1342 εὐαγγελικῆς
989 1268 1355 1333 διδασκαλίας.

327 1383 345 1415 ι
389 1364 549 1416 Ἀλλά
596 1360 795 1426 ἀνοίξω
838 1362 930 1415 ἐπὶ
964 1361 1073 1415 τῶν
1115 1361 1286 1431 ὀρέων
1318 1360 1616 1430 ποταμοὺς,
1652 1360 1741 1413 καὶ
1775 1360 1833 1412 ἐν

250 1453 402 1525 μέσῳ
427 1454 624 1507 πεδίων
658 1450 860 1521 ¹ιέςηγάς.
881 1453 1099 1522 Ποιήσω
1126 1451 1223 1522 τὴν
1256 1450 1458 1523 ἔρημον
1482 1453 1563 1513 είς
1593 1449 1689 1520 ἕλη
1714 1449 1837 1502 ὐδά-

242 1562 379 1608 των,
416 1544 511 1596 καὶ
538 1545 635 1613 τὴν
672 1540 913 1612 διψῶσαν
945 1543 1048 1613 γῆν
1085 1543 1144 1595 ἐν
1175 1542 1531 1613 ὐδραγωγοῖς.
1561 1540 1723 1611 Θήσω
1752 1542 1833 1603 είς

241 1635 345 1707 τὴν
377 1634 605 1707 ἄνυδρον
636 1634 739 1704 γῆν
768 1633 958 1705 κέδρον
984 1634 1079 1688 καὶ
1113 1632 1299 1696 πύξον,
1332 1632 1600 1702 μυρσίνην
1626 1631 1721 1683 καὶ
1744 1647 1834 1683 xu-

242 1728 535 1798 πάρισσον,
564 1726 657 1779 καὶ
682 1724 900 1795 λεύκην.
938 1744 956 1776 ι
1006 1724 1189 1778 Ταῦτα
1229 1724 1426 1785 πάντα,
1455 1724 1563 1776 οὐδ’
1593 1723 1766 1785 ἄλλως
1795 1722 1829 1793 ἥ

242 1816 303 1871 ἐν
328 1816 539 1869 ὑδάτων
569 1815 765 1885 πλήθει
795 1813 1098 1885 τρεφόμενα
1125 1816 1216 1867 καὶ
1236 1814 1595 1883 αὐξανόμενα,
1623 1815 1701 1876 είς
1733 1812 1830 1883 τὴν

1940 626 2245 688 dicebatur,
2278 642 2298 674 ι
2332 622 2400 677 Ει
2445 621 2631 675 bibent
2664 632 2864 687 aquam
2908 629 2976 670 ex
3021 614 3262 669 fontibus
3312 613 3519 667 saluta-

1940 716 2094 781 risu
2155 715 2271 768 sive
2314 728 2382 766 ex
2440 710 2682 764 fontibus
2737 706 2999 769 l‘sraelis,
3049 720 3185 772 quos
3254 714 3522 757 memorat

1938 820 2122 861 sermo
2169 804 2257 859 ille
2300 802 2389 871 qui
2426 803 2534 866 ait,
2588 818 2608 851 ι
2638 798 2692 852 In
2754 797 3001 852 ecclesiis
3061 795 3364 849 benedicite
3414 796 3523 849 Deo

1940 895 2169 949 Domino
2210 893 2278 947 de
2327 892 2568 947 fontibus
2616 888 2878 943 Israel".
2911 907 2929 938 ι
2988 887 3115 941 ΙΙαιο
3165 901 3329 955 porro
3380 898 3518 955 aqua

1942 986 2107 1040 Fuerit
2138 985 2374 1053 Spiritus
2416 990 2657 1044 sanctus,
2686 980 2741 1033 in
2778 977 3019 1033 Ecclesia
3064 978 3157 1031 Dei
3191 978 3517 1040 scaturiens,

1938 1086 1993 1133 et
2054 1090 2223 1151 aquas
2290 1074 2533 1129 viventes
2612 1069 2920 1133 instillans,
2990 1068 3149 1121 modo
3205 1082 3270 1120 ex
3334 1064 3518 1123 Veteri

1943 1169 2331 1233 Testamento,
2395 1166 2555 1219 modo
2612 1178 2676 1217 ex
2745 1176 2881 1216 nova
2930 1168 2985 1213 et
3051 1158 3364 1227 evangelica
3421 1159 3517 1212 do-

1936 1259 2133 1314 ctrina.

2009 1350 2172 1403 νεεδ.
2223 1348 2311 1411 l8,
2338 1348 2425 1403 19.
2485 1364 2503 1399 ι
2534 1346 2639 1401 Sed
2688 1346 2929 1414 aperiam
2979 1345 3034 1399 in
3088 1343 3363 1398 montibus
3416 1342 3518 1397 ﬂu-

1934 1444 2102 1507 mina,
2134 1452 2188 1496 et
2234 1442 2286 1496 iu
2321 1441 2501 1495 medio
2531 1454 2846 1508 camporum
2900 1437 3100 1491 fontes.
3152 1435 3372 1490 Faciam
3423 1434 3520 1488 de—

1934 1545 2135 1589 sertum
2167 1535 2218 1588 in
2253 1533 2475 1603 paludes
2515 1544 2803 1599 aquarum,
2833 1536 2887 1583 et
2916 1527 3186 1581 sitientem
3224 1534 3423 1578 terram
3461 1524 3516 1577 iu

1935 1626 2304 1697 aqumductus.
2342 1623 2547 1678 Ponam
2582 1622 2633 1675 iu
2681 1630 2822 1673 terra
2867 1620 3129 1689 inaquosa
3178 1618 3435 1680 cedrum,
3463 1626 3521 1669 et

1936 1718 2160 1779 buxum,
2207 1723 2263 1768 et
2310 1725 2569 1784 myrtum,
2613 1723 2670 1765 et
2711 1726 3049 1779 cupressum,
3095 1719 3149 1764 et
3185 1708 3463 1778 populum.
3490 1726 3515 1760 ι

1936 1806 2060 1862 Ιιαιο
2092 1806 2297 1870 omnia,
2328 1820 2445 1876 qua:
2476 1803 2686 1857 nonnisi
2728 1803 2780 1855 in
2817 1816 3078 1870 aquarum
3109 1801 3263 1870 cepia
3294 1799 3520 1853 aluntur

241 1905 431 1959 είκόνα
460 1905 839 1981 τιεριείληπται
888 1904 996 1957 τῶν
1029 1906 1087 1957 ὲν
1120 1908 1185 1975 τῇ
1241 1905 1539 1974 Ἐκκλησία
1572 1904 1663 1956 τοῦ
1694 1903 1828 1957 Θεοῦ

1930 1908 1986 1952 et
2026 1906 2376 1961 accrescunt,
2407 1896 2471 1948 ad
2504 1894 2916 1948 similitudinem
2961 1892 3265 1948 animarum
3309 1892 3362 1944 in
3415 1889 3518 1943 Ec-

242 1996 488 2050 εὐθαλῶν
519 1995 724 2066 ψυχῶν,
754 1996 861 2048 ἀπὸ
890 1995 1259 2067 πολυπληθίας
1280 1995 1439 2049 θείων
1470 1996 1563 2048 καὶ
1599 1996 1830 2063 λογικῶν

242 2088 453 2140 ὑδάτων
486 2089 567 2150 είς
600 2086 730 2156 ὕψος
759 2086 1104 2159 ἐπηρμένων.
1147 2088 1277 2140 Ὅτε
1306 2086 1404 2157 μὲν
1426 2082 1518 2140 οὖν
1552 2088 1678 2149 τοὺς
1705 2104 1833 2157 καρ-

241 2178 380 2240 ποὺς
418 2176 517 2246 τῆς,
565 2175 888 2246 Ἐκκλησίας
923 2174 1169 2244 βουλεται
1206 2177 1557 2245 παραστῆσαι
1583 2177 1611 2227 ό
1652 2175 1828 2243 λόγος,

241 2266 411 2319 εικόνι
447 2266 646 2336 χρῆται
673 2265 878 2329 ἐλαίας,
911 2264 945 2336 ἢ
976 2264 1233 2334 φοίνικος,
1263 2264 1297 2336 ἦ
1332 2264 1597 2335 ἀμπέλου·
1646 2266 1734 2317 ὅτε
1774 2265 1831 2318 δὲ

239 2367 302 2408 το
326 2356 553 2417 εὐθαλὲς
580 2356 673 2409 καὶ
698 2355 1009 2426 διηρμένον,
1036 2354 1229 2425 νεαρόν
1248 2372 1307 2407 τε
1330 2355 1423 2408 καὶ
1443 2357 1699 2425 ἀκμαῖον,
1720 2354 1831 2410 τῶν

241 2446 302 2498 ιν
332 2447 398 2515 τῇ
460 2444 755 2516 Ἐκκλησία
788 2445 1205 2517 προκοπτόντων
1245 2445 1414 2516 δηλοῖ,
1458 2449 1522 2517 τῇ
1556 2446 1664 2499 τῶν
1696 2464 1832 2521 προσ

239 2536 540 2606 λεχθέντων
568 2535 751 2604 φυτῶν
784 2536 1152 2607 συνεχρήσατο
1175 2536 1364 2589 είκόνι⁸
1390 2536 1426 2591 ἃ
1458 2537 1556 2590 οὐκ
1586 2536 1762 2601 ἄλλως
1793 2537 1827 2609 ἢ

240 2623 301 2690 ἐξ
327 2625 539 2678 ὑδάτων
567 2625 804 2698 πλήθους
827 2626 921 2680 κα)⁸
951 2625 1054 2696 γῆς
1075 2627 1291 2698 ἑδραίας
1316 2628 1409 2681 καὶ
1443 2628 1671 2699 μονίμου
1701 2646 1829 2683 συν-

242 2717 495 2771 ίστασθαι
523 2718 789 2786 πέφυκενο
826 2718 856 2770 δ
898 2716 961 2787 δὴ
1006 2719 1099 2771 καὶ
1131 2719 1253 2771 ἀντὶ
1292 2718 1599 2791 παραδόξου
1632 2721 1829 2793 παρεί-

238 2810 429 2880 ληφεν,
458 2809 507 2860 εί
534 2809 594 2860 ἐν
616 2810 681 2878 τῇ
711 2806 923 2880 ἀνύδρῳ
951 2809 1045 2862 καὶ
1065 2808 1355 2881 καταξήρῳ
1391 2811 1485 2864 καὶ
1514 2810 1721 2883 δειλαίᾳ
1754 2814 1825 2883 γῇ

240 2898 509 2967 τοσαύτην
553 2898 760 2952 ὑδάτων
790 2898 1054 2971 χορηγίαν
1104 2898 1321 2953 ἔσεσθαι
1353 2902 1708 2971 ἐπήγγελται,
1752 2902 1829 2966 ὡς

241 2988 467 3043 τοιαῦτα
498 2988 794 3062 βλαστῆσαι
819 2989 986 3059 φυτὰ,
1014 2992 1176 3045 ὁποῖα
1207 2990 1568 3045 κατείλεκται.
1596 2992 1702 3045 Τὸν
1726 2993 1829 3045 αὐ-

239 3082 331 3136 τὸν
364 3081 422 3134 δὲ
441 3081 641 3151 τρόπον
669 3078 891 3139 ῐσεσθαι
915 3082 1009 3137 καὶ
1037 3083 1130 3136 ἐπὶ
1166 3082 1265 3154 τῆς
1299 3082 1467 3139 πάλαι
1498 3085 1707 3155 ἐρήμου
1734 3084 1830 3138 καὶ

238 3171 472 3243 ἀνύδρου
505 3172 607 3242 γῆς
639 3170 749 3225 τῶν
785 3172 951 3226 πάλαι
974 3172 1286 3244 ἀλλοφύλων
1310 3174 1404 3228 καὶ
1430 3173 1605 3229 ἀθέων
1638 3174 1823 3229 ἐθνῶν·

1932 1988 2095 2041 clcsia
2142 1988 2234 2043 Dei
2274 1985 2617 2051 ﬂorentium,
2660 2000 2779 2051 quae
2819 1999 2884 2037 ex
2917 1984 3223 2037 divinarum
3255 1991 3309 2036 et
3344 1982 3515 2033 ratio-

1934 2080 2189 2134 nabilium
2245 2092 2509 2146 aquarum
2559 2075 2889 2130 abundantia
2938 2076 2992 2127 in
3030 2074 3197 2126 altum
3244 2086 3519 2127 excreve-

1931 2179 2090 2234 runt,
2135 2176 2488 2237 usurpantur.
2540 2166 2673 2220 Cum
2730 2165 2893 2234 igitur
2961 2162 3241 2231 Scriptura
3306 2160 3519 2215 fructus

1931 2260 2187 2314 Ecclesia:
2218 2267 2616 2327 reprtcsentare
2642 2257 2814 2323 cupit,
2861 2255 3093 2321 imagine
3138 2255 3308 2307 utitur
3335 2253 3516 2315 oliva,

1930 2358 2024 2403 aut
2060 2348 2286 2418 palmae,
2326 2355 2422 2405 aut
2465 2347 2626 2411 vitis;
2673 2361 2794 2399 cum
2847 2359 2979 2400 vero
3013 2342 3329 2410 ﬂorentem,
3378 2342 3514 2397 sub-

1929 2440 2134 2507 limem,
2182 2448 2429 2509 vegetum
2473 2449 2529 2493 et
2573 2452 2890 2508 prosperum
2935 2450 3148 2502 eorum,
3176 2435 3267 2505 qui
3312 2436 3364 2490 in
3411 2434 3519 2490 Ec-

1928 2533 2097 2587 clesia
2138 2532 2466 2601 proﬁciunt,
2513 2539 2715 2585 statum
2779 2530 3083 2600 signiﬁcat,
3131 2530 3516 2598 praedictarum

1929 2624 2187 2677 arborum
2219 2622 2572 2678 similitudine
2614 2621 2805 2687 utitur,
2833 2636 2952 2689 quae
2983 2622 3199 2677 nonnisi
3245 2637 3311 2675 ex
3342 2635 3513 2689 aqua-

1930 2730 2048 2769 rum
2095 2716 2251 2783 capia
2304 2724 2467 2783 atque
2514 2713 2567 2766 in
2616 2723 2758 2767 terra
2801 2716 2957 2766 lirma
3004 2713 3284 2781 solidaque
3331 2714 3514 2767 consi-

1930 2814 2077 2859 stere
2116 2805 2290 2859 solent
2318 2822 2330 2858 :
2358 2806 2504 2873 quod
2543 2819 2677 2858 sane
2725 2819 2823 2873 pro
2862 2820 2922 2859 re
2959 2805 3222 2871 stupenda
3263 2812 3316 2858 et
3347 2804 3514 2859 mira-

1928 2894 2020 2948 bili
2067 2893 2370 2963 usurpavit,
2412 2892 2555 2962 quod
2594 2891 2849 2946 videlicet
2900 2894 2953 2945 in
3004 2894 3290 2961 inaquosa,
3334 2892 3512 2961 arida,

1929 2995 1985 3041 et
2025 2986 2223 3040 misera
2264 2996 2446 3051 terra,
2491 2996 2697 3040 tantam
2740 2983 2858 3039 (ore
2912 2998 3174 3053 aquarum
3225 2984 3512 3038 abundau-

1931 3077 2060 3131 tiam
2106 3076 2449 3148 polliceatur,
2478 3088 2536 3131 ut
2570 3077 2706 3133 tales
2756 3079 3013 3138 arbores.
3062 3074 3249 3145 quales
3280 3090 3508 3130 enume-

1932 3180 2145 3234 rantur,
2180 3169 2427 3238 proferre
2462 3169 2661 3225 valeat.
2701 3169 2901 3223 Eodem
2929 3177 3108 3221 autem
3151 3167 3314 3221 modo
3347 3182 3513 3222 even-

239 3262 513 3332 τοσαύτην
553 3262 662 3334 γάρ
704 3264 1031 3334 γενήσεσθαι
1074 3265 1168 3319 καὶ
1206 3266 1294 3318 ἐπ’
1334 3266 1482 3338 αὐτῷ
1528 3267 1828 3340 μεταϐολήν

1931 3271 2108 3316 turum
2140 3262 2271 3315 dicit
2318 3261 2371 3315 in
2424 3260 2512 3315 illa
2546 3259 2677 3313 olim
2723 3260 2935 3313 deserta
2976 3267 3047 3319 et,
3075 3260 3334 3328 inaquu'sa
3381 3260 3513 3312 alie-

239 3352 575 3425 προφητεύει
595 3356 674 3419 είς
698 3354 921 3419 ἔνδειξιν
952 3357 1051 3426 τῆς
1085 3357 1353 3429 σωτηρίου
1382 3357 1716 3427 εὐεργεσίας.

316 3676 335 3708 ι
366 3657 483 3710 Ἵνα
504 3656 654 3711 ῖδωσι
678 3657 773 3711 καὶ
797 3655 987 3724 γνῶσι,
1016 3656 1109 3710 καὶ
1125 3656 1421 3726 ἐννοήσωσι
1446 3655 1540 3708 καὶ
1566 3654 1828 3707 ἐπίστων-

241 3765 331 3806 ται
354 3750 491 3820 ἅμα,
522 3750 604 3804 ὄτι
636 3747 756 3821 χεὶρ
779 3748 983 3821 Κυρίου
1014 3748 1233 3819 ἐποίησε
1256 3746 1449 3811 ταῦτα,
1483 3746 1577 3801 καὶ
1613 3748 1642 3799 ό
1673 3746 1825 3814 ἅγιος

240 3841 333 3896 τοῦ
383 3840 599 3914 Ἰσραὴλ
644 3838 973 3904 κατέδειξεν.
1010 3858 1029 3890 ι
1075 3839 1139 3892 El
1189 3838 1299 3908 γάρ
1349 3839 1421 3908 μὴ
1454 3836 1585 3900 Θεὸς
1626 3831 1693 3907 ἦν
1731 3837 1825 3890 καὶ

240 3930 361 4003 χεὶρ
393 3930 624 4003 Κυρίου,
655 3932 691 4001 ή
720 3929 807 3983 διά
831 3928 941 3983 τῶν
974 3928 1286 3983 ἀποστόλων
1314 3926 1479 3982 αὐτοῦ
1510 3927 1608 3999 τὴν
1633 3927 1827 3980 τοσαύο

241 4038 340 4093 την
373 4021 670 4093 μεταϐολὴν
710 4023 769 4075 ἐν
801 4023 916 4085 τοῖς
948 4020 1155 4074 ἔθνεσιν
1189 4018 1524 4091 εἰργασμένη
1546 4059 1559 4080 ,
1600 4018 1717 4080 πῶς
1759 4018 1824 4071 ἂν

241 4111 576 4182 συνέστησαν
607 4113 666 4165 ἐν
692 4113 758 4182 τῇ
786 4110 1020 4183 τοσαύτῃ
1042 4110 1152 4163 τῶν
1181 4109 1351 4163 ἐθνῶν
1391 4109 1597 4180 ἐρημίᾳ
1630 4108 1826 4179 ἐκκλη-

244 4203 355 4257 σίαι
382 4202 541 4265 Θεοῦ,
566 4202 661 4257 καὶ
689 4202 757 4255 τά
790 4204 848 4255 ἐν
883 4202 1018 4271 αὐτῇ
1052 4200 1244 4269 λογικά
1282 4200 1448 4253 ὕδατα
1487 4198 1823 4268 πληθύνοντα

242 4290 514 4361 πανταχοῦ
541 4292 662 4362 γῆς,
687 4291 763 4354 ὡς
785 4291 1144 4362 γεωργεῖσθαι
1168 4290 1274 4343 τῶν
1307 4274 1568 4360 ττρὸτερον
1602 4290 1823 4360 ἐρήμων

242 4381 332 4434 καὶ
354 4379 644 4451 ἀνημέρων
667 4380 834 4434 ἐθνῶν
852 4380 950 4444 τάς
975 4379 1151 4450 ψυχὰς
1174 4379 1251 4449 τῷ
1277 4379 1375 4449 τῆς
1397 4378 1704 4440 θεοσεϐείας
1735 4378 1822 4429 λό-

242 4487 344 4542 γῳ,
391 4471 548 4540 φύειν
589 4488 648 4524 τε
682 4474 775 4525 καὶ
825 4471 1005 4542 ὐψηλὰ
1049 4473 1142 4524 καὶ
1171 4472 1417 4542 μετέωρα
1444 4470 1817 4540 βλαστήματα⁹

1928 3370 2118 3410 narum
2160 3366 2216 3408 et
2247 3354 2534 3424 impiarum
2582 3353 2824 3421 gentium
2871 3359 3016 3405 terra
3052 3368 3065 3405 :
3097 3364 3222 3404 nam
3272 3360 3329 3403 ut
3364 3349 3511 3404 salu-

1930 3455 2045 3499 tare
2083 3446 2403 3500 beneficium
2448 3445 2736 3513 exprimat,
2780 3452 2985 3497 tantam
3026 3442 3079 3497 in
3118 3442 3207 3497 illa
3247 3441 3363 3498 fore
3390 3458 3508 3498 mu-

1929 3538 2184 3591 tationem
2219 3530 2568 3592 vaticinatur.

2000 3628 2277 3683 Vens.20.
2319 3648 2337 3680 ι
2369 3630 2439 3684 Ut
2487 3629 2708 3682 videant
2753 3635 2808 3681 et
2859 3636 3227 3698 cognoscant,
3270 3636 3327 3681 et
3358 3627 3509 3693 cogi-

1925 3727 2117 3774 tentet
2149 3722 2320 3775 sciant
2346 3720 2541 3783 simul,
2582 3720 2836 3787 quoniam
2889 3735 3081 3773 manus
3114 3720 3324 3773 Domini
3380 3718 3507 3773 fecit

1925 3812 2063 3878 lucc,
2107 3822 2161 3867 et
2207 3822 2428 3868 sanctus
2463 3811 2623 3867 lsrael
2655 3813 2916 3867 ostendit.
2943 3830 2963 3863 ι
3007 3810 3124 3867 Nisi
3170 3812 3314 3866 enim
3364 3812 3510 3868 Deus

1925 3914 1978 3958 et
2018 3921 2210 3960 manus
2260 3906 2471 3958 Domini
2521 3912 2689 3966 esset,
2730 3918 2850 3971 quae
2904 3918 3000 3972 per
3047 3902 3327 3971 apostolos
3378 3918 3508 3957 suos

1924 4004 2128 4050 lautam
2176 3998 2228 4051 in
2270 3998 2521 4065 gentibus
2551 3996 2906 4049 mulationem
2958 3994 3189 4059 induxit,
3232 3997 3506 4063 quomodo

1926 4090 1978 4142 in
2012 4099 2164 4143 tanto
2210 4089 2447 4159 gentium
2495 4089 2713 4141 deserto
2765 4085 3022 4139 Ecclesia!
3070 4085 3166 4139 Dei
3216 4085 3505 4139 constitis-

1924 4188 2079 4241 sent,
2123 4190 2177 4232 et
2229 4178 2586 4233 rationabiles
2630 4175 2749 4245 ejus
2795 4192 2947 4245 aquae
2992 4177 3192 4248 ubique
3240 4184 3505 4229 terrarum

1925 4269 2149 4339 largiter
2198 4279 2542 4329 manaSsent,
2596 4269 2668 4323 ita
2720 4278 2777 4321 ut
2838 4268 2941 4322 illa:
3002 4270 3128 4322 olim
3179 4270 3408 4323 desertae
3451 4277 3508 4322 et

1925 4359 2158 4414 immites
2188 4361 2423 4429 gentium
2474 4361 2683 4423 animae,
2727 4357 2839 4431 piae
2880 4360 3158 4430 religionis
3200 4359 3367 4414 verbo
3406 4376 3506 4414 ex-

1925 4451 2028 4505 coli
2068 4461 2314 4520 possent,
2358 4468 2422 4506 ac
2466 4452 2643 4507 celsas
2686 4453 3055 4519 sublimesque
3089 4452 3302 4521 plautas
3349 4453 3509 4505 emit-

243 4563 337 4616 καὶ
360 4563 427 4615 τὰ
458 4562 556 4633 μὲν
584 4562 676 4615 ἐπὶ
696 4562 802 4631 γῆς
829 4562 1196 4632 ἐῤῥιζωμένα,
1226 4561 1370 4630 λέγω
1394 4562 1457 4631 δὴ
1495 4563 1553 4613 ἐν
1579 4561 1657 4629 τῷ
1689 4561 1819 4631 θνη-

1930 4550 2041 4597 tere
2068 4562 2081 4598 :
2112 4560 2341 4613 quarum
2372 4546 2492 4599 alia:
2535 4546 2587 4598 in
2626 4554 2791 4611 terra,
2823 4546 3032 4599 scilicet
3076 4548 3127 4599 in
3164 4546 3378 4599 mortali
3417 4548 3510 4599 liu-

242 4656 321 4727 τῷ
348 4656 445 4708 καί
476 4654 803 4724 ἀνθρωπίνῳ
840 4653 960 4723 βίῳ·
990 4654 1057 4706 τά
1091 4653 1147 4706 δὲ
1176 4656 1256 4716 είς
1287 4652 1418 4722 ὕψος
1460 4653 1815 4721 ἐπαιρόμενα,

243 4744 317 4809 ὥς
343 4745 440 4799 καὶ
488 4744 647 4815 μέχρι
675 4745 772 4815 τῆς
830 4744 1102 4813 βασιλείας
1149 4744 1258 4796 τῶν
1299 4743 1542 4813 οὐρανῶν
1588 4744 1822 4795 ἐκτείνε-

244 4834 389 4897 σθαι,
424 4835 585 4887 κάκεῖ
605 4832 703 4896 τάς
735 4832 939 4886 ἑαυτῶν
970 4834 1206 4905 ἀναρτᾷν
1230 4834 1481 4896 ἐλπίδας;
1514 4835 1602 4886 Διὸ
1636 4839 1820 4902 φυτοῖς

242 4925 465 4980 εὐώδεσι
491 4923 584 4976 καὶ
616 4924 694 4986 είς
735 4922 865 4993 ὕψος
897 4924 1226 4995 ἐπηρμένοις
1256 4924 1712 4994 παοαϐἐῦληνται.

319 5117 339 5150 ι
382 5096 620 5167 Ἐγγίζει
654 5099 689 5168 ἠ
730 5099 909 5169 κρίσις
941 5097 1125 5168 ὐμῶν,
1158 5096 1306 5165 λέγει
1349 5096 1552 5167 Κύριος
1598 5100 1625 5151 ὁ
1665 5098 1816 5162 Θεόςο

243 5188 477 5258 ἤγγισαν
507 5189 563 5243 αἱ
594 5187 779 5257 βουλαὶ
813 5190 987 5259 ὐμῶν,
1018 5188 1163 5257 λέγει
1197 5192 1223 5241 ό
1261 5188 1510 5257 βασιλεὺς
1551 5189 1765 5242 Ἰακώϐ.
1799 5208 1816 5240 ι

1928 4651 2193 4705 manaque
2218 4637 2352 4702 vita,
2392 4639 2601 4691 radices
2644 4652 2906 4705 posuere;
2952 4638 3072 4691 aliae
3112 4648 3241 4692 vero
3288 4654 3505 4692 sursum

1925 4740 2123 4782 creeta:
2169 4738 2338 4793 sunt,
2384 4730 2456 4781 ita
2508 4740 2565 4782 ut
2605 4730 2671 4782 ad
2734 4746 2905 4799 usque
2958 4745 3185 4798 regnum
3244 4729 3505 4784 cmlurum

1926 4823 2368 4886 extemlerentur,
2417 4832 2578 4889 atque
2614 4822 2683 4875 ibi
2728 4837 2879 4891 spem
2927 4837 3082 4875 suam
3141 4820 3510 4889 reponerent?

1927 4914 2279 4979 quamobrem
2357 4913 2798 4969 suaveolentibus
2854 4930 2917 4969 ac
2969 4913 3281 4969 celsissimis
3344 4912 3506 4965 arbo-

1927 5006 2078 5058 ribus
2105 5016 2504 5073 comparantur.

2000 5096 2164 5150 νεεδ.
2190 5097 2279 5151 21.
2318 5116 2335 5148 ι
2366 5098 2775 5167 Appmpinqnat
2798 5097 3059 5165 judicium
3087 5106 3348 5153 vestrum.
3374 5094 3504 5147 dicit

1923 5187 2177 5243 Dominus
2231 5190 2420 5244 Deus:
2469 5191 2971 5260 appropinquarunt
3021 5190 3245 5244 consilia
3299 5196 3503 5253 vestra,

255 5279 673 5349 Ἀναπολόγητοι
707 5280 814 5348 γάρ
844 5282 1006 5341 οέστε,
1043 5279 1227 5349 φησὶν,
1263 5273 1308 5330 ὦ
1344 5279 1741 5349 εἰδωλολάτραι,
1775 5280 1823 5332 oi

1930 5279 2052 5332 dicit
2096 5295 2189 5333 rex
2227 5279 2412 5335 Jacob.
2441 5300 2458 5332 ι
2505 5282 2901 5335 lnexcusabiles
2932 5284 3133 5351 quippe
3163 5281 3313 5344 estis,
3342 5280 3438 5342 ait,
3469 5296 3504 5334 ο

247 5368 385 5438 μετά
423 5369 521 5440 τήν
558 5370 825 5442 τοσαύτην
852 5372 1007 5441 χάριν
1040 5370 1135 5441 τὴν
1167 5370 1235 5422 τὰ
1276 5370 1511 5423 τοσαῦτα
1557 5388 1826 5442 κατεργα-

246 5459 510 5530 σαμένην,
542 5462 609 5529 τῇ
656 5459 897 5530 πολυθέῳ
928 5461 1380 5529 ἐναπομείναντες
1410 5461 1606 5531 πλάνῃ,
1638 5462 1709 5531 μὴ
1741 5464 1825 5514 ἐν-

246 5550 557 5619 νοήσαντες,
585 5550 657 5613 ὡς
682 5552 800 5621 χεὶρ
823 5547 889 5621 ἦν
901 5551 1115 5621 ἀληθῶς
1142 5551 1276 5603 Θεοῦ
1302 5552 1335 5620 ἡ
1363 5550 1429 5604 τά
1448 5552 1679 5604 τοσαῦτα
1703 5568 1827 5605 κατ-

246 5642 609 5712 εργαζομένη,
649 5644 744 5695 καὶ
788 5644 914 5715 πρὶν
974 5644 1223 5713 γενέσθαι
1260 5644 1686 5715 μαρτυραμένη,
1741 5645 1821 5697 ὅτι

246 5731 417 5785 ταῦτα
444 5733 616 5787 ἔσται.

321 5828 361 5859 "
402 5827 533 5892 Cap.
564 5845 660 5893 xu,
692 5846 829 5886 vers.
860 5832 938 5887 l3.
1017 5833 1062 5863 τ’
1101 5829 1238 5885 Psal.
1273 5845 1436 5893 mn,
1472 5829 1556 5883 ‘27.

1920 5371 2259 5435 idololatrm,
2314 5374 2406 5440 qui
2466 5382 2587 5441 post
2639 5382 2843 5425 tantam
2896 5374 3133 5440 taliaque
3185 5380 3500 5439 operantem

1921 5465 2170 5531 gratiam,
2201 5466 2253 5518 in
2301 5464 2592 5517 multorum
2632 5466 2909 5517 numinum
2950 5480 3133 5519 errore
3178 5465 3499 5518 mansistis:

1928 5570 2033 5608 non
2078 5558 2409 5625 COgitantes,
2455 5573 2672 5610 manum
2716 5556 2807 5610 Dei
2859 5572 2978 5610 esse
3024 5572 3140 5625 quae
3188 5567 3292 5609 tam
3335 5555 3500 5611 multa

1927 5648 2131 5714 edidit,
2177 5660 2230 5705 ct
2280 5660 2564 5719 antequam
2617 5650 2841 5716 ﬂerent,
2886 5651 2999 5704 haec
3040 5650 3213 5702 futura
3259 5662 3482 5719 prmum:

1932 5736 2100 5792 liavit.
