4058 6450
595 453 698 508 387
1286 445 1552 502 EUSEBII
1590 444 1782 501 CIESA
1790 442 2051 499 RIENSIS
2087 441 2138 498 Ol

2278 441 2453 496 PARS
2490 440 2575 496 Ill.
2616 472 2685 486 -
2721 437 3129 495 E-XEGETICA.
3711 435 3822 491 διδ

594 575 896 649 quempiam
941 582 993 625 et
1031 574 1167 642 apud
1212 572 1454 627 homines
1494 572 1761 625 infirmum
1808 569 2138 626 contristavit

2243 562 2299 613 ἐν
2327 561 2628 631 ἀνθρώποις
2687 559 2973 627 ἐλύπησεν,
3000 554 3122 609 οὔτε
3168 553 3287 608 τινὰ
3325 552 3433 606 τῶν
3488 552 3822 623 ἐπηρμένων

596 643 851 738 unquam,
894 682 1065 736 neque
1108 666 1270 720 ullum
1296 681 1359 719 es
1397 663 1773 731 arrogantibus
1798 671 1852 713 et
1896 660 2138 729 superbis

2244 654 2336 705 καὶ
2363 651 2725 721 ὑπερηφάνων
2757 647 3010 720 μετῆλθε’
3044 646 3178 717 πρὸς
3203 645 3447 706 ἅπαντας
3472 643 3529 695 δὲ
3562 645 3688 707 τοὺς
3723 647 3822 698 άνο

593 760 813 813 adortus
845 768 920 812 est
952 776 964 810 :
1000 758 1091 811 sed
1142 770 1258 811 sese
1285 757 1533 808 omnibus
1566 768 1784 822 prorsus
1838 751 2138 806 hominibus

2245 739 2495 809 θρώπους
2550 739 2722 811 πρᾶός
2753 755 2812 790 τε
2844 732 2911 806 ἦν
2941 734 3034 788 καλ⁸
3064 733 3314 795 ταπεινὸς
3349 735 3415 802 τῇ
3450 732 3649 801 καρδίᾳ
3668 746 3682 760 °
3718 733 3822 787 σὺν

596 859 929 903 mansuetum
969 861 1019 902 et
1050 847 1297 900 humilem
1335 846 1497 900 corde
1530 844 1773 897 exhibuit
1800 861 1813 897 :
1840 858 1961 897 cum
2003 842 2138 896 veri-

2244 826 2468 896 άληθείᾳ
2504 825 2560 877 δὲ
2607 826 2699 877 καὶ
2752 823 3029 895 παρρησίᾳ
3081 825 3193 884 τοῖς
3226 824 3356 875 πᾶσι
3398 820 3821 875 διαστέλλωντὰ

594 951 707 995 tate
733 950 907 994 autem
938 948 988 993 et
1031 938 1214 993 llducia
1246 939 1496 991 omnibus
1526 936 1771 1003 aperiens
1809 948 1896 994 ea.
1924 948 2045 1002 qua:
2076 934 2138 988 ad

2245 918 2370 988 περὶ
2390 916 2487 983 τῆς
2508 914 2601 967 τοῦ
2630 914 2763 968 Θεοῦ
2796 916 3044 985 κρίσεως,
3062 913 3156 965 καὶ
3170 914 3232 965 οὐ
3262 912 3520 983 πρότερόν
3553 928 3617 979 γε
3644 910 3821 965 ἐπαύ-

596 1030 689 1084 Βιιί
719 1030 975 1097 judicium
1014 1028 1343 1093 spectabant,
1388 1040 1491 1079 non
1527 1002 1673 1094 prius
1708 1024 1954 1087 cessavit,
1981 1038 2138 1092 quam

2247 1005 2396 1071 σατο,
2433 1006 2465 1077 ἦ
2502 1006 2675 1075 φωτὸς
2704 1006 2858 1076 δίκην
2897 1002 3168 1073 ἐκλάμψαι
3202 1004 3289 1056 διὰ
3340 1004 3437 1073 τῆς
3484 1006 3548 1056 ἐκ
3603 1002 3821 1073 νεκρῶν

594 1119 727 1176 lucis
775 1122 944 1173 instar
989 1118 1383 1187 splendesceret
1425 1129 1520 1184 per
1580 1116 2029 1169 resurrectionem
2074 1129 2138 1167 ex

2244 1098 2610 1161 ἀναστάσεως,
2648 1098 2712 1167 ἢν
2739 1100 2768 1150 6
2813 1093 3143 1167 προφητικὸς
3174 1094 3329 1161 λόγος
3358 1092 3578 1165 ᾐνίξατο
3620 1092 3817 1155 εἰπὼν,

591 1210 835 1270 mortuis,
876 1184 1035 1277 quam
1066 1208 1408 1277 propheticus
1446 1221 1623 1261 sermo
1666 1206 1751 1260 his
1788 1205 1965 1261 verbis
2008 1205 2138 1259 sub-

2250 1208 2269 1240 ι
2309 1188 2635 1259 ’Δναλάμψει
2670 1189 2763 1239 καὶ
2793 1188 2854 1240 οὐ
2896 1185 3311 1257 θραυσθήσεται.
3352 1204 3371 1236 ι
3432 1185 3674 1254 Θραῦσαι
3714 1184 3820 1255 μὲν

593 1301 871 1361 lmlicavit,
896 1274 931 1351 -ι
961 1274 1356 1369 Resplendebit,
1395 1306 1451 1351 et
1478 1313 1582 1352 non
1623 1306 1951 1351 conteretur.
1981 1314 2001 1349 ι
2052 1295 2138 1349 Si-

2243 1280 2351 1350 γάρ
2383 1279 2561 1341 αὑτὸν,
2590 1278 2683 1330 καὶ
2708 1276 3007 1330 ἀποσϐέσαι
3052 1274 3406 1345 πεπείρανται
3434 1276 3483 1327 οι
3516 1274 3611 1326 τὸν
3654 1274 3813 1365 θάναο

589 1392 803 1459 quidem
848 1392 995 1445 illum
1048 1364 1421 1445 conteret-eiet
1467 1390 1807 1457 exstinguere
1862 1384 2138 1441 tentabant

2240 1388 2332 1424 τον
2366 1368 2512 1440 αὑτῷ
2543 1368 3045 1429 κατασκευάσαντες
3068 1382 3081 1396 ο
3112 1365 3233 1417 ἐπεὶ
3256 1366 3349 1418 καὶ
3376 1366 3482 1417 πᾶν
3509 1364 3572 1417 τὸ
3620 1364 3817 1433 θνητὸν

591 1453 658 1546 il,
696 1483 784 1549 qui
831 1497 1016 1538 necem
1048 1482 1145 1552 ipsi
1174 1481 1341 1535 moliti
1369 1490 1493 1535 sunt
1520 1499 1533 1535 :
1566 1453 1761 1534 etenim
1803 1479 1853 1533 id
1886 1478 2138 1533 universo

2242 1461 2395 1528 γένος
2448 1459 2658 1527 θανάτῳ
2717 1456 3046 1528 θραύσεσθαι
3101 1454 3363 1523 πέφυκεν.
3414 1453 3667 1557 Ἀλλ’νοῦ
3689 1453 3819 1557 Τκαὶ.

586 1574 868 1628 hominum
913 1573 1093 1643 generi
1141 1582 1327 1626 natura
1382 1572 1657 1640 proprium
1706 1579 1821 1633 est,
1872 1580 1933 1623 ut
1969 1579 2138 1624 morte

2243 1551 2401 1603 αὑτὸν
2448 1550 2736 1621 ἔθραυσεν·
2777 1549 2933 1618 μόνος
2970 1546 3025 1597 δὲ
3067 1546 3173 1598 τῶν
3202 1545 3259 1610 ἐξ
3309 1543 3504 1615 αἰῶνος
3532 1538 3614 1606 εἷς
3658 1537 3818 1607 οὗτος

589 1672 923 1715 conteratur.
946 1661 1014 1714 At
1048 1675 1151 1713 non
1193 1660 1340 1713 illum
1378 1672 1524 1714 mors
1559 1660 1844 1722 contrivit,
1879 1659 1973 1713 sed
2004 1675 2138 1712 unus

2242 1640 2469 1695 θανάτου
2492 1640 2748 1711 κρείττων
2779 1636 3125 1706 άποφανθεὶς.
3159 1636 3381 1699 εἰκότως
3411 1636 3515 1688 ὑπὸ
3535 1633 3636 1704 τῆς
3675 1648 3817 1705 προ-

585 1768 796 1817 eorum,
824 1753 911 1819 qui
938 1769 966 1805 a
996 1751 1190 1806 szeculo
1218 1751 1389 1814 fuere,
1422 1752 1577 1805 morti
1616 1752 1861 1821 superior
1901 1751 2138 1805 evasisse

2243 1732 2466 1801 φητείας
2505 1729 2922 1801 μεμαρτύρηται
2949 1726 3235 1797 φησάσης·

585 1844 705 1909 jure
734 1843 1030 1898 declaratur
1057 1860 1083 1896 ι
1114 1844 1393 1912 prophetia
1421 1843 1628 1916 dicente
1668 1860 1683 1897 :
2175 1854 2215 1909 Β

666 1935 824 1988 Vens.
857 1934 911 1988 4.
952 1953 971 1985 ι
1000 1933 1413 2003 Respleudebit,
1452 1943 1635 1988 etnon
1670 1942 2000 1997 conteretur,
2042 1934 2141 1987 do-

586 2040 687 2079 nec
724 2035 891 2092 ponat
939 2026 994 2080 in
1033 2036 1175 2081 terra
1232 2025 1528 2091 judicium;
1567 2037 1622 2079 et
1660 2026 1713 2078 in
1767 2026 1986 2080 nomine
2027 2025 2141 2095 ejus

588 2125 772 2185 gentes
814 2118 1122 2185 sperabunt.
1170 2138 1186 2168 ι
1220 2118 1481 2183 Quocirca
1528 2127 1647 2185 post
1694 2118 2139 2173 resurrectionem

589 2221 654 2260 ex
691 2210 914 2263 mortuis
940 2249 955 2273 ,
979 2209 1115 2263 lucis
1162 2209 1335 2265 instar
1376 2211 1429 2263 iu
1466 2220 1579 2264 toto
1608 2211 1737 2264 orbe
1773 2209 2141 2277 resplendeus,

588 2311 695 2350 non
723 2298 872 2366 prius
910 2300 1170 2363 cessavit,
1201 2316 1357 2369 quam
1408 2301 1461 2355 in
1508 2312 1650 2355 terra
1704 2312 1756 2356 et
1801 2303 1850 2355 in
1899 2301 2140 2357 Ecclesia

583 2404 681 2441 sua
732 2389 966 2457 regimen
1025 2406 1087 2446 ac
1107 2392 1364 2460 judicium
1425 2396 1725 2463 ordinaret,
1781 2397 1922 2465 quod
1976 2394 2135 2451 etiam

587 2478 861 2545 discipulis
885 2480 997 2533 suis
1024 2483 1265 2538 tradidit.

658 2569 823 2626 Vens.
862 2571 916 2628 5.
948 2588 968 2623 ι
1001 2571 1090 2627 Sic
1114 2574 1245 2629 dicit
1277 2575 1530 2633 Dominus
1556 2578 1713 2643 Deus,
1749 2582 1838 2649 qui
1875 2580 2003 2636 fecit
2029 2596 2139 2637 c03-

589 2658 719 2723 lum,
747 2669 800 2715 et
833 2662 1117 2728 ﬂxitillud,
1146 2666 1233 2733 qui
1270 2667 1501 2720 ﬁrmavit
1535 2678 1777 2735 terram,
1823 2681 1877 2725 et
1920 2688 2038 2740 qua:
2086 2674 2137 2727 in

586 2751 699 2815 ipsa
730 2762 872 2815 sunt,
900 2755 991 2823 qui
1021 2755 1110 2808 dat
1145 2755 1325 2810 datum
1351 2758 1549 2827 populo
1581 2776 1680 2814 suo
1712 2763 1763 2816 in
1787 2777 1872 2829 ea,
1897 2774 1949 2817 et
1976 2764 2140 2832 spiri-

585 2850 699 2895 tum
734 2844 1066 2900 calcantibus
1114 2861 1250 2902 eam.
1286 2867 1306 2901 ι
1354 2851 1649 2905 Admodum
1699 2865 2135 2925 consequenter:

586 2948 711 2986 nam
740 2948 875 3003 Opus
902 2944 985 2989 est
1014 2951 1110 2989 uos
1144 2939 1391 2994 ediscere
1430 2956 1495 2995 ex
1538 2944 1690 3012 cujus
1732 2960 1956 3012 persona
1996 2944 2137 3000 dicta

584 3026 694 3075 sint
733 3040 850 3092 qua:
880 3024 946 3079 de
982 3024 1196 3081 Christo
1228 3030 1647 3098 prmmittuntur.
1676 3034 1807 3099 Quia
1836 3036 1977 3089 enim
2005 3051 2136 3090 cen-

584 3114 765 3167 t'ertim
816 3115 975 3170 initio
1015 3118 1228 3172 dixerat
1281 3122 1623 3189 propheticus
1652 3140 1867 3189 sermo,
1915 3144 1932 3176 ι
1968 3125 2137 3181 Jacob

586 3219 721 3273 puer
745 3221 917 3269 meus,
967 3210 1253 3278 suscipiam
1298 3226 1420 3264 eum
1456 3228 1468 3262 :
1500 3208 1671 3267 Israel
1709 3215 1910 3270 electus
1963 3232 2134 3282 meus,

587 3297 821 3365 suscepit
853 3313 975 3351 eum
1013 3301 1189 3354 anima
1218 3316 1335 3355 mea
1367 3320 1379 3355 :
1408 3303 1525 3356 dedi
1565 3305 1807 3372 spiritum
1839 3321 2013 3361 meum
2047 3324 2137 3360 su-

588 3402 685 3447 per
709 3401 864 3449 eum;
903 3407 921 3439 ι
955 3403 1054 3441 uec
1079 3390 1404 3443 indicaverat
1431 3394 1550 3460 quis
1590 3395 1701 3448 lure
1724 3394 1982 3461 dixisset,
2035 3396 2133 3449 liu-

587 3476 671 3543 jus
717 3476 950 3533 vaticinii
1008 3488 1281 3533 auctorem
1328 3478 1437 3546 jam
1500 3487 1802 3537 necessario
1834 3485 2078 3538 enuntiat
2117 3498 2130 3535 :

588 3565 930 3629 quamobrem
960 3567 1251 3637 Sulijungit,
1286 3586 1308 3620 ι
1342 3569 1432 3624 Sic
1460 3570 1587 3623 dicit
1610 3572 1863 3627 Dominus
1894 3574 2032 3628 Deus
2062 3593 2075 3627 :
2113 3594 2130 3625 ι

586 3654 701 3722 ipse
730 3655 923 3724 quippe
949 3668 1083 3720 erat,
1109 3659 1198 3726 qui
1230 3660 1468 3727 etprima
1494 3662 1732 3728 protulit,
1770 3673 1823 3715 et
1858 3665 2135 3731 sequentia

584 3746 798 3813 adiecit.
824 3747 1076 3812 Quamvis
1103 3751 1244 3803 enim
1275 3760 1368 3804 vo‘s
1395 3752 1655 3816 homines,
1693 3753 1949 3808 invisibili
1982 3764 2036 3807 et
2060 3756 2139 3808 ine

584 3852 854 3905 corporeae
889 3839 975 3891 Dei
1008 3841 1319 3893 substantiae
1343 3842 1582 3895 videndae
1629 3859 1786 3911 pares
1820 3860 1921 3896 non
1980 3844 2136 3907 sitis;

584 3939 641 3981 at
672 3931 825 4000 hujus
853 3929 981 3983 tanti
1009 3931 1127 3984 ειηιὶ
1164 3932 1583 4001 magnitudinem
1638 3935 2006 4001 speculantes,
2040 3951 2137 3989 vo-

584 4020 787 4074 biscum
817 4030 1057 4088 reputate
1088 4030 1320 4089 quantus
1349 4024 1588 4091 qualisve
1612 4027 1680 4079 sit
1717 4027 1779 4085 is,
1809 4028 1899 4093 qui
1933 4036 2135 4080 tantam

589 4111 705 4164 fixit
736 4112 961 4176 molem,
1010 4113 1130 4166 liine
1167 4122 1360 4167 terram
1410 4115 1576 4183 ipsam
1634 4117 2019 4185 respicientes,
2076 4134 2139 4171 ac

587 4205 1005 4270 considerantes,
1058 4214 1275 4274 quanta,
1328 4222 1485 4274 quam
1551 4209 1843 4263 immobilis
1881 4224 1908 4261 a
1943 4210 2139 4263 saeculo

588 4297 805 4349 fundata
845 4306 899 4348 et
929 4311 1022 4349 ceu
1072 4298 1338 4351 radicibus
1378 4298 1583 4350 [innata
1623 4303 1731 4362 sit,
1768 4300 1837 4352 ita
1872 4310 1927 4351 ut
1954 4317 2021 4354 ne
2055 4300 2135 4353 vel

585 4385 851 4438 tantillum
897 4395 1208 4451 moveatur;
1268 4386 1495 4455 cogitate
1556 4402 1715 4456 quam
1762 4388 2140 4443 inenarrabilis

586 4478 755 4530 virtus
786 4477 852 4529 sit
886 4476 1017 4541 ejus,
1056 4478 1143 4544 qui
1180 4478 1412 4530 firmavit
1449 4494 1564 4531 eam
1588 4518 1602 4543 ,
1649 4490 1702 4533 et
1747 4482 1815 4532 ita
1854 4482 2135 4536 fecundam

586 4568 963 4634 fructuumque
1017 4566 1247 4621 feracem
1300 4571 1572 4634 condidit,
1634 4579 1693 4623 ut
1732 4580 1810 4623 tot
1854 4574 2131 4640 animalia,

588 4666 664 4708 tot
689 4658 895 4723 plantas
930 4657 1185 4722 proferat.
1228 4656 1273 4711 ls
1293 4672 1440 4725 ergo,
1471 4661 1560 4727 qui
1598 4669 1799 4713 tantam
1833 4662 2136 4728 pulchritu-

586 4749 760 4799 dinem
793 4759 846 4798 et
880 4756 1076 4798 tantam
1105 4748 1293 4799 molem
1319 4750 1577 4809 con-.lidit.
1609 4750 1867 4805 Dominus
1905 4767 1958 4807 et
1998 4756 2138 4807 Deus

586 4839 976 4897 universorum,
1010 4839 1167 4889 etiam
1199 4854 1280 4903 ea,
1316 4856 1432 4908 qua:
1454 4844 1701 4911 superius
1725 4846 1865 4898 dicta
1897 4857 2041 4911 sunt,
2071 4847 2136 4903 de

586 4928 801 4983 Christo
837 4931 1232 4995 prmuuntiavit.
1520 4932 1525 4933 7

2318 1925 2335 1955 ι
2391 1902 2715 1974 Ἀναλάμψει
2738 1903 2828 1956 καὶ
2864 1903 2924 1955 οὐ
2949 1900 3363 1971 θραυσθήσεται,
3385 1900 3491 1963 ἕως
3516 1900 3584 1954 ἂν
3623 1899 3690 1971 θῇ
3720 1900 3818 1955 ἰπὶ

2242 1997 2339 2065 τῆς
2375 1995 2479 2067 γῆς
2518 1996 2717 2068 κρίσιν,
2757 1996 2848 2047 καὶ⁵
2875 1993 2967 2046 ἐπὶ
2989 1994 3066 2062 τῷ
3099 1994 3321 2062 ὀνόματι
3366 1992 3528 2045 αὐτοῦ
3558 1992 3686 2063 ἔθνη
3722 1993 3817 2045 ιλ-

2242 2087 2440 2140 πιοῦσι.
2474 2106 2492 2135 ι
2523 2088 2611 2139 Διὸ
2639 2087 2731 2140 καὶ
2782 2084 2917 2155 μετά
2967 2085 3064 2156 τὴν
3114 2086 3178 2136 ὲκ
3226 2083 3431 2155 νεκρῶν
3494 2083 3812 2144 ἀνάστασιν,

2243 2176 2414 2245 φωτὸς
2443 2176 2596 2245 δίκην
2617 2178 2695 2237 είς
2730 2174 2905 2228 πάντα
2929 2173 3017 2227 τὸν
3037 2173 3237 2243 κόσμον
3264 2172 3566 2242 ἐκλάμψας,
3592 2173 3655 2224 οὐ
3674 2172 3814 2241 πρό-

2240 2282 2396 2335 τερον
2459 2265 2750 2324 ἐπαύσατο,
2804 2262 2837 2332 ἢ
2877 2262 3226 2326 διατάξασθαι
3280 2260 3372 2313 ὲπὶ
3406 2262 3503 2332 τῆς
3546 2260 3649 2329 γῆς
3699 2261 3814 2329 ,τὴν

2242 2357 2369 2424 περὶ
2395 2354 2493 2422 τῆς
2510 2353 2829 2421 Ἑκκλησίας
2863 2352 3023 2403 αὐτοῦ
3045 2350 3304 2421 διοίκησίν
3325 2367 3381 2403 τε
3403 2354 3495 2403 καὶ
3522 2353 3723 2421 κρίσιν,
3742 2353 3814 2422 ἢν

2240 2449 2350 2507 τοῖς
2379 2442 2541 2498 αὑτοῦ
2581 2442 2860 2513 παρέδωκε
2908 2442 3193 2511 μαθηταῖς.

2315 2551 2333 2584 ι
2371 2533 2527 2587 Οὕτω
2575 2533 2719 2600 λέγει
2747 2531 2947 2602 Κύριος
2974 2534 3001 2586 ό
3035 2532 3166 2595 Θεὸς
3189 2534 3219 2584 ό
3258 2534 3488 2603 ποιήσας
3522 2531 3612 2585 τὸν
3644 2534 3816 2604 οὖρα-

2240 2625 2347 2688 νὸν,
2383 2624 2476 2677 καὶ
2507 2624 2679 2694 πήξας
2722 2623 2900 2687 αὑτὸν,
2932 2624 2959 2675 6
2988 2621 3293 2692 στερεώσας
3324 2624 3421 2693 τὴν
3457 2624 3580 2692 γῆν,
3606 2625 3700 2679 καὶ
3739 2623 3815 2679 τὰ

2239 2717 2297 2769 ὲν
2329 2716 2485 2786 αὐτῇ,
2521 2716 2613 2768 καὶ
2638 2716 2812 2778 διδοὺς
2839 2714 3000 2784 πνοὴν
3028 2714 3103 2783 τῷ
3134 2714 3250 2784 λαῷ
3274 2714 3351 2784 τῷ
3380 2717 3464 2766 ἐπ’
3492 2716 3677 2785 αὐτῆς,
3714 2718 3813 2769 καὶ

2240 2807 2300 2861 τὸ
2331 2808 2545 2877 πνεῦμα
2578 2810 2689 2871 τοῖς
2721 2806 2983 2859 πατοῦσιν
3025 2804 3213 2874 αὑτήν.
3252 2824 3271 2857 ι
3322 2806 3531 2878 Σφόδρα
3586 2807 3815 2860 ἀκολού-

2238 2897 2345 2959 θως
2364 2915 2378 2927 ·
2413 2896 2514 2966 χρὴ
2544 2896 2650 2967 γὰρ
2677 2897 2826 2965 ἡμᾶς
2852 2894 3041 2965 μαθεῖν
3067 2898 3128 2947 ὲκ
3158 2894 3300 2957 τίνος
3328 2896 3619 2965 προσώπου
3652 2894 3717 2967 ἦν
3740 2898 3815 2951 τὰ

2238 2990 2364 3058 περὶ
2388 2988 2621 3057 Χριστοῦ
2654 2986 3042 3058 προλεχθέντα.
3083 2987 3296 3057 Ἐπειδὴ
3342 2987 3449 3057 γὰρ
3478 2988 3688 3059 ἁθρόως
3709 2992 3811 3041 ἑπ-

2238 3078 2425 3131 έὸαλεν
2454 3080 2482 3130 ὁ
2510 3078 2838 3148 προφητικὸς
2865 3077 3015 3144 λόγος
3038 3080 3095 3129 ἐν
3127 3078 3264 3147 ἀρχῇ
3308 3076 3473 3129 είπὼν
3496 3118 3509 3141 ,
3550 3096 3570 3129 ι
3616 3078 3813 3131 Ἰακὼὸ

2171 3177 2212 3232 (ζ
2243 3171 2271 3221 ό
2303 3172 2428 3231 παῖς
2463 3186 2583 3238 μου.
2615 3168 2971 3237 ἀντιλήψομιι
3006 3167 3166 3219 αὑτοῦ
3194 3183 3205 3196 ·
3247 3166 3461 3238 Ἰσραὴλ
3492 3170 3520 3222 ὁ
3548 3168 3813 3232 ἐκλεκτός

2246 3278 2367 3331 μου,
2436 3260 2781 3329 προσεδέξατο
2828 3258 2987 3311 αὐτὸν
3042 3260 3073 3328 ἠ
3124 3258 3268 3329 ψυχή
3325 3276 3465 3328 μου·
3524 3258 3701 3314 ἔδωκα
3749 3260 3816 3313 τὸ

2244 3349 2456 3419 πνεῦμά
2487 3366 2584 3417 μου
2610 3350 2692 3400 ἐπ’
2727 3348 2885 3401 αὐτόν
2907 3366 2919 3378 ο
2958 3366 2974 3397 ι
2996 3348 3078 3410 τίς
3108 3347 3162 3399 δὲ
3191 3344 3258 3418 ἦν
3283 3350 3311 3400 6
3359 3346 3531 3402 ταῦτα
3575 3349 3816 3420 εἰρηκὼς

2242 3443 2301 3495 οὐ
2336 3440 2695 3512 προεδίδαξεν,
2732 3439 3038 3507 ἀναγκαίως
3066 3439 3159 3491 ἐπὶ
3195 3439 3288 3492 τοῦ
3324 3441 3588 3509 παρόντος
3619 3442 3815 3496 διασα-

2242 3534 2331 3599 φεῖ
2353 3533 2440 3584 τὸν
2470 3530 2639 3583 ταῦτα
2668 3531 3025 3583 τεθεσπικότα
3044 3546 3057 3558 ‘
3092 3529 3171 3581 διὸ
3225 3531 3472 3602 ἐπιφέρει
3502 3531 3563 3582 τὸ
3584 3570 3601 3593 ,
3652 3550 3671 3582 ι
3705 3530 3817 3585 Οὕ-

2241 3639 2346 3685 τως
2380 3618 2496 3673 εἷπε
2527 3619 2726 3692 Κύριος
2761 3624 2788 3673 6
2814 3620 2942 3682 Θεός
2962 3637 2975 3650 ⁸
3024 3638 3041 3671 ι
3095 3618 3256 3682 αὐτὸς
3284 3621 3392 3689 γὰρ
3413 3616 3480 3688 ἦν
3519 3622 3545 3672 ό
3567 3620 3636 3671 τὰ
3662 3621 3817 3691 πρῶ-

2241 3728 2306 3763 τα
2336 3708 2589 3781 εἰρηκὼς,
2623 3710 2716 3761 καὶ
2770 3709 2836 3759 τὰ
2869 3707 2992 3775 ἑξῆς
3022 3707 3422 3774 ἐπιλεγόμενος.
3457 3708 3519 3759 Εί
3561 3706 3669 3777 γὰρ
3714 3711 3815 3761 καὶ

2248 3799 2478 3869 μάλιστα
2499 3799 2571 3868 μὴ
2597 3792 2696 3850 οἷοί
2724 3798 2783 3848 τέ
2818 3800 2960 3858 ἐστε,
2999 3797 3181 3865 φησὶν,
3215 3798 3369 3865 ὑμεῖς
3421 3798 3467 3848 oi
3511 3795 3811 3867 ἄνθρωποι,

2243 3892 2341 3961 τὴν
2374 3889 2551 3959 ἀφανῆ
2585 3890 2676 3941 καὶ
2706 3888 2990 3957 ἀσώματον
3027 3888 3210 3938 οὐσίαν
3244 3886 3573 3939 ἐποπτεῦσαι
3622 3886 3797 3941 Θεοῦτ

2243 3982 2355 4034 ἀλλ’
2387 3979 2775 4047 ἀναϐλέψαντες
2820 3981 2896 4040 εἰς
2944 3976 3004 4029 τὸ
3034 3977 3258 4046 μέγεθος
3292 3977 3384 4029 τοῦ
3412 3980 3665 4030 τοσούτου
3718 3995 3813 4031 οι.·’

2249 4067 2427 4141 ρανοῦ,
2476 4068 2759 4136 λογίσασθε
2813 4067 2991 4129 ὁποῖός
3043 4083 3125 4129 τις
3170 4067 3426 4136 τυγχάνει
3477 4068 3505 4116 ό
3554 4067 3814 4121 τοσοῦτον

2249 4156 2472 4227 μέγεθος
2523 4155 2951 4224 διαπηξάμενος·
2996 4153 3129 4206 ἀλλὰ
3185 4157 3279 4207 καὶ
3312 4154 3405 4205 ὲπὶ
3437 4154 3534 4223 τὴν
3572 4155 3676 4224 γῆν
3706 4156 3813 4208 αὐ-

2246 4246 2341 4317 τὴν
2400 4245 2817 4313 ἀποϐλέψαντες.
2856 4246 3027 4313 ὁπόση
3058 4246 3141 4307 τίς
3164 4246 3300 4305 ἐστι,
3330 4243 3425 4296 καὶ
3449 4245 3522 4306 ὼς
3552 4246 3813 4310 ἀκίνητος

2243 4339 2332 4390 τὸν
2368 4337 2651 4406 σύμπαντα
2685 4337 2855 4389 αἰῶνα
2892 4336 3155 4407 ἧδρασται
3184 4336 3546 4406 ὲρῤιζωμένη,
3587 4339 3683 4388 καὶ
3718 4355 3812 4389 τε-

2246 4424 2632 4496 θεμελιωμένη,
2659 4426 2733 4488 ὡς
2765 4426 2981 4496 μηδαμῆ
3015 4424 3276 4496 μηδαμῶς
3306 4427 3593 4478 κινεῖσθαι*
3625 4430 3813 4498 ἐννοή-

2171 4525 2213 4578 ῐ)
2245 4534 2367 4569 σατε
2422 4519 2551 4587 ὅσης
2593 4518 2829 4588 ἀρρήτου
2867 4518 3096 4588 ὑπάρχει
3137 4516 3414 4585 δυνάμεως
3440 4518 3467 4567 ὁ
3502 4516 3813 4588 περεώσας

2244 4606 2427 4675 αὐτὴν,
2453 4608 2671 4677 γόνιμόν
2698 4624 2757 4658 τε
2788 4608 2879 4659 καὶ
2903 4606 3127 4676 καρπῶν
3154 4607 3395 4675 οίστικὴν
3434 4607 3599 4675 αὐτὴν
3638 4609 3812 4678 ἀπερι-

2244 4699 2563 4767 γασάμενος,
2589 4699 2660 4760 ὡς
2683 4697 2917 4749 τοσαῦτα
2956 4696 3067 4759 ζῶα
3094 4697 3185 4748 καὶ
3218 4696 3359 4763 φυτά
3386 4696 3807 4767 προϐάλλεσθαι.

2256 4786 2311 4837 Ὀ
2334 4787 2395 4856 δὴ
2425 4783 2514 4839 οὖν
2546 4786 2775 4839 τοσαῦτα
2799 4785 2966 4854 κάλλη
2998 4785 3090 4836 καὶ
3129 4784 3329 4856 μεγέθη
3366 4787 3809 4851 κατασκευάσας,

2246 4876 2444 4947 Κύριος
2468 4878 2558 4929 καὶ
2575 4877 2703 4939 Θεὸς
2727 4876 2831 4927 τῶν
2855 4876 3010 4938 ὅλων,
3036 4869 3188 4938 οὗτος
3207 4875 3275 4926 τά
3303 4875 3665 4946 προλεχθέντα
3682 4879 3811 4949 περὶ

2239 4968 2330 5021 τοῦ
2364 4969 2593 5038 Χριστοῦ
2623 4968 2924 5021 ἐθέσπισεν.

655 5045 811 5099 Vens.
843 5044 955 5100 6-7.
995 5064 1013 5096 ι
1058 5046 1165 5114 Ego
1202 5048 1453 5099 Dominus
1484 5048 1620 5103 Deus
1647 5054 1827 5104 vocavi
1875 5060 1923 5104 te
1972 5053 2023 5105 in
2048 5051 2138 5119 ju-

2314 5080 2331 5109 (
2381 5058 2519 5126 Ἐγὼ
2544 5059 2742 5129 Κύριος
2771 5061 2796 5109 6
2822 5057 2950 5118 Θεὸς
2982 5056 3212 5111 ὲκάλεσά
3255 5074 3312 5110 σε
3363 5061 3420 5110 ὲν
3470 5059 3811 5131 δικαιοσύνῃ,

584 5138 727 5190 stitia
765 5154 776 5187 :
811 5148 863 5190 et
895 5140 1289 5205 apprelieudam
1320 5155 1531 5191 manum
1557 5150 1696 5194 tuam
1728 5184 1742 5205 ,
1783 5154 1835 5196 et
1874 5144 2138 5196 corrobo—

2240 5150 2332 5202 καὶ
2355 5151 2612 5219 κρατήσω
2650 5149 2747 5217 τῆς
2775 5147 2952 5217 χειρός
2990 5164 3102 5213 σου,
3143 5150 3235 5200 καὶ
3276 5148 3541 5219 ὲνισχύσω
3589 5166 3670 5211 σε,
3717 5154 3810 5203 καλ

586 5231 717 5281 rabo
740 5237 817 5291 te,
845 5239 895 5280 et
923 5231 1039 5281 dedi
1074 5240 1125 5283 te
1167 5231 1218 5281 in
1248 5240 1624 5285 testamentum
1667 5236 1882 5301 generis
1906 5276 1919 5299 ,
1956 5236 2004 5287 in
2051 5235 2132 5287 lu-

2238 5240 2411 5291 ἔδωκά
2434 5256 2491 5291 σε
2516 5242 2593 5300 εἰς
2626 5238 2887 5307 διαθήκην
2918 5238 3123 5306 γένους,
3162 5242 3242 5300 εἰς
3278 5238 3391 5305 φῶς
3416 5237 3607 5300 ἐθνῶν,
3668 5240 3807 5293 ἀνοῖ-

584 5336 697 5373 cem
727 5323 981 5388 gentium,
1012 5331 1068 5373 ut
1108 5322 1344 5389 aperires
1374 5324 1555 5375 oculos
1591 5339 1853 5377 eaeeornm
1874 5365 1888 5387 ,
1924 5337 1974 5379 et
2004 5326 2136 5377 edu-

2245 5326 2327 5390 ξαι
2354 5327 2657 5395 ὀφθαλμοὺς
2706 5324 2917 5393 τυφλῶν
2938 5367 2952 5386 ,
2986 5326 3269 5393 ἐξαγαγεῖν
3299 5329 3361 5378 ἐκ
3405 5326 3619 5395 δεσμῶν
3667 5329 3809 5380 6e55-

585 5428 733 5464 ceres
778 5414 982 5465 vinctos
1022 5427 1090 5467 ex
1136 5413 1363 5465 vinculis
1398 5423 1450 5466 et
1501 5431 1563 5467 ex
1598 5416 1753 5466 domo
1782 5416 2035 5468 custodiae
2086 5425 2138 5469 et

2246 5420 2455 5488 μένους,
2508 5420 2598 5470 καὶ
2645 5417 2701 5479 ἐξ
2747 5417 2891 5468 οἴκου
2941 5417 3204 5486 φυλακῆς,
3236 5418 3326 5469 καὶ
3375 5418 3713 5488 καθημένους
3748 5422 3810 5472 ὲν

585 5504 828 5556 sedentes
857 5506 907 5555 iu
938 5506 1191 5558 tenebris.
1234 5524 1251 5555 ι
1295 5503 1387 5557 llis
1426 5506 1711 5573 compellat
1760 5520 1881 5558 eum
1907 5545 1938 5581 ,Ὦ
1976 5521 2135 5573 quem

2244 5509 2437 5560 σκότει.
2479 5528 2496 5557 ι
2525 5508 2839 5575 Προσςρωνεῖ
2871 5507 2926 5557 δὲ
2954 5507 3125 5559 ταῦτα
3154 5505 3232 5574 τῷ
3272 5508 3527 5577 ἀνωτέρω
3566 5509 3809 5577 λεχθέντι

588 5596 829 5659 superius
873 5611 1094 5662 puerum
1123 5612 1273 5649 suum
1310 5596 1474 5660 dixit,
1501 5595 1584 5647 cui
1614 5611 1668 5648 se
1696 5596 1942 5662 spiritum
1978 5609 2133 5647 suum

2240 5600 2385 5651 παιδὶ
2445 5598 2627 5657 αὑτοῦ,
2680 5591 2723 5661 ᾦ
2768 5597 2826 5647 τὸ
2872 5596 3061 5648 ἑαυτοῦ
3104 5597 3315 5667 πνεῦμα
3347 5596 3535 5649 δώσειν
3569 5600 3806 5666 ἐλέγετο.

587 5688 829 5738 daturum
855 5702 972 5742 esse
999 5688 1229 5741 dicebat.
1282 5685 1462 5741 Primo
1507 5698 1681 5739 autem
1724 5689 1894 5754 ipsum
1944 5690 1993 5739 in
2040 5688 2130 5753 ju-

2243 5690 2462 5758 Πρῶτον
2492 5689 2547 5740 δὲ
2571 5688 2729 5739 αὐτὸν
2760 5688 2816 5738 ὲν
2840 5687 3153 5759 δικαιοσύνῃ
3182 5688 3352 5750 καλεῖ,
3388 5673 3503 5740 κατ’
3540 5689 3809 5758 ἀξίαντὴν

586 5778 725 5828 stitia
765 5787 914 5830 vocat
978 5779 1307 5831 vocationem
1336 5780 1453 5847 ejus
1486 5794 1580 5845 pro
1620 5780 1875 5847 dignitate
1903 5788 1956 5831 et
1979 5778 2133 5843 justi-

2241 5780 2425 5847 κλῆσιν
2458 5777 2617 5831 αὐτοῦ
2644 5778 2733 5829 καὶ
2764 5778 2901 5829 κατὰ
2934 5779 2992 5830 τὸ
3020 5777 3223 5831 δίκαιον
3270 5779 3419 5832 ποιοῦ
3430 5796 3621 5849 μενος·
3668 5780 3790 5833 ἔπει

584 5872 653 5923 tia
684 5885 943 5937 peragens
977 5885 988 5920 :
1025 5870 1211 5925 deinde
1263 5885 1383 5924 vero
1429 5886 1484 5926 se
1526 5886 1739 5924 manum
1785 5871 1899 5936 cjus
1939 5886 2132 5937 appre-

2241 5889 2305 5925 τα
2340 5870 2631 5936 κρατήσειν
2664 5869 2757 5932 τῆς
2786 5864 2963 5933 χειρὸς
3003 5868 3187 5935 αὑτοῦ,
3213 5871 3303 5924 καὶ
3323 5870 3602 5935 ὶνισαιῦσαι
3623 5872 3806 5935 αὐτὸν,
