4058 6462
1108 458 1615 523 COMXEN'I'ARIA
1652 458 1722 515 IN
1760 456 2020 517 ISAIAM.
2061 485 2131 499 --
2166 455 2315 513 CAP.
2355 455 2514 513 XLII.

192 598 279 651 καὶ
323 594 510 669 τρίτον
557 588 862 665 χαριεῐσθαι
910 587 1058 658 αὐτῷ
1102 587 1275 659 δῶρον
1336 585 1526 655 ῶσπερ
1552 600 1603 635 τι
1647 580 1761 650 φῶς

1869 588 2161 633 bensurum
2190 617 2205 642 ,
2244 577 2529 646 ipsumque
2572 571 3050 629 corroboraturnm
3078 613 3093 636 .
3128 587 3193 626 ae
3220 576 3439 629 tertium

194 686 348 754 μέγα,
373 687 511 740 πᾶσι
542 686 654 745 τοῖς
678 682 886 735 ἔθνεσιν
913 678 1303 748 ἐπαγγέλλεται
1341 676 1512 745 λέγων
1532 692 1544 704 ·
1587 694 1605 726 ι
1652 673 1762 727 Καὶ

189 775 360 829 ῐδωκά
382 791 446 829 σε
479 776 559 836 είς
588 772 853 842 διαθήκην
886 770 1098 838 γένους,
1126 770 1207 830 είς
1248 768 1362 836 φῶς
1386 767 1576 820 ἐθνῶν.
1610 785 1627 817 ι
1654 764 1765 818 Πά-

188 866 272 920 λαι
308 866 409 935 μὲν
437 861 531 919 οὖν
559 863 648 917 διὰ
674 860 957 924 Μωῡσέως
983 861 1082 930 τὴν
1112 858 1351 913 παλαιὰν
1383 857 1658 928 Διαθήκην
1685 854 1765 924 τῷ

199 956 468 1009 Ἰουδαίων
499 954 670 1006 ἐδίδου
835 968 848 981 ’
887 949 1116 1004 ἐνταῦθα
1143 950 1198 1001 δέ
1236 948 1328 1001 τὸν
1359 946 1767 1018 προφητεύομε-

190 1064 275 1100 νον
302 1050 385 1110 είς
415 1045 691 1115 διαθήκην.
721 1041 815 1097 τοῦ
844 1043 1035 1110 γένους
1078 1040 1187 1094 τῶν
1211 1040 1531 1111 ἀνθρώπων,
1559 1040 1652 1094 καὶ
1684 1040 1765 1100 είς

192 1136 305 1207 φῶς
338 1137 509 1190 ἐθνῶν
535 1134 879 1205 δωρήσασθαί
904 1149 1096 1204 φησιν·
1128 1133 1273 1194 ὅπως
1307 1133 1363 1183 ἐν
1401 1129 1551 1200 αὑτῷ
1600 1146 1765 1196 φωτι-

190 1227 405 1298 ζόμενοι
428 1226 539 1280 τῶν
568 1225 735 1279 πάλαι
772 1224 872 1287 τὰς
922 1224 1098 1294 ψυχὰς
1150 1222 1361 1292 τυφλῶν
1403 1223 1453 1274 οί
1495 1218 1766 1289 ὀφθαλμοὶ

190 1317 563 1387 διανοίγωνται
592 1318 683 1369 καὶ
710 1315 1052 1369 ἀναϐλέπωσι
1076 1314 1359 1385 διορῶντες
1381 1313 1478 1383 τὴν
1499 1312 1594 1366 τοῦ
1628 1310 1762 1363 Θεοῦ

192 1411 413 1479 γνῶσιν,
446 1410 521 1474 ὡς
555 1408 753 1480 μηκέτι
782 1408 954 1473 ξύλοις
975 1409 1068 1460 καὶ
1092 1407 1259 1468 λίθοις
1290 1407 1382 1459 καὶ
1409 1404 1634 1476 ἀψύχων
1661 1402 1762 1474 ὕλῃ

190 1501 406 1572 τὴντοῦ
448 1499 586 1554 Θεοῦ
637 1500 800 1570 τιμὴν
848 1498 1157 1568 ἀπονέμειν.
1203 1498 1438 1567 Ἥμελλε
1494 1496 1606 1568 γάρ
1640 1497 1764 1558 τοὺς

195 1595 399 1663 σειραῖς
423 1591 532 1644 τῶν
552 1591 694 1644 ίδίων
720 1589 1130 1661 ἁμαρτημάτων
1154 1588 1639 1659 κατεσφιγμένους,
1670 1588 1766 1642 καὶ

192 1684 249 1735 ἐν
296 1682 475 1751 σκότῳ
511 1697 570 1734 τε
614 1682 709 1733 καὶ
754 1680 920 1751 κακίᾳ
953 1669 1359 1747 πεπεδημένους
1400 1677 1487 1730 διὰ
1532 1677 1631 1747 τῆς
1670 1676 1763 1729 τοῦ

188 1773 326 1827 θεοῦ
380 1774 604 1844 χάριτος
663 1769 944 1841 ἁμαρτιῶν
1004 1769 1252 1838 ἀφέσεως
1298 1768 1607 1833 καταξιοῦν,
1671 1766 1765 1820 καὶ

190 1861 379 1932 ῶσπερ
414 1863 480 1914 ἐκ
504 1859 889 1930 δεσμωτηρίων
921 1856 1175 1911 ἀπολύειν
1202 1856 1511 1925 ἐλευθέρους
1565 1870 1627 1908 τε
1673 1853 1764 1906 καὶ

192 1950 554 2005 ἀπαλλάττειν
577 1950 675 2019 τῆς
696 1948 789 2001 τοῦ
821 1948 1068 2002 διαϐόλου
1098 1947 1337 2017 εἱρκτῆς.

261 2149 280 2181 ι
329 2126 471 2196 Ἐγὼ
517 2124 717 2196 Κύριος
747 2125 774 2177 ὁ
811 2122 942 2186 Θεός
962 2138 975 2153 ⁸
1006 2120 1161 2175 τοῦτό
1192 2120 1292 2192 μοῦ
1342 2121 1458 2173 ἐστι
1486 2118 1546 2171 τὸ
1572 2118 1765 2190 ὄνομα,

193 2219 290 2292 τὴν
322 2219 482 2285 δόξαν
531 2235 631 2288 μου
662 2216 835 2287 ἑτέρῳ
862 2215 922 2268 οὺ
956 2212 1132 2277 δώσω,
1154 2212 1271 2264 οὐδὲ
1294 2211 1393 2274 τὰς
1423 2210 1624 2282 ἀρετάς
1663 2226 1767 2280 μου

192 2314 303 2374 τοῖς
330 2310 603 2379 γλυπτοῖς.
634 2308 714 2361 Τὰ
742 2307 833 2359 ἀπ’
862 2305 1034 2376 ἀρχῆς
1085 2304 1190 2356 ἰδοὺ
1224 2302 1424 2371 ήκασι,
1462 2302 1556 2354 καὶ
1605 2299 1767 2353 καινά

191 2400 356 2469 ἆέγὼ
385 2398 717 2467 ἀναγγέλλω,
751 2398 845 2450 καὶ
872 2397 975 2467 πρὸ
1020 2393 1112 2448 τοῦ
1158 2392 1471 2461 ἀναγγεῖλαι
1526 2389 1765 2461 ἐδηλώθη

192 2495 340 2563 ὑμῖν.
378 2513 396 2543 ο
442 2490 756 2560 Ἐπιστῆσαι
779 2488 945 2554 ἀξιον,
970 2486 1048 2549 ὡς
1079 2486 1177 2539 οὐκ
1206 2486 1413 2555 εἴρηται
1434 2522 1448 2547 ,
1474 2484 1516 2535 Τ
1519 2483 1586 2553 ὴν
1612 2481 1767 2545 δόξαν

195 2600 300 2652 μου
325 2581 501 2633 οὐδενὶ
535 2577 720 2631 δώσω⁸
761 2577 1030 2630 δείκνυται
1080 2574 1177 2645 (ἀρ
1202 2575 1230 2626 ὁ
1258 2572 1385 2636 Υίδς
1416 2570 1506 2624 τοῦ
1556 2571 1768 2641 Ηατρὸς

188 2673 331 2743 ῑχων
352 2672 449 2743 τὴν
478 2670 633 2736 δόξαν
651 2686 664 2699 ·
688 2668 747 2722 τὸ
785 2669 880 2739 μὲν
926 2667 1034 2738 γὰρ
1064 2666 1257 2728 οὐδενὶ,
1311 2663 1645 2735 ἀναιρετικὸν
1700 2658 1768 2734 ἦν

193 2762 392 2823 παντός
412 2776 425 2789 ·
450 2757 509 2812 τδ
534 2759 597 2829 δὴ
623 2758 792 2830 ἐτέρῳ
810 2758 883 2829 μὴ
906 2757 1117 2817 δώσειν,
1148 2757 1227 2808 ἐν).
1260 2755 1405 2825 μόνῳ
1436 2753 1533 2823 τὴν
1562 2753 1769 2824 συγχώ-

188 2868 353 2922 ρησιν
390 2850 712 2921 γεγενῆσθαι
760 2849 1031 2920 ἐμφαίνει,
1081 2846 1281 2917 δηλαδὴ
1309 2846 1386 2917 τῷ
1429 2861 1766 2918 προφητευο-

189 2946 342 3013 μένῳ
382 2937 550 3003 Οὗτος
574 2941 631 2993 δέ
649 2937 717 3011 ἦν
752 2941 886 3010 πρὸς
914 2939 972 2992 ὃν
1002 2939 1217 3007 ἐλέγετο
1240 2955 1254 2968 °

263 3139 286 3171 1
335 3117 601 3172 Ἐκάλεσά
664 3134 721 3170 σε
773 3118 831 3170 ἐν
872 3115 1203 3186 δικαιοσύνῃ,
1239 3116 1332 3167 καὶ
1371 3115 1627 3186 κρατήσω
1672 3114 1769 3183 τῆς

190 3212 377 3283 χειρός
406 3228 519 3275 σοι),
556 3210 650 3263 καὶ
680 3209 945 3279 ἐνισχύσω
971 3224 1050 3271 σε,
1077 3209 1171 3261 καὶ
1196 3206 1369 3260 ἔδωκά
1395 3223 1452 3259 σε
1481 3209 1560 3269 είς
1582 3205 1768 3275 διαθή-

191 3322 295 3376 κην
329 3305 540 3373 γένους,
572 3304 650 3365 είς
679 3302 791 3370 φῶς
821 3302 1007 3355 ἐθνῶν.
1047 3320 1066 3353 ι
1103 3302 1201 3354 Διά
1238 3300 1438 3353 τούτων
1464 3300 1543 3365 δέ,
1590 3296 1762 3369 οἶμαι,
1794 3282 1835 3340 C

190 3398 300 3452 τῶν
342 3397 517 3465 λόγων
572 3394 641 3448 τὰ
689 3396 815 3465 ἐονη
866 3394 1043 3447 πάντα
1081 3393 1359 3455 παιδεύει,
1406 3392 1609 3463 μηδένα
1667 3391 1765 3461 μὲν

190 3488 316 3545 θεὸν
366 3490 554 3559 ὑμνεῖν
586 3487 694 3541 τῶν
723 3488 886 3540 πάλαι
917 3487 1326 3556 ὀνομαζομένων
1364 3486 1544 3547 αὐτοῖς
1590 3485 1726 3537 θεῶν
1749 3501 1762 3513 ·

196 3583 357 3651 μόνον
404 3581 460 3633 δὲ
517 3580 609 3633 τὸν
656 3580 887 3650 Χριστὸν
936 3579 1028 3631 τοῦ
1064 3578 1198 3630 Θεοῦ
1225 3578 1314 3631 καὶ
1346 3579 1435 3630 τὸν
1475 3577 1766 3647 πέμψαντα

194 3674 359 3724 αὑτὸν
392 3670 611 3741 Πατέρα
636 3670 897 3736 δοξάζειν.

266 3806 282 3838 ι
329 3787 638 3857 ’Υμνήσατε
663 3783 739 3855 τῷ
770 3784 958 3855 Κυρίῳ
984 3781 1149 3853 ὕμνον
1184 3783 1394 3836 καινόν’
1425 3786 1458 3854 ή
1496 3782 1637 3854 ἀρχὴ
1680 3783 1769 3835 αὑ-

191 3879 307 3933 τοῦ.
364 3898 381 3929 ι
415 3878 583 3931 Τοῦτό
613 3893 743 3948 φησι
771 3877 964 3948 χρῆναι
995 3879 1165 3929 ποιεῖν
1194 3878 1399 3939 πάντας
1426 3876 1764 3946 ἀνθρώπους.

198 3991 217 4023 ε
250 3969 513 4033 Δοξάζετε
570 3969 630 4022 τδ
665 3969 834 4040 ὄνομα
869 3967 1031 4021 αὑτοῦ
1061 3969 1153 4020 ἀπ’
1187 3969 1356 4037 ἄκρου
1414 3967 1514 4037 τῆς
1565 3970 1687 4038 γῆς,
1719 3968 1769 4019 οἱ

191 4063 613 4123 καταϐαίνοντες
638 4060 733 4130 τὴν
759 4059 1052 4123 Θάλασσαν,
1082 4059 1177 4112 καὶ
1210 4060 1461 4121 πλέοντες
1494 4060 1683 4131 αὐτὴν,
1712 4060 1770 4113 αί

190 4154 349 4224 νῆσοι
380 4154 474 4206 καὶ
504 4154 554 4205 οί
589 4150 962 4214 κατοικοῦντες
995 4152 1191 4215 αὑτάς·
1227 4170 1245 4202 ι
1267 4151 1342 4214 ὡς
1398 4152 1507 4204 ἀπὸ
1528 4152 1628 4220 τῆς
1675 4152 1769 4203 τοῦ

192 4244 435 4318 Χριστοῦ
490 4242 857 4315 προσηγορίας
921 4242 1259 4313 Χριστιανῶν
1315 4244 1413 4313 τὴν
1478 4243 1771 4313 σύμπασαν

191 4336 607 4407 πεπληρῶσθαι.
642 4337 933 4406 Ἀντικρυς
957 4336 1081 4398 τοὺς
1112 4333 1439 4397 ἀποστόλους
1465 4334 1559 4386 τοῦ
1584 4333 1770 4403 Σωτῆ-

194 4444 293 4502 ρος
325 4426 813 4497 ήμῶνσημαίνων,
854 4425 948 4489 οὓς
998 4425 1149 4497 παρὰ
1181 4426 1277 4495 τὴν
1331 4424 1606 4478 θάλασσαν
1658 4421 1768 4477 εἶδε

194 4519 489 4590 βάλλοντας
510 4517 916 4588 ἀμφίϐληστρον
940 4518 1018 4579 είς
1046 4516 1142 4587 τὴν
1172 4516 1443 4569 Θάλασσαν
1462 4534 1474 4545 ο
1498 4512 1636 4586 ἦσαν
1663 4517 1771 4588 γὰρ

1867 670 1968 738 ipsi
2019 669 2222 722 donum
2272 668 2631 739 collaturum,
2688 674 2742 720 et
2805 680 2904 719 ceu
2964 665 3138 718 lucem
3190 680 3440 735 magnam

1864 760 2114 813 omnibus
2142 760 2393 828 gentibus
2420 758 2727 811 oblaturum
2754 771 2877 810 esse
2901 757 3206 824 pollicetur,
3232 757 3441 819 dicens,

1870 869 1891 904 ι
1923 850 1991 905 Et
2018 850 2138 904 dedi
2173 861 2223 903 te
2249 851 2299 903 in
2341 860 2720 904 testamentum
2750 850 2986 918 generis,
3018 850 3070 901 in
3103 849 3279 902 lucem
3310 865 3443 919 gen-

1865 940 2019 993 tium.
2062 957 2081 990 ι
2114 938 2253 993 Olim
2287 939 2467 1008 itaque
2498 945 2605 1006 ‘pcr
2647 938 2885 1007 Moysem
2920 935 3087 991 Vetus
3126 936 3445 992 Testamen-

1866 1040 1975 1084 tum
2008 1027 2231 1083 Judaico
2259 1030 2456 1099 populo
2485 1030 2670 1084 dedit:
2709 1030 2796 1083 hic
2841 1039 3021 1082 autem
3067 1044 3215 1092 eum,
3252 1030 3345 1097 qui
3382 1029 3438 1083 in

1864 1121 2143 1189 prophetia
2168 1118 2340 1174 fertur
2370 1122 2422 1173 in
2456 1130 2839 1173 testamentum
2882 1120 3095 1188 generis
3138 1120 3443 1179 hominum.

1863 1221 1919 1266 et
1961 1214 2011 1264 in
2044 1211 2215 1265 lucem
2244 1212 2482 1280 gentium
2518 1211 2757 1263 dandum
2806 1211 2917 1273 ait;
2949 1220 3007 1264 ut
3044 1225 3112 1265 eo
3144 1208 3443 1264 illuntlnati

1867 1314 2054 1354 eorum
2080 1300 2245 1363 oculi,
2276 1301 2367 1368 qui
2401 1300 2529 1353 olim
2556 1310 2732 1354 mente
2753 1301 3440 1369 cacierantaperirentur,

1867 1407 1932 1446 ac
1968 1402 2182 1461 recepto
2214 1392 2328 1446 visu
2364 1391 2457 1445 Dei
2495 1393 2859 1462 cognitionem
2893 1404 3354 1459 assequerentur;
3384 1400 3443 1446 ut

1866 1499 1934 1539 ne
1964 1485 2106 1539 ultra
2156 1483 2341 1551 lignis,
2380 1481 2653 1552 lapidibus
2697 1492 2752 1536 et
2791 1482 3208 1536 inanimatarnm
3259 1496 3441 1537 rerum

1866 1574 2110 1629 materiae
2155 1573 2247 1627 Dei
2293 1573 2551 1625 honorem
2592 1573 2948 1625 ascriberent.
2987 1570 3202 1625 Atenim
3224 1585 3320 1626 eos
3348 1572 3442 1640 qui

1867 1674 2212 1735 peccatorum
2229 1676 2451 1717 suorum
2474 1661 3250 1732 vinculisconstringebantur,
3279 1670 3445 1731 atque

1868 1756 1921 1811 in
1948 1756 2188 1811 tenebris
2215 1763 2271 1808 et
2296 1754 2517 1808 malitiae
2566 1754 2917 1821 compedibus
2966 1762 3145 1818 erant,
3199 1768 3297 1824 per
3343 1754 3441 1809 Del

1867 1847 2099 1917 gratiam
2124 1854 2467 1914 peccatorum
2517 1846 2667 1917 venia
2702 1845 3001 1898 donaturus
3024 1884 3039 1908 ,
3069 1859 3172 1898 ceu
3206 1859 3277 1900 ex
3314 1860 3441 1899 car-

1792 1945 1838 2005 Β
1865 1952 1988 1991 cere
2029 1936 2231 1991 liberos
2258 1928 2572 2000 soluturus,
2607 1949 2673 1988 ac
2703 1948 2734 1989 ο
2766 1933 2966 1989 diaboli
3023 1936 3271 1993 custodia
3318 1951 3442 1992 ere-

1868 2038 2059 2100 pturns
2087 2037 2225 2082 erat.

1940 2124 2105 2179 Vens.
2128 2122 2244 2178 8‹9“.
2274 2139 2295 2175 ι
2318 2119 2433 2192 Ego
2461 2121 2724 2176 Dominus
2747 2120 2889 2175 Deus
2916 2138 2931 2176 :
2965 2122 3066 2177 hoc
3085 2121 3216 2177 mihi
3245 2137 3444 2179 nomen

1867 2225 1969 2282 est,
1999 2227 2053 2271 et
2080 2215 2307 2285 gloriam
2340 2230 2515 2270 meam
2546 2213 2703 2269 alteri
2733 2230 2836 2268 non
2867 2214 3029 2279 dabo,
3060 2230 3237 2285 neque
3262 2214 3443 2271 virtu-

1868 2314 1948 2360 tes
1975 2319 2126 2359 meas
2164 2303 2529 2372 sculptilibus.
2567 2303 2696 2369 Qua:
2726 2319 2755 2356 a
2803 2303 3074 2373 principio
3109 2320 3241 2360 ecce
3280 2318 3449 2361 vene-

1868 2406 2015 2463 runt,
2051 2407 2105 2449 et
2137 2409 2271 2450 nova
2312 2408 2431 2464 quae
2463 2410 2563 2463 ego
2585 2396 2881 2460 annuntio,
2918 2405 2971 2449 et
3016 2403 3308 2465 antequam
3344 2411 3447 2451 an-

1868 2486 2181 2541 nuntientur
2222 2486 2494 2539 declarata
2547 2494 2673 2537 sunt
2709 2485 2887 2538 vobis.
2947 2501 2966 2535 »
3021 2485 3448 2542 Αιιίιητιάνθτιοι

1866 2579 2027 2633 velim
2078 2592 2183 2631 non
2242 2576 2448 2631 dictum
2498 2574 2685 2637 fuisse,
2743 2574 2974 2643 gloriam
3029 2590 3204 2629 meam
3239 2576 3447 2632 nemini

1866 2670 2006 2724 dabo
2032 2684 2045 2719 :
2090 2683 2210 2721 nam
2240 2665 2434 2720 Filium
2459 2665 2632 2720 Patris
2660 2665 2886 2735 gloriam
2938 2667 3139 2720 habere
3162 2675 3447 2722 ostensum

1866 2770 1988 2825 est;
2019 2760 2160 2828 quod
2203 2758 2345 2813 enim
2386 2758 2586 2811 nemini
2624 2760 2802 2821 detur,
2851 2758 3218 2827 idqnemlibet
3260 2759 3448 2815 exclu-

1866 2851 1984 2913 dit;
2015 2849 2155 2919 quod
2191 2858 2370 2903 autem
2403 2848 2560 2901 alteri
2596 2863 2701 2901 non
2729 2848 2907 2911 detur,
2944 2849 3071 2903 hinc
3113 2850 3204 2903 nni
3267 2849 3444 2905 solum

1866 2955 2181 2996 concessam
2215 2940 2385 2994 fuisse
2406 2940 2733 3005 declaratur,
2763 2940 2975 2994 scilicet
3001 2941 3073 3003 ei,
3104 2941 3195 3010 qni
3226 2940 3281 2995 in
3318 2955 3448 3010 pro-

1868 3032 2045 3100 phetia
2078 3029 2267 3083 fertur.
2308 3028 2407 3084 llic
2448 3044 2608 3097 porro
2656 3042 2775 3083 erat
2817 3029 2905 3083 cui
2938 3031 3265 3086 dicebatur:

1936 3122 2162 3178 «Vocavi
2185 3133 2234 3176 te
2254 3123 2304 3175 in
2321 3122 2611 3190 justitia,et
2629 3124 3026 3191 appreliendam
3047 3140 3261 3178 manum
3279 3136 3447 3193 tuarr,

1870 3212 2235 3268 corroborabo
2270 3224 2341 3279 te,
2370 3223 2426 3267 et
2458 3214 2577 3266 dedi
2613 3222 2661 3265 te
2691 3215 2743 3265 in
2778 3222 3162 3268 testamentum
3204 3217 3446 3285 generis,

1870 3304 1924 3356 in
1953 3303 2125 3357 lucem
2163 3304 2431 3373 gentium.
2468 3322 2487 3355 ι
2521 3302 2615 3357 llis
2638 3319 2796 3373 porro
2817 3343 2831 3369 ,
2866 3315 2925 3358 ut
2957 3306 3167 3360 aestimo
3191 3348 3206 3373 ,
3233 3323 3447 3363 sermo-

1869 3394 2029 3447 nibus
2083 3402 2271 3463 gentes
2318 3407 2507 3447 omnes
2549 3394 2755 3456 erudit,
2803 3409 2871 3447 ne
2904 3394 3064 3449 deum
3116 3396 3280 3450 ullum
3308 3399 3452 3453 cele-

1870 3485 2029 3537 brent
2071 3500 2291 3546 eorum,
2338 3485 2429 3553 qui
2465 3484 2591 3538 olim
2640 3485 2780 3553 apud
2821 3500 2917 3540 eas
2954 3488 3028 3540 dii
3075 3490 3447 3558 vocabantur;

1870 3576 1963 3627 sed
2011 3575 2184 3629 solum
2234 3576 2512 3629 Christum
2539 3576 2670 3641 Dei,
2704 3586 2759 3631 et
2797 3576 3049 3645 Patrem,
3078 3581 3170 3649 qui
3203 3580 3351 3637 misit
3386 3582 3451 3637 i1-

1875 3666 2005 3728 lum,
2045 3666 2215 3735 gloria
2246 3684 2269 3718 ιι
2282 3665 2498 3720 ﬂiciant.

1941 3777 2105 3833 Vens.
2144 3778 2228 3834 l0.
2291 3796 2308 3830 ι
2348 3778 2574 3833 Cantate
2626 3779 2854 3834 Domino
2900 3782 3175 3837 canticum
3228 3799 3448 3849 novum,

1872 3870 2206 3940 principatus
2236 3876 2371 3938 ejus.
2410 3890 2428 3923 ι
2470 3869 2525 3924 ld
2558 3873 2629 3925 ab
2662 3872 2918 3927 omnibus
2967 3874 3276 3929 hominibus
3314 3893 3452 3946 pra:-

1873 3963 2125 4016 standum
2152 3964 2248 4017 ait.
2292 3980 2309 4012 ι
2347 3961 2662 4017 Gloriﬁcate
2692 3978 2888 4017 nomen
2930 3963 3047 4033 ejus
3097 3967 3166 4019 ab
3208 3978 3454 4024 extremo

1876 4061 2055 4115 terrae,
2083 4052 2174 4120 qui
2203 4052 2532 4106 descenditis
2563 4051 2613 4105 in
2641 4067 2822 4116 mare,
2857 4064 2910 4107 et
2940 4056 3207 4125 navigatis
3251 4058 3451 4125 ipsum,

1875 4143 2066 4198 insulae
2088 4152 2144 4197 et
2176 4143 2509 4197 habitatores
2546 4158 2733 4197 earum
2763 4158 2778 4195 :
2812 4162 2833 4195 ι
2868 4144 2947 4198 ita
2987 4154 3100 4199 uta
3125 4146 3327 4201 Christi
3362 4166 3455 4203 no-

1874 4235 2059 4299 mine,
2099 4234 2356 4287 universa
2402 4243 2543 4287 terra
2588 4231 2913 4288 Christianis
2966 4237 3168 4305 repleta
3218 4239 3309 4291 sit.
3356 4237 3454 4294 His

1873 4341 2038 4396 porro
2071 4330 2352 4395 apostolos
2395 4323 2703 4379 Servatoris
2738 4326 2909 4379 nostri
2956 4328 3236 4397 perspicue
3283 4330 3455 4397 signi-

1875 4420 2035 4481 licat,
2078 4432 2215 4487 quos
2262 4418 2328 4470 ad
2380 4415 2530 4470 littus
2567 4416 2732 4469 maris
2764 4415 2899 4468 vidit
2936 4416 3202 4486 jacientcs
3251 4431 3365 4477 rete
3399 4422 3455 4476 in

1874 4527 2065 4566 mare:
2104 4519 2261 4564 erant
2302 4510 2446 4563 enim
2504 4510 2847 4579 piscatores;
2898 4510 3261 4581 similiterque
3295 4514 3451 4568 alios.

192 4612 367 4672 ἁλιεῖς
389 4626 401 4639 ·
437 4608 635 4678 ὁμοίως
660 4609 715 4661 δέ
750 4609 841 4661 καὶ
868 4608 992 4670 τοὺς
1025 4607 1264 4671 λοιπούς.
1310 4609 1371 4659 Oi
1413 4608 1567 4660 αὐτοὶ
1603 4607 1659 4659 δὲ
1691 4603 1769 4661 οῦ-

1877 4602 1941 4655 Ηὶ
1975 4616 2106 4655 vero
2139 4601 2239 4669 ipsi
2271 4615 2421 4653 mare
2454 4609 2701 4655 nostrum
2730 4603 3293 4674 circumnavigantes,
3340 4623 3457 4662 nio-

192 4718 300 4764 τοι,
330 4699 425 4751 καὶ
456 4699 552 4768 τὴν
582 4697 702 4751 καθ’
734 4699 880 4767 ἡμᾶς
911 4696 1290 4766 περιπλέοντες
1322 4696 1609 4757 θάλατταν,
1648 4698 1770 4750 τοτὲ

199 4792 301 4861 μὲν
327 4793 382 4842 ἐν
406 4791 523 4851 ταῖς
549 4789 729 4859 νήσοις
760 4788 1054 4857 ἐκήρυττον
1088 4786 1146 4838 τὸ
1174 4784 1522 4853 Εὑαγγέλιον,
1569 4786 1689 4838 τοτέ
1715 4786 1771 4837 δὲ

193 4882 463 4937 διέϐαινον
513 4880 767 4933 ἐπέκεινα
797 4879 1034 4940 Σπανίας
1080 4895 1141 4930 τε
1173 4877 1266 4929 καὶ
1310 4876 1557 4939 Ἰταλίας,
1584 4875 1659 4939 ὡς
1715 4878 1773 4930 ἐν

194 4976 366 5043 ὀλίγῳ
396 4972 574 5042 χρόνῳ
593 4972 686 5024 καὶ
700 4970 868 5040 αὐτὴν
893 4968 1277 5038 βασιλεύουσαν
1309 4966 1463 5019 πόλιν
1484 4968 1772 5039 πληρῶσαι

195 5067 300 5135 τῆς
320 5064 413 5117 τοῦ
446 5062 677 5133 Χριστοῦ
695 5061 1057 5123 διδασκαλίας.
1090 5061 1199 5113 Καὶ
1221 5060 1392 5122 ἄλλως
1414 5060 1469 5111 δέ
1485 5063 1532 5112 οἱ
1557 5062 1654 5131 τὴν
1677 5061 1771 5113 τοῦ

197 5156 541 5227 ἀνθρωπίνου
570 5153 683 5224 βίον
706 5153 980 5207 θάλασσαν
1005 5152 1348 5222 ἐμπλέοντες,
1379 5152 1471 5205 καὶ
1498 5154 1631 5205 πᾶσι
1661 5156 1773 5218 τοῖς

198 5250 412 5303 εθνεσιν
440 5250 497 5299 ἐν
529 5247 718 5317 μέσαις
769 5249 884 5308 ταῖς
936 5244 1247 5315 ἐκκλησίαις
1300 5244 1661 5315 κηρύττοντες
1714 5246 1776 5297 τὸ

199 5340 532 5408 Εὐαγγέλιον
554 5336 639 5390 διὰ
668 5336 776 5389 τῶν
800 5336 1169 5406 προκειμένων
1190 5336 1471 5406 δηλοῦνται
1492 5354 1504 5367 ·
1536 5338 1656 5389 ἐπεὶ
1682 5344 1775 5391 καί⁵

200 5434 357 5486 αὐτοὶ
394 5430 486 5483 τὸν
515 5429 696 5482 καινὸν
718 5427 886 5498 ὕμνον
911 5430 1055 5499 πάσῃ
1080 5429 1443 5499 κατήγγελλον
1468 5433 1533 5501 τῇ
1567 5433 1657 5500 γῇ,
1682 5430 1776 5483 καὶ

200 5520 513 5594 ἀνθρώποις
541 5521 599 5572 ἐν
623 5520 811 5589 μέσαις
826 5520 941 5581 ταῖς
962 5518 1276 5589 ἐκκλησίαις
1302 5538 1370 5591 κη
1381 5521 1657 5592 ρύττοντες
1683 5522 1777 5575 καὶ

1879 4696 1947 4749 do
1992 4695 2046 4747 in
2112 4693 2307 4747 insulis
2340 4692 2689 4761 Evangelium
2730 4694 3134 4762 prwdieabant;
3196 4699 3355 4753 modo
3399 4700 3454 4754 in

1878 4786 2189 4859 Hispaniam
2228 4794 2283 4839 et
2327 4784 2534 4838 Italiam
2578 4786 2949 4852 trajiciebant;
2991 4789 3061 4841 ita
3099 4799 3157 4843 ut
3187 4790 3336 4845 brevi
3371 4808 3455 4847 ro-

1877 4882 2019 4949 giam
2052 4880 2226 4949 ipsam
2262 4877 2452 4933 urbem
2483 4879 2727 4934 doctrina
2753 4880 2956 4936 Christi
2992 4882 3284 4951 replerent.
3332 4885 3457 4940 Alio

1879 4972 2010 5028 item
2072 4972 2265 5036 modo,
2306 4972 2533 5025 indicari
2579 4972 2831 5025 videntur
2876 4972 2946 5038 ii,
2986 4975 3077 5042 qui
3117 4974 3169 5027 in
3207 4975 3458 5033 humana

1879 5066 2008 5119 vitae
2034 5063 2169 5117 mari
2195 5064 2536 5133 navigantes,
2571 5064 2708 5132 apud
2733 5079 2921 5119 omnes
2953 5076 3142 5134 gentes
3170 5066 3222 5120 in
3258 5070 3458 5124 mediis

1880 5157 2125 5213 ecclesiis
2160 5156 2513 5225 Evangelinm
2562 5157 2974 5225 przedicahant:
3015 5158 3458 5230 quandoquidem

1880 5260 1935 5304 et
1964 5250 2065 5319 ipsi
2095 5252 2353 5320 hymnum
2383 5264 2581 5301 novum
2625 5263 2720 5316 per
2749 5263 2963 5301 omnem
3009 5258 3211 5303 terram
3248 5266 3461 5305 annun-

1886 5342 2091 5395 tiabant
2113 5381 2128 5406 ,
2154 5351 2207 5394 et
2242 5341 2293 5393 in
2319 5340 2495 5392 medio
2525 5339 2881 5393 ecclesiarum
2918 5339 3224 5393 hominibus
3264 5344 3463 5409 praedi-

1883 5436 2083 5486 cabant
2114 5444 2167 5485 et
2202 5433 2490 5485 docebant.
2524 5451 2541 5482 ι
2589 5432 2651 5484 Et
2692 5433 3023 5485 habitatores
3055 5449 3264 5488 earum.
3306 5453 3326 5486 ι
3366 5434 3464 5489 llis

1886 5523 2158 5591 significat
2190 5538 2303 5583 eos.
2341 5524 2432 5591 qui
2460 5524 2512 5575 in
2541 5523 2788 5576 ecelesiis
2822 5537 2997 5577 cattus
3026 5534 3210 5593 agunt.

199 5615 564 5675 διδάσκοντες.
583 5629 602 5662 ι
628 5611 735 5663 Καὶ
764 5612 812 5663 οἱ
832 5611 1207 5674 κατοικοῦντες
1226 5612 1394 5674 αὐτάς
1414 5629 1426 5643 ι
1456 5630 1475 5663 ι
1501 5613 1625 5676 τοὺς
1647 5614 1705 5665 ἐν
1718 5614 2022 5683 ταϊςσέκκλη
2032 5612 2170 5674 σίαις
2193 5613 2588 5684 συναγομένους
2606 5615 2797 5667 τοῦτον
2816 5616 3097 5685 ἐμφαίνων
3120 5615 3211 5669 τὸν
3235 5618 3460 5689 τρόπον.

276 5747 295 5781 ι
338 5724 705 5797 Εὐφράνθητι,
739 5725 959 5797 ἔρημος,
1023 5726 1118 5779 καὶ
1156 5728 1211 5780 αί
1237 5727 1415 5797 κῶμαι
1450 5727 1618 5797 αὐτῆς
1649 5746 1660 5759 ·
1697 5748 1716 5780 ι
1745 5729 1781 5800 ἢ

204 5822 342 5875 κατά
376 5821 504 5884 τοὺς
534 5817 753 5881 λοιποὺς
780 5820 1134 5894 ἐρμηπυτάς,
1166 5841 1183 5873 ι
1216 5824 1309 5876 καὶ
1335 5822 1514 5885 πόλεις
1541 5823 1727 5893 αὐτῆς.
1765 5842 1783 5875 i

1963 5732 2125 5787 Vens.
2150 5733 2235 5787 ll.
2265 5752 2286 5785 ι
2320 5733 2523 5787 Laetare
2558 5735 2854 5788 desertum.
2882 5745 2937 5786 et
2966 5736 3072 5791 vici
3104 5738 3259 5805 ejus;
3290 5758 3307 5791 ι
3344 5742 3460 5797 sive

1897 5826 2188 5879 secundum
2218 5825 2449 5894 reliquos
2481 5827 2828 5895 interpretes,
2870 5846 2887 5879 ι
2920 5839 2974 5883 et
3001 5831 3245 5888 civitates
3270 5834 3406 5894 eius.
3434 5856 3457 5888 ι
