4058 6404
186 352 284 413 396

1105 344 1611 407 εοιιΜεΝτΑιιιΑ
1650 342 1719 398 IN
1760 340 2022 398 ISAIAM.
2062 370 2133 382 -
2171 340 2323 399 CAP.
2364 339 2527 397 XLII.

3357 335 3464 391 596

187 489 309 526 σκον
332 467 453 522 666v
485 466 701 538 βαδίσαι
732 462 980 535 ποιήσειν
1021 460 1437 530 ἐπαγγέλλεται.
1470 458 1639 511 Πόθεν
1665 456 1774 527 γὰρ

1903 461 2053 508 natur.
2081 453 2201 521 Quo
2227 462 2385 525 parto
2419 452 2563 511 enim
2610 465 2731 506 eam
2781 451 3079 508 secundum
3118 450 3284 507 Deum
3319 453 3465 507 viam

183 565 311 635 ἡμῖν
345 557 641 631 γινώσκειν
664 556 846 627 παρῆν
873 555 971 623 τὴν
991 552 1133 607 κατὰ
1164 552 1299 605 Θεὸν
1324 550 1467 613 666v,
1506 550 1540 620 ἢ
1565 549 1652 601 διὰ
1677 547 1775 617 τῆς

186 656 334 718 θέίας
362 650 531 707 αὑτοῦ
560 650 813 721 χάριτοςς
844 666 863 699 ι
902 648 1121 717 Ποιήσω
1164 646 1344 707 αὐτοῖς
1374 644 1437 696 τὸ
1474 642 1663 705 σκότος
1698 643 1777 703 είς

186 746 300 815 φῶς
324 762 340 778 -
375 765 395 796 .
435 744 535 805 τὰς
582 738 928 811 προφητικὰς
979 736 1181 807 δηλαδὴ
1226 734 1453 806 Γραφὰς
1503 734 1599 785 καὶ
1652 732 1779 793 τοὺς

189 837 338 908 βίους
383 834 511 896 τοὺς
541 830 649 884 ὑπὸ
678 830 779 899 τῆς
809 828 960 891 θείας
1011 825 1361 887 διδασκαλίας
1410 819 1781 889 ὑποϐαλλομέ-

188 945 312 993 νους
346 921 678 995 συνήσεσθαι
725 922 874 991 ἡμᾶς
933 936 1085 990 φησι.
1123 917 1237 988 Τὴν
1272 916 1382 987 γὰρ
1410 915 1631 984 ἄγνοιαν
1684 910 1779 965 τοῦ

187 1017 323 1072 Θεοῦ
348 1014 449 1084 τὴν
482 1012 650 1066 πάλαι
680 1012 801 1074 ταῖς
820 1009 1020 1079 ψυχαῖς
1052 1007 1215 1079 ἡμῶν
1246 1005 1681 1070 ἐπιπολάζουσαν
1702 1002 1782 1065 είς

188 1104 304 1175 φῶς
338 1101 599 1172 γνώσεως
645 1098 1099 1171 μεταϐαλεῖσθαι·
1137 1098 1233 1151 καὶ
1273 1095 1342 1150 τὰ
1371 1095 1540 1149 πάλαι
1570 1094 1627 1147 δὲ
1654 1111 1781 1147 σκο-

188 1196 280 1250 λιὰ
308 1197 442 1268 ήμῖν
480 1193 577 1247 καὶ
613 1190 801 1261 ἀσαφῆ
827 1188 1183 1261 νομιζόμενα,
1232 1186 1329 1241 καὶ
1378 1185 1554 1239 ταῦτα
1604 1184 1784 1255 ὁμαλά

1881 558 2040 599 nosse
2064 554 2398 613 poteramus,
2445 545 2547 601 nisi
2600 559 2698 615 per
2726 544 2966 600 divinam
3020 545 3140 614 ejus
3188 545 3467 616 gratiam?

1884 652 1903 686 ι
1940 634 2158 690 Faciam
2183 637 2316 707 ipsis
2365 638 2619 693 tenebras
2678 638 2732 690 in
2788 636 3008 691 lucem:
3044 656 3063 687 ι
3122 637 3471 706 propheticas

1883 724 2134 780 videlicet
2162 725 2498 795 Scripturas,
2536 737 2591 782 et
2621 728 2786 780 vitam
2818 727 2990 790 illam,
3014 742 3119 797 qua
3158 728 3337 783 divina
3370 728 3473 784 do-

1882 815 2060 869 ctrina
2090 818 2421 887 suggeritur,
2461 834 2561 873 nos
2590 816 2968 873 intellecturos
2998 832 3122 873 esse
3168 820 3245 872 ait
3307 816 3468 890 Igno-

1886 907 2116 961 rantiam
2140 908 2285 963 enim
2320 908 2416 964 Dei
2457 923 2579 979 qum
2605 908 2738 963 olim
2772 908 2984 964 animas
3030 907 3324 980 obtegebat
3370 924 3475 965 no-

1884 1008 2061 1064 stras,
2112 1000 2165 1054 in
2208 1000 2538 1071 cognitionis
2583 1000 2759 1055 lucem
2800 1001 3085 1055 mutandas
3125 1001 3201 1055 ait
3293 1011 3474 1069 etes,

1886 1104 2006 1157 quae
2032 1089 2163 1145 olim
2194 1105 2228 1151 ει
2254 1090 2411 1147 nobis
2440 1102 2681 1147 tortuosa
2703 1101 2757 1146 et
2787 1091 3019 1146 obscura
3051 1105 3173 1146 esse
3200 1091 3472 1162 putaban-

1886 1190 2013 1245 tur,
2066 1194 2125 1236 se
2171 1182 2331 1250 plana
2366 1182 2641 1237 facturum
2694 1182 2984 1253 promittit.
3031 1181 3137 1236 Eos
3167 1194 3346 1236 autem
3380 1183 3475 1253 qui

190 1287 446 1357 ποιήσειν
481 1282 901 1352 ἐπαγγέλλεται.
938 1280 1077 1343 Τοὺς
1106 1282 1170 1333 ἐκ
1198 1278 1503 1351 περιτομῆς
1552 1276 1784 1331 αἰνιττό-

1903 1290 1949 1329 :x
1985 1274 2410 1330 circumcisione
2438 1281 2565 1329 sunt
2604 1273 2981 1340 subindicans,
3015 1274 3093 1327 ait
3125 1290 3140 1325 :

193 1390 379 1445 μενος,
414 1372 579 1443 φησίν
593 1388 607 1401 ο

266 1484 288 1517 s
322 1465 492 1519 Αὐτοὶ
544 1463 603 1515 δὲ
653 1461 1090 1532 ἀπεστράφησαν
1146 1463 1228 1524 εὶς
1274 1459 1342 1513 τὰ
1379 1459 1577 1513 ὀπίσω.
1624 1478 1643 1511 ι
1672 1454 1784 1512 Εἶθ’

191 1556 387 1628 ὥσπερ
408 1553 715 1616 ἐπιδεικνὺς
740 1551 924 1613 αὐτοῖς
964 1549 1064 1622 τὴν
1108 1549 1219 1603 τῶν
1246 1548 1416 1615 ἐθνῶν
1460 1546 1786 1620 μεταϐολὴν,

193 1648 292 1702 καὶ
314 1647 376 1713 ἐξ
397 1646 519 1708 οἵας
546 1644 756 1715 πλάνης
790 1641 1232 1712 μεταϐεϐήκασιν
1261 1642 1342 1704 είς
1389 1639 1507 1709 φῶς
1542 1639 1789 1704 ἐλθόντες

192 1737 305 1790 άπὸ
340 1732 438 1789 τοῦ
478 1734 724 1799 σκότους,
783 1729 1151 1793 δνειδιστικῶς
1181 1731 1317 1802 πρὸς
1358 1729 1599 1792 ἐκείνους
1638 1730 1792 1783 είδω-

1960 1452 2129 1507 Vsas.
2165 1450 2254 1506 i7.
2283 1469 2301 1501 ι
2335 1448 2439 1521 lpsi
2468 1458 2645 1504 autem
2678 1448 2931 1504 conversi
2954 1458 3080 1504 sunt
3103 1458 3423 1505 retrorsum.
3449 1469 3468 1501 ι

1890 1543 2094 1598 Deinde
2121 1543 2365 1613 gentium
2407 1541 2795 1609 mutationem,
2835 1550 2893 1595 et
2922 1540 3142 1611 quando
3180 1556 3247 1596 ex
3284 1556 3476 1596 errore

1903 1636 2009 1691 illa:
2040 1636 2276 1690 reducta
2309 1633 2443 1698 sint,
2474 1648 2539 1688 ex
2577 1631 2816 1688 tenebris
2855 1632 2909 1686 in
2949 1632 3123 1687 lucem
3172 1633 3479 1695 venientes,

1891 1726 2026 1797 ipsis
2040 1726 2242 1797 aperit,
2270 1740 2335 1781 ac
2356 1739 2547 1780 eorum
2578 1722 2940 1779 idololatriam
2968 1724 3326 1794 vituperando
3349 1726 3481 1780 sub-

195 1825 597 1898 λολατροῦντας
617 1823 860 1893 ἐπιλέγει
884 1840 897 1853 ·
942 1841 961 1874 ι
986 1821 1325 1893 Αίσχύνθητε
1348 1860 1364 1885 ,
1391 1823 1443 1875 οἱ
1472 1820 1793 1884 πεποιθότες

1903 1818 2112 1889 iungit:
2178 1835 2198 1869 ι
2233 1816 2636 1872 Coniundimini
2666 1816 2760 1887 qui
2798 1817 3072 1872 coniiditis
3116 1817 3172 1871 in
3221 1816 3485 1887 sculptili-

195 1918 293 1973 ἐπὶ
323 1920 439 1980 τοῖς
465 1918 745 1986 γλυπτοῖς,
771 1916 820 1968 οῖ
853 1915 1100 1984 λέγοντες
1128 1917 1241 1978 τοῖς
1263 1916 1549 1986 χωνευτοῖς
1569 1932 1582 1943 ·
1600 1915 1791 1985 Ὑμεῖς

197 2008 325 2061 ἐστι
367 2005 483 2060 θεοὶ
540 2005 718 2077 ήμῶν.
768 2023 789 2057 ι
826 2004 938 2058 Kal.
989 2004 1077 2059 ἵνα
1122 2004 1197 2075 μή
1242 2020 1326 2066 τις
1353 2003 1526 2057 ταῦτα
1552 2004 1792 2075 νομίσειε

196 2096 329 2168 ταρὶ
359 2096 471 2150 τῶν
514 2094 685 2149 ἐθνῶν
734 2094 1008 2164 λέγεσθαι,
1040 2094 1150 2148 τῶν
1208 2093 1377 2148 πάλαι
1420 2093 1641 2162 τυφλῶν
1697 2094 1793 2147 καὶ

198 2186 437 2257 κωφῶν,
486 2185 803 2255 ἀναγκαίως
850 2185 1110 2256 διασαφεῖ
1160 2188 1256 2239 καὶ
1293 2184 1648 2257 διερμηνεύει
1696 2184 1796 2255 τὴν

196 2281 438 2334 διάνοιαν
486 2278 821 2349 tem.me
851 2296 865 2309 ·

276 2391 295 2424 ι
331 2373 444 2427 Καὶ
486 2372 569 2437 τίς
594 2372 817 2443 τυφλὸς,
845 2372 963 2427 ἀλλ’
988 2374 1040 2427 oi
1064 2372 1255 2436 παῖδές
1288 2388 1422 2443 μου;
1464 2372 1562 2425 καὶ
1596 2372 1791 2441 κωφοὶ,

199 2463 316 2518 ἀλλ’
343 2467 393 2518 οἱ
421 2464 767 2537 κυριεύοντες
799 2463 1016 2529 αὑτῶν;
1058 2464 1170 2517 Καὶ
1191 2460 1581 2534 ἐτυφλώθησαν
1604 2464 1653 2516 oi
1683 2460 1797 2515 δοῦ-

189 2556 283 2615 λοι
318 2556 415 2610 τοῦ
438 2556 597 2612 Θεοῦ.
625 2557 810 2611 Εῐδετε
828 2556 1138 2621 πλεονάκις,
1166 2557 1260 2609 καὶ
1287 2556 1388 2609 οὐκ
1413 2553 1755 2625 ἐφυλάξασθε
1775 2572 1790 2586 ·

199 2647 504 2719 ὴνοιγμινα
530 2648 599 2701 τὰ
633 2642 769 2711 ὦτα,
792 2648 888 2701 καὶ
918 2648 1020 2700 οὐκ
1047 2646 1342 2717 ἠκούσατε.
1372 2645 1578 2718 Κύριος
1601 2647 1631 2700 6
1662 2646 1796 2711 Θεδς

202 2738 567 2794 ἐϐουλεύσατο
612 2740 699 2794 ῖνα
732 2739 1017 2810 δικαιωθῇ,
1051 2739 1148 2794 καὶ
1186 2737 1467 2811 μεγαλύνῃ
1500 2736 1729 2791 αῐνεσιν.
1769 2755 1788 2789 ι

212 2832 403 2905 ὐρᾷς,
433 2832 514 2886 ὅτι
546 2831 717 2887 ταῦτα
768 2832 945 2887 πάντα
977 2831 1106 2903 περὶ
1144 2826 1241 2884 τοῦ
1282 2829 1412 2883 λαοῦ
1452 2829 1669 2903 εἴρηται
1696 2827 1793 2884 τοῦ

204 2923 273 2977 ἐκ
296 2923 662 2995 περιτομῆς.ι
704 2921 837 2977 Ἀλλ’
868 2926 898 2978 6
925 2924 1026 2995 μὲν
1062 2922 1267 2995 Κύριος
1307 2921 1664 2977 ἐϐουλεύσατο
1708 2922 1797 2975 ῖνα

204 3012 475 3086 δικαιώσῃ
501 3013 685 3077 αὑτὸν,
730 3014 818 3068 ἴνα
889 3012 1169 3087 μεγαλύνῃ
1200 3012 1435 3067 αῖνεσινο
1478 3013 1529 3067 oi
1571 3012 1630 3066 δὲ
1679 3012 1797 3066 ἐδο-

205 3105 487 3177 ξάσθησαν
506 3108 618 3169 τοῖς
642 3106 743 3171 τάς
765 3105 945 3179 ψυχὰς
982 3104 1166 3160 αὐτῶν
1195 3104 1543 3177 πολεμοῦσιν.

285 3312 305 3342 ι
348 3292 462 3345 Kal.
491 3286 652 3355 εἶδον,
684 3292 781 3346 καὶ
809 3289 1028 3360 ἐγένετο
1056 3293 1087 3344 6
1127 3289 1256 3354 λαὸς
1303 3291 1799 3362 προνενομευμένος

206 3384 308 3437 καὶ
364 3382 873 3454 διηρπαγμένος·ή
918 3381 1026 3453 γὰρ
1064 3383 1234 3451 παγὶς
1280 3385 1339 3437 ἐν
1392 3385 1506 3447 τοῖς
1552 3382 1801 3452 ταμείοις

209 3466 515 3543 πανταχοῦ,
545 3474 640 3526 καὶ
668 3473 726 3525 ἐν
750 3471 922 3536 οῐκοις
946 3472 1085 3543 αμα.
1111 3472 1255 3527 ὅπου
1306 3471 1550 3546 ἔκρυψαν
1579 3470 1797 3535 αὐτούς.

221 3562 503 3631 Ἐγένοντο
555 3564 635 3627 εἰς
686 3565 983 3637 προνομὴν,
1028 3567 1123 3619 καῖ⁸
1167 3567 1268 3620 οὐκ
1306 3561 1377 3637 ἦν
1414 3565 1803 3638 ἐξαιρούμενος

211 3654 508 3727 ἅρπαγμα,
543 3658 638 3710 καὶ
667 3658 770 3711 οὐκ
796 3652 865 3727 ἦν
904 3658 934 3710 6
979 3658 1175 3726 λέγων,
1216 3658 1458 3722 Ἀπόδος.
1512 3676 1532 3710 ι
1575 3659 1664 3713 Ἐν
1692 3658 1803 3730 γὰρ

213 3747 398 3812 αὐτοῖς
426 3752 539 3813 τοῖς
594 3749 893 3822 λογισμοῖς,
930 3750 1026 3816 οὓς
1056 3750 1347 3823 ἔκρυπτον,
1384 3752 1455 3805 τὰ
1502 3751 1643 3805 κατὰ
1669 3752 1805 3823 Χρι-

213 3838 341 3893 στοῦ
372 3838 768 3913 βουλευόμενοι,
796 3843 855 3895 ἐν
903 3843 1090 3907 αὐτοῖς
1129 3843 1360 3907 ἐκείνοις
1395 3845 1429 3916 ή
1470 3844 1592 3897 κατ’
1623 3842 1804 3898 αὐτῶν

211 3929 403 3999 παγὶς,
440 3931 536 3985 καὶ
557 3932 658 3985 οὐκ
684 3927 753 4003 ῆν
776 3934 807 3986 6
829 3932 1220 4005 ἐξαιρούμενος
1257 3935 1475 4001 αὐτοὺς,
1511 3934 1631 3989 οὐδὲ
1661 3936 1691 3988 6
1718 3934 1805 3989 λέ-

212 4035 348 4087 γων,
401 4020 645 4086 ’Δτεόδος.

289 4128 310 4163 s
348 4112 446 4177 Τίς
479 4116 537 4165 ἐν
567 4114 717 4185 ὑμῖν,
750 4114 810 4180 ὃς
862 4119 1166 4172 ἐνωτιεῖται
1204 4118 1413 4185 ταῦτα;
1444 4121 1805 4175 εἰσακούσατε

213 4204 297 4269 εις
323 4204 394 4258 τὰ
427 4206 789 4278 ἐπερχόμενα.
821 4228 841 4260 ι
878 4209 941 4262 Ei
968 4209 1026 4264 δέ
1052 4226 1135 4273 τις
1153 4194 1442 4284 ’ζητήσειεν
1468 4212 1553 4277 τίς
1582 4215 1611 4266 6
1632 4212 1807 4267 ταῦτα

214 4296 457 4373 πράξας,
490 4300 641 4374 εὖροι
664 4302 708 4355 6‘
742 4302 829 4361 ἂν.
855 4304 938 4357 ὅτι
967 4304 1077 4357 οὐδ’
1110 4304 1268 4370 ἄλλος
1284 4305 1486 4360 ῑδωκεν
1504 4308 1705 4372 αὐτοὺς
1726 4310 1808 4372 είς

213 4391 524 4465 διαρπαγὴν
574 4394 807 4466 ῆαύτὺς
860 4388 906 4463 ᾧ
953 4396 1273 4467 ήμάρτοσαν
1326 4384 1497 4468 αὐτῷ,
1554 4398 1648 4451 και
1707 4399 1807 4452 οὐκ

1896 1910 2019 1977 bus,
2046 1908 2140 1981 qui
2172 1906 2535 1965 conﬂatilibus
2566 1907 2770 1973 dicitis,
2801 1908 2911 1964 Vos
2939 1906 3075 1963 estis
3114 1908 3191 1963 dii
3220 1909 3417 1964 nostri.
3458 1927 3480 1962 ι

1896 2000 1975 2057 Ne
2004 2016 2137 2058 vero
2167 2001 2291 2072 quis
2318 2009 2535 2071 putaret
2571 2000 2689 2055 haec
2729 2003 2798 2056 de
2827 2000 3081 2069 gentibus
3101 2040 3118 2066 ,
3152 1999 3283 2055 olim
3326 2001 3487 2055 czecis

1895 2104 1952 2151 et
2008 2094 2189 2151 surdis
2213 2132 2231 2159 ,
2267 2094 2413 2149 dicta
2472 2093 2677 2161 fuisse,
2730 2093 3037 2149 necessario
3065 2101 3303 2149 mentem
3330 2106 3485 2149 suam

1897 2186 2077 2257 aperit
2101 2194 2157 2240 et
2180 2184 2459 2255 explicat,
2488 2184 2604 2240 imo
2633 2183 2902 2254 adjiciens
2932 2201 2948 2239 :

1972 2381 2137 2436 Vsus.
2172 2379 2359 2437 18-2].
2408 2400 2425 2432 ι
2482 2380 2551 2436 Et
2589 2382 2718 2452 quis
2748 2395 2929 2436 cacus
2954 2420 2971 2445 ,
3022 2381 3124 2436 nisi
3158 2381 3310 2450 pueri
3336 2380 3438 2437 mei
3467 2418 3482 2435 .

1899 2482 1954 2528 et
1984 2473 2106 2543 quis
2139 2475 2360 2539 surdus,
2386 2472 2490 2528 nisi
2525 2472 2619 2543 qui
2665 2472 3017 2528 dominantur
3059 2472 3180 2528 eis?
3205 2472 3272 2529 Et
3307 2473 3488 2529 alica:-

1898 2564 2004 2617 cati
2030 2572 2159 2619 sunt
2187 2563 2334 2619 servi
2375 2562 2490 2618 Dei.
2523 2561 2745 2620 Vidistis
2771 2578 2936 2634 saepe,
2968 2573 3026 2617 et
3051 2578 3159 2618 non
3208 2564 3435 2619 cavistis
3465 2582 3481 2617 :

1898 2654 2100 2722 aperta
2129 2661 2257 2708 sunt
2288 2668 2474 2718 aures,
2501 2662 2559 2707 et
2608 2668 2715 2709 non
2761 2652 3014 2709 audistis.
3052 2653 3314 2709 Dominus
3340 2652 3485 2708 Deus

1898 2743 2228 2799 deliberavit
2281 2753 2341 2799 ut
2382 2743 2808 2814 jusdlicaretur,
2848 2754 2905 2801 et
2952 2744 3330 2817 magniﬁcaret
3370 2744 3491 2799 lat:-

1899 2834 2044 2889 dem.
2080 2852 2101 2887 ι
2142 2833 2309 2890 Vides
2345 2834 2463 2889 bzec
2493 2835 2677 2889 omnia
2719 2834 2786 2889 de
2829 2834 3029 2905 populo
3078 2847 3147 2889 ex
3198 2833 3491 2889 circumci—

1906 2926 2059 2981 sione
2083 2925 2231 2981 dicta
2259 2924 2449 2982 fuisse.
2503 2945 2523 2978 ι
2580 2924 2690 2982 Sed
2729 2925 2993 2982 Dominus
3044 2925 3399 2992 deliberavit,
3431 2934 3495 2981 ut

1894 3017 2227 3087 jastiiicaret
2277 3030 2437 3084 eum,
2488 3024 2546 3073 et
2600 3016 2981 3087 magniﬁcaret
3042 3015 3297 3082 laudem;
3343 3034 3365 3069 ι
3414 3016 3493 3071 ili

1902 3123 2034 3165 vero
2061 3108 2282 3181 gloriati
2316 3118 2448 3165 sunt
2475 3108 2531 3164 in
2562 3107 2652 3173 iis,
2684 3109 2778 3178 qui
2812 3109 3210 3180 impugnabant
3246 3107 3490 3163 animam

1972 3291 2141 3349 Vsus.
2170 3290 2265 3345 22.
2300 3310 2319 3344 ι
2356 3291 2424 3347 Et
2452 3290 2730 3357 viderunt,
2760 3302 2818 3346 et
2865 3289 2970 3345 fuit
3024 3290 3256 3363 populus
3302 3301 3495 3345 vastae

1906 3396 1991 3443 tus
2044 3396 2212 3458 atque
2264 3388 2509 3457 direptus
2558 3402 2572 3439 :
2619 3385 2850 3456 laqueus
2910 3385 3057 3440 enim
3116 3386 3169 3440 in
3219 3384 3495 3440 cubilibus

1904 3477 2125 3547 ubique,
2151 3486 2208 3533 et
2233 3477 2289 3532 in
2321 3477 2576 3533 domibus
2604 3476 2789 3545 simul,
2823 3475 2913 3530 ubi
2938 3475 3347 3531 absconderunt
3373 3487 3493 3529 eos.

1903 3565 2057 3622 Facti
2088 3578 2217 3624 sunt
2242 3567 2299 3622 in
2327 3568 2712 3632 vastationem,
2750 3574 2807 3622 et
2844 3581 2954 3622 non
2988 3574 3109 3622 erat
3146 3565 3237 3635 qui
3276 3575 3497 3621 emeret

1904 3658 2153 3729 rapinam
2191 3669 2291 3713 :et
2330 3672 2438 3713 non
2478 3666 2596 3712 erat
2629 3659 2722 3726 qui
2776 3657 3005 3724 diceret,
3043 3656 3247 3712 Redde.
3303 3674 3324 3709 ι
3358 3654 3495 3711 Nam

1905 3750 2152 3807 occultas
2176 3750 2231 3805 in
2264 3750 2541 3806 mentibus
2589 3749 2703 3805 suis
2733 3748 2953 3805 Christo
3000 3748 3229 3804 insidias
3262 3748 3498 3802 molien-

1907 3849 2009 3908 tes,
2057 3841 2113 3897 in
2154 3840 2345 3896 iisdem
2394 3841 2529 3912 ipsis
2568 3840 2821 3911 laqueum
2852 3841 2956 3896 sibi
3007 3839 3358 3904 invenerunt,
3394 3852 3498 3893 nec

1906 3945 2028 3992 erat
2052 3932 2145 4006 qui
2171 3933 2411 4006 eriperet
2435 3949 2554 4005 eos,
2582 3948 2763 4006 neque
2790 3933 2886 4005 qui
2914 3933 3145 4000 diceret,
3182 3931 3394 3988 Redde.

1978 4120 2145 4176 Vsus.
2175 4120 2268 4176 25.
2316 4138 2337 4173 ι
2376 4118 2511 4188 Quis
2543 4128 2629 4173 est
2681 4120 2737 4174 i‘n
2772 4114 2927 4174 vobis
2950 4156 2967 4183 ,
3006 4116 3098 4186 qui
3128 4118 3247 4172 inec
3271 4116 3496 4172 audiat.

1908 4215 2214 4271 auscultate
2248 4214 2454 4272 futura.
2501 4235 2521 4270 ι
2571 4213 2630 4271 Si
2680 4213 2804 4284 quis
2856 4221 3038 4269 autem
3083 4219 3331 4282 quaerat,
3373 4211 3499 4281 quis

1908 4306 2025 4359 hac
2058 4303 2289 4371 fecerit,
2329 4304 2568 4361 inveniet
2598 4318 2707 4361 non
2753 4302 2920 4358 alium
2974 4301 3125 4373 ipsos
3170 4302 3225 4357 in
3256 4300 3495 4372 praedam

1910 4396 2144 4461 dedisse,
2185 4411 2349 4466 quam
2382 4410 2549 4461 eum,
2581 4396 2658 4451 ’in
2694 4410 2860 4466 quem
2900 4402 3303 4466 peccaverant.
3342 4400 3399 4447 et
3444 4391 3500 4446 iu

216 4484 511 4555 ήϐούλοντο
532 4486 590 4539 ἐν
611 4488 734 4550 ταῖς
764 4486 905 4550 ὁδοῖς
932 4486 1097 4541 αὐτοῦ
1130 4487 1480 4559 πορεύεσθαι.
1520 4489 1797 4561 Καλούμε-

1911 4488 2069 4556 cuius
2104 4486 2519 4544 viis‘ambulare
2553 4494 2871 4543 renuerant.
2926 4484 3059 4541 Nam
3105 4484 3175 4540 ad
3219 4483 3499 4554 evangeli-

217 4592 299 4629 νοι
322 4576 433 4649 γὰρ
460 4580 540 4641 είς
585 4576 686 4642 τὰς
728 4578 1091 4648 εὐαγγελικάς
1122 4579 1296 4644 ὁδοὺς,
1342 4581 1441 4651 οὐχ
1492 4581 1768 4653 ὑπήκουον
1791 4596 1804 4611 ·

218 4669 338 4723 ἀλλ’
369 4669 490 4723 οὐδὲ
521 4670 967 4743 άκούειν--ήθελον
992 4672 1086 4725 τοῦ
1117 4673 1284 4744 νόμου
1309 4673 1407 4745 τῆς
1441 4675 1652 4747 Καινῆς
1682 4679 1809 4733 Δια-

222 4761 422 4833 θήκης.

296 4873 317 4905 ι
354 4853 452 4918 Τίς
484 4852 685 4907 ἔδωκεν
716 4854 799 4917 είς
842 4854 1152 4927 διαρπαγὴν
1188 4853 1402 4919 Ἰακὼϐ,
1446 4855 1540 4908 καὶ
1589 4857 1808 4928 Ἰσραήλ

218 4945 335 5007 τοῖς
374 4943 803 5015 προνομεύουσιν
828 4945 1026 5011 αὐτόν;
1066 4945 1203 5015 Οὐχὶ
1233 4947 1264 4999 6
1309 4945 1463 5011 Θεὸς,
1492 4937 1537 5015 ᾧ
1570 4947 1809 5021 ἡμάρτο-

221 5050 325 5090 σαν
352 5032 523 5106 αὐτῷ,
552 5034 650 5088 καὶ
671 5036 773 5088 οὐκ
797 5034 1080 5091 ἐϐούλοντο
1108 5038 1168 5089 ἐν
1194 5039 1314 5100 ταῖς
1342 5036 1483 5101 ὁδοῖς
1516 5039 1681 5094 αὐτοῦ
1711 5058 1809 5093 πο-

225 5126 503 5196 ρεύεσθαι,
548 5128 671 5183 οὐδὲ
723 5128 944 5182 ἀκούειν
976 5130 1069 5183 τοῦ
1108 5130 1274 5201 νόμου
1330 5130 1527 5197 αὑτοῦ;
1565 5151 1583 5184 ι
1632 5132 1808 5186 Πάλαι

226 5220 328 5290 μὲν
352 5218 461 5291 γάρ
495 5219 631 5290 πρὸς
670 5220 860 5290 καιρόν
904 5237 1026 5273 τινα
1073 5221 1488 5292 πολεμούμενοι,
1524 5218 1679 5286 αὖθις
1718 5224 1811 5277 άν-

224 5307 532 5379 ελάμϐανον
560 5308 811 5373 ἑαυτούς·
860 5308 935 5375 ὡς
967 5308 1063 5361 καὶ
1096 5310 1194 5381 τήν
1227 5311 1597 5383 Ἰερουσαλὴμ,
1631 5313 1813 5366 καὶτὸ

220 5403 284 5456 ἐν
331 5400 471 5471 αὐτῇ
518 5399 788 5470 βασίλειον
829 5398 1008 5454 αὐτῶν
1039 5404 1391 5457 συνεστάναι’
1450 5402 1544 5457 νῦν
1579 5403 1637 5457 δὲ
1684 5421 1812 5457 κατε

225 5491 450 5563 ίσχυσεν
484 5491 667 5546 αὐτῶν
695 5496 724 5547 6
758 5493 1013 5562 πόλεμος·
1044 5495 1142 5565 οὐχ
1166 5496 1195 5548 6
1226 5494 1426 5560 ἔξωθεν
1470 5495 1649 5566 μόνος,
1677 5494 1815 5548 άλλά

224 5584 324 5638 καὶ
354 5585 385 5637 6
408 5581 519 5635 τῶν
542 5583 642 5647 τάς
661 5584 837 5655 ψυχὰς
866 5584 1048 5639 αὐτῶν
1074 5585 1525 5659 πολιορκούντων.

305 5696 325 5729 ι
356 5677 465 5729 Καὶ
484 5676 766 5747 ἐπήγαγεν
809 5680 897 5732 ἐπ’
945 5680 1145 5742 αὐτοὺς
1177 5677 1345 5748 ὀργὴν
1394 5676 1567 5748 θυμοῦ
1622 5674 1809 5741 αὑτοῦ,

226 5770 321 5825 καὶ
354 5768 684 5839 κατίσχυσεν
705 5770 901 5833 αὐτοὺς
922 5769 1178 5839 πόλεμος,
1212 5769 1309 5823 καὶ
1334 5769 1382 5822 οἱ
1410 5766 1813 5839 συμφλέγσντες

555 5866 825 5927 Panos.
870 5866 986 5927 Gn.
1018 5865 1227 5930 XXIV

1915 4593 2011 4633 cas
2043 4579 2165 4632 vias
2190 4579 2425 4646 evocati,
2462 4593 2568 4634 non
2596 4574 3067 4648 obtemperarunt,
3118 4589 3294 4647 neque
3325 4574 3500 4647 legem

1910 4671 2044 4728 Novi
2070 4671 2408 4729 Testamenti
2438 4672 2628 4728 audire
2664 4671 2974 4727 voluerunt.

1983 4842 2151 4898 Vsus.
2175 4840 2268 4897 24.
2305 4860 2325 4893 ι
2361 4840 2495 4908 Quis
2528 4839 2679 4895 dedit
2722 4840 2778 4894 in
2808 4837 3169 4907 direptionem
3205 4836 3377 4892 Jacob
3400 4875 3415 4899 ,
3444 4845 3503 4888 et

1911 4932 2080 4989 lsrael
2125 4935 2471 4990 vastantibus
2517 4931 2688 4988 eum?
2738 4932 2934 4986 Annon
2962 4930 3143 4994 Deus,
3179 4930 3267 4983 cui
3301 4941 3499 4998 pecca-
3544 4980 3565 4989 _

1917 5035 2136 5092 verunt,
2165 5035 2220 5080 et
2244 5024 2536 5081 noluerunt
2566 5024 2621 5079 in
2650 5024 2755 5079 viis
2790 5023 2911 5093 ejus
2956 5021 3275 5085 ambulare,
3330 5032 3507 5087 neque

1919 5120 2110 5173 audire
2140 5119 2312 5187 legem
2341 5117 2503 5188 ejus?
2534 5133 2555 5167 ι
2588 5115 2662 5170 At
2686 5117 2831 5173 enim
2865 5113 2995 5169 olim
3027 5113 3247 5183 quidem
3279 5126 3402 5166 cum
3437 5110 3508 5164 ad

1920 5223 2134 5280 tempus
2182 5210 2402 5280 aliquod
2455 5209 2601 5266 bello
2650 5210 3077 5279 impeterentur,
3131 5206 3332 5260 iterum
3367 5204 3506 5257 resio

1922 5305 2238 5375 piscebant;
2271 5305 2343 5357 ita
2377 5310 2436 5356 ut
2466 5298 2774 5357 Jerusalem
2803 5309 2859 5355 et
2905 5299 3058 5369 regia
3091 5296 3295 5353 ibidem
3328 5293 3507 5363 posita

1922 5396 2281 5459 consisteret;
2310 5413 2451 5453 nunc
2492 5407 2677 5453 autem
2730 5393 2871 5449 bello
2914 5389 3164 5462 oppressi
3200 5396 3360 5451 sunt,
3400 5400 3509 5439 nou

1924 5491 2194 5545 exteriore
2254 5498 2503 5558 tantum,
2568 5491 2664 5545 sed
2717 5501 2784 5542 eo
2828 5485 2973 5557 quod
3018 5481 3089 5537 ab
3136 5478 3513 5536 obsidentibus

1924 5583 2139 5637 animas
2166 5597 2296 5637 suas
2321 5581 2683 5638 inferebatur.

1994 5671 2161 5730 Vsus.
2194 5674 2287 5731 25.
2330 5692 2348 5726 ι
2401 5673 2469 5729 Ει
2521 5672 2736 5729 induxit
2779 5684 2942 5740 super
2989 5681 3085 5723 eos
3137 5665 3273 5721 iram
3308 5662 3511 5718 furoris

1923 5767 2030 5836 sui,
2063 5775 2118 5823 et
2149 5766 2382 5823 invaluit
2416 5768 2468 5826 in
2502 5782 2597 5825 eos
2627 5768 2829 5831 bellum
2857 5804 2873 5834 ,
2905 5771 2960 5820 et
2993 5761 3086 5834 qui
3116 5756 3513 5816 comburebaat

3162 5854 3237 5915 13
