4058 6462
687 475 793 534 3ὓῦ

1348 467 1612 523 EUSEBII
1651 463 2123 522 CAZSAHIENSIS
2159 461 2309 520 OPP.
2352 463 2532 519 PARS
2573 463 2660 518 Ill.
2702 494 2769 505 —-
2808 462 3212 518 EXEGETICA.

3816 466 3909 524 596

689 606 783 643 eos
838 590 888 641 in
940 588 1165 642 circuitu
1200 604 1213 640 :
1247 601 1423 653 neque
1464 594 1828 655 cognoverunt
1874 587 2223 653 unusquiqu

2348 584 2541 645 αὐτοὺς
2596 584 2808 653 κύκλῳ·
2846 584 2939 636 καὶ
2988 585 3086 635 οὐκ
3144 583 3386 650 ἔγνωσαν
3438 582 3668 646 ἕκαστος
3715 585 3907 645 αὐτῶν,

685 694 894 742 eorum,
926 693 1098 748 neque
1128 679 1363 731 animum
1400 678 1777 729 adhibuerunt.
1814 694 1833 726 ι
1859 674 1969 728 Ειεί
1998 679 2140 729 enim
2182 678 2239 737 ii,

684 771 775 837 qui
816 771 954 837 apud
1001 784 1094 823 vos
1133 768 1407 829 inﬁdeles,
1437 768 1562 820 (neci
1613 778 1666 820 et
1694 767 1838 819 surdi
1884 766 2058 819 eﬂ‘ecti
2094 780 2238 829 sunt,

682 871 735 913 et
769 860 896 912 talia
939 870 1340 926 perpetrarnnt,
1380 858 1473 911 ira:
1520 858 1610 910 Dei
1657 859 1836 911 traditi
1872 860 2014 922 sint;
2059 868 2113 911 at
2149 875 2241 911 vas

683 950 763 1001 vel
796 966 938 1004 nunc
968 953 1176 1002 tandem
1211 950 1422 1013 audite;
1466 963 1559 1002 vos
1587 950 1727 1012 dico,
1768 948 1856 1017 qui
1905 951 2239 1002 conditorem

682 1048 735 1091 et
758 1049 1055 1092 creatorem
1083 1050 1315 1092 vestrum
1351 1054 1453 1091 non
1486 1040 1775 1106 ignorastis
1797 1077 1810 1098 ,
1842 1039 1935 1091 sed
1989 1041 2080 1106 qui
2121 1043 2239 1108 Opi—

684 1129 862 1183 ﬁcium
890 1131 941 1184 in
980 1130 1132 1183 vobis
1162 1130 1427 1183 exsistens
1450 1170 1462 1192 ,
1496 1131 1700 1183 salvum
1731 1140 1785 1183 et
1819 1130 2086 1183 incolume
2120 1146 2239 1184 ser-

682 1222 869 1274 vastis.

1211 1310 1437 1367 CAPUT
1510 1310 1691 1366 XLIII.

752 1400 911 1455 Vsus.
967 1401 1018 1463 1,
1067 1410 1119 1453 2.
1166 1419 1185 1449 ι
1218 1401 1280 1452 Et
1323 1415 1463 1452 nunc
1499 1403 1579 1455 sic
1602 1402 1729 1454 dicit
1762 1401 2023 1455 Dominus
2057 1413 2235 1466 tiens,

674 1494 764 1561 qui
794 1492 921 1546 fecit
962 1502 1031 1553 te,
1066 1492 1255 1551 Iacob.
1287 1502 1341 1545 et
1364 1494 1456 1559 qui
1492 1492 1745 1546 formavit
1791 1504 1863 1556 te,
1900 1491 2059 1547 Israel
2110 1510 2123 1545 :
2162 1492 2238 1547 Ne

677 1588 896 1650 timeas,
925 1588 1180 1653 quoniam
1207 1584 1407 1637 redemi
1438 1594 1489 1637 te
1522 1600 1535 1637 :
1568 1586 1753 1638 vocavi
1790 1594 1840 1638 te
1872 1586 2090 1637 nomine
2120 1594 2231 1647 tuo,

675 1676 822 1732 Meus
846 1693 905 1730 es
954 1687 1027 1729 tu.
1061 1694 1080 1726 ι
1112 1674 1220 1741 Ego
1257 1672 1517 1727 Dominus
1554 1674 1723 1740 Deus,
1757 1674 1845 1742 qui
1887 1674 1986 1728 reci
2033 1685 2085 1727 et
2128 1674 2236 1727 l'or-

670 1770 810 1819 mavi
842 1775 934 1828 te;
978 1763 1078 1817 feci
1112 1759 1654 1831 quidem'secnndum
1693 1764 1928 1816 animam
1982 1763 2047 1816 ad
2101 1764 2235 1816 ima-

670 1859 847 1926 ginem
883 1855 971 1909 Dei
1003 1857 1197 1909 factam
1228 1872 1243 1920 ;
1283 1854 1508 1908 formavi
1556 1864 1734 1908 autem
1781 1855 2073 1909 secundum
2107 1869 2231 1908 eor-

2342 674 2459 726 ούδὲ
2490 673 2672 727 ἔθεντο
2700 676 2791 728 ἐπὶ
2818 676 3009 746 ψυχήν.
3050 694 3067 725 ι
3090 676 3278 745 Εἰγάρ
3300 675 3393 728 καὶ
3422 673 3491 726 τὰ
3522 676 3755 744 μάλιστα
3778 678 3828 728 οἱ
3858 678 3910 744 ἑξ

2346 764 2498 832 ὑμῶν
2544 764 2785 827 ἄπιστοι,
2856 766 3045 833 τυφλοὶ
3095 765 3188 817 καὶ
3235 766 3407 834 κωφοὶ
3442 765 3768 837 γενόμενοι,
3824 768 3912 821 καὶ

2344 856 2568 908 τοιαῦτα
2599 856 2927 925 πράξαντες,
2963 860 3026 927 τῇ
3055 859 3189 927 ὀργῇ
3216 856 3311 908 τοῦ
3342 856 3476 909 Θεοῦ
3504 857 3906 927 παρεδόθησαν·

2343 947 2454 998 ἀλλ’
2480 948 2637 1017 ὑμεῖς
2661 948 2739 999 ἔτι
2770 949 2861 1000 καὶ
2899 948 2993 1000 νῦν
3014 947 3283 1001 ἀκούσατε
3306 964 3319 977 ·
3352 948 3495 1017 ὑμᾶς
3527 946 3583 999 δὲ
3611 947 3753 1015 λέγω
3789 949 3909 1009 τοὺς

2342 1040 2430 1089 τὸν
2471 1039 2679 1092 ἑαυτῶν
2726 1040 2953 1111 ποιητὴν
3009 1040 3100 1092 καὶ
3132 1039 3375 1108 πλάστην
3402 1039 3478 1109 μὴ
3519 1039 3905 1107 άγνοήσαντας.

2342 1132 2475 1185 ἀλλὰ
2509 1132 2601 1182 καὶ
2633 1132 2693 1182 τὸ
2723 1133 2932 1201 ποίημα
2958 1131 3017 1183 τὸ
3069 1132 3126 1182 ὲν
3150 1129 3277 1198 ὑμῖν
3307 1129 3399 1181 καὶ
3428 1129 3488 1180 τὸ
3518 1129 3743 1198 πλάσμα
3773 1128 3908 1180 σῶον

2344 1224 2435 1274 καὶ
2463 1222 2739 1274 άλὼὅττον
2785 1221 3239 1291 διατηρήσαντας,

2846 1310 3238 1364 ΚΕΦΑΛΑΙΟΝ
3270 1309 3398 1363 ΜΡ.

2414 1426 2431 1456 ι
2467 1406 2574 1458 Καὶ
2597 1404 2691 1458 νῦν
2719 1404 2890 1466 οὕτως
2916 1403 3061 1470 λέγει
3092 1402 3292 1472 Κύριος
3316 1401 3344 1452 6
3367 1400 3498 1462 Θεὸς
3519 1401 3548 1451 6
3577 1401 3809 1470 ποιήσας
3830 1417 3907 1458 σε,

2351 1498 2563 1563 Ἰακὼϐ,
2596 1499 2688 1550 καὶ
2713 1500 2741 1549 6
2776 1495 2987 1558 πλάσας
3028 1512 3106 1555 σε,
3148 1492 3389 1563 Ἰσραήλ·
3442 1492 3532 1561 Μὴ
3588 1490 3777 1558 φοῦοῦ,
3830 1492 3909 1543 ὅτι

2338 1588 2728 1659 ὲλυτρωσάμην
2751 1604 2808 1639 σε
2828 1604 2841 1617 ·
2880 1586 3115 1639 ἐκάλεσα
3148 1602 3206 1636 σε
3236 1584 3295 1635 τὸ
3316 1582 3487 1651 ὄνομά
3520 1598 3645 1634 σου·
3693 1581 3829 1650 ἐμὸς
3862 1577 3913 1633 εἴ

2340 1680 2426 1732 σύ.
2467 1699 2484 1731 ι
2530 1679 2670 1747 Ἐγὼ
2690 1678 2892 1749 Κύριος
2934 1680 2964 1729 ὁ
2992 1677 3122 1739 Θεὸς
3146 1678 3175 1727 6
3209 1676 3438 1744 ποιήσας
3472 1691 3529 1726 σε
3570 1675 3663 1726 καὶ
3698 1675 3912 1737 πλάσας

2340 1789 2398 1825 σε
2424 1790 2436 1801 ·
2474 1775 2706 1842 ποιήσας
2752 1771 2846 1840 μὲν
2889 1770 3030 1823 κατὰ
3059 1768 3234 1837 ψυχὴν
3264 1766 3361 1837 τὴν
3390 1767 3506 1819 κατ’
3542 1768 3721 1819 εἰκόνα
3772 1764 3911 1818 Θεοῦ

2339 1860 2711 1931 πεποιημένην
2732 1876 2746 1889 ·
2785 1860 2995 1921 πλάσας
3025 1858 3081 1910 δὲ
3118 1856 3261 1909 κατὰ
3296 1856 3356 1907 τὸ
3391 1856 3546 1925 σῶμα
3575 1856 3634 1906 τὸ
3670 1854 3781 1906 ἀπὸ
3806 1853 3913 1921 γῆς

668 1924 792 2020 pus,
830 1951 897 2003 de
933 1960 1079 2003 terra
1128 1957 1480 2016 suinptum,et
1508 1962 1535 1999 a
1569 1962 1652 2001 me
1679 1957 2065 2002 constructum.
2091 1948 2223 2000 San-

2333 1924 2768 2022 lqeeev‘xal'bn‘
2812 1949 2947 2019 ἐμοῦ
2972 1947 3350 2016 πεπλασμένον
3371 1964 3383 1976 ·
3422 1924 3613 2017 λύτρον
3638 1946 3780 2015 ὑπὲρ
3812 1944 3913 2015 τῆς

668 2043 995 2111 guinemque
1052 2054 1227 2094 meum
1266 2040 1319 2092 in
1373 2040 1603 2108 pretium
1652 2053 1748 2106 pro
1790 2038 1963 2091 salute
2011 2040 2231 2092 tradens

666 2144 782 2197 tua,
815 2133 1017 2188 redemi
1053 2142 1124 2195 te,
1150 2142 1205 2186 et
1235 2131 1417 2185 vocavi
1452 2140 1503 2184 te
1537 2146 1550 2184 :
1587 2143 1769 2183 verum
1805 2130 1969 2184 etiam
2017 2140 2069 2185 te
2111 2146 2231 2199 pos-

664 2226 959 2281 sessionem
1009 2237 1179 2277 meam
1223 2221 1414 2285 eil'eci;
1467 2222 1541 2274 ita
1591 2228 1649 2275 ut
1695 2231 1749 2274 tu
1798 2220 1930 2273 mihi
1979 2220 2226 2290 populus,

664 2330 765 2383 ego
803 2314 896 2367 tibi
928 2314 1064 2367 Deus
1084 2325 1277 2366 essem.
1303 2308 1526 2364 Conﬁde
1552 2310 1741 2377 igitur,
1776 2318 1853 2362 tot
1881 2323 1911 2361 a
1937 2322 2021 2362 me
2046 2309 2233 2376 digna-

663 2414 751 2457 tus
780 2402 953 2464 bonis,
1001 2411 1057 2455 et
1084 2417 1143 2455 ea
1180 2415 1285 2469 qua
1327 2399 1513 2467 jussus
1545 2414 1605 2453 es
1634 2399 1716 2451 via
1753 2400 1978 2453 incede:
2008 2398 2229 2454 ﬁducia-

662 2510 768 2565 que
805 2496 996 2565 plenus
1041 2494 1294 2549 omnibus
1343 2507 1441 2562 per
1476 2490 1665 2546 orbem
1704 2491 1954 2560 gentibus
1990 2491 2226 2557 pmdica

662 2584 1029 2654 evangelicum
1056 2596 1386 2637 sermonem.
1412 2578 1670 2646 Quamvis
1696 2578 1838 2632 enim
1874 2577 2013 2647 ignis
2033 2579 2227 2630 ardens

662 2676 923 2744 eruperit,
958 2674 1207 2742 quamvis
1235 2684 1408 2740 aqua,
1440 2670 1691 2737 quamvis
1726 2667 1944 2722 ﬂumina
1999 2668 2226 2721 inunda-

664 2764 860 2824 verint,
884 2763 997 2817 haec
1034 2761 1165 2815 nihil
1200 2770 1247 2813 te
1276 2760 1488 2819 laedent,
1520 2756 1662 2827 quOd
1693 2770 1793 2825 ego
1818 2766 1995 2810 tecum
2028 2756 2225 2824 ubique

662 2855 785 2909 sim.
838 2852 972 2907 Nam
1010 2852 1136 2906 illud
1191 2852 1308 2905 sine
1355 2849 1638 2905 mendacio
1681 2847 1977 2912 enuntiavi,
2036 2864 2054 2898 ι
2086 2846 2226 2901 Ecce

660 2959 759 3015 ego
783 2944 1056 2997 vobiscum
1097 2958 1213 2996 sunt
1245 2956 1417 3009 usque
1448 2940 1512 2992 ad
1548 2938 2075 2995 consummationem
2116 2952 2221 2992 sa:-

661 3037 765 3091 culi
810 3037 876 3087 ’5.
907 3054 925 3085 ι

732 3127 893 3181 Vens.
950 3127 1006 3181 5.
1049 3123 1162 3178 tEt
1213 3138 1258 3178 SI
1305 3123 1585 3178 transieris
1611 3136 1706 3191 per
1763 3136 1983 3190 aquam,
2046 3130 2220 3175 tecum

2335 2040 2605 2109 σωτηρίας
2654 2040 2714 2091 τὸ
2763 2038 3000 2109 ἐμαυτοῦ
3031 2037 3302 2109 παραδοὺς
3331 2032 3486 2106 αἷμα,
3516 2036 3911 2106 ἐλυτρωσάμην

2334 2148 2392 2183 σε
2418 2132 2511 2183 καὶ
2537 2131 2771 2183 ὲκάλεσά
2814 2148 2907 2184 σε·
2944 2129 3079 2183 ἀλλὰ
3123 2130 3217 2181 καὶ
3256 2127 3443 2197 κτῆμα
3484 2126 3676 2180 ἑαυτοῦ
3714 2126 3910 2194 ἐποιη-

2333 2225 2512 2293 σάμην
2536 2240 2595 2275 σε
2617 2241 2629 2252 ·
2669 2224 2809 2276 ὥστε
2840 2217 2975 2275 εἶναι
3004 2222 3102 2291 μέν
3128 2239 3185 2273 σε
3206 2221 3335 2288 ἐμὸν
3365 2220 3512 2283 λαὸν,
3547 2219 3691 2289 κάμὲ
3715 2218 3775 2272 δὲ
3802 2218 3908 2271 σοῦ

2328 2314 2491 2368 αὑτοῦ
2522 2314 2675 2369 Θεόν.
2717 2313 2919 2384 Θάρσει
2945 2312 3256 2383 τοιγαροῦν,
3293 2310 3557 2364 τοσούτων
3592 2312 3719 2379 παρ’
3768 2309 3908 2380 ἐμοῦ

2328 2405 2753 2475 κατηξιωμένος,
2798 2405 2891 2456 καὶ
2935 2403 3115 2471 βάδιζε
3143 2403 3239 2473 τὴν
3278 2402 3396 2455 ὁδὸν
3445 2402 3511 2472 ἢν
3556 2400 3905 2471 ἐκελεύσθης,

2329 2496 2545 2568 θαρσῶν
2584 2513 2641 2548 τε
2686 2496 2925 2566 κήρυττε
2950 2495 3063 2556 τοῖς
3114 2490 3426 2561 ἁπανταχοῦ
3460 2491 3561 2560 γῆς
3603 2488 3783 2541 ἔθνεσι
3813 2486 3907 2541 τὸυ

2326 2587 2678 2656 εὐαγγελικὸν
2730 2585 2906 2653 λόγον.
2939 2584 3059 2637 Κᾶν
3092 2585 3199 2657 γὰρ
3229 2582 3339 2654 πῦρ
3380 2582 3574 2652 φλέγον
3605 2580 3755 2652 ἐπίῃ,
3798 2580 3907 2634 κᾶν

2327 2678 2512 2744 ὕδατα,
2543 2678 2648 2732 κᾶν
2685 2676 2916 2747 ποταμοὶ
2968 2674 3328 2738 ὲπικλύζωσιν
3356 2690 3367 2702 ·
3429 2672 3580 2726 οὐδέν
3625 2688 3686 2722 σε
3730 2669 3907 2723 ταῦτα

2325 2769 2573 2839 λυπήσει,
2611 2768 2698 2821 διὰ
2731 2768 2791 2821 τὸ
2833 2768 2931 2836 ἐμὲ
2962 2768 3058 2819 σὺν
3106 2766 3188 2817 σοὶ
3212 2764 3485 2835 πανταχοῦ
3510 2760 3668 2818 εἶναι.
3706 2761 3906 2832 Ἀψευε-

2323 2859 2429 2923 δῶς
2488 2860 2595 2930 γάρ
2626 2857 3047 2928 άπηγγειλάμην
3091 2857 3172 2921 τὸ,
3212 2874 3231 2906 ι
3276 2854 3403 2909 Ἰδοὺ
3448 2854 3557 2924 ἐγὼ
3589 2854 3705 2925 μεθ’
3744 2854 3907 2925 ὑμῶν

2325 2951 2438 3020 εἰμι
2470 2950 2574 3013 ἓως
2595 2950 2691 3019 τῆς
2711 2948 3016 3010 συντελείας
3050 2946 3143 2999 τοῦ
3170 2945 3383 3009 αἰῶνος.
3416 2964 3435 2997 ι

2399 3146 2419 3179 ι
2452 3128 2562 3181 Καὶ
2582 3127 2677 3181 ἐὰν
2708 3125 2986 3197 διαϐαίνῃς
3016 3124 3081 3177 δι’
3107 3124 3316 3189 ὓδατος,
3350 3123 3487 3194 μετὰ
3514 3122 3606 3175 σοῦ
3637 3123 3775 3191 ειμι,
3800 3136 3902 3177 και

669 3232 811 3281 sum,
848 3226 903 3270 et
944 3215 1165 3270 ﬂumina
1211 3227 1318 3268 non
1356 3214 1604 3281 operient
1653 3222 1704 3265 te
1734 3228 1750 3266 :
1784 3212 1908 3266 etsi
1941 3212 2223 3267 transieris

2327 3218 2559 3287 ποταμοὶ
2602 3218 2662 3270 οὗ
2712 3214 3071 3284 συγκλύσοῡσί
3120 3230 3179 3267 σε
3204 3230 3218 3244 ·
3272 3214 3369 3266 καὶ
3422 3214 3517 3267 ἐὰν
3559 3212 3772 3286 διέλθῃς
3809 3214 3902 3267 διὰ

661 3322 756 3374 per
784 3306 983 3376 ignem,
1015 3319 1119 3359 non
1154 3303 1508 3367 combureris,
1540 3302 1753 3355 ﬂamma
1796 3316 1899 3355 non
1939 3302 2223 3355 comburet

2328 3310 2516 3379 πυρὸς,
2548 3310 2607 3361 ού
2644 3308 2720 3379 μὴ
2758 3306 3129 3377 κατακαυθῇς,
3164 3304 3294 3373 φλὸξ
3314 3306 3374 3358 οὺ
3422 3306 3757 3361 κατακαύσει
3794 3322 3857 3358 σε

664 3411 748 3464 te;
780 3398 904 3466 quia
952 3412 1049 3466 ego
1086 3397 1343 3451 Dominus
1389 3395 1529 3449 Deus
1587 3403 1709 3448 tuus
1762 3404 1984 3447 sanctus
2033 3393 2219 3455 Israel,

663 3490 878 3544 salvans
904 3498 974 3542 te.
1003 3486 1125 3542 Feci
1154 3486 1629 3542 commutationem
1661 3494 1807 3538 tuam
1832 3481 2145 3553 Egyptum,
2168 3492 2222 3537 et

661 3578 985 3646 lEthiopiam
1011 3588 1067 3630 et
1100 3579 1329 3647 Syenem
1364 3591 1463 3645 pro
1502 3586 1577 3629 te.
1611 3594 1628 3625 ι
1687 3575 1761 3628 lta
1789 3576 1987 3645 quippe
2020 3577 2221 3642 pretiu-

662 3684 755 3723 sus
805 3669 932 3722 milii
981 3668 1149 3733 fuisti,
1215 3675 1363 3719 tanta
1424 3668 1475 3719 in
1529 3677 1821 3735 conspectu
1878 3680 1997 3719 meo
2052 3666 2220 3734 gloria

660 3759 890 3812 donatus
919 3772 999 3823 es,
1021 3768 1076 3811 et
1102 3772 1270 3826 usque
1291 3756 1426 3811 adeo
1455 3756 1614 3811 dilexi
1650 3769 1722 3821 te,
1756 3767 1814 3810 ut
1836 3756 1980 3811 salus
2018 3757 2217 3819 divina.

660 3864 782 3919 qua:
804 3864 901 3917 per
933 3861 983 3901 te
1007 3848 1259 3903 omnibus
1289 3847 1603 3903 hominibus
1630 3859 1780 3916 parta
1812 3858 1930 3911 est,
1960 3861 2128 3915 usque
2152 3848 2219 3901 ad

660 3951 900 3994 extrema
958 3951 1113 3993 terrzn
1171 3924 1502 4008 pertingeret
1541 3957 1553 3990 :
1591 3948 1647 3993 et
1694 3949 1752 3992 ut
1812 3938 1887 3992 illi
1941 3939 2219 3991 hominum

659 4031 1175 4099 superstitimissimi
1236 4031 1475 4101 Egyptii
1510 4045 1603 4099 per
1637 4039 1686 4083 te
1728 4030 2007 4084 vocatione
2032 4028 2221 4098 digna-

660 4133 871 4179 rentur.
909 4123 1011 4176 Per
1041 4122 1323 4194 Aﬁgyptios
1364 4124 1529 4190 igitur
1565 4123 1970 4190 superstitiosos
2001 4132 2056 4177 et
2099 4122 2215 4175 ido-

660 4213 887 4268 lulatras
926 4227 1115 4267 omnes
1174 4214 1475 4283 designavit
1506 4231 1520 4265 :
1552 4228 1643 4281 per
1674 4210 1960 4281 Ethiopas
1993 4223 2048 4266 et
2082 4214 2218 4283 Sye-

658 4319 805 4369 nem,
832 4318 926 4357 eos
955 4305 1046 4373 qni
1072 4313 1314 4358 extrema
1342 4315 1501 4357 terrae
1530 4313 1727 4357 nostra
1748 4304 2075 4359 incolebant.
2108 4304 2217 4359 Nec

663 4393 1017 4458 ignorandum
1056 4402 1142 4448 est
1181 4408 1302 4447 esse
1359 4395 1646 4460 quamdam
1693 4392 2034 4447 Sabaitarnm
2081 4410 2214 4464 gen-

657 4492 785 4545 tem,
840 4483 979 4536 unde
1024 4482 1327 4538 Salomonis
1372 4494 1613 4552 tempore
1666 4484 1850 4553 regina
1903 4485 2046 4539 Saba
2100 4501 2215 4553 pro-

656 4574 797 4628 {ecta
828 4584 932 4629 est.

726 4752 887 4805 Vens.
933 4752 989 4817 4,
1045 4753 1099 4807 5.
1157 4772 1175 4802 ι
1204 4767 1278 4807 ex
1323 4769 1428 4821 quo
1474 4754 1807 4809 honorabilis
1846 4754 2021 4810 factus
2055 4771 2112 4810 es
2162 4757 2212 4809 in

656 4853 941 4908 conspectu
970 4858 1110 4907 meo,
1141 4844 1466 4911 gloriﬁcatus
1508 4859 1587 4909 es,
1617 4854 1673 4898 et
1702 4860 1804 4911 ego
1842 4845 2001 4898 dilexi
2029 4855 2080 4899 lc
2112 4865 2125 4900 ι
2160 4856 2213 4899 et

654 4932 792 4985 dabo
824 4932 1067 4986 homines
1097 4950 1193 5003 pro
1222 4944 1295 4995 te,
1321 4944 1375 4988 ct
1406 4936 1673 5002 principes
1728 4950 1824 5003 pro
1872 4937 2046 5004 capite
2097 4946 2206 4989 tuo.

655 5018 731 5073 Ne
760 5023 969 5081 timeas,
1001 5022 1252 5088 quoniam
1287 5034 1460 5075 tecum
1491 5039 1627 5078 sum.
1662 5025 1739 5077 Ab
1772 5026 1985 5079 oriente
2012 5026 2205 5080 ducam

654 5124 834 5165 semen
898 5122 1066 5176 tuum,
1126 5124 1179 5167 et
1228 5115 1295 5167 ab
1343 5115 1623 5168 occidente
1678 5118 2020 5185 congregabo
2080 5128 2147 5171 ιο.
2186 5138 2205 5169 ι

654 5199 845 5255 Multos
894 5204 1029 5257 ﬁlius
1079 5222 1107 5256 ιι
1163 5221 1247 5259 mc
1293 5206 1587 5258 secundum
1644 5204 1808 5260 Deum
1872 5210 2107 5279 genitos,
2156 5210 2208 5262 in

654 5292 856 5347 calesli
917 5310 1028 5347 men
1074 5298 1291 5348 civitate
1352 5298 1737 5366 mngregabo,
1807 5299 2059 5368 ipsosque
2115 5315 2197 5368 pe.

652 5395 831 5434 acrem
866 5384 1117 5436 sublimes
1148 5401 1329 5453 agam,
1365 5387 1517 5453 quasi
1555 5387 1800 5441 volucres
1831 5389 2025 5448 ventis,
2056 5392 2206 5445 vide-

652 5468 777 5526 licet
814 5475 1069 5541 angelicis
1093 5476 1382 5531 virtutibus
1407 5488 1761 5532 sustentatos.

720 5633 767 5666 ⁷⁸
794 5634 980 5689 Matth.
1015 5654 1198 5698 xxviii,
1228 5640 1321 5691 ‘20.

2323 3396 2406 3449 ὅτι
2434 3396 2543 3465 ἐγὼ
2573 3396 2775 3466 Κύριος
2806 3398 2834 3447 6
2858 3395 2989 3459 Θεός
3016 3411 3111 3448 σου
3142 3398 3171 3449 6
3194 3396 3347 3464 άγιος
3376 3393 3614 3464 Ἰσραὴλ,
3637 3395 3667 3447 6
3701 3392 3901 3458 σώζεις.⁸

2324 3507 2404 3543 σε.
2455 3490 2716 3559 Ἐποίησα
2747 3486 2999 3557 ἄλλαγμά
3039 3487 3442 3555 σουΑῖγυπτον
3482 3486 3575 3539 καὶ
3606 3483 3900 3539 Αἰθιοπίαν

2322 3581 2413 3635 καὶ
2430 3581 2633 3651 Συήνην
2660 3578 2769 3648 ('58)
2797 3578 2935 3649 ὑπὲρ
2960 3578 3073 3631 σοῦ.
3089 3597 3106 3629 ι
3133 3578 3288 3631 Οὕτω
3312 3576 3420 3648 γάρ
3438 3576 3566 3646 παρ’
3588 3575 3710 3645 ἐμοὶ
3731 3575 3897 3643 γέγο-

2319 3687 2415 3733 νας
2438 3670 2637 3740 τίμιος,
2686 3670 2781 3723 καὶ
2817 3669 2988 3733 οὕτως
3034 3667 3273 3722 ἐναντίον
3307 3686 3408 3739 μου
3452 3666 3763 3737 ὲδοξάσθης,
3799 3666 3899 3719 καὶ

2320 3763 2490 3827 οὕτως
2517 3763 2779 3831 ἠγάπησά
2813 3780 2892 3824 σε,
2923 3763 2996 3825 ὡς
3019 3763 3111 3815 καὶ
3146 3762 3305 3833 μέχρι
3337 3761 3445 3815 τῶν
3487 3760 3752 3831 ὲσχατιῶν
3785 3761 3899 3829 γῆς

2322 3852 2524 3922 φθάσαι
2547 3852 2645 3923 τὴν
2665 3851 2752 3904 διὰ
2787 3851 2879 3904 σοῦ
2907 3854 3071 3905 πᾶσιν
3102 3850 3407 3921 ἀνθρώποις
3457 3849 3899 3921 προξενουμένην

2321 3944 2462 3998 κατὰ
2483 3942 2625 3996 Θεὸν
2665 3941 2964 4012 σωτηρίαν·
3020 3943 3114 3994 καὶ
3159 3941 3236 4004 ὡς
3285 3941 3481 4002 αὐτοὺς
3520 3939 3627 3991 τῶν
3670 3939 3898 3993 πάντων

2320 4033 2620 4106 ἀνθρώπων
2645 4032 3234 4101 δεισιδαιμονεστάτους
3276 4030 3603 4098 Αἰγυπτίους
3654 4029 3751 4098 τῆς
3800 4029 3898 4083 διὰ

2323 4122 2415 4176 σοῦ
2449 4123 2689 4192 κλήσεως
2717 4121 3138 4190 καταξιωθῆναι.
3188 4120 3285 4173 Διὰ
3323 4120 3421 4190 μὲν
3459 4114 3551 4172 οὖν
3587 4117 3694 4171 τῶν
3724 4119 3896 4187 Αἰγυ-

2322 4216 2491 4267 πτίων
2538 4216 2743 4276 πάντας
2768 4213 2984 4283 ᾐνίξατο
3014 4213 3141 4275 τοὺς
3182 4212 3577 4281 δεισιδαίμονας
3608 4211 3702 4264 καὶ
3731 4212 3896 4264 εἰδω-

2319 4304 2597 4374 λολάτρας,
2628 4302 2715 4355 διά
2757 4302 2813 4355 δὲ
2843 4302 2940 4372 τῆς
2970 4302 3256 4364 Αἰθιοπίας
3284 4302 3377 4354 καὶ
3415 4302 3603 4370 Σοῖνης
3633 4300 3760 4361 τοὺς
3793 4299 3895 4370 μέ-

2317 4413 2407 4465 χρι
2435 4395 2542 4447 τῶν
2567 4394 2832 4463 ἐσχατιιῖΝ
2864 4394 2961 4462 τῆς
2999 4392 3121 4445 καθ’
3151 4394 3296 4462 ἡμᾶς
3322 4392 3644 4461 οἰκουμένης
3675 4390 3894 4443 οἰκοῦν-

2318 4502 2433 4548 τας.
2480 4484 2692 4545 Ἰστέον,
2729 4486 2803 4547 ὡς
2852 4484 2965 4536 ἔστι
3015 4482 3293 4536 Σαὸαἶτῶν
3346 4482 3513 4544 ἔθνος,
3558 4481 3681 4533 ὃθεν
3730 4480 3893 4550 βασί-

2249 4577 2292 4632 D
2319 4578 2475 4630 λιστα
2508 4577 2654 4630 Σαϐὰ
2708 4577 2967 4647 ἐπεδήμει
3017 4575 3153 4627 κατὰ
3196 4575 3321 4637 τοὺς
3371 4573 3711 4645 Σολομῶντος
3755 4575 3893 4645 χρό-

2320 4686 2459 4730 νους.

2392 4776 2410 4807 ε
2460 4757 2573 4822 Ἀφ’
2600 4752 2659 4810 οὗ
2677 4756 2889 4824 ἔντιμος
2912 4757 3094 4821 ἐγένου
3117 4752 3350 4805 ἐναντίον
3382 4752 3539 4819 ἐμοῦ,
3568 4750 3887 4821 ἐδοξάσθηςν

2318 4849 2407 4900 καὶ
2451 4848 2559 4915 ἐγώ
2594 4865 2649 4899 σε
2702 4847 2983 4915 ἠγάπησα.
3022 4847 3128 4898 Καὶ
3172 4844 3326 4896 δώσω
3370 4842 3688 4911 ἀνθρώπους
3739 4844 3892 4913 ὑπὲρ

2317 4939 2431 5001 σοῦ,
2468 4942 2559 4992 καὶ
2581 4940 2843 5010 ἄρχοντας
2880 4939 3020 5007 ὑπὲρ
3042 4938 3136 5007 τῆς
3163 4935 3396 5005 κεφαλῆς
3422 4952 3535 4987 σου.
3573 4935 3661 5003 Μὴ
3687 4934 3885 5002 φοϐοῦ,

2316 5031 2394 5083 ὅτι
2436 5033 2572 5101 μετὰ
2614 5029 2707 5083 σοῦ
2753 5032 2886 5098 εἰμι.
2938 5031 3051 5081 Ἀπ’
3099 5028 3368 5081 ἀνατολῶν
3411 5026 3524 5090 ἄξω
3563 5024 3623 5078 τὸ
3660 5024 3892 5097 σπέρμα

2316 5138 2429 5184 σου,
2455 5123 2546 5174 καὶ
2573 5122 2682 5174 άπὸ
2710 5121 2925 5189 δυσμῶν
2954 5119 3162 5183 συνάξω
3188 5135 3267 5171 σε.
3307 5135 3327 5170 ι
3353 5115 3527 5170 Πολλὰ
3551 5117 3713 5168 τέκνα
3739 5117 3892 5169 κατὰ

2314 5213 2445 5265 Θεὸν
2468 5215 2731 5281 γεννήσας
2761 5210 2969 5274 συνάξω
2996 5213 3075 5275 εἰς
3097 5210 3193 5280 τὴν
3225 5208 3539 5279 ἐπουράνιον
3576 5225 3676 5276 μου
3703 5207 3885 5270 πόλιν,

2317 5303 2620 5375 μετεώρους
2646 5304 2839 5365 αὐτοὺς
2865 5302 3141 5356 ἀναλαϐὼν
3163 5302 3227 5355 δι’
3244 5303 3403 5371 ἀέρος
3425 5301 3613 5371 ὥσπερ
3642 5301 3886 5369 πτηνοὺς

2312 5394 2531 5464 ἀνέμοις
2552 5394 3067 5462 ύποκουφιζόμενος,
3104 5394 3244 5461 λέγω
3275 5392 3340 5463 δὴ
3371 5392 3682 5459 ἁγγελικαῖς
3728 5390 3868 5447 δυνά,

2314 5503 2486 5554 μεσιν.

723 5795 835 5873 (ἦε)
855 5797 1028 5873 Syene
1050 5799 1175 5873 urbs
1193 5803 1256 5851 ad
1284 5811 1521 5873 extrema
1550 5797 1762 5873 Egypti
1788 5801 1977 5863 posita.
2003 5800 2378 5871 Σ·)ήνη.Σοήνη
2436 5812 2484 5857 et
2537 5804 2691 5873 Σνιῖνη
2728 5802 2923 5857 dicitur
2963 5803 3102 5870 apud
3154 5800 3475 5871 Origenetn,
3520 5802 3881 5858 Atnanasiura

650 5876 702 5919 et
737 5868 892 5932 alios,
925 5870 1059 5922 utin
1090 5868 1367 5923 Athanasii
1402 5870 1547 5924 edito
1581 5868 1902 5922 monuimus.
