4058 6414
171 408 264 464 597
1086 404 1589 463 COMMENTAHIA
1630 402 1697 460 ΙΝ
1739 399 1998 457 lSAIAM.
2040 428 2107 439 —-—
2144 395 2300 454 CAP.
2340 396 2526 451 XLIII.

3326 391 3433 449 398

241 547 258 577 ι
310 524 457 597 Ἐρῶ
498 526 577 597 τῷ
612 526 805 598 βορῥᾷ,
844 527 996 593 Ἄγε,
1046 526 1139 578 καὶ
1188 523 1266 594 τῷ
1303 524 1437 585 λιδὶ,
1472 524 1627 588 Ἀγε,
1672 520 1746 591 μὴ

1927 516 2094 570 Vitas.
2138 515 2191 567 ϐ.
2241 532 2259 564 ι
2290 512 2472 568 Dicam
2506 508 2768 580 aquiloni,
2801 508 2945 577 Age;
2978 516 3029 561 et
3060 514 3269 569 austro,
3300 506 3433 574 Age,

167 617 337 673 κώλυε
359 634 372 646 ·
402 618 503 686 ἆγε
532 619 659 680 τοὺς
698 616 845 678 υἱούς
874 633 976 686 μου
1012 616 1120 670 ἀπὸ
1158 616 1258 686 τῆς
1304 613 1605 684 πόρρωθεν,
1656 609 1747 663 καὶ

166 708 259 771 τάς
293 706 603 778 θυγατέρας
634 724 738 778 μου
774 708 868 761 ἀπ’
898 708 1083 777 ἄκρων
1112 706 1213 776 τῆς
1242 706 1365 775 γῆς.
1395 724 1413 755 ι
1457 702 1599 770 Ἐγὼ
1633 702 1741 771 γὰρ

166 800 279 860 ταῖς
305 798 629 866 άγγελικαίς
665 797 927 869 δυνάμεσι
965 796 1122 851 τοῦτο
1143 798 1316 849 ποιεῖν
1338 793 1643 865 προστάξω,
1667 793 1754 845 διὰ

164 889 221 942 τὸ
250 890 424 959 δμοὺς
457 884 597 942 εἶναι
620 891 773 953 υἱοὺς
812 891 907 943 καὶ
940 888 1249 959 θυγατέρας
1295 888 1435 957 ἐμὰς
1483 885 1551 938 δι’
1601 884 1755 956 ὑμῶν

167 980 478 1051 σπαρέντας
507 983 601 1033 καὶ
628 980 1087 1052 άναγεννηθέντας
1106 981 1163 1033 έν
1184 982 1251 1050 τῇ
1284 980 1390 1049 ἐμῇ
1433 976 1751 1048 Ἐκκλησία.

236 1089 257 1123 ι
292 1071 514 1133 Πάντας
566 1072 681 1124 ὅσοι
735 1070 1120 1140 έπικέκληνται
1164 1068 1242 1139 τῷ
1289 1068 1513 1137 ὀνόματι
1572 1083 1690 1137 μου.
1730 1084 1749 1115 ι

164 1160 339 1215 Πόθεν
372 1162 431 1214 δὲ
460 1160 682 1214 ἄλλοθεν
710 1160 917 1231 ὑπέστη
952 1159 1012 1212 τὸ
1056 1157 1397 1229 Χριστιανῶν
1430 1156 1599 1227 ὄνομα
1625 1157 1658 1226 ἢ
1690 1158 1757 1208 ὲκ

163 1254 260 1324 τῆς
293 1251 392 1305 τοῦ
424 1251 659 1323 Χριστοῦ
689 1249 1094 1322 προσηγορίαςς
1130 1249 1289 1312 αὐτὸς
1313 1248 1371 1301 δὲ
1398 1242 1467 1318 ἦν
1493 1250 1521 1301 6
1542 1245 1631 1300 διὰ
1660 1244 1755 1299 τοῦ

162 1343 451 1413 προφήτου
479 1340 650 1393 ταῦτα
688 1339 979 1404 θεσπίζων.
1030 1358 1047 1389 ι
1090 1339 1177 1392 Ἐν
1206 1339 1313 1409 γὰρ
1359 1340 1426 1409 τῇ
1470 1337 1601 1408 δόξῃ
1654 1353 1755 1406 μου

164 1431 550 1488 κατεσκεύασα
587 1432 771 1495 αὑτὸν,
801 1431 895 1484 καὶ
944 1429 1155 1482 ἐπλασα
1188 1428 1369 1493 αὑτὸν,
1400 1431 1495 1480 καὶ
1527 1428 1756 1499 ἐποίησα

165 1524 349 1587 αὑτὸν,
396 1523 671 1577 ἄπλαστον
718 1522 845 1575 ὄντα
877 1524 991 1585 τοῖς
1018 1522 1259 1591 τρόποις.

241 1633 261 1666 ι
296 1615 411 1667 Καὶ
440 1614 710 1684 ἐξήγαγον
756 1613 883 1667 λαὸν
933 1612 1155 1681 τυφλὸν,
1185 1612 1282 1665 καὶ
1306 1611 1575 1682 ὀφθαλμοί
1617 1611 1755 1663 εἰσιν

164 1705 434 1769 ὡσαύτως
463 1705 676 1774 τυφλοὶ,
718 1704 811 1757 καὶ
862 1704 1036 1773 κωφοὶ
1062 1703 1133 1758 τά
1156 1697 1270 1757 ὦτα
1295 1702 1527 1772 ἔχοντες.
1571 1702 1754 1755 Πάντα

163 1798 230 1849 τά
267 1792 400 1858 ἔθνη
428 1794 771 1865 συνήχθησαν
804 1794 941 1864 ἅμα,
970 1794 1065 1846 καὶ
1096 1793 1516 1865 συναχθήσονται
1556 1794 1753 1864 άρχον-

165 1886 338 1950 τες’ὲξ
360 1885 564 1940 αὐτῶν.
602 1907 621 1938 ι
672 1883 772 1937 Διὰ
803 1886 911 1955 γάρ
940 1885 1050 1937 τῶν
1090 1885 1461 1938 άποστολικῶν
1494 1885 1747 1955 σπερμά-

164 1994 275 2031 των
329 1978 425 2029 xui.
462 1977 563 2046 τῆς
616 1975 967 2038 διδασκαλίας
1014 1975 1196 2028 αὐτῶν
1248 1974 1643 2046 μεταϐαλόντες
1699 1977 1751 2028 οἱ

165 2069 337 2124 πάλαι
358 2064 555 2139 τυφλοὶ
581 2068 676 2121 καὶ
699 2067 895 2136 κωφοὶ,
926 2067 1271 2139 συνήχθησαν
1293 2069 1373 2132 εἰς
1394 2068 1493 2139 τὴν
1528 2066 1755 2138 Ἐκκλη-

168 2159 296 2215 σίαν
324 2158 423 2213 τοῦ
454 2159 591 2214 Θεοῦ
612 2177 624 2190 ο
658 2160 760 2231 ήδη
781 2159 837 2212 δὲ
870 2159 965 2213 καὶ
1008 2160 1269 2230 ἄρχοντες
1315 2158 1375 2223 ἐξ
1407 2158 1586 2212 αὐτῶν
1627 2158 1753 2213 τού-

164 2266 277 2304 των
314 2250 427 2303 τῶν
455 2250 627 2304 ὲθνῶν
661 2252 753 2303 ἐπὶ
781 2250 871 2303 τὸν
902 2249 1029 2303 λαὸν
1058 2248 1151 2302 τοῦ
1187 2248 1321 2302 Θεοῦ
1359 2250 1714 2321 κατέστησαν.

244 2364 266 2395 σ
299 2344 400 2406 Τις
433 2343 725 2411 ἀναγγελεί
766 2343 977 2408 ταῦτα;
1014 2344 1048 2412 ἢ
1082 2342 1147 2395 τά
1179 2341 1239 2406 ἐξ
1271 2341 1447 2412 ἀρχῆς
1476 2342 1561 2405 τίς
1589 2342 1756 2410 ἀναγ-

164 2430 318 2499 γελεῖ
343 2431 507 2500 Cipi»);
554 2430 934 2498 ’Λγαγέτωσαν
965 2431 1094 2494 τοὺς
1123 2430 1405 2502 μάρτυρας
1434 2432 1636 2496 αὐτῶν,
1662 2433 1757 2485 καὶ

165 2519 639 2591 δικαιωθήτωσαν,
686 2521 780 2572 καὶ
835 2520 1247 2585 ἀκουσάτωσαν,
1298 2521 1391 2574 καὶ
1447 2520 1757 2577 εἰπάτωσαν

168 2611 374 2682 ἀληθῆ.
403 2610 632 2663 Γένεσθέ
658 2627 748 2681 μοι
786 2612 1084 2682 μάρτυρες,
1117 2613 1210 2665 καὶ
1234 2612 1347 2680 ἐγὼ
1394 2612 1628 2683 μάρτυς,
1670 2613 1757 2667 λέ-

166 2718 257 2772 7st
288 2700 498 2772 Κύριος
522 2702 551 2751 6
575 2700 729 2763 Θεὸς,
764 2702 857 2755 καὶ
890 2704 918 2754 6
952 2703 1080 2763 παῖς
1107 2718 1234 2771 μου,
1255 2701 1314 2755 6v
1340 2702 1693 2774 ἐξελεξάμην.
1731 2722 1750 2755 ι

180 2793 404 2863 ’ἐπειδὴ
430 2792 584 2860 κάγὼ
611 2794 641 2845 6
674 2791 807 2855 Θεὸς
848 2793 1057 2863 μάρτυς
1103 2793 1282 2847 αὐτῶν
1316 2795 1641 2864 γενήσομαι,
1662 2796 1757 2849 καὶ

163 2883 196 2936 6
226 2884 362 2945 παῖς
398 2899 500 2951 μου
526 2882 584 2934 ὃν
612 2881 942 2952 ἐξελεξάμην
967 2898 981 2911 ο
1016 2882 1145 2954 περὶ
1172 2876 1233 2936 οῦ
1253 2883 1513 2953 ἀνωτέρω
1536 2882 1718 2951 ἔλεγεν
1738 2901 1751 2914 ·

170 2992 193 3027 s
239 2973 375 3026 Ἰδοὺ
404 2974 434 3025 6
456 2974 582 3035 παῖς
606 2990 727 3043 μου,
756 2972 814 3025 ὃν
842 2972 1093 3044 ᾑρέτισα,
1115 2974 1143 3026 6
1164 2973 1417 3037 ἐκλεκτός
1441 2991 1563 3045 μου,
1588 2991 1758 3045 προσ-

166 3062 393 3128 εδέξατο
444 3063 608 3116 αὑτὸν
658 3066 692 3134 ἡ
725 3064 868 3135 ψυχή
900 3082 1023 3135 μου.
1055 3083 1075 3116 ι
1122 3063 1263 3133 Ἐγὼ
1307 3065 1485 3118 τοίνυν
1515 3065 1675 3128 αὐτὸς
1728 3068 1758 3119 6

1856 607 1966 662 noli
1993 606 2299 678 prohibere.
2337 605 2450 673 Age
2478 602 2618 656 ﬁlios
2653 614 2803 654 meos
2838 600 2906 652 de
2934 608 3077 653 terra
3111 607 3340 659 remota,
3379 606 3438 650 et

1857 700 1993 754 tilias
2020 712 2167 753 meas
2196 696 2265 750 ab
2282 694 2541 750 extremis
2567 703 2744 748 terrm.
2784 711 2801 742 ι
2852 690 2963 759 Ego
2987 691 3130 744 enim
3159 689 3436 759 angelicas

1858 794 2089 846 virtutes
2107 790 2219 844 haee
2245 802 2407 859 agere
2436 784 2744 856 pmcipiam
2766 824 2780 848 ,
2814 783 2943 851 quia
2978 781 3069 835 lilii
3100 781 3205 834 mei
3228 789 3283 833 et
3308 778 3434 834 tilia:

1856 898 1990 940 mea:
2042 891 2191 943 sunt,
2222 888 2339 949 iper
2372 894 2466 933 vos
2505 876 2608 931 sati
2640 886 2696 929 et
2746 875 3046 945 regenerati
3094 874 3147 927 in
3192 870 3438 926 Ecclesia

1856 988 1973 1029 mea
1982 1010 1996 1025 .

1933 1063 2094 1119 Vens.
2141 1064 2195 1117 7.
2240 1084 2258 1113 ι
2294 1061 2513 1126 Omnes,
2543 1069 2813 1131 quotquot
2846 1058 3021 1112 vocati
3052 1066 3179 1113 sunt
3212 1054 3436 1111 nomine

1857 1172 1996 1213 meo.
2023 1175 2042 1209 θ
2080 1154 2233 1210 Unde
2258 1154 2609 1209 constitutum
2645 1164 2726 1207 est
2746 1151 3186 1206 Christianorum
3216 1164 3437 1215 nomen,

1860 1249 1960 1303 nisi
2001 1262 2066 1301 ex
2106 1246 2309 1302 Christi
2348 1244 2611 1299 nomine?
2644 1244 2760 1314 Ipse
2805 1252 2987 1297 autem
3026 1251 3169 1309 erat,
3200 1242 3294 1311 qui
3338 1256 3439 1311 per

1856 1342 2176 1411 prophetam
2209 1340 2325 1393 hmc
2353 1337 2777 1391 vaticinabatur.
2812 1353 2830 1387 ι
2856 1335 2911 1389 1η
2940 1335 3114 1403 gloria
3144 1334 3290 1388 enim
3315 1348 3435 1387 mea

1855 1430 1997 1484 edidi
2025 1444 2172 1496 eum,
2226 1437 2279 1482 et
2318 1420 2447 1482 tinxi
2478 1442 2626 1490 eum,
2676 1437 2733 1482 et
2781 1426 2883 1483 ieci
2937 1441 3087 1491 eum,
3124 1445 3142 1478 ι
3211 1425 3435 1481 minime

1857 1522 2036 1575 [ictum
2072 1522 2332 1576 moribus.

1930 1612 2093 1667 Vens.
2147 1611 2201 1679 8,
2243 1612 2297 1667 9.
2348 1631 2366 1663 ι
2391 1610 2456 1667 Ει
2488 1610 2653 1665 eduxi
2678 1610 2930 1680 populum
2954 1624 3184 1677 caecum,
3217 1617 3273 1663 et
3290 1608 3437 1664 oculi

1855 1716 1977 1760 sunt
2009 1706 2215 1774 pariter
2258 1704 2407 1770 caeci,
2442 1714 2495 1757 et
2533 1703 2681 1757 surdi
2733 1717 2893 1757 aures
2945 1702 3168 1757 habent.
3218 1700 3426 1757 Omnes

1855 1803 2040 1866 gentes
2061 1804 2408 1865 congregata:
2433 1803 2559 1849 sunt
2596 1794 2778 1862 simul,
2806 1802 2859 1849 et
2901 1794 3127 1848 coibunt
3160 1795 3439 1864 principes

1782 1865 1824 1921 Β
1852 1865 1916 1942 ex
1940 1887 2071 1942 eis.)
2094 1886 2199 1943 Per
2224 1887 2519 1957 apostolica
2544 1888 2745 1957 quippe
2767 1887 2977 1941 semina
3016 1896 3070 1941 et
3099 1901 3199 1956 per
3228 1887 3438 1941 doctri—

1857 1994 1978 2033 nam
2008 1993 2199 2035 eorum
2249 1979 2481 2043 mutati,
2516 1979 2608 2047 qui
2639 1978 2769 2033 olim
2800 1977 2928 2032 caeci
2970 1989 3033 2031 et
3061 1976 3210 2033 surdi
3260 1987 3437 2041 erant.

1854 2072 2164 2142 congregati
2196 2079 2325 2126 sunt
2361 2071 2415 2124 in
2452 2070 2691 2125 Ecclesia
2724 2070 2816 2125 Dei
2848 2088 2862 2125 :
2889 2068 3119 2140 jamque
3158 2068 3440 2140 principes

1854 2171 1919 2218 ex
1977 2163 2169 2218 iisdem
2232 2163 2492 2234 gentibus
2546 2162 2599 2217 in
2673 2162 2928 2233 p0pulnm
2994 2163 3087 2217 Dei
3148 2142 3436 2219 constituti

1856 2266 2002 2312 sunt.

1930 2348 2089 2403 Vnus.
2132 2347 2285 2403 9-H.
2329 2365 2349 2398 ι
2378 2345 2511 2413 Quis
2542 2346 2884 2401 annuntiabit
2916 2346 3028 2401 htec
3053 2385 3069 2411 ,
3120 2356 3175 2400 et
3223 2360 3344 2415 qua:
3370 2349 3438 2399 ab

1858 2441 2015 2497 initio
2046 2440 2168 2509 quis
2211 2440 2491 2494 enarrabit
2524 2439 2723 2495 vobis?
2749 2440 3034 2493 Adducant
3076 2447 3241 2492 testes
3288 2453 3438 2505 suos,

1856 2532 2313 2604 etjustiiicentur.
2349 2539 2407 2585 et
2435 2531 2659 2605 audiant
2689 2538 2743 2585 et
2773 2530 2958 2584 dicant
2984 2543 3105 2599 qua:
3131 2543 3260 2583 vera
3289 2537 3436 2582 sunt.

1860 2626 2040 2680 Estote
2074 2625 2205 2678 mihi
2246 2635 2410 2678 testes
2438 2663 2453 2686 ,
2511 2633 2564 2677 et
2618 2637 2719 2693 ego
2777 2622 2950 2687 testis,
2994 2621 3128 2675 dicit
3179 2619 3439 2675 Dominus

1859 2716 2033 2777 Deus,
2062 2724 2118 2769 et
2153 2730 2286 2783 puer
2318 2729 2491 2780 mens,
2541 2728 2701 2783 quem
2750 2713 2910 2784 elegi.
2942 2733 2961 2765 ι
3018 2712 3286 2779 Quoniam
3338 2728 3440 2783 ego

1859 2807 1999 2862 Deus
2030 2807 2184 2861 testis
2223 2811 2410 2860 eorum
2446 2820 2542 2861 ero
2564 2846 2579 2869 ,
2608 2814 2663 2860 et
2692 2822 2824 2875 puer
2857 2822 3031 2872 meus,
3067 2822 3228 2877 quem
3264 2805 3438 2878 elegi;

1858 2899 1924 2951 de
1952 2912 2059 2967 quo
2082 2899 2334 2966 superius
2363 2897 2581 2952 dicebat
2608 2937 2622 2961 ,
2672 2915 2690 2947 ι
2720 2897 2859 2953 Ecce
2902 2913 3037 2968 puer
3062 2911 3212 2953 meus
3234 2939 3249 2963 ,
3276 2914 3439 2969 quem

1857 2990 2019 3061 elegi,
2050 2991 2259 3045 electus
2282 3004 2457 3053 meus,
2484 2989 2726 3059 suscepit
2748 3003 2871 3043 eum
2897 2991 3077 3043 anima
3102 3004 3242 3045 mea.
3273 3008 3295 3042 ι
3330 2990 3443 3059 Ego

1859 3082 2041 3151 itaque
2073 3081 2188 3151 ipse
2223 3082 2386 3145 Deus,
2427 3090 2482 3135 et
2508 3080 2598 3135 hic
2630 3096 2767 3148 puer
2802 3080 3012 3136 electus
3058 3096 3244 3149 mens,
3284 3084 3439 3137 testi-

169 3155 333 3219 Θεὸς,
369 3155 464 3207 καὶ
494 3155 524 3206 6
559 3157 686 3217 παῖς
722 3151 875 3219 οὖτος
900 3158 930 3209 6
957 3155 1214 3218 ἐκλεκτός
1261 3173 1385 3227 μου,
1424 3157 1752 3228 μαρτυρήσω

1862 3174 2067 3229 ﬂcabor
2102 3174 2335 3229 testibus
2383 3173 2557 3239 meis,
2611 3171 2758 3242 quod
2808 3172 3063 3226 nimirum
3104 3170 3358 3228 Salvator
3385 3173 3442 3227 in

168 3246 284 3308 τοῖς
310 3246 467 3313 ἐμοῖς
498 3244 731 3314 μάρτυσι
753 3261 766 3273 ·
806 3245 833 3297 6
866 3244 931 3315 δὴ
956 3246 1052 3297 καὶ
1076 3244 1310 3315 ὁΣωτὴρ
1330 3246 1389 3297 ἑν
1404 3244 1756 3314 Εύαγγελίοις

168 3335 369 3405 ἐδήλου
402 3333 577 3402 λέγων
597 3352 611 3364 ·
646 3353 667 3385 ι
696 3337 792 3397 Ὃς
824 3334 919 3387 ἐάν
948 3334 1262 3408 ὁμολογήσῃ
1293 3338 1352 3389 ὲν
1383 3336 1507 3406 ἐμοὶ
1552 3335 1757 3407 ἐμπρο-

168 3425 300 3480 σθεν
340 3426 447 3479 τῶν
472 3424 792 3497 ἀνθρώπων,
820 3426 1138 3496 ὁμολογήσω
1180 3426 1335 3495 κάγὼ
1363 3430 1423 3482 ὲν
1465 3428 1613 3499 αὺτῷ
1656 3428 1755 3499 ἔμ-

170 3516 418 3588 προσθεν
450 3515 545 3569 τοῦ
573 3517 785 3585 Πατρός
825 3533 925 3586 μου
953 3516 1049 3569 τοῦ
1084 3519 1142 3569 ὲν
1178 3520 1291 3581 τοῖς
1332 3520 1600 3590 οὐρανοῖς.
1638 3520 1757 3573 Ἵνα

167 3606 349 3675 γνῶτε
398 3607 492 3659 καὶ
540 3606 889 3677 πιστεύσητε,
943 3608 1038 3660 καὶ
1079 3608 1297 3678 συνῆτε,
1345 3610 1428 3661 ὅτι
1463 3609 1590 3677 ἐγώ
1619 3611 1753 3679 ειμι.

236 3719 257 3751 ι
299 3698 650 3769 Ἐμπροσοέν
682 3716 783 3769 μου
814 3700 913 3751 οὐκ
928 3700 1144 3767 ἐγένετο
1162 3700 1321 3764 ἄλλος
1349 3701 1499 3765 Θεὸς,
1526 3702 1618 3754 καὶ
1638 3703 1755 3773 μετ’

170 3790 275 3861 lla
302 3790 403 3841 οὐκ
436 3789 568 3841 ἐστι.
592 3808 611 3840 ι
646 3789 719 3841 Τὸ
748 3790 857 3861 γὰρ
878 3791 1048 3843 αῐτιον
1075 3791 1175 3862 τῆς
1198 3792 1293 3844 τοῦ
1323 3792 1559 3863 Χριστοῦ
1602 3810 1755 3864 παρ-

167 3881 362 3941 ουσίας
390 3881 486 3931 καὶ
518 3881 617 3951 τῆς
649 3880 759 3932 τῶν
808 3882 1126 3935 ἀποστόλων
1161 3882 1327 3935 αὑτοῦ
1357 3886 1437 3947 εἰς
1486 3884 1664 3938 πάντα
1686 3884 1758 3938 τά

171 3970 305 4041 ιθνη
352 3971 653 4042 μαρτυρίας
681 3971 831 4024 οὐδὲν
868 3973 1053 4043 ἕτερον
1094 3968 1185 4044 ἦν,
1216 3975 1249 4045 ἢ
1286 3975 1347 4026 τὸ
1384 3975 1615 4046 κηρῦξαι
1656 3976 1756 4047 τὴν

172 4060 272 4114 τοῦ
302 4060 440 4114 Θεοῦ
463 4062 683 4129 γνῶσιν,
716 4064 808 4115 καὶ⁵
846 4063 944 4134 τὴν
979 4066 1059 4128 εἰς
1102 4055 1263 4121 αὑτὸῦ
1296 4068 1499 4131 πίστιν,
1535 4069 1629 4120 καὶ
1656 4068 1756 4139 τὴν

173 4156 309 4225 περὶ
339 4153 505 4206 αὑτοῦ
539 4154 752 4208 σύνεσιν
801 4158 912 4218 τοῖς
946 4158 1073 4227 πρὶν
1120 4159 1417 4222 άσυνέτοις,
1450 4160 1545 4212 καὶ
1590 4161 1752 4212 ἀσυν-

172 4244 373 4308 θέτοις,
405 4244 499 4296 καὶ
538 4245 807 4309 ἀπίστοις,
850 4248 943 4299 καὶ
980 4249 1038 4299 ὲν
1070 4248 1313 4319 ἀγνωσία
1352 4244 1501 4303 οὖσιν
1547 4250 1711 4303 αὑτοῦ
1739 4268 1751 4280 '

169 4336 249 4399 ὡς
274 4335 364 4388 διὰ
416 4335 574 4389 τοῦτο
604 4338 934 4405 τυφλώττειν
963 4341 1089 4401 τοὺς
1126 4340 1228 4409 τῆς
1277 4341 1513 4404 διανοίας
1559 4342 1756 4410 ὀφθαλ-

174 4427 334 4496 μοὺς,
370 4427 465 4478 καὶ
488 4429 614 4497 περί
637 4428 736 4499 τὴν
760 4429 967 4501 πλάνην
992 4430 1091 4501 τῆς
1127 4430 1287 4484 ἀθέου
1313 4432 1755 4502 εἰδωλολατρείας

1860 3266 2168 3336 Evangeliis
2193 3264 2511 3320 declarabat
2534 3264 2621 3318 bis
2662 3264 2865 3329 verbis,
2905 3280 2924 3313 ι
2955 3260 3275 3333 Quicunque
3305 3276 3443 3317 con-

1861 3358 2099 3415 iitebltur
2145 3372 2230 3411 me
2272 3371 2455 3411 coram
2507 3354 2843 3418 hominibus,
2889 3353 3194 3407 conﬁtebor
3240 3363 3295 3408 et
3343 3366 3447 3423 ego

1859 3466 1981 3506 eum
2012 3466 2194 3506 coram
2226 3449 2390 3505 Patre
2418 3462 2562 3511 meo,
2594 3447 2684 3515 qui
2718 3448 2771 3500 in
2806 3433 2962 3498 ccelis
2989 3452 3073 3497 est
3100 3442 3169 3495 ".
3200 3460 3218 3493 ι
3239 3460 3347 3494 -ι
3373 3441 3445 3497 Ut

1859 3544 2221 3615 cognoscatis,
2236 3552 2289 3597 et
2306 3541 2542 3597 credatis
2568 3548 2622 3593 et
2654 3535 2983 3605 intelligatis,
3008 3534 3131 3603 quia
3152 3548 3251 3602 ego
3264 3549 3439 3588 sum.»

1931 3635 2097 3689 Vens.
2142 3635 2229 3687 l2.
2278 3652 2297 3683 ι
2327 3634 2466 3687 Ante
2492 3646 2576 3684 me
2616 3643 2722 3683 non
2761 3627 2863 3682 fuit
2894 3628 3033 3681 Deus
3057 3625 3217 3690 alios,
3243 3634 3299 3680 et
3324 3634 3446 3693 post

1860 3744 1945 3783 me
1980 3742 2087 3783 non
2111 3727 2235 3781 erit.
2268 3745 2288 3778 ι
2317 3723 2452 3778 Nam
2478 3722 2681 3778 Christi
2708 3722 2978 3775 adventus
3003 3756 3019 3782 ,
3058 3726 3114 3770 et
3145 3716 3444 3771 testimonii

1862 3834 1958 3889 per
1988 3818 2267 3887 apostolos
2313 3817 2433 3887 ejus
2470 3828 2564 3884 per
2612 3827 2803 3867 omnes
2837 3821 3025 3882 gentes
3071 3808 3301 3863 exhibiti
3334 3822 3441 3861 non

1860 3920 2081 3981 propter
2109 3909 2255 3964 aliud
2286 3916 2426 3968 erat,
2459 3922 2620 3975 quant
2654 3914 2713 3957 ut
2745 3902 3107 3972 praedicarent
3142 3900 3233 3955 Dei
3260 3901 3444 3970 cogni-

1862 4004 2090 4065 tionem,
2134 3999 2291 4053 ﬁdem
2324 3998 2378 4052 in
2413 4013 2558 4062 eum,
2590 4006 2645 4051 et
2688 3995 3103 4069 intelligentiam
3169 3992 3310 4061 ejus,
3354 3993 3440 4052 iis.

1858 4098 1948 4164 qui
1980 4095 2129 4164 prius
2162 4093 2508 4161 insipientes,
2540 4089 2830 4143 inordinati
2859 4128 2874 4152 ,
2922 4096 2977 4140 et
3007 4085 3251 4139 inﬁdeles
3283 4096 3441 4137 erant

1858 4188 2124 4259 atquein
2203 4183 2511 4256 ignorantia
2584 4180 2707 4250 ejus
2768 4179 3171 4239 versabantur;
3243 4177 3316 4227 ita
3383 4186 3443 4228 ιιι

1859 4287 2146 4349 propterea
2196 4275 2393 4329 mentis
2440 4273 2615 4328 oculis
2654 4272 2990 4332 cmctttirent,
3041 4278 3095 4321 et
3139 4270 3193 4321 in
3253 4280 3443 4320 errore

1860 4370 2035 4437 impiae
2060 4365 2376 4421 idololatria:
2405 4365 2796 4418 volutarentur.
2830 4381 2850 4414 ι
2882 4360 2996 4432 Ego
3027 4359 3187 4422 Deus,
3237 4369 3294 4412 et
3333 4373 3440 4411 non

1859 4472 1943 4512 εει
1989 4465 2185 4527 praeter
2242 4470 2328 4509 me
2379 4454 2651 4509 Salvator.
2701 4470 2719 4502 ι
2786 4450 2919 4503 Nam
2973 4464 3094 4503 cum
3164 4462 3329 4501 unum
3370 4449 3440 4499 sit

170 4516 451 4570 τελεῖσθαι.
494 4535 514 4568 ι
558 4519 698 4587 Ἐγὼ
726 4521 931 4585 ὁΘέὸς,
980 4526 1072 4575 καὶ
1098 4523 1197 4575 ούκ
1242 4523 1353 4575 ἐστι
1397 4523 1571 4593 παρὲξ
1617 4524 1751 4594 ἐμοῦ

1859 4516 2211 4619 principium.
2278 4562 2381 4600 una
2441 4544 2605 4601 fuerit
2646 4554 2700 4597 et
2736 4543 2947 4607 deitas,
3010 4553 3243 4609 quacum
3287 4552 3412 4591 assu

172 4606 384 4670 σώζων.
411 4627 431 4657 ι
452 4607 597 4670 Μιᾶς
612 4610 718 4682 γάρ
744 4609 910 4680 οὔσης
936 4612 1127 4683 ἀρχῆς,
1150 4612 1246 4681 μία
1277 4614 1359 4683 εἴη
1395 4614 1460 4666 ἂν
1484 4616 1517 4683 ἡ
1540 4614 1747 4684 θεότης,

172 4690 211 4771 ᾗ
235 4699 831 4769 συμπαραλαμϐάνεται
874 4703 962 4754 καὶ
995 4705 1027 4771 ή
1062 4702 1156 4754 τοῦ
1202 4704 1536 4771 Μονογενοῦς
1584 4703 1749 4757 αὐτοῦ

174 4787 424 4858 θεολογια

250 5004 271 5036 ι
318 4987 459 5054 Ἐγὼ
505 4989 802 5059 άνήγγειλα
850 4990 943 5041 καὶ
975 4990 1182 5044 ἐσωσα’
1224 4992 1495 5055 ὼνείδισα,
1530 4994 1623 5045 καὶ
1657 4992 1760 5046 οὐκ

170 5070 243 5145 ἦν
288 5080 347 5129 έν
402 5078 529 5145 ὑμῖν
565 5079 861 5150 ἀλλότριος.
922 5082 1110 5150 Ὑμεῖς
1155 5083 1276 5152 ἐμοὶ
1319 5085 1612 5154 μάρτυρες,
1666 5085 1759 5136 καὶ

176 5168 289 5235 έγὼ
314 5170 515 5239 Κύριος
542 5172 571 5223 6
597 5172 831 5233 Θεὸς”ἐτι
855 5175 950 5226 απ’
975 5174 1179 5245 ἀρχῆς
1213 5175 1304 5227 καὶ
1330 5176 1430 5228 οὐκ
1456 5176 1602 5227 ἔστιν
1627 5179 1655 5227 6
1686 5180 1748 5229 ἐκ

178 5259 377 5330 χειρῶν
414 5279 515 5330 μου
548 5261 953 5332 ἐξαιρούμενος.
983 5264 1223 5334 Ποιήσω,
1254 5266 1345 5317 καὶ
1365 5267 1447 5329 τίς
1482 5267 1750 5336 ἀποστρέ-

177 5351 269 5421 ψει
321 5351 485 5414 αὐτό;
518 5369 535 5400 ι
576 5352 663 5413 '0;
715 5353 823 5423 γὰρ
865 5354 1072 5424 μάρτυς
1116 5353 1278 5415 αὐτὸς
1321 5352 1553 5421 ἐλέγετο,
1600 5356 1694 5406 καὶ⁵
1724 5356 1753 5406 6

178 5443 308 5503 παῖς
339 5441 398 5493 ὃν
430 5440 709 5507 ἐξελέξατο
728 5459 740 5471 ο
770 5443 912 5496 οὕτω
938 5444 1032 5496 καὶ
1064 5444 1197 5506 Θεος
1229 5441 1416 5508 σώζων
1447 5447 1532 5516 εἴη
1553 5446 1620 5499 ἂν
1652 5446 1751 5499 αύ-

176 5530 285 5594 τός.
338 5531 461 5584 Ἐάν
483 5532 543 5585 δὲ
572 5532 724 5603 λέγῃ,
759 5552 779 5585 ι
815 5535 924 5590 Καὶ
963 5536 1063 5589 οὐκ
1112 5534 1227 5589 ἐστι
1280 5536 1452 5607 παρὲξ
1481 5536 1614 5607 ἐμοῦ
1650 5535 1755 5590 σὼ-

178 5770 224 5801 "
254 5768 441 5828 Matth.
482 5790 537 5840 ι,
562 5774 650 5829 32.

1858 4645 2035 4696 mitur-
2073 4640 2347 4713 Unigeniti
2406 4639 2523 4709 ejus
2564 4635 2852 4701 theOIOgia.

1945 4996 2091 5037 cess.
2140 5000 2223 5032 la.
2289 4996 2306 5028 ι
2338 4982 2450 5045 Ego
2479 4982 2803 5027 annunttavt
2847 4981 2901 5023 et
2951 4969 3155 5024 salvavi
3192 4985 3205 5017 :
3237 4980 3438 5035 espro-

1859 5075 2032 5136 bravi,
2061 5080 2116 5126 et
2141 5085 2246 5124 non
2272 5070 2469 5123 eratin
2500 5066 2654 5121 vobis
2677 5063 2906 5118 alienus.
2949 5059 3056 5113 Vos
3087 5058 3216 5114 mihi
3250 5070 3437 5121 testes,

1856 5176 1910 5221 et
1947 5181 2047 5236 ego
2076 5163 2338 5219 Dominus
2376 5162 2516 5215 Deus
2557 5159 2721 5212 etiam
2768 5157 2835 5209 ab
2876 5153 3034 5207 initio
3066 5169 3078 5203 :
3108 5160 3162 5205 et
3207 5166 3315 5205 non
3358 5159 3442 5204 est

1858 5260 1949 5330 qui
1976 5262 2043 5312 de
2074 5256 2322 5311 manibus
2365 5254 2500 5307 meis
2526 5259 2709 5306 eruat.
2736 5246 2979 5309 Faciam,
3010 5253 3063 5299 et
3086 5243 3208 5312 quis
3234 5250 3441 5295 avertet

1859 5350 2057 5405 illud?»
2086 5347 2299 5402 Etenim
2341 5355 2393 5399 ut
2447 5344 2603 5398 testis
2648 5343 2951 5402 dicebatur,
3002 5347 3055 5390 et
3088 5350 3223 5406 puer
3274 5348 3433 5402 quem

1858 5443 2132 5511 elegerat;
2165 5442 2235 5494 ita
2285 5448 2339 5492 et
2383 5440 2496 5506 ipse
2519 5450 2735 5505 quoque
2770 5432 2920 5487 Deus
2954 5430 3202 5485 Salvator
3252 5425 3436 5478 fuerit.

1856 5533 2009 5599 Quod
2053 5532 2099 5587 si
2135 5531 2299 5592 dicat,
2338 5547 2356 5581 ι
2396 5527 2462 5584 Et
2505 5542 2612 5583 non
2651 5535 2736 5581 est
2763 5533 2957 5593 printer
2991 5536 3075 5575 me
3114 5517 3384 5579 Salvator,
3412 5531 3436 5567 ι
