4058 6484
746 461 853 517 599
1481 466 1747 524 EUSEBH
1786 462 2259 529 CASSARIENSIS
2297 474 2444 533 OPP.
2490 478 2668 535 PARS
2702 479 2786 535 ΙΙΙ.
2826 511 2893 521 -
2932 480 3337 541 EXEGETICA.
3868 491 3966 545 600

743 592 849 631 non
880 586 1053 629 tamen
1084 585 1246 647 negat
1272 593 1521 648 puerum,
1550 597 1706 649 quem
1740 582 1916 651 elegit,
1948 584 2285 641 Salvatorem
2325 595 2345 650 Α

2362 630 2368 650 ι
2400 591 2528 657 ζων,
2570 615 2586 647 t
2629 599 2728 650 οὐκ
2758 600 3117 672 ἀπαγορεύων
3142 603 3231 656 τὸν
3255 604 3482 677 Σωτῆρα
3508 600 3645 659 εἶναι
3670 608 3765 660 τὸν
3794 612 3964 667 παῖδα

738 682 857 725 esse
888 684 900 719 :
933 668 1104 735 ipsum
1156 670 1300 723 enim
1352 669 1687 726 Salvatorem
1740 675 1988 743 agnoscit
2031 676 2118 731 hic
2168 693 2293 746 pro-

2398 680 2457 743 δν
2484 681 2781 749 ἐξελέξατο,
2813 668 2957 742 τοῦθ
2985 689 3052 742 ἂν
3088 692 3260 744 εἴποι*
3288 668 3549 762 οἶδε-’γοῦν
3579 696 3741 750 αὐτὸν
3788 699 3965 770 Σωτῆ-

733 762 909 829 pheta,
942 775 1063 813 cum
1095 762 1171 814 ait
1200 778 1213 814 :
1245 780 1263 811 ι
1297 761 1361 815 Ει
1392 763 1570 817 mittet
1598 763 1703 818 illis
1743 765 1999 821 Dominus
2043 768 2289 825 Salvato-

2400 787 2469 840 ρα
2490 773 2519 823 6
2550 774 2739 845 παρὼν
2768 779 3053 849 προφήτης
3086 780 3144 832 ἐν
3169 778 3251 845 οἷς
3273 761 3440 853 φησιέ
3474 803 3491 835 ι
3525 786 3633 838 Καὶ
3674 761 3967 844 ἀποστελέί

730 867 843 905 rem
908 851 999 920 qtti
1047 852 1280 908 salvabit
1319 868 1432 908 eos.
1459 870 1477 904 ι
1534 852 1638 907 Pro
1681 854 1769 907 illo
1808 866 2007 921 autem,
2056 878 2075 910 ι
2104 875 2296 927 expro-

2397 860 2578 925 αὐτοῖς
2612 864 2815 935 Κύριος
2855 869 3100 941 Σωτῆρα,
3138 872 3198 935 δς
3223 851 3384 927 σώσει
3428 876 3645 941 αὐτούς.
3678 897 3697 929 ι
3736 880 3879 932 ’Δντὶ
3908 881 3965 934 δὲ

723 943 899 1009 hravi,
932 963 950 996 ι
983 944 1172 1015 reliqui
1205 959 1395 1001 omnes
1419 946 1767 1016 interpretes,
1798 966 1817 997 ι
1840 950 2097 1005 etaudire
2122 952 2274 1016 feci,»

2382 948 2496 1011 τοῦ,
2526 969 2544 1000 ι
2580 952 2851 1019 ὠνείδισα,
2894 976 2911 1007 ι
2946 959 2994 1010 οί
3019 958 3193 1013 λοιποὶ
3227 961 3560 1033 ἐρμηνευταὶ
3588 967 3805 1033 πάντες,
3839 973 3964 1024 «καὶ

722 1035 994 1091 dixerunt.

2378 1036 2659 1106 ηκούτισα,
2704 1060 2722 1093 ι
2760 1044 3028 1115 είρήκασι.

791 1124 955 1180 Vsus.
1016 1126 1195 1180 ll-l'l.
1256 1125 1385 1182 «Sic
1441 1129 1571 1184 dicit
1625 1131 1881 1189 Dominus
1948 1132 2128 1194 Deus.
2186 1136 2278 1204 qui

2454 1146 2472 1177 ι
2497 1130 2681 1195 Οὕτως
2705 1132 2851 1201 λέγει
2876 1136 3081 1208 Κύριος
3114 1139 3143 1191 6
3182 1139 3333 1206 Θεὸς,
3355 1143 3384 1194 6
3410 1141 3767 1215 λυτρούμενθς
3795 1148 3960 1219 ὑμᾶς.

719 1215 932 1270 redimit
966 1232 1077 1281 vos,
1106 1216 1334 1273 Sanctus
1361 1218 1525 1276 Israel
1547 1237 1563 1274 :
1589 1222 1815 1293 Propter
1856 1241 1949 1281 vos
1978 1227 2183 1281 mittam
2214 1230 2267 1283 in

2385 1223 2413 1272 6
2444 1222 2636 1290 Ἀγιος
2664 1224 2758 1277 τοῦ
2794 1227 3010 1298 Ἰσραήλ
3032 1246 3046 1259 ⁸
3102 1231 3323 1284 Ἕνεκεν
3368 1233 3520 1304 ὑμῶν
3556 1215 3844 1291 ἀποστελῶ
3881 1242 3962 1303 είς

714 1304 1039 1378 Babylonem
1067 1326 1080 1362 :
1113 1318 1167 1366 et
1191 1312 1466 1367 suscitabo
1488 1312 1757 1384 fugientes
1785 1332 1996 1383 omnes,
2032 1329 2086 1374 et
2113 1320 2276 1375 Chal-

2376 1310 2690 1377 Βαϐυλῶνα,
2725 1315 2818 1368 καὶ
2847 1317 3096 1387 ἐπεγερῶ
3114 1318 3412 1388 φεύγοντας
3436 1323 3663 1391 πάντας,
3693 1328 3788 1380 καὶ
3817 1330 3961 1383 Χαλ-

712 1397 813 1453 dei
865 1400 917 1454 in
973 1401 1199 1458 navibus
1263 1404 1580 1461 vincientur.
1641 1406 1755 1476 Ego
1816 1408 2076 1463 Dominus
2132 1411 2273 1466 Deus

2373 1402 2507 1457 δαϊοι
2541 1406 2599 1459 ἐν
2650 1406 2855 1471 πλοίοις
2899 1408 3230 1481 δεθήσονται.
3270 1413 3410 1482 Ἐγὼ
3442 1416 3646 1487 Κύριος
3701 1420 3731 1471 6
3767 1419 3903 1485 Θεὸς
3934 1425 3960 1475 6

710 1500 933 1546 sanctus
961 1504 1161 1559 vester,
1195 1494 1284 1562 qui
1305 1495 1536 1549 -ostendi
1564 1496 1729 1552 Israel
1780 1515 1957 1570 regem
2008 1512 2267 1557 vestrum.

2373 1492 2526 1560 ἅγιος
2550 1495 2721 1565 ὑμῶν,
2744 1498 2773 1549 6
2805 1499 3122 1565 καταδείξας
3142 1502 3356 1575 Ἰσραὴλ
3391 1505 3614 1574 βασιλέα
3642 1508 3819 1579 ὑμῶν.
3851 1512 3959 1565 Οὖ-

710 1581 803 1636 Sic
828 1584 960 1638 dicit
992 1585 1263 1649 Dominus,
1293 1587 1383 1655 qui
1417 1590 1509 1641 dat
1531 1591 1585 1642 in
1615 1592 1749 1644 mari
1781 1594 1943 1659 viam,
1975 1596 2098 1648 etin
2131 1610 2265 1665 aqua

2370 1600 2476 1648 τως
2508 1585 2654 1654 λέγει
2682 1589 2882 1660 Κύριος
2912 1592 2940 1643 6
2993 1591 3169 1657 διδοὺς
3203 1597 3262 1647 ἐν
3295 1594 3538 1669 θαλάσσῃ
3569 1600 3709 1664 ὁδὸν,
3765 1602 3860 1655 καὶ
3900 1595 3960 1658 ἔν

707 1674 1011 1731 vehementi
1056 1678 1341 1733 semitam:
1369 1679 1461 1748 qui
1513 1681 1700 1735 eduxit
1740 1699 1933 1739 currus
1970 1695 2026 1759 ῳ
2054 1687 2265 1755 οτιυίιοο

2371 1673 2520 1728 ὕδατι
2538 1679 2741 1751 ἰσχυρῷ
2759 1682 2961 1752 τρίϐον,
2975 1686 3002 1736 6
3021 1685 3301 1754 ἐξαγαγὼν
3318 1688 3537 1759 ἅρματα
3553 1692 3645 1745 καὶ
3666 1693 3834 1747 ἵππον
3862 1698 3956 1751 καὶ

707 1774 841 1831 tum,
875 1776 929 1820 et
976 1766 1369 1831 multitudinem
1427 1772 1699 1827 robustam
1732 1776 1861 1829 :sed
1897 1777 2261 1846 dormierunt,

2367 1766 2523 1837 ὄχλον
2575 1772 2818 1843 ἰσχυρόν·
2858 1774 2972 1828 ἀλλ’
3023 1778 3416 1851 ἐκοιμήθησαν,
3467 1783 3561 1836 καὶ
3595 1784 3695 1838 οὐκ
3721 1786 3958 1858 ἀναστή-

704 1867 758 1910 et
802 1872 907 1912 non
952 1868 1265 1929 resurgent;
1313 1863 1569 1918 exstincti
1601 1874 1728 1919 sunt
1759 1875 1815 1920 ut
1846 1867 2011 1921 lintttn
2063 1869 2265 1923 exstin-

2371 1875 2576 1923 σονται,
2629 1863 2963 1935 ἐσϐέσθησαν
2987 1866 3059 1930 ὼς
3094 1868 3238 1922 λίνον
3291 1870 3637 1943 ἐσϐεσμένον.
3670 1894 3688 1926 ι
3742 1875 3801 1929 ὐ
3828 1878 3954 1942 νοῦς,

702 1958 867 2039 ctum.
891 1968 910 2003 ι
942 1949 1142 2006 Horum
1175 1967 1363 2009 sensus
1409 1955 1498 2010 hic
1532 1968 1617 2011 est
1662 1975 1676 2011 :
1710 1957 1846 2014 Olim
1898 1960 2116 2029 quidem
2167 1957 2258 2013 Ju-

2363 1948 2473 2003 τῶν
2501 1954 2875 2023 προκειμένων
2901 1957 3138 2021 τοιοῦτός
3158 1961 3278 2029 ἐστι
3302 1977 3315 1990 ·
3348 1961 3523 2015 Πάλαι
3551 1964 3653 2033 μὲν
3678 1966 3780 2030 τὰς
3810 1968 3956 2039 ἐμὰς

703 2036 862 2097 daico
907 2042 1100 2112 populo
1135 2043 1395 2099 beneficia
1438 2046 1638 2101 contuli
1670 2062 1773 2102 :ac
1820 2064 1978 2113 cum,
2014 2058 2076 2103 ut
2115 2049 2261 2117 ipsos

2362 2042 2682 2111 εὐεργεσίας
2730 2049 2986 2117 παρεῖχον
3030 2048 3109 2117 τῷ
3162 2049 3430 2105 Ἰουδαίων
3464 2053 3606 2108 ἔθνει
3630 2072 3644 2086 ·
3677 2036 3954 2113 παιδεύων

698 2133 1018 2202 castigarem
1053 2143 1107 2189 et
1136 2135 1202 2190 ad
1230 2135 1421 2190 bonam
1448 2150 1681 2193 mentem
1711 2140 2046 2207 reducerem,
2081 2140 2254 2210 Baby-
2290 2188 2300 2217 ι

2366 2133 2464 2203 μὲν
2492 2133 2687 2198 αὐτοὺς
2716 2138 2809 2188 καὶ
2842 2139 3205 2206 σωρρονίξων,
3241 2142 3598 2207 Βαϐυλωνίοις
3628 2148 3951 2217 παρέδωκα,

697 2222 859 2279 Ioniis
890 2226 1250 2291 tradidissem,
1280 2242 1387 2282 non
1416 2228 1507 2283 diu
1532 2240 1716 2299 postea
1748 2247 1842 2286 eos
1873 2246 1902 2285 a
1932 2230 2253 2300 Babylonica
2291 2222 2299 2242 ¹

2358 2224 2457 2277 οὐκ
2489 2225 2567 2287 είς
2600 2226 2808 2297 μακρὸν
2848 2228 3163 2300 ἐλευθέρους
3192 2232 3370 2301 ἀνῆκα
3408 2235 3508 2305 τῆς
3537 2237 3617 2299 εἰς
3647 2237 3954 2295 Βαϐυλῶνα

698 2316 1011 2385 captivitate
1034 2316 1233 2373 liberos
1264 2319 1468 2383 dimisi,
1513 2330 1699 2392 utpote
1736 2321 1878 2378 Deus
1911 2333 1963 2377 et
1998 2322 2255 2379 Dominus

2358 2314 2753 2385 αἰχμαλωσίας,
2785 2318 2879 2371 ἆτε
2910 2317 3041 2381 Θεὸς
3062 2319 3137 2373 ὣν
3164 2322 3255 2375 καὶ⁵
3283 2323 3485 2395 Κύριος
3516 2324 3625 2376 τῶν
3648 2326 3808 2380 ὅλων.
3840 2330 3955 2383 Αὑ-

695 2408 1359 2479 universorum.lpsosque
1386 2409 1724 2483 Babylonios,
1746 2414 1835 2483 qui
1858 2422 2042 2469 contra
2068 2411 2253 2468 Hiero-

2356 2400 2481 2463 τούς
2505 2417 2563 2453 τε
2593 2400 2965 2468 Βαϐυλωνίους
2987 2406 3113 2470 τοὺς
3142 2409 3466 2475 ἐπιστάντας
3490 2416 3557 2483 τῇ
3590 2413 3950 2489 Ἰερουσαλὴμ

693 2498 960 2570 solymam
992 2502 1317 2573 irruperant,
1362 2513 1605 2560 extorres
1635 2504 1766 2568 feci;
1803 2506 1872 2559 ita
1900 2517 1959 2559 ut
1996 2505 2248 2567 Chaldaei.

2356 2490 2689 2556 ἀναστάτους
2724 2495 2980 2566 ἐποίησα,
3015 2497 3091 2559 ὡς
3140 2501 3233 2552 καὶ
3268 2504 3411 2572 φυγῇ
3457 2504 3769 2573 χρήσασθαι
3817 2508 3953 2571 τοὺς

693 2592 784 2661 qui
829 2607 992 2662 penes
1020 2608 1119 2648 eos
1151 2604 1347 2657 erant,
1400 2596 1453 2649 in
1508 2595 1685 2665 fugam
1734 2611 1793 2650 se
1846 2606 2139 2662 verterent,
2188 2612 2252 2651 ac

2355 2587 2486 2656 παρ’
2517 2586 2698 2648 αὐτοῖς
2724 2588 3046 2653 Χαλδαίους.
3093 2589 3347 2661 δεσμίους
3367 2610 3425 2647 τε
3454 2595 3771 2665 ἀπαχθῆναί
3792 2615 3950 2662 τινας

692 2684 908 2753 quidam
942 2700 1127 2739 eorum
1156 2687 1318 2741 vincti
1350 2687 1416 2740 ab
1434 2686 1554 2739 aliis
1583 2701 1641 2739 se
1668 2685 1981 2742 fortioribus
2011 2687 2062 2741 in
2085 2701 2250 2740 naves

2354 2674 2554 2738 αὐτῶν,
2583 2678 2787 2742 πλοίοις
2806 2679 3175 2751 ἐμϐληθέντας
3194 2682 3253 2737 ἐν
3281 2686 3347 2755 τῇ
3380 2686 3511 2757 παρ’
3531 2688 3718 2751 αὐτοῖς
3746 2688 3928 2744 θαλάσ

688 2775 1086 2845 conficerentur
1130 2778 1180 2832 in
1208 2778 1342 2832 mari
1371 2778 1469 2833 sibi
1512 2776 1814 2846 adjacente.
1862 2775 1988 2832 Haec
2016 2791 2116 2847 ego
2144 2777 2246 2832 feci

2354 2783 2444 2841 σῃ,
2471 2770 2558 2838 ὑφ⁸
2589 2770 2789 2841 ἐτέρων
2836 2771 3000 2824 τινῶν
3040 2771 3267 2843 δυνάμει
3298 2777 3705 2848 κραταιοτέρων
3730 2781 3942 2837 αὐτῶν.

689 2865 854 2935 Deos,
877 2878 935 2922 ut
965 2883 1185 2938 regnum
1218 2884 1390 2923 meum
1427 2869 1731 2924 hominibus
1776 2872 2136 2924 ostenderem.

2352 2862 2536 2916 Ταῦτα
2581 2862 2689 2934 γὰρ
2721 2862 2831 2932 ἐγὼ
2861 2864 3239 2935 διεπραξάμην
3288 2866 3317 2917 6
3370 2865 3520 2931 Θεὸς,
3575 2867 3791 2933 δεικνὺς
3837 2869 3948 2943 τὴν

2350 2954 2490 3025 ἐμὴν
2514 2954 2790 3024 βασιλείαν
2814 2955 3139 3027 ἀνθρώποις.

756 3041 918 3098 Vsus.
974 3043 1063 3109 18,
1128 3043 1214 3100 l9.
1286 3043 1409 3101 «Ne
1460 3046 1813 3102 memineritis
1856 3047 2095 3115 priorum
2126 3085 2142 3109 ,
2188 3058 2243 3102 et

2424 3044 2553 3115 «Μὴ
2585 3046 2950 3116 μνημονεύετε
2998 3046 3066 3100 τά
3094 3048 3306 3118 πρῶτα,
3355 3049 3451 3102 καὶ
3494 3049 3561 3103 τὰ
3599 3051 3806 3121 ἀρχαῖα
3857 3052 3942 3124 μὴ

686 3143 866 3190 vetera
901 3150 969 3188 ne
1013 3135 1345 3206 recogitetis.
1395 3135 1533 3190 Ecce
1573 3151 1674 3207 ego
1724 3137 1865 3193 facio
1909 3151 2064 3200 nova,
2121 3151 2242 3207 qua:

2349 3135 2742 3204 συλλογίζεσθε.
2779 3137 2910 3190 Ἰδοὺ
2954 3137 3066 3206 ἐγὼ
3098 3139 3236 3191 ποιῶ
3269 3140 3451 3204 καινὰ,
3479 3140 3516 3195 ἃ
3539 3140 3635 3194 νῦν
3658 3143 3936 3209 ἀνατελετ,

685 3242 826 3281 nunc
858 3228 1128 3291 orientur,
1156 3236 1211 3280 et
1242 3228 1583 3296 cognoscetis
1628 3241 1711 3283 ea.
1738 3246 1758 3281 ι
1801 3227 2002 3283 Iudicat
2053 3243 2240 3284 rursus

2347 3227 2441 3280 καὶ
2492 3227 2765 3295 γνώσεσθε
2812 3228 2969 3281 αὑτά.
2999 3248 3017 3281 ι
3076 3229 3237 3300 Δηλοῐ
3270 3230 3328 3284 δὲ
3362 3231 3524 3285 πάλιν
3573 3233 3674 3303 τὴν
3708 3235 3767 3285 ἐν
3815 3238 3940 3299 τοῖς

685 3317 977 3374 Ecclesiam
1046 3318 1095 3371 in
1150 3318 1403 3387 gentibus
1457 3317 1920 3384 constituendam,
1972 3333 2093 3388 qua
2146 3318 2237 3374 Dei

2343 3316 2521 3369 ἐθνεσι
2568 3318 2979 3388 συστησομένην
3041 3319 3385 3390 Ἐκκλησίαν,
3427 3322 3551 3391 ήτις
3604 3321 3814 3393 ἔρημος
3857 3320 3940 3395 ἦν

679 3409 985 3479 cognitione
1014 3423 1176 3463 vacua
1203 3417 1342 3471 erat.
1376 3417 1660 3478 antequam
1695 3409 2238 3467 advenirethristus

2344 3407 2478 3461 Θεοῦ
2500 3407 2751 3475 γνώσεως
2778 3408 2903 3480 πρὶν
2935 3409 3266 3480 ἐπιδημῆσαι
3292 3411 3384 3465 τὸν
3405 3412 3639 3484 Χριστὸν
3662 3414 3757 3467 τοῦ
3786 3416 3936 3472 Θεοῦ

681 3499 795 3564 Dei,
828 3498 916 3567 qui
938 3498 1087 3564 dixit,
1124 3516 1142 3548 ι
1170 3497 1279 3567 Ego
1299 3512 1417 3550 sum
1451 3500 1557 3551 via.
1601 3497 1665 3551 Et
1706 3497 1901 3552 faciam
1932 3499 1984 3553 in
2017 3502 2236 3557 deserto
2263 3525 2283 3585 ε

2342 3497 2433 3551 τὸν
2463 3498 2715 3552 είπόντα·
2759 3517 2778 3549 ι
2817 3498 2961 3567 Ἑγὼ
2994 3502 3109 3569 είμι
3136 3502 3168 3570 ή
3209 3500 3346 3564 ὁδός.
3377 3503 3488 3555 Καὶ
3522 3504 3735 3574 ποιήσω
3762 3492 3823 3557 ἐν
3854 3508 3936 3576 τῇ

678 3591 841 3653 viam,
874 3600 929 3643 et
957 3589 1009 3643 in
1039 3590 1296 3657 inaquoso
1319 3586 1558 3643 ﬂumina.
1588 3607 1609 3640 ο
1648 3586 1848 3643 Verum
1890 3588 1945 3643 in
1979 3588 2091 3654 illo,
2123 3591 2234 3658 ait,

2342 3589 2531 3661 ἐρήμῳ
2565 3589 2702 3654 ὁδὸν,
2750 3590 2844 3643 καὶ
2871 3592 2928 3642 ἐν
2960 3592 3025 3661 τῇ
3062 3590 3274 3662 ἀνύδρῳ
3306 3592 3599 3662 ποταμούς.
3627 3612 3645 3644 ι
3695 3594 3838 3647 Ἀλλ’
3868 3597 3939 3649 ἐν

674 3681 941 3753 quondam
972 3682 1185 3735 deserto
1213 3681 1351 3735 viam
1378 3680 1592 3746 faciam,
1610 3681 2058 3750 quemadmodum
2087 3684 2236 3752 prius

2341 3679 2547 3752 ἐκείνῃ,
2574 3679 2726 3748 φησι,
2760 3681 2826 3749 τῇ
2873 3678 3040 3733 πάλαι
3070 3680 3261 3751 ἐρήμῳ
3307 3680 3423 3735 ὁδὸν
3463 3683 3693 3753 ποιήσω,
3729 3682 3940 3756 ὥσπερ

676 3777 732 3831 in
772 3775 906 3829 mari
939 3772 1124 3827 Rubro
1171 3771 1294 3827 feci.
1345 3772 1542 3827 Fluunt
1575 3787 1737 3843 porro
1782 3773 2090 3828 divinorum
2125 3775 2237 3829 elo.

2342 3769 2435 3821 καὶ
2468 3770 2730 3841 πρότερον
2762 3770 2853 3822 ἐπὶ
2877 3769 2974 3839 τῆς
3014 3770 3280 3841 Ἐρυθρᾶς
3306 3773 3579 3851 πεποίηκα
3618 3772 3937 3844 Θαλάσσης.

679 3868 930 3938 quiorum
968 3862 1189 3918 ﬂumina
1244 3879 1311 3919 ex
1348 3865 1593 3920 doctrina
1643 3864 1817 3919 sancti
1873 3863 2130 3934 Spiritus,
2180 3867 2234 3921 in

2353 3860 2561 3913 Ῥέουσι
2593 3859 2650 3912 δὲ
2685 3860 2780 3913 καὶ
2828 3860 3060 3930 ποταμοὶ
3087 3859 3245 3913 θείων
3266 3859 3459 3929 λογίων
3484 3863 3548 3914 ἐκ
3572 3862 3942 3927 διδασκαλίας

675 3956 765 4012 illa
817 3956 945 4010 olim
979 3954 1272 4024 lnaquosa;
1303 3954 1760 4023 quemadmodum
1818 3964 1874 4009 et
1918 3956 2018 4009 sub
2052 3956 2236 4027 Moyse

2339 3948 2494 4016 ἁγίου
2522 3948 2837 4019 Πνεύματος
2866 3951 2944 4011 εις
2982 3948 3080 4019 τὴν
3110 3948 3280 4002 πάλαι
3323 3950 3569 4019 ἄνυδρον,
3606 3950 3682 4015 ὡς
3706 3952 3804 4005 καὶ
3825 3953 3940 4007 ἐπὶ

675 4051 729 4105 in
777 4050 989 4104 deserto
1032 4046 1250 4099 ﬂumina
1300 4057 1653 4110 emanarunt:
1710 4048 1803 4101 sed
1860 4046 1968 4101 illic
2018 4048 2233 4117 quidem

2340 4040 2615 4103 Μωῦσέως
2659 4040 2920 4112 ερῥευσαν
2948 4041 3006 4092 ἐν
3044 4042 3110 4111 τῇ
3137 4042 3327 4111 ἐρήμῳ
3360 4042 3593 4111 ποταμοί
3610 4059 3623 4073 ·
3802 4044 3942 4099 ἐκεῖ

673 4154 949 4211 corporea:
969 4153 1125 4206 aqua:
1152 4148 1326 4201 erant,
1370 4146 1425 4191 et
1464 4147 1657 4192 natura
1698 4151 1793 4191 sua
1826 4135 1981 4191 “"18
2022 4146 2077 4191 ει
2104 4153 2231 4193 cor-

2343 4134 2439 4203 μὲν
2493 4132 2683 4196 ὓδατος
2736 4129 3067 4201 σωματικοῦ,
3121 4132 3352 4201 ῥευστῆς
3390 4132 3575 4197 οὐσίας
3622 4135 3775 4199 ὄντος
3824 4138 3940 4199 καὶ

674 4243 877 4304 ruptae;
923 4246 1069 4285 nunc
1118 4238 1296 4284 autem
1339 4228 1448 4283 Deo
1490 4227 1953 4293 subministrante,
2000 4228 2233 4282 rationa-

2343 4222 2604 4295 φθαρτῆς,
2635 4223 2754 4275 νυνὶ
2791 4222 2848 4274 δὲ
2888 4222 2953 4274 ἐκ
2983 4221 3081 4291 τῆς
3112 4220 3294 4274 ἐνθέου
3328 4222 3590 4293 χορηγίας
3640 4223 3736 4276 τοῦ
3777 4224 3945 4296 λογι-

672 4326 795 4380 bllis
830 4332 887 4379 et
911 4320 1207 4390 spiritualis
1233 4336 1383 4391 aqua:
1408 4320 1625 4374 ﬂumina
1658 4329 1897 4374 manant.

1602 4336 1625 4374 ιι
1658 4329 1897 4374 manant.
2340 4311 2439 4366 κοῦ
2473 4312 2569 4365 καὶ
2593 4310 2961 4380 πνευματικοῦ
2996 4309 3204 4373 ὓδατος.

743 4412 909 4467 Vsus.
944 4411 1034 4467 20.
1076 4427 1094 4461 ι
1120 4407 1446 4464 Benedicent
1474 4409 1600 4462 mihi
1630 4408 1814 4464 bestiae
1838 4409 1973 4478 agri,
2004 4410 2228 4475 sirenes,

2416 4425 2434 4457 ι
2463 4403 2827 4473 Εὐλογήσουσί
2863 4419 2930 4472 με
2958 4400 3027 4455 τά
3066 4401 3229 4474 θηρία
3270 4402 3364 4455 τοῦ
3401 4402 3595 4473 ἀγροῦ,
3641 4407 3937 4478 σειρῆνες,

669 4516 723 4558 et
755 4504 877 4559 ﬁlia:
904 4500 1264 4556 struthionum
1298 4519 1313 4556 :
1348 4502 1473 4570 quia
1506 4499 1628 4555 deli
1674 4501 1726 4554 in
1764 4500 1978 4556 deserto
2009 4516 2230 4570 aquam,

2338 4497 2430 4550 καὶ
2461 4495 2755 4567 θυγατέρες
2780 4494 3053 4565 στρουθῶν
3073 4513 3088 4525 ·
3133 4495 3215 4548 ὅτι
3258 4486 3433 4550 ἔδωκα
3460 4499 3519 4550 ἐν
3537 4500 3604 4568 τῇ
3634 4499 3829 4571 ἐρήμῳ
3855 4501 3940 4555 ὓ-

672 4595 967 4651 ct‘ﬂumina
1006 4595 1059 4647 in
1086 4594 1370 4660 inaquosa,
1404 4593 1470 4646 ad
1504 4590 1799 4660 potandum
1842 4606 2010 4660 genus
2054 4607 2229 4645 meum

2340 4587 2467 4657 δωρ,
2495 4587 2588 4639 καὶ
2642 4585 2921 4655 ποταμοὺς
2950 4588 3007 4639 ἐν
3030 4588 3095 4656 τῇ
3149 4585 3383 4659 ἀνύδρῳ,
3417 4589 3635 4642 ποτίσαι
3664 4591 3726 4644 τὸ
3758 4592 3942 4661 γένος

670 4688 921 4742 electum.
953 4705 971 4738 ι
1003 4684 1251 4740 El‘ferata
1281 4686 1494 4748 animae,
1526 4681 1761 4737 ﬂuminis
1775 4683 1983 4737 -virtute
2004 4697 2230 4737 conver-

2341 4694 2440 4746 μου
2472 4678 2533 4731 τὸ
2563 4677 2832 4730 ἐκλεκτόν.
2854 4696 2873 4728 ι
2906 4678 2970 4731 At
3004 4678 3423 4749 ἀπηγριωμέναι
3451 4678 3619 4749 ψυχαὶ
3653 4682 3943 4754 μεταϐλη-

670 4791 763 4843 sae,
804 4793 835 4832 a
883 4777 1057 4831 ferino
1107 4774 1201 4831 ilio
1248 4787 1393 4830 statu
1442 4775 1831 4839 mutabuntur;
1884 4774 1957 4827 ita
2005 4784 2062 4827 ut
2105 4774 2231 4842 ipsa:

2344 4769 2585 4838 θήσονται
2607 4767 2709 4837 τῆς
2740 4767 3035 4839 θηριώδους
3062 4769 3448 4833 καταστάσεως
3480 4772 3544 4824 ἐκ
3565 4770 3665 4839 τῆς
3690 4771 3786 4823 τοῦ
3819 4789 3946 4825 πο-

676 4870 799 4925 fera:
822 4868 1145 4924 benedicant
1203 4870 1358 4923 mihi.
1409 4867 1562 4934 Quod
1597 4867 1642 4921 si
1688 4866 1849 4920 etiam
1885 4865 2087 4920 Sirena:
2112 4865 2228 4919 l’ue-
2258 4869 2278 4923 l

2342 4859 2503 4931 ταμοῦ
2538 4858 2819 4928 δυνάμεως
2850 4858 3241 4923 ἀλλοιωθεωαι,
3266 4858 3340 4923 ὡς
3363 4861 3559 4924 αὐτοὺς
3590 4860 3753 4915 πάλιν
3786 4865 3944 4930 τοὺς

672 4966 797 5026 rint,
840 4962 1109 5030 voluptate
1147 4971 1201 5014 et
1222 4959 1507 5014 diabolicis
1544 4958 1769 5012 canticis
1800 4957 2073 5010 hominum
2105 4958 2216 5008 ani-

2344 4954 2497 5024 ὶῆρας
2518 4951 2803 5021 εὐλογῆσαι
2827 4967 2912 5019 με.
2948 4951 3011 5002 Ei
3031 4950 3085 5002 δὲ
3109 4949 3200 5003 καὶ
3232 4952 3486 5023 Σειρῆνες
3505 4947 3664 5023 ἦσαν,
3700 4952 3946 5024 θέλγου-

670 5070 787 5111 mas
836 5054 1202 5108 demulcentes
1235 5089 1252 5117 ,
1314 5050 1543 5121 poeticis
1608 5048 1938 5102 carminibus
1996 5046 2223 5115 eleganti

2340 5059 2414 5095 rat
2446 5042 2604 5113 ἡδονῇ
2633 5040 2726 5092 καὶ
2752 5040 2959 5108 ᾄσμασι
2986 5037 3317 5108 δαιμονικοῐς
3344 5042 3581 5104 τὰςκτῶν
3605 5042 3942 5115 ἀνθρώπων

669 5160 916 5202 sermone
942 5144 1312 5209 concinnatis;
1344 5142 1447 5195 illa:
1488 5144 1651 5195 etiam
1686 5141 1976 5193 immutata
2006 5139 2227 5193 benedi-

2338 5134 2500 5203 ξιυχὰς
2534 5134 2591 5184 ἐν
2629 5130 2864 5197 ποιητῶν
2903 5125 3217 5198 πλάσμασιν
3254 5130 3480 5203 εὐεπείᾳ
3502 5132 3693 5200 λόγων
3745 5153 3940 5192 κεκυ-

668 5248 792 5294 cent
842 5237 1384 5303 .mibizinsuperque
1459 5232 1581 5286 tiliae
1643 5232 2041 5293 struthionum;
2113 5230 2227 5283 sive

2340 5223 2656 5294 τμημένοις·
2690 5220 2825 5274 ἀλλά
2856 5222 2950 5273 καὶ
2981 5214 3141 5274 αὗται
3165 5222 3561 5292 μεταϐαλοῦσαι
3594 5225 3942 5298 εὐλογήσου.

668 5331 961 5383 secundum
992 5327 1594 5394 reliquosinterpretes,
1619 5344 1635 5373 ι
1661 5323 2173 5383 etstrutltocamcli;
2202 5340 2219 5371 ι

2337 5315 2383 5367 σί
2418 5332 2485 5385 με
2507 5331 2519 5344 ο
2563 5314 2641 5367 ἔτι
2680 5330 2743 5382 γε
2782 5312 2884 5383 μὴν
2916 5314 3010 5366 καὶ
3050 5313 3344 5385 θυγατέρες
3374 5316 3681 5387 στρουθῶν·
3707 5319 3739 5388 ἦ
3768 5324 3939 5377 κατά

668 5429 855 5487 estque
885 5420 1011 5472 illud
1063 5419 1261 5471 animal
1314 5419 1363 5471 in
1402 5416 1692 5471 solitudine
1736 5426 1790 5468 et
1827 5417 2053 5469 desertis
2096 5415 2227 5468 locis

2330 5408 2450 5469 τοὺς
2491 5406 2709 5467 λοιποὺς
2761 5404 3120 5475 ἐρμηνευτὰς,
3185 5424 3201 5454 ι
3231 5407 3325 5458 καὶ
3360 5407 3850 5481 στρουθοκάμηλοι,
3904 5436 3932 5467 ι

670 5514 895 5578 degens;
938 5512 1077 5578 quod
1120 5519 1173 5563 et
1218 5510 1390 5577 ipsum
1446 5509 1510 5560 ad
1571 5506 2033 5559 mansuetudinem
2071 5507 2231 5558 redu-

2339 5493 2463 5556 ζῶον
2480 5496 2536 5547 ὲν
2554 5495 2808 5567 ἐρημίαις
2832 5494 2925 5546 καὶ
2952 5494 3155 5565 χώραις
3180 5496 3452 5565 ἀοικήτοις
3478 5497 3783 5567 γινόμενον,
3816 5505 3941 5555 καὶ

668 5612 836 5663 ctum,
870 5602 993 5654 mihi
1012 5602 1119 5654 Deo
1149 5601 1463 5654 benedicere
1487 5599 1793 5653 docebitur.
1823 5595 2021 5649 Horum
2046 5606 2223 5649 autem

2332 5587 2455 5639 αὐτὸ
2485 5586 2765 5657 ἡμερωθὲν
2798 5586 3038 5653 εὐλογεῖν
3076 5587 3175 5656 ἐμὲ
3216 5588 3305 5639 τὸν
3335 5586 3469 5640 Θεὸν
3506 5588 3934 5659 μαθηθήσεται,

668 5709 828 5746 causa
867 5694 967 5747 erit
995 5710 1131 5761 aqua
1162 5692 1274 5755 illa,
1304 5706 1463 5761 quam
1507 5692 1560 5743 in
1588 5693 1803 5743 deserto
1840 5688 1983 5752 dedi,
2012 5701 2220 5741 necnon

2337 5680 2540 5731 Τούτων
2560 5681 2615 5731 δὲ.
2645 5681 2816 5731 αἴτιον
2839 5678 2986 5731 ἔσται
3006 5679 3065 5731 τὸ
3086 5681 3177 5731 ὑπ’
3209 5679 3340 5749 ἐμοῦ
3362 5679 3511 5732 δοθὲν
3540 5684 3597 5733 ὲν
3619 5684 3684 5751 τῇ
3712 5682 3939 5755 ἐρήμῳ

666 5784 941 5838 lluminum
979 5783 1030 5837 in
1058 5783 1341 5838 solitudine
1371 5783 1698 5837 manantium
1728 5782 1807 5835 vis
1846 5788 1895 5835 et
1927 5779 2099 5849 copia.

2338 5769 2492 5838 ὕδωρ,
2529 5771 2619 5821 καὶ
2654 5768 2812 5839 ἡτῶν
2844 5769 3101 5839 ποταμῶν
3128 5768 3355 5839 δύναμις
3384 5770 3492 5825 τῶν
3525 5775 3581 5824 ἐν
3614 5774 3680 5842 τῇ
3710 5772 3940 5847 ἐρήμῳ

2330 5863 2421 5928 pexi
2432 5861 2651 5914 πάντων.
