4058 6400
171 362 262 416 ιοι

1092 356 1598 416 COMMENTARIA
1636 356 1703 412 IN
1741 353 1999 412 ISAIAM.
2039 386 2108 396 —
2145 351 2302 409 CAP.
2344 349 2526 406 XLIV.

3323 342 3432 398 402

240 501 259 532 ι
293 481 435 535 Λαόν
467 500 568 554 μου
592 483 651 536 ὃν
672 480 1143 552 περιεποιησάμην
1161 479 1261 544 τὰς
1279 479 1479 552 ἀρετάς
1507 496 1609 550 μου
1635 478 1741 548 διή-

1927 475 2085 531 Vcns.
2138 475 2230 539 2I,
2277 473 2368 527 22.
2425 490 2442 521 ι
2477 467 2735 538 Populum
2771 481 2948 520 meum
2971 479 3130 535 quem
3164 462 3431 532 acquisivi

163 574 378 640 γέῖσθαι
405 591 418 604 ·
451 577 512 627 οὐ
560 572 653 627 νῦν
685 572 922 627 ἐκάλεσά
955 588 1036 636 σε,
1079 571 1293 634 Ἰακὼϐ,
1335 571 1456 624 οὺδέ
1493 571 1751 624 κοπιάσαι

164 663 219 717 σε
247 666 510 737 ἐποίησα,
546 664 778 737 Ἰσραήλ.
804 684 824 716 ι
849 665 912 718 Ei
938 664 1036 735 μὲν
1063 662 1171 736 γὰρ
1200 663 1365 734 θῆρες
1383 664 1432 716 oi
1454 663 1633 734 ἄγριοι
1658 663 1752 715 καὶ

163 757 414 827 σειρῆνες
443 756 537 810 καὶ
568 757 624 810 αί
657 756 959 828 Θυγατέρες
985 755 1093 809 τῶν
1127 754 1402 827 στρουθῶν
1425 755 1749 825 εὐλογήσου-

164 848 214 899 σί
252 865 321 918 με
349 866 361 878 ·
394 850 460 902 σὺ
480 849 557 913 δέ,
598 847 812 912 Ἰακὼϐ,
849 849 1001 902 οὐδὲν
1034 848 1270 902 τοιοῦτον
1302 847 1600 920 διεπράξω·
1635 846 1750 901 ἀλλ’

161 941 280 992 οὐδὲ
309 939 553 1009 ἠξίωσας
578 941 679 1010 ἐμὲ
705 939 1100 1003 ἐπικαλεῖσθαι,
1131 958 1150 990 t
1172 940 1469 1011 ἐκοπιάθης
1493 959 1511 991 ι
1541 941 1597 994 δέ
1625 960 1643 991 ι
1670 942 1751 1004 είς

161 1031 280 1100 ἐμὲ,
308 1049 327 1082 ι
357 1033 500 1085 κατά
547 1034 638 1087 τὸν
668 1035 984 1105 Σύμμαχον,
1013 1032 1191 1088 καίτοι
1220 1033 1354 1104 ἐμοῦ
1383 1034 1457 1105 μὴ
1485 1034 1745 1105 ποιήσαν-

161 1121 250 1184 τός
284 1138 346 1172 σε
374 1123 658 1176 κοπιάσαι.

234 1316 253 1348 ι
288 1299 404 1353 Οὐκ
421 1301 658 1370 ἦνεγκάς
685 1319 773 1370 μοι
804 1301 1052 1373 πρόϐατά
1074 1319 1168 1356 σου
1197 1302 1297 1373 τῆς
1321 1301 1748 1372 ὁλοκαρπὼσεὼς

161 1406 275 1454 σου,
301 1392 424 1445 οὐδὲ
449 1395 506 1444 ἐν
525 1396 643 1456 ταῖς
674 1393 886 1459 θυσίαις
912 1413 1004 1449 σου
1032 1397 1286 1463 ἐδόξασάς
1318 1414 1384 1465 με
1406 1413 1418 1426 ·
1459 1397 1556 1448 οὐκ
1597 1395 1746 1448 ἐδού-

160 1480 308 1535 λωσά
344 1500 402 1535 σε
435 1484 492 1535 ἐν
516 1483 747 1549 θυσίαις,
779 1487 899 1539 οὐδὲ
921 1485 1155 1554 ἕγκοπον
1187 1488 1418 1558 ἐποίησά
1442 1504 1500 1541 σε
1524 1489 1580 1541 ἐν
1603 1485 1748 1538 λιϐά-

162 1589 254 1642 νῳ.
284 1593 303 1625 ι
344 1575 537 1638 Ὅπως
566 1576 660 1628 καὶ
689 1578 746 1628 ἐν
767 1581 880 1640 τοῖς
910 1579 1287 1649 προκειμένοις
1315 1580 1378 1648 τῇ
1404 1578 1616 1650 ἐρήμῳ,
1653 1578 1746 1629 καὶ

161 1666 271 1727 τοῖς
298 1666 357 1716 ἐν
389 1667 526 1736 αὐτῇ
554 1667 763 1738 Θηρίοις
788 1669 1007 1736 ἀγαθῶν
1049 1669 1269 1732 ἐλπίδας
1298 1669 1704 1739 εὐαγγελίζεται
1728 1687 1740 1699 ·

160 1758 244 1811 τὸν
275 1757 333 1810 δὲ
361 1757 491 1810 λαὸν
513 1761 604 1812 τὸν
635 1763 699 1814 ἐκ
732 1765 1030 1834 περιτομῆς
1068 1765 1156 1818 ἐπ’
1188 1763 1464 1826 ἀσεϐείαις
1509 1762 1740 1832 ἐλέγχει,

158 1852 214 1903 ὃν
244 1853 338 1905 καί
371 1851 569 1906 Ἰακὼϐ
631 1853 786 1906 καλεῖ
810 1854 902 1906 νῦν
947 1855 1040 1908 καὶ
1077 1855 1290 1925 Ἰσραήλ
1309 1872 1321 1885 ·
1354 1854 1525 1918 οὕτως
1557 1855 1740 1919 ἁπλῶς

163 1941 343 2012 ξηροῖς
363 1943 621 2012 ὀνόμασιν
653 1940 774 1997 οὔτε
805 1943 988 1998 δοῦλον
1012 1945 1196 2008 αὐτοῦ,
1231 1945 1353 1998 οὔτε
1387 1945 1639 1998 ἐκλεκτὸν
1668 1948 1742 1997 εἰ·

161 2030 295 2094 πὼν,
325 2033 460 2103 ὅπερ
485 2034 657 2087 ἐποίει
685 2035 778 2088 ἐπὶ
805 2035 898 2088 τοῦ
921 2036 1228 2106 κρείττονος
1250 2037 1546 2106 τάγματος.

233 2235 413 2289 «Οὑδέ
465 2237 682 2306 ἐκτήσω
737 2256 823 2309 μοι
871 2239 1133 2309 ἀργυρίου
1181 2239 1451 2309 θυμίαμα,
1508 2241 1626 2293 οὐδὲ
1682 2241 1744 2294 τὸ

162 2328 325 2398 στέαρ
359 2329 468 2380 τῶν
508 2329 706 2381 Θυσιῶν
740 2348 832 2383 σου
868 2330 1188 2401 ἐπεθύμησα
1211 2348 1222 2359 ⁶
1263 2331 1398 2384 ἀλλὰ
1427 2335 1484 2385 ἐν
1517 2335 1636 2396 ταῖς
1680 2335 1742 2386 ἀ-

163 2421 421 2490 μαρτίαις
451 2439 545 2473 σου
574 2422 842 2492 προέστης
863 2441 985 2492 μου,
1009 2423 1104 2476 καὶ
1138 2426 1194 2477 ἐν
1223 2428 1339 2487 ταῖς
1370 2424 1601 2486 ἀδικίαις
1627 2443 1740 2478 σου.

173 2511 310 2578 Ἑγὼ
344 2514 481 2581 εἰμι,
517 2512 627 2580 ἐγώ
659 2515 793 2583 εἰμι,
847 2515 874 2565 6
905 2515 1199 2583 ἐξαλείφων
1236 2517 1332 2578 τὰς
1389 2519 1615 2586 ἀνομίας
1650 2535 1741 2571 σου

153 2601 340 2655 ἓνεκεν
378 2605 534 2673 ἐμοῦ,
571 2605 664 2657 καὶ
690 2606 786 2668 τὰς
819 2607 1092 2678 ἁμαρτίας
1121 2625 1236 2667 σου.
1268 2609 1361 2662 καὶ
1395 2610 1455 2662 οὐ
1494 2611 1564 2679 μὴ
1606 2629 1740 2680 μνή-

161 2694 452 2764 σθήσομαι.
489 2697 559 2748 Σὺ
612 2698 668 2749 δὲ
706 2699 992 2770 μνήσθητι,
1050 2702 1142 2753 καὶ
1185 2701 1481 2771 κριθῶμεν.
1517 2724 1533 2753 ι
1589 2703 1741 2773 Καλὴ

159 2784 264 2854 γὰρ
293 2786 325 2852 ἠ
364 2787 552 2856 μνήμη
582 2786 690 2839 τῶν
718 2789 994 2859 προτέρων
1024 2791 1436 2862 ἁμαρτημάτων
1460 2793 1527 2845 δι’
1555 2793 1740 2864 ἐξομο-

158 2875 434 2944 λογήσεως
485 2877 928 2951 ἐξήγορευμένη·
971 2881 1051 2933 διὸ
1114 2883 1401 2954 ἐπιφέρει·
1460 2885 1626 2952 «Λέγε
1677 2887 1740 2938 σὺ

159 2968 374 3038 πρῶτος
406 2970 504 3031 τὰς
532 2971 805 3040 ἁμαρτίας
860 2990 975 3037 σου,
1033 2974 1119 3026 ἴνα
1169 2976 1463 3047 δικαιωθῇς
1486 2994 1498 3006 ’
1537 2997 1552 3027 ι
1584 2977 1740 3030 τοῦτο

156 3062 266 3133 γάρ
298 3061 469 3114 ποιῶν
491 3063 862 3135 δικαιωθήσῃ’
905 3067 1094 3136 ἐπειδὴ
1141 3068 1349 3130 δίκαιος
1395 3068 1560 3121 αὐτοῦ
1609 3087 1738 3121 κατ-

161 3156 366 3226 ήγορος
394 3157 452 3207 ἐν
482 3156 843 3227 πρωτολογίᾳ.

233 3264 250 3295 ι
279 3245 344 3297 υί
378 3246 614 3316 πατέρες
645 3246 795 3316 ὑμῶν
828 3247 1052 3317 πρῶτοι,
1093 3251 1186 3302 καὶ
1214 3252 1262 3303 οἱ
1295 3252 1556 3322 ἄρχοντες
1589 3253 1616 3304 ὑ
1627 3253 1741 3322 μῶν

153 3335 438 3406 ὴνόμησαν
464 3340 543 3399 εἰς
581 3337 698 3407 ἐμέ.
733 3340 842 3392 Καὶ
881 3341 1108 3410 ἐμίαναν
1137 3343 1186 3394 οἱ
1233 3343 1490 3413 ἄρχοντες
1516 3347 1583 3397 τὰ
1613 3346 1742 3412 ἀγιά

160 3443 280 3494 μου.
330 3427 439 3479 Καὶ
476 3427 651 3481 ἔδωκα
701 3429 962 3484 ἀπολέσαι
999 3431 1212 3497 Ἰακὼϐ,
1263 3435 1354 3486 καὶ
1391 3435 1605 3505 Ἰσραὴλ
1664 3438 1740 3498 εἰς

156 3517 484 3587 ὀνειδισμόν.
514 3537 532 3571 ι

668 3591 1065 3645 ΚΕΦΑΛΑῘΟΝ
1099 3595 1229 3647 MA'.

234 3697 253 3727 α
297 3677 412 3731 Νῦν
443 3679 496 3732 δὲ
534 3682 992 3745 ἄκουσον,’1ακιῖ›6
1024 3686 1051 3736 6
1085 3689 1211 3750 παῖς
1249 3705 1368 3756 μου,
1397 3690 1490 3743 καὶ
1507 3689 1738 3760 Ἰσραὴλ,

155 3769 214 3822 6v
246 3769 597 3844 ἐξελεξάμην.
627 3795 642 3826 ι
679 3779 776 3828 Διά
805 3778 1008 3830 τούτων
1054 3781 1143 3833 τὸν
1171 3783 1329 3851 χορὸν
1375 3781 1528 3850 αὖθις
1566 3787 1655 3839 τὸν
1688 3789 1743 3841 ἀ-

157 3864 476 3922 ποστολικδν
507 3869 877 3923 ἀποκαλείται.

233 3981 250 4011 ι
277 3960 437 4013 Οῦτω
465 3959 612 4028 λέγει
634 3961 836 4031 Κύριος
883 3965 910 4016 6
941 3964 1073 4029 Θεὸς
1120 3968 1148 4019 6
1193 3971 1426 4037 ποιήσας
1478 3987 1558 4034 σε,
1590 3973 1679 4025 καὶ
1714 3975 1741 4027 6

157 4054 372 4116 πλάσας
422 4071 480 4106 σε
526 4055 589 4105 ἐκ
621 4055 862 4118 κοιλίαςο
900 4058 1019 4110 Ἔτι
1052 4058 1364 4133 βοηθηθήσῃ
1389 4079 1401 4091 ·
1447 4064 1521 4134 μὴ
1551 4065 1738 4132 φοϐοῦ,

158 4147 284 4206 παῖς
324 4159 428 4212 μου
463 4141 677 4205 Ἰακὼϐ,
711 4145 800 4196 καὶ
822 4146 1174 4217 ὴγαπημένος
1221 4149 1452 4222 Ἰσραὴλ,
1480 4153 1539 4205 ὃν
1561 4153 1739 4219 ἐξελε-

157 4234 356 4303 ξάμην.
394 4234 513 4286 Ὅτι
548 4235 655 4301 ἐγὼ
687 4234 842 4287 δώσω
874 4235 1018 4307 ὕδωρ
1050 4240 1106 4290 ἐν
1145 4239 1286 4309 δίψει
1309 4245 1416 4304 τοῖς
1442 4246 1742 4315 πορευομέ-

154 4345 265 4388 νοις
297 4327 354 4377 ἐν
382 4325 614 4395 ἀνύδρῳ.
645 4327 890 4397 ἐπιθήσω
911 4330 967 4380 τὸ
995 4330 1210 4401 πνεῦμά
1248 4351 1346 4403 μου
1372 4336 1462 4386 ἐπὶ
1494 4336 1552 4388 τὸ
1575 4338 1741 4408 σπέρ-

158 4435 232 4487 μα
271 4435 389 4479 σου,
435 4417 654 4480 καὶτὰς
687 4418 934 4487 εὐλογίας
984 4439 1085 4491 μου
1128 4424 1219 4475 ἐπὶ
1266 4425 1334 4477 τὰ
1376 4427 1539 4478 τέκνα
1575 4445 1686 4480 σου.
1717 4448 1734 4480 ι

1855 579 1911 624 ιιι
1942 569 2170 622 virtutes
2204 581 2352 621 meas
2380 570 2632 617 narraret
2669 579 2682 613 :
2717 574 2820 612 non
2855 572 2998 612 nunc
3042 554 3228 610 vocavi
3261 563 3313 608 te
3337 552 3436 608 «1³-

1852 663 1975 726 eob,
2013 675 2189 731 neque
2216 659 2468 715 laborare
2497 666 2550 711 te
2575 654 2696 718 feci,
2723 651 2906 709 Israel.
2937 671 2957 703 ι
3009 649 3236 705 Etiamsi
3285 647 3429 703 enim

1854 752 2092 808 futurum
2118 753 2208 816 sit,
2242 761 2301 806 ιιι
2323 759 2566 820 agrestes
2593 746 2747 811 ferte,
2791 745 3010 808 sirenae,
3041 752 3096 796 et
3132 742 3254 796 tiliae
3281 751 3431 796 διε-ιι-

1853 847 2096 900 tbionum
2153 844 2477 899 benedicant
2533 839 2700 905 milii;
2756 848 2811 894 tu
2847 852 2999 904 sane,
3060 834 3252 902 Iacob,
3290 832 3437 888 nihil.

1849 939 2027 993 simile
2059 937 2232 993 fecisti
2261 953 2276 1000 ;
2307 935 2400 990 sed
2429 947 2611 1003 neque
2646 932 2900 1001 dignatus
2931 943 2992 984 es
3025 941 3112 983 me
3140 927 3427 990 invocare,

1855 1050 1873 1083 ι
1912 1029 2283 1098 defatigatus»
2353 1035 2532 1082 autem
2593 1042 2612 1076 ι
2662 1039 2723 1079 es
2777 1025 2830 1078 in
2893 1036 3013 1087 me,
3056 1038 3074 1071 ι
3131 1018 3428 1074 secundum

1849 1123 2272 1193 Symmachum,
2326 1117 2541 1176 etiamsi
2588 1133 2690 1188 ego
2734 1131 2843 1171 non
2884 1125 2937 1170 te
2979 1115 3230 1169 laborare
3281 1111 3432 1168 fece-

1849 1218 1890 1270 ri
1900 1232 1970 1269 ut.

1919 1308 2080 1362 Vnus.
2119 1307 2210 1362 23.
2269 1324 2288 1357 ι
2319 1305 2434 1359 Νοη
2483 1300 2730 1358 obtulisti
2768 1299 2902 1355 milii
2943 1312 3076 1355 oves
3120 1294 3426 1351 bolocausti

1849 1402 1923 1454 tui
1959 1416 1972 1451 :
2002 1413 2176 1470 neque
2207 1401 2257 1452 in
2289 1397 2578 1453 sacriﬁciis
2607 1398 2714 1451 tuis
2743 1392 3062 1466 glorifieasti
3100 1405 3186 1443 me
3207 1427 3224 1454 ,
3253 1401 3430 1453 neque

1845 1494 2054 1549 servire
2079 1504 2133 1547 te
2158 1492 2260 1548 feci
2296 1491 2351 1546 in
2387 1491 2647 1556 victimis,
2681 1502 2858 1558 neque
2890 1485 3131 1540 laborem
3162 1482 3257 1536 tibi
3287 1494 3429 1550 pra:—

1847 1583 1934 1637 bui
1961 1583 2014 1636 in
2043 1583 2222 1637 thure.
2252 1600 2270 1633 ι
2303 1577 2769 1647 Quemadmodum
2803 1575 2893 1630 hic
2917 1571 3239 1636 solitudini,
3269 1568 3428 1624 feris-

1843 1692 1951 1746 que
2005 1689 2126 1729 eam
2185 1672 2547 1727 incolentibus
2604 1672 2870 1724 bonorum
2921 1680 3073 1736 spem
3116 1660 3427 1722 annuntiat,

1845 1766 2214 1837 populumque
2259 1780 2324 1819 ex
2357 1762 2784 1818 circumcisione
2831 1761 2897 1815 de
2943 1757 3223 1825 impietate
3266 1767 3428 1809 coar-

1844 1859 1979 1932 guit,
2010 1874 2169 1928 quem
2199 1872 2342 1911 nunc
2366 1855 2534 1912 Iacob
2566 1868 2622 1910 et
2643 1853 2811 1909 Israel
2846 1861 3153 1920 nuncupat;
3189 1849 3260 1902 ita
3292 1847 3429 1902 sim-

1843 1952 2056 2022 pliciter
2078 1951 2246 2006 allato
2262 1949 2379 2018 ejus
2409 1948 2648 2013 nomine,
2675 1962 2772 2001 nec
2795 1960 3033 2009 servum,
3060 1959 3158 1998 nec
3189 1942 3428 1996 electqu

1847 2053 2002 2098 vocat
2053 2043 2248 2108 illum,
2287 2043 2429 2112 quod
2477 2051 2658 2095 tamen
2719 2039 2785 2094 de
2837 2036 3199 2109 prmslantiori
3235 2033 3430 2092 ordine

1846 2136 2073 2205 loquens
2099 2137 2374 2190 observat.

1918 2229 2082 2283 Vens.
2138 2228 2328 2282 24-26.
2387 2209 2613 2296 iNeque
2643 2233 2868 2294 argento
2903 2222 3084 2279 emisti
3125 2219 3256 2274 mihi
3305 2219 3422 2290 tliy-

1845 2319 2068 2386 miama,
2125 2335 2300 2390 neque
2340 2321 2553 2388 adipem
2599 2319 2994 2374 sacrificiorum
3045 2325 3264 2369 tuorum
3294 2328 3426 2367 con-

1847 2414 2060 2482 cupivi;
2096 2415 2186 2467 sed
2220 2414 2271 2466 in
2305 2413 2543 2481 peccatis
2569 2415 2674 2466 tuis
2698 2419 2826 2465 ante
2873 2425 2959 2463 me
3003 2408 3234 2470 stetisti,
3267 2414 3318 2460 et
3371 2404 3424 2459 in

1848 2504 2229 2573 iniquitatibus
2266 2507 2394 2559 tuis.
2429 2505 2540 2574 Ego
2576 2518 2716 2567 sum,
2754 2517 2854 2574 ego
2894 2517 3015 2555 sum
3040 2546 3052 2567 ,
3116 2500 3205 2568 qui
3269 2496 3427 2558 deleo

1847 2598 2161 2665 iniquitates
2190 2607 2310 2650 tuas
2341 2609 2563 2664 pmpter
2597 2611 2706 2659 me,
2735 2604 2791 2648 et
2821 2605 3046 2663 peccata
3080 2602 3205 2655 tua;
3237 2599 3294 2645 et
3320 2606 3426 2643 non

1848 2689 2198 2744 recordabar.
2272 2688 2349 2742 'I‘u
2411 2699 2593 2741 autem
2649 2695 2944 2746 memento,
3003 2695 3058 2738 et
3116 2683 3427 2751 juilicemur

1845 2781 2024 2833 simul.
2062 2797 2195 2836 nom
2256 2796 2446 2844 QUII'PE
2495 2797 2592 2835 es'r
2652 2793 3010 2832 ratsrmonuu
3074 2789 3426 2830 reccuoauu

1845 2888 2083 2927 ἊΙΞΜΟΒΙΑ
2138 2889 2243 2928 CUM
2288 2887 2642 2927 (κιιςιέδςιοδε
2695 2887 2997 2926 (ῙΟΝΙΙῘΧΕΤΛ
3039 2887 3052 2922 Ζ
3095 2879 3429 2938 (ιιιξιιποβιετ

1846 2965 2028 3028 infert,
2065 2985 2082 3017 ι
2112 2964 2204 3018 Dic
2231 2975 2286 3018 tu
2317 2966 2526 3033 primus
2556 2975 2776 3034 peccata
2810 2977 2923 3024 tua.
2948 2973 3004 3015 ut
3029 2961 3348 3032 justiliecris
3373 2981 3384 3014 ε
3405 2981 3421 3010 ι

1848 3056 1899 3108 id
1956 3071 2124 3126 agens
2171 3055 2602 3125 justilicaberis;
2658 3057 2783 3124 quia
2836 3055 3013 3123 justus
3055 3055 3106 3106 in
3160 3053 3428 3121 principio

1769 3167 1810 3222 ρ
1845 3147 2116 3202 sermonis
2153 3155 2442 3200 accusator
2465 3157 2551 3200 est
2577 3147 2681 3200 sui.

1916 3236 2081 3292 Vsus.
2128 3236 2220 3300 27,
2270 3236 2362 3291 28.
2419 3255 2438 3288 ι
2472 3235 2664 3290 Patres
2701 3235 2868 3290 vestri
2905 3235 3089 3303 primi,
3136 3244 3190 3289 et
3225 3233 3424 3303 print-i-

1846 3344 1939 3397 pes
1972 3327 2137 3382 vestri
2183 3327 2369 3396 inique
2398 3335 2629 3398 egerunt
2660 3328 2712 3380 in
2755 3341 2866 3380 me.
2919 3327 2984 3381 Et
3010 3326 3424 3380 eontaminave-

1847 3431 1971 3471 rtlnl
2004 3418 2274 3488 principes
2304 3430 2493 3472 sancta
2545 3431 2686 3472 mea.
2746 3416 2812 3471 Et
2861 3417 2980 3472 dedi
3040 3417 3092 3472 in
3144 3417 3424 3470 interitum

1843 3510 2032 3572 .laCob,
2056 3519 2107 3564 et
2139 3508 2306 3564 Israel
2352 3511 2404 3562 in
2444 3508 2818 3577 opprobrium.
2844 3528 2862 3561 ι

2407 3599 2635 3655 CAPUT
2674 3599 2856 3654 XLIV.

1915 3694 2072 3750 Vens.
2134 3695 2184 3749 ί.
2237 3712 2254 3744 ι
2290 3692 2442 3748 Nunc
2473 3705 2654 3750 autem
2681 3694 2829 3758 audi,
2861 3691 3030 3748 Iacob
3070 3706 3205 3761 puer
3249 3705 3422 3752 meus,

1842 3797 1897 3842 et
1949 3786 2140 3849 Israel,
2200 3801 2360 3856 quem
2417 3785 2575 3856 elegi.
2609 3805 2627 3840 ι
2682 3784 2777 3841 His
2827 3786 3022 3840 iterum
3070 3782 3427 3852 apostolicum

1843 3881 2072 3934 chorum
2104 3887 2317 3932 evocat.

1917 3970 2080 4025 Vens.
2148 3970 2203 4031 2,
2266 3970 2320 4022 3.
2382 3988 2399 4020 ι
2434 3968 2525 4022 Sic
2579 3968 2708 4022 dicit
2765 3967 3027 4022 Dominus
3092 3966 3281 4030 Deus,
3334 3966 3427 4036 qui

1845 4062 1974 4117 fecit
2002 4071 2074 4126 te,
2109 4072 2160 4118 et
2200 4060 2458 4115 formavit
2498 4069 2549 4114 te
2578 4060 2647 4115 de
2685 4069 2876 4114 ventre
2905 4077 2919 4114 :
2953 4060 3144 4113 Adhuc
3201 4057 3430 4114 habebis

1845 4156 2140 4220 auxilium;
2173 4155 2279 4209 noli
2314 4163 2576 4218 metuere,
2606 4169 2742 4222 puer
2775 4168 2926 4207 meus
2951 4149 3138 4214 Iacob,
3158 4161 3212 4205 et
3234 4150 3430 4206 dilecte

1843 4246 2031 4310 Israel,
2064 4261 2224 4315 quem
2258 4246 2418 4316 elegi.
2462 4244 2598 4312 Quia
2639 4261 2741 4315 ego
2791 4245 2930 4298 dabo
2984 4258 3181 4311 aquam
3229 4242 3282 4295 in
3337 4242 3427 4296 siti

1845 4339 1931 4394 bis
1961 4340 2053 4408 qui
2099 4337 2383 4392 ambulant
2417 4338 2468 4390 in
2520 4337 2808 4404 inaquosa,
2847 4335 3123 4403 imponam
3176 4333 3427 4402 spiritum

1847 4447 2023 4484 meum
2055 4445 2216 4498 super
2243 4443 2427 4482 semen
2487 4439 2672 4493 tuum,
2724 4435 2778 4481 et
2827 4426 3232 4479 benedictioues
3279 4440 3428 4478 meas

155 4509 251 4562 Διά
275 4509 386 4579 γὰρ
420 4508 512 4561 τοῦ
545 4510 858 4579 Πνεῦματος
886 4511 978 4564 τοῦ
1004 4512 1160 4579 ἁγίου
1186 4515 1247 4566 τὺ
1275 4516 1488 4582 λογικὸν
1521 4521 1614 4571 καὶ
1650 4521 1738 4587 γό-

1847 4533 2005 4585 snpcr
2050 4516 2190 4569 filios
2227 4528 2364 4570 tuos.
2400 4534 2417 4566 ι
2474 4514 2606 4568 Nam
2671 4531 2765 4582 per
2825 4513 3089 4582 Spiritum
3148 4525 3425 4574 sanctum.

154 4615 333 4666 νιμον,
371 4597 465 4648 καὶ
503 4599 871 4667 πνευματικὸν
906 4599 1049 4670 ὕδωρ
1084 4605 1148 4672 τῇ
1182 4603 1392 4674 ἀνύδρῳ
1423 4607 1515 4686 καὶ
1545 4607 1739 4678 ἐρήμῳ

155 4687 487 4758 χορηγήσειν
516 4687 733 4757 ἤμελλε.
761 4688 990 4759 Σπέρμα
1009 4691 1065 4744 δέ
1087 4692 1192 4746 τῶν
1209 4695 1516 4748 ἀποστόλων
1534 4699 1586 4748 αἱ
1625 4697 1741 4750 Ἐκ-

155 4779 376 4850 κλήσίαι
416 4777 509 4830 τοῦ
539 4779 694 4843 Θεοῦ,
746 4781 840 4833 καὶ
864 4780 929 4832 τά
974 4783 1137 4836 τέκνα
1179 4785 1357 4837 αὐτῶν
1387 4788 1434 4837 οἱ
1466 4788 1737 4857 πανταχοῦ

156 4872 255 4941 γῆς
291 4870 386 4922 καὶ
435 4871 492 4921 ὲν
522 4874 652 4923 πᾶσι
682 4875 792 4936 τοῖς
827 4873 1000 4925 ἔθνεσι
1031 4874 1118 4926 διὰ
1163 4875 1255 4928 τοῦ
1302 4878 1615 4948 Πνεῦματος
1644 4881 1735 4934 τοῦ

154 4963 314 5032 ἁγίου
349 4963 798 5032 ἀναγεννήθέντες
823 4981 836 4993 ·
874 4965 922 5017 οἳ
950 4966 1044 5017 καὶ

231 5075 249 5105 ι
298 5053 704 5114 ⁹Ανεετελοῦσι,ι
751 5057 934 5125 φησὶν,
979 5075 996 5107 ι
1030 5056 1132 5108 ἀνά
1178 5059 1339 5127 μέσον
1385 5060 1576 5124 ὕδατος
1613 5063 1737 5132 χόρ-

154 5163 264 5208 τον,
323 5145 419 5196 κιιὶ
469 5145 543 5207 ὡς
600 5145 714 5197 ἰτέα
751 5147 845 5199 ἐπὶ
877 5148 1190 5218 παραρρέον
1230 5148 1392 5222 ὕδωρ.
1423 5172 1439 5202 ι
1489 5155 1598 5206 Καὶ
1654 5157 1740 5207 ἐν-

156 5236 332 5288 ταῦθα
357 5235 414 5286 δὲ
437 5235 532 5304 τὴν
565 5236 709 5288 ἰτέαν
739 5239 1014 5308 παρέλαϐε
1042 5241 1132 5292 διὰ
1157 5241 1217 5293 τὸ
1239 5241 1486 5306 ἀειθαλὲς
1503 5246 1596 5298 καὶ
1626 5263 1742 5297 νεα-

160 5327 247 5394 ρὸν
282 5324 378 5376 τοῦ
410 5324 598 5392 φυτοῦ,
636 5327 714 5387 εἰς
750 5329 1091 5398 παράστασιν
1139 5331 1232 5382 τοῦ
1265 5331 1500 5402 πλήθους
1525 5336 1632 5388 τῶν
1657 5337 1740 5389 λο-

157 5417 328 5481 γικῶν
375 5415 580 5468 ὑδάτων
613 5416 720 5468 τῶν
770 5419 827 5470 ἐν
866 5421 931 5488 τῇ
976 5420 1268 5491 Ἐκκλησία
1313 5422 1475 5476 αὐτοῦ
1515 5427 1741 5494 ρευσάν-

157 5523 264 5562 των
271 5548 284 5560 .

227 5590 440 5658 «Οὗτος
468 5598 604 5666 ἐρεῖ,
655 5597 760 5650 Τοῦ
785 5599 920 5652 θεοῦ
955 5602 1089 5669 εἰμι,
1140 5603 1234 5653 καὶ
1287 5597 1439 5666 οὗτος
1488 5604 1738 5672 βοήσεται

1571 5651 1580 5674 Ι

161 5688 244 5740 ἐπὶ
281 5687 360 5757 τῷ
403 5687 626 5756 ὀνόματι
669 5688 881 5753 Ἰακὼϐ,
933 5693 1024 5743 καὶ
1060 5692 1242 5762 ἔτερος
1276 5694 1565 5764 ἓπιγράψει
1598 5698 1738 5765 χειρὶ

160 5778 343 5840 αὐτοῦ,
403 5777 509 5830 Τοῦ
542 5778 676 5832 Θεοῦ
705 5781 837 5850 εἰμι,
878 5784 965 5835 καὶ
1008 5783 1098 5837 ἐπὶ
1140 5787 1214 5854 τῲ
1264 5785 1478 5854 ὀνόματι
1526 5787 1736 5857 Ἰσραήλ

1851 4609 2244 4670 rationabilem,
2282 4607 2568 4661 fecundam
2601 4617 2652 4660 et
2695 4607 3035 4676 spii-itualem
3071 4623 3267 4675 aquam
3309 4609 3426 4659 ina-

1845 4715 2027 4769 quosa:
2060 4711 2114 4752 et
2150 4699 2428 4753 solitudini
2457 4697 2784 4766 elargiturus
2829 4708 2970 4753 erat.
2993 4698 3213 4753 Semen
3247 4710 3428 4752 autem

1846 4781 2216 4860 apostolorum
2262 4800 2388 4844 sunt
2421 4789 2677 4844 Ecclesiae
2719 4790 2848 4856 Dei;
2889 4789 2983 4843 lilii
3033 4802 3162 4844 Vero
3215 4806 3426 4856 eorum,

1844 4891 2103 4951 quotquot
2137 4883 2187 4934 in
2221 4882 2468 4936 universa
2504 4892 2648 4936 terra
2689 4890 2743 4936 et
2788 4881 2839 4934 in
2891 4880 3146 4934 omnibus
3176 4880 3429 4951 gentibus

1847 4990 1942 5042 per
1971 4973 2233 5042 Spiritum
2261 4983 2508 5027 sanctum
2536 4973 2841 5044 regenerali
2873 4983 2998 5026 sunt
3023 4991 3036 5028 :
3070 4973 3161 5042 qui

1917 5065 2078 5120 Vens.
2133 5067 2186 5119 4.
2224 5066 2599 5132 «Ρι-οίΙιιςειιι,
2641 5067 2737 5129 ait,
2798 5066 2850 5119 in
2907 5066 3086 5119 medio
3139 5081 3293 5134 aqua:
3352 5066 3430 5119 fc-

1847 5172 1996 5216 nuin,
2032 5167 2082 5208 et
2118 5156 2258 5209 sicut
2289 5156 2426 5209 Salix
2457 5157 2522 5209 ad
2553 5172 2748 5224 aquam
2789 5157 3068 5211 fluentem.
3099 5177 3117 5208 ι
3161 5157 3260 5212 llic
3285 5174 3425 5226 quo-

1844 5264 1946 5316 que
1973 5248 2190 5302 salicem
2237 5251 2469 5302 assumit
2521 5252 2590 5304 ob
2642 5252 2878 5304 virorem
2927 5263 2982 5304 et
3023 5251 3425 5319 juvenililatent

1846 5339 2087 5404 arboris;
2141 5340 2208 5391 ad
2261 5340 2647 5395 declarandam
2705 5342 3108 5396 rationabilium
3163 5357 3426 5410 aquarum

1845 5430 1895 5485 in
1928 5431 2171 5485 Ecclesia
2196 5432 2316 5500 ejus
2343 5435 2682 5488 manantium
2712 5437 2948 5505 copiam.

1916 5604 2079 5660 Vsus.
2213 5604 2348 5660 «Hic
2375 5607 2538 5673 dicet,
2575 5608 2666 5662 Dei
2699 5624 2850 5674 sum;
2883 5620 2936 5664 et
2971 5611 3060 5664 hic
3093 5610 3351 5665 clamabit
3377 5612 3427 5663 in

1848 5699 2067 5752 nomine
2095 5698 2291 5763 Iacob,
2316 5709 2369 5752 et
2401 5699 2541 5752 alius
2566 5701 2838 5755 describet
2883 5703 2936 5756 in
2987 5719 3150 5756 manu
3185 5720 3306 5766 sua,
3335 5702 3426 5756 Dei

1848 5807 1988 5855 sum,
2020 5803 2074 5846 et
2118 5791 2169 5844 in
2213 5791 2432 5848 nomine
2487 5793 2650 5848 Israel
2704 5794 2983 5850 clamabit.
3013 5815 3031 5847 ι
3068 5797 3137 5850 Se
3174 5795 3426 5849 Israrlcin
