4058 6464
674 447 778 503 603

1334 444 1596 502 EUSEBII
1635 440 2102 498 CESAIIIENSIS
2140 440 2289 495 OPl’.
2330 438 2506 492 PARS
2538 437 2624 492 Ill.
2662 470 2727 480 —
2763 435 3176 493 EXEGETICA.

3804 434 3906 489 4οἱ

674 582 794 622 esse
814 564 1089 634 gloriando
1115 564 1278 620 dicet.
1308 562 1487 617 Mirari
1524 560 1680 631 plane
1722 572 1777 614 ct
1822 569 2044 629 stupere
2090 559 2205 615 subi

2334 554 2653 624 βοήσεται.»
2710 552 2968 621 Σεμνὺνει
3014 550 3202 603 ἐαυτὸν
3259 549 3430 617 λέγων
3479 543 3617 601 εἶναι
3669 547 3900 617 Ἰσραήλ.

676 655 1115 725 propheticorum
1148 668 1458 709 sermonum
1503 652 1633 716 vim,
1679 660 1733 707 et
1781 666 1945 722 quam
1992 666 2122 707 vere
2152 654 2226 706 rei

673 743 922 800 effectum
956 754 1011 798 et
1056 742 1510 814 ‘complementum
1560 742 1985 813 perceperimus.
2017 742 2146 797 Nam
2176 744 2227 798 in

673 836 1138 906 persecutionibus
1171 845 1356 889 nostro
1394 844 1633 902 tempore
1675 834 1979 898 concitatis,
2036 836 2228 889 multos

670 941 737 981 ex
769 926 1082 997 alienigenis
1137 923 1381 994 gentibus
1438 925 1691 989 vidimus,
1743 926 1833 995 qui
1914 936 2225 981 sanctorum

669 1019 908 1071 virorum
964 1018 1175 1071 nomina
1257 1026 1617 1084 usurparent;
1661 1016 1798 1071 alius
1857 1017 2053 1086 quippe
2104 1032 2225 1072 sese

671 1105 927 1161 Iacobum
956 1104 1433 1175 appellabat,alius
1452 1102 1728 1169 lsraelem,
1753 1103 1893 1159 alius
1913 1102 2221 1167 Jeremiam,

672 1196 759 1249 hic
812 1194 1021 1259 Isaiam,
1077 1194 1180 1250 iste
1220 1192 1491 1248 Danielem
1521 1213 1533 1245 :
1560 1195 1756 1249 etenim
1782 1195 1867 1249 his
1909 1195 2009 1248 sibi
2053 1193 2223 1247 ascri-

670 1288 781 1354 ptis
807 1286 1129 1347 nominibus.
1168 1286 1234 1340 ad
1282 1286 1596 1356 martyrium
1623 1300 1721 1354 pro
1748 1287 1857 1341 Deo
1888 1285 2221 1339 subeundum

671 1388 791 1428 cum
820 1374 1013 1428 fiducia
1036 1384 1090 1429 et
1119 1375 1417 1430 constantia
1451 1374 1804 1429 accedebant.
1835 1371 1961 1438 Qua:
1988 1372 2219 1440 prophe-

673 1464 747 1519 tia
799 1464 1025 1529 indicat,
1079 1466 1203 1519 dum
1252 1465 1325 1519 ait
1364 1484 1376 1518 :
1407 1483 1424 1515 ι
1451 1464 1547 1519 llic
1578 1464 1741 1526 dicet,
1766 1463 1856 1516 Dei
1890 1478 2028 1527 sum,
2051 1470 2105 1515 et
2134 1462 2219 1515 hic

670 1552 928 1608 clamabit
972 1556 1022 1606 in
1064 1557 1275 1609 nomine
1317 1554 1502 1621 Jacob,
1539 1556 1675 1609 alius
1704 1557 1753 1607 itt
1798 1569 1955 1607 manu
2002 1569 2097 1607 sua
2130 1554 2221 1605 de-

672 1642 895 1706 scribet,
936 1643 1027 1698 Dei
1074 1660 1211 1709 sum,
1245 1655 1299 1699 et
1328 1645 1468 1699 alius
1498 1646 1549 1699 in
1583 1647 1796 1700 nomine
1826 1643 1989 1699 Israel
2030 1643 2220 1698 clama-

674 1733 773 1790 bil.
797 1753 817 1786 ι

2332 642 2616 711 Θαυμάσαι
2648 642 2704 694 δὲ
2737 641 2852 694 ἔστι
2876 642 2970 693 καὶ
2998 639 3408 709 καταπλαγῆναι
3438 636 3652 707 άληθῶς
3676 637 3775 705 τὴν
3800 636 3908 692 τῶν

2328 714 2683 800 προφητικῶν
2705 730 2876 797 λόγων
2899 728 3146 798 δύναμιν,
3176 745 3252 791 ως
3274 729 3458 789 αὑτοῖς
3483 726 3663 797 ἔργοις
3682 726 3751 777 τά
3774 726 3909 779 ἀπο-

2325 821 2632 889 τελέσματα
2663 821 3092 891 παρειλήφαμεν.
3150 819 3241 871 Ἔν
3293 817 3425 885 γοῦν
3450 819 3563 880 τοῖς
3606 816 3724 869 καθ’
3756 817 3909 887 ἡμᾶς

2325 912 2521 973 αὐτοὺς
2560 911 2873 979 γενομένοις
2903 911 3160 980 διωγμοῖς
3205 908 3431 971 πολλοὺς
3458 906 3565 961 τῶν
3593 906 3907 976 ἀλλοφύλων

2325 1003 2496 1056 ἐθνῶν
2528 1001 2892 1073 ἐθεασάμεθα,
2928 999 3382 1072 προαρπάζοντας
3416 1003 3624 1063 ἑαυτοῖς
3667 998 3767 1063 τὰς
3795 1001 3905 1053 τῶν

2323 1096 2492 1163 ἁγίων
2523 1093 2731 1165 ἀνδρῶν
2773 1092 3161 1164 προσηγορίας,
3194 1084 3269 1144 ὧν
3290 1093 3318 1145 6
3349 1093 3446 1163 μὲν
3477 1091 3668 1145 ἐαυτὸν
3709 1091 3904 1145 Ἰακὼὸ

2322 1184 2525 1246 ἐκάλει,
2558 1185 2651 1237 καὶ
2697 1183 2883 1254 ἕτερος
2928 1182 3161 1253 Ἰσραὴλ,
3191 1180 3348 1245 ἄλλος
3386 1181 3443 1235 δὲ
3485 1182 3773 1252 Ἰερεμίαν,
3807 1182 3907 1236 καὶ

2331 1276 2557 1328 Ἡσαΐαν
2606 1277 2812 1346 ἔτερος,
2844 1276 2936 1327 καὶ
2993 1272 3186 1344 Δανιὴλ
3219 1273 3378 1326 πάλιν
3436 1273 3594 1336 ἄλλος
3616 1291 3631 1303 ·
3678 1271 3905 1326 τοιαῦτα

2318 1363 2447 1430 γοῦν
2481 1362 2911 1432 ἐπιγραφόμενοι
2956 1362 3195 1431 ὀνόματα
3226 1362 3317 1414 ἐπὶ
3362 1362 3423 1415 τὸ
3476 1362 3772 1432 μαρτύριον
3804 1362 3902 1415 τοῦ

2317 1453 2450 1507 Θεοῦ
2488 1456 2584 1507 σὺν
2611 1453 2790 1523 πολλῷ
2818 1453 3008 1523 θάρσει
3045 1454 3139 1506 καὶ
3184 1452 3464 1523 παρρησία
3494 1454 3795 1522 παρῄεσαν,
3832 1454 3903 1505 ’Δ

2316 1543 2380 1613 δὴ
2408 1545 2746 1614 σημαίνουσα
2781 1547 2813 1613 ἡ
2836 1544 3140 1616 προφητεία
3164 1543 3325 1611 φησιν
3346 1558 3360 1571 ο
3398 1561 3415 1593 t
3445 1536 3613 1604 Οὗτος
3631 1543 3764 1610 ἐρεῖ,
3790 1541 3902 1595 τοῦ

2326 1634 2461 1688 Θεοῦ
2482 1631 2617 1706 εἶμι,
2649 1638 2744 1687 καὶ
2763 1630 2916 1697 οὗτος
2942 1634 3193 1705 βοήσεται
3216 1634 3308 1685 ἐπὶ
3332 1632 3410 1703 τῷ
3425 1634 3647 1702 ὀνόματι
3680 1632 3900 1695 Ἰακὼσ,

2316 1727 2412 1779 καὶ
2446 1725 2602 1789 ἄλλος
2633 1725 2925 1796 ὲπιγράψει
2958 1727 3023 1794 τῇ
3053 1725 3196 1795 χειρὶ
3222 1723 3411 1785 αὑτοῦ,
3458 1723 3592 1776 Θεοῦ
3633 1726 3770 1795 εἰμι,
3802 1724 3902 1778 καὶ

2315 1816 2473 1880 ἄλλος
2505 1818 2597 1870 ἐπὶ
2624 1817 2701 1887 τῷ
2729 1817 2951 1887 ὀνόματι
2996 1815 3211 1888 Ἰσραὴλ
3241 1814 3512 1887 βοήσεται.
3541 1835 3560 1868 ι

742 1904 902 1962 Vens.
934 1910 985 1970 6,
1025 1910 1079 1966 7.
1107 1928 1125 1961 t
1156 1910 1243 1965 Sic
1268 1914 1339 1963 ait
1373 1911 1531 1974 Deus,
1568 1926 1658 1965 rex
1685 1910 1863 1978 Israel,
1886 1922 1940 1965 et
1964 1912 2050 1982 qui
2084 1913 2207 1964 libe-

2396 1927 2414 1957 ι
2443 1907 2629 1971 Οὑτως
2665 1909 2812 1976 λέγει
2840 1910 2868 1960 6
2896 1907 3029 1971 Θεὸς
3055 1909 3083 1960 6
3116 1906 3362 1977 βασιλεὺς
3397 1906 3630 1978 Ἰσραὴλ,
3660 1907 3756 1961 καὶ
3796 1910 3899 1978 ρυ-

670 2000 809 2053 ravit
830 2000 999 2069 ipsum
1032 2000 1285 2056 Dominus
1327 2005 1559 2058 Sabaoth
1599 2024 1611 2058 :
1642 2004 1751 2072 Ego
1773 2004 1996 2071 primus,
2030 2011 2085 2057 ct
2117 2017 2217 2071 ego

668 2100 793 2159 post
817 2090 930 2144 haec
962 2106 977 2141 :
1003 2102 1199 2160 praeter
1228 2108 1313 2147 me
1337 2104 1545 2148 nonest
1574 2095 1735 2149 Deus.
1767 2093 1898 2159 Quis
1925 2094 2061 2148 sicut
2083 2094 2219 2163 ego?

670 2181 809 2244 Stet,
842 2192 1016 2245 vocet,
1068 2184 1349 2238 annuntiet
1405 2194 1458 2238 et
1501 2195 1766 2254 praeparet
1813 2185 1940 2239 mihi
1970 2200 1986 2238 :
2017 2202 2080 2241 ex
2108 2201 2217 2256 quo

667 2271 770 2326 feci
801 2272 1066 2327 hominem
1116 2274 1167 2327 in
1202 2274 1451 2328 sarculum
1492 2288 1508 2329 :
1547 2285 1601 2329 et
1632 2285 1878 2342 ventura,
1927 2287 2214 2345 antequam

665 2361 818 2426 Ilattt,
870 2364 1189 2419 annnntient
1235 2366 1409 2421 vobis.
1442 2385 1462 2419 ι
1505 2366 1658 2420 Dicat
1706 2368 1850 2422 enim
1885 2370 1928 2422 si
1968 2369 2091 2436 quis
2134 2378 2217 2425 est

666 2448 829 2515 Deus,
863 2451 1002 2520 quod
1045 2462 1413 2524 quantumque
1463 2469 1598 2525 opus
1647 2472 1801 2511 suum
1850 2458 2107 2512 exhibeat
2161 2457 2213 2511 in

664 2540 937 2595 universo.
965 2540 1096 2595 Nam
1117 2545 1162 2598 si
1191 2559 1328 2600 unus
1355 2556 1437 2601 est
1461 2549 1713 2612 mundus,
1734 2546 1951 2617 ipseque
1973 2548 2211 2615 ejusdem

668 2639 896 2694 naturae,
927 2632 1137 2701 sibique
1154 2649 1374 2702 prorsus
1399 2638 1749 2707 coniunctus;
1776 2655 1912 2693 unus
1944 2654 2072 2694 sane
2098 2640 2213 2709 ejus

664 2719 842 2787 opifex
871 2722 1052 2777 fuerit.
1084 2722 1189 2779 Sed
1215 2725 1300 2779 hic
1330 2740 1392 2778 ex
1424 2728 1790 2795 magnitudine
1817 2740 1871 2782 et
1917 2728 2211 2798 pulchritu-

664 2809 790 2865 dine
823 2822 1208 2876 creaturarum.
1239 2825 1421 2884 utpote
1476 2817 1712 2872 universi
1769 2820 2037 2887 conditor,
2085 2836 2208 2874 con-

662 2903 906 2970 spicitur.
950 2904 1099 2970 Quod
1135 2906 1180 2960 si
1228 2908 1348 2975 quis
1379 2908 1541 2961 alium
1589 2909 1832 2974 inducat,
1862 2912 2026 2965 alium
2081 2915 2208 2967 item

664 2994 790 3049 huic
821 2995 1049 3051 similem
1080 2999 1331 3052 mundum
1362 3001 1644 3066 ostendat;
1673 3010 1729 3055 at
1781 3016 1885 3057 non
1933 3013 2019 3058 est
2075 3005 2212 3059 alius

663 3083 915 3150 mundus,
966 3096 1159 3155 prater
1210 3101 1364 3153 eum,
1415 3105 1576 3159 quem
1643 3094 2003 3161 conspicimus
2034 3110 2051 3148 :
2080 3109 2211 3166 ergo

662 3188 765 3228 nec
795 3176 935 3231 alius
982 3178 1122 3233 Deus
1160 3189 1261 3233 est.
1297 3180 1353 3233 Si
1406 3182 1529 3250 quis
1565 3197 1694 3237 vero
1723 3185 1815 3245 sit.
1844 3203 1861 3235 ι
1888 3182 2028 3250 Stet,
2055 3204 2074 3239 ι
2125 3188 2206 3241 in-

663 3266 800 3332 quit,
838 3266 1103 3333 primum;
1130 3268 1181 3321 id
1222 3283 1303 3324 est
1333 3272 1705 3327 exsistentiam
1756 3275 2006 3329 ostendat
2031 3290 2202 3341 suam,

659 3357 873 3423 etquod
908 3355 960 3408 in
990 3343 1288 3412 subStantia
1340 3360 1618 3426 subsistat,
1650 3362 1897 3431 quodque
1923 3363 1977 3416 in
2006 3378 2067 3419 se
2095 3379 2208 3417 ma-

661 3453 789 3497 neat
825 3452 880 3499 et
911 3454 1012 3499 stet
1042 3462 1056 3500 :
1082 3446 1273 3503 deinde
1321 3462 1502 3503 vocem
1552 3452 1803 3507 emittena
1833 3453 2205 3509 rationabilem

659 3551 724 3589 ac
764 3536 871 3591 Deo
912 3536 1153 3607 dignam,
1200 3541 1504 3608 annuntiet,
1535 3557 1654 3611 qua:
1702 3552 1886 3611 postea
1938 3544 2113 3598 futura
2151 3546 2201 3598 itt

660 3625 861 3681 mundo
911 3626 1051 3693 sint;
1083 3638 1179 3681 aut
1219 3644 1337 3698 quae
1362 3630 1489 3684 olim
1518 3641 1582 3687 et
1604 3645 1633 3685 a
1674 3634 1934 3703 principio
1971 3635 2204 3705 contige-

656 3723 802 3779 runt,
852 3728 918 3769 ex
969 3731 1075 3784 quo
1134 3715 1404 3773 hominem
1464 3720 1516 3772 in
1563 3728 1704 3774 terra
1740 3722 1914 3788 posui,
1938 3736 2105 3791 usque
2137 3724 2201 3777 ad

658 3817 891 3871 praesens
951 3814 1179 3873 tempus.
1248 3806 1383 3861 IIinc
1427 3808 1570 3862 enim
1655 3823 2022 3879 agnoscemus,
2082 3827 2203 3865 eum

657 3893 841 3948 isthaac
872 3895 1034 3948 verbo
1058 3897 1420 3951 constituisse.

726 3982 886 4039 Vnus.
918 3984 1062 4038 8-10.
1105 4001 1123 4035 ι
1146 3983 1318 4039 Nolite
1344 3986 1621 4054 abscondi,
1670 3988 1831 4043 nolite
1858 4004 2065 4045 errare.
2092 3990 2204 4045 An-

653 4085 758 4126 non
790 4072 857 4125 ab
901 4073 1051 4127 initio
1082 4077 1405 4140 attendistis,
1439 4087 1492 4132 et
1525 4078 1838 4131 aunnntiavi
1892 4078 2083 4133 vobis?
2106 4079 2201 4135 Te-

650 4172 762 4215 Stes
801 4176 895 4215 vos
920 4164 1072 4226 estis,
1106 4180 1231 4218 num
1259 4168 1329 4221 sit
1354 4168 1490 4224 Deus
1515 4178 1707 4239 praeter
1725 4184 1828 4224 me.
1853 4169 1916 4224 Et
1941 4180 2065 4226 tunc
2094 4186 2201 4226 non

652 4249 938 4305 audierunt
984 4254 1075 4321 qui
1136 4253 1341 4323 lingunt
1384 4267 1440 4311 et
1488 4258 1735 4328 scalpunt
1767 4275 1781 4311 :
1819 4274 2008 4315 omnes
2052 4262 2198 4325 vani,

650 4341 740 4410 qui
788 4341 991 4396 faciunt
1035 4345 1298 4401 desideria
1345 4362 1463 4413 sua,
1492 4362 1610 4419 qua
1639 4364 1742 4405 non
1770 4351 2068 4420 proderunt
2095 4352 2196 4408 eis.

650 4429 756 4484 Sed
779 4432 1171 4488 confundentur
1194 4436 1284 4505 qui
1337 4437 1502 4493 Deum
1547 4438 1824 4510 eiiingunt,
1865 4452 1920 4495 et
1947 4441 2197 4511 sculpuut

2321 2000 2550 2071 σάμενος
2570 2000 2730 2053 αὑτὸν
2756 1999 2887 2062 Θεὸς
2917 1998 3142 2051 Σαϐαὼθ
3163 2014 3177 2027 ·
3226 1996 3365 2066 Ἐγὼ
3396 1998 3631 2069 πρῶτος,
3662 2000 3758 2052 καὶ⁵
3783 1997 3902 2068 ἐγὼ

2320 2090 2459 2160 μετά
2486 2089 2657 2143 ταῦτα
2679 2107 2691 2119 ’
2742 2089 2880 2160 πλὴν
2909 2086 3042 2158 ἐμοῦ
3088 2089 3188 2141 οὑκ
3223 2086 3336 2140 ἔστι
3366 2088 3517 2152 Θεός.
3573 2089 3670 2153 Τίς
3703 2090 3900 2162 ὥσπερ

2318 2177 2459 2246 ἐγώ;
2493 2178 2699 2249 Στήτω,
2738 2179 2831 2231 καὶ
2871 2176 3171 2239 καλεσάτω,
3222 2178 3316 2234 καὶ
3346 2178 3737 2247 άναγγειλάτω,
3768 2228 3771 2229 ν
3801 2181 3902 2233 καὶ

2315 2267 2655 2337 ἑτοιμασάτω
2696 2283 2817 2335 μοι·
2878 2266 2970 2335 ἀφ’
2998 2258 3061 2319 οὗ
3104 2267 3335 2337 ἐποίησα
3365 2267 3647 2339 ἄνθρωπον
3678 2270 3760 2332 εἰς
3800 2269 3901 2323 τὸν

2314 2359 2505 2422 αἰῶνα,
2542 2360 2635 2412 καί
2662 2358 2729 2411 τά
2761 2359 3098 2431 ἐπερχόμενα
3123 2360 3227 2430 πρὸ
3255 2359 3349 2413 τοῦ
3376 2359 3548 2413 ἐλθεῖν
3569 2361 3901 2431 ἀναγγειλά-

2313 2465 2491 2503 τωσαν
2522 2449 2669 2519 ὑμῖν.
2695 2468 2714 2501 ι
2748 2450 2964 2517 Λεγέτω
2988 2449 3097 2520 γάρ
3123 2448 3175 2501 εἰ
3194 2450 3278 2514 τις
3321 2452 3439 2504 ἐστι
3471 2450 3622 2515 Θεὸς,
3655 2452 3780 2507 ὅσον
3804 2452 3900 2524 ξρ-

2312 2558 2405 2609 γον
2431 2539 2623 2594 ἑαυτοῦ
2653 2541 2919 2594 δείκνυσιν
2945 2542 3003 2593 ἐν
3045 2540 3125 2611 τῷ
3176 2541 3357 2595 παντί.
3388 2542 3451 2594 Εἰ
3484 2540 3591 2613 γάρ
3622 2537 3704 2606 εἷς
3730 2545 3759 2596 6
3794 2544 3894 2597 κό-

2314 2649 2467 2703 σμος,
2496 2633 2591 2685 καὶ
2615 2625 2768 2696 οὗτος
2798 2631 3068 2704 συμφυὴς,
3096 2630 3190 2683 καὶ
3215 2630 3378 2695 αὑτὸς
3405 2631 3581 2703 ἐαυτῷ
3606 2633 3899 2704 συνημμέ-

2312 2741 2419 2787 νος,
2450 2719 2529 2787 εἶς
2564 2724 2630 2778 ἂν
2673 2725 2881 2792 γένοιτο
2938 2724 3034 2777 καὶ
3068 2725 3095 2776 6
3128 2722 3317 2776 τούτου
3346 2724 3694 2796 δημιουργός.
3748 2725 3895 2779 Ἀλλ’

2309 2807 2464 2879 οὗτος
2496 2816 2559 2868 ἐκ
2595 2813 2855 2885 μεγέθους
2891 2814 2984 2868 καὶ
3011 2811 3272 2884 καλλονῆς
3308 2814 3641 2884 κτισμάτων,
3681 2811 3770 2868 οἷα
3795 2816 3896 2871 τοῦ

2312 2904 2511 2967 παντὸς
2534 2903 2910 2975 γενεσιουργὸς
2932 2902 3235 2974 θεωρεῖται.
3262 2904 3323 2956 Εἰ
3348 2903 3403 2956 δέ
3435 2920 3520 2967 τις
3542 2905 3750 2975 εἰσάγοι
3783 2905 3896 2961 ἕτε-

2314 3011 2425 3065 ρον,
2474 2994 2733 3047 δεικνύτω
2754 2994 2992 3047 τοιοῦτον
3016 2994 3213 3064 ὁμοίως
3258 2992 3460 3064 κόσμον
3520 2995 3705 3066 ἕτερον
3745 3012 3895 3069 παρ-

2314 3084 2498 3147 ιστάςο
2680 3084 2779 3137 οὑκ
2808 3083 2951 3137 ἔστιν
2980 3082 3165 3154 Ξτερος
3194 3082 3344 3153 παρὰ
3371 3082 3462 3137 τὸν
3492 3082 3767 3155 ὁρώμενον
3798 3086 3896 3140 κό-

2312 3191 2447 3245 σμον
2467 3192 2479 3203 ·
2510 3174 2629 3227 οὑδὲ
2657 3174 2787 3237 Θεὸς
2813 3175 2918 3243 ἄρα
2958 3172 3139 3244 ἕτερός
3165 3175 3332 3225 ἐστιν.
3367 3174 3431 3226 Ei
3466 3173 3524 3227 δέ
3558 3191 3663 3236 τις,
3703 3194 3720 3225 t
3750 3176 3894 3247 Στή-

2307 3280 2405 3329 τω,
2432 3283 2450 3315 ι
2481 3265 2633 3333 φησι,
2657 3262 2812 3316 τοῦτο
2844 3263 3058 3335 πρῶτον
3078 3281 3088 3292 ·
3112 3264 3254 3332 λέγω
3274 3263 3338 3335 δὴ
3360 3262 3459 3335 τὴν
3486 3263 3681 3318 ἐαυτοῦ
3714 3264 3894 3333 δειξά.

2307 3373 2387 3409 τω
2416 3352 2645 3424 ὕπαρξιν
2667 3371 2679 3384 ·
2724 3354 2805 3407 ὅτι
2842 3356 2901 3407 τέ
2934 3356 3081 3409 ἐστιν
3123 3356 3183 3409 ἐν
3211 3355 3397 3418 οὐσίας
3434 3356 3745 3423 ὑποστάσει,
3782 3360 3882 3413 καὶ

2304 3447 2386 3498 ὅτι
2418 3446 2502 3514 ἐφ’
2527 3446 2701 3516 ἐαυτῷ
2730 3446 2881 3515 μένει
2908 3447 3002 3500 καὶ
3020 3446 3250 3517 ἕστηκεν
3270 3464 3282 3477 ·
3309 3447 3500 3501 ἔπειτα
3519 3448 3702 3522 φωνὴν
3722 3450 3891 3520 ἀφεὶς

2304 3536 2525 3607 λογικὴν
2550 3536 2645 3589 καὶ
2674 3534 2792 3606 Θεῷ
2820 3536 3155 3609 πρέπουσαν,
3190 3539 3561 3607 άναγγειλάτω
3578 3540 3700 3596 τινα
3728 3540 3891 3596 ἔσται

2301 3625 2369 3679 τά
2399 3626 2535 3695 μετὰ
2558 3625 2728 3680 ταῦτα
2743 3628 3079 3700 γενησόμενα
3094 3628 3150 3681 ἐν
3178 3628 3254 3699 τῷ
3278 3629 3377 3702 βίῳ
3404 3630 3535 3701 (59)·
3557 3630 3590 3703 ἢ
3612 3632 3681 3686 τά
3710 3632 3888 3687 πάλαι

2302 3715 2362 3782 ἐξ
2412 3719 2584 3790 ἀρχῆς
2618 3720 2947 3785 ὑποστάντα,
2995 3720 3089 3791 ἀφ’
3132 3714 3193 3774 οὑ
3225 3722 3316 3775 τὸν
3355 3722 3638 3795 ἄνθρωπον
3674 3723 3889 3797 ἐθέμην

2303 3808 2394 3859 ἐπὶ
2424 3809 2521 3879 τῆς
2552 3809 2652 3882 γῆς
2691 3810 2850 3881 μέχρι
2898 3811 2991 3865 τοῦ
3027 3812 3289 3884 παρόντος
3333 3814 3543 3886 χρόνου.
3598 3816 3728 3870 ’Δπὸ
3769 3818 3887 3889 γάρ

2302 3900 2490 3954 τούτου
2523 3901 2863 3972 γνωσόμεθα,
2900 3903 2981 3956 ὅτι
3009 3902 3237 3975 ἔστησεν
3258 3904 3398 3958 αὑτὰ
3433 3905 3593 3975 λόγῳ.

2380 4010 2399 4042 ι
2426 3993 2515 4061 Μὴ
2565 3992 3076 4063 παρακαλύπτεσθε,
3118 3994 3251 4065 μηδὲ
3299 3995 3593 4051 πλανᾶσθε.
3639 3999 3755 4052 Οὑκ
3781 3993 3885 4053 ἀπ’

2301 4083 2473 4154 ἀρχῆς
2505 4082 2863 4151 ὴνωτίσασθε,
2896 4084 2990 4137 καὶ⁷
3018 4086 3326 4156 ἀπήγγειλα
3378 4086 3545 4157 ὑμίν;
3584 4088 3884 4159 Μάρτυρες

2302 4173 2456 4243 ὑμεῖς
2478 4175 2617 4236 ἐστε,
2654 4174 2701 4226 εἰ
2732 4173 2847 4226 ἔστι
2872 4173 3002 4237 Θεὸς
3033 4175 3172 4246 πλὴν
3196 4176 3350 4247 ἐμοῦ.
3372 4177 3482 4231 Καὶ
3510 4178 3611 4231 οὑκ
3634 4180 3885 4251 ηιωυσαν

2300 4260 2419 4313 τότε
2443 4263 2492 4313 οἱ
2510 4262 2835 4327 πλάσσοντες
2860 4264 2953 4317 καὶ
2984 4264 3033 4316 οἱ
3061 4265 3374 4334 γλύφοντες,
3403 4268 3603 4333 πάντες
3631 4270 3881 4341 μάταιοι,

2301 4351 2577 4415 ποιοῦντες
2608 4352 2675 4407 τά
2698 4353 3010 4425 καταθύμια
3044 4356 3245 4421 αὑτῶν,
3290 4357 3326 4412 ἃ.
3356 4360 3455 4413 οὑκ
3482 4360 3756 4434 ὠφελήσει
3779 4364 3882 4419 a6-

2298 4442 2439 4504 τούς.
2488 4442 2621 4495 Ἀλλ’
2659 4445 3103 4516 αἰσχυνθήσονται
3148 4449 3197 4501 οἱ
3238 4450 3570 4516 πλάσσοντες
3592 4451 3745 4520 Θεὸν,
3780 4456 3882 4509 καὶ

647 4535 836 4576 omnes
867 4521 1133 4577 inutilia.»
1169 4524 1281 4578 Non
1312 4527 1379 4581 ab
1429 4528 1604 4594 initio,
1642 4530 1837 4599 inquit,
1862 4531 1933 4585 ila
1982 4532 2111 4598 fuit;
2146 4534 2197 4588 id

2309 4532 2588 4603 γλύφοντες
2617 4536 2814 4600 πάντες
2841 4538 3111 4610 ἀνωφελῆ.
3140 4559 3159 4592 ι
3194 4541 3307 4595 Οὑκ
3345 4542 3440 4595 ἀπ’
3464 4544 3663 4615 ἀρχῆς,
3714 4549 3878 4619 φησὶ,

646 4619 734 4665 est
793 4624 918 4666 ante
967 4613 1147 4668 diluvii
1201 4624 1461 4687 tempora,
1500 4634 1621 4674 cum
1680 4622 1862 4676 animo
1894 4624 2193 4690 expertium

645 4701 1053 4759 simulacrorum
1100 4704 1236 4761 fabri
1272 4709 1507 4763 nondum
1547 4722 1750 4766 essent.
1785 4713 1999 4783 Vosque
2034 4723 2198 4770 testes

646 4794 801 4856 estis,
850 4796 1105 4857 nondum,
1156 4795 1361 4852 scilicet
1389 4799 1540 4854 initio
1584 4802 1822 4858 mortalis
1854 4804 1997 4868 vitae,
2037 4804 2198 4858 exsti-

646 4882 774 4937 tisse
801 4884 1121 4939 couilatores
1147 4888 1555 4958 sculptoresque
1607 4892 1862 4958 deorum;
1897 4909 2023 4949 cum
2056 4895 2195 4949 scul-

643 4972 815 5041 ptoria
847 4973 1163 5045 fabrilisque
1192 4992 1284 5032 ars
1309 4980 1446 5046 apud
1484 4981 1726 5037 homines
1764 4984 1996 5037 nondum
2041 4999 2193 5053 repe-

642 5069 861 5113 I'll’ellll'.

713 5146 875 5202 Vens.
912 5150 1091 5207 H-I'i.
1125 5174 1142 5205 ι
1170 5154 1230 5208 Ει
1274 5172 1461 5212 omnes
1484 5158 1621 5213 unde
1647 5159 1771 5214 facti
1814 5173 1938 5215 sunt
1966 5178 2192 5221 exarue-

642 5247 787 5301 runt,
806 5250 859 5293 et
892 5244 1036 5296 surdi
1082 5248 1148 5299 ab
1187 5248 1495 5303 hominibus
1542 5262 1934 5321 congregemur
1978 5270 2189 5320 omnes,

640 5338 695 5383 et
721 5340 867 5386 stent
887 5335 1064 5401 simul,
1093 5337 1495 5395 confundantur
1523 5352 1577 5395 et
1607 5344 1929 5399 erubescant
1984 5349 2142 5401 simul
2172 5365 2187 5401 :

638 5423 765 5491 quia
800 5427 947 5478 acuit
979 5427 1131 5483 faber
1172 5430 1375 5486 ferrum
1411 5451 1427 5487 :
1455 5433 1602 5488 ascia
1634 5446 1888 5503 operatus
1914 5446 1997 5490 est
2030 5438 2184 5503 illud,

638 5520 694 5565 et
718 5515 984 5569 terebrutu
1012 5519 1247 5574 admovit
1270 5523 1342 5588 ei,
1367 5532 1420 5578 et
1434 5534 1686 5591 operatus
1718 5535 1800 5579 est
1824 5525 1950 5580 illud
1979 5528 2030 5580 in
2062 5529 2187 5581 bra-

710 5646 821 5717 (39)
848 5647 962 5703 Jatn
996 5648 1048 5703 in
1078 5651 1395 5707 Prmfatioue
1447 5654 1512 5707 ad
1540 5654 1754 5709 Eusebii
1788 5654 2183 5711 Commentaria

640 5717 695 5770 in
733 5717 963 5791 Psalmos
987 5722 1283 5791 perspicuis
1327 5724 1586 5791 exemplis
1619 5728 2179 5789 commonstravimus.

640 5801 820 5841 vocem
856 5787 1322 5859 ,Blocft‘equeutcr
1374 5794 1443 5848 ab
1486 5787 1733 5849 Eusebio
1782 5797 2024 5865 usurpari
2090 5787 2183 5865 pro

2301 4624 2541 4677 τουτέστι
2572 4626 2677 4696 πρὸ
2697 4625 2804 4680 τῶν
2833 4627 2925 4681 τοῦ
2956 4630 3338 4700 κατακλυσμοῦ
3366 4633 3593 4703 χρόνων,
3628 4634 3750 4689 καθ’
3780 4637 3881 4704 οὓς

2302 4715 2419 4802 οὑδὲ
2442 4716 2490 4768 οἱ
2545 4717 2651 4770 τῶν
2678 4719 2900 4789 ἀψύχων
2957 4720 3155 4802 ξοάνων
3177 4724 3423 4788 τέκτονες
3468 4726 3727 4799 ὑπῆρχον.
3760 4730 3879 4785 Καὶ

2299 4801 2500 4855 τούτων
2527 4803 2681 4875 ὑμεῖς
2713 4807 3005 4877 μάρτυρες,
3029 4801 3105 4870 ὡς
3134 4811 3234 4865 οὑκ
3260 4807 3400 4883 ἦσαν
3446 4814 3589 4882 τότε,
3632 4816 3777 4887 λέγω
3804 4820 3873 4892 δὴ

2302 4892 2439 4946 κατὰ
2472 4895 2569 4958 τὰς
2599 4896 2773 4967 ἀρχὰς
2805 4899 2901 4967 τῆς
2938 4898 3031 4952 τοῦ
3069 4901 3262 4972 θνητοῦ
3297 4904 3413 4974 βίου
3441 4909 3775 4977 συστάσεως,
3816 4913 3873 4965 οἱ

2298 4983 2623 5047 πλάσσοντες
2654 4986 2746 5039 καὶ
2775 4986 3067 5057 γλύφοντες
3116 4992 3290 5059 θεοὺς,
3338 4993 3492 5050 οὑπω
3539 4998 3871 5075 γλυπτικῆς,

2298 5074 2417 5127 οὑδὲ
2446 5076 2745 5147 πλαστικῆς
2777 5079 2967 5150 τέχνης
2998 5084 3056 5136 ἐν
3099 5084 3406 5155 ἀνθρώποις
3448 5074 3867 5164 εὑρισκομένης.

2371 5167 2517 5220 «Καὶ
2548 5168 2746 5232 πάντες
2785 5169 2904 5224 ὅθεν
2935 5173 3179 5241 ἐγένοντο
3206 5176 3595 5249 ἐξηράνθησαν,
3628 5186 3721 5237 καὶ
3755 5203 3871 5239 κω-

2298 5259 2385 5326 φοὶ
2417 5260 2522 5311 ἀπο
2545 5260 2841 5330 ἀνθρώπιον
2864 5264 3280 5337 συναχθήτωσαν
3303 5269 3522 5338 πάντες,
3548 5275 3639 5326 καὶ
3671 5278 3869 5349 στησά-

2293 5364 2466 5401 τωσαν
2497 5349 2631 5419 ἅμα.
2678 5351 2772 5403 καὶ
2813 5355 3253 5427 ἐντραπήτωσαν,
3296 5362 3387 5413 καὶ
3418 5364 3866 5437 αἰσχυνθήτωσαν

2294 5440 2407 5509 ἅμα
2429 5456 2442 5469 ο
2473 5441 2554 5492 ὅτι
2581 5439 2749 5507 ὢξυνε
2779 5444 2981 5497 τέκτων
3015 5446 3251 5520 σίδηρον,
3290 5455 3577 5524 σκεπάρνῳ
3607 5458 3865 5527 εἰργάσα-

2292 5548 2352 5584 το
2381 5533 2530 5599 αὑτὸ,
2565 5536 2658 5586 καὶ
2690 5536 2747 5587 ἐν
2769 5537 3002 5604 τερέτρῳ
3034 5538 3258 5609 ἔστησεν
3296 5544 3446 5606 αὑτὸ,
3482 5548 3575 5599 καὶ
3609 5550 3863 5620 εἰργάσαι

2290 5663 2517 5726 mundo,
2552 5668 2666 5718 sive
2695 5680 2791 5733 pro
2825 5667 3134 5723 hominibus
3182 5670 3283 5725 hoc
3315 5672 3368 5726 iu
3401 5677 3600 5731 mundo
3632 5693 3860 5733 versan-

2292 5733 2432 5817 tibus
2458 5743 2549 5817 εει
2582 5738 2661 5786 sic
2694 5736 2970 5817 intelligas
2992 5743 3353 5817 oportet_lt0_c
3381 5743 3499 5817 loco
3526 5746 3695 5817 ἐντῷ
3728 5746 3853 5817 βιῳ,

2294 5804 2501 5858 scilicet
2533 5804 2583 5857 iu
2610 5805 2823 5867 mundo,
2864 5822 2924 5860 ac
2959 5804 3199 5865 homines
3227 5810 3279 5866 in
3311 5812 3408 5867 hac
3432 5814 3537 5869 vita
3572 5804 3849 5887 degentes:
