4058 6400
237 430 336 485 699

1157 412 1664 471 COMMENTARIA
1702 409 1769 466 IN
1807 406 2065 465 ISAIAM.
2096 431 2165 444 --
2200 400 2355 458 CAP.
2400 396 2554 454 XLV.

3400 382 3509 439 ΗΟ

239 546 423 601 τεῦθεν
454 545 556 618 ῆδη
598 543 847 617 προλέγω
875 540 969 596 καὶ
999 537 1430 609 ἐπαγγέλλομαι,
1459 538 1542 590 δτι
1579 536 1679 606 τὴν
1716 536 1819 587 ἰε-

1937 529 2037 598 :qu
2065 527 2342 585 excidiqu
2376 539 2404 577 a
2438 517 2750 590 Babyloniis
2779 515 2985 568 factum
3009 550 3023 575 ,
3061 508 3426 563 renovandam
3455 516 3513 560 ct

242 635 526 711 ρουσαλὴμ
550 634 689 706 μετά
718 631 817 703 τὴν
849 629 1075 703 πρώτην
1103 626 1422 699 καθαίρεσιν
1448 626 1545 697 τὴν
1577 624 1683 677 ὑπὸ
1716 622 1823 675 Βα-

240 710 521 781 ϐυλωνίων
558 721 935 794 γενησομένην
981 717 1434 786 ἀνακαινισθῆναι
1479 717 1714 785 ποιήσω,
1747 710 1823 776 ὡς

239 815 330 869 καὶ
361 814 464 879 τὰς
480 813 582 879 τῆς
617 810 874 872 Ἰουδαίας
904 808 1089 872 πόλεις
1112 805 1527 877 κατοικηθῆναι,
1560 806 1653 857 καὶ
1678 802 1748 855 τά
1766 803 1824 855 ὲν

240 906 429 968 αὐταῖς
455 904 640 974 ιρημα
676 900 840 953 πάλιν
862 900 938 963 ὡς
958 898 1025 953 τά
1044 897 1325 969 ἀπ’ἀρχῆς
1350 896 1630 967 συστῆναι.
1664 892 1825 947 Ἀλλά

241 997 334 1050 καὶ
370 994 471 1066 τὴν
502 992 815 1056 πολυθεῖαν,
848 992 946 1062 τῆς
987 988 1187 1052 κακίας
1220 988 1453 1043 ἄϐυσσον
1487 985 1825 1058 ὀνομαζομέ-

240 1106 357 1159 νην,
396 1087 604 1158 ἕρημον
632 1085 979 1154 καταστήσω,
1014 1080 1261 1143 καὶτοὺς
1291 1079 1568 1150 ποταμοὺς
1604 1078 1703 1148 τῆς
1728 1093 1827 1129 πο-

240 1178 461 1242 λυθεῑας
508 1174 618 1230 τῶν
647 1174 924 1245 πολεμίων
976 1170 1331 1242 ἀποξηρανῶ’
1363 1171 1437 1234 ὼς
1496 1169 1693 1241 μηκέτι
1727 1167 1825 1238 τὴν

242 1265 541 1324 Βαϐυλῶνα
569 1264 852 1335 συστῆναι,
886 1264 1023 1333 μήτε
1049 1261 1176 1324 τοὺς
1198 1262 1476 1331 ποταμοὺς
1499 1260 1670 1329 αὐτῆς
1699 1259 1826 1321 τοὺς

244 1355 833 1429 πολλὼδεδυνημένους
864 1356 923 1407 ὲν
969 1350 1230 1423 πλήθεσιν
1264 1353 1523 1423 ἰσχυροῖς.
1552 1351 1738 1404 Ταῦτα
1768 1351 1825 1404 δὲ

244 1453 422 1507 πάντα
442 1451 654 1519 ποιήσω
685 1446 915 1517 διακόνῳ
929 1445 1271 1517 χρησάμενος
1296 1443 1449 1513 ἀνδρὶ
1481 1441 1575 1496 τοῦ
1601 1442 1825 1514 Περσῶν

239 1545 433 1613 γένους
451 1538 856 1612 βεϐασιλευκότι
877 1536 1096 1607 πρώτῳ.
1124 1534 1256 1587 Είδὲ
1281 1534 1386 1605 χρὴ
1408 1534 1501 1587 καὶ
1520 1534 1607 1586 ἐπ’
1628 1533 1827 1602 ὀνόμα-

239 1650 331 1697 τος
345 1628 724 1703 προφητεῦσαι
745 1626 932 1680 τούτου
945 1627 1042 1696 τὴν
1056 1623 1445 1694 προσηγορίαν,
1462 1621 1641 1691 Κῦρος
1656 1621 1825 1691 ὄνομα

239 1726 318 1797 τῷ
362 1722 763 1793 θεσπιζομένῳ,
806 1720 866 1772 ὃν
910 1720 1289 1790 προστήσομαι
1332 1714 1439 1768 τῶν
1473 1714 1622 1784 ὲμῶν
1651 1714 1826 1781 λόγων

242 1811 548 1881 ὑπηρέτην,
584 1807 845 1878 φρόνησιν
889 1804 1038 1875 αὐτῷ
1073 1803 1458 1875 δωρησάμενος
1502 1802 1721 1873 εὐσεϐῆ,
1750 1802 1825 1865 ὡς

1924 617 2343 677 restaurandam
2394 620 2714 669 curaturum
2746 621 2911 672 esse;
2952 604 3027 658 ita
3076 612 3131 655 ut
3184 598 3387 656 ludam
3418 615 3514 653 ur-

1922 714 2019 769 bes
2046 710 2377 771 incolantur,
2407 714 2463 761 et
2487 718 2613 773 qua:
2646 702 2698 755 in
2734 698 2844 754 illis
2878 698 3095 751 deserta
3126 695 3367 757 fuerant,
3408 692 3513 746 ito-

1923 822 2042 864 rum
2087 812 2144 858 ut
2197 818 2227 857 a
2281 797 2555 869 principio
2588 789 2969 849 constituenda
3005 788 3137 842 sint.
3167 784 3307 852 Quin
3344 784 3512 837 etiam

1924 899 2145 952 deorum
2190 890 2647 961 multiplicitatetn
2673 926 2687 950 ,
2714 899 2835 954 qua:
2882 878 3110 951 abyssus
3142 877 3361 931 malitiae
3417 890 3514 928 vo-

1923 996 2101 1052 catur,
2130 986 2402 1039 desertam
2450 980 2669 1041 faciam,
2725 991 2789 1029 ac
2852 972 3079 1027 ﬂumina
3138 968 3513 1038 multiplicita-

1925 1081 1995 1135 tis
2027 1081 2251 1132 deorum
2281 1114 2297 1138 ,
2341 1088 2463 1142 quae
2508 1084 2675 1139 penes
2717 1065 2971 1121 inimicos
3000 1072 3125 1130 est,
3171 1061 3509 1124 arefaciam;

1926 1172 1998 1224 ita
2028 1178 2087 1223 ut
2116 1166 2357 1237 Babylon
2391 1180 2497 1218 non
2534 1162 2675 1215 ultra
2730 1159 3018 1221 consistat,
3062 1155 3156 1210 sed
3189 1168 3368 1222 neque
3414 1151 3515 1204 ﬂu-

1926 1262 2070 1315 mina
2108 1258 2227 1323 ejus
2252 1296 2268 1321 ,
2317 1256 2367 1310 vi
2402 1253 2765 1308 multitudinis
2796 1250 3027 1304 multum
3066 1246 3321 1302 valentia.
3388 1244 3515 1298 llaec

1924 1366 2090 1421 porro
2120 1348 2302 1403 omnia
2339 1361 2613 1421 peragam
2635 1344 2889 1396 ministro
2921 1350 3080 1394 utens
3107 1336 3251 1399 viro,
3279 1334 3371 1406 qui
3402 1336 3517 1404 pri-

1926 1458 2045 1497 mus
2092 1440 2377 1495 Persarum
2410 1453 2501 1492 rex
2535 1436 2659 1491 erit.
2694 1434 2849 1501 Quod
2901 1433 2947 1487 si
2998 1445 3136 1500 opus
3187 1429 3261 1484 sit
3314 1442 3513 1484 nomen

1924 1537 2041 1602 ejus
2069 1532 2379 1603 prOpIietice
2430 1529 2744 1598 signiﬁcare
2771 1566 2786 1593 ,
2832 1525 3006 1597 Cyrus
3038 1521 3400 1591 appellabitur
3445 1520 3511 1583 is.

1926 1628 2017 1697 qui
2072 1627 2126 1679 itt
2176 1623 2434 1678 vaticinio
2484 1621 2679 1683 fertur,
2714 1634 2875 1689 quem
2917 1618 3212 1672 verborum
3265 1628 3515 1669 meorum

1928 1721 2238 1774 ministrum
2270 1716 2598 1770 constituam
2632 1728 2646 1778 ;
2675 1713 2818 1782 piam
2848 1710 2950 1779 ipsi
2996 1716 3231 1763 mentem
3279 1706 3471 1759 indens
3502 1746 3517 1769 ,

1927 1822 1986 1866 ut
2021 1812 2151 1864 mihi
2190 1808 2388 1878 placita
2444 1807 2628 1859 omnia
2681 1812 3041 1871 exsequatur,
3092 1816 3157 1852 ac
3208 1798 3513 1854 Jerusalem

244 1876 427 1956 πάντα
458 1876 528 1953 τὰ
550 1876 868 1970 καταθύμιά
900 1914 989 1968 μοι
1020 1896 1246 1966 ποιῆσαι
1270 1896 1365 1949 καὶ
1392 1894 1692 1963 προστάξαι
1725 1894 1823 1965 τὴν

1947 1906 2104 1957 ubeat
2154 1900 2424 1965 excitari,
2481 1896 2855 1966 templumque
2903 1893 3023 1962 ejus
3070 1908 3099 1947 a
3147 1892 3519 1947 fundamentis

255 1990 611 2063 Ἰερουσαλὴμ
628 1987 1067 2057 οἰκοδομηθῆναι,
1100 1988 1194 2039 καὶ
1223 1987 1312 2039 τὸν
1340 1983 1474 2037 νεὼν
1499 1984 1590 2036 τὸν
1608 1986 1666 2037 ὲν
1686 1986 1822 2055 αὐτῇ

245 2081 303 2133 θε
312 2079 643 2151 μελιωθῆναι
652 2120 665 2133 .

746 2146 1142 2200 ΚΕΦΑΛΑΙΟΝ
1180 2147 1312 2199 ME'.

324 2261 343 2291 ι
378 2240 535 2293 Οὕτω
564 2240 708 2307 λέγει
737 2240 941 2311 Κύριος
968 2242 996 2291 6
1028 2238 1159 2301 Θεὸς
1204 2237 1281 2308 τῷ
1330 2237 1534 2309 χριστῷ
1571 2255 1670 2307 μου
1713 2237 1828 2289 Κύ-

247 2348 349 2403 ρῳ,
398 2323 461 2382 οὗ
507 2332 788 2401 ἐκράτησα
825 2332 925 2400 τῆς
970 2329 1147 2395 δεξιᾶς
1187 2330 1489 2383 ἐπακοῦσαι
1518 2329 1827 2399 ἔμπροσθεν

245 2422 415 2478 αὐτοῦ
446 2422 595 2493 ἔθνη,
649 2425 743 2475 καὶ
780 2425 934 2492 ίσχὺν
962 2422 1226 2493 βασιλέων
1254 2422 1547 2493 διαρῥήξω.
1607 2420 1827 2485 Ἀνοίξω

245 2516 559 2587 ἔμπροσθεν
584 2514 748 2567 αὐτοῦ
776 2515 965 2585 θύρας,
1012 2517 1106 2567 καὶ
1150 2514 1333 2575 πόλεις
1380 2514 1440 2566 ού
1491 2513 1830 2581 συγκλείσον-

229 2623 362 2661 παι.
408 2626 426 2657 ι
479 2606 707 2674 Ἀγαθὸν
744 2606 800 2657 δὲ
842 2606 1120 2676 ὑπηρέτην
1147 2606 1247 2673 τῆς
1275 2604 1413 2673 ἐμῆς
1452 2602 1642 2672 βουλῆς
1672 2598 1828 2673 εὖρον

244 2701 341 2752 τὸν
364 2698 775 2768 προδηλωθέντα
798 2698 983 2769 ἄνδρα”
1010 2695 1257 2749 ἐντεῦθεν
1292 2697 1391 2765 ἤδη
1421 2696 1830 2766 ἐπαγγέλλομαι

246 2787 544 2855 κρατήσειν
584 2785 747 2838 αὑτοῦ
783 2786 883 2854 τῆς
922 2785 1119 2849 δεξιᾶς,
1157 2786 1291 2854 πρὸς
1333 2785 1393 2837 τὸ
1436 2784 1510 2854 μὴ
1559 2787 1832 2857 παρατρέ-

245 2874 470 2938 πεσθαι,
501 2874 636 2945 μηδὲ
672 2874 921 2926 νικᾶσθαι
970 2874 1075 2925 ὑπό
1116 2889 1259 2935 τινος
1307 2872 1635 2944 κρείττονος.
1668 2874 1830 2928 Ὑπο-

244 2967 437 3020 τάσσω
467 2965 523 3018 δὲ
562 2966 711 3036 αὐτῷ
750 2965 976 3017 πλεῖστα
1033 2966 1132 3017 ὅσα
1165 2966 1222 3015 ἐν
1252 2966 1366 3026 τοῖς
1416 2964 1621 3026 λοιποῖς
1654 2963 1831 3015 ἔθνεσι

251 3058 647 3127 βασιλευόντων
670 3074 682 3085 ·
707 3058 774 3110 δι’
801 3056 964 3109 αὑτοῦ
981 3056 1036 3108 δὲ
1057 3056 1153 3126 τὴν
1183 3056 1334 3124 ἰσχὺν
1350 3054 1625 3125 διαρῤήξω
1652 3055 1832 3123 πάσης

245 3148 349 3219 τῆς
381 3148 437 3199 tv
469 3149 583 3211 τοῖς
613 3147 817 3209 λοιποῖς
837 3147 1011 3199 ἔθνεσι
1038 3145 1355 3207 δυναστείας
1376 3160 1387 3172 ·
1429 3144 1605 3198 πάντα
1629 3144 1684 3197 δὲ
1716 3146 1832 3197 λεῖα

249 3218 347 3293 καὶ
377 3240 555 3310 δμαλά
583 3240 928 3310 καταστήσας
961 3239 1065 3308 πρὸ
1092 3237 1199 3290 τῶν
1229 3236 1390 3289 αὑτοῦ
1440 3238 1636 3302 ποδῶν,
1668 3238 1833 3309 θύρας
1864 3218 1908 3277 C

248 3331 482 3393 πόλεων,
518 3330 612 3382 καὶ
632 3329 800 3392 αὐτὰς
826 3329 953 3391 ὅλας
983 3328 1080 3390 τάς
1110 3328 1292 3390 πόλεις
1321 3327 1666 3399 ὑποχειρίους
1688 3329 1835 3398 αὐτῷ

254 3418 568 3491 παραδώσω
588 3436 601 3449 ⁶
636 3421 711 3482 ὼς
736 3418 1006 3489 μηδεμίαν
1030 3416 1281 3471 ἐναντίαν
1304 3417 1453 3487 αὑτῷ
1487 3417 1759 3483 γενέσθαι.

331 3550 349 3583 ι
384 3528 526 3599 Ἐγὼ
558 3528 865 3599 ἔμπροσθέν
893 3545 986 3581 σου
1030 3526 1393 3597 πορεύσομαι,
1443 3526 1535 3578 καὶ
1566 3525 1675 3595 ὄρη
1707 3528 1837 3595 ὁμα-

251 3622 385 3675 λιῶ·
420 3620 589 3693 θύρας
627 3621 833 3690 χαλκᾶς
866 3618 1160 3689 συντρίψω,
1200 3618 1293 3669 καὶ
1315 3615 1545 3687 μοχλοὺς
1584 3616 1837 3688 σιδηροῦς

258 3710 565 3781 συγκλάσω.
612 3730 629 3761 ι
661 3711 772 3765 Kal.
806 3712 946 3764 εῐποι
988 3708 1031 3761 δ’
1057 3707 1123 3761 άν
1154 3724 1239 3770 τις
1266 3707 1332 3760 τά
1371 3706 1512 3760 κατά
1537 3708 1629 3759 τὸν
1675 3709 1837 3777 Ζορο-

255 3804 444 3869 6ἀδελ,
480 3804 513 3875 ἢ
555 3804 695 3858 κατά
742 3804 923 3875 Κῦρον
970 3803 1257 3875 ίστορικῶς
1290 3802 1577 3871 γενόμενα,
1622 3801 1836 3863 εἰκόνας

258 3896 357 3951 καὶ
382 3894 629 3966 σύμϐολα
644 3895 920 3965 περιέχειν
946 3894 1043 3964 τῆς
1073 3894 1330 3963 ἀληθείας
1348 3908 1361 3923 ⁸
1392 3893 1461 3944 τὰ
1488 3892 1545 3945 δὲ
1578 3896 1720 3945 κατὰ
1746 3894 1837 3945 τὸν

259 3984 435 4056 ἀληθῆ
468 3984 672 4057 Κύριον
712 3985 805 4038 καὶ
844 3984 1077 4054 Χριστὸν
1118 3981 1500 4052 πνευματικῶς
1544 3982 1836 4053 πεπληρῶ-

260 4078 415 4132 σθαι·
448 4078 522 4140 ὡς
554 4078 639 4130 ἐπ’
674 4076 838 4129 αὑτὸν
877 4075 1075 4147 μᾶλλον
1115 4073 1401 4145 ἀληθεύειν
1426 4074 1518 4125 τὸν
1555 4072 1713 4143 λόγον
1745 4076 1836 4129 τὸν

258 4173 549 4242 φήσαντα·
597 4190 614 4221 ι
670 4169 809 4222 Τάδε
862 4169 1009 4236 λέγει
1070 4166 1274 4237 Κύριος
1338 4165 1417 4237 τῷ
1468 4166 1672 4236 χριστῷ
1734 4183 1836 4236 μου

258 4262 448 4333 Κύρῳ.
472 4260 662 4315 »Κατά
700 4260 808 4331 γάρ
838 4261 937 4329 τὴν
968 4258 1253 4330 πρόχειρον
1279 4256 1421 4323 λέξιν
1456 4256 1579 4309 οὔτε
1606 4255 1838 4327 Χριστὸς

257 4356 337 4411 ὣν
358 4356 453 4409 τοῦ
483 4356 617 4409 Θεοῦ
636 4355 885 4424 φαίνεται
905 4356 933 4407 ὁ
958 4355 1183 4426 Περσῶν
1209 4353 1460 4424 βασιλεὺς
1480 4352 1838 4424 οίκοδομήσας

254 4451 359 4520 τὴν
404 4448 793 4521 Ἰερουσαλήμ·
840 4446 955 4500 ἀλλ’
992 4447 1112 4500 οὐδὲ
1160 4446 1296 4509 ὅλως
1337 4444 1477 4497 κατά
1522 4443 1617 4515 τὴν
1673 4443 1837 4498 αὐτοῦ

1931 1995 2162 2052 exstrui.

2500 2143 2733 2202 CAPUT
2774 2141 2937 2198 XLV.

1998 2245 2160 2300 Vens.
2198 2245 2244 2298 ι.
2278 2262 2300 2313 γι
2337 2240 2430 2297 Sic
2466 2240 2595 2293 dicit
2650 2237 2913 2292 Dominus
2958 2234 3102 2290 Deus
3149 2234 3363 2288 christo
3399 2246 3520 2284 meo

1927 2340 2092 2410 Cyro.
2163 2336 2316 2402 cujus
2369 2330 2705 2403 apprehendi
2761 2331 3068 2392 dexteram,
3123 2340 3181 2380 ut
3232 2325 3517 2393 subjiciam

1929 2442 2052 2485 ante
2084 2430 2274 2482 faciem
2326 2425 2443 2493 ejus
2486 2434 2697 2494 gentes,
2733 2432 2789 2475 et
2831 2422 2977 2473 vires
3016 2433 3199 2487 regum
3250 2418 3517 2485 frangam.

1930 2523 2182 2591 Aperiam
2218 2534 2405 2573 coram
2435 2532 2501 2570 eo
2534 2524 2741 2585 portas,
2797 2523 2853 2567 et
2906 2511 3071 2565 urbes
3108 2526 3214 2563 non
3259 2509 3521 2562 clauden-

1932 2628 2038 2670 tnr.
2073 2634 2089 2664 ι
2129 2612 2334 2665 Bonum
2375 2619 2557 2663 autem
2594 2604 2807 2660 consilii
2847 2604 2950 2656 mei
2990 2602 3297 2654 ministrum
3338 2596 3521 2651 inveni

1933 2716 2293 2763 memoratum
2322 2706 2495 2755 virum
2524 2718 2536 2753 :
2570 2699 2682 2769 jam
2732 2698 2861 2751 hinc
2893 2695 3155 2766 polliceor
3202 2707 3288 2745 me
3327 2690 3522 2743 dexte-

1935 2816 2047 2853 ram
2084 2799 2200 2867 ejus
2251 2795 2718 2863 apprehensurum
2769 2805 2912 2856 esse,
2973 2798 3030 2841 ut
3086 2802 3190 2839 non
3220 2792 3522 2842 evertatur,

1937 2906 2115 2959 neque
2157 2896 2447 2957 superetur
2503 2899 2531 2937 a
2592 2883 2849 2952 quopiam
2924 2880 3170 2933 fortiore.
3230 2876 3334 2946 Ipsi
3391 2888 3523 2928 vero

1936 2983 2102 3038 multa
2148 2980 2433 3047 subjiciam
2485 2990 2555 3030 ex
2615 2990 2803 3043 regum
2867 2974 3097 3026 aliarum
3144 2970 3387 3039 gentium
3439 2967 3521 3020 di-

1939 3078 2123 3130 tione:
2162 3086 2258 3139 per
2288 3070 2467 3135 ipsmn
2506 3067 2632 3119 item
2664 3081 2879 3119 omnem
2915 3066 2965 3117 in
3007 3062 3233 3129 reliquis
3269 3060 3524 3129 gentibus

1938 3164 2235 3239 potentiam
2271 3161 2624 3231 perfringam,
2682 3158 2861 3211 omnia
2909 3156 3069 3225 plana
3107 3162 3162 3208 et
3210 3151 3392 3207 facilia
3426 3167 3523 3219 pa-

1943 3272 2072 3313 rans
2098 3264 2223 3309 ante
2253 3250 2421 3321 pedes
2454 3248 2572 3313 ejus
2599 3267 2611 3301 :
2644 3258 2829 3316 portas
2856 3246 3095 3309 urbium,
3115 3253 3170 3299 et
3208 3243 3355 3311 ipsas
3386 3241 3523 3293 inte-

1938 3367 2067 3422 grus
2099 3348 2261 3402 urbes
2291 3343 2344 3396 in
2376 3356 2566 3395 manus
2590 3340 2708 3409 ejns
2744 3342 2954 3395 tradam
2985 3354 3002 3405 ;
3036 3339 3107 3391 ita
3139 3346 3198 3391 ut
3239 3333 3386 3389 nulla
3422 3333 3521 3402 ipsi

1938 3448 2278 3500 adversetur.

2012 3539 2174 3591 Vens.
2206 3535 2260 3589 2.
2321 3552 2340 3586 ι
2378 3536 2491 3604 Ego
2525 3538 2650 3587 ante
2687 3536 2739 3579 te
2783 3522 2894 3585 ibo,
2931 3530 2985 3575 et
3020 3526 3234 3573 montes
3280 3512 3525 3583 compla-

1939 3632 2119 3685 nabo:
2151 3636 2336 3697 portas
2366 3640 2537 3681 aereas
2566 3631 2871 3680 conteram,
2902 3623 2956 3669 et
2973 3621 3157 3667 vectes
3173 3610 3380 3663 ferreos
3401 3622 3528 3661 con-

1939 3722 2195 3792 fringarn.
2226 3739 2245 3773 ι
2276 3720 2485 3774 Dixerit
2520 3715 2789 3786 quispiam
2818 3722 2904 3772 ea,
2938 3721 3061 3776 quat
3093 3714 3338 3773 tempore
3359 3700 3525 3755 Zoro-

1938 3815 2169 3880 babelis,
2214 3811 2301 3867 vel
2351 3811 2503 3883 Cyri,
2563 3805 2706 3877 quod
2761 3804 2828 3857 ad
2873 3798 3154 3855 hismriam
3188 3803 3339 3866 gesta
3375 3800 3523 3854 sunt,

1940 3906 2205 3975 imagines
2233 3912 2289 3959 et
2314 3900 2555 3973 symbola
2610 3896 2859 3951 veritatis
2889 3890 3179 3960 complecti
3209 3904 3224 3953 ;
3269 3901 3390 3957 qua:
3429 3900 3525 3940 au-

1942 4007 2045 4052 tem
2094 3996 2160 4049 ad
2211 3994 2326 4049 veri
2390 3989 2599 4045 Domini
2634 3998 2689 4042 et
2729 3984 2935 4040 Christi
2984 3992 3200 4050 tempus
3252 3987 3524 4047 spectant,

1939 4087 2291 4159 spiritualiter
2341 4083 2561 4153 impleta
2614 4081 2820 4144 fuisse;
2859 4077 2931 4130 ita
2982 4083 3042 4129 ut
3086 4075 3138 4127 in
3194 4074 3310 4142 ipso
3355 4075 3527 4140 magis

1940 4196 2101 4237 verus
2153 4178 2591 4249 deprehendatur
2636 4186 2841 4235 sermo,
2891 4170 2984 4239 qui
3035 4168 3133 4230 ait,
3171 4184 3188 4215 ι
3229 4163 3351 4219 Haec
3394 4163 3526 4217 dicit

1942 4273 2203 4329 Dominus
2244 4270 2453 4325 cbriSto
2490 4282 2609 4321 meo
2644 4265 2809 4336 Cyro.
2846 4282 2864 4314 ι
2920 4261 3053 4314 Nam
3090 4258 3387 4313 secundum
3429 4256 3526 4307 ob-

1940 4369 2081 4423 viam
2104 4365 2419 4427 dictionem,
2461 4374 2635 4430 neque
2683 4357 2928 4412 christus
2980 4352 3073 4407 Dei
3122 4350 3337 4406 videtur
3360 4346 3528 4401 fuisse

1944 4459 2231 4515 Persarum
2270 4455 2359 4509 ille
2400 4470 2522 4517 rex,
2566 4451 2658 4521 qui
2710 4447 3147 4516 Hierosolymam
3198 4439 3525 4499 construxit,

258 4541 409 4609 ζωὴν
440 4538 715 4609 προύκοψε
757 4539 852 4607 τῆς
884 4537 1172 4607 οἰκοδομῆς
1216 4537 1277 4589 τὸ
1314 4536 1500 4606 ἔργον·
1548 4536 1707 4605 μόνον
1731 4536 1834 4608 γὰρ

1948 4564 2127 4622 neque
2159 4549 2448 4603 admodum
2482 4546 2598 4614 ipso
2632 4544 2847 4597 vivente
2898 4546 3205 4607 promotum
3246 4546 3329 4588 est
3360 4534 3529 4587 adiﬁ-

258 4630 496 4701 ῆρξαντο
542 4630 653 4682 τῶν
686 4629 951 4699 θεμελίων
1000 4627 1140 4681 κατὰ
1182 4629 1308 4690 τοὺς
1352 4627 1549 4688 αὐτοὺς
1583 4626 1839 4696 χρόνους·

259 4719 362 4775 εἶτ’
397 4717 874 4789 ὲπισχεθέντοςτοῦ
901 4717 1087 4788 ἔργου,
1114 4716 1380 4783 διέμεινεν
1406 4716 1610 4787 ἔρημος
1634 4720 1662 4768 ό
1682 4716 1845 4779 τόπος

262 4814 427 4884 μέχρι
448 4813 544 4880 τῆς
577 4811 803 4881 Δαρείου
840 4810 1133 4879 βασιλείας.
1171 4809 1283 4861 Kal.
1315 4807 1383 4861 τὰ
1417 4808 1543 4877 ἑξῆς
1578 4808 1635 4859 δὲ
1666 4809 1845 4862 ἐπιλε-

260 4903 470 4972 γόμενα
500 4900 697 4971 μᾶλλον
726 4900 802 4969 τῷ
829 4899 1103 4970 Χριστῷἢ
1138 4898 1215 4969 τῷ
1239 4899 1349 4952 τῶν
1377 4898 1605 4969 Περσῶν
1634 4898 1845 4968 βασιλεῖ

259 4992 627 5062 ἐφαρμόσειεν
664 4990 728 5045 ἀν
748 5008 762 5021 θ
795 4992 891 5045 καὶ
929 4992 1127 5061 μᾶλλον
1160 4990 1238 5061 τῷ
1276 4991 1528 5061 ἡμετέρῳ
1570 4992 1842 5063 Σωτῆριῆ

258 5082 341 5152 τῷ
370 5082 691 5152 Ζοροὸάδελ.

346 5215 365 5246 ι
414 5196 523 5248 Kal.
554 5194 710 5248 δώσω
738 5211 829 5248 σοι
868 5194 1175 5266 θησαυροὺς
1225 5197 1552 5260 σκοτεινοὺς,
1602 5198 1846 5268 ἀποκρύ-

264 5302 421 5363 (ρους,
456 5283 715 5354 ἀοράτουι,
756 5282 951 5347 ἀνοίξω
990 5299 1100 5335 σοι·
1138 5284 1225 5335 ἴνα
1269 5282 1430 5353 γνῷς,
1466 5284 1549 5336 ὅτι
1588 5282 1700 5351 ἐγὼ
1730 5284 1845 5335 Κύ-

267 5394 383 5451 ριος
422 5378 451 5429 6
486 5376 620 5439 Θεός
670 5391 799 5437 σου,
846 5378 874 5429 6
925 5376 1105 5428 καλῶν
1147 5376 1208 5428 τὸ
1260 5376 1431 5447 ὄνομά
1478 5393 1593 5440 σου,
1643 5379 1671 5429 6
1711 5376 1843 5439 Θεὸς

278 5466 516 5537 Ἰσραήλ.
534 5466 756 5519 Ἕνεκεν
787 5465 882 5520 τοῦ
916 5467 1102 5531 παιδός
1126 5485 1225 5538 μου
1256 5468 1470 5531 Ἰακὼϐ,
1503 5472 1593 5522 καὶ
1627 5469 1843 5541 Ἰσραὴλ

264 5558 364 5612 τοῦ
404 5554 661 5610 ὲκλεκτοῦ
708 5574 831 5626 μου,
862 5555 974 5625 ἐγὼ
1002 5557 1217 5610 καλέσω
1256 5574 1317 5610 σε
1354 5558 1431 5629 τῷ
1467 5558 1690 5628 ὀνόματί
1716 5575 1841 5622 σου,

268 5652 367 5705 καὶ
400 5647 763 5721 προσδέξομαί
788 5666 878 5702 σεο
910 5651 975 5703 σὺ
1003 5649 1060 5702 δὲ
1097 5651 1198 5703 οὐκ
1230 5650 1399 5717 ἔγνως
1432 5668 1521 5720 με.
1555 5671 1573 5703 ι
1612 5651 1750 5714 Τούς
1786 5668 1845 5704 τε

269 5744 403 5794 εἴσω
452 5740 656 5795 τούτων
678 5742 1105 5812 ταμιευομένους
1139 5743 1464 5814 θησαυροὺς,
1495 5746 1718 5813 ἀφανεῖς
1753 5744 1847 5797 καὶ

272 5834 539 5903 ἀοράτους
573 5833 681 5895 τοῖς
713 5832 996 5905 προτέροις
1039 5832 1314 5904 βασιλεῦσι
1341 5835 1681 5907 κρνομένους,
1715 5836 1845 5890 ἀνα-

1942 4645 2107 4704 cium,
2139 4640 2492 4695 fundamenta
2525 4638 2726 4707 quippe
2761 4643 2971 4688 tantum
3022 4629 3143 4698 ejus
3185 4644 3299 4683 :evo
3326 4642 3528 4695 ponere

1944 4744 2270 4805 cmperunt:
2310 4733 2525 4793 deinde,
2558 4728 2803 4783 cohibito
2861 4739 3047 4794 opere,
3086 4727 3335 4774 desertus
3382 4719 3529 4772 locus

1945 4827 2145 4881 mansit
2174 4841 2345 4893 usque
2376 4825 2439 4877 ad
2483 4823 2631 4875 Darii
2662 4834 2909 4889 regnum.
2948 4816 3078 4882 Quae
3110 4830 3238 4866 vero
3267 4818 3367 4866 sub
3415 4813 3530 4864 ha‘c

1945 4919 2212 4982 feruntur,
2240 4918 2459 4972 Christo
2493 4916 2672 4983 aptius
2707 4927 2869 4983 quam
2906 4909 3194 4962 Persarum
3230 4905 3339 4971 regi
3375 4920 3527 4957 com-

1947 5021 2135 5080 petant
2162 5029 2177 5068 :
2209 5011 2490 5077 magisque
2518 5006 2799 5061 Servatori
2835 5013 3040 5065 nostro,
3086 5016 3250 5069 quam
3287 4999 3529 5052 Zoroba-

1946 5104 2074 5159 Deli.

2021 5196 2183 5251 Vens.
2220 5197 2271 5249 ὅ.
2325 5215 2343 5246 ‹
2399 5195 2463 5248 Ει
2501 5194 2639 5247 dabo
2689 5193 2785 5246 tibi
2826 5192 3115 5245 thesauros
3160 5186 3527 5247 absconditos,

1946 5288 2198 5353 latentes,
2232 5288 2474 5342 occultos
2516 5286 2609 5339 tibi
2647 5287 2887 5354 aperiam
2917 5302 2930 5343 ;
2969 5294 3026 5336 ut
3058 5295 3380 5351 cognoscas,
3402 5281 3528 5347 quia

1949 5396 2050 5448 ego
2096 5378 2349 5433 Dominus
2386 5379 2524 5431 Deus
2578 5388 2720 5439 tuus,
2764 5378 2855 5444 qui
2914 5391 3049 5428 voco
3106 5390 3299 5428 nomen
3356 5384 3529 5435 tuum,

1953 5470 2095 5527 Deus
2134 5472 2343 5525 Israel:
2394 5481 2615 5539 propter
2659 5485 2885 5539 pncrnm
2930 5484 3106 5521 meum
3132 5466 3320 5532 Jacoh,
3363 5474 3417 5517 et
3452 5464 3530 5518 ls-

1952 5562 2062 5617 rael
2096 5562 2327 5618 electum
2370 5578 2570 5624 meum,
2604 5578 2703 5632 ego
2736 5562 2944 5615 vocabo
2982 5572 3034 5613 te
3071 5562 3291 5614 nomine
3340 5570 3454 5620 tuo.
3478 5570 3531 5611 ct

1949 5656 2211 5723 accipiam
2241 5664 2312 5709 te.
2356 5654 2434 5708 Tu
2466 5665 2649 5708 autem
2688 5670 2793 5707 non
2833 5654 3133 5722 cognovisti
3170 5667 3275 5707 me.
3304 5669 3327 5702 ι
3385 5652 3529 5703 Intra

1950 5747 2113 5803 urbes
2138 5747 2447 5801 reconditos
2481 5748 2782 5809 thesauros,
2816 5749 3043 5799 latentes
3093 5746 3211 5801 illus
3252 5759 3307 5800 et
3359 5744 3531 5799 occul-

1952 5848 2054 5907 tos.
2091 5840 2333 5911 pristinis
2367 5838 2585 5908 regibus
2614 5838 2983 5905 absconditos,
3026 5837 3263 5907 aperiam
3290 5838 3416 5903 tibi;
3472 5848 3530 5889 ut
