4058 6390
581 378 683 437 411

1253 366 1513 423 EUSEBII
1552 363 2020 421 CESARIENSIS
2056 364 2207 420 OPP.
2251 362 2428 418 PARS
2464 361 2552 417 Ill.
2594 393 2660 403 -—
2701 357 3109 415 EXEGETICA.

3706 352 3813 412 4η

585 492 719 563 ipsis
740 487 995 559 operibus
1020 476 1252 550 ediscas,
1274 486 1399 555 quis
1442 498 1542 552 ego
1579 483 1704 546 sim,
1756 484 1845 551 qui
1894 495 2020 537 ante
2062 492 2139 536 tot

2252 482 2461 534 πετάσω
2492 496 2573 533 σοι
2650 479 2724 541 ὠς
2758 477 2821 531 ἂν
2848 477 3029 539 αὐτοῖς
3052 476 3230 546 ἔργοις
3265 472 3454 543 μάθοις
3488 474 3636 536 ὅστις,
3683 474 3814 528 ποτέ

587 594 759 636 annos
789 571 1119 647 ipsissimum
1172 589 1369 630 nomen
1422 572 1570 627 tuum
1626 574 1957 644 propheticis
1992 573 2139 628 Scri-

588 670 767 741 pturis
808 668 967 731 meis,
999 666 1155 736 quasi
1188 665 1360 738 cippis
1398 666 1639 728 aeternis,
1684 664 1957 735 insculpsi.
2009 664 2139 719 Sum

587 770 767 813 autem
822 758 964 811 Deus
1019 753 1208 819 Israel,
1263 753 1406 823 quod
1456 769 1524 807 ne
1565 753 1781 822 ignores
1837 762 2072 821 Oportet.
2110 767 2143 807 ο

585 848 766 919 (ἶπες
808 845 987 902 omnia
1024 844 1225 914 quippe
1271 841 1388 911 jam
1440 843 1707 898 recensita
1755 845 1966 898 tradam
2000 844 2140 910 tibi;

585 953 693 993 non
731 936 890 993 aliam
920 934 990 989 ob
1032 948 1169 998 rem,
1196 948 1356 1003 quam
1390 943 1612 1003 propter
1642 932 1895 1001 populum
1937 948 2140 997 meum,

584 1042 747 1095 quem
783 1024 911 1079 mihi
939 1022 1076 1093 elegi
1111 1037 1176 1078 ex
1207 1022 1457 1078 omnibus
1487 1023 1760 1093 gentibus,
1790 1023 1936 1095 quod
1961 1032 2144 1093 patres

585 1133 774 1173 eorum
814 1116 867 1171 in
894 1116 1069 1185 pretio
1098 1115 1349 1169 habeam.

657 1296 822 1351 Vens.
853 1294 968 1349 5-7.
1040 1312 1061 1347 ι
1114 1295 1375 1362 Quoniam
1431 1309 1534 1363 ego
1586 1293 1846 1348 Dominus
1896 1293 2058 1359 Deus,
2091 1302 2145 1348 et

592 1404 695 1445 non
727 1399 813 1445 est
858 1389 998 1444 alius
1034 1389 1173 1443 Deus
1206 1398 1551 1461 praeter-me.
1584 1387 1937 1442 Corroboravi
1978 1398 2050 1451 te,
2090 1399 2145 1441 et

588 1498 694 1537 non
719 1481 1014 1553 cognovisti
1036 1496 1121 1535 me
1148 1497 1162 1545 ;
1192 1490 1248 1533 ut
1272 1490 1600 1549 cognoscant
1629 1480 1718 1548 qui
1745 1479 1813 1534 ab
1838 1490 1960 1534 ortu
1988 1478 2141 1541 solis,

588 1583 645 1629 et
667 1574 760 1646 qui
799 1575 866 1628 ab
894 1588 1109 1640 occasu,
1143 1572 1270 1643 quia
1330 1589 1436 1627 non
1494 1584 1579 1627 est
1629 1572 1768 1627 Deus
1804 1582 1999 1642 praeter
2039 1587 2143 1623 tne.

590 1664 701 1734 Ego
733 1664 986 1719 Dominus
1016 1664 1175 1731 Deus,
1200 1674 1256 1719 et
1289 1681 1394 1720 non
1427 1675 1511 1721 est
1561 1673 1847 1735 pmterea.
1902 1664 2011 1731 Ego
2054 1663 2145 1731 qui

586 1755 877 1824 praparavi
919 1754 1111 1818 lucem,
1142 1766 1196 1809 et
1217 1757 1308 1825 qui
1336 1756 1437 1811 l'eci
1467 1756 1735 1822 tenebras,
1765 1756 1854 1826 qui
1888 1755 2026 1810 facio
2048 1770 2144 1824 pa-

2243 576 2355 643 εἰμι
2376 575 2404 625 6
2424 571 2530 642 πρὸ
2554 570 2819 623 τοσούτων
2840 568 2975 621 ἐτῶν
2996 567 3251 637 ὀνομαστὶ
3270 564 3369 636 τὴν
3404 564 3502 635 σὴν
3536 580 3813 635 προσηγο-

2244 666 2366 734 ρίαν
2396 666 2515 727 ταῖς
2548 662 2911 733 προφητικαῖς
2949 676 3049 730 μου
3074 659 3337 729 Γραφαῖς,
3375 656 3565 728 ὥσπερ
3591 656 3649 707 ἐν
3678 656 3815 725 στή-

2242 754 2361 817 λαις
2384 752 2640 815 αἰωνίοις,
2670 749 2997 821 ἐγχαράξας.
3024 748 3155 819 Εἰμὶ
3192 748 3246 801 δὲ
3280 748 3309 801 6
3338 746 3471 809 Θεὸς
3514 743 3753 817 Ἰσραὴλ,
3782 743 3816 799 ὃ

2244 848 2508 917 προσήκει
2543 846 2635 896 καὶ
2669 844 2727 896 σὲ
2760 844 2834 913 μὴ
2873 844 3118 911 ἀγνοεῖν,
3179 835 3225 893 ὦ
3264 839 3448 912 Κῦρε·
3484 839 3662 892 πάντα
3702 836 3817 908 γάρ

2242 938 2310 991 τὰ
2344 935 2704 1008 προλεχθέντα
2733 933 3027 1005 χαριοῦμαι
3058 951 3139 987 σοι
3175 934 3235 987 οὐ
3263 933 3351 985 διά
3382 951 3436 986 τι
3459 932 3666 1002 ἕτερον,
3696 930 3815 984 ἀλλ’

2242 1030 2428 1082 ἕνεκεν
2475 1026 2569 1079 τοῦ
2616 1026 2752 1097 ἐμοῦ
2795 1025 2959 1089 λαοῦ,
3003 1026 3060 1078 ὃν
3112 1024 3334 1096 ἐμαυτῷ
3373 1023 3707 1094 ἐξελεξάμην
3756 1022 3817 1089 ἐξ

2242 1119 2497 1173 ἁπάντων
2528 1115 2637 1169 τῶν
2683 1115 2851 1169 ἐθνῶν
2883 1115 2969 1168 διὰ
3000 1114 3094 1186 τὴν
3130 1114 3264 1185 πρὸς
3292 1114 3417 1176 τοὺς
3442 1113 3688 1184 πατέρας
3719 1111 3820 1167 αὐ-

2242 1208 2349 1261 τῶν
2377 1208 2558 1277 τιμήν.

2322 1319 2341 1351 ι
2372 1298 2495 1354 Ὀτι
2529 1296 2638 1367 ἐγὼ
2668 1297 2870 1368 Κύριος
2895 1298 2923 1349 6
2950 1297 3101 1361 Θεὸς,
3142 1297 3236 1350 καὶ
3254 1297 3355 1351 οὐκ
3379 1296 3524 1350 ἔστιν
3551 1296 3633 1349 ἔτι
3679 1296 3821 1368 πλὴν

2247 1391 2383 1461 ἐμοῦ
2404 1390 2555 1455 Θεός.
2601 1390 2889 1460 Ἑνίσχυσά
2912 1407 2991 1453 σε,
3018 1390 3112 1442 καί
3126 1390 3225 1443 οὐκ
3242 1376 3389 1461 ᾕδεις
3407 1402 3494 1460 με·
3515 1389 3601 1442 ἵνα
3616 1387 3822 1456 γνῶσιν

2246 1484 2294 1535 οἰ
2326 1483 2419 1535 ἀπ’
2432 1480 2702 1535 ἀνατολῶν
2724 1480 2871 1551 ήλίου
2899 1482 2992 1533 καὶ
3013 1481 3063 1532 οἰ
3086 1479 3195 1533 ἀπὸ
3220 1478 3459 1550 δυσμῶν,
3488 1479 3571 1532 ὅτι
3588 1480 3691 1532 οὑκ
3703 1478 3824 1535 ἐστι

2246 1574 2378 1638 Θεὸς
2403 1573 2541 1645 πλὴν
2567 1574 2720 1644 ἐμοῦ.
2762 1571 2903 1640 Ἐγὼ
2946 1571 3150 1644 Κύριος
3181 1575 3209 1625 6
3236 1571 3389 1635 Θεὸς,
3417 1571 3512 1624 καὶ
3542 1572 3646 1624 οὐκ
3674 1570 3825 1625 ἔστιν

2244 1662 2345 1715 ἐτι.
2392 1661 2531 1730 Ἐγὼ
2562 1664 2591 1714 6
2622 1662 3033 1725 κατασκευάσας
3058 1646 3195 1730 φῶς,
3230 1659 3323 1713 καὶ
3346 1661 3577 1731 ποιήσας
3608 1660 3825 1725 σκότος,

2246 1752 2275 1803 6
2320 1750 2490 1804 ποιῶν
2526 1752 2766 1821 εἰρήνην,
2807 1742 3130 1815 καὶκτίζων
3177 1749 3343 1803 κακά.
3381 1746 3524 1817 Ἐγὼ
3558 1746 3766 1819 Κύριος
3794 1748 3828 1801 6

588 1862 728 1913 cem,
764 1856 817 1900 et
844 1862 969 1901 creo
994 1847 1155 1903 mala.
1204 1848 1317 1918 Ego
1363 1848 1620 1903 Dominus
1671 1848 1831 1912 Deus,
1884 1848 1974 1914 qui
2001 1845 2141 1900 facio

2252 1842 2396 1906 Θεὸς,
2429 1842 2459 1894 6
2479 1841 2648 1895 ποιῶν
2680 1841 2858 1893 πάντα
2879 1840 3070 1893 ταῦτα.
3114 1859 3143 1892 ε
3174 1838 3263 1904 Ἐξ
3288 1838 3466 1893 αὐτῶν
3485 1837 3596 1909 γάρ
3618 1835 3827 1891 τούτων

591 1940 703 1993 hac
728 1940 929 1995 omnia.
954 1958 974 1991 ι
1014 1939 1087 1993 Ex
1119 1939 1204 1996 bis
1225 1940 1355 2009 ipsis
1380 1940 1631 2009 operibus
1670 1938 1913 1994 ediscent
1946 1954 1963 2002 ;
2018 1952 2141 1991 cum

588 2031 732 2086 enim
762 2045 1028 2088 aerumnas
1050 2031 1243 2100 populo
1266 2045 1387 2085 meo
1407 2032 1475 2085 ad
1502 2030 1911 2085 conversionem
1944 2038 1997 2082 et
2026 2028 2139 2081 dis-

591 2124 849 2192 ciplinam
904 2122 1148 2193 inﬂigere
1193 2138 1329 2193 opus
1366 2133 1508 2188 erat,
1558 2120 1794 2177 inimicis
1829 2121 2002 2191 ipsum
2036 2131 2146 2173 tra-

589 2214 722 2280 didi,
753 2215 906 2286 quasi
939 2215 1171 2271 tenebris
1201 2225 1257 2270 et
1285 2215 1378 2269 ira:
1408 2213 1702 2284 impietatis
1725 2227 1890 2267 causa
1918 2211 2139 2265 dedens.

587 2304 723 2360 Cum
750 2317 927 2360 autem
958 2307 1135 2361 denuo
1188 2320 1511 2361 conversum
1562 2314 1619 2359 et
1664 2305 1731 2358 ad
1782 2304 2058 2358 meliorem
2090 2316 2147 2355 se

590 2397 798 2470 frugem
818 2399 1187 2467 recipientem,
1218 2396 1478 2451 reducere
1502 2409 1638 2465 opus
1667 2403 1776 2458 est,
1805 2407 2148 2461 consequen-

590 2498 675 2545 ter
709 2491 862 2559 pacis
893 2490 1240 2559 omniumque
1296 2487 1558 2542 bonorum
1618 2485 1797 2541 lumen
1851 2482 1981 2553 ipsis
2015 2481 2147 2539 oriri

590 2590 823 2651 oportet.
863 2582 909 2636 Α
959 2595 1045 2636 me
1075 2581 1271 2649 quippe
1323 2587 1379 2633 et
1421 2578 1598 2632 lumen
1628 2586 1681 2631 et
1706 2590 1825 2645 quae
1855 2575 1921 2629 ad
1958 2588 2146 2644 pacem

592 2679 837 2740 spectant
868 2671 1049 2727 omnia
1080 2668 1597 2733 subministrantur;
1626 2666 1833 2735 judicio
1862 2668 1990 2722 item
2027 2681 2148 2722 meo

593 2762 727 2817 ultio
757 2776 971 2832 quoque
1005 2762 1295 2817 inducitur.
1332 2761 1675 2830 Quapropter
1704 2760 1848 2814 hanc
1876 2777 1906 2813 ιι
1940 2774 2025 2814 me
2047 2760 2146 2814 do—

589 2850 820 2905 ctrinam
844 2852 1027 2918 accipe
1057 2866 1074 2915 ;
1101 2864 1185 2903 me
1201 2848 1411 2904 scilicet
1436 2856 1493 2901 et
1517 2846 1656 2901 lucis
1694 2846 2048 2911 conditorem,
2093 2856 2149 2902 et

592 2940 742 3009 pacis
781 2939 1086 3011 largitorem
1129 2954 1269 3005 esse,
1314 2938 1673 3006 similiterque
1715 2938 2057 2993 tenebrarum
2094 2949 2150 2993 et

590 3042 776 3097 eorum
808 3043 926 3097 quae
958 3027 1130 3083 tristia
1158 3035 1495 3097 reputantnr,
1520 3041 1639 3096 qua:
1669 3041 1767 3095 pro
1798 3027 1956 3083 malis
1982 3040 2149 3099 penes

594 3116 791 3170 multos
831 3116 1134 3170 habentur:
1170 3124 1226 3168 et
1256 3126 1435 3169 tamen
1463 3114 1655 3168 horum
1684 3124 1872 3169 auctor
1912 3129 2011 3186 ego
2041 3114 2147 3170 dici

2250 1933 2582 2003 μαθήσονται
2620 1932 2729 1985 τῶν
2771 1931 2980 2002 ἔργων·
3018 1933 3108 1985 ὅτε
3145 1932 3243 2002 μὲν
3286 1931 3394 2003 γάρ
3433 1928 3658 2001 λυπηρά
3686 1928 3829 1999 χρῆν

2250 2022 2546 2090 ἐπαγαγεῖν
2580 2021 2658 2091 τῷ
2689 2021 2808 2092 ἐμῷ
2839 2020 2954 2091 λαῷ
2988 2022 3290 2092 ἐπιστροφῇ
3325 2021 3418 2073 καὶ
3443 2018 3687 2087 παιδείᾳ,
3713 2019 3827 2080 τοῖς

2248 2110 2524 2181 πολεμίοις
2537 2110 2697 2163 αὐτὸν
2713 2107 2971 2175 ἐξέδωκα,
2994 2109 3182 2181 ὥσπερ
3198 2108 3375 2179 σκότῳ
3387 2108 3478 2162 καί
3492 2108 3632 2181 ὀργῇ
3646 2123 3827 2178 παρα-

2245 2200 2367 2263 δοὺς
2388 2200 2549 2253 αὐτὸν
2561 2199 2667 2253 τῶν
2685 2199 2855 2269 ἀσεόη
2862 2200 3047 2269 μάτων
3059 2201 3237 2271 χάριν·
3255 2202 3344 2253 ὅτε
3355 2200 3434 2265 δὲ,
3465 2199 3620 2269 φησὶ,
3637 2197 3827 2251 λοιπὸν

2249 2292 2651 2364 ἐπιστρέψαντα
2683 2293 2777 2345 καὶ
2807 2292 3159 2364 ὡφελημένον
3195 2293 3460 2364 προσήκει
3490 2290 3786 2347 ἀναλαϐεῖν
3807 2331 3824 2354 ,

2248 2382 2538 2436 ἀκόλουθον
2571 2382 2639 2436 ἀν
2670 2383 2755 2453 εἴη
2788 2382 2903 2450 φῶς
2935 2384 3160 2454 εἰρήνης
3200 2383 3296 2436 καὶ
3338 2383 3557 2439 πάντων
3602 2382 3828 2451 ἀγαθῶν

2249 2473 2556 2528 ἀνατέλλειν
2571 2473 2658 2526 ἐπ’
2675 2473 2857 2529 αὐτόν.
2885 2473 2974 2541 Ἐξ
2995 2472 3131 2545 ἐμοῦ
3159 2474 3267 2545 γὰρ
3284 2474 3345 2527 τί.
3362 2473 3479 2543 φῶς
3505 2477 3827 2547 χορηγεῖται

2248 2564 2344 2620 καὶ
2372 2563 2442 2620 τὰ
2465 2565 2564 2635 τῆς
2582 2566 2806 2636 εἰρήνης
2823 2566 2999 2621 πάντα
3012 2581 3028 2597 ⁸
3046 2566 3226 2636 κρίσει
3254 2566 3313 2619 δέ
3327 2567 3395 2636 τῇ
3408 2566 3514 2637 ἐμῇ
3532 2566 3628 2619 καὶ
3643 2564 3714 2619 τὰ
3728 2566 3829 2637 τῆς

2246 2657 2415 2728 ὀργῆς
2451 2656 2733 2725 ἐπάγεται.
2777 2656 2976 2727 Διόπερ
3008 2655 3186 2727 δόγμα
3199 2657 3329 2728 παρ’
3351 2655 3487 2727 ἐμοῦ
3503 2657 3664 2711 τοῦτο
3684 2656 3826 2727 μάν-

2248 2748 2376 2802 θανε
2397 2765 2410 2779 ο
2444 2748 2520 2812 ὡς
2543 2748 2652 2820 ἄρα
2675 2746 2788 2816 ἐγὼ
2820 2749 2981 2812 αὐτὸς
3004 2749 3097 2801 καὶ
3125 2749 3301 2818 φωτός
3329 2751 3446 2819 είμι
3470 2748 3830 2821 δημιουργὸς,

2249 2843 2342 2894 καὶ
2358 2842 2581 2913 εἰρήνης
2608 2841 2864 2912 χορηγὸς,
2883 2840 3085 2910 ὁμοίως
3115 2841 3175 2895 δὲ
3211 2843 3305 2895 καὶ
3340 2842 3566 2904 σκότους
3599 2842 3697 2895 καὶ
3716 2842 3827 2895 τῶν

2249 2928 2617 3000 νομιζομένων
2642 2928 2900 3000 λυπηρῶν
2918 2946 2931 2958 ·
2961 2929 3105 2998 άπερ
3137 2930 3283 2983 κακά
3309 2933 3421 2993 τοῖς
3446 2929 3661 2993 πολλοῖς
3686 2925 3827 2985 εἶναι

2252 3022 2581 3092 νενόμισται,
2614 3015 2690 3076 ὧν
2716 3022 2946 3093 ποιητὴς
2970 3021 3036 3078 ἀν
3057 3020 3325 3092 λεχθείην,
3357 3021 3534 3093 κρίσει
3556 3022 3742 3095 δικαίᾳ
3760 3021 3831 3075 τά

2254 3114 2564 3187 κατάλληλα
2592 3119 2701 3180 τοῖς
2736 3115 2907 3182 άξίοις
2943 3114 3185 3184 ἐπάγων.
3212 3115 3277 3168 Εἰ
3314 3114 3494 3167 τοίνυν
3525 3114 3638 3183 ἐγὼ
3670 3115 3829 3181 Θεὸς,

592 3205 822 3271 valeam,
856 3206 1002 3275 justo
1026 3204 1231 3276 judicio
1262 3204 1559 3274 promerita
1594 3203 1824 3273 singulis
1858 3205 2144 3260 inducens.

2252 3210 2345 3263 καὶ
2365 3209 2465 3262 οὐκ
2490 3207 2603 3261 ἐστι
2634 3207 2771 3278 πλὴν
2798 3206 2932 3275 ἐμοῦ
2948 3206 3155 3278 ἕτερος,
3184 3208 3213 3260 6
3236 3206 3406 3259 ποιῶν
3424 3205 3597 3258 ταῦτα
3624 3205 3828 3271 πάντα,

594 3299 657 3353 βξ
685 3300 866 3368 itaque
891 3313 992 3370 ego
1030 3298 1192 3363 Deus,
1218 3306 1272 3352 et
1297 3312 1401 3351 non
1426 3304 1507 3349 est
1532 3305 1728 3363 praeter
1757 3312 1841 3350 me
1871 3296 2032 3361 alius,
2056 3298 2147 3367 qui

598 3390 711 3445 hac
762 3388 944 3443 omnia
998 3388 1209 3456 iaciat;
1254 3386 1469 3443 etiamsi
1514 3386 1789 3441 contraria
1842 3387 2147 3453 videantur,

592 3486 830 3532 attamen
861 3486 1054 3532 natura
1088 3492 1184 3531 sua
1219 3476 1494 3531 contraria
1533 3490 1638 3529 non
1678 3486 1823 3530 sunt.
1860 3474 1990 3530 Nam
2033 3493 2150 3547 quae

596 3566 733 3622 mala
780 3581 812 3622 a
862 3581 947 3621 me
986 3565 1152 3636 inlligi
1188 3565 1591 3628 existimantur,
1635 3578 1697 3619 ea
1741 3580 1873 3621 sane
1910 3566 2151 3621 maxime

595 3656 879 3713 conferunt
918 3657 984 3711 ad
1020 3657 1307 3711 utilitatem
1342 3667 1398 3709 et
1429 3655 1659 3709 salutem
1701 3670 1911 3721 eorum,
1941 3656 2033 3725 qui
2068 3655 2153 3711 bis

596 3746 665 3801 ad
691 3762 875 3803 sanam
900 3755 1133 3802 mentem
1166 3745 1519 3800 reducuntur.

669 3836 830 3891 \‘sns.
858 3836 913 3892 8.
957 3854 977 3888 ι
1025 3836 1258 3892 Letetur
1306 3836 1502 3890 ctelum
1555 3834 1810 3904 desuper,
1866 3844 1922 3889 et
1982 3834 2155 3891 nubes

598 3927 799 3983 stillent
832 3928 1091 3995 justitiam
1119 3945 1131 3979 :
1168 3927 1443 3996 aperiatur
1477 3936 1644 3989 terra,
1677 3936 1731 3979 et
1753 3928 2020 3995 germinet
2053 3927 2153 3980 mi~

598 4018 969 4081 sericordiam,
1017 4028 1071 4072 et
1102 4016 1364 4083 justitiam
1409 4018 1544 4071 oriri
1593 4016 1761 4073 faciat
1812 4018 1995 4072 simul.
2040 4017 2154 4088 Ego

598 4125 717 4164 sum
775 4110 1057 4175 Dominus,
1107 4116 1197 4181 qui
1252 4117 1430 4170 creavi
1491 4126 1560 4171 te.
1613 4137 1631 4168 ι
1689 4116 2151 4182 Quemadmodum

596 4203 739 4256 enim
777 4214 986 4273 tempus
1009 4208 1135 4261 olim
1165 4208 1287 4272 fuit,
1318 4226 1439 4264 cum
1474 4212 1703 4266 nubibus
1734 4212 2002 4277 mandavi,
2045 4230 2065 4264 ι
2096 4222 2153 4266 ιιι

597 4310 703 4349 non
732 4296 975 4386 pluergnt
998 4313 1161 4367 super
1194 4301 1404 4356 vineam
1440 4302 1710 4371 pluviam;
1745 4323 1764 4355 ι
1799 4305 1871 4357 ita
1902 4313 1957 4358 ut
2007 4320 2152 4359 nunc

597 4400 699 4440 suo
739 4395 978 4457 tempore
1027 4390 1439 4447 rationabilibus
1491 4392 1727 4448 nubibus
1764 4394 1900 4449 meis
1961 4395 2155 4465 praeci-

599 4475 764 4545 piam,
810 4485 867 4529 ut
898 4492 1004 4533 non
1037 4480 1289 4536 sensilem
1326 4498 1543 4551 aquam,
1580 4484 1674 4538 sed
1696 4482 1963 4551 justitiam
1992 4485 2152 4540 desu-

599 4580 693 4633 per
724 4581 791 4620 ex
820 4569 929 4624 alto
956 4570 1161 4626 stillent
1192 4574 1277 4639 iis,
1310 4574 1402 4643 qui
1436 4574 1749 4629 inhabitant
1783 4585 2009 4631 terram.

670 4658 835 4711 Vens.
866 4660 919 4724 9,
952 4661 1037 4716 10.
1077 4681 1095 4714 ι
1128 4662 1264 4731 Quid
1292 4665 1485 4719 melius
1522 4667 1820 4736 praparavi
1867 4679 1926 4721 ut
1976 4668 2147 4721 lutum

596 4748 781 4820 ﬁguli?
809 4749 944 4805 Num
970 4754 1059 4821 qui
1096 4763 1233 4819 arat,
1270 4758 1444 4811 arabit
1492 4768 1693 4813 terram
1740 4766 1852 4813 tota
1869 4759 2150 4814 die?Num

597 4841 739 4895 dicet
760 4842 929 4897 lutum
976 4843 1158 4913 ligula,
1202 4846 1341 4913 Quid
1389 4848 1543 4913 facis,
1590 4849 1849 4917 quoniam
1880 4866 1986 4903 non
2019 4866 2150 4919 ope-

597 4932 758 4996 raris,
793 4947 963 5003 neque
988 4936 1153 4990 habes
1183 4952 1373 4992 manus
1398 4939 1421 4993 ?
1452 4937 1585 4993 Num
1618 4940 1896 5009 respondit
1925 4940 2150 5011 ligmen-

600 5028 712 5075 tum
746 5020 916 5075 lictori
946 5024 1083 5077 suo?
1108 5025 1205 5091 Qui
1237 5026 1367 5082 dicit
1427 5030 1589 5095 patri,
1634 5030 1772 5097 Quid
1810 5031 2100 5100 generabis
2128 5033 2151 5085 ?

598 5116 653 5163 et
681 5110 862 5172 matri,
894 5110 1033 5175 Quid
1069 5114 1293 5180 paries?
1326 5134 1343 5168 ι
1404 5116 1568 5181 Quasi
1598 5133 1690 5171 cos
1726 5118 2029 5188 alloquens,
2059 5120 2149 5189 qui

601 5196 891 5251 universali
928 5199 999 5251 illi
1028 5201 1382 5269 providentiae
1428 5215 1483 5259 et
1528 5205 1983 5263 administrationi
2017 5224 2150 5263 con-

600 5287 893 5354 tradicunt,
924 5289 999 5342 ait
1023 5310 1036 5343 :
1058 5290 1144 5345 Va:
1174 5294 1263 5361 qui
1290 5296 1620 5350 contradicit
1656 5296 1831 5352 tictori
1863 5313 1981 5353 suo.
2017 5298 2149 5352 Nam

598 5380 813 5446 quando
837 5381 1185 5451 castigatione
1210 5395 1264 5439 et
1291 5387 1647 5442 conversione
1674 5403 1807 5456 opus
1828 5400 1965 5455 erat,
2002 5389 2155 5445 Jeru-

601 5467 767 5521 salem
798 5472 953 5538 quasi
980 5482 1171 5526 testam
1204 5475 1454 5529 contrivi.
1509 5486 1563 5531 et
1616 5478 1868 5547 templum
1918 5481 2152 5535 inimicis

603 5569 654 5610 ct
696 5559 936 5616 hostibus
969 5563 1200 5630 tradidi;
1246 5580 1365 5619 cum
1410 5576 1589 5621 autem
1643 5579 1762 5637 post
1803 5569 2151 5625 suﬂicientcm

607 5650 809 5703 illatam
846 5668 1078 5719 poenam,
1133 5655 1520 5710 humanitatem
1568 5660 1822 5715 exhibere
1874 5664 2146 5730 oportuit;

614 5751 733 5795 tunc
766 5752 815 5797 ct
848 5745 1096 5815 templum
1146 5758 1198 5802 et
1248 5749 1433 5805 nrbclu
1486 5751 1725 5818 pristinis
1787 5756 2155 5821 prmstantiora

2254 3299 2354 3352 κᾶν
2382 3299 2601 3353 ἐναντία
2632 3295 2776 3353 εἶναι
2815 3297 2968 3368 δοκῇ.
3002 3297 3103 3351 οὐκ
3135 3296 3265 3350 ὄντα
3286 3299 3353 3367 τῇ
3385 3296 3545 3366 φύσει
3579 3296 3825 3353 ἐναντία.

2264 3391 2413 3447 Ἐπεὶ
2446 3390 2539 3444 καὶ
2564 3389 2630 3443 τά
2657 3389 2983 3459 νομιζόμενα
3005 3389 3097 3441 ὑπ’
3118 3387 3252 3457 ἐμοῦ
3282 3388 3581 3455 ἐπάγεσθαι
3595 3386 3742 3443 κακὰ
3758 3388 3829 3442 τὰ

2255 3479 2485 3551 μέγιστα
2520 3479 2896 3549 συμϐάλλοιντ’
2928 3478 2995 3532 ἀν
3041 3478 3177 3549 πρὸς
3207 3478 3475 3548 ὠφέλειαν
3516 3480 3613 3533 καὶ
3648 3495 3829 3553 σωτη-

2254 3574 2375 3643 ρίαν
2399 3570 2507 3626 τῶν
2538 3571 2605 3625 δι’
2638 3569 2815 3625 αὐτῶν
2848 3570 3347 3641 σωφρονιζομένων.

2330 3857 2347 3888 ι
2381 3836 2747 3908 Εὐφρανθήτω
2785 3839 2815 3889 6
2857 3837 3084 3909 οὐρανος
3123 3837 3350 3899 ἀνωθεν,
3392 3836 3485 3890 καὶ
3518 3836 3577 3890 αἱ
3606 3833 3831 3904 νεφέλαι

2255 3929 2571 3998 ῥανάτωσαν
2615 3928 2985 3999 δικαιοσύνην·
3026 3929 3363 3985 ἀνατειλάτω
3392 3930 3425 3999 ὴ
3451 3930 3545 3999 γῆ,
3579 3929 3675 3982 καὶ
3707 3926 3832 3998 βλα-

2257 4018 2508 4088 στησάτω
2551 4018 2733 4083 ἔλεος,
2790 4019 2884 4072 καὶ
2933 4020 3277 4091 δικαιοσύνην
3319 4018 3654 4073 ἀνατειλάτω
3685 4018 3828 4090 ἀμα.

2266 4108 2406 4175 Ἐγώ
2427 4111 2542 4180 εἰμι
2570 4111 2771 4181 Κύριος
2798 4112 2827 4163 6
2851 4115 3039 4176 κτίσας
3070 4128 3150 4165 σε.
3185 4132 3203 4162 ι
3235 4111 3445 4182 Ὠσπερ
3466 4111 3575 4184 γὰρ
3602 4107 3672 4183 ἦν
3706 4127 3833 4166 και-

2257 4197 2347 4269 ρός
2380 4215 2532 4262 ποτε,
2580 4200 2669 4252 ὅτε
2709 4202 2831 4262 ταῖς
2871 4200 3121 4269 νεφέλαις
3162 4202 3515 4273 ἐνετειλάμην
3548 4220 3568 4254 ι
3606 4200 3705 4256 τοῦ
3750 4201 3830 4274 μὴ

2258 4288 2441 4360 βρέξαι
2468 4292 2547 4354 εἰς
2575 4292 2665 4343 τὸν
2680 4290 2978 4361 ἀμπελῶνα
3010 4292 3183 4356 ὑετὸν,
3212 4311 3231 4344 ι
3260 4292 3403 4347 οὕτω
3422 4292 3517 4346 νῦν
3541 4293 3683 4347 κατά
3707 4311 3832 4348 και-

2260 4381 2348 4451 ρὸν
2372 4382 2491 4444 ταῖς
2542 4383 2699 4451 ἐμαῖς
2730 4382 2977 4450 νεφέλαις
3016 4382 3259 4451 λογικαῖς
3289 4382 3475 4449 οὔσαις
3502 4386 3831 4457 προστάσσω

2261 4471 2333 4541 μὴ
2362 4471 2617 4543 αἰσθητὸν
2650 4472 2811 4543 ὕδωρ,
2848 4473 2986 4526 ἀλλά
3018 4474 3119 4544 τὴν
3146 4474 3492 4546 δικαιοσύνην
3520 4476 3728 4532 ἄνωθεν
3765 4477 3831 4543 ἐξ

2258 4560 2423 4630 ὕψους
2438 4562 2736 4634 ἐπιραίνειν
2767 4566 2877 4627 τοῖς
2900 4564 2997 4635 τὴν
3029 4565 3369 4635 γῆνοίκοῦσι.

2334 4671 2351 4703 ι
2370 4653 2525 4705 Ποῖον
2557 4654 2761 4723 βέλτιον
2796 4657 3176 4712 κατεσκεύασα
3201 4658 3277 4721 ὡς
3308 4658 3478 4730 πηλὸν
3501 4661 3830 4731 κεραμέωςς

2258 4741 2347 4811 Μὴ
2378 4745 2406 4795 6
2432 4744 2701 4815 ἀροτριῶν
2726 4747 3040 4817 ἀροτριάσει
3067 4749 3165 4820 τὴν
3194 4750 3297 4820 γῆν
3323 4750 3450 4821 ὅλην
3462 4752 3831 4825 τὴνήμὲρανε

2256 4834 2346 4904 Μὴ
2362 4836 2478 4905 ἐρεῖ
2493 4837 2520 4887 6
2540 4837 2706 4906 πηλὸς
2726 4839 2803 4907 τῷ
2821 4842 3071 4911 κεραμεῖ,
3090 4842 3154 4894 Τί
3173 4846 3363 4907 ποιεῖς,
3381 4845 3464 4897 ὅτι
3478 4846 3579 4898 οὐκ
3594 4845 3831 4921 ἐργάζῃ,

2256 4924 2375 4976 οὐδὲ
2392 4924 2535 4994 ἔχεις
2562 4930 2749 4998 χεῖρας
2771 4930 2891 5001 ;Μὴ
2909 4932 3335 5003 ἀποκριθήσεται
3358 4935 3419 4989 τὸ
3446 4936 3672 5007 πλάσμα
3694 4939 3835 5010 πρὸς

2259 5018 2346 5069 τὸν
2361 5017 2639 5070 πλάσαντα
2658 5020 2785 5072 αὑτό
2805 5036 2819 5085 ;
2839 5022 2894 5073 '0
2917 5022 3088 5092 λέγων
3114 5024 3191 5095 τῷ
3209 5026 3394 5097 πατρὶ,
3414 5028 3479 5080 Τί
3507 5030 3790 5099 γεννήσεις
3810 5049 3826 5097 ;

2261 5117 2431 5186 καὶτῇ
2452 5117 2688 5185 μητρὶ,Τ
2695 5118 2709 5168 ί
2737 5116 2945 5181 ὠδίνεις
2966 5136 2979 5183 ;
3008 5120 3094 5183 '0;
3114 5121 3222 5192 γάρ
3241 5120 3374 5193 πρὸς
3387 5121 3514 5185 τοὺς
3525 5122 3834 5191 ἀντιλέγον-

2255 5225 2352 5269 τας
2378 5211 2445 5278 τῇ
2472 5208 2696 5261 καθόλου
2733 5210 2954 5280 προνοίᾳ
2984 5228 3044 5264 τε
3073 5212 3165 5263 καὶ
3192 5211 3454 5282 διοικήσει
3477 5213 3671 5282 φησιν’
3694 5214 3833 5267 υὺαὶ

2256 5301 2283 5349 6
2314 5300 2606 5367 ἀντιλέγων
2638 5299 2717 5369 τῷ
2757 5300 3020 5355 πλάσαντι
3050 5303 3232 5356 αὐτόν.
3272 5304 3401 5355 ὐτε
3443 5303 3541 5374 μὲν
3563 5304 3673 5373 γὰρ
3702 5323 3831 5357 παι-

2256 5390 2420 5453 δείας,
2456 5392 2547 5443 καὶ
2575 5394 2909 5463 ἐπιστροφῆς
2954 5395 3112 5465 χρεία
3138 5390 3227 5464 ἢν,
3268 5394 3361 5447 καὶ
3406 5395 3701 5466 συνέτριψα
3732 5396 3832 5466 τὴν

2272 5481 2623 5553 Ἰερουσαλὴμ
2658 5484 2734 5547 ὡς
2768 5485 3053 5555 ὄστρακον,
3092 5488 3186 5539 καὶ
3216 5487 3309 5539 τὸν
3348 5488 3476 5540 ναὸν
3500 5488 3713 5558 ἐχθροῖς
3740 5490 3833 5541 καὶ

2270 5570 2543 5640 πολεμίοις
2587 5574 2906 5643 παρέδωκα·
2954 5576 3043 5627 ὅτε
3082 5574 3142 5627 δὲ
3189 5575 3350 5629 πάλιν
3402 5576 3506 5647 χρὴ
3553 5576 3692 5647 μετά
3732 5576 3833 5645 τὴν

2266 5662 2444 5715 αὐτῶν
2477 5666 2723 5735 αὐτάρκη
2775 5667 3043 5731 παιδείαν,
3074 5667 3141 5720 τά
3174 5668 3271 5736 τῆς
3307 5666 3713 5739 φιλανθρωπίας
3748 5669 3831 5721 ἐν-

2262 5753 2555 5821 ὁ;ιξασοαι,
2588 5757 2703 5809 τότε
2744 5757 2983 5826 βελτίονα
3018 5758 3110 5812 τοῦ
3155 5759 3419 5830 προτέρου
3455 5758 3829 5813 κατεσκεύασα
