4058 6432
286 408 389 464 413

1204 402 1705 461 ευΜΜΕΝΤΑιιιΑ
1742 402 1812 459 IN
1848 400 2108 460 lSAIAIl.
2146 432 2217 443 —
2252 400 2404 457 CAP.
2445 397 2610 457 XLV.

3437 398 3543 454 ιιι

283 524 373 577 τὸν
408 520 548 575 νεὼν
585 524 679 576 καὶ
710 522 807 593 τὴν
855 520 1028 585 πόλιν,
1059 519 1135 583 ὡς
1170 520 1339 591 πηλὸν
1369 520 1655 592 κεραμέως
1688 536 1862 591 μετα-

1971 515 2283 572 εοιιςιιιιιείε
2319 529 2440 586 qua:
2492 513 2620 567 olim
2672 510 2905 565 contrita
2944 510 3184 572 fueran,
3222 524 3321 565 ceu
3368 511 3540 566 lutum

284 610 462 666 ϐαλὼν
488 612 586 665 καὶ
622 611 1067 680 ἀνανεωσάμενος
1095 610 1164 664 τὰ
1197 612 1366 665 πάλαι
1402 612 1857 683 συντετριμμένα.

356 719 378 754 ε
414 702 537 754 Ὀτι
555 700 698 753 οὕτω
721 698 867 765 λέγει
896 697 1099 769 Κύριος
1116 700 1146 751 ό
1165 697 1320 761 Θεὸς,
1350 700 1379 752 ό
1409 698 1600 766 ’Ἄγιος
1625 696 1861 768 Ἰσραὴλ,

279 792 309 845 δ
342 791 579 863 ποίησας
609 790 679 842 τὰ
702 789 1044 860 ἐπερχόμενα
1065 807 1077 819 ·
1123 789 1466 861 Ἐρωτήσατέ
1497 807 1565 859 με
1598 787 1727 858 περὶ
1755 787 1863 841 τῶν

280 883 414 936 υίῶν
443 900 569 953 μου,
599 881 691 933 καὶ
719 882 847 952 περὶ
871 880 979 935 τῶν
1012 881 1187 953 ἔργων
1211 880 1320 933 τῶν
1339 878 1537 950 χειρῶν
1567 895 1669 949 μου
1696 878 1865 930 ἐντεί-

280 973 446 1025 λασθέ
487 988 601 1041 μοι.
640 990 657 1021 ι
690 970 1035 1025 Παιδευέσθω
1064 967 1355 1041 τοιγαροῦν
1384 970 1491 1033 πᾶς
1518 967 1805 1040 ἄνθρωπος
1835 970 1864 1021 ό

279 1067 390 1121 ἀπὸ
426 1065 534 1134 γῆς
561 1064 783 1134 ληφθεὶς
836 1063 928 1117 καὶ
989 1062 1149 1131 σῶμα
1202 1060 1403 1129 γεῶδες
1456 1058 1863 1130 περικείμενος,

282 1155 454 1227 πηλοῦ
497 1173 555 1209 τε
596 1156 763 1227 μηδὲν
798 1154 1071 1225 διαφέρων
1102 1151 1402 1224 παραθέσει
1441 1150 1535 1204 τοῦ
1580 1150 1863 1213 κτίσαντος

280 1246 465 1311 αὐτὸν,
500 1247 574 1317 μὴ
604 1246 806 1317 τολμᾷν
843 1248 964 1309 ταῖς
996 1244 1091 1297 τοῦ
1122 1242 1259 1297 Θεοῦ
1291 1242 1621 1311 διοικήσεσιν
1650 1240 1863 1294 ἀντιλέ-

277 1355 417 1407 γειν,
452 1337 585 1409 μηδὲ
609 1334 1064 1408 καταμέμφεσθαι
1092 1334 1193 1404 τῆς
1214 1334 1469 1407 προνοίας
1492 1334 1619 1397 τοὺς
1650 1332 1864 1401 λόγους.

278 1428 476 1482 Πολλοὶ¹
508 1429 616 1500 γάρ
644 1429 781 1481 εἰσιν
813 1428 863 1479 οἱ
896 1426 1324 1496 φιλεγκλήμονες
1369 1423 1645 1479 αἰτιᾶσθαι
1680 1422 1865 1477 εἰωθό-

276 1535 370 1583 τες
392 1559 409 1587 ,
446 1519 559 1572 Καὶ
587 1518 639 1571 τί
670 1516 780 1589 γὰρ
795 1519 1087 1588 ἀναγκαῖον
1108 1513 1176 1588 ἦν
1193 1517 1293 1588 τὴν
1324 1515 1501 1588 ἀρχὴν
1528 1517 1609 1578 είς
1639 1515 1730 1568 τὸν
1751 1514 1863 1585 βίον

279 1610 602 1683 παρελθεῖνς
640 1608 918 1677 λέγοντες·
952 1608 1049 1661 Διὰ
1079 1609 1131 1660 τί
1174 1608 1231 1661 δὲ
1262 1607 1436 1660 ταῦτα
1486 1607 1684 1661 οὑτωσὶ
1722 1606 1867 1674 γίνε-

280 1721 412 1770 ται;
449 1703 516 1757 Τί
547 1703 605 1757 δὲ
648 1703 759 1755 τῶν
794 1701 1050 1756 τοιούτων
1082 1696 1151 1771 ἦν
1184 1700 1378 1771 χρεία;
1430 1698 1538 1753 ἔδει
1582 1699 1691 1770 γὰρ
1724 1697 1866 1751 οὕτω

277 1793 627 1865 γεγενῆσθαι.
661 1792 821 1847 Ἀλλὰ
841 1793 1051 1856 τούτοις
1075 1791 1358 1864 πρόκειται
1377 1790 1438 1844 τὸ
1459 1809 1477 1842 ι
1502 1790 1639 1844 Οὐαί
1647 1832 1660 1845 .
1700 1790 1865 1860 Ἐρω-

278 1884 484 1957 τήσατέ
525 1902 592 1955 με
623 1884 753 1955 περὶ
797 1882 907 1938 τῶν
939 1884 1070 1936 υἱῶν
1102 1899 1227 1953 μου,
1265 1882 1359 1935 καὶ
1400 1880 1660 1951 περὶτῶν
1686 1880 1864 1951 ἔργων

279 1976 390 2031 τῶν
430 1975 632 2049 χειρῶν
684 1992 787 2046 μου
828 1973 1137 2027 ἐντείλασθέ
1173 1990 1297 2044 μοι·
1341 1992 1361 2025 ι
1410 1973 1509 2043 τῆς
1551 1972 1649 2043 μὲν
1672 1971 1865 2040 νοερᾶς

282 2069 376 2122 καὶ
405 2068 633 2138 λογικῆς
656 2068 842 2130 οὐσίας
868 2065 959 2120 διὰ
976 2066 1087 2118 τῶν
1118 2065 1252 2119 υίῶν
1270 2065 1605 2137 δηλουμένης
1623 2080 1637 2093 ·
1676 2063 1783 2115 τῶν
1808 2061 1863 2114 δὲ

278 2158 374 2213 τοῦ
403 2159 611 2228 κόσμου
643 2156 827 2229 μερῶν
862 2156 950 2211 διὰ
981 2156 1090 2211 τῶν
1117 2156 1295 2227 ἔργων
1326 2154 1435 2209 τῶν
1468 2154 1670 2228 χειρῶν
1696 2154 1863 2208 αὐτοῦ

284 2249 731 2321 παρισταμένων.

358 2381 379 2414 ε
421 2360 565 2429 Ἐγὼ
592 2361 827 2431 ἐποίησα
846 2361 951 2431 γῆν
983 2360 1079 2414 καῖ⁵
1106 2359 1390 2431 ᾶνθρωπον
1417 2361 1505 2412 επ⁹
1530 2359 1725 2429 αὐτῆς·
1755 2356 1867 2427 ἐγὼ

279 2454 349 2522 τῇ
386 2450 533 2523 χειρί
566 2468 667 2522 μου
696 2450 1006 2522 ὲστερέωσα
1031 2450 1122 2504 τὸν
1153 2448 1411 2521 οὐρανὸν,
1444 2448 1556 2519 ἐγὼ
1586 2450 1721 2502 πᾶσι
1753 2450 1868 2512 τοῖς

278 2543 505 2613 ἄστροις
525 2540 899 2612 ἐνετειλάμην.
934 2560 953 2591 ι
976 2541 1109 2593 Τίνα
1130 2536 1223 2594 οὖν
1244 2539 1357 2610 ἔχοι
1376 2538 1610 2593 ἐνταῦθα
1629 2538 1865 2611 μέμψιν;

282 2632 445 2687 Ποῖον
476 2631 535 2685 δὲ
565 2632 661 2701 οὐχ
698 2632 985 2703 ὑπεραίρει
1020 2632 1236 2695 κάλλος,
1265 2631 1298 2701 ή
1329 2620 1479 2684 ποῖον
1509 2631 1571 2684 οὐ
1602 2630 1867 2684 καλύπτει

287 2720 552 2793 μιγεθοςς
582 2723 647 2775 Τί
673 2722 730 2776 δὲ
759 2722 882 2792 οὐχὶ
905 2722 1262 2793 συμὸαλείται
1290 2722 1460 2775 ταῦτα
1503 2723 1639 2794 πρός
1672 2738 1737 2790 γε
1765 2721 1867 2793 τήν

283 2811 383 2867 τοῦ
408 2813 673 2884 παρόντος
712 2812 981 2885 κόσμησιν
1026 2814 1122 2868 καὶ
1170 2813 1305 2884 πρὸς
1336 2813 1428 2868 τὸν
1461 2814 1518 2867 ἐν
1559 2812 1868 2884 ἀνθρώποις

292 2904 529 2977 βιωφελῆ
556 2903 701 2975 βίον;
730 2904 839 2976 Γῆν
871 2906 969 2975 μὲν
1004 2906 1114 2977 γὰρ
1140 2904 1371 2975 ἐποίησα
1396 2906 1497 2959 οὐκ
1522 2905 1748 2977 ἕρημον,
1781 2905 1871 2957 ού-

287 2996 346 3050 δι
374 2997 646 3069 ἄχρηστον
678 3000 941 3066 στοιχεῖον
962 3013 976 3026 ·
1000 2998 1315 3069 οίκητήριον
1338 2996 1396 3051 δὲ
1426 2996 1747 3068 ἀνθρώπων.
1778 2995 1871 3048 Διὸ

288 3091 385 3144 καὶ
409 3088 478 3143 τά
499 3086 664 3142 λοιπὰ
684 3087 800 3154 ζῶά
827 3105 888 3142 τε
917 3088 1010 3141 καὶ
1042 3087 1187 3158 φυτὰ
1209 3088 1291 3154 είς
1323 3090 1518 3161 χρῆσιν
1544 3088 1637 3141 καὶ¹
1659 3088 1873 3161 ,ὑπηρε-

1896 1861 1938 1916 Β

1964 606 2137 677 ﬁguli,
2170 607 2237 660 ad
2270 604 2545 658 meliorem
2580 600 2811 656 formam
2844 601 3111 655 reducens
3141 608 3196 653 et
3240 615 3539 658 renovaos.

2034 694 2195 749 Vens.
2232 694 2313 747 lt.
2371 690 2683 757 «Quoniam
2743 689 2824 743 sic
2874 688 3007 743 dicit
3053 688 3322 744 Dominus
3379 690 3544 755 Deus,

1964 783 2198 839 Sanctus
2232 783 2416 849 Israel,
2455 784 2548 853 qui
2597 781 2729 835 fecit
2778 791 3007 836 ventura
3041 798 3055 835 :
3086 782 3427 852 [interrogate
3460 797 3549 839 me

1963 877 2030 932 de
2059 877 2182 932 ﬁliis
2213 879 2369 944 meis,
2404 876 2541 932 etde
2556 876 2814 946 operibus
2838 891 3096 930 manuum
3130 890 3375 931 mearum
3408 892 3549 947 pra:-

1963 970 2129 1038 cipite
2196 971 2396 1024 mihi.»
2452 967 2747 1024 Erudiatur
2798 968 2981 1036 itaque
3037 967 3217 1038 quivis
3269 968 3432 1024 homo
3480 968 3551 1023 de

1966 1072 2109 1117 terra
2154 1072 2425 1130 snmptns,
2475 1068 2530 1115 et
2577 1070 2797 1116 terreno
2845 1060 3066 1115 indutus
3114 1075 3369 1131 corpore,
3411 1062 3550 1117 nihil

1964 1153 2219 1207 diﬁ‘erens
2240 1168 2269 1205 a
2302 1153 2413 1207 Iulo
2441 1152 2485 1207 si
2515 1167 2636 1227 cum
2672 1160 2927 1208 creatore
2950 1168 3049 1208 suo
3075 1164 3443 1221 comparetur,
3479 1167 3551 1209 ue

1965 1251 2159 1300 audeat
2189 1247 2279 1300 Dei
2316 1245 2708 1314 dispensationi
2748 1246 3157 1309 contradicere,
3204 1261 3381 1315 neque
3424 1262 3553 1317 pro-

1964 1338 2217 1392 videntia:
2250 1337 2517 1392 ratiOnettt
2562 1337 2806 1407 culpare.
2849 1336 2985 1392 Nam
3015 1338 3167 1393 multi
3200 1340 3415 1407 queruli
3448 1339 3551 1394 bo-

1966 1430 2138 1484 mines
2188 1438 2335 1495 sunt,
2372 1427 2464 1498 qui
2517 1428 2799 1483 criminari
2848 1440 2905 1484 et
2947 1442 3179 1500 arguere
3216 1430 3421 1485 audent
3466 1430 3555 1485 his

1967 1524 2147 1577 verbis
2193 1541 2206 1576 :
2257 1521 2397 1589 Quid
2456 1534 2684 1575 necesse
2732 1519 2833 1574 fuit
2878 1534 2911 1574 a
2956 1520 3228 1592 principio
3268 1521 3337 1576 ad
3385 1520 3553 1575 vitam

1969 1615 2249 1670 transire?
2279 1614 2387 1670 Cur
2418 1614 2536 1668 hare
2570 1612 2663 1667 tali
2696 1614 2859 1669 modo
2886 1612 3241 1669 conduntur?
3269 1610 3411 1680 Quid
3453 1612 3554 1666 hu-

1962 1708 2197 1777 jusutodi
2253 1706 2416 1761 rebus
2474 1704 2655 1773 Opus?
2710 1719 2833 1759 nam
2901 1706 3004 1760 hoc
3054 1703 3173 1758 ﬁeri
3222 1705 3385 1759 modo
3454 1717 3557 1772 par

1969 1811 2105 1855 erat.
2158 1800 2353 1854 Verum
2405 1798 2471 1852 ad
2520 1811 2617 1853 eos
2662 1807 2873 1867 spectat
2914 1797 3066 1859 illud.
3111 1814 3131 1849 ι
3159 1795 3272 1852 Vae.
3325 1794 3557 1851 Interro-

1965 1902 2089 1964 gate
2114 1906 2201 1947 me
2231 1891 2297 1945 de
2336 1889 2461 1945 ﬁliis
2487 1891 2643 1954 meis,
2675 1880 2732 1946 et
2761 1892 2828 1946 de
2848 1892 3105 1961 operibus
3134 1905 3393 1947 manuum
3430 1903 3549 1945 me-

1966 2002 2120 2041 arum
2156 1984 2435 2054 pratcipite
2482 1983 2637 2037 mihi.
2669 2002 2687 2036 ι
2731 1982 2993 2038 Filiorum
3026 1983 3248 2037 nomine
3279 1981 3558 2037 intellectu

1966 2076 2194 2150 praedita
2259 2085 2314 2131 et
2372 2074 2720 2131 rationabilis
2787 2076 3097 2132 substantia
3169 2074 3557 2146 signiﬁcatur;

1966 2170 2223 2237 operibus
2251 2177 2433 2223 autem
2461 2183 2715 2222 mannnm
2750 2166 2868 2238 ejus
2894 2209 2909 2235 ,
2944 2168 3128 2223 mundi
3160 2177 3343 2238 partes
3374 2166 3559 2224 decla—

1970 2272 2178 2316 rantur.

2041 2353 2207 2409 Vens.
2240 2350 2330 2407 12.
2370 2351 2515 2421 «Ego
2545 2350 2647 2405 l'eci
2687 2363 2911 2416 terram,
2956 2360 3012 2407 et
3054 2351 3328 2406 hominem
3362 2350 3416 2406 in
3446 2365 3511 2409 ea
3540 2370 3556 2407 :

1967 2460 2069 2518 ego
2101 2460 2265 2500 manu
2314 2460 2434 2515 mea
2468 2443 2676 2497 ﬁrmavi
2718 2444 2940 2508 caelum,
2969 2458 3073 2515 ego
3115 2443 3373 2500 omnibus
3397 2446 3562 2499 astris

1969 2537 2244 2594 mandavi.
2277 2555 2297 2590 ι
2354 2536 2620 2605 Quaenam
2682 2535 2846 2607 igitur
2899 2536 2991 2592 hic
3042 2536 3300 2606 culpandi
3348 2536 3561 2591 causa?

1969 2628 2193 2699 Qualem
2232 2627 2693 2699 pulchritudinem
2739 2644 2846 2683 non
2899 2634 3146 2699 superat,
3201 2637 3298 2683 ant
3343 2627 3561 2698 qualem

1971 2722 2402 2795 magnitudinem
2459 2736 2565 2775 non
2616 2720 2793 2792 operit
2845 2726 2903 2776 et
2961 2719 3220 2776 excedit?
3275 2718 3563 2788 Quomodo

1971 2815 2087 2869 haec
2118 2829 2222 2869 non
2254 2812 2612 2869 conferantur
2643 2812 2711 2866 ad
2742 2812 3030 2883 praesentis
3070 2813 3254 2867 mundi
3285 2821 3560 2878 ornatum,

1970 2914 2027 2962 et
2056 2906 2123 2960 ad
2154 2904 2497 2961 commodam
2525 2903 2808 2959 hominum
2842 2905 3057 2959 vitam?
3098 2903 3327 2959 Terram
3361 2905 3563 2975 quippe

1971 3011 2078 3051 non
2113 2995 2385 3050 desertam
2420 2994 2680 3062 condidi,
2730 3009 2909 3065 neque
2962 2994 3152 3050 inutile
3186 2994 3560 3059 elementum;

1972 3088 2069 3143 sed
2095 3087 2149 3141 in
2177 3084 2511 3141 domicilium
2564 3085 2896 3142 hominibus.
2950 3086 3295 3156 Quapropter
3354 3086 3563 3156 reliqua

289 3179 412 3233 σίαν
443 3176 749 3250 ἀνθρώποις
790 3193 852 3231 τε
901 3175 1324 3247 παρεσκεύασα·
1377 3177 1607 3249 οὐρανόν
1630 3193 1690 3229 τε
1715 3178 1867 3229 ἐστε-

1973 3179 2251 3243 animalia,
2294 3186 2351 3234 et
2401 3178 2615 3249 plantas
2655 3178 2723 3233 ad
2760 3192 2919 3234 usum
2959 3188 3015 3234 et
3046 3178 3415 3234 ministerium
3463 3178 3564 3234 ho-

237 3332 241 3336 ,
291 3267 494 3340 ρίωσα,
520 3268 800 3339 κοσμήσας
821 3267 1071 3338 ἄστροις·
1112 3264 1194 3331 οἷς
1224 3267 1578 3339 ἐνετειλάμην
1606 3266 1870 3321 εὔτακτον

289 3360 384 3415 καὶ
408 3357 731 3429 ὶναρμόνιον
772 3358 1042 3412 ποιεῖσθαι
1092 3357 1189 3430 τήν
1224 3358 1467 3429 κίνησιν·
1511 3359 1587 3422 ὡς
1614 3359 1737 3412 τοτὲ
1771 3358 1869 3429 μὲν

288 3448 505 3519 φαίνειν
547 3448 661 3509 τοῖς
697 3447 789 3499 επὶ
826 3448 925 3517 τῆς
960 3449 1085 3517 γῆς,
1121 3448 1243 3501 τοτὲ
1269 3448 1327 3502 δὲ
1358 3443 1497 3502 εἶναι
1540 3450 1620 3512 είς
1647 3452 1867 3519 σημεῖα,

289 3538 386 3593 καὶ
429 3538 511 3601 εἰς
551 3537 798 3609 καιροὺς,
846 3538 942 3590 καὶ
992 3540 1072 3602 είς
1116 3539 1351 3612 ἡμέρας,
1387 3542 1483 3594 καὶ
1531 3540 1728 3611 μῆνας,
1774 3542 1872 3595 καὶ

289 3626 594 3691 ἐνιαυτούς.

366 3800 386 3832 ε
429 3780 573 3849 Ἐγὼ
617 3781 813 3851 ήγειρα
858 3782 1020 3835 αὑτὸν
1063 3781 1201 3852 μετὰ
1240 3781 1587 3854 δικαιοσύνης
1624 3783 1869 3855 βασιλέα,

290 3871 387 3925 καὶ
415 3872 588 3925 πᾶσαι
628 3872 685 3925 αί
722 3871 830 3925 ὁδοὶ
871 3872 1035 3926 αὐτοῦ
1074 3871 1298 3925 εὐθεῖαι.
1328 3864 1495 3936 Οὗτος
1527 3874 1871 3945 οἰκοδομήσει

289 3960 393 4034 τήν
435 3963 590 4017 πόλιν
634 3981 759 4035 μου,
793 3964 887 4017 καὶ
928 3963 1026 4034 τὴν
1068 3964 1444 4035 αίχμαλωσίαν
1479 3966 1573 4019 τοῦ
1610 3966 1741 4021 λαοῦ
1770 3985 1870 4038 μου

294 4052 633 4124 ἐπιστρέψει,
666 4053 727 4106 οὐ
762 4053 897 4123 μετὰ
919 4054 1148 4125 λύτρων,
1178 4054 1302 4107 οὐδὲ
1340 4057 1478 4124 μετὰ
1510 4055 1720 4125 δώρων,
1751 4051 1871 4109 εἷπε

294 4140 497 4213 Κύριος
530 4140 809 4195 Σαϐαὼθ.»
831 4141 965 4196 Τίνα
990 4142 1046 4195 δὲ
1070 4141 1257 4196 τοῦτον
1284 4144 1318 4214 ή
1347 4146 1527 4212 malev;
1565 4145 1622 4198 '0
1660 4145 1759 4216 μέν
1788 4163 1873 4210 τις

294 4234 413 4305 ἐρεῖ
431 4232 523 4284 τὸν
548 4229 655 4285 τῶν
678 4231 903 4303 Περσῶν
938 4230 1158 4301 βασιλέα
1195 4232 1399 4305 Κῦρον,
1430 4228 1491 4289 οὗ
1523 4235 1617 4289 καὶ
1647 4234 1736 4288 διὰ
1766 4235 1873 4288 τῶν

295 4321 607 4395 ἔμπροσθεν
657 4323 1061 4393 ἐμνημόνευσεν
1109 4324 1138 4377 ό
1183 4323 1375 4393 λόγος·
1410 4325 1486 4389 ὡς
1536 4326 1663 4398 περὶ
1708 4326 1871 4380 αὑτοῦ

294 4415 552 4484 λέγεσθαι
575 4414 657 4476 τὸ,
696 4435 714 4465 ι
748 4414 925 4469 Πᾶσαι
950 4416 1005 4469 αί
1025 4414 1134 4469 ὁδοὶ
1165 4416 1330 4469 αὑτοῦ
1364 4416 1587 4483 εὐθεῖαι,
1620 4437 1639 4469 ι
1666 4418 1698 4490 ἢ
1733 4418 1875 4471 κατὰ

1971 3273 2211 3329 minibus
2254 3270 2565 3343 apparavi:
2614 3270 2929 3342 caelumque
2976 3270 3233 3335 ﬁrmavi,
3283 3278 3340 3324 et
3389 3268 3565 3325 astris

1968 3364 2235 3421 exornavi
2268 3382 2283 3419 :
2330 3364 2533 3435 quibus
2576 3364 2811 3435 ρεπερὶ
2844 3372 2903 3416 ut
2939 3362 3211 3417 concinne
3248 3370 3305 3416 et
3346 3362 3564 3415 harmo-

1970 3459 2097 3514 nico
2137 3464 2284 3511 motu
2325 3455 2726 3526 procederent;
2762 3468 2886 3509 cum
2928 3463 2988 3508 ut
3021 3462 3230 3508 terram
3263 3448 3561 3507 incolenti—

1970 3550 2073 3607 bus
2096 3551 2362 3617 lucerent,
2396 3557 2509 3604 tum
2539 3556 2599 3601 ut
2622 3555 2804 3603 essent
2826 3547 2879 3602 in
2903 3547 3083 3617 signa,
3111 3544 3166 3599 in
3208 3553 3476 3613 tempora,
3506 3540 3562 3597 in

1973 3643 2109 3711 dies,
2146 3656 2364 3698 menses
2389 3649 2447 3697 et
2474 3653 2670 3696 annos.

2043 3799 2211 3854 Vitas.
2240 3798 2328 3855 l3.
2365 3817 2384 3850 ι
2409 3797 2524 3868 Ego
2546 3795 2777 3851 excitavi
2804 3810 2927 3851 eum
2961 3810 3087 3851 cum
3111 3792 3324 3864 Iustitia
3356 3809 3560 3867 regem,

1972 3903 2028 3949 et
2065 3907 2257 3947 omnes
2298 3893 2398 3946 via:
2437 3890 2557 3958 ejus
2600 3900 2786 3947 rectm.
2830 3887 2931 3944 llic
2960 3889 3252 3944 :ediﬁcabit
3282 3888 3562 3944 civitatem

1974 3999 2187 4049 meam,
2234 3992 2304 4039 et'
2336 3983 2707 4052 captivitatem
2768 3982 2949 4053 populi
2998 3982 3103 4036 mei
3148 3983 3410 4047 reducet,
3450 3996 3563 4036 non

1974 4078 2166 4147 pretio.
2220 4089 2400 4145 neque
2444 4073 2782 4139 muneribus,
2833 4073 2912 4127 ait
2952 4073 3214 4141 Dominus
3250 4070 3510 4127 Sabaoth.
3538 4090 3560 4125 ι

1974 4165 2143 4237 Quem
2188 4175 2282 4222 aut
2309 4166 2525 4237 qualem
2560 4165 2651 4221 hic
2692 4164 2998 4219 memorat?
3041 4162 3248 4235 Cyrum
3273 4162 3565 4217 Persarum

1977 4277 2197 4329 regem,
2256 4260 2402 4315 dicet
2448 4256 2765 4329 quispiam,
2812 4255 2969 4326 cujus
3024 4256 3077 4309 in
3132 4253 3568 4324 pracedentibus

1976 4353 2257 4417 meminit;
2315 4353 2391 4407 ita
2438 4360 2498 4403 ut
2547 4354 2613 4405 de
2657 4348 2751 4404 illo
2802 4347 3122 4412 diceretur,
3180 4360 3417 4401 «omnes
3465 4343 3583 4398 viat-

1976 4446 2093 4516 ejus
2132 4451 2374 4506 rectaaza
2436 4443 2551 4497 sive
2598 4442 2894 4497 secundum
2948 4439 3380 4511 Symmachum,
3448 4435 3566 4491 «Et

296 4507 386 4562 τὸν
414 4506 729 4577 Σύμμαχον,
766 4524 784 4556 ι
816 4506 927 4560 Καὶ
955 4506 1133 4571 πάσας
1160 4507 1258 4571 τὰς
1279 4507 1430 4572 ὁδοὺς
1458 4508 1623 4563 αὑτοῦ
1646 4509 1868 4563 εὐθυνῶ.

1980 4506 2168 4596 οἰηηεε
2208 4538 2324 4592 vias
2371 4535 2492 4605 eius
2539 4543 2715 4591 rectas
2754 4506 3091 4589 faciamJEt
3142 4532 3229 4587 hic
3268 4530 3566 4587 :ediﬁcabit

296 4599 409 4653 Καὶ
436 4593 589 4662 οὗτος
609 4597 951 4668 οἰκοδομήσει
976 4596 1074 4668 τήν
1103 4599 1256 4653 πόλιν
1292 4617 1414 4671 μου.
1449 4620 1467 4652 ι
1502 4601 1737 4672 Δυνάμει
1762 4602 1872 4674 γὰρ

297 4690 462 4753 αὐτὸς
493 4685 561 4759 ἦν
592 4691 621 4742 ό
656 4688 753 4760 τὴν
787 4688 943 4743 πόλιν
973 4688 1333 4760 οἰκοδομήσας
1360 4690 1457 4761 τὴν
1498 4692 1871 4762 Ἰερουσαλήμ,

296 4780 387 4834 διὰ
416 4780 509 4833 τοῦ
546 4779 944 4851 συγχωρεῖσθαι
974 4782 1087 4843 τοῖς
1113 4779 1383 4834 ἐθέλουσιν
1402 4783 1609 4835 ἀνιέναι
1640 4784 1749 4837 ἀπὸ
1777 4787 1877 4855 τῆς

301 4870 637 4935 Βαϐυλῶνος,
668 4873 761 4924 καὶ⁵
792 4871 1097 4945 ἀνεγείρειν
1124 4871 1213 4925 τὸν
1234 4872 1417 4926 τόπον.
1439 4874 1605 4927 Τοῦτο
1636 4876 1875 4947 ἐπλήρου

298 4961 442 5017 κατὰ
490 4962 588 5032 τήν
644 4963 885 5032 ἱστορίαν
938 4966 968 5017 ό
1021 4962 1281 5033 δηλωθεὶς
1324 4963 1549 5034 Περσῶν
1601 4963 1870 5033 βασιλεύς.

302 5052 497 5116 ’Ἀλλος
522 5052 565 5105 δ’
601 5052 667 5106 ἂν
690 5054 833 5106 εἴποι
862 5052 1037 5108 ταῦτα
1069 5053 1321 5123 λέγεσθαι
1354 5056 1481 5126 περὶ
1512 5055 1605 5108 τοῦ
1638 5054 1875 5125 Ζοροϐά-

302 5145 417 5210 ϐελ,
440 5144 520 5208 ὃς,
546 5143 655 5198 άπὸ
680 5143 773 5196 τοῦ
810 5145 1085 5214 βασιλικοῦ
1126 5145 1315 5215 γένους
1340 5144 1680 5217 ὁρμώμενος,
1711 5143 1780 5217 ἦν
1811 5148 1876 5201 ὲκ

302 5237 476 5309 φυλῆς
500 5234 672 5290 Ἰούδα
703 5236 799 5289 καὶ
825 5238 925 5306 τῆς
960 5236 1052 5290 τοῦ
1080 5236 1241 5291 Δαυῖδ
1271 5237 1539 5307 διαδοχῆς.
1588 5236 1748 5290 Ἀλλά
1780 5236 1875 5290 καὶ

302 5328 403 5398 τὴν
448 5326 559 5380 τῶν
599 5324 787 5397 ψυχῶν
817 5326 1191 5397 αἰχμαλωσίαν
1220 5327 1378 5399 μόνος
1427 5330 1455 5381 ό
1492 5328 1727 5399 Χριστὸς
1773 5327 1876 5380 ἀπ·-

194 5436 203 5445 '
303 5415 556 5490 έστρεψε,
581 5420 680 5490 τῆς
704 5419 1024 5489 δαιμονικῆς
1042 5420 1245 5491 πλάνης
1263 5420 1631 5492 ἐλευθερώσας
1652 5422 1747 5474 καί
1763 5421 1875 5474 δου-

301 5507 486 5570 λείας·
527 5509 623 5562 xui.
657 5507 815 5562 τοῦτο
842 5508 1076 5579 ἔπραξεν
1108 5511 1167 5563 οὐ
1207 5511 1345 5581 μετὰ
1369 5510 1599 5581 λύτρων,
1628 5512 1747 5565 οὐδὲ
1780 5530 1875 5582 με·

302 5593 372 5646 τὰ
409 5592 626 5665 δώρων·
676 5596 705 5649 ὃ
742 5596 805 5652 δὴ
836 5598 930 5649 καὶ
963 5597 1204 5651 διδάσκει
1247 5600 1275 5650 ὀ
1315 5598 1634 5663 ’Δποστολος
1671 5601 1868 5655 εἰπών·

313 5703 333 5735 ι
369 5682 564 5754 Χάριτί
591 5686 712 5738 ἐστε
745 5688 1093 5758 σεσωσμένοι.
1138 5708 1156 5740 ι

382 5792 402 5824 ι
432 5772 587 5830 Οὒτω
623 5773 771 5842 λέγει
806 5776 1008 5847 Κύριος
1051 5775 1275 5833 Σαϐαὼθ
1363 5778 1677 5834 Ἑκοττίασεν
1706 5782 1869 5849 Afyw

1976 4633 2251 4689 civitatem
2284 4646 2483 4686 meam.
2512 4650 2530 4682 ι
2580 4627 2715 4683 Nam
2747 4628 2838 4683 hic
2868 4629 3101 4699 quadam
3134 4627 3343 4681 ratione
3373 4626 3566 4681 civita-

1976 4734 2083 4782 tem
2104 4723 2533 4795 Hierosolymam
2564 4721 2881 4787 :ediﬁcavit,
2912 4720 3039 4790 quia
3064 4719 3331 4774 volentem
3374 4734 3564 4790 quem—

1977 4834 2083 4888 que
2124 4816 2397 4887 permisit,
2452 4813 2724 4886 Babylone
2781 4812 3094 4883 proﬁcisci,
3145 4822 3197 4866 et
3246 4812 3422 4867 locum
3474 4827 3562 4865 re-

1976 4920 2246 4965 staurare.
2266 4907 2412 4971 llaec,
2436 4905 2734 4961 secundum
2767 4904 3075 4969 historiam,
3106 4910 3440 4958 memoratus
3467 4917 3562 4957 rex

1979 5000 2270 5056 Persarum
2326 4998 2592 5066 implevit.
2644 4996 2798 5051 Alius
2848 5011 2980 5052 vero
3023 4996 3291 5066 quispiam
3340 4995 3561 5060 dixerit,

1982 5095 2098 5149 hzec
2139 5092 2203 5146 de
2236 5088 2569 5147 Zorobahele
2601 5089 2729 5155 dici,
2762 5089 2853 5159 qui
2895 5104 2963 5143 ex
2999 5090 3143 5157 regia
3175 5087 3345 5157 stirpe
3376 5088 3563 5141 oriun-

1983 5186 2105 5249 dus,
2136 5199 2199 5238 es
2242 5184 2381 5237 tribu
2418 5182 2553 5237 Juda
2596 5191 2651 5237 et
2686 5196 2750 5236 ex
2794 5182 3143 5237 successione
3170 5180 3389 5235 Davidls
3418 5190 3558 5234 erat.

1979 5276 2093 5333 lino
2142 5291 2272 5331 vero
2324 5276 2473 5330 solns
2518 5273 2771 5329 Christus
2826 5275 3131 5328 animarum
3193 5272 3559 5340 captivitatem

1980 5370 2215 5429 reduxit.
2280 5379 2444 5438 atque
2494 5384 2525 5421 a
2584 5368 2891 5421 damonum
2954 5378 3141 5420 errore
3194 5364 3562 5431 servitutequc

1980 5462 2234 5516 liberavit
2273 5479 2286 5513 :
2333 5460 2495 5529 idque
2528 5458 2679 5523 fecit,
2726 5474 2830 5512 non
2878 5458 3054 5528 pretio
3098 5471 3164 5509 ac
3206 5455 3518 5509 muneribus
3544 5472 3557 5484 ·

1981 5553 2125 5623 quod
2164 5553 2331 5607 etiam
2376 5556 2533 5608 docet
2565 5551 2875 5621 Apostolus,
2911 5552 3130 5607 dicens:
3154 5568 3173 5601 ε
3198 5548 3386 5604 Gratia
3425 5546 3559 5603 salvi

1984 5646 2113 5702 iacti
2144 5646 2297 5701 estis.
2330 5664 2347 5698 ι

2058 5778 2223 5837 Vens.
2250 5780 2337 5837 ll.
2371 5798 2389 5836 ι
2420 5780 2512 5837 Sic
2553 5781 2684 5837 dicit
2720 5780 2979 5838 Dominus
3010 5779 3245 5836 Sabaoth
3278 5797 3289 5832 ;
3321 5775 3557 5833 Ιιιὺοηο
