4058 6384
559 389 663 444 415

1225 385 1310 442 EU
1322 383 1492 440 SEBII
1530 381 2000 440 CIESARIENSIS
2034 381 2123 436 ΟΡ

2231 379 2409 433 PARS
2449 378 2538 432 lll.
2579 406 2646 418 —-
2685 369 3098 429 EXEGETICA.

3686 363 3794 417 416

559 516 634 558 vtt
665 507 944 574 Atlgypttts,
991 513 1044 556 et
1087 501 1378 570 negotiatio
1411 498 1748 568 Etltiopunt,
1793 509 1845 552 et
1894 497 2112 552 Sabaint

2228 511 2369 555 πτος,
2401 494 2495 546 καὶ
2533 491 2769 560 ἐμπορία
2796 486 3087 544 Αἰθιόπων,
3123 483 3218 535 καὶ
3253 481 3303 534 oi
3334 480 3583 548 Σαοαεὶμ
3606 476 3801 548 ἄνδρες

557 597 658 648 viri
697 595 890 648 excelsi
934 594 999 646 ad
1035 605 1083 647 te
1112 591 1435 656 transibunt,
1471 599 1525 643 et
1553 590 1646 643 tibi
1679 589 1822 643 servi
1853 597 2033 652 erunt,
2067 597 2122 640 et

557 696 677 755 post
708 696 757 739 te
787 695 1076 753 sequentur
1119 683 1283 737 vincti
1324 680 1550 734 manicis
1576 698 1590 734 :
1619 689 1674 734 et
1707 681 2016 733 transibunt
2053 679 2117 732 ad

561 788 612 830 te
637 820 649 841 ,
689 787 738 829 et
777 778 1075 830 adorabunt
1104 784 1192 838 te;
1229 782 1279 827 et
1309 773 1360 825 in
1403 781 1452 825 te
1477 775 1880 841 precabnntur:
1909 775 2031 839 quia
2066 771 2118 823 in

568 879 617 920 te
650 869 788 922 Deus
813 878 915 933 est,
943 878 996 920 ct
1023 882 1125 919 non
1151 875 1232 918 est
1258 865 1395 918 Deus
1431 874 1629 933 preter
1669 873 1740 917 te.
1772 882 1789 914 ι
1834 861 2120 933 Egyptnm

566 963 640 1013 ait
670 960 980 1013 idololatria;
1018 971 1203 1010 errore
1244 955 1536 1015 laborasse.
1583 954 1797 1024 quando
1830 953 2041 1007 diabolo
2067 962 2123 1006 et

561 1053 829 1106 ministris
866 1049 981 1117 ejus
1030 1048 1363 1102 daemonibus
1408 1045 1650 1115 subjecta
1691 1056 1847 1098 erat:
1885 1054 2120 1098 attamen

561 1160 592 1197 a
645 1144 828 1198 labore
881 1140 1233 1195 recreandam
1284 1136 1570 1206 (Egyptum
1624 1149 1744 1189 esse
1796 1133 2118 1203 pollicetur:

561 1250 666 1303 qua
715 1242 878 1289 totum
919 1230 1233 1285 idololatria
1288 1243 1456 1297 genus
1499 1227 1817 1282 sublndicat.
1871 1242 1891 1276 ι
1922 1225 1984 1277 Et
2019 1223 2117 1279 Sa-

560 1326 704 1378 baim
739 1325 838 1376 viri
877 1321 1095 1377 excelsi.
1132 1340 1150 1372 ι
1192 1318 1354 1387 Queis
1398 1320 1704 1390 signiﬁcare
1746 1319 1955 1371 videtur
1997 1317 2122 1370 bar-

559 1416 718 1470 haras
753 1416 1008 1484 quasdam
1053 1414 1420 1481 immanesque
1456 1420 1666 1480 gentes,
1696 1419 1935 1463 extrema
1967 1420 2124 1466 terra:

563 1507 874 1570 incolentes,
911 1520 1047 1573 quas
1075 1503 1291 1559 Christo
1330 1505 1574 1558 subditas
1611 1501 1725 1557 fore
1761 1503 2120 1567 vaticinatur;

562 1614 737 1666 quare
773 1599 986 1653 subdit:

631 1857 792 1914 Vens.
823 1860 906 1923 15,
941 1861 1025 1914 16.
1065 1879 1082 1912 ι
1106 1861 1171 1914 Ει
1208 1872 1328 1931 post
1364 1871 1412 1914 te
1438 1868 1730 1929 sequentur
1759 1859 1923 1913 vincti
1955 1857 2120 1910 mani-

560 1953 658 2006 cis.
700 1952 776 2004 Tu
813 1954 955 2006 enim
1003 1969 1062 2006 es
1105 1953 1264 2017 Deus,
1310 1952 1745 2013 etnescivimus,
1779 1951 1918 2003 Deus
1959 1948 2122 2002 Israel

564 2043 822 2097 salvator.
854 2043 1262 2099 Confundentur
1287 2054 1341 2099 et
1370 2043 1690 2097 ernbescent
1725 2056 1910 2095 omnes
1941 2042 2126 2095 adver-

562 2135 690 2189 sarii
733 2137 890 2204 ejus:
943 2146 997 2190 et
1038 2137 1386 2191 ambulabunt
1427 2135 1478 2188 in
1515 2133 1850 2188 confusione.
1899 2133 2126 2186 lnnova-

562 2227 692 2280 mini
737 2230 803 2282 ad
843 2243 944 2294 me,
984 2229 1190 2282 insulae.
1222 2248 1239 2279 ι
1288 2227 1566 2293 Quomodo
1609 2227 1922 2280 confusione
1956 2236 2008 2278 et
2038 2240 2128 2292 pu-

561 2320 692 2373 dore
739 2321 924 2387 repleti
978 2323 1107 2384 sint,
1158 2335 1388 2382 omnes,
1437 2319 1526 2386 qui
1580 2318 1745 2370 Variis
1797 2315 2126 2384 temporibus

560 2411 855 2463 adversarii
890 2411 1057 2475 luere,
1115 2411 1320 2479 ipsique
1371 2408 1550 2478 populi
1588 2422 1665 2460 ‘cx
1717 2408 2127 2460 circumcisione

562 2509 718 2567 atque
766 2515 829 2553 ex
880 2503 1127 2566 gentibus
1173 2502 1442 2563 universi,
1493 2501 1581 2568 qui
1629 2509 1811 2552 contra
1870 2498 2127 2552 ecclesias

562 2591 678 2657 ejus
762 2593 1185 2658 persecutionem
1247 2594 1588 2656 excitarunt,
1661 2591 1790 2658 ipsis
1865 2592 2124 2659 operibus

564 2682 736 2750 magis
775 2698 932 2751 quam
981 2698 1226 2738 sermone
1265 2685 1588 2736 declaratur.

634 2770 794 2827 Vens.
836 2774 917 2826 l7.
985 2794 1000 2824 ι
1037 2775 1194 2828 Israel
1260 2775 1497 2828 salvator
1548 2789 1574 2828 a
1630 2773 1890 2838 Domino,
1953 2773 2126 2828 salute

564 2872 762 2916 :rtorua
809 2884 820 2917 :
865 2882 968 2918 non
1023 2866 1438 2925 confundentur,
1488 2880 1662 2933 neque
1688 2866 2009 2918 erubescent
2039 2880 2127 2918 us-

563 2971 666 3025 que
697 2959 746 3009 in
777 2972 1055 3010 aeternum.
1085 2977 1101 3008 ι
1143 2957 1264 3012 llaec
1294 2973 1454 3025 porro
1480 2957 1809 3026 conjunctim
1844 2965 2028 3024 postea
2063 2958 2126 3010 tle

564 3049 834 3117 apostolis,
879 3050 1156 3117 discipulis
1189 3057 1243 3102 et
1299 3050 1647 3117 evangelistis
1681 3049 1983 3101 Salvatoris
2027 3062 2124 3101 ne-

2221 585 2411 654 ὑψηλοὶ
2462 585 2554 635 ἐπὶ
2590 583 2647 634 σὲ
2686 580 3048 650 διαϐήσονται,
3095 575 3208 654 καὶ,
3221 573 3305 626 σοὶ
3339 571 3553 624 ἔσονται
3595 567 3798 628 δοῦλοι,

2221 675 2315 726 καὶ
2338 673 2514 726 ὀπίσω
2543 690 2633 725 σου
2669 669 3087 738 ἀκολουθήσουσι
3117 664 3387 735 δεδεμένοι
3414 660 3762 733 χειροπέδαις
3781 675 3797 688 ·

2221 767 2314 819 καὶ
2337 764 2676 835 διαϐήσονται
2704 762 2838 834 πρὸς
2864 760 2941 815 σὲ.
2969 759 3064 810 καὶ
3101 753 3532 828 προσκυνήσουσί
3561 768 3674 806 σοι’
3703 753 3802 806 καὶ

2221 859 2278 908 ὲν
2323 858 2405 910 σοὶ
2449 853 2862 926 προσεύξονται’
2909 852 2988 904 ὅτι
3041 851 3098 902 ὲν
3133 847 3214 900 σοὶ
3255 849 3285 900 6
3323 845 3458 909 Θεός
3507 847 3646 908 ἐστι,
3699 845 3801 896 καὶ

2221 950 2320 1002 οὐκ
2359 949 2470 1000 ἐστι
2503 947 2636 1008 Θεὸς
2671 944 2808 1015 πλὴν
2843 941 2956 995 σοῦ.
2997 960 3015 990 ›
3057 939 3328 1006 Αἴγυπτον
3359 936 3418 989 δέ
3464 949 3595 1004 φησι
3635 950 3799 986 κεκο-

2224 1039 2473 1092 πιακὲναι
2513 1035 2600 1089 διὰ
2635 1038 2732 1105 τῆς
2766 1031 3147 1100 είδωλολάτρου
3183 1027 3411 1096 πλάνης,
3445 1024 3686 1095 ὁπηνίκα
3720 1022 3802 1094 τῷ

2221 1129 2448 1199 διαϐόλῳ
2480 1128 2708 1189 καὶτοῖς
2739 1125 2866 1196 περὶ
2888 1123 3048 1177 αὑτὸν
3085 1121 3299 1190 δαίμοσι
3336 1119 3592 1186 πονηροῖς
3628 1132 3802 1169 κατα-

2221 1219 2508 1271 δεδούλωτο
2527 1233 2540 1246 ·
2583 1216 2722 1286 πλὴν
2755 1213 2868 1268 ἀλλ’
2898 1215 3046 1282 ὅμως
3075 1206 3533 1262 διαναπαύσεσθαι
3575 1205 3672 1259 τοῦ
3702 1206 3802 1258 κό-

2225 1328 2326 1363 που
2364 1310 2462 1378 τὴν
2499 1307 2769 1376 Αἴγυπτον
2809 1301 3231 1372 ἐπαγγέλλεται·
3280 1299 3347 1352 δι’
3395 1298 3564 1367 αὐτῆς
3595 1297 3705 1348 πᾶν
3739 1297 3804 1349 τὸ

2223 1402 2322 1470 -ιῆς
2368 1398 2805 1470 εἰδωλολατρείας
2851 1396 3004 1464 γένος
3042 1391 3426 1460 αἰνιττόμενος.
3483 1408 3502 1440 ι
3545 1389 3656 1442 Καὶ
3695 1389 3804 1441 Σα-

2224 1490 2391 1563 όαεὶμ
2420 1492 2605 1563 ἄνδρες
2628 1489 2839 1560 ὑψηλοί.
2880 1507 2897 1539 ι
2925 1489 3001 1539 Δι’
3028 1479 3103 1540 ὧν
3125 1483 3408 1555 σημαίνειν
3428 1482 3571 1535 ἔοικε
3593 1480 3806 1552 βάρϐα-

2227 1584 2294 1654 ρά
2335 1601 2454 1637 τινα
2485 1585 2577 1637 καὶ
2609 1585 2876 1652 ἀνήμερα,
2910 1580 3005 1633 καὶ
3042 1581 3100 1631 ὲν
3129 1580 3241 1642 τοῖς
3279 1575 3532 1643 ἐξωτάτω
3567 1577 3670 1645 τῆς
3694 1576 3805 1644 γῆς

2223 1674 2475 1727 οἰκοῦντα
2497 1674 2623 1744 ἔθνη
2643 1691 2655 1705 ·
2681 1674 2717 1728 ἀ
2743 1673 2806 1744 δὴ
2837 1671 3142 1727 δουλεύσειν
3171 1669 3250 1742 τῷ
3269 1669 3492 1742 Χριστῷ
3515 1668 3765 1732 θεσπίζει
3785 1685 3800 1697 ο

2225 1765 2305 1817 διὸ
2331 1765 2572 1832 ἐπιλέγει
2587 1783 2599 1795 ·

2299 1896 2316 1926 ι
2353 1877 2460 1929 Καὶ
2480 1876 2652 1928 ὀπίσω
2686 1893 2778 1929 σου
2805 1874 3222 1944 ἀκολουθήσουσι
3245 1872 3515 1944 δεδεμένοι
3545 1871 3803 1943 χειροπε-

2222 1970 2358 2032 δαις.
2401 1969 2472 2020 Σὺ
2509 1967 2615 2036 γὰρ
2652 1963 2701 2019 εἴ
2743 1968 2895 2030 Θεὸς,
2929 1968 3021 2020 καὶ
3049 1967 3146 2019 οὑκ
3177 1965 3420 2036 ᾔδειμεν,
3465 1966 3494 2017 6
3537 1964 3672 2027 Θεὸς
3704 1962 3802 2015 τοῦ

2235 2059 2450 2129 Ἰσραὴλ
2491 2060 2695 2129 σωτήρ.
2734 2057 3191 2128 Δίσχυνθήσονται
3233 2056 3328 2109 καὶ
3363 2055 3803 2125 ἐντραπήσονται

2223 2148 2422 2211 πάντες
2475 2150 2521 2200 οί
2574 2148 2932 2216 ἀντικείμενοι
2986 2146 3151 2216 αὐτῷ,
3200 2146 3295 2199 καὶ
3344 2144 3703 2216 πορεύσονται
3740 2145 3802 2196 ὲν

2224 2237 2471 2308 αἰσχύνῃ.
2543 2235 2943 2303 Ἐγκαινίζεσθε
3003 2236 3138 2306 πρὸς
3189 2236 3276 2304 μὲ,
3327 2235 3498 2304 νῆσοι.
3545 2253 3562 2284 ι
3608 2234 3802 2296 Ὅπως

2225 2329 2280 2380 δὲ
2323 2327 2772 2400 κατῃσχύνοησαν
2826 2328 2919 2380 καὶ
2970 2327 3347 2397 ἐνετράπησαν
3392 2327 3590 2388 πάντες
3621 2325 3670 2377 οἱ
3700 2342 3806 2377 κα-

2226 2418 2293 2470 τά
2313 2420 2531 2488 καιροὺς
2559 2418 2936 2487 ἀντικείμενοι,
2957 2417 3107 2468 αύτοί
3135 2433 3192 2466 τε
3218 2417 3265 2469 oi
3291 2417 3354 2467 ἐκ
3379 2417 3679 2484 περιτομῆς
3702 2413 3803 2467 καὶ

2224 2507 2330 2559 τῶν
2349 2507 2515 2559 ἐθνῶν
2549 2508 2747 2568 πάντες
2776 2506 2823 2559 οί
2850 2508 2973 2568 τοὺς
2999 2504 3138 2558 κατά
3161 2508 3258 2575 τῆς
3288 2503 3610 2573 Ἐκκλησίας
3630 2502 3805 2556 αὑτοῦ

2223 2599 2493 2667 διωγμοὺς
2526 2597 2838 2663 ἐξάψαντες,
2865 2597 3067 2660 παντὸς
3089 2597 3245 2664 λόγου
3275 2595 3472 2665 μᾶλλον
3503 2596 3537 2665 ἡ
3565 2595 3656 2648 διὰ
3686 2594 3802 2648 τῶν

2226 2687 2401 2757 ἔργων
2433 2687 2703 2758 μαρτυρία
2731 2687 3074 2757 παρίστησιν.

2301 2797 2320 2829 ι
2372 2779 2583 2850 Ἰσραὴλ
2609 2779 2838 2842 σώζεται
2883 2779 2985 2831 ὑπὸ
3010 2777 3210 2848 Κυρίου
3242 2777 3512 2847 σωτηρίαν
3543 2775 3762 2829 αἰώνιον
3783 2792 3798 2804 ο

2224 2871 2323 2923 οὐκ
2376 2870 2836 2939 αίσχιιυθήσονται,
2881 2869 3000 2920 οὐδὲ
3057 2870 3129 2937 μὴ
3180 2868 3513 2936 ὲντραπώσιν
3551 2867 3656 2930 ἕως
3702 2867 3802 2919 τοῦ

2227 2962 2419 3024 αἰῶνος
2446 2961 2544 3014 ἔτι.
2583 2980 2602 3013 ι
2632 2963 2739 3014 Καὶ
2763 2961 2934 3012 ταῦτα
2964 2961 3020 3012 δὲ
3045 2958 3352 3017 ἀκολούθως
3375 2957 3640 3026 συνῆπται
3669 2959 3802 3028 περὶ

2226 3053 2333 3105 τῶν
2376 3053 2684 3106 ἀποστόλων
2731 3054 2824 3105 καὶ
2854 3051 3107 3122 μαθητῶν
3143 3051 3236 3102 καὶ
3273 3049 3668 3118 εὐαγγελιστῶν
3701 3049 3802 3103 τοῦ

565 3142 662 3193 stri
707 3141 999 3194 dicuntur:
1033 3142 1132 3211 ipsi
1181 3155 1412 3210 namque
1461 3149 1616 3194 erant
1661 3139 1818 3194 Israel
1869 3139 1990 3202 ille,
2035 3139 2122 3206 qui

2229 3144 2476 3214 Σωτῆρος
2499 3144 2653 3214 ἡμῶν
2671 3161 2683 3174 ·
2708 3143 2863 3197 αὐτοὶ
2889 3143 2995 3212 γάρ
3014 3137 3154 3212 ἦσαν
3173 3143 3200 3193 ὁ
3224 3139 3524 3209 σωζόμενος
3558 3142 3799 3212 ’1σραήλ’

565 3234 735 3286 salute
783 3234 1056 3288 donatur:
1096 3248 1158 3286 ac
1209 3247 1392 3286 eorum
1447 3247 1606 3299 opera
1663 3231 1974 3299 plermnque
2012 3246 2124 3283 me-

571 3333 788 3376 morata:
839 3323 1022 3377 insulze
1073 3333 1336 3377 renovata:
1387 3333 1530 3377 sunt.
1585 3323 1749 3376 Erant
1795 3333 1971 3375 autem
2024 3322 2126 3376 illa:

571 3414 658 3466 Dei
721 3414 962 3469 ecclesiae
1024 3431 1142 3484 quae
1210 3429 1304 3469 ceu
1374 3415 1504 3467 mari
1571 3415 1692 3468 vita:
1762 3415 1957 3467 malitia
2010 3430 2126 3467 am-

566 3507 806 3559 biuutur.

639 3597 798 3651 Vens.
831 3597 917 3660 18,
945 3596 1032 3651 19.
1075 3616 1094 3647 ι
1119 3594 1208 3651 Sic
1239 3596 1370 3651 dicit
1406 3597 1685 3660 Dominus,
1717 3597 1808 3666 qui
1859 3595 1986 3651 fecit
2015 3610 2126 3651 caa-

569 3687 676 3740 lum
712 3706 724 3740 :
770 3682 868 3742 iste
891 3689 1064 3763 :‘Deus,
1106 3689 1193 3757 qui
1219 3691 1455 3742 ostendit
1485 3698 1707 3752 terram,
1745 3698 1796 3742 ct
1825 3689 1952 3742 fecit
1981 3704 2122 3751 eam,

570 3781 680 3850 ipse
725 3781 968 3834 distinxit
1011 3796 1152 3834 eam.
1206 3779 1318 3834 Non
1364 3780 1558 3833 frustra
1605 3780 1730 3833 fecit
1771 3795 1906 3840 eam,
1944 3779 2037 3832 sed
2073 3787 2130 3831 ut

568 3872 903 3926 habitaretur
933 3872 1213 3941 plasmavit
1255 3887 1395 3925 eam.
1454 3872 1564 3940 Ego
1604 3885 1719 3924 sum
1754 3868 2025 3932 Dominus,
2074 3880 2129 3922 et

570 3978 674 4016 non
707 3973 788 4016 est
823 3963 978 4016 alius.
1003 3983 1021 4014 ι
1077 3962 1168 4017 llis
1198 3966 1439 4026 docetur,
1486 3977 1588 4015 non
1637 3962 1988 4032 ignorandum
2033 3977 2130 4013 no-

572 4055 694 4118 bis,
751 4054 1020 4107 hominum
1081 4069 1246 4123 genus
1308 4069 1500 4123 magno
1550 4055 1690 4122 apud
1751 4055 2126 4107 universorum

574 4146 853 4200 Dominum
898 4145 1060 4198 Deum
1113 4147 1164 4198 in
1209 4146 1410 4199 honore
1455 4146 1691 4199 habitum
1739 4158 1858 4198 esse
1905 4163 1916 4198 :
1963 4158 2132 4213 quare

573 4237 742 4302 ipsum
780 4235 1000 4289 salutari
1045 4236 1325 4290 vocatione
1359 4237 1607 4305 dignatus
1635 4245 1742 4299 est,
1773 4251 1980 4290 necnon
2011 4249 2131 4289 om-

2231 3237 2324 3289 καὶ
2374 3236 2441 3288 δι’
2491 3235 2667 3289 αὐτῶν
2704 3233 3150 3303 ἀνεκαινίσθησαν
3184 3233 3240 3284 αἱ
3274 3230 3528 3294 πολλάκις
3573 3231 3664 3284 διὰ
3688 3233 3806 3284 τῶν

2228 3329 2532 3401 ἔμπροσθεν
2571 3327 2887 3398 δηλωθεῖσαι
2943 3327 3116 3395 νῆσοι.
3147 3319 3315 3377 Αὗται
3343 3323 3400 3375 δὲ
3430 3319 3565 3393 ἦσαν
3604 3324 3661 3376 αί
3704 3325 3806 3376 ἑκ-

2229 3422 2446 3492 κλησίαι
2489 3421 2583 3472 τοῦ
2614 3418 2747 3472 Θεοῦ
2773 3417 2848 3481 ὡς
2882 3417 2974 3469 ἐπὶ
3001 3416 3273 3486 θαλάσσης
3300 3415 3666 3485 κυκλούμεναι
3696 3415 3806 3468 ὑπὸ

2227 3514 2328 3582 τῆς
2360 3513 2452 3566 τοῦ
2484 3513 2598 3581 βίου
2626 3510 2843 3572 κακίας.

2303 3622 2320 3654 ι
2357 3601 2540 3664 Οὕτως
2560 3600 2704 3666 λέγει
2736 3597 2935 3668 Κύριος
2979 3597 3006 3648 6
3043 3598 3272 3667 ποιήσας
3302 3596 3391 3648 τὸν
3416 3594 3643 3665 οὐρανόν
3663 3613 3675 3624 ·
3714 3589 3806 3648 οὗ·

2225 3712 2316 3758 τος
2344 3697 2372 3748 ὁ
2400 3694 2531 3756 Θεὸς
2573 3695 2601 3745 6
2641 3691 2961 3755 καταδείξας
3001 3691 3098 3759 τὴν
3147 3693 3271 3760 γῆν,
3306 3689 3399 3742 καὶ
3432 3689 3667 3758 ποιήσας
3701 3689 3802 3741 αύ-

2227 3787 2346 3856 τὴν,
2394 3785 2555 3846 αὐτὸς
2597 3783 2846 3855 διώρισεν
2887 3783 3072 3853 αὑτήν.
3115 3782 3227 3835 Οὐκ
3253 3782 3332 3844 είς
3365 3780 3518 3833 κενὸν
3546 3781 3806 3849 ἐποίησεν

2231 3879 2418 3949 αὐτὴν,
2447 3877 2580 3930 ἀλλά
2617 3875 2981 3929 κατοικεῖσθαι
3029 3874 3258 3927 ἔπλασεν
3296 3875 3482 3944 αὑτήν,
3521 3872 3660 3940 Ἐγώ
3685 3875 3807 3944 ειμι

2232 3969 2456 4040 Κύριος,
2492 3968 2583 4021 καὶ
2610 3968 2709 4020 οὐκ
2749 3967 2894 4020 ἔστιν
2934 3966 3036 4019 ἔτι.
3077 3987 3093 4016 ι
3145 3966 3394 4020 Διδάσκει
3419 3964 3506 4017 διά
3541 3963 3743 4017 τούτων
3777 3965 3815 4018 6

2231 4059 2388 4127 λόγος
2420 4059 2492 4130 μὴ
2522 4059 2756 4126 ἀγνοεῖν,
2810 4057 2884 4120 ὡς
2930 4057 3178 4127 μεγάλως
3205 4056 3489 4127 τετίμηται
3533 4054 3685 4126 παρά
3723 4054 3814 4126 τῷ

2231 4152 2446 4204 πάντων
2477 4150 2706 4220 δεσπότῃ
2741 4148 2859 4218 Θεῷ
2900 4149 2961 4201 τὸ
3001 4149 3108 4201 τῶν
3145 4147 3446 4220 ἀνθρώπων
3483 4146 3673 4216 γένος’
3723 4145 3809 4200 διὸ

2232 4244 2324 4294 καὶ
2346 4242 2444 4311 τῆς
2477 4240 2720 4312 κλήσεως
2753 4241 2913 4303 αὐτὸς
2936 4240 3034 4308 τῆς
3065 4239 3330 4310 σωτηρίου
3355 4237 3681 4308 κατηξίωσε,
3708 4240 3810 4291 καὶ

573 4329 730 4382 uibus
775 4327 871 4390 iis,
921 4343 1038 4395 quae
1077 4327 1130 4380 in
1173 4327 1418 4396 praesenti
1474 4327 1753 4396 prophetia
1810 4327 2126 4395 promittun-

2234 4333 2445 4386 πάντων
2476 4333 2582 4385 τῶν
2606 4333 2693 4386 διὰ
2726 4332 2826 4402 τῆς
2850 4330 3128 4402 παρούσης
3159 4331 3494 4403 προφητείας
3527 4331 3810 4400 ὲπηγγελι-

575 4429 677 4474 tur.
737 4419 1192 4485 Quemadmodum
1242 4417 1384 4473 enim
1453 4420 1648 4472 cazlum
1699 4419 1766 4471 ad
1817 4417 2127 4487 angelorum

572 4519 985 4577 sanctorumque
1015 4510 1295 4578 spirituum
1328 4510 1654 4563 domicilium
1690 4512 2014 4570 necessario,
2046 4519 2131 4562 at-

573 4617 678 4670 que
733 4602 793 4653 ad
838 4603 1070 4654 universi
1116 4611 1364 4655 ornatum
1414 4601 1703 4664 constitui;
1751 4602 1820 4653 ita
1876 4610 1930 4654 et
1979 4611 2132 4654 terra:

575 4698 937 4759 elementum,
984 4709 1087 4746 non
1137 4695 1188 4746 in
1221 4708 1413 4746 vanum
1468 4707 1641 4761 neque
1696 4691 1958 4745 inutiliter
2003 4706 2131 4744 con-

577 4786 714 4848 didi;
763 4785 853 4838 scd
907 4785 1080 4854 ipsum
1128 4785 1199 4837 ad
1245 4785 1606 4838 habitaculum
1654 4793 1709 4838 et
1755 4783 2133 4836 commoratio—

578 4893 696 4929 nem
757 4892 984 4940 eorum,
1039 4877 1127 4946 qui
1199 4877 1269 4930 ibi
1334 4877 1636 4930 rationabili
1691 4877 1850 4928 modo
1905 4890 2129 4928 conver-

578 4969 742 5021 saturi
801 4978 998 5033 erant,
1053 4969 1352 5030 adornavi,
1423 4969 1510 5035 qui
1571 4980 1702 5020 sane
1762 4964 2134 5034 cognoscendo

581 5060 704 5116 Deo.
761 5076 822 5113 ac
878 5061 1119 5128 religiose
1147 5061 1372 5112 vivendo
1405 5074 1560 5127 pares
1611 5067 1784 5120 erant,
1837 5068 2020 5126 utpote
2067 5059 2132 5109 ad

583 5151 864 5218 imaginem
900 5150 992 5202 Dei
1033 5151 1253 5204 conditi.
1303 5150 1454 5203 Sicut
1505 5150 1664 5216 igitur
1701 5149 1872 5217 angeli
1911 5150 1960 5201 in
1997 5148 2134 5202 cmlo

584 5243 806 5295 ministri
843 5242 930 5293 Dui
970 5253 1132 5307 sunt;
1182 5245 1254 5294 ita
1293 5253 1346 5296 et
1381 5242 1623 5294 homines
1657 5242 1707 5293 in
1742 5252 1882 5294 terra
1915 5241 2013 5293 sub
2043 5241 2135 5293 Dci

581 5349 707 5386 cura
744 5335 960 5398 degunt.

658 5425 807 5477 Vens.
853 5425 939 5476 ‘20.
1019 5442 1035 5472 ι
1068 5421 1181 5475 Non
1261 5422 1313 5477 in
1365 5423 1678 5477 abscondito
1734 5423 1940 5475 locutus
1993 5437 2133 5483 sum,

585 5530 752 5581 neque
785 5516 833 5566 in
867 5515 982 5567 loco
1019 5525 1172 5566 terra:
1204 5517 1505 5568 tenebroso.
1539 5514 1648 5567 Non
1684 5515 1790 5567 dixi
1828 5515 2016 5568 semini
2048 5513 2136 5564 Ja-

587 5607 703 5664 roh,
744 5604 945 5658 Vanum
978 5608 1222 5672 qnzerite.
1265 5606 1374 5675 Ego
1409 5623 1546 5672 sunt,
1582 5622 1678 5674 ego
1708 5623 1823 5659 sum
1856 5607 2136 5667 Dominus,

591 5697 679 5762 qui
741 5697 926 5764 loquor
986 5698 1289 5761 justitiam.
1355 5709 1406 5751 et
1472 5699 1727 5750 annuntio
1779 5700 2074 5751 veritatem.
2117 5720 2130 5738 ν

595 5790 852 5851 Quoniam
913 5805 1050 5841 cuznt
1101 5792 1273 5842 (innuis
1325 5801 1486 5855 tetra,
1553 5801 1603 5844 ct
1660 5791 1743 5858 qui
1807 5792 1855 5842 in
1914 5807 1972 5842 ea
2017 5801 2133 5842 sunt

2236 4428 2426 4497 μένων.
2456 4427 2665 4497 Ὥσπερ
2689 4425 2796 4496 γὰρ
2830 4425 2922 4477 τὸν
2953 4423 3178 4495 οὐρανὸν
3210 4425 3288 4486 εἰς
3319 4422 3597 4492 διατριϐὴν
3640 4423 3811 4490 ἀγγέ-

2232 4521 2336 4572 λων
2373 4520 2468 4572 καὶ⁴
2504 4519 2824 4588 πνευμάτων
2856 4516 3022 4584 ἁγίων
3056 4513 3364 4581 ἀναγκαίως
3386 4514 3807 4584 ὑπεστησάμην,

2232 4611 2322 4662 καλ⁴
2353 4611 2434 4671 εἰς
2463 4609 2664 4678 κόσμον
2691 4607 2782 4659 τοῦ
2813 4605 3031 4667 παντὸς,
3075 4605 3166 4656 τὸν
3207 4603 3367 4657 αὑτὸν
3396 4605 3594 4674 τρόπον
3627 4606 3718 4656 καὶ
3745 4606 3816 4657 τὸ

2230 4700 2330 4768 τῆς
2362 4702 2463 4769 γῆς
2495 4701 2752 4768 στοιχεῖον
2800 4698 2899 4750 οὑκ
2943 4698 3022 4758 εἰς
3057 4695 3223 4766 ἀργὸν
3260 4695 3367 4747 οὐδ’
3409 4698 3486 4758 εἰς
3532 4697 3812 4767 ἄχρηστον

2231 4789 2632 4842 κατεσκεύασα·
2674 4789 2984 4857 οἰκητήριον
3018 4787 3073 4838 δὲ
3100 4785 3230 4838 αὐτὸ
3263 4786 3354 4837 καὶ
3382 4785 3658 4856 διατριϐὴν
3695 4788 3804 4839 τῶν

2234 4884 2289 4932 ὲν
2322 4880 2469 4949 αύτῷ
2524 4879 2752 4946 λογικῶς
2796 4878 3164 4930 πολιτεύεσθαι
3211 4876 3508 4946 μελλόντων
3547 4878 3785 4945 εἰργασά-

2239 4989 2360 5040 μην,
2395 4971 2442 5022 oi
2483 4971 2574 5023 mi.
2605 4970 2735 5022 Θεὸν
2773 4969 2966 5021 εἰδέναι
2996 4969 3087 5022 καὶ
3120 4967 3386 5030 θεοσεϐῶς
3426 4967 3574 5036 βιοῦν
3607 4963 3708 5020 οἶοί
3743 4987 3798 5022 τε

2232 5059 2387 5131 ἦσαν,
2425 5064 2516 5116 ἆτε
2564 5064 2681 5115 κατ’
2728 5062 2906 5113 εἰκόνα
2932 5063 3064 5113 Θεοῦ
3106 5062 3477 5131 πεποιημένοι.
3511 5063 3720 5130 ’Ὠσπερ
3756 5065 3799 5115 δ’

2237 5152 2328 5207 οὖν
2355 5157 2410 5206 ὲν
2441 5152 2654 5222 οὐρανῷ
2680 5152 2897 5218 ἄγγελοι
2925 5152 3224 5222 λειτουργοὶ
3243 5151 3399 5203 Θεοῦ.
3429 5151 3572 5203 οὔτω
3597 5155 3688 5204 καὶ
3712 5156 3802 5207 ἐπὶ

2242 5247 2341 5316 γῆς
2368 5247 2554 5315 ἄνδρες
2586 5245 2661 5313 τῷ
2695 5243 2810 5314 Θείρ
2846 5245 3226 5315 μεμελημένοι.

2317 5444 2331 5474 ι
2364 5427 2476 5477 (ὶύκ
2510 5428 2565 5477 ὲν
2593 5426 2768 5494 κρυφῇ
2804 5423 3088 5491 λελάληκα,
3122 5420 3239 5472 οὐδὲ
3269 5421 3325 5470 ὲν
3362 5419 3508 5485 τόπῳ
3545 5418 3647 5486 γῆς
3679 5434 3797 5471 σκοο

2241 5518 2417 5587 τεινῴ.
2455 5519 2565 5570 Ούκ
2592 5513 2720 5569 εἶπα
2753 5516 2827 5585 τῷ
2862 5516 3130 5583 σπέρματι
3168 5509 3356 5563 Ἰακώὸ
3379 5527 3391 5539 ·
3424 5512 3663 5563 Μάταιον
3710 5511 3801 5578 ζη-

2244 5611 2460 5678 τήσατε.
2498 5606 2635 5674 Ἐγώ
2656 5609 2788 5675 εἰμι,
2817 5604 2924 5671 ἐγώ
2944 5607 3057 5673 εἰμι
3088 5602 3309 5671 Κύριος,
3338 5602 3364 5652 ό
3396 5599 3572 5650 λαλῶν
3596 5600 3798 5650 δικαιο-

2247 5699 2428 5768 σύνην,
2459 5700 2547 5750 καὶ
2585 5698 2923 5763 ἀναγγέλλων
2959 5696 3229 5765 ἀληθειαν.
3271 5713 3287 5742 ι
3331 5693 3479 5744 Ἐπεὶ
3516 5693 3622 5762 γὰρ
3658 5695 3800 5744 πᾶσα

2249 5793 2370 5859 ηγῆ
2402 5790 2490 5842 καὶ
2529 5792 2570 5840 οἱ
2618 5790 2668 5839 ἐν
2701 5789 2832 5857 αὐτῇ
2871 5788 3066 5848 πάντες
3092 5786 3361 5854 ἄνθρωποι
3400 5782 3519 5852 ἐμοί
3551 5783 3673 5843 εἰσι,
3717 5781 3802 5834 δια
