4058 6412
305 389 411 445 ἐν]

1235 380 1737 438 (ΖΟΜΜΕΝΤΛΒΙΛ
1777 380 1844 434 ΙΝ
1885 380 2144 435 ιεΑιΑΜ.
2182 412 2245 421 -—
2292 382 2446 437 CAP.
2489 383 2651 438 XLV.

3477 388 3580 443 “8

301 504 486 567 τοῦτο,
528 504 682 574 φησὶ,
733 504 856 566 τοὺς
904 502 1140 571 ἐμαυτοῦ
1194 502 1387 570 λόγους
1424 504 1523 554 οὐκ
1568 501 1727 554 εἴασα
1761 501 1879 571 κρύ·

1998 501 2269 566 homines,
2312 504 2418 556 mei
2460 512 2618 565 sunt;
2670 503 2814 569 ideo,
2865 504 3060 573 tnqnit,
3101 504 3265 558 verba
3307 520 3424 559 mea
3474 524 3581 561 non

300 597 560 659 πτεσθαι,
593 595 702 647 οὐδ’
735 593 921 661 ῶσπερ
952 594 1010 645 ἐν
1041 593 1216 663 σκότῳ
1243 593 1604 655 λανθάνοντας
1628 609 1640 621 ·
1676 594 1756 655 εἰς
1782 609 1886 659 φα-

302 688 465 760 νερὸν
495 688 555 740 δὲ
574 684 819 754 ἀγαγὼν,
844 686 1007 737 πᾶσιν
1036 685 1285 755 ἥπλωσα,
1321 685 1397 746 ὡς
1421 686 1585 736 πᾶσιν
1620 682 1797 735 ἔθνεσι
1828 684 1887 734 τὸ

302 782 577 850 σωτήριον
604 777 938 846 κηρυχθῆναι
962 776 1307 844 Εὑαγγέλιον.
1348 776 1607 846 Ἀντικρυ
1631 775 1688 827 δὲ
1716 772 1887 826 ταῦτα

304 871 455 940 μόνῳ
481 868 558 938 τῷ
582 866 921 936 εὐαγγελικῴ
956 866 1182 936 ἁρμόζοι
1210 864 1277 917 ἂν
1305 864 1639 936 κηρύγματι.
1674 865 1753 917 Τά
1778 864 1887 935 γὰρ

301 960 589 1022 Μωῦσέως
617 942 775 1027 λόγια
796 959 847 1010 sl’
865 976 949 1021 τις
968 956 1238 1021 ἐξετάζειν
1263 956 1453 1018 ἐθέλοι,
1486 956 1635 1026 εὖροι
1661 957 1727 1010 ἂν
1747 955 1887 1009 αὐτὰ

297 1043 487 1115 κρυφῆ
517 1042 710 1113 λελαλη
722 1042 855 1113 μένα
875 1059 888 1072 ·
912 1041 1125 1113 γλώττῃ
1154 1041 1252 1111 μὲν
1288 1039 1550 1110 Ἐϐραΐδι,
1569 1041 1818 1111 χαρακτῆ
1826 1060 1885 1111 ρ-

300 1153 358 1188 σι
389 1135 448 1188 δὲ
490 1133 753 1197 ίδιάζουσι
796 1134 892 1186 καὶ
936 1131 1010 1202 μὴ
1038 1131 1457 1201 γνωριζομένοις
1502 1130 1654 1202 παρὰ
1697 1132 1881 1184 πᾶσιν.

311 1224 477 1277 Ἀλλὰ
506 1224 602 1277 καὶ⁵
631 1223 685 1276 ετ
710 1240 793 1285 τις
821 1223 1120 1293 ἐννοήσοιεν
1142 1223 1198 1273 ἐν
1223 1221 1351 1292 ποίᾳ,
1371 1222 1562 1292 ἐρήμῳ
1588 1222 1680 1274 καὶ
1698 1221 1883 1291 ἀϐάτῳ

298 1315 398 1368 καὶ
431 1314 647 1384 ἀνύδρῳ
680 1314 709 1364 ὁ
740 1311 1015 1372 Μωῦσέως
1044 1309 1261 1381 ἐξεδόθη
1290 1312 1473 1381 νόμος,
1512 1311 1661 1381 εὖροι
1692 1311 1757 1365 ἀν
1787 1314 1885 1364 αὑ-

287 1406 393 1459 τὸν
454 1406 514 1457 ἐν
568 1404 721 1473 τόπῳ
778 1402 881 1472 γῆς
922 1399 1181 1470 σκοτεινῷ
1234 1400 1614 1470 λελαλημένον.
1664 1402 1738 1453 Οὐ
1776 1404 1883 1472 μὴν

294 1496 502 1565 ὁμοίως
536 1496 630 1548 καὶ
688 1494 749 1545 τὸ
793 1491 1122 1559 Εὑαγγέλιον
1164 1490 1256 1544 τοῦ
1293 1490 1549 1560 Χριστοῦ.
1602 1510 1620 1542 ι
1656 1492 1751 1554 Ei;
1780 1494 1880 1545 πᾶ-

292 1602 398 1639 σαν
436 1604 455 1635 )
495 1583 626 1652 γοῦν
658 1602 676 1633 ι
708 1582 803 1652 τὴν
835 1580 940 1649 γῆν
990 1578 1211 1650 ἐξῆλθεν
1263 1579 1292 1631 ό
1340 1580 1573 1648 φθόγγος
1602 1581 1711 1634 τῶν
1747 1582 1882 1634 ἀπο-

292 1676 501 1730 στόλων
537 1673 721 1735 αὐτοῦ,
756 1671 854 1725 καὶ
894 1674 973 1734 είς
1002 1672 1071 1724 τά
1093 1671 1305 1741 πέρατα
1335 1672 1435 1741 τῆς
1462 1672 1785 1742 οἰκουμένης
1813 1669 1879 1723 τὰ

291 1767 521 1837 ῥήματα
538 1764 735 1817 αὐτῶν.
762 1783 780 1815 ι
804 1762 1042 1831 Παντοίᾳ
1064 1762 1118 1813 δὲ
1152 1762 1245 1814 καὶ
1269 1761 1506 1833 γλώττῃ,
1532 1766 1683 1832 πάσῃ
1705 1765 1877 1832 φωνῇ,

1994 592 2203 645 occulta
2269 608 2443 662 neque
2509 595 2562 647 in
2634 594 2875 650 tenebris
2899 595 3142 663 tlalenlia
3196 596 3445 667 reliqui:
3485 600 3581 653 sed

1993 683 2175 751 palam
2228 683 2481 751 eﬂ'crens,
2521 688 2773 741 omnibus
2828 697 2953 741 nota
3009 686 3159 753 feci;
3207 690 3282 742 ita
3331 698 3388 743 ut
3436 692 3584 744 salu-

1996 782 2110 829 tare
2152 775 2505 847 Evangelium
2558 777 2812 832 omnibus
2868 779 3122 847 gentibus
3172 780 3581 848 praedicaretur.

1995 864 2119 921 llaec
2163 884 2316 930 sane,
2366 880 2423 923 ut
2472 870 2648 939 palam
2692 881 2796 937 est,
2832 872 3161 940 evangelicae
3204 874 3579 940 praedicationi

1993 966 2203 1014 tantum
2241 965 2588 1017 conveniant.
2632 962 2768 1017 Nam
2792 964 2992 1033 Moysis
3018 965 3230 1034 eloquia
3259 966 3301 1019 si
3338 968 3460 1034 quis
3488 982 3586 1020 ex-

1990 1053 2228 1119 pendere
2260 1055 2410 1118 velit,
2458 1069 2520 1109 ea
2555 1056 2768 1109 occulte
2802 1056 3014 1123 prolata
3049 1056 3444 1125 deprehendat,
3480 1056 3582 1111 lle-

1994 1144 2175 1198 braica
2207 1144 2416 1200 scilicet
2466 1145 2686 1215 lingua,
2739 1149 3155 1203 cbaract‘eribus
3206 1150 3462 1217 propriis,
3495 1164 3583 1204 ne-

1990 1248 2096 1302 que
2140 1236 2283 1303 apud
2318 1250 2512 1290 omnes
2557 1240 2811 1307 cognitis.
2862 1238 3171 1305 Quinetiam
3206 1240 3251 1294 si
3292 1240 3421 1308 quis
3464 1256 3583 1309 per-

1991 1324 2191 1390 pendat
2229 1341 2334 1393 qua
2384 1327 2437 1379 in
2482 1326 2796 1395 solitudine,
2841 1344 3003 1398 quam
3049 1329 3191 1382 invia
3227 1343 3281 1382 et
3316 1330 3576 1399 inaquosa

1988 1413 2073 1466 lex
2104 1414 2302 1484 Moysis
2346 1416 2546 1469 tradita
2599 1416 2781 1485 fuerit,
2838 1420 3000 1487 plane
3062 1420 3304 1474 inveniat
3345 1433 3465 1474 eam
3520 1422 3573 1473 in

1988 1504 2109 1558 luco
2156 1514 2313 1559 terra:
2361 1507 2649 1561 tenebroso
2694 1512 3097 1577 pronuntiatam
3133 1509 3321 1565 fuisse.
3371 1509 3439 1563 At
3467 1526 3573 1565 non

1990 1595 2108 1663 pari
2164 1598 2324 1650 modo
2373 1596 2724 1665 Evangelium
2753 1597 2953 1653 Christi
2985 1616 3000 1654 :
3032 1616 3157 1654 nam
3210 1619 3229 1651 ι
3260 1600 3311 1654 in
3357 1614 3575 1655 onmem

1991 1696 2191 1740 terram
2224 1687 2395 1740 exivit
2439 1701 2605 1740 sonus
2639 1688 3009 1756 apostolorum
3047 1688 3203 1757 ejus,
3247 1700 3303 1743 et
3352 1692 3403 1744 in
3441 1689 3577 1744 ﬁnes

1994 1779 2143 1832 orbis
2177 1788 2334 1831 lcer
2367 1778 2531 1832 verba
2570 1793 2756 1833 eorum
2780 1780 2846 1833 ".
2874 1798 2893 1831 ι
2941 1780 3207 1835 Omnibus
3252 1790 3435 1836 autem
3470 1780 3576 1833 lin-

290 1856 641 1927 χαρακτῆρσί
682 1872 741 1907 τε
782 1856 896 1915 τοῖς
930 1851 1051 1906 καθ’
1084 1852 1313 1906 ἕκαστον
1345 1853 1496 1916 ἔθνος
1525 1854 1879 1925 παραδέδοται

1996 1869 2136 1936 guis,
2180 1869 2325 1923 omni
2377 1884 2531 1931 voce,
2580 1869 3027 1938 characterisque
3065 1872 3401 1940 singularum
3447 1888 3576 1942 gen-

285 1949 371 2011 είς
403 1947 728 2012 ἐξάκουστον
754 1947 885 1998 πᾶσι
910 1946 1023 2006 τοῖς
1040 1943 1267 1997 ἔθνεσιν.

365 2144 387 2179 ι
429 2124 737 2195 Συνάχθητε
780 2126 875 2177 καὶ
918 2124 1109 2193 ἥκετε·
1139 2118 1498 2190 βουλεύσασθε
1533 2119 1669 2189 ἅμα,
1695 2119 1745 2171 οἱ
1772 2134 1878 2169 σω-

287 2216 510 2287 ζόμενοι
546 2214 653 2268 ἀπὺ
679 2213 786 2267 τῶν
808 2213 997 2268 ἐθνῶν.
1030 2212 1145 2266 Οὐκ
1166 2211 1409 2280 ἔγνωσαν
1448 2212 1498 2265 οἱ
1542 2210 1789 2281 αἴροντες
1816 2208 1878 2261 τὸ

288 2303 449 2367 ξύλον
498 2302 725 2372 γλύμμα
766 2302 966 2365 αὐτῶν,
1019 2302 1114 2354 καὶ
1172 2301 1219 2353 οἱ
1270 2300 1694 2370 προσευχόμενοι
1741 2298 1877 2369 πρὸς

287 2383 470 2457 θεοὺς,
498 2393 550 2445 οἱ
578 2394 639 2446 ού
666 2392 948 2457 σώζουσιν.
970 2394 1031 2445 Ei
1047 2391 1456 2461 ἀναγγελοῦσιν,
1479 2391 1874 2459 ἐγγισάτωσαν,

288 2484 381 2538 ἴνα
409 2484 610 2552 γνῶσιν
633 2482 767 2553 ἁμα.
802 2502 821 2534 ι
848 2482 1115 2553 Πρώτους
1141 2482 1239 2552 μὲν
1266 2481 1395 2552 γὰρ,
1423 2481 1607 2551 φησὶν,
1634 2480 1875 2543 ἐκείνους

288 2571 709 2642 ἀπκαλεσάμην
750 2572 838 2624 διὰ
867 2570 962 2624 τοῦ
990 2570 1347 2639 εὐαγγελικοῦ
1374 2570 1757 2642 κηρύγματος,
1785 2571 1877 2623 καὶ¹

289 2660 532 2733 πρώτοις
559 2661 744 2724 αὐτοῖς
766 2661 862 2732 τὴν
888 2661 1165 2731 βασιλείαν
1194 2660 1304 2714 τῶν
1333 2660 1577 2733 οὐρανῶν
1609 2661 1877 2731 ἐπηγγει-

286 2751 492 2821 λάμην,
533 2750 719 2821 ῶσπερ
764 2752 988 2821 μισθοὺς
1030 2753 1129 2822 τῆς
1170 2752 1249 2815 εἰς
1281 2750 1382 2821 ἐμὲ
1421 2750 1660 2813 πίστεως
1690 2751 1876 2814 αὐτοῖς

286 2841 743 2912 ύπισχνούμενον,
781 2842 918 2913 πρὸς
966 2843 1029 2894 τὸ
1068 2840 1141 2913 μὴ
1175 2841 1392 2911 νομίσαι
1415 2840 1611 2905 αὐτοὺς
1640 2842 1733 2893 ἐπὶ
1766 2859 1874 2911 μα-

291 2933 430 3002 ταίῳ
458 2932 748 2986 θεοσεδεῖν.
779 2932 869 2984 Διὸ
898 2932 992 2985 καὶ
1020 2932 1165 3003 ζωὴν
1191 2931 1408 2986 αἰώνιον
1435 2931 1871 3002 ἐπηγγειλάμην,

285 3023 383 3077 καὶ
426 3021 609 3089 ἀγαθά
663 3042 683 3074 ι
724 3021 760 3076 ἂ
800 3022 1076 3093 ὀφθαλμὸς
1117 3023 1218 3075 οὐκ
1262 3018 1390 3085 εἶδε,
1430 3041 1449 3072 ι
1490 3021 1583 3074 καὶ
1617 3021 1687 3073 τὰ
1722 3019 1871 3089 ἐξῆς.

298 3113 455 3166 Ἐπεί
485 3112 541 3165 δὲ
588 3112 721 3176 Sed;
758 3115 869 3189 εἰμι
900 3111 1074 3165 λαλῶν
1103 3111 1446 3182 δικαιοσύνην
1480 3113 1572 3165 καὶ
1604 3111 1872 3179 ἀναγγέλ-

285 3205 397 3259 λων
426 3204 706 3276 ἀλήθειαν,
749 3203 891 3258 κατά
923 3204 1014 3257 τὸν
1044 3203 1144 3274 τῆς
1178 3202 1521 3272 δικαιοσύνης
1547 3202 1723 3269 λόγον,
1759 3203 1877 3273 μετ’
1906 3204 1948 3260 C

286 3295 530 3357 ἐκείνους
568 3295 775 3357 πάντας
809 3293 1129 3364 ἀνθρώπους
1164 3292 1302 3363 πρὸς
1340 3293 1574 3363 ἐμαυτὸν
1612 3293 1876 3345 ἀνεκαλε-

287 3384 471 3454 σάμην
490 3401 504 3413 ·
536 3384 629 3437 καὶ
666 3383 912 3437 ἐντεῦθεν
940 3384 1042 3454 ἠδη
1071 3385 1183 3445 τοῖς
1206 3384 1339 3434 πᾶσι
1372 3382 1626 3452 κηρύττω
1667 3382 1840 3449 λέγων
1858 3398 1873 3412 °

293 3493 314 3526 ι
350 3472 660 3544 Συνάχθητε
706 3475 800 3526 καὶ
832 3475 1020 3543 ἥκετε,
1054 3471 1412 3542 βουλεύσασθε
1446 3472 1583 3541 ἆμα,
1623 3474 1674 3525 οἱ
1706 3471 1877 3536 σωζό-

290 3581 439 3634 μενοι
476 3564 583 3617 ἀπὸ
605 3564 713 3616 τῶν
742 3563 931 3616 ἐθνῶν.
971 3581 990 3613 ι
1033 3563 1197 3632 Ὁρᾷς
1248 3562 1395 3623 ὅπως
1444 3563 1572 3623 τοὺς
1629 3562 1737 3615 ἀπὸ
1766 3562 1877 3615 τῶν

286 3656 459 3711 ἐθνῶν
512 3653 871 3725 βουλομένους
928 3651 1197 3716 σώζεσθαι
1242 3650 1650 3722 προσκαλεῖται.
1703 3670 1723 3703 ι
1781 3652 1878 3716 Τίς

286 3748 527 3803 ἀκουστά
549 3746 768 3815 ἐποίησε
800 3742 973 3796 ταῦτα
1012 3743 1108 3794 ἀπ’
1141 3740 1354 3812 ἀρχῆς;
1392 3758 1412 3791 ι
1436 3738 1737 3808 γνώσονται
1769 3740 1879 3812 γὰρ

288 3841 455 3908 ἐγγὺς
496 3837 777 3907 γενόμενοι
818 3835 908 3887 τὸν
942 3832 1196 3903 ἀληθινὸν
1229 3831 1383 3893 Θεὸν,
1419 3826 1479 3884 οὗ
1514 3831 1657 3901 μέγα
1681 3831 1879 3902 δεῖγμα

286 3930 385 3997 τῆς
419 3928 673 3997 θεότητος
709 3925 804 3978 τοῦ
838 3922 1209 3996 προφητεῦσαι
1255 3920 1432 3974 ταῦτα
1464 3921 1555 3975 διὰ
1585 3920 1695 3974 τῶν
1729 3922 1878 3993 ἐμῶν

289 4018 607 4091 προφητῶν,
648 4017 742 4069 καὶ
782 4015 844 4068 τὸ
878 4015 973 4069 ἀπ’
1009 4014 1183 4085 ἀρχῆς
1214 4010 1549 4079 ἀπαγγεῖλαι
1590 4011 1765 4064 ταῦτα
1798 4014 1879 4075 είς

288 4109 385 4173 τάς
415 4109 583 4171 ἀκοὰς
606 4106 783 4178 ὴμῶν.
815 4124 834 4157 ‹
870 4106 1004 4158 Τότε
1035 4103 1312 4174 ἀνηγγέλη
1344 4104 1491 4172 ὑμῖν,
1509 4102 1651 4170 Ἐγὼ
1669 4104 1699 4155 ό
1723 4104 1875 4169 Θεὸς,

289 4201 382 4256 καὶ
415 4201 516 4253 οὐκ
546 4199 693 4252 ἐστιν
726 4198 881 4260 ἀλλος
924 4196 1065 4266 πλὴν
1098 4194 1254 4266 ἐμοῦ.
1295 4215 1312 4245 ι
1347 4193 1591 4261 Παγίδας
1632 4194 1879 4258 ἱστάντες

286 4296 398 4356 τοῖς
440 4292 532 4345 ἐπὶ
568 4292 670 4361 τῆς
696 4291 799 4361 γῆς
829 4292 878 4343 οἱ
906 4289 1178 4360 ἀλιτήριοι
1206 4287 1460 4356 δαίμονες
1480 4328 1493 4350 ,
1523 4287 1594 4339 τά
1620 4288 1719 4358 τῆς
1752 4289 1880 4341 ἐαυ-

288 4386 395 4441 τῶν
413 4386 629 4455 ἀπάτης
658 4383 997 4453 ἐργαστήρια
1018 4383 1335 4452 συγκροτεῖν
1365 4379 1716 4443 ἐσπούδαζον,
1748 4380 1881 4432 ὑπο-

289 4480 597 4553 κρινόμενοι
634 4478 729 4532 καὶ
756 4476 818 4529 τὸ
849 4475 1047 4528 εἰδέναι
1077 4474 1146 4527 τὰ
1178 4472 1438 4543 μέλλοντα
1470 4472 1565 4524 καὶ
1601 4472 1879 4541 ἀπαγγέλ-

290 4568 401 4624 λειν
440 4569 578 4622 αὐτά
614 4566 875 4620 δύνασθαι
910 4567 1021 4628 τοῖς
1043 4564 1282 4617 ἐθέλουσι
1318 4562 1529 4632 μαθεῖν,
1570 4563 1730 4631 μέχρι
1756 4580 1877 4616 και-

296 4662 388 4735 ροῦ
424 4661 828 4715 διατετελέκασι
876 4657 1333 4729 συναρπάζοντες.
1380 4659 1699 4728 Χρηστήρια
1747 4657 1877 4723 γοῦν

296 4751 436 4805 κατά
482 4767 543 4802 τε
582 4750 763 4812 πόλεις
822 4749 918 4801 καὶ¹
966 4748 1171 4817 χώρας,
1210 4746 1623 4816 ψευδωμαντείαί
1655 4763 1715 4797 τε
1736 4742 1877 4817 ἦσαν

297 4842 568 4911 πανταχοῦ
604 4843 697 4894 καί
726 4840 1092 4911 κληδονισμοὶ,
1124 4841 1219 4892 καὶ¹
1258 4838 1666 4908 νεκυομάντεις,
1707 4840 1801 4893 καὶ
1828 4842 1878 4893 οἱ

294 4932 595 5004 φωνοῦντες
628 4934 691 4984 ἐκ
717 4931 841 4999 γῆς,
870 4928 1299 5001 ἐγγλστρίμυθοί
1331 4946 1389 4982 τε
1424 4930 1519 4982 καὶ
1545 4928 1877 5000 ἀλφιτομάν-

294 5042 424 5088 τεις,
448 5024 543 5077 καὶ
565 5022 895 5087 ἁπαξαπλῶς
918 5021 1166 5091 ψευστῶν
1189 5022 1282 5074 καὶ
1303 5022 1551 5091 φενάκων
1577 5024 1610 5092 ἡ
1628 5024 1717 5092 ὑφ’
1738 5023 1875 5093 ἡλίῳ

297 5116 635 5186 πεπλήρωτο.
696 5133 714 5163 t
769 5115 986 5175 Δίκαιος
1043 5114 1136 5167 καὶ
1187 5114 1369 5184 σωτὴρ
1413 5114 1513 5166 οὐκ
1559 5114 1673 5167 ἐστι
1702 5114 1876 5185 παρὲξ

296 5208 449 5279 ἐμοῦ.
480 5229 498 5260 ι
551 5207 842 5260 Ἐθέσπισα
872 5207 927 5259 δὲ
954 5207 1048 5259 καί
1076 5210 1354 5277 προεῖπον,
1388 5208 1511 5259 ἐπεὶ
1566 5206 1773 5269 δίκαιός
1802 5209 1873 5259 εἰ-

298 5319 355 5373 μι
393 5304 487 5353 καὶ
520 5300 731 5369 Σωτὴρ,
786 5299 976 5369 διόπερ
1022 5298 1161 5350 κατά
1200 5298 1289 5350 τὸν
1341 5297 1432 5350 τοῦ
1471 5297 1678 5351 δικαίου
1717 5298 1873 5366 λόγον

297 5388 474 5443 πάντα
528 5386 598 5439 τά
642 5387 767 5458 ἔθνη
814 5386 963 5440 καλῶ
1002 5389 1082 5449 εἰς
1116 5386 1211 5456 τὴν
1246 5389 1374 5459 παρ’
1414 5389 1537 5457 ἐμοὶ
1577 5388 1870 5458 σωτηρίαν.

307 5480 465 5548 Ὁρᾷς
498 5479 643 5539 ὅπως
680 5478 961 5532 καθολικὸν
990 5478 1051 5530 τὸ
1076 5478 1333 5547 κήρυγμα
1376 5482 1507 5533 πᾶσι
1548 5483 1660 5542 τοῖς
1698 5479 1876 5533 ἔθνεσι

297 5569 684 5638 inausum;
730 5571 815 5623 Ἐν
847 5571 1057 5634 τούτοις
1092 5566 1151 5623 εὖ
1198 5571 1342 5641 μάλα
1376 5573 1474 5643 τῆς
1521 5573 1608 5626 διὰ
1639 5572 1875 5627 Χοιστοῦ

366 5773 409 5804 ε’
440 5772 581 5828 Pal.
619 5789 774 5838 ιιίιι,
812 5774 861 5828 i5.
938 5774 979 5805 "
1008 5774 1021 5828 Ι
1050 5772 1178 5830 Cor.
1213 5789 1271 5837 ll,
1305 5775 1358 5827 ιι.

1996 1952 2129 2007 tium
2165 1954 2417 2008 traditum
2450 1966 2557 2021 est,
2590 1964 2651 2010 ut
2693 1957 2744 2011 in
2770 1960 3007 2012 omnium
3040 1960 3280 2028 gentium
3325 1960 3569 2015 auditum

1984 2046 2102 2097 veni
2113 2054 2213 2098 ret.

2061 2136 2221 2190 Vsus.
2252 2136 2441 2200 21,22.
2482 2155 2501 2189 ι
2536 2137 2954 2209 Congregamini
2979 2148 3034 2193 et
3057 2139 3237 2195 venite
3265 2156 3279 2192 :
3304 2140 3573 2197 consulite

1986 2227 2175 2291 simul,
2228 2229 2325 2297 qui
2384 2228 2672 2283 salvamini
2720 2229 2787 2284 de
2829 2232 3102 2299 gentibus.
3149 2229 3268 2286 Non
3304 2247 3573 2302 cognoveo

1989 2326 2140 2381 runt,
2177 2318 2271 2386 qui
2294 2327 2538 2387 'portant
2568 2318 2773 2388 lignum
2804 2321 3140 2389 sculpturam
3178 2336 3355 2386 suam,
3394 2332 3449 2377 et
3476 2323 3568 2391 qui

1986 2417 2287 2475 precantur
2318 2411 2449 2463 deos
2501 2423 2609 2463 non
2644 2409 2947 2467 salvantes.
2994 2410 3050 2465 Si
3087 2412 3445 2477 annuntient,
3480 2429 3574 2467 ac-

1983 2496 2201 2561 cedant,
2254 2507 2314 2551 nt
2365 2508 2705 2569 cognoscant
2751 2500 2931 2555 simul.
2971 2520 2989 2552 ι
3024 2502 3257 2566 Etenim,
3294 2502 3402 2567 ait,
3457 2504 3567 2573 pri-

1987 2602 2135 2640 mum
2172 2586 2295 2642 illos
2323 2602 2423 2657 per
2444 2590 2816 2660 evangelii-am
2859 2593 3304 2661 prmdicationetn
3356 2596 3569 2654 vocavi.

1983 2677 2227 2745 ipsisque
2274 2680 2468 2748 primis
2528 2695 2755 2751 regnum
2800 2683 3063 2737 caalorum
3110 2684 3372 2752 pratnisi,
3415 2688 3567 2753 quasi

1979 2765 2037 2822 in
2077 2770 2380 2824 mercedem
2420 2785 2610 2825 eorum
2657 2787 2787 2843 erga
2845 2787 2931 2827 me
2982 2773 3111 2828 ﬁdei
3146 2773 3460 2842 pollicitus;
3512 2786 3572 2830 ut

1982 2874 2051 2913 ne
2082 2869 2274 2929 putent
2296 2876 2355 2915 se
2383 2860 2584 2916 frustra
2616 2864 2759 2931 piam
2790 2864 3113 2933 religionem
3138 2867 3366 2918 sectari.
3390 2866 3571 2933 Quare

1982 2953 2152 3006 vitam
2187 2963 2447 3007 aeternam
2480 2957 2727 3024 promisi,
2757 2968 2811 3011 et
2840 2958 2982 3011 bona
3014 2976 3034 3009 ι
3067 2972 3188 3025 qum
3222 2958 3416 3013 oculus
3458 2972 3566 3013 non

1982 3058 2123 3111 vidit
2145 3056 2214 3122 ⁸¹,
2261 3075 2281 3109 ι
2326 3067 2379 3111 ει
2409 3066 2628 3113 caetera.
2660 3058 2927 3125 Quoniam
2991 3076 3126 3115 vero
3154 3061 3297 3116 Deus
3339 3077 3458 3116 sum
3492 3062 3571 3117 lo-

1983 3176 2157 3231 quens
2180 3162 2473 3233 justitiam,
2507 3171 2562 3217 et
2588 3165 2922 3219 annuntians
2952 3166 3266 3233 veritatem,
3301 3181 3399 3236 pro
3425 3168 3567 3236 atqui

1980 3279 2035 3323 et
2068 3269 2195 3323 boni
2248 3271 2483 3335 ratione,
2527 3279 2647 3338 post
2694 3269 2816 3323 illos
2852 3270 3142 3325 universos
3186 3274 3349 3325 etiam
3394 3273 3571 3327 homi-

1980 3386 2077 3425 nes
2119 3371 2187 3424 ad
2248 3387 2334 3425 me
2384 3372 2616 3436 vocavi:
2681 3383 2737 3427 et
2791 3372 2902 3440 jam
2966 3373 3091 3427 hinc
3133 3376 3387 3429 omnibus
3429 3390 3569 3444 pra-

1980 3470 2102 3523 dico
2146 3487 2163 3525 :
2224 3486 2243 3519 ι
2286 3469 2707 3539 Congregamini
2777 3482 2831 3524 et
2896 3473 3118 3531 venite.
3165 3474 3435 3530 consulite
3488 3475 3569 3529 si-

1981 3559 2113 3621 mul,
2172 3561 2267 3627 qui
2329 3560 2616 3615 salvamini
2679 3559 2747 3615 de
2786 3562 3057 3630 gentibus.
3100 3581 3118 3614 ι
3178 3561 3569 3634 Viden‘,quo-

1980 3651 2142 3703 modo
2176 3651 2300 3704 illos
2338 3666 2405 3705 ex
2440 3651 2717 3721 gentibus,
2761 3653 2853 3721 qui
2902 3652 3131 3708 salutem
3164 3666 3444 3724 exaptent,
3474 3657 3570 3711 ad-

1982 3741 2180 3795 vocet?
2212 3760 2230 3791 ι
2279 3740 2414 3807 Quis
2452 3745 2633 3798 audita
2682 3743 2812 3797 fecit
2857 3744 2969 3797 hrec
3014 3742 3083 3795 ab
3126 3744 3324 3800 initio?
3360 3765 3379 3798 ι
3430 3747 3565 3801 Cum

1979 3834 2125 3888 enim
2169 3834 2327 3903 juxta
2370 3837 2723 3900 accesserint,
2769 3850 2955 3889 verum
3009 3836 3179 3891 Deum
3211 3848 3566 3909 cognoscent,

1979 3925 2136 3994 cujus
2169 3926 2391 3979 deitatis
2422 3940 2682 3995 magnum
2720 3936 3100 3993 argumentum
3130 3925 3261 3979 illud
3310 3935 3394 3981 est
3422 3932 3565 3996 quod

1980 4018 2095 4071 hazc
2128 4034 2224 4086 per
2274 4017 2566 4085 prophetas
2609 4031 2739 4071 suos
2789 4017 3203 4085 praenuntiarit,
3242 4028 3298 4071 et
3342 4019 3412 4073 ab
3458 4019 3566 4074 ini-

1982 4109 2057 4160 tio
2098 4108 2150 4159 id
2190 4107 2259 4160 ad
2298 4120 2461 4161 aures
2509 4116 2729 4159 nostras
2781 4104 3168 4157 declaraverit.
3212 4123 3230 4154 ι
3268 4103 3423 4159 Tunc
3468 4120 3568 4159 an-

1981 4199 2291 4252 nuntiatum
2341 4207 2427 4252 est
2462 4196 2638 4262 vobis,
2684 4195 2794 4265 Ego
2844 4193 3019 4259 Deus,
3050 4205 3106 4249 et
3151 4210 3255 4248 non
3310 4203 3395 4250 est
3428 4195 3568 4250 alius

1980 4301 2181 4359 praeter
2210 4301 2321 4344 me.
2356 4308 2375 4339 ι
2404 4287 2474 4342 Iis
2505 4289 2596 4357 qui
2635 4287 2688 4340 in
2726 4298 2870 4340 terra
2902 4296 3029 4339 sunt
3058 4285 3283 4353 laqueos
3309 4297 3570 4355 parantes

1980 4381 2255 4436 daemones
2280 4381 2528 4450 maligni,
2560 4379 2766 4432 fraudis
2790 4362 3128 4447 fallacia-que
3154 4392 3266 4431 sum
3294 4376 3564 4432 oﬂicinatn

1982 4473 2277 4528 admovere
2307 4472 2651 4540 satagebant,
2702 4484 2762 4525 se
2801 4469 2985 4524 futura
3040 4483 3200 4523 nosse
3244 4468 3566 4523 simulantes

1980 4580 2044 4619 ac
2081 4578 2241 4632 posse
2273 4578 2333 4618 se
2388 4563 2473 4615 illa
2524 4562 2817 4615 enuntiare
2854 4562 2939 4623 iis,
2967 4561 3058 4629 qui
3097 4560 3342 4613 ediscere
3374 4558 3562 4623 velint,

1980 4669 2131 4712 certo
2184 4666 2427 4726 tempore
2473 4654 2674 4709 multos
2716 4652 2841 4707 dolo
2890 4653 3392 4706 circumvenerunt.
3428 4648 3562 4703 Nam

1981 4751 2032 4804 in
2076 4750 2300 4803 urbibus
2331 4758 2385 4803 ει
2422 4748 2734 4811 regionibus
2761 4746 3005 4803 oracula.
3036 4744 3403 4797 divinatiOues
3434 4744 3562 4797 item

1981 4841 2150 4902 false,
2188 4840 2392 4908 ubique
2432 4847 2612 4899 erant,
2649 4837 3035 4897 ouiinationes,
3075 4844 3473 4895 necromautes,
3511 4845 3566 4885 et

1978 4932 2069 5001 qui
2104 4945 2172 4984 ex
2204 4942 2349 4984 terra
2387 4929 2771 4998 loquebantur,
2803 4929 3224 4999 engastriutythi
3257 4969 3272 4992 ,
3324 4926 3566 4992 alphito-

1982 5034 2213 5086 mantes,
2254 5022 2371 5076 sive
2411 5023 2501 5091 qui
2535 5037 2564 5077 e
2594 5021 2788 5076 farinis
2820 5021 3284 5085 vaticinabantur,
3316 5030 3480 5088 atque
3507 5029 3565 5074 ut

1979 5114 2291 5167 summatim
2326 5114 2528 5176 dicam,
2582 5113 2937 5168 mendacibus
2973 5123 3028 5166 et
3062 5112 3451 5181 impostoribus
3487 5129 3565 5164 rt:-

1980 5205 2233 5273 plebatur
2279 5205 2451 5258 orbis.
2500 5224 2517 5255 ι
2553 5203 2742 5259 Justus
2787 5214 2840 5258 et
2885 5204 3122 5257 salvator
3162 5218 3266 5257 non
3307 5212 3392 5256 est
3428 5219 3563 5269 prac-

1981 5307 2063 5351 ler
2103 5312 2208 5351 me.
2251 5316 2269 5347 ι
2306 5296 2648 5350 Vaticinatus
2680 5313 2796 5350 sunt
2831 5306 2885 5350 et
2913 5295 3162 5363 praedixi,
3196 5296 3455 5363 quoniam
3480 5294 3561 5363 ju-

1977 5399 2096 5443 stus
2122 5398 2177 5441 et
2206 5387 2459 5442 Salvator
2504 5403 2645 5452 sum,
2677 5388 2799 5441 ideo
2826 5388 3122 5441 secundum
3157 5384 3431 5452 tenuitatis
3474 5400 3560 5437 ra.

1979 5482 2178 5535 tionem
2212 5495 2402 5535 omnes
2443 5492 2630 5550 gentes
2682 5480 2749 5533 ad
2780 5494 2930 5543 eam,
2966 5493 3087 5548 qua:
3125 5494 3293 5547 penes
3325 5493 3410 5532 me
3450 5489 3555 5539 est,

1978 5570 2208 5628 salutem
2257 5586 2447 5629 evoco.
2506 5571 2691 5627 \‘iden‘
2744 5570 3017 5640 quomodo
3050 5583 3393 5624 communem
3430 5584 3557 5639 gvn-
