4058 6390
562 418 668 473 419

1228 406 1493 464 EUSEBII
1528 400 1998 463 CESARIENSIS
2034 399 2187 456 OPP.
2228 396 2405 450 PARS
2443 395 2532 451 III.
2572 425 2640 437 --
2679 390 3085 448 EXEGE'IUCA.

3680 383 3786 438 420

564 532 705 586 tibus
749 526 1001 581 omnibus
1050 521 1487 592 praedicationem
1542 516 1868 572 annuntiet?
1915 514 1968 567 In
2005 527 2139 582 quo,

2240 510 2429 580 ςάριτος
2454 508 2655 561 κατίδοι
2688 523 2770 568 τις
2798 505 2862 558 ἂν
2893 503 2953 555 τὸ
2978 500 3226 572 μέγεθος,
3258 499 3336 562 εἰς
3370 500 3577 560 πάντας
3599 496 3787 568 διῆκον

563 622 717 689 plane
752 614 969 673 Christi
1004 587 1197 685 gratia
1253 610 1671 679 magnitudinem
1725 605 1905 659 videas
1932 646 1946 669 ,
1995 618 2114 673 qua:

2240 604 2338 665 ὀὓς
2386 600 2547 662 ὂντας
2607 599 2697 651 ἐπὶ
2738 598 2835 666 τῆς
2891 597 3022 663 γῆς·
3093 592 3482 689 σεσαγήνευται
3534 587 3643 657 γὰρ
3697 588 3788 689 διὰ

566 712 631 763 ad
679 722 867 763 omnes
918 706 1210 773 terrigenas
1257 702 1555 770 pervadat:
1620 698 1816 752 atenim
1868 696 2115 748 universa

564 812 703 854 terra
730 812 825 867 per
854 798 1013 851 ﬁdem
1042 794 1096 848 in
1126 807 1270 855 eum,
1300 792 1367 845 ad
1397 792 1628 844 salutem
1657 798 1713 844 et
1740 788 1929 851 vitam,
1962 786 2114 855 quasi

566 904 764 960 sagcna
804 896 982 956 capta,
1018 884 1249 939 deducta
1281 891 1387 936 est.

635 979 796 1034 Vens.
825 975 915 1040 25,
967 973 1055 1028 9.4.
1094 990 1112 1025 ι
1162 971 1265 1026 Per
1293 970 1669 1038 memetipsum
1712 968 1859 1037 iuro,
1911 966 1969 1022 Si
2012 981 2117 1021 non

564 1069 877 1137 egrediatur
917 1065 985 1118 de
1012 1076 1109 1117 ore
1138 1074 1257 1117 meo
1285 1060 1495 1130 iustitia
1521 1077 1535 1114 :
1566 1071 1847 1114 sermones
1876 1058 1979 1112 mei
2012 1068 2118 1109 non

566 1165 902 1214 avertentur.
951 1173 971 1208 ν
1017 1153 1119 1221 Qui
1176 1165 1483 1212 sermones.
1537 1150 1637 1204 nisi
1680 1151 1832 1219 queis
1869 1146 2118 1213 dicebat,

571 1263 592 1299 ι
636 1245 1021 1302 Convertimiul
1056 1243 1121 1298 ad
1155 1256 1257 1305 me,
1294 1250 1348 1297 et
1392 1241 1754 1304 salvabimiui,
1799 1238 1891 1308 qui
1926 1239 1991 1293 ab
2028 1251 2122 1292 es-

569 1346 742 1391 tremo
784 1343 945 1391 terra:
992 1334 1163 1388 estis:
1220 1332 1347 1401 quia
1404 1331 1536 1385 mihi
1597 1330 1911 1386 curvabitur
1962 1342 2123 1384 omne

569 1442 740 1495 genu,
785 1432 841 1479 et
874 1423 1077 1494 iurabit
1122 1424 1297 1477 omnis
1344 1421 1519 1487 lingua
1570 1436 1666 1489 per
1708 1421 1911 1475 Deum:
1962 1436 1980 1470 »
2017 1431 2120 1471 non

569 1515 876 1571 Iudaeorum
914 1521 1140 1577 tantum,
1178 1513 1273 1567 sed
1311 1512 1474 1565 etiam
1507 1511 1834 1582 reliquarum
1863 1510 2122 1578 gentium,

570 1622 679 1679 quo
708 1606 842 1661 nihil
872 1604 1081 1661 beatius
1122 1603 1301 1659 fuerit.
1351 1601 1629 1672 Huiusque
1660 1600 1952 1671 prophetiae
1976 1613 2127 1653 com-

571 1697 895 1764 plementum
946 1694 1000 1748 in
1040 1692 1239 1748 Christi
1290 1690 1503 1747 Domini
1557 1695 1783 1745 adventu
1835 1689 1955 1744 fuit.
1999 1683 2127 1742 Post

2216 694 2449 754 πίστεως
2480 690 2577 761 τῆς
2600 690 2680 752 είς
2702 688 2863 741 αὑτὸν
2895 687 2974 748 είς
3008 684 3280 754 σωτηρίαν
3302 682 3395 734 καὶ
3421 679 3565 750 ζωὴν
3586 682 3619 749 ὴ
3648 676 3791 749 σύμ-

2216 799 2364 836 πασα
2390 798 2484 849 γη.

2292 996 2310 1027 ι
2348 977 2480 1030 Κατ’
2500 973 2736 1044 ἐμαυτοῦ
2767 974 2970 1043 ὀμνύω,
3012 972 3074 1025 Εί
3114 971 3188 1042 μὴ
3213 968 3553 1036 ἐξελεύσεται
3593 967 3657 1018 ὲκ
3692 963 3790 1017 τοῦ

2220 1067 2485 1137 στόματός
2505 1082 2605 1137 μου
2634 1064 2945 1134 δικαιοσύνη
2966 1080 2979 1094 ο
3000 1063 3049 1115 οἱ
3078 1062 3225 1130 λόγοι
3260 1078 3361 1131 μου
3390 1060 3489 1112 οὐκ
3515 1060 3793 1126 ἀποστρα-

2220 1161 2497 1229 φήσονται.
2533 1175 2551 1207 ι
2592 1157 2741 1209 Ποῖοι
2784 1155 2840 1207 δὲ
2884 1155 3047 1222 λόγοι,
3074 1154 3105 1223 ἢ
3135 1152 3202 1204 δι’
3230 1144 3305 1205 ὧν
3337 1150 3556 1218 ἔλεγενο
3596 1166 3617 1197 ι
3639 1147 3793 1199 Ἐπι-

2221 1246 2492 1316 στράφητε
2523 1245 2658 1315 πρὸς
2687 1245 2774 1313 μὲ,
2810 1245 2902 1297 καὶ
2922 1241 3225 1314 σωθήσεσθε
3246 1241 3297 1293 οἱ
3325 1241 3419 1293 ἀπ’
3440 1239 3665 1308 ἐσχάτου
3694 1237 3796 1305 τῆς

2220 1335 2325 1405 γῆς
2347 1352 2359 1365 ’
2396 1336 2475 1388 ὅτι
2517 1334 2638 1405 ἐμοὶ
2691 1333 2897 1403 κάμψει
2943 1336 3050 1386 πᾶν
3089 1332 3239 1401 γόνυ,
3280 1331 3376 1384 καὶ
3398 1331 3613 1400 ὀμεῖται
3644 1330 3797 1382 πᾶσα

2221 1426 2439 1495 γλῶσσα
2478 1425 2567 1478 τὸν
2594 1425 2761 1489 Θεόν;
2808 1443 2826 1475 ι
2870 1424 3002 1493 Oti-xl.
3041 1424 3103 1476 τὸ
3144 1422 3410 1476 Ἰουδαίων
3450 1421 3630 1491 μόνον,
3661 1419 3795 1472 ἀλλὰ

2223 1516 2440 1570 καὶτῶν
2470 1515 2670 1568 λοιπῶν
2692 1514 2881 1579 ἐθνῶν,
2912 1495 3411 1585 οἶδ’μακαριώτερον
3445 1510 3595 1563 οὐδὲν
3623 1509 3690 1562 ἂν
3711 1510 3799 1577 γέ·

2224 1623 2386 1660 νοιτο.
2417 1606 2525 1658 Καὶ
2550 1605 2753 1675 ταύτης
2784 1605 2842 1658 δὲ
2871 1605 2968 1675 τῆς
3003 1604 3335 1676 προφητείας
3356 1603 3417 1656 τὸ
3444 1601 3795 1670 ἀποτέλεσμα

2223 1696 2524 1767 ἐπληροῦτο
2571 1699 2637 1767 τῇ
2692 1695 2787 1749 τοῦ
2835 1696 3084 1765 Σωτῆρος
3137 1693 3293 1764 ήμῶν
3336 1691 3509 1762 Ἰησοῦ
3556 1691 3795 1763 Χριστοῦ

570 1786 720 1841 illum
751 1785 915 1849 enim,
958 1785 1139 1854 populi
1169 1798 1359 1838 omnes
1402 1784 1453 1836 in
1489 1782 1603 1851 eius
1646 1779 1887 1837 Ecclesia
1926 1794 2022 1850 per
2053 1787 2127 1832 to-

2240 1788 2511 1859 πταρουσίᾳ·
2534 1786 2649 1858 μεθ’
2679 1789 2744 1858 ἢν
2777 1790 2835 1839 ὲν
2862 1790 2928 1856 τῇ
2962 1785 3258 1857 Ἐκκλησία
3289 1784 3452 1837 αὑτοῦ
3490 1786 3557 1854 τῇ
3589 1782 3711 1835 καθ’
3742 1783 3799 1835 ὅ-

575 1887 687 1931 tum
723 1877 906 1931 orbem
934 1867 1264 1944 congregati,
1296 1874 1404 1928 Deo
1431 1874 1485 1927 in
1524 1872 1794 1942 precando
1832 1882 2005 1941 genua
2030 1867 2126 1923 ﬁe-

2240 1856 2323 1950 ιης
2370 1856 2477 1948 τῆς⁷
2501 1856 2822 1949 οίκουμένης
2852 1878 3051 1941 πάντες
3094 1879 3145 1930 οἱ
3193 1875 3648 1948 συγκροτούμενοι
3678 1873 3798 1926 λαοὶ

572 1976 724 2022 clere
766 1966 1111 2021 didicerunt:
1158 1967 1259 2019 etsi
1317 1964 1369 2018 id
1424 1962 1591 2018 Judaei
1649 1962 1954 2017 faciendum
2006 1975 2129 2015 esse

574 2060 844 2127 ignorent.
892 2075 910 2109 ι
967 2056 1031 2110 Et
1054 2055 1276 2124 iurabit.
1330 2073 1350 2105 ι
1389 2051 1520 2107 Nam
1564 2052 1655 2121 qui
1691 2065 1776 2106 me
1820 2050 1986 2105 Deum
2028 2064 2127 2103 no-

576 2156 769 2202 verunt
808 2148 860 2201 in
901 2147 1149 2202 omnibus
1177 2146 1446 2215 gentibus,
1477 2144 1667 2214 quavis
1708 2144 1887 2213 lingua
1933 2148 1985 2195 et
2012 2153 2129 2195 ser-

579 2252 776 2303 mone,
807 2238 922 2293 sive
969 2235 1220 2304 barbaro,
1273 2237 1386 2293 sive
1439 2235 1647 2301 Graeco,
1705 2235 1758 2290 in
1810 2233 2132 2302 iuramentis

578 2342 665 2383 me
709 2328 761 2383 in
813 2336 999 2383 testem
1057 2336 1353 2392 assument,
1411 2328 1499 2397 qui
1551 2341 1735 2382 eorum
1780 2327 1937 2380 dictis
1971 2325 2128 2379 ﬁdem

588 2417 807 2472 l'aciam.

653 2611 816 2668 Vzns.
845 2612 935 2667 25.
979 2630 998 2663 ι
1029 2610 1245 2676 Dicens,
1271 2610 1482 2665 Iustitia
1518 2619 1571 2665 et
1593 2608 1760 2681 gloria
1800 2608 1865 2662 ad
1892 2622 2014 2661 eum
2043 2623 2134 2660 ve-

583 2702 764 2767 nient,
804 2708 857 2755 et
890 2699 1287 2754 confundeutur
1340 2714 1529 2754 omnes
1568 2698 1657 2767 qui
1697 2706 1947 2767 separant
1995 2710 2076 2751 se.
2108 2714 2128 2747 ι

580 2791 778 2849 Omnes
803 2793 1076 2846 hominum
1102 2793 1327 2845 virtutes
1354 2791 1516 2845 talem
1544 2790 1921 2843 nancisceutur
1942 2787 2129 2841 linem:

582 2891 637 2935 et
671 2880 846 2935 omnis
882 2877 1137 2934 fortitudo
1176 2877 1451 2932 hominum
1473 2917 1487 2941 ,
1532 2877 1621 2945 qni
1652 2891 1748 2946 pro
1784 2876 1980 2942 pietate
2012 2889 2137 2928 cou-

582 2979 958 3033 cettaverunt,
1018 2968 1084 3023 ad
1134 2969 1308 3038 ipsum
1367 2970 1626 3022 accedet:
1680 2975 1839 3035 atque
1892 2975 2021 3019 tunc
2061 2964 2135 3019 illi

586 3062 819 3115 fructum
852 3059 1119 3119 laborum,
1168 3066 1222 3111 et
1272 3058 1489 3111 virtutis
1535 3057 1811 3125 praemium
1849 3055 2137 3124 accipient.

657 3147 821 3205 Vsus.
853 3147 945 3201 26.
983 3165 1002 3198 ι
1036 3148 1077 3199 Α
1112 3145 1821 3215 Dominojustiﬁcabuutur,
1850 3154 1904 3198 et
1934 3146 1986 3198 in
2030 3144 2138 3198 Deo
2163 3171 2207 3229 α

587 3237 981 3310 gloriﬁcahitur
1002 3249 1163 3290 omne
1188 3249 1370 3289 semen
1400 3234 1629 3288 ﬁliorum
1662 3233 1841 3287 Israel.
1881 3252 1900 3284 ι
1930 3234 1994 3287 Et
2020 3234 2140 3289 vide

593 3327 749 3391 mihi,
778 3340 983 3393 quaeso,
1020 3324 1286 3379 sermonis
1328 3332 1635 3378 accuratam
1682 3323 1985 3377 rationem:
2032 3338 2138 3377 non

586 3418 729 3471 enim
762 3434 781 3466 ε
812 3414 994 3480 Israel,
1042 3432 1061 3466 ι
1106 3414 1273 3478 dixit,
1327 3425 1534 3481 neque,
1586 3429 1607 3463 ι
1660 3426 1841 3467 semen
1872 3410 2079 3479 Israel;
2116 3431 2134 3464 ›

589 3507 685 3563 sed
718 3518 896 3561 semen
935 3504 1165 3558 ﬁliorum
1198 3501 1384 3557 Israel.
1414 3502 1533 3557 Filii
1568 3516 1729 3571 porro
1771 3500 1936 3558 Israel
1982 3510 2142 3557 erant

591 3596 749 3667 primi
787 3595 1046 3650 salutaris
1076 3594 1349 3664 Evangelii
1375 3608 1669 3662 praecones,
1698 3609 1928 3664 quorum
1955 3608 2140 3648 semen

589 3696 647 3740 et
676 3688 1073 3740 successionem
1121 3684 1329 3753 iustitia
1364 3693 1415 3738 et
1469 3684 1633 3755 gloria
1675 3684 1976 3739 donandam
2023 3697 2144 3738 esse

597 3778 819 3831 dicitur.

1146 3863 1374 3921 CAPUT
1418 3864 1597 3920 XLVI".

673 3958 831 4014 Vitas.
872 3960 925 4015 l.
970 3976 990 4009 ι
1022 3957 1226 4013 Cecidit
1265 3958 1380 4023 Bel,
1410 3959 1672 4012 contritus
1698 3969 1780 4013 est
1812 3958 2011 4028 Dagou.
2046 3956 2147 4012 Fa-

597 4060 681 4106 cta
714 4060 843 4104 sunt
884 4050 1155 4118 sculptilia
1202 4064 1387 4104 eorum
1429 4049 1483 4102 in
1534 4050 1734 4105 bestias
1765 4060 1820 4105 et
1858 4052 1909 4103 in
1934 4049 2148 4117 jumen~

604 4152 679 4197 ta.
712 4161 730 4193 ι
769 4142 860 4196 Bel
893 4141 1090 4195 idolum
1122 4150 1260 4206 erat,
1310 4142 1389 4195 sic
1434 4156 1463 4193 ο
1496 4140 1697 4196 Grecis
1740 4142 1965 4205 dictum,
1993 4154 2142 4195 eum-

604 4232 749 4294 dem,
777 4240 836 4284 ut
862 4231 1032 4295 aiunt,
1057 4244 1217 4299 quem
1246 4231 1349 4300 ipsi
1380 4229 1664 4285 Saturnum
1688 4231 1967 4301 appellant,
1990 4246 2150 4301 quem

606 4330 759 4376 tanta
794 4321 1090 4376 stoliditate
1121 4330 1334 4377 veteres
1359 4321 1629 4385 colebant,
1663 4331 1720 4377 ut
1746 4324 1845 4393 ipsi
1869 4323 2150 4378 carissima

607 4412 709 4467 sibi
735 4411 1061 4481 iugularem,
1097 4428 1161 4467 ac
1194 4423 1477 4468 sescentas
1511 4413 1645 4467 alias
1684 4415 1960 4469 hominum
1998 4415 2153 4469 victi-

2227 1971 2357 2038 γόνυ
2385 1969 2583 2024 κλίνειν
2602 1970 2678 2041 τῷ
2702 1970 2819 2040 Θεῷ
2842 1973 2897 2022 ὲν
2929 1972 3044 2033 ταῖς
3072 1971 3398 2040 προσευχαῖς
3420 1964 3795 2035 ἐδιδάχθησαν,

2228 2063 2402 2115 καίτοι
2472 2061 2737 2115 Ἰουδαίων
2779 2060 2939 2113 τοῦτο
2995 2062 3166 2113 ποιεῖν
3217 2060 3318 2112 οὐκ
3354 2057 3587 2111 εἰδότων.
3635 2073 3654 2107 ι
3686 2054 3798 2107 Καὶ

2228 2153 2459 2222 ὀμεῖται.
2495 2169 2512 2203 ο
2551 2151 2612 2204 Oi
2652 2150 2760 2220 γὰρ
2799 2150 2897 2219 ἐμὲ
2944 2149 3034 2202 τὸν
3063 2148 3195 2202 Θεὸν
3232 2146 3545 2215 ἐπιγνόντες
3578 2147 3639 2199 ὲν
3665 2146 3801 2198 πᾶσι

2227 2244 2339 2304 τοῖς
2373 2241 2549 2295 ἔθνεσι
2584 2240 2669 2293 διὰ
2702 2238 2957 2301 παντοίας
2981 2236 3231 2306 γλώσσης
3273 2236 3367 2290 καὶ
3395 2235 3631 2306 ὁμιλίας.
3670 2232 3800 2304 βαρ-

2230 2333 2396 2405 ϐἀρου
2447 2350 2505 2385 τε
2558 2332 2650 2385 καὶ
2709 2329 3023 2400 Ἑλληνικῆς
3074 2330 3131 2381 ἐν
3169 2331 3281 2392 τοῖς
3305 2328 3488 2399 ὅρκοις
3526 2326 3629 2396 ἐμὲ
3664 2325 3804 2396 μάρ-

2228 2443 2365 2498 τυρα
2411 2424 2848 2497 παραλήψονται,
2900 2420 3215 2492 βεϐαιοῦντα
3280 2420 3378 2481 τὰς
3435 2417 3644 2472 ἑαυτῶν
3712 2416 3803 2469 πί⁴

2233 2532 2395 2577 στεις.

2306 2620 2324 2652 ι
2358 2601 2579 2669 Λέγων·
2614 2598 2933 2669 Δικαιοσύνη
2973 2597 3067 2650 καὶ
3119 2596 3245 2660 δόξα
3290 2595 3426 2667 πρὸς
3465 2594 3629 2649 αὑτὸν
3659 2590 3801 2663 ἥξει,

2233 2692 2325 2745 καὶ
2378 2690 2822 2760 αἰσχυνθήσονται
2861 2688 3059 2751 πάντες
3090 2689 3137 2741 οἱ
3175 2686 3498 2758 διορίζοντες
3524 2684 3741 2747 αὐτούς.
3779 2702 3798 2734 ι

2233 2782 2409 2834 Πᾶσαι
2436 2782 2492 2834 αἱ
2524 2782 2582 2835 ὲν
2600 2780 2904 2851 ἀνθρώποις
2925 2779 3114 2850 ἀρεταὶ
3144 2779 3293 2840 τέλος
3320 2777 3449 2830 αὐτὸ
3472 2773 3677 2841 ἕξουσι,
3711 2775 3806 2827 καὶ

2235 2874 2384 2925 πᾶσα
2422 2872 2574 2940 ἰσχὺς
2596 2870 2692 2923 ἀνθ
2702 2869 2895 2941 ρώπων
2921 2870 3029 2922 τῶν
3051 2870 3189 2940 ὑπὲρ
3215 2867 3521 2930 θεοσεϐείας
3545 2868 3809 2935 ἀγωνισαο

2238 2960 2412 3032 μένων
2451 2960 2585 3030 πρὸς
2607 2960 2768 3013 αὐτὸν
2801 2958 3095 3022 ἐλεύσεται,
3139 2958 3233 3011 καὶ
3273 2958 3364 3011 τὸν
3395 2956 3504 3010 τῶν
3546 2956 3807 3027 καμάτων

2236 3049 2447 3120 καρπὸν
2475 3049 2575 3119 τήν
2604 3065 2663 3101 τε
2696 3048 2925 3119 ἀμοιϐὴν
2950 3050 3049 3119 τῆς
3075 3049 3276 3119 ἀρετῆς
3306 3047 3587 3117 λήψονται.

2312 3157 2331 3189 ι
2353 3138 2697 3209 ἈπὸΚυρίου
2714 3138 3174 3209 δικαιωθήσονται,
3206 3136 3300 3189 καὶ⁵
3326 3139 3383 3190 ὲν
3410 3136 3489 3207 τῷ
3518 3134 3638 3205 Θεῷ
3668 3136 3811 3188 ὲνδο-

2242 3227 2563 3297 ξασθήσεται
2584 3228 2691 3280 πᾶν
2706 3226 2766 3279 τὸ
2782 3227 3000 3298 σπέρμα
3030 3226 3139 3279 τῶν
3152 3226 3283 3278 υίῶν
3297 3224 3530 3295 Ἰσραήλ.
3544 3244 3562 3274 ι
3583 3223 3698 3277 Καὶ
3714 3221 3810 3277 θέα

2238 3314 2337 3383 τὴν
2356 3314 2636 3386 ἀκρίϐειαν
2650 3314 2745 3367 τοῦ
2773 3314 2929 3381 λόγου
2946 3331 2961 3345 ο
2982 3315 3042 3368 ού
3058 3316 3165 3387 γὰρ
3191 3334 3208 3365 ι
3232 3314 3326 3366 τὸν
3360 3312 3571 3384 Ἰσραὴλ
3594 3333 3611 3364 ι
3632 3309 3805 3377 εἶπεν,

2238 3403 2359 3455 οὐδὲ
2409 3421 2427 3453 ι
2467 3403 2527 3455 τὸ
2565 3403 2782 3473 σπέρμα
2835 3402 3068 3474 Ἰσραὴλ,
3105 3421 3124 3453 ι
3181 3402 3315 3456 ἀλλὰ
3344 3401 3406 3455 τὸ
3447 3401 3669 3472 σπέρμα
3700 3400 3809 3454 τῶν

2241 3493 2370 3547 υίῶν
2410 3493 2643 3564 Ἰσραήλ.
2683 3493 2800 3545 Υίοὶ
2831 3493 2886 3545 δὲ
2934 3493 3149 3564 Ἰσραὴλ
3192 3492 3481 3563 ἐτύγχανον
3517 3494 3567 3545 ot
3606 3491 3812 3563 πρῶτοι

2242 3586 2479 3655 κήρυκες
2504 3585 2595 3637 τοῦ
2621 3584 2886 3654 σωτηρίου
2912 3584 3260 3651 Εὑαγγελίου,
3293 3577 3367 3636 ὧν
3392 3584 3454 3637 τὺ
3471 3585 3691 3655 σπέρμα
3719 3586 3811 3637 καί

2242 3670 2339 3741 τὴν
2378 3670 2625 3740 διαδοχὴν
2670 3670 3118 3741 δικαιωθήσεσθαι
3152 3674 3246 3726 καὶ
3275 3672 3696 3744 δοξασθήσεσθαι
3737 3673 3808 3725 εἴ·

2248 3777 2431 3834 ρηται.

2734 3852 3123 3906 ΚΕΦΑΛΑΙΟΝ
3168 3853 3318 3918 MCT.

2321 3957 2341 3991 ι
2374 3940 2576 3993 Ἐπεσε
2626 3941 2753 4012 Βὴλ,
2819 3943 3101 4013 συνετρίϐη
3158 3942 3369 4011 Δαγὼν.
3438 3941 3683 4009 Ἐγένετο
3746 3944 3814 3996 τὰ

2248 4031 2461 4100 γλυπτὰ
2485 4034 2661 4087 αὐτῶν
2694 4035 2773 4098 είς
2797 4034 2957 4105 θηρία
2982 4034 3159 4088 καὶτὰ
3180 4036 3369 4105 κτήνη.
3400 4053 3419 4085 ι
3455 4034 3565 4104 Βὴλ
3594 4034 3815 4087 εἴδωλον

2247 4118 2337 4193 ἦν,
2365 4123 2502 4193 ὅπερ
2534 4124 2787 4195 ’Έλληνες
2817 4125 2957 4178 οὕτω
2988 4124 3243 4179 καλοῦσι’
3279 4124 3672 4196 ἑρμηνεύοντες
3716 4127 3816 4179 αὑ-

2248 4216 2339 4267 τὸν
2370 4211 2505 4269 εἶναι
2557 4216 2646 4268 τὸν
2686 4218 2815 4287 παρ’
2847 4217 3029 4279 αὐτοῖς
3064 4216 3392 4287 καλούμενον
3430 4216 3657 4286 Κρόνον,
3686 4218 3817 4286 περὶ

2250 4304 2308 4357 δν
2334 4304 2503 4367 οὕτως
2531 4299 2669 4376 ἦσαν
2692 4307 2741 4357 οί
2773 4305 2990 4358 παλαιοὶ
3020 4305 3362 4375 ἐπτοημένοι,
3407 4305 3483 4368 ὼς
3509 4306 3815 4374 κατασφάτ-

2251 4411 2362 4447 τειν
2390 4396 2584 4458 αὐτοὺς
2628 4395 2694 4449 τὰ
2745 4396 2952 4447 ἑαυτῶν
2986 4396 3235 4463 φίλτατα,
3276 4398 3368 4448 καὶ
3410 4395 3575 4458 ἄλλας
3620 4397 3817 4467 μυρίας

608 4514 724 4553 mas
757 4498 859 4568 ipsi
889 4500 1137 4554 omnibus
1164 4501 1214 4553 iu
1240 4501 1375 4556 locis
1408 4486 1684 4556 oﬁ'errent.
1717 4504 1895 4573 Dagon
1932 4504 2058 4559 item
2087 4504 2139 4558 si-

2252 4484 2690 4556 ἀνθρωποθυσίας
2720 4485 2867 4554 αὐτῷ
2897 4485 3038 4537 κατά
3069 4485 3244 4542 πάντα
3275 4486 3437 4537 τόπον
3467 4487 3811 4557 προσφέρειν.

612 4588 910 4643 mttlacrum
946 4600 1061 4643 erat
1098 4591 1548 4661 alienigenarum,
1581 4593 2017 4647 Ascalonitarum
2051 4595 2153 4649 sci-

608 4678 734 4731 licet
774 4686 829 4733 et
860 4678 1224 4735 Gazensium:
1268 4696 1402 4750 quos
1438 4684 1524 4737 ubi
1561 4685 1839 4752 speciatim
1890 4699 2155 4739 memora-

605 4768 702 4832 vit,
733 4767 923 4823 deindc
954 4771 1249 4839 generatim
1292 4775 1358 4824 de
1388 4775 1636 4828 omnibus
1673 4775 1871 4843 ubique
1899 4777 2001 4829 diis
2043 4777 2156 4831 haec

608 4858 887 4929 subiungit
926 4878 938 4913 :
972 4880 991 4911 ε
1028 4860 1189 4915 Facta
1217 4873 1343 4915 sunt
1374 4864 1634 4933 sculptilia
1665 4882 1848 4920 eorum
1880 4869 1932 4921 in
1962 4868 2157 4924 bestias

607 4960 663 5003 et
694 4950 745 5003 in
770 4950 1027 5018 iumenta.
1078 4970 1096 5003 ι
1129 4952 1280 5018 Quod
1314 4954 1495 5008 videre
1533 4964 1618 5007 est
1649 4958 1701 5008 iu
1751 4966 1859 5010 tota
1892 4956 2156 5027 Egypto,

608 5040 698 5094 ubi
729 5041 909 5094 omnia
962 5040 1193 5096 ferarum
1231 5059 1294 5098 ac
1322 5045 1678 5111 iumentorum
1719 5061 1913 5115 genera
1943 5057 2001 5100 ut
2033 5050 2160 5103 deos

612 5132 855 5185 venerari
889 5130 1084 5185 solent.

640 5343 644 5347 ς
683 5305 843 5359 Vens.
878 5304 931 5358 2.
970 5325 988 5356 ο
1027 5306 1263 5361 Portatis
1300 5324 1362 5363 ea
1403 5309 1637 5379 alligata,
1669 5310 1821 5379 quasi
1854 5327 1989 5365 onus
2015 5312 2157 5365 labo-

614 5398 774 5460 ranti,
807 5397 1095 5461 deﬁcienti,
1120 5407 1174 5451 ct
1209 5398 1444 5463 sitienti;
1490 5415 1585 5453 nec
1612 5401 1803 5453 valenti
1840 5401 1997 5454 simul
2032 5402 2158 5467 :qui

617 5497 720 5538 non
756 5496 1007 5553 poterunt
1038 5487 1235 5541 salvari
1264 5505 1291 5542 a
1327 5492 1483 5544 bello.
1537 5490 1638 5559 Ipsi
1688 5506 1815 5545 vero
1843 5494 2036 5561 captivi
2070 5494 2138 5546 ab

621 5575 761 5627 ducti
812 5588 956 5632 sunt.
992 5598 1010 5629 ι
1057 5578 1179 5633 Ηεεε
1241 5582 1414 5647 reipsa
1468 5582 1665 5635 nostris
1712 5584 2037 5649 temporibus
2096 5583 2161 5635 ad

622 5663 849 5716 litteram
876 5678 1169 5721 evenerunt
1208 5686 1222 5721 :
1254 5685 1317 5723 ac
1367 5673 1658 5724 secundum
1714 5672 2038 5742 intelligendi
2078 5687 2159 5725 ra-

624 5756 820 5809 tionem
860 5770 1043 5827 gravc,
1080 5760 1269 5814 durum
1300 5770 1353 5814 et
1406 5761 1726 5817 diabolicum
1772 5778 1941 5830 onus,
1994 5764 2161 5819 idolo-

2254 4574 2441 4643 Δαγὼν
2466 4575 2522 4628 δὲ
2551 4576 2641 4628 καὶ
2662 4576 2790 4627 αὐτὸ
2819 4573 3001 4636 ξόανον
3030 4569 3097 4643 ἦν
3122 4573 3231 4626 τῶν
3258 4572 3566 4640 ἀλλοφύλων
3589 4572 3697 4624 τῶν
3718 4573 3817 4641 τὴν

2266 4667 2573 4721 Ἀσκάλωνα
2624 4668 2717 4720 καὶ
2764 4666 2861 4735 τὴν
2887 4665 3063 4729 Γάζαν
3093 4664 3407 4718 οἰκούντων·
3444 4666 3537 4717 καὶ
3562 4664 3628 4735 δὴ
3666 4681 3819 4735 μερι-

2254 4758 2362 4821 κῶς
2377 4759 2575 4810 τούτων
2593 4756 2968 4827 μνημονεύσας
2995 4758 3024 4807 ὀ
3056 4756 3228 4821 λόγος,
3251 4754 3375 4825 ἑξῆς
3391 4754 3817 4824 καθολικώτερον

2256 4851 2380 4920 περὶ
2400 4852 2614 4905 πάντων
2636 4850 2742 4901 τῶν
2768 4849 3075 4918 ἁπανταχοῦ
3097 4848 3518 4915 θεοποιουμένων
3535 4848 3783 4916 ἐπιφέρει
3801 4864 3812 4874 ·

2261 4957 2278 4989 ι
2326 4940 2569 5007 Ἐγένετο
2597 4940 2665 4991 τὰ
2695 4938 2905 5005 γλυπτά
2932 4938 3105 4991 αὐτῶν
3128 4939 3205 5001 είς
3237 4937 3399 5007 θηρία
3444 4938 3535 4989 καὶ
3559 4939 3747 5006 κτήνη.
3793 4954 3812 4987 s

2256 5032 2365 5083 Καὶ
2395 5031 2565 5083 ταῦτα
2605 5030 2661 5083 δέ
2698 5033 2811 5082 ὲστι
2846 5030 2964 5081 καθ’
2991 5030 3117 5100 ὅλης
3146 5029 3371 5082 συνιδεῖν
3405 5032 3501 5097 τῆς
3521 5030 3814 5097 Αἰγύπτου,

2257 5119 2382 5172 ἔνθα
2435 5121 2648 5172 πάντων
2694 5119 2897 5189 θηρίων
2944 5122 3033 5173 καὶ
3089 5119 3301 5189 κτηνῶν
3343 5120 3496 5185 γένος
3539 5119 3713 5171 σέϐειν
3744 5119 3818 5182 ὡς

2259 5209 2409 5273 θεοὺς
2442 5209 2683 5264 εἰώθασι.

2334 5340 2353 5370 ‹
2390 5321 2581 5393 Αῐρετε
2605 5321 2743 5374 αὐτὰ
2768 5322 3161 5392 καταδεδεμένα
3190 5322 3265 5383 ὡς
3292 5323 3507 5393 φορτίον
3535 5326 3817 5387 κοπιῶντι,

2264 5413 2625 5483 ὲκλελυμένῳ,
2666 5414 2759 5466 καὶ
2786 5415 3060 5476 πεινῶντι.
3098 5416 3197 5467 οὐκ
3239 5415 3474 5484 ίσχύοντι
3499 5416 3635 5485 ἅμα,
3679 5417 3729 5469 οἳ
3757 5419 3817 5470 οὐ

2261 5497 2577 5567 δυνήσονται
2602 5499 2841 5569 σωθῆναι
2870 5501 2978 5554 ἀπὸ
3006 5502 3262 5572 πολέμου.
3291 5503 3453 5556 Αὐτοὶ
3467 5504 3524 5557 δὲ
3552 5506 3813 5577 αίχμάλω-

2265 5606 2344 5642 τοι
2367 5590 2628 5660 ήχθησαν.
2656 5610 2673 5642 ι
2696 5592 2876 5645 Ταῦτα
2890 5592 2945 5647 δὲ
2958 5596 3141 5658 αὐτοῖς
3156 5596 3336 5665 ἔργοις
3349 5597 3468 5650 καθ’
3489 5600 3518 5666 ἡ
3528 5599 3632 5665 μᾶς
3647 5597 3812 5664 ἐπλη-

2270 5678 2423 5746 ροῦτο
2450 5682 2583 5750 πρὸς
2601 5681 2767 5748 λέξιν,
2802 5683 2895 5736 καὶ
2917 5686 3056 5737 κατά
3079 5686 3314 5740 διάνοιαν
3339 5688 3394 5739 δὲ
3423 5688 3560 5759 βαρὺ
3588 5688 3681 5741 καὶ
3704 5688 3797 5741 δυσ

2267 5766 2584 5839 ϐἀστακτον,
2607 5774 2699 5824 καὶ
2715 5772 3014 5827 διαϐολικὶιν
3033 5775 3249 5845 φορτίον
3265 5779 3381 5840 ταῖς
3406 5778 3507 5828 τῶν
3521 5776 3786 5847 ἀνθρώπω
3798 5811 3813 5823 -
