4058 6386
240 432 336 488 ινι

1154 395 1669 486 ὀοιινεΝτΑιιιΑ
1701 425 1766 481 nv
1805 423 2060 479 iSAlAM.
2087 423 2324 478 ——cap.
2371 419 2581 476 XLVII.

3422 417 3530 474 429.

238 552 436 624 ψυχαῖς
481 553 577 624 τῆς
623 553 1007 624 εἰδωλολάτρου
1062 552 1267 622 πλάνης
1316 553 1568 606 ἐπέκειτο
1637 553 1825 608 πάλαι.

1943 563 2053 601 rum
2069 545 2274 602 scilicet
2291 544 2517 607 erroris,
2538 543 2817 598 hominum
2841 539 3366 609 animisimpositum
3389 554 3528 596 erat.

314 663 333 695 ι
389 644 644 697 Ἀκούετέ
681 663 803 715 μου,
851 640 999 707 οἶκος
1042 645 1259 706 Ἰακὼϐ,
1305 647 1399 698 καὶ
1437 647 1542 698 πᾶν
1574 645 1634 698 τὸ
1666 645 1830 699 κατά-

240 737 428 790 λοιπον
457 737 555 790 τοῦ
617 737 854 808 Ἰσραὴλ,
908 740 956 790 oi
1015 739 1298 811 αἰρόμενοι
1340 742 1404 793 ἐκ
1448 740 1680 805 κοιλίας,
1736 745 1830 796 καὶ

241 828 628 900 παιδευόμενοι
663 831 727 882 ἐκ
762 830 978 883 παιδίου
1029 831 1134 895 ἓως
1176 833 1383 902 γήρως.
1442 853 1460 883 ι
1518 834 1659 886 Ἀλλ’
1704 833 1828 888 οὕτε

256 919 450 975 Ἰακὼό
465 923 666 985 αὐτοὺς
685 923 858 988 καλεῖ,
879 923 1003 976 οὔτε
1041 926 1260 997 Ἰσραὴλ
1291 927 1567 998 ὀνομάζει,
1594 925 1743 981 οἶκον
1774 930 1830 983 δὲ

239 1013 404 1066 αὑτὸν
446 1015 606 1085 μόνον
633 1015 728 1068 τοῦ
765 1015 958 1068 Ἰακὼϐ
985 1016 1076 1071 διὰ
1102 1019 1203 1088 τῆς
1237 1020 1378 1072 κατὰ
1423 1021 1602 1090 σάρκα
1633 1021 1833 1073 οίκειόο

239 1120 424 1174 τητος,
464 1108 557 1158 καὶ
585 1105 932 1160 κατάλοιπον.
959 1107 1155 1162 ὡσανεὶ
1189 1109 1529 1182 περίττευμα
1546 1113 1639 1164 καὶ
1655 1111 1832 1183 τρύγα

238 1199 336 1254 τοῦ
402 1199 640 1272 Ἰσραήλ.

317 1309 337 1342 ι
399 1290 542 1360 Ἐγώ
575 1292 710 1361 είμι,
747 1291 841 1344 καὶ
870 1291 974 1355 ἕως
994 1291 1062 1345 ἂν
1095 1295 1518 1366 καταγηράσητε
1550 1297 1662 1364 ἐγὼ
1689 1298 1828 1368 εἰμι,

241 1381 358 1452 ἐγὼ
386 1383 655 1454 ἀνέχομαι
691 1383 867 1454 ὑμῶν,
906 1383 1018 1452 ἐγὼ
1053 1385 1309 1458 ἐποίησα,
1353 1387 1448 1440 καὶ
1479 1389 1590 1456 ἐγὼ
1620 1390 1828 1462 ἀνήσω,

238 1475 356 1544 ἐγὼ
380 1476 752 1547 ἀναλήψομαι,
801 1479 894 1530 καὶ
932 1477 1090 1530 σώσω
1125 1479 1291 1550 ὑμᾶς.
1339 1481 1457 1534 Τίνι
1501 1499 1568 1553 με
1611 1484 1829 1554 ὡμοιώ-

241 1584 412 1632 cate;
450 1569 643 1632 Ἴδετε,
694 1569 1053 1640 τεχνάσασθε,
1101 1575 1149 1625 oi
1195 1573 1560 1644 πλανώμενοι,
1596 1579 1645 1630 οἱ
1693 1595 1831 1648 συμ-

239 1659 568 1731 ϐαλλόμενοι
603 1662 824 1732 χρυσίον
877 1663 942 1715 ἐκ
977 1666 1306 1735 μαρσυπίου,
1356 1669 1448 1720 καὶ
1481 1669 1746 1740 ἀργύριον
1772 1672 1831 1724 ὲν

240 1749 412 1820 ζυγῷ-
453 1753 743 1821 στήσουσιν
781 1755 839 1808 ἐν
876 1755 1102 1825 σταθμῷ
1128 1756 1222 1809 καὶ
1257 1758 1661 1830 μισθωσάμενοι
1693 1779 1830 1833 χρυ-

242 1841 431 1910 σοχόον
487 1842 752 1912 ἐποίησαν
803 1845 1174 1916 χειροποίητα,
1211 1846 1305 1898 καὶ
1352 1846 1623 1916 κύψαντες
1663 1866 1830 1920 προσ-

2010 635 2171 691 Vens.
2196 636 2251 690 3.
2279 633 2477 688 Audite
2498 647 2603 696 me,
2640 631 2837 686 domus
2865 628 3056 693 Jacob,
3085 639 3142 683 et
3175 643 3368 684 omnes
3402 630 3532 684 reli-

1933 728 2073 796 quiae
2106 725 2402 794 lsrael,qui
2448 722 2737 794 portamini
2769 737 2835 776 ex
2868 731 3046 788 utero,
3075 730 3130 777 et
3169 720 3460 776 erudimini
3501 736 3534 774 a

1933 817 2158 887 parvulo
2193 831 2365 885 usque
2420 815 2487 868 ad
2547 823 2940 868 senectutem.»
2981 811 3090 867 Sed
3137 825 3315 882 neque
3360 809 3534 866 Iacob

1936 912 2080 980 ipsos
2108 919 2286 969 vocat,
2326 920 2500 976 neque
2541 905 2712 961 Israel
2737 909 3016 969 nominat;
3047 903 3142 958 sed
3191 902 3534 958 solummodo

1933 1002 2154 1055 domum
2181 997 2368 1064 Jacoh,
2399 999 2471 1052 ob
2499 998 2683 1052 carnis
2723 997 3129 1066 cognationem,
3162 1005 3216 1050 et
3248 994 3529 1064 reliquias,

1934 1093 2142 1149 scilicet
2175 1105 2642 1162 supervacaneum
2672 1089 3050 1161 quidpiam,et
3078 1088 3263 1144 faecem
3296 1089 3530 1145 lsraelis.

2008 1275 2297 1336 VsnsJ-7.
2315 1294 2334 1326 ι
2357 1273 2468 1345 Ego
2493 1289 2637 1341 sum,
2669 1282 2726 1329 et
2756 1276 2930 1330 donec
2945 1272 3245 1330 senescatis
3259 1287 3359 1343 ego
3375 1287 3532 1328 sum:

1933 1384 2034 1440 ego
2063 1369 2343 1424 sustinebo
2390 1383 2511 1435 vos,
2554 1382 2654 1436 ego
2691 1366 2815 1433 feci,
2847 1377 2904 1420 et
2955 1381 3056 1436 ego
3092 1367 3385 1427 dimittam,
3431 1382 3536 1434 ego

1937 1461 2228 1532 suscipiam
2262 1471 2317 1514 et
2357 1461 2581 1515 salvabo
2611 1474 2730 1513 vos.
2765 1458 2864 1514 Cui
2903 1473 2988 1512 me
3017 1457 3409 1513 assimilastis?
3445 1459 3537 1514 Vi-

1936 1555 2080 1616 dete,
2115 1553 2425 1622 cxcogitate
2454 1550 2548 1620 qui
2588 1551 2809 1610 erratis.
2843 1558 2896 1604 et
2933 1549 3023 1618 qui
3051 1547 3314 1603 confertis
3341 1564 3533 1602 aurum

1935 1655 2000 1692 cx
2042 1641 2346 1709 marsupio,
2395 1649 2451 1692 et
2484 1646 2771 1708 argentum
2820 1639 2872 1692 in
2921 1647 3122 1691 statera
3160 1657 3172 1690 :
3204 1647 3448 1691 statuent
3481 1639 3536 1692 in

1936 1733 2198 1801 pondere,
2223 1741 2276 1786 et
2306 1731 2677 1785 conducentes
2700 1729 3004 1792 auriﬁcem,
3037 1727 3286 1783 fecerunt
3313 1731 3538 1800 simula-

1938 1839 2052 1886 cra,
2076 1832 2131 1876 et
2163 1822 2490 1877 inclinantes
2515 1837 2574 1876 se
2605 1820 2840 1875 adorant
2898 1820 3008 1874 illa.
3041 1818 3261 1876 Tolinnt
3308 1821 3537 1876 humero

241 1933 501 1987 κυνοῦσιν
538 1934 743 1998 αὐτοῖς.
788 1936 1047 2006 Δῖρουσιν
1077 1938 1210 1990 αὐτὸ
1263 1940 1356 1991 ἐπὶ
1396 1939 1490 1992 τοῦ
1523 1940 1697 2011 ὤμου,
1736 1944 1829 1996 καὶ

1943 1925 1987 1970 at
2021 1914 2321 1969 ambulant.
2354 1913 2411 1968 Si
2459 1928 2588 1969 vero
2621 1921 2826 1982 ponant
2869 1912 2999 1966 illud
3031 1913 3083 1966 in
3115 1911 3235 1968 loco
3266 1927 3389 1977 suo,
3414 1929 3534 1966 ma-

243 2024 590 2096 πορεύονται.
651 2026 777 2079 Ἐὰν
803 2025 860 2080 δὲ
888 2026 1054 2082 θῶσιν
1084 2029 1217 2082 αὐτὸ
1247 2032 1338 2084 ἐπὶ
1379 2030 1473 2084 τοῦ
1516 2035 1685 2087 τόπου
1728 2035 1829 2088 αύ-

241 2115 362 2180 τοῦ,
417 2117 592 2188 μένει,
641 2118 703 2170 οὐ
741 2118 815 2189 μὴ
846 2119 1077 2192 κινηθῇ’
1109 2122 1205 2175 καὶ
1232 2121 1291 2185 ὃς
1327 2123 1424 2175 ἐὰν
1472 2123 1644 2195 βοήσῃ
1693 2126 1833 2196 πρὸς

242 2207 432 2274 αὐτὸν,
481 2209 542 2262 οὑ
586 2208 662 2280 μὴ
705 2196 1000 2282 εἰσακούσῃ
1026 2227 1040 2241 ο
1073 2211 1184 2265 ἀπὸ
1227 2214 1416 2266 κακῶν
1464 2196 1534 2267 ού.
1562 2214 1636 2286 μὴ
1682 2215 1833 2291 σώσῃ

242 2297 430 2363 αὐτόν.
473 2317 490 2349 ι
538 2298 728 2364 Ὑμεῖς
763 2297 821 2351 δέ
848 2297 1138 2366 λογίσασθε
1183 2303 1263 2365 εἰς
1291 2303 1407 2355 οἷαν
1438 2303 1832 2358 ἐκπετπώκατε

244 2386 545 2458 θεομαχίαν
580 2389 676 2440 καὶ
728 2386 1088 2453 δυσσέϐειαν,
1139 2385 1510 2462 τολμήσαντες
1563 2394 1833 2465 ὁμοιῶσαι

247 2495 318 2551 με
356 2482 472 2543 τοῖς
503 2479 577 2550 μὴ
604 2475 722 2533 οὖσι
779 2478 958 2546 θεοῖς,
994 2483 1088 2535 καὶ
1121 2482 1295 2538 οὐδενὶ
1328 2486 1472 2556 λόγῳ
1515 2487 1703 2540 θέσθαι
1733 2488 1835 2558 τὴν

245 2571 389 2641 ἐμὴν
417 2570 652 2639 θεότητα
676 2589 688 2601 ⁸
723 2572 964 2643 ἰσότιμον
987 2574 1046 2628 δέ
1079 2591 1147 2645 με
1171 2575 1387 2631 ἔσεσθαι
1410 2580 1477 2648 τῇ
1505 2578 1700 2650 ἀψύχῳ
1732 2579 1832 2652 ὕλῃ

244 2665 629 2722 ἁνεπλάσασθε
657 2682 671 2695 ⁸
709 2667 934 2738 χρυσίον
983 2668 1076 2722 καὶ
1121 2668 1386 2741 ἀργύριον
1443 2672 1509 2723 ἐκ
1557 2671 1835 2744 συμϐολῆς

247 2757 652 2828 συναγαγόντες
676 2797 692 2823 ,
723 2759 817 2810 καὶ
844 2757 934 2812 διὰ
983 2760 1181 2831 χειρῶν
1223 2761 1580 2834 ἀνθρωπίνων
1613 2765 1836 2818 ἀνειδω-

244 2851 640 2922 λοποιήσαντες
675 2869 688 2882 ο
735 2847 818 2914 οἷς
852 2853 945 2906 καὶ
975 2858 1303 2925 προσκυνεῖν
1343 2856 1445 2910 οὐκ
1485 2857 1833 2928 αἰσχύνεσθε,

251 2944 392 3013 μήτε
427 2942 683 3013 βαδίζειν,
724 2944 859 3015 μήτε
909 2945 1178 2999 κινεῖσθαι
1212 2947 1462 3011 δυνατοῖς
1488 2944 1662 3013 οὖσιν,
1719 2950 1835 3003 ἀλλ’

246 3035 336 3087 ἐπ’
365 3031 532 3104 ὤμων
565 3034 922 3105 φερομένοις,
964 3036 1060 3088 καὶ
1107 3036 1197 3106 ὑφ’
1242 3036 1446 3108 ἐτέρων
1477 3036 1836 3108 ὠθουμένοις,

246 3125 345 3178 καὶ
383 3125 507 3196 μήτ’
540 3124 791 3190 ἀκούειν,
840 3129 966 3199 μήτ’
1014 3129 1211 3192 αὐτοὺς
1261 3128 1456 3193 σώζειν
1496 3130 1835 3203 δυναμένοις.

247 3214 475 3279 τούτοις
505 3215 693 3286 ὅμοιον
720 3217 865 3288 κάμὲ
900 3213 1041 3272 εἶναι
1067 3217 1388 3287 ἐλογίσασθε
1411 3259 1428 3284 ,
1479 3218 1556 3283 ὠς
1600 3217 1700 3284 τὰς
1731 3221 1836 3290 ψυ-
1863 3258 1907 3318 c

247 3310 351 3382 κάς
377 3312 790 3383 πιπηρωμένοιο

325 3421 346 3455 α
386 3402 683 3476 Μνήσθητε
707 3403 904 3465 ταῦτα,
925 3405 1020 3458 καὶ
1031 3405 1344 3472 στενάξατε.
1362 3407 1768 3478 Μετανοήσατε,
1785 3410 1834 3462 oi

247 3495 501 3566 πεπλανη
512 3496 689 3568 μένοι⁸
714 3499 1079 3569 ἐπιστρέψατε
1099 3502 1166 3570 τῇ
1187 3499 1406 3572 καρδία,
1436 3500 1530 3553 καὶ
1560 3500 1836 3572 μνήσθητε

248 3586 319 3642 τὰ
337 3588 697 3659 πρότεραάπὺ
723 3589 818 3644 τοῦ
834 3589 1049 3655 αἰῶνος
1071 3591 1155 3644 ὅτι
1183 3592 1294 3660 ἐγώ
1320 3593 1436 3663 εἰμι
1457 3595 1488 3646 ό
1521 3592 1656 3656 Θεὸς
1676 3633 1691 3656 ,
1741 3594 1837 3647 καὶ

246 3678 351 3732 οὐκ
378 3677 526 3732 ἔστιν
559 3678 641 3732 ἔτι
693 3679 834 3752 πλὴν
873 3680 1009 3752 ἐμοῦ
1031 3699 1044 3712 ’
1079 3682 1430 3751 ἀναγγέλλων
1465 3683 1731 3756 πρότερον
1767 3683 1839 3737 τὰ

249 3768 456 3842 ισχατα
476 3771 606 3842 πρὶν
621 3771 746 3840 γενέ
754 3771 896 3826 σθαι·
911 3773 1006 3827 καὶ
1019 3774 1136 3845 ἃμα
1148 3775 1525 3846 συνετελέσθη.
1551 3795 1570 3826 ι
1596 3774 1769 3830 Τοῦτο
1780 3777 1838 3830 δὲ

257 3877 516 3934 μιγιστον
525 3861 835 3934 ἀνθρώποις
850 3864 1149 3936 μαρτύριον
1158 3863 1246 3917 διὰ
1258 3865 1367 3918 τῶν
1381 3865 1619 3935 ἐμαυτοῦ
1634 3882 1840 3937 προπ-

252 3953 364 4008 τῶν
403 3954 856 4027 παρεστησάμην,
891 3954 962 4008 τὰ
1009 3955 1272 4026 μέλλοντα
1318 3955 1606 4021 θεσπίσας,
1641 3958 1735 4009 καὶ
1771 3956 1838 4010 τὰ

256 4048 492 4119 μακροῖς
513 4046 742 4118 ὕστερον
764 4047 975 4119 χρόνοις
996 4047 1338 4120 γενησόμενα
1363 4046 1552 4102 εἰπών’
1576 4047 1614 4102 ἃ.
1645 4050 1740 4102 καὶ
1769 4050 1837 4103 δι’

251 4135 430 4209 ιργων
457 4136 762 4204 ἐξετέλεσα.
787 4156 807 4189 ι
824 4138 935 4192 Καὶ
945 4134 1095 4191 εἶπα·
1115 4139 1315 4209 Πᾶσαὴ
1333 4139 1494 4210 βουλή
1528 4157 1632 4210 μου
1647 4140 1746 4210 στή
1755 4156 1840 4192 σε-

248 4246 342 4283 ται
367 4268 384 4294 ,
409 4230 507 4284 καὶ
523 4230 701 4285 πάντα
720 4231 822 4285 ὅσα
853 4229 1212 4302 βεϐούλευμαι
1232 4233 1460 4302 ποιήσω.
1495 4251 1512 4282 ι
1541 4232 1653 4285 Καὶ
1681 4227 1838 4295 αὖθις

251 4313 554 4370 ἐπιτελέσω
601 4317 713 4380 τοῖς
745 4314 958 4369 ἐπιοῦσι
1007 4317 1240 4386 χρόνοις.
1272 4316 1382 4369 Καὶ
1412 4316 1592 4370 πάντα
1619 4317 1720 4370 ὅσα
1749 4315 1838 4388 βε-

253 4406 550 4478 ϐούλευμαι
595 4409 688 4462 καὶ⁵
727 4408 904 4480 ὥρισα
932 4449 948 4473 ,
1003 4408 1290 4480 ἀραρότως
1319 4410 1610 4480 γενήσεται
1635 4449 1650 4472 ,
1702 4409 1838 4479 ἐμοῦ

253 4498 408 4561 τέλος
429 4499 792 4569 ἐπιθήσαντος
815 4505 929 4563 τοῖς
959 4499 1200 4572 ἐμαυτοῦ
1229 4500 1409 4569 λόγοις
1431 4516 1444 4528 ο
1479 4501 1566 4554 ὅτε
1595 4501 1691 4554 καὶ
1723 4500 1838 4572 βού-

1936 2017 2047 2069 net,
2078 2021 2182 2060 non
2219 2005 2525 2061 movebitur
2545 2013 2634 2060 :et
2659 2004 2705 2059 si
2741 2005 2865 2074 quis
2889 2003 3210 2059 clamaverit
3237 2005 3304 2059 ad
3334 2004 3537 2075 ipsum,

1934 2114 2041 2154 non
2077 2099 2376 2154 exaudiet:
2410 2115 2439 2152 a
2489 2097 2648 2152 malis
2712 2113 2817 2153 non
2863 2096 3119 2152 liberabit
3178 2112 3327 2153 eum.
3364 2117 3382 2150 1
3421 2096 3537 2154 Vos

1934 2205 2060 2245 vere
2090 2188 2324 2258 cogitate
2357 2188 2411 2244 in
2440 2199 2702 2260 quantam
2750 2189 2846 2244 Dei
2879 2188 3221 2243 inimicitiam
3259 2199 3313 2243 et
3341 2190 3538 2259 impie-

1937 2290 2102 2335 tatem
2132 2280 2471 2346 decideritis,
2517 2281 2644 2336 dum
2686 2282 2775 2346 iis,
2807 2280 2899 2351 qui
2955 2295 3082 2337 vere
3110 2281 3184 2337 dii
3239 2297 3344 2337 non
3383 2294 3530 2346 sunt,

1936 2388 2022 2428 me
2069 2374 2306 2428 similem
2347 2372 2550 2440 facere,
2595 2382 2651 2429 et
2690 2373 2950 2430 deitatem
3003 2389 3177 2430 meam
3204 2374 3358 2429 nibili
3396 2390 3535 2443 pen-

1934 2465 2064 2519 dere
2093 2465 2208 2519 anei
2257 2465 2428 2532 estis;
2473 2481 2538 2522 ac
2568 2466 2863 2521 commenti
2898 2467 3035 2522 estis
3081 2482 3169 2522 me
3223 2467 3537 2522 inanimata:

1935 2559 2184 2612 materiae
2207 2572 2394 2628 parem
2427 2571 2552 2614 esse
2585 2573 2600 2610 :
2633 2573 2826 2614 aurum
2868 2568 2925 2613 et
2957 2569 3243 2631 argentum
3272 2573 3341 2614 ex
3373 2569 3537 2630 pacto

1936 2661 2352 2721 congregantes,
2407 2651 2802 2722 hominumque
2862 2651 3116 2707 manibus
3165 2651 3309 2706 idola
3367 2651 3536 2707 labri-

1937 2752 2126 2798 cantes
2155 2762 2168 2796 :
2193 2759 2315 2814 qua:
2366 2745 2598 2799 adorare
2633 2759 2739 2800 non
2789 2743 3150 2812 erubescitis;
3183 2761 3310 2798 cum
3353 2755 3532 2800 tamen

1937 2850 2114 2906 neque
2166 2835 2470 2902 ambulare,
2531 2849 2710 2904 neque
2751 2849 2812 2890 se
2849 2835 2970 2891 loco
3010 2850 3233 2890 movere
3275 2835 3532 2903 valeant,

1936 2928 2034 2983 sed
2063 2928 2311 2983 humeris
2352 2935 2657 2999 gestentur,
2688 2936 2745 2982 et
2776 2927 2847 2983 ab
2897 2927 3020 2982 aliis
3070 2937 3339 2998 agantur;
3374 2929 3446 2982 ita
3477 2941 3537 2984 nt

1938 3031 2116 3090 neque
2144 3021 2390 3085 audiant,
2441 3034 2619 3090 neque
2649 3034 2775 3074 sese
2813 3020 2956 3074 tueri
3007 3021 3240 3089 possint.
3303 3020 3398 3075 llis
3449 3037 3542 3079 tne

1939 3127 2155 3183 quoque
2188 3111 2421 3168 similem
2461 3126 2583 3168 esse
2609 3111 2926 3184 IcOgitastis,
2956 3119 3145 3184 utpote
3190 3114 3391 3170 animis
3435 3114 3540 3171 ob-

1940 3205 2152 3262 caecati.

2012 3388 2178 3444 Vsus.
2210 3387 2368 3443 8-10.
2404 3407 2424 3440 ι
2462 3386 2793 3444 Mementote
2819 3385 3072 3454 istorum,
3092 3395 3150 3443 et
3177 3367 3536 3458 ingemiscito.

1940 3481 2326 3537 Pmnitentiam
2375 3481 2520 3552 agite
2545 3479 2639 3549 qui
2669 3479 2886 3534 erratis.
2928 3478 3324 3536 Convertimini
3350 3482 3538 3548 corde,

1940 3586 1992 3627 et
2023 3582 2358 3630 mementote
2410 3573 2655 3643 priorum
2713 3585 2744 3624 a
2793 3571 3040 3628 saeculo:
3079 3572 3206 3642 quia
3258 3587 3360 3643 ego
3413 3587 3536 3628 sum

1941 3667 2103 3731 Deus,
2121 3677 2177 3721 et
2203 3680 2310 3721 non
2328 3675 2412 3721 est
2436 3663 2576 3720 alius
2610 3671 2809 3734 praeter
2837 3678 2966 3719 me:
2994 3665 3326 3720 annuntians
3352 3665 3537 3721 novis-

1941 3761 2077 3814 sima
2117 3768 2409 3828 antequam
2463 3758 2608 3822 sint;
2652 3767 2710 3812 et
2751 3755 2910 3812 simul
2956 3755 3323 3827 complentur.
3364 3775 3386 3809 ι
3423 3755 3540 3812 lloc

1948 3850 2242 3904 maximum
2309 3849 2620 3906 hominibus
2674 3848 3046 3905 testimonium
3098 3861 3196 3918 per
3240 3849 3538 3919 prophetas

1943 3957 2096 3996 meos
2128 3942 2356 4010 praabui,
2416 3956 2540 3998 cum
2574 3941 2755 3997 futura
2793 3941 3118 3997 vaticinatus
3150 3955 3292 4004 sum,
3321 3950 3380 3996 et
3413 3957 3540 4012 qua

1943 4037 2215 4091 diuturnis
2255 4045 2442 4104 postea
2474 4035 2813 4104 temporibus
2838 4043 3070 4091 ventura
3099 4043 3260 4092 erunt
3283 4036 3538 4106 pradixi,

1943 4129 2266 4197 etoperibus
2278 4137 2568 4184 exseeutus
2590 4143 2733 4183 sum.
2755 4146 2774 4180 ι
2801 4128 2866 4183 Ει
2888 4128 3022 4193 dixi,
3046 4126 3220 4184 Omne
3243 4125 3533 4184 consilium

1944 4235 2124 4276 meum
2157 4221 2346 4287 stabit,
2377 4231 2433 4276 et
2463 4220 2649 4277 omnia
2697 4233 3039 4290 quaecunque
3105 4211 3402 4276 deliberavi
3451 4219 3536 4275 l'a-

1943 4311 2105 4380 ciam;
2144 4331 2163 4366 »
2191 4323 2355 4383 atque
2394 4313 2592 4368 iterum
2617 4327 2680 4368 ea
2710 4312 2995 4382 complebo
3015 4313 3068 4368 in
3101 4312 3297 4368 futuris
3330 4322 3538 4384 tempo-

1947 4403 2127 4470 ribus;
2176 4417 2233 4461 et
2271 4419 2608 4476 quaecunque
2662 4405 2961 4461 deliberavi
3011 4421 3076 4460 ac
3121 4404 3367 4473 decrevi,
3409 4420 3536 4460 con-

1944 4507 2202 4570 gruenter
2232 4500 2503 4566 evenient,
2534 4514 2622 4554 me
2650 4497 2816 4553 dictis
2843 4497 2979 4552 meis
3008 4499 3167 4551 linem
3207 4507 3261 4552 et
3290 4496 3531 4566 comple-

255 4591 419 4662 λομαι
443 4629 459 4652 ,
511 4589 603 4644 διὰ
632 4590 727 4645 τοῦ
766 4591 952 4645 καλεῖν
995 4593 1123 4655 τοὺς
1170 4592 1411 4662 ἐμαυτοῦ
1439 4592 1716 4662 ὑπηρέτας
1765 4593 1833 4646 δι’

1946 4601 2185 4646 mentum
2212 4600 2518 4648 statuente:
2542 4592 2704 4661 idque
2723 4607 2834 4661 quo
2852 4600 3099 4659 tempore
3147 4589 3376 4652 iubebit,
3404 4603 3537 4645 evo-

254 4682 418 4754 ἁέρος
447 4681 778 4752 φερομένους
807 4681 1010 4753 ὀρνέων
1038 4683 1133 4735 καὶ
1165 4682 1432 4736 πετεινῶν
1468 4681 1625 4754 δίκην
1647 4698 1658 4711 ο
1690 4683 1834 4752 λέγω

253 4770 320 4843 δὴ
353 4771 454 4833 τὰς
477 4770 776 4838 ἀγγελικὰς
801 4772 1058 4842 δυνάμεις
1079 4773 1174 4826 καὶ
1203 4773 1272 4827 τὰ
1299 4772 1647 4843 λειτουργικὰ
1676 4774 1840 4828 πνεύ-

259 4879 405 4932 ματα
432 4861 501 4916 τὰ
530 4863 610 4926 είς
633 4861 909 4917 διακονίαν
936 4863 1398 4934 ἀποστελλόμενα.

333 5007 353 5040 ι
390 4987 588 5044 Καλῶν
636 4987 745 5042 ἀπὸ
795 4987 1069 5041 ἀνατολῶν
1106 4989 1352 5042 πετεινὸν
1373 5029 1387 5052 ,
1445 4991 1540 5042 καὶ
1589 4992 1697 5044 ἀπὸ
1737 4990 1842 5061 γῆς

256 5079 543 5153 πόρρωθεν
565 5097 577 5108 ·
616 5079 744 5152 περὶ
768 5072 843 5132 ὧν
878 5077 1241 5151 βεϐούλευμαι.
1270 5079 1542 5150 ἐλάλησα·
1578 5081 1671 5133 καὶ
1703 5081 1841 5151 ἤγαο

256 5190 376 5244 γον,
414 5171 603 5224 ἔκτισα
636 5171 729 5224 καὶ
756 5171 1017 5241 ἐποίησα.
1041 5160 1304 5240 ’Ἤγαγον
1335 5172 1500 5225 αὑτὸν
1519 5215 1534 5234 ,
1571 5172 1666 5224 καὶ
1707 5171 1845 5225 εὐώ-

255 5266 408 5320 δωσα
472 5264 570 5335 τὴν
606 5263 721 5318 ὁδὸν
765 5263 952 5317 αὑτοῦ.
999 5264 1292 5318 Ἀκούσατέ
1324 5282 1447 5334 μου,
1485 5266 1534 5318 oi
1567 5264 1840 5318 ἀπολωλε-

258 5357 418 5418 κότες
442 5355 539 5426 τὴν
569 5354 816 5426 καρδίαν,
858 5356 908 5406 oi
939 5353 1154 5425 μακρὰν
1184 5355 1294 5407 ἀπὸ
1328 5355 1428 5424 τῆς
1467 5353 1836 5425 δικαιοσύνης.

261 5446 507 5514 Ἥγγισα
532 5444 630 5514 τὴν
654 5443 1002 5515 δικαιοσύνην
1036 5461 1158 5514 μου,
1193 5446 1288 5497 καὶ
1310 5446 1410 5514 τὴν
1439 5445 1712 5514 σωτηρίαν
1737 5446 1837 5516 τὴν

258 5540 390 5608 παρ’
417 5536 552 5606 ἐμοῦ
567 5537 628 5589 οὒ
656 5535 920 5606 βραδυνῶ.
954 5534 1172 5588 Δέδωκα
1204 5538 1263 5588 ὲν
1288 5535 1424 5587 Σιὼν
1453 5537 1726 5606 σωτηρίαν
1760 5536 1838 5606 τῷ

269 5628 492 5699 Ἰσραὴλ
521 5631 599 5690 εἰς
618 5627 881 5699 δόξασμα.
930 5647 947 5678 ι

770 5740 1162 5793 ΚΕΦΑΛΑΙΟΝ
1196 5741 1323 5794 MZ'.

337 5868 354 5899 ι
396 5847 705 5918 Κατάὁηθι,
751 5848 970 5903 κάθισον
1007 5851 1098 5903 ἐπὶ
1129 5852 1226 5920 τὴν
1259 5851 1383 5918 γῆν,
1440 5849 1702 5921 παρθένος
1743 5849 1838 5901 θυ-

1947 4698 2079 4740 cans
2128 4685 2404 4740 ministros
2437 4698 2606 4746 meos,
2659 4685 2752 4753 qui
2804 4683 2986 4737 avium
3031 4681 3419 4751 volucrumque
3453 4683 3536 4734 in-

1947 4786 2061 4831 star
2091 4791 2187 4844 per
2219 4791 2401 4833 aerem
2460 4775 2741 4837 feruntur;
2801 4773 3076 4844 angelicas
3110 4774 3236 4827 dico
3282 4774 3532 4832 virtutes,

1944 4863 2512 4922 et-administratorios
2532 4865 2756 4935 spiritus
2783 4907 2798 4932 ,
2834 4865 2889 4920 in
2921 4865 3278 4920 ministerium
3313 4864 3480 4919 misso
3515 4904 3531 4918 .

2015 4978 2182 5035 Vens.
2210 4981 2402 5034 11-15.
2437 5000 2455 5032 ι
2494 4980 2706 5036 Vocans
2739 4980 2808 5034 ab
2836 4981 3050 5035 oricnte
3079 4978 3378 5044 volucrem,
3410 4988 3467 5033 et
3503 4996 3531 5032 a

1923 5083 2089 5127 terra
2122 5074 2437 5145 longinqua,
2461 5074 2526 5129 de
2551 5073 2751 5144 quibus
2789 5070 3082 5127 deliberavi
3126 5071 3338 5125 locutus
3365 5087 3482 5125 sum
3516 5088 3531 5125 :

1945 5177 1999 5219 et
2029 5168 2249 5230 adduxi,
2288 5168 2468 5222 crcavi
2498 5176 2554 5221 et
2583 5165 2708 5221 feci.
2747 5166 2881 5220 Duxi
2928 5179 3074 5227 eum,
3117 5172 3173 5218 et
3211 5179 3530 5232 prosperum

1947 5260 2047 5313 feci
2082 5261 2185 5314 iter
2216 5260 2352 5327 ejus.
2412 5260 2608 5315 Audite
2663 5275 2750 5313 me
2773 5258 2864 5327 qui
2924 5256 3165 5326 periistis
3213 5259 3399 5318 corde,
3437 5257 3528 5325 qui

1947 5351 2102 5421 longe
2138 5353 2271 5407 estis
2301 5367 2328 5404 a
2358 5351 2585 5422 iustitia.
2629 5351 2860 5405 Admovi
2907 5349 3174 5418 justitiam
3229 5365 3428 5410 meam,
3474 5359 3529 5400 ct

1942 5446 2194 5509 salutem,
2225 5461 2345 5514 quae
2371 5461 2400 5499 a
2430 5460 2514 5499 me
2536 5455 2639 5509 est,
2669 5461 2774 5498 non
2800 5443 3016 5498 tardare
3047 5442 3264 5496 faciam.
3307 5441 3433 5493 Dedi
3469 5441 3519 5494 in

1943 5539 2070 5592 Sion
2108 5537 2334 5592 salutem
2367 5537 2552 5592 lsraeli
2593 5539 2644 5591 in
2673 5536 2922 5607 gloriam.
2971 5554 2990 5587 ι

2493 5739 2723 5796 CAPUT
2783 5738 2990 5794 XLVII.

2018 5853 2180 5907 Vens.
2214 5853 2264 5907 i.
2297 5871 2314 5900 ι
2348 5853 2643 5915 Descende.
2686 5855 2815 5910 sede
2863 5868 3026 5926 super
3088 5861 3315 5911 terram.
3374 5851 3530 5922 virgo
