4058 6420
636 401 740 457 ηδ

1305 394 1576 452 EUSEBII
1613 390 2086 454 CESARIENSIS
2121 388 2270 445 OPP.
2312 385 2494 443 PARS
2533 386 2623 442 III.
2663 417 2731 427 —
2769 382 3183 441 EXEGETICA.

3776 377 3878 430 ιει

631 518 738 574 lilia
778 516 1080 587 Babylonis.
1121 534 1140 567 ι
1173 514 1273 570 Hic
1302 531 1399 570 ceu
1437 526 1723 585 personam
1773 514 2059 584 quamdam
2109 526 2192 567 ro-

2300 510 2479 578 γάτηρ
2503 505 2837 569 Βαϐυλῶνος.
2882 523 2901 555 ι
2942 500 3448 575 Προσωποποιεῖται
3475 498 3533 552 δὲ
3575 498 3639 552 ἐν
3671 496 3886 568 τούτοις,

628 627 790 680 gnum
816 624 1004 663 eorum
1037 608 1344 671 alloquitur,
1382 606 1723 675 quodetiam
1775 604 1936 657 filiam
1976 602 2201 673 Babylo-

630 702 716 755 nis
739 710 937 754 vocat:
973 700 1232 768 virginem
1285 699 1411 750 item
1456 706 1638 759 vocat,
1678 695 1820 764 quod
1866 695 2089 763 virginis
2116 695 2199 747 in-

629 801 762 855 star,
799 790 1130 844 ornamentis
1157 799 1210 841 et
1235 789 1430 841 decore
1463 787 1687 854 fulgeat,
1724 784 1963 853 velitque
1981 785 2201 855 juvenis

628 890 682 935 et
722 880 896 950 puella
940 880 1107 933 videri
1162 893 1226 930 ac
1275 878 1598 932 existimari.
1658 876 1793 931 Hinc
1833 891 1975 939 eam,
2012 892 2108 929 ceu
2146 876 2198 929 in

629 970 843 1025 sublimi
886 971 1000 1023 loco
1028 968 1325 1032 sedentem,
1366 980 1589 1034 surgere
1629 965 1783 1033 jubet
1828 980 1893 1019 ac
1912 964 1979 1019 de
2004 965 2199 1018 throno

628 1075 727 1115 suo
758 1058 1099 1119 descendere,
1134 1067 1297 1124 atque
1354 1057 1499 1109 humi
1548 1056 1765 1125 sedere,_
1818 1070 1880 1109 ac
1913 1054 2200 1123 turpitudi-

628 1165 749 1204 nem
790 1149 1027 1203 remlare
1071 1163 1246 1216 suam,
1282 1161 1443 1216 quam
1486 1161 1551 1201 ex
1592 1145 1682 1199 illa
1725 1146 1779 1201 in
1811 1146 2049 1201 deterius
2081 1159 2199 1199 mu-

628 1240 829 1295 tatione
859 1240 1113 1307 patietur.

614 1472 615 1475 η
709 1434 862 1474 vns.
893 1420 950 1481 2,
983 1420 1037 1473 5.
1077 1436 1095 1470 ι
1132 1417 1270 1471 Sede
1302 1418 1355 1470 in
1406 1424 1572 1481 terra,
1626 1414 1731 1469 lilia
1765 1412 2139 1469 Chaldaeorum
2179 1427 2195 1465 :

627 1514 814 1582 accipe
847 1510 1065 1573 molam,
1095 1518 1148 1561 et
1181 1507 1319 1562 mole
1364 1503 1619 1562 farinam.
1658 1504 1859 1560 Revela
1891 1502 2197 1572 operimen-

628 1614 741 1657 tum
779 1612 948 1664 tuum.
980 1601 1166 1668 detege
1195 1613 1381 1661 canos,
1415 1597 1623 1651 denuda
1662 1596 1844 1659 tibias,
1902 1593 2069 1648 transi
2099 1590 2198 1645 llu-

626 1694 763 1749 vios.
798 1712 817 1744 ι
854 1691 1121 1759 Deposita,
1150 1689 1340 1757 inquit,
1378 1688 1518 1756 regia
1549 1686 1633 1740 illa
1670 1684 1966 1753 voluptate.
1989 1680 2198 1735 ancilla

627 1786 799 1839 instar
820 1796 1134 1836 aerumnosas
1155 1794 1221 1834 ac
1242 1778 1397 1833 mola
1418 1776 1727 1839 servientis,
1753 1775 1819 1828 ad
1854 1771 2195 1827 serviendum

2302 598 2399 668 τὴν
2443 596 2719 667 βασιλείαν
2771 595 2971 659 αὐτῶν,
3016 589 3293 662 θυγατέρα
3328 590 3650 656 Βαϐυλῶνος
3682 591 3882 665 ὀνομά-

2298 688 2407 752 ζων
2436 687 2607 756 αὑτήν
2634 704 2646 715 ⁸
2684 686 2839 740 καλεῖ
2886 686 2946 740 δὲ
2983 684 3153 755 αὐτὴν
3189 685 3286 738 καὶ
3326 683 3633 755 παρθένον,
3686 684 3779 739 διά
3820 686 3877 739 τὲ

2297 778 2627 851 ὼραῖζεσθαι
2656 779 2751 832 καὶ
2785 774 3223 840 καλλωπίζεσθαι
3251 774 3528 846 παρθένου
3551 774 3729 845 δίκην,
3766 774 3877 845 βού-

2296 870 2479 923 λεσθαί
2503 886 2562 923 τε
2584 868 2875 937 φαίνεσθαι
2887 867 3035 930 νέαν,
3060 866 3155 920 καὶ
3181 866 3351 937 κόρην
3377 862 3517 920 εἶναι
3539 866 3876 937 νομίζεσθαι.

2295 957 2409 1015 ΕΙθ⁹
2440 961 2517 1025 ὼς
2548 961 2606 1013 ιν
2640 959 2765 1029 ’ύψει
2790 958 3129 1029 καθημένην,
3162 956 3515 1028 διαναστῆναι
3539 958 3678 1028 αὐτῇ
3716 972 3881 1028 προσ-

2294 1052 2479 1105 τάττει
2505 1050 2603 1104 καὶ
2644 1048 2953 1119 καταϐῆναι
2998 1049 3109 1102 ἀπὸ
3146 1046 3243 1101 τοῦ
3293 1049 3494 1120 ἑαυτῆς
3520 1049 3734 1120 θρόνου,
3782 1050 3881 1103 καὶ

2296 1140 2626 1210 καθεσθῆναι
2658 1140 2752 1193 επὶ
2786 1141 2886 1210 τῆς
2922 1138 3048 1209 γῆς,
3090 1138 3187 1192 καὶ
3216 1130 3535 1209 ἀποκρύψαι
3557 1139 3759 1210 ἑαυτῆς
3778 1138 3881 1211 τὴν

2294 1230 2697 1302 ἀσχημοσύνην,
2733 1231 2801 1303 ήν
2815 1230 3060 1284 πείσεται
3089 1232 3152 1283 ὲκ
3178 1230 3276 1302 τῆς
3303 1231 3397 1283 ἐπὶ
3425 1231 3488 1284 τὸ
3507 1234 3689 1303 χεῖρον
3711 1247 3883 1302 μετα-

2296 1321 2457 1394 ϐολῆς

2372 1432 2390 1464 ι
2425 1411 2663 1464 Κάθισον
2692 1412 2774 1473 εις
2808 1408 2909 1480 τήν
2960 1410 3080 1480 γῆν,
3125 1406 3363 1480 θύγατερ
3390 1407 3672 1462 Χαλδαίων
3703 1424 3717 1438 ’
3744 1406 3880 1462 λάϐε

2299 1504 2482 1575 μύλον,
2530 1502 2723 1557 ἀλεσον
2779 1500 3025 1572 ἄλευρον.
3097 1498 3468 1568 ’Δποκάλυψαι
3510 1498 3573 1551 τὺ
3633 1496 3882 1552 κατακά-

2295 1596 2485 1667 λυμμά
2516 1610 2635 1655 σου.
2681 1592 3022 1661 ἀνακάλυψαι
3074 1591 3173 1655 τάς
3231 1590 3445 1655 πολιὰς,
3497 1588 3745 1662 ἀνάσυρε
3776 1589 3880 1655 τάς

2296 1687 2529 1756 κνήμας,
2558 1682 2773 1754 διάϐηθι
2793 1681 3088 1753 ποταμούς.
3127 1700 3146 1733 ι
3182 1679 3541 1753 ’Δποθεμένη,
3577 1680 3743 1753 φησι,
3774 1680 3880 1752 τὴν

2298 1776 2581 1846 βασιλικὴν
2626 1774 2843 1845 ἐκείνην
2879 1773 3092 1845 τρυφὴν
3112 1811 3127 1835 ,
3168 1771 3507 1844 θεραπαίνης
3537 1772 3739 1843 τρόπον
3772 1789 3879 1826 ποα-

626 1874 861 1929 dominis
895 1874 997 1927 tuis
1030 1881 1083 1924 te
1127 1880 1407 1939 apparato.
1465 1868 1808 1933 Acceptaque
1855 1860 2016 1923 mola,
2049 1860 2190 1913 mole

2293 1862 2559 1927 κοπαθοῢς
2579 1879 2725 1925 τινος
2749 1862 2843 1915 καὶ
2867 1860 3201 1932 μυλωθρίδος
3226 1860 3646 1935 παρασκεύασον
3670 1861 3880 1931 σεαυῇ

627 1966 722 2030 ibi,
753 1965 856 2019 bac
888 1966 1017 2018 dura
1041 1972 1094 2017 et
1117 1962 1381 2016 laboriosa
1420 1956 1681 2013 servitute
1703 1968 1823 2008 cum
1852 1950 2075 2021 pristina
2102 1963 2197 2003 vo-

628 2061 834 2128 luptate
863 2062 1307 2110 commutata.....

696 2318 863 2374 Vsus.
899 2314 952 2373 6.
994 2333 1013 2368 ι
1045 2315 1219 2369 Iratus
1267 2328 1387 2368 sum
1449 2321 1636 2366 contra
1686 2310 1939 2380 populum
1991 2321 2192 2373 meum,

628 2408 1009 2463 contaminasti
1062 2405 1432 2460 bareditatem
1460 2417 1654 2457 meam.
1711 2401 1820 2471 Ego
1859 2396 1978 2453 dedi
2025 2410 2119 2452 eos
2142 2398 2195 2451 in

629 2516 845 2555 manum
903 2508 1047 2551 tuam
1077 2513 1093 2551 :
1125 2507 1179 2551 tu
1210 2510 1341 2550 vero
1375 2508 1481 2548 non
1522 2491 1711 2546 dedisti
1761 2490 1841 2543 eis
1891 2486 2195 2542 misericor-

628 2594 794 2647 diam.
833 2610 854 2644 ι
887 2589 1016 2645 Haec
1054 2590 1251 2658 quippe
1283 2595 1398 2642 erat
1444 2582 1722 2653 disciplina
1772 2590 1885 2647 tua,
1924 2593 2029 2650 qua
2070 2592 2196 2632 eru-

630 2684 867 2740 diebaris
891 2697 921 2735 a
957 2680 1223 2750 oriucipio
1259 2675 1539 2746 temporis,
1567 2683 1621 2729 et
1645 2688 1674 2727 a
1696 2672 1979 2742 iuventute
2009 2683 2191 2724 tua....

1159 2829 1387 2887 CAPUT
1422 2827 1629 2883 XLVIII

697 2944 861 3000 Vsus.
899 2946 953 3010 l,
982 2944 1038 2998 2.
1072 2962 1091 2995 ι
1126 2943 1322 2998 Audite
1358 2942 1495 3006 haec,
1535 2943 1729 2995 domus
1758 2936 1949 3001 Iacob,
1973 2935 2067 3006 qui
2097 2948 2193 2989 vo-

628 3037 824 3093 camini
855 3036 1073 3091 nomine
1102 3033 1268 3087 Israel
1288 3073 1303 3097 ,
1349 3040 1400 3083 et
1450 3030 1642 3084 existis
1667 3043 1734 3082 ex
1757 3026 1897 3082 Juda
1920 3066 1935 3087 ,
1964 3024 2056 3093 qui
2104 3024 2192 3096 ju-

630 3127 765 3184 ratis
790 3127 843 3181 in
872 3127 1093 3181 nomine
1117 3123 1329 3178 Domini
1360 3122 1455 3176 Dei
1501 3118 1702 3186 Israel,
1730 3118 1826 3188 qui
1868 3114 2197 3172 recordami-

2293 1955 2563 2009 δουλεύειν
2603 1956 2715 2016 τοῖς
2762 1952 2965 2024 ἑαυτῆς
2991 1952 3302 2016 δεσπόταις.
3335 1951 3517 2006 Μύλον
3539 1949 3742 2023 δηλαδή
3780 1967 3883 2004 u-

2295 2048 2485 2110 ϐοὖσα,
2527 2050 2586 2101 ἐν
2634 2044 2784 2117 αὐτῷ
2814 2045 3029 2109 ἀλεσον,
3061 2042 3160 2114 τὴν
3216 2042 3460 2115 σκληρὰν
3504 2042 3735 2113 ταύτην,
3784 2057 3887 2095 και

2296 2140 2554 2192 ἐπίπονον
2583 2137 2827 2209 θητείαν,
2857 2136 2955 2207 τῆς
2984 2135 3151 2189 πάλαι
3181 2138 3395 2207 τρυφῆς
3422 2128 3888 2201 ἀντικαταλλαξα-

2299 2230 2483 2301 μένη..
2496 2268 2511 2284 .

2371 2338 2390 2371 ι
2428 2319 2791 2391 Παρωξύνθην
2825 2318 2917 2372 ἐπὶ
2940 2315 3020 2388 τῷ
3049 2315 3164 2387 λαῷ
3193 2332 3319 2387 μου,
3359 2315 3590 2387 ἐμίανας
3616 2316 3717 2387 τήν
3742 2316 3885 2389 κλη-

2296 2411 2552 2483 ρονομίαν
2578 2427 2699 2481 μου.
2738 2407 2878 2477 Ἐγὼ
2896 2407 3072 2462 ἔδωκα
3092 2407 3289 2472 αὐτοὺς
3315 2408 3397 2470 είς
3421 2407 3521 2479 τὴν
3545 2407 3707 2480 χεῖρά
3738 2423 3837 2462 σου
3867 2423 3880 2436 ·

2296 2504 2361 2555 σὺ
2388 2502 2444 2555 δὲ
2472 2502 2572 2555 οὐκ
2604 2501 2811 2563 ἔδωκας
2833 2501 3018 2563 αὐτοῖς
3058 2499 3225 2562 ἔλεος.
3264 2518 3283 2551 ι
3329 2496 3519 2553 Ταῦτα
3543 2499 3654 2570 γάρ
3685 2498 3780 2553 σοῦ
3804 2493 3884 2571 ἦν

2292 2590 2361 2642 τά
2384 2588 2701 2660 μαθήματα,
2732 2588 2769 2643 ἀ
2798 2587 3099 2662 ἱμάνθανες
3133 2587 3193 2653 ἐξ
3220 2587 3396 2659 ἀρχῆς
3427 2588 3659 2661 χρόνων,
3690 2589 3788 2644 καὶ
3810 2590 3886 2644 ὲκ

2292 2677 2543 2749 νεότητός
2578 2695 2742 2732 σου...

2797 2834 3195 2890 ΚΕΦΔΛΛῙΟΝ
3223 2836 3363 2890 MH’.

2370 2960 2389 2992 ι
2438 2941 2731 2998 Ἀκούσατε
2768 2944 2961 3010 ταῦτα,
2999 2941 3148 3010 οἶκος
3207 2945 3423 3011 Ἰακὼϐ,
3456 2947 3507 3000 oi
3545 2946 3882 3021 κεκλημένοι

2294 3033 2387 3087 επὶ
2430 3033 2511 3105 τῷ
2556 3036 2777 3107 ὀνόματι
2835 3037 3071 3109 Ἰσραὴλ,
3106 3038 3201 3092 καὶ
3234 3038 3295 3105 ἐξ
3336 3039 3506 3093 Ἰούδα
3541 3039 3881 3107 ἐξελθόντες,

2295 3126 2347 3177 οί
2378 3125 2675 3194 ὀμνύοντες
2720 3126 2797 3197 τῷ
2829 3128 3055 3199 ὀνόματι
3082 3128 3287 3200 Κυρίου
3318 3128 3456 3182 Θεοῦ
3506 3131 3747 3203 Ἰσραὴλ,
3782 3149 3882 3204 μι-

630 3220 685 3274 ni
712 3258 729 3284 ,
752 3233 859 3272 non
889 3231 1011 3272 cum
1044 3216 1290 3278 veritate,
1322 3225 1494 3279 neque
1532 3226 1655 3265 cum
1684 3209 1894 3278 justitia
1924 3227 1938 3262 :
1973 3208 2066 3276 qui
2100 3205 2192 3262 ad-

2299 3189 2664 3286 μνησκόμενοι
2693 3189 3201 3289 οὐρεῖν-ἀληθείας
3219 3259 3235 3283 ,
3279 3219 3401 3274 οὐδὲ
3434 3220 3574 3293 μετά
3588 3189 3853 3280 duratos-3
3882 3258 3883 3261 η

632 3310 849 3363 [teretis
898 3305 1100 3361 nomini
1158 3303 1394 3358 civitatis
1426 3309 1628 3355 sancta:
1654 3338 1669 3359 .
1720 3307 1775 3352 et
1819 3311 1981 3365 super
2024 3297 2192 3351 Deum

627 3398 793 3455 Israel
838 3396 1169 3453 constabiliti
1201 3395 1334 3449 estis
1366 3412 1379 3447 :
1414 3392 1676 3447 Dominus
1725 3388 1962 3444 Sabaoth
1994 3402 2191 3442 nomen

628 3491 725 3545 illi.
761 3508 781 3542 ι
819 3489 1108 3559 Postquam
1153 3501 1216 3541 ea
1245 3499 1364 3554 quze
1393 3482 1648 3553 Babyloni
1676 3520 1692 3545 ,
1734 3496 1798 3535 ac
1830 3480 2022 3534 incolis
2052 3478 2192 3546 regi-

627 3585 835 3652 busque
860 3582 979 3649 ejus
1007 3590 1269 3634 eventura
1294 3586 1419 3631 sunt
1450 3571 1835 3645 praenuntiavit
1860 3608 1875 3634 ,
1905 3567 2190 3623 Iudaicum

627 3675 881 3744 populum
924 3671 1220 3743 premissis
1248 3668 1429 3724 verbis
1471 3666 1724 3735 coarguit
1766 3664 1953 3716 dicens
1988 3679 2002 3715 :
2036 3658 2191 3725 Quod

629 3779 793 3833 penes
817 3778 901 3818 me
923 3762 1138 3831 iustitia
1173 3761 1286 3826 sit,
1324 3759 1438 3812 bazc
1484 3756 1753 3811 Cbaldmis
1785 3753 2012 3808 inferam
2036 3791 2053 3817 ,
2087 3764 2192 3804 non

629 3856 772 3927 quod
795 3864 850 3908 tu
888 3853 1093 3908 auxilio
1120 3852 1319 3921 dignus
1356 3850 1453 3905 sis.
1478 3848 1545 3903 Et
1566 3849 1679 3903 hac
1711 3846 2004 3916 praedicere
2029 3858 2194 3898 occu-

631 3947 749 4016 pavi
777 3984 793 4008 ,
820 3957 1106 4013 antequam
1160 3956 1246 3997 res
1277 3941 1529 3996 eveniant
1555 3927 1954 4008 ,‘prtescientia
2007 3936 2190 3990 divina

629 4037 1008 4101 vaticinatus;
1031 4044 1090 4087 ut
1113 4043 1396 4103 postquam
1438 4031 1507 4087 ad
1543 4045 1656 4085 rem
1690 4038 1744 4084 et
1790 4029 2073 4083 terminum
2100 4027 2187 4081 de

632 4128 789 4181 ducta
822 4124 1025 4179 fuerint
1072 4139 1177 4189 ea,
1222 4138 1342 4191 qua:
1394 4133 1582 4177 contra
1626 4121 1905 4175 Chaldaos
1937 4119 2191 4189 pmdicta

632 4215 804 4280 fuere,
841 4229 909 4270 ne
938 4215 1130 4270 horum
1164 4227 1384 4269 causam
1413 4212 1481 4267 iis
1504 4252 1521 4279 ,
1546 4227 1683 4282 quos
1718 4215 1849 4268 deos
1886 4211 2188 4276 arbitraris,

630 4305 899 4361 aacribas.

702 4461 866 4518 Vm.
890 4462 1000 4518 διδ.
1044 4480 1063 4514 ι
1101 4461 1287 4517 Priora
1312 4461 1490 4517 adhuc
1523 4462 1862 4527 annuntiavi,
1891 4472 1947 4516 et
1995 4475 2062 4515 ex
2094 4476 2191 4516 ore

631 4567 755 4608 meo
779 4554 1058 4616 exierunt;
1073 4564 1129 4609 et
1160 4555 1407 4608 auditum
1442 4553 1641 4608 factum
1669 4564 1786 4610 est:
1815 4565 2035 4624 repente
2064 4553 2188 4619 Ieci,

631 4653 688 4699 et
710 4655 995 4699 venerunt.
1038 4646 1163 4699 Scio
1196 4648 1317 4713 quia
1345 4646 1513 4700 durus
1551 4660 1607 4700 es
1633 4684 1649 4709 ,
1678 4655 1733 4699 et
1760 4660 1957 4699 nervus
1984 4644 2194 4701 Ierreus

632 4736 826 4791 collum
856 4746 1027 4801 tuum,
1051 4746 1103 4790 et
1132 4736 1275 4791 frons
1306 4748 1393 4791 tua
1420 4752 1588 4791 καθα.
1637 4736 1700 4790 Et
1741 4737 2053 4790 annuntiavi
2093 4738 2190 4792 tibi

634 4836 834 4892 vetera,
868 4838 1156 4897 antequam
1195 4831 1413 4881 veniant
1456 4829 1507 4881 in
1542 4840 1611 4883 te.
1642 4829 1899 4883 Auditum
1933 4830 2029 4884 tibi
2062 4829 2187 4895 feci,

634 4933 700 4972 ne
729 4919 864 4972 forte
905 4919 1055 4974 dicas
1084 4961 1096 4982 ,
1144 4919 1424 4987 Sculptilia
1461 4930 1513 4973 et
1561 4920 1851 4975 conﬂatilis
1897 4923 2184 4976 mandave-

632 5020 758 5065 runt
788 5011 936 5065 mihi.
972 5030 991 5062 ι
1030 5010 1107 5065 Ne
1142 5012 1280 5068 forte
1321 5014 1479 5065 rebus
1520 5013 1897 5067 evenientibus
1924 5053 1939 5079 ,
1982 5021 2036 5067 te
2074 5015 2190 5083 ipse

635 5100 925 5169 decipiens,
954 5113 1109 5172 putes
1146 5118 1238 5157 eos
1283 5120 1417 5173 quos
1463 5106 1695 5157 errando
1723 5104 1852 5159 deos
1881 5106 2187 5172 arbitraris,

636 5192 748 5246 haec
793 5191 1055 5247 ell‘ecisse.
1101 5195 1297 5249 Verum
1335 5195 1448 5249 lnec
1494 5197 1849 5265 przescientiae
1895 5214 2029 5253 mea:
2079 5215 2187 5253 non

636 5282 829 5347 latent,
868 5294 919 5337 te
952 5300 1017 5339 ne
1058 5303 1123 5340 ex
1158 5288 1239 5340 bis
1281 5289 1493 5355 quidem
1525 5288 1705 5342 verbis
1735 5291 2008 5359 quidpiam
2046 5292 2188 5346 utili-

637 5373 759 5427 tatis
825 5387 1197 5445 percepturum
1260 5392 1398 5431 esse.
1459 5379 1838 5433 Verumtamen
1902 5380 2185 5436 clementia

2294 3324 2423 3377 νης-
2464 3309 2559 3362 καὶ
2602 3310 2949 3381 ἀντεχόμενοι
2994 3311 3073 3382 τῷ
3122 3313 3347 3380 ὀνόματι
3390 3314 3493 3384 τῆς
3526 3314 3738 3380 πόλειος
3778 3316 3883 3389 τῆς

2294 3399 2473 3465 ἁγίας,
2500 3402 2615 3460 ,καὶ
2663 3402 2755 3454 ἐπὶ
2794 3402 2874 3473 τῷ
2909 3402 3030 3473 Θεῷ
3074 3404 3292 3475 Ἰσραὴλ
3332 3406 3879 3479 ἀντιστηριζόμενοιο

2292 3490 2497 3559 Κύριος
2526 3490 2752 3545 Σαϐαὼθ
2793 3492 2965 3565 ὄνομα
2995 3493 3165 3566 αὐτῷ.
3207 3514 3226 3547 ι
3264 3496 3347 3549 Τά
3377 3498 3783 3570 ὲπελευσόμενα
3806 3504 3882 3574 τῇ

2290 3578 2590 3646 Βαϐυλῶνι,
2623 3584 2737 3644 τοῖς
2766 3598 2827 3634 τε
2860 3583 3139 3654 οἰκήτορσι
3174 3586 3268 3638 καὶ
3313 3588 3428 3650 τοῖς
3461 3585 3742 3657 βασιλεῦσι
3775 3590 3885 3645 αὒ-

2290 3668 2387 3739 τῆς
2419 3672 2889 3741 προαναφωνήσας
2920 3673 2949 3724 ό
2974 3671 3154 3739 λόγος,
3196 3674 3289 3727 τὸν
3322 3675 3431 3729 τῶν
3467 3676 3738 3733 Ἰουδαίων
3768 3679 3886 3736 ἀπη

2292 3758 2499 3827 ελέγχει
2539 3758 2665 3813 λαὸν
2702 3759 2791 3813 διά
2824 3760 2935 3815 τῶν
2965 3764 3342 3835 προκειμένων
3372 3766 3618 3834 φάσκων,
3662 3770 3747 3824 ὅτι
3789 3770 3887 3828 διὰ

2290 3846 2353 3899 τὸ
2388 3847 2519 3917 παρ’
2551 3849 2675 3919 ἐμοὶ
2713 3848 2919 3904 δίκαιον
2963 3852 3149 3917 ἐπάξω
3180 3853 3353 3908 ταῦτα
3396 3858 3537 3912 κατά
3577 3859 3687 3914 τῶν
3727 3861 3879 3915 Χαλ-

2291 3935 2475 3991 δαίων·
2499 3939 2561 3992 οὐ
2589 3939 2695 4011 μὴν
2718 3939 2803 3993 ὅτι
2835 3941 2899 3995 σὺ
2925 3939 3177 4013 βοηθείας
3196 3938 3341 4014 ἦσθα
3371 3944 3539 4011 άξιος.
3570 3948 3681 4003 Καὶ
3703 3950 3883 4006 ταῦτα

2292 4030 2578 4100 προλαϐὼν
2629 4033 2888 4103 προεῖπον
2938 4033 3070 4103 πρὶν
3118 4034 3373 4101 γενέσθαι
3424 4036 3497 4091 τὰ
3546 4040 3881 4113 πράγματα,

2292 4121 2597 4193 προγνώσει
2645 4122 2797 4195 θεῖκῇ
2846 4123 3140 4188 θεσπίσας·
3192 4126 3258 4180 ἶν’
3304 4130 3524 4185 ἐπειδὰν
3569 4133 3652 4197 είς
3698 4135 3883 4208 πέρας

2291 4213 2453 4284 ἀχθῇ,
2481 4214 2575 4267 καὶ
2608 4214 2673 4267 δι’
2712 4213 2889 4287 ἔργων
2924 4218 3150 4288 χωρήσῃ
3178 4216 3249 4271 τά
3280 4224 3421 4275 κατὰ
3443 4221 3553 4276 τῶν
3585 4223 3880 4284 Χαλδαίων

2290 4303 2761 4445 ἔροὲγέορευμένα,
2812 4303 2889 4375 μὴ
2935 4298 3018 4369 οἷς
3062 4306 3305 4377 νομίζεις
3350 4307 3493 4373 θεοῖς
3539 4310 3641 4382 τήν
3690 4315 3882 4371 αἰτίαν

2329 4408 2394 4444 να
2429 4408 2454 4443 ε
2479 4408 2565 4445 ης.

2329 4408 2565 4463 ναυειης.

2367 4496 2386 4531 ι
2425 4478 2507 4533 Τά
2533 4480 2777 4552 πρότερα
2803 4478 2883 4534 ἑτι
2915 4481 3231 4553 ἀνήγγειλα,
3259 4484 3354 4539 καὶ
3381 4487 3446 4539 ὲκ
3472 4485 3569 4540 τοῦ
3603 4489 3880 4560 στόματός

2298 4585 2397 4638 μου
2429 4568 2637 4639 ἐξῆλθε,
2667 4568 2761 4621 καὶ
2793 4569 3057 4623 ἀκουστὸν
3088 4571 3323 4639 ἐγένετο·
3359 4575 3586 4640 εξάπινα
3613 4579 3875 4652 ἐποίησα,

2295 4661 2390 4713 καὶ
2431 4660 2651 4731 ἐπῆλθε.
2685 4659 2963 4725 Γινώσκω,
3010 4662 3091 4715 ὅτι
3136 4663 3370 4736 σκληρὸς
3414 4661 3483 4731 εἴ,
3537 4669 3632 4722 καὶ
3675 4671 3875 4743 νεῦρον

2298 4752 2544 4821 σιδηροῦν
2570 4755 2599 4806 ὁ
2628 4754 2896 4826 τράχηλος
2925 4772 3041 4820 σου,
3087 4756 3181 4809 καὶ
3210 4756 3271 4808 τὸ
3313 4758 3561 4827 μέτωπόν
3606 4777 3703 4815 σου
3737 4764 3875 4833 χαλ-

2295 4839 2443 4895 κοῦν.
2470 4842 2579 4895 Καὶ
2602 4843 2901 4913 ἀνήγγειλά
2927 4860 3008 4897 σοι
3036 4844 3259 4908 παλαιά,
3296 4846 3425 4918 πρὶν
3454 4847 3627 4901 ὲλθεῖν
3655 4850 3750 4904 ἐπὶ
3778 4854 3839 4914 σέ
3856 4872 3874 4887 ·

2295 4931 2555 4985 ἀκουστόν
2589 4950 2670 4987 σοι
2691 4934 2942 5005 ἐποίησα,
2972 4938 3178 5006 μήποτε
3210 4936 3370 5009 εἴπῃς
3392 4978 3407 5002 ,
3432 4940 3517 5004 ὅτι
3545 4940 3628 4994 Τά
3653 4943 3875 5010 γλυπτά

2292 5022 2384 5074 καὶ
2412 5020 2481 5075 τά
2510 5023 2749 5093 χωνευτά
2790 5024 3087 5079 ἐνετείλατό
3128 5044 3237 5097 μοι.
3271 5046 3289 5079 ι
3322 5029 3550 5099 Μήποτε
3579 5031 3687 5086 τῶν
3721 5052 3873 5108 πρα-

2290 5113 2513 5181 γμάτων
2544 5113 2895 5179 ἐπελθόντων,
2930 5117 3154 5172 ἀπατῶν
3186 5119 3399 5185 σαυτὸν,
3431 5122 3559 5185 τοὺς
3590 5123 3873 5197 πεπλανη-

2294 5202 2467 5273 μένως
2517 5205 2900 5276 νομιζομένους
2950 5224 3031 5261 σοι
3079 5208 3233 5274 θεοὺς
3282 5212 3681 5284 πεποιημένους
3724 5217 3871 5272 αύτά

2289 5296 2585 5365 νομίσειας.
2639 5298 2784 5369 Πλὴν
2836 5300 2927 5352 καὶ
2975 5299 3133 5353 τοῦτο
3181 5301 3281 5372 τήν
3323 5303 3466 5373 ἐμὴν
3499 5305 3560 5358 οὐ
3609 5306 3867 5363 λανθάνει

2290 5386 2617 5457 πρόγνωσιν,
2649 5389 2709 5441 τὸ
2743 5389 2864 5461 μηδ’
2911 5392 2975 5445 ὲκ
3021 5391 3223 5446 τούτων
3268 5392 3720 5467 ὠφεληθήσεσθαι
3752 5401 3868 5455 τῶν

636 5476 807 5518 motus
839 5483 975 5532 mea,
1008 5471 1167 5524 etiam
1194 5488 1334 5523 nunc
1366 5471 1650 5534 testillcur,
1684 5486 1746 5525 ac
1789 5475 2048 5527 annuntio
2096 5476 2189 5528 tibi

633 5568 716 5617 ea,
752 5572 865 5624 quae
888 5559 1137 5632 Babyloni
1162 5574 1214 5618 et
1236 5562 1497 5619 Chaldaeis
1529 5572 1580 5619 te
1604 5567 1999 5635 oppugnaturis
2027 5582 2190 5623 even-

636 5656 751 5702 tura
777 5666 921 5705 sunt.

2286 5477 2479 5545 λόγων.
2525 5479 2717 5551 Ὅμως
2750 5480 2795 5533 δ’
2826 5478 2919 5536 οὖν
2954 5484 3048 5536 ἐπὶ
3081 5484 3179 5554 μὲν
3218 5488 3282 5557 τῇ
3325 5486 3519 5540 ἑαυτοῦ
3551 5489 3866 5564 φιλανθρω-

2287 5571 2404 5641 πίᾳ,
2438 5569 2517 5625 ἔτι
2562 5573 2656 5624 καὶ
2701 5570 2796 5625 νῦν
2842 5574 3211 5646 μαρτύρομαι,
3254 5578 3348 5630 καὶ
3377 5577 3759 5653 διαστέλλομαε
3799 5600 3862 5637 σε

2284 5659 2353 5713 τὰ
2400 5661 2790 5734 συμϐησόμενα
2833 5666 2900 5733 τῇ
2946 5664 3224 5719 Βαϐυλῶνι
3274 5671 3368 5723 καὶ
3415 5674 3525 5735 τοῖς
3573 5673 3861 5741 Χαλδαίοις

2282 5754 2394 5816 τοῖς
2416 5753 2675 5822 μέλλουσί
2714 5771 2772 5808 σε
2802 5757 3224 5829 καταπολεμεῖν.
