4058 6412
260 372 370 426 615

1159 382 1656 441 COMMENTARIA
1699 389 1763 444 IN
1803 390 2058 449 ISAIAM.
2097 423 2167 434 —
2206 396 2358 456 CAP.
2397 399 2630 458 XLVIII.

3409 414 3514 468 426

338 506 359 540 ι
404 490 701 547 Ἠκούσατε
745 494 940 557 πάντα,
984 496 1076 550 καὶ
1112 496 1268 569 ὑμεῖς
1292 501 1393 554 οὐκ
1423 501 1645 569 ἔγνωτε.
1693 505 1810 558 Ἀλλ

2007 508 2172 564 Vsus.
2204 509 2324 565 6-8.
2362 533 2380 564 ‹
2424 516 2667 571 Audistis
2702 517 2908 581 omnia,
2962 528 3019 573 et
3051 535 3146 575 vos
3176 536 3282 577 non
3307 538 3512 596 cogno-

253 580 502 635 ἀκουστά
534 601 613 637 σοι
637 586 867 655 ἐποίησα
897 587 965 640 τά
991 588 1154 641 καινά
1182 590 1290 643 ἀπὸ
1318 591 1412 645 τοῦ
1448 592 1563 657 νῦν,
1585 594 1621 647 ἃ
1654 594 1836 664 μέλλει

249 672 504 741 γίνεσθαι
524 691 537 705 ·
576 676 668 729 καὶ
690 676 790 729 οὐκ
817 674 998 741 εἶπας,
1030 680 1144 733 Νῦν
1171 681 1398 749 γίνεται,
1424 683 1520 735 καὶ
1551 684 1612 736 ού
1646 684 1833 751 πάλαι,

252 766 353 817 καὶ
384 767 444 818 ού
478 767 770 839 προτέραις
801 768 1035 840 ἡμέραις
1067 772 1307 842 ήκουσας
1331 776 1490 830 αὐτά.
1524 778 1615 848 Μὴ
1650 778 1833 848 εἴπῃς,

247 856 369 910 Ναὶ
414 858 662 925 γινώσκω
701 859 858 913 αὑτά.
899 859 1027 915 Οῦτ’
1077 863 1269 933 ἔγνως,
1312 865 1424 919 οὔτ’
1466 869 1700 938 ήπίστω,
1740 870 1830 922 ὅτε

248 949 354 1002 ἀπ’
382 952 557 1020 ἀρχῆς
589 950 776 1020 ήνοιξά
808 966 891 1005 σοι
923 953 992 1006 τά
1023 948 1138 1008 ὦτα
1158 972 1171 985 ·
1214 956 1385 1025 ἔγνων
1424 958 1552 1031 γὰρ.
1596 961 1676 1013 ὅτι
1710 961 1836 1014 ἀθε-

247 1040 366 1091 τῶν
394 1040 695 1112 ἀθετήσεις.
726 1044 821 1095 καὶ
848 1043 1047 1115 ἄνομος
1076 1044 1155 1098 ἔτι
1187 1047 1252 1099 ἐκ
1276 1048 1485 1113 κοιλίας
1509 1050 1776 1124 κληθήσῃ.
1808 1071 1826 1104 ι

244 1129 349 1199 Μὴ
390 1129 498 1199 γάρ
533 1126 726 1183 σαυτὸν
767 1132 951 1186 ἀπάτα
974 1151 987 1163 ·
1022 1134 1099 1206 μὴ
1135 1134 1282 1205 λέγε,
1316 1138 1398 1191 ὅτι
1442 1141 1536 1193 καὶ
1582 1142 1688 1208 πρὸ
1730 1143 1832 1213 τῆς

244 1219 395 1288 ἐμῆς
421 1222 753 1291 προφητείας
776 1223 1073 1290 ἐγίνωσκες
1104 1226 1245 1280 αὐτά
1260 1244 1273 1258 ·
1296 1228 1460 1283 πόθεν
1476 1232 1585 1303 γάρ
1601 1249 1681 1285 σοι
1700 1250 1833 1305 παρ-

239 1310 320 1380 ῆν
349 1310 521 1363 ταῦτα
556 1306 880 1380 γινώσκεινς
922 1315 1068 1385 Πλὴν
1094 1316 1243 1372 οὐδέν
1275 1336 1334 1373 σε
1369 1322 1435 1374 ἐκ
1461 1322 1662 1378 τούτων
1689 1323 1832 1394 ὠφε-

1940 600 2115 655 vistis.
2151 603 2256 657 Sed
2284 605 2465 659 audita
2500 607 2596 662 tibi
2630 606 2731 663 feci
2767 623 2905 663 nova
2953 611 3023 665 ab
3075 613 3179 667 boc
3225 622 3506 684 tempore,

1937 706 2059 759 qua:
2090 693 2271 747 futura
2301 706 2443 751 sunt.
2480 698 2545 751 Et
2577 713 2683 753 non
2709 699 2921 767 dixisti,
2951 703 3106 758 Nunc
3132 704 3284 772 fiunt,
3318 718 3373 763 et
3400 726 3509 767 non

1936 782 2107 846 olim,
2143 794 2197 840 et
2229 801 2334 841 non
2369 789 2422 842 in
2458 790 2704 857 pristinis
2730 792 2919 848 diebus
2951 795 3149 849 audisti
3180 811 3261 851 ea.
3311 798 3392 854 Ne
3428 800 3513 855 di-

1936 889 2052 941 cas,
2083 875 2256 931 Etiam
2297 894 2567 949 cognosco
2596 897 2680 936 ea.
2712 883 2899 953 Neque
2932 888 3127 940 novisti
3154 927 3169 950 ,
3200 904 3374 960 neque
3401 893 3512 947 sci-

1933 966 2056 1020 visti
2083 1006 2098 1032 ,
2123 970 2339 1037 quando
2369 987 2398 1025 a
2442 973 2711 1043 principio
2741 978 2932 1043 aperui
2977 977 3073 1031 tibi
3106 993 3264 1033 aures
3315 997 3330 1034 :
3379 983 3506 1036 novi

1933 1055 2077 1110 enim
2114 1059 2257 1127 quod
2280 1064 2646 1133 praevaricans
2686 1067 3154 1133 prtevaricaberis,
3197 1080 3251 1124 et
3285 1072 3506 1141 iniquus

1932 1150 2107 1205 adhuc
2144 1151 2214 1205 ab
2254 1163 2411 1207 utero
2444 1156 2744 1211 vocaberis.
2783 1176 2803 1209 ι
2839 1156 2917 1212 Ne
2954 1160 3184 1229 teipsum
3217 1162 3456 1233 deeipias
3487 1181 3503 1217 :

1934 1254 2002 1295 ne
2030 1241 2178 1297 dicas
2224 1252 2276 1298 te
2306 1245 2470 1299 etiam
2518 1253 2642 1300 ante
2671 1250 3011 1318 prophetiam
3042 1266 3217 1306 meam
3256 1252 3370 1310 haec
3396 1256 3509 1310 sci-

1931 1330 2075 1387 visse
2105 1350 2118 1387 :
2150 1348 2273 1386 nam
2322 1335 2464 1388 unde
2513 1336 2610 1391 tibi
2661 1339 2775 1393 haec
2807 1341 3000 1395 notitia
3021 1341 3049 1395 Ὶ
3078 1341 3343 1399 Caeterum
3379 1360 3506 1415 per-

240 1400 583 1474 ληθήσεσθαι
610 1404 717 1457 τῶν
737 1404 911 1473 λόγων
941 1407 1265 1479 πέπεισμαι.

1929 1437 2149 1478 suasum
2183 1425 2358 1482 habeo
2385 1438 2438 1482 te
2469 1443 2537 1483 ex
2569 1428 2719 1485 bisee
2755 1432 2938 1488 verbis
2967 1434 3219 1492 utilitatis
3256 1438 3392 1493 nihil
3416 1454 3506 1496 ae-

1929 1525 2083 1584 ceptn
2092 1532 2232 1571 rum.

326 1619 346 1653 ι
386 1603 610 1657 Ἕνεκεν
644 1602 738 1657 τοῦ
768 1603 901 1676 ἐμοῦ
932 1605 1192 1677 ὀνόματος
1219 1606 1389 1675 δείξω¹
1425 1624 1507 1664 σοι
1535 1609 1626 1665 τὸν
1656 1611 1810 1684 θυμό·

2001 1608 2165 1663 Vens.
2202 1608 2254 1663 9.
2287 1628 2306 1662 ι
2340 1609 2572 1681 Propter
2612 1628 2809 1669 nomen
2853 1630 3032 1670 meum
3077 1618 3359 1674 ostendam
3406 1618 3503 1676 tibi

242 1708 373 1761 μου,
403 1694 594 1748 καὶτὰ
625 1693 811 1761 ἐνδοξά
855 1713 954 1766 μου
994 1697 1185 1762 ἐπάξω
1225 1699 1318 1752 ἐπὶ
1350 1701 1431 1765 σὲ,
1481 1703 1568 1755 ἵνα
1616 1704 1690 1775 μή
1741 1704 1810 1770 ἐξ·

1929 1697 2061 1752 iram
2098 1714 2270 1755 meam
2298 1740 2312 1765 ,
2361 1712 2416 1755 et
2462 1702 2698 1772 gloriosa
2736 1720 2855 1761 mea
2903 1707 3151 1762 inducam
3197 1725 3361 1779 super
3400 1718 3454 1767 te
3481 1754 3497 1780 ,

236 1783 552 1857 ολοθρεύσω
588 1802 665 1837 σε.
699 1806 717 1838 ι
755 1787 944 1857 Ὅμως
971 1787 1101 1855 γοῦν
1126 1789 1188 1842 οὐ
1218 1790 1305 1845 διὰ
1340 1792 1420 1857 σέ,
1456 1793 1593 1848 ἀλλά
1618 1794 1706 1848 διά
1729 1796 1810 1867 τὴπ

1929 1799 1989 1843 ιιι
2035 1806 2142 1845 non
2192 1792 2465 1847 destruam
2518 1802 2589 1849 te.
2648 1813 2667 1845 ι
2706 1796 2959 1852 Attamen
3011 1814 3114 1852 non
3168 1812 3390 1870 propter
3422 1810 3497 1867 te,

236 1876 483 1943 ἐμαυτοῦ
524 1876 928 1950 φιλανθρωπίαν
972 1879 1220 1935 ἐντεῦθεν
1266 1882 1367 1955 ήδη
1414 1885 1509 1937 καὶ
1556 1890 1810 1957 προεῖπον,

1925 1883 2024 1935 sed
2090 1884 2159 1937 ob
2202 1884 2543 1940 clementiam
2593 1902 2766 1943 meam
2821 1889 2932 1959 jam
2991 1891 3115 1947 bine
3166 1896 3388 1962 praedixi
3442 1903 3501 1952 et

236 1966 339 2020 καὶ
366 1967 615 2032 ἐπέδειξά
640 1986 722 2022 σοι
747 1970 814 2023 τά
855 1969 1138 2035 μέλλοντα,
1171 1972 1266 2025 καὶ
1293 1974 1383 2027 τὸν
1415 1975 1556 2028 κατὰ
1592 1974 1702 2029 τῶν
1727 1994 1810 2031 πο-

1932 1973 2148 2027 ostendi
2172 1974 2264 2027 tibi
2291 1974 2670 2046 futura,atque
2701 1980 2990 2048 perniciem
3022 1981 3255 2039 inimicis
3276 1986 3380 2039 tuis
3405 1985 3500 2041 ob-

234 2053 446 2125 λεμίων
481 2056 740 2126 μέλλοντα
761 2058 970 2112 ἐπιέναι
997 2060 1238 2132 ϐλεθρον,
1267 2063 1583 2130 σπουδάζων
1606 2065 1695 2119 διὰ
1721 2067 1824 2120 πά-

238 2163 344 2219 σης
377 2148 703 2217 προφάσεως
736 2148 973 2220 σωθῆναί
1002 2168 1083 2204 σε.

314 2255 334 2289 ι
384 2238 516 2291 Ἰδοὺ
546 2239 805 2310 πέπραχά
833 2255 891 2291 σε
920 2240 1017 2311 οὐχ
1054 2241 1238 2295 ’ἐνεκεν
1263 2245 1528 2315 ἀργυρίου
1553 2262 1570 2279 ·
1609 2246 1820 2315 ἐξειλά-

238 2330 431 2401 μην-δέ
462 2347 522 2382 σε
548 2332 612 2383 ἐκ
644 2330 873 2401 καμίνου
901 2334 1202 2404 πτωχείας·
1234 2335 1418 2390 ἕνεκεν
1451 2340 1587 2409 ἐμοῦ
1609 2344 1819 2413 ποιήσω

236 2437 346 2484 σοι,
380 2420 462 2473 ὅτι
505 2420 566 2473 τὸ
608 2420 737 2491 ἐμὸν
780 2421 951 2493 ὄνομα
988 2423 1329 2496 βεϐηλοῦται,
1374 2430 1468 2481 καὶ
1518 2430 1615 2501 τὴν
1660 2431 1817 2499 δόξαν

235 2529 342 2583 μου
376 2512 547 2583 ἐτέρῳ
572 2514 630 2566 οὐ
665 2513 837 2571 δώσω.
873 2534 892 2566 ι
929 2516 1040 2586 Οὐχ
1060 2517 1245 2571 ἐνεκεν
1278 2520 1545 2592 ἀργυρίου
1578 2523 1816 2594 ἐπίπρα-

232 2598 366 2657 σκον
393 2619 481 2655 σε·
515 2603 601 2656 ἐπ’
632 2603 870 2677 ὠφελείᾳ
908 2606 966 2659 δὲ
999 2610 1064 2678 τῇ
1097 2611 1163 2679 σῇ
1197 2610 1291 2663 καὶ
1324 2611 1497 2663 ταῦτα
1528 2612 1813 2684 ἔπραττον,

228 2692 313 2755 ὡς
343 2692 410 2745 ἃν
455 2691 641 2745 τοῦτον
672 2694 1062 2768 σωφρονισθείη
1092 2698 1183 2751 τὸν
1224 2699 1455 2769 τρόπον·
1488 2702 1572 2754 ὄτι
1606 2702 1680 2773 μὴ
1711 2705 1811 2775 τὴν

228 2781 325 2836 διὰ
361 2782 535 2851 λόγων
570 2785 664 2837 καὶ
694 2786 1064 2856 παραινέσεων
1096 2788 1339 2854 ὑπεδέξω
1385 2792 1654 2847 παιδείαν.
1691 2795 1813 2857 Τοῖς

223 2873 292 2929 εδ
338 2875 620 2946 πολεμίοις
666 2877 762 2947 ούχ
808 2877 994 2931 ἕνεκεν
1043 2880 1307 2952 ἀργυρίου
1348 2884 1810 2954 ἐπίπρασκόννσε,

225 2965 370 3020 ἄλλό
392 2968 500 3021 τῶν
525 2968 633 3020 σῶν
660 2969 1071 3040 ἁμαρτημάτων
1098 2973 1191 3024 καὶ
1221 2973 1391 3044 ἀσεϐη
1401 2974 1588 3044 μάτων
1613 2976 1773 3048 χάριν

224 3060 354 3123 τοὶς
395 3059 504 3130 γάρ
532 3059 824 3131 ἁμαρτίαις
859 3060 1013 3131 ὑμῶν
1050 3062 1347 3135 ἐπράθητε.
1380 3066 1488 3118 Καὶ
1524 3067 1674 3136 ὅμως
1702 3068 1811 3122 οὐδ’

1925 2072 2206 2117 venturam
2240 2082 2254 2120 :
2287 2068 2433 2119 omni
2476 2068 2640 2123 modo
2688 2071 3080 2141 occasioneque
3120 2082 3276 2129 utens
3306 2076 3375 2130 ad
3405 2090 3496 2131 sa-

1921 2150 2090 2206 lutem
2124 2162 2295 2209 tuam.

1996 2240 2156 2297 Vsus.
2184 2244 2271 2308 10,
2308 2244 2396 2300 ll.
2435 2263 2454 2296 ι
2492 2246 2631 2301 Ecce
2656 2249 2871 2304 vendidi
2910 2258 2983 2316 te,
3010 2267 3119 2307 non
3155 2264 3375 2323 propter
3403 2272 3497 2312 ar-

1920 2341 2138 2398 gentum
2173 2353 2186 2389 :
2224 2334 2342 2389 erui
2386 2346 2570 2391 autem
2617 2348 2668 2393 te
2708 2340 2776 2394 de
2822 2340 3043 2397 fornace
3073 2348 3440 2402 mendicitatis
3474 2365 3491 2402 :

1918 2434 2136 2492 propter
2168 2441 2252 2481 me
2280 2426 2477 2481 faciam
2515 2431 2631 2496 tibi,
2665 2432 2791 2499 quia
2844 2448 3042 2490 nomen
3088 2451 3263 2491 meum
3308 2441 3493 2509 profa-

1921 2524 2105 2566 natum
2134 2524 2237 2581 est,
2269 2526 2325 2569 et
2349 2518 2578 2586 gloriam
2602 2534 2776 2573 meam
2808 2521 2964 2575 alteri
2997 2538 3100 2576 non
3128 2524 3287 2580 dabo.
3323 2545 3343 2577 ι
3370 2524 3489 2582 Non

1916 2605 1987 2658 ob
2020 2618 2303 2674 argentum
2362 2612 2580 2664 vendidi
2634 2621 2720 2676 te,
2770 2613 2864 2667 sed
2913 2615 2979 2666 ad
3021 2615 3304 2672 utilitatem
3340 2627 3489 2675 tuam

1917 2694 1969 2747 i'd
2000 2693 2157 2751 eﬂ‘eei
2186 2736 2204 2762 ,
2253 2709 2310 2752 ut
2343 2700 2444 2755 hoc
2480 2703 2637 2757 modo
2670 2704 2737 2757 ad
2782 2718 2969 2758 sanam
2999 2718 3232 2761 mentem
3266 2712 3494 2769 reduca-

1915 2786 1991 2841 r’is
2026 2802 2041 2840 :
2076 2790 2334 2857 quoniam
2370 2792 2554 2847 verbis
2582 2801 2638 2848 et
2668 2796 2891 2851 monitis
2937 2796 3156 2852 allatam
3186 2800 3490 2861 institutio-

1915 2889 2037 2929 nem
2100 2891 2205 2930 non
2253 2880 2549 2937 admisisti.
2599 2880 2837 2939 Inimicis
2887 2896 3067 2941 autem
3119 2904 3224 2944 non
3273 2893 3488 2962 argenti

1913 2968 2085 3034 gratia
2117 2970 2331 3024 vendidi
2385 2980 2475 3038 te;
2526 2975 2622 3028 Sed
2669 2986 3015 3043 peccatorum
3051 2990 3105 3033 et
3148 2981 3484 3047 impietatum

1914 3066 2124 3111 tuarum
2155 3074 2315 3114 causa
2351 3078 2364 3113 :
2399 3077 2523 3116 nam
2550 3068 2790 3132 peccatis
2836 3069 3031 3123 vestris
3073 3071 3279 3126 venditi
3330 3080 3487 3131 estis.

223 3151 407 3214 οὕτως
430 3152 575 3204 ἐάσω
607 3152 750 3221 ὑμᾶς
781 3153 894 3215 τοῖς
929 3151 1142 3223 ἐχθροῖς
1168 3154 1457 3209 δουλεύειν·
1491 3156 1625 3210 ἀλλὰ
1650 3158 1809 3211 πάλιν

1913 3146 2163 3202 Attamen
2213 3164 2282 3203 ne
2335 3150 2407 3204 ita
2457 3153 2674 3221 quidem
2703 3169 2801 3211 vos
2847 3158 3080 3214 inimicis
3124 3164 3331 3218 servire
3363 3180 3490 3234 pero

224 3241 599 3315 λυτρώσομαι,
644 3245 737 3297 καὶ
776 3243 962 3317 ὥσπερ
1016 3246 1123 3297 ἀπὸ
1158 3247 1387 3316 καμίνου
1438 3249 1711 3319 πτωχείας
1749 3252 1813 3304 ἐκ

223 3334 331 3403 τῆς
374 3334 479 3388 ὑπὸ
512 3336 625 3398 τοῖς
656 3334 1017 3400 Βαϐυλωνίοις
1050 3336 1346 3404 κακώσεως
1391 3336 1549 3405 αὖθις
1594 3342 1809 3396 ἐλευθε-

226 3424 414 3500 ρώσω.

306 3536 327 3569 ‹
376 3516 574 3571 Ἀκουέ
606 3535 728 3593 μου,
776 3517 991 3583 Ἰακὼϐ,
1027 3520 1123 3573 καὶ
1166 3519 1381 3593 Ἰσραὴλ
1407 3520 1465 3575 δν
1499 3522 1610 3592 ἐγὼ
1638 3524 1805 3577 καλῶ.

237 3604 388 3676 Ἐγώ
418 3610 535 3677 ειμι
576 3588 925 3677 πρῶτος,καὶ
951 3608 1061 3676 ἐγώ
1082 3612 1196 3681 εἰμι
1225 3588 1305 3674 εἰς
1335 3588 1433 3664 τὸν
1451 3588 1641 3677 αίῶνα,
1667 3616 1806 3685 καὶὴ

221 3699 350 3772 χείρ
384 3717 487 3770 μου
515 3698 838 3770 ἐθεμελίωσε
867 3700 964 3771 τὴν
993 3705 1116 3773 γῆν,
1154 3702 1248 3755 καὶ
1278 3704 1309 3773 ή
1339 3702 1488 3767 δεξιά
1523 3722 1626 3774 μου
1656 3706 1809 3757 ἐστε·-

225 3788 403 3861 ρὲωσε
447 3788 536 3841 τὸν
582 3787 842 3860 οὐρανόν·
887 3790 1100 3847 καλέσω
1135 3792 1353 3856 αὐτοὺς,
1386 3794 1481 3846 καὶ
1521 3796 1805 3865 στήσονται

221 3880 367 3951 ἅμα.
416 3898 433 3931 ι
477 3880 565 3933 Ἐν
603 3879 812 3945 τούτοις
842 3882 967 3945 τοὺς
994 3882 1391 3953 κατορθοῦντας
1436 3885 1802 3949 ἀνακαλεῖται,

218 3970 316 4025 διὰ
347 3970 456 4023 τῶν
498 3970 805 4042 ἔμπροσθεν
838 3971 1055 4043 ἐτέρους
1094 3974 1219 4035 τοὺς
1258 3976 1387 4044 παρ’
1416 3973 1599 4039 αὐτοῖς
1627 3976 1807 4031 διαϐε-

219 4062 328 4133 ϐλη
338 4062 527 4132 μένους
549 4062 841 4132 ὀνομάσας·
875 4062 990 4115 ἀλλ’
1018 4063 1251 4117 ἐνταῦθα
1272 4067 1384 4128 τοῖς
1405 4066 1673 4135 κρείττοσι
1698 4068 1805 4121 δια·

219 4155 461 4222 λέγεται,
508 4153 603 4218 οὓς
650 4172 669 4205 ι
721 4154 954 4226 κλητοὺς
997 4174 1016 4207 ι
1057 4155 1333 4225 ὀνομάζει.
1381 4152 1559 4210 Ἦσαν
1595 4158 1704 4229 γὰρ
1744 4160 1804 4224 ἐξ

218 4244 433 4298 ἐκείνου
466 4244 651 4298 πολλοὶ
690 4245 897 4315 κλητοὶ,
932 4244 1104 4311 ὀλίγοι
1153 4244 1211 4297 δέ
1251 4244 1528 4299 ἐκλεκτοί·
1574 4247 1714 4320 πλήν
1754 4252 1821 4302 οἰ.

216 4336 562 4407 δηλούμενοι,
594 4336 693 4390 οὐκ
717 4332 856 4408 ἦσαν
887 4335 1171 4402 ἐκλεκτοὶ,
1202 4336 1339 4391 ἀλλά
1367 4337 1573 4409 κλητοί.

1917 3237 2156 3304 mittam;
2203 3241 2298 3294 sed
2330 3241 2526 3297 iterum
2562 3246 2823 3301 redimam
2849 3286 2868 3313 ,
2906 3260 2999 3314 et,
3034 3266 3129 3306 ceu
3160 3268 3228 3307 ex
3261 3253 3483 3312 fornace

1914 3329 2315 3397 mendicitatis,
2364 3348 2429 3387 ex
2466 3333 2554 3389 illa
2589 3336 2897 3396 calamitate
2927 3341 3253 3414 Babylonica
3288 3348 3483 3403 iterum

1911 3423 2161 3490 eripiam.

1980 3512 2148 3570 Vsus.
2180 3516 2268 3578 I2,
2312 3518 2398 3573 I5.
2436 3536 2457 3569 ι
2496 3520 2632 3575 Audi
2664 3536 2772 3588 me,
2807 3521 3010 3589 Iacob,
3044 3534 3097 3580 et
3128 3527 3293 3585 Israel
3324 3544 3482 3599 quem

1907 3617 2008 3673 ego
2037 3620 2191 3661 voco.
2238 3608 2350 3677 Ego
2381 3624 2500 3663 sum
2546 3612 2752 3680 primus
2774 3654 2792 3680 ,
2842 3626 2891 3669 et
2923 3631 3025 3684 ego
3054 3631 3175 3671 sum
3227 3620 3280 3673 in
3309 3636 3485 3677 saecu-

1908 3692 2016 3747 lum
2043 3732 2060 3759 ,
2094 3709 2150 3751 et
2178 3712 2371 3754 manus
2405 3714 2523 3754 mea
2573 3700 2818 3756 fundavit
2869 3712 3069 3759 terram
3101 3747 3116 3772 ,
3168 3718 3222 3763 et
3258 3714 3480 3766 dextera

1908 3800 2028 3838 mea
2078 3787 2313 3843 firmavit
2359 3791 2554 3845 cmlum
2588 3812 2602 3847 :
2642 3797 2851 3848 vocabo
2884 3810 2979 3851 eos
3002 3838 3018 3859 ,
3044 3808 3099 3853 et
3126 3803 3349 3855 stabunt
3402 3804 3482 3857 si-

1909 3879 2039 3931 mul.
2085 3898 2104 3931 ο
2140 3878 2195 3933 1η
2228 3883 2313 3937 his
2336 3898 2431 3937 eos
2458 3897 2672 3951 evocat,
2703 3888 2793 3953 qui
2826 3889 2962 3943 bene
2989 3905 3047 3944 se
3086 3903 3311 3960 gerunt,
3337 3904 3481 3962 post-

1905 3979 2067 4032 quam
2103 3969 2153 4022 in
2184 3971 2617 4037 prazcedentibus
2644 3976 2780 4030 alios
2805 4017 2819 4041 ,
2866 3979 2957 4046 qui
2988 3982 3127 4047 apud
3164 3982 3310 4050 ipsos
3342 3986 3480 4039 male

1906 4057 2237 4125 audiebant,
2273 4073 2617 4117 evocaverat.
2650 4063 2848 4119 Verum
2880 4070 2967 4123 hic
3009 4075 3479 4135 praestantioribus

1907 4147 2165 4218 loquitur,
2196 4167 2333 4221 quos
2367 4174 2384 4205 ι
2417 4165 2637 4215 vocatos
2677 4176 2695 4209 ι
2732 4159 2989 4227 appellat.
3020 4161 3153 4215 Nam
3191 4174 3318 4220 tunc
3345 4181 3483 4234 quo-

1904 4256 2010 4309 que
2058 4254 2213 4297 erant
2269 4246 2423 4300 multi
2460 4250 2678 4314 vocati,
2716 4252 2876 4318 pauci
2928 4253 3084 4308 electi
3137 4274 3151 4309 :
3209 4252 3480 4314 memora-3

1905 4331 1942 4384 ti
1997 4346 2160 4399 porro
2209 4333 2456 4392 homines
2502 4353 2609 4393 non
2662 4339 2859 4408 electi,
2908 4343 3003 4397 sed
3054 4352 3261 4399 tantum
3300 4349 3477 4403 vocati

1903 4431 2083 4477 erant.

301 4530 321 4563 ι
357 4512 466 4566 Καὶ
489 4514 912 4584 συναχθήσονται
943 4514 1167 4579 πάντες,
1200 4515 1295 4568 καὶ
1327 4516 1670 4571 ἀκούσονται.
1700 4516 1797 4581 Τίς

1972 4512 2138 4571 Vsus.
2188 4518 2273 4572 η.
2318 4536 2339 4570 ι
2395 4519 2461 4574 Et
2505 4522 2984 4592 congregabuntur
3012 4542 3248 4593 omnes,
3296 4538 3349 4582 et
3379 4544 3476 4583 au-

218 4603 406 4666 αὐτοῖς
427 4603 711 4674 ἀνήγγειλε
732 4603 904 4659 ταῦτα
926 4622 941 4671 ;
972 4624 992 4657 ι
1035 4604 1121 4668 Ὠς
1144 4605 1253 4675 γὰρ
1275 4606 1513 4679 δεσπότῃ
1535 4607 1800 4677 προστάτ-

217 4710 366 4747 τοντι
396 4693 761 4748 ὑπακούουσιν
807 4698 864 4747 αἱ
904 4696 1284 4768 προλεχθεῖσαι
1324 4696 1617 4766 δυνάμεις·
1659 4697 1796 4751 ἀλλὰ

218 4786 318 4839 καὶ
355 4785 701 4855 συναχθεῖσαι
752 4786 844 4839 ἐπὶ
885 4788 949 4839 τὸ
992 4787 1126 4840 αὐτὸ
1166 4787 1387 4841 ἑστᾶσιν
1433 4788 1795 4859 άκουσόμεναι

215 4874 329 4929 τῶν
353 4874 519 4929 αὐτοῦ
551 4875 746 4944 λόγων.
774 4876 944 4931 Τοῦτό
970 4896 1050 4931 τοι
1082 4878 1268 4950 ἐδήλου
1308 4880 1402 4931 καὶ
1433 4881 1491 4932 ἐν
1521 4880 1665 4951 ἀρχῇ
1695 4883 1795 4952 τῆς

220 4963 408 5035 βίϐλου
434 4965 660 5033 φάσκων
685 4966 713 5019 ὁ
737 4966 913 5035 λόγος,
948 4986 967 5020 ι
1007 4971 1224 5032 Ἀκουε,
1253 4970 1467 5041 ούρανέ,
1494 4971 1585 5024 καί¹
1612 4973 1797 5025 ἐνωτί-

217 5055 339 5119 Con,
366 5057 400 5125 ἡ
428 5056 521 5125 γῆ,
555 5057 636 5109 ὅτι
659 5055 863 5128 Κύριος
888 5057 1165 5130 ἐλάλησεν.
1208 5079 1226 5111 ι

296 5165 313 5197 ι
338 5146 589 5213 Ἀγαπῶν
616 5163 675 5200 σε
694 5148 925 5220 ἐποίησα
935 5150 994 5203 τὸ
1016 5148 1226 5221 θέλημά
1243 5168 1337 5205 σου
1368 5152 1459 5205 ἐπὶ
1478 5152 1791 5219 Βαϐυλῶνα,

214 5235 314 5289 τοῦ
370 5232 500 5305 ἆραι
546 5237 767 5309 σπέρμα
812 5240 1113 5294 Χαλδαίων.
1188 5240 1327 5309 Ἐγὼ
1369 5242 1627 5313 ἐλάλησα,
1683 5244 1792 5313 ἐγὼ

216 5323 477 5377 ἐκάλεσα.
516 5326 759 5394 Ἥγαγον
804 5328 983 5391 αὐτὸν,
1019 5329 1113 5382 καὶ
1141 5328 1395 5384 εύὼδωσα
1421 5331 1517 5403 τὴν
1547 5334 1665 5386 ὁδον
1695 5335 1790 5386 αύ-

212 5414 335 5469 τοῦ.
387 5416 767 5487 Προσαγάγετε
811 5420 947 5491 πρὸς
988 5421 1075 5490 μὲ,
1132 5422 1222 5473 καὶ
1269 5422 1535 5477 ἀκούσατε
1579 5424 1785 5479 ταῦτα·

215 5504 335 5557 Οὐκ
367 5506 462 5558 ἀπ’
486 5507 659 5577 ἀρχῆς
698 5509 755 5559 ἐν
782 5512 961 5580 κρυφῇ
1007 5510 1302 5581 λελάληκα·
1350 5514 1511 5584 ἡνίκα
1553 5515 1786 5582 ἐγένετο,

216 5599 339 5651 ἐκεῖ
382 5597 547 5668 ήμην.
596 5599 705 5652 Καὶ
734 5599 826 5653 νῦν
867 5602 1070 5673 Κύριος
1115 5600 1317 5675 Κύριος
1354 5604 1659 5677 ἀπέστρεψέ
1695 5624 1783 5677 με,

293 5801 470 5859 "lsa.
508 5818 567 5869 I,
602 5805 650 5857 l.

544 5895 811 5958 Ρηιιοι..
858 5897 973 5959 Gtt.
1025 5899 1257 5961 XXIV.

1894 4604 2065 4661 dient.
2094 4607 2225 4675 Quis
2254 4610 2386 4679 ipsis
2418 4611 2533 4665 haec
2560 4613 2943 4668 aununtiavit?
2980 4634 3000 4669 ι
3042 4616 3171 4670 Nam
3204 4620 3475 4687 praadictte

1893 4697 2122 4753 virtutes
2166 4709 2225 4753 ut
2267 4700 2478 4770 jubeuti
2521 4703 2747 4758 Domino
2785 4715 3013 4773 parent;
3044 4710 3173 4775 quin
3202 4710 3367 4762 etiam
3417 4712 3470 4764 in

1896 4804 2062 4844 unum
2093 4802 2455 4863 congregatae,
2481 4803 2629 4848 stant
2659 4803 2717 4848 ut
2740 4796 2860 4864 ejus
2884 4810 3192 4851 sermonem
3223 4802 3468 4855 audiant.

1894 4878 1951 4932 Id
1980 4894 2112 4935 sane
2156 4882 2315 4936 initio
2342 4883 2654 4940 declarabat
2703 4887 2786 4942 bis
2832 4888 3047 4953 verbis,
3085 4906 3105 4938 ι
3144 4890 3303 4953 Audi,
3353 4903 3468 4945 cm-

1898 4969 2006 5022 lum
2032 5010 2048 5033 ,
2082 4981 2137 5024 et
2166 4973 2389 5027 auribus
2419 4977 2672 5045 percipe,
2705 4987 2848 5032 terra
2878 5018 2892 5044 ,
2921 4979 3051 5047 quia
3083 4977 3343 5035 Dominus
3392 4982 3474 5039 lo-

1897 5070 2053 5113 cutus
2073 5071 2157 5115 est
2178 5062 2246 5117 ⁸⁸.
2288 5082 2309 5116 ›

1968 5152 2132 5207 Vsus.
2166 5154 2352 5210 15-20.
2396 5173 2416 5207 ι
2459 5157 2695 5230 Diligens
2726 5168 2775 5214 te
2818 5159 2922 5215 feci
2957 5161 3289 5215 voluntatem
3320 5170 3468 5216 tuam

1893 5259 2056 5313 super
2084 5245 2432 5319 Babylonem,
2461 5261 2519 5303 ut
2546 5251 2813 5307 auferrem
2852 5268 3036 5308 semen
3066 5252 3465 5307 Cbaldmorum.

1898 5338 2007 5405 Ego
2040 5338 2252 5393 loeutus
2284 5356 2401 5395 sum
2428 5382 2445 5407 ,
2477 5353 2532 5398 et
2564 5358 2666 5412 ego
2694 5345 2904 5399 vocavi.
2959 5345 3172 5398 Adduxi
3217 5358 3341 5399 eum
3366 5384 3378 5406 ,
3413 5357 3469 5398 et

1895 5442 2210 5498 prosperam
2233 5430 2334 5486 feci
2359 5433 2497 5487 viam
2525 5434 2662 5503 ejus.
2692 5435 2956 5490 Adducite
2982 5436 3046 5488 ad
3077 5451 3183 5499 me,
3202 5444 3257 5489 et
3286 5436 3469 5489 audite

1894 5519 2008 5571 haec
2038 5557 2053 5582 ,
2090 5518 2203 5573 Non
2241 5520 2311 5576 ab
2370 5523 2525 5577 initio
2575 5525 2627 5578 iu
2678 5525 2995 5580 abscondito
3038 5525 3250 5580 loeutus
3295 5539 3463 5580 sum:

1894 5623 2015 5665 cum
2066 5609 2257 5667 fierent
2281 5652 2296 5680 ,
2328 5613 2399 5669 ibi
2443 5629 2617 5671 eram.
2646 5614 2711 5669 Et
2741 5630 2882 5669 uuttc
2920 5617 3177 5671 Dominus
3207 5614 3467 5675 Dominus

3078 5918 3149 5979 fit
