4058 6428
605 410 710 468 ιη
1227 398 1492 462 EUSEBII
1524 395 1996 458 CESARIENSIS
2030 393 2158 454 ΟΡΡ

2258 390 2402 449 ’ARS
2438 390 2525 447 Ill.
2563 419 2633 433 --
2669 383 3078 447 EXEGETICA.
3705 383 3812 444 ηε

609 527 804 585 avertit
831 531 1006 588 tne,et
1033 519 1271 589 Spiritus
1299 517 1434 586 eius.
1463 515 1556 572 Sic
1583 516 1711 572 dicit
1743 516 2024 579 Domina,
2051 513 2140 582 qui

2258 509 2338 563 sal.
2371 509 2434 562 τὸ
2471 507 2692 578 Πνεῦμα
2731 504 2916 561 αὐτοῦ.
2947 504 3102 558 Οὕτω
3133 500 3281 571 λέγει
3319 497 3544 573 Κύριος,
3573 499 3606 556 δ
3644 502 3821 572 ῥυσά-

547 603 550 605 ’
608 617 747 673 eruit
778 623 849 678 te,
877 612 1110 668 Sanctus
1139 609 1298 666 Israel
1331 627 1347 664 :
1386 609 1496 678 ligo
1523 623 1640 667 sum
1686 606 1827 662 Deus
1872 614 1995 660 tuus
2017 643 2034 668 ,
2085 617 2148 656 o-

2258 599 2412 670 μενός
2458 615 2539 662 σε,
2591 598 2775 666 Ἀγιος
2803 594 3043 668 Ἰσραήλ·
3113 593 3253 662 Ἐγώ
3296 594 3411 664 είμι
3452 595 3482 646 ό
3527 591 3663 656 Θεός
3700 610 3820 661 σου,

609 677 922 770 stendi-tibi,
949 712 1008 757 ut
1027 702 1298 756 invenires
1323 677 1462 753 viam
1505 698 1558 752 iu
1601 711 1706 766 qua
1733 696 2055 750 ambulares.
2088 692 2153 748 Et

2258 689 2455 760 Βέδειχά
2499 704 2580 742 σοι
2617 690 2676 742 τὸ
2714 689 2892 760 εὑρεῖν
2927 702 2984 739 σε
3027 685 3125 756 τὴν
3158 686 3275 739 όδδν
3318 686 3375 738 ἐν
3480 684 3728 758 πορεύσῃ
3764 688 3826 740 ἐν

607 798 652 851 ai
685 795 930 851 audisses
960 792 1205 846 mandata
1234 803 1349 842 mea
1376 827 1392 853 ,
1427 787 1616 842 fuisset
1647 787 1801 857 quasi
1831 784 2024 840 ﬂuvius
2047 798 2151 853 pax

2258 780 2382 849 αὐτῇ
2438 778 2547 831 Καὶ
2583 779 2630 829 εί
2661 778 2896 850 ἡκούσας
2925 773 3033 828 τῶν
3073 772 3303 826 ἐντολῶν
3339 789 3462 844 μου,
3500 769 3725 839 ἐγένετο
3756 771 3826 824 ἂν

608 897 722 947 tua.
746 895 802 940 et
829 884 1031 954 iustitia
1063 892 1149 934 tua
1172 875 1436 932 utﬁt-ctua
1463 877 1635 942 maris
1663 894 1678 931 :
1710 885 1764 932 et
1792 875 1982 930 luisset
1997 872 2149 942 quasi

2258 869 2381 922 ὡσεὶ
2413 868 2657 938 ποταμὸς
2694 870 2726 939 ἡ
2768 869 2954 939 εἰρήνη
2998 882 3113 928 σου,
3148 866 3244 918 καὶ
3286 867 3321 935 ή
3362 863 3674 934 δικαιοσύνη
3729 877 3825 914 σου

608 987 771 1026 arena
805 952 982 1026 semen
1007 979 1174 1029 tuum,
1218 976 1273 1021 et
1307 965 1517 1020 [ructus
1545 963 1750 1018 ventris
1775 962 1849 1017 tul
1872 963 2008 1018 sicut
2036 961 2154 1032 pul-

2258 958 2325 1022 ὥς
2351 957 2503 1030 κῦμα
2530 957 2804 1029 θαλάσσης
2822 976 2836 989 ·
2869 957 2962 1011 καὶ
2985 957 3200 1024 ἐγένετο
3235 954 3300 1010 ἀν
3323 956 3457 1008 ὡσεὶ
3485 957 3518 1025 ὴ
3544 955 3731 1024 ἄμμος
3760 952 3825 1003 τὸ

575 1119 578 1121 λ
609 1063 870 1115 vis-terra
901 1076 915 1113 :
951 1072 1126 1126 neque
1153 1069 1293 1110 nunc
1318 1053 1787 1117 eaterminaberia,
1820 1066 1993 1121 neque
2034 1064 2154 1121 per-

2258 1050 2472 1122 σπίρμα
2515 1065 2630 1114 σου,
2681 1041 2772 1105 {cal
2813 1049 2883 1103 τὰ
2920 1049 3115 1119 ἔγγονα
3153 1047 3252 1119 τῆς
3294 1046 3500 1109 κοιλίας
3541 1061 3638 1098 σου
3678 1044 3755 1109 ὡς
3789 1043 3823 1097 ό

2251 1139 2382 1212 χοῦς
2413 1138 2512 1210 τῆς
2547 1140 2668 1211 γῆς.
2722 1139 2858 1194 Οὑδέ
2899 1139 2993 1194 νῦν
3022 1139 3084 1192 ού
3138 1136 3212 1209 μὴ
3262 1135 3678 1208 ἐξολοθρευθῇς,
3710 1136 3822 1189 οὐδ’

2251 1231 2529 1286 ἀπολεῖται
2560 1229 2622 1284 τὸ
2661 1229 2834 1301 ὄνομα
2878 1247 2971 1284 σου
3014 1228 3241 1283 ἐνώπιον
3281 1227 3438 1299 ἐμοῦ.
3486 1226 3712 1292 Ἔξελθε
3756 1227 3826 1281 ἐκ

611 1151 710 1203 ibit
759 1162 955 1202 nomen
979 1156 1130 1200 tuum
1180 1146 1235 1199 in
1281 1153 1568 1214 conspectu
1598 1158 1735 1197 meo.
1787 1141 2059 1210 Egredere
2085 1155 2154 1196 ex

611 1239 879 1310 Babylone
902 1276 917 1300 ,
946 1236 1159 1306 fugiens
1182 1251 1212 1290 a
1241 1235 1524 1292 Cbaldcis.
1561 1233 1759 1290 Vocem
1801 1234 2156 1299 iucunditatis

609 1327 922 1382 annuntiate
958 1342 1128 1396 usque
1172 1328 1238 1382 ad
1268 1336 1566 1382 extremum
1605 1335 1760 1378 terra
1789 1342 1805 1378 :
1830 1324 1998 1379 dicite
2020 1362 2036 1388 ,
2069 1324 2156 1378 Li-

608 1421 820 1473 beravit
870 1418 1124 1474 Dominus
1173 1433 1382 1473 servum
1434 1433 1590 1473 suum
1636 1416 1822 1473 Iacob.
1880 1433 1900 1469 ι
1957 1415 2156 1483 Qnam-
2202 1430 2206 1435 '

607 1508 820 1573 nbrem,
853 1523 972 1564 cum
1003 1508 1111 1576 jam
1148 1505 1276 1563 hinc
1303 1507 1560 1577 pollicear
1592 1521 1676 1560 me
1702 1521 1804 1560 non
1835 1506 2158 1560 extermina-

613 1607 790 1654 turum
813 1609 873 1654 te
892 1638 908 1664 ,
939 1613 1116 1666 neque
1141 1612 1338 1652 nomen
1367 1606 1518 1652 tuum
1541 1596 1841 1651 deletorum
1873 1609 2014 1659 esse,
2044 1593 2154 1649 dixi

613 1691 752 1756 tibi,
795 1698 852 1744 ut
879 1690 1056 1744 eairea
1082 1688 1147 1743 de
1179 1686 1454 1759 Babylone
1475 1725 1493 1754 ,
1547 1687 1798 1741 dimissus
1826 1699 1891 1740 ac
1919 1684 2055 1739 liber
2085 1684 2155 1738 ab

2253 1323 2586 1388 Βαϐυλῶνος,
2624 1320 2839 1392 φεύγων
2881 1322 2990 1375 ἀπδ
3037 1320 3144 1374 τῶν
3175 1319 3474 1374 Χαλδαίων.
3510 1319 3700 1390 Φωνὴν
3729 1320 3826 1374 εύ-

2255 1413 2527 1486 φροσύνης
2555 1411 2910 1481 ἀναγγείλατε
2939 1411 3043 1474 ἐως
3071 1411 3296 1482 ἐσχάτω
3319 1411 3421 1481 τῆς
3443 1410 3575 1481 γῆς’
3611 1409 3824 1479 λέγετε,

2267 1505 2564 1577 Ἐῥρύσατο
2596 1505 2797 1576 Κύριος
2836 1503 2928 1557 τὸν
2955 1503 3140 1558 δοῦλον
3173 1503 3338 1558 αὑτοῦ
3387 1502 3611 1558 Ἰακώ6ς
3650 1521 3671 1554 a
3707 1503 3826 1556 Διό-

2255 1615 2362 1672 περ
2394 1597 2643 1652 ἐντεῦθεν
2684 1598 2784 1668 ἤδη
2830 1594 3295 1668 ἐπαγγελλόμενος
3336 1594 3411 1667 μὴ
3444 1593 3830 1667 ἐξολοθρεῦσαί

2257 1704 2336 1752 σε,
2388 1688 2512 1759 μηδ’
2545 1686 2823 1757 ἐξαλεῖψαι
2859 1686 2922 1740 τδ
2965 1687 3136 1758 ὄνομα
3168 1703 3284 1752 σου,
3329 1683 3462 1739 είπά
3502 1701 3586 1739 σοι
3619 1684 3828 1752 ἐξιέναι

613 1779 950 1833 inimicorum
997 1789 1164 1832 metu.
1197 1777 1430 1847 Accepta
1466 1786 1644 1830 autem
1701 1775 1767 1828 ad
1802 1775 2012 1843 propria
2063 1788 2150 1829 re-

2258 1779 2362 1834 ἀπὺ
2389 1778 2723 1842 Βαϐυλῶνος,
2751 1778 2946 1848 ἄφετον
2971 1779 3067 1833 καὶ
3097 1777 3376 1849 ἐλεύθερον
3403 1777 3496 1831 τοῦ
3526 1776 3639 1830 τῶν
3667 1775 3830 1830 πολε»

612 1868 852 1922 vertendi
887 1875 1152 1935 potestate
1181 1906 1199 1932 ,
1249 1881 1318 1921 ne
1364 1866 1555 1934 supine
1593 1874 1649 1918 et
1694 1865 1986 1920 oscitanter
2015 1864 2153 1918 viam

607 1971 867 2035 capesse,
903 1959 995 2012 sed
1044 1971 1165 2011 cum
1207 1955 1353 2011 omni
1386 1955 1684 2023 diligentia.
1737 1953 1870 2008 Nam
1904 1961 2157 2010 occurret

614 2051 709 2102 tibi
745 2065 846 2104 vox
878 2049 1097 2112 laetitiae,
1123 2062 1283 2117 quam
1311 2047 1393 2101 vel
1429 2045 1540 2113 jam
1574 2045 1702 2099 hinc
1735 2043 1923 2098 audias
1950 2059 1965 2103 ;
1995 2041 2156 2112 quin-

609 2140 774 2193 etiam
801 2153 986 2192 omnes
1014 2139 1106 2205 qui
1137 2150 1414 2191 sermones
1447 2149 1595 2190 meos
1634 2133 1942 2200 audierint,
1977 2134 2044 2188 de
2072 2148 2160 2188 sa-

613 2228 724 2281 lutc
756 2237 845 2280 tua
878 2242 979 2280 una
1008 2228 1336 2296 gaudebunt.
1373 2225 1438 2279 Et
1478 2225 1590 2279 haec
1618 2224 1830 2293 quidem
1865 2225 2157 2277 secundum

611 2318 889 2371 historiam
913 2355 928 2379 ,
977 2332 1081 2369 non
1138 2315 1341 2369 reditus
1388 2328 1453 2367 ex
1485 2313 1797 2380 captivitate
1831 2309 2159 2382 Babylonica

613 2412 853 2479 tempore
878 2419 1027 2476 gesta
1073 2416 1197 2462 sunt
1219 2446 1236 2471 ,
1274 2420 1396 2461 cum
1426 2405 1502 2469 ii,
1543 2404 1633 2472 qui
1666 2418 1694 2456 a
1742 2402 1885 2472 Cyro
1910 2414 1966 2456 et
1998 2403 2159 2456 Dario

611 2498 894 2553 Persarum
927 2498 1141 2566 regibus
1169 2496 1415 2550 libertate
1441 2494 1625 2549 donati
1644 2491 1886 2559 fuerant,
1916 2503 2158 2549 reverte-

616 2598 762 2642 runt.
812 2590 888 2641 Ac
916 2588 1206 2642 secundum
1239 2586 1566 2656 intelligendi
1599 2587 1858 2638 rationem
1885 2622 1902 2648 ,
1953 2597 2073 2637 cum
2107 2585 2158 2636 in

617 2680 842 2736 bistoria
894 2679 960 2733 ad
1019 2679 1244 2732 litteram
1297 2677 1517 2745 reperiri
1580 2684 1810 2743 nequeat
1863 2683 2014 2744 petra
2071 2674 2158 2728 illa

615 2787 783 2842 aquas
809 2772 1058 2824 emittens
1087 2769 1137 2822 in
1165 2769 1333 2824 reditu
1363 2768 1540 2837 populi
1569 2807 1584 2832 ,
1614 2768 1850 2822 dicemus
1888 2766 1941 2820 iu
1972 2765 2035 2820 iis
2069 2767 2160 2836 qui

613 2879 644 2917 a
675 2861 939 2932 spirituali
964 2861 1272 2928 captivitate
1320 2859 1371 2913 in
1407 2869 1724 2928 perpetuum
1758 2857 1967 2911 liberati
1995 2865 2156 2918 sunt,

614 2957 681 3010 de
708 2953 902 3023 quibus
927 2951 1168 3006 Christus
1194 2951 1444 3014 dicebat,
1496 2968 1513 3000 ι
1556 2948 1938 3018 Evangelizare
1964 2961 2162 3016 paupec

615 3044 764 3098 ribus
789 3044 934 3096 misit
961 3057 1064 3105 me,
1095 3041 1385 3109 praedicare
1411 3039 1635 3106 captivis
1666 3038 2026 3092 dimissionem
2043 3037 2112 3101 ⁸³,
2137 3055 2155 3088 ι

2258 1870 2396 1941 μίων
2427 1868 2592 1939 φόδου
2624 1869 2933 1939 γενόμενον.
2986 1868 3179 1923 Λαϐὼν
3215 1869 3272 1922 δέ
3315 1867 3414 1940 τὴν
3443 1865 3694 1933 ἐξουσίαν
3722 1867 3830 1936 τῆς

2254 1960 2334 2021 είς
2374 1956 2442 2012 τὰ
2485 1959 2657 2012 cinia
2699 1957 2980 2021 ἐπανόδου,
3027 1958 3102 2029 μὴ
3148 1957 3353 2021 ὑπτίως
3401 1956 3534 2030 μηδι
3571 1956 3830 2028 νωχιλῶς

2256 2048 2408 2105 ποιοῦ
2442 2049 2539 2120 τὴν
2572 2050 2817 2121 πορείαν,
2845 2051 2942 2103 σὺν
2979 2049 3164 2121 ἁπάσῃ
3195 2048 3253 2102 δέ
3289 2049 3512 2122 σπουδῇ.
3558 2050 3832 2120 ’Δπαντή-

2258 2160 2340 2196 σει
2372 2143 2480 2215 γάρ
2522 2160 2602 2196 σοι
2633 2144 2782 2215 φωνὴ
2828 2142 3182 2214 εὐφροσύνης,
3217 2143 3466 2196 ἐντεῦθεν
3499 2143 3602 2214 ἤδη
3635 2144 3833 2197 ἀκουο-

2260 2236 2444 2308 μένηςο
2475 2233 2609 2288 ἀλλὰ
2643 2236 2738 2288 καὶ
2763 2234 2962 2299 πάντες
2987 2236 3038 2288 σί
3077 2234 3186 2288 τῶν
3218 2234 3564 2306 ἐμῶνιλόγων
3596 2236 3827 2290 ἀκούον-

2256 2340 2345 2386 τες
2381 2323 2814 2393 συγχαρήσονταί
2861 2339 2953 2376 σου
2997 2325 3062 2393 τῇ
3113 2324 3374 2394 σωτηρία.
3414 2324 3524 2377 Kal
3554 2324 3730 2378 ταῦτα
3768 2324 3831 2379 δέ

2257 2415 2392 2486 πρὸς
2437 2415 2534 2484 μὲν
2573 2415 2812 2485 ἱστορίαν
2854 2415 2954 2468 οὐκ
2987 2414 3290 2486 ἐπληροῦτο
3330 2414 3470 2468 κατά
3499 2415 3590 2469 τὸν
3634 2416 3831 2486 χρόνον

2256 2504 2356 2573 τῆς
2387 2501 2496 2555 ἀπὸ
2540 2501 2856 2565 Βαϐυλῶνος
2900 2500 3178 2564 ἐπανόδου,
3219 2500 3327 2554 τῶν
3367 2501 3831 2574 ἡλευθερωμένων

2259 2595 2362 2648 ὑπὸ
2393 2593 2572 2665 Κύρου
2603 2596 2696 2648 καὶ
2722 2594 2942 2666 Δαρείου
2970 2593 3089 2647 ’τῶν
3122 2594 3556 2664 βασιλευσάντων
3585 2597 3647 2648 ἐν
3681 2593 3829 2667 Πέρ-

2259 2697 2396 2744 σαις
2420 2677 2520 2736 ita}.
2546 2683 2680 2752 πρὸς
2708 2682 2765 2736 δὲ
2805 2683 3060 2747 διάνοιαν,
3095 2683 3217 2735 ἐπεὶ
3251 2683 3324 2754 μὴ
3359 2683 3473 2736 ἐστι
3507 2683 3648 2755 πρὸς
3680 2682 3830 2749 λέξιν

2258 2769 2433 2839 εὑρεῖν
2470 2771 2529 2824 ἐν
2557 2773 2623 2842 τῇ
2656 2771 2864 2842 ἱστορίᾳ
2893 2771 3098 2842 πέτραν
3135 2770 3346 2825 ὑδάτων
3381 2771 3653 2843 ρεύσασαν
3684 2773 3830 2828 κατὰ

2256 2857 2355 2926 τὴν
2414 2858 2670 2911 ἐπάνοδον
2729 2858 2824 2912 τοῦ
2873 2858 3024 2925 λαοῦ,
3071 2860 3312 2930 φήσομεν
3373 2858 3502 2929 γοῦν
3555 2863 3668 2925 τοῖς
3726 2861 3830 2933 τῆς

2259 2949 2630 3017 αἰχμαλωσίας
2657 2950 2743 3002 ἀεὶ
2768 2949 3246 3021 ὴλευθερωμένοις,
3289 2951 3415 3022 περὶ
3439 2944 3514 3004 ὧν
3540 2951 3567 3003 ό
3593 2952 3830 3023 Χριστὸς

2260 3037 2460 3107 ἔλεγεν,
2480 3057 2508 3090 -ι
2532 3039 2992 3106 Εὐαγγελίσασθαι
3013 3044 3242 3112 πτωχοῖς
3271 3040 3577 3095 ἀπέσταλκί
3605 3059 3695 3113 με,
3730 3061 3830 3116 κη-

613 3148 794 3187 veram
841 3131 1170 3200 deprehendi
1203 3130 1632 3199 promissionem.
1681 3126 1774 3181 llis
1809 3126 2002 3196 quippe
2031 3127 2158 3195 ipsis

2266 3125 2419 3196 ρῦξαι
2445 3127 2803 3197 αἰχμαλώτοις
2833 3131 3042 3197 ἄφεσιν,
3078 3150 3096 3181 ι
3135 3130 3489 3200 ἐπαληθεύειν
3521 3131 3620 3196 τὴν
3647 3135 3829 3203 ἐπαγ-

615 3223 939 3293 apostolicu's
979 3236 1044 3275 ex
1089 3235 1211 3274 vera
1246 3230 1394 3287 petra
1445 3229 1598 3288 potus
1638 3217 1924 3271 instillatur
1955 3235 1981 3286 τε
2005 3236 2023 3268 ι
2060 3218 2158 3272 Pe-

619 3325 699 3368 tra
749 3323 924 3366 autem
959 3320 1075 3364 erat
1125 3310 1370 3365 Christus
1409 3308 1475 3376 ⁸⁵,
1533 3327 1552 3360 ι
1599 3309 1892 3363 secundum
1927 3307 2159 3378 Aposto-

693 3416 744 3454 ll.

693 3416 744 3454 n.

615 3402 847 3546 lmV'las.
879 3489 967 3544 2i.
1014 3507 1033 3542 ι
1065 3487 1213 3556 Quod
1245 3486 1288 3542 si
1317 3485 1574 3553 sitierint,
1613 3501 1707 3556 per
1735 3486 2006 3541 desertum
2062 3486 2132 3540 du

615 3593 702 3638 cet
735 3595 864 3637 eos:
911 3597 1106 3652 aquam
1144 3596 1209 3635 ex
1251 3589 1404 3648 petra
1460 3579 1651 3633 educet
1697 3579 1826 3633 illis.
1871 3579 2159 3633 Scindetur

613 3687 786 3746 petra,
825 3685 878 3728 et
901 3673 1042 3728 ﬂuet
1088 3687 1246 3742 aqua,
1292 3681 1348 3726 et
1404 3671 1551 3725 bibet
1583 3671 1809 3741 populus
1845 3687 2013 3726 meus.
2042 3669 2156 3725 Non

611 3776 696 3822 est
750 3766 998 3836 gaudium
1051 3763 1250 3832 impiis,
1286 3761 1416 3815 dicit
1468 3761 1743 3815 Dominus.
1779 3779 1798 3813 ι
1837 3762 2044 3815 Etenim
2074 3763 2158 3829 pie

612 3857 894 3926 agentibus
950 3855 1126 3909 omnis
1163 3869 1194 3908 a
1249 3852 1356 3907 Deo
1407 3853 1558 3907 adest
1592 3851 1861 3920 voluptas,
1907 3852 2158 3922 gaudium

615 3961 672 4003 et
693 3949 900 4009 laetitia,
927 3961 1128 4000 necnon
1164 3944 1493 4006 alia-omnia,
1525 3959 1645 4010 qua:
1677 3943 1729 3996 in
1755 3942 2032 4008 promissis
2066 3942 2162 3994 lia-

617 4042 846 4101 bentur,
881 4038 1057 4104 impiis
1100 4050 1226 4089 vero
1267 4034 1410 4088 nulla
1459 4033 1845 4103 promissorum
1886 4033 2024 4087 ratio
2066 4034 2164 4087 lia-

615 4131 794 4185 betur.

1165 4216 1388 4272 CAPUT
1430 4217 1614 4274 XLIX.

683 4309 844 4363 Vitas.
878 4309 928 4361 l.
967 4326 987 4360 ι
1017 4308 1210 4361 Audite
1253 4324 1360 4373 me,
1386 4310 1569 4362 insula:
1591 4347 1605 4371 ,
1636 4317 1691 4363 et
1720 4309 1996 4375 attendite,
2028 4324 2158 4377 gen-

2264 3217 2466 3285 γελίαν.
2501 3218 2719 3282 Τούτοις
2740 3218 2846 3290 γὰρ
2875 3222 3054 3284 αὐτοῖς
3083 3222 3141 3274 τὸ
3192 3222 3542 3276 ἀποστολικδν
3579 3223 3734 3294 πόμα
3767 3222 3830 3279 τὸ

2261 3309 2326 3361 ἐκ
2349 3308 2448 3377 τῆς
2479 3309 2734 3380 ἀληθινῆς
2762 3311 2961 3380 πέτρας
2987 3311 3243 3383 ἐξομϐρεϊ
3262 3329 3276 3344 ·
3311 3332 3334 3365 ι
3379 3314 3442 3367 Ἡ
3471 3315 3648 3387 πέτρα
3675 3315 3733 3369 δὲ
3755 3308 3830 3388 ἦν

2260 3401 2288 3452 ό
2313 3401 2593 3470 Χριστὸς,›
2633 3402 2769 3453 κατά
2798 3402 2887 3454 τὸν
2932 3403 3268 3457 Ἀπόστολον.

2335 3512 2353 3543 ι
2383 3494 2492 3545 Καὶ
2516 3495 2606 3546 ἐὰν
2640 3493 2924 3563 διψήσωσι,
2955 3494 3019 3546 δι’
3049 3497 3255 3566 ἐρήμου
3281 3496 3398 3564 ἄξει
3425 3498 3623 3562 αὐτούς
3642 3517 3656 3530 ·
3681 3499 3828 3572 ὕδωρ

2259 3583 2322 3634 ἐκ
2370 3582 2573 3652 πέτρας
2617 3582 2792 3646 ἐξάξει
2839 3583 3040 3646 αὐτοῖς.
3085 3584 3439 3655 Σχισθήσεται
3484 3589 3682 3658 πέτρα,
3735 3576 3829 3643 ait

2261 3672 2516 3741 ρυήσεται
2561 3671 2724 3742 ὕδωρ,
2777 3673 2869 3724 καὶ
2917 3673 3094 3725 πίεται
3141 3675 3169 3725 6
3217 3674 3342 3737 λαός
3390 3693 3510 3746 μου.
3551 3678 3664 3731 οὐκ
3711 3678 3828 3732 ἐστι

2259 3761 2486 3830 χαίρειν,
2527 3759 2673 3827 λέγει
2719 3760 2941 3831 Κύριος,
2984 3765 3093 3824 τοῖς
3135 3763 3404 3816 ἀσεϐέσιν.
3460 3784 3478 3817 ι
3524 3765 3829 3824 Εὑσεδοῦσι

2258 3849 2365 3920 γὰρ
2398 3852 2545 3902 πᾶσα
2575 3851 2832 3921 πάρεστιν
2865 3853 2897 3921 ὴ
2934 3853 3082 3924 παρά
3113 3854 3205 3905 τοῦ
3235 3854 3370 3907 Θεοῦ
3401 3857 3580 3927 τρυφὴ
3610 3856 3705 3910 καὶ
3735 3858 3829 3911 sii-

2260 3939 2518 4010 φροσύνη,
2561 3943 2652 3993 καὶ
2699 3943 2796 3994 ὅσα
2835 3943 3163 4012 ἐπήγγελται
3207 3944 3386 4012 ἀγαθά
3416 3946 3570 4000 ἄλλαι
3616 3951 3730 4012 τοῖς
3766 3947 3827 4004 δι

2259 4030 2507 4084 ἀσεϐέσιν
2536 4031 2709 4095 οὐδεὶς
2740 4031 2896 4101 λόγος
2927 4033 3062 4104 πρὸς
3089 4034 3158 4088 τὰ
3185 4035 3590 4106 ἐπηγγελμένα.

2759 4232 3147 4288 ΚΕΦΑΛΑῘΟΝ
3184 4232 3316 4289 ΜΘ’.

2333 4343 2352 4375 ι
2412 4325 2700 4378 Ἀκούσατέ
2744 4343 2864 4396 μου,
2912 4326 3084 4396 νῆσοι,
3119 4328 3214 4380 xa‘t
3258 4326 3573 4398 προσέχετε,
3607 4326 3755 4399 ἔθνη.
3797 4345 3820 4380 a

611 4407 714 4452 tes.
746 4417 765 4450 ι
801 4398 998 4465 Aperte
1046 4397 1310 4464 signiﬁcat
1357 4412 1414 4452 se
1446 4414 1548 4451 non
1578 4396 1792 4453 Iudaeos
1823 4400 1874 4451 in
1907 4400 2156 4464 prmsenti

2261 4417 2553 4487 Μονονουχὶ
2591 4417 2773 4485 σαφῶς
2801 4417 3253 4489 διαστελλόμενος,
3285 4396 3385 4482 δτι,
3518 4419 3650 4489 πρὸς
3694 4396 3826 4473 ’ίου-

612 4491 954 4558 compellare,
989 4505 1159 4559 neque
1189 4491 1252 4543 ad
1285 4491 1509 4558 quasvis
1540 4491 1724 4543 obvias
1759 4490 1957 4545 insulas
1990 4493 2155 4544 verba

2261 4507 2435 4569 δαίους
2479 4508 2544 4560 τὰ
2589 4508 2830 4578 παρόντα
2869 4510 3150 4582 συντείνει,
3191 4509 3312 4578 μηδ’
3365 4510 3439 4571 ὡς
3483 4509 3643 4579 ἔτυχε
3687 4509 3826 4582 πρός

615 4584 809 4644 lacere,
844 4580 933 4632 sed
969 4580 1032 4630 ad
1059 4589 1245 4646 gentes
1273 4590 1327 4632 et
1357 4580 1422 4632 ad
1473 4580 1562 4633 Dei
1598 4579 1868 4633 Ecclesias
1897 4580 1947 4632 in
1979 4581 2157 4634 medio

614 4672 849 4739 gentium
910 4670 1129 4736 positas.
1185 4669 1520 4739 Quapropter
1572 4671 1864 4724 secundum
1913 4669 2144 4740 Symma-

611 4765 793 4823 chum,
823 4763 902 4814 sic
940 4762 1134 4827 legitur
1165 4779 1177 4813 :
1212 4761 1441 4814 tAudite
1476 4777 1577 4825 me,
1618 4761 1824 4838 insulae,
1873 4761 2157 4815 etanscul-

613 4863 739 4916 tate,
769 4865 980 4921 gentes.
1015 4874 1032 4905 ι
1075 4854 1212 4919 Quid
1249 4853 1408 4921 igitur
1436 4843 1704 4908 Ecclesia!
1735 4871 1844 4908 sua:
1880 4856 2158 4908 declarare

607 4955 841 5010 expetat,
896 4947 966 4997 ita
1020 4945 1202 4999 subdit
1241 4961 1302 4995 ει
1355 4943 1455 4998 Per
1492 4946 1714 4997 multum
1755 4955 1964 5014 tempus
1994 4947 2157 4999 stabit

614 5032 889 5085 Dominus.
926 5053 943 5084 ι
976 5035 1049 5086 Ac
1078 5035 1250 5100 primo
1277 5035 1666 5088 observandum
1691 5049 1794 5097 est,
1827 5040 1939 5090 lucc
1963 5048 2017 5089 et
2041 5050 2158 5105 qum

613 5132 790 5186 postea
816 5125 1236 5192 subsequuntur,
1279 5141 1343 5177 ex
1377 5141 1599 5192 personat
1642 5127 1848 5178 Domini
1899 5126 2154 5195 proferri.

611 5212 710 5265 Ubi
741 5215 850 5280 ipse
878 5215 1156 5279 Dominus,
1188 5217 1276 5282 qui
1310 5230 1612 5268 sermonem
1647 5231 1868 5269 exorsus
1904 5228 2006 5281 est,
2038 5232 2156 5284 ane

611 5305 933 5369 adjiciuntur
952 5306 1106 5372 quasi
1139 5307 1200 5357 de
1227 5305 1330 5358 alio
1360 5307 1496 5358 dicta
1528 5308 1806 5359 declarat:
1852 5309 1957 5360 imo
1993 5310 2153 5360 etiam

611 5407 726 5444 sese
758 5394 989 5461 genitum
1028 5409 1142 5446 esse
1172 5396 1389 5457 fatetur,
1421 5409 1471 5448 et
1511 5412 1721 5447 servum
1762 5408 2056 5466 nuncupat,
2102 5409 2158 5451 et

612 5482 775 5533 multa
811 5483 995 5534 aliain
1033 5488 1380 5550 sequentibus
1425 5488 1614 5553 aperit.
1660 5484 1739 5540 Nc
1777 5486 1909 5553 jam,
1957 5491 2152 5557 inquit,

611 5572 733 5623 dum
774 5571 882 5625 ltmc
916 5573 1158 5642 eloquor,
1191 5579 1469 5629 verborum
1504 5577 1751 5632 circ-ctum
1799 5596 1893 5635 vos
1942 5583 2155 5637 visuros

682 5746 723 5775 ’³³
757 5745 879 5800 an.
925 5767 993 5813 μ’,
1040 5755 1115 5803 l8.
1196 5756 1230 5781 ς’·
1274 5755 1432 5807 ι(ῖ‹-τ.
1471 5759 1594 5819 κπί.

2258 4614 2406 4661 τινας
2453 4598 2772 4670 προχείρους
2816 4599 3111 4669 νοουμένας
3150 4601 3366 4669 νήσους,
3417 4599 3550 4652 ἀλλὰ
3585 4600 3720 4670 πρὸς
3755 4600 3826 4656 τὰ

2257 4687 2380 4758 ἔθνη
2425 4690 2516 4741 καὶ
2561 4689 2659 4752 τὰς
2717 4689 2916 4759 μεταξὺ
2973 4689 3078 4742 τῶν
3131 4689 3296 4741 ἐθνῶν
3349 4691 3824 4762 μεσολαϐουμένας

2258 4779 2347 4832 τοῦ
2377 4779 2509 4832 Θεοῦ
2548 4781 2889 4852 Ἑκκλησίας.
2921 4781 3082 4833 Ὅθεν
3114 4782 3205 4833 καὶ
3239 4783 3376 4834 κατὰ
3404 4783 3494 4834 τὸν
3528 4783 3823 4855 Σύμμαχον

2257 4867 2437 4919 τοῦτον
2472 4869 2682 4938 εἴρηται
2708 4869 2798 4920 τὸν
2831 4870 3055 4941 τρόπον,
3106 4889 3123 4921 t
3171 4872 3459 4924 ’Δκούσατέ
3492 4890 3614 4942 μου,
3647 4878 3819 4944 νῆσοι,

2261 4957 2350 5007 καὶ
2385 4959 2745 5029 ἁκροὰσασθε,
2774 4959 2916 5029 ἔθνη.
2964 4981 2981 5011 ι
3018 4961 3079 5012 Τί
3111 4961 3285 5014 τοίνυν
3315 4962 3558 5033 βούλεται
3591 4965 3821 5030 διδάξειν

2260 5048 2354 5117 τὴν
2392 5050 2712 5120 Ἐκκλησίαν
2735 5051 2920 5112 αὐτοῦ,
2939 5053 3196 5121 ἐπιλέγει,
3231 5073 3248 5104 ι
3283 5054 3380 5106 Διά
3406 5057 3595 5125 χρόνου
3624 5055 3820 5110 πολλοῦ

2264 5138 2510 5206 στήσεται
2552 5140 2772 5209 Κύριος.
2813 5161 2829 5190 ι
2869 5142 2976 5194 Καὶ
3014 5143 3223 5212 πρῶτον
3253 5145 3627 5214 ἐπιτηρητέον,
3657 5145 3732 5208 ὠς
3760 5146 3821 5197 ἐκ

2261 5225 2547 5295 προσώπου
2587 5228 2679 5278 τοῦ
2723 5230 2923 5299 Κυρίου
2970 5231 3140 5284 ταῦτα
3185 5233 3403 5302 φέρεται
3453 5235 3545 5286 καὶ
3588 5235 3656 5286 τὰ
3695 5237 3819 5306 ἑξῆς

2258 5318 2461 5380 τούτοις
2496 5320 2890 5389 ἐπιφερόμενα·
2920 5324 2974 5373 ἐν
3003 5318 3080 5384 οἷς
3106 5324 3264 5384 αὐτὸς
3295 5327 3322 5376 ό
3354 5324 3446 5376 τοῦ
3480 5326 3637 5393 λόγου
3685 5345 3809 5379 κατ-

2258 5407 2425 5476 ἀρξας
2459 5409 2656 5478 Κύριος
2694 5410 2767 5472 ὡς
2819 5414 2942 5483 περὶ
2992 5415 3173 5484 ἐτέρου
3209 5415 3446 5468 διδάσκει
3474 5417 3538 5467 τὰ
3572 5418 3818 5486 ἐπιλεγό-

2262 5514 2424 5564 μενα·
2464 5499 2596 5549 ἀλλὰ
2639 5501 2730 5551 7.1".
2775 5503 3128 5571 γεγεννῆσθαι
3180 5505 3368 5557 ἐαυτὸν
3405 5507 3674 5576 ὁμολογεῖ,
3721 5513 3818 5564 καὶ

2257 5585 2434 5640 δοῦλον
2469 5591 2654 5656 ἑαυτὸν
2695 5591 2962 5661 ὀνομάζει,
2992 5596 3081 5646 καὶ
3112 5596 3207 5648 ὅσα
3238 5596 3370 5650 ἄλλα
3405 5601 3699 5670 παρίστησι
3729 5600 3819 5659 Cri}
