4058 6384
655 406 754 461 451

1285 395 1550 453 susse"
1587 394 2055 451 (DESARIENSS’S
2090 396 2245 456 ore.
2291 398 2473 454 rans
2511 399 2595 455 lll.
2638 385 2706 442 —'.
2744 398 3156 455 EXEGETICA.
3787 402 3895 457 tas

652 519 965 575 credulitate
1017 524 1375 579 manserunt;
1424 523 1584 582 atque
1640 513 1691 565 in
1742 511 1930 581 primis
1996 510 2196 569 ,Μηίων

2317 516 2530 585 καμὼν,
2586 519 2680 571 καὶ
2733 519 2957 589 μυρίους
2999 518 3199 579 κόπους
3252 516 3547 587 ὑπομείνας
3599 517 3743 590 ὑπὲρ
3791 521 3894 592 τῆς

649 627 816 680 quare
845 612 998 664 dico:

2319 608 2427 661 τῶν
2461 608 2760 678 ἀνθρώπων
2811 609 3104 681 σωτηρίας,
3140 609 3295 662 οὐδὲν
3342 610 3541 680 ἧνυσα’
3576 610 3626 663 οί
3672 611 3893 697 ’πλείους

646 702 754 774 γὰρ
795 700 972 753 αὐτῶν
1005 698 1361 768 ἐναπέμειναν
1392 700 1459 767 τῇ
1489 696 1743 769 ἀπιστίᾳ·
1776 699 1867 751 καὶ
1897 699 2111 771 πρῶτόν
2141 716 2203 767 γε
2242 708 2301 752 τὸ
2346 700 2610 753 Ἰουδαίων
2640 701 2810 764 ἔθνος*
2841 701 2922 754 διό
2951 715 3115 771 φημιο

725 816 883 867 Vnus.
910 814 1029 866 4-5.
1066 831 1083 861 ι
1112 810 1238 863 Sine
1262 824 1422 861 causa
1465 809 1724 876 laboravi,
1754 812 1805 864 in
1835 829 2035 867 vanum
2076 824 2130 867 et
2158 814 2207 867 in

652 907 875 961 nihilum
908 904 1024 958 dedi
1074 901 1437 954 fortitudinem
1475 915 1670 954 meam.
1714 902 2007 971 Propterea
2056 906 2205 974 iudi-

652 1002 794 1051 cium
822 1009 992 1050 meum
1019 1009 1046 1045 a
1083 993 1303 1046 Domino
1323 1032 1338 1057 ,
1375 1003 1428 1046 et
1458 992 1609 1046 labor
1641 1008 1789 1048 meus
1818 994 1869 1046 in
1916 1007 2204 1063 conspectu

652 1089 748 1141 Dei
778 1085 901 1139 mei.
932 1084 994 1137 Et
1025 1097 1165 1135 nunc
1210 1082 1289 1135 sic
1348 1081 1479 1135 dicit
1511 1082 1794 1148 Dominus,
1830 1086 1920 1154 qui
1956 1085 2207 1142 formavit

652 1192 738 1231 me
762 1193 827 1230 ex
865 1184 1018 1227 utero
1048 1188 1260 1227 servum
1292 1171 1416 1234 sibi,
1448 1182 1505 1226 ut
1538 1189 1922 1243 eongregarem
1943 1176 2110 1233 Jacob
2142 1180 2204 1233 ad

650 1285 799 1331 eum,
824 1277 879 1321 et
911 1265 1112 1330 Israel;
1144 1266 1518 1333 eongregabor
1542 1276 1598 1320 et
1626 1266 1973 1334 gloriﬁcabor
2004 1270 2057 1323 in
2085 1287 2208 1326 con-

650 1356 833 1428 sp'ectu
865 1358 1097 1419 Domini,
1127 1364 1182 1410 et
1207 1355 1344 1409 Deus
1375 1371 1527 1411 meus
1560 1358 1665 1412 erit
1694 1360 1826 1414 mihi
1863 1359 2144 1417 fortitudo.
2179 1382 2198 1416 ι

649 1449 876 1505 Etiamsi
902 1450 1043 1503 enim
1076 1446 1317 1501 homines
1348 1461 1452 1501 non
1474 1458 1618 1502 recte
1659 1460 1840 1520 agant,
1878 1467 1978 1507 nec
2018 1468 2083 1506 ex
2126 1453 2205 1507 la-

648 1544 868 1597 boribus
906 1540 1072 1605 meis,
1101 1553 1232 1606 quos
1264 1539 1499 1605 ipsorum
1530 1555 1691 1595 causa
1738 1558 2026 1613 perpessus
2060 1560 2202 1611 sum,

647 1636 861 1703 dignam
893 1632 1180 1684 utilitatem
1209 1631 1515 1699 accipiant;
1554 1641 1609 1684 at
1648 1647 1745 1703 ego
1777 1634 1865 1698 iis,
1896 1650 2014 1703 qua:
2041 1651 2205 1703 penes

647 1742 736 1781 me
767 1732 944 1788 erant,
975 1721 1309 1791 perfunctus,
1344 1722 1395 1775 in
1428 1732 1722 1789 conSpectu
1758 1723 1849 1778 Dei
1884 1726 1985 1778 mei
2024 1735 2202 1795 pater-
2230 1750 2274 1808 Β

648 1832 770 1870 nam
798 1815 1000 1885 explevi
1045 1813 1423 1869 voluntatem:
1470 1815 1821 1882 quamobrem
1864 1815 1949 1881 iis,
1997 1818 2086 1885 qui
2133 1832 2200 1871 ex

645 1908 1047 1962 circumcisione
1083 1918 1226 1970 sunt,
1254 1907 1481 1973 primum
1516 1906 1803 1960 salutarem
1837 1916 1889 1962 et
1921 1917 2199 1976 paternam

644 2000 871 2071 gratiam
902 1996 1207 2068 praedicavi.
1244 1994 1376 2049 Nam
1423 1996 1514 2064 qui
1544 1996 1793 2049 formavit
1828 2012 1911 2050 me
1953 1998 2021 2050 ab
2050 2010 2201 2054 utero

646 2107 860 2146 servum
890 2090 1015 2150 sibi,
1050 2098 1104 2142 et
1135 2103 1202 2141 ex
1239 2086 1431 2141 Israele
1460 2102 1652 2155 corpus
1693 2103 1868 2141 meum
1903 2090 2199 2144 concinna-

636 2184 741 2248 vit,
770 2184 815 2236 is
847 2181 1012 2235 voluit
1044 2190 1102 2231 ut
1128 2179 1259 2245 ipsis
1288 2178 1559 2246 prioribus
1598 2179 1823 2247 gratiam
1859 2194 2031 2233 meam
2065 2198 2201 2249 prte-

640 2275 901 2336 diearem,
932 2280 988 2325 ut
1017 2268 1183 2324 Jacob
1213 2278 1266 2323 et
1295 2268 1461 2323 lsrael
1512 2270 1578 2321 ad
1628 2285 1750 2323 eum
1790 2285 2196 2340 eongregarem.

640 2363 771 2419 Jure
810 2364 987 2431 itaque
1026 2360 1138 2415 haec
1164 2361 1361 2414 monita
1393 2360 1555 2415 tradit
1587 2378 1599 2413 :
1635 2380 1653 2412 ‹
1696 2360 1751 2415 ln
1788 2363 1926 2415 viam
1963 2363 2197 2432 gentium

641 2470 709 2509 ne
738 2452 997 2519 abieritis,
1026 2461 1079 2505 et
1106 2451 1158 2505 in
1193 2450 1463 2506 civitatem
1515 2451 1971 2507 Samaritanorum
2022 2470 2087 2509 ne
2119 2457 2199 2508 in-

643 2546 915 2599 traveritis
943 2562 957 2597 :
989 2544 1061 2597 ite
1094 2545 1271 2613 potius
1304 2545 1369 2597 ad
1409 2558 1557 2603 oves,
1595 2559 1712 2612 quae
1768 2544 2063 2614 perierunt,
2102 2547 2197 2602 do-

644 2654 763 2693 mus
796 2636 955 2691 Israel
982 2635 1046 2687 ³⁷.
1085 2653 1102 2686 ι
1136 2633 1279 2688 Patri
1320 2648 1447 2705 ergo
1502 2634 1725 2703 placuit,
1764 2644 1818 2688 ut
1869 2635 1934 2688 ad
1976 2650 2199 2707 congre-

640 2730 874 2800 gandum
906 2727 1069 2781 Jacob
1101 2735 1155 2780 et
1178 2725 1364 2787 Israel,
1415 2725 1481 2779 ad
1526 2725 1770 2779 homines
1800 2727 2086 2780 transitum
2117 2727 2196 2781 fa-

636 2835 842 2883 cerem,
881 2819 1020 2873 unde
1049 2818 1144 2882 ait,
1177 2834 1195 2868 ι
1228 2816 1281 2869 In
1318 2825 1370 2869 te
1400 2815 1687 2885 gloriabor.
1737 2834 1757 2868 ι
1820 2816 1930 2885 Ego
1958 2832 2086 2871 vero
2114 2820 2194 2874 in-

640 2912 1005 2967 credulitatem
1032 2919 1087 2963 et
1113 2909 1363 2963 duritiem
1404 2905 1621 2962 lsraelis
1666 2910 2031 2977 conspicatus,
2079 2908 2192 2976 jam

639 3006 845 3073 pridem
881 3002 988 3056 dixi
1023 3020 1037 3056 :
1066 3018 1086 3052 ι
1120 2999 1249 3055 Sine
1280 3014 1439 3053 causa
1495 2998 1731 3052 laboravi
1774 3016 1787 3053 :
1826 2998 1876 3052 in
1910 3013 2103 3053 vanum
2138 3010 2192 3055 et

2384 833 2401 863 ι
2437 814 2620 876 Κενῶς
2642 814 2926 875 ἐκοπίασα,
2954 814 3032 875 είς
3062 813 3289 883 μάταιον
3313 814 3407 866 καὶ
3430 815 3507 877 εἰς
3528 814 3683 868 οὐδὲν
3712 815 3891 868 ἔδωκα

2307 903 2573 974 τὴνίσχύν
2601 921 2722 973 μου,
2754 903 3079 972 Διάτοῦτοή
3127 902 3311 973 κρίσις
3346 922 3446 974 μου
3482 905 3631 974 παρά
3675 905 3888 974 Κυρίῳ,

2306 1001 2399 1047 καὶ
2424 997 2451 1046 6
2478 996 2635 1058 πόνος
2658 1012 2757 1065 μου
2785 994 3023 1048 ἐναντίον
3045 992 3137 1046 τοῦ
3160 994 3296 1046 Θεοῦ
3328 1012 3449 1064 μου.
3479 996 3587 1046 Καὶ
3620 995 3718 1048 νῦν
3750 994 3891 1046 οὕτω

2306 1086 2449 1153 λέγει
2478 1084 2701 1155 Κύριος,
2732 1088 2760 1139 6
2794 1086 3004 1146 πλάσας
3030 1101 3097 1156 με
3131 1087 3195 1137 ἐκ
3228 1086 3438 1148 κοιλίας
3467 1085 3653 1138 δοῦλον
3684 1084 3887 1154 ἐαυτῷ,

2305 1175 2397 1228 τοῦ
2424 1179 2741 1243 συναγαγεῖν
2769 1177 2859 1228 τὸν
2875 1174 3066 1229 Ἰακὼϐ
3100 1175 3238 1247 πρὸς
3275 1176 3459 1239 αὐτὸν,
3509 1176 3602 1228 καὶ
3641 1175 3882 1246 Ἰσραήλ·

2307 1266 2707 1338 συναχθήσομαι
2756 1269 2850 1321 καὶ
2897 1268 3301 1339 δοξασθήσομαι
3355 1267 3598 1320 ἐναντίον
3648 1267 3887 1338 Κυρίου,

2307 1360 2399 1411 καὶ
2432 1361 2459 1410 6
2488 1358 2616 1420 Θεὸς
2668 1376 2768 1427 μου
2810 1358 2962 1412 ἔσται
3011 1376 3099 1428 μοι
3146 1357 3316 1427 ἰσχύς.
3354 1376 3372 1408 ι
3408 1358 3469 1411 El
3505 1358 3613 1429 γὰρ
3660 1358 3757 1410 καὶ
3806 1358 3887 1428 μὴ

2306 1449 2581 1521 ἄνθρωποι
2618 1450 2947 1520 κατορθῶσι,
2984 1450 3105 1520 μηδ’
3154 1449 3320 1515 ἀξίως
3351 1448 3459 1501 τῶν
3494 1448 3642 1519 ἐμῶν
3677 1448 3882 1510 πόνων,

2304 1534 2377 1593 ὧν
2403 1541 2670 1611 ὑπέμεινα
2702 1540 2769 1593 δι’
2798 1543 3013 1605 αὐτοὺς,
3061 1539 3417 1609 ὠφελοῦνται·
3464 1541 3579 1592 ἀλλ’
3631 1539 3765 1608 ἐγὼ,
3811 1539 3883 1593 τὰ

2304 1634 2433 1703 παρ’
2456 1632 2694 1704 ἐμαυτοῦ
2726 1633 2959 1704 πράξας,
2990 1634 3229 1686 ἐναντίον
3256 1631 3351 1684 τοῦ
3383 1632 3517 1685 θεοῦ
3549 1650 3649 1703 μου
3674 1632 3735 1684 τὸ
3772 1649 3883 1684 πα-

2302 1725 2484 1795 τρικὸν
2516 1724 2802 1778 ἐτελείωσα
2834 1725 3110 1795 βούλημα·
3145 1723 3226 1777 διὸ
3267 1724 3498 1795 πρώτοις
3530 1726 3715 1787 αὐτοῖς
3751 1725 3885 1793 ἐκή-

2306 1814 2436 1883 ρυξα
2464 1818 2575 1878 τοὶς
2607 1817 2671 1867 ἐκ
2698 1816 2997 1887 περιτομῆς
3025 1815 3123 1886 τὴν
3156 1816 3432 1885 σωτηρίαν
3468 1817 3561 1868 καὶ
3609 1814 3883 1886 πατρικὴν

2300 1905 2478 1975 χάριν.
2520 1904 2577 1956 '0
2600 1904 2710 1975 γὰρ
2742 1904 2949 1968 πλάσας
2982 1922 3049 1974 με
3083 1906 3147 1957 ἐκ
3192 1904 3399 1968 κοιλίας
3431 1904 3616 1957 δοῦλον
3671 1905 3878 1975 ἐαυτῷ,

2300 1996 2393 2047 καὶ
2417 1998 2479 2047 ἐκ
2506 1996 2601 2048 τοῦ
2638 1996 2851 2067 Ἰσραὴλ
2871 1995 2930 2047 τὸ
2951 1995 3110 2066 σῶμά
3138 2014 3235 2067 μου
3260 1996 3699 2059 κατασκευάσας,
3728 1997 3883 2069 πρώ-

2298 2103 2409 2149 τοις
2436 2088 2619 2150 αὐτοῖς
2652 2086 2885 2158 κηρῦξαι
2922 2087 3241 2157 βεϐούληται
3272 2087 3372 2157 τὴν
3408 2087 3647 2157 ἐμαυτοῦ
3690 2090 3878 2160 χάριν,

2299 2178 2376 2239 εἰς
2404 2177 2464 2228 τὸ
2510 2180 2833 2245 συναγαγεῖν
2858 2178 2952 2231 τὸν
2997 2177 3186 2231 Ἰακὼϐ
3230 2178 3365 2248 πρὸς
3410 2178 3591 2235 αὑτὸν.
3639 2181 3737 2231 καὶ
3785 2178 3879 2233 τὸν

2310 2268 2541 2337 Ἰσραήλ.
2562 2269 2798 2331 Εἰκότως
2814 2264 2906 2322 οὖν
2926 2270 3182 2340 παραινεῖ
3194 2268 3387 2337 λέγων,
3405 2288 3423 2320 ι
3453 2271 3545 2332 Εἰς
3566 2271 3686 2323 ὁδὸν
3704 2272 3879 2324 ἐθνῶν

2301 2357 2373 2426 μὴ
2410 2355 2699 2426 ἀπέλθητε,
2728 2358 2822 2409 καὶ⁸
2854 2359 2932 2419 εἰς
2980 2357 3133 2409 πόλιν
3176 2357 3531 2428 Σαμαρειτῶν
3573 2358 3647 2429 μὴ
3696 2358 3879 2412 sica-

2298 2446 2427 2515 θητε
2447 2463 2459 2475 ·
2496 2447 2791 2518 πορεύεσθε
2820 2447 2874 2499 δὲ
2910 2447 3109 2517 μᾶλλον
3141 2450 3221 2510 είς
3247 2447 3317 2500 τὰ
3357 2447 3605 2519 προϐατα
3631 2449 3703 2502 τά
3737 2451 3878 2503 ἁπτο-

2296 2536 2500 2591 λωλὸτα
2540 2540 2688 2591 οἴκου
2749 2540 2980 2609 Ἰσραήλ.
3024 2558 3041 2589 ι
3086 2538 3143 2591 'U
3177 2540 3275 2610 μὲν
3315 2535 3408 2593 οὖν
3448 2541 3637 2613 Πατὴρ
3686 2544 3771 2605 είς
3814 2543 3877 2595 τὸ

2298 2632 2621 2697 συναγαγεῖν
2658 2630 2740 2682 τὸν
2803 2630 2998 2683 Ἰακὼϐ
3048 2632 3141 2684 καὶ
3186 2632 3276 2684 τὸν
3322 2631 3556 2703 Ἰσραὴλ,
3599 2635 3875 2706 ηὐδόκησε

2295 2718 2390 2790 τὴν
2416 2722 2497 2795 εἰς
2542 2720 2861 2790 ἀνθρώπους
2894 2722 3124 2795 πάροδόν
3174 2740 3240 2792 με
3272 2724 3624 2795 ποιήσασθαι,
3673 2728 3871 2794 εἰπὼν,

2301 2829 2319 2861 ι
2369 2792 2455 2863 ’έν
2492 2811 2573 2864 σοὶ
2616 2792 3033 2883 δοξασθήσομαι·
3070 2832 3088 2862 ι
3123 2812 3233 2879 ἐγὼ
3259 2814 3316 2865 δὲ
3346 2792 3445 2885 την
3485 2815 3749 2871 ἀπιστίαν
3781 2792 3873 2869 καλ

2294 2902 2391 2973 τὴν
2442 2904 2870 2975 σκληροκαρδίαν
2898 2903 3113 2975 θεωρῶν
3139 2904 3232 2957 τοῦ
3273 2906 3514 2977 Ἰσραὴλ,
3562 2902 3719 2960 εἷπον
3766 2908 3870 2979 ἦδη

2297 2994 2581 3065 πρότερον,
2614 2996 2716 3057 ὅτι,
2751 3015 2769 3046 ι
2804 2992 2989 3059 Κενῶς
3034 2996 3320 3049 ἐκοπίασαο
3352 2998 3430 3059 εἰς
3459 2996 3635 3067 μάτην
3667 2998 3763 3051 καὶ
3792 3000 3870 3061 είς

640 3098 694 3150 in
726 3096 946 3149 nihilum
980 3092 1098 3147 dedi
1130 3090 1496 3145 fortitudinem
1530 3104 1722 3143 meam.
1758 3108 1776 3141 ›
1823 3089 1877 3143 la
1903 3091 2023 3143 aliis
2053 3106 2188 3158 quo-

2299 3085 2443 3137 οὐδέν
2470 3085 2644 3137 ἔδωκα
2681 3086 2780 3157 τὴν
2814 3086 2965 3155 ίσχύν
3015 3104 3134 3156 μου.
3170 3106 3188 3137 ι
3241 3088 3347 3140 Καὶ
3381 3088 3438 3139 ἐν
3470 3087 3680 3158 ἑτέροις
3721 3087 3870 3141 τοῦτ’

641 3202 745 3256 que
779 3187 1005 3255 idipsum
1042 3182 1281 3237 declarat
1320 3180 1404 3235 bis
1432 3180 1610 3235 verbis
1651 3198 1663 3235 :
1698 3200 1715 3229 ι
1748 3180 1875 3246 Qua:
1908 3180 2109 3234 utilitas
2142 3182 2193 3234 in

638 3280 896 3349 sanguine
922 3291 1061 3341 meo,
1092 3274 1216 3328 dum
1242 3272 1506 3327 descendo
1547 3273 1597 3325 in
1630 3272 2026 3340 corruptionem
2056 3271 2144 3324 '5?
2170 3289 2188 3322 ι

641 3370 763 3426 Sola
794 3371 987 3439 quippe
1032 3364 1159 3419 milii
1193 3378 1279 3429 ea,
1318 3378 1438 3432 quae
1467 3364 1534 3415 ab
1564 3362 1682 3431 ipso
1732 3374 1836 3427 est,
1873 3363 2042 3431 gloria
2074 3376 2191 3416 ser-

639 3474 815 3529 vatur,
836 3472 887 3517 et
912 3465 1023 3529 ipse
1038 3459 1254 3528 quidem
1284 3466 1365 3510 est
1388 3452 1665 3511 fortitudo.
1692 3454 2021 3509 Admiranda
2052 3456 2191 3508 enim

642 3565 695 3609 et
728 3552 985 3622 stupenda
1016 3550 1132 3619 ejus
1161 3561 1346 3617 Opera,
1393 3546 1609 3601 virtutis
1650 3545 1767 3617 ejus
1818 3556 2190 3616 argumentum

640 3658 812 3700 erant.

710 3755 869 3809 Vens.
917 3754 967 3808 6.
1022 3753 1131 3808 «Et
1162 3751 1296 3805 dixit
1343 3750 1497 3809 mihi.
1552 3750 1799 3821 Magnum
1850 3760 1934 3807 est
1980 3751 2073 3805 tibi
2129 3760 2188 3804 ut

634 3848 846 3901 voceris
896 3859 1030 3914 puer
1088 3859 1259 3906 meus,
1306 3852 1363 3895 ut
1410 3851 1619 3897 statuas
1679 3843 1848 3895 tribus
1895 3839 2081 3905 Iacob,
2138 3850 2193 3896 et

638 3934 1021 4001 dispersiouem
1049 3930 1209 3985 Israel
1243 3940 1551 3983 convertas.
1581 3947 1600 3980 ι
1635 3927 1763 3983 Nam
1798 3945 1982 3985 revera
2019 3931 2191 3983 niaxi-

638 4038 783 4077 mum
828 4030 945 4075 erat
994 4019 1288 4074 Salvatoris
1335 4019 1504 4073 nostri
1558 4006 1712 4088 opus,
1772 4021 1913 4089 quod
1964 4020 2188 4075 formam

637 4113 779 4169 servi
821 4110 1111 4181 acceperit,
1151 4120 1205 4164 et
1244 4111 1529 4163 humanam
1564 4110 1962 4180 generationem
2006 4112 2190 4166 subie-

639 4206 729 4260 rit.
769 4203 938 4257 Causa
973 4215 1132 4270 porro
1162 4216 1258 4255 cur
1295 4199 1541 4255 Salvator
1597 4215 1786 4256 servus
1828 4199 2049 4255 ell‘cctus
2097 4202 2188 4266 sit,

638 4296 754 4348 lucc
794 4303 941 4355 erat,
991 4291 1068 4344 uti
1127 4290 1336 4344 scilicet
1384 4290 1554 4344 tribus
1590 4289 1753 4345 Jac‘ob
1783 4301 2086 4352 statueret,
2136 4301 2191 4344 et

637 4377 999 4446 dispersiones
1027 4374 1239 4431 lsraelis
1269 4387 1628 4433 converteret.
1658 4378 1777 4431 Ideo
1808 4379 1935 4447 ipsis
1956 4381 2186 4447 primum

2298 3174 2428 3227 αὐτὸ
2454 3174 2601 3244 δηλοῖ
2631 3174 2820 3239 εἰπὼν,
2867 3195 2884 3226 ι
2922 3175 3017 3238 Τίς
3047 3175 3282 3245 ὠφέλεια
3317 3177 3374 3228 ἐν
3403 3175 3481 3247 τῷ
3520 3176 3710 3246 αἵματί
3742 3194 3868 3248 μου,

2297 3266 2355 3317 ἐν
2380 3265 2457 3335 τῷ
2486 3266 2832 3320 καταϐαίνειν
2861 3282 2927 3335 με
2956 3268 3035 3329 εἰς
3062 3265 3355 3339 διαφθοράν
3379 3280 3394 3331 ;
3437 3285 3455 3317 ι
3512 3267 3663 3337 Μόνη
3690 3268 3803 3342 γὰρ
3835 3270 3868 3339 ἡ

2297 3359 2425 3429 παρ’
2456 3358 2620 3411 αὑτοῦ
2685 3376 2773 3429 μοι
2836 3358 2961 3421 δόξα
3021 3358 3390 3426 πεφύλακται,
3427 3360 3521 3411 καὶ
3561 3359 3725 3421 αὐτὸς
3770 3358 3869 3431 μιν

2295 3449 2441 3499 ἐστιν
2470 3450 2503 3518 ἡ
2552 3448 2724 3518 ίσχύς.
2756 3448 2835 3501 Τά
2868 3448 2995 3516 γοῦν
3022 3448 3297 3519 θαυμάσια
3342 3450 3434 3501 καὶ
3468 3447 3540 3501 τὰ
3584 3450 3870 3520 παράδοξα

2293 3538 2429 3609 ἔργα
2465 3539 2953 3611 διεμπεπραγμένα
2999 3539 3099 3609 τῆς
3137 3538 3299 3592 αὑτοῦ
3345 3539 3624 3604 δυνάιιεως
3654 3538 3722 3612 ἦν
3759 3559 3867 3595 πα·

2294 3633 2615 3700 ραστατικά.

2370 3764 2387 3797 σ
2428 3747 2535 3799 Καὶ
2579 3743 2699 3799 εἶπέ
2735 3764 2853 3817 μοι,
2896 3748 3054 3817 Μέγα
3094 3750 3175 3802 σοί
3209 3750 3324 3802 ἐστι
3367 3750 3459 3803 τοῦ
3500 3749 3771 3819 κληθῆναι
3807 3768 3866 3807 σε

2294 3836 2455 3889 παῖδά
2488 3855 2609 3906 μου,
2649 3838 2743 3890 τοῦ
2787 3842 2978 3909 στῆσαι
3018 3840 3117 3903 τὰς
3158 3841 3326 3909 φυλὰς
3378 3840 3605 3903 Ἰακὼϐ,
3640 3843 3734 3896 καὶ
3769 3843 3868 3912 τὴν

2290 3926 2581 3999 διασπορὰν
2624 3928 2714 3981 τοῦ
2762 3929 2976 4000 Ἰσραὴλ
3024 3931 3366 4001 ἐπιστρέψαι.
3420 3950 3438 3982 ι
3488 3932 3597 3985 Kal.
3638 3938 3750 4005 γάρ
3791 3933 3866 3997 ὼς

2292 4016 2503 4087 ἀληθῶς
2531 4018 2782 4088 μέγιστον
2816 4020 2972 4090 ἔργον
2992 4022 3084 4074 τοῦ
3109 4022 3356 4092 Σωτῆρος
3381 4024 3536 4094 ἡμῶν
3560 4024 3619 4077 τδ
3650 4026 3865 4097 μορφὴν

2290 4106 2472 4160 δούλου
2512 4108 2829 4174 ἀναλαϐεῖν,
2873 4112 2966 4163 καὶ
3010 4112 3108 4183 τὴν
3138 4113 3195 4164 ἐν
3236 4112 3540 4182 ἀνθρώποις
3572 4115 3864 4185 ὑπομένειν

2292 4196 2560 4266 γέννησιν.
2620 4198 2662 4248 Τ
2665 4198 2693 4249 ὸ
2743 4197 2797 4250 δὲ
2848 4199 3019 4251 αἴτιον
3070 4199 3163 4252 τοῦ
3219 4200 3401 4253 δοῦλον
3466 4203 3717 4269 γενέσθαι
3773 4204 3863 4258 τὸν

2292 4287 2537 4357 Σωτῆρα,
2565 4286 2721 4340 τοῦτο
2745 4282 2830 4358 ἦν·
2850 4288 2991 4356 λέγω
3011 4290 3073 4361 δὴ
3100 4290 3290 4360 στῆσαι
3317 4292 3415 4355 τὰς
3440 4292 3611 4361 φυλὰς
3645 4294 3859 4357 Ἰακὼϐ,

2294 4376 2383 4427 καὶ
2408 4376 2505 4440 τὰς
2526 4377 2822 4448 διασπορὰς
2855 4379 2949 4432 τοῦ
2996 4381 3207 4453 Ἰσραὴλ
3246 4383 3591 4454 ἐπιπρέψαι.
3636 4385 3728 4438 Διδ
3768 4387 3861 4440 αὖ·

635 4471 981 4540 ρινιηίίεοὺοι,
1016 4468 1106 4537 qui
1141 4470 1335 4523 animis
1364 4469 1558 4537 captivi
1590 4479 1764 4532 crant,
1793 4471 2183 4536 dimissionem,

2299 4469 2403 4529 τοῖς
2428 4467 2660 4539 πρώτοις
2682 4469 2997 4539 ἐκήρυττεν,
3038 4472 3399 4541 αἰχμαλώτοις
3421 4471 3538 4527 οὖσι
3562 4475 3659 4538 τας
3684 4476 3859 4548 ψυχὰς

638 4569 694 4613 ct
720 4560 877 4614 ctecis
906 4560 1053 4611 visus
1080 4558 1496 4612 restitutionem.
1548 4557 1813 4623 Quoniam
1858 4558 1928 4612 illi
1961 4561 2187 4628 gratiam

640 4663 745 4701 non
793 4656 1185 4713 susceperunt,
1261 4657 1656 4717 consequenter
1706 4647 1905 4701 dicitur
1952 4660 2133 4717 postea
2173 4668 2187 4703 :

644 4759 665 4793 ι
692 4740 829 4793 Ecce
858 4739 1009 4808 posui
1045 4747 1095 4792 te
1124 4738 1176 4791 in
1211 4748 1588 4794 testamentum
1618 4740 1855 4808 generis,
1908 4740 1960 4793 in
2019 4741 2187 4795 lucem

636 4831 909 4900 gentium;
964 4838 1023 4882 ut
1073 4830 1148 4883 sis
1196 4829 1248 4883 in
1293 4830 1518 4885 salutem
1567 4843 1736 4899 usque
1786 4829 1852 4882 ad
1887 4838 2187 4885 extremum

638 4935 813 4979 terra'.
843 4944 861 4976 ι

710 5036 870 5091 Vens.
895 5038 1006 5103 7,8.
1046 5055 1063 5089 ι
1093 5035 1184 5090 Sic
1207 5036 1336 5090 dicit
1364 5035 1642 5102 Dominus,
1667 5037 1755 5107 qui
1781 5036 1922 5091 eruit
1949 5045 2017 5097 te,
2053 5035 2191 5089 Deus

634 5130 821 5183 lsrael.
853 5149 871 5180 ι
936 5130 1051 5197 Ipse
1107 5144 1357 5198 namque,
1415 5130 1504 5198 qui
1552 5131 1677 5183 olim
1728 5131 1884 5185 Israel
1936 5132 2078 5185 eruit
2126 5132 2191 5185 de

639 5236 799 5272 manu
850 5219 1213 5289 [Egyptiorum
1244 5259 1256 5283 ,
1316 5220 1461 5273 vobis
1516 5236 1731 5289 quoque
1766 5223 2014 5290 gentibus
2077 5224 2189 5275 inec

638 5312 939 5368 annuntiat.
971 5320 1024 5364 et
1049 5312 1290 5381 praecipit
1322 5312 1531 5375 dicens,
1586 5328 1604 5361 r
1637 5312 1983 5366 Sanctificale
2037 5329 2188 5375 eum,

635 5403 724 5467 qui
762 5403 987 5471 despicit
1028 5405 1264 5457 animam
1314 5418 1500 5467 suam;
1535 5422 1551 5453 ι
1603 5415 1805 5473 quanto
1847 5407 1991 5459 enim
2024 5406 2190 5473 magis

639 5490 725 5542 ille
787 5506 904 5545 sese
952 5492 1249 5545 bumiliavit
1309 5505 1475 5559 usque
1523 5492 1590 5544 ad
1636 5506 1884 5559 mortem,
1932 5506 1986 5549 et
2040 5510 2185 5548 mor—

664 5772 700 5800 ⁵³
742 5770 927 5825 Matth.
965 5792 1014 5839 x,
1053 5777 1101 5839 ὅ,
1127 5781 1177 5830 ti.
1217 5778 1259 5806 "
1292 5776 1427 5829 l‘sal.
1470 5791 1613 5839 uix,
1653 5776 1736 5827 10.

2296 4551 2391 4622 τὴν
2419 4550 2633 4622 ἄφεσιν,
2655 4554 2745 4605 καὶ
2771 4553 2989 4622 τυφλοῖς
3018 4551 3135 4609 οὖσι
3164 4557 3262 4625 τὴν
3295 4559 3609 4628 ἀνάϐλεψιν.
3640 4562 3857 4634 Ἐπειδὴ

2300 4643 2371 4712 μὴ
2410 4644 2762 4715 παρεδέχοντο
2791 4646 2888 4715 τὴν
2926 4646 3085 4715 χάριν
3120 4648 3332 4710 ἐκεῖνοι,
3368 4643 3673 4714 ἀκολούθως
3708 4654 3856 4724 εἰρη-

2294 4750 2381 4785 ται
2419 4732 2573 4805 ἑξῆς·
2630 4755 2647 4783 ι
2692 4735 2823 4787 Ἰδοὺ
2862 4735 3084 4789 τέθεικά
3125 4754 3181 4789 σε
3224 4739 3303 4799 εἰς
3343 4738 3608 4810 διαθήκην
3642 4741 3853 4809 γένους,

2295 4827 2371 4887 εἰς
2397 4825 2509 4893 φῶς
2545 4825 2714 4879 ἐθνῶν
2734 4865 2749 4890 ,
2783 4826 2875 4879 τοῦ
2906 4823 3039 4879 εἷναί
3067 4844 3123 4879 σε
3152 4830 3229 4891 εἰς
3257 4830 3527 4900 σωτηρίαν
3552 4832 3656 4895 ἕως
3694 4835 3853 4904 ἐσχά-

2293 4933 2384 4968 του
2410 4918 2531 4988 γῆς.
2571 4937 2587 4968 ι

2367 5062 2384 5091 ι
2437 5043 2621 5106 οὕτως
2665 5044 2809 5111 λέγει
2848 5044 3070 5115 Κύριος,
3120 5048 3148 5099 6
3193 5048 3495 5118 ῥυσάμενος
3544 5067 3624 5113 σε,
3655 5053 3685 5105 6
3725 5052 3850 5118 Θεὸς

2304 5132 2535 5201 Ἰσραήλ,
2585 5150 2601 5181 ι
2646 5134 2814 5195 Αὐτὸς
2856 5132 2981 5204 γάρ,
3026 5136 3209 5205 φησιν,
3244 5138 3467 5202 ἐκεῖνος,
3508 5142 3536 5193 6
3567 5140 3735 5195 παλαι
3763 5144 3849 5196 τὸν

2305 5220 2515 5291 Ἰσραὴλ
2552 5223 2848 5292 ῥυσάμενος
2886 5226 2947 5277 ἐκ
2981 5227 3159 5296 χειρὸς
3190 5229 3501 5295 Αἰγυπτίων
3522 5271 3536 5293 ,
3563 5232 3726 5297 αὐτὸς
3761 5236 3848 5287 καὶ

2292 5315 2418 5383 ὑμῖν
2448 5318 2559 5377 τοῖς
2588 5316 2763 5369 ἔθνεσι
2803 5319 2973 5372 ταῦτα
3013 5324 3341 5390 προσφωνεῖ,
3379 5324 3471 5375 καὶ
3513 5323 3846 5379 διατάττεται

2291 5404 2481 5472 λέγων·
2505 5426 2523 5456 ‹
2547 5407 2829 5474 ’Λγιάσατε
2854 5410 2941 5461 τὸν
2962 5411 3281 5478 φαυλίζοντα
3310 5412 3407 5484 τὴν
3431 5414 3607 5483 ψυχὴν
3627 5417 3805 5469 αὐτοῦ’
3823 5436 3838 5467 ι

2288 5495 2407 5547 ὅσον
2422 5495 2527 5565 γὰρ
2541 5497 2725 5549 ἑαυτὸν
2742 5499 3064 5553 ἐταπείνωσε
3082 5502 3237 5572 μέχρι
3252 5502 3500 5564 θανάτου.
3518 5506 3607 5557 καὶ
3621 5505 3841 5563 θανάτου
