4058 6386
263 410 376 465 453

1161 394 1676 456 COMMENTARIA
1713 393 1784 447 ΙΝ
1824 388 2079 447 ιεΑιΑιιι.
2117 416 2187 429 -
2220 383 2374 441 CAP.
2415 381 2604 437 XLiX.

3423 377 3528 432 454

264 523 530 594 σταυροῦ,
556 522 777 576 τοσοῦτο
810 519 965 590 ὑμεῖς
986 517 1147 571 αὑτὸν
1174 515 1473 582 δοξάζεται
1497 515 1601 567 Τὸν
1629 510 1839 582 βδελυσ-

1951 515 2055 561 tem
2082 502 2260 559 crucis
2279 541 2295 564 ,
2328 507 2479 554 tanto
2507 493 2681 564 magis
2725 507 2823 549 vos
2859 493 3034 564 ipsum
3061 492 3348 547 celebrate.
3383 508 3401 542 ι
3426 491 3529 556 Qui

263 617 494 684 σόμενον
533 614 638 667 ὑπὸ
668 609 1006 674 τώγ’ἐθνῶν,
1038 607 1146 662 τῶν
1176 607 1376 662 δούλων
1408 605 1517 658 τῶν
1552 603 1843 674 ἀρχόντων.

264 707 519 768 Βασιλεῖς
561 703 777 772 ὃψονται
827 701 1022 764 αὑτὸν,
1079 701 1175 753 καὶ
1214 699 1609 769 ἀναστήσονται
1656 695 1848 765 ἄρχονά

262 817 381 863 τες.
423 799 517 851 καὶ
553 781 1032 867 προσκυνήσουσιᾶ
1061 789 1230 861 αὐτῷ,
1270 790 1454 842 ἕνεκεν
1487 790 1689 860 Κυρίου
1710 802 1723 816 '
1764 786 1846 837 ὅτι

265 889 457 950 πιστός
478 890 624 939 ἐστιν
651 889 680 939 6
699 887 884 954 Ἀγιος
929 883 1163 956 Ἰσραὴλ,
1195 882 1289 935 καὶ
1303 878 1632 949 ἐξελεξάμην
1656 893 1714 929 σε
1738 875 1847 928 τῶν

263 979 472 1034 δούλων
500 976 608 1029 τῶν
637 976 928 1047 ἀρχόντωνσ
968 995 986 1026 ι
1022 973 1165 1041 λέγω
1204 971 1269 1042 δὴ
1309 960 1422 1033 τοῖς
1449 970 1702 1040 πονηροῖς
1734 965 1848 1018 δαί-

271 1085 466 1140 μοσιν,
507 1069 556 1120 οἱ
612 1066 722 1138 γὰρ
762 1066 840 1120 ἔτι
900 1065 1112 1126 τούτοις
1172 1059 1693 1129 καταδεδουλωμένοι
1757 1055 1846 1108 τὸν

262 1160 502 1231 Χριστὸν
533 1157 628 1211 τοῦ
660 1158 793 1210 Θεοῦ
845 1153 1308 1226 βλασφημοῦνται.
1359 1151 1743 1204 Βδελύσσονται
1788 1148 1846 1200 δέ

266 1251 527 1323 σύροντες
576 1251 670 1303 καὶ
717 1249 1103 1318 χλευάζοντες,
1140 1245 1233 1298 καὶ
1276 1242 1624 1314 φαυλὶζοντες
1680 1239 1844 1294 αὑτοῦ

261 1341 361 1393 τὸν
412 1341 660 1393 θάνατον.
710 1337 868 1390 Ἀλλά
925 1339 1033 1408 γὰρ
1085 1337 1240 1405 ὑμεῖς
1289 1329 1370 1398 οἷς
1424 1334 1626 1401 όλὸγος
1680 1348 1847 1401 προσ-

264 1436 468 1502 φωνεῖ,
511 1432 698 1486 τοῦτον
732 1429 892 1482 αὑτὸν
935 1429 1196 1496 ἁγιάσατε
1231 1425 1562 1490 δοξάζοντες.
1602 1425 1721 1476 ἐπεὶ
1753 1423 1846 1476 καὶ

268 1543 292 1575 α
336 1526 444 1577 πᾶν
470 1524 600 1592 γόνυ
637 1520 843 1591 κάμψει
873 1519 1019 1588 αύτῷ
1061 1517 1397 1588 ἐπουρανίων
1423 1516 1520 1569 καὶ
1553 1516 1808 1581 ἐπιγείων
1827 1554 1842 1577 ,

261 1616 362 1669 καὶ
395 1613 782 1684 καταχθονίων,
816 1613 909 1665 καὶ
938 1613 1088 1664 πᾶσα
1127 1610 1346 1678 γλῶσσα
1373 1607 1843 1678 ἐξομολογήσεται,

258 1708 348 1760 ὅτι
372 1706 575 1776 Κύριος
610 1703 816 1775 Ἰησοῦς
838 1704 1070 1773 Χριστὸς
1098 1703 1176 1763 εις
1199 1702 1354 1767 δόξαν
1386 1699 1520 1753 Θεοῦ
1545 1692 1782 1769 Πατρὸς,
1822 1718 1840 1750 ι

257 1799 393 1852 ὅταν
432 1796 562 1868 ἔλθῃ
607 1798 664 1848 ἐν
699 1799 764 1866 τῇ
811 1796 938 1866 δόξᾳ
978 1794 1071 1847 τοῦ
1107 1793 1319 1864 Πατρὸς
1347 1791 1510 1847 αὐτοῦ
1564 1790 1702 1860 μετά
1736 1790 1846 1843 τῶν

1948 606 2032 652 est
2081 591 2467 650 abominationi
2515 587 2800 658 gentibus,
2863 584 3038 640 servis
3064 583 3387 653 principum.
3425 580 3536 636 Re-

1948 703 2043 758 ges
2105 685 2364 740 videbunt
2414 696 2575 744 eum,
2629 686 2686 732 ει
2734 684 3062 746 consurgent
3091 674 3387 744 principes
3423 691 3438 727 :
3477 683 3535 727 et

1948 781 2249 833 adorabunt
2307 789 2428 829 eum
2477 780 2698 841 propter
2748 767 3061 828 Dominum,
3091 768 3214 834 quia
3253 764 3426 819 ﬁdelis
3450 774 3536 819 est

1952 868 2185 923 Sanctus
2227 864 2413 927 lsrael.
2440 873 2494 918 et
2527 860 2663 931 elegi
2706 868 2758 914 te
2791 873 2818 912 a
2848 858 3021 912 servis
3050 855 3390 924 principum;
3424 872 3443 905 ι
3480 855 3535 909 id

1947 969 2057 1022 est,
2095 955 2452 1026 malignorum
2488 951 2791 1006 daemonum
2825 966 2840 1002 :
2893 961 3016 1000 nam
3041 946 3077 999 ii
3108 946 3201 1014 qui
3227 943 3296 998 ab
3321 944 3451 1012 ipsis
3478 943 3534 997 in

1946 1049 2266 1107 servitutem
2299 1044 2499 1099 redacti
2522 1049 2672 1106 sunt,
2700 1041 2752 1094 in
2777 1039 3053 1096 Christum
3090 1037 3180 1092 Dei
3217 1037 3532 1106 blasphema

1949 1144 2091 1197 dicta
2116 1137 2419 1210 proferunt.
2447 1135 2625 1203 Ipsum
2671 1141 2850 1186 autem
2890 1130 3280 1185 abominationi
3309 1128 3530 1191 habent,

1949 1230 2321 1290 traducentes,
2377 1224 2669 1278 irridentes
2721 1237 2785 1276 ae
2834 1221 3237 1288 vilipeudentes
3296 1229 3531 1274 mortem

1947 1322 2082 1389 ejus.
2109 1319 2178 1373 At
2209 1333 2328 1382 vos,
2360 1331 2497 1388 quos
2529 1328 2710 1369 sermo
2741 1312 3048 1383 compellat,
3076 1311 3325 1365 eumdem
3354 1311 3530 1380 ipsum

1948 1410 2286 1467 sanetilicate
2333 1419 2388 1464 et
2422 1407 2594 1479 gloria
2621 1405 2840 1471 aﬂicite,
2885 1405 3136 1474 quoniam
3169 1402 3269 1473 ipsi
3324 1423 3343 1455 ι
3370 1419 3532 1458 omne

1901 1519 2089 1604 igenu
2138 1503 2388 1557 ﬂectetur
2430 1498 2730 1553 etelestium
2755 1538 2770 1562 ,
2816 1498 3159 1552 terrestrium
3199 1507 3251 1551 et
3287 1495 3521 1551 inferno-

1949 1610 2068 1648 rum
2099 1633 2112 1658 ,
2144 1603 2197 1647 et
2221 1591 2398 1647 omnis
2440 1590 2619 1660 lingua
2667 1589 3014 1644 conﬁtebitur
3072 1588 3198 1659 quia
3272 1589 3532 1644 Dominus

1947 1685 2103 1740 Jesus
2133 1685 2382 1740 Christus
2414 1684 2467 1737 in
2505 1682 2675 1753 gloria
2711 1690 2794 1735 est
2822 1681 2914 1736 Dci
2950 1681 3130 1736 Patris
3157 1680 3226 1744 ⁸³,
3263 1699 3281 1732 ι
3316 1683 3532 1750 quando

1949 1779 2127 1832 veniet
2147 1778 2199 1831 in
2227 1776 2396 1848 gloria
2427 1773 2612 1830 Patris
2628 1773 2708 1829 sui
2734 1788 2858 1828 cum
2885 1772 3093 1843 angelis
3124 1770 3261 1840 ejus,
3293 1783 3344 1826 et
3375 1773 3531 1826 sede-

261 1888 513 1956 ἀγγὲλων
535 1861 862 1950 ἀὺτοῦ,“καὶ
896 1861 1096 1956 καθίσῃ
1139 1861 1239 1938 ἐπὶ.
1267 1884 1454 1954 θρόνου
1483 1882 1640 1952 δόξης
1676 1883 1839 1936 αὑτοῦ

1949 1871 2026 1924 bit
2048 1871 2099 1923 in
2136 1871 2334 1924 throno
2358 1868 2546 1939 gloria:
2578 1867 2694 1934 cjus
2718 1865 2968 1935 judicans
2990 1866 3142 1919 vivos
3172 1873 3228 1920 et
3263 1874 3524 1918 mortuos.

261 1977 466 2045 κρίνων
490 1975 697 2041 ζῶντας
721 1978 816 2029 καὶ
834 1975 1060 2046 νεκρούς
1077 1992 1090 2005 °
1113 1975 1234 2048 τότε
1257 1976 1362 2048 γὰρ
1387 1975 1585 2038 πάντες
1609 1991 1843 2044 προσκυ-

259 2067 520 2137 νήσουσιν
545 2066 692 2137 αύτῷ
728 2068 912 2120 ἕνεκεν
938 2067 1142 2138 Κυρίου
1172 2066 1266 2122 τοῦ
1302 2067 1513 2136 Πατρός
1547 2065 1732 2128 αὑτοῦ,
1763 2066 1843 2117 ὅτι

260 2159 455 2222 πιστός
488 2159 633 2210 ἐστιν
665 2158 693 2210 ό
714 2159 904 2226 ’Ἄγιος
930 2157 1160 2229 ’Ἰσραὴλ
1199 2161 1226 2210 6
1269 2156 1623 2227 ἐκλεξάμενος
1659 2156 1839 2208 αὐτόν.

275 2249 422 2300 Ἀντὶ
451 2247 507 2300 δέ
538 2247 655 2312 τοῦ,
695 2268 713 2299 ι
761 2249 868 2302 Καὶ
900 2247 1228 2319 ἐξελεξάμην
1267 2264 1415 2313 σεητ
1456 2250 1484 2300 ὁ
1527 2248 1840 2318 Σύμμαχος,

265 2357 287 2388 ι
337 2338 646 2404 Ἐξελέξατό
667 2339 754 2402 σε,
786 2358 804 2390 ι
833 2341 1040 2410 εἴρηκε.
1070 2339 1255 2392 Ταῦτα
1287 2340 1386 2410 μὲν
1411 2335 1503 2393 οὖν
1526 2342 1638 2401 τοῖς
1667 2338 1843 2391 ἔθνεσι

260 2432 661 2503 παραδέδοταγ
697 2431 766 2483 τὰ
821 2432 878 2484 δὲ
915 2431 1274 2502 ἐπιλεγόμενα
1329 2433 1408 2495 εὶς
1468 2430 1632 2486 αὐτοῦ
1678 2433 1844 2502 πρόσ-

257 2539 411 2590 ωπον
435 2523 528 2576 τοῦ
557 2523 808 2594 Σωτῆρος
837 2523 1166 2586 θεσπίζεται·
1194 2516 1237 2590 ᾧ
1258 2523 1350 2576 καί
1384 2541 1513 2594 φησι
1544 2523 1603 2576 τὸ
1621 2522 1844 2592 Πνεῦμα

258 2613 324 2666 τὸ
357 2615 693 2684 προφητικὸν
733 2618 796 2668 ἐκ
838 2614 1124 2686 προσώπου
1155 2616 1248 2668 τοῦ
1288 2617 1536 2687 Πατρὸς’
1583 2635 1601 2667 ι
1651 2615 1844 2686 Καιρῷ

257 2701 438 2772 δεκτῷ
481 2705 762 2774 ἐπήκουσά
804 2721 932 2768 σου,
969 2706 1061 2757 καὶ
1093 2706 1149 2756 ἐν
1182 2707 1366 2777 ἡμέρα
1410 2708 1682 2777 σωτηρίας
1727 2708 1845 2761 ἐϐο-

259 2793 446 2864 ήθησά
487 2811 588 2847 σοι.
640 2814 658 2846 ι
715 2797 926 2864 Σφόδρα
984 2797 1040 2848 δὲ
1109 2797 1435 2866 θαυμαστῶς
1489 2798 1705 2868 εἴρηται
1760 2803 1842 2863 τὸ,

265 2904 286 2936 ι
335 2885 529 2957 Καιρῷ
565 2887 737 2957 δεκτῷ
769 2887 1050 2958 ἐπήκουσά
1082 2905 1173 2940 σου
1197 2905 1210 2917 ·
1257 2909 1274 2939 ι
1306 2884 1458 2952 οὗτος
1495 2890 1552 2942 δὲ
1588 2887 1654 2961 ἦν
1684 2892 1711 2943 ὁ
1744 2892 1844 2960 τῆς

259 2976 615 3039 ἀναστάσεως
636 2975 799 3029 αὑτοῦ
832 2979 1041 3048 χρόνος.
1074 2979 1230 3030 Κατά
1260 2979 1356 3048 μὲν
1383 2979 1490 3051 γὰρ
1528 2979 1617 3031 τὸν
1656 2983 1844 3054 καιρὸν

259 3065 357 3118 τοῦ
417 3065 622 3130 πάθους
670 3068 964 3139 ἀνεϐόησεν
1020 3071 1048 3121 ὁ
1095 3070 1287 3140 Σωτὴρ
1337 3070 1539 3122 εἰπών·
1597 3090 1614 3122 ι
1675 3074 1840 3138 Ἠλεὶ,

275 3157 462 3212 ‘llls‘t'
502 3158 638 3229 λιμά
677 3160 1036 3230 σαϐαχθανεί’
1099 3182 1117 3213 ι
1163 3164 1430 3225 τουτέστι,
1489 3182 1507 3215 ι
1565 3165 1666 3218 Θεέ
1718 3182 1839 3236 μου,

1947 3176 2036 3214 me
2080 3161 2209 3214 ὀῖι
2261 3159 2568 3226 Quinetiam
2606 3168 2858 3228 precatur
2889 3157 2972 3211 his
3017 3155 3195 3209 verbis
3237 3173 3250 3207 :

257 3247 363 3300 Θεέ
404 3266 526 3318 μου,
560 3250 647 3303 ἵνα
682 3252 735 3302 τί
769 3267 834 3322 με
867 3253 1255 3320 ἐγκατέλιπεςς
1291 3275 1310 3307 ι
1366 3255 1525 3308 Ἀλλὰ
1558 3258 1650 3310 καὶ
1677 3275 1844 3327 προσ-

259 3339 481 3408 εύχεται
531 3340 737 3408 λέγων’
802 3361 819 3394 ι
884 3344 1085 3417 Πάτερ,
1127 3348 1174 3397 ει
1229 3346 1486 3411 δυνατὸν,
1528 3347 1844 3418 παρελθέτω

258 3428 358 3480 ἀπ’
388 3429 521 3493 ἐμοῦ
565 3431 626 3483 τὸ
667 3433 925 3503 ποτήριον
964 3435 1152 3487 τοῦτο·
1201 3454 1219 3485 ι
1252 3433 1351 3488 εἷθ’
1390 3437 1466 3500 ὡς
1514 3439 1842 3491 ἀνανεύοντα

256 3517 353 3568 τὸν
397 3519 617 3590 Πατέρα
660 3520 827 3590 ἐώρα,
860 3524 1141 3593 ἐπήγαγε’
1182 3545 1200 3576 ι
1233 3527 1435 3598 Πάτερ,
1476 3529 1524 3580 εἱ
1567 3529 1639 3600 μὴ
1683 3530 1842 3582 δυνα-

253 3607 351 3660 τὸν
376 3610 666 3679 παρελθεῖν
692 3613 842 3676 αὐτὸ,
871 3616 1154 3685 γενηθήτω
1174 3617 1232 3670 τὸ
1261 3605 1471 3688 θέλημά
1496 3636 1610 3675 σου.
1647 3641 1665 3670 ι
1694 3620 1838 3672 Ταύ-

253 3716 359 3771 την
396 3697 488 3754 οὖν
523 3702 621 3774 τὴν
655 3705 817 3776 εὐχὴν
867 3709 947 3769 εἰς
987 3709 1179 3778 καιρὸν
1232 3709 1517 3780 δεχόμενος
1558 3714 1585 3764 6
1623 3712 1833 3783 Πατὴρ,

259 3793 403 3863 μετὰ
440 3794 499 3846 τὸ
521 3795 691 3859 πάθος
726 3796 817 3850 καὶ
858 3799 993 3867 μετά
1030 3799 1130 3868 τὴν
1163 3801 1242 3863 εἰς
1264 3802 1409 3872 ᾅδου.
1427 3803 1674 3868 κάθοδον,
1716 3821 1838 3856 και-

257 3884 354 3956 ρὸν
393 3884 492 3955 τῆς
527 3887 874 3949 ἀναστάσεως
908 3891 1071 3943 αὑτοῦ
1110 3892 1324 3955 δεικνύς
1384 3912 1519 3964 φησι
1559 3895 1694 3965 πρὸς
1741 3896 1838 3948 αύ-

252 3975 370 4028 τόνο
416 3995 435 4026 ι
477 3977 666 4050 Καιρῷ
711 3978 882 4050 δεκτῷ
913 3982 1193 4053 ἐπήκουσά
1234 4001 1348 4050 σου,
1391 4005 1408 4036 ›
1453 3987 1547 4039 καὶ
1585 3987 1654 4039 τὰ
1686 3987 1834 4056 ἐξῆς.

260 4084 281 4117 ο
304 4068 415 4120 Καὶ
448 4068 657 4123 ἐπλασά
691 4086 771 4133 σε,
809 4073 900 4124 καὶ
930 4073 1108 4126 ἔδωκά
1143 4092 1200 4128 σε
1234 4077 1315 4139 εἰς
1340 4077 1606 4148 διαθήκην
1638 4077 1830 4141 ἐθνῶν,

251 4157 350 4211 τοῦ
392 4161 730 4232 καταστῆσαι
762 4162 862 4232 τὴν
902 4165 1026 4235 γῆν,
1063 4167 1157 4218 καὶ
1193 4166 1597 4239 κληρονομῆσαι
1634 4169 1836 4239 κληροδ-

251 4250 450 4320 νομεας
487 4253 745 4322 ἐρήμους.
798 4274 816 4305 ι
856 4255 1115 4310 Τοιαῦται
1139 4259 1197 4311 δὲ
1229 4255 1369 4330 ἦσαν
1409 4262 1466 4313 αἱ
1508 4259 1616 4312 τῶν
1661 4259 1836 4314 ἀθέων

1947 1960 2098 2014 Tune
2127 1961 2269 2013 enim
2303 1974 2494 2015 omnes
2537 1959 2713 2028 ipsum
2742 1958 3072 2024 adorabunt,
3099 1966 3322 2028 propter
3347 1957 3531 2011 Domi-

1947 2069 2072 2107 num
2125 2052 2340 2106 Patrem
2370 2051 2487 2120 ejus
2511 2091 2526 2117 ,
2563 2051 2687 2119 quia
2716 2050 2890 2106 ﬁdelis
2912 2062 2993 2106 est
3045 2033 3279 2105 Sanctus
3338 2050 3528 2117 Israel,

1945 2146 2035 2216 qui
2062 2145 2223 2214 elegit
2251 2160 2396 2199 eum.
2433 2143 2538 2198 Pro
2565 2143 2655 2197 illo
2689 2137 2922 2209 autenm
2955 2142 3021 2196 Et
3043 2142 3180 2212 elegi
3212 2151 3284 2208 te,
3317 2160 3336 2194 ι
3371 2139 3531 2212 Sym-

1948 2238 2172 2292 machus
2205 2238 2390 2304 habet,
2433 2255 2450 2288 ι
2479 2235 2655 2304 Elegit
2682 2243 2753 2290 te.
2795 2253 2813 2286 ι
2879 2234 3005 2289 llzcc
3055 2234 3237 2304 itaque
3276 2234 3530 2305 gentibus

1946 2331 2148 2385 tradita
2197 2340 2363 2396 sunt;
2402 2343 2524 2398 quae
2580 2341 2711 2381 vero
2758 2324 3145 2394 subjiciuntur,
3192 2325 3257 2378 de
3297 2337 3528 2393 persona

1947 2423 2252 2478 Salvatoris
2307 2421 2747 2491 prmnuutiantur
2777 2435 2790 2471 :
2824 2417 2909 2470 cui
2953 2416 3117 2471 etiam
3172 2415 3530 2484 propheticus

1946 2515 2182 2585 Spiritus
2221 2532 2284 2569 ex
2317 2528 2548 2583 persona
2583 2510 2765 2564 Patris
2799 2509 2895 2575 ait,
2962 2527 2980 2559 ι
3004 2508 3271 2576 Tempore
3303 2516 3530 2575 accepto

1945 2608 2194 2663 examlivi
2224 2618 2294 2667 te,
2355 2615 2410 2658 et
2443 2606 2497 2658 in
2535 2605 2624 2658 die
2672 2601 2867 2657 salutis
2916 2601 3094 2668 adjuvi
3159 2609 3277 2653 te.)
3334 2597 3528 2653 Mirum

1945 2712 2126 2753 autem
2161 2701 2212 2753 in
2244 2701 2459 2752 modum
2494 2698 2720 2760 dicitur,
2762 2714 2780 2746 ι
2815 2694 3083 2763 Tempore
3106 2703 3331 2763 accepto
3361 2706 3531 2747 exau-

1946 2793 2051 2846 divi
2096 2801 2182 2855 te;
2216 2810 2234 2843 ι
2287 2790 2416 2844 illud
2458 2803 2622 2858 porro
2675 2797 2795 2842 erat
2847 2797 3059 2855 tempus
3110 2784 3534 2840 resurrectionis

1944 2883 2082 2952 ejus.
2136 2881 2269 2935 Nam
2324 2881 2599 2951 passionis
2657 2890 2904 2950 tempore
2949 2879 3207 2934 clamavit
3267 2876 3528 2932 servator

1945 2976 2029 3030 bis
2074 2976 2252 3031 verbis
2281 2994 2294 3030 :
2329 2994 2346 3026 ι
2373 2975 2473 3040 Eli,
2509 2975 2588 3029 Eli
2614 3016 2629 3040 ,
2675 2976 2801 3028 lima
2840 2975 3237 3028 sabaebtbani?
3270 2993 3288 3026 ι
3320 2974 3369 3027 id
3409 2985 3532 3039 est,

1952 3069 2134 3122 «Deus
2190 3083 2368 3132 meus,
2427 3069 2569 3120 Deus
2637 3081 2820 3131 meus,
2883 3076 2942 3118 ut
2994 3065 3126 3133 quid
3193 3064 3526 3132 dereliquisti

3299 3173 3316 3206 ι
3346 3155 3528 3218 Pater,

1947 3252 1990 3306 si
2045 3250 2300 3320 possibile
2349 3259 2452 3315 est,
2519 3257 2763 3304 transeat
2823 3265 2850 3303 a
2903 3264 2988 3303 n-e
3044 3247 3186 3301 calix
3227 3247 3331 3300 iste
3373 3248 3455 3311 ἰς
3501 3268 3521 3300 ι

1946 3343 2139 3400 deinde
2171 3352 2227 3397 ut
2258 3342 2589 3396 abnuentem
2631 3341 2844 3395 Patrem
2879 3341 3036 3405 vidit,
3073 3342 3146 3393 ait
3176 3359 3188 3394 :
3217 3359 3235 3391 ι
3276 3339 3454 3402 Pater,
3484 3343 3527 3394 si

1946 3452 2052 3490 non
2088 3445 2264 3505 potest
2291 3435 2380 3490 hic
2412 3438 2669 3499 transire,
2707 3437 2802 3490 liat
2833 3440 3081 3490 voluntas
3110 3445 3197 3489 tua
3225 3438 3295 3486 ’³.
3323 3454 3342 3487 ι
3380 3434 3533 3489 Hane

1945 3528 2127 3594 itaque
2167 3530 2472 3581 orationem
2513 3527 2578 3582 ad
2619 3537 2835 3596 tempus
2890 3529 3166 3596 accipiens
3196 3526 3384 3588 Pater,
3410 3538 3533 3596 post

1943 3621 2270 3688 passionem,
2325 3630 2374 3674 et
2408 3630 2530 3689 post
2555 3620 2876 3673 descensum
2923 3620 2975 3672 in
3013 3619 3286 3672 infernum
3311 3662 3325 3679 ,
3355 3619 3528 3687 ipsum

1945 3713 2373 3767 resurrectionis
2436 3715 2555 3782 ejus
2611 3723 2828 3780 tempus
2881 3713 3236 3781 signiﬁcans,
3292 3711 3365 3763 ait
3415 3711 3529 3774 illi,

1950 3823 1968 3855 ι
1995 3804 2260 3873 Tempore
2284 3815 2507 3874 accepto
2532 3805 2786 3859 evaudivi
2818 3816 2888 3869 te,
2915 3823 2933 3856 ι
2966 3815 3019 3857 ει
3038 3814 3255 3859 uetera.
3288 3822 3305 3853 ι
3333 3803 3396 3856 Ει
3415 3802 3526 3858 for-

1947 3896 2089 3948 mavi
2116 3906 2186 3959 te,
2205 3904 2260 3949 el
2289 3895 2409 3950 dedi
2430 3897 2546 3949 tein
2572 3905 2952 3950 testamentum
2970 3896 3231 3965 gentium,
3250 3896 3533 3951 utconsti-

1947 3995 2130 4041 tueres
2159 3994 2384 4052 terram,
2418 3993 2472 4040 et
2495 3986 2805 4054 possideres
2834 3987 3180 4041 barreditales
3209 3989 3471 4043 desertas.
3503 4008 3524 4042 ι

1947 4075 2105 4130 Tales
2133 4089 2291 4130 erant
2330 4077 2641 4146 impiorum,
2676 4089 2734 4132 et
2761 4078 2945 4132 multis
2967 4078 3285 4133 numinibus
3313 4083 3530 4134 dedito-

1946 4184 2066 4222 rum
2112 4169 2386 4222 hominum
2451 4171 2665 4234 animze,
2719 4173 2946 4225 desertas
3001 4187 3030 4224 a
3080 4170 3217 4236 Deo,
3287 4188 3350 4226 ac
3402 4188 3530 4228 vere

1952 4278 1970 4309 ι
2002 4261 2312 4322 destructas,
2340 4279 2358 4311 ι
2397 4262 2693 4315 secundum
2732 4263 2974 4333 reliquos
3003 4264 3329 4333 interpretes

253 4344 350 4397 καὶ
377 4343 654 4396 πολυθέων
692 4345 880 4416 ψυχαὶ,
909 4346 1106 4419 ἔρημοι
1135 4349 1270 4402 Θεοῦ
1310 4351 1404 4404 καὶ
1428 4350 1642 4422 άληθῶς
1673 4371 1692 4402 ι
1725 4350 2091 4421 ὴιρανισμέναι
2128 4369 2176 4417 ,ι
2219 4351 2362 4405 κατὰ
2391 4355 2516 4416 τοὺς
2545 4353 2786 4419 λοιπούς.

334 4503 354 4534 ο
383 4485 754 4554 Λέγοντατοῖς
779 4488 834 4538 ἐν
855 4487 1096 4558 δεσμοῖς.
1116 4488 1412 4554 Ἐξέλθετε,
1438 4491 1532 4544 καὶ
1552 4494 1662 4554 τοῖς
1687 4492 1744 4543 ἐν
1764 4489 1839 4560 τῷ

2016 4491 2177 4545 V’Ens.
2226 4491 2280 4547 9.
2341 4511 2360 4543 ι
2387 4493 2669 4549 Dicentem
2721 4495 2788 4551 iis
2833 4498 2926 4567 qui
2961 4499 3128 4554 vincti
3160 4509 3308 4566 sunt,
3346 4501 3527 4566 Exite,

255 4573 459 4634 σκότει,
490 4576 952 4646 ἀνακαλυφθῆναι.
981 4599 999 4630 ι
1023 4611 1093 4619 —
1112 4599 1130 4629 ι
1161 4575 1237 4631 Ἷὶ
1247 4598 1345 4649 μεν
1370 4581 1478 4650 γάρ
1514 4599 1642 4635 ποτε
1667 4583 1832 4634 τέκνα

249 4666 441 4736 ὀργῆς,
465 4667 558 4718 καὶ
575 4661 716 4737 ἦμέν
742 4686 870 4721 ποτε
903 4670 1110 4733 σκότος’
1142 4670 1236 4723 νῦν
1261 4671 1317 4724 δὲ
1350 4672 1464 4740 φῶς
1487 4677 1544 4726 ἐν
1569 4674 1774 4744 Κυρίῳ.
1808 4695 1826 4725 ι

252 4753 677 4820 Εὑαγγελίζεται
708 4757 831 4818 τοὺς
869 4756 975 4809 τῶν
1020 4760 1300 4836 προεεέρων
1339 4761 1575 4831 δεσμῶν,
1611 4763 1704 4815 καὶ
1736 4764 1831 4816 τοῦ

253 4843 521 4914 προτέρου
552 4844 774 4909 σκότους
799 4847 1300 4919 ὴλευθερωμένους,
1325 4851 1517 4919 λέγων’
1553 4873 1570 4903 ι
1623 4853 1711 4906 Ἐν
1738 4855 1835 4908 πά-

253 4950 377 4997 σαις
423 4936 544 4996 ταῖς
576 4935 712 4994 ὁδοῖς
755 4936 1205 5009 βοσκηθήσονται,
1246 4931 1437 4994 καὶέν
1472 4944 1671 5007 πάσαις
1712 4949 1832 5008 ταῖς

249 5023 459 5096 τρίϐοις
498 5026 531 5096 ἡ
564 5027 702 5097 νομὴ
755 5028 954 5082 αὐτῶν.
1021 5050 1040 5083 ι
1099 5031 1236 5084 Ὀδοὶ
1268 5032 1324 5084 δὲ
1375 5035 1469 5086 καὶ
1514 5035 1710 5106 τρίϐει,
1765 5036 1832 5099 ἃς

249 5117 542 5170 διώδευσαν
575 5120 623 5171 oi
659 5120 824 5173 πάλαι
855 5123 948 5175 τοῦ
982 5124 1116 5177 Θεοῦ
1149 5124 1364 5196 ἄνδρες,
1402 5129 1456 5179 αἱ
1488 5127 1832 5182 θεόπνευστοὶ

251 5209 359 5260 εἰσι
398 5209 646 5279 Γραςςαὶ,
680 5212 750 5273 ,ἐν
785 5207 871 5275 αἷς
919 5213 1231 5285 βοσκόμενοι
1261 5219 1308 5270 οἱ
1357 5217 1456 5287 τῆς
1499 5219 1829 5287 ἐπαγγελίας

249 5299 527 5368 τυχόντες,
553 5301 651 5370 τῆς
691 5301 871 5354 ἐνθέου
905 5305 998 5356 καὶ
1030 5305 1251 5375 λογικῆς
1288 5310 1493 5380 τροφῆς
1531 5310 1832 5364 ἀπολαύου-

253 5406 359 5456 σιν,
396 5389 606 5461 ἀγαθὴν
644 5392 815 5464 νομὴν
859 5393 1065 5466 ταύτην
1100 5398 1413 5469 εὑράμενοι,
1449 5403 1543 5453 καὶ
1569 5402 1638 5453 τά
1682 5402 1826 5474 ἑξῆς.

327 5585 348 5620 ι
393 5570 467 5621 Ού
503 5573 869 5636 πεινάσουσιν,
917 5576 1035 5628 ούδέ
1078 5577 1419 5648 διψήσουσιν,
1447 5580 1568 5633 οὐδὲ
1603 5583 1832 5647 πατάξει

250 5661 450 5726 αὐτοὺς
478 5663 507 5714 6
540 5663 780 5734 καύσων,
814 5667 919 5720 οὐδ’
963 5671 992 5720 6
1022 5669 1186 5738 ἥλιος.
1227 5671 1362 5723 Ἀλλ’
1389 5675 1416 5726 6
1449 5673 1614 5727 ἐλεῶν
1641 5676 1835 5738 αὐτοὺς

321 5881 369 5917 ⁸⁸
401 5883 592 5955 i‘hiiip.
631 5902 689 5956 ιι,
724 5887 805 5945 l0.
884 5893 927 5926 ’°
959 5893 1150 5954 Matth.
1193 5913 1359 5967 um,
1396 5899 1481 5956 l6.

1558 5901 1597 5936 ⁹¹
1633 5899 1822 5958 Matth.
1867 5920 2015 5970 xxvi,
2063 5906 2151 5966 59.

1938 4591 1993 4637 et
2025 4583 2088 4636 iis
2119 4583 2209 4651 qui
2247 4585 2296 4636 in
2321 4586 2594 4651 tenebris,
2636 4598 2693 4640 ut
2737 4590 3048 4644 revelentur
3141 4633 3154 4648 .
3195 4611 3213 4642 ι
3249 4621 3320 4632 -
3348 4612 3366 4644 ι
3398 4593 3528 4647 Era-

1941 4691 2061 4727 mns
2092 4676 2235 4730 enim
2267 4678 2557 4745 aliquando
2595 4679 2687 4731 lilii
2723 4680 2817 4733 irze
2839 4720 2854 4743 ,
2897 4692 2953 4736 et
2980 4698 3197 4737 eramus
3235 4685 3528 4754 aliquando

1942 4766 2212 4833 tenebrae;
2251 4784 2391 4822 nunc
2438 4780 2618 4822 autem
2669 4771 2760 4825 lux
2815 4773 2868 4826 iu
2923 4773 3149 4828 Domino
3205 4777 3273 4830 ³³.
3307 4796 3324 4828 ι
3379 4777 3525 4831 Bona

1942 4861 2129 4912 nuntia
2173 4862 2380 4928 profert
2440 4863 2504 4914 iis
2545 4866 2637 4928 qui
2682 4879 2746 4916 ex
2806 4865 3055 4933 pristinis
3111 4867 3216 4920 illis
3277 4868 3525 4930 vinculis,

1942 4964 2114 5017 exque
2169 4952 2364 5015 priscis
2429 4953 2667 5006 tenebris
2699 4954 2854 5007 liberi
2913 4968 3240 5022 evaserant,
3287 4959 3469 5012 dicens
3510 4980 3523 5013 :

1948 5058 1966 5090 ι
1996 5041 2050 5092 In
2075 5043 2327 5097 tutantibus
2351 5045 2452 5098 viis
2482 5056 2795 5112 pascentur,
2849 5056 2904 5101 et
2949 5049 2999 5101 iu
3033 5051 3289 5104 utnuibus
3320 5053 3528 5106 semitis

1943 5145 2139 5200 pascua
2176 5149 2384 5189 eorum.
2424 5155 2441 5186 ι
2497 5138 2608 5190 Viae
2641 5139 2956 5207 seminaque
3009 5155 3144 5208 quas
3195 5143 3530 5210 pertransie-

1942 5239 2061 5281 runt
2095 5228 2165 5281 illi
2207 5228 2336 5281 olim
2399 5227 2491 5281 Dei
2552 5229 2679 5292 viri,
2729 5239 2856 5282 sunt
2913 5231 3210 5299 Scriptura:
3261 5234 3527 5287 divinitus

1935 5321 2236 5390 inspiralat,
2322 5321 2410 5375 ubi
2437 5334 2721 5391 pascentes
2774 5324 2832 5386 ii,
2875 5325 2965 5392 qui
3014 5327 3280 5392 promissa
3318 5338 3524 5388 tenent,

1931 5412 2114 5466 divino
2141 5426 2195 5467 et
2226 5413 2533 5468 rationabili
2562 5416 2685 5468 cibo
2711 5415 2983 5482 fruuntur,
3017 5417 3134 5472 [nec
3155 5418 3296 5473 bona
3326 5435 3524 5489 pascua

1932 5505 2100 5568 nacti,
2131 5515 2183 5558 et
2212 5515 2427 5560 caetera.

2004 5596 2170 5652 Vens.
2208 5597 2290 5650 lO.
2357 5617 2374 5648 ι
2407 5597 2522 5652 Non
2555 5600 2832 5664 esurieut,
2875 5616 3048 5668 neque
3085 5602 3312 5670 sitient,
3351 5619 3526 5676 neque

1942 5689 2327 5755 percutieteos
2357 5699 2540 5755 aestus,
2569 5706 2744 5762 neque
2775 5694 2878 5748 sol.
2929 5692 3035 5750 Sed
3081 5696 3173 5764 Qui
3229 5699 3524 5754 miseretur

2232 5911 2274 5944 "
2317 5911 2446 5970 ibid.
2493 5912 2582 5968 49..
2662 5914 2707 5947 ’⁸
2741 5914 2942 5987 Epltes.
3000 5936 3059 5986 ιι,
3091 5924 3142 5990 5;
3181 5941 3229 5993 ν,
3262 5929 3311 5980 8.
