4058 6418
304 430 412 489 ιω

1185 426 1689 486 COMMENTARIA
1711 425 1797 483 ‘IN
1836 424 2093 483 ISAIAM.
2150 457 2202 467 —
2243 424 2395 484 CAP.
2437 423 2624 485 XLIX.

3440 424 3546 483 638

305 562 409 618 ρας
437 544 608 617 αὒτὴν
635 542 1003 613 ἀναξητείτω·
1038 542 1283 596 ἀκουέτω
1313 543 1369 597 δὲ
1393 542 1489 596 τοῦ
1516 540 1652 595 Θεοῦ
1692 540 1877 610 λέγον-

1984 543 2312 599 Ιαξειίιιοιιιιιι
2353 542 2571 612 regione
2618 536 2935 611 perquirat;
2984 536 3079 592 sed
3132 533 3323 591 audiat
3378 535 3547 593 Deum

420 638 556 689 αὐτῇ
569 652 584 667 ο
1598 665 1606 669 <

420 638 517 689 αύ.
569 652 584 667 ο
1598 665 1606 669 ‹

302 653 401 779 πῖ
453 638 583 781 ἰδὲὺ
609 726 701 780 ἐπὶ
740 724 849 779 τῶν
883 724 1080 797 χειρῶν
1127 742 1230 797 μου
1272 707 1642 795 ἐζωγραφησὰ
1671 741 1762 777 σου
1809 740 1879 776 τα

1974 637 2057 690 sic
2092 652 2209 687 nam
2242 636 2605 703 alloqttentem
2650 650 2663 685 :

2048 722 2210 775 Vsus.
2246 720 2333 775 l6.
2365 739 2384 773 t
2416 721 2555 775 Ecce
2591 734 2753 787 super
2778 732 2968 772 manus
3000 731 3149 772 meas
3183 718 3400 788 depinxi
3430 734 3550 774 mu-

302 819 483 888 τείχη,
523 827 617 870 και
647 815 875 869 ἐνώπιόν
913 834 1017 887 μου
1048 812 1100 869 εί
1124 815 1211 869 διὰ
1243 817 1461 879 παντός.
1501 836 1518 868 ι
1551 819 1743 888 Χεϊρες
1768 814 1877 885 γὰρ

1984 832 2070 872 ros
2107 827 2243 879 tuos,
2292 825 2347 870 et
2396 815 2449 869 itt
2503 822 2794 883 conspectu
2845 826 2963 867 meo
2997 827 3056 867 es
3085 827 3320 881 semper.
3352 830 3372 865 ι
3409 809 3548 867 Nam

302 912 385 975 ὼς
423 909 639 979 ἀληθῶς
687 907 820 961 Θεοῦ
868 909 968 980 τὴν
1012 907 1267 980 τοιαύτην
1308 909 1647 981 οἰκοδομοῦσι
1702 908 1874 972 πόλιν,

307 1001 514 1073 μᾶλλον
552 1000 611 1053 δὲ
656 998 1001 1052 διατυποῦσιν
1033 999 1202 1070 αὐτὴν
1248 1000 1344 1052 καὶ
1388 999 1875 1071 διαζωγράφουσιν,

305 1093 496 1159 ὥσπερ
520 1092 577 1143 ἐν
610 1089 833 1152 πίνακος
862 1093 1064 1161 γραφῇ,
1100 1091 1196 1143 καὶ
1224 1089 1641 1161 διαχοράττουσι
1664 1090 1762 1160 τὴν
1789 1088 1879 1143 θέ-

306 1202 395 1237 σιν
424 1185 519 1237 καὶ
545 1183 669 1245 τοὺς
696 1185 891 1246 τόπους
914 1182 1013 1252 τῆς
1041 1181 1181 1235 κατὰ
1204 1181 1338 1235 Θεοῦ
1368 1182 1640 1245 πολιτείας
1676 1182 1734 1233 ἐν
1760 1184 1878 1244 ταῖς

305 1276 417 1329 τῶν
448 1273 751 1346 ἀνθρώπων
776 1274 974 1343 ψυχαῖς
1008 1272 1367 1343 συνεστώσης.
1401 1274 1467 1325 '0
1505 1273 1568 1344 δὴ
1599 1273 1692 1325 καὶ
1719 1273 1880 1335 αὐτὸς

304 1366 409 1434 τῆς
457 1365 653 1419 ἐαυτοῦ
695 1364 899 1427 πόλεως
942 1364 1251 1435 οίκοδόμος,
1290 1364 1489 1434 δηλαδὴ
1538 1365 1567 1417 ό
1605 1363 1700 1417 τοῦ
1742 1362 1879 1416 Θεοῦ

305 1457 500 1525 Λόγος,
542 1455 803 1518 ἐδίδασκε,
834 1455 1028 1523 λέγων,
1064 1473 1083 1507 t
1137 1455 1260 1509 Ἐπὶ
1289 1455 1387 1525 τὴν
1426 1456 1633 1527 πέτραν
1675 1454 1879 1508 οίκοδο-

307 1549 471 1619 μήσω
503 1564 605 1618 μου
637 1548 735 1618 τὴν
776 1547 1120 1618 Ἐκκλησίαν,
1153 1547 1248 1601 καὶ
1278 1547 1447 1613 πύλαι
1476 1546 1605 1617 ᾅδου
1634 1547 1695 1602 οὐ
1745 1563 1880 1599 κατ-

304 1637 622 1709 ισχύσουσιν
649 1637 834 1707 αὐτῆς.
850 1656 869 1689 ι

383 1746 403 1779 ε
444 1729 554 1782 Καὶ
582 1728 716 1797 ταχὺ
744 1727 1144 1800 οἰκοδομηθήσῃ
1184 1728 1274 1799 ὑφ’
1305 1723 1382 1783 ὧν
1424 1725 1757 1801 καθῃρέθης.
1787 1728 1882 1783 καὶ

306 1818 355 1871 οι
402 1815 787 1888 ἐρημώσαντές
834 1832 894 1869 σε
937 1817 1307 1883 ἐξελεύσονται
1356 1821 1420 1873 ἐκ
1454 1818 1571 1872 σοῦ.
1616 1838 1636 1871 ι
1672 1820 1880 1890 Ὠσπερ

303 1906 416 1978 γὰρ
485 1907 724 1961 Ἰουδαῖοι
780 1908 879 1977 τῆς
934 1908 1303 1981 καθαιρέσεως
1361 1909 1531 1979 αὐτῆς
1592 1907 1878 1975 γεγόνασιν

304 1997 492 2057 αἴτιοι,
525 1995 666 2048 οὕτω
691 1996 853 2049 πάλιν
880 1995 939 2063 ἐξ
969 1992 1303 2067 αὐτῆςῆσαν
1331 1997 1379 2048 οί
1407 1996 1509 2065 τῆς
1534 1995 1659 2057 νέας
1680 1995 1881 2048 οίκοδο-

308 2087 419 2157 μῆς
440 2088 688 2157 ἐργάται·
714 2088 998 2141 ἀπόστολοι
1018 2088 1259 2159 δηλονότι
1291 2086 1385 2140 τοῦ
1419 2089 1672 2158 Σωτῆρος
1700 2087 1877 2157 ἡμῶν,

309 2178 550 2249 μαθηταί
592 2194 653 2230 τε
692 2178 788 2230 καὶ
830 2178 1230 2246 εὐαγγελισταὶ,
1267 2176 1333 2230 δι’
1379 2168 1454 2229 ὧν
1497 2178 1531 2247 ἡ
1589 2175 1881 2246 Ἐκκλησία

302 2268 400 2323 τοῦ
427 2268 563 2321 Θεοῦ
586 2269 821 2341 ἀνεγήγε
831 2285 970 2340 ρται.

381 2378 400 2409 ε
444 2354 615 2429 *Αρον
648 2360 833 2430 κύκλῳ
865 2361 989 2423 τοὺς
1016 2358 1328 2433 ὀφθαλμούς
1359 2377 1474 2427 σου,
1503 2363 1595 2415 καὶ
1630 2361 1705 2415 ῐδε
1746 2362 1881 2415 πάν-

301 2467 401 2513 τας
421 2467 434 2479 ·
472 2450 581 2502 ίδοίι
612 2450 957 2521 συνήχθησαν
983 2452 1077 2505 καὶ
1106 2451 1337 2522 ῆλοοσαν
1366 2452 1500 2520 πρὸς
1525 2452 1603 2505 σέ.
1633 2451 1719 2505 Ζῶ
1748 2452 1878 2520 ἐγὼ,

303 2542 453 2610 λέγει
489 2544 712 2615 Κύριος,
748 2546 829 2598 ὅτι
864 2544 1071 2608 πάντας
1104 2546 1300 2609 αὐτοὺς
1326 2546 1402 2609 ὡς
1430 2545 1632 2616 κόσμον
1666 2546 1879 2617 ἐνδύσῃ,

301 2636 401 2688 καὶ
452 2634 769 2705 περιθήσεις
824 2636 1019 2699 αὐτοὺς
1062 2637 1137 2699 ὡς
1177 2638 1379 2705 κόσμον
1429 2637 1647 2708 νύμφη·
1699 2639 1776 2690 ’ὁτι
1814 2637 1884 2690 τὰ

301 2720 492 2793 ἔρημά
525 2738 651 2788 σου,
689 2724 782 2777 καὶ
814 2724 884 2777 τὰ
929 2725 1354 2796 κατεφθαρμένα
1393 2727 1485 2779 καὶ
1535 2729 1879 2793 πεπτωκότα,

300 2814 388 2869 ὅτι
430 2813 527 2868 νῦν
574 2820 964 2889 στενοχωρήσει
1006 2817 1113 2871 ἀπὸ
1160 2816 1268 2871 τῶν
1322 2819 1738 2882 κατοικούντων,
1791 2822 1884 2873 καὶ

307 2906 784 2978 μακρυνθήσονται
842 2910 950 2963 ἀπὸ
1015 2910 1109 2963 σοῦ
1166 2912 1216 2964 ei
1278 2912 1665 2974 καταπίνοντες
1722 2929 1801 2964 σε.
1860 2932 1879 2964 ι

303 2997 598 3067 Θαυμάσαι
635 2999 692 3053 δὲ
720 3000 885 3062 ἔστιν,
907 3002 1054 3063 ὅπως
1100 3001 1236 3071 πρὸς
1271 3004 1338 3072 τῇ
1366 3001 1572 3072 διανοίᾳ
1613 3004 1703 3055 καί
1748 3003 1886 3056 κατὰ

303 3087 403 3157 τὴν
436 3089 675 3161 ἱστορίαν
695 3093 724 3143 ὁ
755 3092 910 3160 λόγος
940 3091 1241 3164 ἐπληροῦτο
1272 3092 1360 3145 τοῦ
1386 3094 1586 3157 παντὸς
1618 3094 1884 3147 Ἰουδαίων

305 3178 516 3277 έθνουςι,
543 3180 681 3251 μετὰ
703 3183 802 3255 τὴν
837 3183 1089 3237 σύστασιν
1120 3184 1218 3254 τῆς
1248 3183 1309 3248 ἐξ
1346 3184 1514 3238 ἐθνῶν
1558 3185 1883 3256 Ἐκκλησίας
1910 3219 1950 3277 C

306 3270 647 3341 ἀποδλήτους
694 3274 1014 3344 γενομένους
1059 3275 1160 3344 τῆς
1209 3275 1472 3345 αίσθητῆς
1522 3275 1731 3340 πόλεως
1784 3278 1883 3347 τῆς

305 3362 449 3415 κατὰ
488 3361 851 3435 Παλαιστίνην
880 3365 1157 3435 κειμένης,
1194 3364 1331 3434 πρὸς
1367 3365 1430 3417 τὸ
1460 3366 1553 3419 καὶ
1578 3366 1672 3419 τοῦ
1700 3366 1882 3419 θεοσε-

307 3448 439 3515 ϐοῦς
464 3451 851 3524 πολιτεύματος
878 3456 1145 3508 ἐκπεσεῖν.

386 3560 403 3592 t
444 3540 659 3613 Ἐροῦσι
688 3543 797 3615 γὰρ
822 3545 902 3607 είς
926 3543 995 3596 τὰ
1020 3538 1133 3597 ὦτά
1161 3561 1255 3597 σου
1283 3546 1331 3599 oi
1356 3545 1463 3599 υίοί
1490 3563 1603 3611 σου,
1629 3546 1722 3610 οὓς
1748 3549 1883 3602 ἁπο-

306 3631 584 3698 λὼλεκας·
634 3635 826 3700 Στενός
876 3654 965 3705 μοι
1010 3639 1038 3689 ὁ
1076 3636 1274 3699 τόπος·
1312 3638 1535 3708 ποίησόν
1579 3655 1668 3709 μοι
1698 3639 1880 3705 τόπον,

309 3721 399 3777 ῐνα
436 3711 766 3795 κατοικήσω.
816 3727 926 3779 Καὶ
975 3728 1119 3798 ἐρεῖς
1157 3729 1215 3780 ὲν
1264 3731 1329 3798 τῇ
1383 3729 1577 3801 καρδίᾳ
1622 3745 1735 3783 σου·
1790 3731 1885 3794 Τίς

306 3813 568 3886 ἐγέννησέ
610 3832 699 3885 μοι
737 3816 993 3883 τούτους·;
1046 3817 1185 3889 Ἐγὼ
1216 3820 1274 3872 δέ
1315 3820 1537 3884 ἄτεκνος
1584 3822 1675 3874 καὶ
1717 3824 1881 3893 χήρα·

304 3906 531 3969 τούτους
579 3907 637 3960 δέ
684 3907 766 3971 τίς
800 3908 1055 3980 ἐξέθρεψέ
1106 3927 1224 3981 pos;
1274 3909 1386 3979 ἐγὼ
1422 3910 1479 3964 δὲ
1524 3912 1884 3984 κατελείφθην

310 3996 471 4065 μόνη,
502 3990 644 4049 οῦτοι
679 3996 736 4049 δέ
780 4015 869 4067 μοι
914 3998 1017 4051 ποῦ
1048 3995 1224 4070 ἧσανς
1257 4018 1275 4051 ι
1319 4000 1426 4053 Τοῦ
1470 4002 1535 4054 ἐκ
1580 4007 1884 4073 περιτομῆς

306 4084 440 4138 λαοῦ
480 4087 541 4140 τὸ
567 4086 699 4139 πολὺ
733 4088 932 4159 πλῆθος
961 4091 1059 4161 τῆς
1115 4089 1439 4161 Ἐκκλησίας
1479 4091 1602 4145 καθ’
1632 4092 1760 4163 ὅλης
1784 4092 1884 4163 τῆς

310 4177 633 4249 οἰκουμένης
694 4178 755 4243 ἐξ
822 4180 1076 4234 ἁπάντων
1146 4181 1628 4254 ἀντεισαχθήσεται
1692 4184 1878 4237 ἐθνῶν.

305 4263 490 4321 Ἶισαν
520 4270 628 4339 γάρ
662 4287 790 4322 ποτε
823 4272 880 4323 ἐν
906 4271 1149 4343 ἀπωλείᾳ
1173 4274 1222 4325 οί
1256 4274 1345 4327 διὰ
1374 4276 1474 4344 τῆς
1498 4276 1765 4346 σωτηρίου
1794 4277 1885 4346 χα-

307 4377 457 4432 ριτος
506 4363 573 4431 τῇ
631 4362 875 4433 πολιτείᾳ
921 4364 1015 4416 τοῦ
1078 4364 1213 4417 Θεοῦ
1263 4366 1730 4437 προσδραμόντες·
1789 4368 1883 4431 οὓς

303 4452 488 4525 ὁρῶσα
512 4454 545 4522 ἡ
602 4452 893 4523 Ἐκκλησία
930 4454 1023 4507 τοῦ
1057 4455 1191 4509 Θεοῦ
1220 4457 1595 4527 ἀποθαυμάσει
1628 4459 1878 4527 λέγουσα,

1979 922 2171 963 manus
2203 907 2296 961 Dei
2323 920 2509 962 revera
2539 902 2845 974 hujusmodi
2879 904 3066 958 urbem
3103 902 3390 966 mdiﬂcaut,
3438 904 3550 957 itno

1977 999 2156 1070 potius
2208 998 2380 1067 ipsam
2434 994 2706 1051 delineaut
2763 1004 2819 1048 et
2882 994 3218 1065 depingunt,
3273 996 3425 1065 quasi
3493 994 3548 1047 in

1980 1088 2174 1143 tabella
2211 1102 2331 1157 qttze
2362 1087 2692 1157 depingitur,
2744 1099 2809 1139 ac.
2837 1084 3006 1139 divini
3043 1085 3273 1140 instituti
3322 1085 3376 1139 in
3431 1085 3551 1139 ani-

1980 1180 2173 1234 mabus
2198 1178 2478 1233 hominum
2508 1176 2731 1233 stabiliti
2774 1176 3099 1247 positionem
3132 1185 3188 1230 et
3214 1174 3351 1240 loca,
3381 1174 3551 1230 linea-

1980 1271 2180 1325 mentis
2206 1270 2511 1339 designant.
2547 1269 2703 1335 Quod
2733 1268 2898 1323 etiam
2936 1270 3048 1337 ipse
3070 1282 3290 1337 quoque
3314 1268 3551 1322 civitatis

1981 1361 2234 1416 fundator
2270 1372 2325 1415 et
2351 1360 2555 1429 opifex,
2607 1359 2859 1414 videlicet
2908 1359 3003 1413 Dei
3059 1357 3319 1422 Verbum;
3368 1358 3554 1413 docuit

1980 1454 2067 1509 his
2121 1452 2333 1518 verbis,
2372 1452 2595 1522 «Supra
2647 1460 2856 1523 petram
2909 1449 3189 1505 aedificabo
3250 1448 3551 1504 Ecclesiam

1981 1560 2194 1609 meam,
2229 1554 2283 1601 et
2313 1556 2483 1615 porta:
2512 1544 2669 1599 inferi
2726 1558 2833 1599 non
2870 1543 3243 1614 pravaiebunt
3292 1542 3553 1598 adversus

1980 1651 2099 1691 eam
2126 1636 2239 1690 “.3

2057 1727 2220 1783 Vsus.
2279 1726 2368 1782 l7.
2416 1745 2435 1779 ι
2462 1725 2689 1796 Citoque
2730 1724 3103 1790 mdificaberis,
3138 1740 3169 1780 a
3214 1724 3410 1794 quibus
3458 1724 3556 1779 de-

1983 1827 2184 1875 structa
2205 1835 2283 1886 es,
2302 1830 2356 1875 et
2373 1819 2463 1888 qui
2484 1829 2535 1875 te
2561 1818 2961 1881 desolaverunt,
2985 1817 3408 1888 egredieuturex
3441 1826 3549 1871 tea

1984 1912 2445 1979 Quemadmodum
2490 1911 2633 1966 enim
2672 1908 2841 1965 «ιιιόωί
2886 1908 3044 1977 hujus
3079 1908 3275 1964 excidii
3304 1917 3554 1963 auctores

1984 2002 2134 2057 fuere
2158 2043 2175 2068 ,
2202 2003 2282 2059 sic
2318 2017 2538 2058 rursum
2572 2017 2639 2056 ex
2692 2000 2778 2054 illa
2830 2002 3147 2069 prodierunt
3182 2000 3305 2055 novi
3337 1998 3555 2055 aedificii

1982 2095 2221 2149 artiﬁces
2250 2114 2262 2149 :
2301 2094 2528 2165 apostoli
2554 2094 2802 2149 videlicet
2826 2086 3126 2148 Salvatoris
3155 2092 3360 2155 nostri,
3390 2090 3556 2146 disci-

1982 2186 2091 2255 puli
2144 2195 2200 2240 et
2253 2185 2621 2256 evangelista,
2656 2199 2890 2255 quorum
2943 2196 3108 2253 opera
3160 2181 3403 2237 Ecclesia
3454 2180 3554 2236 Dei

1981 2278 2215 2333 excitata
2244 2277 2364 2342 fuit.
2658 2262 2688 2283 "

2052 2369 2215 2424 Vsus.
2264 2368 2353 2433 l8,
2407 2367 2492 2424 l9.
2530 2387 2548 2419 t
2578 2367 2721 2424 Leva
2757 2367 2809 2422 in
2832 2366 3063 2423 circuitu
3102 2365 3289 2422 oculos
3318 2372 3456 2429 tuos,
3495 2373 3555 2419 et

1980 2460 2103 2513 vide
2132 2472 2323 2512 omnes
2349 2477 2363 2513 :
2390 2472 2518 2512 ecce
2566 2458 2877 2527 congregati
2902 2465 3027 2512 sunt
3049 2499 3062 2521 ,
3093 2466 3148 2510 et
3184 2462 3448 2509 venerunt
3484 2453 3555 2507 ad

1985 2562 2054 2606 te.
2093 2548 2227 2604 Vivo
2248 2565 2367 2620 ego,
2394 2550 2525 2603 dicit
2545 2549 2825 2615 Dominus,
2855 2548 3105 2617 quoniam
3135 2547 3391 2601 omnibus
3424 2544 3550 2608 illis,

1985 2651 2256 2709 tamquam
2283 2647 2622 2705 ornamento,
2653 2638 2915 2705 indueris,
2947 2649 3003 2693 et
3028 2638 3405 2705 circutnpones
3433 2634 3556 2690 illos

1985 2743 2255 2800 tamquam
2289 2741 2540 2784 ornatum
2591 2744 2803 2797 sponsa:
2834 2747 2848 2783 :
2881 2729 3139 2797 quoniam
3188 2727 3403 2781 deserta
3459 2734 3554 2780 tua

1980 2829 2038 2873 et
2062 2819 2321 2889 dissipata
2354 2831 2463 2883 tua,
2499 2828 2553 2874 et
2574 2834 2692 2886 qua
2713 2819 3046 2883 ceciderunt,
3074 2832 3214 2871 nunc
3240 2817 3555 2887 angustiora

1983 2909 2113 2963 fient
2146 2924 2254 2979 pra-
2289 2908 2709 2973 habitatoribus,
2765 2918 2818 2963 et
2866 2908 3022 2977 longe
3074 2908 3401 2961 arcebuntur
3432 2921 3461 2959 a
3498 2916 3555 2961 te

1983 3001 2072 3069 qui
2099 3002 2389 3054 absorbent
2421 3008 2495 3053 te.
2521 3018 2540 3051 ι
2578 2998 2759 3052 Mirari
2778 2999 2922 3053 subit
2956 3013 3065 3066 quo
3088 3006 3245 3066 pacto
3269 2998 3412 3063 haec,
3438 3005 3550 3051 tutu

1984 3093 2157 3162 quoad
2190 3090 2524 3161 spiritualem
2561 3089 2893 3159 intelligendi
2925 3090 3210 3153 rationem,
3241 3098 3348 3143 tum
3378 3092 3555 3159 quoad

1984 3180 2290 3244 historiam,
2323 3178 2591 3247 completa
2623 3178 2762 3243 sint;
2800 3192 2988 3247 nempe
3012 3192 3133 3231 cunt
3152 3192 3284 3247 gens
3310 3175 3554 3239 Judaica,

1986 3282 2107 3343 post
2134 3272 2412 3326 fundatam
2446 3269 2743 3325 Ecclesium
2782 3283 2848 3323 ex
2880 3267 3155 3339 gentibus,
3195 3282 3225 3320 a
3254 3267 3443 3322 sensili
3467 3268 3557 3322 illa

1985 3364 2120 3418 urbe
2148 3363 2449 3418 Palaestinae
2480 3359 2703 3431 expulsa
2747 3370 2866 3427 est,
2906 3359 3052 3430 quod
3081 3373 3110 3412 a
3147 3359 3248 3429 piat
3280 3358 3557 3428 religionis

1985 3457 2129 3511 cultu
2160 3456 2374 3524 delapsa
2416 3465 2581 3509 esset.

2057 3548 2219 3603 Vsus.
2262 3545 2351 3611 20,
2399 3546 2489 3600 2|.
2548 3564 2566 3598 t
2596 3545 2783 3600 Dicent
2812 3544 2955 3600 enim
3006 3544 3072 3597 ad
3122 3558 3283 3598 aures
3311 3552 3428 3597 tuas
3463 3542 3559 3597 filii

1986 3638 2086 3702 ttti,
2125 3654 2261 3709 quos
2290 3637 2570 3706 perdidisti
2608 3656 2622 3691 :
2656 3638 2931 3706 Angustus
2971 3637 3098 3691 mihi
3132 3637 3282 3691 locus
3311 3645 3393 3690 est
3425 3650 3440 3688 :
3474 3635 3558 3689 fac

1986 3730 2116 3784 mibi
2146 3730 2345 3794 locum,
2379 3738 2438 3782 ut
2467 3728 2725 3783 habitem.
2748 3728 2814 3783 Et
2836 3729 2986 3784 dices
3010 3728 3063 3782 in
3092 3730 3255 3783 corde
3282 3737 3404 3782 tuo:
3430 3726 3562 3794 Quis

1985 3823 2167 3891 genuit
2215 3822 2344 3875 tnibi
2377 3821 2554 3876 istos?
2596 3830 2650 3875 at
2697 3836 2797 3891 ego
2835 3822 3037 3889 absque
3064 3820 3250 3874 liberis
3280 3830 3334 3874 et
3362 3820 3557 3873 vidua:

1987 3914 2083 3968 ltos
2113 3924 2289 3967 autem
2330 3912 2453 3981 quis
2499 3912 2762 3967 euutrivit
2797 3913 2923 3966 milii
2948 3912 2982 3980 ῃ
3015 3912 3123 3982 Ego
3174 3922 3355 3965 autem
3384 3912 3560 3964 ldere-

1985 4002 2111 4059 licla
2166 4020 2283 4057 sunt
2318 4004 2430 4058 sola
2466 4022 2480 4058 :
2517 4004 2569 4057 bi
2603 4018 2734 4058 vero
2786 4004 2875 4057 ubi
2929 4012 3085 4057 erant
3145 4002 3319 4056 mihi?
3350 4021 3369 4054 ι
3428 4002 3562 4057 Vice

1987 4097 2164 4167 populi
2196 4112 2262 4151 cx
2300 4096 2714 4150 circumcisione
2737 4135 2752 4157 ,
2790 4095 3083 4149 multitudo
3134 4109 3329 4163 magna
3388 4102 3561 4148 totum

1984 4204 2080 4259 per
2108 4187 2292 4243 orbent
2328 4189 2379 4242 itt
2412 4188 2706 4243 Beclesiant
2735 4202 2798 4241 ex
2831 4187 3086 4241 omnibus
3127 4186 3377 4255 gentibus
3404 4186 3564 4241 indu-

1986 4290 2161 4335 cetur.
2194 4280 2333 4335 Olim
2376 4280 2580 4349 quippe
2632 4280 2684 4332 in
2735 4278 2976 4348 pernicie
3029 4288 3188 4332 erant
3221 4278 3280 4339 ii,
3316 4278 3409 4347 qtti
3467 4293 3565 4346 pcr

1985 4373 2275 4425 salutarem
2316 4372 2548 4440 gratiam
2580 4370 2647 4423 ad
2684 4370 2881 4424 divina!
2930 4368 3208 4438 religionis
3254 4369 3556 4422 institutum

1984 4466 2339 4511 accurrerunt
2368 4476 2381 4512 :
2412 4456 2608 4527 quibus
2636 4458 2946 4525 conspectis
2992 4457 3232 4513 Ecclesia
3266 4457 3359 4512 Dei
3388 4458 3559 4511 admi-

310 4561 329 4590 ε
367 4542 462 4605 Τίς
485 4543 740 4614 ἐγέννησε
767 4560 855 4613 μοι
879 4543 1098 4607 τούτους
1119 4562 1133 4609 ;
1162 4565 1180 4597 ι
1206 4547 1268 4599 τὸ
1292 4546 1438 4611 ξένον
1459 4550 1559 4619 τῆς
1582 4549 1689 4600 τῶν
1712 4548 1880 4601 ἐθνῶν

1987 4547 2227 4601 rabuuda
2268 4548 2431 4611 dicet,
2468 4568 2487 4600 t
2511 4548 2646 4616 Quis
2676 4549 2807 4603 mibi
2848 4548 3011 4602 bosce
3032 4548 3260 4617 genuit?
3288 4566 3306 4596 ι
3344 4548 3410 4601 ad
3462 4565 3560 4600 tm-

304 4625 553 4697 κλήσεως
582 4630 1021 4703 ἐκπληττομένη·
1056 4633 1379 4705 ὁμολογήσει
1417 4653 1476 4688 τε
1514 4636 1612 4707 τὴν
1648 4638 1881 4709 ἐπισυμ-

304 4715 481 4772 Εᾶσαν
518 4721 654 4792 αὐτῇ
686 4724 751 4775 ἐκ
782 4721 876 4775 τοῦ
921 4723 1187 4778 Ἰουδαίων
1218 4724 1402 4789 ἔθνους
1428 4726 1699 4782 ἀτεκνίαν.

384 4912 404 4946 ε
444 4895 627 4962 Οὕτως
666 4898 811 4967 λέγει
852 4900 1054 4972 Κύριος
1093 4904 1295 4976 Κύριος
1320 4921 1331 4931 ·
1381 4904 1508 4959 Ἰδοὺ
1537 4905 1677 4978 αἴρω
1705 4910 1783 4970 είς
1811 4908 1880 4962 τὰ

305 4985 436 5059 ζθνη
469 4990 568 5059 τὴν
601 4990 757 5061 χεῖρά
790 5010 912 5061 μου,
953 4994 1046 5047 καὶ⁵
1095 4998 1175 5058 είς
1220 4996 1318 5059 τὰς
1359 4998 1555 5067 νήσους
1588 4998 1705 5069 ἀρῶ
1749 4999 1879 5051 σύσ-

309 5082 485 5151 σημον
520 5098 643 5151 μου,
672 5084 765 5135 καὶ
802 5084 989 5147 ἄξουσι
1011 5088 1138 5150 τοὺς
1162 5087 1311 5151 υἱούς
1342 5106 1432 5141 σου
1461 5090 1517 5142 ἐν
1548 5091 1752 5161 κόλπῳ,
1782 5091 1881 5155 τὰς

306 5174 365 5225 δὲ
400 5172 705 5243 θυγατέρας
754 5191 846 5227 σου
904 5178 988 5228 ἐπ’
1030 5176 1195 5248 ῶμων
1243 5180 1465 5249 ἀροῦσι·
1522 5200 1541 5232 ι
1592 5181 1877 5248 διδάσκων,

307 5266 390 5317 ὃτι
432 5266 581 5328 υἱοὺς
614 5266 783 5337 αὐτῆς
808 5267 900 5319 καὶ
944 5268 1264 5339 θυγατέρας,
1307 5274 1434 5342 περὶ
1473 5267 1548 5325 ῶν
1586 5269 1758 5340 εἶπεν,
1798 5276 1881 5329 ὅτι

313 5377 335 5410 ε
386 5352 547 5413 Οὗτοι
574 5358 632 5413 δε
678 5376 765 5429 μοι
817 5360 919 5413 ποῦ
968 5357 1143 5431 ﬁsa»;
1180 5383 1209 5414 .t
1259 5365 1323 5415 ἐκ
1370 5363 1471 5433 τῆς
1509 5365 1738 5435 ἐκλογῆς
1773 5365 1881 5419 τῶν

306 5449 479 5515 ἐθνῶν
507 5452 642 5521 πρὸς
665 5452 831 5524 αὐτὴν
855 5453 1089 5518 συνάξει.
1122 5454 1277 5516 Τίνες
1314 5454 1367 5507 δὲ
1392 5454 1550 5507 τοῦτο
1580 5457 1878 5527 πράξωσιν,

306 5540 346 5613 ἦ
386 5542 603 5605 πάντως
638 5561 739 5595 που
765 5546 812 5597 οἱ
838 5546 963 5609 τοὺς
1001 5545 1387 5615 εἰσαγομένους
1419 5548 1497 5609 εἰς
1522 5548 1622 5618 τὴν
1658 5548 1884 5619 Ἐκκλη-

311 5633 431 5686 σίαν
454 5632 546 5686 τοῦ
582 5634 714 5687 Θεοῦ
751 5637 1211 5707 χειραγωγοῦντες
1246 5637 1333 5692 διὰ
1355 5638 1451 5710 τὴν
1468 5638 1680 5711 φρενῶν
1702 5639 1887 5711 νηπιό-

310 5739 486 5793 tnta;

383 5818 436 5850 “
466 5818 651 5873 Matth.
686 5834 795 5888 xw,
830 5824 915 5881 13.

1986 4656 2105 4693 vatu
2128 4650 2181 4693 et
2212 4640 2529 4694 insolentem
2564 4641 2803 4711 gentium
2828 4642 3166 4695 vocationem
3196 4641 3424 4694 attonita
3454 4657 3467 4692 τ
3497 4658 3561 4693 ac

1986 4731 2327 4785 sterilitatem
2368 4731 2469 4785 sibi
2522 4747 2552 4785 a
2606 4730 2832 4785 Judaica
2884 4739 3046 4799 gente
3094 4730 3376 4785 inductam
3428 4728 3566 4784 fate-

1986 4823 2151 4878 bitur.

2061 4915 2225 4969 Vens.
2272 4914 2361 4970 22.
2414 4935 2433 4968 ι
2482 4915 2576 4972 Sic
2610 4916 2743 4971 dicit
2781 4914 3043 4969 Dominus
3092 4912 3565 4985 Dotninuszﬁcce

1987 5006 2139 5060 elevo
2172 5023 2334 5076 super
2382 5017 2568 5078 gentes
2610 5022 2825 5061 manum
2880 5022 3093 5072 nteant,
3152 5016 3207 5060 et
3251 5008 3319 5061 ad
3362 5007 3567 5060 insulas

1990 5097 2181 5152 levabo
2229 5100 2440 5169 signum
2477 5114 2652 5151 meum
2685 5116 2699 5151 :
2732 5105 2786 5150 et
2828 5098 3098 5151 adducent
3142 5095 3280 5150 ﬁlios
3332 5102 3455 5149 tuos
3512 5095 3563 5147 in

1990 5191 2131 5253 sitttt,
2162 5197 2213 5241 et
2240 5189 2380 5243 ﬁlias
2408 5200 2529 5241 tuas
2564 5188 2803 5241 humeris
2832 5186 3123 5253 portabunt
3159 5203 3171 5238 :
3204 5204 3227 5237 ι
3262 5186 3485 5249 docens,
3510 5200 3569 5239 se

1990 5280 2130 5335 filios
2153 5292 2207 5332 et
2237 5280 2373 5333 filias
2398 5280 2553 5347 ejus,
2604 5280 2670 5332 de
2708 5278 2908 5346 quibus
2945 5277 3099 5340 dixit,
3137 5293 3156 5327 ι
3185 5275 3248 5330 ιιι
3309 5292 3438 5331 vero
3479 5278 3567 5328 ubi

1988 5383 2142 5426 erant
2170 5372 2297 5425 milii
2324 5371 2347 5424 ?
2373 5391 2391 5421 ι
2455 5386 2521 5423 ex
2564 5369 2831 5423 electione
2875 5379 3113 5437 gcuttum
3166 5368 3234 5421 ad
3271 5367 3567 5421 Ecclesium

1991 5465 2349 5517 deducturum
2386 5477 2529 5517 esse.
2560 5462 2792 5527 Quinam
2825 5476 2953 5515 vero
2988 5460 3042 5513 id
3071 5458 3245 5513 acturi
3282 5469 3429 5523 sunt,
3464 5459 3565 5510 nisi

1992 5555 2082 5624 qui
2111 5556 2247 5610 alios
2274 5556 2340 5610 ad
2378 5554 2674 5609 Ecclesiam
2700 5553 2793 5607 Dei
2825 5552 3147 5607 accedentes
3178 5566 3335 5603 manu
3367 5551 3569 5603 ducunt

1995 5647 2064 5702 ob
2091 5661 2278 5703 corum
2306 5645 2504 5703 mentis
2538 5644 2958 5703 imbecillitatem
2990 5651 3047 5698 ct
3091 5642 3376 5697 infantiam
3400 5641 3425 5697 ι
