4058 6386
573 382 677 440 459

644 494 804 547 Vsus.
851 490 939 545 9.5.
986 508 1005 541 ι
1038 490 1102 544 Ει
1131 500 1290 544 erunt
1334 505 1485 560 reges
1514 490 1721 545 nutritii
1757 492 1864 553 tui,
1894 500 1949 545 et
1978 490 2117 560 regi-
2145 496 2191 554 Α

569 599 654 639 me
685 599 867 639 eorum
897 624 912 648 ,
945 583 1182 638 nutrices
1209 593 1328 636 tum.
1362 601 1380 633 ι
1410 582 1558 647 Quod
1588 582 1653 635 ad
1675 582 1903 635 litteram
1935 582 2119 651 imple-

570 686 680 729 tum
708 674 836 745 ipsis
861 675 1029 729 oculis
1068 675 1367 737 cernimus,
1400 673 1525 725 dum
1572 673 1627 736 ii,
1671 674 1761 741 qui
1812 688 2116 741 supremum

567 767 850 833 imperium
914 765 1195 827 obtinent,
1262 760 1556 817 Ecclesiam
1618 760 1709 816 Dei
1774 763 2115 817 nutritiorum

566 857 742 911 instar
790 864 999 924 gestant
1044 862 1097 908 et
1151 852 1373 907 feveut:
1411 865 1475 905 ac
1524 849 1723 918 regina:
1767 849 2024 919 gentium,
2064 850 2116 902 id

564 956 671 1013 est,
723 947 1049 1016 singularum
1093 942 1332 1013 gentium
1364 950 1418 995 et
1443 941 1847 1010 provinciarum
1876 938 2113 1008 praefecti

565 1046 622 1092 et
671 1038 1032 1105 magistratus,
1079 1046 1314 1101 superno
1356 1046 1521 1100 regno
1558 1031 1956 1095 ministrantes,
1994 1039 2114 1084 tan-

566 1142 727 1197 quam
781 1126 1033 1189 nutrices,
1084 1122 1407 1193 pauperibus
1461 1120 1718 1176 Ecclesiae
1771 1120 2114 1188 imperatorio

564 1228 696 1273 nutu
753 1230 1022 1270 annonam
1082 1213 1472 1282 suppeditant:
1503 1226 1669 1279 quare
1714 1212 1953 1265 nutrices
1997 1210 2112 1277 ejus

566 1315 842 1370 vocantur,
871 1306 985 1359 sive
1023 1302 1315 1359 secundum
1348 1301 1747 1371 Symmachum,
1806 1320 1825 1351 ι
1851 1302 1931 1355 lac
1973 1316 2112 1370 prae-

561 1399 791 1463 bentes;
824 1416 842 1448 ι
876 1397 953 1451 sic
993 1396 1134 1449 enim
1178 1394 1363 1461 habet,
1397 1412 1415 1444 ι
1448 1393 1513 1446 Ει
1549 1397 1743 1463 reginae
1791 1408 1974 1447 eorum
2030 1392 2111 1447 lac

560 1489 889 1557 praebebunt.
921 1505 938 1538 ι
1010 1486 1138 1552 Quis
1205 1494 1381 1539 autem
1436 1494 1758 1538 memoratos
1834 1484 2111 1551 praefectos

560 1596 788 1637 cernens
822 1583 874 1634 in
914 1580 1149 1634 Ecclesia
1187 1578 1279 1632 Dei
1311 1592 1446 1647 genu
1482 1576 1729 1642 ﬂectere,
1778 1592 1841 1629 ac
1877 1577 1928 1629 in
1962 1575 2107 1627 iron-

562 1686 665 1726 tem
701 1672 847 1726 humi
882 1669 1228 1740 procumbere
1254 1707 1269 1731 ,
1315 1683 1419 1721 non
1450 1668 1681 1721 fateatur
1713 1666 1849 1720 hanc
1879 1665 2107 1734 pr0plie-

557 1764 687 1817 tiam
714 1763 780 1816 ad
818 1761 1050 1814 litteram
1089 1760 1407 1827 completam
1437 1772 1574 1820 esse,
1601 1772 1718 1824 qua!
1756 1757 1953 1809 diserte
1982 1755 2055 1806 ait
2090 1774 2103 1809 :

1230 373 1497 431 EUSEBII
1532 372 2011 430 CESARIENSIS
2042 370 2192 429 OPP.
2232 372 2413 429 PARS
2450 373 2538 429 ΙΙΙ.
2583 404 2652 415 -
2693 372 3102 429 EXEGETICA.

3686 374 3796 427 4ιο

2292 508 2313 543 ι
2357 491 2467 544 Καὶ
2508 490 2717 545 ἐσονται
2758 489 2988 559 βασιλεῖς,
3022 489 3227 559 τιθηνοί
3263 505 3376 552 σου,
3408 489 3465 542 αἱ
3503 488 3562 541 δὲ
3596 488 3794 558 ἀρχου-

2224 598 2311 633 σαι
2344 581 2541 647 αὐτῶν,
2564 582 2749 652 τροφοί
2775 598 2884 633 σου.
2923 598 2942 631 ι
2986 582 3161 647 Ὅπερ
3189 580 3280 633 καί⁵
3317 578 3449 633 αὐτὸ
3479 580 3624 632 κατά
3647 579 3793 643 λέξιν

2222 672 2588 742 πληρούμενον
2615 676 2795 737 αὐτοῖς
2831 673 3009 742 ἴδομεν
3048 672 3364 742 ὀφθαλμοῖς,
3394 672 3501 725 τῶν
3535 671 3791 742 κρατούν-

2219 777 2326 813 των
2354 764 2451 831 τῆς
2483 763 2740 815 ἀνωτάτω
2775 762 2946 832 ἀρχῆς
2982 759 3212 829 τιθηνῶν
3256 760 3454 829 τρόπον
3493 758 3787 810 διαϐαστα-

2221 854 2415 917 ζόντων
2438 853 2536 922 τὴν
2562 852 2654 904 τοῦ
2675 852 2810 905 Θεοῦ
2845 850 3166 920 Ἐκκλησίαν
3186 867 3200 879 ·
3219 850 3276 904 αἱ
3296 850 3352 902 δὲ
3374 849 3579 902 τούτων
3600 847 3790 917 ἄρχου-

2221 961 2331 1008 σαι,
2359 943 2553 1013 δηλαδὴ
2580 946 2633 997 αἱ
2664 944 2783 997 καθ’
2812 945 3038 997 ἕκαστον
3067 941 3239 1004 ἔθνος,
3271 941 3366 994 καὶ
3404 940 3526 994 καθ’
3549 940 3788 1009 ἑκάστην

2220 1035 2482 1104 ἐπαρχίαν
2522 1034 2689 1104 ἀρχαὶ
2721 1036 2815 1087 καὶ
2847 1033 3102 1099 ἐξουσίαι,
3139 1035 3203 1101 τῇ
3244 1032 3504 1085 ἀνωτάτω
3539 1029 3787 1100 βασιλείᾳ

2217 1124 2621 1195 διακονούμεναι
2669 1124 2881 1194 τροφῶν
2920 1125 3073 1193 δίκην
3124 1122 3627 1193 ἐξυπηρετούμεναι
3673 1124 3787 1185 τοῖς

2216 1216 2415 1269 ἐνδεέσι
2438 1218 2537 1286 τῆς
2582 1217 2923 1286 Ἐκκλησίας,
2956 1214 3182 1285 νεύματι
3220 1214 3501 1284 βασιλικῷ,
3533 1214 3602 1267 τά
3635 1230 3787 1282 σιτη-

2220 1304 2368 1374 ρέσια
2400 1303 2725 1374 χορηγοῦσαι
2746 1304 2951 1366 αὐτοῖς·
2975 1303 3052 1355 διὸ
3074 1303 3243 1374 τροφὴ
3272 1303 3348 1371 (ί)
3386 1303 3792 1373 αύτῆςώνομά-

2217 1392 2453 1462 σθησαν,
2486 1392 2519 1461 ἦ
2552 1392 2691 1445 κατὰ
2721 1392 2811 1444 τὸν
2858 1391 3169 1460 Σύμμαχον,
3223 1409 3241 1440 ι
3281 1389 3557 1459 γαλοῦχοι,
3610 1407 3629 1440 ι
3682 1390 3787 1459 φή-

2217 1499 2403 1544 σαντα,
2443 1500 2460 1531 (
2513 1482 2621 1535 Kal.
2662 1483 2923 1551 ἄρχουσαι
2957 1479 3133 1533 αὐτῶν
3170 1477 3587 1548 γαλουχήσουσι.
3639 1496 3657 1529 ι
3690 1477 3787 1538 Τίς

2213 1572 2267 1625 δὲ
2292 1572 2585 1642 ὀφθαλμοῖς
2623 1572 2765 1642 ὁρῶν
2796 1571 2893 1634 τάς
2934 1569 3225 1641 εἰρημένας
3257 1566 3429 1639 ἀρχὰς
3453 1568 3511 1621 ἐν
3544 1570 3611 1637 τῇ
3660 1568 3793 1619 Ἐκ·-

2215 1664 2411 1733 κλησίᾳ
2447 1663 2539 1715 τοῦ
2580 1662 2715 1715 Θεοῦ
2742 1663 2867 1730 γόνυ
2903 1660 3279 1730 καμπτούσας,
3308 1658 3493 1715 καὶτὸ
3536 1659 3787 1727 μέτωπον

2213 1752 2520 1822 ἐρειδούσας
2561 1753 2654 1804 ἐπὶ
2698 1751 2791 1803 τοῦ
2825 1750 3082 1819 ἐδάφους,
3112 1750 3209 1817 οὐχ
3254 1747 3601 1818 ὁμολογήσειε
3647 1748 3787 1817 πρὸς

560 1870 578 1901 ι
609 1852 780 1918 Super
831 1848 1018 1902 faciem
1053 1855 1208 1901 terra:
1246 1846 1548 1901 adorabunt
1596 1860 1682 1909 te,
1723 1855 1776 1897 et
1830 1844 2097 1913 pulverem

2210 1844 2343 1910 λέξιν
2377 1846 2467 1896 καὶ
2504 1844 2637 1914 πρὸς
2670 1843 2905 1913 ἱστορίαν
2946 1841 3097 1903 τέλος
3138 1839 3418 1909 εἰληφέναι
3447 1839 3648 1906 ταύτην
3685 1839 3787 1905 τὴν

553 1941 747 2009 pedum
781 1949 991 1994 tuorum
1025 1939 1255 2008 lingent.
1298 1938 1361 1991 Et
1396 1939 1536 1992 scies
1565 1939 1689 2007 quia
1720 1951 1819 2005 ego
1860 1952 1974 1989 sum
2005 1935 2106 1987 Do-

554 2032 757 2096 minus,
788 2039 969 2085 etnon
1008 2030 1426 2091 confundentur,
1470 2030 1559 2098 qui
1602 2038 1918 2097 exspectant
1963 2029 2054 2081 te?
2082 2048 2101 2079 ι

551 2117 657 2172 Par
690 2131 773 2172 est
803 2119 943 2173 enim
974 2134 1078 2171 non
1105 2118 1158 2170 in
1188 2118 1467 2186 segnitjem
1503 2117 1673 2171 delabi
1699 2158 1713 2183 ,
1764 2132 1937 2185 neque
1962 2131 2109 2185 spem

550 2212 939 2278 promissorum
966 2210 1212 2263 amittere
1244 2218 1367 2262 ante
1393 2223 1571 2261 rerum
1602 2218 1871 2261 eventum.

2211 1936 2561 2005 προφητείαν,
2581 1934 2872 2003 διαρρήδην
2900 1936 3166 2003 φήσασαν,
3191 1951 3207 1981 ι
3233 1931 3353 1983 Ἐπὶ
3372 1930 3657 2000 πρόσωπον
3685 1932 3787 1997 τῆς

2211 2029 2312 2096 γῆς
2342 2025 2772 2096 προσκυνήσουσί
2806 2042 2908 2086 σοι,
2939 2024 3029 2076 καὶ
3056 2022 3146 2075 τὸν
3186 2021 3314 2091 χοῦν
3346 2021 3452 2073 τῶν
3484 2020 3657 2074 ποδῶν
3690 2036 3787 2071 σου

2212 2117 2466 2183 λείξουσι.
2497 2118 2604 2169 Καὶ
2624 2116 2830 2187 γνώσῃ,
2856 2118 2936 2168 ὅτι
2960 2114 3065 2183 ἐγὼ
3088 2114 3310 2184 Κύριος,
3337 2114 3431 2166 καὶ
3452 2115 3551 2164 οὐκ
3573 2114 3793 2181 αἰσχυν-

2217 2206 2469 2276 θήσονται
2510 2207 2560 2257 οἱ
2604 2205 2959 2275 ὑπομένοντες
3006 2220 3100 2267 σε;
3154 2222 3171 2254 ›
3228 2203 3405 2255 Καλὸν
3448 2203 3553 2271 γὰρ
3590 2201 3650 2253 τὸ
3708 2201 3785 2269 μὴ

548 2304 830 2374 ὀλιγωρεῖν
860 2304 989 2374 μηδέ
1019 2302 1413 2369 ἀπογινώσκειν
1453 2302 1550 2373 τὴν
1582 2302 1769 2355 ἐλπίδα
1804 2303 1913 2356 τῶν
1943 2300 2363 2373 ἐπηγγελμένων
2398 2300 2505 2369 πρὸ
2541 2303 2639 2369 τῆς
2668 2300 2775 2351 τῶν
2810 2296 3144 2369 πραγμάτων
3177 2295 3473 2357 ἐκϐάσεως.

620 2392 782 2450 Vsus.
810 2396 899 2447 ει.
937 2414 954 2445 ι
987 2394 1121 2447 Num
1167 2395 1393 2463 accipiet
1429 2396 1551 2463 quis
1579 2410 1607 2448 a
1633 2396 1842 2464 gigante
1881 2396 2049 2463 spolia
2081 2396 2105 2448 Ἰ

550 2496 605 2539 et
648 2486 691 2537 si
726 2485 847 2553 quis
888 2486 1157 2552 captivum
1202 2486 1412 2539 duxerit
1447 2487 1677 2553 injuste,
1704 2487 1995 2539 salvabitur
2026 2487 2049 2539 ?
2080 2506 2098 2538 ι

550 2574 829 2642 Gigantem
875 2583 1030 2628 vocat
1068 2575 1335 2628 diabolum
1380 2584 1433 2628 et
1466 2575 1824 2627 adversariam
1868 2586 2105 2642 potesta-

551 2670 675 2711 tcin.
712 2657 977 2726 Numquid
1030 2660 1211 2726 igitur,
1246 2660 1352 2722 ait,
1400 2670 1587 2712 contra
1634 2660 1899 2727 gigantem
1932 2663 2107 2728 quivis

546 2748 820 2815 congredi,
858 2763 919 2801 ac
942 2748 1071 2799 tanti
1092 2748 1297 2801 roboris
1330 2748 1444 2800 viro
1472 2749 1640 2815 spolia
1672 2749 1879 2814 eripere
1902 2750 2107 2803 valeat?

546 2840 693 2905 Quod
718 2840 760 2893 si
784 2840 901 2907 quis
926 2839 1081 2891 talem
1111 2839 1380 2893 hominem
1412 2840 1677 2907 captivum
1708 2840 1972 2895 abducere
1994 2850 2107 2893 ten-

547 2933 759 2995 taverit,
793 2934 892 2985 etsi
928 2930 1071 2997 juste
1115 2940 1254 2998 agat,
1294 2945 1361 2982 an
1394 2946 1488 2997 pro
1521 2931 1731 2983 insonte
1772 2930 2105 2984 habebitur?

544 3026 734 3077 Annon
775 3038 803 3076 a
848 3026 1087 3091 gigante,
1127 3028 1307 3089 utpote
1347 3037 1373 3072 a
1416 3022 1668 3083 fortiore,
1704 3033 2003 3089 correptus,
2038 3024 2105 3075 de

2284 2410 2301 2441 ι
2338 2390 2426 2461 Μὴ
2456 2390 2681 2460 λήψεταί
2733 2407 2811 2451 τις
2862 2390 3009 2459 παρά
3042 2387 3292 2455 γίγαντος
3325 2387 3528 2449 σκῦλα;
3560 2385 3654 2437 καὶ
3691 2384 3786 2435 ἐὰν

2213 2482 2619 2551 αἱχμαλωτεύσῃ
2644 2498 2723 2543 τις
2760 2480 2991 2541 ἀδίκως,
3019 2477 3319 2548 σωθήσεται
3344 2493 3357 2539 ;
3393 2495 3411 2526 ι
3434 2478 3663 2543 γίγαντα
3688 2492 3788 2545 ση-

2216 2572 2419 2641 μαίνων
2465 2573 2555 2624 τὸν
2595 2571 2833 2624 διάϐολον
2883 2572 2975 2623 καὶ
3001 2569 3097 2637 τὴν
3128 2567 3503 2637 ἀντικειμένην
3530 2567 3782 2636 δύναμιν.

2213 2665 2360 2733 Μήτι
2389 2660 2478 2716 οὖν
2504 2662 2580 2731 τῷ
2612 2662 2842 2731 τυχόντι,
2875 2662 3027 2729 φησὶ,
3054 2660 3270 2712 δυνατόν
3294 2661 3410 2711 ἐστι
3442 2659 3655 2726 γίγαντι
3680 2676 3786 2709 πα-

2219 2752 2567 2823 ρατάξασθαι,
2608 2753 2699 2805 καὶ
2736 2752 3021 2804 σκυλεῦσαι
3048 2752 3135 2804 τὸν
3158 2749 3327 2812 οὕτως
3354 2750 3604 2819 ίσχυρόν;
3636 2749 3699 2801 Εί
3727 2748 3783 2800 δὲ

2213 2848 2305 2898 καὶ
2347 2847 2709 2917 ἐπιχειρήσειέ
2753 2863 2837 2908 τις
2885 2846 2975 2898 τὸν
3026 2845 3263 2898 τοιοῦτον
3318 2842 3782 2913 αἰχμαλωτεῦσαι,

2212 2938 2432 3000 δικαίως
2451 2938 2506 2989 δέ
2534 2939 2720 3001 ποιῶν,
2748 2933 2856 3007 ἆρα
2880 2936 3261 3007 ἀθωωθήσεται
3284 2952 3297 3001 ;
3326 2936 3458 3005 Οὐχὶ
3487 2933 3784 3004 κρατηθεὶς·

2212 3029 2315 3079 ὑπὸ
2355 3028 2446 3079 τοῦ
2477 3028 2748 3099 γίγαντος,
2792 3029 2867 3089 ὡς
2901 3028 2989 3079 ὑπ’
3037 3028 3401 3097 ἰσχυροτέρου,
3452 3025 3781 3079 κινδυνεύσει

546 3116 717 3168 salute
764 3115 1157 3183 periclitabitur
1195 3114 1217 3165 ‘i
1254 3112 1356 3167 Pro
1399 3113 1485 3165 illo
1512 3122 1711 3177 autem,
1748 3132 1765 3164 ‹
1815 3115 2042 3181 injuste,
2083 3134 2100 3165 ι

2210 3120 2334 3191 περὶ
2362 3119 2460 3189 τῆς
2488 3119 2648 3170 αὑτοῦ
2673 3118 2976 3189 σωτηρίας;
3016 3121 3159 3172 Ἀντ)⁸
3194 3119 3264 3189 δὲ,
3287 3117 3399 3180 τοῦ,
3429 3137 3448 3167 ι
3486 3118 3703 3181 ἀδίκως,
3752 3136 3775 3167 ι

545 3206 806 3260 llebraica
841 3207 1020 3270 lectio,
1058 3224 1076 3255 ι
1106 3206 1271 3274 juste,
1303 3224 1320 3255 ι
1358 3204 1535 3257 habet.
1558 3204 1688 3256 Nam
1728 3206 1815 3272 qui
1844 3207 2106 3273 gigantem

545 3299 819 3365 captivum
873 3298 1112 3361 duxerit,
1150 3297 1295 3365 juste
1326 3310 1455 3349 sane
1500 3305 1643 3366 agat,
1681 3298 1984 3365 pariterque
2018 3298 2105 3366 qui

545 3390 663 3455 ejus
695 3389 859 3456 spolia
894 3389 1191 3456 diripuerit.

622 3485 779 3531 Vens.
804 3478 892 3531 25.
913 3498 930 3531 ι
950 3478 1207 3545 Quoniam
1238 3478 1316 3533 sic
1341 3478 1468 3532 dicit
1505 3478 1761 3533 Dominus
1783 3480 1866 3535 :Si
1884 3483 2001 3549 quis
2020 3497 2108 3537 ce-

543 3568 681 3636 perit
714 3568 1239 3637 gigantem,accipiet
1261 3570 1429 3638 spolia
1460 3588 1473 3624 :
1501 3571 1586 3637 qui
1617 3582 1792 3625 autem
1832 3576 2106 3642 acceperit

542 3677 570 3712 a
598 3661 743 3725 forti,
764 3662 1069 3715 salvabitur.
1098 3662 1209 3732 Ego
1226 3672 1405 3716 autem
1435 3663 1694 3730 judicium
1728 3674 1873 3731 tuum
1895 3665 2103 3732 judica-

544 3752 632 3812 bo,
668 3765 717 3805 et
741 3752 874 3807 filios
904 3768 1050 3808 meos
1082 3769 1289 3808 eruam.
1330 3774 1347 3806 ι
1386 3756 1584 3821 Aperte
1612 3756 1892 3811 declarans
1924 3758 2101 3822 nobis,

542 3845 593 3898 id
632 3847 801 3900 solum
835 3848 948 3901 ﬁeri
976 3863 1153 3916 posse,
1195 3859 1252 3902 ut
1276 3849 1513 3918 praedicti
1559 3849 1790 3903 hominis
1816 3850 1981 3919 spolia
2006 3867 2105 3903 au-

544 3936 825 4004 ferantur;
854 3940 988 3994 [ilics
1021 3956 1145 3994 suos
1190 3940 1274 3995 his
1312 3940 1657 4008 significans;
1688 3956 1855 4009 quare
1892 3944 2101 4005 subdit,

551 4046 569 4076 ι
606 4027 769 4081 Filios
797 4043 979 4082 eruam
1007 4047 1022 4090 ;
1052 4049 1070 4080 ι
1090 4029 1281 4096 quibus
1307 4031 1525 4099 ereptis,
1545 4031 1634 4099 qui
1672 4030 1816 4099 ipsos
1846 4032 2105 4087 violenter

545 4118 910 4181 abstulerant,
937 4135 1061 4173 suas
1091 4120 1188 4189 ipsi
1224 4134 1413 4174 carnes
1448 4123 1745 4174 comedent.
1782 4122 1914 4175 Cum
1961 4125 2102 4177 enim

547 4208 768 4261 aliorum
810 4224 998 4265 carnes
1038 4225 1141 4264 non
1181 4210 1319 4263 ultra
1358 4211 1642 4265 comedere
1686 4220 1944 4280 possent,
1978 4229 2104 4267 snas

546 4301 854 4364 comedent,
893 4308 1096 4353 etcum
1142 4301 1440 4352 animarum
1486 4298 1756 4353 hominum
1792 4289 2110 4370 sanguinem

545 4388 759 4444 ebibere
787 4406 889 4443 non
920 4393 1152 4457 valeant,
1184 4390 1499 4461 sanguinem
1520 4406 1671 4445 suum
1695 4393 1903 4459 bibent,
1935 4402 1991 4446 ιιι
2013 4393 2100 4447 illo

546 4477 891 4534 inebricntur.

620 4571 780 4623 Vsus.
805 4571 892 4624 26.
939 4591 956 4623 ι
992 4573 1056 4625 Ει
1077 4572 1355 4627 comedent
1380 4572 1468 4641 qui
1496 4571 1877 4628 tribulaverunt
1904 4583 1956 4628 te
1977 4589 2099 4629 car-

546 4674 641 4713 nes
671 4676 815 4725 suas,
846 4672 898 4714 et
933 4663 1130 4729 bibent,
1166 4665 1315 4731 quasi
1342 4665 1518 4717 vinum
1550 4679 1765 4727 novum,
1789 4666 2097 4735 sanguinem

544 4765 719 4815 somn,
747 4759 800 4804 et
816 4753 1253 4808 inebriabuntur.
1290 4775 1307 4806 ι
1341 4755 1463 4808 Hiec
1504 4766 1726 4821 possunt
1754 4757 1819 4808 ad
1846 4770 2099 4822 persecu-

546 4850 688 4894 tores
724 4842 971 4896 Ecclesia:
994 4844 1209 4913 Dei,qui
1243 4861 1336 4914 per
1366 4856 1600 4911 tempora
1623 4844 1855 4911 fuerunt,
1881 4849 2093 4912 referri,

542 4930 730 4999 hisque
774 4948 955 4986 eorum
998 4935 1118 4989 ﬁnis
1162 4947 1217 4988 et
1259 4937 1431 4990 exitus
1462 4936 1801 5001 describitur,
1830 4940 2096 5005 quomodo

543 5023 748 5075 scilicet
788 5024 1021 5077 futurum
1067 5026 1158 5087 sit,
1194 5036 1251 5079 ut
1288 5041 1481 5081 carnes
1524 5042 1649 5080 suas
1688 5029 1992 5093 comedam,
2044 5040 2099 5083 et

541 5111 852 5179 sanguinem
894 5128 1045 5165 suum
1090 5115 1291 5167 bibant.

617 5220 635 5251 ι
688 5202 751 5254 Ει
793 5204 985 5257 scntiet
1048 5207 1221 5258 omnis
1262 5222 1429 5269 caro,
1487 5208 1610 5275 quia
1648 5224 1745 5276 ego
1806 5210 2098 5273 Dominus,

540 5289 629 5351 qui
677 5291 790 5344 erui
850 5300 925 5353 te,
980 5302 1033 5345 et
1074 5293 1250 5364 adjuvi
1299 5296 1665 5352 fortitudinem
1715 5297 1897 5353 Jacob.
1956 5319 1974 5350 ι
2015 5299 2102 5352 ln-

541 5392 855 5445 corporeum
902 5381 1105 5436 Numen
1145 5395 1245 5447 est,
1298 5388 1533 5440 materiae
1582 5401 1807 5454 expers,
1862 5389 2101 5442 intactile

541 5477 589 5517 et
618 5469 859 5537 simplex,
886 5488 984 5526 nec
1019 5475 1302 5543 quispiam,
1341 5477 1384 5529 si
1421 5478 1633 5544 quidem
1667 5479 1738 5530 uti
1767 5478 1851 5531 fas
1872 5488 1951 5530 est
1976 5492 2100 5545 ege-

545 5559 630 5619 rit,
654 5563 880 5626 speciem
921 5565 985 5617 de
1018 5565 1104 5617 illo
1137 5580 1449 5632 corpoream
1477 5567 1812 5635 imaginetur.
1845 5568 2092 5621 Attamen

543 5664 692 5703 sacra
724 5651 990 5719 Scriptura
1021 5657 1116 5709 hos
1139 5656 1435 5724 alloquens,
1458 5656 1689 5708 lium-ano
1719 5673 1863 5710 more
1888 5659 1952 5712 de
1980 5658 2092 5727 ipso

614 5738 689 5809 (i)
723 5739 881 5796 forte
922 5744 1196 5812 lugendum
1226 5746 1431 5816 τροοξοί,
1466 5756 1519 5801 ιιι
1543 5762 1720 5815 snpra.
1757 5747 1907 5802 Em.

2206 3212 2237 3278 ἡ
2317 3210 2575 3280 Ἑϐραῖκὴ
2622 3210 2784 3275 λέξις.
2840 3228 2857 3259 ι
2895 3210 3136 3275 δικαίως,
3184 3230 3202 3261 ι
3254 3209 3513 3280 περιέχει.
3555 3210 3613 3261 ὐ
3666 3209 3779 3281 γὰρ

2208 3298 2628 3367 αίχμαλωτεύων
2651 3299 2897 3370 γίγαντα,
2923 3300 3142 3364 δικαίως
3182 3300 3340 3353 τοῦτο
3379 3301 3639 3369 ποιήσειε,
3682 3299 3781 3353 καὶ

2204 3388 2232 3440 ὁ
2258 3387 2530 3440 σκυλεύων
2553 3388 2733 3453 αὑτὸν,
2764 3390 2985 3458 ὁμοίως.

2280 3497 2298 3528 ι
2337 3479 2455 3531 Ὅτι
2488 3478 2629 3539 οὕτω
2651 3479 2797 3546 λέγει
2827 3480 3047 3551 Κύριοςο
3095 3483 3220 3536 Ἐάν
3242 3500 3325 3546 τις
3356 3480 3777 3555 αίχμα).ωτεύσῃ

2205 3569 2452 3637 γίγαντα,
2489 3570 2710 3641 λήψεται
2739 3571 2923 3635 σκῦλα,
2972 3572 3263 3641 λαμϐάνων
3296 3573 3352 3626 δὲ
3390 3574 3520 3644 παρ’
3566 3571 3774 3642 ἰσχύον-

2205 3678 2321 3724 τος,
2354 3660 2676 3732 σωθήσεται.
2715 3662 2853 3730 Ἐγὼ
2889 3663 2944 3715 δέ
2980 3663 3077 3733 τὴν
3107 3665 3285 3734 κρίσιν
3316 3681 3408 3717 σου
3443 3662 3632 3734 κρινῶ,
3684 3663 3774 3716 καὶ

2204 3752 2313 3818 ἐγὼ
2331 3753 2455 3815 τοὺς
2477 3752 2622 3815 υἱούς
2649 3770 2747 3823 μου
2780 3744 3043 3823 ῥύσομαι·
3074 3772 3091 3804 ι
3132 3741 3319 3831 σαφῶς
3350 3754 3565 3818 διδάξας
3604 3756 3774 3823 ἡμᾶς,

2203 3837 2339 3893 εἶναι
2368 3841 2522 3893 τοῦτο
2547 3843 2702 3911 μόνον
2733 3842 2976 3909 δυνατὸν,
3012 3843 3303 3912 ἀφελέσθαι
3326 3843 3420 3897 τοῦ
3444 3844 3773 3915 δηλωθέντος

2203 3932 2270 3985 τὰ
2309 3933 2478 3985 σκῦλα
2500 3951 2512 3963 °
2556 3936 2681 3997 τοὺς
2704 3936 2850 3998 υἱοὺς
2870 3935 3033 3987 αὑτοῦ
3058 3932 3196 3988 εἶναι
3230 3936 3401 4003 λέγων
3422 3954 3435 3965 ·
3474 3937 3553 3989 διὸ
3586 3937 3778 4006 ἐπιφέ-

2204 4039 2316 4091 ρει·
2351 4040 2368 4073 ι
2408 4023 2543 4085 Τοὺς
2576 4022 2720 4086 υἱούς
2759 4041 2856 4093 μου
2894 4024 3125 4094 ῥύσομαι
3148 4041 3161 4054 ·
3209 4042 3226 4076 ι
3260 4018 3335 4075 ὧν
3362 4023 3687 4093 ρυσθέντων,
3723 4028 3775 4078 οί

2203 4114 2542 4183 ἀφῃρημένοι
2582 4115 2761 4178 αὐτοῖς
2804 4114 2861 4180 ἐξ
2892 4116 3174 4185 ἐπηρείας,
3227 4116 3381 4169 αὐτοὶ
3422 4116 3521 4179 τὰς
3566 4118 3775 4170 ἐαυτῶν

2205 4204 2411 4273 σάρκας
2436 4205 2693 4271 φάγονται
2711 4222 2724 4235 '
2758 4205 2939 4257 οὐκέτι
2977 4205 3086 4277 γάρ
3122 4206 3321 4277 ἐτέρων
3343 4206 3551 4277 σάρκας
3571 4208 3775 4261 ἐσθίειν

2201 4293 2501 4363 δυνάμενοι,
2528 4296 2623 4358 τὰς
2649 4296 2853 4348 ἐαυτῶν
2885 4296 3169 4363 φάγονταιο
3203 4296 3310 4349 οὐδ’
3338 4298 3579 4350 ἐκπίνειν
3598 4298 3679 4351 ἔτι
3711 4300 3775 4352 τὸ

2204 4379 2339 4453 αἷμα
2368 4385 2473 4436 τῶν
2506 4386 2855 4455 ἀνθρωπίνων
2900 4386 3086 4456 ψυχῶν
3126 4386 3429 4457 δυνάμενοι,
3472 4388 3533 4439 τὸ
3565 4388 3772 4441 ἑαυτῶν

2201 4469 2336 4544 αἷμα
2370 4475 2599 4539 πίονται,
2651 4478 2724 4539 ὡς
2758 4478 2850 4529 καὶ
2888 4476 3215 4547 μεθυσθῆναι
3254 4480 3447 4541 αὐτοὺς
3492 4480 3551 4544 ἐξ
3583 4480 3769 4533 αὑτοῦ.

2210 4592 2225 4609 -
2277 4584 2293 4615 ι
2330 4566 2433 4618 Καὶ
2458 4567 2717 4635 φάγονται
2746 4571 2795 4621 οἱ
2821 4568 3103 4636 θλίψαντές
3136 4586 3194 4621 σε
3217 4570 3313 4631 τάς
3342 4571 3549 4642 σάρκας
3570 4574 3770 4635 αὐτῶν,

2200 4657 2291 4707 καὶ
2327 4657 2531 4710 πίονται
2559 4660 2632 4722 ὡς
2657 4656 2797 4712 οἶνον
2812 4660 2928 4713 νέον
2948 4661 3007 4712 τὸ
3025 4656 3161 4729 αἷμα
3176 4662 3368 4724 αὐτῶν,
3393 4664 3484 4715 καὶ
3505 4664 3770 4733 μεθυσθή-

2201 4763 2400 4802 σονται.
2442 4768 2461 4800 ι
2497 4749 2730 4802 Δύναται
2766 4750 2936 4802 ταῦτα
2968 4752 3059 4802 ἐπὶ
3090 4754 3213 4814 τοὺς
3259 4754 3396 4805 κατὰ
3424 4756 3613 4824 καιρὸν
3640 4755 3763 4807 διώ-

2197 4855 2402 4901 κωντας
2435 4840 2533 4911 τὴν
2565 4841 2660 4894 τοῦ
2704 4841 2837 4894 Θεοῦ
2888 4842 3205 4913 Ἐκκλησίαν
3241 4845 3633 4914 ἀναφέρεσθαι,
3670 4865 3763 4907 του

2201 4928 2355 4995 λόγου
2390 4931 2448 4982 τὸ
2483 4931 2638 4994 τέλος
2670 4932 2848 4984 αὐτῶν
2898 4933 2991 4984 καὶ
3022 4933 3118 5003 τὴν
3150 4934 3525 5004 καταστροφὴν
3555 4936 3771 5005 διαγρα-

2206 5037 2411 5088 φοντος,
2442 5024 2533 5074 καὶ
2565 5023 2641 5083 ὼς
2671 5023 2767 5085 τὰς
2796 5024 2999 5077 ἑαυτῶν
3028 5025 3235 5093 σάρκας
3271 5026 3554 5094 φάγονται,
3588 5028 3679 5080 καὶ
3709 5029 3771 5080 τὸ

2204 5104 2339 5178 αἷμα
2367 5110 2545 5162 αὐτῶν
2574 5110 2802 5163 πίονται.

2280 5219 2297 5250 ι
2334 5201 2441 5253 Καὶ
2469 5201 2881 5271 αἰσθανθήσεται
2907 5204 3052 5257 πᾶσα
3087 5204 3239 5274 σὰρξ,
3265 5206 3343 5257 ὅτι
3375 5206 3484 5273 ἐγὼ
3505 5207 3705 5276 Κύριος
3736 5208 3765 5258 ὁ

2210 5290 2507 5359 ρυσάμενός
2534 5309 2614 5354 σε,
2632 5294 2723 5344 καὶ
2745 5294 3266 5365 ἀντιλαμϐανόμενος
3302 5295 3481 5365 ἰσχύος
3508 5298 3717 5349 Ἰακώϐ.
3741 5318 3759 5348 ι

2219 5381 2525 5450 ’Λσώματον
2542 5384 2600 5435 τὸ
2628 5384 2801 5447 Θεῖον,
2834 5386 3013 5447 άῡλον,
3046 5388 3249 5455 ἀναφὲς
3277 5390 3369 5439 καὶ
3394 5389 3597 5440 ἁπλοῦν
3616 5407 3628 5417 ·
3673 5392 3766 5443 καὶ

2202 5472 2299 5525 οὐκ
2328 5474 2401 5527 ἀν
2422 5492 2505 5537 τις
2532 5477 2618 5527 ἐπ’
2647 5477 2813 5547 αὐτῷ,
2839 5480 2904 5532 τὰ
2927 5480 3107 5532 εἰκότα
3136 5480 3297 5551 δρῶν,
3326 5481 3624 5546 φαντασίαν
3644 5482 3764 5533 τινὰ

2201 5562 2353 5616 λάϐοι
2380 5569 2713 5637 σωματικὴν.
2762 5569 2902 5640 Πλὴν
2934 5572 2993 5623 τὸ
3020 5572 3253 5641 Γράμμα
3289 5572 3349 5622 τὸ
3382 5572 3523 5640 ἱερὸν
3560 5570 3765 5643 ἀνθρω-

2200 5655 2365 5720 πίνως
2396 5658 2522 5729 ἡμῖν
2547 5659 2612 5711 τὰ
2642 5661 2765 5728 περὶ
2788 5660 2946 5714 αὑτοῦ
2974 5661 3289 5731 διαλέγεται.
3322 5663 3395 5715 Ού
3425 5661 3533 5735 γὰρ
3557 5658 3623 5733 ἦν
3655 5662 3765 5717 ἐτέ-
