4058 6390
220 443 313 496 ιιι

1137 431 1645 491 ΩΟΗΜΕΝΤΑΒΙΔ
1685 430 1753 487 ΙΝ
1792 431 2055 492 ιδΑιΑΜ.
2089 463 2158 478 —-
2194 428 2348 486 CAP.
2390 426 2452 482 L.

3372 415 3482 472 4η

222 575 326 628 ρως
351 555 645 626 δυνηθῆναι
673 555 812 607 νοεῖν
831 553 955 616 τοὺς
979 554 1036 606 ἐν
1065 553 1248 616 αὐτοῖς
1275 552 1370 606 καὶ
1391 552 1619 622 παχέσιν
1644 551 1771 605 ὅντα

1873 609 1878 618 ,
1910 550 2184 605 edisserit.
2213 547 2399 617 Neque
2417 544 2557 598 enim
2589 538 2724 594 alias
2759 552 2883 592 eum
2927 534 3227 605 intelligere
3259 544 3480 602 possent

217 625 488 718 σώμασιν,
545 625 591 698 εἰ
627 645 701 716 μὴ
731 644 983 715 καθάπερ
1034 645 1094 697 ἐν
1139 644 1290 709 τάξει
1336 643 1771 714 παραδειγμάτων

1898 643 1933 696 ii
1968 642 2059 712 qui
2100 643 2150 694 in
2199 651 2445 706 corpore,
2479 636 2700 701 ipsoque
2727 641 2916 683 crasso
2952 635 3008 679 et
3053 625 3341 687 materiali,
3383 627 3480 676 de-

215 737 602 810 παρεκομίσθη
629 734 846 810 τάλκαθ’
881 737 1057 806 ἡμᾶς·
1096 735 1162 789 ἶν’
1201 738 1266 789 ἐκ
1307 735 1414 788 τῶν
1449 736 1509 786 ἐν
1542 734 1793 805 αἰσθήσει

213 806 309 883 καί
338 806 553 901 ὁρατῶν
580 806 925 897 πραγμάτων
953 826 1056 880 κᾶν
1103 827 1302 880 οὑτωσὶ
1329 828 1394 878 ἐκ
1429 825 1627 896 μέρους
1655 827 1793 879 νοεῖν

216 921 529 992 ἰσχύσωμεν
558 917 628 972 τά
653 917 780 989 περὶ
802 920 901 989 τῆς
923 917 1073 982 Θείας
1097 916 1302 979 οὐσίας.

745 1094 1140 1149 ΚΕΦΑΔΑΙΟΝ
1173 1093 1257 1149 N'.

283 1203 305 1238 ι
338 1185 532 1249 Οὕτως
562 1188 710 1256 λέγει
743 1187 979 1258 Κύριος⁹
1014 1187 1170 1241 Ποῖον
1203 1187 1264 1240 τὸ
1297 1187 1498 1257 βιϐλίον
1531 1186 1626 1241 τοῦ
1655 1188 1788 1240 ἀπο-

208 1278 433 1330 στασίου
460 1278 564 1347 τῆς
587 1279 790 1349 μητρὸς
814 1277 987 1348 ὑμῶν,
1041 1270 1087 1345 ᾧ
1123 1275 1480 1349 ἐξαπέστειλα
1512 1279 1718 1348 αὐτήνς
1755 1277 1786 1346 ἢ

203 1369 311 1420 τίνι
355 1368 611 1439 ύποχρέῳ
647 1370 905 1440 πέπρακα
944 1369 1120 1440 utsic;
1170 1369 1298 1422 Ἰδοὺ
1348 1372 1467 1432 ταῖς
1494 1367 1789 1439 ἁμαρτίαις

203 1455 360 1525 ὑμῶν
386 1457 741 1523 ἐξαπέστειλα
777 1459 876 1529 τὴν
923 1458 1135 1530 μητέρα
1167 1459 1341 1530 ὑμῶν.
1377 1461 1441 1513 Τί
1481 1461 1563 1513 ὅτι
1603 1456 1785 1530 ἦλθον,

200 1549 299 1601 καὶ
347 1550 449 1601 οὐκ
497 1545 565 1619 ἦν
617 1551 646 1602 ό
693 1550 1016 1617 ύπακούων;
1060 1551 1152 1620 Μὴ
1202 1552 1304 1604 οὐκ
1362 1552 1535 1622 ἰσχύει
1583 1553 1616 1621 ή
1665 1551 1788 1621 χείρ

201 1655 309 1707 μου
357 1639 453 1693 τοῦ
494 1639 794 1711 ῥύσασθαις
833 1642 924 1712 Μὴ
981 1643 1080 1696 ούκ
1127 1643 1294 1712 ἰσχύω
1333 1641 1426 1695 τοῦ
1478 1641 1784 1707 ἐξελέσθαις

209 1727 344 1784 Ἰδοὺ
377 1729 456 1799 τῷ
477 1731 691 1801 ἐλεγμῷ
722 1749 821 1802 μου
861 1732 1196 1805 ἐξερημώσω
1223 1733 1321 1804 τὴν
1346 1733 1619 1788 Θάλασσαν
1639 1751 1652 1760 '
1692 1735 1787 1787 καὶ

196 1815 355 1888 θήσω
384 1822 662 1890 ποταμοὺς
684 1822 942 1892 ἐρήμους,
970 1825 1062 1876 καὶ
1090 1823 1513 1895 ξηρανθήσονται
1535 1826 1583 1878 οἰ
1606 1826 1785 1896 ἰχθύες

1894 743 2065 804 gunt,
2107 732 2208 786 nisi
2259 745 2321 782 ea
2371 741 2490 796 qua:
2528 736 2696 792 penes
2743 733 2843 774 nos
2894 728 3022 774 sunt
3058 717 3124 771 ad
3170 715 3478 784 exetnplum

1893 833 2317 893 usurparentur;
2363 830 2421 872 ut
2449 834 2518 873 ex
2559 818 2624 870 iis
2674 830 2795 886 qum
2838 815 2937 868 sub
2976 825 3193 865 sensum
3227 819 3282 863 et
3323 822 3482 874 aspe-

1892 925 2037 971 ctum
2064 913 2257 967 cadunt
2279 951 2294 974 ,
2312 903 2375 965 ea
2399 925 2518 979 qua:
2541 909 2778 963 divinam
2809 901 3166 958 substantiam
3204 907 3476 969 spectant.

1891 1006 2083 1062 saltem
2120 1019 2187 1058 ex
2219 1013 2391 1072 parte,
2411 1001 2647 1072 cogitare
2678 1008 2979 1068 possemus.

2527 1086 2757 1145 CAPUT
2797 1086 2858 1145 L.

1962 1187 2127 1242 Vens.
2164 1186 2276 1240 1-7.
2299 1204 2316 1235 ι
2343 1177 2434 1237 Sic
2453 1183 2581 1237 dicit
2610 1178 2869 1234 Dominus
2888 1196 2901 1230 :
2919 1163 3367 1256 Qualisliiclibei'.
3386 1180 3474 1224 re-

1891 1280 2035 1349 pudii
2066 1277 2257 1331 matris
2283 1281 2495 1338 vestras,
2529 1287 2638 1340 quo
2672 1269 2851 1324 dimisi
2887 1280 3006 1321 eam
3037 1264 3175 1318 ?aut
3206 1262 3292 1317 cui
3324 1260 3479 1315 debl-

1892 1372 1992 1424 tori
2017 1368 2229 1422 vendidi
2259 1382 2354 1421 vos
2386 1366 2410 1418 ἰ
2438 1365 2578 1419 Ecce
2634 1360 2874 1431 peccatis
2917 1357 3123 1412 vestris
3162 1351 3474 1407 venumdati

1888 1462 2042 1527 esﬁs,
2077 1469 2132 1512 et
2169 1460 2221 1512 in
2267 1457 2645 1526 iniquitatibus
2678 1451 2876 1505 vestris
2906 1448 3084 1503 dimisi
3123 1454 3355 1499 matrem
3381 1457 3478 1496 ve-

1887 1561 2078 1604 stram.
2116 1547 2254 1614 Quid
2304 1546 2423 1615 quia
2453 1544 2600 1607 veni,
2641 1552 2697 1596 et
2737 1555 2844 1594 non
2890 1545 3012 1593 erat.
3052 1535 3145 1605 qui
3181 1530 3478 1588 obediret?

1886 1642 2078 1694 Annon
2118 1644 2298 1705 potest
2329 1648 2525 1687 manus
2567 1644 2684 1685 mea
2719 1629 2949 1682 liberare
2975 1625 2999 1679 ?
3029 1626 3222 1683 Annon
3253 1635 3472 1690 possunt

1886 1730 2130 1785 eruere?
2166 1727 2305 1780 Ecce
2344 1723 2770 1778 comminatione
2810 1733 2930 1772 mea
2969 1719 3239 1770 desertum
3277 1714 3471 1768 faciam

1887 1835 2057 1882 mare,
2080 1829 2134 1875 et
2167 1831 2360 1886 ponam
2393 1813 2584 1868 ﬂuvios
2617 1813 2894 1877 desertos,
2924 1818 2978 1864 et
3005 1815 3257 1861 arescent
3291 1805 3474 1873 pisces

194 1911 382 1964 αὐτῶν
412 1911 520 1964 ἀπὸ
553 1913 647 1966 τοῦ
677 1914 751 1984 μὴ
787 1909 922 1967 εἶναι
949 1913 1135 1978 ὕδατα,
1175 1916 1269 1968 καὶ
1293 1915 1688 1971 ἀποθανοῦνται
1722 1918 1771 1970 ἐν

1883 1928 2089 1978 eormn,
2123 1927 2187 1966 eo
2213 1911 2354 1980 quod
2389 1924 2492 1964 non
2520 1908 2591 1961 sit
2627 1921 2790 1975 aqua,
2826 1914 2882 1960 et
2923 1901 3224 1958 morientur
3246 1900 3357 1955 siti.
3385 1897 3473 1962 ln-

193 1999 360 2070 δίψει.
400 2002 634 2057 Ἐνδύσω
676 2005 768 2057 τὸν
812 2005 1036 2075 οὐρανὸν
1075 2006 1283 2070 σκότος,
1327 2009 1421 2060 καὶ
1464 2009 1540 2070 ὼς
1577 2008 1778 2062 σάκκον

192 2090 348 2163 θήσω
401 2094 463 2147 τὸ
504 2094 842 2165 περιϐόλαιον
871 2096 1058 2150 αὐτοῦ.
1094 2099 1298 2170 Κύριος
1344 2099 1547 2170 Κύριος
1595 2100 1776 2155 δίδωσί

196 2198 290 2253 μοι
331 2182 582 2251 γλῶσσαν
616 2185 884 2250 παιδείας,
931 2187 1027 2240 τοῦ
1061 2189 1263 2256 γνῶναι
1302 2191 1465 2258 ἡνίκα
1497 2191 1581 2243 δεῖ
1604 2194 1776 2246 εἰπεῖν

188 2269 369 2340 λόγον.
405 2273 607 2343 Ἔθηκέ
648 2292 736 2342 μοι
766 2277 933 2347 πρωῒ,
960 2278 1270 2350 προσέθηκέ
1301 2297 1390 2350 μοι
1417 2281 1576 2335 ὠτίον
1614 2282 1776 2336 ἀκού⁴

187 2374 299 2428 ειν,
349 2363 444 2416 καὶ
497 2367 525 2435 ή
560 2365 776 2419 παιδεία
810 2367 1017 2438 Κυρίου
1057 2371 1262 2440 Κυρίου
1295 2371 1498 2439 ἀνοίγει
1549 2388 1652 2442 μου
1704 2373 1773 2427 τά

184 2446 322 2506 ὦτα.
371 2452 513 2522 Ἐγὼ
550 2453 606 2507 δὲ
636 2456 736 2509 οὐκ
764 2456 995 2522 ἀπειθῶ,
1021 2459 1142 2512 οὐδὲ
1167 2459 1451 2528 ἀντιλέγω.
1481 2459 1582 2514 Τὸν
1605 2462 1771 2515 νῶτόν

185 2560 295 2613 μου
323 2543 499 2598 ἐδωκα
530 2547 611 2610 εἰς
635 2547 923 2616 μάστιγας,
951 2549 1050 2613 τὰς
1076 2549 1133 2602 δέ
1159 2551 1413 2619 σιαγόνας
1443 2570 1543 2620 μου
1571 2555 1651 2617 εἰς
1675 2555 1772 2625 ῥα-

183 2634 468 2704 πίσματαο
518 2635 580 2688 τὸ
613 2637 670 2689 δὲ
712 2638 1003 2710 πρόσωπόν
1053 2657 1155 2711 μου
1188 2642 1286 2694 οὐκ
1323 2642 1640 2714 ἀπέστρεψα
1674 2644 1768 2696 ἀπ’

180 2724 446 2795 αἰσχύνης
461 2727 882 2798 ἐμπτυσμάτων⁹
905 2730 999 2782 καὶ
1015 2731 1214 2802 Κύριος
1232 2732 1434 2803 Κύριός
1452 2751 1553 2803 μου
1573 2734 1768 2805 βοηθός

181 2831 278 2885 μοι
308 2816 543 2888 ἐγενήθη
565 2835 579 2847 ·
605 2818 693 2872 διὰ
721 2819 878 2888 τοῦτο
909 2822 1008 2874 ούκ
1031 2823 1355 2895 ἐνετράπην,
1379 2823 1492 2878 ἀλλ’
1515 2825 1686 2896 ἐθηκα
1706 2828 1767 2879 τὸ

177 2905 475 2975 πρόσωπόν
543 2925 646 2978 μου
699 2909 774 2973 ὡς
834 2911 1059 2982 στερεὰν
1113 2913 1342 2983 πέτραν.
1383 2933 1402 2966 ›
1448 2915 1540 2968 Διὸ
1578 2915 1766 2970 καὶτὸ

177 2998 474 3069 πρόσωπόν
508 3018 608 3071 μου
640 3002 717 3066 ὡς
742 3003 967 3076 στερεὰν
1001 3007 1206 3076 πέτραν
1247 3006 1569 3079 παρέπησα
1599 3027 1762 3062 πεπι-

177 3092 493 3163 στευμένος,
520 3092 596 3156 ὡς
621 3094 679 3146 οὐ
717 3103 872 3166 φέρει
898 3113 986 3166 μοι
1007 3098 1269 3171 αἰσχύνην
1295 3100 1327 3170 ή
1357 3099 1492 3171 πρὸς
1523 3101 1612 3154 τὸν
1651 3103 1763 3155 Πα-

172 3184 311 3254 τέρα
349 3183 561 3254 ὑπακοή
587 3201 601 3214 ⁸
639 3185 730 3238 καὶ
760 3187 987 3256 πλησίον
1029 3206 1128 3259 μου
1175 3189 1386 3244 ἑστῶτα
1439 3192 1531 3244 καί
1573 3192 1760 3266 ὥσπερ

173 3273 625 3340 ἀγωνοθετοῦντα
663 3278 776 3339 τοῖς
818 3279 1142 3348 γινομένοις,
1203 3280 1298 3334 καὶ
1354 3282 1454 3354 τὴν
1498 3283 1636 3354 ἐμὴν
1678 3284 1759 3336 δι-

173 3364 437 3417 καιοῦντα
467 3366 743 3437 ὑπομονὴν
782 3367 868 3420 διά
894 3368 1095 3432 παντὸς
1124 3368 1331 3440 ἐώρων.
1357 3371 1420 3424 Εἰ
1457 3372 1513 3425 δέ
1535 3389 1619 3436 τις
1648 3373 1759 3443 ἔχοι

168 3453 274 3518 τάς
297 3455 418 3507 κατ’
446 3454 580 3523 ἐμοῦ
610 3455 816 3526 ὕϐρεις,
841 3459 932 3512 καὶ
955 3458 1046 3512 τὸν
1075 3459 1301 3514 θάνατον
1339 3462 1502 3515 αὑτὸν
1536 3463 1759 3526 ἐνδίκως

169 3540 533 3612 ἐπενηνέχθαι
572 3561 660 3613 μοι
690 3545 852 3614 φάναι
878 3547 966 3600 διά
993 3565 1118 3602 τινα
1152 3549 1621 3621 πλημμελήματα,
1651 3553 1759 3606 δει-

168 3631 353 3686 κνύτω
380 3633 662 3705 παρελθὼν
683 3637 764 3700 εἰς
797 3637 980 3707 μέσον,
1005 3640 1158 3703 εἴτις
1175 3642 1325 3695 αἰτία
1347 3641 1378 3712 ἢ
1404 3642 1674 3714 πρόφασις
1698 3643 1757 3710 ἐξ

167 3719 308 3791 ἐμοῦ
345 3722 443 3793 τῆς
484 3722 738 3803 τοιαύτης
789 3727 911 3779 κατ’
961 3727 1094 3798 ἐμοῦ
1133 3726 1345 3801 ὕϐρεως
1372 3730 1628 3799 γέγονεν’
1675 3735 1757 3795 εἰς

170 3812 338 3881 μέσον
393 3812 679 3883 παρελθὼν
730 3817 909 3887 στήτω
957 3817 1051 3872 καὶ
1090 3817 1375 3890 ἐλεγχέτω.
1430 3821 1657 3886 Οὐδενὸς
1695 3822 1754 3876 δὲ

165 3902 386 3972 ἔχοντος
418 3904 624 3976 μέμψιν
656 3906 952 3976 μετελθεῖν,
1004 3911 1141 3980 μήτε
1171 3914 1236 3981 τῇ
1269 3912 1587 3984 διδασκαλίᾳ
1617 3916 1752 3986 μήτε

165 3998 288 4059 ταῖς
320 3995 555 4066 πράξεσι
581 4000 702 4062 ταῖς
723 3999 813 4051 ὑπ’
837 3999 970 4070 ἐμοῦ
1001 4002 1439 4074 πεπραγμέναις,
1469 4005 1693 4068 εἰκότως
1723 4007 1752 4058 ὁ

165 4080 375 4152 Κύριος
395 4082 589 4154 βοηθός
622 4103 709 4155 μοι
737 4087 1026 4158 παρέσται.

1881 2007 2039 2061 duam
2081 2004 2278 2058 coelum
2324 2002 2588 2062 tenebris,
2621 2009 2675 2053 et
2709 1997 2861 2066 quasi
2896 2010 3116 2050 saccum
3152 2007 3351 2062 ponam
3383 1992 3470 2045 in-

1878 2098 2191 2152 dumentum
2251 2093 2389 2163 ejus.
2438 2091 2698 2144 Dominus
2736 2089 2996 2142 Dominus
3047 2086 3138 2140 dat
3181 2084 3309 2137 mihi
3361 2081 3471 2136 lin-

1877 2203 2035 2259 gnam
2072 2185 2407 2253 disciplinae,
2467 2194 2526 2235 nt
2568 2183 2738 2236 sciam
2779 2179 2996 2247 quando
3041 2184 3288 2245 Oporteat
3319 2173 3468 2244 loqui

1875 2279 2118 2334 verbum.
2152 2277 2335 2331 Posuit
2371 2275 2499 2328 milii
2544 2285 2742 2326 mane:
2779 2270 2984 2325 addidit
3023 2268 3151 2322 milii
3183 2282 3369 2319 aurem
3397 2268 3470 2322 ad

1875 2370 2226 2433 audiendum,
2247 2377 2302 2423 et
2327 2365 2607 2435 disciplina
2633 2362 2843 2417 Domini
2884 2360 3060 2430 aperit
3101 2373 3262 2413 aures
3291 2372 3466 2413 meas.

1873 2462 1988 2531 Ego
2022 2471 2203 2515 autem
2241 2473 2346 2513 non
2395 2471 2599 2516 renuo,
2632 2467 2807 2522 neque
2855 2451 3197 2507 eontt'adico.
3235 2449 3463 2517 Dareum

1873 2567 2050 2608 meum
2089 2551 2211 2605 dedi
2244 2551 2309 2604 ad
2359 2547 2592 2618 ﬂagella,
2641 2553 2695 2598 et
2725 2558 2892 2613 genas
2942 2557 3091 2597 meas
3121 2544 3188 2596 ad
3230 2542 3463 2610 alapas:

1869 2647 2064 2701 faciem
2093 2657 2269 2698 autem
2299 2656 2476 2697 meam
2507 2655 2611 2693 non
2643 2637 2814 2691 averti
2837 2651 2866 2689 a
2899 2637 3100 2705 probro
3132 2643 3417 2702 sputorum
3443 2651 3461 2688 :

1868 2745 1924 2792 et
1957 2735 2218 2789 Dominus
2259 2733 2515 2787 Dominus
2557 2743 2709 2782 meus
2752 2727 3045 2781 auxiliator
3102 2727 3234 2780 mihi
3282 2715 3463 2779 factus

1868 2837 1983 2888 est;
2006 2825 2125 2880 ideo
2150 2840 2255 2878 non
2278 2838 2397 2877 sum
2427 2820 2709 2883 confusus,
2728 2819 2822 2873 sed
2847 2818 3000 2887 posui
3033 2817 3224 2872 faciem
3260 2831 3460 2884 tineam,

1865 2919 2006 2973 sicut
2041 2917 2249 2970 firmam
2275 2923 2500 2983 petram.
2545 2931 2564 2964 ι
2607 2910 2733 2965 Ideo
2773 2909 2966 2965 faciem
2995 2924 3170 2962 meam
3205 2919 3461 2978 tanquam

1866 3009 2077 3063 [inuam
2115 3017 2322 3075 petram
2354 3004 2546 3068 obtuli,
2594 3002 2832 3057 confisus
2876 3017 3051 3056 meam
3083 3016 3208 3068 erga
3241 2998 3458 3055 Patrem

1865 3098 2270 3168 obsequentiam
2310 3110 2418 3151 non
2459 3095 2710 3149 dedecori
2755 3093 2888 3148 milii
2937 3093 3092 3150 fore:
3127 3107 3287 3162 quem
3318 3107 3349 3146 e
3375 3093 3460 3146 vi-

1864 3191 1986 3246 cino
2021 3189 2148 3244 mibi
2177 3196 2470 3251 astantem,
2500 3185 2834 3242 concertanti
2869 3184 3090 3255 praemia
3115 3184 3456 3253 largientem,

1865 3281 2288 3350 patientiamque
2338 3291 2516 3332 meam
2565 3275 2991 3345 approbantem,
3041 3289 3259 3344 semper
3320 3275 3453 3329 vidi.

1863 3370 2014 3437 Quod
2055 3369 2099 3423 si
2133 3373 2258 3436 quis
2309 3366 2672 3422 contumelias
2709 3365 2988 3434 ipsamque
3043 3374 3273 3419 mortem
3307 3367 3456 3433 juste

1862 3459 1992 3513 mihi
2032 3458 2104 3514 ob
2153 3457 2363 3512 scelera
2396 3455 2641 3525 quaedam
2691 3455 2894 3508 illatam
2938 3469 3062 3510 esse
3096 3456 3456 3526 comprobare

1860 3552 2051 3621 possit,
2087 3551 2138 3604 in
2183 3550 2418 3604 medium
2449 3547 2711 3618 prodiens
2739 3546 3012 3610 ostendat,
3055 3547 3104 3601 si
3131 3561 3293 3618 quam
3322 3563 3456 3604 cau-

1857 3659 1973 3699 sam
2005 3641 2088 3697 vel
2123 3641 2466 3696 occasionem
2500 3639 2667 3694 tantis
2698 3639 3046 3694 contumeliis
3087 3639 3326 3694 dederim
3355 3639 3450 3705 ;in

1857 3735 2114 3801 medium,
2142 3734 2379 3800 inquam,
2410 3731 2684 3802 prodiens,
2704 3739 2834 3797 stet,
2864 3747 3057 3801 meque
3078 3741 3290 3803 arguat.
3312 3730 3450 3788 Cum

1857 3837 2036 3883 autem
2071 3841 2230 3882 nemo
2269 3825 2400 3879 milii
2435 3823 2640 3879 crimen
2690 3822 2890 3878 offerre
2931 3824 3136 3892 possit,
3160 3838 3338 3892 neque
3381 3826 3455 3880 de

1853 3919 2124 3986 doctrina,
2149 3931 2330 3986 neque
2361 3917 2429 3971 de
2451 3916 2708 3984 operibus
2733 3929 2764 3968 a
2793 3929 2879 3970 me
2903 3915 3090 3980 editis,
3114 3915 3237 3984 jure
3261 3914 3449 3972 Domi-

1854 4025 1958 4066 nus
1989 4010 2202 4080 adjutor
2241 4008 2373 4062 mihi
2407 4006 2598 4061 aderit.

1930 4102 2093 4157 Vsus.
2124 4100 2177 4155 8.
2215 4119 2234 4152 ι
2273 4098 2408 4166 Quia
2436 4099 2591 4167 juxta
2633 4107 2717 4154 est
2744 4099 2836 4168 qui
2873 4097 3144 4168 iustiﬁcat
3178 4113 3287 4153 me.
3315 4097 3448 4166 Quis

241 4192 262 4226 ι
297 4176 420 4279 ’ρει
469 4175 676 4245 ἐγγίζει
723 4181 752 4232 ὁ
789 4178 1087 4246 δικαιώσας
1129 4200 1219 4256 με.
1259 4184 1355 4248 Τίς
1383 4186 1752 4257 ὁκρινόμενός

1873 4199 1937 4244 est
1956 4194 2047 4259 qui
2085 4190 2258 4257 litiget
2281 4188 2534 4244 mecum?
2563 4197 2670 4242 stet
2690 4199 2884 4244 contra
2914 4204 3000 4244 me
3031 4189 3214 4244 simul.
3236 4189 3300 4243 Et
3325 4190 3448 4258 quis

167 4282 289 4372 μοις
316 4272 618 4372 ἀντιστήτω
649 4286 738 4340 μοι
780 4272 914 4342 ἅμα.
956 4274 1065 4327 Kal.
1093 4275 1175 4338 τίς
1203 4277 1232 4329 ό
1269 4277 1587 4347 κρινόμενός
1624 4295 1746 4348 μοι;

1873 4292 1935 4338 :st
1962 4285 2054 4353 qui
2088 4283 2263 4354 litiget
2309 4283 2568 4335 mecum?
2593 4285 2818 4338 accedat
2845 4283 2912 4335 ad
2945 4297 3053 4338 me.
3086 4298 3106 4336 ›
3142 4281 3277 4334 Nam
3308 4282 3448 4336 ulei-

165 4357 440 4424 ἐγγισάτω
477 4376 585 4430 μοι.
628 4379 646 4412 ι
690 4361 1088 4431 Ἐπαμύνοντος
1124 4365 1254 4438 γάρ,
1295 4369 1448 4438 φησὶ,
1493 4367 1587 4422 τοῦ
1611 4367 1748 4422 Θεοῦ

1873 4386 2055 4439 ιοειιιθ,
2087 4375 2282 4441 inquit,
2306 4375 2412 4429 Deo
2457 4384 2511 4428 et
2545 4376 2731 4439 Patre,
2776 4388 3104 4442 omnemque
3136 4373 3444 4427 molestiam

163 4450 260 4500 καὶ
293 4449 524 4521 Πατρὸς,
561 4463 657 4505 και
691 4455 870 4506 πᾶσαν
897 4456 1050 4526 ὑμῶν
1082 4458 1344 4529 ἐπήρειαν
1369 4460 1744 4526 ἀφανίζοντος,

1873 4482 1880 4516 ι
1912 4464 2065 4518 vobis
2092 4463 2295 4516 illatam
2324 4463 2628 4529 auferente,
2660 4477 2950 4532 meamque
2975 4463 3203 4533 gloriam
3233 4464 3440 4517 consti-

161 4541 256 4593 καὶ
299 4541 397 4612 τὴν
438 4544 577 4613 ἐμὴν
615 4545 860 4607 ἱστάντος
889 4547 1064 4611 δόξαν,
1098 4549 1180 4612 τίς
1219 4549 1370 4604 ἔσται
1406 4553 1660 4612 τοσοῦτος
1688 4557 1747 4607 ὲν

1877 4565 2060 4618 uente,
2092 4556 2216 4623 quis
2251 4557 2306 4609 in
2337 4557 2489 4609 vobis
2519 4556 2646 4617 erit,
2688 4555 2777 4622 qui
2816 4554 3137 4608 immutabili
3161 4557 3277 4621 ejus
3308 4571 3441 4608 con-

122 4693 125 4696 _
161 4634 311 4703 ύμῖν,
347 4634 422 4697 ὡς
445 4636 825 4701 ἀντιτάξεσθαι
852 4641 916 4710 τῇ
949 4640 1274 4712 ἀνικήτῳῌ)
1304 4642 1487 4715 βουλῇ,
1523 4647 1617 4698 καὶ
1643 4663 1745 4699 κα-

1873 4647 1976 4700 ιίΙίο
2023 4656 2078 4700 et
2128 4647 2392 4700 voluntati
2432 4648 2700 4701 obsistere
2739 4646 2951 4710 valeat,
2989 4657 3044 4701 et
3077 4647 3194 4712 ejus
3240 4648 3447 4701 auxilio

156 4725 609 4782 κῶσαιδύνασθαι
626 4730 715 4784 τὸν
745 4735 873 4803 παρ’
896 4735 1063 4787 αὐτοῦ
1107 4735 1504 4806 βοηθούμενον;
1536 4741 1744 4796 Οὐκοῦν

1873 4740 2114 4793 ruentem
2146 4739 2464 4807 opprimat?
2500 4739 2686 4808 Itaque
2715 4737 2760 4790 si
2796 4740 2886 4807 qui
2931 4739 2982 4792 in
3027 4732 3340 4794 Scribarum
3390 4752 3446 4796 et

162 4820 322 4892 εἴπερ
371 4821 514 4883 τινὲς
567 4817 707 4891 ἦσαν
741 4827 1030 4894 νουνεχεῖς,
1085 4827 1134 4878 οἰ
1176 4827 1526 4898 Γραμματεῖς
1555 4847 1614 4883 τε
1649 4833 1744 4885 καὶ

1873 4829 2247 4882 ηιατίεεεοτιιιη
2280 4843 2442 4898 grege
2482 4830 2774 4898 prudentes
2791 4829 3035 4883 homines
3068 4829 3318 4893 fuissent,
3348 4831 3444 4885 al.-

159 4910 460 4980 Φαρισαῖοι,
491 4910 812 4980 ἀπόσχοιντο
837 4906 903 4965 ἄν
930 4913 1039 4965 τῶν
1065 4918 1187 4968 κατ’
1220 4916 1381 4969 αὐτοῦ
1407 4920 1739 4990 σκεμμάτων

1873 4921 2111 4975 titissent
2141 4922 2326 4990 utique
2345 4937 2373 4974 a
2400 4922 2854 4975 machinamentis
2874 4932 2930 4976 et
2951 4922 3448 4990 conspirationibus

159 5017 218 5054 τε
242 5001 335 5054 καὶ
367 5002 801 5072 ἐγχειρημάτων,
824 5004 913 5056 διὰ
941 5006 1232 5076 προφητῶν
1259 5007 1428 5075 ἁγίων
1467 5028 1743 5081 προεγνω-

1873 5020 2110 5069 [aversus
2140 5029 2260 5067 cum
2305 5013 2588 5078 conflatis;
2628 5028 2752 5066 cum
2800 5025 3116 5070 sanctormn
3150 5019 3443 5086 propheta-

163 5091 340 5154 κότες,
410 5091 486 5154 ὡς
540 5093 639 5143 οὐκ
697 5091 763 5146 ἂν
835 5095 1110 5165 ἰσχύσειαν
1170 5097 1424 5168 ἀδικῆσαι
1481 5101 1735 5171 Χριστὸν,

1877 5119 1963 5156 um
2024 5103 2334 5157 testimonio
2371 5105 2761 5172 prospicerent,
2803 5118 2862 5158 se
2901 5122 3006 5160 non
3046 5121 3206 5174 posse
3247 5108 3443 5161 la-dm-e

160 5181 289 5234 Θεὸν
332 5181 465 5236 ὄντα
507 5182 602 5236 καὶ
638 5182 862 5254 Κύριον,
927 5187 1022 5238 καὶ
1060 5187 1187 5240 Υίδν
1222 5188 1473 5259 ἀληθινὸν
1501 5192 1591 5244 τοῦ
1622 5193 1736 5246 Πα-

1873 5196 2137 5258 :ltristum,
2163 5197 2254 5264 qui
2291 5195 2430 5252 Deus
2459 5207 2512 5251 et
2537 5197 2812 5263 Dominus,
2842 5213 2905 5252 ac
2944 5214 3101 5253 verus
3138 5198 3315 5254 Patris
3347 5199 3439 5254 Fi-

161 5273 285 5342 τρός

1873 5289 1946 5340 ius
1984 5297 2147 5340 esset.

234 5382 252 5412 ι
304 5363 434 5416 Ἰδοὺ
459 5364 663 5435 Κύριος
691 5366 893 5440 Κύριος
934 5367 1188 5440 βοηθήσει
1213 5387 1300 5440 μοι
1326 5388 1338 5402 ·
1375 5372 1458 5435 τίς
1493 5373 1733 5428 κακώσει

1916 5376 2079 5431 Vsus.
2112 5378 2166 5432 9.
2213 5397 2233 5430 ι
2281 5379 2418 5435 Ecce
2477 5383 2739 5439 Dominus
2783 5383 3043 5440 Dominus
3088 5383 3443 5437 auxiliabitnr

163 5472 263 5525 με;
301 5455 431 5508 Ἰδοὺ
467 5457 666 5520 πάντες
696 5460 852 5528 ὑμεῖς
893 5460 968 5522 ὡς
1014 5462 1226 5530 ἱμάτιον
1265 5462 1732 5534 παλαιωθήσεσθε,

1873 5467 1977 5520 nilii
2014 5485 2026 5521 :
2070 5467 2190 5536 quis
2237 5469 2394 5523 laedet
2431 5488 2516 5526 me
2561 5474 2583 5526 ἱ)
2618 5472 2759 5530 Ecce
2801 5491 2895 5529 vos
2937 5490 3128 5528 omnes
3178 5486 3434 5542 tanquam

160 5549 252 5601 καὶ
302 5547 400 5616 σὴς
435 5550 810 5617 καταφάγεται
853 5552 1014 5620 ὑμᾶς.
1049 5571 1066 5604 ι
1111 5553 1186 5604 Δι’
1217 5548 1290 5608 ὧν
1338 5555 1588 5624 σημαίνει
1635 5557 1734 5628 τὴν

1873 5559 2226 5614 'estimentum
2271 5567 2638 5631 veterascetis,
2686 5578 2739 5620 et
2787 5568 2929 5622 tinea
2977 5569 3226 5622 comedet
3262 5582 3376 5624 vos.
3406 5589 3431 5622 ι

162 5643 461 5696 παλαίωσιν
491 5643 588 5713 τῆς
617 5646 734 5697 κατ’
767 5646 931 5700 αὐτοῦ
964 5649 1278 5719 σωματικῆς
1304 5649 1558 5721 λατρείας
1580 5667 1593 5679 °
1633 5651 1735 5704 πά-

1873 5653 2006 5718 ριιοὶε
2038 5653 2305 5722 signiﬁcat
2355 5657 2742 5728 antiquandam
2791 5661 2905 5717 fore
2955 5676 3271 5729 corporeum
3312 5662 3429 5717 cnl-

162 5748 220 5788 νυ
266 5733 374 5804 γάρ
426 5732 487 5784 τὸ
521 5732 910 5803 παλαιούμενον
955 5739 1045 5787 καὶ
1078 5738 1354 5805 ῃράσκον
1396 5740 1560 5809 ἐγγὺς
1597 5741 1733 5812 ἀκραε-

1873 5761 1953 5800 um
2001 5764 2012 5800 :
2067 5747 2327 5818 quidquid
2369 5749 2512 5805 enim
2548 5753 2866 5824 antiqnalur
2900 5763 2954 5809 et
3005 5752 3279 5820 senescit,
3311 5753 3432 5811 rui-

230 5822 308 5898 (l)
345 5825 612 5897 Ἀκυδήτῳ
641 5825 762 5897 legit
792 5829 1071 5899 iulerpr::s.
1110 5830 1265 5886 Εοιτ.
