4058 6396
625 424 733 480 4ίό
814 458 821 463 ι
1284 412 1552 470 EUSEBII
1591 408 2074 468 CA‘ISABIENSIS
2124 405 2200 463 3P

2307 402 2485 460 PARS
2522 400 2612 457 lli.
2670 429 2719 442 -
2759 393 3171 453 EXEGETICA.
3752 382 3864 441 ιιι

627 560 708 599 uae
727 540 1019 611 proximum
1049 544 1155 592 est.
1191 534 1297 591 Per
1332 538 1529 591 tineam
1554 549 1682 589 vero
1714 536 1857 603 ipsos
1891 531 2169 588 comeden-

2296 525 2484 597 νισμοῦ.
2521 524 2666 593 Σῆτα
2707 521 2763 574 δέ
2810 518 3029 573 καὶτὸν
3077 509 3601 583 καταϐιδρώσκοντα
3654 506 3859 569 αὐτοὺς

628 596 756 695 tem',
788 627 1163 685 conscientiam
1200 625 1460 680 scelerum
1486 627 1562 679 ab
1588 625 1717 691 ipsis
1735 596 2177 693 perpetratorum

2296 596 2377 687 τὴν
2408 615 2711 684 συνείδησιν
2744 605 2819 664 ὧν
2852 608 3217 679 τετολμήκασι
3245 602 3414 673 δηλοῖ,
3450 600 3607 670 δίκην
3642 596 3864 668 σκώλη-

624 723 907 794 siguiﬂcat,
938 734 1056 786 qua:
1097 718 1265 771 instar
1290 717 1487 770 vermis
1525 686 1767 769 aniniam'
1800 686 2009 767 exedet.
2043 711 2181 765 Gen-

2296 686 2375 767 ιος
2436 700 2825 769 κατεσθιούσης
2877 697 2977 768 τὴν
3019 695 3218 766 ψυχήν.
3278 690 3547 762 ὀρῶντες
3594 687 3708 757 γὰρ
3761 686 3864 755 τὴν

625 776 754 865 tiiim
778 776 969 879 quippe
984 804 1383 862 conversionem
1402 804 1465 857 ad
1488 801 1673 869 Deum,
1696 816 1757 856 ac
1778 802 2005 863 ruinam,
2024 814 2181 869 quam

2296 792 2387 847 τῶν
2438 790 2606 845 ἐθνῶν
2651 790 2787 860 πρὸς
2824 788 2952 841 Θεὸν
2991 782 3357 855 ἐπιστροφὴντ
3378 781 3473 834 καὶ
3515 777 3617 848 τὴν
3650 776 3872 830 ἐαυτιῖιν

625 865 920 967 impietatis
950 912 1059 950 suae
1080 896 1251 961 jcausa
1290 865 1681 957 sustinuerunt,
1707 865 2121 961 conspicientes,
2153 903 2183 941 a

2296 883 2616 943 hudmwa‘tv,
2675 881 2741 950 ἢν
2781 877 3075 947 ὑπέμειναν
3108 873 3195 926 διὰ
3241 871 3341 934 τὰς
3368 868 3625 930 ἀσεϐείας
3651 865 3862 928 αὑτῶν,

626 987 954 1041 conscientia
976 985 1315 1040 stimulantur
1337 992 1391 1038 et
1422 984 1759 1039 devorantnr.
1843 958 1858 961 v

2296 972 2502 1041 ὑπὸτῆς
2531 969 2886 1039 συνειδήσεως
2912 963 3302 1036 τιτρώσκονται
3327 963 3422 1014 καὶ
3450 958 3861 1014 κατεσθίονται.

701 1077 861 1132 Vens.
892 1078 975 1131 ιο.
1000 1096 1016 1126 ι
1038 1076 1166 1143 Quis
1188 1085 1272 1128 est
1302 1074 1357 1127 in
1389 1074 1541 1128 vobis
1564 1072 1651 1139 qui
1685 1073 1836 1125 timet
1868 1070 2185 1125 Dominum?

2360 1083 2378 1115 ι
2415 1062 2507 1125 Τίς
2529 1063 2586 1114 ὲν
2606 1062 2732 1130 ὑμῖν
2754 1061 2781 1112 ό
2804 1057 3131 1129 φοὸοὑμενος
3158 1054 3249 1107 τὸν
3279 1052 3484 1123 Κύριον
3506 1068 3523 1117 ;
3552 1046 3871 1103 ὑπακουσόρ

630 1165 814 1221 audiat
839 1179 1017 1225 vocem
1049 1137 1203 1232 pueri
1235 1163 1369 1231 ejus.
1424 1137 1768 1219 Ambulantes
1819 1160 1873 1213 in
1932 1158 2185 1223 tenebris,

2296 1171 2363 1206 τω
2408 1152 2506 1222 τῆς
2540 1149 2722 1219 φωνῆς
2746 1145 2840 1200 τοῦ
2875 1143 3062 1207 παιδὸς
3093 1142 3281 1197 αὑτοῦ.
3314 1142 3378 1195 Οί
3406 1138 3770 1211 πορευόμενοι
3807 1137 3871 1188 ἐν

630 1267 687 1313 et
721 1272 823 1310 non
855 1265 933 1309 est
968 1256 1046 1309 eis
1077 1255 1187 1317 lux,
1230 1253 1483 1309 conﬁdite
1520 1254 1570 1306 in
1605 1254 1823 1306 nomine
1869 1251 2105 1313 Domini,
2136 1260 2190 1305 et

2296 1243 2488 1306 σκότει,
2514 1241 2608 1294 καὶ
2640 1240 2739 1293 οὑκ
2765 1238 2910 1291 ἐστιν
2940 1235 3123 1298 αὑτοῖς
3150 1233 3293 1303 φῶς,
3322 1230 3620 1285 πεποίθατε
3661 1228 3759 1280 ἐπὶ
3786 1224 3876 1296 τῷ

633 1346 920 1402 innitimini
954 1345 1078 1399 Deo.
1110 1364 1128 1397 ι
1155 1344 1335 1415 Neque
1367 1346 1508 1399 enim
1539 1344 1660 1397 volo
1685 1351 1908 1395 mortem
1939 1349 2190 1409 peccato-

2296 1335 2507 1404 ΰνόματι
2533 1330 2757 1402 Κυρίου,
2808 1329 2902 1382 καὶ
2940 1321 3388 1397 ἀντιστηρίσασθε
3419 1320 3513 1373 ἐπὶ
3554 1318 3633 1415 τῷ
3663 1315 3821 1415 Θεῷ..
3842 1334 3868 1368 ι

633 1440 730 1497 ris.
754 1437 893 1491 sicut
925 1437 1289 1504 penitentiam
1333 1434 1673 1502 ejus.-Quare
1708 1434 1869 1486 etiam
1915 1446 2055 1484 nunc
2100 1445 2190 1484 vos

2296 1426 2368 1480 Οὑ
2386 1402 2499 1493 γὰρ
2531 1419 2784 1491 βούλομαι
2806 1418 2898 1471 τὸν
2921 1416 3148 1470 θάνατον
3170 1410 3263 1465 τοῦ
3292 1404 3643 1481 ἁμαρτωλοῦ,
3661 1404 3741 1467 ὡς
3767 1402 3884 1474 τὴν

631 1536 819 1585 evoco,
847 1523 935 1590 qui
985 1521 1038 1574 in
1072 1520 1307 1575 tenebris
1355 1521 1671 1590 ignorantiae
1716 1519 2026 1583 versamini.
2059 1516 2190 1570 Cum

2296 1515 2581 1585 μετάνοιαν
2612 1508 2797 1563 αὑτοῦ.
2830 1507 2991 1561 Ὅθεν
3021 1506 3101 1559 ἔτι
3142 1504 3237 1557 καὶ
3267 1500 3363 1554 νῦν
3396 1499 3541 1569 ὑμᾶς
3561 1494 3879 1551 ἀνακαλοῦ-

634 1624 813 1667 autem
838 1626 1056 1679 puerum
1085 1611 1172 1665 Dei
1191 1626 1309 1665 sese
1332 1621 1625 1678 nuncupat,
1652 1608 2047 1676 intelligendum
2068 1621 2194 1674 pne-

2297 1584 2413 1673 μαι,
2440 1603 2498 1653 ἐν
2526 1599 2602 1669 τῷ
2629 1599 2727 1668 τῆς
2756 1595 2975 1665 ἀγνοίας
3005 1594 3179 1664 σκότῳ
3205 1590 3591 1660 τυγχάνοντας.
3644 1584 3880 1640 Ἑαυτὸν

634 1702 748 1762 bet.
774 1716 853 1763 se,
880 1702 970 1771 qui
1000 1703 1156 1754 homo
1176 1701 1355 1754 Iactus
1375 1712 1477 1764 est,
1502 1676 1685 1754 verum
1714 1700 1800 1753 Dei
1820 1710 1873 1754 et
1892 1698 2062 1753 Patris
2092 1700 2191 1751 lili-

2296 1693 2349 1746 δὲ
2401 1692 2563 1745 παῖδα
2605 1687 2738 1742 Θεοῦ
2792 1687 2985 1755 λέγων,
3026 1684 3210 1755 ἐφίησι
3238 1685 3397 1744 νοεῖν,
3431 1681 3536 1743 ὅτι,
3581 1676 3881 1749 ἄνθρωπος

637 1809 723 1845 uin
740 1794 1046 1861 esse:quod
1071 1808 1194 1847 vero
1213 1808 1311 1847 vox
1335 1793 1449 1859 ejus
1462 1794 1721 1846 audienda
1750 1791 1975 1852 foret,id
1996 1806 2193 1859 nequa-

562 1908 563 1913 η
635 1898 796 1950 qnam
824 1882 954 1950 legis
983 1885 1339 1952 transgressio
1371 1894 1507 1947 erat,
1550 1883 1643 1935 sed
1676 1880 2017 1934 cOnDrniatio
2041 1880 2193 1950 legis,

635 1982 754 2041 qua:
778 1989 873 2041 per
906 1974 1126 2041 ligurum
1156 1983 1210 2027 et
1239 1976 1503 2036 umbram,
1542 1972 1821 2026 veritatem
1852 1970 2153 2025 delineabat
2178 1988 2193 2024 :

637 2077 755 2130 quae
781 2074 861 2116 est
882 2062 992 2131 ipse
1025 2063 1160 2117 Deus
1185 2072 1241 2119 et
1262 2062 1377 2131 ejus
1403 2062 1669 2117 vaticinia.

616 2316 617 2319 η
708 2242 872 2297 Vns.
902 2242 985 2295 ll.
1024 2257 1042 2290 ι
1072 2238 1209 2295 Ecce
1246 2253 1341 2293 vos
1362 2252 1549 2292 omnes
1580 2238 1758 2307 ignem
1793 2234 2110 2298 accenditis,
2145 2240 2200 2286 et

638 2332 998 2390 corroboratis
1045 2330 1307 2383 ﬂammam
1348 2348 1360 2381 :
1399 2328 1664 2382 ambulate
1712 2327 1763 2380 in
1818 2326 2017 2379 lumine
2065 2324 2202 2393 ignis

638 2424 803 2478 vestri
842 2430 897 2476 et
942 2423 995 2475 in
1030 2418 1240 2473 ﬂamma
1268 2434 1427 2486 quam
1458 2416 1831 2471 succendistis.
1865 2414 2091 2482 Propter
2117 2425 2201 2464 ine

644 2514 782 2568 facta
819 2523 941 2568 sunt
966 2514 1077 2567 hac
1105 2514 1355 2572 vobis.'et
1390 2510 1440 2563 in
1469 2522 1697 2562 iumrore
1727 2506 2025 2561 dormictis.
2052 2523 2071 2555 ι
2098 2502 2199 2557 So-

642 2605 752 2660 lum
778 2605 1035 2668 accedite,
1075 2614 1128 2659 et
1156 2602 1386 2662 obedite,
1412 2613 1475 2651 ac
1499 2599 1719 2652 salutem
1758 2595 2025 2664 pollicenti
2051 2594 2203 2647 vobis

643 2695 865 2748 credite.
895 2691 1018 2755 Sed,
1056 2700 1115 2745 ut
1150 2692 1324 2751 video,
1343 2702 1437 2740 vos
1466 2686 1533 2740 ab
1567 2686 1711 2738 omni
1744 2684 1882 2738 bona
1911 2698 2005 2750 spe
2031 2682 2204 2736 seclu-

642 2787 820 2849 sistis,
860 2793 1095 2837 vestrum
1123 2792 1300 2834 autem
1328 2781 1503 2847 ignem
1538 2777 1744 2847 augetis
1777 2785 1830 2829 et
1860 2774 2123 2828 roboratis
2148 2772 2202 2826 in

644 2876 1022 2931 incredulitate
1044 2883 1242 2937 vestra,
1272 2881 1327 2925 et
1353 2873 1403 2925 iu
1436 2869 1782 2937 blasphemiis
1804 2868 2001 2920 vestris
2026 2879 2207 2933 perse-

644 2979 916 3033 verantes,
964 2966 1217 3033 illumque
1260 2962 1447 3017 aeterni
1484 2960 1723 3028 supplicii
1772 2958 1947 3027 ignem
1990 2961 2078 3025 qui
2112 2970 2207 3009 vos

645 3069 943 3130 exspectat.
978 3059 1146 3127 magis
1194 3054 1466 3125 magisque
1517 3050 1830 3113 accenditis,
1863 3047 2207 3118 quamobrem

2296 1785 2552 1855 γεγονὼς,
2587 1782 2697 1844 υίόε,
2730 1782 2875 1833 ἐστιν
2906 1776 3157 1848 ἀληθινὸς
3194 1774 3289 1827 τοῦ
3324 1771 3456 1826 Θεοῦ
3495 1770 3591 1825 καὶ
3612 1767 3835 1840 Πατρός
3858 1783 3881 1799 ·

2226 1857 2266 1910 Β
2296 1879 2388 1931 καὶ
2412 1876 2473 1928 τὸ
2498 1875 2726 1929 ἀκοῦσαι
2752 1873 2851 1942 τῆς
2872 1868 3034 1922 αὑτοῦ
3058 1868 3241 1938 φωνῆς
3272 1866 3335 1918 οὑ
3368 1864 3534 1933 νόμου
3557 1858 3886 1931 παράϐασις

2293 1966 2381 2040 ῆν,
2412 1968 2547 2023 ἀλλὰ
2585 1965 2871 2036 βεδαίωσις
2899 1962 3086 2032 νόμου,
3116 1958 3205 2012 διὰ
3235 1956 3406 2010 τύπου
3433 1955 3528 2007 καὶ
3552 1952 3718 2014 σκιᾶς
3741 1965 3887 2021 προ-

2296 2038 2696 2132 αναγράφοντος
2716 2059 2814 2128 τὴν
2836 2052 3091 2125 ἀλήθειαν
3110 2092 3126 2118 ,
3149 2051 3270 2121 ῆτις
3296 2048 3443 2101 ἐστὶν
3466 2047 3496 2099 ό
3520 2043 3653 2106 Θεὸς
3682 2042 3782 2097 καὶ
3810 2038 3887 2096 τὰ

2297 2154 2461 2209 αὑτοῦ
2493 2150 2856 2221 Θεσπίσματα.

2374 2263 2393 2296 ι
2438 2244 2569 2297 Ἰδοὺ
2599 2242 2798 2302 πάντες
2826 2240 2983 2309 ὑμεῖς
3021 2235 3133 2310 πῦρ
3159 2244 3501 2298 ueterum
3545 2225 3887 2297 κατισχύετε

2300 2334 2501 2404 φλόγα·
2538 2326 2835 2402 πορεύεσθε
2864 2327 2942 2397 τῷ
2977 2327 3115 2395 φωτὶ
3155 2323 3249 2378 τοῦ
3278 2321 3452 2394 πυρὸς
3476 2317 3654 2391 ὑμῶν,
3683 2317 3781 2371 καὶ
3812 2318 3885 2387 τῇ

2302 2424 2459 2493 φλογὶ
2552 2420 2899 2487 ἐξεκαύσατε.
2933 2419 3010 2471 Δι’
3032 2416 3134 2487 ἐμὲ
3166 2413 3381 2483 ἐγένετο
3406 2410 3583 2465 ταῦτα
3609 2409 3764 2478 ὑμῖν,
3787 2407 3890 2459 καὶ

2302 2520 2360 2570 ἐν
2386 2514 2529 2586 λύπῃ
2562 2509 2979 2582 κοιμηϐήσεσθε.
3018 2528 3037 2559 ι
3068 2508 3243 2561 Μόνον
3275 2506 3459 2575 ἥκετε,
3498 2501 3595 2555 καὶ
3633 2495 3890 2552 ὑπακού-

2303 2622 2453 2669 σατε,
2493 2600 2942 2670 ἐπαγγελλομένῳ
2969 2615 3027 2651 τε
3062 2598 3188 2667 ὑμῖν
3213 2594 3486 2664 σωτηρίαν
3524 2589 3885 2643 πιστεύσατε.

2315 2697 2450 2750 Ἀλλ’
2477 2696 2552 2758 ὡς
2590 2694 2721 2765 ὁρῶ,
2772 2691 2950 2761 πάσης
2996 2688 3094 2759 μὲν
3134 2685 3346 2755 ἀγαθῆς
3391 2680 3607 2743 ἐλπίδος
3654 2678 3890 2741 ἑαυτοὺς

2303 2770 2635 2849 ἀποκλείετε,
2661 2783 2795 2837 τὸδὲ
2818 2780 2997 2835 αὑτῶν
3027 2779 3137 2851 πῦρ
3169 2775 3434 2849 σωρεύετε
3468 2772 3565 2826 καὶ
3602 2769 3891 2841 κατισχύε-

2302 2896 2361 2933 τε
2393 2882 2458 2949 τῇ
2492 2875 2699 2931 ἑαυτῶν
2721 2873 3070 2943 ἐπιμένοντες
3099 2866 3323 2936 ἀπιστία
3345 2865 3439 2918 καὶ
3458 2865 3579 2925 ταῖς
3602 2863 3727 2914 κατ’
3748 2857 3889 2931 ἐμοῦ

2308 2947 2697 3036 βλασφημίαις,
2721 2963 2814 3014 καὶ
2840 2960 2902 3012 τὸ
2928 2956 3218 3028 περιμένον
3245 2954 3391 3022 ὑμᾶς
3416 2950 3517 3020 τῆς
3542 2947 3765 3001 αἰωνίου
3794 2962 3891 2999 κο-

2307 3059 2515 3120 λάσεως
2540 3055 2650 3127 πῦρ
2680 3051 2936 3124 μειζόνως
2960 3049 3279 3114 ἐξάπτοντες
3298 3061 3309 3073 ·
3334 3044 3414 3098 διὸ
3450 3043 3547 3096 xa’t
3578 3061 3597 3094 ι
3650 3042 3710 3094 ἐν
3740 3038 3893 3113 λύπῃ

652 3171 676 3204 e
710 3152 762 3205 in
793 3164 1023 3205 interere
1070 3146 1379 3209 dormietis;
1419 3160 1438 3194 ι
1480 3142 1593 3196 sive
1621 3138 1914 3196 secundum
1966 3136 2200 3207 Symma-

2315 3144 2750 3219 xozpqOﬁaeoGs'
2794 3163 2814 3196 ι
2848 3142 2884 3213 ἢ
2914 3140 3055 3196 κατὰ
3097 3139 3187 3192 τὸν
3215 3134 3533 3206 Σύμμαχον,
3573 3151 3593 3185 ι
3628 3133 3691 3186 ἐν
3726 3130 3891 3202 ὀδύνῃ

651 3242 833 3303 chum,
870 3257 889 3291 ι
932 3240 985 3293 iu
1017 3240 1203 3293 dolore
1236 3234 1532 3291 dormietis.
1567 3251 1586 3283 ι

1234 3342 1464 3400 CAPUT
1504 3342 1587 3399 ιι.

725 3464 883 3521 Vsus.
908 3452 1213 3523 ligikudile,
1234 3458 1321 3526 qui
1344 3455 1722 3527 persequimini
1744 3452 2095 3520 quodjustum
2112 3460 2213 3513 est,

2318 3236 2738 3311 κοιμηθήσεσθε.
2774 3252 2796 3287 υ

2811 3339 3203 3400 ΚΕΦΑΔᾹῘΟΝ
3249 3341 3375 3395 NA’.

2390 3482 2410 3512 ι
2464 3460 2773 3523 Ἀκούσατε,
2806 3459 2856 3511 οἱ
2884 3457 3169 3519 διώκοντες
3191 3453 3251 3507 τὸ
3274 3452 3500 3514 δίκαιον,
3529 3449 3625 3503 καὶ
3662 3446 3899 3519 ζητοῦν-

649 3566 706 3612 ει
733 3557 821 3626 qui
853 3555 1095 3625 quaeritis
1141 3549 1447 3605 Dominum.
1486 3566 1504 3599 ι
1549 3548 1682 3613 Quia
1733 3545 1953 3599 immani
1993 3543 2200 3597 stultitia

2314 3569 2405 3615 τες
2424 3551 2514 3604 τὸν
2541 3551 2761 3622 Κύριον.
2793 3568 2811 3600 ι
2849 3547 3068 3616 Ἐπειδὴ
3090 3548 3156 3598 ἐκ
3184 3543 3382 3612 πολλῆς
3405 3542 3543 3611 ἄγαν
3559 3538 3901 3609 ἁδελτηρίας

650 3647 905 3703 obcaecati
933 3643 1235 3699 Judaeorum
1268 3639 1446 3710 populi
1490 3641 1827 3707 unigenitum
1855 3636 1945 3691 Dei
1984 3635 2200 3689 Verbum

2316 3643 2366 3692 οἱ
2394 3641 2501 3692 τῶν
2536 3629 2801 3692 Ἰουδαίων
2827 3637 2986 3708 δῆμοι
3008 3634 3100 3688 τὸν
3130 3634 3387 3704 μονογενῆ
3419 3629 3514 3683 τοῦ
3546 3629 3685 3683 Θεοῦ
3721 3628 3900 3697 Λόγον

652 3739 709 3793 in
743 3737 908 3791 forma
960 3746 1168 3798 nostra,
1202 3733 1254 3786 id
1284 3740 1366 3787 est
1405 3729 1672 3785 hominem
1707 3728 1906 3782 factum
1954 3728 2197 3779 videntes

2318 3730 2551 3801 ὁρῶντες
2584 3730 2641 3781 ἐν
2675 3728 2801 3781 είδει
2842 3726 2919 3796 τῷ
2949 3725 3069 3780 καθ’
3100 3726 3267 3795 ὴμὶς,
3307 3720 3557 3775 τουτέστι
3601 3721 3900 3790 γενόμενον

652 3830 769 3895 ejus
796 3826 1104 3897 mysterium
1134 3839 1237 3878 non
1264 3821 1633 3877 intellexerunt
1666 3820 1793 3873 :sed
1819 3819 2050 3878 amentia
2075 3816 2200 3869 dnct

2322 3821 2625 3891 ἄνθρωπον,
2659 3819 2719 3871 οὑ
2750 3817 2998 3869 συνίεσαν
3035 3814 3135 3885 μὲν
3162 3813 3223 3897 τὸ
3254 3813 3339 3865 ἐπ’
3373 3810 3520 3881 αὑτῷ
3555 3811 3859 3881 μυστήριον
3880 3825 3899 3840 ·

653 3892 770 3981 sua,
795 3892 1105 3987 plerumque
1139 3916 1309 3984 ipsum
1340 3910 1665 3979 blasphemis
1687 3908 1847 3962 dictis
1888 3906 2200 3975 impudente

2322 3910 2704 3973 ἀσυνετοῦντες
2749 3908 2806 3961 δὲ
2850 3892 3187 3976 πλεισταχοῦλ
3232 3901 3611 3973 παλιμφήμοις
3663 3898 3903 3953 ἐλύπουν

655 4009 994 4065 incessebant
1026 4024 1041 4061 τ
1074 4022 1221 4069 nam,
1254 4016 1311 4057 ut
1336 4002 1495 4070 paulo
1521 4008 1646 4053 ante
1672 3996 2075 4063 dixi,eximiam
2107 3994 2192 4063 glo

2326 4003 2528 4068 φωναῖς
2556 3998 2783 4060 ἀναιδῶς
2801 4013 2814 4026 ·
2849 3995 3098 4066 καθάπερ
3130 3994 3239 4065 γὰρ
3272 3992 3409 4063 ἔφην
3439 3990 3664 4063 ἀρτίως,
3692 3989 3901 4062 ἐναργῆ

656 4103 792 4154 riam
842 4110 896 4154 et
948 4099 1198 4152 virtutem
1250 4109 1401 4149 suam
1458 4092 1585 4161 ipsis
1635 4090 1917 4160 perspicue
1965 4086 2200 4141 declarat

2327 4094 2644 4161 καθίστησιν
2675 4089 2855 4148 αὑτοῖς
2888 4087 2985 4157 τὴν
3020 4084 3570 4157 σεμνοπρεπεστάτην
3598 4080 3767 4135 αὑτοῦ
3807 4081 3899 4135 δό-

656 4199 816 4260 atque
852 4205 1035 4244 eorum
1087 4186 1345 4256 quosdam
1383 4201 1450 4239 ne
1488 4199 1545 4238 se
1568 4182 1712 4251 parvi
1745 4181 2096 4241 mstimarent,
2134 4176 2200 4230 de

2328 4183 2423 4247 ξαν
2453 4200 2512 4235 τε
2543 4183 2636 4234 καὶ
2663 4181 2908 4249 δύναμιν,
2940 4177 3034 4230 καὶ
3068 4176 3164 4230 τοῦ
3197 4175 3367 4246 μικρὰ
3393 4175 3608 4244 φρονεῖν
3635 4172 3725 4225 ἐπ’
3750 4170 3905 4242 αὑτῷ

657 4288 822 4335 terret
866 4281 948 4335 his
998 4279 1198 4339 verbis,
1235 4294 1254 4328 ι
1292 4275 1553 4331 Conlidite
1601 4276 1652 4325 in
1704 4271 1961 4334 Domino;
2001 4288 2019 4319 ι
2072 4282 2200 4335 aper

2331 4272 2610 4342 βούλεσθαί
2638 4287 2785 4332 τινας
2808 4266 3155 4337 ἀποκομίζει,
3199 4265 3391 4333 λέγων,
3424 4283 3443 4315 ι
3468 4261 3774 4315 Πεποίοατε
3809 4261 3906 4315 ἐπὶ

656 4374 863 4427 tissime
900 4372 1059 4440 igitur
1087 4384 1145 4423 se
1181 4367 1460 4422 Dominum
1492 4375 1545 4420 et
1585 4364 1748 4417 Deum
1782 4376 1899 4415 csse
1933 4360 2081 4423 dicit,
2113 4358 2200 4426 qui

2329 4363 2407 4433 τῷ
2423 4363 2626 4435 Κυρίῳ.
2672 4381 2689 4413 ι
2733 4360 3131 4430 Ἐναργέστατα
3158 4358 3223 4427 δὴ
3242 4352 3333 4411 οὖν
3359 4355 3562 4426 Κύριον
3585 4353 3783 4407 ἑαυτὸν
3809 4354 3907 4408 καὶ

658 4465 734 4516 uti
761 4464 869 4529 jam
896 4463 1037 4525 dixi,
1070 4461 1312 4513 homines
1342 4461 1598 4522 deterret,
1638 4471 1704 4508 ne
1744 4455 1807 4506 de
1847 4466 1903 4505 se
1942 4450 2197 4504 humilior

2333 4455 2461 4508 Θεὸν
2491 4453 2624 4508 εἶναί
2650 4468 2833 4523 φησιν,
2856 4449 3227 4520 ἁποκομίξων,
3265 4448 3340 4511 ὡς
3372 4447 3528 4517 ἔφην,
3555 4445 3650 4499 τοῦ
3694 4463 3906 4517 χαμαι-

658 4555 819 4609 modo
864 4554 1093 4606 sentiant
1127 4561 1181 4603 et
1210 4552 1513 4617 loquantur.
1552 4562 1571 4595 ι
1618 4544 1890 4613 Respieite
1925 4542 1977 4594 in
2016 4542 2200 4594 lli-man

2296 4540 2297 4549 “
2327 4541 2502 4602 πετῶς
2532 4540 2659 4610 περὶ
2689 4536 2852 4591 αὑτοῦ
2888 4535 3169 4605 βούλεσθαι
3214 4538 3427 4606 φρονεῖν
3458 4551 3519 4586 τε
3566 4534 3663 4587 καὶ
3701 4533 3905 4601 λέγειν.

658 4656 890 4715 petram,
923 4658 1080 4711 quam
1114 4643 1407 4697 cxcidistis.
1440 4654 1494 4695 ιιι
1523 4643 1574 4693 in
1606 4641 1812 4693 foveam
1847 4637 2017 4697 lacus,
2061 4649 2200 4700 quan

2333 4652 2351 4684 ι
2398 4632 2730 4702 Ἐμϐλέψατε
2763 4632 2842 4691 εἰς
2874 4629 2971 4699 τὴν
3007 4627 3232 4696 στερεὰν
3265 4628 3492 4698 πέτραν,
3528 4626 3595 4696 ῆν
3633 4626 3909 4697 ἐλατομή-

659 4734 936 4790 eﬂodistis.
973 4752 991 4785 ι
1022 4733 1245 4786 Videtur
1267 4734 1348 4787 his
1373 4733 1717 4787 Subindicnre
1754 4729 1897 4781 inani
1928 4727 2095 4794 ipsam
2127 4739 2200 4792 pc!

2329 4741 2475 4786 σατε,
2509 4725 2600 4777 καὶ
2627 4724 2707 4785 εἰς
2731 4722 2823 4773 τὸν
2854 4722 3073 4790 βόθυνον
3099 4721 3193 4774 τοῦ
3222 4720 3447 4781 λάκκου.
3487 4719 3547 4772 ὃν
3571 4717 3843 4788 ὡρὺξατε.
3881 4737 3903 4771 ι

659 4835 799 4878 train
824 4865 836 4887 ,
860 4839 978 4889 qua:
1010 4824 1305 4877 Salvatnris
1332 4838 1525 4892 corpus
1553 4822 1782 4891 excepit,
1814 4821 1865 4872 in
1890 4834 1992 4887 qua
2026 4815 2200 4885 Joscpl

2330 4817 2542 4867 Ἔοικεν
2574 4816 2601 4865 ό
2620 4814 2772 4882 λόγος
2802 4812 2889 4864 διὰ
2912 4813 3116 4866 τούτων
3137 4812 3466 4866 αἰνίττεσθαι
3497 4810 3665 4879 αὑτὴν
3690 4812 3911 4881 ἐκείνην

661 4913 969 4981 speluncam
999 4913 1276 4967 exeavavit
1310 4911 1362 4964 in
1390 4926 1526 4965 novo
1558 4920 1908 4965 monumento
1938 4921 2055 4960 suo.

2326 4904 2421 4975 τὴν
2451 4905 2513 4957 τὸ
2548 4903 2703 4973 σῶμα
2733 4902 2825 4954 τοῦ
2855 4904 3103 4974 Σωτῆρος
3144 4900 3547 4972 ὑποδεξαμένην
3576 4900 3807 4971 πέτραν,
3852 4903 3910 4961 ἐν

662 5001 742 5077 ᾖό
780 5006 974 5075 Ἰωσὴφ
1008 5005 1066 5057 τὸ
1094 5006 1354 5077 σπήλαιον
1387 5003 1593 5076 ὤρυξεν
1637 5005 1694 5056 ὲν
1736 5000 1813 5072 τῷ
1854 4998 2021 5070 καινῷ
2063 4997 2233 5052 αὑτοῦ
2264 4998 2530 5069 μνημείῳ.

742 5117 896 5170 Vens.
930 5119 985 5169 9..
1030 5136 1046 5167 ι
1079 5118 1412 5187 llcspicitein
1434 5118 1703 5171 Abraham
1730 5126 1935 5185 patrem
1964 5126 2198 5171 vestrum

2405 5133 2422 5165 ι
2472 5112 2809 5183 Ἐμϐλέψατε
2840 5112 2919 5172 είς
2958 5109 3207 5180 ’Λϐραὰμ
3234 5107 3325 5160 τὸν
3355 5106 3570 5177 πατέρα
3602 5106 3780 5176 ὑμῶν,
3819 5109 3912 5161 καὶ

665 5219 716 5262 ει
739 5211 793 5262 in
826 5210 1014 5263 Suram
1048 5225 1164 5278 quae
1204 5209 1485 5278 parturivit
1515 5224 1609 5261 vos
1644 5229 1654 5261 :
1689 5208 1809 5274 quia
1845 5223 1978 5261 nnns
2016 5219 2152 5270 eral,
2185 5225 2200 5258 t

2333 5207 2408 5267 εἰς
2440 5204 2655 5274 Σάρραν
2674 5204 2768 5271 τὴν
2784 5200 3077 5253 ὠδίνουσαν
3112 5200 3285 5269 ὑμᾶς’
3318 5197 3399 5250 ὅτι
3433 5193 3512 5259 εἷς
3538 5193 3627 5266 ῆν,
3657 5197 3752 5249 καὶ
3778 5198 3905 5249 ἐκά-

668 5300 846 5351 voravi
874 5315 1018 5363 eum,
1051 5308 1101 5351 ct
1146 5297 1390 5350 benedixi
1423 5296 1503 5359 ei,
1532 5307 1586 5349 et
1612 5296 1769 5349 dilexi
1802 5311 1945 5357 enni,
1971 5305 2024 5347 et
2058 5296 2200 5347 inulti

2329 5294 2458 5345 λεσα
2489 5292 2671 5353 αὑτὸν,
2717 5291 2809 5341 καὶ
2850 5288 3121 5356 εὑλόγησα
3155 5286 3344 5349 αὑτὸν,
3382 5286 3477 5338 καὶ
3514 5286 3779 5355 ἠγάπησα
3813 5286 3914 5338 αὑ-

670 5390 857 5456 plicavi
908 5404 1049 5444 eum.
1093 5407 1111 5439 ι
1166 5388 1623 5454 Quemadmodum
1670 5387 1830 5455 igitur
1869 5388 1919 5439 in
1968 5387 2196 5439 Ahrahzn

2328 5385 2437 5446 τὸν,
2484 5384 2577 5435 καὶ
2630 5380 2901 5449 ἐπλήθυνα
2959 5380 3140 5432 αὑτόν.
3194 5397 3213 5430 ι
3264 5378 3474 5445 Ὥσπερ
3516 5372 3610 5429 οὖν
3664 5376 3762 5429 ἐπὶ
3820 5376 3910 5429 τὸν

672 5480 771 5532 feci
790 5522 806 5548 ,
835 5483 994 5534 sicne
1016 5481 1305 5547 despcrctis
1335 5494 1397 5532 ex
1424 5480 1520 5532 hac
1542 5489 1711 5545 petra,
1731 5492 1887 5541 quam
1913 5492 2005 5531 vos
2038 5478 2200 5529 CXCilll

2345 5472 2589 5542 Ἀϐραὰμ
2612 5470 2907 5539 πεποίηκα,
2938 5469 3108 5531 οὑτως
3140 5468 3215 5538 μὴ
3247 5465 3675 5534 ἀπογινώσκετε,
3710 5466 3787 5528 iii;
3814 5466 3910 5519 καὶ

674 5570 791 5630 Stis,
826 5572 1106 5639 quamdam
1143 5569 1329 5623 salutis
1354 5584 1497 5635 spem
1533 5568 1780 5621 omnibus
1820 5567 2120 5619 hominibus
2155 5566 2200 5618 lu

2337 5563 2444 5616 ἀπὸ
2468 5564 2565 5631 τῆς
2594 5562 2796 5631 πέτρας
2817 5560 3037 5628 ταύτης,
3070 5562 3134 5629 ἣν
3160 5560 3317 5629 ὑμεῖς
3339 5557 3491 5611 αὐτοὶ
3512 5557 3906 5626 ὲλατομήσατε,

677 5668 848 5714 turam
872 5678 1021 5724 esse;
1048 5663 1186 5727 quod
1216 5660 1288 5713 illi
1317 5676 1419 5713 non
1448 5660 1689 5728 privandi
1722 5660 1829 5712 sint
1862 5659 1945 5710 illa
1966 5657 2030 5712 ad
2063 5657 2200 5709 Alii'a

2338 5654 2489 5707 ἕσται
2512 5671 2591 5715 τις
2624 5651 2776 5713 ἐλπὶς
2809 5650 3025 5717 ἁπάσης
3057 5648 3362 5719 ἀνθρώποις
3393 5647 3686 5717 σωτηρίας,
3719 5646 3795 5707 ὡς
3832 5648 3908 5717 μὴ

676 5753 798 5811 bant
838 5756 996 5819 facta,
1026 5764 1077 5809 ct
1133 5769 1224 5823 per
1256 5769 1337 5808 mc
1380 5754 1625 5809 omnibus
1669 5751 1910 5823 statibus
1957 5765 2049 5819 per
2079 5750 2200 5819 hnju

2341 5745 2726 5814 ἀπολειφθῆναι
2756 5742 2851 5813 τῆς
2886 5741 3018 5814 πρὸς
3048 5740 3425 5813 τὸνΟΛϐραᾶιμ
3446 5738 3779 5808 ἐπαγγελίας
3810 5739 3909 5811 τὴν
