4058 6464
638 465 673 521 ι
684 465 742 520 ίἹ

1301 456 1567 512 Ευεειιιι
1603 451 2080 512 εΑεδΑιιιΕΝδιδ
2114 448 2176 506 Ol

2303 443 2484 499 PARS
2519 442 2609 499 ΙΙΙ.
2647 473 2716 483 -
2753 441 3163 496 EXECETICA.
3748 435 3840 490 με

636 584 789 652 cujus
817 580 898 633 lex
928 591 1045 632 mea
1077 575 1132 630 in
1161 574 1324 630 corde
1353 583 1550 632 vestro.
1585 592 1602 624 ι
1641 571 1864 626 Videbat
1887 568 2028 622 enim
2051 581 2176 629 eos1

2292 577 2392 630 μου
2411 561 2468 610 ἐν
2492 560 2558 628 τῇ
2583 557 2776 627 καρδίᾳ
2801 556 2972 626 ὑμῶν.
3008 573 3027 606 ι
3065 554 3241 625 Ἐώρα
3273 554 3402 623 γὰρ,
3432 552 3515 604 ὅτι
3539 553 3588 603 οἱ
3620 549 3840 613 θέλοντες

636 673 726 741 qui
757 672 841 740 pie
887 668 1066 722 vivere
1095 666 1361 720 voluerint
1406 666 1457 716 in
1491 665 1704 718 Christo
1729 703 1743 727 ,
1771 663 2186 732 persecutionem

635 777 914 834 passuros,
941 758 1289 815 contumeliis
1323 755 1649 819 alliciendos,
1680 770 1740 808 ac
1774 751 2099 819 contemptui
2122 751 2189 804 ab

638 856 946 909 hominibus
993 852 1268 908 habendos
1296 863 1449 912 esse;
1504 847 1736 910 itemque
1777 845 1952 898 omnis
1977 841 2188 910 generis

637 947 953 999 vexationes
993 941 1417 1006 tentationesque
1446 950 1793 1006 perpesstiros
1825 949 1962 989 esse.
1993 933 2190 998 Quam-

636 1041 822 1091 obrem
851 1075 867 1101 ,
922 1044 978 1087 ut
1026 1034 1166 1100 ipsos
1200 1029 1402 1083 muniat
1429 1037 1483 1081 et
1521 1028 1712 1083 firmet,
1759 1025 1868 1093 jam
1904 1024 2024 1078 hinc
2055 1037 2190 1091 pra:-

635 1127 810 1192 cipit,
864 1142 882 1175 ι
942 1122 1017 1176 Ne
1077 1121 1307 1174 linteatis
1366 1117 1708 1186 Opprobrium
1763 1115 2082 1180 hominum,
2136 1124 2190 1170 ct

638 1227 950 1284 contemptu
996 1229 1187 1268 eorum
1243 1225 1312 1265 ne
1357 1208 1668 1263 vincamiui.
1726 1225 1745 1258 ι
1806 1205 2053 1268 Etenim,
2103 1205 2187 1257 in-

637 1310 780 1378 quit,
813 1308 970 1362 fluem
1010 1319 1106 1360 eos
1154 1311 1494 1372 excepturum
1523 1299 1912 1354 cousideratum
1955 1303 2183 1365 oportet.

709 1492 869 1546 Vsus.
897 1491 950 1555 8,
982 1490 1035 1544 9.
1073 1505 1093 1538 ι
1127 1486 1259 1549 Nam
1294 1485 1436 1540 sicut
1465 1484 1860 1546 vestimentum,
1891 1496 1920 1534 a
1950 1489 2188 1549 tempore

636 1590 1007 1642 consumatur,
1035 1587 1088 1632 et
1122 1579 1260 1632 sicut
1304 1577 1447 1642 lana,
1489 1575 1796 1630 comedetur
1822 1589 1850 1626 a
1883 1574 2020 1626 tinea
2057 1571 2186 1640 :ju-

637 1673 784 1726 stitia
814 1682 989 1725 autem
1036 1684 1150 1722 mea
1185 1670 1235 1722 iu
1287 1668 1536 1722 saeculum
1573 1669 1676 1720 erit
1722 1685 1737 1720 :
1786 1666 2032 1720 Salutare
2061 1681 2185 1720 vero

636 1779 812 1817 meum
847 1765 898 1815 in
927 1761 1302 1830 generationes
1335 1759 1759 1828 generationum.
1793 1759 2028 1824 Exsurge
2047 1798 2060 1821 ,
2087 1773 2184 1810 ex-

2288 649 2524 712 εύσεϐῶς
2553 649 2650 719 ζῇν
2681 652 2738 700 ὲν
2766 646 2984 717 Χριστῷ
3025 645 3409 714 διωχθήσονται
3449 643 3543 696 καὶ
3567 642 3841 710 ὀνειδισθή-

2288 757 2490 800 σονται,
2514 739 2607 790 καὶ
2624 738 3072 807 φαυλισθήσονται
3095 736 3202 787 ὑπὸ
3232 733 3553 812 ἀνθρώπων,
3586 732 3841 801 διωγμούς

2285 847 2345 882 τε
2369 829 2654 891 παντοίους
2684 831 2776 881 καὶ
2819 828 3153 898 πειρασμοὺς
3187 825 3535 896 ὑπομενοῦσι.
3571 823 3663 876 Διὸ
3699 840 3841 892 περι-

2289 923 2541 993 φράττων
2603 922 2796 984 αὐτοὺς
2867 919 3112 972 ἐντεῦθεν
3176 919 3276 989 ήδη
3345 915 3710 987 παραγγέλλει
3764 915 3844 967 λέ-

2287 1029 2418 1080 γων’
2462 1029 2479 1061 ι
2523 1011 2613 1081 Μὴ
2662 1010 2908 1079 φοϐεῖσθε
2952 1009 3248 1078 ὀνειδισμὸν
3295 1009 3614 1079 ἀνθρώπων,
3655 1005 3842 1074 καὶτῷ

2286 1101 2574 1171 φαυλισμῷ
2621 1102 2799 1153 αὐτῶν
2846 1100 2919 1170 μὴ
2950 1099 3198 1169 ἡττᾶσθε.
3244 1117 3263 1149 ι
3294 1099 3412 1169 Χρὴ
3457 1098 3566 1169 γὰρ
3625 1099 3846 1167 ἁφορᾷν,

2289 1193 2440 1263 φησι,
2475 1192 2566 1244 ἐπὶ
2595 1191 2653 1244 τὸ
2675 1191 3042 1261 διαδεξόμενον
3075 1190 3268 1252 αὐτοὺς
3299 1189 3466 1252 τέλος.

2361 1505 2381 1538 ι
2433 1487 2517 1548 Ὦς
2556 1485 2662 1554 γὰρ
2714 1483 2924 1554 ἱμάτιον
2973 1481 3308 1551 βρωθησεται
3346 1479 3452 1532 ὑπὸ
3499 1478 3726 1549 χρόνου,
3757 1480 3844 1532 καὶ

2287 1576 2361 1639 ὡς
2410 1577 2532 1646 ἔρια
2595 1575 2929 1645 βρωθήσεται
2978 1573 3082 1624 ὑπὸ
3126 1571 3303 1638 σητός’
3355 1571 3388 1640 ἠ
3437 1570 3492 1621 δὲ
3539 1569 3842 1639 δικαιοσύνη

2289 1684 2389 1736 μου
2420 1670 2498 1729 εἰς
2525 1667 2613 1719 τὸν
2675 1665 2843 1717 αἰῶνα
2876 1664 3046 1716 ἔσται·
3088 1661 3146 1713 τὸ
3205 1661 3261 1712 δὲ
3315 1659 3586 1730 Σωτήριόν
3643 1677 3742 1730 μου
3771 1661 3846 1721 εἰς

2285 1756 2474 1824 γενεὰς
2541 1756 2760 1822 γενεῶν.
2821 1752 3155 1824 Ἐξεγείρου,
3215 1749 3506 1819 ὲξεγείρου,
3589 1752 3848 1818 Ἰερουσα-

633 1870 791 1925 surge
819 1895 832 1915 ,
860 1854 1157 1908 Jerusalem
1188 1893 1201 1912 ,
1233 1864 1288 1906 et
1319 1853 1541 1906 induere
1575 1852 1941 1905 fortitudinem
1975 1852 2176 1906 brachii

2284 1845 2411 1916 λὴμ.
2438 1848 2528 1898 καὶ
2548 1847 2758 1898 ἔνδυσαι
2787 1843 2885 1914 τὴν
2929 1845 3078 1913 ἰσχὺν
3109 1843 3202 1894 τοῦ
3261 1839 3539 1911 βραχίονός
3573 1857 3688 1893 σου.
3739 1839 3850 1904 Ἐξ-

635 1948 732 2001 tui.
760 1946 1001 2013 Exsurge
1048 1945 1188 1998 sicut
1214 1945 1265 1997 in
1301 1945 1561 2012 principio
1587 1945 1714 2008 diei,
1743 1945 1882 1998 sicut
1909 1944 2176 2011 generalia

2287 1937 2595 2007 εγείρουὼς
2625 1939 2681 1989 ἐν
2723 1937 2863 2005 ἀρχῇ
2905 1933 3136 2004 ἡμέρας,
3173 1932 3247 1994 ὡς
3291 1932 3450 1999 γενεὰ
3489 1931 3700 1992 αἰῶνος.
3728 1948 3745 1980 ι
3785 1931 3848 1982 Ἡ

631 2033 833 2091 azeculi.
872 2056 889 2088 ι
927 2037 1038 2090 Ποε
1067 2037 1527 2100 additamentum,
1565 2054 1582 2086 ι
1617 2035 1912 2090 Jerusalem
1940 2076 1954 2099 ,
1995 2055 2012 2089 ι
2047 2046 2103 2089 ιιι
2132 2039 2182 2089 in

631 2128 894 2183 llebraica
936 2128 1164 2181 lectione
1214 2127 1407 2189 fertur.
1457 2128 1509 2182 iu
1545 2129 1768 2197 reliquis
1800 2130 2184 2196 interpretibus

633 2236 738 2274 non
781 2230 1085 2289 comparet;
1123 2220 1216 2274 sed
1239 2233 1425 2273 omnes
1453 2221 1530 2273 sic
1557 2221 1838 2273 ediderunt
1872 2239 1884 2271 :
1923 2238 1942 2270 ι
1980 2221 2184 2273 Exsur-

631 2325 717 2379 ge,
751 2325 1001 2378 exsurge,
1027 2311 1248 2364 induere
1281 2311 1664 2372 fortitudinem,
1692 2311 1969 2364 brachium
2003 2312 2183 2364 Domi-

631 2401 708 2454 ni.
745 2419 764 2452 ι
802 2402 1106 2455 Secundum
1137 2417 1325 2455 omnes
1354 2404 1517 2471 igitur
1543 2417 1646 2455 non
1674 2398 1971 2454 Jerusalem
2005 2417 2183 2454 sermo

625 2493 952 2559 compellat,
985 2493 1080 2545 sed
1110 2492 1389 2546 brachium
1423 2493 1665 2556 Domini;
1696 2494 1820 2546 hinc
1851 2507 2183 2561 consequen-

625 2589 710 2636 ter
736 2597 832 2650 par
859 2593 941 2636 est
974 2591 1032 2636 ut
1058 2583 1220 2636 etiam
1253 2596 1350 2636 nos
1381 2585 1444 2636 ad
1481 2581 1760 2635 brachium
1801 2582 2050 2645 Domini,
2104 2581 2183 2646 ip-

629 2673 742 2726 sius
795 2673 1002 2726 Domini
1061 2672 1528 2740 compellationem
1577 2672 1874 2727 referamus
1903 2714 1918 2734 ,
1958 2672 2024 2725 de
2075 2687 2182 2737 quo

629 2764 878 2831 superius
911 2765 1108 2818 dictum
1146 2772 1228 2818 est
1252 2802 1268 2829 ,
1305 2782 1322 2814 ι
1357 2763 1418 2818 Ει
1450 2765 1501 2817 in
1532 2765 1812 2819 brachium
1845 2779 2023 2818 meum
2051 2779 2182 2832 gen-

631 2864 712 2909 tes
731 2855 1038 2922 sperabuut.
1080 2873 1098 2905 ι

694 2967 859 3025 Vens.
893 2969 960 3023 10
985 3011 998 3034 ,
1030 2971 1112 3024 ll.
1153 2989 1172 3023 ι
1214 2971 1399 3026 Nonne
1430 2979 1483 3023 tu
1511 2985 1570 3025 es
1595 3011 1610 3036 ,
1645 2984 1763 3040 quae
1797 2969 2067 3024 desertum
2102 2967 2180 3023 fe-

624 3059 744 3113 cisti
780 3075 949 3125 mare,
983 3077 1149 3130 aquas
1186 3064 1364 3134 abyssi
1394 3063 1630 3117 multas?
1658 3077 1775 3132 quae
1815 3062 2034 3130 posuisti
2059 3076 2180 3130 pro-

623 3149 844 3205 func‘um
879 3154 1044 3206 maris
1073 3154 1212 3206 viam
1246 3155 1508 3208 transitus
1538 3156 1622 3216 iis,
1646 3155 1735 3222 qui
1769 3153 1976 3207 liberati
2007 3164 2060 3206 et
2089 3167 2173 3206 re-

2289 2025 2592 2097 προσθήκη,
2630 2042 2648 2074 ι
2693 2024 3063 2095 Ἰερουσαλὴμ,
3101 2039 3120 2072 ›
3153 2021 3228 2083 ὡς
3261 2021 3318 2073 ἐν
3347 2023 3411 2090 τῇ
3447 2020 3704 2091 Ἐϐραῖκῇ
3722 2020 3849 2073 ἀνα-

2284 2117 2497 2184 γνώσει,
2533 2115 2655 2169 οῦτε
2706 2117 2763 2168 ὲν
2800 2118 2912 2177 τοῖς
2954 2114 3156 2177 λοιποῖς
3205 2114 3564 2185 ἐρμηνευταῖς
3601 2109 3846 2180 φέρεται,

2285 2207 2416 2259 ἀλλὰ
2449 2207 2644 2269 πάντες
2672 2205 2843 2268 οὕτως
2867 2205 3161 2268 ἐξέδωκαν-
3197 2221 3215 2254 ι
3270 2201 3594 2273 Ἐξεγείρου,
3631 2200 3850 2268 ἐξεγεί-

2286 2318 2398 2371 ρου,
2426 2300 2634 2352 ἔνδυσαι
2662 2301 2879 2369 κράτος,
2921 2298 3155 2368 βραχίων
3196 2297 3422 2365 Κυρίου.
3462 2314 3481 2346 ι
3518 2294 3676 2348 Κατὰ
3713 2295 3848 2347 πάνυ

2283 2407 2380 2452 τας
2407 2391 2583 2443 τοίνυν
2625 2390 2685 2442 ού
2728 2392 2792 2458 τῇ
2848 2388 3200 2458 Ἰερουσαλὴμ
3249 2387 3277 2437 ὀ
3322 2387 3478 2455 λόγος
3515 2387 3848 2456 προσφωνεῖ,

2283 2480 2414 2532 ἀλλὰ
2448 2478 2522 2549 τῷ
2562 2477 2801 2549 βραχίονι
2848 2478 3072 2549 Κυρίου·
3128 2478 3414 2531 ἀκόλουθον
3453 2475 3499 2531 δ’
3542 2477 3610 2530 ἂν
3639 2477 3722 2546 εῐη
3759 2479 3851 2531 καὶ

2281 2572 2425 2641 ἡμᾶς
2476 2571 2554 2632 είς
2600 2570 2690 2622 τὸν
2748 2569 3003 2640 βραχίονα
3070 2571 3274 2640 Κυρίου
3326 2571 3425 2641 τὴν
3476 2569 3569 2622 τοῦ
3641 2571 3848 2640 Κυρίου

2283 2659 2661 2730 προσφώνησιν
2688 2659 2995 2728 ἀναφέρειν,
3039 2660 3164 2729 περὶ
3206 2654 3266 2712 οῦ
3311 2659 3564 2730 ἀνωτέρω
3592 2658 3807 2731 εἴρηται
3829 2700 3846 2725 ,

2287 2769 2306 2801 ι
2341 2751 2446 2802 Καὶ
2475 2750 2566 2802 ἐπὶ
2594 2749 2682 2803 τὸν
2714 2749 2969 2821 βραχίονά
3002 2766 3102 2820 μου
3124 2749 3248 2820 ἔθνη
3279 2749 3574 2804 ἐλπιοῦσιν.
3609 2769 3630 2803 ι

2354 2988 2374 3020 ι
2410 2969 2483 3023 Ού
2516 2970 2580 3022 σὺ
2611 2965 2713 3041 εἳὴ
2746 2968 3026 3042 ἐρημοῦσα
3070 2968 3360 3032 θάλασσαν,
3406 2968 3550 3040 ὕδωρ
3603 2967 3847 3024 ἀϐύσσου

2278 3060 2509 3128 πλῆθος;
2530 3062 2563 3131 ἡ
2586 3060 2736 3113 θεῖσα
2755 3060 2823 3112 τὰ
2846 3060 2981 3130 βάθη
3002 3060 3099 3130 τῆς
3119 3059 3390 3130 θαλάσσης
3412 3060 3525 3118 ὀδὸν
3542 3060 3852 3124 διαϐάσεως

2281 3151 2561 3220 ρυομένοις
2612 3151 2704 3203 καὶ
2757 3151 3215 3222 λελυτρωμένοιςς
3289 3149 3423 3203 ’Υπὺ
3465 3149 3572 3220 γὰρ
3632 3152 3846 3221 Κυρίου

623 3241 818 3311 .lerrpti
871 3243 1132 3299 fuerunt?
1175 3247 1220 3299 Α
1267 3247 1492 3299 Domino
1536 3246 1677 3299 enim
1726 3246 2066 3308 reducentur,
2120 3254 2174 3298 et

2278 3213 2806 3313 artoo'rpaqaﬁoovtat,
2840 3213 2933 3294 καί
2953 3213 3172 3311 ἥξουσιν
3198 3213 3276 3304 είς
3315 3239 3449 3294 Σιὼν
3478 3213 3606 3311 ’μετ’
3647 3213 3854 3312 sempo-

621 3334 838 3388 venieut
865 3336 917 3388 in
955 3336 1082 3391 Sion
1111 3352 1232 3390 cum
1267 3336 1446 3389 laetitia
1475 3345 1529 3389 et
1570 3336 1931 3390 exsultatione
1973 3336 2174 3403 sempi-

2278 3331 2440 3402 σύνης
2471 3333 2563 3386 καὶ
2590 3333 2988 3401 ἁγαλλιάματος
3017 3332 3254 3385 αἰωνίου.
3311 3331 3430 3384 Ἐπὶ
3464 3331 3709 3400 κεφαλῆς
3737 3332 3853 3403 γὰρ

621 3432 794 3497 terna.
829 3425 882 3478 In
909 3428 1085 3495 capite
1111 3430 1250 3482 enim
1277 3443 1462 3482 eorum
1501 3428 1618 3482 laus
1642 3467 1657 3490 ,
1693 3436 1747 3480 et
1771 3427 1951 3481 laetitia
1980 3443 2171 3496 appre-

2278 3421 2451 3474 αὐτῶν
2483 3423 2704 3485 αἴνεσις,
2741 3422 2834 3474 καὶ
2859 3419 3162 3490 εὐφροσύνη
3201 3418 3566 3489 καταλήψεται
3606 3419 3846 3482 αὐτούς’

623 3512 822 3568 lteudet
854 3529 946 3571 eos
989 3535 1005 3572 :
1049 3517 1181 3587 fugit
1217 3520 1370 3573 dolor
1397 3528 1452 3572 et
1483 3533 1702 3582 maeror,
1735 3527 1788 3572 et
1826 3519 2055 3588 gemitus
2090 3540 2102 3572 :
2148 3539 2165 3572 ι

2278 3512 2484 3583 ἀπέδρα
2523 3511 2681 3581 ὀδύνη
2729 3511 2824 3565 καὶ
2849 3510 3014 3582 λύπη,
3041 3512 3134 3564 καὶ
3175 3509 3472 3579 στεναγμός
3490 3529 3536 3562 ·»
3565 3511 3662 3589 ¹ὅτε
3710 3511 3808 3564 καὶ
3829 3551 3846 3572 ,

619 3608 837 3674 quando
879 3609 1023 3663 omni
1063 3611 1256 3664 timore
1284 3610 1517 3678 exempti
1546 3649 1561 3674 ,
1599 3624 1704 3663 non
1741 3610 1880 3663 ultra
1926 3609 2174 3666 inimicos

2278 3602 2472 3663 παντὸς
2518 3601 2685 3669 φόϐου
2730 3601 2887 3664 ἐκτὸς
2945 3601 3257 3671 γενόμενοι,
3311 3601 3492 3654 οὐκέτι
3544 3601 3852 3672 πολεμίους

627 3706 683 3749 et
715 3700 1056 3755 adversarios
1079 3702 1520 3757 reformidabunt.

2278 3693 2391 3746 οὐδὲ
2419 3693 2642 3764 ἐχθροὺς
2669 3691 3010 3762 φοϐήσονται.

687 3810 852 3867 Vsus.
880 3812 966 3866 l2.
993 3812 1124 3867 Nam
1163 3833 1181 3866 ι
1219 3829 1285 3868 ex
1317 3813 1519 3870 caelesti
1547 3813 1673 3868 Sion
1706 3814 1967 3870 abscessit
1997 3814 2169 3882 dolor,

615 3913 819 3955 mceror
865 3913 918 3957 et
957 3904 1205 3972 gemitus.
1237 3905 1346 3970 Ego
1379 3921 1519 3973 sum,
1552 3919 1651 3974 ego
1675 3921 1814 3970 sum,
1855 3907 1944 3975 qui
1978 3920 2174 3962 conso-

618 3991 698 4044 lor
755 4001 824 4048 te.
881 3993 1030 4049 Scito
1077 4010 1196 4064 qua:
1250 3994 1456 4062 fueris,
1502 4005 1558 4051 et
1589 3997 1834 4051 timueris
1861 3996 1926 4050 ab
1955 3997 2172 4051 homine

621 4082 856 4144 mortali,
881 4092 934 4136 et
963 4099 992 4137 a
1027 4085 1136 4138 lilio
1169 4085 1419 4148 hominis,
1449 4088 1536 4156 qui
1564 4087 1716 4156 quasi
1746 4087 1924 4142 fenum
1949 4089 2170 4157 arefacti

620 4181 767 4228 sunt.
804 4192 822 4222 ι
853 4172 971 4242 lpse
996 4191 1226 4244 namque
1255 4186 1338 4232 est
1364 4179 1668 4246 propitiatio
1699 4189 1906 4244 nostra,
1935 4181 2024 4249 qui
2050 4195 2173 4234 con-

621 4262 831 4318 solatur
875 4265 1120 4321 humiles.
1172 4267 1250 4322 Tu
1282 4269 1426 4322 enim
1473 4267 1538 4322 ad
1594 4271 1882 4338 imaginem
1917 4285 2093 4323 meam
2139 4283 2168 4321 a

619 4370 707 4410 me
731 4356 891 4418 facta,
925 4363 1158 4412 maximo
1189 4362 1383 4414 donata
1416 4375 1473 4414 es
1505 4359 1730 4423 honore,
1760 4360 1900 4418 quod
1933 4374 2015 4414 me
2044 4375 2168 4412 cou-

614 4445 905 4502 solatorem
935 4449 1160 4505 haberes
1197 4466 1572 4522 :quapropter
1600 4455 1743 4519 dico,
1800 4472 1820 4505 ι
1870 4451 1982 4521 Ego
2022 4469 2161 4514 sum“.

2347 3843 2366 3875 ι
2412 3825 2502 3877 Ἐν
2539 3843 2557 3876 ι
2591 3821 2699 3893 γὰρ
2734 3842 2754 3874 ι
2787 3826 2852 3894 τῇ
2897 3824 3200 3895 ἐπουρανίῳ
3242 3823 3378 3878 Σιὼν
3427 3825 3640 3896 ἀπέδρα
3677 3824 3850 3896 ὀδύνη

2272 3915 2367 3968 καῖ
2401 3914 2566 3985 λύπη,
2619 3917 2712 3968 καὶ
2771 3916 3085 3985 στεναγμός.
3143 3915 3282 3984 Ἐγώ
3325 3919 3459 3986 εἰμι,
3498 3916 3609 3983 ἐγώ
3639 3919 3780 3987 εἰμι,
3819 3921 3854 3972 ὁ

2273 4003 2601 4076 παρακαλῶν
2639 4021 2718 4056 σε.
2753 4005 2923 4058 Γνῶθι
2972 4007 3055 4069 τίς
3095 4003 3248 4070 οὖσα,
3291 4008 3559 4078 ἐφοϐήθης
3601 4009 3712 4062 ἀπὸ
3745 4011 3853 4063 ἀν-

2272 4093 2489 4165 θρώπου
2537 4093 2752 4164 θνητοῦ,
2804 4096 2900 4148 καὶ
2945 4095 3055 4148 ἀπὸ
3098 4096 3213 4149 υἱοῦ
3267 4097 3574 4168 ἀνθρώπου,
3621 4099 3672 4153 οἳ
3706 4101 3852 4154 ὡσεὶ

2269 4183 2459 4254 χόρτος
2490 4183 2878 4254 έξηράνθησαν.
2920 4203 2938 4234 ι
2979 4185 3151 4248 Αὐτὸς
3196 4187 3304 4256 γάρ
3346 4189 3492 4240 ἐστιν
3537 4190 3566 4242 ὀ
3613 4190 3852 4260 ίλασμδς

2269 4274 2444 4342 ἡμῶν,
2473 4275 2566 4328 καὶ
2589 4278 2616 4327 ὁ
2642 4275 2971 4345 παρακαλῶν
2996 4278 3120 4340 τοὺς
3142 4265 3444 4342 ταπεινούς.
3479 4279 3550 4332 Σὺ
3595 4280 3698 4350 μὲν
3731 4282 3853 4354 γὰρ

2270 4365 2387 4417 κατ’
2409 4365 2590 4418 εἰκόνα
2618 4366 2880 4436 γενομένη
2922 4369 3049 4436 παρ’
3090 4367 3246 4438 ἐμοῦ,
3302 4369 3561 4441 μεγίστης
3601 4370 3852 4439 ἠξίωσαι

2268 4457 2452 4528 τιμῆς,
2475 4456 2550 4520 ὡς
2578 4456 3006 4527 παρακαλεῖσθαι
3041 4459 3132 4510 ὑπ’
3167 4459 3320 4529 ἐμοῦ·
3347 4460 3426 4513 διό
3450 4479 3611 4532 φημι,
3637 4481 3654 4512 ι
3696 4463 3853 4531 Ἐγώ

615 4540 707 4604 qui
732 4540 980 4595 consolor
1010 4551 1111 4596 te.»
1144 4541 1335 4612 lgn‘oro
1369 4553 1545 4597 autem
1577 4559 1684 4612 quo
1717 4554 1901 4611 pacto,
1936 4544 2164 4613 dignita-

2278 4545 2379 4614 εἶμι
2410 4547 2438 4598 ὀ
2466 4547 2794 4616 παρακαλῶν
2828 4565 2906 4600 σε.
2953 4567 2970 4598 ι
3016 4549 3127 4602 Οὐκ
3165 4546 3279 4603 οἴδα
3311 4550 3365 4603 δὲ
3404 4552 3552 4614 ὅπως
3581 4551 3852 4606 ἐπιλαθο-

613 4628 687 4682 tis
738 4629 1019 4685 immemor
1069 4643 1213 4696 tum,
1270 4633 1542 4688 formidini
1597 4645 1650 4689 et
1688 4636 1880 4688 terrori
1926 4637 2164 4705 subjecta

2278 4636 2404 4707 μέν-η
2428 4639 2526 4707 τῆς
2565 4638 2766 4706 σαυτῆς
2799 4638 2974 4703 ἀξίας,
3013 4640 3180 4710 δειλίᾳ
3222 4641 3468 4711 ὑπήχθης
3501 4644 3595 4696 καὶ
3634 4644 3855 4714 ἐφοϐή-

616 4718 804 4774 fueris.
843 4721 966 4776 llaec
997 4739 1156 4792 porro
1180 4726 1308 4778 dicit
1333 4727 1482 4794 quasi
1517 4725 1894 4780 formidolosos
1937 4736 1991 4778 et
2018 4725 2165 4780 inllr«

2278 4726 2382 4797 3ης.
2412 4729 2572 4794 Λέγει
2595 4728 2651 4780 δὲ
2682 4728 2854 4781 ταῦτα
2898 4729 2972 4791 ὼς
3021 4729 3156 4798 πρὸς
3194 4731 3320 4793 τοὺς
3360 4731 3693 4801 δειλοτέρους
3743 4735 3853 4787 καὶ

616 4811 837 4876 ntiores,
861 4816 950 4883 qui
996 4816 1045 4868 in
1089 4816 1324 4870 Ecclesia
1357 4829 1504 4882 sunt,
1536 4817 1813 4886 alloquens
1849 4835 1862 4870 :
1893 4832 2012 4870 nam
2044 4834 2166 4886 per-

2278 4817 2678 4888 Ξσθενεστέρους
2705 4818 2804 4886 τῆς
2865 4817 3218 4887 Ἐκκλησίας·
3271 4821 3319 4872 οἱ
3360 4819 3469 4891 γὰρ
3511 4821 3850 4875 τελειωθέν-

610 4900 762 4969 lecti,
811 4917 863 4957 et
896 4906 986 4975 qui
1036 4908 1278 4976 martyrii
1307 4922 1503 4961 corona
1551 4908 1797 4962 exornati
1851 4917 2016 4972 sunt,
2049 4910 2165 4978 ejus

2278 4926 2372 4972 ιες,
2401 4910 2494 4962 xui.
2529 4913 2639 4972 τοῖς
2668 4913 2723 4962 ὲν
2755 4909 3031 4979 μαρτυρίῳ
3062 4911 3344 4979 στεφάνοις
3386 4912 3851 4982 κατακοσμηθέν-

610 5005 735 5049 sunt
774 4997 995 5066 gloriam
1036 4999 1334 5054 consecuti.
1383 5000 1655 5069 Siquidem
1687 5017 1806 5056 cum
1853 5019 1949 5070 par
1977 5003 2165 5060 fuisset

2278 5017 2371 5063 τες,
2397 4999 2583 5070 ἔτυχον
2621 5001 2718 5069 τῆς
2753 4999 2879 5068 παρ’
2908 4999 3068 5052 αὑτοῦ
3111 4999 3285 5067 δόξης.
3321 4999 3448 5053 Δέον
3477 5000 3587 5070 γὰρ
3628 5003 3849 5071 ἄφοϐόν

613 5094 664 5138 te
693 5099 834 5140 metu
868 5097 922 5142 et
948 5091 1304 5144 commetione
1341 5105 1562 5144 vacuum
1593 5106 1827 5157 manere,
1859 5104 2043 5161 utpote
2072 5111 2163 5164 po-

2278 5106 2323 5141 ῑε
2350 5091 2440 5142 καὶ
2465 5091 2732 5158 ἀτάραχον
2753 5089 3044 5158 διαμένειν,
3067 5089 3141 5152 ὡς
3161 5090 3225 5143 ἂν
3252 5089 3382 5158 ὲμὸν
3412 5091 3540 5143 ὄντα
3571 5089 3725 5154 λαὸν,
3755 5097 3851 5157 είς

2262 5181 2320 5231 τὸ
2344 5181 2492 5242 τέλος
2541 5181 2825 5250 ἀφορῶντα
2845 5182 2938 5248 τῆς
2968 5181 3209 5250 φθαρτῆς
3237 5180 3344 5233 τῶν
3383 5179 3687 5250 ἀνθρώπων
3733 5184 3851 5250 φύ-

2264 5287 2420 5333 σεως,
2451 5272 2542 5322 καὶ
2569 5269 2662 5322 τοῦ
2699 5270 2976 5338 μέλλοντος
2999 5269 3217 5341 ὀλέθρου
3244 5270 3581 5336 διαδέξασθαι
3603 5273 3848 5336 τούτους

2697 5359 2992 5429 ἐφοϐήθης-ο
3053 5360 3117 5411 σὺ
3175 5359 3231 5411 δὲ
3275 5359 3494 5422 τούτους
3547 5362 3643 5429 μὲν
3698 5363 3846 5431 ἐσο-

609 5179 794 5244 pulum
820 5197 1015 5248 meum,
1048 5183 1112 5236 ad
1144 5183 1301 5236 finem
1336 5184 1702 5249 corruptibilis
1734 5185 2008 5238 hominum
2043 5187 2163 5241 \itaz

608 5271 1020 5338 respicientem;
1074 5285 1236 5343 atque
1287 5275 1502 5328 eosdem
1540 5275 1684 5342 ipsos
1712 5315 1725 5338 ,
1766 5290 1899 5343 quos
1933 5278 2161 5330 extime-

607 5365 795 5418 scebas
821 5405 837 5428 ,
879 5380 907 5419 a
939 5366 1118 5422 futura
1147 5369 1386 5437 pernicie
1419 5370 1684 5434 eximere;
1717 5379 1771 5422 tu
1805 5381 2017 5426 cootra.
2044 5370 2161 5425 illos

609 5454 976 5524 reformidans,

2261 5359 2454 5420 αὐτοὺς
2469 5399 2483 5420 ,
2546 5358 2639 5420 οὓς

2260 5449 2453 5520 δήοης.

677 5610 949 5667 Vens.13.
991 5631 1010 5664 ι
1067 5613 1277 5670 Oblitus
1312 5631 1368 5670 es
1400 5615 1521 5682 Dei,
1553 5617 1643 5686 qui
1695 5616 1818 5671 fecit
1843 5626 1916 5684 te,
1951 5633 2043 5688 qu.
2073 5619 2153 5673 fe-

607 5701 680 5752 cit
704 5701 912 5763 malum,
947 5705 1039 5772 qui
1087 5705 1331 5760 fundavit
1365 5719 1563 5761 terram
1598 5727 1611 5764 :
1640 5718 1694 5763 et
1729 5709 1952 5764 timuisti
2005 5726 2146 5765 sem-

608 5806 704 5860 per
748 5795 996 5853 omnibus
1039 5797 1224 5855 diebus
1271 5798 1462 5857 faciem
1512 5801 1604 5857 ira:
1653 5801 1958 5860 tribulautis
2010 5812 2080 5858 te.
2126 5823 2143 5855 ι

2331 5644 2348 5674 ι
2389 5624 2678 5678 Ἐπελάθου
2710 5623 2766 5676 δὲ
2799 5625 2930 5678 Θεὸν
2963 5627 3050 5679 τὸν
3084 5627 3385 5696 ποιήσαντά
3422 5644 3500 5692 σε,
3537 5628 3630 5681 τὸν
3662 5631 3843 5698 ποιή-

2259 5731 2425 5767 σαντα
2455 5715 2545 5766 τὸν
2575 5715 2796 5785 οὐρανὸν
2840 5718 2929 5768 καὶ
2964 5716 3362 5784 θεμελιὼσαντα
3403 5720 3500 5786 τὴν
3547 5718 3679 5787 γῆνο
3735 5721 3845 5772 καὶ

2259 5804 2447 5872 ἐφοϐοῦ
2475 5805 2558 5859 ἀεὶ
2593 5804 2769 5869 πάσας
2798 5806 2894 5871 τὰς
2921 5805 3132 5878 ἡμέρας
3176 5805 3233 5861 τὸ
3272 5807 3556 5878 πρόσωπον
3597 5807 3690 5863 τοῦ
3734 5809 3805 5861 Ou
3829 5838 3844 5848 ο
