4058 6398
259 400 363 455 ιω

1244 394 1750 452 (ΞΟΜΜΕΝΤΛΒΙΑ
1790 398 1858 453 IN
1899 398 2159 456 ISAIAM.
2200 434 2269 445 --
2302 403 2457 460 CAP.
2498 406 2583 460 Li.

3422 411 3532 466 450

259 514 360 588 μοῦ
387 514 486 568 τοῦ
515 513 791 576 θλίϐοντός
815 529 896 566 σε.
942 531 960 562 ι
995 513 1086 565 Διὸ
1126 512 1220 566 καὶ
1259 514 1385 575 τοὺς
1416 513 1559 566 κατά
1587 513 1688 584 τῆς
1729 515 1817 567 Ἐκ

1918 515 2080 578 ,ΙιΙεο
2109 499 2181 571 ad
2239 519 2617 587 probationem
2661 518 2990 575 athletarum
3043 535 3288 577 meorum
3343 539 3530 594 perse-

254 606 488 676 κλησίας
519 607 620 676 τῆς
651 605 788 674 ἐμῆς
829 603 1104 672 διωγμοὺς
1154 606 1234 666 είς
1276 603 1508 674 δοκιμὴν
1550 604 1662 660 τῶν
1690 607 1840 677 ἐμῶν

250 696 506 768 ἀθλητῶν
536 695 737 765 ἀφίημι
772 695 867 747 καὶ
887 695 1154 766 συγχωρῶ
1183 694 1450 763 γίνεσθαι.

324 808 343 842 ι
392 792 493 843 ’ον
521 789 722 859 τρόπον
759 787 867 858 γὰρ
907 787 1262 840 ἐϐουλεύσατο
1308 787 1403 839 τοῦ
1447 784 1579 860 ἆραί
1616 806 1696 851 σε,
1744 790 1839 844 καὶ

248 881 342 934 νῦν
376 881 486 934 ποῦ
516 881 546 931 6
577 879 748 950 θυμὸς
777 879 871 931 τοῦ
899 878 1170 943 θλίϐοντός
1214 895 1308 944 as;
1356 880 1444 932 Ἐν
1477 881 1584 949 γὰρ
1615 879 1694 950 τῷ
1728 880 1837 933 σώ-

249 974 435 1039 ζεσθαί
467 990 551 1035 σε,
580 973 642 1024 οὐ
675 972 950 1042 στήσεται,
981 972 1099 1024 οὐδέ
1131 974 1357 1041 χρονιεῖ·
1395 974 1476 1025 ὃτι
1516 971 1626 1040 ἐγὼ
1653 975 1680 1026 6
1703 973 1838 1036 Θεός

249 1082 366 1128 σου,
397 1067 427 1117 6
448 1063 740 1132 ταράσσων
761 1063 859 1133 τὴν
887 1062 1182 1124 θάλασσαν,
1220 1063 1315 1115 καὶ
1345 1063 1492 1133 ἠχῶν
1523 1063 1592 1116 τὰ
1615 1064 1836 1135 κύματα

245 1158 435 1226 αὐτῆς,
460 1154 666 1224 Κύριος
703 1154 927 1207 Σαῦαὼθ
954 1155 1125 1224 δνομά
1163 1172 1272 1224 μοι.
1300 1156 1464 1228 Θήσω
1487 1159 1614 1220 τοὺς
1644 1156 1836 1225 λόγους

247 1264 348 1318 μου
378 1248 462 1308 εἰς
496 1246 557 1298 τὸ
577 1245 756 1316 στόμα
782 1261 899 1306 σου,
933 1245 1026 1297 καὶ⁵
1057 1246 1161 1298 ὑπὸ
1181 1246 1279 1315 τὴν
1314 1247 1474 1300 σκιὰν
1503 1250 1604 1319 τῆς
1649 1248 1835 1319 χειρός

247 1356 347 1410 μου
383 1337 647 1391 σκεπάσω
680 1354 760 1398 σε,
791 1338 847 1389 ἐν
947 1335 1151 1407 έστησα
1176 1338 1266 1389 τὸν
1304 1339 1530 1411 οὐρανὸν
1573 1341 1668 1392 καὶ
1715 1339 1834 1393 ἐθε-

245 1429 489 1500 μελίωσα
519 1430 621 1500 τὴν
650 1431 773 1498 γῆν.
820 1447 839 1480 ι
891 1427 979 1490 Ὠς
1012 1425 1077 1481 ἂν
1109 1430 1182 1500 μή
1215 1446 1269 1481 τι
1303 1429 1495 1492 πάθοις
1533 1430 1642 1483 τῶν
1675 1432 1830 1483 ἐναν-

239 1520 372 1572 τίων
401 1519 509 1571 ὑπὸ
538 1517 648 1570 τῶν
670 1516 1068 1588 πολεμούντων,
1105 1518 1194 1571 ἵνα
1214 1519 1272 1572 δὲ
1303 1519 1380 1571 ἔτι
1405 1519 1602 1590 μᾶλλον
1629 1520 1833 1592 θαρσα-

239 1606 337 1660 λέα
375 1607 512 1678 γένῃ
545 1607 638 1660 καὶ
654 1606 918 1676 ἀτρεμὴς,
951 1607 1045 1658 καὶ
1077 1606 1347 1672 ἄπτωτος,
1384 1609 1639 1679 μάνθανε,
1672 1610 1748 1672 ὡς
1771 1612 1830 1662 ἐν

239 1700 436 1768 τῇέμῇ
473 1697 640 1768 χειρὶ,
679 1691 802 1769 ἐνῇ
844 1696 1046 1765 ἔστησα
1086 1698 1178 1751 τὸν
1225 1700 1451 1770 οὐρανὸν
1498 1701 1593 1754 καὶ
1633 1702 1828 1771 ἐθεμε-

239 1787 414 1842 λίωσα
441 1789 542 1858 τὴν
574 1787 699 1858 γῆν,
729 1787 823 1840 καὶ
853 1788 944 1840 τὸν
971 1787 1265 1859 σύμπαντα
1291 1789 1491 1860 κόσμον
1525 1793 1589 1844 ἐκ
1622 1790 1718 1844 τοῦ
1751 1792 1825 1863 μὴ

238 1877 393 1942 δντος
416 1881 498 1940 εἰς
531 1879 593 1931 τὸ
625 1875 764 1932 εἶναι
795 1881 1135 1950 παρήγαγον,
1167 1882 1226 1933 ἐν
1251 1880 1420 1952 ταύτῃ
1449 1882 1744 1935 σκεπάσειν
1766 1899 1826 1934 σε
1860 1859 1902 1917 Β

237 1970 670 2041 ἐπαγγέλλομαι.
709 1970 774 2023 Τί
793 1968 887 2024 οὖν
918 1970 1024 2042 χρὴ
1064 1971 1303 2044 ἀγωνιᾷν
1342 1973 1375 2042 ἢ
1410 1973 1691 2042 φοϐεῖσθαι
1733 1973 1830 2043 φό-

237 2061 333 2114 ϐον
377 2060 739 2131 ἀνθρώπινον,
790 2061 908 2116 δέον
957 2062 1278 2134 ὑποτρέχειν
1313 2063 1410 2134 τὴν
1461 2064 1601 2136 ἐμὴν
1647 2067 1824 2134 σκιὰν,

241 2153 381 2222 μηδὲ
406 2154 710 2224 ἀναχωρεῖν
736 2152 925 2224 αὐτῆς,
969 2153 1106 2206 ἀλλὰ
1158 2154 1254 2207 καὶ
1303 2155 1432 2219 τοὺς
1478 2155 1670 2226 λόγους
1723 2175 1826 2230 μου

236 2246 471 2300 πάντοτε
495 2245 680 2316 φέρειν
702 2243 790 2298 διὰ
814 2245 1078 2316 στόματος
1101 2263 1115 2312 ;

315 2357 334 2389 ι
372 2338 484 2390 Καὶ
510 2340 627 2407 ἐρεῖ
656 2335 817 2402 Σιὼν,
844 2338 987 2402 Λαός
1013 2355 1114 2410 μου
1136 2331 1188 2391 εἴ
1219 2337 1304 2392 σύ.
1349 2337 1657 2412 Ἐξεγείρου
1686 2381 1701 2405 ,
1738 2344 1826 2408 ἐξ-

233 2430 479 2501 εγείρου,
515 2429 803 2501 ἀνάστηθι,
840 2430 1218 2503 Ἰερουσαλὴμ,
1254 2431 1513 2502 ἠπιοῦσα
1537 2434 1602 2487 ἐκ
1642 2436 1825 2506 χειρὸς

232 2522 443 2594 Κυρίου
489 2521 832 2594 τὺποτήριον
873 2522 967 2576 τοῦ
1007 2523 1180 2594 θυμοῦ
1211 2523 1405 2576 αὐτοῦ’
1454 2525 1513 2579 τὸ
1563 2529 1822 2598 ποτήριον

197 2615 344 2685 ,γὰρ
375 2615 478 2684 τῆς
516 2613 790 2679 πτώσεως,
825 2615 888 2668 τδ
922 2614 1078 2669 κόνδυ
1116 2614 1210 2668 τοῦ
1257 2615 1428 2687 θυμοῦ
1472 2616 1682 2682 ἐξέπιες
1727 2616 1822 2672 καὶ

231 2704 595 2770 ἐξεκένωσας.
625 2725 644 2758 ι
677 2707 861 2759 Ἔοικε
893 2706 1179 2778 σημαίνειν
1206 2707 1293 2761 διὰ
1318 2707 1520 2761 τούτων
1538 2708 1636 2780 τὴν
1660 2709 1822 2778 ἐσχά-

228 2813 334 2867 την
369 2797 541 2866 αὐτῆς
572 2796 800 2862 πτῶσιν,
831 2799 898 2868 ἢν
929 2798 1166 2851 πέπονθε
1202 2799 1340 2870 μετά
1381 2799 1449 2852 τὰ
1479 2799 1820 2870 τολμηθέντα

229 2890 293 2942 ἐν
327 2891 466 2960 αὐτῇ
490 2889 629 2943 κατά
652 2888 747 2943 τοῦ
774 2891 1026 2961 Σωτῆρος
1058 2891 1214 2960 ἡμῶν
1235 2908 1248 2921 ·
1280 2891 1360 2944 διὸ
1396 2892 1490 2945 καὶ
1522 2891 1621 2961 τῆς
1650 2893 1819 2964 ὀργῆς

227 2979 328 3033 τοῦ
355 2979 493 3034 Θεοῦ
526 2980 812 3052 ἐπειράθη.
837 2981 1085 3052 Χρηστὸς
1116 2981 1171 3034 δὲ
1202 2981 1276 3035 ῶν
1321 2983 1349 3035 ὁ
1391 2982 1547 3050 λόγος
1573 2983 1664 3036 καὶ
1699 2984 1819 3053 φιλ-

229 3072 556 3144 άνθρωπος,
624 3073 719 3125 καὶ
784 3073 860 3145 μὴ
931 3071 1251 3144 βουλόμενος
1295 3073 1388 3126 τὸν
1441 3074 1669 3128 θάνατον
1719 3076 1814 3130 τοῦ

1947 609 2195 665 cutiones
2257 622 2446 668 contra
2510 611 2814 667 Ecclesiam
2879 627 3056 668 meam
3115 615 3346 671 excitari
3395 633 3527 687 per-

1943 700 2122 755 mitto.

2014 789 2180 846 Vens.
2216 794 2308 858 Η,
2340 795 2428 851 16.
2465 813 2483 846 ι
2521 795 2676 850 δῒειιι
2707 794 2854 849 ειιίιιι
2888 797 3149 865 cogitavit
3190 799 3383 856 tollere
3434 811 3524 867 te,

1939 891 1990 935 ct
2024 885 2273 939 nuncubi
2301 897 2385 940 est
2412 886 2564 940 furor
2585 886 2899 941 tribulaotis
2919 890 3004 943 te?
3026 889 3159 944 Cum
3179 894 3327 946 enim
3346 894 3529 947 salva-

1940 973 2109 1038 bcris,
2144 991 2250 1030 non
2284 978 2491 1045 stabit,
2519 993 2695 1047 neque
2719 978 2807 1033 diu
2837 983 3174 1048 permanebit
3207 1001 3221 1036 :
3259 987 3385 1053 quia
3422 1001 3527 1054 ego

1940 1067 2082 1120 Deus
2118 1078 2261 1131 tuus,
2295 1071 2386 1138 qui
2432 1072 2700 1126 conturbo
2734 1087 2907 1138 mare,
2931 1083 2986 1126 et
3032 1089 3227 1128 sonare
3255 1074 3398 1131 facio
3423 1075 3527 1130 flu-

1936 1165 2062 1212 ctus
2085 1159 2202 1228 ejus
2235 1199 2252 1224 ,
2285 1160 2544 1217 Dominus
2596 1161 2837 1218 Sabaoth
2882 1180 3076 1219 nomen
3111 1167 3266 1222 mihi.
3318 1167 3523 1224 Ponam

1934 1253 2098 1305 verba
2132 1267 2252 1307 mea
2305 1254 2360 1307 in
2394 1269 2492 1308 ore
2521 1263 2615 1308 tuo
2637 1293 2653 1318 ,
2687 1263 2743 1310 et
2776 1256 2878 1310 sub
2908 1256 3099 1311 utnhra
3136 1273 3333 1314 manus
3385 1276 3524 1316 mea:

1932 1352 2212 1412 protegam
2252 1354 2323 1408 te,
2362 1345 2416 1399 in
2447 1361 2552 1414 qua
2585 1348 2749 1402 statui
2778 1349 2976 1403 calum
3004 1389 3020 1414 ,
3053 1361 3108 1405 et
3138 1349 3360 1405 fundavi
3414 1359 3524 1408 lcr-

1933 1448 2071 1486 ram.
2107 1452 2127 1485 ι
2168 1433 2245 1488 Ne
2277 1435 2409 1504 quid
2441 1438 2654 1492 adversi
2683 1439 2909 1509 patiaris
2937 1441 3007 1495 ab
3037 1444 3474 1512 oppugnantibus
3500 1488 3520 1515 ,

1934 1526 2043 1580 imo
2071 1536 2128 1580 ut
2158 1527 2540 1602 confidentior,
2565 1532 2930 1600 imperterrita
2959 1543 3015 1588 et
3047 1535 3372 1591 inconcussa
3398 1553 3521 1606 per-

1932 1629 2077 1683 Stes,
2115 1619 2296 1675 discas
2333 1635 2419 1676 me
2451 1637 2615 1676 manu
2653 1639 2768 1678 mea
2797 1664 2814 1690 ,
2847 1639 2953 1692 qua
3003 1625 3168 1678 statui
3210 1627 3409 1680 cmlum
3465 1639 3520 1687 et

1930 1711 2149 1767 fundavi
2185 1725 2388 1768 terram
2421 1754 2437 1780 ,
2487 1726 2542 1770 et
2572 1716 2887 1773 universum
2932 1720 3190 1772 mundum
3225 1734 3293 1774 ex
3342 1721 3516 1779 nihilo

1930 1803 1995 1856 ad
2031 1804 2406 1860 exsistentiam
2437 1809 2691 1877 produxi,
2717 1820 2770 1865 te
2799 1819 3172 1878 protecturum
3200 1826 3322 1869 esse
3357 1815 3516 1884 polli-

1929 1894 2062 1949 ceri.
2098 1895 2236 1962 Quid
2267 1911 2398 1968 ergo
2450 1899 2670 1969 angeris
2698 1940 2713 1965 ,
2750 1909 2845 1955 aut
2892 1902 3170 1957 hominum
3223 1906 3516 1968 formidine

1927 1989 2231 2057 occuparis,
2260 2005 2384 2046 cum
2427 1992 2495 2047 ad
2526 1993 2773 2047 umbram
2812 2009 2987 2050 meam
3021 1997 3319 2070 confugere
3342 2041 3357 2066 ,
3412 2018 3514 2060 nec

1929 2079 1997 2134 ab
2028 2094 2090 2134 ea
2121 2084 2376 2138 recedere
2399 2095 2671 2155 oporteat,
2690 2096 2854 2157 atque
2883 2102 3165 2146 sermones
3198 2109 3349 2150 meos
3370 2111 3512 2151 scm-

1927 2185 2026 2242 per
2057 2173 2108 2227 in
2143 2185 2239 2230 ore
2265 2175 2410 2231 ferre
2436 2191 2573 2246 opus
2599 2179 2669 2233 sit
2695 2179 2719 2232 ?

1995 2347 2161 2404 Vens.
2208 2350 2293 2405 Π,
2329 2369 2347 2403 ι
2387 2352 2451 2407 Et
2485 2354 2630 2410 dicet
2683 2356 2839 2420 Sion,
2880 2358 3116 2430 Populus
3145 2380 3298 2422 meus
3335 2383 3396 2424 es
3423 2378 3502 2428 tu.

1925 2438 2204 2507 Excitare,
2234 2445 2496 2513 excitare,
2523 2463 2778 2519 exsurge.
2813 2451 3138 2521 Jerusalem,
3166 2471 3289 2526 qua
3317 2460 3502 2518 bibisti

1923 2532 1990 2586 de
2010 2548 2176 2588 manu
2208 2534 2420 2591 Domini
2453 2540 2676 2594 calicem
2705 2541 2904 2597 furoris
2926 2545 3041 2613 ejus
3073 2569 3084 2601 :
3111 2548 3334 2604 calicem
3355 2553 3503 2607 enim

1923 2624 2094 2678 ruinae
2122 2665 2137 2688 ,
2172 2636 2227 2681 et
2271 2629 2520 2697 poculum
2568 2630 2768 2688 furoris
2802 2634 2918 2702 ejus
2946 2637 3161 2694 ebibisti
3194 2650 3250 2697 et
3274 2659 3507 2699 evacua-

1922 2716 2013 2770 8ti.
2050 2735 2069 2769 ι
2103 2716 2196 2773 llis
2217 2720 2431 2775 videtur
2460 2723 2772 2792 signiﬁcare
2793 2740 3095 2784 extremam
3125 2731 3242 2799 ejus
3264 2734 3497 2800 ruinam,

1919 2823 2082 2877 quam
2131 2820 2252 2881 post
2303 2823 2611 2882 perpetrata
2660 2815 2860 2871 ibidem
2915 2829 3110 2874 contra
3158 2822 3498 2880 Salvatorem

1922 2911 2162 2956 nostrum
2196 2903 2434 2958 facinora
2473 2920 2726 2977 perpessa
2755 2920 2840 2964 est
2869 2929 2882 2963 :
2912 2927 3084 2980 quare
3121 2913 3257 2966 iram
3293 2915 3384 2970 Dei
3404 2931 3500 2970 ex-

1919 3000 2066 3060 pcrta
2093 3003 2192 3048 est.
2217 2995 2349 3048 Cum
2366 3004 2543 3052 autem
2566 2999 2651 3053 hic
2671 3015 2849 3061 sermo
2868 3001 2979 3071 (40)
3003 3008 3413 3062 mansuetudine
3444 3019 3502 3064 et

1919 3083 2258 3140 inmanitate
2301 3086 2493 3156 plenus
2538 3089 2649 3155 sit,
2693 3105 2868 3160 neque
2913 3096 3041 3150 velit
3092 3095 3235 3152 Deus
3266 3111 3498 3157 mortem

230 3162 583 3235 ἀμαρτωλοῦ,
628 3163 824 3234 ὡςτὴν
861 3164 1149 3236 μετάνοιαν
1189 3166 1375 3232 αὐτοῦ,
1431 3171 1683 3239 παραινεί
1719 3168 1816 3220 αὐ-

1919 3177 2216 3245 peccatoris
2241 3218 2254 3238 .
2291 3179 2434 3233 sicut
2485 3182 2861 3248 pmnitentiam
2896 3184 3033 3253 ejus,
3067 3188 3318 3244 hortatur
3352 3192 3499 3261 ipsos

226 3257 345 3317 τοῖς
370 3254 618 3308 σπεύδειν
648 3257 728 3318 εἰς
766 3257 1075 3327 μετάνοιαν,
1108 3259 1440 3330 ὑπογράφων
1486 3260 1696 3328 ἀγαθὰς
1728 3261 1815 3314 ἐλ-

227 3343 391 3408 πίδας
416 3349 463 3398 εἰ
491 3347 891 3417 μετανοήσειεν.
939 3348 1148 3402 Οὐκοῦν
1198 3350 1551 3423 Ἰερουσαλήμ
1589 3355 1737 3406 ἐστιν
1776 3356 1810 3424 ἡ

228 3437 436 3490 πιοῦσα
462 3439 523 3491 τὸ
556 3440 814 3510 ποτήριον
845 3440 944 3510 τῆς
965 3441 1154 3513 ὀργῆς.
1194 3444 1304 3495 Καὶ
1339 3443 1486 3496 ἐστιν
1518 3444 1677 3514 ἑτέρα
1717 3446 1814 3497 Ἱεο

231 3527 538 3598 ρουσαλὴμ,
580 3529 708 3600 περὶ
739 3524 808 3602 ἧς
835 3527 904 3582 τὰ
938 3531 1170 3600 μάλιστα
1209 3532 1473 3597 θεσπίζει.
1526 3536 1723 3606 Διόπερ
1749 3537 1810 3589 οὐ

226 3620 338 3690 χρὴ
373 3619 708 3689 συγχεῖσθαι,
756 3621 877 3674 οὐδὲ
909 3622 1148 3692 νομίζειν
1195 3625 1322 3695 περὶ
1372 3626 1470 3695 τῆς
1517 3629 1689 3698 αὐτῆς
1727 3627 1812 3680 λέ-

227 3711 444 3779 γεσθαι,
474 3711 594 3765 οὐδὲ
619 3713 853 3766 ἐναντία.
892 3713 956 3766 Ἠ
992 3715 1091 3785 μὲν
1133 3715 1238 3792 γάρ
1283 3717 1428 3770 ἐστιν
1467 3718 1524 3770 ἐν
1569 3719 1807 3790 οὐρανῷ,

223 3799 296 3873 ἦς
326 3803 420 3856 καὶ
451 3803 756 3873 βασιλεύειν
785 3803 1001 3873 λέγεται
1028 3806 1058 3857 6
1088 3806 1240 3872 Θεὸς,
1271 3803 1338 3879 ἧς
1366 3807 1474 3860 οὔτ’
1513 3809 1650 3882 ὀργὴ
1687 3809 1809 3866 οὔτε

225 3892 404 3962 θυμὸς
450 3894 705 3947 ἅπτεται·
752 3893 963 3966 ἀπέδρα
1006 3895 1114 3967 γὰρ
1159 3895 1320 3966 ὀδύνη
1367 3897 1463 3950 καὶ
1510 3897 1674 3971 λύπη,
1713 3901 1810 3954 καλ⁸

226 3983 534 4053 στεναγμὸς
566 3983 624 4050 ἐξ
666 3985 863 4056 αὐτῆς·
895 3987 928 4056 ὴ
959 3985 1016 4038 δέ
1061 3988 1176 4038 ἐστι
1209 3985 1520 4041 συνεστῶσα
1568 3991 1661 4042 ἐπὶ
1705 3991 1810 4062 γῆς

221 4074 321 4126 τοῦ
351 4073 488 4127 Θεοῦ
513 4075 686 4139 πόλις,
719 4076 785 4128 δι’
826 4071 894 4149 ἦς
927 4077 1319 4149 ἀπεδείκνυμεν
1354 4081 1714 4150 σημαίνεσθαι
1746 4085 1808 4138 τὸ

223 4163 480 4228 θεοσεϐὲς
517 4166 574 4217 ἐν
608 4166 918 4238 ἀνθρώποις
974 4170 1305 4241 πολίτευμα’
1351 4172 1514 4242 ἑτέρα
1545 4172 1601 4225 δὲ
1655 4178 1807 4247 παρὰ

219 4255 433 4318 ταύτας
463 4257 580 4308 ἐστὶ
613 4260 645 4328 ἡ
681 4257 774 4310 τοῦ
810 4257 982 4330 θυμοῦ
1005 4261 1098 4314 τοῦ
1128 4263 1264 4317 Θεοῦ
1303 4267 1682 4340 πεπειραμένη
1717 4269 1805 4325 διὰ

219 4347 324 4418 τῆς
346 4349 456 4402 τῶν
483 4351 784 4421 οἰκητόρων
817 4354 1180 4426 παρανομίας.

299 4457 319 4490 ι
359 4440 470 4492 Καὶ
503 4443 602 4495 οὐκ
645 4437 712 4513 ἦν
751 4444 780 4495 6
814 4447 1147 4514 παρακαλῶν
1182 4467 1240 4502 σε
1281 4451 1392 4505 ἀπο
1435 4453 1652 4509 πάντων
1695 4456 1804 4510 τῶν

1919 3277 1977 3321 ιιι
2029 3271 2097 3324 ad
2169 3271 2540 3339 paenitentiam
2607 3276 2871 3345 agendam
2941 3287 3247 3346 maturent,
3299 3283 3497 3341 bonum

1919 3361 2048 3429 ipsis
2074 3377 2246 3431 spem,
2276 3364 2319 3418 si
2353 3364 2701 3433 resipiscam,
2744 3369 3051 3424 ascribens.
3102 3369 3292 3442 Itaque
3339 3371 3498 3430 Jeru-

1915 3453 2080 3508 salem
2112 3463 2215 3518 est,
2243 3470 2363 3523 qua:
2395 3457 2622 3512 calicem
2652 3459 2746 3513 irae
2773 3460 2961 3515 ebibit.
2993 3462 3198 3532 Estque
3223 3481 3359 3521 sane
3383 3468 3492 3523 alia

1913 3543 2238 3612 Jerusalem,
2268 3549 2334 3601 de
2362 3562 2466 3617 qua
2499 3548 2814 3619 frequenter
2849 3555 3199 3612 vaticinatur.
3240 3559 3493 3629 Quapro-

1912 3647 2034 3707 pter
2063 3654 2167 3692 non
2204 3649 2420 3708 Oportet
2469 3655 2564 3696 eas
2616 3644 2975 3701 commiscere
3017 3658 3071 3702 et
3122 3650 3493 3719 confundere,

1913 3744 2082 3800 neque
2110 3744 2303 3798 putare
2328 3732 2394 3786 de
2417 3733 2608 3787 eadem
2643 3737 2921 3790 contraria
2951 3739 3203 3806 proferri.
3232 3739 3366 3795 Nam
3384 3743 3491 3799 alia

1911 3821 1966 3874 in
1994 3822 2133 3877 cmlo
2166 3831 2270 3888 est,
2303 3825 2356 3876 in
2387 3839 2491 3893 qua
2525 3839 2758 3895 regnare
2801 3828 3002 3883 dicitur
3035 3830 3196 3895 Deus,
3223 3843 3277 3886 et
3299 3836 3492 3889 adver-

1911 3928 2003 3968 sus
2032 3930 2194 3982 quam
2233 3930 2331 3993 nec
2357 3917 2434 3969 ira
2470 3931 2570 3971 nec
2601 3917 2754 3972 furor
2777 3921 3128 3986 accenditur;
3159 3924 3226 3984 ab
3249 3941 3308 3976 ea
3338 3943 3489 3981 nam-

1909 4021 2014 4074 que
2037 4006 2209 4072 dolor,
2237 4023 2439 4064 mmror
2481 4024 2544 4064 ac
2586 4010 2823 4079 gemitus
2867 4011 3173 4082 abscessit;
3212 4016 3314 4070 alia
3356 4033 3487 4076 vero

1909 4098 2100 4152 civitas
2132 4100 2224 4154 Dei
2260 4101 2311 4154 in
2343 4108 2489 4155 terra
2526 4095 2833 4158 consistens
2862 4114 2979 4185 est,
3010 4119 3173 4175 quam
3203 4108 3487 4179 signillca-

1909 4204 1967 4244 re
2015 4191 2250 4247 dixtmns
2277 4193 2590 4263 religiosum
2621 4195 2762 4263 apud
2797 4196 3045 4252 homines
3088 4198 3302 4254 vivendi
3337 4202 3489 4257 insti-

1910 4292 2080 4336 tutum
2107 4301 2121 4349 ;
2159 4295 2356 4352 [ιι-πίει·
2387 4286 2550 4340 hasce
2576 4301 2703 4341 vero
2725 4287 2829 4340 alia
2859 4297 2963 4355 est,
2983 4289 3119 4344 iram
3141 4290 3232 4345 Dei
3261 4303 3484 4361 experta

1906 4375 1975 4429 ob
2003 4377 2201 4429 civium
2237 4393 2457 4432 suorum
2492 4379 2860 4448 iniquitatem.

1985 4466 2145 4522 \‘ens.
2181 4469 2269 4534 18,
2320 4469 2402 4525 19.
2445 4489 2463 4522 ‹
2509 4471 2573 4526 Et
2601 4482 2854 4532 [IOLLBJ‘al
2883 4473 2974 4546 qui
3007 4475 3381 4532 consolaretur
3431 4489 3485 4534 te

215 4530 427 4587 τέκνων
462 4550 577 4598 σου,
618 4527 694 4586 ὧν
727 4534 946 4597 ἔτεκεςο
983 4539 1076 4590 καὶ
1120 4539 1217 4592 οὐκ
1261 4536 1331 4612 ἦν
1355 4544 1382 4595 ό
1411 4543 1808 4615 ἀντιλαμϐανό-

1918 4571 1977 4612 ex
2009 4561 2261 4614 omnibus
2291 4561 2416 4616 filiis
2445 4564 2570 4628 tuis,
2606 4581 2745 4636 quos
2774 4570 3030 4638 peperisti
3067 4589 3080 4624 :
3110 4582 3161 4626 et
3214 4590 3320 4627 non
3366 4584 3484 4630 erat

219 4641 385 4696 μενος
415 4625 512 4696 τῆς
538 4626 716 4698 χειρός
735 4643 850 4690 σου,
872 4627 993 4682 οὐδὲ
1017 4630 1124 4685 ἀπὸ
1139 4633 1357 4687 πάντων
1384 4635 1491 4689 τῶν
1522 4636 1652 4690 υἱῶν
1682 4656 1798 4705 σου,

213 4711 292 4772 ὧν
324 4717 567 4789 ὕψωσας.
608 4719 700 4772 Διὸ
731 4719 902 4774 ταῦτα
953 4723 1303 4794 ἀντικείμενά
1343 4744 1457 4780 σοι’
1493 4729 1577 4792 τίς
1610 4730 1802 4783 συλλυ-

217 4809 528 4881 πηθήσεταί
580 4829 696 4877 σοι;
747 4813 956 4884 Πτῶμα
991 4817 1085 4870 καὶ
1129 4817 1461 4891 σύντριμμα,
1506 4821 1663 4892 λιμὸς
1705 4824 1799 4877 καὶ

217 4903 498 4975 μάχαιρα·
533 4904 617 4968 τίς
645 4907 1013 4978 παρακαλέσει
1042 4927 1101 4962 σε
1126 4927 1142 4976 ;
1180 4930 1198 4962 ι
1235 4912 1386 4966 Πίνει
1413 4915 1472 4968 δέ
1501 4933 1585 4979 τις
1606 4916 1668 4968 τὸ
1700 4935 1798 4970 πο-

211 4996 405 5067 τήριον
437 4995 610 5066 θυμοῦ
637 5000 730 5050 καὶ
758 4999 1037 5064 πτώσεως,
1063 5003 1156 5055 καὶ
1199 5004 1366 5057 πίνων
1390 5006 1796 5076 ἐκστραγγίζει,

212 5087 304 5142 ὅτε
332 5088 513 5152 πάσας
543 5089 835 5159 ὑφίσταται
865 5093 965 5158 τὰς
999 5095 1266 5165 τιμωρίας
1302 5097 1517 5160 καὶτὰς
1549 5098 1797 5163 κολάσεις

211 5180 314 5244 τὰς
337 5182 684 5253 ἐπαγομένας
724 5184 861 5256 ὑπὲρ
895 5179 969 5240 ὧν
1005 5187 1239 5259 ἔπραξεν
1275 5190 1660 5260 ἀτοπημάτων.
1709 5191 1794 5254 Ὡς

210 5272 269 5325 δὲ
298 5274 497 5345 ἰατρῶν
526 5276 715 5339 παῖδες
741 5279 853 5339 τοῖς
880 5279 1205 5348 καχεκτοῦσι
1257 5280 1457 5351 πικρὰς
1489 5281 1796 5352 προσάγου-

211 5380 301 5419 σιν
322 5367 640 5432 ἀντιδόσεις,
663 5369 804 5440 ὑπὲρ
827 5369 920 5423 τοῦ
939 5369 1174 5442 καθᾶραι
1212 5371 1310 5443 τὴν
1358 5373 1416 5426 ἐν
1457 5372 1533 5441 τῷ
1582 5371 1793 5442 σώματι

211 5460 582 5532 προκειμένην
614 5462 885 5515 κάκωσιν·
923 5460 1063 5515 οὕτω
1104 5465 1198 5517 καὶ
1238 5467 1368 5538 περὶ
1406 5467 1498 5520 τοῦ
1525 5466 1658 5520 Θεοῦ
1704 5467 1790 5521 λέ-

209 5549 420 5614 λεκται,
449 5568 468 5601 ι
495 5553 756 5625 Ποτὴριον
785 5555 843 5609 ἐν
877 5556 1021 5627 χειρὶ
1049 5558 1274 5629 Κυρίου,
1307 5560 1450 5613 οἴνου
1476 5561 1734 5631 ἀκράτου,
1761 5583 1778 5614 ι

289 5647 336 5678 ’⁸
372 5644 517 5701 ΡεειΙ.
557 5663 736 5712 ιιιιιν,
767 5650 821 5705 9.

1908 4651 1999 4719 qui
2053 4654 2483 4720 apprehenderet
2517 4672 2735 4712 manum
2784 4668 2929 4713 tuam
2956 4699 2972 4726 ,
3011 4677 3078 4717 ne
3109 4679 3175 4718 ex
3229 4667 3483 4724 omnibus

1907 4742 2123 4810 quidem
2161 4744 2285 4799 filiis
2309 4747 2415 4800 tuis
2439 4785 2454 4809 ,
2487 4763 2622 4817 quos
2651 4751 2926 4806 exaltasti.
2969 4753 3150 4819 Quare
3180 4758 3296 4813 haec
3341 4777 3476 4816 con-

1908 4834 2072 4888 traria
2107 4836 2202 4890 tibi
2251 4851 2266 4890 :
2312 4838 2434 4907 quis
2464 4849 2639 4894 tecum
2677 4843 3145 4901 contristabitur?
3201 4849 3375 4906 Ruina
3425 4865 3480 4910 et

1906 4927 2182 4994 contritio,
2217 4927 2388 4984 fames
2413 4938 2468 4985 et
2500 4933 2743 5001 gladius;
2780 4938 2901 5006 quis
2930 4940 3298 4996 consolabitur
3329 4947 3423 5001 te?
3451 4967 3471 5000 ι

1906 5017 2039 5073 Tum
2065 5021 2187 5090 quis
2214 5021 2441 5078 calicem
2498 5025 2592 5080 ira:
2619 5037 2675 5081 et
2710 5029 2879 5084 ruinae
2917 5031 3118 5101 ebibit,
3167 5049 3232 5089 ac
3286 5037 3480 5096 bibens

1903 5114 2156 5181 guttatim
2198 5113 2405 5180 haurit,
2435 5131 2557 5172 cum
2598 5121 2775 5174 omnia
2809 5123 3069 5192 supplicia
3097 5164 3112 5189 ,
3139 5140 3329 5182 omnes
3363 5131 3479 5185 illa-

1904 5211 1985 5259 to‘s
1998 5206 2273 5260 cruciatus
2302 5210 2532 5264 sustinet
2560 5226 2658 5280 pro
2677 5214 2971 5269 sceleribus
2991 5217 3260 5274 admissis.
3279 5218 3481 5285 Quem-

1899 5296 2186 5351 admodum
2218 5314 2346 5356 vero
2375 5304 2570 5359 medici
2623 5306 2766 5360 male
2797 5307 3124 5364 habentibus
3165 5314 3358 5368 acerba
3391 5331 3479 5367 rt-

1901 5388 2074 5441 media
2118 5387 2394 5457 oﬂerunt,
2442 5403 2500 5448 ut
2545 5395 2932 5465 malignitatem
2965 5401 3273 5471 incorpore
3325 5407 3475 5459 exsi-

1895 5487 2129 5534 stentem
2158 5497 2478 5554 expurgem,
2508 5487 2578 5541 ita
2602 5498 2658 5542 et
2689 5489 2755 5544 de
2789 5490 2896 5545 Deo
2916 5493 3135 5557 dicitur,
3183 5514 3201 5546 ι
3225 5495 3374 5550 Calix
3414 5498 3468 5551 in

1895 5588 2054 5630 manu
2087 5576 2320 5648 Domini,
2347 5581 2454 5637 viui
2479 5585 2612 5638 meri
2632 5584 2699 5652 ”,
2736 5602 2756 5637 ι
2781 5595 3065 5670 ett-aetera.
3098 5588 3313 5645 Atcnim
3350 5593 3473 5646 ani-

281 5740 392 5808 (ιο)
410 5740 692 5846 Ροτξεινοκ
713 5744 922 5830 Graeca,
946 5749 1234 5846 1672;,prlo
1251 5751 1387 5808 Filio
1411 5754 1502 5846 Dei
1535 5760 1713 5846 aptius
1742 5776 1817 5814 Slll

1918 5774 2076 5846 'etnr,
2110 5767 2376 5846 siquidem
2403 5767 2490 5825 ille
2528 5769 2684 5840 λόγος
2707 5772 2906 5830 dicitur
2931 5774 3008 5845 μὴ
3030 5773 3350 5846 βουλόμενος
3376 5773 3469 5829 τὸν

209 5809 438 5866 θάνατον
451 5811 544 5866 τοῦ
566 5814 911 5886 ἀμαρτωλοῦ,
935 5809 1161 5889 quotidi:
1190 5821 1316 5888 Deo,
1341 5841 1442 5879 non
1469 5809 1532 5883 de

1926 5837 1971 5890 ei
2000 5809 2156 5894 sciet.
2176 5809 2344 5894 Ἐοιτ.
