4058 6456
204 398 309 457 653

1169 389 1670 450 COIHENTARIA
1707 388 1784 447 IN
1818 388 2080 449 ιεωιί.
2116 422 2186 436 --
2221 389 2377 450 CAP.
2415 391 2526 448 LII.

3356 352 3469 454 ut.

201 507 526 582 λυτροῦσθαι
557 507 809 581 ιμελλον,
843 503 980 560 ἀλλά
1018 502 1262 574 δηλονότι
1299 502 1396 558 τοῦ
1435 503 1675 576 Χριστοῦ
1705 501 1777 574 τῷ

1885 517 1992 558 non
2029 509 2257 574 argento
2285 500 2586 559 redimendi
2617 507 2814 567 erant,
2859 497 2961 557 set‘.
2996 497 3197 556 Christi
3226 502 3468 572 pretioso

200 602 367 672 τιμίῳ
398 601 612 672 αἶματι.

274 709 295 743 ι
317 692 432 746 Καὶ
455 689 626 745 νῦντί
655 690 777 743 ἐστε
813 680 946 754 ῶδες
991 689 1131 743 Τάδε
1170 686 1321 756 λέγει
1378 686 1615 758 Κύριοςο
1661 687 1783 742 Ὅτι

200 779 411 853 ἐλήφθη
436 783 468 835 6
489 779 616 843 λαός
643 795 746 850 μου
772 778 1002 851 δωρεὰν,
1025 778 1332 850 θαυμάζετε
1355 777 1453 830 καὶ
1477 775 1778 841 ὀλολύζετε.

201 871 339 926 Τάδε
373 870 526 941 λέγει
571 869 811 941 Κύριοςο
852 873 932 924 Δι’
963 871 1111 942 ὑμᾶς
1146 870 1236 924 διὰ
1274 869 1476 933 παντὸς
1510 869 1573 922 τὸ
1612 867 1783 940 ὄνομα

205 979 304 1034 μου
335 963 740 1035 βλασφημεῖται
764 963 824 1016 ἐν
857 963 971 1026 τοῖς
1009 962 1207 1019 ιθνεσι.
1245 979 1263 1013 ι
1297 961 1559 1032 Σημαίνει
1598 959 1657 1013 δὲ
1693 959 1782 1014 διά

200 1054 406 1110 τούτων
427 1057 464 1125 ή
491 1054 797 1126 προφητεία
833 1053 934 1120 τὰς
961 1054 1102 1108 κατά
1135 1052 1374 1125 Χριστοῦ
1408 1051 1779 1123 βλασφημίας,

199 1147 266 1212 ἃς
299 1147 370 1202 δι’
415 1148 628 1220 ἡμέρας
681 1146 898 1212 ἁπάσας
941 1129 1036 1200 καὶ
1069 1146 1161 1200 διὰ
1189 1145 1391 1210 παντὸς
1421 1143 1703 1199 ποιοῦνται
1730 1145 1782 1198 οί

198 1235 462 1310 ἄρχοντες
487 1237 582 1292 τοῦ
627 1236 892 1292 Ἰουδαίων
919 1236 1127 1300 ἔθνους.
1191 1288 1196 1292 ,

275 1349 296 1383 ι
341 1330 444 1384 Διά
473 1328 631 1383 τοῦτο
660 1327 931 1397 γνώσεται
960 1330 989 1381 6
1012 1327 1137 1391 λαός
1166 1343 1271 1397 μου
1295 1323 1364 1378 τδ
1387 1324 1560 1396 δνομά
1587 1340 1692 1396 μου
1721 1324 1781 1378 ἐν

196 1423 264 1495 τῇ
296 1423 484 1494 ἡμέρα
510 1421 712 1491 ἐκείνῃ,
745 1421 828 1473 ὅτι
860 1417 969 1488 ἐγώ
1000 1421 1145 1488 εἰμι·
1180 1419 1342 1482 αὐτὸς
1369 1419 1398 1472 6
1419 1415 1595 1470 λαλῶν
1633 1415 1778 1488 πάρ-

196 1529 336 1584 ιιμι.
387 1531 407 1564 ι
460 1510 598 1582 Ποία
642 1511 700 1564 δέ
731 1509 923 1584 ταύτῃ,
957 1507 1073 1564 ἀλλ’
1111 1510 1237 1564 ὅταν
1274 1507 1405 1578 ἐγὼ,
1456 1508 1643 1578 φησὶν,
1681 1507 1782 1560 αὐ-

194 1605 320 1670 τὸς,
364 1608 395 1661 6
445 1605 540 1660 νῦν
584 1602 676 1658 διὰ
725 1603 838 1657 τῶν
901 1602 1195 1675 προφητῶν
1245 1602 1419 1656 ταῦτα
1473 1600 1779 1671 φθεγγόμε-

195 1712 310 1761 νος,
347 1695 449 1768 τὴν
491 1693 730 1766 ἐμαυτοῦ
764 1694 1060 1765 ποιήσομαι
1096 1691 1397 1764 παρουσίαν
1441 1690 1522 1753 εις
1567 1687 1780 1760 ἀνθρὼ-

187 1799 373 1851 ’πουςῖ

1885 595 2170 666 sanguine.

1956 686 2122 743 Vens.
2157 687 2210 743 5.
2255 704 2276 740 ι
2329 686 2399 741 Et
2445 701 2591 768 naue
2621 685 2750 755 quid
2800 685 2932 741 estis
2969 683 3108 742 hic?
3162 683 3288 742 Hec
3333 685 3468 743 dicit

1884 781 2185 837 Dominus:
2222 779 2358 846 Quia
2401 779 2616 834 ablatus
2652 785 2738 834 est
2788 776 3022 848 populus
3073 791 3229 834 meus
3249 778 3424 844 gratis
3447 815 3467 844 ,
3503 786 3507 789 '

1882 873 2224 928 admiramiui
2249 879 2306 927 et
2332 870 2557 925 ululate.
2590 869 2716 925 llaec
2737 869 2872 924 dicit
2899 867 3166 924 Dominus
3189 888 3205 925 :
3233 867 3468 938 Propter

1882 979 1978 1018 vos
2011 978 2226 1034 semper
2283 976 2481 1017 nomen
2534 976 2712 1015 meum
2763 959 3177 1032 blasphematur
3225 959 3279 1014 in
3328 974 3466 1030 geu-

1884 1055 2049 1111 tibus.
2106 1073 2126 1108 ι
2181 1054 2276 1109 His
2313 1053 2595 1124 prophetia
2647 1051 2854 1106 indicat
2900 1051 3217 1120 blaspliema
3271 1060 3467 1108 contra

1879 1148 2156 1204 Christum
2187 1146 2354 1214 dicta,
2375 1161 2498 1217 quae
2524 1143 2801 1215 principes
2841 1141 3082 1198 Judaica:
3110 1144 3292 1214 gentis
3318 1158 3466 1213 quo-

1884 1240 2014 1294 tidie
2041 1247 2321 1293 evomunt.

1951 1331 2118 1386 Vens.
2166 1328 2219 1384 6.
2280 1347 2300 1382 ι
2359 1327 2650 1398 Propterea
2703 1327 2838 1382 sciet
2883 1325 3113 1397 populus
3158 1340 3313 1381 meus
3361 1340 3471 1382 uo—

1881 1437 2004 1476 men
2033 1436 2210 1476 meum
2239 1421 2290 1474 in
2323 1421 2411 1475 die
2449 1420 2540 1474 illa
2564 1461 2579 1483 ,
2614 1420 2738 1488 quia
2766 1435 2869 1490 ego
2891 1436 3008 1474 sum
3039 1438 3053 1474 :
3086 1419 3201 1487 ipse
3239 1419 3467 1489 loquens

1882 1513 2096 1568 adsum.
2137 1530 2158 1564 ι
2198 1511 2314 1578 Qua
2341 1513 2450 1576 die.
2484 1511 2586 1565 nisi
2623 1513 2746 1565 cum
2781 1527 2884 1580 ego
2919 1513 3053 1582 ipse.
3080 1513 3174 1573 ait.
3203 1513 3293 1582 qui
3319 1527 3466 1576 nunc

1881 1617 1978 1674 per
2010 1603 2303 1674 prophetas
2331 1617 2481 1659 meos
2519 1603 2638 1658 haec
2677 1603 2894 1673 loquor,
2925 1604 2993 1659 ad
3021 1603 3278 1662 homines
3301 1605 3468 1661 adve-

1882 1693 2029 1748 niam
2063 1693 2088 1748 τ

273 1895 294 1928 ι
321 1848 424 1939 ῨὌς
448 1874 566 1948 ῶρα
603 1874 696 1930 ἐπὶ
750 1872 859 1928 τῶν
898 1872 1089 1944 ὁρίων,
1125 1870 1202 1936 ὡς
1240 1871 1398 1937 πόδες
1438 1867 1777 1940 εὐαγγελιζο-

1951 1848 2119 1908 Vens.
2156 1852 2210 1908 7.
2244 1869 2264 1905 ι
2306 1849 2462 1908 Sicut
2491 1851 2621 1908 hora
2657 1867 2819 1921 super
2848 1862 3084 1921 montes,
3115 1853 3257 1910 sicut
3293 1854 3461 1925 pedes

199 1965 363 2037 μένου
389 1965 557 2036 ἀκοὴν
590 1965 834 2036 εἰρήνης,
855 1961 931 2027 ῶς
963 1960 1446 2032 εὐαγγελιζόμενος
1468 1959 1669 2028 ἀγαθὰ,
1696 1956 1779 2012 ὅτι

196 2056 471 2127 ἀκουστὴν
500 2057 711 2128 ποιήσω
749 2054 848 2124 τὴν
879 2052 1152 2124 σωτηρίαν
1202 2068 1317 2116 σου,
1358 2049 1561 2118 λέγων·
1614 2048 1777 2115 Σιὼν,

199 2147 508 2219 βασιλεύσει
540 2164 634 2201 σου
670 2149 700 2201 6
729 2145 894 2210 Θεός·
932 2164 950 2197 t
985 2144 1113 2208 τοὺς
1161 2141 1546 2213 μακαρισμοδς
1576 2157 1781 2209 καταγ-

191 2239 498 2309 γέλλοντες,
531 2239 623 2302 οὓς
647 2240 676 2292 6
703 2237 894 2310 Σωτὴρ
922 2235 1090 2289 ἐδίδου
1120 2232 1208 2288 διὰ
1258 2233 1356 2304 τῆς
1420 2230 1781 2302 εὐαηελικῆς

195 2329 566 2394 διδασκαλίας.
609 2327 858 2395 Ἐλέγετο
886 2325 944 2379 δέ
985 2325 1046 2379 τὸ
1089 2327 1352 2398 κήρυγμα
1390 2321 1456 2394 τῇ
1496 2321 1658 2385 Σιὼν,
1689 2323 1782 2394 δη-

194 2419 329 2492 λαδὴ
462 2418 698 2472 θεοσεϐεῖ
728 2418 1104 2488 πολιτεύματι,
1131 2415 1228 2470 καὶ
1258 2415 1336 2487 τῷ
1359 2415 1506 2487 χορῷ
1539 2414 1618 2485 τῷ
1646 2415 1782 2469 ἀπο-

197 2511 451 2582 στολικῷ.
484 2511 576 2564 Διὸ
606 2511 703 2585 τὴν
729 2509 1002 2580 βασιλείαν
1029 2509 1134 2563 τῶν
1167 2508 1409 2581 οὐρανῶν
1442 2507 1612 2562 ἅπασι
1645 2523 1782 2562 κατ-

197 2602 466 2675 ήγγελλον
489 2601 819 2674 ἀνθρώποις.

269 2713 294 2746 ι
329 2695 454 2747 Ὀτι
481 2693 632 2765 φωνὴ
655 2692 762 2746 τῶν
801 2690 1181 2761 φυλασσόντων
1225 2707 1284 2745 σε
1319 2689 1528 2763 ὑψώθη,
1578 2690 1673 2744 καὶ
1713 2693 1777 2763 τῇ

197 2788 353 2856 φωνῇ
417 2784 534 2855 ἃμα
591 2783 1092 2855 εὐφρανθήσονται·
1160 2782 1242 2836 ὅτι
1312 2781 1582 2852 ὀφθαλμοὶ
1643 2782 1779 2854 πρὸς

194 2875 513 2945 ὀφθαλμοὺς
531 2875 773 2946 δψονται,
787 2874 950 2946 ήνίκα
972 2875 1038 2928 ἂν
1055 2873 1241 2945 ἐλέησε
1260 2873 1462 2946 Κύριος
1473 2873 1570 2945 τὴν
1585 2874 1738 2927 Σιών.
1755 2893 1773 2927 ι

193 2965 355 3018 Κατά
365 2964 422 3017 δὲ
435 2963 524 3017 τδν
539 2963 887 3028 Θεοδοτίωνα,
914 2983 932 3014 ι
953 2962 1108 3034 Φωνὴ
1125 2963 1232 3016 τῶν
1269 2963 1484 3016 σκοπῶν
1501 2980 1594 3016 σου
1610 2965 1780 3036 ἐπῆρε

194 3056 381 3124 φωνήν
417 3071 432 3084 ·
478 3055 570 3107 ἐπὶ
603 3053 665 3107 τὸ
710 3053 854 3108 αὐτὰ
878 3052 1318 3123 ἀγαλλιάσονται.
1375 3055 1457 3108 ὅτι
1503 3056 1780 3127 ὀφθαλμλν

195 3145 256 3197 ἐν
295 3143 594 3213 ὀφθαλμοῖς
643 3142 893 3212 ὄψονταιο
931 3163 950 3194 ι
991 3143 1228 3206 σκοποὺς
1253 3143 1486 3198 ἐνταῦθα
1512 3146 1639 3208 τοὺς
1675 3165 1779 3217 μα-
1805 3179 1846 3235 C

194 3233 366 3302 θητάς
386 3234 478 3286 καὶ
498 3233 827 3298 ἀποστόλους
856 3234 947 3287 τοῦ
969 3235 1220 3307 Σωτῆρος
1242 3238 1275 3307 ἡ
1283 3236 1397 3305 μῶν
1421 3236 1775 3307 ὀνομάζοντος

191 3323 291 3378 τοῦ
315 3324 496 3392 λόγου.
530 3323 738 3392 Ὠσπερ
767 3324 878 3396 γάρ
920 3325 1211 3379 ἐκαλοῦντο
1248 3327 1440 3379 σκοποὶ
1466 3326 1561 3379 τοῦ
1592 3328 1655 3381 ἐκ
1681 3345 1777 3380 πε-

193 3413 428 3486 ριτομῆς
485 3413 616 3467 λαοῦ
666 3416 714 3467 οἱ
758 3416 890 3486 παρ’
925 3415 1109 3479 αὐτοῖς
1154 3416 1435 3487 γενόμενοι
1475 3417 1774 3487 προφῆται,

190 3503 338 3558 οὕτω
361 3505 456 3558 καὶ
476 3503 571 3558 νῦν
594 3505 694 3576 τῆς
722 3504 848 3568 νέας
875 3505 968 3558 καὶ
996 3505 1190 3576 καινῆς
1229 3506 1390 3571 Σιὼν,
1433 3507 1633 3578 δηλαδὴ
1679 3509 1776 3578 τῆς

205 3596 533 3666 Ἐκκλησίας
565 3595 726 3659 αὐτοῦ
757 3595 856 3649 τοῦ
891 3595 1047 3662 Θεοῦ,
1077 3597 1173 3650 καὶ
1197 3597 1292 3651 τοῦ
1317 3596 1598 3661 θεοσεϐοῦς
1628 3599 1779 3652 πολι-

192 3685 471 3756 τεύματος
507 3700 558 3739 οι
585 3685 678 3739 τοῦ
713 3687 962 3758 Σωτῆρος
1002 3687 1160 3757 ἡμῶν
1205 3687 1492 3741 ἀπόστολοι
1524 3689 1777 3758 γεγόνασι

192 3777 390 3828 σκοποὶ
441 3775 534 3827 καὶ
582 3775 847 3842 φύλακεςο
885 3777 955 3839 οἳ,
997 3778 1090 3830 καὶ
1158 3777 1590 3848 ὸφθαλμοφανῶς
1642 3781 1776 3832 αὐτ-

189 3864 355 3917 όπται
387 3864 483 3916 καὶ
512 3863 770 3935 αὐτήκοοι
823 3864 917 3917 τοῦ
952 3865 1200 3937 Σωτῆρος
1219 3869 1519 3937 γενόμενοι,
1552 3867 1774 3936 ὕψωσαν

191 3957 297 4027 τὴν
323 3955 532 4008 ἑαυτῶν
561 3957 766 4027 φωνὴν,
807 3956 884 4019 ῶς
926 3957 1251 4023 ἐξάκουστον
1302 3958 1471 4027 αὐτὴν
1525 3960 1778 4027 γενέσθαι

192 4049 330 4101 πᾶσι
370 4049 485 4110 τοῖς
515 4046 742 4102 ἔθνεσιν.
785 4049 847 4101 Oi
894 4049 938 4102 δ’
973 4049 1127 4102 αὐτοὶ
1178 4050 1358 4120 πάσης
1404 4053 1779 4122 πνευματικῆς

189 4138 533 4210 εὐφροσύνης
563 4139 916 4211 ἐπληροῦντο,
949 4139 1256 4211 ἠλεημένης
1283 4141 1386 4193 ὑπὸ
1402 4141 1495 4194 τοῦ
1519 4142 1652 4195 Θεοῦ
1680 4144 1779 4214 τῆς

190 4231 548 4302 ἀποδοθείσης
580 4230 712 4303 ἡμῖν
745 4231 903 4298 Σιὼν,
939 4233 1032 4286 καὶ
1081 4229 1188 4286 τῶν
1221 4233 1388 4287 πάλαι
1421 4237 1643 4306 ἐρήμων
1685 4237 1780 4289 αὐ-

189 4325 296 4395 τῆς
333 4325 651 4396 σωζομένων
671 4325 759 4400 διά
785 4326 886 4396 τῆς
919 4325 1186 4396 σωτηρίου
1217 4325 1674 4396 ἀπολυτρώσεως·
1700 4327 1780 4379 διό

194 4431 359 4488 φησιο
992 4457 1010 4467 -

1881 1942 2311 2014 evangelizantis
2362 1942 2605 1998 auditum
2661 1945 2852 2014 pacis,
2900 1945 3041 2000 sicut
3078 1947 3465 2015 evangeliaaus

1883 2035 2020 2088 bona
2046 2074 2063 2100 ,
2091 2035 2217 2104 quia
2255 2035 2493 2088 auditam
2520 2033 2714 2090 faciam
2743 2035 2975 2090 salutem
3011 2045 3159 2091 tuam
3183 2077 3201 2102 ,
3230 2036 3461 2095 dicens:

1885 2127 2014 2182 Sion
2041 2166 2056 2192 ,
2095 2112 2343 2198 regnabit
2389 2126 2529 2181 Deus
2576 2138 2740 2182 tuus:
2773 2146 2792 2180 ›
2834 2127 3197 2184 beatitudines
3247 2143 3452 2183 annuu-

1884 2219 2077 2276 tiantes
2100 2258 2116 2284 ,
2147 2235 2284 2287 quas
2332 2219 2594 2273 Servator
2623 2233 2720 2288 per
2748 2218 3112 2289 evangelicam
3157 2220 3462 2277 doctrinam

1882 2313 2046 2368 dedit.
2095 2310 2418 2366 Praedicatio
2474 2320 2656 2365 autem
2712 2307 2840 2365 Sion
2893 2311 3343 2376 auuuntiabatur,
3377 2311 3466 2366 νε.

1882 2404 2078 2461 delicet
2115 2404 2378 2474 religiosa:
2430 2402 2556 2457 vita:
2602 2403 2763 2458 εωιοί
2812 2411 2867 2457 et
2917 2402 3214 2471 apostolico
3242 2402 3459 2459 choro:

1881 2505 2210 2567 quapropter
2256 2509 2482 2566 regnum
2532 2493 2798 2550 cmlcrum
2842 2495 3097 2549 omnibus
3147 2494 3464 2552 hominibus

1882 2587 2270 2658 praedicabant.

1952 2676 2120 2733 Vens.
2154 2679 2210 2734 8.
2255 2697 2274 2730 ι
2328 2677 2464 2746 Quia
2491 2693 2592 2734 vox
2633 2680 3053 2734 custodientium
3109 2689 3163 2734 te
3220 2681 3460 2737 exaltata

1881 2782 1960 2828 esi
1989 2810 2005 2836 ,
2035 2782 2090 2826 et
2130 2783 2258 2826 voce
2287 2771 2448 2826 simul
2492 2770 2820 2826 laetabuntur
2854 2790 2866 2822 :
2893 2773 3019 2843 quia
3055 2773 3198 2827 oculi
3229 2774 3295 2827 ad
3327 2789 3464 2830 ocu-

1882 2865 1964 2920 los
2024 2865 2326 2929 videbunt,
2381 2866 2602 2935 quando
2670 2867 2928 2922 misertus
2987 2867 3153 2922 fuerit
3202 2868 3466 2926 Dominus

1883 2956 2036 3010 Sion.
2077 2975 2096 3008 ι
2133 2956 2440 3011 Secundum
2474 2957 2900 3013 Theodotiunem
2929 2973 3059 3012 vero
3086 2998 3100 3020 ,
3134 2978 3153 3011 ι
3189 2961 3306 3014 Vox
3335 2977 3465 3032 spe-

1881 3049 2183 3103 culatorum
2243 3058 2456 3102 tuorum
2511 3049 2682 3102 edidit
2722 3065 2906 3104 vocem
2943 3067 2956 3103 :
2992 3051 3043 3103 in
3097 3050 3330 3119 idipsum
3364 3067 3463 3107 ex-

1883 3139 2185 3205 sultabunt,
2218 3139 2344 3206 quia
2377 3124 2591 3193 oculum
2621 3141 2673 3192 in
2701 3141 2876 3196 oculis
2901 3141 3184 3196 videbunt.
3242 3161 3260 3194 ι
3323 3145 3462 3214 Spe-

1879 3229 2150 3285 culatores
2177 3231 2263 3285 bic
2289 3240 2449 3284 vocat
2485 3231 2780 3301 discipulos
2805 3243 2858 3286 et
2889 3235 3164 3302 apostolos
3213 3235 3464 3292 Salvato-

1880 3322 1956 3376 ris
1984 3322 2176 3375 nostri.
2211 3323 2676 3389 Quemadmodum
2704 3325 2847 3380 enim
2875 3327 3248 3396 speculatores
3277 3331 3461 3401 populi

1879 3432 1945 3470 ex
1976 3417 2388 3473 circumcisione
2414 3420 2747 3474 vocabantur
2797 3423 3077 3490 prophetae
3103 3463 3118 3487 ,
3149 3426 3239 3493 qui
3291 3441 3463 3495 penes

1879 3507 1997 3563 illos
2033 3519 2228 3576 erant;
2261 3509 2334 3564 ita
2365 3519 2419 3565 et
2453 3526 2598 3566 nunc
2629 3527 2780 3568 novae
2818 3514 2962 3568 illius
3016 3513 3220 3582 Sionis,
3251 3519 3466 3582 videli-

1879 3610 1965 3655 cet
1987 3599 2244 3656 Ecclesiae
2273 3602 2365 3656 Dei
2405 3602 2752 3674 religiosique
2789 3615 2998 3673 cintus,
3033 3602 3338 3667 Salvatoris
3363 3626 3464 3670 no-

1878 3693 1978 3748 stri
2018 3694 2245 3763 apostoli
2281 3695 2650 3763 speculatores
2679 3695 2854 3752 eﬂ‘ecti
2883 3707 3048 3766 sunt,
3080 3711 3244 3769 atque
3279 3713 3463 3758 custo-

1881 3784 1975 3840 des
2008 3803 2023 3840 :
2058 3787 2150 3855 qui
2182 3787 2425 3855 ejusdem
2455 3787 2760 3843 Salvatoris
2792 3790 2992 3844 oculati
3031 3801 3200 3847 tes£es
3228 3830 3246 3858 ,
3288 3805 3343 3848 et
3368 3811 3463 3851 au-

1881 3875 2104 3944 ditores,
2133 3879 2237 3931 alta
2271 3893 2404 3932 voce
2437 3879 2602 3933 locuti
2631 3891 2796 3947 sunt;
2845 3883 2914 3935 ita
2962 3894 3020 3935 ut
3044 3885 3206 3937 etiam
3238 3887 3307 3941 ab
3335 3903 3455 3942 om-

1812 4022 1816 4028 ,
1881 3969 2039 4022 nibus
2092 3967 2342 4038 gentibus
2379 3971 2712 4024 audirentur.
2764 3973 2930 4027 [idem
2965 3989 3094 4028 vero
3147 3976 3247 4046 ipsi
3301 3980 3456 4036 omni

1881 4059 2145 4130 spirituali
2183 4060 2367 4115 lictitia
2415 4061 2786 4131 replebantur,
2830 4067 2954 4135 quia
2993 4066 3212 4123 Sionem
3249 4070 3399 4126 illam
3431 4111 3450 4140 ,

1880 4150 1947 4206 de
1978 4167 2084 4221 qua
2113 4148 2363 4221 superius
2392 4193 2407 4218 ,
2457 4154 2751 4215 miseratus
2779 4159 3035 4214 est‘Deus
3061 4201 3075 4224 .
3107 4172 3160 4216 et
3186 4164 3309 4230 quia
3363 4165 3454 4224 illa

1879 4240 2008 4294 olim
2055 4243 2267 4297 deserta
2301 4243 2441 4311 ejus,
2493 4261 2590 4314 per
2637 4248 2934 4304 salutarem
2981 4254 3408 4325 redemptionem
3436 4295 3456 4325 ,

1880 4332 2116 4388 salutare
2143 4344 2300 4390 nacta
2333 4344 2460 4390 sunt
2493 4354 2506 4389 :
2539 4353 2706 4406 quare
2735 4341 2842 4395 ait:

269 4526 288 4558 ι
336 4505 576 4576 Ῥηξάτω
611 4509 950 4582 εὐφροσυνην
979 4511 1114 4581 ἅμα,
1150 4511 1219 4565 τὰ
1267 4511 1452 4582 ἐρημα
1498 4513 1772 4584 Ἰερουσα-

1956 4509 2110 4565 Vens.
2141 4512 2194 4577 9,
2226 4513 2308 4568 lO.
2357 4514 2699 4587 «Erumpant
2749 4520 2800 4573 iu
2859 4520 3098 4576 b'ctitiam
3148 4525 3308 4580 simul
3357 4528 3456 4582 de-

189 4594 309 4666 λήμ
327 4611 341 4625 ⁸
379 4595 460 4647 ὅτι
483 4595 680 4666 ἠλέησε
706 4597 910 4668 Κύριος
943 4600 1132 4670 αὐτὴν,
1163 4601 1258 4654 καὶ
1282 4601 1552 4670 ἐρρύσατο
1577 4601 1772 4672 Ἰερου-

192 4685 402 4755 σαλήμ.
453 4687 560 4739 Καὶ
603 4687 946 4756 ἀποκαλύψει
994 4690 1199 4761 Κύριος
1249 4691 1339 4744 τὸν
1387 4691 1649 4762 βραχίονα
1680 4691 1772 4746 τὸν

191 4777 348 4842 ἅγιον
379 4775 542 4828 αὐτοῦ
565 4777 793 4830 ἐνώπιον
828 4780 1042 4833 πάντων
1074 4780 1180 4832 τῶν
1216 4780 1404 4845 ἐθνῶν,
1439 4783 1531 4834 καὶ
1553 4781 1771 4850 ὄψονται

191 4867 373 4918 πάντα
409 4865 478 4918 τὰ
509 4865 653 4938 ἄκρα
681 4868 781 4936 τῆς
803 4869 906 4939 γῆς
928 4869 1023 4941 τὴν
1057 4872 1330 4942 σωτηρίαν
1361 4873 1461 4941 τὴν
1490 4873 1640 4944 παρά
1675 4873 1770 4926 τοῦ

190 4954 329 5008 Θεοῦ
371 4953 537 5024 ήμῶν.
573 4973 592 5005 ι
631 4955 792 5026 Ὁρᾷς
820 4958 967 5020 ὅπως
986 4959 1077 5010 καὶ
1115 4959 1202 5010 διά
1229 4959 1430 5012 τούτων
1459 4964 1568 5024 τοῖς
1592 4963 1769 5016 ἐθνεσι

190 5045 265 5098 τά
287 5043 614 5112 εὐαγγελικά
645 5045 974 5117 κηρύγματα
995 5050 1462 5120 ἐπαγγελλόμενος
1494 5053 1771 5122 ὑπισχνεῖ-

191 5150 318 5198 ταις
350 5133 451 5186 Τὸν
479 5133 587 5204 γὰρ
612 5134 871 5204 βραχίονα
913 5137 1000 5190 τὸν
1033 5139 1185 5208 ἅγιον
1219 5139 1404 5204 αὐτοῦ,
1435 5135 1588 5206 οὗτος
1620 5143 1677 5195 δὲ
1701 5140 1766 5214 ἦν

194 5227 225 5278 ό
258 5224 354 5278 τοῦ
387 5223 520 5278 Θεοῦ
560 5227 749 5293 Λόγος,
785 5227 1189 5283 ἀποκαλύπτειν
1213 5232 1301 5285 τὸν
1330 5231 1460 5284 Θεόν
1482 5250 1612 5302 φησι
1637 5236 1768 5286 πᾶσι

197 5319 312 5380 τοῖς
336 5315 561 5370 ἔθνεσιν.
598 5317 825 5382 Οὐκοῦν,
857 5319 1075 5372 ἐπειδὰν
1099 5327 1389 5394 προσφωνῇ
1415 5327 1481 5394 τῇ
1515 5324 1649 5377 Σιὼν
1676 5327 1769 5378 καὶ

208 5406 586 5478 Ἰερουσαλὴμ,
620 5407 688 5462 τὰ
709 5409 978 5480 λεγόμενα
1009 5413 1100 5465 ἐπὶ
1130 5413 1227 5466 τὶν
1257 5413 1365 5467 τῶν
1392 5415 1558 5468 ἐθνῶν
1585 5413 1772 5486 κλῆσιν

193 5499 547 5568 ἀναφέρεται.

275 5609 294 5642 ε
328 5589 643 5661 Ἀπὸστητε,
674 5592 964 5666 ἀπόστητε,
991 5596 1235 5662 ἐξέλθετε
1268 5599 1492 5661 ἐκεῖθεν,
1529 5600 1621 5650 καὶ
1642 5600 1774 5650 ἀκα-

196 5680 398 5746 θάρτου
438 5680 511 5750 μὴ
538 5681 710 5752 dahae
730 5700 743 5712 ·
777 5684 1022 5750 ἐξέλθετε
1051 5689 1112 5741 ἐκ
1141 5689 1304 5758 μέσου
1336 5690 1500 5759 αὐτῆς
1524 5706 1536 5716 ·
1564 5709 1580 5738 ι
1615 5689 1772 5758 δῆλον

194 5769 252 5821 δὲ
283 5771 364 5822 ὅτι
399 5772 463 5822 ἐκ
498 5769 592 5821 τοῦ
622 5771 851 5826 ἀπίστου
879 5774 1008 5829 λαοῦ
1042 5778 1136 5829 καὶ
1178 5779 1505 5848 ἀκαθάρτου.
1542 5797 1559 5828 ι
1615 5779 1743 5847 Ἀφο

199 5861 443 5932 ρίσθητε,
502 5863 548 5914 oi
619 5863 872 5934 φέροντες
915 5867 984 5921 τὰ
1037 5869 1199 5935 σκεύη
1262 5871 1484 5936 Κυρίου.
1528 5890 1544 5920 ›
1594 5870 1765 5940 Σκεύη

1879 4611 2021 4655 serta
2055 4601 2352 4658 Jerusalem
2387 4623 2400 4657 :
2441 4609 2567 4674 quia
2606 4609 2860 4664 misertus
2889 4623 2971 4665 est
3003 4611 3266 4670 Dominus
3311 4619 3451 4686 ejus.

1876 4703 1930 4746 et
1965 4695 2104 4746 eruit
2131 4693 2455 4751 Jerusalem.
2485 4699 2554 4752 Et
2585 4701 2844 4755 revelabit
2879 4704 3136 4758 Dominus
3169 4709 3452 4766 brachium

1877 4795 2123 4838 sanctum
2173 4801 2327 4840 suum
2375 4788 2425 4839 in
2472 4801 2762 4857 conspectu
2803 4795 3041 4848 omnium
3081 4800 3342 4866 gentium.
3389 4802 3454 4854 Et

1877 4875 2135 4929 videbunt
2158 4891 2344 4930 omnes
2373 4877 2504 4932 lines
2540 4890 2694 4935 terra:
2724 4883 2979 4953 salutem,
3007 4903 3126 4955 qua:
3164 4900 3246 4943 est
3277 4907 3305 4943 a
3345 4891 3453 4946 Deo

1877 4979 2086 5018 nosuo.
2122 4984 2140 5016 ι
2199 4966 2384 5019 Viden’
2415 4982 2522 5036 quo
2568 4981 2723 5038 pacto
2760 4973 2842 5028 bis
2877 4977 3042 5030 etiam
3078 4981 3253 5032 verbis
3281 4997 3449 5036 evan-

1876 5057 2102 5124 gelii-am
2145 5059 2581 5126 przndicationem
2625 5066 2878 5132 gentibus
2918 5057 3284 5136 polliceatur?
3321 5071 3450 5128 Ete-

1877 5147 1986 5198 nim
2019 5147 2294 5200 brachium
2325 5160 2569 5203 sanctum
2601 5167 2782 5218 suum,
2824 5157 2966 5222 quod
2997 5169 3113 5211 erat
3147 5161 3319 5228 ipsum
3355 5162 3448 5217 Dei

1878 5235 2133 5300 Verbum,
2165 5239 2415 5292 omnibus
2445 5241 2692 5309 gentibus
2730 5245 3089 5301 revelaturum
3129 5265 3245 5304 esse
3281 5251 3448 5306 Deum

1878 5331 2137 5385 declarat.
2189 5332 2322 5386 Cum
2356 5334 2537 5401 itaque
2563 5334 2692 5389 Sion
2750 5346 2803 5390 et
2857 5336 3150 5393 Jerusalem
3191 5343 3270 5396 sic
3317 5344 3449 5397 allo—

1875 5431 2092 5488 quatur,
2123 5423 2238 5477 haec
2265 5425 2330 5478 ad
2358 5427 2594 5493 gentium
2623 5427 2955 5480 vocationem
2989 5428 3270 5485 referenda
3299 5445 3444 5486 sunt.

1948 5599 2110 5655 Vens.
2144 5602 2228 5656 ll.
2275 5623 2292 5654 ι
2320 5604 2595 5670 ηεοθιΙίιε,
2644 5607 2900 5670 recedite,
2947 5608 3260 5677 egredimini
3299 5610 3442 5673 inde,

1876 5702 1931 5744 et
1957 5692 2288 5746 immundum
2324 5694 2486 5747 nolite
2517 5706 2732 5764 tangere
2761 5719 2769 5749 :
2798 5698 2942 5751 exite
2966 5697 3031 5752 de
3061 5698 3236 5762 medio
3259 5700 3439 5766 ejusp

1875 5781 2122 5836 videlicet
2151 5799 2212 5837 ex
2259 5785 2537 5838 increduli;
2570 5797 2622 5840 et
2669 5787 2942 5840 immundo
2981 5790 3195 5858 pupulo.
3235 5791 3445 5858 «Sepa-

1879 5873 2106 5937 rau:iul,
2165 5878 2254 5944 qui
2307 5878 2532 5944 portatis
2574 5892 2696 5932 vasa
2730 5879 2959 5934 Domini.
2990 5898 3009 5932 ι
3064 5880 3198 5934 Vasa
3231 5880 3442 5936 Domini
