4058 6422
636 392 742 447 455
1311 388 1579 447 EUSEBH
1617 386 2089 446 CESARIENSIS
2125 384 2275 441 OPP.
2316 382 2497 440 PARS
2534 382 2621 437 lii.
2659 412 2729 425 ——
2768 380 3174 439 EXEGETICA.
3776 373 3875 429 156

637 522 795 569 erant
821 527 1045 584 corpora
1076 511 1339 581 ipsorum,
1369 526 1397 564 a
1430 509 1658 565 Domino
1689 509 1881 576 electa,
1920 508 1972 562 in
2003 508 2190 563 sancti-

2304 505 2509 577 Κυρίου
2555 500 2625 575 ῆν
2666 504 2733 557 τά
2775 498 3241 573 ἐκλεχθὼταηὺπδ
3274 496 3367 552 τοῦ
3401 494 3616 567 Κυρίου
3653 493 3879 565 σώματι

641 615 751 660 tate
786 613 841 661 et
871 606 1075 661 honore
1107 606 1216 659 Deo
1249 613 1528 672 segregata
1557 619 1571 666 ;
1603 602 1715 657 sive
1742 602 1907 655 etiam
1936 615 2063 656 vasa
2092 602 2190 656 Do-

2299 596 2499 659 αὑτιτιν,
2535 597 2593 648 ἐν
2622 594 2898 667 ἁγιωσύνῃ
2926 593 3020 647 καὶ
3041 594 3175 663 τιμῇ
3214 591 3295 662 τῷ
3315 589 3433 659 Θεῷ
3473 586 3840 660 ἀφωρισμένα
3859 600 3875 616 ⁸

628 695 769 751 mini
815 704 974 749 erant
1010 693 1149 749 Novi
1200 692 1547 747 Testamenti'
1574 692 1857 763 Evangelia
1890 709 1904 745 :
1938 707 2059 762 quae
2108 692 2190 761 qui

2298 687 2330 758 ἢ
2364 686 2456 741 καὶ
2490 684 2659 755 σκεύη
2704 684 2911 757 Κυρίου
2937 682 3202 753 ἐτύγχανε
3225 682 3295 737 τά
3326 682 3425 753 τῆς
3446 678 3665 748 Καινῆς
3691 676 3881 749 Διαθήο

627 803 721 856 ges
736 785 941 848 labant.
996 787 1061 839 ab
1095 782 1463 838 incredulitate
1492 782 1797 838 Iudaeorum
1827 796 2080 838 amovere
2116 798 2190 849 se,

2298 796 2399 849 κης
2443 776 2780 845 Είδαγγέλια⁹
2832 775 2974 844 ἅπερ
3006 772 3497 845 ἐπικομιζομένους
3537 768 3878 824 ἀπαλλάττερ

627 877 692 929 ub
731 873 907 944 iisque
932 890 991 930 se
1019 886 1337 944 segregare,
1366 871 1647 941 jubentur.

2300 870 2423 923 σθαι
2455 869 2554 940 τῆς
2595 867 2849 930 ἀπιστίας
2888 865 2984 920 τοῦ
3039 864 3311 919 Ἰουδαίων
3355 862 3510 929 λαοῦ,
3547 862 3644 915 καὶ
3688 858 3880 943 ἀφορι-

2298 960 2484 1027 ζεσθαι
2510 959 2690 1014 αὐτῶν
2718 958 3063 1030 προστάττει.
3184 960 3187 961 ⁷

709 1060 872 1116 Vsus.
901 1061 987 1115 12.
1044 1080 1063 1113 ι
1091 1061 1224 1128 Quia
1259 1076 1367 1117 non
1401 1076 1523 1117 cum
1561 1062 1787 1118 tumultu
1819 1062 2073 1130 exibitis,
2104 1078 2190 1119 ne-

2374 1073 2393 1105 ι
2424 1054 2546 1112 Ὅτι
2574 1054 2635 1105 οὑ
2677 1050 2815 1122 μετά
2850 1049 3099 1121 ταραχῆς
3131 1038 3479 1113 ἐξελεύσεσθε
3502 1084 3518 1109 ,
3560 1044 3683 1098 οὐδέ
3729 1044 3871 1114 φυγῇ

632 1165 741 1218 que
792 1150 1057 1221 fugientes
1122 1150 1269 1205 ibitis
1309 1168 1325 1205 :
1361 1152 1628 1223 praecedet
1679 1154 1822 1207 enim
1871 1168 1967 1208 vos
2018 1152 2190 1208 Domi-

2298 1141 2631 1216 πορεύσεσθε
2650 1158 2664 1173 ο
2698 1140 3131 1215 προπορεύσεται
3159 1138 3268 1210 γάρ
3289 1137 3553 1208 πρότερος
3579 1135 3735 1205 ὑμῶν
3766 1134 3877 1188 Κύ-

636 1258 779 1308 nus,
835 1251 890 1296 et
946 1244 1036 1312 qui
1094 1252 1389 1314 congregat
1435 1257 1533 1298 vos
1586 1241 1729 1299 Deus
1779 1242 1967 1299 israel.
2000 1260 2021 1296 ι
2079 1243 2190 1299 Non

2302 1253 2432 1309 ριος,
2457 1234 2550 1288 καὶ
2576 1234 2605 1286 ό
2627 1233 2971 1302 ἐπισυνάγων
2999 1231 3140 1303 ὑμᾶς
3164 1228 3297 1292 Θεὸς
3338 1227 3571 1298 Ἰσραήλ.
3613 1246 3632 1278 ι
3667 1226 3744 1279 Οὐ
3766 1224 3875 1296 γάρ

633 1334 776 1387 enim
829 1334 984 1403 quasi
1036 1332 1294 1405 compulsi
1344 1334 1411 1389 ad
1458 1336 1971 1391 circumcursandas
2012 1346 2190 1407 gentes

2293 1333 2373 1396 ὡς
2424 1328 2765 1399 ἐλαυνόμενοι
2817 1324 3121 1398 προσῆλθον
3173 1325 3253 1387 είς
3311 1321 3410 1391 τὴν
3460 1320 3715 1390 περίοδον
3764 1317 3873 1371 τῶν

633 1425 963 1481 accedebant
1012 1423 1273 1493 apostoli;
1327 1426 1419 1480 sed
1466 1440 1589 1481 cum
1633 1426 1778 1481 omni
1825 1425 2104 1481 alacritate
2143 1435 2190 1481 et

2296 1422 2465 1478 ἐθνῶν
2488 1421 2537 1474 oi
2571 1417 2880 1481 ἀπόστολοι,
2915 1415 3053 1470 ἀλλά
3080 1412 3361 1487 προθυμίᾳ
3394 1412 3546 1482 πάσῃ
3569 1412 3663 1463 καὶ
3680 1426 3875 1481 προαιδ-

630 1515 926 1572 voluntatis
970 1516 1186 1583 aﬂectu,
1235 1513 1375 1586 jussi
1422 1515 1619 1572 docere
1665 1529 1855 1571 omnes
1914 1525 2100 1587 gentes
2140 1516 2190 1571 in

2296 1517 2445 1588 ρέσει
2488 1515 2839 1586 αὐτεξουσίῳ,
2880 1511 3263 1574 κελευσθέντες
3311 1506 3647 1580 μαθητεῦσαι
3694 1507 3874 1559 πάντα

634 1608 853 1662 nomine
886 1605 1019 1674 ejus.
2294 1606 2364 1660 τὰ
2391 1606 2514 1678 ἔθνη
2544 1609 2601 1659 ἐν
2621 1606 2700 1677 τῷ
2730 1606 2955 1676 όνόματι
2976 1600 3142 1657 αὐτοῦ

706 1696 870 1756 Vsus.
904 1700 989 1753 15.
1027 1717 1046 1750 σ
1072 1698 1211 1755 Ecce
1240 1696 1495 1767 intelliget
1523 1712 1658 1768 puer
1683 1712 1854 1763 meus,
1885 1708 1942 1753 et
1981 1708 2190 1755 exaus-

2354 1712 2374 1747 ι
2398 1695 2528 1748 Ἰδοὺ
2549 1696 2808 1765 συνήσειό
2824 1696 2953 1756 παῖς
2977 1708 3099 1763 μου,
3114 1691 3209 1745 καὶ
3226 1689 3591 1760 ὑψωθήσεται,
3605 1687 3701 1741 καὶ
3725 1683 3879 1749 δοξα-

633 1787 801 1854 bitur,
853 1797 907 1843 et
935 1787 1324 1859 gloriﬁcabitur
1353 1788 1523 1843 valde.
1550 1806 1573 1839 ι
1632 1788 1798 1854 Queis
1838 1789 2190 1845 resurrectio.

2296 1786 2548 1860 σθήσεται
2563 1787 2785 1860 σφόδρα.
2799 1786 2905 1838 »Δι’
2922 1778 2995 1841 ὧν
3006 1784 3104 1856 τὴν
3118 1781 3255 1854 μετά
3277 1781 3370 1835 τὸν
3393 1779 3618 1834 θάνατον
3638 1777 3877 1831 ἀνάστι-

632 1893 755 1933 nem
784 1892 814 1931 a
844 1879 1089 1940 mortuis,
1130 1877 1558 1953 assumptionem
1607 1877 1731 1932 item
1782 1876 1833 1930 in
1875 1878 2091 1943 coelum,
2134 1889 2190 1933 et

2292 1895 2394 1943 σιν,
2414 1879 2507 1931 καὶ
2520 1879 2617 1950 τὴν
2633 1881 2712 1942 είς
2724 1877 2985 1948 οὐρανοὺς
3000 1874 3264 1946 ἀνάληψὶν
3281 1890 3341 1928 τε
3352 1873 3445 1928 καὶ
3460 1873 3666 1943 ὓιῙνωσιν
3680 1868 3879 1941 σημαί-

628 1967 1009 2023 exaltationem
1058 1968 1349 2038 significat.
1399 1967 1627 2021 Servum
1665 1983 1848 2037 porro,
1892 1969 2187 2024 secundum

2292 1984 2407 2041 νεικ
2438 1967 2631 2020 Δοῦλον
2654 1968 2711 2022 δὲ
2732 1967 2915 2031 αὑτὸν,
2949 1966 3091 2020 κατά
3115 1965 3209 2019 τὸν
3224 1963 3473 2027 ’Δκύλαν,
3495 1962 3721 2024 είκότως
3746 1962 3881 2015 ἀπο-

631 2058 901 2128 Aquilam,
957 2074 1080 2113 eum
1122 2060 1243 2126 jure
1292 2066 1585 2125 nuncupat,
1630 2058 1701 2113 ob
1746 2058 1889 2113 servi
1940 2057 2189 2124 formam,

630 2163 793 2217 quam
839 2146 1064 2216 accepit.
1122 2144 1253 2199 Nam
1303 2146 1444 2200 Deus
1486 2143 1741 2211 Verbum,
1798 2148 2190 2219 «semetipsum

632 2238 928 2292 exinanivit
977 2252 1098 2290 cum
1146 2236 1198 2289 in
1248 2234 1419 2289 forma
1466 2236 1560 2292 Dei
1611 2247 1774 2305 esset,
1816 2248 1875 2292 ut
1920 2240 1995 2292 ait
2038 2254 2194 2295 sacer

629 2328 983 2399 Apostolus‘,
1019 2327 1245 2380 formam
1278 2328 1418 2381 servi
1460 2327 1764 2396 accipiens,
1798 2337 1853 2383 et
1893 2328 2077 2385 habitu
2109 2330 2193 2385 in-

630 2426 823 2472 ventus
858 2427 916 2470 ut
948 2418 1132 2472 homo.
1164 2436 1183 2469 ι
1221 2418 1419 2473 Verum
1464 2419 1577 2488 ipse
1608 2436 1740 2491 puer
1765 2431 1818 2473 et
1858 2435 2046 2475 servus
2076 2420 2191 2484 Dei,

628 2505 776 2559 omni
822 2506 1081 2574 sapientia
1120 2516 1177 2560 et
1231 2506 1455 2561 scientia
1490 2507 1802 2578 replebatur
1825 2547 1841 2572 ,
1881 2510 2025 2578 quod
2060 2507 2191 2564 Ver-

632 2595 757 2650 bum
784 2595 875 2649 Dei
909 2596 960 2649 in
990 2609 1049 2649 se
1075 2597 1397 2653 contineret.

701 2686 868 2741 Vsus.
887 2685 974 2748 ιι.
1004 2685 1091 2741 l5.
1125 2705 1145 2739 ι
1172 2687 1322 2742 Sicut
1347 2687 1810 2759 stupehuntsuper
1838 2696 1891 2743 te
1914 2687 2087 2755 multi,
2115 2688 2195 2745 sic

632 2775 861 2847 ingloria
893 2777 997 2831 erit
1043 2779 1111 2831 ab
1168 2776 1476 2832 hominibus
1512 2778 1721 2847 species
1766 2788 1876 2845 tua,
1924 2789 1978 2834 et
2027 2779 2192 2851 gloria

634 2876 724 2920 tua
750 2882 779 2920 a
809 2866 933 2921 illiis
973 2867 1271 2921 hominum.
1317 2866 1394 2922 ita
1424 2870 1762 2923 mirabuntur
1792 2879 1980 2939 gentes
2019 2870 2194 2926 multa:

630 2972 795 3027 super
820 2972 908 3023 eo,
942 2966 996 3012 et
1034 2958 1387 3013 continebunt
1415 2972 1568 3028 reges
1593 2974 1655 3014 os
1684 2974 1839 3014 suum
1869 2978 1884 3015 :
1924 2960 2048 3031 quia
2076 2960 2195 3030 qui-

632 3049 735 3103 bus
764 3063 867 3103 non
899 3055 983 3103 est
1012 3048 1392 3101 annuntiatum
1431 3049 1495 3102 de
1527 3048 1639 3112 illo,
1668 3049 1949 3114 videbunt,
1998 3058 2054 3104 et
2103 3050 2193 3119 qui

634 3154 745 3194 non
791 3139 1097 3203 audierunt,
1148 3138 1465 3209 intelligent.
1498 3157 1517 3192 ι
1562 3139 1617 3193 id
1661 3140 1805 3193 enim
1852 3154 2006 3209 reges
2049 3154 2199 3194 com-

2292 2060 2445 2114 καλεῖ
2458 2058 2544 2114 διά
2554 2060 2651 2131 τὴν
2670 2058 2879 2132 μορφὴν
2888 2057 2981 2111 τοῦ
2997 2056 3201 2121 δούλου,
3213 2057 3281 2128 ήν
3292 2054 3565 2127 ἀνείληφε.
3577 2073 3596 2107 ι
3615 2051 3869 2107 Ἑαυτὸν»

2292 2148 2401 2220 γὰρ
2430 2167 2449 2201 ι
2476 2148 2740 2203 ἐκένωσεν
2760 2150 2819 2200 ἐν
2843 2148 3021 2217 μορφῇ
3043 2141 3179 2198 Θεοῦ
3204 2144 3461 2213 ὑπάρχων
3484 2141 3615 2205 Θεὸς
3631 2139 3863 2207 Δόγος,›

2292 2229 2436 2291 κατὰ
2451 2238 2541 2291 τὸν
2560 2239 2604 2291 ιε
2612 2238 2703 2309 ρὺν
2719 2236 3038 2290 ’Δπόστολον
3052 2276 3067 2300 ,
3090 2252 3111 2287 ι
3133 2234 3345 2306 μορφὴν
3359 2233 3545 2286 δούλου
3562 2230 3765 2294 λαϐὼν,
3778 2230 3876 2293 καὶ

2294 2330 2533 2401 σχήματι
2560 2328 2803 2400 εὑρεθεὶς
2824 2328 2901 2391 ὡς
2932 2328 3239 2398 ἄνθρωπος.
3272 2344 3292 2377 s
3324 2324 3464 2378 Ἀλλ’
3492 2322 3655 2385 αὐτὸς
3688 2323 3717 2375 ό
3739 2322 3876 2383 παῖς

2292 2417 2386 2471 τοῦ
2428 2416 2562 2471 Θεοῦ
2605 2416 2701 2471 καὶ
2731 2415 2915 2478 δοῦλος
2958 2415 3141 2486 πάσης
3183 2411 3488 2486 ἐπληροῦτο
3536 2413 3731 2481 σοφίας
3775 2410 3877 2465 καὶ

2292 2506 2620 2577 ἐπιστήμης,
2654 2505 2745 2558 τὸν
2771 2502 2906 2557 Θεοῦ
2934 2502 3101 2572 Λόγον
3121 2504 3203 2567 είς
3229 2501 3392 2556 αὑτὸν
3430 2501 3715 2574 χωρήσας.

2369 2705 2390 2739 ι
2427 2687 2527 2740 ’ον
2556 2686 2755 2759 τρόπον
2802 2685 3159 2754 ἐκστήσονται
3206 2683 3302 2736 ἐπὶ
3350 2683 3412 2737 at
3454 2681 3661 2745 πολλοὶ,
3695 2682 3871 2745 οὕτως

2294 2777 2545 2849 ἀδοξήσει
2570 2778 2679 2831 ἀπὸ
2705 2776 2813 2830 τῶν
2841 2774 3140 2848 ἀνθρώπων
3161 2774 3221 2828 τὺ
3244 2770 3379 2837 εἶδός
3405 2790 3521 2839 σου,
3552 2773 3647 2828 καὶ
3676 2774 3711 2844 ή
3741 2772 3875 2838 δόξα

2296 2884 2389 2921 σου
2437 2866 2545 2921 ἀπὸ
2586 2866 2695 2919 τῶν
2738 2865 2868 2919 υίῶν
2915 2862 3235 2936 ἀνθρώπιν.
3297 2863 3456 2917 Οὕτω
3497 2861 3873 2933 θαυμάσονται

2294 2957 2420 3028 εθνη
2441 2955 2609 3011 πολλὰ
2637 2955 2900 3026 ἐπάὑτῷ,
2924 2955 3019 3009 καὶ
3048 2954 3325 3019 συνέξουσι
3348 2952 3587 3024 βασιλεῖς
3608 2953 3672 3006 τὸ
3694 2952 3873 3023 στόμα

2296 3049 2477 3103 αὐτῶν
2496 3065 2510 3078 ο
2545 3049 2627 3101 ὅτι
2658 3042 2740 3112 οἷς
2782 3048 2882 3100 οὐκ
2925 3044 3198 3117 ἀνηγγέλη
3230 3046 3358 3115 περὶ
3390 3042 3589 3108 αὑτοῦ,
3621 3042 3869 3114 ὄψονται,

2296 3139 2391 3192 καὶ
2430 3138 2480 3191 οῖ
2515 3138 2617 3191 οὐκ
2649 3136 2941 3208 ἀκηκόασι,
2984 3137 3293 3206 συνήσουσι.
3333 3152 3353 3187 s
3382 3132 3554 3186 Τοῦτο
3580 3133 3691 3203 γὰρ
3713 3129 3785 3205 ῆν
3805 3134 3870 3188 τδ

635 3230 905 3295 movebat,
925 3244 1116 3299 nempe
1140 3231 1281 3299 quod
1308 3228 1674 3300 evangelicum
1698 3231 1918 3285 verbum
1943 3230 2008 3285 ad
2026 3245 2190 3285 remo-

2298 3228 2523 3298 κινῆσαν
2549 3228 2675 3291 τοὺς
2705 3205 2962 3297 βασιλεῖς,
2996 3205 3141 3294 λέγω
3170 3224 3234 3296 δὴ
3262 3224 3325 3278 τὸ
3355 3224 3671 3294 διαδραμεῖν
3701 3224 3869 3279 αὐτοῦ

637 3322 871 3377 tissimas
912 3331 1096 3392 gentes
1143 3322 1481 3391 pervaderet.
1541 3321 1606 3376 Et
1657 3320 1771 3376 haec
1815 3320 2033 3391 quidem
2066 3322 2193 3377 olim

636 3415 806 3471 verbo
857 3411 1385 3481 praenuntiabantur,
1432 3426 1493 3466 re
1543 3419 1721 3465 autem
1766 3412 2030 3479 completa
2075 3420 2199 3467 sunt

636 3504 689 3557 in
719 3502 1011 3558 Salvatoris
1041 3503 1106 3557 ad
1136 3518 1230 3558 eos
1263 3503 1495 3556 adventu
1526 3519 1541 3555 :
1576 3516 1735 3571 quem
1763 3501 1934 3557 oculis
1968 3516 2090 3556 cum
2123 3502 2196 3555 vi-

635 3594 824 3647 derent
868 3589 1058 3657 Judaei,
1118 3607 1411 3659 vocemque
1463 3592 1581 3662 ejus
1634 3593 1904 3659 audirent,
1960 3608 2060 3648 nec
2109 3594 2193 3648 in-

634 3680 991 3744 tellexerunt,
1042 3695 1144 3735 nec
1188 3680 1426 3749 loquenti
1480 3695 1637 3736 aures
1686 3682 2069 3750 praebuerunt;
2120 3682 2191 3736 ita

632 3783 695 3825 ut
727 3774 888 3827 etiam
934 3772 1209 3842 prophetia
1246 3772 1334 3825 illa
1374 3771 1485 3839 jam
1519 3772 1791 3842 przemissa
1823 3773 1874 3826 iu
1911 3772 2012 3827 illis
2046 3787 2194 3827 com-

635 3866 910 3934 pieretur,
960 3883 978 3917 s
1011 3864 1206 3918 Auditu
1236 3864 1487 3928 audietis,
1528 3874 1583 3919 et
1626 3878 1729 3918 non
1762 3864 2109 3933 intelligetis;
2139 3872 2194 3919 et

637 3959 991 4028 respicientes
1024 3958 1343 4029 respicietis,
1383 3967 1440 4012 et
1481 3973 1585 4013 non
1620 3957 1890 4013 videbitis.
1924 3974 1944 4009 ι

1193 4135 1417 4194 CAPUT
1470 4137 1597 4193 Lill.

704 4227 867 4284 Vm.
900 4229 952 4283 l.
990 4227 1279 4295 «'Douﬁne,
1313 4230 1434 4299 quis
1463 4231 1690 4284 credidit
1716 4232 1916 4286 anditui
1962 4242 2145 4288 nostro
2166 4236 2191 4286 τ

635 4327 692 4372 et
740 4318 1019 4374 brachium
1069 4319 1280 4373 Domini
1332 4320 1414 4373 cui
1450 4321 1742 4374 revelatum
1775 4323 1898 4376 est?
1930 4342 1949 4374 ι
1993 4323 2192 4377 Miran-

636 4408 768 4461 tium
802 4422 949 4461 more
980 4408 1071 4461 Dei
1107 4410 1418 4477 prophetas,
1462 4408 1699 4465 Iudaicae
1739 4413 1912 4481 gentis
1942 4414 2191 4468 incredu-

635 4499 839 4554 litatem
888 4509 1211 4564 cernentes,
1268 4515 1330 4554 ac
1381 4502 1617 4570 gentium
1674 4504 2075 4558 conversionem
2136 4516 2189 4557 et

2295 3321 2385 3376 τὸν
2422 3316 2772 3390 εὐαγγελικὸν
2802 3319 2957 3388 λόγον
2987 3318 3082 3373 καὶ
3106 3318 3200 3371 ἐπὶ
3236 3317 3306 3372 τά
3334 3316 3673 3388 ποῤῥωτάτω
3705 3316 3857 3388 ἔθνη.

2295 3413 2404 3466 Καὶ
2436 3412 2610 3467 ταῦτα
2648 3412 2746 3482 μὲν
2781 3410 2961 3479 λόγοις
2991 3408 3306 3475 ἐθεσπίζετο
3346 3408 3514 3463 πάλαι
3536 3425 3550 3439 ο
3583 3408 3769 3481 ἔργοις
3809 3409 3869 3463 δὲ

2293 3501 2616 3576 ἐπληροῦτο,
2671 3503 2764 3556 ἐπὶ
2802 3502 2903 3571 τῆς
2940 3502 3020 3566 είς
3066 3502 3262 3566 αὐτοὺς
3292 3500 3386 3555 τοῦ
3422 3501 3671 3572 Σωτῆρος
3705 3500 3870 3572 ήμῶν

2293 3595 2561 3667 παρόδου·
2608 3594 2668 3648 ὃν
2714 3592 3015 3663 ὀφθαλμοῖς
3064 3592 3264 3657 ίδόντες
3328 3591 3595 3646 Ἰουδαίων
3652 3591 3865 3659 παῖδες,

2295 3686 2478 3757 φωνῆς
2513 3702 2575 3738 τε
2603 3684 2768 3739 αὐτοῦ
2799 3683 3228 3747 ὑπακούσαντες,
3264 3680 3388 3736 οῦτε
3430 3683 3692 3753 συνῆκαν,
3738 3681 3867 3737 οὔτε

2293 3776 2541 3830 λαλοῦντι
2589 3774 2860 3846 παρέσχον
2887 3775 2985 3845 τὴν
3005 3773 3202 3844 ἀκοήνο
3236 3771 3377 3825 ὥστε
3406 3772 3501 3825 καὶ
3524 3771 3622 3841 τὴν
3645 3772 3861 3845 ἐμπρο-

2294 3866 2420 3921 σθεν
2449 3864 2786 3937 προφητείαν
2818 3866 2899 3927 είς
2913 3864 3108 3927 αὐτοὺς
3124 3861 3538 3935 πεπληρῶσθαι,
3572 3864 3672 3935 τήν
3697 3864 3868 3934 φήσα-

2294 3976 2391 4013 σαν
2411 3999 2426 4024 ,
2464 3977 2483 4010 ι
2532 3959 2693 4029 ’Δκοῇ
2725 3955 3011 4020 ἀκούσετε,
3044 3957 3137 4009 καὶ
3163 3957 3225 4009 οὐ
3258 3956 3333 4028 μὴ
3372 3955 3603 4026 συνῆτε·
3632 3957 3727 4010 καὶ
3747 3956 3868 4028 βλι-

2292 4063 2481 4112 ποντες
2512 4045 2759 4118 βλέψετε,
2787 4044 2881 4098 καὶ
2896 4044 2957 4097 οὑ
2989 4043 3064 4115 μὴ
3088 4043 3254 4113 ἴδητε.
3271 4061 3291 4095 ι

2811 4136 3201 4190 ΚΕΦΑΛΔΙΟΝ
3241 4135 3365 4189 ΝΡ.

2363 4248 2383 4281 ι
2412 4228 2604 4301 Κύριε,
2635 4227 2718 4290 τίς
2754 4226 3039 4279 ἐπίστευσε
3067 4228 3134 4296 τῇ
3157 4226 3295 4297 ἀκοῇ
3331 4224 3523 4295 ήμῶνς
3558 4226 3652 4280 καὶ
3676 4228 3706 4280 ό
3734 4226 3867 4299 βρακ-

2290 4322 2419 4392 χίων
2445 4322 2652 4392 Κυρίου
2689 4319 2795 4374 τίνι
2837 4306 3231 4389 ἀπεκαλύφθη;
3273 4336 3292 4369 ι
3335 4317 3866 4402 Ἀποθαυμαστιιιῶς

2288 4415 2337 4465 oi
2372 4411 2464 4465 τοῦ
2513 4410 2647 4465 Θεοῦ
2690 4410 2984 4483 προφῆται,
3032 4410 3132 4481 τὴν
3188 4409 3442 4462 ἀπιστίαν
3484 4409 3720 4480 ὁρῶντες
3760 4410 3862 4464 τοῦ

2303 4502 2567 4555 Ἰουδαίων
2599 4501 2802 4564 ἐθνους,
2835 4503 2935 4572 τήν
2958 4518 3019 4554 τε
3057 4499 3164 4553 τῶν
3196 4499 3361 4551 ἐθνῶν
3396 4500 3734 4573 ἐπιστροφὴν
3763 4503 3866 4556 καὶ

635 4590 1039 4659 obsequentium
1089 4590 1369 4655 videntes,
1419 4592 1531 4645 haec
1584 4592 1851 4647 dicebant.
1905 4593 2185 4647 Brachium

2292 4593 2533 4665 ὑπακοὴν
2586 4593 2870 4664 θεώμενοι,
2914 4592 3066 4646 ταῦτ’
3094 4591 3299 4658 ἔλεγον.
3349 4591 3619 4663 Βραχίονα
3655 4593 3712 4646 δέ
3763 4594 3865 4648 τοῦ

636 4693 797 4748 porro
844 4679 972 4744 Dei,
1026 4679 1353 4749 unigenitum
1405 4680 1596 4735 Filium
1645 4683 1822 4736 vocari
1877 4684 2190 4754 plerumque

636 4769 1174 4824 commonstravimns
1219 4787 1233 4823 :
1272 4772 1362 4839 qui
1411 4785 1800 4842 consequenter
1849 4775 1914 4828 ad
1962 4779 2190 4844 prOphe-

636 4860 742 4912 tica
772 4859 907 4912 dicta
950 4859 1292 4914 credentibus
1342 4860 1394 4914 in
1434 4862 1603 4929 ipsum
1650 4865 1897 4933 gentibus
1946 4869 2190 4935 cognitus

634 4957 738 5003 est.
775 4966 797 5001 ι
822 4950 1268 5004 Annuntiavimus
1297 4967 1312 5004 :
1338 4954 1490 5021 quasi
1528 4956 1782 5021 parvulus
1814 4958 1865 5009 in
1896 4967 2187 5026 conspectu

636 5038 774 5107 ejus,
823 5040 963 5093 sicut
1004 5041 1156 5094 radix
1186 5042 1237 5094 in
1273 5051 1415 5095 terra
1442 5044 1665 5098 sitienti.
1712 5044 1826 5099 Non
1866 5059 1950 5101 est
1984 5050 2189 5114 species

637 5131 709 5193 ei,
748 5144 919 5196 neque
947 5129 1113 5200 gloria
1151 5148 1165 5186 :
1204 5142 1259 5185 et
1288 5133 1523 5186 vidimus
1566 5150 1707 5201 eum,
1737 5148 1789 5189 et
1819 5154 1920 5190 non
1958 5139 2189 5191 habebat

638 5221 906 5286 speciem,
961 5236 1135 5290 neque
1190 5223 1458 5277 decorem.
1494 5242 1513 5276 ι
1570 5226 1671 5279 Per
1719 5237 1913 5281 terram
1968 5231 2187 5296 inviam,

642 5305 908 5377 Virginem
927 5311 1243 5376 subindicat,
1262 5327 1419 5379 quam
1446 5329 1603 5366 nemo
1622 5316 1748 5367 adiit
1784 5333 1797 5368 :
1838 5332 1930 5384 per
1954 5320 2185 5372 radicem

636 5409 786 5458 vero,
811 5398 1052 5451 eamdem
1077 5400 1243 5466 ipsam
1270 5403 1335 5454 de
1362 5418 1463 5469 qua
1491 5402 1783 5468 dicebatur,
1824 5425 1841 5457 ι
1866 5408 2188 5477 Egredietur

639 5486 785 5555 virga
812 5488 875 5539 de.
908 5488 1082 5541 radice
1112 5488 1298 5553 Jessae,
1331 5500 1381 5544 et
1410 5490 1509 5545 llos
1553 5493 1618 5547 de
1651 5496 1830 5551 radice
1859 5497 1971 5565 ejus
1994 5515 2183 5556 ascen-

638 5578 729 5630 det
746 5578 786 5632 ¹.
800 5578 955 5630 suam
976 5580 1045 5631 ibi
1063 5594 1275 5649 quoque
1290 5596 1613 5637 ascensurus
1635 5599 1753 5640 esse
1770 5587 2066 5655 dicebatur,
2088 5593 2182 5647 sed

638 5663 704 5716 de
722 5664 896 5717 radice
922 5664 1084 5720 Jessae
1104 5682 1118 5731 ;
1140 5668 1223 5721 hic
1241 5678 1417 5723 autem
1436 5684 1499 5723 ex
1520 5685 1809 5731 memorata
1832 5687 1971 5735 terra
2009 5681 2174 5737 invia.

714 5755 729 5785 ⁸
764 5754 959 5824 Philip.
990 5772 1046 5823 ιι,
1084 5758 1138 5811 6.
1214 5760 1232 5790 ¹
1268 5758 1336 5816 is.
1384 5780 1456 5830 xl,
1495 5768 1541 5823 l.

2291 4684 2423 4737 Θεοῦ
2457 4684 2821 4754 λέγεσθαιτὸν
2847 4683 3104 4754 μονογενῆ
3125 4681 3274 4744 Υίὸν,
3306 4681 3562 4746 πολλάκις
3582 4682 3869 4749 ἀπεδείξα-

2294 4792 2419 4845 μεν·
2450 4775 2507 4839 ὃς
2539 4777 2673 4828 πᾶσι
2728 4778 2840 4837 τοῖς
2882 4775 2960 4837 είς
2988 4772 3148 4828 αὑτὸν
3182 4774 3601 4826 πεπιστευκόσιν
3647 4772 3867 4828 ἔθνεσιν

2292 4863 2539 4934 ἐγνώσθη
2580 4866 2692 4927 τοῖς
2726 4865 3033 4934 προφήταις
3069 4851 3394 4925 ἀκολούθως.
3435 4880 3455 4913 ι
3505 4862 3891 4933 ’Δνηγγείλα--

2294 4972 2421 5023 μεν·
2459 4956 2535 5017 ὼς
2567 4954 2780 5007 παιδίον
2808 4952 3047 5005 ἐναντίον
3087 4952 3251 5005 αὑτοῦ
3271 4968 3284 4981 ·
3318 4952 3394 5015 ὼς
3436 4952 3560 5023 ῥίζα
3593 4955 3650 5004 ἐν
3686 4956 3756 5023 γῇ
3780 4954 3865 5007 δι·-

2287 5044 2463 5117 ψώσῃ.
2493 5048 2608 5098 Οὐκ
2634 5045 2780 5097 ἐστιν
2808 5042 2947 5107 εἶδος
2979 5042 3147 5114 αὐτῷ,
3183 5042 3304 5095 οὺδέ
3333 5043 3488 5109 δόξα·
3524 5045 3617 5097 καὶ⁸
3644 5045 3865 5115 εἴδομεν

2289 5138 2468 5200 αὑτὸν,
2506 5137 2598 5189 καὶ
2639 5136 2740 5188 οὐκ
2777 5132 2919 5204 εἶχεν
2946 5130 3106 5198 εἶδος,
3142 5134 3267 5186 οὔτε
3304 5134 3515 5197 κάλλος.
3558 5153 3575 5185 ι
3612 5135 3721 5205 Γῆν
3757 5136 3863 5205 μὲν

2288 5228 2483 5281 ἀϐατον
2522 5227 2889 5296 αἰνιττόμενος
2924 5225 3022 5297 τὴν
3040 5224 3336 5296 Παρθένον,
3366 5221 3445 5295 ῆς,
3462 5225 3636 5289 οὐδεὶς
3666 5227 3861 5280 ἐπιδέ-

2289 5318 2481 5389 6ηκεν·
2510 5317 2664 5388 ῥίζαν
2691 5317 2747 5368 δὲ
2773 5317 2870 5386 τὴν
2899 5318 3131 5387 ἐκείνην,
3163 5318 3292 5385 περὶ
3320 5313 3390 5389 ἦς
3408 5316 3645 5384 ἐλέγετο,
3684 5336 3701 5369 ι
3739 5317 3864 5382 Ἐξ·-

2293 5408 2563 5462 ελεύσεται
2598 5408 2791 5481 ῥάϐδος
2818 5411 2885 5461 ὲκ
2911 5410 3009 5480 τῆς
3027 5406 3183 5479 ῥίζης
3220 5408 3436 5471 Ἰεσσαὶ,
3464 5404 3557 5461 καὶ
3589 5408 3751 5471 ἄνθος
3794 5412 3863 5463 ἐκ

2287 5501 2385 5570 τῆς
2431 5501 2583 5571 ῥίζης
2633 5501 2985 5570 ἀναϐήσεται.
3034 5520 3053 5552 ι
3098 5500 3274 5553 Κάκεῖ
3327 5498 3435 5570 γὰρ
3484 5499 3861 5571 ἀναϐήσεσθαι

2282 5592 2553 5661 ἐδηλοῦτο,
2600 5591 2713 5644 ἀλλ’
2748 5592 2864 5643 ἐκεῖ
2910 5592 3007 5661 μὲν
3051 5592 3116 5646 ἐκ
3163 5590 3263 5659 τῆς
3305 5590 3460 5661 ῥίζης
3499 5589 3721 5656 Ἰεσσαὶ,
3770 5593 3863 5649 ἐν-

2283 5682 2454 5737 ταῦθα
2489 5683 2544 5737 δέ
2578 5682 2687 5738 ἀπὸ
2711 5683 2809 5753 τῆς
2841 5684 3040 5737 ἀϐάτου
3067 5682 3167 5753 γῆς
3200 5682 3297 5752 τῆς
3323 5680 3676 5754 δηλωθείσης.
