4058 6400
212 353 319 414 487

1122 350 1621 411 (ΞΟΗΜΕΝΤΑΒΙΔ
1660 349 1729 407 IN
1767 344 2025 403 ISAIAM.
2069 372 2132 383 —
2176 340 2327 396 CAP.
2371 337 2503 393 Lill.

3338 342 3441 397 £58

281 486 305 524 s
338 469 500 525 ’Δλλά
530 468 593 523 τὸ
618 464 755 534 εῐδος
786 467 951 523 αὐτοῦ
981 469 1194 539 ἀτιμον,
1217 468 1313 522 καὶ
1339 470 1588 521 εκλεῖπον
1622 464 1763 537 παρά

1944 459 2107 515 Vens.
2136 460 2190 521 3,
2220 459 2275 539 4.
2315 476 2335 511 ι
2360 456 2467 512 Sed
2495 455 2708 523 species
2732 454 2852 525 ejus
2877 454 3198 510 inhonorata
3222 462 3275 509 et
3307 454 3445 509 deﬂ-

202 562 331 627 1ιπιιὺς
363 563 516 626 υίοὺς
541 560 649 615 τῶν
672 560 990 635 ἀνθρώπων.
1025 561 1345 633 Ἄνθρωπος
1379 560 1439 613 ιν
1466 552 1648 629 πληγῇ
1673 555 1770 621 ὢν,

204 651 299 708 καὶ
320 650 481 714 είδὼς
497 651 681 722 φέρειν
700 650 991 721 μαλακίαν,
1008 651 1089 705 ὅτι
1109 650 1488 722 ἀπέστραπται
1521 648 1582 702 τὸ
1600 648 1773 720 πρόσ-

202 756 352 795 ωπον
386 738 574 801 αὐτοῦ,
604 739 901 813 ἠτιμάσθη,
942 741 1034 795 καὶ
1070 741 1172 795 οὐκ
1198 732 1654 811 ιλογίσθη.οὗτος
1674 739 1771 803 τάς

203 830 483 902 ἁμαρτίας
508 829 665 901 ημῶν
691 830 866 904 φέρει,
907 830 1155 903 καὶπερὶ
1186 831 1344 903 ἡμῶν
1368 830 1649 885 όδυνᾶται’
1676 831 1771 884 καὶ

200 921 366 992 ἡμεῖς
411 917 774 991 ιλογισάμεθα
819 919 982 973 αὐτόν
1036 915 1176 974 εἶναι
1226 920 1285 972 ὲν
1334 918 1484 991 πόνῳ
1503 960 1519 986 ,
1578 920 1673 973 καὶ⁵
1711 921 1770 972 έν

199 1010 407 1082 πληγῇ,
439 1012 534 1065 καὶ
559 1013 618 1065 έν
645 1010 907 1066 κακώσει.
942 1029 961 1063 s
1004 1011 1314 1065 Κοινοποιεϊ
1340 1010 1396 1064 δὲ
1426 1014 1455 1064 ό
1485 1011 1769 1082 προφήτης

198 1101 621 1172 συγκαταλέγων
653 1102 747 1156 καὶ
794 1102 986 1156 ἑαυτὸν
1004 1100 1099 1156 διά
1122 1101 1525 1174 φιλανθρωπίαν
1552 1105 1663 1167 τοῖς
1693 1103 1767 1174 μὴ

196 1192 581 1265 λογισαμένοις
615 1191 708 1247 τὸν
739 1192 1002 1265 Σωτῆρα’
1040 1193 1155 1247 Οὐκ
1190 1193 1552 1269 έλογισάμεθα
1584 1194 1765 1258 αὐτὸν,

195 1283 319 1337 οὐδὲ
346 1281 885 1355 προσεποιησάμεθα,
914 1284 1035 1338 οὐδὲ
1073 1285 1403 1357 ἑννοήσαμεν
1421 1286 1506 1350 τίς
1528 1302 1659 1340 ποτε
1676 1280 1764 1356 ἦν.

206 1376 267 1431 '0
280 1374 341 1429 δέ
356 1370 425 1446 ἧν
450 1374 560 1446 ἀρα
573 1377 601 1430 ό
619 1374 727 1429 τῶν
748 1374 1031 1449 ἡμετέρων
1053 1376 1238 1448 ψυχῶν
1261 1378 1471 1451 Σωτὴρ,
1503 1379 1769 1451 ἰατρεύων

184 1460 396 1524 αὐτῶν,
432 1461 528 1515 καὶ
567 1460 844 1533 καθαίρων
890 1462 1070 1536 πάσης
1099 1465 1393 1537 ἁμαρτίας.
1438 1466 1576 1521 ’Δλλ’
1606 1469 1766 1539 ἡμεῖς

195 1550 298 1623 μιν
322 1545 413 1605 οἷα
436 1552 616 1622 νήπιοι
638 1552 841 1624 ταύτην
866 1553 1082 1624 είχομεν
1114 1558 1242 1628 περὶ
1263 1556 1428 1611 αὑτοῦ
1457 1558 1556 1628 τὴν
1578 1558 1761 1626 δόξαν

192 1642 221 1695 ό
248 1640 309 1696 δδ
336 1639 512 1695 ταῦτα
538 1642 714 1697 πάντα
741 1642 947 1714 ἔπασχε
974 1643 1040 1698 δι’
1072 1644 1252 1717 ημῶν,
1300 1647 1389 1701 ἵνα
1426 1649 1577 1719 ἡμᾶς
1616 1648 1765 1703 έλευ-

192 1728 412 1803 θερώσῃ
440 1729 621 1802 πάσης
649 1731 942 1803 ἁμαρτίας.

266 1920 286 1954 ι
328 1904 504 1967 Δυτὸς
530 1904 586 1958 δὲ
613 1906 1019 1980 ὲτραυματίσθη
1041 1906 1137 1963 ’διά
1164 1908 1263 1973 τὰς
1292 1909 1563 1983 ἁμαρτίας
1584 1914 1762 1984 ἡμῶν,

190 1994 285 2047 καὶ⁵
336 1993 739 2065 μεμαλάκισται
784 1995 874 2051 διά
912 1997 1011 2063 τάς
1047 1998 1277 2070 ἀνομίας
1319 2001 1496 2073 ἡμῶν.
1540 2003 1764 2058 Παιδεία

190 2086 418 2158 εἰρήνης
454 2086 610 2158 ημῶν
642 2090 729 2143 ἐπ’
757 2091 947 2147 αὐτόν’
1004 2092 1083 2164 τῷ
1118 2093 1345 2165 μώλωπι
1395 2093 1561 2150 αὐτοῦ
1606 2096 1765 2167 ἡμεῖς

194 2174 449 2247 ίάθημεν.
488 2197 507 2231 ι
541 2178 671 2232 Τότε
706 2178 837 2248 γοῦν
870 2181 965 2235 καὶ
998 2184 1281 2256 συνετρίϐη
1315 2186 1406 2240 καὶ⁵
1431 2184 1763 2257 tuentem.

188 2268 337 2337 κατά
360 2268 454 2321 τὸν
490 2269 741 2334 ’Δκύλαν,
776 2272 872 2326 καὶ⁸
897 2272 1071 2328 πάντα
1097 2274 1165 2329 τά
1198 2276 1449 2348 χείριστα
1480 2278 1762 2350 ὑπέμεινε,

186 2360 249 2414 οὐ
280 2359 372 2415 διά
395 2377 541 2425 τινος
571 2361 779 2426 οίκείας
806 2363 1099 2435 ἁμαρτίας,
1144 2365 1231 2420 διά
1259 2366 1316 2421 δι
1343 2366 1443 2433 τάς
1471 2368 1761 2441 ἡμετέρας.

184 2448 299 2503 Καὶ
332 2448 556 2518 γέγονεν
586 2451 619 2521 ἡ
653 2449 868 2505 παιδεία
886 2452 984 2522 τῆς
1009 2454 1230 2528 εἰρήνης
1267 2456 1423 2529 ἡμῶν
1450 2459 1536 2511 ἀπ’
1562 2458 1724 2513 αὐτόν

185 2540 337 2611 άπερ
366 2540 476 2613 γὰρ
508 2539 675 2613 εχρῆν
704 2543 855 2614 ἡμᾶς
883 2543 1077 2599 παθεῖν
1099 2545 1519 2618 παιδευομένους
1553 2547 1641 2603 διά
1666 2550 1763 2616 τὰς

180 2630 467 2703 ἁμαρτίας
490 2633 588 2698 τὰς
614 2632 909 2708 ἡμετέρας,
942 2635 1095 2693 ταῦτ’
1135 2638 1221 2693 ἀπ’
1256 2637 1417 2694 αὐτὸν
1431 2635 1593 2711 ἦλθεν
1626 2641 1765 2716 ὑπὲρ

180 2721 289 2792 τῆς
314 2723 588 2796 ἡμετέρας
606 2727 827 2799 εἰρήνης
839 2728 939 2798 τῆς
968 2728 1102 2800 πρὸς
1116 2729 1265 2785 Θεόν.
1295 2731 1447 2787 Ἐπεὶ
1460 2734 1552 2789 καὶ
1573 2734 1763 2805 μώλωσ-

183 2829 299 2877 πας
345 2813 493 2879 εἰκὸς
531 2810 601 2887 ἦν
628 2816 791 2871 αὑτὸν
834 2817 1021 2889 φέρειν
1054 2818 1197 2874 κατά
1235 2820 1331 2875 τοῦ
1379 2820 1630 2895 σώματος
1672 2825 1765 2880 καὶ

172 2900 501 2974 τραύματα,
534 2906 867 2978 τυπτόμενον
908 2910 1003 2964 καὶ
1043 2910 1500 2983 μαστιγούμενον,
1540 2914 1636 2968 καὶ
1666 2914 1765 2981 τάς

166 2991 339 3062 ιδψεις
364 2993 744 3068 ῥαπιζόμενον,
780 2999 881 3072 τήν
915 3016 975 3055 τε
1006 3000 1247 3075 κεφαλὴν
1273 3002 1503 3076 καλάμῳ
1534 3005 1763 3077 παιόμε-

179 3084 489 3198 “iam”:
517 3088 566 3142 σε
608 3087 873 3198 "clm
912 3082 1057 3198 ‘1‘":
1094 3093 1360 3198 .“Ti'i‘i
1397 3090 1538 3167 ἦσαν
1582 3097 1758 3169 ἡμῶν·
1787 3135 1832 3198 c

187 3196 207 3229 ι
246 3175 342 3248 Τῷ
371 3196 390 3228 ι
418 3176 529 3251 γάρ
563 3198 583 3230 ι
627 3178 854 3251 μώλωπι
891 3180 1055 3237 αὐτοῦ
1085 3184 1245 3254 ἡμεῖς
1278 3184 1527 3258 ιάθημεν.
1557 3206 1576 3240 s
1606 3188 1762 3253 Τίνες

178 3266 240 3321 δὲ
261 3266 427 3338 ἡμεῖς
447 3267 562 3322 ἀλλ’
584 3267 618 3341 ἢ
643 3270 692 3323 oi
717 3269 885 3326 πάλαι
910 3272 1290 3343 πλανηθέντες,
1317 3275 1409 3330 καὶ
1444 3276 1517 3350 μὴ
1546 3278 1764 3345 λογισά-

183 3372 339 3428 μενοι
360 3354 544 3424 αὐτὸν,
574 3358 707 3431 μηδι
736 3360 1007 3427 συνιέντες
1035 3358 1117 3429 τίς
1149 3381 1280 3419 ποτε
1315 3360 1424 3438 ἧνς

260 3593 283 3627 ι
314 3575 527 3642 Πάντες
557 3593 635 3642 ως
662 3577 915 3651 πρόϐατα
942 3581 1327 3657 έπλανήθημεν
1346 3600 1360 3617 ο
1390 3584 1673 3658 ἄνθρωπος
1693 3588 1761 3656 τῇ

166 3665 289 3738 ωῷ
321 3666 489 3722 αὐτοῦ
540 3668 837 3743 έπλανήθη.
872 3672 984 3728 Καὶ
1010 3673 1215 3746 Κύριος
1249 3673 1565 3748 παρέδωκεν
1601 3676 1764 3732 αὐτὸν

181 3759 308 3823 ταῖς
331 3757 629 3831 ἁμαρτίαις
654 3761 842 3833 ἡμῶν·
872 3765 967 3821 καὶ
996 3765 1157 3831 αὐτὸς
1194 3765 1285 3821 διὰ
1330 3768 1391 3823 τὸ
1416 3768 1762 3825 κεκακῶσθαι

179 3849 286 3904 οὐκ
304 3848 513 3918 ἀνοίγει
536 3851 598 3906 τὸ
621 3853 794 3926 στόμα
816 3854 1002 3910 αὐτοῦ·
1020 3855 1099 3920 ὡς
1128 3855 1405 3928 πρόϐατον
1436 3857 1529 3912 επὶ
1552 3860 1764 3932 σφαγὴν

180 3937 353 4012 ἤχθη,
382 3940 478 3995 καὶ
505 3941 581 4007 ώς
612 3942 783 4016 ἀμνὸς
813 3945 1056 4001 ιναντίον
1095 3945 1191 4001 τοῦ
1229 3948 1502 4020 κείροντος
1524 3948 1759 4022 ¹ἀιρςμινος,

177 4030 361 4095 οὕτως
387 4032 489 4087 οὐκ
511 4033 716 4104 ἀνοίγει
746 4036 808 4091 τδ
833 4040 1024 4109 στόμα.
1058 4058 1079 4092 s
1108 4039 1300 4104 ’Δλλος
1329 4040 1439 4113 γὰρ
1457 4040 1621 4115 ἀλλην
1642 4043 1763 4097 όδδν

185 4122 395 4177 ὥδευσε
450 4123 678 4198 πλάνης,
730 4127 981 4203 διάφορα
1017 4132 1146 4203 περὶ
1189 4130 1356 4187 αὐτοῦ
1402 4134 1499 4188 καὶ
1544 4135 1762 4190 έναντία

179 4213 419 4287 δοξάσης
439 4232 452 4247 ·
486 4216 567 4289 τῷ
600 4218 658 4273 δέ
704 4221 812 4293 ἀρα
844 4221 945 4277 οὐκ
981 4222 1131 4278 ἀθεεὶ
1152 4222 1363 4293 ἐγίνετο
1383 4224 1454 4279 τά
1480 4224 1758 4297 γινόμενα.

182 4305 362 4370 Δὺτδς
384 4305 493 4379 γάρ
516 4308 704 4363 ἑαυτὸν
725 4312 1010 4384 παρεδίδου
1032 4313 1061 4365 ὁ
1077 4313 1281 4387 Κύριος
1304 4314 1445 4389 ὑπὲρ
1468 4316 1574 4371 τῶν
1593 4317 1765 4392 ἀμαρ-

180 4396 320 4451 τιῶν
364 4398 540 4470 ἡμῶν,
588 4400 676 4456 ινα
715 4402 937 4474 γένηται
977 4405 1273 4478 ἀντίψυχον
1311 4407 1407 4463 καὶ
1447 4408 1761 4483 ἀντίλυτρον

1880 550 2031 606 ciens
2057 563 2168 619 pra:
2192 536 2316 603 (iliis
2345 546 2644 602 hominum.
2673 542 2848 599 Homo
2882 543 2933 598 in
2960 543 3113 613 plaga
3151 544 3444 609 exsistens,

1878 650 1935 696 et
1962 641 2139 695 sciens
2170 638 2315 695 ferre
2346 636 2717 692 infirmitatem
2750 652 2765 690 :
2798 635 2947 704 quia-
2966 648 3189 689 aversus
3218 644 3301 689 est
3326 634 3441 690 vul-

1880 740 1967 785 tus
1988 728 2123 797 ejus,
2156 727 2445 796 despectus
2482 732 2538 779 et
2580 738 2686 778 non
2718 730 3017 792 reputatus.
3063 720 3183 792 Ipse
3222 730 3440 793 peccata

1877 829 2058 876 nostra
2090 818 2307 889 portat,
2339 828 2393 871 et
2424 830 2523 885 pro
2550 815 2704 871 nobis
2732 814 2880 869 dolet
2904 833 2919 869 :
2946 822 3003 870 et
3037 830 3137 871 nos
3176 816 3443 885 reputavi-

1876 920 1997 961 mus
2032 919 2153 961 eum
2199 919 2320 960 esse
2358 906 2412 959 in
2462 903 2665 965 dolore,
2715 912 2771 959 et
2815 903 2871 958 in
2908 903 3080 972 plaga,
3126 910 3180 958 et
3216 902 3271 956 in
3302 899 3439 955 ani-

1876 994 2075 1050 ctione.
2109 1013 2127 1045 ι
2162 991 2220 1048 In
2249 992 2520 1049 communi
2552 992 2812 1063 propheta
2856 992 3121 1061 loquitur,
3168 1006 3291 1048 sese
3330 1006 3440 1060 pm:

1877 1085 2230 1140 humanitatis
2272 1081 2467 1138 aiiectu
2503 1084 2567 1137 iis
2594 1096 3025 1146 connumerans,
3074 1082 3166 1153 qui
3194 1082 3437 1139 Salvato.

1878 1188 1989 1230 rem
2046 1188 2151 1228 non
2206 1181 2592 1241 reputaverunt
2633 1188 2649 1226 :
2701 1170 2817 1227 Non
2871 1172 3242 1241 reputavimus
3292 1186 3439 1235 eum.

1874 1281 2051 1337 neque
2082 1268 2257 1336 ipsum
2284 1265 2437 1321 nobis
2464 1264 2815 1330 adscivimus,
2860 1278 3039 1335 neque
3082 1263 3439 1335 cogitavimus

1873 1357 1996 1427 quis
2020 1365 2184 1414 esset.
2220 1354 2341 1426 ipse
2364 1370 2491 1410 vero
2516 1354 2820 1409 animarum
2851 1362 3157 1409 nostrarum
3176 1350 3435 1407 Servatur

1872 1457 2012 1512 erat.
2042 1463 2073 1502 a
2102 1445 2409 1501 vulneribus
2436 1448 2665 1509 curans,
2697 1454 2752 1501 et
2780 1456 3016 1513 purgans
3043 1442 3111 1496 ab
3143 1441 3289 1495 omni
3319 1455 3442 1509 pec.

1872 1546 2012 1592 cato.
2071 1534 2177 1590 Sed
2230 1548 2330 1590 nos
2383 1533 2623 1603 quidem,
2678 1542 2861 1603 utpote
2908 1530 3159 1594 infantes,
3208 1545 3327 1585 eam
3376 1533 3439 1585 de

1872 1622 1965 1683 illo
1994 1626 2281 1686 habuimus
2325 1623 2785 1681 existimationem
2829 1641 2843 1677 :
2888 1622 2976 1677 ille
3009 1636 3139 1676 vero
3180 1621 3295 1677 haec
3324 1637 3440 1676 om-

1871 1718 1959 1773 nia
2022 1732 2121 1789 per
2184 1731 2285 1772 nos
2340 1729 2532 1786 passus
2598 1724 2717 1778 est.
2768 1723 2828 1769 ut
2884 1728 2993 1773 .nos
3050 1712 3310 1769 liberaret
3371 1712 3439 1767 ab

1794 1815 1837 1870 Β
1870 1808 2015 1864 omni
2050 1816 2293 1877 peccato.

1939 1899 2105 1954 Vsus.
2130 1898 2184 1954 5.
2222 1916 2240 1950 ι
2265 1896 2384 1968 Ipse
2408 1904 2589 1953 autem
2617 1894 2931 1950 vulneratus
2960 1902 3041 1950 est
3066 1900 3286 1964 propter
3315 1906 3437 1962 pec-

1865 1996 1987 2043 csta
2028 1996 2234 2051 nostra,
2284 1996 2341 2041 et
2392 1985 2700 2040 infirmatus
2747 1992 2832 2039 est
2870 1993 3090 2053 propter
3123 1982 3440 2054 iniquitates

1867 2085 2098 2132 nostras.
2154 2076 2451 2144 Disciplina
2498 2075 2648 2143 pacis
2692 2084 2888 2129 nostra:
2936 2089 3099 2143 super
3149 2088 3271 2129 eum
3304 2091 3319 2128 :
3353 2075 3437 2128 vi-

1866 2167 1985 2223 bice
2032 2168 2152 2238 ejus
2199 2167 2372 2223 sanati
2418 2180 2632 2222 sumus.
2666 2183 2686 2217 ι
2724 2167 2879 2223 Tunc
2904 2166 3066 2237 igitur
3088 2165 3359 2221 contritus
3382 2174 3438 2222 et

1866 2257 2198 2333 prol'anatus'
2233 2270 2352 2323 est,
2413 2258 2708 2314 secundum
2754 2256 3021 2328 Aquilam,
3076 2271 3141 2313 ac
3198 2257 3434 2327 pessima

1866 2364 2090 2420 quaeque
2116 2364 2407 2419 perpessus
2451 2360 2556 2415 est,
2586 2365 2707 2409 [non
2736 2350 2806 2405 ob
2844 2351 3119 2419 proprium
3161 2351 3436 2420 quoddam

1866 2450 2167 2511 peccatum,
2192 2441 2284 2497 sed
2318 2441 2388 2497 ob
2429 2452 2648 2512 peccata
2678 2450 2885 2497 nostra.
2928 2442 2993 2497 Et
3023 2440 3125 2496 iuit
3153 2441 3434 2510 disciplina

1865 2533 2014 2602 pacis
2054 2543 2251 2590 nostra
2276 2548 2443 2603 super
2467 2548 2635 2602 eum;
2688 2547 2811 2588 cum
2840 2546 2903 2588 ea
2935 2548 3056 2602 qua
3092 2532 3164 2590 ob
3213 2542 3435 2605 peccata

1861 2633 2054 2679 nostra
2088 2637 2186 2679 nos
2226 2623 2433 2693 perpeti
2465 2637 2599 2695 opus
2626 2633 2773 2687 erat.
2800 2624 2917 2680 hzec
2958 2623 3058 2693 ipsi
3105 2637 3434 2690 supervene-

1866 2722 1994 2769 runt
2021 2728 2117 2784 pro
2139 2727 2270 2782 pace
2298 2722 2481 2769 nostra
2507 2727 2632 2769 cum
2660 2713 2773 2770 Deo
2797 2712 3138 2768 stabilienda.
3166 2711 3435 2779 Quoniam

1864 2813 1920 2859 et
1951 2803 2216 2859 vibicibus
2264 2813 2320 2859 et
2373 2803 2691 2859 vulneribus
2740 2813 2855 2859 toto
2904 2818 3133 2873 corpore
3182 2812 3434 2859 onustum

1865 2892 2034 2949 fuisse
2065 2892 2357 2949 verisimile
2385 2901 2487 2957 est,
2534 2902 2715 2962 utpote
2758 2892 2852 2964 qui
2892 2907 3201 2962 percussus,
3242 2891 3435 2964 ﬂagel-

1868 2982 2030 3049 istus,
2062 2982 2115 3038 in
2160 2983 2297 3037 facie
2324 2981 2567 3050 colaphis
2599 2995 2793 3044 casus.
2824 2991 2879 3037 et
2919 2981 2973 3036 in
3019 2982 3197 3051 capite
3224 2984 3436 3038 calamo

1864 3088 2152 3147 percussus
2207 3074 2389 3128 fuerit.
2438 3073 2704 3129 Ceterum
2754 3072 2955 3127 vibices
2993 3072 3300 3144 hujusmodi
3348 3088 3436 3152 sa_-

1865 3168 1962 3223 luti
2014 3166 2169 3222 nobis
2218 3175 2373 3222 erant
2420 3184 2437 3220 :
2488 3181 2613 3220 nam
2667 3165 2886 3221 «vibice
2935 3165 3053 3235 ejus
3104 3180 3205 3221 nos
3256 3166 3435 3222 sanati

1865 3276 2069 3318 smnus.
2104 3280 2121 3312 ι
2164 3258 2271 3313 Nos
2316 3272 2466 3321 vero,
2519 3258 2762 3327 quinam,
2816 3258 2916 3312 nisi
2961 3257 3053 3327 qui
3102 3257 3235 3313 olim
3279 3272 3437 3312 erra-

1863 3352 2062 3416 vimus,
2093 3365 2190 3404 nec
2246 3348 2609 3420 reputavintus
2657 3363 2806 3416 eum,
2856 3364 3030 3420 neque
3080 3349 3435 3421 cognovimus

1862 3443 1985 3515 quis
2007 3452 2148 3499 esset
2164 3442 2190 3496 ?

1936 3578 2101 3635 Vsus.
2120 3578 2175 3642 6,
2201 3578 2251 3632 7.
2289 3596 2311 3631 ‹
2331 3576 2531 3635 Omnes
2557 3575 2712 3646 quasi
2742 3590 2871 3632 oves
2892 3574 3236 3641 erravimus;
3271 3573 3433 3631 homo

1864 3672 2031 3729 invia
2072 3685 2170 3728 sua
2203 3670 2427 3726 erravit.
2470 3669 2533 3726 Et
2564 3668 2828 3725 Dominus
2869 3667 3093 3723 tradidit
3137 3682 3263 3723 eum
3307 3680 3434 3739 pee-

1864 3762 2001 3820 cstis
2026 3764 2231 3820 nostris
2259 3780 2275 3818 :
2308 3772 2366 3819 et
2395 3762 2508 3834 ipse
2536 3771 2764 3833 propter
2793 3758 3133 3815 aﬂlictionetn
3174 3773 3281 3814 non
3306 3772 3435 3829 ape-

1865 3854 1939 3911 rit
1992 3870 2057 3911 os
2103 3869 2282 3912 suum.
2311 3852 2470 3912 Sicut
2506 3854 2625 3909 ovis
2649 3853 2718 3908 ad
2748 3852 3076 3908 occisionem
3108 3850 3303 3907 ductus
3324 3860 3431 3919 est,

1863 3956 1920 4001 et
1967 3947 2109 4003 sicut
2156 3960 2326 4019 agnus
2363 3959 2546 4001 coram
2589 3942 2843 3999 tondente
2870 3942 2990 3998 sine
3016 3954 3170 4009 voce,
3216 3940 3295 3997 sic
3323 3956 3432 3998 non

1863 4037 2039 4107 aperit
2064 4051 2146 4093 os.
2176 4055 2196 4091 ι
2226 4036 2382 4095 Alius
2408 4036 2571 4092 aliam
2598 4034 2724 4092 iniit
2750 4036 2894 4103 viam
2927 4034 3153 4101 erroris,
3196 4034 3323 4106 quia
3367 4036 3433 4091 de

1865 4126 1961 4184 illo
1995 4126 2147 4183 varia
2191 4136 2246 4183 et
2283 4128 2555 4184 contraria
2600 4125 2909 4193 sentiebat;
2955 4135 3014 4181 at
3057 4126 3132 4181 illi
3172 4142 3280 4183 non
3310 4127 3433 4184 sine

1862 4232 2028 4289 scopo
2074 4227 2129 4273 et
2161 4217 2267 4274 nne
2294 4220 2526 4289 quodam
2568 4220 2685 4275 haec
2711 4228 3025 4274 evenerunt.
3059 4217 3176 4290 ipse
3192 4234 3434 4290 namque

1864 4310 2121 4367 Dominus
2157 4323 2278 4367 sese
2306 4310 2524 4366 tradidit
2550 4324 2652 4380 pro
2690 4308 2928 4380 peccatis
2969 4310 3188 4374 nostris,
3228 4318 3290 4364 ut
3327 4325 3432 4381 pro

1863 4401 2167 4456 animarum
2210 4409 2523 4457 nostrarum
2569 4400 2938 4471 redemptione
2982 4401 3213 4472 pretium
3264 4413 3429 4460 esset.

182 4486 366 4559 ἡμῶν.
394 4488 551 4545 Οὕτω
565 4491 675 4563 γάρ
700 4493 793 4548 καὶ
833 4495 1030 4566 ’Δμνδς
1048 4496 1144 4551 τοῦ
1174 4496 1309 4552 Θεοῦ
1334 4498 1573 4568 γέγονεν.
1590 4501 1761 4573 αῐρων

1867 4491 1957 4549 Sic
1998 4494 2142 4548 enim
2182 4502 2237 4548 et
2274 4494 2461 4564 Agnus
2492 4493 2584 4550 Dei
2614 4491 2791 4548 lactus
2817 4500 2923 4557 est,
2972 4494 3063 4562 qui
3097 4492 3235 4547 tollit
3268 4503 3432 4563 atque

183 4579 286 4633 καὶ
320 4581 731 4656 περικαθαίρων
764 4584 863 4655 τὴν
895 4586 1168 4660 ἀμαρτίαν
1205 4588 1299 4643 τοῦ
1332 4590 1556 4661 κόσμου.
1608 4590 1665 4647 '0
1704 4592 1761 4647 δὲ

180 4669 506 4743 εύμμαχοςι
554 4692 573 4725 ι
606 4675 993 4749 ammon.
1040 4680 1196 4749 φησι.
1278 4682 1370 4735 καὶ
1413 4682 1574 4746 αὐτὸς
1619 4682 1760 4754 ὑπήο

181 4778 372 4817 nouos.
405 4783 423 4815 ι
463 4762 579 4818 Τίνι
607 4766 663 4820 δὶ
688 4768 1031 4841 προσηνέχθη
1056 4769 1170 4825 ἀλλ’
1207 4771 1241 4843 ἢ
1269 4772 1349 4844 τῷ
1379 4774 1623 4845 Πιλάτῳ;
1652 4776 1761 4830 Καὶ

177 4854 377 4926 ἐπειδὴ
398 4857 867 4929 κατηγορούμενος
898 4860 1126 4928 έσιώπα,
1161 4864 1254 4918 καὶ
1281 4864 1755 4938 ψευδομαρτυροῦ-

184 4962 351 5017 μενος
377 4947 525 5002 οὐδὲν
549 4948 897 5020 ἀπεκρίνατο,

261 5099 282 5132 ι
336 5082 425 5135 Ἐν
451 5085 517 5154 τῇ
550 5082 789 5138 κακώσει
824 5086 856 5155 ἡ
892 5086 1071 5156 κρίσις
1108 5085 1275 5142 αὐτοῦ
1302 5088 1468 5161 ἤρθη.
1511 5090 1622 5162 Τὴν
1659 5109 1753 5162 γε-

181 5172 314 5228 νεάν
342 5174 507 5227 αὐτοῦ
526 5174 609 5237 τίς
638 5174 954 5247 διηγήσεται
980 5193 994 5241 ;
1023 5178 1140 5233 Ὀτι
1168 5174 1382 5251 αἴρεται
1415 5181 1522 5235 ἀπὸ
1540 5182 1637 5253 τῆς
1654 5187 1757 5255 γῆς

181 5264 218 5334 ἡ
235 5260 355 5332 ζωὴ
377 5261 561 5316 αὑτοῦ·
597 5264 703 5319 ἀπὸ
726 5264 833 5318 τῶν
854 5266 1091 5337 ἀνομιῶν
1110 5268 1202 5322 τοῦ
1234 5269 1363 5325 λαοῦ
1399 5289 1499 5343 μου
1522 5274 1659 5346 ῆχθη
1678 5279 1757 5340 εὶς

184 5349 439 5407 θάνατον.
479 5369 499 5404 s
532 5351 760 5407 Διελθὼν
793 5354 959 5409 αὐτοῦ
992 5354 1059 5410 τά
1094 5356 1263 5429 πάθη,
1308 5361 1618 5433 ἀναπέμπει
1659 5362 1755 5435 τὴν

180 5440 292 5498 τῶν
314 5441 618 5496 ἀκουόντων
650 5444 889 5499 διάνοιαν
923 5447 1018 5499 επὶ
1048 5448 1150 5520 τὴν
1171 5448 1272 5519 τῆς
1302 5451 1567 5519 γενέσεως
1596 5453 1760 5507 αὑτοῦ

185 5530 512 5602 φαντασίαν,
562 5532 857 5603 ἐπιλέγων·
909 5554 929 5587 ι
970 5536 1081 5608 Τὴν
1110 5537 1301 5607 γενεὰν
1343 5539 1504 5595 αὑτοῦ
1549 5541 1634 5605 τίς
1677 5541 1763 5595 δι-

182 5623 497 5695 ηγήσεται;
538 5642 556 5674 ι
608 5624 742 5677 Τότε
797 5623 905 5695 γάρ
953 5626 1187 5697 μάλιστά
1211 5646 1295 5694 τις
1346 5629 1529 5702 μεῖζον
1576 5631 1759 5685 λοιπῖιν

187 5718 426 5791 λήψεται
460 5715 645 5786 θαῦμα
668 5754 671 5757 γ
693 5716 793 5786 τῆς
838 5716 945 5770 τῶν
981 5718 1252 5772 τοσούτων
1296 5722 1589 5791 ὑπιιιονῆςν
1633 5724 1757 5777 ὅταν

512 5832 782 5893 Panos.
809 5831 1140 5898 GaXXlt’

1863 4594 2057 4657 purgat
2077 4595 2357 4656 peccatum
2382 4585 2586 4641 mundi.
2613 4584 2973 4655 Symmachus
2996 4595 3200 4648 autem,
3228 4603 3249 4638 ι
3274 4583 3435 4641 Obla-

1864 4686 1953 4731 tus
1995 4685 2097 4739 est,
2145 4678 2243 4743 ait,
2293 4687 2348 4731 et
2388 4677 2503 4745 ipse
2538 4678 2797 4732 obedivit.
2830 4695 2850 4728 ι
2898 4675 2994 4731 Cui
3042 4692 3174 4733 vero
3216 4679 3431 4734 oblatus

1861 4776 1965 4833 eet,
1998 4768 2101 4822 nisi
2139 4768 2348 4823 Pilato?
2386 4767 2455 4823 Et
2484 4769 2609 4836 quia
2639 4778 2922 4825 accusatus
2953 4770 3136 4832 tacuit,
3182 4783 3238 4826 et
3276 4771 3430 4827 falsis

1859 4860 2091 4915 testibus
2117 4860 2251 4915 nihil
2284 4861 2580 4931 respondit,

1932 5083 2101 5139 Vale.
2132 5082 2186 5139 8.
2220 5103 2239 5136 ι
2263 5083 2319 5139 lu
2360 5082 2654 5141 afﬂictione
2689 5085 2948 5155 judicium
2981 5086 3098 5154 ejus
3131 5079 3296 5137 latum
3325 5094 3427 5140 est.

1862 5173 2281 5231 Generationem
2321 5176 2441 5245 ejus
2473 5180 2593 5246 quis
2613 5176 2925 5233 enarrabit?
2971 5178 3103 5243 Quia
3135 5175 3336 5232 tollitur
3366 5180 3431 5231 de

1864 5277 2009 5324 terra
2040 5269 2147 5324 vita
2177 5267 2313 5337 ejus.
2358 5272 2441 5325 Ab
2476 5272 2851 5342 iniquitatibus
2881 5271 3065 5343 populi
3102 5272 3205 5326 mei
3236 5274 3430 5326 ductus

1862 5369 1945 5414 est
1971 5358 2037 5413 ad
2076 5370 2328 5415 mortem.
2364 5379 2385 5412 s
2431 5360 2719 5432 Postquam
2760 5364 3034 5417 cruciatus
3080 5361 3199 5431 ejus
3246 5375 3432 5416 recen-

1862 5452 1991 5515 suit.
2021 5452 2328 5507 auditorum
2364 5463 2595 5509 mentem
2631 5454 2697 5509 ad
2736 5454 3102 5525 generationis
3140 5453 3258 5521 ejus
3279 5453 3429 5522 cogi-

1862 5542 2119 5595 tationem
2172 5542 2507 5607 transmittit,
2563 5544 2679 5600 hmc
2715 5544 2975 5612 adjicicns
3015 5561 3028 5597 :
3069 5542 3431 5599 «Generatio-

1865 5648 1983 5687 nem
2012 5630 2129 5700 eius
2160 5633 2282 5702 quis
2308 5635 2585 5689 enarrabit
2606 5636 2630 5691 ?
2654 5654 2674 5687 s
2728 5635 2857 5689 Nam
2893 5643 3005 5688 tum
3044 5634 3277 5689 maxime
3306 5634 3430 5701 qui-

1864 5726 1945 5780 vis
1974 5722 2166 5794 majori
2193 5726 2263 5780 ob
2287 5727 2600 5796 patientiam
2636 5728 2750 5797 ejus
2782 5726 3141 5781 admiratione
3166 5726 3428 5797 capietur.

3034 5842 3110 5901 15
