4058 6464
711 390 813 445 459

1361 386 1622 442 EUSEBII
1659 385 2126 441 CESARIENSIS
2164 388 2311 442 OPP.
2354 387 2531 442 PARS
2572 389 2654 442 Ill.
2695 420 2762 429 ——
2802 388 3213 444 EXEGETICA.
3793 392 3879 448 ιω

708 521 828 560 cum
879 517 1054 558 secum
1110 505 1429 570 reputaverit
1488 505 1609 571 quis
1669 511 1725 555 et
1773 503 1949 570 qualis
2019 504 2107 559 ille
2159 505 2231 557 sit

2356 505 2435 566 είς
2464 504 2670 557 ἔννοιαν
2707 505 2833 577 ἔλθῃ
2862 504 2942 567 τίς
2973 504 3048 556 ὢν
3082 506 3172 555 καὶ
3199 504 3398 566 ὁποῖος,
3442 506 3533 557 καὶ
3564 506 3628 558 ἐκ
3651 504 3774 559 Θεοῦ
3796 520 3853 575 γε

708 606 763 649 et
793 595 930 664 quod
976 610 1040 648 ex
1092 594 1197 647 Deo
1238 603 1397 649 natus
1454 594 1859 661 nnigeuitusque
1908 594 2028 647 talia
2075 595 2251 649 susti-

709 686 902 741 nuerit.

778 819 939 876 Vens.
964 819 1018 876 9.
1061 838 1079 872 ι
1110 820 1178 874 Ει
1212 819 1347 873 dabo
1378 820 1647 887 improbos
1685 835 1781 887 pro
1811 820 2081 888 sepultura
2114 820 2249 890 ejus,

704 921 758 966 et
798 912 985 965 divites
1029 926 1124 979 pro
1170 922 1340 963 morte
1371 909 1545 976 ejus':
1598 913 1721 979 quia
1771 911 2107 979 iniquitatem
2145 928 2247 965 non

705 1002 851 1064 fecit,
897 1016 1069 1070 neque
1110 999 1285 1052 dolum
1331 999 1382 1051 in
1431 1013 1524 1053 ore
1576 1015 1690 1055 suo.
1722 1019 1738 1051 ι
1780 1000 1909 1067 Quis
1940 1002 2116 1065 dabit,
2146 1002 2246 1056 nisi

704 1092 1067 1145 universorum
1115 1087 1321 1155 iudex?
1366 1098 1421 1142 et
1461 1103 1595 1157 quos
1630 1091 1796 1155 dabit,
1852 1090 1953 1143 nisi
1997 1104 2111 1154 eos,
2157 1092 2244 1158 qui

702 1180 850 1247 prius
892 1186 1174 1232 memorata
1219 1186 1610 1247 perpetrarunt,
1645 1192 1777 1243 quos
1810 1178 2010 1243 statim,
2038 1194 2135 1232 nec
2157 1180 2243 1233 ditt

703 1283 884 1338 postea
906 1308 922 1333 ,
958 1268 1191 1322 inimicis
1224 1276 1277 1321 et
1308 1267 1548 1321 hostibus
1594 1266 1959 1321 obsidentibus
1996 1269 2245 1322 tradidit?

699 1360 775 1413 Ac
805 1359 963 1413 etiam
995 1356 1273 1411 confestim
1323 1357 1533 1419 accidit,
1577 1365 1633 1407 ut
1677 1358 1932 1410 memoria
1967 1372 2149 1411 eorum
2178 1373 2243 1412 ex

701 1448 1003 1502 hominibus
1042 1446 1365 1509 auferretur,
1406 1447 1492 1513 qui
1527 1446 1652 1498 olim
1698 1449 1832 1514 apud
1864 1446 2075 1502 Judmos
2108 1450 2242 1502 mul-

702 1550 807 1592 tum
863 1539 1182 1593 auctoritate
1232 1538 1520 1600 valebant,
1573 1537 1962 1591 Pharisaeorum
2014 1538 2240 1601 scilicet,

698 1625 1005 1681 Scribarum
1044 1639 1096 1682 et
1132 1627 1584 1690 Sadduczeorum;
1628 1626 1694 1680 ad
1742 1629 1852 1681 haec
1889 1642 2035 1691 vero,
2068 1643 2244 1682 sacer-

696 1714 877 1770 dotum
923 1726 974 1770 et
1023 1723 1352 1770 summorum
1404 1716 1747 1784 pontiﬁcum,
1799 1733 2001 1772 necnon
2035 1732 2237 1779 eorum,

694 1805 785 1872 qui
834 1806 978 1872 regia
1024 1821 1185 1872 penes
1231 1806 1372 1873 ipsos
1400 1806 1658 1870 dignitate
1700 1805 1987 1876 fulgebant.
2020 1805 2150 1861 Nam
2188 1809 2237 1861 hi
2272 1836 2313 1887 Β

695 1904 838 1959 sunt,
886 1895 977 1963 qui
1023 1897 1121 1949 hoc
1168 1895 1281 1952 loco
1319 1896 1509 1949 divites
1551 1895 1926 1964 appellantur:
1960 1914 2094 1966 quos
2136 1914 2236 1953 non

695 1985 783 2039 diu
816 1994 995 2055 postea
1026 1988 1102 2040 ira
1136 1986 1225 2039 Dei
1255 1988 1468 2053 invasit,
1502 1990 1625 2057 quia
1660 1988 2058 2058 impeccabilem
2083 1988 2241 2043 Chri-

694 2082 871 2141 stum,
927 2078 1016 2130 tali
1072 2078 1329 2145 supplicio
1381 2080 1715 2133 dediderant.
1755 2099 1773 2131 t
1815 2080 1942 2144 Quia
1984 2081 2233 2148 iniquita-

695 2178 798 2220 tem
832 2182 935 2220 non
967 2167 1108 2231 fecit,
1157 2182 1327 2236 neque
1370 2168 1548 2221 dolum
1581 2167 1633 2220 in
1676 2183 1769 2221 ore
1818 2183 1931 2221 suo.
1963 2186 1978 2217 ι
2024 2168 2097 2220 De
2127 2167 2239 2234 ejus

692 2271 787 2311 seu
822 2256 986 2310 verbo
1032 2246 1121 2310 seu
1152 2270 1312 2323 opere
1362 2257 1806 2325 impeccabilitate
1838 2257 2045 2325 loquor,
2080 2273 2237 2323 quam

693 2350 744 2399 in
773 2347 916 2400 omni
952 2347 1059 2399 vita
1094 2363 1186 2401 sua
1217 2347 1471 2401 obtinuit.
1513 2364 1531 2396 ι
1567 2345 1731 2400 Nemo
1761 2348 1919 2416 igitur
1951 2362 2114 2416 purus
2140 2346 2233 2400 fuit

689 2452 719 2489 α
769 2436 951 2498 sorde,
1000 2436 1213 2489 etiamsi
1271 2437 1427 2490 unius
1481 2435 1583 2489 diei
1637 2435 1792 2490 fuerit
1841 2437 1943 2489 vita
2002 2438 2116 2505 ejus
2138 2440 2179 2501 ',
2213 2456 2231 2487 ι

692 2527 794 2579 nisi
830 2527 961 2594 ipse.

761 2636 921 2691 Vsus.
951 2638 1036 2691 10.
1075 2656 1093 2688 ι
1125 2638 1188 2691 Et
1229 2636 1483 2689 Dominus
1533 2638 1643 2691 vult
1697 2638 1952 2690 mundare
1988 2638 2160 2706 ipsum
2206 2656 2234 2692 a

688 2728 863 2796 plaga.
893 2746 912 2778 ι
948 2726 1051 2780 Pro
1081 2727 1326 2781 omnibus
1347 2741 1475 2794 ergo
1500 2727 1586 2779 ille
1615 2735 1854 2780 mortuus
1880 2739 1982 2790 est,
2020 2739 2077 2780 ut
2111 2744 2235 2795 pur-

688 2826 838 2889 garet
865 2826 919 2871 et
950 2816 1158 2870 tolleret
1186 2806 1463 2884 peccattim
1494 2817 1708 2881 mundi;
1739 2818 2088 2885 quamobrem
2125 2834 2155 2872 e
2178 2834 2235 2873 re

701 2905 801 2960 bre
828 2905 1113 2958 aastimavit
1142 2905 1278 2959 Deus
1316 2916 1370 2959 et
1401 2904 1575 2967 Pater,
1610 2908 1653 2959 si
1688 2923 1806 2960 eum
1848 2922 1877 2958 a
1909 2908 2092 2976 plaga,
2122 2910 2234 2964 sive

687 2997 754 3049 ab
784 2994 926 3057 illata
955 2997 1201 3063 passione
1232 3005 1506 3065 purgaret.
1555 3016 1572 3047 ‹
1605 2997 1662 3051 Si
1698 2998 1948 3052 dederitis
1980 3016 2074 3066 pro
2105 3014 2231 3068 pec-

2352 609 2510 661 γιννη
2520 592 2676 661 μένος
2706 595 2992 663 μονογενὴς
3015 592 3184 644 ταῦτα
3218 594 3389 646 πάντα
3416 591 3646 663 ὑπέστη.

2423 828 2441 859 ι
2476 810 2585 862 Καὶ
2612 810 2766 864 δώσω
2793 814 2917 875 τοὺς
2948 812 3216 882 πονηροὺς
3246 811 3365 865 ἀντὶ
3387 813 3484 883 τῆς
3512 814 3684 885 ταφῆς
3711 811 3875 878 αὐτοῦ,

2349 900 2441 952 καὶ
2464 901 2589 963 τοὺς
2622 902 2905 965 πλουσίους
2933 903 3051 954 ἀντὶ
3085 902 3176 955 τοῦ
3211 902 3442 957 θανάτου
3468 906 3655 958 αὐτοῦ·
3682 907 3757 959 ὅτι
3775 907 3874 960 dvo

2351 988 2475 1057 μίαν
2506 988 2605 1041 οὐκ
2637 990 2882 1059 ἐποίησε,
2934 990 3053 1043 οὐδὲ
3072 989 3217 1043 δόλον
3239 992 3296 1043 ἐν
3316 992 3394 1062 τῷ
3427 995 3650 1063 στόματι
3682 995 3876 1047 αὑτοῦ.»

2347 1078 2441 1141 Τίς
2472 1078 2528 1131 δὲ
2560 1079 2719 1132 δώσει
2748 1080 2779 1149 ἢ
2810 1082 2837 1132 ό
2866 1080 2972 1132 τῶν
3010 1081 3143 1133 ὅλων
3180 1084 3408 1153 κριτής;
3434 1085 3527 1136 καὶ
3554 1084 3700 1148 τίνας
3719 1085 3750 1155 ἢ
3772 1086 3881 1146 τοὺς

2346 1171 2706 1243 τά³είρημένα
2733 1172 3080 1242 δεδρακότας,
3110 1172 3201 1236 οὓς
3237 1175 3331 1226 καὶ
3366 1176 3678 1245 παρέδωκεν
3705 1176 3887 1230 αὐτίκα

2345 1263 2438 1315 καὶ
2460 1264 2555 1315 οὐκ
2592 1265 2668 1325 είς
2700 1264 2913 1332 μακρὰν
2941 1263 3175 1333 ἐχθροῖς,
3205 1266 3298 1317 καὶ
3328 1266 3625 1335 πολεμίοις,
3674 1268 3764 1319 καὶ
3796 1283 3883 1319 πο-

2344 1355 2687 1424 λιορκηταϊς;
2728 1355 2791 1406 '0
2834 1353 2897 1423 δὴ
2929 1356 3021 1406 καὶ
3050 1355 3180 1407 αὐτὸ
3215 1358 3553 1427 παραχρῆμα
3588 1358 3802 1427 συνέϐη,
3835 1358 3886 1423 ἐξ

2342 1444 2639 1516 ἀνθρώπων
2669 1444 3025 1514 ἀφανισθῆναι
3056 1447 3115 1497 τὸ
3146 1447 3484 1516 μνημόσυνον
3516 1448 3696 1501 αὐτῶν
3734 1449 3886 1501 πάλαι

2343 1538 2492 1607 παρὰ
2532 1536 2792 1589 Ἰουδαίων
2822 1534 2993 1588 πολλὰ
3029 1535 3427 1606 δεδυνημένων,
3468 1538 3771 1607 Φαρισαίων
3804 1539 3889 1589 καὶ

2342 1626 2728 1697 γραμματέων,
2755 1628 2845 1679 καὶ
2873 1626 3257 1679 Σαδδουκαίων”
3277 1628 3368 1678 καὶ
3393 1626 3471 1678 ἔτι
3494 1628 3629 1696 πρὸς
3657 1628 3856 1690 τούτοις
3873 1669 3886 1691 ,

2343 1719 2529 1787 ἱερέων
2558 1735 2615 1769 τε
2641 1718 2733 1770 καὶ
2763 1716 3079 1787 ἀρχιερέων,
3104 1716 3198 1768 καὶ
3225 1716 3332 1767 τῶν
3360 1722 3486 1786 παρ’
3516 1720 3699 1782 αὐτοῖς
3750 1718 3891 1786 βασι-

2342 1809 2463 1877 λικῇ
2496 1808 2620 1877 ἀξίᾳ
2648 1807 3038 1877 τετιμημένων.
3087 1800 3243 1859 Οὗτοι
3283 1808 3389 1878 γὰρ
3416 1804 3554 1878 ἦσαν
3583 1810 3633 1861 οἰ
3668 1807 3888 1860 ἐνταῦθα

2340 1898 2618 1969 λεγόμενοι
2642 1898 2882 1951 πλούσιοι
2906 1915 2918 1927 υ
2954 1897 3046 1961 οὒς
3082 1897 3344 1967 μετῆλθεν
3377 1900 3475 1951 οὐκ
3500 1900 3580 1961 είς
3621 1900 3833 1969 μακρὰν
3858 1900 3889 1968 ἡ

2338 1991 2472 2060 όργὴ
2502 1990 2593 2043 τοῦ
2635 1988 2788 2053 Θεοῦ,
2821 1989 2950 2041 διότι
2986 1988 3363 2059 ἀναμάρτητον
3389 1989 3517 2042 ὄντα
3552 1990 3639 2042 τὸν
3669 1988 3892 2061 Χριστὸν

2339 2080 2559 2151 τοιαύτῃ
2585 2080 2801 2133 κολάσει
2830 2078 3277 2148 ὑποϐεϐλήκασιν.
3306 2097 3325 2129 ι
3363 2080 3484 2131 Ὀτι
3531 2081 3759 2150 ἀνομίαν
3798 2082 3893 2133 οὐκ

2340 2171 2609 2240 ἐποίησεν,
2632 2171 2751 2223 οὐδέ
2792 2170 2937 2223 δόλον
2954 2174 3009 2225 ἐν
3024 2172 3100 2241 τῷ
3118 2173 3343 2242 στόματι
3360 2172 3543 2225 αὑτοῦ.
3555 2191 3573 2223 ι
3586 2172 3746 2240 Λέγω
3760 2171 3822 2241 δὴ
3836 2171 3893 2222 τὸ

2336 2260 2400 2313 δι’
2420 2261 2545 2331 ὅλης
2574 2260 2673 2329 τῆς
2710 2259 2801 2312 τοῦ
2832 2260 2944 2329 βίου
2971 2259 3112 2331 ζωῆς
3138 2262 3604 2333 ἀναμάρτητον,ἐν
3620 2262 3769 2332 λόγῳ
3806 2260 3895 2314 καὶ

2338 2351 2499 2421 ἔργῳ.
2536 2368 2555 2399 ‹
2589 2349 2777 2412 Οὐδεὶς
2802 2344 2893 2402 οὖν
2929 2348 3168 2421 καθαρὸς
3189 2350 3411 2419 γέγονεν
3436 2350 3545 2403 ἀπὸ
3567 2350 3768 2420 ῥύπου,
3790 2350 3892 2404 οὐδ’

2337 2444 2383 2493 εί
2411 2441 2507 2511 μία
2532 2441 2711 2512 ἡμέρα
2736 2437 2803 2511 ἦν
2834 2442 2866 2511 ἡ
2897 2440 3008 2512 ζωὴ
3047 2440 3231 2501 αὑτοῦ,
3264 2439 3340 2511 »ἢ
3370 2440 3529 2509 μόνος
3558 2440 3746 2503 αὐτός.

2411 2656 2427 2685 ι
2472 2637 2577 2690 Καὶ
2604 2638 2805 2713 Κύριος
2841 2640 3085 2710 βούλεται
3116 2642 3412 2713 καθαρίσαι
3440 2643 3601 2697 αὐτὸν
3634 2644 3741 2713 τῆς
3768 2643 3898 2713 πλη-

2334 2726 2453 2795 γῆς.
2491 2746 2508 2778 ι
2535 2728 2741 2782 Οὐκοῦν
2773 2730 2913 2801 ὑπὲρ
2941 2732 3157 2784 πάντων
3180 2732 3338 2795 αὐτὸς
3365 2733 3653 2795 ἀπέθανεν,
3692 2735 3779 2787 ἴνα
3810 2750 3898 2787 κα-

2334 2816 2470 2886 θάρῃ
2512 2819 2604 2870 καὶ
2644 2820 2867 2891 περιέλῃ
2891 2820 2988 2891 τὴν
3018 2822 3289 2892 ἁμαρτίαν
3308 2822 3399 2875 τοῦ
3432 2823 3635 2892 κόσμου
3654 2841 3669 2851 ·
3709 2825 3790 2877 διδ
3811 2825 3899 2880 καὶ

2333 2903 2543 2975 ἔκρινεν
2588 2907 2617 2958 ὁ
2648 2906 2778 2970 Θεὸς
2833 2910 2925 2961 καὶ
2974 2910 3159 2982 Πατὴρ
3194 2913 3354 2965 αὐτοῦ
3406 2912 3702 2982 καθαρίσαι
3741 2914 3897 2967 αὑτὸν

2331 2996 2430 3065 τῆς
2461 2996 2692 3067 πληγῆς,
2725 2998 2965 3052 τουτέστι
2986 3000 3077 3053 τοῦ
3103 3002 3479 3071 ἐπενεχθέντος
3499 3002 3647 3072 αὐτῷ
3669 3004 3896 3067 πάθους.

693 3093 841 3151 tato,
896 3087 1073 3137 anima
1132 3096 1306 3138 vestra
1375 3085 1574 3137 videbit
1625 3100 1807 3138 semen
1862 3087 2175 3151 longaevum.
2208 3105 2225 3137 ι

2338 3103 2356 3135 ι
2402 3086 2527 3139 Ἐὰν
2554 3086 2692 3140 δῶτε
2745 3090 2870 3159 περὶ
2926 3090 3277 3161 ἀμαρτίας,ή
3311 3091 3456 3162 ψυχὴ
3503 3092 3654 3161 ὑμῶν
3710 3094 3899 3162 ὄψεται

688 3175 835 3243 Quod
862 3178 936 3229 ait
968 3177 1267 3245 hujusmodi
1293 3186 1373 3229 est
1406 3193 1419 3227 :
1458 3175 1581 3229 Post
1607 3191 1667 3228 ea
1694 3191 1811 3244 qua:
1845 3179 2088 3245 superius
2121 3194 2230 3233 me«

2334 3174 2547 3245 σπέρμα
2575 3156 2881 3249 μακρόϐιον.
2918 3197 2935 3229 ι
2959 3156 3023 3231 Ὃ
3044 3156 3108 3232 ’δὲ
3150 3156 3296 3248 λέγει
3315 3156 3553 3233 τοιοῖιτόν
3576 3184 3720 3235 ἐστι.
3746 3156 3900 3237 Μετά

688 3269 1031 3327 ntoravitnus.
1068 3268 1111 3321 si
1166 3268 1291 3335 quis
1324 3282 1385 3319 ex
1420 3267 1486 3320 iis
1513 3268 1602 3334 qui
1635 3278 1823 3321 contra
1856 3271 2027 3337 ipsum
2072 3270 2231 3337 impie

689 3367 928 3429 egerunt,
960 3358 1185 3413 voluerit
1219 3358 1443 3411 hostiam
1482 3357 1713 3421 offerre;
1761 3360 1812 3412 id
1860 3370 1981 3424 est,
2018 3360 2228 3415 confes-

685 3454 891 3504 sionem
920 3457 974 3503 et
1018 3448 1385 3516 pmnitentiam
1417 3458 1761 3515 peccatorum
1797 3450 2077 3513 exhibere,
2110 3451 2154 3504 is
2198 3466 2226 3503 a

684 3556 779 3609 spe
816 3543 953 3595 bona
1001 3541 1052 3592 in
1103 3555 1222 3594 eum
1268 3542 1500 3607 reposita
1547 3554 1876 3608 nequaquam
1932 3541 2222 3595 delabetur.

684 3632 902 3687 Etiamsi
928 3632 1068 3685 enim
1099 3631 1299 3684 dictum
1341 3630 1522 3693 fuerit,
1576 3649 1594 3682 ι
1618 3630 1763 3685 Dabo
1796 3632 1983 3701 impios
2017 3646 2111 3699 pro
2144 3649 2229 3685 se-

682 3722 892 3790 pultura
924 3719 1062 3788 ejus,
1107 3726 1160 3773 et
1189 3720 1378 3775 divites
1420 3735 1517 3788 pro
1564 3731 1733 3775 morte
1759 3719 1910 3788 ejus;
1937 3740 1955 3774 ι
1992 3726 2224 3776 attamen

681 3814 723 3868 si
756 3828 870 3875 vos,
902 3813 992 3882 qui
1025 3811 1149 3865 talia
1188 3811 1303 3866 ausi
1346 3813 1494 3879 estis,
1530 3813 1723 3867 donum
1756 3828 1852 3881 pro
1883 3822 2098 3882 peccato
2129 3815 2224 3868 ob-

683 3905 932 3967 tuleritis,
963 3903 1175 3957 veniam
1210 3904 1634 3973 consequemini,
1665 3905 1842 3957 anima
1877 3914 2049 3959 vestra
2077 3905 2224 3958 salu-

684 4007 786 4049 tem
811 3996 1105 4057 obtinebit;
1137 3995 1427 4063 quinetiam
1454 4010 1635 4049 semen
1658 3980 1963 4063 iongtevum
1992 3997 2221 4050 videbit:

682 4087 782 4143 hoc
828 4088 999 4156 ipsum
1038 4086 1299 4146 videlicet.
1353 4087 1491 4155 quod
1530 4088 1595 4140 ab
1643 4086 1756 4155 ipso
1812 4089 1861 4139 in
1919 4087 2225 4141 hominibus

680 4192 925 4246 sparsum
961 4177 1155 4242 fuerat,
1195 4178 1258 4231 de
1301 4192 1406 4245 quo
1452 4176 1503 4229 in
1545 4169 1813 4245 parabolis
1864 4178 2081 4241 docens,
2117 4180 2225 4230 aie-

681 4270 770 4324 bat
797 4289 809 4325 :
839 4288 857 4319 ‹
886 4270 1029 4323 Esiit
1058 4271 1147 4337 qui
1187 4271 1416 4323 seminat
1460 4268 1723 4321 seminare
1747 4269 1800 4332 δ;
1836 4287 1853 4316 ›
1902 4278 1954 4321 et
1988 4284 2224 4328 rursum,

685 4383 703 4410 α
737 4361 920 4415 Simile
974 4372 1055 4414 est
1116 4375 1332 4427 regnum
1386 4358 1644 4413 rwlornm
1691 4358 1887 4411 homini
1941 4360 2220 4412 seminanti

678 4456 874 4509 bonum
904 4468 1081 4507 semen
1120 4454 1169 4503 in
1204 4466 1331 4520 agro
1362 4465 1457 4503 suo
1487 4451 1528 4502 ³.
1559 4470 1575 4501 ι

747 4654 908 4707 Vens.
942 4654 1025 4705 Η.
1073 4671 1089 4700 ι
1117 4650 1179 4703 Et
1222 4650 1335 4703 vult
1375 4648 1627 4702 Dominus
1672 4648 1886 4701 auferre
1931 4648 1993 4700 de
2042 4646 2219 4700 labore

676 4744 906 4796 animam
948 4742 1079 4807 ejus,
1129 4739 1409 4793 ostendere
1451 4738 1497 4791 ei
1542 4738 1734 4803 lucem,
1780 4746 1831 4791 et
1863 4737 2094 4789 formare
2136 4737 2214 4787 in~

679 4834 988 4900 telligentia,
1011 4830 1305 4902 justiﬁcare
1330 4828 1528 4893 justum
1566 4831 1697 4882 bene
1736 4829 2051 4882 servientem
2086 4826 2213 4879 mul-

676 4927 761 4981 tis.
789 4944 805 4975 ι
848 4923 898 4975 Id
932 4923 994 4975 de
1022 4937 1127 4975 uno
1156 4920 1431 4974 Salvatore
1464 4929 1644 4971 nostro
1672 4919 1775 4970 dici
1818 4933 1911 4985 par
1941 4927 2020 4970 est
2046 4920 2073 4970 3'
2096 4932 2215 4968 nam

671 5031 883 5083 semper
925 5017 976 5067 iu
1020 5030 1177 5067 manu
1212 5012 1328 5079 ejus
1359 5011 1530 5063 Patris
1570 5009 1813 5062 voluntas
1856 5019 1998 5061 recte
2036 5022 2218 5075 prore-

673 5107 849 5160 debat.
886 5105 1037 5159 Dedit
1076 5114 1251 5158 autem
1283 5104 1382 5171 ipsi
1414 5102 1605 5163 lucem,
1634 5111 1690 5153 ut
1723 5116 1814 5154 eos
1837 5101 1927 5167 qui
1955 5100 2213 5169 justitiam

673 5212 767 5263 per
810 5196 983 5262 ipsum
1018 5204 1449 5262 assequerentur,
1492 5193 1813 5246 illuminaret
1851 5210 1867 5248 :
1917 5192 2216 5261 intelligi-n-

676 5286 798 5338 tiatn
828 5286 951 5337 item
992 5285 1089 5351 ipsi
1136 5284 1396 5351 contulit;
1439 5298 1559 5337 nam
1600 5284 1855 5351 requievit
1898 5299 2059 5353 super
2095 5299 2214 5336 eum

672 5374 890 5441 spiritus
947 5376 1219 5442 sapientize
1269 5384 1320 5429 et
1377 5374 1771 5449 iuteiligeutire,
1824 5384 1879 5428 ut
1932 5378 2217 5445 prudentes

670 5462 944 5531 iustosque
1011 5465 1256 5519 redderet
1306 5480 1437 5534 eos,
1493 5466 1607 5535 qui'
1640 5466 2016 5533 justilicatioue
2073 5470 2215 5537 digni

674 5568 846 5609 erant.

745 5734 765 5765 ³
793 5735 891 5789 Joh
920 5751 1026 5797 .ttv,
1065 5737 1108 5787 ί.
1184 5737 1202 5766 ⁸
1230 5735 1357 5790 Luc.
1390 5751 1506 5799 vin,
1666 5737 1685 5767 ⁵
1714 5736 1895 5789 Matth.
1930 5753 2043 5802 xm,
2081 5738 2168 5791 57.

2329 3263 2397 3315 τά
2426 3265 2784 3335 προλεχθέντα
2816 3268 3011 3334 πάντα,
3053 3268 3212 3331 εἴτις
3236 3269 3343 3321 τῶν
3376 3272 3455 3332 είς
3488 3272 3649 3323 αὐτὸν
3686 3273 3897 3343 ἠσεϐη-

2330 3354 2498 3407 κότων
2535 3353 2815 3426 βουληθείη
2848 3356 3035 3411 θυσίαν
3064 3360 3370 3429 ἀνενεγκεῖν
3400 3363 3538 3432 ὑπὲρ
3563 3364 3665 3433 τῆς
3701 3367 3897 3420 ἑαυτοῦ

2327 3446 2616 3515 ἁμαρτίας,
2639 3447 2911 3501 τουτέστιν
2938 3450 3318 3522 ἐξομολόγησιν
3351 3456 3444 3507 καὶ
3475 3457 3772 3524 μετάνοιαν
3792 3459 3900 3511 τῶν

2328 3534 2719 3605 ἡμαρτημένων
2748 3538 3112 3607 ἐνδείξασθαι,
3156 3542 3256 3594 οὐκ
3289 3544 3642 3609 ἀποτεύξεται
3684 3549 3789 3618 τῆς
3821 3552 3899 3613 είς

2326 3625 2486 3676 αὑτὸν
2512 3627 2719 3697 ἀγαθῆς
2754 3628 2984 3693 ἐλπίδος.
3018 3632 3080 3683 Ei
3108 3632 3216 3703 γὰρ
3251 3634 3344 3686 καὶ
3369 3635 3436 3687 τὰ
3474 3636 3713 3705 μάλιστα
3748 3640 3904 3712 εῐρηα

2325 3732 2433 3778 ται,
2463 3717 2543 3769 ὃτι
2569 3735 2587 3767 ι
2621 3716 2785 3771 Δώσω
2810 3721 2935 3783 τοὺς
2966 3724 3234 3793 πονηροὺς
3280 3724 3401 3777 ἀντὶ
3446 3725 3545 3795 τῆς
3574 3730 3761 3799 ταφῆς
3804 3731 3904 3783 αὐ-

2324 3805 2439 3867 τοῦ,
2471 3807 2561 3859 καὶ
2593 3809 2717 3870 τοὺς
2743 3808 3026 3873 πλουσίους
3074 3812 3194 3864 ἀντὶ
3228 3812 3322 3865 τοῦ
3356 3814 3587 3869 θανάτου
3619 3818 3798 3874 αὐτοῦ
3818 3839 3834 3853 θ
3878 3842 3899 3874 s

2326 3896 2440 3947 ἀλλ’
2468 3898 2617 3966 ὅμως
2659 3897 2757 3950 ἐὰν
2787 3898 2921 3952 δῶτε
2963 3902 3121 3971 ὑμεῖς
3160 3902 3227 3955 τά
3264 3904 3489 3960 τοιαῦτα
3520 3908 3903 3981 τολμήσαντες

2325 3985 2384 4036 τὸ
2408 3986 2545 4057 ὑπὲρ
2572 3987 2839 4058 ἁμαρτίας
2865 3987 3055 4061 δῶρον,
3088 3989 3344 4057 τεύξεσθε
3376 3997 3643 4065 ἀφέσεως,
3674 4003 3709 4071 ἠ
3748 4003 3902 4077 ψυχαί

2327 4077 2356 4127 ὑ
2365 4077 2476 4145 μῶν
2495 4078 2812 4164 σωθήσεται·
2835 4079 2971 4133 ἀλλά
2992 4083 3085 4134 καὶ
3106 4082 3291 4151 δψεται
3318 4086 3616 4157 μακρόϐιον
3640 4093 3900 4164 σπέρμαο

2324 4166 2477 4219 τοῦτο
2501 4168 2556 4219 δὲ
2574 4163 2641 4238 ἧν
2672 4168 2731 4221 τὸ
2756 4170 2846 4222 ὑπ’
2875 4170 3038 4225 αὐτοῦ
3071 4174 3408 4247 καταϐληθὲν
3440 4179 3518 4241 είς
3547 4163 3900 4251 ἀνθρώπους,

2327 4261 2451 4329 περὶ
2484 4252 2543 4311 οὗ
2579 4262 2634 4313 ἐν
2662 4263 2994 4333 παραϐολαῖς
3029 4264 3292 4319 διδάσκων
3319 4267 3504 4336 ἔλεγεν
3522 4286 3536 4299 ·
3566 4290 3584 4321 ι
3634 4273 3901 4344 Ἐξῆλθεν

2324 4347 2351 4395 ὁ
2372 4348 2604 4417 σπείρων
2635 4348 2726 4401 τοῦ
2762 4354 2977 4421 σπεῖραι
2999 4369 3012 4381 ’
3057 4373 3074 4401 ι
3104 4354 3194 4405 καὶ
3220 4354 3380 4408 πάλιν
3400 4373 3413 4385 ·
3450 4376 3467 4407 ι
3516 4359 3711 4427 Ὁμοία
3744 4365 3902 4419 ἐστὶν

2257 4485 2296 4536 D
2327 4439 2358 4505 ή
2389 4438 2627 4506 βασιλεία
2663 4440 2770 4493 τῶν
2816 4443 3056 4512 οὐρανῶν
3091 4444 3360 4518 ἀνθρώπῳ
3394 4452 3672 4521 σπείροντι
3725 4458 3901 4511 καλὸν

2328 4530 2541 4598 σπέρμα
2563 4532 2619 4582 ἐν
2642 4531 2717 4599 τῷ
2743 4532 2854 4601 ίδίῳ
2888 4532 3062 4605 ἀγρῷ.
3096 4553 3115 4585 ι

2400 4660 2415 4690 ι
2452 4642 2561 4695 Καὶ
2592 4636 2836 4712 βούλεται
2866 4644 3068 4713 Κύριος
3099 4645 3318 4714 ἀφελεῖν
3342 4649 3449 4701 ἀπὸ
3473 4650 3564 4703 τοῦ
3596 4654 3767 4707 πόνου
3794 4659 3900 4727 τῆς

2322 4732 2492 4801 ψυχῆς
2525 4734 2708 4796 αὑτοῦ,
2744 4735 2910 4798 δεῖξαι
2941 4738 3087 4806 αὐτῷ
3116 4738 3249 4805 φῶς,
3278 4740 3369 4792 καὶ
3402 4742 3601 4797 πλάσαι
3626 4747 3696 4816 τῇ
3729 4750 3900 4803 συνέ-

2324 4838 2422 4883 σει,
2454 4824 2733 4877 δικαιῶσαι
2756 4826 2959 4877 δίκαιον
2993 4822 3050 4879 εὖ
3077 4828 3387 4883 δουλεύοντα
3415 4833 3644 4897 πολλοῖς.
3676 4855 3695 4887 s
3713 4836 3899 4893 Τοῦτο

2322 4911 2374 4961 δὲ
2399 4912 2489 4963 ἐπὶ
2521 4915 2680 4982 μόνου
2718 4915 2808 4967 τοῦ
2839 4917 3085 4989 Σωτῆρος
3129 4920 3283 4989 ἡμῶν
3313 4922 3561 4988 λέγεσθαι
3608 4927 3855 4997 ἁρμόζει
3883 4951 3897 4962 ·

2322 5000 2406 5052 διὰ
2446 5005 2644 5064 παντὸς
2680 5005 2787 5075 γὰρ
2827 5007 2887 5058 τὸ
2922 5008 3015 5060 τοῦ
3050 5009 3261 5081 Πατρὸς
3292 5010 3589 5083 eamme;
3621 5019 3685 5086 τῇ
3737 5025 3897 5091 χειρὶ

2321 5093 2480 5143 αὑτοῦ
2504 5095 2887 5148 κατευωδοῦτο.
2926 5098 3129 5152 Ἔδωκε
3163 5100 3217 5153 δὲ
3259 5102 3406 5172 αὐτῷ
3432 5105 3524 5156 καὶ
3559 5106 3673 5173 φῶς
3712 5111 3802 5173 είς
3832 5113 3899 5164 τὺ

2321 5182 2643 5250 φωτίζεσθαι
2669 5187 2791 5247 τοὺς
2812 5186 2875 5239 δι’
2898 5189 3057 5242 αὑτοῦ
3089 5191 3497 5262 δικαιουμένους
3517 5213 3529 5224 ·
3570 5196 3795 5251 σύνεσιν
3837 5201 3893 5253 δὲ

2321 5276 2464 5344 αὐτῷ
2490 5276 2794 5345 ἐδωρήσατο
2812 5295 2824 5306 ⁸
2852 5281 3263 5335 ἐπανεπαύσατο
3288 5283 3394 5355 γὰρ
3420 5287 3503 5338 ἐπ’
3532 5287 3694 5339 αὑτὸν
3720 5292 3897 5345 πνεῦ-

2326 5381 2397 5419 μα
2434 5365 2619 5432 σοφίας
2652 5368 2743 5418 καὶ
2780 5368 3039 5433 συνέσεως
3085 5374 3163 5433 εἰς
3189 5373 3251 5424 τὸ
3281 5377 3531 5439 συνετοὺς
3571 5381 3899 5449 ἀπεργάζε-

2324 5454 2466 5520 σθαι,
2510 5456 2601 5509 xui
2635 5456 2874 5517 δικαιοῦν
2895 5463 3018 5524 τοὺς
3043 5462 3224 5527 ἀξίους
3248 5464 3340 5517 τοῦ
3361 5466 3717 5524 δικαιοῦσθαι.
