4058 6390
239 491 352 547 465

1153 478 1659 542 COMIENTARIA
1696 476 1764 533 IN
1804 471 2057 530 ISAIAI.
2091 503 2162 514 —
2196 468 2352 525 CAP.
2388 466 2523 523 LIV.

3364 452 3474 511 ιω

241 609 637 679 ἐπαγγέλλεται
670 612 701 663 ὁ
740 609 917 677 λόγος,
944 609 1038 663 καὶ
1067 607 1234 662 πάλαι
1263 607 1360 677 μὲν
1386 600 1455 675 ἦν
1498 602 1648 674 παρά
1683 603 1798 655 Ἰου-

1915 607 2037 647 mea
2080 608 2111 646 a
2153 599 2208 646 te
2249 595 2609 645 removeatur.
2638 584 2704 639 Et
2739 582 2857 638 hac
2883 579 2986 651 pia:
3018 574 3261 679 religioni
3287 586 3476 629 sermo

239 701 432 765 δαίοις,
489 701 740 755 διαπεσδν
795 699 853 753 δέ
908 698 1037 771 παρ’
1073 698 1272 762 αὐτοῖς,
1305 696 1398 749 ἐπὶ
1424 694 1525 765 τὴν
1556 693 1615 760 ἐξ
1640 693 1809 748 ἐθνῶν

256 790 582 863 Ἐκκλησίαν
612 788 1000 862 μεταϐέϐηκεν.

317 988 339 1021 ι
367 965 606 1038 Ταπεινή
652 966 746 1020 καὶ
776 955 1167 1031 ἀκατάστατος,
1187 964 1249 1033 οὐ
1273 964 1636 1036 παρεκλήθης.
1678 962 1809 1017 Ἰδοὺ

239 1058 356 1128 ἐγὼ
379 1056 652 1128 ἕτοιμά-ξω
683 1074 764 1110 σοι
803 1057 1160 1130 άνθρακατδν
1189 1055 1332 1109 λίθον
1364 1072 1478 1119 σου,
1502 1055 1596 1108 καὶ
1622 1055 1690 1109 τά
1720 1055 1811 1108 θε-

241 1148 409 1220 μέλιά
436 1164 531 1201 σου
565 1148 881 1221 σάπφειρον.
902 1168 922 1200 ι
950 1143 1059 1201 Ἦν
1105 1147 1215 1219 γάρ
1245 1146 1395 1217 παρά
1436 1146 1705 1210 Ἰουδαίοις
1729 1146 1808 1216 τῷ

236 1238 356 1293 Evn
383 1241 418 1311 ή
435 1240 665 1311 ταπεινή
694 1241 979 1311 σωματικὴ
1008 1239 1295 1310 θρησκεία,
1321 1242 1357 1310 ή
1384 1240 1443 1291 ἐν
1470 1237 1683 1309 σώματι
1707 1255 1807 1291 πε-

250 1329 462 1401 ριτομή,
490 1330 584 1382 καὶ
608 1330 668 1383 ἐν
692 1329 898 1392 οὐσίαις
920 1326 1073 1407 ζῴων
1093 1328 1188 1381 καὶ
1212 1330 1333 1391 ταῖς
1351 1326 1554 1407 τούτων
1574 1325 1803 1390 θυσίαις,

244 1422 335 1475 καὶ
355 1423 470 1485 τοῖς
489 1420 667 1485 ἄλλοις
690 1403 1089 1491 παραπλησίοις
1111 1403 1468 1490 ἐξεταζομένη
1487 1437 1502 1449 ·
1522 1418 1604 1471 διδ
1620 1435 1810 1472 ταπει-

242 1510 338 1583 νήν
364 1512 459 1564 καὶ
484 1511 859 1565 ἀκατάστατον
889 1509 1059 1580 αὐτὴν
1084 1508 1383 1579 ὠνόμασεν.
1400 1504 1514 1562 Εἶτ’
1542 1508 1804 1577 ἐπιλέγει,

239 1621 261 1653 ι
293 1602 374 1655 Οὐ
423 1601 800 1675 παρεκλήθης·
822 1619 843 1653 a
893 1600 1067 1664 οὐδεὶς
1101 1600 1211 1672 γὰρ
1235 1596 1304 1671 ἦν
1336 1599 1450 1653 τῶν
1489 1598 1803 1671 προφητῶν,

237 1690 359 1744 οὐδέ
395 1690 505 1744 τῶν
551 1689 813 1758 θεοφιλῶν
857 1689 1067 1762 ἀνδρῶν
1109 1691 1396 1756 τοσοῦτος,-
1413 1691 1488 1755 ὡς
1516 1689 1805 1744 ἀναλαϐεῖν

232 1781 409 1855 αὐτὴν
432 1784 527 1836 καὶ
548 1782 967 1855 ἀνακτήσασθαι.
1624 1795 1628 1799 ·

1912 685 2213 756 pollicetur,
2250 685 2358 738 imo
2384 683 2548 737 etiam
2579 678 2708 735 olim
2747 688 2915 747 penes
2950 671 3166 727 Iudaeos
3206 667 3296 723 illa
3329 674 3473 732 erat,

1907 778 2003 833 sed
2050 777 2120 832 ab
2158 776 2289 846 ipsis
2316 773 2543 835 decidit,
2579 780 2635 827 et
2666 771 2735 824 ad
2768 764 3068 823 Ecclesiam
3110 776 3178 817 ex
3218 757 3474 831 gentibus

1908 878 2157 926 coactam
2198 866 2456 923 translata
2485 874 2589 919 est.

1978 934 2263 1017 Vm.'1t.
2304 977 2324 1010 ι
2358 956 2586 1013 Humilis
2612 961 2670 1010 et
2710 949 3013 1015 instabilis,
3046 944 3471 1003 cunctationem

1908 1070 2015 1109 non
2050 1054 2241 1123 adepta
2292 1066 2373 1107 es.
2417 1050 2559 1105 Ecce
2590 1060 2693 1116 ego
2734 1056 2983 1113 przpare
3018 1039 3115 1094 tibi
3164 1035 3471 1093 carbuncu-

1906 1145 2019 1201 lum
2042 1144 2272 1215 lapidem
2299 1151 2471 1209 tuum,
2505 1150 2563 1196 et
2586 1136 2937 1193 fundamenta
2966 1142 3054 1189 tua
3077 1129 3415 1199 sapphirum.
3443 1145 3466 1180 a

1910 1236 2038 1289 Erat
2076 1235 2221 1289 enim
2257 1247 2444 1289 revera
2487 1245 2653 1301 penes
2677 1227 2894 1283 Judzos
2936 1224 3181 1292 abiectus
3220 1222 3312 1276 itte
3342 1235 3442 1276 cor

1906 1339 2105 1395 porcus
2127 1324 2337 1391 cultus;
2365 1324 2421 1378 in
2454 1322 2701 1391 corporis
2744 1316 3199 1382 circumcisione,
3247 1314 3301 1370 in
3339 1313 3438 1369 sui

1907 1415 2126 1471 stantiis
2154 1415 2504 1481 animalium,
2549 1424 2605 1469 et
2646 1408 2933 1467 sacriﬁciis
2984 1424 3212 1473 eorum,
3261 1421 3470 1463 necnon

1908 1508 1963 1562 in
2014 1508 2137 1563 aliis
2187 1506 2487 1571 similibus,
2542 1507 2790 1578 positus:
2836 1510 3164 1574 quapropter
3210 1498 3471 1556 humilem

1907 1607 1963 1652 et
2009 1598 2319 1653 instabilem
2352 1606 2512 1652 vocat
2555 1596 2723 1652 illam.
2771 1595 2971 1650 Deinde
3014 1592 3241 1664 adjicit,
3280 1609 3302 1643 ι
3352 1588 3471 1645 Non

1907 1689 2334 1745 consolationem
2368 1689 2560 1760 adepta
2602 1703 2694 1744 es:
2733 1707 2753 1741 ι
2797 1701 2957 1741 nemo
2995 1686 3141 1740 enim
3176 1683 3471 1754 propheta-

1907 1796 2048 1846 rum,
2092 1796 2269 1851 neque
2318 1781 2692 1851 religiosorum
2726 1778 2967 1835 virorum
2995 1785 3144 1835 erat.
3194 1775 3287 1831 oui
3320 1774 3468 1829 illam

1906 1871 2184 1941 suscipere
2209 1879 2264 1927 et
2287 1880 2592 1927 restaurare
2620 1878 2818 1940 posset.

317 1961 453 2015 Ἰδοὺ
483 1961 595 2030 ἐγὼ
625 1963 897 2034 ἐτοιμάζω
929 1981 1011 2017 σοι
1055 1962 1300 2035 ἄνθρακα
1363 1964 1455 2018 τὸν
1491 1964 1635 2019 λίθον
1684 1981 1798 2031 σου,

1982 1980 2004 2013 ε
2046 1962 2187 2018 Ecce
2225 1976 2327 2033 ego
2370 1976 2615 2031 prmparo
2658 1961 2753 2015 tibi
2794 1958 3177 2015 carbunculum
3232 1956 3466 2027 lapidem

228 2066 330 2109 auat.
354 2054 425 2108 τά
466 2054 692 2127 θεμέλιά
734 2075 828 2111 σου
860 2059 1179 2129 σάπφειρον.
1207 2078 1228 2111 ι
1266 2060 1407 2113 ’Δνθ’
1430 2052 1493 2114 οὗ
1516 2061 1547 2113 ὁ
1574 2060 1800 2131 Σύμμα-

226 2160 362 2214 χος,
427 2162 448 2196 ι
495 2145 623 2198 Ἰδοὺ
661 2145 795 2215 ἐγὼ,
846 2150 998 2220 φησὶ,
1050 2149 1335 2220 συντίθημι
1387 2150 1621 2221 οτιμμίᾳ
1673 2151 1801 2213 τοὺς

226 2232 415 2296 λίθους
431 2250 524 2287 σου
541 2234 655 2303 (ιο)
679 2254 699 2286 ι
718 2236 1068 2301 ὀΘεοδοτίων,
1092 2257 1111 2289 ι
1138 2237 1262 2292 Ἰδοὺ
1279 2237 1391 2307 ἐγώ
1412 2240 1528 2309 ειμι
1550 2238 1800 2309 ἐμϐαλὼν

226 2326 442 2394 στιμμῇ
473 2325 600 2388 τοὺς
623 2324 804 2390 λίθους
842 2343 955 2380 σου.
985 2346 1004 2379 ι
1068 2328 1155 2392 Ὠς
1185 2329 1293 2401 γάρ
1325 2330 1391 2383 ἂν
1419 2330 1557 2401 γυνὴ
1589 2329 1799 2383 καλλω-

223 2416 497 2488 «(oqu
539 2418 876 2488 στιμμίζοιτο
904 2421 1030 2485 τοὺς
1057 2421 1366 2492 ὀφθαλμούς
1388 2439 1401 2452 ο
1439 2422 1612 2485 οὕτως
1638 2423 1798 2487 αὐτὸς

221 2505 362 2575 ἐγὼ,
396 2509 580 2577 φησὶν,
610 2510 749 2580 ὑπὲρ
776 2510 953 2565 πάντα
983 2513 1261 2583 ὡραϊσμὸν
1292 2514 1388 2566 καὶ
1417 2513 1800 2583 καλλωπισμὸν

218 2596 357 2660 τοὺς
381 2597 483 2667 τῆς
518 2599 616 2669 σῆς
639 2600 923 2672 οἰκοδομῆς
959 2602 1139 2666 λίθους
1162 2603 1420 2674 διαθήσω.

302 2708 323 2740 ι
357 2691 465 2743 Καὶ
492 2691 641 2761 θήσω
665 2691 765 2755 τάς
794 2694 1043 2757 ἐπάλξεις
1069 2712 1163 2747 σου
1190 2694 1396 2757 ἴασπιν,
1444 2695 1537 2749 καὶ
1570 2695 1665 2757 τὰς
1697 2694 1799 2748 πύο

218 2780 327 2843 λας
370 2797 465 2834 σου
519 2781 699 2846 λίθους
739 2784 1095 2855 κρυστάλλου,
1137 2786 1228 2838 καὶ
1264 2785 1355 2838 τὸν
1388 2784 1669 2856 περίϐολον
1703 2803 1798 2839 σου

219 2870 409 2933 λίθους
437 2872 741 2937 ἐκλεκτούς.
765 2893 784 2925 a
836 2875 1077 2928 Τοιοῦτοι
1098 2876 1143 2927 δ’
1170 2876 1236 2929 ἂν
1264 2873 1372 2929 εἷεν
1391 2878 1450 2930 ἐν
1472 2878 1538 2947 τῇ
1567 2878 1797 2948 Ἐκκλη-

223 2960 324 3031 σίᾳ
352 2960 488 3014 Θεοῦ
512 2963 561 3014 οἱ
592 2962 781 3035 λογικῇ
813 2970 1130 3037 παρασκευῇ
1160 2967 1261 3037 τὴν
1292 2967 1473 3019 πίστιν
1495 2967 1795 3039 ὠχυρωμέ-

220 3068 332 3114 νοι,
358 3052 499 3105 ὥστε
530 3055 887 3125 προμαχῶνες
927 3056 1077 3120 ὄντες
1110 3057 1206 3110 τοῦ
1234 3057 1517 3120 θεοσεϐοῦς
1553 3060 1800 3113 πολιτευ-

226 3157 423 3212 ματος,
444 3142 532 3195 διὰ
558 3144 617 3196 τὸ
636 3144 893 3198 δύνασθαι
917 3148 1025 3199 πᾶν
1052 3145 1252 3217 ὕψωμα
1282 3149 1638 3220 ἐπαιρόμενον
1657 3151 1799 3203 κατά

220 3230 328 3300 τῆς
351 3230 602 3299 γνώσεως
620 3232 713 3286 τοῦ
728 3232 864 3287 Θεοῦ
882 3236 1182 3306 καθαιρεῖν,
1196 3237 1289 3289 καὶ
1311 3237 1603 3308 διελέγχειν
1623 3240 1799 3293 πάντα

1903 2060 2077 2120 tuum,
2102 2063 2160 2110 et
2185 2052 2530 2108 fundamenta
2548 2060 2636 2105 tua
2652 2052 2988 2121 sapphirum.
3002 2070 3021 2103 ι
3042 2049 3145 2103 Pro
3166 2064 3275 2118 quo
3310 2047 3470 2119 Sym-

1902 2144 2145 2208 machus,
2184 2162 2206 2195 ι
2238 2144 2375 2200 Ecce
2397 2159 2498 2213 ego
2528 2158 2794 2213 compono
2821 2142 2981 2197 stibio
3020 2140 3224 2210 lapides
3255 2153 3377 2193 tuos
3400 2156 3417 2206 ;
3443 2156 3463 2190 ι

1902 2234 2201 2291 Theodotio
2220 2244 2422 2299 autem,
2459 2252 2479 2285 ι
2496 2234 2649 2288 'Ecce
2665 2247 2766 2303 ego
2787 2232 3070 2287 immittam
3097 2229 3315 2286 stibium
3331 2230 3469 2298 lapi-

1901 2327 2059 2381 dibus
2102 2328 2229 2381 tuis.
2257 2345 2277 2377 ι
2308 2325 2765 2392 Quemadmodum
2797 2324 2943 2378 enim
2982 2338 3105 2377 cum
3139 2322 3333 2376 mulier
3353 2363 3371 2387 ,
3410 2330 3471 2375 ut

1900 2417 2087 2472 forma:
2130 2419 2380 2477 decorem
2418 2418 2619 2481 addat,
2647 2416 2810 2471 stibio
2857 2414 2978 2470 linit
3020 2415 3236 2479 oculos,
3286 2414 3358 2467 ita
3413 2421 3471 2467 et

1899 2524 2034 2579 ego,
2073 2510 2264 2579 inquit,
2285 2508 2434 2563 omni
2467 2509 2649 2577 specie
2699 2523 2765 2563 ac
2784 2507 2978 2563 decore
3006 2507 3350 2562 formosiores
3372 2518 3471 2575 po-

1901 2616 2025 2655 nam
2073 2610 2362 2656 structura:
2388 2610 2492 2654 tua:
2521 2599 2745 2668 lapides.

1974 2689 2135 2745 Vens.
2169 2692 2256 2746 19..
2291 2710 2310 2743 ι
2353 2689 2421 2745 Ει
2464 2707 2659 2761 ponam
2706 2688 3104 2760 propugnacula
3151 2697 3240 2743 tua
3264 2688 3465 2757 jaspin,

1900 2790 1957 2836 et
1990 2790 2327 2851 portas'tuas
2365 2782 2578 2850 lapides
2634 2781 2901 2851 crystalli,
2932 2792 2985 2836 et
3014 2795 3198 2835 muros
3232 2790 3352 2833 tuos
3398 2777 3471 2831 la—

1900 2872 2051 2941 pides
2083 2873 2311 2928 electos.
2356 2873 2518 2927 Tales
2543 2874 2595 2927 in
2622 2872 2865 2927 Ecclesia
2900 2872 2995 2927 Dei
3056 2872 3259 2926 fuerint
3287 2871 3348 2935 ii,
3373 2868 3465 2939 qui

1900 2963 2210 3017 rationabili
2242 2973 2530 3017 structura:
2579 2974 2841 3032 apparatu
2884 2963 2989 3017 ﬁde
3033 2962 3271 3017 roborati
3317 2971 3465 3023 sunt.

1900 3062 2087 3119 utpote
2116 3054 2208 3123 qui
2257 3055 2362 3124 pia:
2394 3054 2675 3124 religionis
2703 3054 3107 3125 propugnacula
3144 3056 3275 3117 sint,
3325 3052 3467 3120 quod

1901 3145 2113 3213 possint
2141 3160 2357 3200 omnem
2401 3147 2813 3210 sublimitatem,
2856 3155 3045 3199 contra
3078 3144 3171 3199 Dei
3205 3143 3469 3211 cognitio-

1900 3250 2022 3287 nem
2047 3249 2167 3289 sese
2195 3246 2570 3301 exserentem,
2606 3237 2673 3290 de
2714 3235 2890 3290 medio
2925 3234 3131 3297 tollere,
3166 3242 3221 3287 et
3250 3246 3467 3285 omnem

221 3320 385 3389 λόγον
404 3321 577 3393 ψευδῆ
598 3322 691 3375 τὸν
716 3324 818 3394 τῆς
840 3324 1092 3395 ἀληθείας
1139 3328 1415 3398 πολέμιον.
1448 3329 1659 3401 ’Ὥσπερ
1692 3331 1798 3401 γὰρ

1903 3323 2095 3379 falsum
2138 3339 2443 3380 sermonem
2475 3326 2724 3381 veritatis
2770 3327 3046 3381 inimicum
3094 3324 3377 3379 eliminare
3412 3332 3469 3378 et

221 3412 320 3464 ἐπὶ
350 3411 461 3465 τῶν
502 3414 699 3483 τειχῶν
729 3417 785 3468 al
835 3415 1089 3481 ἐπάλξεις
1136 3418 1496 3488 προμαχῶνες
1535 3420 1672 3471 εἰσιν
1708 3420 1801 3471 ἐπὶ

220 3508 546 3575 παρασκευῇ
592 3504 694 3575 τῆς
746 3507 883 3577 πρὸς
931 3509 1059 3571 τοὺς
1105 3508 1393 3577 πολεμίους
1446 3510 1800 3582 παρατάξεως

222 3595 765 3664 παρεσκευασμένοι·
796 3596 940 3649 οὕτω
987 3598 1080 3650 καὶ
1119 3598 1218 3667 τῆς
1276 3597 1598 3669 Ἐκκλησίας
1640 3601 1688 3652 οί
1740 3603 1798 3652 ἐν

220 3683 369 3753 λόγῳ
425 3686 521 3739 καὶ
565 3689 625 3738 ἐν
668 3687 832 3758 σοφίᾳ
882 3688 1131 3753 δυνατοὶ,
1175 3688 1415 3758 λεχθεῖεν
1461 3690 1530 3743 ἂν
1572 3690 1799 3753 είκότως

218 3775 498 3841 ἐπάλξεις.
534 3794 556 3827 ι
578 3778 689 3831 Καὶ
729 3778 830 3842 τὰς
875 3779 1041 3842 πύλας
1068 3796 1161 3832 σου
1187 3780 1367 3845 λίθους
1395 3781 1727 3853 κρυστάλλου
1744 3800 1792 3833 'a

214 3864 290 3918 δι’
320 3860 397 3919 ὧν
420 3866 519 3930 τὰς
546 3867 721 3925 πύλας
749 3869 849 3940 τῆς
892 3869 1101 3933 πόλεως
1146 3873 1439 3941 συστήσας,
1466 3871 1710 3935 θεσπίζει
1736 3872 1798 3925 τὸ

216 3957 440 4025 διαυγὲς
471 3959 565 4010 καὶ
596 3959 835 4031 καθαρὸν
864 3960 966 4030 τῆς
1006 3960 1191 4029 ὑγιοῦς
1226 3963 1482 4028 πίστεως,
1527 3964 1799 4033 παριστὰς

134 4044 137 4045 ⁷
208 4046 334 4099 τῶν
360 4050 801 4119 πεπιστευμένων
822 4050 920 4121 τὴν
956 4050 1180 4122 πριῖιτην
1209 4054 1301 4106 καὶ
1336 4054 1671 4125 στοιχειώδη,
1703 4056 1797 4109 καὶ

217 4138 539 4209 είσακτικήν
573 4140 938 4195 διδασκαλίαν.
970 4162 989 4194 ι
1014 4142 1125 4195 Καὶ
1148 4144 1238 4196 τὸν
1276 4144 1560 4216 περίϐολον
1593 4160 1687 4198 σου
1714 4146 1796 4199 λί-

216 4227 350 4290 θους
388 4229 736 4294 ἐκλεκτούς.)
779 4231 1021 4285 Τοιοῦτοι
1063 4233 1109 4286 δ’
1150 4233 1217 4288 ἂν
1262 4229 1372 4287 εἷεν
1403 4236 1453 4287 οί
1497 4236 1797 4307 περιφράτ-

211 4335 425 4383 τοντες,
464 4322 561 4375 καὶ
603 4323 723 4375 ἀντὶ
771 4323 975 4386 παντὸς
1014 4323 1212 4394 ἐρκους
1246 4326 1667 4397 ἀσφαλιζόμενοι
1709 4328 1797 4381 διὰ

212 4411 331 4471 τῶν
364 4413 501 4483 πρὸς
539 4413 632 4466 τὸν
661 4415 794 4467 Θεὸν
831 4415 1005 4485 εὐχῶν
1044 4416 1141 4487 τὴν
1170 4419 1349 4470 πᾶσαν
1385 4420 1671 4490 οίκοδομὴν
1698 4421 1796 4491 τῆς

218 4502 451 4569 πόλεως,
483 4504 696 4576 μεγάλα
718 4506 814 4560 καὶ
848 4506 1135 4578 πολυτελῆ,
1159 4509 1255 4562 καὶ
1288 4508 1482 4580 ἐντιμα
1509 4511 1794 4583 οἰκοδομή-

220 4608 392 4662 ματα.

293 4702 315 4734 (
342 4685 451 4737 Καὶ
480 4686 687 4751 πάντας
718 4688 844 4751 τοὺς
886 4688 1034 4753 υίούς
1062 4706 1157 4742 σου
1188 4690 1471 4755 διδακτοὺς
1506 4692 1662 4755 Θεοῦ,
1695 4696 1789 4748 καὶ

214 4776 278 4827 ἐν
334 4774 501 4846 πολλῇ
554 4778 745 4849 εἰρήνῃ
792 4779 862 4832 τὰ
906 4780 1071 4835 τέκνα
1123 4799 1238 4836 σου.
1259 4802 1279 4834 ι
1326 4784 1617 4849 Διδακτοὺς
1651 4786 1787 4840 Θεοῦ

214 4866 483 4919 ἀποκαλεῖ
503 4871 628 4932 τοὺς
657 4872 805 4934 υἱοὺς
824 4872 926 4942 τῆς
952 4873 1119 4928 πάλαι
1160 4874 1407 4945 στείρας³
1438 4875 1575 4928 ἀλλά
1603 4878 1697 4929 καὶ
1729 4879 1788 4930 ἐν

215 4956 388 5027 πολλῇ
420 4960 608 5032 εἰρήνῃ
642 4960 858 5015 ἔσεσθαι
903 4964 1074 5034 αὐτῆς
1122 4964 1193 5016 τά
1239 4966 1407 5019 τέκνα
1429 4982 1444 4995 '
1478 4966 1633 5019 τοῦτο
1677 4968 1789 5040 γὰρ

214 5049 404 5111 αὐτοῖς
430 5050 789 5120 ἐπηγγείλατο
827 5054 1029 5107 εἰπών·
1068 5074 1088 5106 ι
1132 5055 1371 5127 Εἰρήνην
1397 5056 1495 5128 τὴν
1538 5056 1675 5129 ἐμὴν
1706 5059 1787 5111 δί-

213 5142 361 5211 δωμι
384 5142 531 5211 ὑμῖν,
558 5144 779 5213 εἰρήνην
802 5144 902 5214 τήν
930 5146 1072 5217 ἐμὴν
1101 5147 1304 5217 ἀφίημι
1336 5149 1518 5217 ὑμῖν.»

296 5250 317 5280 ι
361 5232 473 5298 Καὶ
516 5233 575 5284 ἐν
625 5232 935 5305 δικαιοσύνη
970 5236 1389 5311 οίκοδομηθήση.
1424 5238 1655 5309 Ἀπέχου
1700 5241 1796 5295 ἀπ’

158 5356 163 5357 ν
216 5322 429 5381 ἀδίκου.
475 5326 571 5377 καὶ
619 5325 686 5377 οὗ
740 5326 1045 5411 φοϐηθήση,
1088 5328 1184 5382 καὶ
1233 5330 1435 5399 τρόμος
1472 5330 1571 5384 οὐκ
1624 5334 1801 5401 ἐγγιεῖ

218 5430 326 5466 σοι.
352 5432 367 5463 ι
412 5413 494 5466 Τὰ
532 5416 630 5485 μὲν
665 5415 775 5487 γὰρ
827 5418 1145 5489 ἀνθρώπινα
1190 5423 1661 5494 ἐπισκευάσματα,
1704 5427 1801 5479 καὶ

215 5503 280 5569 ἐξ
322 5503 665 5577 ἀνθρωπίνης
704 5508 937 5580 σπουδῆς
995 5511 1375 5582 συνιστάμενα,
1416 5512 1639 5584 τοιαῦτά
1673 5531 1795 5567 τινα

214 5593 493 5663 τυγχάνειο
549 5594 632 5647 διὸ
684 5597 777 5649 καὶ
822 5599 901 5660 εἰς
939 5597 1145 5669 φθορὰν
1180 5604 1350 5673 χωρεί
1387 5602 1481 5654 καὶ
1523 5604 1603 5665 είς
1639 5601 1791 5655 ἀπώ-

216 5703 241 5737 ⁶
268 5701 428 5758 Joan.
464 5719 578 5771 xtv,
606 5702 699 5759 27.

287 5794 404 5866 (40)
445 5794 502 5850 In
535 5795 644 5853 alio
673 5799 857 5870 codice
891 5799 1087 5869 legitur
1110 5806 1223 5868 τοῖς
1252 5804 1420 5870 λίθοις
1444 5824 1565 5859 σου.
1592 5806 1788 5861 Hiero-

216 5878 413 5936 nymus
460 5881 627 5937 vero,
674 5868 814 5936 Ἐγώ
858 5868 974 5942 είμι
1016 5873 1267 5943 ἐμϐαλὼν
1306 5878 1365 5930 ἐν
1401 5868 1623 5949 *στίμμι
1667 5880 1792 5943 τοὺς

1901 3414 2203 3471 coniutare.
2250 3414 2405 3470 Sicut
2434 3418 2579 3470 enim
2629 3417 2909 3471 adornata
2958 3416 3012 3469 in
3057 3416 3228 3469 muris
3265 3415 3464 3483 pinnae,

1900 3506 2299 3576 propugnacula
2332 3515 2482 3569 sunt,
2512 3507 2581 3560 ad
2638 3505 3014 3561 instruendum
3044 3518 3233 3561 contra
3280 3507 3471 3560 hostes

1902 3597 2100 3652 bellum
2134 3597 2501 3661 concinnata;
2545 3598 2626 3652 sic
2661 3606 2719 3652 et
2757 3597 2817 3661 ii,
2856 3597 2948 3667 qui
2984 3598 3037 3653 in
3075 3596 3314 3652 Ecclesia
3351 3611 3469 3653 ser-

1900 3701 2059 3742 mone
2088 3698 2145 3743 et
2193 3688 2462 3756 sapientia
2516 3698 2763 3757 potentes
2813 3697 2962 3751 sunt,
3000 3689 3125 3757 jure
3157 3702 3466 3757 propugnao

1899 3778 2020 3834 cula
2062 3779 2332 3833 dicantur.
2366 3798 2385 3830 ι
2424 3779 2493 3833 Et
2523 3788 2708 3848 portas
2734 3787 2859 3834 tuas
2903 3779 3109 3849 lapides
3146 3776 3407 3849 crystalli,
3442 3796 3463 3831 ι

1897 3870 2097 3939 quibus
2148 3868 2425 3939 lapidibus
2478 3871 2547 3923 ad
2601 3880 2791 3941 portas
2853 3870 3006 3926 urbis
3056 3870 3470 3925 constituendas

1898 3978 2051 4029 usus,
2082 3976 2227 4017 sana:
2256 3962 2381 4016 ﬁdei
2410 3962 2753 4031 splendorem
2789 3972 2846 4017 et
2882 3961 3171 4032 puritatem
3201 3960 3471 4015 vaticina-

1900 4063 2010 4114 tur.
2043 4053 2393 4125 declaratque
2437 4055 2667 4124 primam
2698 4054 3108 4115 elementarem,
3150 4062 3316 4120 atque
3364 4050 3468 4105 ini-

1899 4142 2082 4195 tialem
2117 4158 2320 4209 rerum,
2349 4157 2471 4211 qua:
2506 4144 2575 4197 ad
2604 4142 2764 4198 ﬁdem
2802 4142 3098 4213 pertinent,
3142 4140 3465 4195 doctrinam.

1904 4250 1923 4283 ι
1962 4234 2027 4286 Ει
2059 4249 2244 4288 muros
2284 4243 2407 4289 tuos
2437 4234 2645 4304 lapides
2686 4235 2913 4289 electos.
2947 4252 2968 4285 ι
3009 4231 3323 4299 Huiusmodi
3354 4230 3469 4285 fue-

1899 4325 2009 4377 rint
2042 4325 2102 4390 ii,
2136 4326 2227 4393 qui
2264 4326 2690 4395 circumquaque
2720 4323 3043 4379 munimenti
3078 4324 3195 4378 loco
3234 4333 3383 4385 sunt,
3413 4332 3471 4375 et

1896 4415 2054 4485 quasi
2099 4417 2325 4479 vallum,
2368 4426 2536 4471 totam
2572 4416 2724 4471 urbis
2751 4425 3081 4471 structuram
3130 4428 3227 4483 per
3267 4414 3473 4469 oratio-

1896 4522 1996 4560 nes
2046 4508 2113 4559 ad
2176 4506 2343 4561 Deum
2399 4510 2631 4562 emissas
2687 4516 2972 4561 tutantur:
3042 4521 3232 4575 magna
3290 4518 3466 4571 sane,

1899 4598 2130 4668 pretiosa
2174 4609 2230 4653 et
2283 4599 2625 4654 honorabilia
2671 4599 2919 4655 aediﬁcia.

1975 4689 2135 4745 Vens.
2173 4692 2263 4745 13.
2298 4710 2317 4743 t
2355 4690 2422 4745 Et
2451 4708 2644 4747 omnes
2676 4693 2815 4747 ﬁlios
2853 4704 2992 4753 tuos,
3024 4690 3320 4759 discipulos
3348 4690 3466 4751 Dei,

1896 4791 1950 4835 et
2000 4783 2053 4835 in
2095 4783 2264 4837 multa
2310 4798 2448 4853 pace
2482 4785 2577 4837 lilii
2633 4784 2734 4838 tui.
2771 4802 2792 4835 ι
2835 4784 3137 4853 Discipulos
3171 4782 3266 4836 Dei
3313 4791 3469 4835 vocat

1895 4874 2039 4928 illius
2070 4874 2198 4928 olim
2249 4875 2452 4930 sterilis
2502 4874 2685 4929 ﬁlios:
2731 4890 2795 4928 ac
2851 4875 2905 4927 in
2957 4874 3124 4931 multa
3171 4888 3305 4944 pace
3344 4888 3468 4928 ver-

1896 4975 2112 5020 saturos
2161 4966 2241 5019 ait
2289 4965 2431 5021 ﬁlios
2460 4965 2619 5033 ejus:
2656 4965 2707 5019 id
2736 4965 2883 5020 enim
2917 4966 3047 5035 ipsis
3076 4965 3347 5034 pollicitus
3381 4965 3467 5020 his

1899 5057 2081 5112 verbis
2109 5066 2195 5112 cst
2221 5077 2237 5113 :
2278 5076 2299 5111 ι
2337 5058 2535 5113 Pacem
2564 5072 2741 5113 meant
2779 5059 2849 5111 do
2872 5057 3049 5123 vobis,
3075 5073 3261 5127 pacem
3290 5072 3466 5112 meam

1893 5147 2141 5218 relinquo
2172 5150 2328 5205 vobis
2354 5150 2397 5205 '.
2436 5168 2457 5201 ι

1967 5241 2136 5297 Vens.
2164 5242 2253 5296 M.
2278 5260 2298 5293 ι
2330 5242 2397 5297 Et
2426 5242 2480 5297 in
2500 5241 2713 5313 iustitia
2738 5242 3116 5297 cdilicalneris.
3142 5241 3369 5297 Abstine
3394 5241 3467 5296 ab

1894 5332 2103 5402 iniquo,
2131 5343 2183 5389 et
2229 5350 2336 5390 non
2378 5335 2597 5391 timebis
2622 5375 2639 5400 ,
2690 5345 2744 5389 et
2790 5342 2998 5389 tremor
3027 5350 3133 5386 non
3178 5332 3467 5402 appropin-

1894 5424 2087 5490 quabit
2128 5426 2248 5479 tibi.
2302 5444 2324 5477 ι
2383 5424 2664 5495 Siquidem
2720 5425 2942 5480 humani
3006 5425 3083 5477 illi
3132 5433 3461 5492 apparatus,

1902 5516 2136 5570 humana
2166 5532 2298 5571 cura
2326 5519 2482 5583 editi,
2515 5517 2824 5585 huiusmodi
2851 5525 3021 5569 sunt:
3064 5528 3234 5585 quare
3262 5514 3313 5566 in
3341 5528 3465 5566 cor-

1899 5611 2208 5676 ruptionem
2230 5619 2287 5665 et
2305 5610 2531 5664 exitium
2558 5609 2869 5665 deveniunt.
2898 5607 3049 5677 Opus
3074 5616 3253 5661 autem
3284 5618 3464 5660 meum

1898 5808 2081 5873 λίθους
2109 5825 2227 5862 σου.
2246 5808 2565 5879 Procopius,
2592 5806 2845 5879 ἐμϐάλλει)
2880 5808 2941 5860 ἐν
2978 5806 3182 5879 στίμει.
3207 5805 3466 5875 ρω-

1903 5880 2067 5935 lcctio
2093 5888 2336 5950 pracsul,
2366 5875 2468 5936 suo
2498 5875 3041 5947 l'oco'ivt'tdagahimns.
