4058 6458
657 511 757 564 867
1315 508 1573 563 EUSEBll
1612 507 2073 563 CASSARIENSIS
2108 504 2255 561 OPP.

655 625 998 694 corruptione
1036 638 1258 678 vacuum
1308 634 1427 677 est:
1467 639 1642 693 neque
1677 624 1779 679 tale
1810 625 2083 692 quidpiam
2131 626 2183 678 in
2214 634 2259 688 Α

654 726 816 778 Opere
845 726 964 767 meo
994 713 1293 794 reperiatur
1317 713 1455 781 quod
1486 723 1795 781 corrumpat
1836 724 1891 767 et
1919 715 2188 784 dispertiat

654 801 802 855 illtzd.

732 911 887 967 Vna.
921 912 1105 967 l5—l7.
1136 931 1157 964 ι
1194 913 1330 967 Ecce
1359 911 1612 981 proselyti
1642 916 1895 968 accedent
1920 916 1986 968 ad
2018 927 2069 968 te
2096 930 2188 981 per

651 1017 763 1066 tne,
803 1013 856 1057 et
882 1003 1068 1059 incola
1108 1003 1179 1056 tui
1210 1012 1389 1068 erunt,
1422 1014 1475 1057 et
1504 1004 1573 1057 ad
1601 1013 1651 1060 te
1679 1003 2006 1075 confugient.
2051 1005 2186 1060 Ecce

653 1108 751 1162 ego
781 1093 958 1147 creavi
1008 1102 1080 1160 te,
1128 1106 1234 1147 nou
1282 1095 1420 1147 sicut
1456 1094 1679 1149 aerarius
1719 1093 1937 1151 sufﬂans
1968 1112 2182 1165 prunas,

652 1192 707 1235 et
734 1182 966 1237 educens
997 1196 1090 1235 vas
1120 1182 1173 1235 in
1203 1196 1335 1250 opus
1362 1200 1374 1234 :
1420 1197 1521 1250 ego
1552 1193 1729 1238 autem
1763 1186 1938 1239 creavi
1978 1196 2048 1250 te,
2081 1202 2184 1241 non

651 1279 709 1322 ut
739 1269 955 1324 interitu
983 1268 1286 1337 perderem.
1319 1270 1488 1325 Omne
1518 1287 1634 1334 vas,
1672 1276 1811 1343 quod
1866 1273 2064 1330 factum
2102 1289 2185 1332 est

650 1366 832 1411 contra
872 1366 921 1409 te
954 1395 969 1419 ,
1015 1370 1121 1412 non
1168 1372 1485 1427 prosperare
1515 1358 1736 1415 faciam:
1778 1373 1833 1425 et
1875 1366 2050 1419 omnis
2085 1382 2183 1419 vox

651 1447 885 1515 insurget
932 1462 1095 1515 super
1134 1457 1186 1503 te
1223 1450 1276 1503 in
1317 1450 1597 1517 judicium.
1631 1451 1827 1510 Omnes
1856 1470 1951 1511 eos
1979 1459 2180 1521 vinces,

648 1547 701 1590 et
734 1548 894 1592 erunt
922 1540 1136 1595 obnoxii
1178 1540 1253 1595 tui
1293 1540 1344 1595 in
1389 1557 1474 1597 eo.
1518 1562 1536 1594 ι
1581 1543 1709 1598 Post
1743 1548 2048 1615 prztuissos
2083 1548 2184 1604 Ec-

648 1626 824 1683 clesiae
848 1629 1089 1697 ordines,
1112 1631 1408 1701 proselytos
1440 1634 1531 1687 eus
1558 1649 1615 1687 es
1626 1650 1685 1688 se
1708 1636 1926 1696 dixeris.
1954 1639 2043 1705 qui
2070 1654 2185 1708 ger-

649 1717 794 1771 mani
826 1727 879 1773 et
906 1718 1103 1772 sinceri
1145 1734 1246 1773 non
1293 1730 1437 1786 sunt,
1481 1739 1652 1792 neque
1690 1742 1819 1795 pure
1864 1729 1916 1781 in
1947 1730 2183 1783 multitu-

647 1806 772 1860 dine
814 1815 1139 1875 procedunt:
1181 1825 1317 1880 quos
1367 1815 1817 1883 peregrinaturus,
1871 1823 1978 1873 non
2006 1831 2179 1875 autem

648 1896 980 1951 habitaturus
1009 1911 1130 1976 esse
1166 1900 1240 1953 ait
1270 1901 1325 1955 in
1359 1916 1420 1956 ea
1442 1940 1457 1964 ,
1490 1905 1613 1972 quia
1659 1908 1813 1975 quasi
1859 1908 1911 1962 in
1956 1914 2179 1965 transitu

642 1997 761 2038 eam
798 1986 1038 2041 adibunt.
1071 2006 1091 2039 ι
1121 1988 1213 2044 Est
1240 1991 1523 2048 haereditas
1553 1998 1907 2053 servientibus
1934 1998 2179 2068 Domino,
2215 1977 2254 2030 Β

643 2083 701 2125 et
728 2086 823 2127 vos
853 2076 1008 2131 eritis
1032 2077 1159 2131 mihi
1183 2078 1339 2148 justi,
1373 2082 1503 2137 dicit
1535 2083 1812 2141 Dominus.
1850 2107 1872 2140 ›
1901 2088 2059 2157 quue
2086 2094 2181 2145 ad-

648 2166 861 2219 modum
903 2180 1297 2238 congruenter:
1338 2189 1457 2227 nam
1506 2186 1625 2243 post
1662 2182 1934 2247 praemissa
1966 2184 2179 2249 omnia,

648 2253 789 2308 illam
827 2256 880 2309 in
922 2257 1098 2314 futuro
1142 2261 1335 2317 saeculo
1364 2268 1649 2334 repositam
1680 2270 2044 2328 hereditatem
2070 2291 2183 2331 me-

644 2360 855 2401 morare
884 2363 1017 2417 opus
1048 2361 1182 2405 erat.
1209 2352 1462 2418 Quaenam
1499 2356 1584 2410 illa
1622 2358 1800 2428 fuerit,
1826 2363 1927 2416 nisi
1957 2378 2179 2443 regnum

640 2437 919 2501 calorum,
949 2450 1002 2494 et
1043 2443 1145 2495 vita
1185 2447 1423 2501 eterna?

1234 2601 1457 2660 CAPUT
1503 2607 1608 2661 LV.

710 2730 868 2788 Vsus.
904 2734 1013 2789 1-3.
1056 2755 1075 2788 ι
1111 2737 1385 2807 Sitientes,
1433 2742 1503 2796 ite
1531 2746 1594 2797 ad
1622 2759 1839 2813 aquam,
1875 2757 1930 2803 et
1953 2751 2043 2819 qui
2076 2767 2177 2805 non

640 2820 853 2878 habetis
881 2837 1185 2896 argentum,
1215 2843 1402 2885 euntes
1431 2835 1614 2899 emite,
1647 2847 1703 2891 et
1745 2841 2006 2897 cotnedite
2044 2844 2179 2899 abs—

637 2925 742 2979 ςτιο
799 2925 1019 2984 argento
1069 2919 1249 2979 vinum
1291 2931 1347 2976 et
1384 2923 1615 2993 adipem.
1661 2926 1839 2993 Quare
1879 2935 2179 3002 expenditis

636 3015 935 3072 argentum,
986 3017 1039 3061 et
1079 3008 1311 3064 laborem
1362 3023 1628 3082 vestrum,
1673 3034 1777 3074 non
1824 3022 1877 3077 in
1924 3025 2177 3081 saturita-

636 3092 793 3145 tettt?’
815 3094 1007 3151 Audite
1040 3111 1153 3163 me,
1188 3110 1246 3153 et
1278 3100 1422 3156 vivet
1456 3103 1508 3157 in
1553 3104 1706 3162 bonis
1759 3111 1935 3167 anima
1975 3128 2175 3182 vestra,

633 3192 689 3237 et
743 3187 1069 3243 constituam
1117 3194 1274 3248 vobis
1327 3205 1703 3255 testamentum
1752 3204 2134 3274 sempiternum
2159 3248 2176 3272 ,

632 3285 821 3329 sancta
872 3275 1037 3334 David
1082 3282 1281 3339 fidelia.
1324 3304 1345 3337 ι
1380 3286 1438 3341 in
1488 3289 1592 3343 alia
1640 3293 1875 3347 studium
1922 3296 2175 3353 confertis
2201 3304 2243 3361 C

636 3373 897 3432 vestrum,
928 3380 995 3421 ex
1019 3369 1213 3437 quibus
1252 3388 1358 3431 non
1391 3387 1564 3445 potest
1604 3378 1782 3435 anima
1810 3386 2058 3450 enutrlri,
2093 3406 2178 3443 ne-

633 3467 738 3546 que
772 3454 894 3546 cibo
920 3459 986 3512 ad
1030 3462 1366 3520 saturitatem
1413 3466 1537 3523 frui.
1592 3470 1793 3529 Pmter
1834 3477 1976 3531 enim
2015 3493 2174 3546 supe-

640 3539 751 3593 rius
776 3541 940 3609 dicta,
977 3548 1237 3605 bonorum
1269 3568 1489 3623 operum
1515 3572 1684 3626 spem,
1723 3539 2176 3628 divinumque-ci-

633 3630 793 3697 bum,
836 3633 1247 3704 obsequentium
1288 3644 1482 3700 animis
1528 3652 1817 3717 repositum
1866 3654 2017 3709 dicit.
2055 3656 2169 3712 Non

628 3720 772 3774 enim
798 3727 1137 3796 corporibus,
1182 3732 1303 3797 sed,
1342 3744 1401 3788 ut
1445 3741 1789 3809 perspicuum
1818 3756 1921 3809 est,
1969 3748 2172 3801 anima-

631 3814 750 3875 l.us,
781 3812 1083 3873 futurorum
1126 3822 1383 3879 bonorum
1427 3842 1620 3885 munus
1650 3835 1895 3903 porrigit.

700 3918 859 3977 Vsus.
895 3925 949 3988 4,
974 3927 1027 3983 5.
1072 3947 1091 3979 t
1132 3930 1273 3987 Ecce
1300 3939 1661 3996 testimonium
1697 3944 1748 3997 in
1775 3946 2023 4014 gentibus
2052 3948 2169 4003 dedi

629 4026 785 4079 cum,
828 4017 1123 4088 principem
1150 4034 1204 4077 et
1243 4030 1644 4097 praecipientem
1672 4037 1940 4104 gentibus.
1972 4038 2172 4095 Gentes

628 4117 748 4169 quae
793 4108 1102 4165 nesciebant
1134 4123 1210 4179 te,
1256 4117 1580 4176 invocabunt
1628 4136 1714 4191 te;
1753 4136 1809 4180 et
1855 4130 2035 4199 populi
2080 4134 2167 4201 qui

628 4194 878 4286 ignorant
920 4208 990 4267 te,
1049 4205 1116 4259 ad
1163 4216 1215 4261 te
1250 4211 1560 4284 confugient
1610 4226 1829 4286 propter
1855 4194 2168 4277 Dominum

632 4280 802 4339 Deum
836 4297 1008 4354 tuum,
1049 4305 1297 4351 sanctum
1328 4280 1512 4367 Israel,
1542 4280 1669 4372 quia
1697 4280 2015 4375 élorilicavit
2037 4319 2108 4366 te.
2138 4328 2159 4364 ι

626 4372 822 4445 Ecquis
875 4394 982 4434 non
1032 4392 1246 4453 stupeat
1292 4392 1556 4446 sermonis
1600 4372 1871 4459 emittunt,
1919 4400 2104 4455 videns
2137 4416 2167 4454 ει

624 4464 841 4522 Christo
876 4468 969 4525 Dei
1013 4487 1112 4542 per
1138 4485 1307 4531 totum
1354 4483 1537 4537 orbem
1584 4484 1915 4544 Christianos
1963 4506 2169 4546 nuncu-

625 4559 738 4625 pari
761 4559 785 4612 ἲ
810 4560 877 4614 Et
908 4562 1011 4617 hoc
1040 4566 1143 4620 erit
1170 4566 1275 4624 illis
1311 4581 1568 4628 aeternum
1597 4565 1812 4643 salutis,
1851 4594 1970 4650 quae
1998 4598 2028 4635 a
2062 4584 2167 4638 Deo

621 4659 727 4715 est,
766 4652 1001 4721 signum,
1043 4659 1185 4726 quod
1221 4675 1416 4717 nomen
1446 4664 1659 4721 Domini
1707 4670 1808 4723 sibi
1836 4673 2165 4741 adscribent,

621 4740 676 4793 in
705 4754 963 4796 atcrnum
996 4761 1503 4821 perseveraturum,
1554 4774 1653 4812 nec
1696 4775 1930 4829 unquam
1960 4740 2165 4821 desita?

623 4848 747 4889 rum
777 4853 791 4888 :
827 4851 954 4892 nam
979 4840 1116 4895 dona
1152 4842 1242 4898 Dei
1272 4846 1391 4901 sine
1426 4851 1745 4918 pmnitentia
1773 4863 1920 4909 sunt.

690 4992 854 5048 Vsus.
885 4995 1038 5051 6-12.
1074 5017 1093 5050 ι
1116 4999 1349 5067 Quaerite
1381 5003 1682 5076 Dominum,
1706 5018 1761 5065 et
1795 5027 1913 5065 cunt
1952 5014 2165 5069 invene—

620 5082 740 5137 ritis
779 5100 922 5149 eutn,
955 5087 1224 5146 invocate.
1270 5092 1498 5160 Quando
1547 5110 1722 5154 autem
1764 5104 2162 5174 appropinqua-

616 5172 757 5226 verit
789 5175 855 5228 ad
880 5191 998 5240 vos,
1034 5180 1369 5251 derelinquat
1414 5187 1609 5260 impius
1656 5193 1768 5245 vias
1810 5172 1959 5261 suas,
1997 5172 2054 5249 et
2081 5200 2163 5250 vir

620 5262 835 5331 iniquus
859 5268 1085 5322 consilia
1130 5286 1227 5325 sua
1253 5291 1267 5338 ;
1299 5284 1353 5329 et
1379 5289 1724 5334 convertatur
1754 5285 1821 5336 ad
1852 5282 2156 5349 Dominum,

617 5362 671 5405 et
701 5356 1125 5415 misericordiam
1156 5379 1557 5437 consequetur:
1599 5374 1723 5441 quia
1754 5377 1952 5432 multus
1976 5378 2077 5433 erit
2104 5382 2155 5432 in

616 5445 943 5503 dimittendis
981 5455 1216 5518 peccatis
1241 5458 1448 5513 vestris.
1488 5459 1670 5530 Neque
1701 5465 1843 5517 enim
1876 5476 1999 5519 sunt
2029 5482 2159 5521 oon-

614 5536 738 5592 silia
764 5556 903 5603 mea.
931 5544 1070 5598 sicut
1100 5548 1325 5603 consilia
1356 5560 1553 5618 vestra,
1586 5568 1686 5609 nec
1712 5556 1811 5610 via:
1836 5572 1988 5625 meae,
2019 5560 2161 5614 sicut

619 5634 714 5682 vtae
750 5648 964 5701 veStrm,
1026 5638 1158 5692 dicit
1215 5640 1491 5698 Dominus.
1539 5645 1645 5701 Sed
1688 5658 1942 5716 quantum
1995 5651 2161 5705 distat

614 5714 804 5773 Caium
835 5740 860 5775 a
894 5735 1059 5789 terra,
1108 5738 1312 5784 tantum
1350 5733 1433 5785 via
1466 5750 1580 5789 mea
1629 5752 1659 5788 a
1706 5714 1819 5793 viis.
1852 5743 2064 5807 vestris,
2105 5752 2159 5797 et

618 5812 969 5875 cogitatiOtta's
1014 5832 1201 5873 \‘cslrx
1231 5839 1259 5873 ει
1286 5826 1606 5892 cogitatimte
1638 5843 1770 5882 utea.
1806 5829 1873 5885 Ut
1918 5835 2060 5884 cnim
2113 5833 2155 5886 si

624 5899 902 5959 descendat
932 5908 1102 5974 plutia
1130 5914 1194 5965 tle
1222 5917 1379 5981 Ctelu,
1417 5927 1468 5970 ct
1514 5933 1615 5972 non
1661 5934 1954 5976 revertatur
1989 5931 2152 5979 donec

2296 505 2471 560 PARS
2508 505 2597 559 Ill.
2644 535 2713 545 -——
2753 501 3156 558 EXEGETICA.
3757 504 3856 560 ωδ

2286 622 2434 674 λειαν
2454 640 2467 651 ·
2498 622 2559 674 τὸ
2583 622 2638 674 δὲ
2668 621 2798 692 ἐμὸν
2826 620 2982 691 ἔργον
3009 619 3330 691 ἀδιάφθορον
3360 621 3599 688 πέφυκε·
3630 622 3722 673 καὶ
3744 613 3855 674 ubi)

2290 710 2523 764 τοιοῦτον
2550 712 2895 781 εὑρεθήσεται
2943 712 3035 761 ἐπὶ
3068 709 3161 762 τοῦ
3210 708 3343 779 ἀμοῦ
3391 710 3576 781 ἔργου,
3617 710 3694 774 ὡς
3740 711 3853 765 δια-

2293 800 2514 870 φθεῖραι
2540 802 2633 853 καὶ
2661 800 2918 853 ἀπολέσαι
2948 800 3078 851 αὑτό

2368 932 2385 962 ι
2429 912 2555 965 Ἰδοὺ
2603 911 2925 981 προσήλυτοι
2976 910 3426 981 προσελεύσονταί
3461 928 3543 965 σοι
3585 912 3653 965 δι’
3699 911 3853 983 ἐμοῦ,

2292 1000 2381 1053 καὶ
2408 1000 2794 1071 παροικήσουσί
2850 1017 2951 1063 σοι,
3004 999 3096 1052 καὶ
3137 1000 3231 1052 ἐπὶ
3287 1001 3347 1054 σὲ
3403 1000 3851 1072 καταφεύξονται.

2303 1090 2431 1143 ’1δοὺ
2472 1088 2581 1159 ἑγὼ
2643 1089 2830 1145 ἐκτισά
2876 1108 2955 1156 σε,
3002 1091 3097 1160 οὐχ
3133 1090 3209 1154 ὡς
3250 1091 3485 1160 χαλκεὺς
3522 1092 3708 1161 φυσῶν
3760 1091 3857 1148 ἀν-

2292 1180 2514 1250 θρακας,
2538 1179 2629 1232 καὶ
2648 1180 2893 1251 ἐκφέρων
2919 1178 3106 1242 σκεῦος
3132 1180 3212 1242 είς
3239 1179 3424 1251 ἔργον·
3450 1181 3563 1250 ἐγὼ
3582 1182 3627 1235 δ’
3666 1181 3860 1236 ἑκτισά

2293 1285 2369 1333 σε,
2409 1272 2508 1323 οὐκ
2535 1270 2614 1332 είς
2642 1268 2914 1323 ἀπιῖιλειαν
2941 1269 3175 1340 φθεῖραι.
3199 1269 3315 1322 Πᾶν
3338 1271 3533 1335 σκεῦος
3558 1268 3855 1325 σκευαστὸν

2290 1354 2382 1405 ἐπὶ
2414 1355 2492 1417 σὲ,
2524 1355 2621 1406 οὐκ
2663 1353 2934 1408 εὑοδώσωδ
2988 1356 3081 1409 καὶ
3110 1356 3257 1409 πᾶσα
3292 1358 3443 1427 φωνὴ
3488 1359 3857 1430 ἀναστήσεται

2289 1445 2379 1496 ἐπὶ
2421 1445 2479 1497 σὲ
2522 1447 2599 1507 εἰς
2648 1445 2843 1514 κρίσιν.
2882 1447 3092 1508 Πάντας
3142 1446 3335 1509 αὐτοὺς
3368 1447 3655 1517 ἡττήσεις·
3700 1450 3753 1501 oi
3800 1449 3860 1502 δὲ

2289 1537 2457 1606 ἔνοχοί
2494 1553 2585 1589 σου
2624 1536 2835 1590 ἔσονται
2874 1538 2933 1590 ἐν
2960 1540 3118 1609 αὐτῇ.
3149 1557 3168 1590 ι
3197 1540 3382 1602 Είποις
3408 1539 3453 1592 δ’
3478 1537 3546 1591 ἂν
3583 1539 3860 1611 προσηλύ-

2288 1644 2409 1690 τους
2436 1628 2569 1697 μετά
2588 1626 2657 1679 τά
2681 1627 3042 1698 προλεχθέντα
3062 1629 3162 1697 τῆς
3188 1628 3507 1700 Ἐκκλησίας
3526 1629 3855 1700 πράγματα,

2287 1718 2412 1779 τοὺς
2430 1718 2490 1769 οὑ
2510 1716 2782 1785 γνησίους,
2810 1716 2929 1769 οὐδὲ
2954 1716 3209 1788 καθαρῶς
3229 1717 3631 1790 προὸάλλοντας
3653 1721 3714 1772 ιν
3743 1721 3859 1783 τοις

2288 1806 2574 1878 πλήθεσιν·
2608 1806 2702 1869 οὓς
2740 1808 2833 1859 καὶ
2872 1808 3246 1877 παροικήσειν,
3284 1808 3398 1862 ἀλλ’
3421 1808 3481 1862 οὐ
3507 1812 3857 1882 κατοικήσειν

2288 1901 2449 1970 φησὶν
2463 1898 2647 1969 αὐτὴν,
2660 1898 2747 1951 διὰ
2770 1897 2831 1950 τὸ
2858 1898 2933 1961 ὡς
2947 1899 3005 1950 ἑν
3018 1899 3233 1969 παρόδῳ
3248 1899 3516 1953 ποιεῖσθαι
3530 1902 3734 1965 αὐτοὺς
3756 1903 3857 1973 τὴν

2281 1988 2499 2043 είσοδον.
2529 2008 2549 2039 t
2580 1989 2733 2042 Ἔστι
2761 1989 3089 2060 κληρονομία
3107 1989 3596 2062 τοῖςιθεραπεύουσι
3622 1991 3854 2063 Κύριον,

2282 2080 2374 2134 καὶ
2402 2082 2555 2147 ὑμεῖς
2578 2079 2767 2133 ἐσεσθέ
2792 2096 2878 2150 μοι
2912 2079 3124 2147 δίκαιοι,
3159 2080 3304 2149 λέγει
3341 2081 3543 2153 Κύριος
3561 2098 3576 2112 ο
3603 2101 3622 2132 ι
3643 2083 3857 2155 σφόδρα

2279 2170 2608 2233 ἀκολούθως·
2645 2171 2781 2241 μετά
2819 2170 2927 2241 γὰρ
2956 2170 3023 2223 τά
3053 2170 3414 2242 προλεχθέντα
3444 2172 3645 2236 πάντα,
3682 2173 3857 2244 ἐχρῆν

2279 2261 2582 2332 ὑπομνῆσαι
2623 2262 2718 2313 καὶ
2744 2259 2842 2329 τῆς
2874 2260 3195 2331 ἐγκειμένης
3223 2262 3280 2315 ὲν
3308 2261 3387 2333 τῷ
3416 2262 3665 2333 μέλλοντι
3692 2262 3856 2316 αἰῶνι

2278 2350 2652 2422 κληρονομίας.
2693 2350 2789 2413 Τίς
2814 2349 2858 2402 δ’
2887 2348 2954 2403 ἂν
2991 2350 3200 2418 γένοιτο
3228 2351 3365 2423 αὕτη
3390 2351 3506 2406 ἀλλ’
3534 2355 3570 2423 ή
3602 2352 3859 2424 βασιλεία

2277 2442 2383 2494 τῶν
2406 2440 2648 2511 οὐρανῶν
2673 2440 2768 2494 καὶ
2795 2440 2909 2510 ζωὴ
2936 2441 3177 2507 αίώνιοςς

2777 2598 3171 2655 ΚΕΦΔΔΛῘΟΝ
3195 2597 3320 2651 NE'.

2353 2746 2373 2779 t
2413 2730 2476 2782 0i
2513 2728 2791 2799 διψῶντες,
2841 2728 3133 2802 πορεύεσθε
3162 2728 3246 2798 ἐφ’
3287 2728 3450 2801 ὕδωρ,
3483 2730 3578 2784 καὶ
3628 2732 3749 2785 ὅσοι
3776 2734 3855 2805 μὴ

2278 2817 2427 2888 ἔχετε
2455 2819 2736 2891 ἀργύριον,
2782 2820 3094 2891 βαδίσαντες
3132 2820 3460 2892 ἀγοράσατε,
3509 2823 3605 2875 καὶ⁵
3642 2823 3855 2893 φάγετε

2276 2910 2401 2965 ἀνευ
2426 2911 2687 2992 ἀργυρίου
2722 2906 2863 2965 οἶνον
2903 2910 2998 2965 καὶ
3039 2910 3226 2983 στέαρ.
3257 2910 3375 2965 Ἵνα
3401 2911 3455 2964 τί
3486 2912 3723 2983 τιμᾶσθε
3751 2914 3856 2987 ἀρ-

2275 3002 2485 3075 γυρίου,
2511 3004 2605 3055 καὶ
2649 3003 2741 3056 τὸν
2771 3001 2967 3073 μόχθον
3012 3000 3167 3072 ὑμῶν
3215 3001 3315 3055 οὐκ
3376 3003 3457 3065 είς
3486 3002 3851 3075 πλησμονήν;

2288 3095 2574 3149 ’Δκούσατέ
2610 3113 2734 3166 μου,
2758 3095 2851 3149 καὶ
2871 3092 3094 3165 ζήσεται
3117 3094 3173 3147 ὲν
3194 3092 3416 3162 ἀγαθοῖς
3436 3096 3472 3166 ἡ
3492 3094 3642 3167 ψυχή
3666 3096 3853 3167 ὑμῶν,

2277 3186 2370 3238 καί⁵
2387 3184 2710 3256 διαθήσομαι
2739 3186 2866 3256 ὑμῖν
2892 3184 3154 3257 διαθήκην
3179 3183 3418 3252 αίώνιον,
3440 3184 3511 3238 τὰ
3533 3186 3658 3239 ὅσια
3680 3186 3852 3245 Δαυῒδ

2276 3275 2343 3329 τὰ
2373 3277 2557 3330 πιστά.
2584 3296 2603 3329 ι
2636 3276 2770 3348 Περὶ
2798 3276 2962 3349 ἔτερα
2989 3274 3396 3347 ἀσχολούμενοι,
3418 3275 3479 3343 ἑξ
3504 3268 3581 3333 ὧν
3599 3279 3705 3332 οὐκ
3726 3278 3862 3334 εστι,

2273 3364 2446 3436 ψυχὴν
2469 3367 2759 3437 τραφῆναι,
2786 3366 2907 3420 οὐδὲ
2941 3368 3021 3431 είς
3045 3367 3362 3439 πλησμονὴν
3386 3367 3695 3423 ἀπολαῦσαι
3719 3386 3853 3442 τρο-

2274 3454 2399 3524 φῆςο
2434 3454 2575 3527 Πρὸς
2616 3456 2724 3526 γὰρ
2760 3459 2875 3519 τοῖς
2904 3457 3187 3529 προτέροις
3230 3458 3324 3512 καὶ
3366 3458 3477 3511 τῶν
3505 3457 3685 3529 ἔργων
3707 3460 3855 3528 ἀγα-

2272 3543 2379 3597 θῶν
2397 3545 2604 3609 ὲλπίδα,
2628 3547 2721 3599 καὶ
2741 3547 2943 3618 τροφήν
2958 3546 3139 3602 ινθεον
3158 3546 3545 3619 τεταμιεῢσθαί
3565 3565 3701 3619 φησι
3720 3553 3852 3615 ταῖς

2269 3631 2377 3685 τῶν
2398 3634 2653 3705 ὑπηκόων
2676 3633 2892 3705 ψυχαῖς.
2918 3636 2993 3689 Οὐ
3020 3636 3129 3707 γάρ
3147 3638 3259 3700 τοῖς
3280 3635 3515 3708 σώμασι,
3538 3637 3854 3710 διαρρήδην

2268 3722 2325 3776 δὲ
2370 3726 2485 3787 ταῖς
2536 3724 2734 3794 ψυχαῖς
2775 3724 2873 3795 τὴν
2914 3723 3022 3778 τῶν
3069 3725 3368 3796 μελλόντων
3416 3727 3645 3795 ἀγαθῶν
3689 3728 3853 3783 δόσιν

2270 3814 2649 3887 προϐάλλεται.

2341 3943 2360 3974 ι
2400 3924 2530 3978 Ἰδοὺ
2558 3924 2853 3996 μαρτύριον
2878 3926 2935 3978 ἣν
2958 3923 3165 3980 ἔθνεσιν
3187 3925 3365 3981 ἔδωκα
3385 3927 3569 3992 αὑτὸν,
3597 3928 3850 3999 ἄρχοντα

2268 4012 2362 4064 καὶ
2404 4013 2806 4083 προστάσσοντα
2851 4012 3077 4069 ἔθνεσιν.
3128 4014 3298 4085 Ἐθνη
3340 4013 3376 4069 ἀ
3407 4016 3507 4069 οὐκ
3544 4018 3721 4071 οτδασί
3753 4038 3849 4087 σε,

2267 4104 2671 4159 ἐπικαλέσονταί
2697 4122 2779 4171 σε,
2824 4107 2917 4160 καὶ
2940 4105 3057 4161 λαοὶ
3079 4107 3129 4160 οἳ
3153 4107 3255 4160 οὐκ
3279 4108 3599 4163 ἐπίστανταί
3626 4127 3709 4176 σε,
3740 4115 3845 4169 ἐπὶ

2272 4196 2329 4248 σὲ
2359 4195 2801 4265 καταφεύξονται,
2835 4196 3019 4252 ἕνεκεν
3045 4197 3249 4269 Κυρίου
3279 4197 3372 4251 τοῦ
3400 4197 3534 4252 Θεοῦ
3576 4217 3692 4267 σου,
3737 4205 3843 4260 τοῦ

2267 4284 2420 4351 ἁγίου
2451 4283 2698 4355 Ἰσραὴλ,
2747 4285 2828 4337 ὃτι
2882 4286 3098 4353 issem
3142 4302 3219 4341 σε.
3261 4306 3281 4338 a
3328 4288 3440 4341 Καὶ
3490 4290 3577 4353 τίς
3616 4291 3719 4345 οὑκ
3769 4295 3849 4349 ἂν

2266 4375 2561 4446 ἐκπλαγείη
2593 4374 2687 4428 τοῦ
2721 4376 2879 4443 λόγου
2906 4376 2969 4429 τὸ
2992 4377 3355 4450 ἀποτέλεσμα,
3380 4380 3521 4451 όρῶν
3557 4383 3679 4437 καθ’
3705 4384 3845 4458 ὅλης

2266 4465 2362 4535 τῆς
2394 4466 2714 4537 οἰκουμένης
2752 4465 2860 4519 ἀπὸ
2902 4467 3137 4538 Χριστοῦ
3177 4470 3270 4523 τοῦ
3300 4470 3434 4525 Θεοῦ
3470 4473 3841 4545 Χριστιανοὺς

2267 4555 2853 4625 προσαγορευομένους
2897 4556 3007 4609 Καὶ
3048 4556 3204 4610 τοῦτο
3233 4558 3417 4623 αὐτοῖς
3462 4560 3679 4615 ἔσεσθαι
3728 4580 3840 4637 ση-

2200 4634 2245 4688 Ι)
2274 4646 2419 4713 μεῖον
2446 4644 2658 4699 αίὼνιον
2681 4644 2781 4714 τῆς
2806 4644 2959 4716 παρά
2983 4644 3102 4715 0εῷ
3128 4648 3402 4718 σωτηρίας
3432 4649 3495 4703 τὸ
3523 4634 3838 4725 ἐπιγράφε-

2271 4733 2387 4785 σθαι
2437 4734 2499 4787 τὸ
2528 4733 2622 4787 τοῦ
2652 4734 2855 4804 Κυρίου
2899 4734 3090 4806 ὖνομα,
3131 4736 3271 4809 ὅπερ
3315 4739 3499 4805 αὐτοῖς
3544 4745 3625 4807 είς
3654 4745 3836 4801 αίῶνα

2268 4826 2586 4896 παραμένει,
2618 4828 2712 4879 καὶ
2749 4826 2849 4881 οὐκ
2881 4826 3119 4897 ἐκλείψει
3147 4827 3398 4883 πώποτεδ
3436 4833 3835 4909 ἀμεταμέλητα

2266 4914 2372 4986 γάρ
2396 4915 2465 4968 τὰ
2500 4916 2814 4987 χαρίσματα
2840 4915 2935 4969 τοῦ
2964 4916 3102 4970 Θεοῦ
3131 4920 3405 4990 τυγχάνει.

2338 5040 2356 5072 t
2385 5024 2661 5093 Ζητήσατε
2684 5023 2775 5077 τὸν
2795 5023 3016 5095 Κύριον,
3038 5027 3131 5081 καὶ
3158 5028 3217 5081 ὲν
3242 5030 3320 5101 τῷ
3340 5032 3617 5104 εὑρίσκειν
3639 5038 3828 5107 αὑτὸν,

2263 5113 2673 5170 ὲπικαλέσασθε.
2718 5113 2908 5167 Ἦνίκα
2927 5115 2973 5169 δ’
2998 5116 3064 5170 ἂν
3091 5118 3284 5192 ἑγγίζῃ
3305 5121 3831 5190 ὑμῖν,νάπολειπέτω

2264 5203 2293 5253 ὁ
2326 5203 2523 5274 ἀσεϐὴς
2551 5202 2648 5266 τὰς
2670 5202 2825 5270 όδοὺς
2850 5204 3031 5271 αὑτοῦ,
3057 5207 3151 5261 καὶ
3180 5208 3318 5280 ἀνὴρ
3354 5211 3553 5282 ἄνομος
3579 5216 3680 5281 τὰς
3704 5218 3831 5288 βου-

2264 5289 2359 5354 λάς
2387 5291 2571 5355 αὑτοῦ,
2624 5293 2716 5345 καὶ
2750 5294 3133 5366 ἐπιστραφήτω
3156 5297 3250 5350 ἐπὶ
3279 5300 3499 5371 Κύριον,
3534 5307 3626 5357 καὶ
3666 5308 3826 5381 ἐλεη-

2263 5381 2508 5453 θήσεται⁸
2559 5385 2640 5437 ὅτι
2676 5384 2768 5437 ἐπὶ
2807 5387 2941 5442 πολὺ
2971 5390 3168 5460 ἀφήσει
3197 5391 3611 5473 τὰςάμαρτίας
3645 5400 3821 5470 ὑμῶν.

2264 5473 2338 5525 Οὐ
2370 5474 2478 5545 γάρ
2502 5477 2639 5528 εἰσιν
2667 5478 2723 5557 αἱ
2750 5476 2931 5547 βουλαί
2959 5495 3081 5551 μου,
3112 5480 3301 5553 ὥσπερ
3329 5486 3385 5536 αί
3418 5486 3605 5555 βουλαὶ
3642 5490 3822 5561 ὑμῶν,

2262 5563 2366 5615 οὐδ’
2396 5564 2579 5637 ὥσπερ
2611 5568 2665 5619 αἱ
2699 5566 2806 5620 ὁδοὶ
2841 5570 3014 5640 ὑμῶν,
3048 5573 3105 5625 αἱ
3132 5571 3238 5625 ὁδοί
3269 5591 3389 5644 μου,
3418 5578 3563 5646 λέγει
3594 5581 3820 5653 Κύριος.

2272 5653 2405 5706 Ἀλλ’
2434 5655 2508 5718 ὡς
2536 5657 2729 5725 ἀπέχει
2760 5660 2788 5710 ό
2815 5660 3039 5729 οὐρανὸς
3068 5662 3176 5716 ἀπὸ
3200 5664 3300 5733 τῆς
3333 5665 3457 5735 γῆς,
3485 5668 3658 5734 οὕτως
3686 5673 3823 5725 ἀπέ-

2256 5762 2338 5815 χει
2372 5749 2403 5816 ἡ
2435 5748 2549 5809 ὁδός
2584 5765 2683 5817 μου
2712 5749 2820 5802 ἀπὸ
2854 5753 2960 5805 τῶν
2995 5754 3128 5807 ὁδῶν
3169 5756 3341 5825 ὑμῶν,
3376 5761 3468 5813 καὶ
3498 5763 3569 5816 τὰ
3604 5764 3820 5838 sum-

2259 5855 2397 5906 ματα
2427 5840 2574 5908 ὑμῶν
2604 5842 2709 5891 ene
2732 5844 2827 5911 τῆς
2849 5843 3083 5907 διανοίας
3110 5865 3228 5916 μου.
3270 5850 3354 5914 Ὠς
3379 5851 3485 5922 γάρ
3510 5855 3576 5908 ἂν
3600 5860 3811 5929 καταεξ

2253 5931 2278 5981 ὁ
2308 5932 2451 5993 ὑετὸς
2489 5933 2545 5983 ἐκ
2598 5932 2686 5984 τςί
2721 5934 2968 6004 almum),
3021 5941 3109 5991 καὶ
3143 5940 3201 5991 οὐ
3242 5941 3314 6011 μὴ
3352 5945 3674 6021 ἀπθστρειᾶοῇ
3709 5952 3810 6016 ἕως
