4058 6398
273 431 383 487 έ69

1179 435 1677 492 COMMENTABIA
1718 439 1783 492 iN
1826 440 2075 500 lSAlAM.
2118 480 2185 489 —-
2219 450 2369 505 CAP.
2408 451 2543 509 LVI.

3398 461 3501 514 570

262 543 328 598 ἀν
364 545 571 619 μεθύση
592 548 690 619 τὴν
715 550 837 620 γῆν,
855 550 947 602 καὶ
977 552 1195 623 ὲκτέκῃ,
1224 555 1316 606 καὶ
1343 553 1709 627 ὲκϐλαστήσῃ,
1736 574 1801 610 κα

1930 562 2157 618 inebriet
2204 573 2423 633 terram,
2454 578 2507 623 et
2560 569 2756 638 pariat,
2789 577 2845 623 et
2876 570 3169 638 germinet,
3197 582 3252 625 et
3289 572 3379 626 det
3413 590 3500 627 se-

259 636 335 704 ὃῷ
374 636 589 708 σπέρμα
613 637 692 709 τῷ
722 640 1017 709 σπείροντι,
1046 643 1140 695 καὶ⁵
1168 644 1330 713 ἄρτον
1362 645 1442 706 είς
1476 643 1703 715 βρῶσιν·
1738 647 1827 700 οὓ-

260 742 369 789 τως
414 726 563 781 ἔσται
608 729 669 782 τὸ
717 730 869 800 ῥῆμά
901 748 1025 801 μου,
1059 732 1087 784 ὃ
1120 732 1214 785 ἑὰν
1245 732 1435 805 ἐξέλθῃ
1477 735 1541 787 ἐκ
1579 734 1670 788 τοῦ
1703 739 1825 790 στό-

264 815 428 884 ματός
463 833 587 885 μου,
618 817 678 868 ού
708 818 784 888 μή
827 819 1172 891 ἀππραφῇ,
1207 821 1311 881 ἕως
1347 820 1414 873 ἀν
1458 823 1682 896 τελεσθῇ
1725 827 1827 880 ὅσα

260 905 330 958 ἀν
353 904 604 977 ἠθέλησα.
636 908 747 961 Καὶ
772 908 1018 964 εύοδώσω
1054 912 1153 975 τάς
1182 911 1334 975 ὁδους
1363 928 1479 978 σου,
1512 916 1605 968 καὶ
1636 917 1704 969 τά
1742 917 1827 970 ὲν-

257 993 504 1066 τάλματά
547 1014 668 1067 μου.
728 999 817 1052 Ἐν
848 1000 958 1072 γάρ
987 1002 1295 1075 εὐφροσύνῃ
1335 1003 1701 1073 ἐξελεύσεσθε,
1732 1008 1825 1061 καὶ

256 1086 318 1139 εν
332 1088 480 1158 χαρᾷ
503 1086 905 1158 διδαχθήσεσθε.
938 1089 1019 1144 Τά
1044 1092 1152 1163 γάρ
1176 1092 1276 1165 ὅρη
1304 1094 1399 1147 καὶ
1435 1095 1486 1147 οἱ
1519 1095 1697 1165 βουνοὶ
1730 1097 1821 1162 ἐξ·

254 1175 504 1231 αλσῦνται
530 1179 949 1251 προσδεχόμενοι
977 1181 1119 1253 ὑμᾶς
1148 1185 1207 1236 ἐν
1238 1186 1401 1256 χαρᾷ.
1429 1205 1447 1239 ι
1469 1187 1547 1241 Δι’
1572 1181 1647 1243 ὧν
1673 1184 1822 1259 οἶμαι

250 1266 507 1337 δυνάμεις
544 1272 942 1341 συγχαιρούσας
972 1262 1084 1337 τοῖς
1116 1274 1207 1327 ἐπὶ
1228 1275 1331 1347 γῆς
1376 1264 1694 1348 μετανοοῦσι
1724 1279 1813 1349 δη-

252 1357 493 1412 λοῦσθαι.
540 1379 558 1411 ι
582 1362 691 1416 Καὶ
719 1364 896 1417 πάντα
916 1369 983 1418 τά
1006 1364 1136 1432 ξύλα
1159 1367 1253 1420 τοῦ
1277 1368 1449 1440 ἀγροῦ
1473 1371 1822 1442 ἐπικρατήσει

246 1450 360 1512 τοῖς
388 1449 619 1514 κλάδοις.
650 1471 669 1504 ι
692 1452 835 1506 Ξύλα
860 1452 917 1506 δὲ
938 1453 1032 1507 τοῦ
1060 1454 1231 1526 ἀγροῦ
1262 1457 1653 1529 ἐπικρατοῦντα
1684 1460 1815 1513 κλά-

246 1538 356 1603 ἃοις
386 1539 527 1609 τάχα
558 1557 658 1595 που
683 1544 740 1595 αι
772 1544 1106 1616 καρποφόροι
1134 1541 1244 1599 εἶεν
1270 1545 1335 1601 ἂν
1363 1548 1558 1618 ψυχαὶ,
1592 1552 1816 1620 συγχαί-

249 1647 437 1699 ρουσαι
469 1633 587 1696 ταῖς
610 1632 719 1686 τῶν
749 1634 962 1705 ἀνόμων
986 1636 1185 1707 ψυχαῖς
1206 1634 1657 1709 ἐπιστρεφούσαις
1686 1642 1821 1713 πρὸς

242 1720 472 1794 Κύριον.

316 1830 337 1864 ι
374 1813 483 1867 Καὶ
524 1814 643 1868 ἀντὶ
687 1816 786 1886 τῆς
838 1818 1053 1889 στοιϐῆς
1083 1820 1412 1892 ἀναϐήσεται
1455 1824 1814 1895 κυπάρισσος,

1931 668 2050 708 men
2096 658 2401 725 seminantl,
2430 669 2485 715 et
2524 675 2715 727 panem
2766 662 2834 715 ad
2878 663 3237 729 vescendum;
3284 666 3362 718 sic
3396 667 3500 719 erit

1928 745 2145 799 verbum
2175 762 2375 813 meum,
2400 752 2758 821 quodcunque
2786 754 2980 807 exierit
3005 753 3070 807 de
3093 768 3189 808 ore
3213 770 3356 819 meo,
3385 771 3494 810 non

1926 846 2252 905 revertetur,
2276 842 2445 897 donec
2470 844 2820 911 perﬁciantur
2850 859 3185 913 quzecunque
3208 845 3491 902 voluerim.

1927 927 1992 981 Et
2021 943 2306 997 prosperas
2333 915 2529 987 faciam
2560 936 2678 990 vias
2707 943 2826 991 tuas
2867 945 2920 989 et
2951 946 3216 1006 prmeepta
3255 953 3393 993 mea.
3433 942 3490 993 ln

1924 1016 2104 1075 laetitia
2127 1022 2270 1076 enim
2306 1026 2657 1093 egrediemini
2679 1068 2695 1092 ,
2735 1037 2791 1083 et
2824 1029 2876 1082 in
2911 1028 3108 1099 gaudio
3147 1029 3490 1086 docebimini.

1925 1110 2135 1167 Montes
2158 1115 2298 1189 enim
2324 1125 2379 1170 et
2414 1115 2583 1173 colles
2612 1120 2863 1174 exsilient
2887 1120 3217 1189 excipientes
3249 1136 3342 1175 vos
3365 1136 3487 1176 cum

1924 1204 2137 1274 gaudio.
2181 1223 2200 1257 ι
2239 1205 2402 1273 Queis
2456 1209 2711 1265 existimo
2747 1210 3039 1282 signiﬁcari
3079 1212 3335 1277 virtutes,
3371 1227 3490 1283 qum

1923 1297 1991 1351 de
2020 1296 2407 1366 ptenitentibus
2454 1302 2507 1355 in
2554 1311 2694 1357 terra
2745 1302 3013 1357 lzetantur.
3045 1321 3066 1356 ι
3118 1303 3186 1359 Ει
3214 1306 3393 1359 omnia
3425 1307 3490 1361 li-

1921 1403 2025 1457 gna
2053 1390 2168 1459 agri
2202 1389 2529 1459 applaudent
2560 1394 2747 1447 ramis.
2790 1413 2810 1447 ι
2844 1394 3013 1465 Ligna
3047 1396 3162 1465 agri
3209 1397 3374 1452 ramis
3400 1412 3495 1467 ap-

1921 1478 2247 1548 plaudentia,
2278 1480 2508 1538 fortasse
2563 1484 2764 1541 fuerint
2795 1488 2991 1541 animae
3015 1486 3330 1555 fructiferae,
3374 1506 3494 1557 qua:

1919 1568 1987 1623 de
2015 1570 2302 1628 animabus
2326 1573 2617 1645 impiorum
2652 1578 2718 1631 ad
2755 1577 3038 1633 Dominum
3076 1581 3490 1646 revertentibus,

1922 1662 2104 1718 laetitia
2136 1666 2431 1735 replentur.

1990 1820 2151 1876 Vens.
2184 1822 2272 1877 15.
2303 1840 2322 1874 ι
2354 1823 2421 1878 Ει
2451 1839 2548 1895 pro
2569 1827 2742 1885 stmba
2768 1831 3023 1887 ascendet
3052 1833 3385 1903 cyparissus,
3433 1844 3490 1889 et

236 1903 447 1983 ἀντὶδὲ
473 1904 573 1975 τῆς
590 1906 819 1979 κονύζης
844 1910 1173 1981 ἀναϐήσεται
1229 1913 1483 1982 μυρσίνη.
1519 1914 1629 1967 Καὶ
1664 1913 1805 1968 ἔσται

1916 1924 2013 1979 pro
2044 1927 2245 1982 conysa
2279 1914 2533 1969 ascendet
2561 1925 2788 1988 myrtus.
2811 1919 2877 1975 Et
2899 1921 3005 1977 erit
3032 1920 3291 1978 Dominus
3316 1925 3370 1979 in
3395 1940 3491 1980 no-

237 1994 445 2068 Κύριος
476 1999 555 2062 είς
574 1999 764 2069 ὄνομα,
800 2001 896 2055 καὶ
924 2003 1004 2066 εις
1027 2004 1249 2073 σημεῖον
1289 2002 1538 2071 αἰώνιον,
1572 2008 1667 2061 καὶ
1714 2008 1814 2061 οὐκ

237 2086 502 2157 έκλείψει.
538 2107 556 2139 ι
590 2090 1062 2162 ’Δλληγορικῶςδὲ
1091 2093 1181 2147 διὰ
1202 2094 1408 2149 τούτων
1434 2097 1678 2167 ᾐνίττετο
1716 2097 1814 2168 τὴν

234 2175 347 2229 ἀπὸ
375 2176 484 2229 τῶν
502 2179 759 2250 χειρόνων
785 2180 877 2233 ἰπὶ
900 2180 970 2235 τά
990 2182 1221 2253 κρείττω
1254 2182 1363 2237 τῶν
1393 2184 1581 2255 ψυχῶν
1605 2202 1813 2259 καρπο-

235 2265 435 2336 φορίαν
455 2284 468 2297 ⁸
502 2268 560 2321 αι
592 2269 763 2323 πᾶσαι
798 2269 897 2341 μὲν
926 2266 1065 2343 ἦσαν
1096 2274 1156 2327 ὲν
1200 2273 1472 2347 ἀθεότητι,
1525 2276 1677 2330 οὐδὲν
1722 2278 1813 2345 γό-

232 2372 393 2425 νιμον
420 2356 540 2410 οὐδὲ
563 2358 833 2431 τρόφιμον
864 2360 1087 2434 ῐφερονο
1116 2364 1192 2428 ὡς
1250 2366 1309 2418 ὲν
1368 2366 1562 2438 ἐρήμῳ
1605 2366 1662 2420 δὲ
1716 2370 1812 2422 κα)¹

230 2445 435 2518 χέρσῳ,
454 2450 548 2502 καί
574 2450 910 2524 ἀγεωργήτῳ
926 2452 1099 2526 χώρᾳ,
1149 2455 1366 2526 στοιϐὴν
1391 2456 1523 2529 ὕλης
1538 2459 1811 2530 ἀχρήστου

229 2538 330 2591 καὶ
360 2538 589 2604 κόνυζαν
617 2542 717 2614 τήν
747 2542 1199 2616 δυσσεϐεστάτην,
1235 2548 1329 2601 καὶ
1355 2547 1627 2621 ἄχρηστον
1677 2567 1812 2604 παν-

224 2627 405 2692 τελῶς
439 2629 670 2703 βοτάνην
695 2632 881 2703 έφυον.
906 2635 1018 2689 Νῦν
1042 2637 1087 2690 δ’
1114 2638 1201 2691 ὅτε
1231 2639 1333 2709 τῆς
1365 2640 1515 2704 θείας
1550 2641 1810 2712 μετέσχον

226 2718 474 2791 χάριτος,
511 2722 774 2797 μυρσίνην
808 2726 1199 2801 εύωδεστάτην,
1222 2730 1318 2784 καὶ
1350 2731 1449 2802 μὲν
1470 2731 1812 2804 ὑψηλοτάτην

226 2812 326 2869 καὶ
365 2814 526 2868 πάλιν
563 2814 734 2889 εὐώδη
767 2818 1105 2890 κυπάρισσον
1159 2821 1570 2894 έκαρποφόρουν
1597 2838 1612 2857 ο
1668 2823 1810 2877 κατά

223 2900 288 2955 δέ
349 2904 442 2958 τὸν
495 2895 788 2978 Σύμμαχον
810 2948 827 2975 ,
880 2926 901 2960 ι
953 2909 1096 2962 ’Δντὶ
1117 2910 1354 2981 στοιϐἧς,
1413 2913 1598 2984 φησιν,
1680 2914 1810 2967 ἀνα-

223 2990 456 3064 ϐήσεται
486 2994 813 3065 βράθυ,άντὶ
843 2996 903 3052 δέ
934 2998 1112 3063 mea;
1143 3000 1477 3072 ἀναϐήσεται
1513 3002 1800 3075 μυρσίνηοι

221 3080 304 3144 ὥς
336 3084 384 3135 εί
418 3084 747 3157 σαφέστερον
775 3086 1023 3155 ἐλέγετο,
1071 3088 1215 3144 ’Δντὶ
1241 3089 1439 3155 κακίας
1477 3090 1807 3163 ἀναϐήσεται

222 3170 564 3244 δικαιοσύνη,
594 3175 687 3229 καὶ
712 3176 833 3229 ἀντὶ
858 3177 1154 3241 ἀκολασίας
1186 3180 1529 3254 σωφροσύνη,
1558 3183 1655 3237 καὶ
1684 3184 1806 3239 ἀντὶ

1920 2014 2041 2054 men
2062 2008 2117 2053 et
2160 2000 2214 2053 in
2253 2002 2468 2071 signum
2518 2000 2929 2075 sempiternum.
2973 2024 3148 2081 neque
3181 2013 3414 2072 deficiet.
3462 2034 3481 2067 ι

1916 2087 2013 2143 His
2049 2090 2335 2161 allegorice
2359 2092 2667 2149 subindicat
2717 2098 3020 2155 animarum
3070 2116 3101 2155 a
3135 2104 3383 2172 pessimis
3419 2106 3486 2159 ad

1915 2172 2136 2228 meliora
2194 2178 2580 2233 revertentium
2638 2180 3064 2241 fecunditatem:
3097 2203 3221 2259 quae
3269 2193 3486 2261 quidem

1913 2262 2042 2316 olim
2080 2279 2269 2321 omnes
2312 2268 2367 2322 in
2421 2267 2700 2337 impietate
2734 2275 3112 2348 versabantur,
3151 2295 3216 2337 ae
3260 2284 3395 2338 nihil
3420 2286 3488 2340 ad

1912 2354 2338 2442 productionem,
2395 2360 2640 2432 nihilque
2669 2367 2737 2419 ad
2781 2380 2963 2423 escam
3018 2369 3150 2425 utile
3205 2370 3486 2442 ferebant;

1912 2440 2007 2496 sed
2035 2443 2189 2511 quasi
2229 2444 2281 2497 in
2321 2446 2533 2503 deserta
2566 2459 2622 2505 et
2664 2453 2816 2509 arida
2861 2470 3036 2526 neque
3060 2458 3203 2516 culta
3244 2440 3485 2531 regione,

1910 2534 2135 2590 stmbam
2165 2536 2368 2595 inutilis
2409 2543 2650 2600 materiae
2697 2553 2754 2603 et
2799 2560 3061 2619 eonyzam
3110 2552 3484 2621 impiissintam

1909 2639 2235 2698 pronusque
2265 2629 2473 2687 futilem
2497 2633 2720 2693 herbam
2744 2640 3137 2708 germinabant.
3173 2641 3327 2701 Nunc
3358 2661 3488 2703 vero

1908 2725 2193 2786 postquam
2210 2720 2405 2779 divina:
2438 2726 2627 2794 gratia:
2656 2741 2939 2801 consortes
2974 2732 3219 2802 fuerunt,
3247 2745 3483 2808 myrtum

1908 2810 2330 2879 suaveolentem,
2372 2830 2579 2874 necnon
2634 2820 2989 2879 celsissimam
3036 2834 3092 2880 et
3166 2826 3334 2884 odore
3375 2828 3485 2884 fra-

1908 2912 2152 2971 grantem
2196 2908 2530 2990 cyparissum
2575 2913 2935 2981 emittebant;
2972 2918 3271 2973 secundum
3314 2918 3479 2990 Sym-

1908 2994 2159 3049 machum
2189 2983 2367 3052 autem
2401 3000 2621 3068 dicitur,
2660 3022 2680 3056 ι
2715 3002 2823 3061 Pro
2851 3007 3027 3069 stmba
3058 3008 3316 3064 ascendet
3355 2983 3483 3065 bra-

1909 3087 2025 3156 thy,
2054 3094 2110 3141 et
2158 3103 2255 3157 pro
2280 3092 2452 3146 urtica
2482 3094 2739 3151 ascendet
2768 3105 3005 3168 myrtus;
3044 3116 3065 3151 »
3105 3112 3172 3155 ac
3205 3100 3251 3155 si
3280 3099 3483 3158 clarius

1908 3176 2132 3247 diceret,
2164 3176 2268 3235 Pro
2296 3181 2500 3239 malitia
2538 3186 2795 3242 ascendet
2829 3187 3060 3258 iustitia,
3096 3199 3153 3246 et
3194 3206 3293 3262 pro
3320 3192 3482 3253 laser-

223 3259 464 3333 θράσους
487 3264 725 3353 ἀνδρεία,
758 3268 854 3321 καὶ
871 3269 993 3323 ἀντὶ
1045 3270 1358 3343 ἀφροσύνης
1400 3273 1680 3345 φρόνησις,
1711 3274 1804 3329 καὶ

1908 3269 1993 3324 via
2021 3275 2394 3341 temperantia.
2446 3292 2547 3346 pro
2591 3279 2817 3335 audacia
2860 3281 3055 3348 virtus,
3112 3259 3212 3353 pro
3242 3285 3479 3341 amentia

224 3350 561 3418 ἁπαξαπλῶς
586 3353 707 3408 ἀντὶ
739 3358 1005 3429 πονηρίας
1031 3359 1221 3432 ἀρετή.

730 3469 1127 3526 ΚΕΦΔΔΔΙΟΝ
1159 3474 1300 3543 Νςι.

301 3574 322 3608 ι
353 3555 495 3609 Τάδε
548 3557 696 3626 λέγει
744 3557 985 3629 Κύριος⁹
1047 3561 1388 3619 Φυλάσσεσθε
1452 3567 1654 3640 κρίσιν,
1706 3570 1799 3623 καὶ

221 3646 484 3715 ⁸ιωιήσατε
512 3645 855 3718 δικαιοσύνην
874 3664 890 3678 ⁸
922 3648 1116 3717 ήγγικε
1161 3650 1267 3724 γὰρ
1303 3652 1364 3706 τὸ
1397 3655 1663 3726 συηήριόν
1696 3674 1798 3727 μου

224 3735 642 3805 παραγίνεσθαι,
692 3738 785 3792 καὶ
849 3740 910 3794 τὸ
970 3741 1115 3806 ἔλεός
1176 3760 1278 3813 μου
1326 3744 1795 3819 ἀποκαλυφθῆναι.

220 3825 509 3898 Μακάριος
564 3828 701 3901 ἀνὴρ
763 3831 793 3882 ό
842 3832 1013 3887 ποιῶν
1064 3832 1255 3890 ταῦτα.
1310 3854 1329 3887 ι
1376 3836 1502 3901 Πῶς
1558 3840 1621 3893 οὐ
1691 3858 1796 3911 μα-

220 3916 418 3987 κάριος
470 3919 723 3984 τοιαύτας
774 3920 1008 3992 εἰληφὼς
1052 3924 1154 3988 τάς
1209 3925 1572 3995 ἑπαγγελίαςς
1624 3948 1643 3981 ι
1684 3931 1795 3985 Καὶ

216 4006 501 4078 ἄνθρωπος
557 4009 588 4061 ὀ
638 4010 993 4082 ἀντεχόμενος
1048 4014 1245 4081 αὐτῶν,
1288 4018 1382 4070 καὶ
1413 4018 1699 4086 φυλάσσων
1726 4022 1797 4075 τά

216 4097 473 4154 Σάϐϐατα
521 4100 597 4171 μή
645 4100 904 4172 βεϐηλοῦν
929 4141 945 4167 ,
999 4104 1090 4158 καὶ
1158 4106 1433 4180 διατηρῶν
1498 4110 1599 4174 τὰς
1686 4115 1795 4183 χεῖ-

1904 3360 2218 3431 prudentia;
2254 3372 2414 3436 atque
2446 3367 2499 3422 in
2540 3383 2774 3437 summa,
2803 3387 2902 3442 pro
2924 3372 3126 3429 malitia
3158 3374 3348 3433 virtus.

2495 3480 2723 3538 CAPUT
2761 3481 2895 3539 LVI.

1971 3566 2131 3621 Vsus.
2146 3565 2170 3620 l
2184 3567 2294 3632 ,ΞΑ
2316 3566 2441 3626 Haec
2454 3571 2586 3627 dicit
2605 3572 2861 3631 Dominus
2879 3592 2895 3632 :
2912 3574 3477 3647 Custoditejudicrum,

1899 3665 1955 3713 et
1988 3656 2149 3713 facite
2193 3659 2460 3730 justitiam
2510 3666 3007 3737 :appropinquavit
3055 3668 3201 3726 enim
3243 3672 3480 3728 salutare

1898 3764 2099 3817 meum,
2126 3762 2187 3807 ut
2214 3753 2415 3819 veniat,
2444 3764 2498 3809 et
2518 3756 2890 3813 misericordia
2915 3773 3058 3827 mea,
3087 3769 3149 3816 ut
3177 3762 3471 3823 reveletur.

1897 3842 2097 3899 Beatus
2126 3845 2209 3899 vir
2240 3845 2335 3915 qui
2366 3846 2501 3903 facit
2544 3849 2685 3907 haec.
2720 3867 2741 3903 ι
2786 3850 2891 3918 ραι
2915 3866 3020 3908 non
3063 3851 3255 3911 beatus
3279 3854 3475 3921 fuerit,

1896 3936 1990 4005 qui
2048 3936 2183 3992 tales
2232 3938 2617 4006 promissiones
2666 3943 2975 4011 acceperit?
3015 3962 3036 3997 ι
3068 3943 3137 4000 Et
3188 3944 3351 4003 homo
3373 3948 3475 4016 qui

1897 4028 2137 4084 adhaeret
2175 4030 2279 4093 eis,
2306 4039 2360 4084 et
2393 4032 2484 4099 qui
2509 4032 2763 4087 observat
2794 4031 3054 4100 Sabhata,
3104 4044 3166 4091 ut
3209 4050 3316 4092 non
3349 4051 3476 4106 pro-

1898 4122 2047 4176 fauet
2096 4134 2182 4184 ea,
2223 4128 2278 4175 et
2299 4130 2485 4197 servat
2510 4132 2703 4179 manus
2730 4137 2878 4191 suas,
2908 4126 2995 4180 ne
3017 4125 3181 4181 faciat
3212 4125 3414 4197 iniqua.
3448 4147 3467 4181 ι

218 4206 322 4261 ρας
370 4188 536 4242 αὐτοῦ
588 4191 662 4262 μὴ
692 4195 861 4246 ποιεῖν
902 4194 1084 4249 ἀδικα.
1139 4214 1158 4249 ι
1208 4198 1268 4251 70
1293 4197 1402 4271 γὰρ
1423 4199 1597 4254 ταῦτα
1625 4203 1794 4258 ποιῶν

1908 4210 2028 4266 Nam
2066 4213 2156 4282 qui
2185 4192 2303 4267 haec
2333 4211 2545 4279 fecerit,
2569 4213 2657 4269 illa
2682 4230 2802 4285 qua
2839 4188 3001 4274 ει)οο
3032 4225 3118 4273 est
3142 4188 3475 4276 beatitudine

212 4278 314 4333 τοῦ
343 4282 494 4352 παρά
540 4281 674 4337 Θεοῦ
710 4286 1060 4358 μακαρισμοῦ
1112 4288 1308 4356 γένοιτ’
1366 4289 1435 4344 ἂν
1465 4292 1632 4357 ἄξιος.
1688 4293 1791 4347 Σὺν

1908 4278 2247 4375 lignus‘sane
2283 4303 2463 4359 fuerit.
2513 4278 2597 4360 Ad
2808 4308 2937 4363 item
2986 4309 3350 4365 necessarium
3388 4321 3473 4367 est
3536 4342 3545 4351 π

213 4369 426 4434 τούτοις
453 4373 633 4427 καὶτὰ
660 4374 912 4431 Σάϐϐατα
935 4378 1008 4449 μὴ
1034 4377 1293 4449 βεϐηλοῦν
1313 4380 1605 4449 ἀναγκαῖον
1626 4401 1640 4413 ·
1656 4384 1794 4456 ὅπερ

1908 4369 2134 4451 sabbata
2175 4411 2281 4451 non
2335 4395 2538 4452 violare
2579 4398 2767 4467 :quod
2794 4398 2980 4471 utique
3024 4400 3153 4469 erit,
3182 4400 3230 4457 si
3279 4415 3471 4457 manus

213 4460 370 4515 ισται
402 4465 450 4515 εί
482 4464 581 4528 τὰς
609 4465 818 4519 ἑαυτῶν
838 4471 1026 4538 χεῖρας
1058 4469 1304 4542 καθαρὰς
1353 4471 1534 4540 πάσης
1584 4473 1788 4527 ἀτόπου

1908 4497 2101 4543 vestras
2121 4488 2189 4542 ah
2216 4489 2362 4542 omni
2403 4489 2619 4559 indigna
2649 4490 2865 4547 actione
2891 4460 3067 4561 “puras
3093 4492 3468 4559 servaveritis;

214 4549 470 4622 πράξεως
493 4551 854 4626 διατηρήσητε
875 4572 889 4587 ⁸
925 4556 974 4609 εί
1004 4557 1061 4611 δὲ
1090 4557 1265 4614 ταῦτα
1294 4560 1371 4631 μὴ
1404 4561 1791 4631 «etnon-re,th

1908 4578 1938 4632 si
1970 4593 2101 4634 vero
2128 4580 2240 4633 haec
2268 4595 2370 4635 non
2399 4581 2642 4649 egeritis,
2686 4591 2849 4652 atque
2876 4583 2930 4638 in
2959 4584 3072 4640 otio
3103 4594 3158 4639 et
3194 4586 3471 4641 vacatione

214 4639 413 4712 σχολῆς
438 4642 531 4695 καὶ
562 4643 760 4715 ἀργίας
793 4645 1067 4715 διάγοντες
1096 4649 1195 4721 τήν
1225 4630 1318 4704 τού
1350 4630 1624 4706 Σαϐϐάτώ
1663 4652 1795 4725 ἠμέ-

1908 4630 1937 4632 ,,
2270 4630 2370 4635 ηπ
2407 4630 2642 4649 τηυη,
2686 4630 2848 4652 --τη
2963 4630 3069 4640 -.-ν
3105 4630 3158 4639 --
3201 4630 3468 4641 .-.ην-.-

1908 4667 2117 4725 Sabbatl
2153 4670 2295 4726 diem
2322 4674 2716 4743 transegeritis,
2748 4689 2845 4730 vos
2873 4675 3006 4730 nihil
3033 4676 3217 4734 facere
3256 4690 3468 4734 certum

217 4746 341 4802 ραν,
367 4731 479 4784 ῐστε
514 4733 575 4785 τὸ
606 4734 775 4805 μηθὶν
807 4735 1100 4801 ποιοῦντες.

296 4838 317 4871 ε
344 4820 436 4891 Μὴ
480 4820 682 4889 λεγέτω
726 4826 756 4876 ό
804 4824 1093 4898 ἀλλογενὴς
1130 4829 1160 4880 ὀ
1219 4830 1609 4901 προσκείμενος
1656 4830 1792 4903 πρὸς

212 4909 446 4981 Κύριον·
486 4912 725 4984 ’Δφοριεῖ
773 4932 840 4984 με
901 4916 1011 4988 ἀρα
1038 4917 1241 4988 Κύριος
1273 4920 1384 4974 ἀπὸ
1417 4920 1512 4975 τοῦ
1538 4920 1665 4975 λαοῦ
1693 4923 1791 4975 αὐ-

209 5000 349 5068 τοῧ;
380 5020 401 5055 ι
432 5002 694 5059 διδάωιων
726 5007 804 5078 μὴ
839 5008 983 5078 μέγα
1013 5012 1230 5082 φρονεῖν
1281 5012 1549 5068 Ἰουδαίων
1592 5013 1787 5077 παῖδας

210 5094 309 5149 ἀπὶ
332 5092 410 5167 τῷ
433 5095 579 5165 γένει
598 5136 614 5161 ,
650 5100 785 5169 μηδὲ
827 5101 921 5155 ἐπὶ
976 5105 1089 5166 τοῖς
1138 5102 1477 5176 προπάτορσι
1525 5106 1784 5177 σεμνύνε-

212 5186 362 5241 σθαι.
402 5206 423 5240 ε
455 5188 566 5243 Καὶ
621 5189 703 5261 μὴ
740 5190 944 5261 λεγέτω
969 5194 998 5247 ό
1023 5194 1311 5266 εὐνοῦχος,
1341 5196 1423 5251 ὅτι
1462 5196 1629 5253 Ξύλον
1672 5197 1783 5268 ὶγώ

215 5279 336 5349 ειμι
376 5276 559 5350 ξηρόν.
605 5298 626 5332 ι

290 5386 310 5419 ι
348 5368 491 5423 Τάδε
538 5370 687 5441 λέγει
743 5372 949 5445 Κύριος
986 5378 1102 5440 τοῖς
1154 5376 1466 5451 εὐνούχοις·
1520 5378 1673 5434 Ὀσοι
1715 5378 1783 5434 ἀν

211 5454 551 5528 φυλάξωνται
581 5461 650 5515 τά
677 5462 930 5520 Σάϐϐατά
962 5483 1061 5537 μου
1103 5468 1197 5521 καὶ
1240 5468 1563 5536 ἐκλέεωνται
1599 5468 1637 5524 ἀ
1675 5470 1784 5539 ἐγὼ

212 5548 372 5615 θέλω,
404 5550 498 5603 καὶ
519 5553 848 5624 ἀντέχωνται
871 5557 971 5628 τῆς
1010 5558 1284 5631 Διαθήκης
1317 5578 1419 5633 μου
1442 5600 1458 5627 ,
1490 5560 1645 5615 δώσω
1683 5563 1782 5616 αὺ-

210 5642 325 5703 τοῖς
346 5642 405 5694 έν
422 5640 502 5712 τῷ
521 5643 654 5716 οίκῳ
683 5663 806 5714 μου,
837 5649 932 5701 καὶ
952 5650 1012 5703 έν
1038 5650 1115 5721 τῷ
1134 5651 1300 5722 τείχει
1332 5670 1433 5723 μου
1464 5652 1630 5706 τόπον
1669 5652 1785 5707 ὀνο-

215 5731 442 5801 μαστὸν,
471 5734 703 5806 κρείττω
722 5738 853 5791 υἱῶν
873 5739 967 5793 καὶ
990 5740 1307 5814 Θυγατέρων
1326 5760 1339 5773 ·
1366 5743 1535 5813 δνομα
1565 5742 1781 5803 αἰώνιον

212 5818 371 5878 δώσω
396 5824 603 5892 αὐτοῖς·
644 5828 737 5882 καὶ
768 5830 867 5884 ούκ
894 5831 1151 5902 ἐκλείψει.
1186 5853 1203 5885 ι
1246 5835 1458 5905 Ἐπειδὴ
1480 5834 1536 5888 δὲ
1559 5836 1653 5889 καὶ
1683 5836 1782 5905 τὴν

1894 4760 2104 4817 habete.

1965 4850 2129 4908 Vens.
2155 4853 2209 4908 ὅ.
2244 4871 2264 4907 ι
2298 4854 2376 4910 Ne
2414 4856 2559 4911 dicat
2610 4856 2929 4930 alienigena,
2958 4859 3049 4930 qui
3079 4861 3358 4930 appositus
3390 4876 3473 4916 est

1892 4943 2116 4999 Domino
2152 4962 2168 5000 :
2193 4942 2330 4999 Num
2349 4948 2622 5014 separabit
2638 4964 2724 5005 me
2745 4948 3005 5007 Dominus
3023 4967 3053 5006 a
3072 4955 3270 5022 popqu
3288 4969 3387 5009 suo
3403 4954 3428 5009 ἲ
3444 4975 3464 5007 ι

1890 5033 2089 5090 docens
2116 5032 2329 5092 Judaeos
2364 5053 2431 5094 ne
2462 5038 2529 5095 de
2553 5054 2750 5110 genere
2774 5057 2873 5100 suo
2900 5042 3067 5098 altum
3101 5046 3337 5115 sapiant,
3366 5061 3463 5103 ne-

1888 5139 1994 5191 que
2019 5127 2086 5182 de
2111 5128 2325 5195 proavis
2345 5130 2457 5184 suis
2485 5130 2805 5201 glorientur.
2846 5153 2867 5186 ι
2895 5134 2965 5190 Et
3014 5152 3081 5193 ne
3113 5136 3257 5194 dicat
3290 5152 3465 5195 eunu-

1888 5218 2026 5274 chus
2061 5238 2073 5272 :
2106 5218 2332 5290 Lignum
2367 5224 2577 5279 aridum
2608 5240 2708 5294 ego
2737 5241 2877 5282 sum.
2908 5245 2928 5281 ι
3011 5278 3015 5283 .

1960 5373 2125 5430 Vsus.
2158 5376 2214 5443 4,
2247 5376 2301 5431 5.
2334 5396 2354 5429 ι
2391 5376 2521 5433 Haec
2549 5380 2678 5435 dicit
2716 5379 2974 5438 Dominus
2997 5386 3295 5440 eunuchis:
3328 5386 3453 5455 Qui-

1889 5481 2102 5538 cunque
2132 5470 2489 5526 custodierint
2533 5470 2772 5528 Sabbata
2806 5488 2947 5539 mea,
2970 5484 3024 5529 et
3054 5475 3315 5543 elegerint
3337 5492 3458 5547 quae

1886 5574 1987 5630 ego
2025 5560 2165 5626 volo,
2195 5570 2250 5616 et
2291 5563 2617 5619 adbzeserint
2652 5562 2999 5621 Testamento
3030 5582 3169 5634 meo,
3209 5568 3348 5623 dabo
3376 5572 3457 5624 eis

1885 5651 1939 5706 in
1963 5654 2124 5709 domo
2169 5670 2283 5709 mea
2327 5664 2383 5709 et
2413 5656 2552 5711 intra
2584 5672 2798 5728 murum
2850 5673 3050 5724 meum,
3081 5658 3257 5714 locum
3281 5662 3454 5716 nomi-

1886 5753 2093 5809 natum,
2125 5747 2401 5802 meliorem
2436 5747 2561 5802 ﬁliis
2592 5759 2645 5804 et
2695 5748 2941 5814 filiabus;
3002 5764 3198 5804 nomen
3258 5752 3454 5820 sempi-

1888 5847 2097 5894 ternum
2124 5840 2261 5895 dabo
2286 5841 2385 5906 eis,
2412 5851 2583 5896 etnon
2607 5840 2837 5897 deﬁciet.
2862 5860 2880 5892 ι
2901 5841 3162 5908 Quoniam
3185 5839 3356 5897 Judci
3385 5842 3451 5896 li—
