4058 6386
617 427 712 483 -ΓΗ

1306 425 1565 483 EUSEBII
1604 428 2073 488 CAESABIENSIS
2109 432 2168 490 Ol

2303 434 2476 491 PARS
2507 435 2592 490 111.
2631 464 2701 476 -
2741 428 3148 487 EXEGETICA.

3713 429 3812 485 872

618 539 861 593 berorum
889 537 1277 593 multitudinem
1338 541 1756 595 benedictionem
1790 541 1878 597 Dei
1910 557 2027 596 esse
2056 558 2153 610 pu-

2270 542 2612 595 πολυπαιδίαν
2665 543 2909 610 εὐλογίαν
2958 540 3093 594 Θεοῦ
3119 539 3345 611 ἡγοῦντο
3373 535 3513 593 εἶναι
3556 539 3812 605 Ἰουδαῖοι,

616 629 691 682 tal
706 637 816 693 λιιι,
832 628 1236 698 mercedemque
1252 644 1317 684 ac
1338 629 1563 685 fructum
1583 631 1794 701 pietatis
1818 648 2154 688 numerosam

616 720 811 786 prolem
842 733 961 773 esse
980 719 1403 787 existimabant,
1434 722 1591 776 talem
1620 736 1805 778 eorum
1842 726 2157 778 sententiam

614 809 927 886 reprimens,
959 824 1023 864 ac
1078 809 1264 866 falsam
1303 825 1424 867 esse
1469 813 1844 880 comprobans.
1892 813 2161 869 sterilibus

613 910 668 953 et
700 900 766 953 iis
792 900 905 969 qui,
932 902 1074 969 quod
1094 900 1293 955 euecti
1318 900 1533 967 fuerint,
1573 900 1711 956 ﬁlios
1740 916 2025 971 procreare
2055 918 2159 957 non

613 989 811 1054 valent,
871 1006 1052 1059 parem
1108 992 1515 1061 promissionem
1579 992 1753 1057 allen,
1794 1007 1857 1047 ac
1902 993 2160 1047 eunuchis

612 1081 745 1137 nihil
789 1082 1168 1151 impedimento
1197 1081 1313 1137 fore
1364 1084 1460 1148 ait,
1491 1082 1776 1149 quominus
1827 1084 1964 1136 bona
1990 1097 2023 1135 a
2056 1081 2161 1138 Deo

608 1183 1024 1243 consequantur,
1078 1175 1202 1228 dum
1230 1177 1522 1229 secundum
1556 1176 1719 1230 Deum
1744 1175 1924 1229 vivere
1953 1174 2004 1226 in
2039 1188 2163 1241 pro-

612 1266 783 1329 posito
810 1264 1060 1319 habeant.
1088 1263 1217 1319 Nam
1260 1266 1306 1320 si
1338 1265 1515 1320 multa:
1542 1266 1847 1322 mansiones
1866 1274 1992 1320 sunt
2021 1265 2160 1334 apud

612 1353 846 1417 Patrem,
889 1364 945 1410 et
986 1357 1035 1410 si
1069 1366 1151 1410 est
1192 1356 1382 1411 civitas
1420 1356 1511 1411 Dei
1563 1357 1855 1413 Ierusalem
1906 1356 2160 1418 ctelestis,

612 1443 883 1532 lccnsg'llis
911 1445 1051 1499 intra
1075 1446 1285 1500 domum
1318 1446 1412 1501 Dei
1454 1447 1505 1501 in
1530 1447 1711 1502 multis
1747 1448 1851 1502 illis
1877 1448 2164 1502 mansioni-

613 1537 733 1599 bus,
765 1549 829 1589 ac
861 1535 1024 1589 etiam
1074 1536 1204 1605 ipsis
1244 1538 1549 1593 mansiones
1599 1539 1888 1603 dabuntur,
1932 1548 1986 1593 et
2040 1552 2164 1607 por-

611 1627 807 1681 tionem
828 1627 1100 1680 habebunt
1124 1626 1265 1681 intra
1294 1643 1505 1682 murum
1530 1629 1765 1685 caelestis
1789 1630 1880 1684 Dei
1912 1628 2160 1684 civitatis.

678 1714 844 1771 Vsus.
861 1718 912 1783 6,
930 1716 983 1773 7.
1005 1736 1023 1769 ι
1048 1715 1111 1770 Ει
1126 1718 1462 1787 alienigenls,
1480 1720 1568 1789 qui
1586 1720 1781 1775 addicti
1796 1729 1923 1775 sunt
1942 1719 2164 1774 Domino

612 1819 669 1861 ut
696 1809 929 1863 serviant
958 1809 1029 1872 ei,
1051 1817 1104 1862 et
1132 1808 1351 1887 diligant
1381 1824 1572 1864 nomen
1604 1811 1833 1875 Domini,
1868 1819 1923 1864 ut
1958 1811 2063 1864 sint
2113 1809 2162 1862 ei

2260 632 2448 703 μισθόν
2494 650 2557 685 τε
2588 634 2682 687 καὶ
2710 631 2919 703 καρπὸν
2961 631 3268 694 θεοσεϐείας
3306 631 3406 702 τὴν
3463 630 3814 684 πολυτεκνίαν

2258 723 2747 795 ὑπολαμϐάνοντες,
2783 723 3119 778 ἀναστέλλων
3147 723 3324 777 αὐτῶν
3359 723 3455 776 καὶ
3480 722 3682 790 ταύτην
3718 723 3814 793 τὴν

2255 813 2433 880 δόξαν,
2463 815 2804 888 ἐσφαλμένην
2836 832 2895 868 τε
2936 810 3101 868 οὖσαν
3149 813 3408 885 ἐλέγχων,
3448 816 3560 877 τοῖς
3607 814 3818 881 ἀγόνοις

2258 905 2457 977 καὶμὴ
2500 905 2743 969 δυνατοῖς
2795 904 3145 969 παιδοποιεῖν,
3178 903 3267 958 διὰ
3318 905 3379 958 τὸ
3430 902 3811 974 ἐκτετμῆσδαι,

2256 996 2357 1065 τὴν
2388 994 2507 1065 ῖσην
2569 996 2903 1067 ὑπισχνεῖται
2961 993 3309 1063 ἐπαγγελίαν,
3362 994 3528 1065 μηδὲν
3573 992 3819 1064 ἐμποκον

2259 1085 2476 1141 ἐσεσθαι
2493 1090 2605 1151 τοῖς
2638 1088 2910 1159 εὐνούχοις
2934 1088 3156 1156 φάσκων
3206 1087 3344 1158 πρὸς
3368 1086 3430 1139 τὸ
3487 1087 3672 1157 τυχεῖν
3715 1085 3816 1141 τῦν

2263 1178 2410 1249 παρά
2431 1177 2565 1231 Θεοῦ
2589 1178 2827 1247 ἀγαθῶν,
2861 1179 2910 1231 εί
2943 1176 3042 1248 ζῇν
3068 1176 3211 1232 κατά
3235 1176 3366 1230 Θεὸν
3394 1177 3724 1248 προέλοιντο.
3759 1174 3816 1229 Β

2265 1270 2373 1341 γὰρ
2428 1270 2616 1325 πολλαὶ
2669 1273 2824 1340 μοναὶ⁵
2864 1271 3011 1343 παρά
3042 1270 3121 1341 τῷ
3150 1270 3345 1341 Πατρὶ,
3377 1268 3474 1322 καὶ
3514 1268 3631 1322 ἐστι
3670 1267 3818 1331 πόλις

2260 1359 2393 1412 Θεοῦ
2446 1360 2795 1430 Ἰερουσαλήμ
2824 1363 2859 1431 ή
2915 1360 3251 1430 ἐπουράνιος,
3284 1359 3378 1411 καὶ
3434 1358 3596 1421 τόπος
3642 1358 3821 1421 αὐτοῖς

2261 1449 2391 1503 εἴσω
2422 1450 2515 1503 τοῦ
2546 1451 2695 1504 οἴκου
2720 1451 2813 1505 τοῦ
2846 1451 2979 1505 Θεοῦ
3007 1454 3064 1505 ἐν
3094 1454 3215 1515 ταῖς
3240 1449 3460 1512 πολλαῖς
3491 1451 3701 1520 μοναίς,
3734 1452 3824 1506 κα

2264 1541 2419 1610 μοναὶ
2450 1539 2780 1610 δοθήσονται,
2805 1542 2899 1594 καὶ
2931 1542 3087 1611 μερὶς
3112 1542 3170 1595 ἐν
3204 1541 3283 1612 τῷ
3310 1534 3478 1611 τείχει
3530 1539 3631 1609 τῆς
3665 1542 3827 1593 ἐπου-

2270 1630 2449 1700 ρανίου
2480 1629 2573 1683 τοῦ
2594 1628 2725 1684 Θεοῦ
2745 1630 2967 1693 πόλεως.

2327 1741 2345 1772 ι
2382 1723 2491 1776 Καὶ
2538 1724 2651 1785 τοῖς
2705 1721 3009 1790 ἀλλογενέσι
3047 1724 3158 1786 τοῖς
3200 1720 3579 1793 προκειμένοις
3635 1721 3840 1794 Κυρίῳ

2266 1814 2531 1868 δουλεύειν
2558 1815 2724 1885 αὐτῷ,
2748 1817 2841 1869 καὶ
2874 1816 3088 1886 ἀγαπᾷν
3130 1815 3194 1868 τδ
3244 1815 3415 1886 ὄνομα
3450 1814 3680 1887 Κυρίου,
3733 1812 3836 1868 τοῦ

614 1904 663 1953 in
697 1913 881 1953 servos
921 1909 976 1954 et
1024 1899 1251 1953 ancillas
1276 1916 1291 1952 :
1315 1909 1369 1954 et
1394 1900 1643 1954 omnibus
1668 1902 1757 1969 qui
1786 1907 2002 1954 servant
2030 1900 2164 1953 Sab-

2270 1901 2400 1958 εἶναι
2437 1906 2580 1975 αύτῷ
2614 1907 2693 1968 εις
2728 1905 2942 1968 δούλους
2962 1906 3055 1958 καὶ
3081 1904 3272 1968 δούλας
3291 1922 3305 1935 ο
3341 1905 3436 1958 καὶ
3466 1904 3676 1967 πάντας
3705 1906 3839 1967 τοὺς

613 1992 730 2045 bata
772 2005 911 2055 mea,
951 2005 1020 2045 ne
1049 1989 1325 2059 profanent
1351 2005 1436 2056 ca,
1468 2002 1521 2045 et
1541 1991 1629 2059 qui
1663 1992 1954 2044 observant
1981 1988 2165 2042 Testa-

613 2093 847 2137 mentum
882 2092 1056 2137 meum
1083 2121 1097 2145 ,
1133 2082 1375 2136 inducam
1407 2096 1499 2136 eos
1525 2081 1579 2134 in
1628 2091 1866 2135 montem
1925 2090 2164 2134 sanctum

611 2188 807 2230 meum.
849 2192 868 2224 ι
902 2174 989 2227 Ait
1016 2173 1212 2241 quippe
1236 2172 1452 2226 domum
1504 2186 1653 2225 suam
1704 2184 1808 2225 non
1840 2168 1997 2223 talem
2025 2181 2165 2231 esse,

610 2278 729 2330 qua)
761 2264 857 2316 lios
885 2263 1099 2331 quidem
1142 2271 1369 2331 spectet,
1415 2262 1547 2315 alios
1594 2276 1721 2315 vero
1774 2260 2032 2324 minime;
2074 2260 2167 2312 sed

610 2368 675 2405 ex
716 2354 1060 2406 humanitatis
1087 2354 1136 2407 vi
1181 2354 1428 2407 omnibus
1458 2355 1707 2422 gentibus
1746 2363 1981 2422 apertam
2016 2367 2167 2415 esse,

611 2456 668 2496 ut
694 2446 855 2498 etiam
895 2445 1135 2498 eunuchi
1153 2454 1206 2499 et
1239 2445 1519 2516 paralytiei
1557 2446 1625 2500 ibi
1663 2446 2009 2514 recipiantur.
2055 2464 2073 2496 ι
2107 2445 2169 2499 Et

613 2534 893 2591 lattiiicabo
919 2551 1012 2590 eos
1053 2537 1103 2589 in
1134 2537 1291 2592 domo
1338 2537 1600 2592 orationis
1648 2550 1800 2590 meae.
1853 2534 2170 2590 Holocausu

617 2642 797 2679 eorum
828 2636 885 2681 et
909 2627 1177 2681 sacriﬁcia
1223 2643 1416 2682 eorum
1446 2636 1603 2682 erunt
1642 2636 1863 2696 accepta
1906 2641 2065 2695 super
2094 2624 2172 2679 al—

616 2728 730 2773 tare
756 2735 953 2774 meum.
1001 2719 1135 2773 Nam
1166 2720 1355 2774 domus
1384 2735 1524 2784 mea,
1554 2721 1741 2774 domus
1784 2720 2043 2776 orationis
2083 2734 2171 2773 vo-

615 2812 829 2866 cabitur
862 2813 1071 2866 cunctis
1094 2813 1357 2881 gentibus.
1396 2831 1415 2864 ι
1464 2811 1558 2866 His
1580 2812 1815 2867 arbitror
1842 2811 1909 2865 ad
1940 2811 2169 2864 litteram

614 2904 743 2968 dici,
795 2904 957 2958 Deum
1005 2918 1101 2972 per
1143 2904 1503 2958 reversionem
1564 2903 1741 2973 populi
1780 2918 1850 2957 ex
1885 2902 2169 2971 Babylone,

620 3008 733 3062 qua:
781 2995 880 3048 sub
912 2994 1067 3062 Cyro,
1111 2994 1266 3049 Dario
1294 3006 1347 3048 et
1380 2996 1677 3049 Artaxerxe
1720 2995 1964 3063 contigit,
1999 2994 2170 3063 ipsum

617 3089 903 3151 reducere,
930 3104 1097 3157 quare
1130 3088 1311 3142 subdit
1340 3107 1353 3141 :

690 3266 852 3321 Vsus.
885 3266 938 3321 8.
980 3286 998 3317 ι
1033 3268 1175 3321 Dixit
1206 3266 1480 3329 Dominus,
1520 3268 1610 3336 qui
1642 3277 1931 3337 congregat
1964 3267 2169 3336 disper-

621 3374 711 3415 sos
742 3358 927 3422 Israel,
956 3358 1302 3428 Congregabo
1331 3360 1398 3413 ad
1448 3376 1568 3413 eum
1623 3359 2110 3428 congregationem.
2148 3376 2166 3408 ι

619 3452 734 3517 Quo
782 3462 1022 3519 tempore
1070 3450 1358 3503 verisimile
1402 3460 1485 3504 est
1525 3449 1723 3503 multos
1758 3448 1824 3501 ad
1868 3463 1991 3501 eum
2039 3460 2170 3501 con-

620 3540 837 3596 ﬂuxisse
869 3556 937 3595 ex
974 3540 1287 3610 alienigenis
1312 3542 1580 3610 gentibus,
1614 3555 1746 3607 quos
1771 3540 1839 3594 ob
1886 3538 2170 3607 pristinum

620 3642 842 3697 statum,
872 3641 928 3685 ct
963 3632 1033 3686 ob
1068 3632 1274 3687 alienos
1317 3642 1706 3701 extraneosque
1750 3644 1945 3695 mores,
1974 3629 2174 3685 bestias

621 3726 734 3795 agri
767 3731 941 3778 vocat.

692 3814 853 3869 Vens.
883 3814 936 3868 9.
972 3832 992 3865 ι
1027 3813 1227 3871 Omnes
1252 3813 1378 3869 fere
1406 3816 1608 3879 bestiae,
1632 3816 1830 3877 adeste,
1882 3814 2168 3879 comedite,

621 3919 806 3960 mnnes
844 3906 1025 3960 bestiae
1046 3907 1234 3960 saltus.
1274 3924 1293 3959 ι
1323 3904 1512 3961 Bestia:
1537 3907 1659 3969 illae,
1688 3921 1805 3974 quae
1834 3918 1953 3959 cum
1984 3904 2175 3959 lsraele

626 4007 1038 4066 congregantur,
1070 3998 1106 4051 ii
1149 4014 1217 4053 ex
1252 3997 1503 4068 gentibus
1554 3996 1777 4065 fuerint,
1822 3997 1912 4066 qui
1952 3998 2016 4049 ad
2052 4010 2173 4049 ver-

628 4088 751 4139 bum
781 4097 1145 4153 accesserunt,
1168 4102 1304 4156 quos
1346 4098 1537 4143 evocat
1566 4089 1651 4144 his
1671 4089 1868 4153 verbis,
1905 4088 2171 4149 «Adeste,

2278 1994 2715 2064 φυλασσομένους
2752 1994 2819 2047 τά
2844 1994 3094 2049 Σάϐὄατά
3129 2012 3229 2065 μου
3276 1994 3351 2066 μὴ
3399 1993 3683 2065 βεθηλοῦν,
3738 1994 3840 2050 καὶ

2266 2088 2651 2157 ἀντεχομένους
2681 2086 2785 2155 τῆς
2815 2086 3083 2156 Διαθήκης
3122 2103 3245 2156 μου,
3302 2084 3501 2151 εἰσάξω
3526 2085 3725 2149 αὐτοὺς
3756 2086 3841 2148 είς

2265 2179 2325 2232 τὸ
2376 2180 2499 2251 ὅρος
2547 2178 2607 2231 τὸ
2662 2177 2814 2247 ἆγιόν
2874 2195 2993 2249 μου.
3038 2198 3065 2229 ι-
3088 2178 3191 2231 Τὸν
3232 2178 3340 2249 γὰρ
3371 2173 3515 2229 οἶκον
3561 2176 3729 2229 αὑτοῦ
3762 2176 3848 2247 μὴ

2265 2270 2429 2325 τῶνδε
2466 2272 2562 2341 μὲν
2608 2270 2890 2342 ὑπάρχειν,
2923 2270 3031 2322 τῶν
3058 2269 3115 2322 δὲ
3152 2268 3226 2339 μὴ
3247 2308 3261 2333 ,
3295 2266 3562 2338 ἀνεῷχθαι
3607 2267 3668 2320 δὲ
3701 2269 3845 2320 πᾶσι

2267 2366 2375 2426 τοῖς
2400 2362 2606 2416 ἔθνεσιν
2632 2361 2905 2433 ὑπερϐολῇ
2938 2359 3342 2430 φιλανθρωπίας
3361 2373 3377 2390 ·
3405 2358 3480 2421 ὼς
3517 2358 3614 2411 καὶ
3643 2356 3849 2410 εὐνού-

2268 2470 2393 2524 χους
2430 2452 2823 2523 παραδέχεσθαι
2852 2454 2944 2507 καὶ
2974 2450 3335 2522 παραλύτους.
3373 2468 3392 2501 ι
3435 2450 3546 2502 Καὶ
3579 2448 3852 2520 εὐφρανῶ

2268 2544 2463 2606 αὐτοὺς
2494 2545 2551 2596 ἐν
2580 2542 2656 2612 τῷ
2688 2542 2821 2613 οἴκῳ
2852 2542 2952 2612 τῆς
2976 2540 3281 2612 προσευχῆς
3312 2557 3432 2610 μου.
3494 2538 3577 2591 Τὰ
3607 2539 3845 2593 ὁλοκαυ-

2268 2632 2490 2702 τώματα
2519 2632 2716 2697 αὐτῶν,
2742 2632 2833 2685 καὶ
2868 2633 2922 2684 αἱ
2968 2631 3147 2684 θυσίαι
3173 2629 3350 2683 αὐτῶν
3380 2628 3592 2682 ἔσονται
3651 2628 3845 2682 δεκταὶ

2270 2724 2362 2775 ἐπὶ
2402 2724 2464 2776 τὸ
2492 2722 2866 2794 θυσιαστήριόν
2913 2739 3035 2792 μου.
3083 2721 3141 2774 '0
3174 2720 3282 2791 γὰρ
3337 2715 3485 2782 οἶκός
3537 2736 3641 2790 μου
3695 2715 3847 2783 οἶκος

2271 2814 2571 2884 προσευχῆς
2603 2814 2924 2885 κληθήσεται
2962 2815 3096 2867 πᾶσι
3127 2814 3239 2875 τοῖς
3270 2812 3495 2865 ἔθνεσιν.
3537 2830 3555 2862 ι
3591 2808 3762 2881 Οἶμαι
3786 2811 3849 2865 es

2270 2902 2359 2957 διὰ
2390 2904 2592 2956 τούτων
2621 2904 2696 2967 ὡς
2725 2904 2860 2974 πρὸς
2889 2904 2988 2974 τὴν
3020 2902 3163 2969 λέξιν
3199 2901 3287 2955 διὰ
3318 2901 3415 2973 τὴν
3452 2902 3560 2954 ἀπὸ
3586 2901 3850 2954 Βαϐυλῶ-

2273 3008 2362 3054 νος
2384 2992 2715 3063 ἐπιστροφὴν
2729 2991 2822 3044 τοῦ
2840 2990 2966 3043 λαοῦ
2987 2990 3086 3061 τὴν
3130 2990 3223 3043 ἐπὶ
3251 2990 3435 3060 Κύρου
3484 2990 3580 3042 καὶ
3614 2991 3847 3060 Δαρείου

2272 3083 2365 3137 καὶ
2403 3081 2752 3152 Ἀρταξέρξου
2802 3082 3093 3153 γενομένην
3145 3082 3236 3135 τὸν
3290 3080 3422 3135 Θεὸν
3470 3080 3535 3134 ἂν
3587 3078 3852 3150 εἰρῆσθαι

2278 3175 2527 3241 συνάγειν
2548 3191 2560 3204 ο
2603 3174 2681 3227 διὸ
2710 3174 2947 3244 ἐπιλέγει
2971 3192 2985 3204 ·

2351 3284 2369 3314 ι
2410 3261 2544 3317 Εἵπε
2583 3265 2787 3335 Κύριος
2833 3267 2861 3317 ό
2915 3263 3157 3332 συνάγων
3220 3265 3346 3327 τοὺς
3413 3262 3851 3334 διεσπαρμένους

2293 3352 2629 3424 ’1σραὴλ,ὅτι
2667 3352 2885 3416 Συνάξω
2911 3352 2997 3405 ἐπ’
3031 3352 3192 3406 αὑτὸν
3236 3352 3575 3420 συναγωγήν.
3617 3370 3637 3402 ι
3703 3352 3850 3405 Καθ’

2277 3442 2367 3505 οὒς
2396 3444 2451 3495 δὲ
2477 3444 2700 3515 χρόνους
2728 3444 2872 3507 εἰκὸς
2912 3439 2980 3515 ἦν
3034 3443 3128 3498 καὶ
3171 3442 3390 3513 -πλῆθος
3440 3442 3624 3506 αὐτοῖς
3686 3443 3853 3497 ἀλλο-

2277 3532 2458 3600 φύλων
2478 3533 2644 3590 ἐθνῶν
2674 3533 3103 3604 προσηλυτεῦσαι
3126 3550 3141 3564 ·
3176 3532 3269 3597 οὒς
3309 3532 3397 3586 διὰ
3422 3532 3519 3603 τὴν
3572 3534 3854 3605 προτέραν

2278 3624 2623 3689 κατάστασιν,
2657 3626 2751 3680 καὶ
2783 3625 2870 3679 διὰ
2891 3626 2950 3679 τὸ
2979 3625 3263 3694 ἀλλογενές
3296 3626 3391 3678 καὶ
3422 3624 3704 3695 ἀλλότριον
3752 3625 3861 3682 τοῦ

2277 3715 2497 3785 τρόπου,
2523 3716 2695 3787 ἀγροῦ
2726 3716 2889 3786 θηρία
2915 3717 3192 3787 ὠνόμασεν
3223 3719 3253 3769 ό
3280 3716 3454 3785 λόγος.

2354 3826 2372 3858 ι
2406 3807 2588 3860 Πάντα
2615 3807 2683 3861 τά
2706 3808 2869 3878 θηρία
2888 3808 2957 3861 τά
2981 3809 3163 3879 ἄγρια,
3183 3808 3353 3875 δεῦτε,
3389 3808 3614 3878 φάγετε,
3668 3808 3858 3865 πάντα

2277 3897 2347 3950 τὰ
2399 3898 2559 3971 θηρία
2615 3898 2709 3951 τοῦ
2752 3898 2977 3971 δρυμοῦ.
3020 3919 3037 3951 ι
3084 3900 3164 3953 Τὰ
3194 3901 3252 3953 δὲ
3282 3901 3444 3973 θηρία
3475 3901 3545 3953 τά
3575 3903 3716 3972 μετά
3752 3904 3853 3956 τοῦ

2294 3988 2507 4059 Ἰσραὴλ
2535 3989 2872 4059 συναγόμενα
2911 3990 2957 4041 οἱ
2992 3987 3051 4053 ἐξ
3078 3989 3246 4043 ἐθνῶν
3286 3990 3602 4061 προσιόντες
3633 3990 3714 4062 τῷ
3761 3992 3855 4045 λό-

2280 4094 2362 4148 γῳ
2402 4074 2510 4131 εἷεν
2556 4078 2641 4143 ἂν,
2693 4078 2786 4141 οὓς
2822 4080 3163 4134 ἀνακαλεῖται
3194 4080 3365 4149 λέγων
3392 4096 3406 4110 ·
3468 4099 3487 4132 ι
3525 4080 3712 4146 Δεῦτε,
3741 4083 3855 4150 φά-

627 4178 911 4241 comedite,
937 4194 1125 4234 omnes
1164 4178 1352 4234 bestiae
1395 4179 1592 4234 saltus.
1636 4199 1656 4231 ι
1702 4179 2020 4247 Plerumque
2049 4191 2168 4231 vero

2280 4185 2436 4234 γετε,
2484 4169 2659 4221 πάντα
2703 4168 2772 4221 τὰ
2824 4169 2985 4239 θηρία
3038 4170 3141 4227 τοῦ,
3182 4169 3407 4241 δρυμοῦ.
3451 4189 3470 4222 ι
3524 4172 3740 4242 Δρυμὸν
3793 4173 3854 4227 δέ

626 4268 965 4324 observatum
1012 4270 1168 4325 nobis
1194 4280 1297 4336 est,
1346 4272 1537 4329 saltum
1581 4273 1706 4337 dici,
1759 4274 2168 4341 alienigenarum

2285 4258 2541 4323 πολλάκις
2594 4261 2970 4330 τετηρήκαμεν
3009 4260 3075 4312 τὸ
3120 4259 3321 4331 πλῆθος
3366 4260 3477 4313 τῶν
3532 4260 3853 4329 ἀλλοφύλων

628 4360 867 4427 gentium
899 4361 1321 4417 multitudinem.
1348 4362 1456 4418 Has
1479 4380 1635 4433 porro
1661 4366 1858 4420 bestias
1890 4363 1985 4418 Dei
2021 4376 2168 4418 voca-

2281 4348 2450 4401 ὲθνῶν
2469 4346 2731 4417 λελέχθαι.
2761 4345 2921 4399 Ταῦτ’
2955 4342 3047 4400 οὖν
3086 4346 3155 4400 τὰ
3208 4345 3369 4416 θηρία
3411 4345 3513 4414 τῆς
3558 4345 3653 4398 τοῦ
3707 4344 3851 4400 Θεοῦ

630 4452 773 4507 tione
804 4452 1055 4513 dignatur
1078 4463 1133 4507 et
1171 4452 1236 4507 ad
1271 4455 1572 4509 convivium
1608 4466 1814 4510 evocat.

2282 4437 2529 4507 κλήσεως
2555 4436 2818 4501 καταξιοῖ,
2851 4438 2944 4490 καὶ
2974 4438 3050 4500 εἰς
3072 4435 3309 4491 ἐστίασιν
3338 4435 3711 4489 ἀνακαλεῖται.

700 4585 863 4643 Vens.
896 4586 981 4640 10.
1004 4607 1023 4640 ι
1051 4588 1234 4643 Videte
1255 4589 1505 4658 quoniam
1533 4591 1785 4646 excaecati
1805 4595 1938 4644 sunt
1958 4600 2168 4643 omnes:

2362 4594 2381 4625 ί
2413 4575 2598 4637 Ἴδετε,
2626 4573 2706 4625 ὅτι
2736 4571 3167 4640 ἐκτετύφλωνται
3188 4569 3388 4630 πάντες
3408 4586 3421 4598 ·
3458 4567 3557 4620 οὐκ
3581 4567 3851 4635 ἔγνωσανο

631 4692 733 4732 non
766 4689 1027 4734 noverunt
1064 4694 1265 4735 :canes
1297 4682 1427 4735 muti
1462 4690 1607 4746 sunt,
1655 4696 1762 4735 non
1809 4680 2061 4735 valebunt
2105 4678 2168 4731 la-

2287 4665 2444 4728 κύνες
2473 4667 2610 4731 ἐνεοί
2629 4665 2689 4717 οὐ
2720 4665 3032 4735 δυνήσονται
3085 4662 3351 4720 ὑλακτεῖν,
3406 4660 3854 4731 ἐνυπνιαζόμενοι

633 4779 796 4833 trare,
849 4772 1181 4826 somniantes
1221 4772 1418 4838 cubile,
1462 4781 1517 4828 et
1560 4783 1802 4827 amantes
1849 4769 2158 4827 dormitatio

2286 4757 2490 4832 κοίτην,
2521 4756 2797 4825 φιλοῦντες
2828 4753 3103 4817 νυστάξαι.
3136 4771 3155 4804 ι
3187 4753 3298 4807 Καὶ
3335 4754 3565 4808 τοιοῦτοι
3590 4755 3689 4825 μέν
3711 4751 3856 4827 ἦσαν

632 4874 773 4913 nem.
802 4876 823 4910 ι
844 4859 911 4913 Et
942 4860 1248 4927 huiusmodi
1286 4863 1500 4930 quidem
1522 4873 1678 4918 erant
1707 4863 2010 4919 Iudaeorum
2042 4861 2168 4931 print

2287 4849 2336 4900 oi
2367 4848 2472 4900 τῶν
2507 4848 2773 4902 Ἰουδαίων
2802 4847 3055 4916 ἄρχοντες
3084 4845 3219 4917 πρὸς
3246 4845 3369 4907 τοὺς
3392 4845 3568 4909 ἐκτὸς,
3595 4847 3731 4917 πρὸς
3758 4848 3855 4911 οὓς

629 4951 794 5018 cipes,
821 4965 946 5019 erga
972 4960 1287 5019 extraneos,
1323 4954 1475 5021 queis
1504 4956 1798 5026 advigilare
1829 4970 1963 5025 opus
1993 4961 2111 5007 erat
2132 4967 2168 5005 e

2290 4940 2395 4992 ἔδει
2429 4940 2781 5010 ἐγρηγορέναι
2810 4939 2904 4989 καὶ
2936 4939 3149 5007 νήφειν,
3191 4937 3284 4989 καὶ
3312 4935 3452 4989 κατὰ
3491 4936 3599 4990 τ’ὦν
3640 4938 3854 5009 ἐχθρῶν

630 5044 917 5108 excubare,
950 5054 1111 5113 atque
1141 5054 1330 5099 contra
1374 5044 1623 5101 inimicos
1657 5048 1854 5101 latrare
1883 5064 1897 5099 :
1930 5060 2056 5113 erga
2086 5044 2168 5098 do-

2295 5032 2535 5086 ὑλακτεῖν
2562 5050 2573 5061 ο
2614 5033 2749 5103 πρὸς
2767 5032 2823 5083 δέ
2848 5032 2970 5094 τοὺς
2996 5030 3227 5093 οίκείους
3246 5030 3480 5093 ἀναιδεῖς
3499 5048 3646 5096 τινες
3676 5033 3858 5103 ὑπῆρ-

630 5136 881 5189 mcsticos
918 5149 1044 5191 vero
1074 5137 1408 5205 impudentes
1436 5147 1612 5203 erant,
1646 5138 1961 5192 devorantes
1992 5146 2168 5204 pecori

2290 5140 2403 5193 χον,
2431 5124 2799 5185 κατεσθίοντες
2821 5122 2888 5176 τὰ
2912 5122 3002 5175 ὑπ’
3021 5122 3203 5188 αὐτοῖς
3241 5121 3637 5197 ποιμαινόμενα
3690 5124 3858 5197 θρέμ-

631 5226 727 5279 sub
755 5238 944 5279 eorum
970 5226 1447 5296 regimineposita.

698 5355 864 5414 Vens.
914 5359 1007 5413 il.
1055 5377 1075 5410 ι
1123 5360 1188 5414 Et
1227 5374 1391 5415 canes
1447 5360 1785 5430 impudentes
1842 5363 2049 5424 animo,
2088 5375 2157 5413 ne

635 5450 864 5504 sitientes
900 5450 1258 5504 saturitatem.
1316 5449 1381 5503 Et
1427 5462 1555 5505 sunt
1595 5453 1739 5515 mali,
1773 5452 2073 5507 nescientes
2105 5435 2203 5503 in:

636 5538 977 5605 telligentiam
1016 5558 1029 5593 :
1061 5544 1296 5596 universi
1331 5543 1445 5596 vias
1472 5558 1599 5598 suas
1632 5543 1798 5597 secuti
1828 5551 1952 5597 sunt
1979 5558 1992 5593 :
2020 5557 2187 5595 unus-

2292 5233 2451 5287 ματα.

2366 5373 2384 5404 ι
2420 5355 2531 5409 Καὶ
2581 5355 2630 5405 oi
2679 5353 2837 5415 κύνες
2885 5352 3121 5414 ἀναιδεῖς
3182 5352 3248 5421 τῇ
3295 5350 3463 5421 ψυχῇ,
3504 5350 3604 5403 οὐκ
3655 5350 3855 5413 εἰδότες

2299 5448 2625 5519 πλησμονήν.
2660 5447 2766 5498 Καί
2794 5446 2899 5498 εἰσι
2934 5443 3156 5516 πονηροὶ
3186 5444 3288 5496 οὐκ
3339 5443 3539 5505 εἰδότες
3593 5443 3809 5496 σύνεσιν
3836 5458 3849 5474 ·

2296 5538 2493 5601 πάντες
2530 5540 2651 5599 ταῖς
2703 5536 2840 5599 ὁδοῖς
2896 5534 3075 5589 αὐτῶν
3123 5532 3571 5604 ἐξηκολούθησαν,
3631 5534 3846 5598 ἕκαστος

637 5629 865 5697 quisque
915 5632 1207 5685 secundum
1265 5633 1337 5695 id,
1384 5635 1525 5702 quod
1572 5650 1723 5687 suum
1760 5643 1893 5687 erat.
1938 5652 1954 5683 ι
1989 5631 2104 5686 Νοιι
2138 5632 2168 5684 it

2296 5630 2434 5685 κατά
2462 5630 2522 5682 τὸ
2542 5627 2733 5682 ἑαυτοῦ
2759 5644 2771 5657 ’
2820 5646 2837 5678 ι
2860 5628 2919 5680 οὐ
2963 5630 3079 5690 ταῖς
3102 5626 3239 5689 ὁδοῖς
3265 5626 3357 5678 τοῦ
3391 5625 3545 5690 Θεοῦ,
3570 5625 3705 5681 ἀλλά
3738 5628 3855 5691 ταῖς

639 5719 738 5774 viis
766 5720 879 5786 Dei,
910 5724 1003 5778 sed
1042 5724 1098 5777 in
1126 5724 1260 5791 suis,
1293 5725 1432 5794 quod
1463 5727 1922 5796 concupiscuntias
1957 5740 2080 5782 suas
2096 5740 2191 5779 ex-

578 5888 585 5893 ,
632 5812 773 5879 plcre
788 5821 863 5865 nt.

2297 5718 2499 5774 ἑαυτῶν
2529 5717 2613 5770 διὰ
2649 5716 2742 5769 τοῦ
2764 5716 2827 5770 τὰ
2859 5715 3165 5787 καταθύμια
3185 5716 3364 5779 αὐτοῖς
3392 5717 3672 5787 πράττειν.
