4058 6430
1168 500 1679 560 COMMENTARIA
1715 500 1783 555 IN
1820 498 2077 557 ISAIAM.
2099 531 2163 541 —
2204 496 2358 555 CAP.
2396 492 2553 550 LVII.
3405 479 3535 554 ιτι.

766 618 1166 672 ΚΕΦΔΛΑῙΟΝ
1205 617 1329 673 ΝΖ’.

2508 603 2738 664 CAPUT
2777 601 2933 658 LVII.

320 724 348 759 s
386 707 570 776 ΙἼδετε,
601 710 676 773 ὡς
701 710 907 773 δίκαιος
937 708 1205 772 ἀπώλετο,
1234 708 1330 761 καὶ
1360 706 1537 771 οὐδεὶς
1560 706 1809 777 ἑνδέχετα

2004 707 2165 762 Vsns.
2188 706 2239 758 t.
2280 722 2299 755 ι
2336 700 2529 757 Videte
2557 696 2826 769 quomodo
2850 694 3031 764 justus
3057 688 3237 761 periit,
3268 697 3323 741 et
3351 698 3513 739 nemo

247 800 318 869 τῇ
347 801 572 873 καρῑία·
609 800 702 854 καὶ
746 801 937 872 ἄνδρες
960 801 1160 854 δίκαιοι
1207 799 1473 870 αἴρονται,
1527 799 1624 852 καὶ
1660 798 1810 851 οὐδεὶι

1931 796 2155 866 suscipit
2180 795 2344 850 corde
2374 809 2391 846 :
2419 799 2474 843 et
2503 788 2605 844 viri
2654 786 2787 856 justi
2826 784 3109 847 tolluntur,
3139 790 3195 835 et
3223 778 3401 835 nullus
3426 783 3510 830 est

250 868 673 942 xaravost.'Arrb
686 887 796 960 γάρ
809 868 1099 960 προσώπου
1117 868 1505 961 ἀδικίέιςῆρται
1524 889 1553 941 ό
1568 886 1791 952 δίκαιος.
1807 906 1810 938 ;

1930 888 2022 958 qui
2047 887 2369 942 consideret.
2405 880 2541 936 Nam
2586 894 2617 933 a
2646 877 2783 933 facie
2812 872 3115 943 iniquitatis
3159 868 3405 924 sublatus
3426 872 3512 961 est

247 976 362 1030 Καὶ
392 977 511 1039 πῶς
537 952 1069 1049 ἔμελλον-κατανοεῖν
1097 981 1146 1033 oi
1191 979 1293 1043 τὰς
1322 952 1501 1051 ψυχὰς
1525 978 1751 1049 τυφλοῖς
1781 995 1807 1031 ε

1924 952 2123 1048 justus.
2151 992 2171 1027 ι
2200 972 2556 1043 thuornodo
2591 965 3023 1026 considerarent,
3045 959 3138 1031 qui
3153 957 3356 1051 animis
3380 952 3509 1008 caeci

246 1065 361 1137 γὰρ
396 1066 471 1137 μὴ
507 1046 676 1132 οὕτως
736 1066 902 1140 εἶχον,
960 1070 1066 1125 κάν
1111 1069 1298 1142 ἑώρων
1466 1046 1693 1135 δίκαιον,
1737 1073 1810 1125 κα

1928 1046 2090 1121 erant
2121 1080 2135 1116 :
2167 1077 2293 1117 nam
2327 1063 2371 1117 si
2400 1077 2506 1116 non
2531 1058 2606 1119 ita
2637 1071 2696 1112 se
2720 1052 3057 1116 habuissent,
3086 1048 3278 1104 saltem
3299 1046 3506 1114 justum

249 1133 510 1208 συνίεσαν
527 1156 629 1227 τὴν
658 1133 863 1215 ἑαυτῶν
887 1133 1202 1229 οίκονομίαν
1228 1177 1243 1191 ο
1280 1160 1395 1216 ἀλλ’
1414 1163 1463 1214 oi
1513 1162 1615 1233 μὲν
1639 1133 1810 1231 τυφλο

1930 1157 2190 1211 vidissent
2224 1163 2280 1208 et
2318 1166 2475 1207 suam
2516 1149 2617 1218 ipsi
2670 1142 3027 1201 ceconotniam
3068 1139 3382 1195 novissent:
3409 1133 3508 1190 sed

245 1245 400 1309 ὄντες
427 1245 522 1299 καὶ
549 1246 706 1313 κύνες
730 1251 966 1315 ἀναιδεῖς
1002 1228 1227 1304 τοιαυτα
1268 1254 1407 1305 κατά
1440 1228 1548 1306 τῶν
1606 1228 1810 1307 δικαίωε

1927 1263 2049 1304 cum
2075 1246 2225 1311 caci,
2244 1256 2301 1299 et
2329 1257 2497 1299 canes
2537 1239 2879 1309 impudentes
2902 1241 3106 1296 essent,
3162 1228 3288 1283 talia
3317 1236 3507 1283 contra

243 1333 491 1404 ἀτόλμων
513 1351 527 1365 ’
552 1336 603 1389 oi
634 1335 689 1391 δὲ
714 1340 768 1392 ὲν
792 1340 984 1411 εἰρήνῃ
1005 1339 1111 1393 ὑπὸ
1164 1340 1268 1397 τοῦ,
1296 1340 1431 1397 Θεοῦ
1472 1342 1810 1414 παρελαμϐάν

1922 1332 2097 1407 iustos
2132 1335 2349 1408 aggredi
2393 1331 2678 1389 audebant
2709 1345 2724 1381 :
2748 1327 2882 1400 justi
2934 1338 3067 1381 vero
3108 1320 3271 1377 aDeo
3296 1320 3348 1373 in
3374 1330 3509 1387 pace

254 509 357 571 διδ

246 1438 421 1478 νοντο.

315 1531 337 1565 ι
375 1515 570 1569 Ἔσται
602 1518 660 1570 ὲν
700 1519 890 1593 εἰρήνῃ
922 1520 955 1589 ἡ
989 1520 1132 1592 ταφὴ
1160 1520 1347 1585 αὐτοῦ,
1403 1516 1568 1592 ἦρται
1615 1524 1680 1575 ὲκ
1732 1524 1825 1577 τοῦ

243 1603 439 1675 μέσου.
471 1625 492 1657 ι
524 1606 682 1660 Εῖποι
708 1607 754 1661 δ’
787 1608 853 1661 ἀν
878 1626 965 1673 τις
1008 1609 1267 1664 δύνασθαι
1324 1610 1497 1665 ταῦτα
1538 1613 1839 1683 ἁρμόττειν

238 1691 337 1746 καὶ
372 1692 454 1762 τῷ
490 1694 704 1766 Σωτῆρι
738 1696 833 1749 καὶ
870 1699 982 1759 τοῖς
1006 1696 1276 1768 μαθηταῖς
1321 1698 1485 1759 αὐτοῦ
1537 1704 1649 1764 τοῖς
1721 1701 1826 1755 ὑπὸ

236 1782 336 1835 τοῦ
380 1783 651 1837 Ἰουδαίων
702 1783 889 1849 ἔθνους
934 1786 1505 1860 ἐπιϐεϐουλευμένοις
1559 1792 1693 1846 ἀλλὰ
1733 1795 1825 1847 καὶ

235 1872 337 1942 τὴν
366 1871 665 1928 ἀνάστασιν
690 1875 782 1929 τοῦ
807 1876 1061 1949 Σωτῆρος
1082 1882 1115 1951 η
1125 1880 1244 1951 μῶν
1269 1882 1605 1937 αίνίττεσθαι
1644 1885 1704 1937 τὸ
1738 1884 1825 1938 λό-

1925 1429 2378 1498 suscipiebantur.

2000 1523 2165 1581 VEBS.
2194 1525 2249 1578 2.
2294 1541 2313 1574 ι
2350 1521 2470 1576 Erit
2490 1520 2544 1574 in
2568 1531 2701 1588 pace
2727 1512 3001 1584 sepultura
3029 1508 3168 1579 ejus,
3191 1506 3397 1562 sublata
3418 1513 3504 1560 est

1924 1618 1991 1673 de
2028 1617 2227 1672 medio.
2270 1632 2290 1667 ι
2333 1612 2545 1669 Dixerit
2588 1609 2857 1681 quispiam
2891 1609 3007 1661 hac
3053 1612 3109 1659 et
3155 1600 3420 1657 Salvatosi
3448 1606 3505 1654 et

1924 1707 2201 1777 discipulis
2232 1704 2350 1774 ejus
2395 1713 2738 1772 competere,
2793 1698 2884 1768 qui
2920 1713 2951 1752 a
2979 1694 3200 1751 Iudaica
3232 1702 3392 1764 gente
3423 1690 3506 1745 in-

1923 1797 2078 1853 sidiis
2099 1798 2494 1867 appetebantur
2526 1809 2540 1846 z
2575 1791 2670 1847 sed
2694 1790 2856 1844 etiam
2903 1788 2995 1843 hic
3035 1785 3337 1841 Salvatoris
3364 1797 3501 1853 quo-

1924 1901 2027 1961 que
2054 1886 2226 1941 nostri
2266 1882 2736 1939 resurrectionem
2781 1868 3093 1933 adumbrari
3122 1873 3506 1945 pronuntiave-

234 1963 357 2030 γιόν
381 1980 551 2035 φησι·
585 1966 681 2019 τοῦ
724 1968 839 2038 -μὲν
880 1967 1113 2049 θανάτου
1156 1971 1245 2026 διά
1288 1973 1387 2044 τῆς
1414 1974 1593 2045 ταφῆς
1655 1977 1810 2030 αὐτοί

1925 1978 1996 2032 rit
2032 1992 2048 2030 :
2081 1978 2154 2031 ita
2185 1985 2246 2030 ut
2277 1989 2426 2030 mors
2452 1974 2569 2043 ejus
2610 1986 2708 2042 per
2759 1970 3119 2040 sepulturam,
3173 1965 3504 2023 resurrectio

227 2054 582 2126 δηλουμένου,
608 2059 709 2128 τῆς
740 2060 786 2113 δ’
814 2062 1164 2128 ἀναστάσεως
1186 2063 1274 2118 διά
1300 2064 1418 2128 τοῦ,
1485 2083 1504 2117 ι
1543 2066 1724 2138 Ἤρθη
1757 2070 1821 2123 ὲκ

230 2143 330 2198 τοῦ
364 2147 534 2216 μέσου
569 2152 765 2222 ἡταφη
795 2152 983 2206 αὐτοῦ.
1028 2172 1048 2205 ι
1098 2154 1334 2226 ’Δφανὴς
1378 2157 1568 2226 γέγονε
1619 2159 1706 2213 διὰ
1761 2161 1821 2214 τὸ

234 2234 311 2305 μὴ
344 2237 634 2308 ἀπομεῖναι
669 2241 833 2294 αὑτὸν
861 2244 919 2296 ὲν
940 2242 1018 2314 τῷ
1049 2245 1149 2315 τῆς
1189 2248 1367 2317 ταφῆς
1392 2248 1542 2320 τόπῳ
1570 2267 1582 2279 ·
1638 2249 1759 2305 ὅθεν
1790 2253 1820 2302 ό

228 2324 465 2391 ἄγγελος
508 2327 735 2392 ἐπιστὰς
765 2334 884 2397 ταῖς
943 2332 1185 2400 γυναιξὶν
1238 2334 1428 2403 ἔλεγε·
1488 2356 1505 2388 ι
1542 2336 1675 2392 Τίνα
1726 2339 1823 2411 ζη-

223 2417 413 2482 τεῖτε;
473 2418 719 2489 Ἰησοῠν;
764 2421 878 2475 Οὐκ
932 2422 1079 2476 ἐστιν
1128 2421 1259 2480 ὧδεο
1299 2426 1473 2491 δεῦτε,
1532 2429 1668 2483 ἴδετε
1727 2432 1818 2485 τὸν

228 2503 401 2560 τόπον
424 2508 613 2563 αὐτοῦ.
655 2529 676 2565 ι

307 2616 327 2648 ι
367 2598 559 2669 Ὑμεῖς
586 2601 644 2655 δὲ
668 2605 1047 2674 προσαγάγετε
1084 2598 1207 2673 ὧδε,
1257 2609 1361 2661 υἱοὶ
1408 2609 1620 2680 ἄνομοι,
1650 2610 1817 2682 σπέρ-

228 2704 309 2757 μα
337 2691 541 2760 μοιχῶν
568 2695 663 2747 καὶ⁵
692 2696 919 2769 πόρνης.
959 2698 1049 2751 Ἐν
1096 2699 1201 2753 τίνι
1241 2702 1678 2773 ὲνετρυφήσατε;
1722 2704 1815 2755 καὶ

224 2781 322 2834 ἐπὶ
371 2783 496 2836 τίνα
540 2786 787 2855 ἠνοίξατε
830 2790 893 2842 τὸ
948 2790 1122 2861 στόμα
1176 2791 1367 2861 ὐμῶνς
1420 2795 1514 2848 καὶ
1562 2795 1653 2847 ἐπὶ
1698 2795 1816 2849 τίνα

224 2871 533 2941 ἐχαλάσατε
553 2876 653 2948 τὴν
671 2878 921 2945 γλῶσσαν
954 2881 1142 2952 ὑμῶν;
1165 2884 1276 2953 Οὐχ
1317 2884 1476 2955 ὑμεῖς
1494 2886 1618 2938 ἐστε
1646 2887 1814 2941 τέκνα

220 2962 525 3031 ἀπωλείας,
575 2969 796 3040 σπέρμα
841 2972 1101 3043 ἀνόμωνῖ
1155 2993 1175 3027 ι
1230 2960 1308 3029 Οὐ
1358 2979 1466 3047 γάρ
1519 2977 1667 3042 ἀξιον
1718 2979 1811 3032 τοῦ

235 3053 493 3125 Ἀϐραὰμ
521 3058 615 3111 καὶ
644 3060 747 3130 τῆς
774 3062 992 3133 Σάρῤας
1021 3066 1189 3119 τέκνα
1209 3068 1353 3137 ὑμᾶς
1381 3068 1564 3123 καλεῖν
1590 3087 1603 3100 ·
1625 3072 1673 3123 εί
1702 3071 1812 3142 γὰρ

219 3145 395 3200 τέκνα
450 3146 545 3200 τοῦ
589 3149 836 3222 Ἀϐραὰμ
884 3148 1014 3223 ἦτε,
1071 3156 1142 3210 τά
1201 3156 1339 3228 ἔργα
1394 3158 1488 3211 τοῦ
1564 3160 1813 3232 Ἀδραάμ

220 3235 481 3288 ἐποιεῖτε.
512 3238 748 3309 Μοιχοὺς
772 3242 817 3294 δ’
847 3240 986 3295 οἶδεν
1020 3245 1049 3296 ὁ
1076 3243 1236 3313 λόγος
1266 3246 1450 3299 καλεῖν
1480 3249 1607 3313 τοὺς
1639 3250 1809 3304 πάλαι

219 3325 762 3398 είδωλολατροῦντας,
789 3334 917 3403 περὶ
956 3327 1031 3388 ὧν
1076 3334 1289 3407 είρηται
1311 3354 1324 3366 °
1365 3356 1384 3389 ι
1420 3339 1532 3391 Καὶ
1558 3340 1807 3410 ἐμοίχευ-

222 3438 325 3474 σαν
353 3423 418 3478 τὺ
450 3423 604 3488 ξύλον
636 3427 730 3479 καὶ
764 3427 858 3480 τὸν
889 3428 1035 3483 λίθον
1057 3446 1070 3459 ·
1105 3449 1125 3482 ι
1163 3412 1366 3503 πόρνην
1388 3432 1444 3484 δὲ
1486 3434 1584 3505 τὴν
1615 3435 1810 3506 Ἰερου-

198 3509 407 3582 -σαλὴμ
433 3511 622 3583 ἐδήλου
652 3513 741 3567 διὰ
779 3515 888 3569 τῶν
922 3516 1230 3589 ἔμπροσθεν
1267 3521 1296 3571 ὁ
1347 3518 1535 3589 παρὼν
1598 3523 1807 3592 προφή·

217 3616 338 3669 της.
374 3600 624 3655 Μάλιστα
648 3603 757 3675 γὰρ
778 3604 954 3658 αὐτῶν
983 3606 1082 3677 τὴν
1114 3606 1364 3673 γλῶσσαν
1398 3610 1577 3662 καὶτὸ
1634 3612 1807 3680 στόμα

220 3693 568 3747 καταιτιᾶται
592 3693 680 3747 διά
707 3693 806 3758 τάς
840 3696 980 3749 κατὰ
1000 3697 1094 3750 τοῦ
1121 3698 1375 3769 Σωτῆρος
1400 3701 1605 3769 φωνὰς,
1624 3702 1717 3755 καὶ
1741 3701 1808 3766 ἀς

218 3784 389 3838 εἰσέτι
420 3786 513 3838 καὶ
539 3785 635 3839 νῦν
661 3787 783 3840 κατ’
812 3788 979 3841 αὑτοῦ
1011 3790 1291 3844 ποιοῦνται
1317 3791 1683 3863 βλασφημίας.
1717 3794 1807 3846 Διό

218 3890 422 3947 φησιν·
489 3895 509 3929 ι
552 3877 675 3929 Ἐπὶ
736 3878 867 3932 τίνα’
897 3879 1144 3947 ὴνοίξατε
1186 3882 1248 3934 τὸ
1281 3883 1457 3954 στόμα
1489 3883 1679 3953 ὐμῶν;
1713 3885 1807 3937 καὶ

217 3965 315 4019 ἰπὶ
336 3966 460 4019 τίνα
504 3968 808 4038 ὲχαλάσατε
836 3970 935 4051 τὴν
977 3970 1230 4038 γλῶσσαν
1262 3973 1443 4044 ὑμῶνς
1485 3975 1597 4045 Οὐχ
1650 3976 1806 4046 ὑμεῖς

215 4057 345 4110 esse
367 4055 531 4111 τέκνα
563 4058 873 4124 ἀπωλείας;
904 4079 924 4112 ι

290 4161 313 4196 ι
347 4147 411 4198 Οί
454 4146 902 4217 παρακαλοῦντες
949 4150 1145 4203 εἴδωλα
1206 4152 1313 4205 ὑπὸ
1362 4153 1556 4224 δένδρα
1616 4155 1800 4220 δασέα,

217 4236 521 4305 σφάζοντες
580 4236 649 4291 τά
681 4237 848 4291 τέκνα
899 4239 1079 4293 αὐτῶν
1105 4244 1185 4303 Δὲν
1214 4246 1336 4307 ταῖς
1367 4244 1639 4315 φάραγξιν
1700 4248 1803 4301 ἀνὰ

216 4324 387 4390 μέσον
414 4325 524 4380 τῶν
552 4326 790 4398 πετρῶν.
843 4328 1057 4401 Έκείνη
1092 4347 1185 4384 σου
1213 4336 1246 4404 ἡ
1297 4336 1475 4406 μερὶς,
1511 4331 1662 4398 οὗτός
1709 4353 1802 4390 σου

211 4413 497 4486 όκλῆρος·
554 4417 828 4481 κάκείνοις
863 4418 1085 4490 ἐξέχεας
1145 4423 1396 4489 σπονδάς,
1447 4428 1542 4479 καὶ
1592 4426 1802 4491 τούτοις

213 4505 521 4575 ἀνήνεγκας
541 4506 748 4571 θυσίας.
797 4510 921 4562 Ἐπὶ
960 4511 1171 4577 τούτοις
1204 4510 1298 4567 οὖν
1349 4517 1449 4569 οὐκ
1481 4517 1803 4590 ὀργισθήσο-

1920 2077 2121 2134 autem,
2152 2068 2239 2122 his
2262 2065 2465 2131 verbis,
2506 2082 2527 2116 ι
2556 2062 2781 2119 Sublata
2808 2070 2892 2116 est
2927 2060 2995 2115 de
3031 2059 3208 2116 medio
3228 2057 3503 2127 sepultura

1918 2160 2057 2230 ejus,
2092 2178 2111 2212 ι
2151 2159 2442 2215 indicetur.
2500 2156 2578 2212 De
2631 2156 2808 2210 medio
2856 2153 3098 2210 sublatus
3134 2163 3238 2216 est,
3274 2151 3398 2221 quia
3443 2150 3498 2204 in

1919 2251 2036 2307 loco
2079 2251 2372 2321 sepulturae
2409 2264 2516 2305 non
2559 2247 2758 2303 mansit
2800 2261 2815 2300 :
2852 2259 3021 2316 quare
3056 2242 3281 2311 angelus
3309 2240 3499 2296 mulie-

1919 2343 2068 2398 riius
2084 2352 2271 2397 astans
2297 2340 2549 2396 dicebat:
2579 2358 2598 2391 ι
2631 2338 2800 2405 Quem
2830 2334 3109 2407 quaeritis?
3130 2333 3315 2390 Jesnm
3337 2332 3362 2387 2
3381 2329 3509 2387 Non-

1916 2443 1999 2489 est
2046 2433 2151 2490 hic.
2188 2431 2392 2498 venite,
2420 2431 2597 2488 videte
2626 2430 2800 2485 locum
2824 2427 2939 2497 ejus
2966 2429 3010 2481 °.
3051 2445 3071 2478 ι

1996 2607 2156 2665 Vens.
2192 2607 2249 2673 3,
2271 2608 2327 2665 ι.
2352 2624 2371 2659 ι
2400 2606 2510 2662 Vos
2537 2615 2718 2659 autem
2746 2602 2995 2673 accedite
3022 2602 3148 2667 huc,
3174 2599 3269 2655 ﬁlii
3298 2597 3498 2668 iniqui,

1915 2712 2098 2753 semen
2117 2696 2485 2753 adulterorum
2498 2703 2555 2750 et
2568 2695 2892 2750 meretricis.
2912 2693 2966 2746 ln
2988 2707 3147 2763 quem
3164 2688 3506 2747 insultastis?

1915 2800 1971 2845 et
2005 2790 2060 2845 in
2090 2806 2249 2860 quem
2274 2787 2566 2859 aperuistis
2598 2801 2661 2841 os
2682 2784 3039 2841 vestrumiet
3074 2784 3129 2837 in
3154 2798 3314 2852 quem
3350 2783 3501 2835 laxa-

1915 2884 2013 2938 stis
2050 2882 2285 2953 linguam
2318 2879 2601 2936 vostram?
2650 2878 2841 2934 Nonne
2870 2891 2967 2932 vos
3013 2877 3147 2931 estis
3180 2875 3274 2929 ﬁlii
3312 2873 3497 2944 perdi-

1919 2974 2098 3039 tionis,
2126 2988 2308 3029 semen
2341 2972 2675 3044 impiorum?
2700 2990 2721 3023 »
2762 2969 2948 3040 Neque
2993 2968 3139 3022 enim
3180 2967 3326 3037 digni
3365 2965 3502 3021 estis

1914 3067 2005 3133 qui
2056 3066 2293 3119 Abrahae
2342 3072 2397 3120 et
2446 3062 2594 3118 Saraa
2643 3061 2738 3115 lilii
2786 3059 3099 3128 qocemini:
3137 3072 3258 3112 nam
3310 3056 3356 3111 si
3398 3055 3497 3111 lilii

1916 3155 2145 3209 Abrahae
2183 3154 2400 3219 essetis,
2426 3168 2589 3222 opera
2613 3151 2847 3209 Abrahae
2876 3149 3151 3204 faceretis.
3204 3148 3501 3203 Adulteros

1912 3256 2091 3300 autem
2122 3244 2259 3301 solet
2277 3243 2556 3315 Scriptura
2573 3257 2769 3299 vocare
2788 3257 2905 3307 eos,
2922 3241 3011 3311 qui
3028 3239 3156 3296 olim
3177 3239 3497 3295 idololatria

1911 3338 2079 3395 dediti
2131 3347 2307 3402 erant,
2338 3338 2410 3392 de
2447 3336 2643 3406 quibus
2668 3336 2888 3399 dicitur,
2946 3351 2966 3386 ι
3014 3334 3081 3388 Ει
3121 3332 3498 3387 adulterarunt

1910 3429 2110 3499 lignum
2140 3438 2194 3482 et
2210 3427 2436 3498 lapidem
2462 3446 2473 3481 :
2517 3444 2536 3478 ι
2564 3424 2902 3481 meretricem
2920 3438 3049 3479 vero
3067 3421 3497 3492 Hierosolymam

1910 3522 1998 3575 hic
2038 3519 2300 3589 propheta
2346 3518 2597 3588 superius
2647 3516 3001 3585 nuncupavit.
3050 3513 3253 3568 Eorum
3294 3512 3497 3581 quippe

1908 3609 2146 3679 linguam
2179 3618 2235 3664 et
2274 3622 2338 3663 os
2378 3608 2432 3661 in
2484 3607 2690 3664 crimen
2749 3606 2987 3661 maxime
3034 3612 3213 3671 vocat,
3270 3610 3497 3673 propter

1910 3699 2030 3755 illas
2066 3709 2254 3755 contra
2279 3699 2618 3754 Salvatorem
2650 3698 2879 3753 emissas
2919 3710 3103 3760 voces,
3142 3704 3199 3749 et
3238 3693 3308 3749 ob
3338 3692 3496 3749 blas-

1898 3789 2101 3859 pbema
2150 3789 2338 3854 verba,
2369 3803 2487 3859 quae
2523 3786 2793 3855 hodieque
2830 3785 3087 3840 adversus
3132 3782 3283 3838 illum
3310 3780 3493 3852 profe-

1910 3892 2056 3938 runt.
2128 3880 2465 3951 Quapropter
2522 3878 2623 3944 ait,
2681 3895 2702 3930 ι
2754 3879 2813 3931 ιη
2868 3892 3029 3948 quem
3095 3874 3382 3945 aperuistis
3425 3888 3495 3929 os

1905 3984 2172 4039 vestrum,
2219 3982 2275 4027 et
2327 3972 2399 4026 in
2428 3985 2589 4041 quem
2645 3968 2871 4023 laxastis
2925 3968 3165 4037 linguam
3211 3964 3495 4022 vestram?

1905 4064 2097 4121 Nonne
2123 4079 2221 4119 vos
2253 4064 2385 4119 estis
2413 4063 2509 4117 ﬁlii
2542 4059 2951 4131 perditionis?»

1978 4152 2142 4209 Vens.
2191 4153 2245 4219 5,
2275 4153 2331 4208 6.
2374 4170 2393 4203 ι
2425 4152 2529 4219 Qui
2574 4150 2853 4221 advocatis
2904 4147 3047 4204 idola
3072 4149 3173 4203 sub
3203 4145 3493 4202 arboribus

1903 4245 2109 4313 opacis,
2141 4242 2231 4312 qui
2283 4241 2547 4313 jugulatis
2606 4239 2748 4294 ﬁlios
2794 4246 3005 4292 vestros
3057 4237 3113 4291 in
3147 4236 3403 4302 vallibus,
3433 4234 3491 4291 in

1904 4333 2081 4389 medio
2136 4342 2435 4403 petrarum.
2484 4331 2610 4385 Haec
2649 4329 2828 4399 portio
2875 4336 2989 4395 tua,
3020 4326 3136 4382 hate
3170 4339 3290 4381 sors
3344 4335 3486 4379 tua:

1903 4435 1959 4479 et
1984 4426 2091 4480 illis
2112 4423 2349 4479 eﬁ‘udisti
2380 4422 2662 4486 libamina,
2695 4430 2750 4476 et
2786 4420 2897 4475 illis
2924 4416 3169 4474 obtulisti
3192 4416 3483 4471 sacriﬁcia.

1905 4514 2077 4585 Super
2096 4516 2182 4570 his
2210 4528 2340 4583 ergo
2371 4530 2477 4568 non
2508 4511 2761 4568 irascar?
2791 4530 2810 4564 ι
2866 4510 2962 4566 His
3008 4509 3157 4565 clare
3182 4507 3487 4564 ostenditur

218 4610 357 4664 μαι;
393 4613 412 4645 ι
446 4594 639 4664 Σαφῶς
670 4596 729 4649 δὲ
760 4596 850 4651 διὰ
882 4598 1088 4653 τούτων
1141 4600 1413 4657 δείκνυται
1463 4609 1496 4676 ἡ
1550 4608 1799 4678 παροῦσα

1911 4608 2043 4662 hanc
2060 4606 2394 4677 prophetiam
2440 4603 2741 4660 idololatria
2767 4603 2858 4671 qui
2887 4612 3131 4672 tempore
3158 4600 3309 4655 Isaia:
3330 4607 3487 4654 erant

212 4686 524 4759 προφητεία
542 4689 655 4750 τοῖς
686 4687 830 4741 κατά
853 4689 981 4751 τοὺς
1004 4690 1232 4760 χρόνους
1264 4694 1486 4747 Ἡσαΐου
1534 4695 1631 4748 τοῦ
1665 4715 1798 4769 προ-

212 4778 389 4849 φήτου
420 4778 833 4850 εἰδωλολάτραις
864 4782 1229 4853 ἁρμόττουσα.

286 4886 306 4921 ι
342 4868 459 4921 Ἐπ’
487 4869 611 4940 ὅρος
638 4870 841 4940 ὑψηλὸν
863 4872 957 4925 καὶ
982 4875 1281 4946 μετέωρον,
1301 4878 1417 4929 ἐκεῖ
1441 4893 1534 4929 σου
1564 4880 1596 4948 ἡ
1621 4880 1795 4953 κοίτη,

213 4960 311 5013 καὶ
362 4960 480 5012 ἐκεῖ
534 4960 864 5026 ἀνεϐίϐασας
919 4962 1111 5028 θυσίας
1172 4981 1287 5020 σου.
1318 4984 1338 5019 ι
1384 4967 1542 5020 Κατά
1591 4967 1794 5034 ταῦτα,

212 5048 402 5118 φησὶν,
438 5046 737 5117 ἔπραττες,
770 5051 890 5105 οὐδὲ
922 5056 1321 5126 κεκρυμμένως
1383 5057 1617 5123 ἀσεϐῶν,
1663 5060 1800 5113 ἀλλὰ

285 5423 305 5455 ι
346 5405 457 5459 Καὶ
480 5407 655 5463 ὀπίσω
683 5410 793 5464 τῶν
819 5413 1074 5486 σταθμῶν
1105 5418 1205 5488 τῆς
1247 5418 1417 5490 θύρας
1449 5439 1543 5475 σου
1592 5422 1795 5494 ἔθηκας

215 5494 539 5585 μνημόσυνά
594 5516 707 5554 σου.
743 5503 892 5572 ᾯου,
937 5506 1041 5570 ὅτι,
1078 5508 1175 5562 ὲάν
1216 5512 1310 5564 ἀπ’
1343 5510 1477 5582 ἐμοῦ
1527 5515 1790 5585 ἀποστῇς,

213 5584 399 5639 πλεῖόν
430 5604 482 5640 τι
507 5589 668 5656 ἔξεις.
706 5594 1027 5668 Ἠγάπησας
1071 5601 1196 5664 τοὺς
1230 5604 1605 5675 κοιμωμένους

214 5677 332 5733 σοῦ.
377 5679 470 5733 καὶ
528 5683 833 5757 ὲπλήθυνας
863 5688 961 5763 τὴν
1016 5693 1270 5764 πορνείαν
1302 5712 1396 5749 σου
1445 5698 1566 5766 μετ’
1593 5696 1791 5759 αὐτῶν,

284 5855 309 5889 ⁸
324 5853 491 5910 Marc.
510 5871 633 5924 xvi,
650 5856 704 5914 6.

1902 4700 2213 4755 convenire.

1975 4879 2141 4937 Vsus.
2176 4883 2229 4936 7.
2264 4900 2284 4931 ι
2322 4880 2495 4951 Super
2517 4888 2757 4935 montem
2788 4877 3062 4935 excelsum
3093 4886 3151 4933 et
3187 4875 3381 4941 altum,
3409 4873 3484 4929 ibi

1904 4973 2081 5029 cubile
2106 4983 2278 5036 tuum,
2315 4982 2370 5027 et
2404 4972 2531 5027 illuc
2572 4971 2847 5026 adduxisti
2902 4970 3172 5025 sacriﬁcia
3212 4980 3323 5023 tua.
3364 4988 3381 5020 ι
3418 4966 3487 5021 Et

1904 5066 2040 5133 haec,
2080 5066 2274 5134 inquit,
2330 5064 2489 5134 egisti
2521 5078 2629 5118 non
2670 5063 2812 5118 clam
2841 5062 3009 5131 impie
3038 5076 3224 5131 agens,
3269 5061 3363 5115 sed
3389 5074 3487 5128 pa-

1903 5157 2009 5210 lam
2040 5165 2095 5211 et
2125 5154 2485 5219 conﬁdenter,
2524 5154 2596 5207 ita
2621 5161 2680 5208 ut
2716 5153 2880 5209 etiam
2911 5153 2965 5207 in
2992 5152 3306 5207 celsissimis
3330 5165 3482 5205 mon-

1906 5248 2037 5303 tium
2066 5246 2443 5305 cacuminibus
2470 5246 2733 5304 diabolica
2760 5243 3029 5301 sacriﬁcia
3067 5241 3313 5298 oﬁerres.

1971 5424 2140 5479 Vsus.
2174 5424 2229 5490 8,
2272 5424 2323 5481 9.
2388 5444 2407 5477 ι
2446 5425 2513 5480 Ει
2539 5436 2686 5482 retro
2721 5435 2905 5497 postes
2952 5426 3076 5482 ostii
3133 5426 3211 5480 tui
3252 5425 3479 5495 posuisti

1901 5516 2236 5570 memorialia
2268 5525 2380 5570 tua.
2409 5516 2667 5580 Putabas,
2696 5516 2740 5569 si
2774 5532 2805 5568 a
2836 5530 2923 5570 me
2948 5516 3250 5579 recederes,
3293 5524 3344 5568 te
3365 5528 3481 5567 am-

1901 5606 2040 5675 plius
2086 5607 2215 5674 quid
2256 5606 2588 5662 habituram.
2637 5606 2883 5661 Dilexisti
2912 5605 3245 5660 dormientes
3275 5615 3478 5668 tecum,

1900 5708 1957 5755 et
1987 5697 2353 5769 multiplicasti
2403 5697 2789 5756 fornicationes
2819 5708 2937 5753 tuas
2965 5712 3089 5754 cum
3114 5698 3216 5761 eis,
3252 5697 3476 5753 multos—
