4058 6386
612 500 715 557 om

1274 489 1535 547 susse“
1571 485 2040 544 casammsns
2075 482 2224 538 opp.
2271 481 2446 534 ams
2484 480 2567 533 ιιι.
2612 510 2677 519 ...
2717 450 3123 529 amoenos.

3745 465 3844 524 476

613 620 893 693 queloogo
916 632 947 670 a
986 625 1038 669 te
1068 613 1241 669 fecisti
1266 612 1399 680 (41).
1437 629 1457 662 ι
1501 609 1650 663 Multi
1683 610 1880 677 quippe
1906 609 2006 661 viri
2057 609 2164 661 Deo

2283 602 2360 653 ιαὶ
2396 586 2623 660 πολλοὺς
2650 595 2906 664 ἐποίησας
2935 595 3060 654 τοὺς
3084 592 3300 660 μακρὰν
3326 585 3588 689 ἀπὸ-σοῦ.
3633 605 3653 636 ι
3710 587 3837 638 Πολ-

615 707 831 771 addicti,
848 702 1233 773 Hierosolymis
1253 714 1311 755 se
1335 698 1715 769 proripiebant,
1744 697 1813 753 ob
1833 700 1990 767 impia
2020 707 2167 767 gesta

615 814 736 868 quae
780 798 853 853 ibi
902 796 1371 865 perpetrabantur.
1403 809 1422 841 ι
1463 790 1528 843 Et
1558 789 1751 844 misisti
1803 791 2001 860 legatos
2033 789 2166 842 ultra

620 890 877 943 terminos
914 898 1057 951 tuos,
1078 896 1128 939 et
1149 882 1424 940 bumiliata
1460 896 1519 935 es
1545 894 1714 948 usque
1746 883 1812 935 ad
1838 882 2121 935 infernum.
2144 900 2162 931 ε

617 978 742 1035 llaec
777 982 957 1033 omnia
997 976 1152 1046 quasi
1204 976 1269 1029 de
1314 972 1600 1026 meretrice
1646 972 1897 1040 loquitur,
1916 988 2034 1040 quze
2055 971 2169 1039 pul-

617 1070 911 1125 cbritudini
935 1079 987 1122 et
1015 1068 1197 1123 decori
1222 1068 1489 1135 studebat,
1510 1082 1571 1122 ae
1599 1065 1728 1120 nihil
1747 1080 1851 1118 non
1879 1064 2072 1133 agebat
2102 1063 2167 1117 ad

616 1160 941 1228 voluptatem
966 1172 1149 1211 eorum
1177 1158 1266 1225 qui
1291 1172 1475 1213 secum
1505 1156 1785 1225 degebant.

692 1249 851 1302 Vens.
875 1248 957 1301 lo.
996 1266 1015 1297 ε
1040 1247 1220 1302 Multis
1247 1247 1527 1303 itineribus
1550 1248 1654 1301 tuis
1681 1245 1958 1311 laborasti,
1984 1254 2039 1300 et
2062 1260 2166 1301 non

620 1341 823 1402 dixisti,
858 1336 1129 1393 Desinam.
1162 1357 1181 1391 ι
1214 1336 1328 1393 Non
1348 1338 1491 1393 enim
1536 1336 1590 1391 in
1624 1352 1727 1390 una
1764 1336 1907 1405 regia
1957 1336 2040 1391 via
2087 1338 2168 1391 in-

618 1430 882 1501 cedebas,
927 1428 1022 1483 sed
1067 1428 1118 1482 in
1145 1427 1323 1481 multis
1352 1437 1407 1481 et
1435 1427 1625 1482 deviis.
1674 1445 1690 1477 ι
1720 1424 2017 1492 lnvaluisti,
2046 1429 2167 1496 quia

619 1521 732 1574 hac
767 1520 959 1586 egisti;
988 1519 1110 1573 ideo
1157 1532 1240 1573 tne
1267 1532 1371 1571 non
1403 1516 1602 1585 rogasti
1636 1535 1649 1570 :
1690 1534 1709 1568 ι
1767 1517 1857 1573 sed
1886 1518 2036 1586 quasi
2080 1532 2167 1571 ro-

618 1610 746 1665 bore
775 1619 831 1663 et
861 1611 1139 1677 juventute
1171 1602 1373 1671 valens,
1403 1596 1487 1663 bis
1528 1608 1708 1679 με]οη
1740 1608 2023 1669 admisisti.
2058 1617 2170 1663 tur-

616 1700 777 1770 pibus
814 1701 977 1769 gestis
998 1698 1102 1753 tuis
1131 1698 1410 1753 insistens.

686 1872 849 1928 Vsus.
906 1872 1090 1927 ll-l3.
1149 1873 1362 1937 «Quem
1416 1874 1612 1928 timens
1669 1871 1954 1941 perterrita
1994 1880 2171 1925 eszet

2269 692 2347 746 λοὶ
2364 692 2470 761 γὰρ
2488 690 2682 757 ἔφυγον
2692 686 2788 757 τὴν
2817 680 3166 754 Ἰερουσαλὴμ
3191 682 3240 733 oi
3259 678 3336 749 τῷ
3358 676 3477 747 Θεῷ
3499 677 3843 741 ἀνακείμενοι

2268 786 2458 855 ἄνδρες
2479 782 2566 834 διὰ
2591 780 2688 841 τὰς
2708 778 2765 829 έν
2786 776 2921 845 αὐτῇ
2946 771 3368 841 συντελουμένας
3384 768 3579 830 ἀθέους
3594 761 3840 835 πράξεις.

2218 864 2221 865 ν
2274 899 2292 929 ι
2330 880 2437 932 Kal
2463 872 2786 935 ἀπέστειλας
2815 869 3073 940 πρέσϐεις
3106 867 3246 937 ὑπὲρ
3307 866 3376 918 τά
3426 864 3553 933 δριά
3592 875 3710 924 σου,
3746 859 3846 910 καὶ

2274 1152 2616 1222 πράττουσαν
2642 1147 2726 1215 ἐφ’
2754 1146 2912 1216 ἡδονῇ
2941 1142 3049 1195 τῶν
3072 1139 3382 1211 προσόντων
3402 1137 3558 1205 αὐτῇ.

2345 1260 2365 1292 ι
2396 1242 2505 1302 Τάς
2534 1235 2817 1298 πολυοδίας
2856 1250 2951 1287 σου
3005 1230 3336 1292 ἐκοπίασας,
3379 1226 3471 1279 καὶ
3523 1224 3627 1275 οὐκ
3668 1217 3854 1284 εἶπας,

2272 1332 2577 1401 Παύσομαι.
2622 1348 2639 1379 t
2682 1327 2757 1380 Οὐ
2810 1326 2920 1395 γὰρ
2965 1324 3090 1393 μίαν
3127 1320 3325 1381 ὣδευες
3351 1317 3448 1388 τὴν
3473 1314 3769 1385 βασιλικὴν
3798 1314 3855 1364 ὁ-

2269 1428 2379 1489 δὸν,
2413 1422 2548 1477 ἀλλά
2571 1418 2768 1480 πολλὰς
2824 1417 2917 1469 καὶ
2970 1408 3407 1481 πεπλανημένας.
3436 1425 3454 1456 ι
3503 1404 3860 1472 Ἐνίσχυσας,

2270 1521 2349 1572 ὅτι
2389 1515 2630 1589 ἔπραξας
2686 1510 2889 1565 ταῦτα·
2925 1508 3015 1562 διὰ
3070 1506 3227 1559 τοῦτο
3270 1502 3332 1555 ού
3364 1498 3705 1569 κατεδεήθης

2272 1612 2364 1664 σύ·
2407 1629 2425 1661 ι
2484 1607 2597 1661 ἀλλ’
2654 1604 2840 1673 ὥσπερ
2869 1599 3131 1669 ἰσχύουσα
3172 1601 3266 1651 καὶ
3301 1590 3712 1661 νεανιευομένη,
3746 1588 3864 1659 χεῖ-

2276 1716 2402 1769 ρονα
2432 1697 2633 1751 τούτων
2667 1691 2910 1765 ἔπραξας
2959 1689 3291 1761 ἐπιμένουσα
3320 1688 3442 1749 ταῖς
3465 1682 3702 1746 οἰκείαις
3736 1682 3867 1735 ἀτο-

2317 1792 2443 1843 late.

2317 1807 2329 1840 t
2428 1830 2443 1843 .

2271 1808 2312 1843 π
2335 1807 2545 1934 ιῗιῗΓίνα
2566 1876 2924 1947 εὐλαϐηθεῖσα
2950 1873 3244 1944 ἐφοϐήθης,
3264 1872 3359 1925 καὶ
3404 1870 3621 1939 ἐψεύσω
3651 1885 3745 1939 με,
3772 1866 3872 1919 καὶ

621 1964 841 2018 mentita
890 1978 949 2019 es
980 1965 1139 2029 mihi,
1162 1980 1263 2019 nec
1296 1965 1583 2020 meministi
1620 1964 1759 2029 mei,
1808 1978 1907 2017 nec
1954 1963 2172 2032 posuisti

2283 1976 2380 2028 ούκ
2409 1972 2687 2044 ἐμνήσθης
2722 1944 2844 2041 μου,
2872 1969 2978 2024 οὐδ’
3006 1967 3196 2030 ἔλαϐές
3229 1984 3296 2037 με
3349 1966 3430 2028 εἰς
3464 1963 3566 2034 τὴν
3595 1962 3871 2022 διάνοιαν,

621 2070 705 2129 me
734 2056 785 2109 in
822 2063 1002 2111 mente
1036 2065 1159 2119 tua,
1202 2071 1302 2111 nec
1349 2055 1404 2110 in
1453 2057 1614 2110 corde
1666 2056 1802 2109 tuo?
1861 2052 1930 2107 Et
1972 2068 2072 2124 ego
2124 2062 2175 2109 te

619 2144 827 2207 videns,
855 2144 1112 2219 despicio,
1135 2152 1191 2198 et
1212 2159 1297 2200 me
1326 2158 1428 2199 non
1466 2145 1709 2199 timuisti.
1757 2144 1822 2199 Et
1856 2158 1957 2213 ego
1977 2158 2178 2199 annun-

623 2234 772 2289 tiabo
796 2233 1060 2301 justitiam
1095 2249 1265 2289 meam
1287 2245 1337 2291 et
1370 2234 1508 2289 mala
1542 2244 1653 2302 tua,
1679 2244 1732 2289 et
1757 2251 1862 2291 non
1886 2238 2175 2304 proderunt

624 2324 738 2377 tibi.
772 2324 902 2380 Cum
932 2324 1283 2389 clamaveris,
1309 2336 1500 2379 emant
1531 2325 1657 2379 tein
1704 2325 2041 2383 tribulatione
2063 2337 2174 2382 tua.

625 2414 731 2468 ﬂos
755 2416 950 2484 quippe
980 2422 1169 2471 omnes
1194 2426 1385 2471 ventus
1423 2414 1651 2481 auferet,
1680 2426 1734 2471 et
1774 2426 2057 2486 tempestas
2079 2419 2178 2473 tol-

622 2504 715 2560 let.
740 2504 840 2571 Qui
874 2515 1050 2560 autem
1080 2506 1354 2560 adhaerent
1378 2495 1512 2560 mihi
1533 2544 1550 2569 ,
1588 2507 1928 2576 possidebunt
1981 2517 2177 2565 terrast

621 2604 678 2648 et
696 2593 1007 2651 haereditate
1032 2596 1296 2662 accipient
1337 2608 1570 2652 montem
1618 2607 1857 2653 sanctum
1908 2613 2105 2654 meum.
2154 2618 2173 2651 ι

625 2684 825 2741 Omnes
870 2686 1050 2755 itaque
1091 2687 1298 2756 eosqui
1333 2686 1663 2751 incusantur,
1708 2697 1897 2743 ventus
1942 2689 2089 2744 tollet
2124 2699 2180 2743 et

626 2784 913 2844 tempestas
933 2776 1161 2833 auferet.
1201 2776 1265 2831 Et
1295 2775 1599 2845 huiusmodi
1648 2775 1772 2833 ﬁnis
1818 2778 2036 2835 invadet
2086 2795 2180 2834 eos

628 2864 719 2932 qui
751 2864 821 2919 ob
858 2865 1108 2932 pradlcta
1148 2865 1200 2919 in
1226 2866 1433 2922 crimen
1458 2876 1720 2923 vocantur
1758 2883 1892 2924 :eos
1927 2884 2059 2926 vero
2089 2870 2179 2939 qui

626 2947 824 3003 bonam
849 2948 1053 3020 elegere
1075 2960 1295 3015 sortem,
1328 2965 1412 3007 me
1440 2953 1646 3010 scilicet
1692 2954 1885 3021 Deum,
1922 2972 1985 3014 ac
2008 2958 2165 3013 since.

628 3052 721 3092 ros
740 3038 860 3094 illos
885 3041 1130 3097 homines
1160 3042 1251 3111 qui
1284 3057 1418 3114 pure
1456 3045 1586 3101 mihi
1622 3046 1965 3105 adhcrebant
1986 3089 2004 3112 .
2043 3063 2183 3107 mer-

626 3144 718 3186 ces
745 3144 863 3185 mea
888 3131 1140 3202 excipiet.

703 3220 859 3277 Vsus.
911 3222 999 3277 ﬂ.
1038 3241 1059 3275 ι
1081 3222 1147 3277 Et
1173 3222 1352 3279 dicent
1383 3242 1398 3279 :
1426 3225 1659 3298 Purgato
1682 3231 1796 3287 vias
1827 3247 1859 3287 a
1883 3233 2020 3293 facie
2047 3237 2181 3307 eius,

630 3318 686 3365 et
709 3311 877 3367 tollite
901 3309 1215 3367 oﬂ'endicula
1263 3313 1330 3368 de
1368 3315 1455 3370 via
1500 3296 1682 3387 populi
1718 3324 1842 3376 mei.
1869 3340 1888 3374 ›
1926 3296 2183 3396 Νεωήυἰ
2210 3296 2253 3352 (³

634 3411 781 3456 recte
803 3402 941 3470 apud
990 3400 1155 3458 Deum
1205 3418 1265 3458 se
1305 3408 1465 3475 gerit,
1501 3422 1606 3464 non
1651 3411 1840 3467 salutis
1890 3418 2046 3471 modo
2077 3434 2186 3473 sua:

631 3507 815 3548 ctu-am
840 3493 1075 3556 habebit,
1125 3494 1219 3551 sed
1244 3498 1406 3552 etiam
1445 3500 1642 3570 populo
1676 3501 1771 3559 Dei
1827 3520 1948 3561 sese
2000 3509 2183 3564 utilem

635 3584 941 3652 praestabit,
990 3588 1309 3658 praecipiens
1360 3589 1435 3645 illi
1491 3601 1550 3647 ut
1603 3592 1743 3648 viam
1782 3596 2000 3666 pietatis
2033 3615 2183 3657 eom-

553 3754 557 3757 γ
633 3675 855 3743 planet,
906 3686 962 3731 et
1015 3675 1372 3747 odendicula,
1422 3684 1469 3737 si
1525 3700 1631 3755 qua
1680 3686 1984 3757 videantur,
2032 3706 2176 3747 amo-

632 3776 779 3821 νοει.

702 3857 866 3915 Vens.
927 3860 1013 3915 l5.
1051 3879 1070 3912 ι
1099 3859 1225 3917 Haec
1250 3862 1381 3918 dicit
1412 3864 1740 3933 Altissimus,
1768 3869 1856 3937 qui
1882 3871 1935 3923 in
1961 3872 2188 3927 excelsis

634 3949 844 4006 habitat
871 3951 923 4005 in
955 3954 1228 4015 saeculum,
1260 3953 1489 4010 Sanctus
1520 3956 1573 4009 in
1612 3960 1814 4037 sanctis
1856 3974 2047 4015 nomen
2090 3962 2140 4017 ei
2170 3980 2184 4016 :

635 4041 972 4109 Altissimus,
1005 4044 1095 4113 qui
1130 4045 1184 4099 in
1221 4046 1425 4102 sanctis
1474 4048 1783 4116 requiescit,
1829 4058 1882 4106 et
1913 4052 2188 4121 pusillani-

642 4134 745 4188 mis
775 4134 867 4188 dat
892 4136 1223 4204 patientiam,
1266 4146 1320 4192 et
1344 4140 1439 4192 dat
1464 4138 1626 4193 vitam
1656 4139 1906 4196 contritis
1929 4144 2113 4197 corde.
2164 4162 2183 4194 ι

638 4220 708 4276 iis
731 4223 784 4277 in
812 4225 1005 4293 populo
1039 4228 1130 4296 qui
1156 4227 1353 4296 pietate
1374 4239 1431 4284 et
1459 4230 1650 4285 timore
1670 4232 1761 4286 Dei
1779 4233 1983 4301 praediti
2010 4246 2187 4301 erant,

639 4313 839 4383 quique
864 4328 1207 4383 peccatorum
1241 4320 1610 4388 pmoitentiam
1644 4331 1885 4391 egerant,
1916 4339 2051 4395 quos
2075 4326 2190 4380 hac

642 4404 917 4476 Scriptura
946 4409 1212 4464 contritas
1257 4410 1424 4466 corde
1471 4419 1527 4466 et
1572 4412 1940 4481 pusillanimes
1991 4426 2188 4480 vocat,

640 4497 1060 4555 consolationem
1094 4498 1267 4572 aﬂ‘ert.
1294 4500 1569 4571 Siquidem
1588 4542 1604 4568 ,
1632 4504 1733 4559 etsi
1760 4506 1912 4575 pauci
1944 4523 2187 4573 numero,

2281 2066 2394 2118 οὐδ’
2430 2068 2507 2128 εἰς
2539 2064 2638 2134 τὴν
2670 2061 2897 2133 καρδίαν
2928 2076 3057 2123 σου;
3089 2060 3200 2113 Kal
3227 2055 3339 2125 ἐγώ
3363 2071 3422 2107 σε
3452 2052 3576 2107 ἰδὼν
3610 2050 3872 2121 παρορῶ,

2281 2157 2492 2227 καὶέμέ
2523 2156 2623 2209 οὐκ
2655 2152 2950 2225 ἐφοϐήθης.
3024 2150 3136 2205 Kal
3178 2146 3288 2216 ἐγὼ
3320 2144 3620 2213 ἀπαγγελῶ
3652 2143 3758 2212 τὴν
3794 2142 3877 2195 δι-

2284 2247 2572 2315 καιοσύνην
2620 2263 2721 2317 μου
2763 2246 2858 2298 καὶ
2888 2242 2956 2297 τά
2986 2241 3132 2295 κακά
3150 2258 3266 2302 σου,
3300 2239 3396 2293 καῖ⁵
3436 2238 3539 2291 οὐκ
3588 2235 3878 2307 ὠφελήσει

2284 2357 2363 2393 σε.
2399 2340 2567 2392 Ὅταν
2599 2335 2929 2407 ἀναϐοήσῃς,
2960 2331 3327 2399 ἐξελέσθωσάν
3371 2346 3435 2383 σε
3465 2330 3526 2382 ὲν
3564 2330 3635 2398 τῇ
3690 2325 3879 2396 θλίψει

2286 2448 2379 2484 σου
2399 2448 2411 2462 ·
2442 2429 2660 2491 τούτους
2687 2426 2795 2497 γὰρ
2820 2426 3026 2487 πάντας
3052 2423 3251 2493 ἀνεμος
3290 2420 3520 2491 λήψεται
3540 2459 3557 2484 ,
3586 2418 3687 2471 καὶ
3708 2416 3879 2470 ἀποί-

2288 2537 2369 2575 σει
2400 2520 2670 2587 καταιγις.
2706 2519 2770 2571 Ol.
2798 2516 2857 2569 δέ
2879 2513 3227 2585 ἀντεχόμενοί
3261 2529 3364 2582 μου
3416 2511 3714 2580 κτήσονται
3745 2508 3876 2579 γῆν,

2287 2614 2379 2667 καὶ
2410 2611 2872 2683 κληρονομήσουσι
2898 2607 2961 2660 τδ
2986 2606 3110 2676 θρος
3156 2603 3217 2657 τὸ
3246 2602 3400 2671 tum
3422 2617 3549 2672 μου.
3587 2620 3607 2651 s
3648 2599 3878 2661 Πάντας

2289 2706 2387 2775 μὲν
2408 2700 2502 2763 οῦν
2528 2702 2653 2765 τοὺς
2696 2696 3167 2771 κατηγορηθέντας
3212 2695 3445 2766 λήψεται
3486 2693 3713 2763 ἀνεμος,
3782 2691 3881 2745 καὶ

2286 2799 2499 2855 ἀποίσει
2524 2795 2794 2864 καταιγίς.
2827 2793 2939 2847 Καὶ
2967 2791 3179 2845 τοιοῦτο
3207 2790 3361 2853 τέλος
3387 2787 3719 2860 διαλήψεται
3747 2786 3879 2847 τοὺς

2284 2889 2379 2941 ἐπὶ
2400 2891 2511 2952 τοῖς
2538 2887 2848 2959 εἰρημένοις
2871 2882 3258 2953 διαϐληθέντας
3281 2899 3294 2913 ·
3322 2882 3449 2945 τοὺς
3466 2881 3526 2935 δέ
3565 2880 3670 2950 τὴν
3699 2878 3880 2948 καλὴν

2285 2981 2679 3051 ἐκλεξαμένους
2724 2976 2938 3048 μερίδα,
2964 2975 3068 3045 ἐμὲ
3097 2974 3297 3046 δηλαδὴ
3322 2974 3416 3027 τὸν
3434 2972 3572 3026 Θεδν
3605 2970 3705 3024 καὶ
3746 2970 3880 3031 τοὺς

2285 3073 2540 3143 γνησίους
2588 3070 2685 3125 καὶ
2716 3067 2971 3138 καθαρῶς
2999 3065 3390 3137 ἀπεχομένους
3411 3102 3428 3129 ,
3461 3065 3497 3134 ή
3548 3064 3686 3134 παρ’
3736 3060 3881 3133 ἐμοῦ

2287 3163 2492 3235 ἀμοιϐὴ
2516 3161 2841 3227 διαδέξεται.

2361 3271 2379 3303 ι
2422 3250 2533 3304 Kal
2565 3248 2752 3321 ἐροῦσι
2781 3267 2793 3281 ·
2849 3248 3198 3320 Καθαρίσατε
3225 3244 3337 3301 ἀπὸ
3366 3242 3672 3319 προσώπου
3702 3243 3880 3298 αὐτοῦ

2286 3342 2455 3406 ὁδοὺς,
2485 3341 2575 3394 καὶ
2596 3340 2765 3411 ἄρατε
2795 3338 2979 3394 σκῶλα
3008 3338 3118 3394 ἀπὺ
3142 3337 3241 3410 τῆς
3264 3336 3386 3392 ὀδοῦ
3422 3335 3519 3391 τοῦ
3540 3336 3677 3391 λαοῦ
3712 3354 3878 3408 μου.»

2286 3434 2362 3488 υύ
2390 3433 2497 3505 γὰρ
2534 3433 2701 3503 μόνης
2729 3431 2828 3502 τῆς
2882 3429 3155 3502 σωτηρίας
3190 3429 3447 3500 πρόνοιαν
3503 3428 3799 3499 ποιήσεται
3851 3428 3883 3481 ὁ

2287 3524 2436 3595 παρά
2467 3522 2545 3593 τῷ
2576 3520 2694 3584 Θεῷ
2724 3520 3075 3594 κατορθώσας
3096 3560 3112 3587 ,
3160 3519 3275 3575 ἀλλ’
3320 3518 3422 3591 ήδη
3475 3518 3575 3573 καὶ
3626 3518 3711 3590 τῷ
3762 3517 3883 3591 λαῷ

2285 3613 2420 3668 Θεοῦ
2446 3614 2715 3685 χρήσιμον
2748 3614 2939 3667 ἐαυτὺν
2966 3612 3193 3684 παρέξει
3230 3611 3588 3684 προστάττων
3617 3610 3882 3683 ἐξομαλί-

2287 3706 2401 3771 ζειν
2421 3705 2571 3776 αὑτῷ
2598 3705 2698 3777 τὴν
2725 3706 2842 3760 ὁδὸν
2874 3706 2971 3777 τῆς
2997 3705 3326 3772 θεοσεϐείας,
3355 3706 3451 3759 καὶ
3492 3706 3563 3767 τά
3607 3704 3881 3760 δοκοῦντα

2289 3799 2710 3870 προσ-κόμματα.

2363 3906 2383 3940 ι
2420 3889 2558 3943 Τάδε
2586 3889 2732 3957 λέγει
2771 3891 2800 3942 ὁ
2825 3887 3105 3958 Ὕψιστος,
3157 3890 3188 3942 ὁ
3234 3890 3294 3941 ἐν
3343 3886 3576 3959 ὑψηλοῖς
3602 3887 3883 3943 κατοικῶν

2294 3982 2372 4045 εἰς
2404 3980 2495 4033 τὸν
2510 3980 2702 4043 αἰῶνα,
2725 3980 2913 4047 ’Δγιος
2941 3981 2998 4031 ἐν
3012 3978 3185 4047 ἀγῖοις
3203 3978 3373 4049 ὕνομα
3398 3978 3549 4050 αὐτῷ
3567 3995 3583 4009 ⁸
3607 3978 3883 4048 ’Υψιστσς

2290 4075 2347 4126 ἐν
2370 4072 2545 4141 ἀγίοις
2575 4070 3005 4141 ἀναπαυόμενος,
3034 4071 3130 4124 καὶ
3169 4070 3513 4140 ὀλιγοψύχοις
3550 4069 3734 4134 διδοὺς
3767 4088 3880 4142 μα-

2290 4164 2610 4235 κροθυμίαν,
2636 4164 2731 4217 καὶ
2746 4162 2919 4226 διδοὺς
2944 4161 3089 4234 ζωὴν
3115 4164 3227 4226 τοῖς
3261 4163 3746 4234 συντετριμμένοις
3775 4164 3883 4235 τὴν

2290 4255 2533 4327 καρδίαν.
2556 4274 2574 4306 ι
2611 4255 2755 4327 Πρὸς
2776 4255 2901 4328 τοὺς
2933 4255 2992 4307 ἐν
3020 4253 3099 4326 τῷ
3138 4253 3256 4325 λαῷ
3297 4253 3544 4317 εὐλαϐεῖς
3585 4254 3681 4307 καὶ
3708 4254 3883 4323 φόϐον

2292 4344 2425 4399 Θεοῦ
2458 4344 2847 4415 κεκτημένους,
2882 4343 2975 4396 καὶ
3006 4341 3404 4414 μετανοοῦντας
3433 4343 3521 4413 ἐφ’
3554 4336 3639 4407 οἷς
3681 4343 3880 4415 ἦμαρ-

2288 4452 2399 4501 τον,
2427 4434 2521 4499 οὒς
2543 4436 2576 4504 ή
2608 4431 2855 4505 παροῦσα
2886 4432 3032 4499 λέξις
3080 4432 3574 4504 συντετριμμένους
3604 4432 3879 4505 τὴντκαρ-

2290 4525 2406 4579 δίαν
2430 4527 2524 4580 καὶ
2554 4522 2906 4593 ὀλιγοψύχους
2934 4524 3211 4595 ὀνομάζει,
3244 4523 3591 4595 παράκλησιν
3633 4523 3732 4577 καὶ
3766 4541 3880 4578 πα-

643 4588 947 4659 bujusmotli
1005 4601 1180 4647 tamen
1226 4592 1467 4647 nonnulli
1512 4595 1757 4650 aderant.
1792 4596 2037 4652 Attamen
2089 4600 2181 4654 viri

2293 4615 2562 4687 ραμυθίαν
2610 4588 2897 4687 προσάγει.
2929 4588 3113 4668 Ἦσαν
3152 4614 3263 4685 γὰρ
3313 4588 3371 4665 έν
3416 4588 3621 4677 αὐτοῖς,
3678 4615 3729 4667 εἰ
3774 4615 3877 4669 xal

645 4680 976 4737 Deoaddicti
1002 4694 1194 4749 erant;
1241 4699 1346 4739 non
1388 4692 1593 4739 tantum
1626 4687 1919 4755 prophetae,
1977 4691 2069 4746 sed
2099 4693 2188 4746 alii

643 4784 829 4827 eorum
863 4772 1207 4840 imitatores,
1251 4777 1341 4845 qui
1390 4791 1421 4831 a
1478 4778 1756 4847 prophetis
1805 4781 2187 4848 edocebantur,

644 4878 936 4937 eorumque
958 4866 1253 4938 disciplinae
1284 4869 1518 4923 animum
1540 4871 1887 4929 adhibebant.

717 5145 877 5202 Vens.
950 5146 1038 5201 18.
1121 5146 1285 5203 «Non
1338 5147 1393 5199 in
1439 5156 1751 5218 perpetuum
1794 5162 1889 5203 vos
1944 5147 2189 5214 ulciscar,

641 5252 814 5307 neque
855 5252 1069 5308 semper
1119 5239 1323 5295 irascar
1370 5240 1542 5294 vobis.
1587 5239 1821 5309 Spiritus
1854 5239 1997 5295 enim
2044 5254 2073 5293 a
2108 5256 2193 5293 me

641 5327 961 5397 egredietur,
988 5337 1044 5383 et
1071 5327 1255 5384 liatum
1282 5344 1495 5385 omnem
1520 5344 1619 5400 ego
1648 5331 1770 5385 ieci.
1803 5350 1823 5383 ι
1867 5330 2002 5384 Nam
2049 5345 2191 5385 cura:

644 5416 772 5471 mihi
796 5430 879 5474 est
907 5420 1130 5489 spiritus
1157 5420 1264 5489 ille,
1304 5422 1446 5492 quia
1482 5436 1567 5477 me
1600 5420 1868 5491 profectus
1889 5463 1904 5488 ,
1956 5423 2009 5477 in
2040 5423 2191 5477 vobis

644 5508 904 5566 habitavit
932 5528 947 5565 :
977 5514 1413 5585 quandoquidem
1438 5514 1613 5570 omnis
1651 5514 1872 5583 spiritus
1892 5555 1907 5580 ,
1948 5515 2041 5585 qui
2078 5515 2195 5569 lau-

645 5598 775 5656 dare
832 5618 919 5660 me
984 5605 1194 5672 valeat,
1243 5617 1431 5661 auctor
1478 5620 1632 5673 sum,
1680 5606 1971 5661 secundum
2023 5607 2193 5672 illud,

719 5786 831 5853 (sl)
865 5786 951 5839 Sic-
1002 5790 1278 5853 vertimus,
1319 5791 1439 5856 quia
1491 5790 1555 5841 ιιιί
1596 5790 1735 5842 hunc
1778 5791 1993 5843 modum
2031 5790 2197 5841 intcr-

2292 4703 2507 4777 βραχεῖς
2539 4707 2635 4758 καὶ
2662 4705 2878 4776 ἀριθμῷ
2896 4704 3108 4776 ληπτοί.
3140 4703 3289 4773 Πλὴν
3312 4705 3463 4775 ὅμως
3492 4699 3636 4775 ἦσαν
3676 4705 3876 4777 ἀνδρες

2288 4794 2635 4865 ἀνακείμενοι
2666 4792 2745 4865 τῷ
2775 4793 2929 4864 Θεῷ·
2957 4794 3057 4864 οὐχ
3095 4794 3146 4846 oi
3180 4794 3467 4865 ,προφῆται
3500 4792 3683 4865 μόνον,
3727 4793 3873 4849 ἀλλά

2289 4886 2382 4938 καὶ
2409 4886 2583 4955 ἐτεροι
2612 4885 2814 4938 τούτων
2844 4884 3102 4955 ζηλωταὶ,
3122 4883 3557 4957 μαθητευόμενοι
3585 4888 3702 4949 τοῖς
3735 4902 3873 4959 προ-

2292 4976 2508 5045 φήταις,
2549 4974 2645 5027 καὶ
2682 4976 2807 5039 ταῖς
2858 4973 3226 5040 διδασκαλίαις
3262 4973 3443 5032 αὐτῶν
3496 4977 3870 5050 προσανέχονο

2288 5081 2397 5130 τες.

2365 5175 2384 5207 s
2416 5157 2531 5212 Οὐκ
2582 5158 2663 5218 εἰς
2708 5157 2801 5211 τὸν
2855 5156 3028 5212 αἰῶνα
3082 5157 3358 5230 ἐκδικήσω
3401 5159 3567 5231 ὑμᾶς,
3600 5159 3725 5213 οὐδὲ
3775 5160 3867 5217 διὰ

2292 5249 2488 5312 παντὸς
2514 5247 2906 5319 ὀργισθήσομαι
2958 5250 3106 5319 ὑμῖν.
3164 5250 3390 5321 Πνεῦμα
3413 5251 3522 5322 γὰρ
3550 5256 3679 5323 παρ’
3727 5253 3866 5324 ἐμοῦ

2291 5338 2652 5405 ἐξελεύσεται,
2677 5340 2768 5392 καὶ
2792 5340 2958 5411 πνοὴν
2987 5341 3168 5394 πᾶσαν
3204 5340 3315 5408 ἐγὼ
3339 5342 3590 5412 ἐποίησα.
3639 5361 3658 5394 ι
3692 5342 3865 5397 Miles

2290 5430 2400 5500 γάρ
2425 5447 2514 5501 μοι
2543 5429 2638 5483 τοῦ
2671 5430 2996 5500 πνεύματος,
3020 5432 3153 5502 ὅπερ
3206 5431 3266 5498 te
3308 5430 3443 5502 ἐμοῦ
3468 5432 3753 5503 προελθὸν,
3782 5436 3864 5499 εἰς

2295 5524 2436 5592 ὑμᾶς
2485 5521 2834 5592 κατῴκησεν·
2896 5522 3084 5594 ἐπειδὴ
3131 5523 3227 5576 καὶ
3283 5523 3513 5595 ποιητὴς
3577 5527 3863 5594 τυγχάνων

2298 5612 2478 5681 πάσης
2522 5614 2691 5682 πνοῆς
2740 5611 2838 5682 τῆς
2882 5611 3185 5683 δυναμένης
3234 5630 3302 5685 με
3345 5613 3535 5678 αἰνεῖν,
3590 5617 3734 5669 κατά
3780 5614 3863 5680 τὸ,

2303 5790 2391 5844 hic
2420 5804 2539 5843 csse
2576 5797 2783 5866 Videtur
2820 5805 2835 5866 ς
2875 5790 3220 5866 ιιίυιιοεῳιε
3265 5794 3355 5863 ιιιιὶ
3396 5803 3573 5850 tecum
3625 5793 3865 5851 fornica-

648 5866 886 5918 prctatur
919 5857 1193 5913 Eusebius.
1245 5861 1410 5912 Verus
1454 5867 1628 5913 tatncn
1658 5859 1831 5927 .ltujus
1874 5864 1970 5913 lUCl
2009 5874 2196 5915 sensus
2306 5871 2491 5915 rentur
2514 5860 2696 5927 procul
2724 5860 2988 5917 accivisti.
3012 5881 3031 5913 ι
