4058 6424
252 500 361 553 I77

1174 499 1672 556 COMMENTARIA
1715 499 1778 553 ΙΝ
1819 498 2333 556 ISAIAM.—-CAP.
2375 499 2549 554 LVIII.

3396 503 3501 554 478

256 637 276 669 ι
311 617 471 670 Πᾶσα
505 617 639 686 πνοὴ
676 615 943 670 αἱνεσάτω
968 616 1059 667 τὸν
1108 614 1331 684 Κύριον,
1376 636 1394 667 ι
1429 616 1522 669 καὶ
1560 622 1619 669 ἐν
1640 618 1708 686 τῇ
1741 632 1834 668 κο-

1946 635 1959 668 l
1984 615 2171 672 Omnis
2200 616 2424 685 spiritus
2452 617 2937 672 iaudetDmiinum
2955 612 3019 679 ¹⁶;
3059 604 3206 661 retin
3223 617 3500 670 creatione

250 709 521 780 σμοποιίᾳ
549 709 607 762 δὲ
638 708 1049 778 ἑμφυσήσαντος
1076 705 1171 758 τοῦ
1190 706 1325 759 Θεοῦ
1376 708 1593 776 ἐγένετο
1626 706 1833 779 ἀνθρω-

248 813 358 861 πος
390 801 469 863 είς
501 797 679 868 ψυχὴν
710 795 909 860 ζῶσαν.

328 905 351 939 ι
380 889 461 940 Δι’
492 886 764 957 ἁμαρτίαν
794 884 968 957 βραχύ
996 904 1048 939 τι
1074 886 1321 957 ἐλύπησα
1343 887 1526 952 αὐτὸν,
1562 887 1655 940 καὶ
1702 885 1835 938 ἐπά-

246 979 391 1046 ταξα
440 978 621 1042 αὑτὸν,
670 976 765 1029 καὶ
815 977 1135 1048 ἀπέστρεψα
1176 979 1239 1031 τὸ
1282 978 1571 1049 πρόσωπόν
1608 996 1708 1048 μου
1738 978 1833 1032 ἀπ’

245 1068 442 1133 αὑτοῦ,
469 1067 563 1121 καὶ
609 1067 872 1139 ἐλυπήθη,
915 1070 1009 1122 καὶ
1048 1068 1318 1141 ἐπορεύθη
1372 1069 1596 1137 στυγνὸς
1627 1072 1684 1123 ὲν
1715 1072 1836 1134 ταῖς

248 1161 397 1223 ὁδοῖς
427 1157 621 1213 αὑτοῦ.
646 1159 761 1221 Τάς
803 1159 955 1235 ὁδοὺς
997 1158 1163 1211 αὐτοῦ
1197 1158 1438 1231 ἑώρακα,
1474 1160 1570 1213 καὶ
1594 1160 1833 1231 ἰασάμην

245 1251 439 1319 αὐτὸν,
469 1249 566 1305 καὶ
607 1250 953 1321 παρεκάλεσα
981 1250 1159 1315 αὑτὸν,
1188 1250 1283 1305 καὶ
1336 1250 1511 1304 ἔδωκα
1541 1250 1691 1321 αὐτῷ
1728 1267 1834 1302 πα-

249 1343 522 1415 ράκλησιν
547 1342 827 1415 ἀληθινὴν,
852 1342 1076 1414 εἰρήνην
1102 1342 1189 1395 ἐπ’
1222 1343 1415 1415 εἰρήνῃ
1457 1344 1571 1405 τοῖς
1618 1341 1835 1412 μακράν

245 1436 351 1490 καὶ
372 1438 488 1500 τοῖς
515 1436 684 1504 ἐγγὺς
710 1430 848 1489 οὖσι.
880 1436 989 1489 Καὶ
1032 1430 1151 1488 εἷπε
1180 1434 1386 1506 Κύριος
1407 1451 1421 1465 ο
1463 1435 1707 1505 ’ἰάσομαι
1733 1435 1834 1488 αύ-

243 1525 402 1587 τούς.
433 1527 498 1579 Οί
522 1525 580 1579 δὲ
620 1525 795 1579 ἀδικοι
821 1524 1365 1596 κλυδωνισθήσονται,
1396 1526 1491 1579 καὶ
1520 1523 1836 1579 ἀναπαύσα-

248 1616 464 1671 σθαιοὺ
498 1615 837 1688 δυνήσονται.
875 1616 992 1671 Οὐκ
1020 1615 1133 1669 ἐστι
1169 1614 1376 1687 χαίρειν
1405 1618 1518 1679 τοῖς
1558 1615 1833 1680 ἀσεϐέσιν,

248 1706 412 1763 εἶπεν
441 1710 472 1762 ό
506 1707 658 1772 Θεός.
698 1726 717 1760 ι
752 1708 816 1760 Et
846 1708 942 1760 καὶ
974 1706 1112 1778 πρὸς
1145 1706 1352 1777 βραχύν
1371 1711 1504 1761 ’τινα
1533 1708 1725 1777 καιρὸν
1744 1707 1836 1762 διά

245 1816 407 1863 τινας
454 1799 515 1866 ἐξ
543 1797 893 1871 ἀνθρωπίνης
921 1795 1205 1859 ἀσθενείας
1229 1796 1617 1867 ἐπιγενομένας
1654 1797 1833 1868 ἀμαρ-

245 1893 377 1956 τίας
422 1890 670 1961 ἐλύπησα
717 1889 846 1951 τοὺς
875 1887 1265 1959 ἡμαρτηκότας
1304 1887 1399 1942 καὶ
1450 1887 1716 1952 ἐπάταξα,
1744 1881 1835 1943 οἷα

1933 708 2139 771 mundi,
2167 707 2475 765 insufllante
2503 710 2632 775 Deo,
2660 706 2835 762 factus
2852 715 2937 762 est
2977 708 3138 761 homo
3170 709 3226 761 in
3255 708 3494 764 animam

1930 799 2219 855 viventem.

2006 893 2170 948 Vsus.
2266 893 2450 949 17-21.
2526 912 2547 946 ι
2586 894 2812 957 Pmpter
2876 904 3158 961 peccatum
3225 893 3504 963 paululum

1933 987 2251 1042 contristavi
2280 1003 2428 1050 eum,
2454 997 2507 1041 et
2531 988 2773 1057 percussi
2806 1001 2963 1050 eum,
3012 996 3067 1041 et
3108 986 3280 1042 averti
3308 985 3505 1039 faciem

1935 1092 2110 1132 meam
2160 1080 2229 1135 ab
2278 1094 2366 1146 eo,
2420 1090 2477 1134 et
2528 1083 2881 1136 contristatus
2931 1087 3036 1145 est,
3094 1090 3149 1135 et
3210 1077 3507 1133 ambulavit

1937 1172 2110 1229 tristis
2145 1173 2196 1227 in
2227 1173 2330 1247 viis
2362 1174 2494 1228 suis.
2525 1172 2656 1230 Vias
2684 1172 2805 1244 ejus
2830 1174 2959 1240 vidi,
3011 1182 3067 1229 et
3113 1172 3299 1229 sanavi
3354 1184 3505 1236 eum,

1934 1273 1989 1319 et
2015 1265 2319 1321 consolatus
2345 1281 2462 1321 sum
2505 1280 2626 1321 eum
2654 1306 2670 1332 ,
2725 1276 2780 1320 et
2816 1265 2939 1321 dedi
2977 1265 3028 1321 ei
3078 1264 3507 1320 consolationem

1936 1372 2143 1424 veram,
2180 1373 2367 1427 pacem
2418 1373 2582 1428 super
2622 1373 2806 1427 pacem
2854 1359 2919 1413 iis
2964 1357 3058 1427 qui
3092 1356 3249 1428 longe
3314 1364 3368 1412 et
3412 1352 3508 1423 qui

1936 1462 2105 1519 prope
2126 1459 2273 1505 sunt.
2333 1448 2400 1504 Et
2453 1451 2592 1505 dixit
2624 1449 2882 1505 Dominus
2914 1469 2928 1506 :
2967 1448 3187 1506 Sanabo
3239 1463 3334 1505 eos
3365 1463 3379 1499 :
3411 1446 3506 1516 qui

1937 1551 2117 1596 autem
2166 1542 2334 1611 iniqui
2385 1552 2512 1599 sunt
2567 1542 2925 1607 fluctuabunt,
2981 1550 3038 1598 et
3090 1558 3197 1598 non
3252 1546 3511 1610 poterunt

1936 1633 2237 1701 quiescere.
2270 1634 2386 1690 Non
2432 1642 2517 1691 est
2567 1637 2819 1707 gaudium
2861 1635 3061 1706 impiis,
3097 1634 3233 1693 dixit
3282 1632 3445 1688 Deus.
3481 1648 3505 1684 ι
3554 1655 3564 1663 ~

1934 1722 2161 1780 Etiamsi
2191 1725 2259 1781 ad
2286 1726 2452 1783 breve
2483 1729 2749 1797 quoddam
2785 1736 3020 1797 tempus,
3053 1727 3125 1782 ob
3161 1724 3410 1796 quaedam
3442 1732 3511 1778 ex

1935 1814 2174 1875 humana
2236 1819 2554 1877 infirmitate
2610 1822 2854 1893 profecta
2904 1829 3170 1890 peccata,
3217 1824 3510 1889 peccantes

1935 1909 2155 1967 tristitia
2200 1910 2475 1968 aﬂ'ecerim
2497 1923 2553 1970 et
2580 1915 2937 1984 percusserim
2959 1954 2975 1976 .
3007 1913 3161 1982 quasi
3192 1920 3345 1979 pater
3372 1907 3514 1962 filios

248 1982 439 2054 πατὴρ
462 1982 611 2045 υἱοὺς
640 1979 929 2036 παιδεύωνο
970 1998 990 2032 ι
1032 1980 1127 2033 Ὃν
1150 1998 1171 2032 a
1202 1979 1311 2052 γὰρ
1345 1998 1365 2031 ι
1398 1980 1587 2051 ἀγαπᾷ
1621 1978 1843 2052 Κύριος,

1948 2005 2248 2075 corripiens
2275 2023 2292 2060 :
2318 2020 2466 2072 nam,
2502 2023 2522 2059 ι
2545 1978 2714 2073 Quem
2741 2004 2915 2076 diligit
2948 1978 3227 2067 Dominus.
3258 2001 3510 2070 castigat;

248 2072 504 2129 παιδεύει
524 2088 539 2103 ο
572 2074 829 2144 μαστιγοῖ
855 2071 912 2125 δὲ
936 2069 1117 2125 πάντα
1145 2070 1260 2125 υίδν
1292 2069 1352 2125 ὃν
1380 2071 1747 2143 παραδέχεται
1764 2086 1779 2101 ο
1814 2089 1833 2122 ι

247 2165 374 2221 ἀλλ’
407 2164 616 2237 ἐπειδὴ,
648 2162 1004 2235 συναίσθησιν
1026 2161 1281 2226 λαϐόντες
1300 2162 1398 2234 τῆς
1416 2163 1558 2234 ἐμῆς
1572 2161 1839 2228 παιδείας,

248 2255 566 2328 ἐλυπήθητε
593 2255 694 2328 τὴν
731 2255 871 2310 κατά
923 2253 1058 2309 Θεὸν
1104 2253 1302 2324 λύπην,
1357 2254 1450 2308 καὶ
1509 2254 1841 2327 ἐπορεύθητε

251 2349 481 2418 στυγνοὶ
511 2345 979 2419 μεταμεληθέντες
1004 2363 1015 2374 ο
1046 2344 1235 2399 τούτου
1261 2345 1443 2417 χάριν,
1473 2346 1570 2416 τὴν
1594 2347 1844 2416 ἐπιστρο-

248 2440 364 2512 φὴν
390 2440 488 2495 καὶ
512 2438 613 2511 τὴν
644 2440 929 2512 μετάνοιαν
945 2438 1098 2510 ὑμῶν
1127 2436 1463 2509 θεασάμενος
1489 2438 1583 2491 καὶ
1608 2436 1709 2501 τάς
1744 2453 1842 2508 με·

248 2526 327 2583 τά
354 2528 535 2583 ταῦτα
584 2526 834 2599 πράξεις,
869 2527 964 2581 καὶ
988 2524 1084 2581 τοῦ
1120 2525 1237 2597 βίου
1265 2526 1364 2591 τὰς
1393 2526 1569 2593 ὀδοὺς,
1603 2525 1842 2597 ἰασάμην

251 2618 409 2689 ὑμᾶς
460 2619 554 2673 καὶ
594 2617 945 2691 παρεκάλεσα
992 2619 1115 2682 δοὺς
1151 2618 1501 2690 παράκλησιν
1540 2618 1840 2690 ἀληθινήν·

250 2710 449 2765 πάντα
475 2708 585 2782 γάρ
618 2710 749 2782 παρ’
780 2708 916 2781 ἐμοῦ
947 2710 1027 2773 εις
1058 2710 1185 2773 τοὺς
1213 2710 1381 2781 ἐμοὺς
1408 2708 1643 2773 οἰκείους
1677 2723 1846 2781 χορη-

251 2800 506 2873 γούμενα
524 2800 757 2871 ἀληθινά
788 2800 1064 2872 τυγχάνει.
1111 2801 1310 2873 Διόπερ
1336 2804 1451 2864 τοῖς
1483 2802 1546 2854 ἐκ
1578 2801 1677 2871 τῆς
1704 2800 1844 2871 ἐμῆς

254 2891 509 2956 παιδείας
534 2890 946 2963 σωφρονισθεῖσι
978 2890 1323 2962 παράκλησιν
1348 2890 1605 2961 ἀληθινὴν
1637 2889 1843 2943 δέδωκα

254 2981 361 3038 καὶ
385 2980 689 3054 εἰρηνικὴν,
721 2980 819 3052 οὐχ
841 2979 1020 3051 ἁπλῆν
1050 2997 1170 3035 τινα
1198 2981 1293 3036 καὶ
1323 2979 1678 3053 πρόσκαιρον,
1709 2979 1846 3035 ἀλλά

256 3070 871 3141 πολυπλασιαζομένηνι
921 3069 998 3133 ὡς
1034 3070 1130 3123 καὶ
1166 3070 1275 3123 ἀπὸ
1321 3068 1430 3123 τῶν
1480 3070 1648 3138 ἐγγὺς
1701 3068 1844 3141 ἔχειν

257 3159 457 3233 αὐτὴν,
490 3161 586 3215 καὶ
634 3160 746 3215 ἀπὸ
774 3160 887 3216 τῶν
926 3159 1118 3232 πόρρω
1146 3161 1241 3213 καὶ
1275 3160 1491 3230 μακράν
1522 3161 1845 3232 ἀπῳκισμέ-

260 3266 401 3314 νοις.

1864 3325 1920 3383 α

767 3406 1160 3461 ΚΕΟΔΔΔΙΟΝ
1193 3404 1329 3461 NH‘.

339 3513 361 3547 σ
404 3495 733 3568 ’Δναϐόησον
760 3498 818 3551 ἐν
836 3496 1002 3569 ίσχύῒ,
1031 3480 1127 3551 καὶ
1163 3496 1237 3567 μὴ
1271 3496 1454 3569 φείσῃ,
1481 3496 1557 3561 ὡς
1581 3496 1840 3565 σάλπιγγι

261 3586 483 3658 ὕψωσαν
507 3586 607 3659 τὴν
640 3592 825 3659 φωνήν
865 3604 984 3654 σου,
1014 3587 1107 3641 καὶ
1127 3586 1449 3657 ἀνάγγειλον
1480 3587 1559 3659 τῷ
1584 3586 1701 3658 λαῷ
1740 3604 1841 3659 μου

261 3678 337 3733 τά
365 3679 741 3750 ἀμαρτήματα
760 3676 962 3744 αὐτῶν,
994 3679 1089 3733 καὶ
1107 3677 1186 3749 τῷ
1217 3679 1352 3749 οἴκῳ
1382 3677 1577 3732 Ἰακὼϐ
1604 3677 1702 3741 τάς
1728 3677 1846 3731 ἀνο-

268 3770 403 3843 μίας
427 3770 625 3825 αὐτῶν.
661 3790 680 3823 ι
714 3772 841 3835 Τοῖς
866 3770 966 3843 μὶν
994 3766 1090 3826 οὖν
1118 3770 1528 3841 εὐαγγελισταῖς
1550 3769 1645 3824 τοῦ
1671 3786 1847 3839 σωτη-

267 3863 390 3936 ρίου
417 3862 576 3932 λόγου
602 3862 692 3917 διὰ
713 3862 822 3919 τῶν
873 3863 1183 3937 ἔμπροσθεν
1226 3865 1471 3933 ἐλέγετο·
1510 3881 1529 3915 ι
1572 3857 1691 3917 Ἐπ’
1721 3862 1848 3933 ϐρος

266 3956 474 4028 ὑψηλὸν
520 3955 775 4027 ἀνάϐηθι,
829 3959 861 4011 ό
914 3955 1400 4027 εὐαγγελιζόμενος
1460 3955 1844 4029 Ἰερουσαλήμ.

268 4046 549 4118 ὐψὼσατε,
587 4046 663 4118 μὴ
700 4045 951 4116 φοϐεῖσθε
975 4064 989 4077 ·
1032 4067 1050 4099 ι
1085 4044 1318 4100 ἐνταῦθα
1351 4045 1408 4100 δέ
1462 4045 1563 4099 οὐκ
1609 4046 1698 4100 ἐπ’
1726 4044 1852 4111 ϐρος
1909 4096 1911 4100 .

268 4138 477 4211 ὑψηλὸν
504 4137 812 4194 ἀναϐαίνειν
842 4140 871 4193 ό
891 4140 1177 4211 προφήτης
1207 4136 1490 4193 κελεύεται
1511 4155 1526 4170 ο
1574 4137 1695 4193 οὐδὲ
1744 4136 1854 4209 γὰρ

266 4223 415 4301 ἦσαν
467 4229 527 4282 ἐν
572 4226 716 4298 ὕψει,
744 4222 826 4290 οἷς
856 4226 1027 4282 ταῦτα
1081 4229 1411 4299 προεφώνει·
1458 4226 1520 4281 τὸ
1564 4225 1852 4297 διαϐοῆσαι

273 4320 438 4394 μόνον
464 4322 523 4374 ἐν
553 4319 698 4391 ισχύῖ
729 4321 825 4374 καὶ
860 4318 935 4391 μὴ
967 4318 1278 4388 φείσασθαι,
1294 4313 1382 4373 οἷα
1406 4320 1486 4382 είς
1513 4311 1627 4371 ὦτα
1658 4316 1855 4385 κωφῶν

270 4412 539 4468 λαλοῦντα
563 4412 981 4484 προστάττεται,
1005 4411 1099 4465 καὶ
1129 4410 1285 4479 δίκην
1315 4410 1613 4479 σάλπιγγος
1643 4408 1856 4479 ὑψῶσαι

272 4506 380 4577 τὴν
413 4505 620 4575 φωνήν.
670 4502 915 4571 Σάλπιγξ
948 4501 1007 4557 δὲ
1048 4502 1285 4573 πολέμου
1337 4504 1602 4572 σημεῖον·
1652 4500 1735 4555 διὸ
1783 4502 1858 4564 ὡς

275 4595 417 4667 πρὸς
446 4594 702 4665 πολέμιον
731 4592 821 4646 τὸν
844 4591 1015 4663 ἀσεϐῆ
1037 4592 1133 4646 καὶ
1160 4592 1483 4663 ἁμαρτωλὸν
1505 4593 1572 4663 τῇ
1600 4590 1696 4662 βοῇ
1726 4590 1861 4660 χρή.

275 4685 475 4740 σασθαι
510 4684 743 4747 κελεύει,
775 4682 855 4747 ὡς
906 4683 974 4738 ἀν
1022 4684 1319 4754 καθάψοιτο
1348 4683 1449 4752 τῆς
1498 4682 1608 4736 τῶν
1645 4681 1861 4735 ἀκουόν-

273 4793 388 4830 των
412 4776 666 4842 διανοιας,
698 4776 794 4831 καὶ
822 4773 1058 4848 τρώσειν
1107 4774 1276 4847 αὐτὴν
1308 4774 1386 4846 τῷ
1418 4773 1856 4843 πληκτικωτάτῳ

272 4866 441 4938 λόγῳ.

350 4999 371 5033 ι
413 4978 547 5050 Ἐμέ
588 4979 799 5052 ἡμέραν
851 4977 911 5046 ἐξ
961 4975 1173 5049 ἡμέρας
1220 4974 1464 5047 ζητοῦσι,
1509 4975 1605 5029 καὶ
1649 4972 1853 5043 γνῶναί

278 5088 389 5144 μου
412 5070 517 5138 τάς
541 5070 694 5134 ὀδοὺς
725 5067 1072 5139 ἐπιθυμοῦσι,
1116 5067 1191 5131 ὼς
1221 5066 1347 5131 λαὸς
1378 5064 1723 5136 δικαιοσύνην
1768 5082 1860 5118 πε-

277 5162 546 5235 ποιηκὼς,
572 5162 668 5217 καὶ
698 5160 879 5234 κρίσιν
906 5157 1040 5213 Θεοῦ
1063 5158 1230 5214 αὐτοῦ
1266 5159 1340 5231 μὴ
1369 5156 1855 5226 ἐγκαταλελοιπώς.

277 5251 501 5308 Δίτοῦσί
550 5267 620 5323 με
664 5248 760 5304 νῦν
814 5248 993 5321 κρίσιν
1041 5248 1279 5313 δικαίαν,
1317 5248 1413 5302 καὶ
1462 5245 1700 5317 ἐγγίζειν
1742 5245 1863 5317 Θεῷ

277 5342 633 5414 ἐπιθυμοῦσι.
677 5360 697 5394 ι
724 5337 821 5405 Εἰς
848 5340 1173 5411 κατάκρισιν
1219 5339 1350 5394 λαὸν
1390 5339 1556 5393 αὐτοῦ
1577 5337 1860 5409 ὀνομάζων

278 5436 377 5490 τὸν
410 5431 755 5504 ἁμαρτωλὸν,
787 5430 848 5485 δν
876 5429 989 5501 ἐγὼ
1023 5430 1145 5502 μὲν,
1192 5430 1377 5503 φησιν,
1411 5428 1859 5500 είσεποιησάμην,

281 5526 381 5581 καὶ
405 5524 465 5580 δν
489 5523 803 5594 κατηξίωσα
832 5522 960 5576 λαὸν
986 5522 1116 5592 ἐμὸν
1145 5519 1505 5593 χρηματίζειν
1523 5538 1537 5551 ’
1567 5520 1617 5573 oi
1639 5519 1696 5573 δέ
1727 5518 1862 5589 ἐμά-

283 5632 485 5689 κρυνον
526 5614 752 5679 ἑαυτοὺς
780 5613 937 5684 ἐμοῦ,
970 5615 1092 5678 ταῖς
1117 5613 1325 5667 ἑαυτῶν
1359 5612 1566 5668 ἔκδοτοι
1594 5610 1869 5684 δεδομένοι

285 5707 530 5771 κακίαις.

366 5906 616 5960 “.i‘saint
670 5908 836 5969 CL,6.
919 5906 955 5935 υ
1007 5905 1161 5959 Hebr.
1220 5920 1313 5968 xu,
1347 5907 1398 5962 6.

1941 2096 2176 2173 ﬂagellat
2200 2108 2381 2154 autem
2410 2112 2627 2154 omnem
2663 2096 2831 2152 filium
2854 2144 2872 2172 ,
2890 2109 3053 2165 quem
3075 2094 3307 2168 suscipit
3330 2092 3392 2161 “;
3418 2111 3437 2145 ι
3458 2098 3515 2143 at

1942 2190 2068 2259 quia
2097 2190 2148 2246 in
2196 2189 2570 2262 castigationis
2617 2203 2752 2244 mea
2802 2202 3023 2243 sensum
3058 2185 3359 2249 venientes,
3412 2180 3512 2247 illi,

1942 2296 2062 2350 quas
2092 2282 2388 2338 secundum
2424 2280 2594 2337 Deum
2630 2288 2713 2335 est
2737 2319 2753 2343 ,
2788 2278 3024 2334 tristitiae
3070 2292 3168 2333 vos
3205 2273 3514 2337 dedidistis,

1942 2389 2008 2429 ac
2036 2374 2350 2441 paenitentia
2381 2372 2528 2428 ducti
2563 2386 2686 2427 eum
2714 2383 2951 2425 mcurore
2988 2365 3350 2431 ambulastis;
3385 2364 3511 2418 ideo

1944 2467 2353 2544 conversionem
2379 2474 2430 2521 el
2454 2466 2831 2535 patuitentiam
2864 2470 3098 2515 vestram
3147 2455 3515 2526 conspicatus,

1946 2574 2155 2615 necnon
2183 2557 2482 2629 posteriora
2511 2562 2663 2628 gesta
2714 2562 2892 2609 vestra
2928 2590 2944 2617 ,
2980 2557 3035 2606 et
3066 2548 3335 2604 vias'vita:
3378 2558 3518 2614 quas

1944 2653 2169 2716 iniistis,
2218 2666 2313 2706 vos
2349 2647 2535 2706 sanavi
2563 2656 2618 2702 et
2647 2643 2959 2702 consolatus
3006 2654 3123 2696 sum
3161 2650 3289 2692 vera
3332 2636 3519 2705 utique

1946 2742 2366 2801 consolatione:
2405 2738 2609 2797 etenim
2690 2733 2874 2791 omnia
2930 2748 2960 2788 a
3025 2745 3113 2786 me
3166 2720 3523 2785 familiaribus

1942 2850 2200 2892 concessa
2235 2832 2372 2888 meis
2392 2845 2522 2887 vera
2541 2836 2691 2886 sunt.
2716 2825 3087 2893 Quamobrem
3137 2820 3239 2886 iis,
3287 2817 3380 2889 qui
3423 2831 3524 2886 per

1944 2927 2355 2997 castigationem
2421 2937 2598 2979 meam
2650 2920 3037 2989 resipuerunt,
3094 2911 3524 2970 consolationem

1945 3016 2067 3074 dedi
2095 3030 2280 3071 veram
2298 3023 2354 3070 et
2378 3021 2628 3085 pacatam
2651 3051 2670 3078 ,
2698 3024 2804 3066 non
2833 3020 3014 3064 autem
3029 3006 3305 3077 vulgarem
3332 3017 3530 3074 quam-

1946 3108 2071 3163 dam
2109 3116 2164 3160 et
2192 3104 2604 3174 temporariam,
2645 3102 2739 3159 sed
2773 3097 3299 3157 abundantissimam
3324 3113 3340 3164 ;
3365 3096 3438 3149 ita
3468 3104 3528 3148 ut

1945 3212 2001 3258 et
2025 3218 2148 3259 cum
2179 3201 2425 3272 proxime
2452 3198 2666 3272 positis,
2699 3206 2755 3254 et
2783 3210 2908 3252 cum
2948 3190 3143 3265 procul
3175 3190 3404 3249 remotis
3436 3188 3531 3244 illa

1946 3294 2217 3353 fruantur.

2515 3383 2746 3442 CAPUT
2786 3383 2969 3443 LVIII.

2016 3480 2177 3537 νεεδ.
2222 3480 2275 3535 ι.
2316 3497 2336 3532 ι
2363 3476 2550 3535 Clama
2578 3492 2702 3533 cum
2729 3475 3070 3539 fortitudine,
3101 3485 3279 3543 neque
3308 3482 3535 3540 parcas,

1945 3574 2101 3644 quasi
2136 3574 2263 3627 tuba
2295 3570 2483 3627 attolle
2508 3584 2697 3625 vocem
2722 3578 2895 3635 tuam,
2921 3576 2978 3623 et
3009 3564 3281 3621 annuntia
3326 3559 3539 3631 populo

1944 3683 2066 3724 meo
2104 3674 2329 3737 peccata
2375 3678 2590 3729 eorum,
2634 3672 2692 3717 et
2745 3660 2931 3718 do‘mui
2989 3656 3159 3714 Iacob
3213 3655 3538 3726 iniquitates

1946 3773 2194 3815 eorum.»
2225 3756 2484 3828 Superius
2515 3755 2733 3825 quidem
2782 3751 3038 3808 salutaris
3075 3749 3225 3806 verbi
3268 3746 3538 3819 pradica-.

1949 3854 2159 3908 toribus
2180 3851 2496 3908 dicebatur:
2525 3867 2543 3899 ι
2570 3844 2749 3917 Super
2771 3853 3011 3900 montem
3040 3842 3311 3898 excelsum
3338 3852 3539 3894 ascen-.

1950 3946 2019 4004 de
2070 3946 2161 4016 qui
2206 3941 2546 4015 evangelizas
2584 3938 2935 3995 Jerusalem:
2973 3934 3211 3991 exaltate
3257 3941 3312 3988 et
3363 3930 3533 3985 nolite

1954 4038 2193 4093 timere:
2231 4054 2251 4088 ι
2294 4035 2383 4089 hic
2424 4047 2561 4089 vero
2600 4046 2709 4087 non
2761 4044 2924 4099 supra
2981 4040 3220 4082 montem
3254 4022 3533 4080 excelsum

1955 4131 2251 4187 ascendere
2271 4128 2492 4198 jubetur
2522 4123 2787 4196 propheta
2819 4140 2835 4177 :
2871 4132 3049 4191 neque
3087 4118 3234 4173 enim
3266 4116 3322 4171 in
3365 4128 3531 4170 cacu-

1957 4226 2103 4281 mine
2122 4222 2285 4293 positi
2308 4227 2466 4275 erant
2487 4219 2545 4283 ii,
2575 4215 2776 4287 quibus
2803 4208 3404 4282 .Mc'pmnuiiuabat:
3436 4205 3541 4262 sed

1957 4327 2165 4373 tantum
2193 4324 2253 4369 ut
2292 4327 2416 4368 cum
2444 4309 2767 4367 fortitudine
2796 4306 3030 4373 clamet,
3065 4311 3121 4361 et
3170 4317 3240 4359 ne
3296 4308 3532 4372 parcat,

1958 4418 2143 4479 utpote
2172 4407 2266 4477 qui
2299 4398 2367 4460 a'd
2392 4418 2554 4460 aures
2580 4402 2867 4458 surdorum
2893 4398 3165 4470 loquatur,
3197 4394 3534 4465 praecipitur,

1959 4510 2012 4557 et
2038 4511 2094 4555 ut
2123 4499 2299 4555 instar
2336 4497 2476 4551 tubae
2493 4494 2718 4550 extollat
2743 4507 2949 4547 vocem.
2976 4488 3127 4545 Tuba
3150 4503 3279 4543 vero
3300 4485 3538 4541 militare

1961 4594 2169 4662 signum
2225 4600 2311 4646 est
2342 4601 2548 4659 :quare
2600 4586 2861 4641 adversus
2897 4584 3124 4652 impium
3172 4589 3227 4636 et
3278 4587 3533 4650 peccato-

1893 4662 1936 4718 θ
1964 4699 2098 4747 rem,
2132 4691 2191 4737 ut
2214 4690 2403 4738 contra
2434 4679 2733 4745 inimicum,
2765 4677 3007 4731 clamore
3034 4672 3111 4728 uti
3140 4670 3315 4740 jubet,
3342 4668 3434 4738 qui
3468 4668 3534 4722 ad

1964 4774 2274 4829 auditorum
2319 4781 2555 4828 mentem
2598 4771 2893 4844 pertingat,
2945 4765 3231 4837 ipsamque
3289 4762 3342 4818 vi
3386 4763 3537 4817 vocis

1964 4867 2120 4923 feriat
2145 4876 2200 4923 et
2226 4866 2487 4921 vulneret.

2032 4961 2198 5018 Vatis.
2244 4960 2301 5014 2.
2359 4977 2379 5010 ι
2408 4958 2493 5013 Me
2524 4960 2592 5014 de
2614 4958 2701 5013 die
2727 4957 2783 5012 in
2809 4956 2950 5011 diem
2994 4960 3281 5023 quarunt.
3311 4958 3366 5006 et
3396 4948 3538 5003 scire

1961 5052 2080 5107 vias
2102 5067 2257 5108 meas
2281 5051 2526 5122 cupiunt,
2567 5059 2823 5120 tanquam
2863 5046 3115 5117 populus,
3146 5044 3237 5113 qui
3265 5040 3535 5114 justitiam

1965 5143 2176 5209 fecerit,
2205 5152 2261 5199 et
2282 5142 2545 5212 judicium
2573 5142 2665 5198 Dei
2692 5142 2774 5198 sui
2802 5156 2909 5197 non
2947 5136 3320 5208 dereliquerit.
3344 5134 3539 5188 Petunt

1963 5254 1993 5293 a
2025 5252 2114 5294 me
2143 5252 2287 5294 nunc
2312 5237 2570 5307 iudicium
2593 5234 2825 5305 justum,
2869 5242 2925 5289 et
2956 5232 3393 5302 apprOpinquare
3431 5227 3538 5281 De.)

1963 5329 2209 5398 cupiunt.
2244 5348 2265 5382 ι
2320 5327 2584 5400 Populum
2624 5343 2782 5385 suum
2827 5328 2896 5382 ad
2933 5325 3104 5396 ipsius
3129 5321 3539 5380 condemnatio-

1963 5436 2087 5478 nem
2157 5432 2498 5493 peccatorem
2555 5429 3066 5489 nuncupatzquem
3117 5430 3263 5487 ego,
3320 5413 3535 5483 inquit.

1964 5531 2141 5571 meum
2165 5515 2411 5586 ascripsi,
2440 5525 2494 5570 et
2529 5528 2693 5584 quem
2733 5512 2987 5584 populum
3010 5524 3205 5566 vorare
3230 5521 3407 5563 meum
3430 5521 3535 5558 nu.

1966 5609 2286 5677 dedignatus
2314 5622 2437 5663 sum
2470 5623 2486 5661 :
2518 5607 2596 5661 illi
2626 5620 2759 5661 vero
2788 5604 3008 5661 malitiae
3033 5617 3146 5659 suae
3180 5600 3386 5667 dediti,
3419 5601 3540 5657 st‘te

1966 5716 1997 5757 a
2027 5715 2112 5759 me
2133 5700 2323 5773 procul
2363 5708 2729 5757 removerunt.
