4058 6390
620 492 722 550 n9

1285 484 1553 542 EUSEBII
1588 483 2062 542 (λεδωιιιινδιε
2096 484 2156 542 01

2284 484 2462 542 PARS
2497 484 2583 540 lll.
2623 516 2694 527 —
2726 483 3135 542 EXEGETICA.

690 608 851 665 Vsus.
880 605 933 658 3.
974 624 995 657 ι
1023 604 1303 660 Dicentes:
1336 604 1513 672 Quare
1534 606 1933 675 jejunavimus,
1979 617 2034 663 et
2062 622 2156 662 nou

2344 625 2364 657 ι
2397 606 2677 676 Λέγοντες·
2712 607 2777 659 Τί
2817 607 2901 659 ὅτι
2943 604 3363 675 ὲνηστεύσαμεν,
3403 603 3498 657 καὶ
3528 604 3632 658 οὐκ
3664 599 3831 669 εἶδες;

621 698 835 753 vidisti?
859 695 1256 751 humiliavimus
1284 698 1491 752 animas
1511 706 1741 763 nostras,
1764 708 1817 753 et
1846 714 1951 754 non
1973 714 2173 767 cogno-

618 789 780 845 visti?
809 806 828 840 ο
862 786 1000 853 Quia
1041 787 1166 841 talia
1199 788 1537 855 impudenter
1561 788 1708 843 εσυ-ἰ
1742 790 1962 855 audent,
1982 806 2169 860 magna

620 890 697 943 tu,
722 880 791 932 mi
816 879 1097 947 propheta,
1123 891 1253 931 voce
1281 886 1455 941 utens,
1482 881 1747 946 responde
1772 881 1901 945 illis,
1935 893 1991 936 et
2014 897 2171 936 coar-

616 985 719 1039 gue
771 984 887 1034 eos,
921 970 1061 1039 quod
1109 967 1369 1037 judicium
1424 986 1599 1026 meum
1654 972 2066 1042 dereliquerint.
2115 982 2172 1027 et

616 1060 763 1128 quod
792 1062 969 1114 omnia
1020 1074 1141 1128 qua:
1182 1060 1483 1130 proferunt,
1534 1076 1643 1117 non
1702 1064 1914 1119 sincere
1963 1064 2166 1119 dicant.

622 1170 641 1202 ι
672 1152 726 1204 In
770 1152 956 1206 diebus
979 1152 1126 1206 enim
1161 1151 1490 1223 jejuniorum
1547 1162 1850 1208 vestrorum
1914 1155 2171 1210 invenitis

617 1244 921 1298 voluntates
953 1254 1184 1309 vestras,
1229 1254 1285 1300 et
1316 1260 1505 1301 omnes
1529 1245 1767 1301 subditos
1797 1256 2010 1303 vestros
2035 1244 2170 1300 allli-

616 1334 805 1402 gitis.»
849 1334 908 1389 Si
949 1350 1081 1405 ergo
1129 1336 1197 1391 de
1245 1336 1334 1390 tali
1380 1337 1587 1406 jejunio
1632 1336 1953 1407 gloriantur,
2014 1336 2169 1406 longe

616 1426 973 1492 praestabilius
1006 1428 1137 1496 ipsis
1167 1438 1304 1494 erat,
1336 1440 1395 1483 ut
1419 1428 1591 1498 epulis
1633 1438 1933 1493 vacarent,
1978 1438 2035 1484 et
2080 1442 2168 1482 res

614 1515 920 1585 hujusmodi
979 1534 1083 1573 non
1131 1520 1563 1594 aggrederentur.
1617 1518 1951 1589 Quapropter
2014 1516 2167 1571 initio

614 1608 905 1677 prophetia
928 1610 1128 1664 dictum
1152 1620 1236 1664 est
1265 1610 1370 1665 illis
1398 1630 1412 1665 :
1438 1628 1460 1664 ι
1492 1610 1763 1681 Jejunium
1813 1618 1869 1663 et
1908 1609 2167 1663 cessatio-

612 1712 735 1750 nem
763 1708 817 1752 et
836 1685 1202 1753 solemnitates
1236 1711 1445 1756 vestras
1471 1703 1583 1757 odit
1603 1702 1779 1755 anima
1817 1716 1954 1755 mea.
1982 1720 2000 1752 ι
2032 1698 2164 1753 Nam

606 1786 792 1853 jejuuii
823 1788 1009 1852 otium,
1042 1803 1146 1843 non
1172 1790 1225 1843 in
1258 1792 1589 1859 paenitentia:
1626 1792 1968 1847 occasionem
1998 1792 2164 1846 verti-

616 1878 683 1931 tis
707 1917 723 1939 ,
753 1879 847 1933 sed
882 1878 973 1933 illo
1003 1880 1071 1935 ad
1098 1882 1276 1937 debita
1304 1886 1569 1955 exigenda
1614 1894 1671 1939 et
1722 1884 2010 1954 repetenda
2058 1883 2164 1937 uti-

611 1982 764 2025 mtut.

678 2061 840 2117 Vsus.
899 2063 952 2118 4.
1002 2066 1104 2119 «δε
1142 2065 1209 2120 ad
1256 2065 1377 2121 lites
1426 2076 1481 2121 et
1517 2079 1722 2138 pugnas
1766 2067 2056 2137 jejunatis,
2109 2074 2164 2121 et

607 2155 797 2221 pugnis
828 2156 1109 2224 percutitis
1136 2157 1409 2222 humilem,
1430 2160 1495 2213 ad
1525 2160 1652 2228 quid
1684 2159 1814 2213 mihi
1836 2155 2155 2227 jejdnatis?»

613 2241 833 2299 Videtur
858 2247 974 2313 ipso
998 2261 1212 2317 quoque
1249 2251 1544 2318 prophetia:
1594 2261 1831 2320 tempore
1873 2250 1976 2304 tale
2006 2250 2163 2319 quid-

608 2335 752 2402 piam
814 2336 1014 2392 l'actum
1060 2353 1225 2395 esse:
1259 2343 1311 2396 id
1362 2343 1560 2413 quippe
1599 2359 1777 2399 sermo
1824 2343 2159 2397 subindicat:

613 2442 634 2475 ι
666 2425 732 2479 Ut
760 2426 919 2483 hodie
958 2431 1208 2485 audiatur
1235 2432 1288 2487 in
1317 2433 1552 2490 clamore
1585 2450 1687 2489 vox
1714 2447 1913 2489 vestra.
1948 2453 1969 2486 ι

679 2516 839 2573 Vsus.
896 2520 949 2573 5.
1003 2520 1161 2577 «Non
1216 2538 1317 2594 ego
1371 2525 1634 2593 jejunium
1702 2529 1844 2582 istud
1894 2529 2054 2598 elegi,
2111 2539 2165 2585 et

602 2607 765 2671 diem,
804 2617 863 2661 ut
915 2609 1162 2667 humiliet
1204 2615 1364 2670 homo
1408 2618 1645 2671 animam
1707 2634 1886 2674 suam.
1943 2620 2059 2675 Non
2117 2623 2161 2677 si

602 2695 972 2754 incurvaveris
1007 2704 1161 2775 quasi
1195 2706 1456 2761 circulum
1488 2710 1681 2764 collum
1731 2718 1904 2777 tuutn,
1953 2721 2009 2765 et
2054 2712 2165 2766 cili-

599 2787 744 2841 cium
778 2797 833 2843 et
871 2791 1108 2847 cinerem
1134 2796 1493 2853 substraveris
1523 2817 1537 2851 :
1570 2815 1744 2869 neque
1786 2802 1867 2856 sic
1898 2802 2162 2858 vocabitis

595 2876 857 2947 jejunium
909 2884 1258 2953 acceptabile.
1294 2907 1313 2939 ι
1360 2888 1513 2953 Quod
1551 2891 1596 2944 si
1619 2892 1743 2961 quis
1769 2891 1898 2944 velit
1931 2893 2147 2947 modum

599 2970 711 3023 veri
746 2971 983 3042 mihique
1014 2976 1228 3043 probati
1274 2979 1466 3048 jejunii
1515 2982 1778 3048 ediscere,
1826 2984 1941 3039 haec
2000 2996 2158 3055 agat:

596 3059 679 3115 Ad
704 3061 941 3118 laztitiam
972 3066 1175 3121 vultum
1209 3082 1519 3141 componat,
1552 3084 1606 3128 et
1634 3076 1754 3129 oleo
1795 3087 1956 3144 caput
2003 3076 2161 3129 iuun-

598 3164 730 3220 gens
752 3155 1049 3209 secundum
1084 3158 1322 3214 salutare
1356 3173 1703 3233 praeceptum,
1729 3165 1991 3233 jejunium
2022 3166 2157 3222 clam

596 3243 868 3308 observet,
898 3254 953 3300 et
978 3248 1077 3301 soli
1104 3247 1247 3304 Patri
1291 3254 1501 3308 occulta
1546 3256 1749 3312 videnti
1804 3258 2157 3313 humilitatem

2274 698 2717 768 ὲταπεινώσαμεν
2765 698 2866 761 τάς
2903 696 3079 767 ψυχάς
3110 697 3287 767 ήμῶν,
3312 695 3407 749 καὶ
3442 696 3543 750 οὐκ
3575 696 3774 765 ἐγνωςς
3806 712 3829 747 ε

2284 791 2505 862 Ἐπειδὴ
2550 790 2770 843 τοιαῦτα
2822 789 2999 858 λέγειν
3039 789 3269 853 ἀναιδῶς
3317 788 3579 859 τολμῶσι,
3626 788 3835 859 μεγάλῃ

2274 880 2370 952 βοῇ
2392 881 2731 951 χρησάμενος
2746 881 2811 933 σὺ
2827 880 2857 931 ὁ
2867 880 2999 948 ἐμὸς
3009 882 3313 950 προφήτης,
3328 880 3617 951 ἀπόκριναι
3630 879 3833 945 αὐτοῖς,

2270 972 2364 1024 καὶ
2387 972 2679 1040 ἀπέλεγχε,
2709 972 2855 1034 ὅπως
2882 969 3021 1041 ἐμὴν
3059 970 3240 1040 κρίσιν
3268 970 3709 1033 καταλελοίπαστ,
3741 968 3839 1021 καὶ

2271 1063 2429 1115 πάνθ’
2476 1063 2579 1116 ὅσα
2628 1066 2945 1133 φάσκουσιν,
2988 1063 3089 1116 οὐκ
3136 1061 3353 1132 ἀληθῶς
3382 1059 3834 1116 διαϐεϐαιοῦνται.

2276 1170 2296 1203 ι
2336 1153 2423 1204 Ἐν
2460 1152 2570 1223 γάρ
2608 1156 2726 1217 ταῖς
2756 1153 2991 1223 ἡμέραις
3038 1151 3147 1204 τῶν
3187 1151 3449 1222 νηστειῶν
3488 1151 3641 1223 ὑμῶν
3689 1149 3837 1223 εὑρι-

2274 1259 2431 1296 σκετε
2460 1243 2529 1296 τά
2563 1243 2845 1313 θελήματα
2877 1242 3051 1313 ὑμῶν,
3080 1244 3175 1295 καὶ
3203 1243 3413 1306 πάντας
3452 1244 3577 1305 τοὺς
3612 1243 3834 1313 ὑποχει-

2274 1333 2421 1404 ρίους
2446 1332 2599 1402 ὑμῶν
2622 1333 2972 1386 ὑτυονύοσετε.
2998 1352 3019 1384 ι
3045 1333 3109 1385 El
3126 1333 3305 1385 τοίνυν
3333 1332 3426 1385 ιπὶ
3467 1331 3693 1402 τοιαύτῃ
3746 1346 3837 1383 σευ

2273 1424 2561 1494 μνύνονται
2592 1426 2837 1496 νηστείᾳ,
2875 1426 3010 1478 πολὺ
3043 1427 3288 1495 κρεῖττον
3318 1419 3387 1495 ἦν
3432 1425 3613 1486 αὐτοῖς
3658 1426 3841 1493 τροφῇ

2272 1514 2573 1584 σχολάζειν,
2607 1515 2701 1568 καὶ
2734 1516 2808 1588 μὴ
2834 1514 3053 1568 τοιαῦτα
3103 1516 3323 1585 τολμᾷν.
3366 1515 3467 1568 Διά
3498 1514 3675 1568 ταῦτα
3703 1513 3837 1583 γοῦν

2268 1608 2388 1660 κατ’
2422 1606 2597 1678 ἀρχῆς
2642 1606 2742 1676 τῆς
2794 1607 3131 1677 προφητείας
3166 1607 3303 1677 πρὸς
3359 1607 3556 1669 αὐτοὺς
3586 1606 3834 1675 ἐλέγετο·

2272 1718 2291 1749 ι
2327 1699 2599 1767 Νηστείαν
2632 1698 2725 1751 καὶ
2763 1698 2981 1766 ἀργίαν,
3021 1699 3115 1751 καὶ
3138 1698 3240 1761 τὰς
3270 1697 3465 1768 ἑορτάς
3493 1696 3647 1767 ὑμῶν
3692 1697 3843 1767 μισεῖ

2274 1970 2382 2023 τῶν
2417 1970 2740 2038 ὀφειλόντων
2773 1969 3055 2041 είσπραξιν
3080 1968 3420 2024 ἀναλίσκετε.

2347 2080 2366 2112 ι
2396 2062 2457 2113 Εί
2484 2061 2563 2123 εἰς
2597 2062 2807 2131 κρίσεις
2836 2061 2929 2113 καὶ
2950 2060 3127 2131 μάχας
3153 2059 3460 2131 νηστεύετε,
3486 2061 3581 2113 καὶ
3607 2059 3844 2115 τύπτετε

2265 2154 2510 2221 πυγμαῖς
2550 2152 2825 2214 ταπεινὸν,
2880 2152 2965 2204 ῖνα
3000 2152 3053 2205 τί
3103 2170 3194 2223 μοι
3228 2153 3551 2223 νηστεύετε;
3594 2174 3615 2206 ι
3648 2155 3842 2210 Ἔοικα

2265 2247 2358 2300 καὶ
2386 2248 2506 2299 κατ’
2548 2245 2711 2299 αὑτὸν
2748 2246 2838 2298 τὸν
2881 2244 2983 2313 τῆς
3017 2246 3349 2316 προφητείας
3386 2246 3581 2316 καιρδν
3628 2246 3843 2301 τοιοῦτό

2264 2355 2315 2389 τι
2348 2336 2671 2405 γεγενῆσθαι
2692 2354 2706 2367 ·
2746 2336 2905 2389 τοῦτο
2934 2336 3042 2407 γὰρ
3070 2337 3362 2391 αἰνίττεται
3388 2339 3418 2390 ό
3450 2337 3608 2405 λόγος
3630 2355 3645 2368 ·
3688 2357 3708 2390 ι
3748 2337 3844 2403 Ὠς

2266 2427 2503 2497 σήμερον
2542 2425 2873 2494 ἀκουσθῆναι
2892 2427 2949 2477 ὲν
2976 2428 3190 2497 κραυγῇ
3220 2426 3318 2497 τὴν
3351 2426 3534 2497 φωνὴν
3555 2427 3732 2498 ὑμῶν.

2341 2536 2359 2567 ι
2388 2518 2462 2569 Οὐ
2494 2517 2697 2588 ταύτην
2718 2518 2815 2587 τὴν
2837 2518 3088 2587 νηστείαν
3121 2517 3469 2589 ἐξελεξάμην,
3500 2519 3595 2572 καὶ
3622 2518 3842 2590 ἡμέραν

2262 2608 2550 2661 ταπεινοῦν
2582 2609 2867 2680 ἄνθρωπον
2897 2608 2996 2679 τήν
3022 2609 3197 2680 ψυχὴν
3225 2609 3412 2663 αὑτοῦ.
3442 2610 3564 2663 Οὐδ’
3599 2610 3667 2663 ἂν
3688 2610 3840 2680 κάμ-

2261 2699 2369 2771 ψῃς
2417 2698 2493 2762 ὡς
2523 2699 2710 2770 κρίκον
2740 2700 2833 2752 τὸν
2864 2700 3132 2771 τράχηλόν
3172 2718 3288 2763 σου,
3344 2702 3438 2753 καὶ
3478 2702 3682 2755 σάκκον
3742 2705 3841 2757 καὶ

2264 2793 2455 2844 σπόδον
2513 2792 2860 2863 ὐποστρώσῃ,
2915 2793 3026 2846 οὐδ’
3069 2792 3212 2846 οὕτω
3258 2793 3518 2847 καλέσετε
3578 2795 3845 2864 νηστείαν

2259 2885 2472 2954 δεκτήν.
2516 2903 2535 2935 ι
2586 2884 2649 2936 El
2699 2884 2755 2937 δὲ
2796 2884 2861 2955 δή
2893 2884 3064 2938 ἐθέλοι
3116 2902 3201 2948 τις
3235 2884 3435 2956 τρόπον
3471 2885 3709 2956 ἀληθοῦς
3739 2887 3840 2941 καὶ

2260 2974 2383 3042 ἐμοὶ
2420 2973 2498 3043 τῷ
2540 2974 2659 3043 Θεῷ
2705 2974 2945 3044 ἀρεστῆς
2972 2964 3225 3045 νηστείας
3245 2975 3610 3040 διδάσκεσθαι,
3660 2977 3839 3031 ταῦτα

2261 3067 2544 3136 πραττέτω
2564 3084 2577 3096 ·
2617 3066 2845 3137 Φαιδρὺν
2895 3067 2957 3119 τὸ
3007 3066 3297 3137 πρόσωπον
3333 3069 3707 3136 καταστήσας,
3739 3071 3839 3123 καὶ

2258 3160 2356 3231 τὴν
2386 3160 2624 3231 κεφαλὴν
2674 3159 2899 3228 ἀλείψας
2931 3158 3094 3229 ἐλαίῳ
3118 3158 3261 3213 κατά
3300 3158 3400 3231 τὴν
3432 3162 3698 3230 σωτήριον
3730 3178 3839 3214 πα-

2263 3252 2599 3325 ρακέλευσιν,
2630 3252 2729 3319 τὴν
2759 3253 2857 3320 μὲν
2882 3250 3131 3322 νηστείαν
3163 3253 3223 3305 ὲν
3252 3250 3333 3322 τῷ
3363 3252 3586 3322 κρυπτῷ
3626 3250 3835 3319 φυλατ-

598 3334 790 3427 animm
812 3338 1057 3392 ostendat
1088 3356 1102 3393 :
1132 3341 1185 3395 in
1223 3342 1438 3411 publico
1467 3354 1649 3401 autem
1681 3350 1957 3417 operibus,
1990 3352 2156 3421 pieta-

2263 3341 2418 3405 τέτω,
2450 3341 2544 3394 καὶ
2569 3340 2647 3411 τῷ
2695 3342 2870 3412 Πατρὶ
2898 3339 2978 3411 τῷ
3029 3340 3278 3411 βλέποντι
3308 3340 3378 3396 τά
3421 3342 3640 3414 κρυπτά
3686 3342 3835 3414 μόνῳ

601 3426 668 3477 tis
726 3425 933 3482 fructus
979 3431 1285 3489 videntibus
1330 3437 1584 3494 omnibus
1648 3440 1945 3509 exhibeat,
1997 3457 2156 3498 omne

2263 3432 2358 3503 τὴν
2381 3433 2707 3485 ταπείνωσιν
2739 3433 2837 3501 τῆς
2858 3431 3037 3503 ψυχῆς
3070 3431 3332 3487 δεικνύτω
3355 3451 3370 3464 ·
3408 3436 3489 3497 είς
3531 3435 3589 3488 δὲ
3628 3434 3691 3488 τὺ
3728 3451 3836 3503 φα-

598 3519 871 3573 vinculum
901 3521 1201 3592 iniquitatis
1224 3527 1499 3586 solvendo.
1524 3531 1705 3596 Quare
1730 3532 1808 3586 ait
1839 3549 1855 3585 :

2262 3525 2417 3597 νερὸν
2443 3525 2511 3577 δι’
2536 3523 2711 3594 ἔργων
2736 3524 2864 3586 τοὺς
2891 3524 3139 3593 καρποὺς
3160 3524 3261 3596 τῆς
3290 3524 3432 3577 κατά
3468 3524 3645 3595 ψυχὴν
3672 3524 3838 3578 εὐλα-

599 3608 753 3673 σείας
777 3615 888 3676 τοῖς
912 3616 1077 3668 πᾶσιν
1109 3616 1275 3688 ὁρῶσι
1300 3620 1600 3692 παρεχέτω,
1639 3622 1726 3676 διὰ
1744 3624 1838 3677 τοῦ
1870 3625 2016 3679 λύειν
2044 3626 2223 3679 πάντα
2245 3620 2539 3688 σύνδεσμον
2562 3617 2794 3679 ἀδικίας·
2825 3616 2918 3668 Διό
2942 3632 3107 3686 φησιν
3124 3631 3138 3645 ⁸

668 3698 827 3753 Vsus.
862 3700 915 3755 6.
952 3721 971 3753 ι
999 3703 1114 3758 Non
1158 3706 1263 3761 tale
1302 3706 1563 3774 judicium
1594 3710 1753 3781 elegi,
1790 3713 1920 3767 dicit
1968 3715 2152 3769 Domi-

594 3806 697 3845 nus
733 3809 747 3845 :
782 3793 873 3845 sed
897 3794 1045 3849 solve
1072 3810 1283 3851 omnem
1312 3814 1506 3854 nexum
1539 3802 1875 3871 iniquitatis;
1920 3805 2154 3863 dissolve

592 3881 946 3949 obligationes
972 3887 1329 3944 violentarum
1352 3894 1695 3959 cautionum;
1721 3895 1930 3951 dimitte
1952 3897 2153 3955 fractos

592 3971 649 4025 in
694 3975 1091 4044 remissionem;
1138 3989 1194 4034 et
1233 3996 1447 4037 omnem
1502 3988 1865 4056 syngrapham
1910 3990 2147 4059 iniquam

593 4067 792 4129 lacera,
818 4084 836 4116 ι
882 4068 1080 4122 dictum
1108 4070 1237 4126 illud
1265 4072 1570 4131 Servatoris
1615 4092 1780 4147 Opere
1805 4081 2143 4149 (perliciens:

599 4174 617 4205 ι
651 4155 706 4209 Si
737 4155 897 4211 offers
927 4174 1118 4215 munus
1146 4170 1290 4215 tuum
1315 4166 1381 4217 ad
1403 4165 1599 4231 altare,
1653 4179 1709 4222 et
1735 4169 1809 4223 ibi
1835 4172 2148 4227 recordatus

595 4245 781 4310 fueris.
816 4250 937 4318 quia
968 4250 1134 4305 frater
1165 4262 1286 4308 tuus
1319 4256 1482 4311 habet
1522 4259 1722 4328 aliquid
1747 4262 2031 4318 adversum
2063 4272 2143 4329 te;

593 4340 836 4407 relinque
860 4341 929 4394 ibi
959 4357 1153 4397 munus
1192 4353 1374 4411 tuum,
1420 4359 1475 4401 et
1512 4354 1645 4401 vade
1679 4352 1850 4419 prius,
1900 4354 2138 4407 reconci-

590 4429 724 4485 liare
787 4432 939 4485 fratri
992 4443 1139 4489 tuo:
1192 4446 1247 4489 et
1312 4446 1440 4493 tunc
1490 4440 1717 4495 veniens
1769 4442 1901 4497 oll'er
1952 4459 2147 4498 munus

589 4532 738 4574 tuum
771 4524 835 4577 ".
865 4543 885 4576 ι

659 4610 826 4667 Vens.
877 4616 930 4670 7.
991 4635 1009 4668 t
1039 4616 1259 4690 Frange,
1296 4623 1561 4677 esurienti
1612 4638 1805 4691 panem
1863 4636 2043 4691 tuum,
2093 4635 2149 4682 et

586 4718 852 4773 pauperes
883 4715 1028 4761 tecto
1060 4722 1305 4766 carentes
1337 4713 1499 4767 induc
1530 4715 1581 4767 in
1624 4716 1838 4769 domum
1867 4726 2033 4771 tuam.
2091 4716 2147 4771 Si

587 4796 788 4848 videris
818 4799 1037 4864 nudum,
1073 4810 1211 4870 tege,
1240 4814 1295 4858 et
1331 4805 1658 4860 domesticos
1684 4806 1907 4861 seminis
1950 4808 2025 4861 tui
2082 4824 2148 4861 ne

584 4886 916 4954 despexeris.
950 4910 969 4942 ι
1006 4890 1122 4946 Non
1163 4894 1305 4947 enim
1328 4896 1523 4949 desunt
1576 4898 1716 4966 apud
1760 4897 2005 4953 homines
2054 4900 2145 4968 qui

583 4975 701 5029 cibo
734 4988 928 5043 egeant
964 5004 975 5035 :
1010 4990 1173 5050 atque
1218 4984 1297 5038 sic
1326 4984 1419 5038 tibi
1476 4986 1797 5040 abstinentia
1842 5003 1946 5041 non
1995 4989 2146 5043 lucro

581 5066 687 5119 erit
720 5086 733 5119 :
765 5070 857 5123 sed
890 5070 1004 5127 alio
1039 5075 1197 5127 modo
1221 5077 1455 5129 animam
1498 5087 1639 5131 tuam
1667 5079 1808 5145 ales,
1844 5095 1965 5133 cum
2004 5095 2146 5150 pane

587 5163 673 5210 tuo
705 5158 941 5226 indigum
981 5170 1035 5215 et
1082 5164 1187 5217 cibi
1224 5168 1448 5233 penuria
1480 5166 1811 5222 laborantem
1851 5171 2143 5225 recreabis.

656 5337 817 5392 Vsus.
850 5341 903 5403 8,
945 5340 998 5395 9.
1052 5358 1071 5392 ι
1100 5340 1250 5396 Tunc
1306 5352 1555 5412 erumpet
1595 5344 1915 5397 matutinum
1965 5345 2144 5399 lumen

585 5436 761 5493 tuum,
790 5439 844 5483 et
872 5434 1187 5487 sanationes
1228 5443 1330 5487 tuae
1376 5435 1485 5489 cito
1524 5434 1767 5489 orientur
1803 5450 1819 5487 :
1854 5446 1909 5489 et
1937 5435 2149 5505 pratibit

584 5528 709 5569 ante
753 5527 803 5571 te
832 5519 1045 5587 justitia
1075 5530 1186 5587 tua,
1234 5531 1289 5576 et
1317 5523 1491 5593 gloria
1544 5521 1641 5577 Dei
1672 5524 2029 5579 circumdabit
2072 5534 2141 5579 te.

585 5604 734 5659 Tunc
787 5610 1062 5676 clamabis,
1107 5619 1163 5667 et
1214 5611 1354 5668 Deus
1399 5616 1653 5672 exaudiet
1710 5625 1764 5671 te
1804 5634 1818 5669 :
1856 5617 2030 5673 adhuc
2094 5624 2149 5670 te

587 5693 842 5765 loquente
874 5701 1037 5763 dicet.
1071 5700 1211 5758 Ecce
1245 5705 1453 5761 adsum.
1482 5726 1500 5759 ν

666 5832 709 5862 ³⁸
740 5832 933 5902 Μιξιιιι.
976 5850 1027 5899 v,
1056 5835 1127 5891 ‘23

2347 3727 2365 3760 ι
2394 3706 2531 3776 Οὐχὶ
2570 3706 2824 3775 τοιαύτην
2862 3704 3115 3776 νηστείαν
3144 3703 3492 3775 ἐξελεξάμην,
3537 3703 3684 3772 λέγει
3717 3705 3842 3758 Κύ⁸

2265 3816 2414 3873 ριος·
2450 3798 2583 3851 ἀλλὰ
2633 3796 2726 3848 λύε
2776 3796 2953 3850 πάντα
3018 3794 3315 3865 σύνδεσμον
3364 3795 3605 3857 ἀδικίας·
3646 3795 3837 3851 διάλυε

2262 3889 2625 3960 πραγγαλιάς
2650 3887 2835 3958 βιαίων
2883 3885 3341 3955 συναλλαγμάτων
3363 3902 3377 3915 ·
3413 3884 3712 3938 ἀπόστελλε
3736 3902 3831 3939 τε-

2258 3977 2624 4048 θραυσμένους
2658 3980 2717 4029 ὲν
2743 3976 2963 4045 ἀφέσει·
3010 3976 3105 4028 καὶ
3149 3977 3329 4029 πᾶσαν
3360 3976 3682 4046 συγγραφὴν
3718 3975 3837 4031 ἀδι-

2256 4088 2350 4123 κον
2370 4070 2599 4122 διάσπα·
2635 4088 2655 4119 ι
2682 4068 2813 4122 αὐτὸ
2835 4068 2899 4139 δὴ
2929 4067 2990 4119 τὸ
3010 4067 3329 4137 λελεγμένον
3371 4067 3476 4120 ὑπὸ
3504 4066 3600 4120 τοῦ
3649 4068 3837 4140 Σωτῆ-

2261 4176 2351 4230 ρος
2403 4159 2549 4230 ἔργῳ
2582 4159 2826 4231 πληρῶν,
2866 4159 2949 4211 τό·
2989 4178 3008 4210 ι
3042 4160 3166 4213 Ἐἀν
3206 4160 3524 4232 προσφέρῃς
3550 4160 3614 4213 τὸ
3652 4159 3832 4231 δῶρόν

2257 4269 2373 4313 σου,
2402 4253 2561 4304 κάκεῖ
2584 4251 2845 4322 μνησθῇς,
2880 4251 2963 4303 ὅτι
3002 4250 3114 4321 εχει
3141 4254 3171 4304 ό
3202 4251 3427 4321 ἀδελφός
3455 4251 3549 4304 σού
3597 4269 3651 4303 τι
3685 4253 3840 4307 κατὰ

2259 4343 2391 4395 σοῦ·
2428 4344 2563 4411 άφες
2610 4345 2727 4396 ἐκεῖ
2752 4344 2814 4395 τὸ
2844 4343 3014 4413 δῶρόν
3045 4360 3160 4410 σου,
3210 4344 3305 4397 καί
3360 4343 3538 4411 ὕπαγε
3588 4344 3829 4416 πρῶτον,

2254 4434 2566 4505 διαλλάγηθι
2590 4435 2669 4505 τῷ
2692 4435 2904 4506 ἀδελφῷ
2926 4452 3017 4488 σου
3038 4453 3051 4466 ·
3083 4437 3178 4489 καὶ
3201 4436 3321 4488 τότε
3352 4436 3522 4490 ἐλθὼν
3550 4438 3833 4509 πρόσφερε

2256 4525 2317 4577 τὸ
2349 4525 2522 4597 δῶρόν
2548 4543 2662 4579 σου.
2694 4546 2713 4578 ι

2332 4634 2351 4665 ι
2382 4616 2687 4687 Διάθρυπτε
2720 4617 2977 4670 πεινῶντι
3000 4617 3093 4671 τὸν
3121 4616 3285 4690 ἄρτον
3314 4636 3428 4683 σου,
3450 4618 3545 4671 καὶ
3577 4618 3830 4690 πτώχοὺς

2257 4706 2518 4775 ἀστέγους
2556 4708 2742 4776 εἴσαγε
2764 4710 2844 4771 είς
2864 4708 2955 4761 τὸν
2973 4704 3122 4763 οἶκόν
3151 4725 3265 4760 σου.
3301 4709 3426 4762 Ἐάν
3454 4710 3570 4782 ἴδῃς
3601 4712 3828 4781 γυμνὸν,

2260 4798 2537 4866 περίὸαλε,
2570 4800 2664 4851 καὶ
2687 4799 2795 4851 ἀπὸ
2826 4800 2934 4852 τῶν
2973 4800 3189 4853 οίκείων
3225 4800 3321 4853 τοῦ
3370 4800 3684 4872 σπέρματός
3729 4816 3827 4853 σου

2258 4890 2354 4959 οὐχ
2376 4892 2656 4963 ὑπερόψει.
2695 4912 2715 4944 ι
2751 4892 2826 4945 Ού
2851 4891 2959 4963 γὰρ
3006 4892 3285 4945 λείπουσιν
3314 4894 3373 4944 ὲν
3420 4891 3727 4961 ἀνθρώποις
3770 4891 3825 4944 ol

2256 4985 2458 5055 τροφῆς
2482 4985 2679 5046 ἐνδεεῖς
2702 5001 2715 5013 ·
2752 4986 2845 5037 καὶ
2874 4983 3015 5037 οὕτω
3059 4984 3169 5056 γάρ
3210 5002 3291 5036 σοι
3334 4985 3557 5054 γένηται
3588 4985 3649 5036 οὑ
3686 4983 3827 5055 πρὸς

2255 5074 2476 5144 κέρδους
2521 5078 2554 5145 ή
2601 5075 2803 5139 ἀσιτία,
2834 5076 2947 5128 ἀλλ’
3004 5076 3174 5147 ἑτέρῳ
3213 5076 3400 5147 τρόπῳ
3426 5078 3680 5147 τραφήσῃ
3723 5075 3825 5147 τὴν

2252 5164 2427 5235 ψυχὴν
2453 5165 2532 5236 τῷ
2558 5165 2751 5218 σαυτοῦ
2794 5167 2943 5238 ἄρτῳ
2964 5167 3055 5220 τὸν
3086 5166 3239 5237 ἐνδεῆ
3270 5168 3362 5219 καὶ
3385 5166 3594 5237 τροφῆς
3632 5166 3822 5237 δεόμε-

2254 5274 2342 5310 νον
2369 5259 2769 5327 ἀνακτωμενος.

2326 5366 2344 5397 ι
2379 5348 2512 5399 Τότε
2544 5351 2838 5419 ῥαγήσεται
2857 5348 3106 5420 πρώῖμον
3136 5350 3196 5402 τὺ
3218 5348 3333 5417 φῶς
3362 5366 3477 5411 σου,
3513 5348 3605 5401 καὶ
3629 5346 3699 5399 τὰ
3737 5347 3819 5401 ἰά-

2256 5442 2402 5511 ματά
2437 5458 2530 5494 σου
2557 5444 2691 5512 ταχὺ
2721 5444 2968 5496 ἀνατελεῖ
2990 5460 3004 5474 ·
3034 5443 3129 5496 καὶ
3164 5442 3599 5513 προπορεύσεται
3618 5443 3819 5513 ἐμπρο-

2254 5532 2379 5586 σθέν
2422 5550 2517 5585 σου
2572 5535 2606 5604 ή
2650 5535 2960 5607 δικαιοσύνη
3011 5552 3126 5599 σου,
3173 5536 3267 5588 καὶ
3315 5537 3349 5605 ἡ
3394 5535 3520 5600 δόξα
3548 5534 3642 5587 τοῦ
3676 5534 3812 5588 Θεου

2254 5630 2562 5697 περιστελεῖ
2595 5644 2671 5680 σε.
2705 5629 2836 5681 Τότε
2870 5629 3063 5701 βοήσῃ,
3088 5630 3183 5681 καὶ
3216 5631 3245 5681 ὁ
3289 5628 3420 5689 Θεὸς
3439 5628 3813 5685 είσακούσετιε

2256 5733 2371 5769 σου·
2400 5719 2479 5773 ἔτι
2508 5718 2791 5784 λαλοῦντός
2823 5738 2915 5773 σου
2948 5722 3090 5792 ἐρεῖ·
3140 5720 3268 5774 Ἰδοὺ
3290 5720 3541 5790 πάρειμι.
3576 5738 3596 5771 ι
