4058 6406
287 363 381 425 131
1188 365 1688 424 GOIIIENTARIA
1724 367 1795 423 IN
1830 366 2086 424 ISAIAII.
2125 399 2196 410 —
2229 365 2384 425 CAP.
2422 366 2609 424 LVIII.
3420 369 3522 430 489

362 503 384 539 ι
422 483 769 559 Ἑάνάφέλῃς
796 486 906 541 ἀπὸ
933 487 1028 539 σοῦ
1055 485 1372 559 σύνδεσμον,
1387 488 1484 543 καὶ
1495 489 1838 560 χειροτονίαν,

2027 506 2046 541 s
2075 486 2134 544 Si
2161 487 2451 544 abstuleris
2478 501 2511 542 s
2532 496 2588 544 te
2614 500 2838 551 nexum,
2863 493 2921 548 et
2955 499 3215 542 manuum
3248 488 3528 545 extensio-

273 574 380 631 καὶ
404 577 556 649 ῥῆμα
603 575 939 648 γογγυσμοῦ.
975 595 996 628 ι
1032 578 1092 631 '0
1133 578 1244 650 γάρ
1262 578 1374 632 τῶν
1393 579 1531 634 ὅλων
1558 580 1693 646 Θεὸς
1724 582 1838 646 τοὺς

1951 592 2101 641 nem,
2129 584 2185 633 et
2224 577 2452 634 verbum
2482 576 2952 634 murmurationis.
2980 594 3002 629 ι
3054 574 3193 632 Nam
3241 581 3525 635 universo-

278 667 654 738 μνεύπορείν
681 666 888 737 τροφῆς
919 667 1014 720 καὶ
1056 667 1375 739 χρημάτων,
1403 668 1531 732 τοὺς
1561 669 1617 723 δὲ
1651 661 1838 735 δνδεετς

1951 680 2069 719 rum
2096 667 2260 731 Deus,
2290 667 2425 722 alios
2452 666 2671 737 quidem
2696 666 2833 722 cibis
2865 675 2922 722 et
2944 666 3194 737 pecuniis
3217 668 3524 738 opulentos,

275 755 375 810 καὶ
402 757 640 827 πένητας
663 755 1005 827 ὑπεστήσατο
1038 758 1119 820 εἰς
1165 757 1395 828 δοκιμὴν
1417 758 1724 831 ἑκατέρων·
1780 760 1838 814 Iv”

1949 757 2085 811 alios
2122 771 2249 812 vero
2274 772 2471 828 egenos
2500 766 2556 814 et
2604 771 2871 829 pauperes
2922 758 3239 824 constituit,
3269 759 3336 814 ad
3373 769 3526 814 utru-

273 847 330 899 οἰ
353 846 458 917 μὲν
483 845 656 916 ἔχοιεν
686 845 895 916 καρπὸν
925 846 1024 917 τῆς
1056 845 1262 899 ἑαυτῶν
1307 847 1568 917 εὐπορίας
1620 847 1709 902 διὰ
1748 849 1848 918 τῆς

273 939 359 999 εἰς
386 937 516 998 τοὺς
540 935 738 999 ἐνδεεῖς
769 936 1050 1007 παροχῖκ·
1101 939 1150 990 oi
1181 936 1238 990 δὲ
1282 937 1745 1010 ὲγγυμναζόμενοι
1777 942 1843 1011 τῇ

274 1025 440 1098 πενίᾳ
459 1025 588 1091 ,ἀντὶ
613 1025 967 1096 πολυκάρπου
993 1025 1178 1098 χώρας
1195 1026 1294 1099 τὴν
1326 1027 1436 1082 ἀπὸ
1458 1027 1567 1084 τῶν
1599 1029 1845 1100 εὐπόρων

269 1115 606 1172 διεποιοῦντο
641 1117 924 1189 χορηγίαν.

345 1314 368 1349 s
406 1297 517 1351 Καὶ
534 1296 642 1368 δῷς
667 1297 920 1351 πεινῶντι
955 1298 1047 1352 τὸν
1087 1300 1252 1372 ἄρτον
1289 1299 1354 1352 ἐκ
1380 1296 1562 1369 ψυχῆς
1605 1314 1719 1360 σου,
1747 1298 1842 1352 καὶ

267 1385 448 1458 ψυχὴν
482 1388 956 1458 τεταπεινωμένην
1001 1387 1314 1461 ὲμπλήσῃς·
1345 1388 1466 1441 τότε
1497 1387 1745 1442 ἀνατελεϊ
1783 1390 1842 1442 ὲν

263 1476 348 1548 τῷ
380 1479 565 1534 σκύτει
593 1477 789 1548 τδφῶς
813 1495 928 1540 σου.
953 1478 1049 1532 καὶ
1074 1478 1137 1532 τδ
1173 1479 1364 1543 σκότος
1396 1496 1488 1532 σου
1516 1479 1593 1543 ὼς
1627 1495 1840 1550 μεσημ-

263 1569 402 1641 ϐρία
457 1589 477 1620 ι
509 1569 762 1624 Μάλιστα
796 1569 1020 1640 μὲνγὰρ
1040 1569 1108 1624 τά
1138 1570 1331 1641 πρῶτα
1354 1573 1468 1635 τοῖς
1503 1572 1638 1624 πᾶσι
1658 1570 1839 1642 δεήσει

264 1661 544 1713 κοινιωετν
575 1657 852 1727 ἀφθόνως·
887 1660 957 1730 τά
978 1660 1036 1713 δὲ
1071 1658 1325 1730 ἐξαίρετα
1353 1662 1467 1723 τοῖς
1492 1660 1712 1723 οἰκείοις
1740 1660 1841 1730 τῆς

264 1749 504 1814 πίστεως
527 1750 841 1820 ἀπονέμειν.
859 1728 1029 1804 Τοῦτο
1061 1751 1169 1822 γὰρ
1197 1728 1347 1824 καὶὴ
1373 1750 1702 1823 ἀποστολική
1724 1728 1839 1805 διά-

1949 861 2178 916 rumque
2218 849 2628 916 probationem;
2685 857 2745 901 ut
2775 847 2831 902 bi
2863 847 3083 916 quidem
3116 863 3212 924 ex_
3238 848 3524 919 largitione

1945 936 2133 1003 egentis
2157 936 2400 1004 praebita,
2430 935 2719 1004 opulentiae
2749 950 2864 989 sua:
2893 937 3128 990 fructum
3153 937 3519 1006 perciperent,

1946 1023 2038 1078 alii
2083 1039 2213 1078 vero
2271 1026 2528 1095 pauperie
2581 1024 2829 1080 alllictati
2878 1034 2936 1080 et
2997 1027 3325 1090 exercitati,
3378 1027 3524 1081 clivi-

1944 1123 2058 1171 tum
2129 1115 2461 1185 largitione,
2533 1117 2688 1187 quasi
2769 1116 3109 1174 feracissimo
3169 1133 3304 1189 agro
3373 1118 3523 1173 frue-

1945 1214 2152 1262 rentur.

2013 1295 2181 1351 Vens.
2217 1294 2306 1350 lo.
2349 1314 2370 1349 ι
2388 1295 2456 1351 Ει
2485 1295 2703 1352 dederis
2728 1263 3001 1353 esurienti
3029 1312 3223 1368 panem
3243 1311 3308 1353 es
3337 1296 3520 1352 animo

1944 1395 2057 1449 tuo.
2089 1395 2147 1441 et
2175 1387 2413 1442 animam
2455 1387 2800 1442 bun’niliatam
2829 1389 3145 1459 impleveris
3170 1428 3186 1455 ,
3221 1399 3347 1445 tunc
3370 1390 3520 1445 orie-

1944 1489 2032 1532 tur
2059 1478 2113 1532 in
2139 1478 2381 1534 tenebris
2403 1479 2587 1534 lumen
2620 1486 2794 1545 tuum,
2837 1491 2895 1534 ct
2941 1481 3176 1535 tenebrte
3223 1489 3328 1535 tua
3356 1489 3522 1536 erunt

1940 1569 2089 1624 velut
2122 1571 2396 1625 meridies.
2426 1589 2447 1622 ι
2481 1568 2660 1624 Prima
2697 1585 2829 1625 sane
2854 1572 3108 1626 omnibus
3144 1572 3271 1626 sunt
3295 1571 3525 1641 largiter

1939 1661 2311 1715 distribuenda
2329 1678 2343 1726 ;
2363 1664 2634 1731 praecipua
2664 1675 2792 1716 vero
2811 1660 3127 1718 domesticis
3149 1661 3272 1718 Ildei
3296 1662 3517 1731 dispen-

1939 1753 2128 1807 sanda.
2164 1752 2398 1819 Idipsum
2447 1751 2592 1805 enim
2642 1751 2942 1820 apostolico
2981 1761 3250 1821 praecepto
3271 1750 3514 1822 iubetur,

263 1841 422 1908 ταξις
476 1840 938 1913 παρεκελεύσατο,
976 1820 1199 1911 φήσασα
1246 1820 1456 1906 δεξιοὺς
1510 1838 1650 1894 εἶναι
1689 1820 1838 1910 ’πρὸς

1941 1844 2147 1901 scilicet
2172 1841 2444 1899 oiliciosos
2471 1857 2592 1899 esse
2622 1858 2750 1914 erga
2770 1857 2983 1898 omnes.

261 1939 495 1996 πέλας.

328 2038 365 2072 's
398 2019 511 2075 Kal
533 2020 685 2075 ἔσται
705 2022 736 2074 ό
757 2020 891 2085 Θεός
924 2037 1018 2074 σου
1055 2019 1194 2092 μετά
1219 2018 1421 2088 σοῦ-διά
1453 2019 1689 2084 παντός·
1742 2020 1840 2074 καὶ

261 2111 628 2186 ἀμπλησθήσῃ
656 2111 906 2184 καθάπερ
943 2112 1198 2182 ἐπιθυμεῖ
1233 2113 1267 2182 ή
1307 2111 1454 2185 ψυχή
1485 2129 1601 2174 σου,
1640 2110 1735 2165 καὶ
1769 2111 1838 2165 τά

258 2202 401 2256 ὀστά
427 2217 522 2254 σου
551 2199 939 2272 πιανθήσεται·
977 2200 1074 2253 καὶ
1114 2199 1266 2254 ἔσται
1292 2198 1369 2264 ὡς
1397 2201 1572 2271 κῆπος
1599 2198 1835 2271 μεθύων,

258 2293 364 2365 καὶ
411 2293 490 2357 ὡς
533 2274 685 2364 ﬁniit
713 2292 780 2363 ἢν
824 2293 900 2362 μὴ
938 2292 1182 2377 ἐξέλιπεν
1230 2291 1394 2362 ὖδιιιρ-
1435 2311 1454 2343 ι
1492 2291 1702 2363 Δηλαδὴ
1739 2289 1838 2362 τῆς

256 2385 442 2457 ψυχῆς
475 2385 644 2457 αὐτῆς
695 2385 756 2436 αἰ
809 2382 1070 2454 δυνάμεις
1137 2381 1520 2453 πιανθήσονται
1575 2381 1682 2436 ὑπδ
1738 2384 1838 2453 τῆς

261 2474 647 2547 πνευματικῆς
689 2474 784 2528 καὶ
817 2473 1002 2528 ένθέου
1042 2476 1269 2546 τροφῆς.
1303 2473 1415 2528 Καὶ
1455 2473 1629 2545 κῆπος
1653 2472 1838 2528 ἀειθα-

183 2614 192 2623 ,
257 2562 362 2636 λης
389 2564 490 2628 τάς
519 2563 579 2632 δξ
622 2564 779 2633 ἁγίου
832 2562 1145 2635 Ππρματος
1184 2563 1547 2634 καρποφορῶν
1592 2563 1833 2632 φυτείας,

259 2654 361 2710 καὶ
390 2653 459 2708 τά
483 2653 653 2708 πάλαι
695 2653 754 2706 δὲ
778 2654 881 2724 τῆς
907 2652 1085 2724 ψυχῆς
1124 2651 1307 2724 ἔρημα
1346 2652 1834 2723 οἰκοδομηθήσεται

261 2748 325 2801 δν
359 2746 464 2810 σοὶ,
512 2746 608 2799 καὶ
633 2742 1158 2816 ἀναπληρωθήσεται
1211 2742 1301 2797 διά
1361 2741 1702 2814 μαθημάτων
1740 2743 1836 2796 καὶ

257 2837 436 2908 λόγων
463 2835 654 2890 θείων·
681 2835 758 2900 ὡς
783 2837 881 2890 καὶ
910 2834 1190 2906 οἰκοδόμον
1225 2851 1284 2887 σε
1323 2833 1577 2903 γενέσθαι
1618 2833 1832 2899 ἑαυτοῦ,

255 2926 630 2990 διδασκαλίαις
661 2925 865 2989 δνθέοις
890 2923 1272 2996 οἰκοδομοῦντα
1310 2925 1437 2988 τοὺς
1480 2926 1538 2979 ἰν
1567 2928 1634 2998 τῇ
1668 2925 1832 2979 αὐτοῦ

254 3019 470 3091 διανοίᾳ
491 3017 802 3090 λογισμούς.
844 3016 982 3087 Ἤδη
1005 3012 1063 3070 δὲ
1086 3016 1182 3070 καὶ
1225 3016 1479 3087 φραγμὸν
1522 3015 1834 3088 περισαλετς

2011 2016 2178 2072 Vens.
2213 2019 2302 2076 ll.
2356 2019 2462 2075 «Et
2493 2019 2600 2075 erit
2626 2019 2772 2077 Deus
2807 2031 2933 2078 tuus
2973 2031 3149 2077 tecum
3180 2036 3416 2094 semper,
3459 2033 3516 2079 et

1938 2107 2250 2177 impleberis
2272 2111 2411 2166 sicut
2449 2110 2722 2167 desiderat
2770 2113 2947 2168 anima
2985 2123 3073 2168 tua
3100 2153 3116 2179 ,
3156 2122 3213 2169 et
3259 2129 3385 2168 ossa
3425 2123 3516 2169 tua

1939 2199 2295 2269 pingueseent
2327 2209 2422 2255 :et
2450 2201 2559 2255 erit
2582 2202 2738 2271 quasi
2772 2201 2965 2260 hortus
3009 2206 3194 2260 ebrius
3215 2244 3231 2270 ,
3270 2215 3325 2260 et
3373 2206 3518 2261 sicut

1939 2287 2081 2353 fons,
2109 2291 2325 2345 cuinon
2360 2292 2546 2347 delicit
2573 2308 2738 2364 aqua.
2767 2312 2788 2348 ι
2828 2295 3091 2351 Videlicet
3113 2297 3282 2365 ipsius
3320 2298 3516 2352 anima

1937 2381 2173 2435 virtutes
2202 2382 2558 2454 pinguescent
2585 2399 2616 2438 a
2651 2385 2919 2454 spiritusli
2949 2396 3004 2441 et
3036 2387 3218 2442 divina
3242 2403 3388 2443 esca.
3445 2385 3516 2443 Et

1932 2464 2131 2526 'bortus
2155 2487 2371 2542 semper
2417 2475 2602 2530 virens
2625 2475 2756 2541 erit,
2789 2477 3044 2533 arborum
3078 2479 3251 2534 sancti
3276 2478 3516 2549 Spiritus

1938 2560 2206 2628 fructibus
2231 2574 2555 2632 exornatus,
2579 2575 2744 2637 atque
2775 2567 2864 2623 illa
2891 2570 3021 2624 olim
3059 2572 3256 2626 animae
3300 2573 3512 2627 deserta

1938 2651 1993 2705 in
2022 2661 2076 2726 te
2107 2653 2538 2723 aediﬁcabuntur,
2569 2669 2636 2710 ac
2653 2649 2944 2726 disciplina
2975 2657 3281 2728 divinisque
3303 2673 3514 2714 sermo-

1937 2740 2100 2797 nibus
2153 2742 2545 2814 replebuntur;
2596 2747 2670 2801 ita
2736 2744 2797 2801 u't
2860 2748 2977 2817 ipse
3037 2749 3114 2802 tui
3166 2757 3515 2804 constructor

1937 2833 2192 2893 exsistas.
2240 2834 2603 2905 cogitationes
2657 2836 2855 2892 mentis
2903 2847 3010 2892 tua
3038 2837 3221 2892 divina
3255 2838 3505 2893 doctrina

1937 2922 2302 2978 exazdilicans.
2355 2923 2436 2976 Aul
2465 2925 2581 2979 haec
2609 2934 2790 2980 autem
2841 2927 3076 2980 animam
3126 2935 3274 2981 tuam
3303 2943 3506 2996 propu-

1935 3013 2169 3079 gnaculo
2213 3014 2659 3080 circummunies,
2692 3016 2974 3085 ipsamque
3014 3026 3204 3070 contra
3253 3027 3514 3072 externos

256 3113 329 3182 τῇ
360 3109 560 3165 σαυτοῦ
585 3110 755 3183 ψυχῇ,
771 3108 1154 3182 περιφράττων
1167 3109 1337 3180 αὐτὴν
1357 3108 1714 3179 πανταχόθεν,
1737 3109 1833 3162 καὶ

1941 3102 2198 3158 tumultus
2244 3104 2484 3174 undique
2526 3107 2705 3174 sepies
2741 3113 2798 3160 et
2853 3105 3146 3160 custodies.
3194 3104 3330 3162 Ossa
3379 3121 3512 3161 vero

259 3199 692 3272 ἀσφαλιζόμενος
723 3201 831 3255 ἀπὺ
867 3200 976 3253 τῶν
1013 3197 1218 3263 ἰξωθεν
1261 3198 1528 3270 ὀχληρῶν.
1565 3199 1728 3252 ’οστᾶ
1777 3199 1835 3253 δὲ

1941 3194 2116 3263 populi
2140 3193 2346 3250 fuerint
2371 3196 2434 3263 ii,
2456 3197 2550 3266 qui
2571 3195 2713 3264 apud
2737 3196 2886 3251 illum
2913 3197 3187 3266 prc‘validi
3216 3211 3280 3253 ac
3299 3198 3508 3254 robusti

257 3292 357 3347 τοῦ
387 3292 519 3347 λαοῦ
547 3289 659 3346 εἷεν
686 3291 752 3346 ἀν
781 3292 834 3345 οἰ
856 3292 917 3345 εν
953 3290 1103 3363 αὑτῷ
1133 3291 1369 3356 δυνατοὶ,
1417 3290 1480 3344 τὸ
1515 3291 1624 3344 πᾶν
1676 3289 1834 3361 σῶμα

261 3382 752 3446 ὑποϐαστάζοντες.

339 3493 360 3525 s
389 3475 499 3528 Kal.
523 3471 1038 3545 οἰκοδομηθήσονταί
1062 3488 1155 3525 σου
1176 3473 1236 3526 αἰ
1256 3471 1453 3544 ἔρημοι
1475 3471 1703 3538 αἰώνιοι,
1738 3472 1834 3525 καὶ

255 3565 416 3620 ἕσται
441 3565 514 3620 τά
541 3565 769 3636 θεμέλιά
818 3582 913 3620 σου
967 3566 1161 3620 αίώνια
1195 3565 1399 3635 γενεῶν
1439 3568 1675 3636 γενεαῖς.
1722 3565 1834 3619 K'ai.

260 3656 513 3731 κληθήσῃ
535 3657 818 3728 οἰκοδόμος
868 3656 1158 3730 φραγμῶν,
1203 3657 1302 3711 καὶ
1349 3656 1450 3720 τάς
1491 3655 1712 3728 τρίϐους
1739 3671 1833 3708 σου

258 3748 366 3802 ἀνὰ
396 3748 559 3820 μέσον
587 3747 836 3811 παύσεις.
871 3767 891 3800 ι
918 3749 1213 3820 Φραγμοὺς
1237 3747 1294 3801 δὲ
1319 3747 1592 3819 οἰκοδομεῖ
1626 3749 1656 3802 ό
1680 3764 1837 3820 περι-

260 3838 516 3910 φράττων
558 3838 654 3892 καὶ⁵
703 3838 1081 3910 περιτειχίζων
1125 3829 1489 3901 διαλεκτικοῖς
1528 3839 1836 3906 ἀποδείξεσι

256 3927 332 3980 τά
355 3927 785 3998 ἐκκλησιαστικά
810 3927 1086 3998 δόγματα·
1125 3928 1156 3980 ό
1181 3928 1240 3981 δὲ
1270 3925 1342 3980 τά
1368 3927 1629 3982 δοκοῦντα
1658 3946 1836 4001 προσ-

262 4015 528 4088 κόμματα
579 4018 646 4069 ἐκ
688 4016 797 4070 τῶν
844 4014 1005 4069 θείων
1033 4014 1480 4086 ἀναγνωσμάτων
1531 4015 1837 4087 περιαιρῶν

261 4106 356 4162 8ιά
376 4106 471 4161 τοῦ
506 4109 822 4179 σαφηνίζειν
850 4107 920 4162 τά
945 4108 1233 4179 λεγόμενα,
1270 4099 1425 4172 οὗτός
1464 4107 1614 4160 ἔστιν
1652 4109 1682 4161 ό
1709 4108 1838 4170 τοὺς

260 4197 371 4252 ἀνά
392 4197 557 4268 μέσον
582 4198 692 4252 τῶν
721 4197 925 4268 τρίϐων
987 4198 1168 4262 λίθους
1215 4195 1537 4270 περιαιρῶν.
1588 4197 1700 4268 Τῆς
1727 4195 1839 4268 γάρ

260 4287 471 4358 πλάνης
502 4288 603 4352 τάς
629 4289 906 4359 ἀτραποὺς
928 4289 1308 4361 ἀτωφράττων,
1337 4291 1432 4344 καὶ
1461 4291 1559 4355 τάς
1585 4289 1838 4352 τοιαύτας

261 4380 624 4451 emume
637 4380 922 4446 διακοπὰς,
959 4381 1054 4436 καὶ
1075 4381 1338 4436 πάντοθεν
1366 4382 1559 4437 ἑαυτὸν
1587 4379 1838 4452 τειχίζων

1933 3298 2079 3350 sunt,
2115 3286 2192 3340 ita
2220 3297 2279 3340 ut
2305 3294 2476 3341 totum
2510 3302 2710 3356 corpus
2737 3296 3066 3344 sustentem.

2004 3462 2168 3520 Vns.
2202 3464 2292 3520 12.
2329 3481 2351 3517 ι
2380 3465 2451 3521 Ει
2486 3463 2898 3521 aediﬁca-buntur
2933 3466 3148 3520 deserta
3175 3475 3265 3519 tua
3310 3477 3506 3534 perpe-

1935 3561 2049 3619 tua,
2075 3563 2131 3611 et
2150 3565 2314 3611 erunt
2343 3556 2692 3613 fundamenta
2721 3566 2813 3612 tua
2841 3558 3168 3629 sempiterna
3204 3555 3258 3609 in
3280 3568 3512 3627 genera-

1934 3647 2112 3703 tiones
2135 3651 2569 3717 generationum.
2603 3649 2671 3704 Et
2694 3651 2974 3705 vocaberis
3004 3649 3304 3704 adiat-ator
3333 3661 3514 3703 mace-

1935 3736 2160 3802 riarum,
2187 3746 2245 3792 et
2273 3738 2496 3792 semitas
2525 3746 2665 3805 tuas,
2699 3752 2821 3807 qua
2862 3745 2990 3792 sunt
3035 3738 3088 3792 in
3128 3737 3326 3799 medio.
3359 3737 3514 3806 quie-

1935 3840 2089 3882 scere
2131 3825 2321 3882 lacles.
2345 3846 2366 3880 ι
2407 3825 2577 3897 Sepes
2607 3837 2786 3882 autem
2821 3829 3109 3892 construit,
3141 3828 3236 3898 qui
3261 3827 3517 3883 ecclesia-

1935 3917 2071 3972 stica
2090 3919 2342 3988 dogmata
2371 3916 2670 3972 dialecticis
2689 3917 3244 3976 demonstrationibtts
3278 3921 3513 3972 circum-

1935 4022 2151 4077 quaque
2183 4008 2357 4062 munit
2403 4017 2458 4061 et
2492 4005 2768 4072 defendit;
2827 4006 2918 4076 qu’i
2969 4021 3100 4061 vero
3140 4021 3228 4070 ea,
3283 4020 3403 4075 quae
3458 4006 3512 4060 in

1935 4099 2134 4154 divinis
2169 4098 2493 4154 lectionibus
2534 4096 2858 4153 olendicula
2887 4112 3011 4153 esse
3043 4097 3318 4162 videntur,
3369 4096 3512 4151 dicta

1936 4187 2259 4258 explicando
2295 4200 2561 4256 removet,
2612 4189 2659 4244 is
2715 4196 2800 4242 est
2849 4189 2940 4258 qui
2991 4189 3195 4258 lapides
3236 4188 3290 4242 in
3337 4186 3516 4245 medio

1937 4279 2253 4336 semitarum
2286 4280 2494 4350 positos
2518 4281 2795 4337 emolitur.
2845 4280 2986 4336 Nam
3013 4280 3140 4349 quia
3164 4277 3368 4333 erroris
3397 4277 3515 4332 τίει.

1938 4373 2201 4440 obstruit,
2227 4383 2283 4429 et
2310 4375 2578 4444 ejusmodi
2613 4375 2887 4433 clausqu
2917 4385 3122 4431 tutatur
3155 4389 3219 4429 ac
3247 4373 3512 4439 defendit,

264 4472 362 4526 τιιαὶ⁵
391 4473 790 4543 περιφράττων,
822 4472 1044 4537 εἰκότως
1086 4473 1367 4544 οἰκοδόμος
1405 4471 1676 4546 φραγμῶν
1730 4473 1838 4526 ὀνο-

1941 4481 2171 4535 seseque
2213 4468 2449 4538 undique
2481 4469 2656 4524 munit
2684 4478 2743 4525 et
2772 4469 2936 4539 scpit,
2987 4465 3287 4523 cdillcator
3328 4478 3512 4518 mace-

269 4560 522 4634 μάζεται.

345 4673 364 4706 ι
421 4654 547 4708 Ἐὰν
573 4654 919 4726 ἀποστρέψεις
946 4653 1038 4708 τὸν
1069 4654 1208 4707 πόδα
1244 4669 1338 4707 σου
1370 4653 1478 4708 ἀπὸ
1499 4653 1607 4706 τῶν
1628 4653 1838 4708 Σαϐϐά-

263 4763 398 4808 των,
421 4745 516 4799 τοῦ
548 4747 622 4817 μὴ
650 4748 822 4800 ποιεῖν
850 4747 920 4801 τά
941 4745 1222 4816 θελήματά
1247 4761 1340 4799 σου
1370 4747 1430 4800 ὲν
1454 4747 1522 4816 τῇ
1550 4744 1737 4816 ἡμέρᾳ
1766 4748 1832 4816 τῇ

267 4837 433 4907 ἁγίᾳ·
471 4836 564 4889 καὶ
611 4836 950 4900 καλέσειςτά
975 4836 1228 4891 Σάϐϐατα
1272 4836 1540 4907 τρυφερὰ,
1589 4836 1720 4905 ἅγια
1758 4835 1838 4906 τῷ

266 4927 417 4997 Θεῷ·
450 4927 549 4979 οὐκ
571 4926 724 4997 ἀρεῖς
753 4911 846 4978 τὸν
866 4927 997 4980 πόδα
1019 4944 1114 4981 σου
1140 4929 1227 4980 ἐπ’
1255 4926 1420 4998 ἔργῳ,
1436 4926 1557 4979 οὐδὲ
1587 4926 1840 4998 λαλήσεις

268 5017 428 5085 λόγον
450 5019 507 5069 ὲν
539 5018 675 5088 ὀργῇ
707 5018 773 5070 ὲκ
798 5018 893 5070 τοῦ
923 5019 1188 5088 στόματός
1222 5035 1337 5072 σου.
1373 5017 1484 5070 Καὶ
1522 5016 1618 5089 ἔσῃ
1649 5035 1840 5072 πεποι-

269 5106 380 5170 θὼς
426 5109 518 5160 ἐπὶ
561 5108 795 5180 Κύριον·
838 5108 934 5162 καὶ
962 5109 1278 5163 ἀναϐιϐάσει
1305 5126 1364 5163 σε
1403 5109 1496 5161 ἐπὶ
1542 5108 1612 5161 τὰ
1663 5108 1841 5177 ἀγαθά

268 5198 373 5266 τῆς
403 5195 528 5265 γῆς,
565 5198 657 5249 καὶ
679 5196 881 5267 ψωμιεῖ
909 5214 967 5250 σε
998 5198 1097 5269 τὴν
1121 5200 1480 5270 κληρονομίαν
1509 5197 1702 5251 Ἰακὼϐ
1744 5199 1839 5252 τοῦ

274 5288 481 5361 πατρός
509 5304 624 5342 σου.
658 5289 732 5343 Τὸ
752 5288 861 5360 γὰρ
889 5290 1062 5359 στόμα
1092 5289 1294 5362 Κυρίου
1323 5290 1551 5361 ἐλάλησε
1595 5288 1783 5344 ταῦτα.
1818 5308 1836 5340 ι

284 5379 609 5433 Ύποῆἀλλει
634 5379 677 5434 δ’
712 5382 741 5433 ό
790 5382 948 5450 λόγος
989 5380 1064 5452 μὴ
1120 5381 1399 5452 θελήματα
1454 5382 1732 5452 πράττειν,
1764 5381 1842 5445 ὡς

273 5470 498 5533 ἑαυτοὺς
545 5469 733 5541 μέθαις
799 5473 894 5525 καὶ
944 5472 1276 5543 κραιπάλαις
1333 5472 1718 5542 σχολάζοντας·
1783 5473 1842 5525 ὲν

277 5561 533 5632 ἁγιασμῷ
557 5562 613 5614 δὲ
634 5563 727 5615 καὶ
748 5563 1079 5635 καθαρότητι
1109 5551 1413 5632 διάγοντας,
1437 5564 1578 5616 οὕτω
1625 5563 1718 5615 καὶ
1744 5561 1842 5633 τὴν

276 5653 490 5724 ἡμέραν
520 5653 1077 5726 ἀγιάζειν,τρυφεράν
1103 5673 1162 5708 τε
1202 5655 1372 5723 αὐτὴν
1402 5655 1496 5707 καὶ
1525 5653 1729 5707 ἄλυπον
1756 5652 1845 5706 διὰ

275 5745 373 5814 τῖς
402 5745 459 5798 ὲν
488 5744 625 5814 αὐτῇ
644 5747 781 5798 κατὰ
807 5746 940 5801 θεὸν
964 5748 1383 5818 ἐπιτελουμένης
1415 5744 1842 5816 σχολῆς-φυλάτ-

1944 4560 2150 4614 riarum
2183 4560 2308 4626 jure
2332 4569 2583 4634 vocatur;

2020 4650 2183 4705 Vens.
2223 4651 2318 4718 15,
2360 4652 2452 4706 14.
2498 4669 2516 4702 ι
2543 4650 2600 4706 Si
2650 4653 2916 4706 averteris
2960 4665 2990 4705 a
3032 4647 3284 4704 Sabbatis
3325 4644 3515 4716 pellem

1945 4753 2122 4806 tuum,
2178 4755 2368 4799 utnon
2395 4747 2560 4801 facias
2586 4746 2890 4801 voluntates
2921 4755 3043 4800 tuas
3068 4743 3119 4796 in
3161 4741 3251 4797 die
3278 4747 3467 4793 sancta
3497 4751 3514 4790 :

1942 4844 1999 4889 et
2030 4835 2256 4890 vocabis
2280 4825 2520 4892 Sabba'ta
2547 4837 2802 4904 delicata,
2836 4843 3024 4892 sancta
3051 4835 3159 4890 Deo
3184 4851 3200 4899 ;
3233 4846 3339 4885 non
3367 4829 3516 4883 leva-

1945 4925 2030 4981 bis
2058 4927 2247 4994 pedem
2277 4937 2424 4983 tuum
2448 4930 2514 4983 ad
2535 4946 2690 5000 opus,
2723 4944 2897 5000 neque
2943 4927 3180 4998 loqueris
3208 4924 3430 4978 verbum
3461 4919 3518 4974 in

1948 5015 2029 5071 ira
2057 5017 2125 5072 de
2151 5033 2248 5073 ore
2279 5029 2388 5074 tuo.
2424 5019 2486 5074 Et
2514 5023 2622 5074 eris
2652 5020 2897 5074 ﬁduciam
2928 5018 3131 5073 habens
3155 5015 3207 5069 in
3241 5012 3469 5068 Domino
3498 5024 3516 5061 :

1947 5119 2004 5164 et
2023 5111 2215 5164 evebet
2243 5121 2295 5164 te
2325 5111 2390 5164 ad
2423 5112 2561 5165 bona
2591 5122 2770 5173 terrm,
2801 5121 2855 5164 ct
2879 5109 3081 5164 cibabit
3115 5119 3165 5161 tc
3202 5103 3520 5159 haereditate

1942 5200 2111 5256 Jacob
2135 5203 2307 5271 patris
2341 5205 2437 5258 tui.
2467 5204 2541 5259 Os
2558 5207 2702 5259 enim
2735 5204 2944 5258 Domini
2981 5202 3217 5255 locutum
3241 5195 3511 5252 ρδιιιωυ..

1946 5289 2043 5346 [lis
2100 5292 2476 5346 subintlicatur
2533 5310 2636 5347 non
2692 5308 2789 5363 pro
2843 5293 3010 5346 Iubito
3053 5289 3292 5359 singulos
3353 5298 3518 5353 agere

1949 5382 2146 5436 debere
2167 5420 2184 5445 ,
2216 5381 2289 5435 ita
2325 5392 2383 5436 ut
2412 5384 2664 5438 ebrietati
2697 5394 2749 5437 et
2776 5383 3012 5452 crapula:
3040 5381 3358 5449 indulgeant
3383 5393 3396 5439 ;
3424 5377 3518 5428 sed

1950 5475 2004 5528 in
2028 5475 2319 5530 sanctitate
2341 5484 2391 5530 ct
2415 5475 2652 5545 puritate
2694 5476 2994 5543 degentium
3029 5487 3152 5526 esse
3180 5509 3196 5533 ,
3242 5479 3400 5536 atque
3447 5466 3517 5516 ila

1953 5567 2094 5623 diem
2121 5577 2311 5621 sancte
2346 5567 2722 5622 celebrandam
2769 5576 3021 5636 oportere
3053 5584 3067 5618 :
3106 5566 3388 5634 ipsamque
3421 5563 3514 5616 lte-

1953 5664 2061 5710 tam
2099 5671 2162 5712 ac
2196 5657 2314 5712 sine
2347 5657 2562 5711 tristitia
2583 5698 2606 5722 ,
2638 5657 2706 5712 ob
2737 5659 2906 5712 otium
2934 5657 3059 5710 illud
3092 5656 3199 5710 Duo
3238 5669 3520 5710 consecra-

1953 5757 2061 5803 tum
2118 5748 2416 5811 custodire,
2470 5763 2645 5816 neque
2669 5749 2750 5803 vel
2782 5745 3042 5802 tantillum
3078 5751 3269 5814 prdem
3304 5759 3523 5800 movere
