4058 6396
608 364 713 418 ηδ

1272 360 1534 417 EUSEBII
1570 358 2041 415 CESARIENSlS
2078 356 2225 413 OPP.
2267 357 2445 413 PARS
2484 358 2572 412 Ill.
2613 390 2681 400 —
2718 357 3122 414 EXEGETICA.

3706 361 3812 413 484

609 486 674 536 ait
702 483 805 536 alia
836 496 1017 548 opera,
1050 496 1223 551 neque
1250 481 1337 536 'vel
1382 483 1702 535 verbotenus
1744 480 1875 532 labia
1920 480 2148 544 imitare;

2254 494 2385 536 τειν.
2418 477 2549 547 μηδὲ
2581 480 2737 547 μέχρι
2770 478 2860 532 τοῦ
2885 480 3133 548 τυχόντος
3159 477 3406 531 κινοῦντα
3434 478 3526 531 τὸν
3560 478 3697 531 πόδα
3725 480 3820 531 ἐπὶ

608 572 702 625 sed
731 572 826 625 soli
852 573 1151 625 divinarum
1182 586 1355 625 rerum
1382 572 1495 625 otio
1521 580 1630 623 tota
1657 570 1743 623 die
1770 583 1984 623 vacare.

2253 568 2513 637 πράξεσιν
2562 569 2796 640 ἑτέραις,
2851 569 2984 639 μηδὲ
3037 570 3198 639 μέχρι
3225 570 3383 636 λόγου
3418 568 3692 639 ⁴μολύνειν
3751 568 3821 621 τά

609 662 756 735 χε-Ῑλη
779 682 792 694 ·
828 663 964 737 μόνῃ
988 662 1045 715 δὲ
1082 664 1147 732 τῇ
1173 661 1329 731 σχολῇ
1361 660 1468 713 τῶν
1491 661 1646 713 θείων
1668 660 1755 713 διὰ
1780 660 1958 728 πάσης
1988 659 2338 731 προσανέχειν
2362 658 2459 726 τῆς
2487 659 2713 728 ἡμέρας.

1174 791 1398 849 CAPUT
1426 792 1561 847 LIX.

676 890 839 945 Vsus.
876 891 925 945 ί.
956 906 976 938 σ
1013 888 1199 939 Annon
1228 893 1405 950 potest
1429 900 1621 939 manus
1649 883 1857 937 Domini
1886 883 2096 937 salvare
2130 883 2153 935 ἲ

609 980 689 1031 An
718 985 1003 1046 aggravata
1037 980 1120 1027 est
1149 973 1294 1025 auris
1325 971 1439 1039 ejus
1463 1010 1478 1034 ,
1529 982 1587 1025 ut
1622 986 1725 1025 non
1758 971 2010 1025 exaudiat
2043 972 2066 1025 ?
2127 990 2145 1023 ι

610 1069 894 1136 Postquam
925 1066 976 1119 in
1004 1064 1428 1134 praecedentibus
1470 1077 1589 1129 quat-
1631 1077 1659 1115 a
1706 1060 1931 1115 Judaico
1959 1060 2152 1130 p0pulo

611 1159 811 1229 agenda
841 1164 1035 1219 erant,
1074 1153 1442 1222 praescripsit,
1477 1162 1636 1221 atque
1684 1153 1751 1207 iis
1801 1154 1891 1221 qui
1948 1152 2150 1222 agenda

606 1249 931 1317 perfecerint
959 1289 974 1313 ,
1006 1256 1361 1315 congruentes
1389 1245 1799 1311 pollicitationes
1829 1243 2055 1307 obtulit,
2090 1257 2153 1296 ac

606 1342 877 1393 contraria
913 1337 1266 1405 deligentibus
1295 1334 1587 1402 promerita
1617 1333 1877 1402 supplicia
1928 1335 2151 1387 commi-

608 1441 767 1483 natus
794 1438 909 1492 est;
938 1430 1047 1497 jam
1074 1428 1155 1481 bis
1190 1425 1366 1479 verbis
1395 1426 1538 1492 ipsos
1568 1426 1824 1492 coarguit,
1853 1434 2039 1494 utpote
2058 1427 2147 1493 qui

605 1518 780 1586 aliqua
820 1517 909 1569 Dei
956 1514 1212 1568 voluntati
1247 1514 1516 1567 contraria
1562 1513 1902 1583 delegerint:
1945 1531 2047 1581 qua
2080 1515 2146 1567 de

608 1622 767 1659 causa
813 1608 863 1659 in
910 1606 1243 1658 calamitates
1286 1602 1488 1669 delapsi
1538 1612 1680 1657 sunt.
1732 1604 1819 1656 Ait
1847 1619 1975 1672 ergo
2008 1604 2146 1658 illis:

606 1696 953 1764 Nequaquam
1004 1695 1131 1747 mihi
1178 1694 1284 1747 Deo
1336 1693 1664 1759 impossibile
1706 1704 1817 1747 erat
1852 1709 1945 1747 vos
1988 1694 2148 1747 etiam

2754 787 3147 842 ΚΕΦΔΛΔΙΟΝ
3174 789 3299 845 ΝΘἏ

2328 896 2346 927 ι
2380 878 2470 946 Μὴ
2520 878 2619 930 οὐκ
2673 879 2844 947 ἰσχύει
2878 881 2908 949 ὴ
2957 880 3076 949 χεὶρ
3128 878 3333 946 Κυρίου
3369 877 3463 929 τοῦ
3505 877 3710 939 σῶσαι;
3750 874 3819 928 Ἣ

2253 966 2479 1037 ὲόάρυνε
2505 966 2565 1018 τὸ
2588 961 2679 1029 οὖς
2702 967 2865 1020 αὑτοῦ
2891 967 2983 1020 τοῦ
3010 968 3081 1038 μὴ
3113 966 3461 1030 είσακοῦσαι;
3505 986 3524 1017 ι
3567 967 3653 1029 Ὠς
3680 964 3821 1035 πρὸς

2252 1058 2343 1110 τὸν
2381 1058 2488 1111 τῶν
2533 1058 2795 1111 Ἰουδαίων
2841 1059 2967 1111 λαὸν
3015 1058 3446 1128 διαστειλάμενος
3488 1061 3518 1111 ό
3562 1057 3721 1125 λόγος
3760 1057 3821 1107 ὲν

2253 1152 2364 1210 τοῖς
2396 1151 2499 1219 πρὸ
2520 1149 2706 1201 τούτου
2741 1148 2809 1201 τὰ
2850 1149 3117 1220 πρακτέα,
3148 1149 3241 1202 καὶ
3268 1151 3383 1211 τοῖς
3416 1149 3513 1217 μὲν
3562 1148 3632 1199 τὰ
3674 1165 3819 1218 πρα-

2257 1238 2387 1291 κτέα
2414 1238 2480 1290 δι’
2510 1237 2683 1308 ἔργων
2726 1239 3065 1293 ὲπιτελέσασι
3098 1238 3195 1301 τάς
3227 1237 3538 1308 πρεπούσας
3577 1238 3819 1305 ἐπαγγε-

2253 1326 2373 1391 λίας
2404 1329 2687 1399 παραθεὶς,
2715 1331 2826 1391 τοῖς
2848 1329 2903 1382 δὲ
2925 1329 3178 1383 τάναντία
3201 1328 3471 1398 ἑλομένοις
3492 1327 3591 1389 τὰς
3620 1328 3825 1380 καταλο-

2254 1416 2445 1485 λήλους
2480 1417 2778 1486 ἀπειλήσας
2823 1416 3120 1487 τιμωρίας·
3156 1416 3245 1469 διά
3289 1415 3397 1467 τῶν
3440 1414 3821 1485 προκειμένων

2255 1508 2470 1575 ἔλεγχον
2496 1507 2677 1567 αὐτοῖς
2707 1506 3024 1575 προσφέρει,
3060 1504 3135 1567 ὥς
3154 1521 3274 1556 τινα
3305 1502 3520 1556 ἐναντία
3544 1502 3822 1571 ἑλομένοις

2254 1598 2321 1664 τῇ
2349 1594 2443 1646 τοῦ
2479 1592 2613 1647 Θεοῦ
2668 1594 2829 1663 βουλῇ
2851 1609 2864 1619 ·
2902 1586 2963 1645 οὗ
2995 1592 3152 1662 χάριν
3176 1593 3271 1644 καὶ
3303 1594 3414 1653 τοῖς
3438 1592 3628 1652 κακοῖς
3666 1606 3823 1660 περι-

2257 1686 2596 1739 πεπτώκασι.
2624 1686 2789 1755 Φησὶν
2834 1678 2926 1737 οὖν
2964 1682 3099 1752 πρὸς
3131 1680 3351 1743 αὐτούς·
3388 1681 3499 1732 Οὐκ
3524 1676 3591 1750 ἦν
3621 1678 3821 1733 ἀδύνα-

606 1786 840 1854 perditos
870 1794 1173 1837 restaurare
1199 1823 1213 1846 ,
1239 1797 1415 1837 neque
1446 1782 1654 1836 inﬁrma
1684 1793 1768 1836 est
1800 1798 1989 1836 manus
2016 1798 2148 1843 mea,

2255 1795 2343 1829 τον
2373 1778 2494 1847 ἐμοὶ
2525 1776 2600 1846 τῷ
2642 1776 2779 1845 Θεῷ,
2811 1778 2905 1828 καὶ
2949 1772 3349 1842 ἀπολλυμένους
3388 1772 3530 1841 ὑμᾶς
3580 1772 3823 1841 ἀνακτή-

606 1888 663 1930 υι
694 1891 806 1938 vos,
836 1876 1077 1944 indignos
1108 1874 1250 1939 licet,
1283 1890 1498 1928 servare
1532 1889 1823 1943 nequeam;
1858 1874 2002 1925 auris
2029 1887 2153 1926 vero

607 1948 744 2027 mea,
770 1981 888 2034 quae
912 1966 1088 2019 omnia
1116 1965 1301 2027 audit,
1332 1979 1435 2017 non
1468 1964 1540 2018 ita
1582 1971 1871 2033 aggravata
1906 1971 2018 2016 erat
2043 2002 2058 2025 ,
2095 1972 2154 2015 ut

607 2068 709 2105 non
744 2066 953 2121 possem
985 2067 1077 2105 vos
1105 2051 1400 2105 clamantes
1425 2052 1703 2105 exaudire.

671 2247 833 2302 Vens.
869 2249 921 2302 2.
966 2266 985 2299 ι
1032 2248 1136 2304 Sed
1172 2257 1391 2317 peccata
1430 2257 1604 2303 vestra
1638 2249 1913 2303 dissidium
1944 2249 2152 2303 faciunt

602 2337 742 2392 inter
768 2354 861 2393 vos
889 2347 943 2392 et
970 2339 1136 2392 Deum
1174 2357 1186 2391 :
1214 2348 1269 2392 et
1296 2348 1515 2407 propter
1546 2347 1765 2406 peccata
1802 2349 1977 2391 vestra
1998 2354 2152 2393 aver-

605 2429 669 2483 tit
701 2428 891 2481 faciem
926 2442 954 2480 a
986 2428 1139 2481 vobis
1163 2467 1180 2491 ,
1232 2436 1290 2480 ut
1317 2443 1420 2481 non
1469 2429 1810 2483 misereatur.
1853 2447 1872 2479 ι
1906 2428 2147 2497 improba

605 2518 711 2569 vita
745 2526 919 2571 vestra
957 2531 1061 2569 non
1107 2516 1236 2570 sinit
1263 2529 1355 2569 vos
1398 2516 1574 2568 divina
1622 2514 1722 2568 l'rui
1772 2519 2105 2583 providentia
2132 2558 2147 2581 ,

604 2607 728 2675 quia
763 2605 902 2659 Deus
935 2615 1211 2673 peccatum
1237 2644 1252 2669 ,
1286 2614 1345 2655 ut
1391 2618 1500 2657 rem
1548 2605 1784 2671 putidam
1811 2645 1826 2668 ,
1862 2614 2070 2672 turpem
2097 2616 2149 2660 et

605 2692 856 2746 infamem
888 2692 1244 2745 abominatur.
1282 2689 1485 2758 Populo
1514 2691 1691 2757 itaque
1740 2692 1909 2745 ruime
1956 2707 2017 2747 ac
2060 2707 2147 2748 re-

605 2781 851 2834 motionis
878 2795 905 2831 a
936 2779 1046 2833 Deo
1076 2778 1273 2831 nullam
1316 2778 1473 2831 aliam
1504 2777 1666 2832 fuisse
1706 2794 1920 2833 causam
1949 2783 2146 2846 docet,

600 2886 757 2939 quam
796 2878 1013 2939 peccata
1048 2882 1233 2923 eorum
1280 2885 1295 2921 :
1345 2867 1534 2923 horum
1582 2883 1708 2924 vero
1748 2872 1955 2939 species
1994 2872 2147 2925 dein—

602 2977 727 3029 ceps
751 2968 1051 3016 enumerat.

674 3160 834 3214 Vsus.
870 3157 925 3215 5.
965 3176 984 3210 ι
1020 3157 1210 3213 Manus
1240 3156 1382 3211 enim
1416 3165 1606 3210 vestra
1643 3154 1856 3224 polluta:
1885 3162 2010 3207 sunt
2031 3167 2150 3208 san-

596 3250 758 3319 guine
782 3288 799 3314 ,
825 3258 879 3301 et
907 3246 1056 3312 digiti
1096 3246 1258 3300 vestri
1288 3246 1340 3299 in
1380 3244 1613 3313 peccatis
1644 3262 1657 3298 :
1687 3242 1827 3296 labia
1854 3253 2034 3297 vestra
2069 3244 2148 3299 lo-

602 3347 725 3392 cuta
755 3347 879 3392 sunt
912 3337 1245 3405 iniquitatem
1270 3376 1286 3400 ,
1318 3345 1371 3387 et
1396 3334 1575 3404 lingua
1612 3344 1788 3388 vestra
1830 3333 2145 3401 iniustitiam

598 3428 908 3481 meditatur.
968 3444 989 3478 δ
1040 3424 1107 3479 Et
1137 3424 1438 3494 perpendas
1485 3422 1638 3476 velim
1686 3437 1778 3477 eos
1820 3422 1909 3478 hic
1942 3438 2048 3476 non
2084 3422 2149 3476 de

604 3515 937 3577 idololatria,
968 3524 1060 3568 aut
1084 3515 1150 3568 de
1181 3514 1284 3567 alio
1311 3513 1555 3581 improbo
1594 3512 1833 3568 facinore
1863 3517 2108 3568 accusarl
2128 3553 2145 3575 ,

591 3607 695 3661 sed
740 3608 805 3660 de
853 3606 999 3660 caede
1032 3605 1188 3660 labiis
1226 3614 1532 3674 perpetrata
1557 3645 1570 3667 ,
1611 3614 1665 3659 ei
1693 3605 1759 3659 de
1786 3606 1896 3660 oris
1923 3606 2004 3659 sui
2038 3606 2147 3660 ini-

603 3697 828 3765 quitate.
865 3693 1029 3761 Queis
1056 3694 1360 3748 subindicat
1385 3708 1569 3748 eorum
1596 3703 1780 3748 contra
1810 3692 2146 3749 Servatorem

592 3784 1063 3855 conspirationes,
1102 3792 1264 3853 atque
1287 3783 1510 3839 insidias
1536 3784 1603 3838 ab
1630 3784 1711 3837 eis
1734 3792 1923 3839 contra
1954 3784 2149 3851 probos

603 3878 749 3933 viros
773 3888 1024 3933 structas.
1049 3877 1272 3933 Etiamsi
1296 3892 1423 3933 vero
1441 3876 1777 3932 Servatorem
1800 3890 1904 3929 non
1936 3876 2148 3945 propria

598 3984 764 4024 manu
786 3968 1128 4032 trucidarint;
1154 3984 1275 4023 cum
1303 3977 1477 4022 tamen
1507 3967 1819 4035 sanguinem
1851 3966 1967 4035 ejus
1990 3980 2150 4035 super

601 4073 663 4113 se
690 4066 740 4113 et
795 4072 956 4126 super
1008 4058 1144 4111 ﬁlios
1170 4072 1295 4111 suos
1327 4059 1680 4125 expetierint,
1729 4072 1792 4111 ac
1837 4056 2015 4125 lmpiis
2066 4056 2146 4109 usi

600 4149 711 4202 sint
742 4147 1087 4214 clamoribus,
1117 4159 1306 4215 reapse
1333 4148 1671 4202 declararunt
1698 4163 1755 4202 se
1804 4161 1993 4200 manus
2021 4160 2147 4200 san-

602 4241 761 4306 guine
793 4239 1020 4293 {allatas
1049 4238 1247 4293 habere
1270 4279 1287 4303 ,
1314 4238 1455 4294 labia
1498 4252 1681 4292 eorum
1711 4238 2044 4307 iniquitatem
2073 4236 2150 4292 lo-

598 4340 724 4382 ruta
758 4344 919 4392 esse,
968 4338 1023 4384 et
1072 4328 1305 4400 linguam
1338 4343 1526 4383 eorum
1582 4329 1910 4397 impietatem
1962 4337 2147 4396 protu-

2255 1867 2470 1929 σασθαι,
2497 1865 2617 1918 οὐδὲ
2650 1866 2865 1918 ἀσθενεῖ
2887 1866 2920 1934 ὴ
2954 1865 3060 1933 ἐμὴ
3090 1865 3207 1932 χεὶρ
3255 1863 3349 1915 καὶ
3380 1859 3631 1924 ἀναξίους
3659 1861 3821 1923 δντας

2252 1959 2394 2027 ὑμᾶς
2432 1956 2722 2008 διασῶσαι·
2779 1956 2873 2008 καὶ
2902 1955 2961 2007 τὸ
2991 1952 3083 2017 οὖς
3127 1954 3183 2006 δὲ
3230 1952 3293 2005 τὸ
3322 1952 3450 2021 ἐμὸν
3494 1952 3554 2005 τὸ
3595 1951 3819 2005 πάντων

2252 2045 2569 2098 ἀκουστικὸν
2600 2046 2696 2113 οὐχ
2716 2043 2887 2107 οὕτως
2915 2040 2984 2114 ἦν
3006 2043 3330 2114 βαρυήκοον,
3354 2041 3430 2104 ὼς
3456 2042 3529 2113 μὴ
3553 2040 3817 2095 δύνασθαι

2254 2137 2284 2187 ὑ
2290 2136 2405 2204 μῶν
2436 2134 2753 2188 εἰσακοῦσαι
2785 2133 3052 2203 βοώντων.

2325 2264 2343 2295 ι
2375 2233 2530 2295 vim
2554 2243 2621 2295 τά
2644 2243 3015 2313 ἁμαρτήματα
3043 2240 3196 2310 ὑμῶν
3223 2239 3496 2293 διιστῶσιν
3522 2238 3625 2292 ἀνὰ
3650 2240 3820 2309 μέσον

2251 2334 2401 2405 ὑμῶν
2426 2335 2518 2387 καὶ
2546 2334 2649 2387 ἀνά
2687 2334 2852 2403 μέσον
2879 2332 2973 2385 τοῦ
3003 2330 3158 2384 Θεοῦ·
3189 2332 3282 2384 καὶ
3310 2330 3399 2383 διὰ
3426 2330 3523 2393 τάς
3543 2330 3821 2401 ἁμαρτίας

2250 2426 2400 2495 ὑμῶν
2425 2408 2727 2493 ἀπέστρεψε
2750 2423 2811 2476 τὸ
2840 2422 3127 2492 πρόσωπον
3151 2422 3244 2492 ἀφ’
3280 2420 3454 2491 ὑμῶν,
3487 2421 3580 2473 τοῦ
3604 2421 3681 2491 μὴ
3707 2421 3823 2474 ἑλι-

2248 2517 2396 2585 ῆσαι.
2458 2534 2476 2566 ι
2511 2515 2569 2567 '0
2608 2514 2921 2584 παράνομος
2972 2512 3123 2582 ὑμῶν
3164 2510 3278 2581 βίος
3316 2512 3416 2563 οὐκ
3452 2512 3516 2581 ἐᾷ
3535 2513 3635 2581 τῆς
3666 2510 3821 2574 θείας

2250 2608 2390 2676 ὑμᾶς
2422 2607 2722 2661 ἀπολαῦσαι
2767 2604 3044 2675 προνοίας,
3071 2604 3159 2657 διὰ
3200 2603 3261 2656 τὸ
3307 2602 3684 2673 βδελύττεσθαι
3712 2602 3822 2656 ὦσ-

2248 2715 2354 2768 περ
2384 2699 2589 2769 δυσώδη
2631 2700 2725 2751 καὶ
2766 2696 2997 2767 αἰσχρὰν
3026 2696 3119 2748 καὶ
3152 2695 3342 2765 ἄτιμον
3381 2695 3481 2766 τὴν
3518 2694 3815 2764 ἁμαρτίαν.

2247 2788 2321 2841 Τὸ
2353 2788 2449 2858 μὲν
2480 2783 2572 2841 οῦν
2601 2789 2772 2839 αίτιον
2799 2786 2897 2855 τῆς
2929 2783 3296 2847 ἀποπτώσεως
3315 2784 3406 2836 τοῦ
3429 2784 3559 2837 λαοῦ
3589 2784 3684 2836 καὶ
3716 2784 3817 2853 τῆς

2248 2877 2580 2949 πορρωτάτω
2611 2875 2703 2929 τοῦ
2739 2874 2873 2927 Θεοῦ
2905 2872 3171 2943 ἀποϐολῆς
3213 2872 3376 2926 αὐτοῦ
3427 2874 3578 2925 οὐδὲν
3623 2874 3815 2943 ἕτερον

2249 2964 2385 3021 εἶναι
2433 2965 2667 3029 ἐδίδαξεν
2706 2965 2739 3035 ἢ
2789 2965 2886 3027 τάς
2915 2963 3211 3034 ἁμαρτίαςο
3245 2964 3306 3016 τὸ
3341 2962 3397 3015 δὲ
3424 2962 3628 3016 τούτων
3675 2958 3814 3026 εἶδος

2251 3056 2377 3125 ἑξῆς
2404 3055 2835 3125 καταριθμεῖται.

2330 3186 2347 3218 ι
2385 3170 2449 3220 Δί
2490 3166 2597 3238 γὰρ
2633 3168 2811 3237 χεῖρες
2840 3163 2991 3235 ὑμῶν
3038 3163 3442 3234 μεμολυσμέναι
3474 3164 3687 3234 αἵματι,
3717 3182 3813 3217 και

2252 3264 2299 3313 oi
2325 3260 2574 3313 δάκτυλοι
2604 3257 2754 3327 ὑμῶν
2783 3259 2840 3309 ὲν
2866 3254 3157 3326 ἁμαρτίαις
3178 3271 3191 3284 °
3230 3255 3298 3307 τά
3328 3254 3477 3325 χείλη
3510 3255 3664 3325 ὑμῶν
3690 3256 3817 3310 ἑλά-

2251 3352 2419 3421 λησαν
2450 3349 2696 3419 ἀνομίαν,
2723 3348 2817 3401 καὶ
2843 3348 2876 3417 ὴ
2898 3345 3115 3414 γλῶσσα
3143 3345 3296 3417 ὑμῶν
3320 3346 3530 3400 ἀδικίαν
3556 3346 3774 3419 μελετᾷ.
3791 3340 3835 3399 si

2254 3441 2361 3494 Καὶ
2417 3439 2533 3505 θέα,
2553 3439 2637 3502 dic
2669 3440 2768 3491 οὐκ
2799 3437 3170 3507 ἐπιμέμφεται
3198 3436 3377 3499 αὐτοῖς
3407 3438 3464 3488 ὲν
3496 3437 3703 3500 τούτοις
3732 3440 3814 3491 εί-

2251 3528 2664 3600 δωλολατρείαν,
2693 3528 2799 3581 οὐδ’
2862 3528 3053 3596 ἑτέραν
3078 3527 3199 3580 τινὰ
3232 3527 3544 3597 παράνομον
3573 3529 3772 3598 πρᾶξιν
3798 3550 3809 3558 ·

2253 3618 2388 3672 ἀλλά
2416 3618 2513 3688 τὴν
2538 3618 2626 3671 διὰ
2657 3617 2879 3687 χειλέων
2925 3618 3253 3686 μιαιφονίαν,
3304 3619 3397 3671 καὶ
3428 3617 3524 3688 τὴν
3551 3618 3641 3672 διά
3687 3620 3814 3671 στό-

2257 3723 2420 3775 ματος
2452 3707 2813 3777 παρανομίαν.
2844 3705 2920 3757 Δι’
2948 3699 3022 3760 ὧν
3041 3705 3256 3777 ᾐνίξατο
3282 3707 3377 3777 τὴν
3408 3707 3547 3760 κατά
3577 3706 3669 3760 τοῦ
3698 3710 3814 3761 Σω-

2252 3797 2411 3865 τῆρος
2440 3796 2801 3848 ἐπανάστασιν
2823 3795 3018 3860 αὐτῶν,
3045 3798 3138 3849 καὶ
3162 3797 3258 3867 τὴν
3290 3797 3427 3849 κατὰ
3457 3796 3563 3850 τῶν
3587 3797 3814 3851 δικαίων

2250 3884 2456 3955 ἀνδρῶν
2481 3884 2791 3954 ἐπιϐουλήν.
2824 3886 2886 3936 Εἰ
2911 3884 2965 3936 δὲ
2993 3886 3086 3937 καὶ
3110 3885 3182 3956 μὴ
3211 3886 3522 3956 αὐτόχειρες
3554 3873 3810 3955 γεγόνασι

2252 3964 2345 4025 τοῦ
2372 3974 2642 4048 Σωτῆρος,
2674 3972 2808 4025 ἀλλά
2826 3973 2885 4025 τὸ
2910 3967 3045 4043 αἷμα
3076 3973 3235 4026 αὑτοῦ
3262 3976 3334 4027 ὲπ
3372 3977 3567 4039 αὐτοὺς
3600 3982 3691 4029 καὶ
3718 3977 3816 4031 ἐπὶ

2251 4065 2321 4118 τά
2344 4064 2507 4117 τέκνα
2557 4063 2733 4117 αὐτῶν
2776 4065 3145 4135 αἰτησάμενοι,
3173 4066 3266 4118 καὶ
3300 4067 3446 4134 βοαῖς
3470 4068 3650 4131 ἀθέοις
3676 4086 3816 4142 χρη-

2255 4155 2493 4224 σάμενοι,
2541 4154 2685 4225 ἔργῳ
2728 4156 3075 4225 παρέστησαν
3104 4157 3201 4219 τάς
3237 4160 3422 4227 χεῖρας
3458 4158 3598 4227 ἔχειν
3644 4176 3815 4230 μεμο-

2252 4245 2518 4315 λυσμένας
2542 4246 2750 4314 αἵματι.
2768 4247 2836 4298 τά
2853 4264 2912 4299 τε
2937 4247 3088 4317 χείλη
3110 4248 3287 4301 αὐτῶν
3309 4248 3658 4319 λελαληκέναι
3686 4252 3812 4303 ἀνο-

2257 4336 2403 4405 μίαν,
2436 4336 2530 4387 καὶ
2554 4334 2651 4405 τὴν
2695 4334 2943 4403 γλῶσσαν
2988 4337 3165 4391 αὐτῶν
3213 4338 3657 4409 μεμελετηκέναι.
3698 4341 3813 4406 Ἐξ-

605 4421 747 4474 lisse.
791 4419 920 4473 Nam
944 4434 1062 4474 sese
1089 4421 1417 4488 decipientes
1448 4419 1608 4473 alium
1639 4419 1911 4474 Christum
1951 4432 2146 4487 exspe-

2252 4425 2563 4488 απατῶντες
2595 4424 2704 4496 γὰρ
2732 4427 2956 4490 ἑαυτοὺς
2979 4428 3164 4499 ἕτερον
3196 4430 3531 4498 προσδοκῶσι
3557 4432 3810 4501 Χριστὸν,

606 4518 787 4571 ctanl,
824 4510 1054 4562 humana
1102 4512 1343 4577 quaedam
1377 4519 1432 4564 et
1467 4510 1707 4564 fabulosa
1756 4508 1824 4563 de
1876 4508 1991 4576 ipso
2021 4521 2147 4560 nar-

606 4611 805 4652 rantes.

677 4711 837 4764 Vens.
863 4710 917 4771 4,
946 4710 998 4763 5.
1036 4729 1054 4758 ε
1097 4710 1263 4764 Nemo
1294 4721 1527 4778 inquttur
1563 4712 1732 4781 justa,
1765 4727 1865 4767 nec
1897 4724 1982 4769 est
2000 4714 2149 4784 judi-

2245 4514 2554 4584 ἀνθρώπινά
2584 4532 2704 4569 τινα
2725 4517 2856 4586 περὶ
2887 4517 3051 4569 αὑτοῦ
3078 4518 3514 4587 μυθολογοῦντες.

2320 4736 2337 4768 ι
2363 4718 2551 4781 Οὐθεὶς
2605 4718 2756 4770 λαλεῖ
2788 4716 2990 4777 δίκαια,
3025 4716 3145 4771 οὐδέ
3174 4719 3288 4770 ἐστι
3331 4718 3509 4787 κρίσις
3559 4717 3807 4788 ἀληθινή.

605 4800 742 4851 cium
773 4816 980 4852 wrnm.
1028 4800 1311 4853 Conﬁdunt
1366 4804 1525 4855 rebus
1568 4805 1743 4863 vanis,
1778 4815 1831 4856 et
1857 4804 2148 4872 loquuntur

2252 4807 2565 4862 Πεποίθασιν
2622 4809 2713 4860 ἐπὶ
2770 4808 3033 4878 ματαίοις,
3100 4809 3191 4860 καὶ
3244 4808 3459 4860 λαλοῦσι
3524 4808 3677 4867 κενά,
3728 4810 3811 4861 ὅτι

600 4888 802 4947 inania,
832 4893 952 4955 quia
989 4891 1295 4958 concipiunt
1328 4890 1586 4955 dolorem,
1614 4904 1661 4947 et
1700 4897 1917 4961 pariunt
1949 4896 2149 4964 iniqui-

609 4988 787 5031 tatem.
821 4980 927 5034 Ova
970 4981 1208 5048 aspidutn
1262 4983 1575 5050 fregerunt,
1623 4996 1675 5039 et
1724 4988 1882 5041 telam
1938 5002 2151 5042 araneae

609 5078 790 5122 texunt
821 5087 835 5122 :
870 5081 923 5123 et
947 5074 1033 5139 qui
1066 5076 1178 5124 vult
1207 5072 1274 5127 de
1308 5075 1423 5127 Ovis
1454 5089 1639 5127 eorum
1671 5079 1974 5138 comedere.
2003 5079 2152 5131 fran-

605 5173 734 5227 gens
762 5161 969 5213 urinum
1001 5162 1239 5229 invenit,
1268 5174 1322 5216 et
1354 5164 1405 5216 in
1442 5164 1557 5231 ipso
1590 5167 1846 5234 regulum.
1890 5188 1907 5219 ι
1944 5170 2150 5222 Adver—

604 5250 867 5301 sariarum
894 5260 1212 5319 potestatum
1240 5254 1441 5306 semina
1473 5254 1525 5307 in
1557 5270 1615 5308 se
1640 5258 1945 5323 parturiunt
1983 5275 1995 5309 :
2024 5272 2151 5325 qua-

608 5352 667 5389 re
701 5340 911 5391 malitia:
937 5340 1355 5406 etimprobitatis
1385 5358 1493 5396 sua:
1519 5344 1639 5395 tiliis
1667 5344 1998 5410 dicebautur
2025 5348 2151 5397 Ser-

609 5437 828 5493 pentes,
875 5428 1137 5495 genimina
1187 5431 1509 5497 viperarum.
1567 5450 1585 5481 ›
1617 5432 1965 5499 Pr0portione
2020 5449 2148 5485 vero

608 5516 833 5579 quadam
869 5518 929 5566 ad
962 5517 1197 5570 divinum
1230 5534 1410 5572 semen
1461 5520 1638 5573 habita
1665 5560 1680 5583 ,
1716 5522 2146 5574 adversariarnm

609 5614 930 5670 potestatum
957 5623 1134 5660 semen
1166 5648 1181 5671 ,
1209 5625 1306 5661 ova
1335 5612 1660 5678 appellavit,
1698 5612 1905 5677 reptilis
1932 5613 2146 5676 generis

609 5696 848 5761 exemplo
875 5697 1123 5751 insistens
1161 5716 1173 5751 :
1210 5716 1332 5753 nam
1380 5704 1591 5770 aspidcs
1616 5744 1629 5767 ,
1656 5714 1933 5771 serpentes
1962 5717 2015 5757 et
2039 5705 2139 5757 alia

2257 4896 2441 4949 κύουσι
2483 4897 2662 4961 πόνον,
2711 4897 2803 4948 καὶ
2838 4897 3106 4949 τίκτουσιν
3150 4897 3395 4966 ἀνομίαν.
3436 4897 3527 4949 ’οἀ
3570 4897 3810 4951 ἀσπίδων

2257 4984 2507 5055 ἔρρηξαν,
2538 4986 2629 5038 καὶ
2649 4986 2791 5037 ίστὸν
2820 4987 3055 5057 ἀράχνης
3081 4986 3360 5055 ὑφαίνουσι
3378 5002 3392 5017 ⁸
3435 4989 3529 5040 καί
3557 4989 3584 5038 ό
3604 4988 3811 5057 μέλλων

2255 5074 2361 5125 τῶν
2390 5074 2510 5126 ὠῶν
2546 5074 2725 5127 αὐτῶν
2773 5080 2986 5143 φαγεῖν,
3006 5075 3298 5144 συντρίψας
3326 5076 3505 5145 οῦριον
3536 5070 3682 5146 εὗρε,
3718 5080 3813 5130 καὶ

2255 5164 2312 5213 ὲν
2336 5164 2481 5232 αὐτῷ
2515 5163 2840 5233 βασιλίσκον.
2891 5184 2908 5216 ι
2951 5166 3069 5218 Τῶν
3111 5169 3494 5236 ἀντικειμένων
3534 5169 3812 5237 δυνάμεων

2253 5256 2320 5306 τά
2358 5256 2643 5326 σπέρματα
2688 5258 2745 5308 ὲν
2775 5259 2956 5320 αὐτοῖς
2981 5261 3279 5329 κυήσαντες
3298 5276 3311 5289 '
3337 5260 3415 5311 διὸ
3444 5264 3556 5323 τοῖς
3580 5263 3677 5331 τῆς
3707 5280 3809 5314 κελο

2257 5345 2377 5407 κίας
2423 5346 2515 5397 καὶ
2555 5347 2814 5415 πονηρίας
2861 5349 3035 5400 αὐτῶν
3068 5351 3202 5412 υἱοῖς
3248 5350 3461 5416 ἐλέγετο
3486 5368 3497 5379 ·
3540 5370 3558 5401 ι
3601 5355 3809 5420 Ὀφεις,

2254 5437 2561 5505 γεννήματα
2594 5437 2829 5507 ἐχιδνῶν.
2872 5458 2889 5488 ι
2925 5439 3220 5506 ’Λναλόγως
3250 5440 3304 5491 δὲ
3337 5440 3414 5508 τῷ
3442 5442 3711 5510 σπέρματι
3736 5444 3810 5509 τῷ

2256 5521 2382 5592 θείῳ
2411 5527 2499 5577 τὸν
2519 5528 2622 5578 τῶν
2643 5530 3024 5596 ἀντικειμένων
3045 5529 3322 5598 δυνάμεων
3346 5532 3541 5599 σπόρον
3569 5533 3648 5583 ὠά
3678 5534 3811 5583 ὠτό-

2258 5632 2392 5681 μασε
2432 5617 2519 5669 διὰ
2565 5619 2623 5669 τὸ
2672 5620 3016 5689 παράδειγμα
3062 5621 3151 5671 τοῦ
3206 5622 3530 5691 ἑρπυστικοῦ
3582 5623 3797 5689 γένους’

2250 5708 2469 5769 ἀσπίδες
2500 5711 2590 5761 καὶ
2613 5710 2784 5776 ὄφεις,
2814 5711 2904 5761 καὶ
2921 5712 2982 5761 τά
3004 5711 3223 5762 τοιαῦτα
3242 5710 3347 5762 τῶν
3363 5710 3609 5763 ὼοτόκων
3627 5713 3788 5765 ἐστίν.
