  <div class='ocr_page' id='page_1' title='image "/cluster/home/n/w/nwhite01/storage/ocr_20150623/24/ien.35556001660497/254.png"; bbox 0 0 4058 6416; ppageno 0'>
   <div class='ocr_carea' id='block_1_1' title="bbox 236 382 358 436">
    <p class='ocr_par' dir='ltr' id='par_1_1' title="bbox 236 382 358 436">
     <span class='ocr_line' id='line_1_1' title="bbox 236 382 358 436; baseline -0.016 0"><span class='ocrx_word' id='word_1_1' title='bbox 236 382 358 436; x_wconf 76' lang='grc'><strong>433</strong></span> 
     </span>
    </p>
   </div>
   <div class='ocr_carea' id='block_1_2' title="bbox 1169 368 2561 430">
    <p class='ocr_par' dir='ltr' id='par_1_2' title="bbox 1169 368 2561 430">
     <span class='ocr_line' id='line_1_2' title="bbox 1169 368 2561 430; baseline -0.001 0"><span class='ocrx_word' id='word_1_2' title='bbox 1169 371 1673 430; x_wconf 75' lang='lat' dir='ltr'><strong>COMMENTARIA</strong></span> <span class='ocrx_word' id='word_1_3' title='bbox 1711 369 1782 425; x_wconf 82' lang='grc' dir='ltr'><strong>ΙΝ</strong></span> <span class='ocrx_word' id='word_1_4' title='bbox 1820 368 2076 426; x_wconf 72' lang='lat' dir='ltr'><strong>iSAIAM.</strong></span> <span class='ocrx_word' id='word_1_5' title='bbox 2119 400 2188 410; x_wconf 93' lang='lat'><strong><em>—</em></strong></span> <span class='ocrx_word' id='word_1_6' title='bbox 2227 371 2378 427; x_wconf 86' lang='lat' dir='ltr'><strong>CAP.</strong></span> <span class='ocrx_word' id='word_1_7' title='bbox 2421 371 2561 428; x_wconf 81' lang='lat' dir='ltr'><strong>LIX.</strong></span> 
     </span>
    </p>
   </div>
   <div class='ocr_carea' id='block_1_3' title="bbox 3413 380 3517 432">
    <p class='ocr_par' dir='ltr' id='par_1_3' title="bbox 3413 380 3517 432">
     <span class='ocr_line' id='line_1_3' title="bbox 3413 380 3517 432; baseline -0.048 0"><span class='ocrx_word' id='word_1_8' title='bbox 3413 380 3517 432; x_wconf 70' lang='grc' dir='ltr'><strong>48ίί</strong></span> 
     </span>
    </p>
   </div>
   <div class='ocr_carea' id='block_1_4' title="bbox 254 486 1828 568">
    <p class='ocr_par' dir='ltr' id='par_1_4' title="bbox 254 490 1828 568">
     <span class='ocr_line' id='line_1_4' title="bbox 254 490 1828 568; baseline -0.006 -17"><span class='ocrx_word' id='word_1_9' title='bbox 254 496 484 568; x_wconf 75' lang='grc' dir='ltr'>Ἐπειδὴ</span> <span class='ocrx_word' id='word_1_10' title='bbox 513 496 654 568; x_wconf 83' lang='grc' dir='ltr'><strong>μετά</strong></span> <span class='ocrx_word' id='word_1_11' title='bbox 679 495 952 562; x_wconf 74' lang='grc' dir='ltr'><strong>τοσαύτην</strong></span> <span class='ocrx_word' id='word_1_12' title='bbox 1004 493 1207 546; x_wconf 83' lang='grc' dir='ltr'>κακίαν</span> <span class='ocrx_word' id='word_1_13' title='bbox 1261 490 1687 559; x_wconf 73' lang='grc' dir='ltr'><strong>ἐπαγγέλλονται</strong></span> <span class='ocrx_word' id='word_1_14' title='bbox 1739 490 1828 560; x_wconf 66' lang='grc' dir='ltr'>μὲν</span> 
     </span>
    </p>
   </div>
   <div class='ocr_carea' id='block_1_5' title="bbox 1934 486 3486 568">
    <p class='ocr_par' dir='ltr' id='par_1_5' title="bbox 1944 486 3486 559">
     <span class='ocr_line' id='line_1_5' title="bbox 1944 486 3486 559; baseline 0.002 -17"><span class='ocrx_word' id='word_1_15' title='bbox 1944 488 2283 556; x_wconf 67' lang='lat' dir='ltr'><strong>huiusmodi,</strong></span> <span class='ocrx_word' id='word_1_16' title='bbox 2315 505 2414 542; x_wconf 83' lang='lat' dir='ltr'><strong>ova</strong></span> <span class='ocrx_word' id='word_1_17' title='bbox 2448 489 2686 558; x_wconf 88' lang='lat' dir='ltr'><strong>pariunt.</strong></span> <span class='ocrx_word' id='word_1_18' title='bbox 2721 486 2990 553; x_wconf 81' lang='lat' dir='ltr'><strong>Quoniam</strong></span> <span class='ocrx_word' id='word_1_19' title='bbox 3033 499 3154 559; x_wconf 84' lang='lat' dir='ltr'><strong>post</strong></span> <span class='ocrx_word' id='word_1_20' title='bbox 3184 497 3386 544; x_wconf 87' lang='lat' dir='ltr'><strong>tantam</strong></span> <span class='ocrx_word' id='word_1_21' title='bbox 3423 508 3486 545; x_wconf 76' lang='lat' dir='ltr'><strong>ex</strong></span> 
     </span>
    </p>
   </div>
   <div class='ocr_carea' id='block_1_6' title="bbox 238 579 1836 654">
    <p class='ocr_par' dir='ltr' id='par_1_6' title="bbox 238 579 1836 654">
     <span class='ocr_line' id='line_1_6' title="bbox 238 579 1836 654; baseline -0.004 -16"><span class='ocrx_word' id='word_1_22' title='bbox 238 587 348 649; x_wconf 69' lang='grc' dir='ltr'>τᾶς</span> <span class='ocrx_word' id='word_1_23' title='bbox 378 585 488 638; x_wconf 80' lang='grc' dir='ltr'>ἀπὺ</span> <span class='ocrx_word' id='word_1_24' title='bbox 515 584 678 638; x_wconf 83' lang='grc' dir='ltr'>θείων</span> <span class='ocrx_word' id='word_1_25' title='bbox 723 581 956 654; x_wconf 81' lang='grc' dir='ltr'>Γραφῶν</span> <span class='ocrx_word' id='word_1_26' title='bbox 989 580 1358 642; x_wconf 73' lang='grc' dir='ltr'><strong>διδασκαλίας,</strong></span> <span class='ocrx_word' id='word_1_27' title='bbox 1405 579 1731 632; x_wconf 75' lang='grc' dir='ltr'><strong>ἐκπίπτουσι</strong></span> <span class='ocrx_word' id='word_1_28' title='bbox 1779 594 1836 632; x_wconf 78' lang='grc' dir='ltr'><strong>οε</strong></span> 
     </span>
    </p>
   </div>
   <div class='ocr_carea' id='block_1_7' title="bbox 240 669 1835 749">
    <p class='ocr_par' dir='ltr' id='par_1_7' title="bbox 240 669 1835 749">
     <span class='ocr_line' id='line_1_7' title="bbox 240 669 1835 749; baseline -0.006 -18"><span class='ocrx_word' id='word_1_29' title='bbox 240 681 328 742; x_wconf 88' lang='grc' dir='ltr'><strong>εἰς</strong></span> <span class='ocrx_word' id='word_1_30' title='bbox 350 678 618 749; x_wconf 84' lang='grc' dir='ltr'><strong>γραώδεις</strong></span> <span class='ocrx_word' id='word_1_31' title='bbox 654 673 878 745; x_wconf 83' lang='grc' dir='ltr'><strong>μύθους,</strong></span> <span class='ocrx_word' id='word_1_32' title='bbox 903 672 1000 726; x_wconf 79' lang='grc' dir='ltr'>καὶ</span> <span class='ocrx_word' id='word_1_33' title='bbox 1036 674 1116 736; x_wconf 87' lang='grc' dir='ltr'><strong>εἰς</strong></span> <span class='ocrx_word' id='word_1_34' title='bbox 1147 671 1474 742; x_wconf 78' lang='grc' dir='ltr'>παραδόσεις</span> <span class='ocrx_word' id='word_1_35' title='bbox 1513 669 1835 738; x_wconf 73' lang='grc' dir='ltr'>ἀνθρώπιον,</span> 
     </span>
    </p>
   </div>
   <div class='ocr_carea' id='block_1_8' title="bbox 239 761 1838 837">
    <p class='ocr_par' dir='ltr' id='par_1_8' title="bbox 239 761 1838 837">
     <span class='ocr_line' id='line_1_8' title="bbox 239 761 1838 837; baseline -0.005 -16"><span class='ocrx_word' id='word_1_36' title='bbox 239 769 400 821; x_wconf 75' lang='grc' dir='ltr'>οὐδὲν</span> <span class='ocrx_word' id='word_1_37' title='bbox 462 767 612 836; x_wconf 84' lang='grc' dir='ltr'>ὑγιὲς</span> <span class='ocrx_word' id='word_1_38' title='bbox 667 765 804 837; x_wconf 83' lang='grc' dir='ltr'>μηδὲ</span> <span class='ocrx_word' id='word_1_39' title='bbox 854 763 1126 834; x_wconf 83' lang='grc' dir='ltr'>ὠφέλιμον</span> <span class='ocrx_word' id='word_1_40' title='bbox 1184 761 1568 833; x_wconf 88' lang='grc' dir='ltr'>περιεχούσας·</span> <span class='ocrx_word' id='word_1_41' title='bbox 1615 761 1838 824; x_wconf 78' lang='grc' dir='ltr'><strong>εἰκότως</strong></span> 
     </span>
    </p>
   </div>
   <div class='ocr_carea' id='block_1_9' title="bbox 239 851 1839 928">
    <p class='ocr_par' dir='ltr' id='par_1_9' title="bbox 239 851 1839 928">
     <span class='ocr_line' id='line_1_9' title="bbox 239 851 1839 928; baseline -0.005 -16"><span class='ocrx_word' id='word_1_42' title='bbox 239 860 493 928; x_wconf 73' lang='grc' dir='ltr'><strong>ἐπιλέγει</strong></span> <span class='ocrx_word' id='word_1_43' title='bbox 520 876 533 888; x_wconf 93' lang='grc'>·</span> <span class='ocrx_word' id='word_1_44' title='bbox 572 876 590 908; x_wconf 84' lang='lat' dir='ltr'><strong>t</strong></span> <span class='ocrx_word' id='word_1_45' title='bbox 639 857 751 910; x_wconf 80' lang='lat' dir='ltr'><strong>Kal.</strong></span> <span class='ocrx_word' id='word_1_46' title='bbox 783 857 928 909; x_wconf 74' lang='grc' dir='ltr'>ἰστὸν</span> <span class='ocrx_word' id='word_1_47' title='bbox 966 855 1211 925; x_wconf 80' lang='grc' dir='ltr'><strong>ἀράχνης</strong></span> <span class='ocrx_word' id='word_1_48' title='bbox 1239 853 1546 921; x_wconf 78' lang='grc' dir='ltr'><strong>ὑφαίνουσι,</strong></span> <span class='ocrx_word' id='word_1_49' title='bbox 1601 871 1619 904; x_wconf 79' lang='grc' dir='ltr'><strong>ι</strong></span> <span class='ocrx_word' id='word_1_50' title='bbox 1652 851 1711 904; x_wconf 79' lang='grc' dir='ltr'>τὸ</span> <span class='ocrx_word' id='word_1_51' title='bbox 1749 869 1839 905; x_wconf 84' lang='grc' dir='ltr'>σα-</span> 
     </span>
    </p>
   </div>
   <div class='ocr_carea' id='block_1_10' title="bbox 241 941 1839 1018">
    <p class='ocr_par' dir='ltr' id='par_1_10' title="bbox 241 941 1839 1018">
     <span class='ocr_line' id='line_1_10' title="bbox 241 941 1839 1018; baseline 0.003 -16"><span class='ocrx_word' id='word_1_52' title='bbox 241 950 378 1018; x_wconf 81' lang='grc' dir='ltr'>θρὸν</span> <span class='ocrx_word' id='word_1_53' title='bbox 411 949 509 1001; x_wconf 78' lang='grc' dir='ltr'>καὶ</span> <span class='ocrx_word' id='word_1_54' title='bbox 535 947 731 1017; x_wconf 80' lang='grc' dir='ltr'>ἄτιμον</span> <span class='ocrx_word' id='word_1_55' title='bbox 761 946 862 1015; x_wconf 79' lang='grc' dir='ltr'>τῆς</span> <span class='ocrx_word' id='word_1_56' title='bbox 885 945 1142 1016; x_wconf 83' lang='grc' dir='ltr'><strong>τοιαύτης</strong></span> <span class='ocrx_word' id='word_1_57' title='bbox 1174 943 1352 998; x_wconf 84' lang='grc' dir='ltr'>αὑτῶν</span> <span class='ocrx_word' id='word_1_58' title='bbox 1383 943 1616 1014; x_wconf 83' lang='grc' dir='ltr'><strong>σπουδῆς</strong></span> <span class='ocrx_word' id='word_1_59' title='bbox 1637 941 1716 1012; x_wconf 79' lang='grc' dir='ltr'>τῷ</span> <span class='ocrx_word' id='word_1_60' title='bbox 1739 943 1839 1013; x_wconf 82' lang='grc' dir='ltr'>τῆς</span> 
     </span>
    </p>
   </div>
   <div class='ocr_carea' id='block_1_11' title="bbox 240 1033 1837 1109">
    <p class='ocr_par' dir='ltr' id='par_1_11' title="bbox 240 1033 1837 1109">
     <span class='ocr_line' id='line_1_11' title="bbox 240 1033 1837 1109; baseline -0.004 -17"><span class='ocrx_word' id='word_1_61' title='bbox 240 1039 494 1109; x_wconf 78' lang='grc' dir='ltr'><strong>ἀράχνης</strong></span> <span class='ocrx_word' id='word_1_62' title='bbox 525 1036 807 1106; x_wconf 81' lang='grc' dir='ltr'><strong>ὑφάσματι</strong></span> <span class='ocrx_word' id='word_1_63' title='bbox 837 1034 1220 1107; x_wconf 81' lang='grc' dir='ltr'>παραῦἀλλων.</span> <span class='ocrx_word' id='word_1_64' title='bbox 1249 1034 1427 1086; x_wconf 83' lang='grc' dir='ltr'>Ποίων</span> <span class='ocrx_word' id='word_1_65' title='bbox 1458 1034 1514 1087; x_wconf 90' lang='grc' dir='ltr'>δὲ</span> <span class='ocrx_word' id='word_1_66' title='bbox 1543 1033 1668 1087; x_wconf 86' lang='grc' dir='ltr'>ὠῶν</span> <span class='ocrx_word' id='word_1_67' title='bbox 1699 1051 1837 1103; x_wconf 89' lang='grc' dir='ltr'>μνη-</span> 
     </span>
    </p>
   </div>
   <div class='ocr_carea' id='block_1_12' title="bbox 243 1119 1837 1200">
    <p class='ocr_par' dir='ltr' id='par_1_12' title="bbox 243 1119 1837 1200">
     <span class='ocr_line' id='line_1_12' title="bbox 243 1119 1837 1200; baseline -0.005 -18"><span class='ocrx_word' id='word_1_68' title='bbox 243 1128 492 1200; x_wconf 82' lang='grc' dir='ltr'>μονεύει,</span> <span class='ocrx_word' id='word_1_69' title='bbox 517 1126 550 1196; x_wconf 74' lang='grc' dir='ltr'><strong>ἢ</strong></span> <span class='ocrx_word' id='word_1_70' title='bbox 576 1127 705 1197; x_wconf 77' lang='grc' dir='ltr'>περὶ</span> <span class='ocrx_word' id='word_1_71' title='bbox 729 1119 803 1178; x_wconf 85' lang='grc' dir='ltr'>ὧν</span> <span class='ocrx_word' id='word_1_72' title='bbox 827 1125 1066 1196; x_wconf 67' lang='grc' dir='ltr'>εἴρηταιυ</span> <span class='ocrx_word' id='word_1_73' title='bbox 1106 1145 1124 1176; x_wconf 80' lang='grc' dir='ltr'><strong>ι</strong></span> <span class='ocrx_word' id='word_1_74' title='bbox 1160 1125 1240 1177; x_wconf 89' lang='grc' dir='ltr'><strong>Τά</strong></span> <span class='ocrx_word' id='word_1_75' title='bbox 1273 1124 1355 1178; x_wconf 87' lang='grc' dir='ltr'><strong>ὼά</strong></span> <span class='ocrx_word' id='word_1_76' title='bbox 1398 1125 1641 1178; x_wconf 83' lang='grc' dir='ltr'><strong>ἀσπίδων</strong></span> <span class='ocrx_word' id='word_1_77' title='bbox 1674 1123 1837 1195; x_wconf 74' lang='grc' dir='ltr'>ἔρρη-</span> 
     </span>
    </p>
   </div>
   <div class='ocr_carea' id='block_1_13' title="bbox 241 1211 1837 1285">
    <p class='ocr_par' dir='ltr' id='par_1_13' title="bbox 241 1211 1837 1285">
     <span class='ocr_line' id='line_1_13' title="bbox 241 1211 1837 1285; baseline -0.005 -15"><span class='ocrx_word' id='word_1_78' title='bbox 241 1219 379 1282; x_wconf 74' lang='grc' dir='ltr'>ξανς</span> <span class='ocrx_word' id='word_1_79' title='bbox 421 1235 439 1266; x_wconf 70' lang='grc' dir='ltr'><strong>ι</strong></span> <span class='ocrx_word' id='word_1_80' title='bbox 475 1217 540 1267; x_wconf 84' lang='grc' dir='ltr'><strong>Οἱ</strong></span> <span class='ocrx_word' id='word_1_81' title='bbox 577 1215 675 1285; x_wconf 82' lang='grc' dir='ltr'>μὲν</span> <span class='ocrx_word' id='word_1_82' title='bbox 729 1213 821 1268; x_wconf 80' lang='grc' dir='ltr'>οὖν</span> <span class='ocrx_word' id='word_1_83' title='bbox 864 1217 920 1268; x_wconf 77' lang='grc' dir='ltr'>ὲν</span> <span class='ocrx_word' id='word_1_84' title='bbox 974 1213 1143 1283; x_wconf 71' lang='grc' dir='ltr'>κακίᾳ</span> <span class='ocrx_word' id='word_1_85' title='bbox 1183 1213 1399 1276; x_wconf 83' lang='grc' dir='ltr'>τέλειοι,</span> <span class='ocrx_word' id='word_1_86' title='bbox 1449 1211 1837 1282; x_wconf 78' lang='grc' dir='ltr'>διαρρήξαντες</span> 
     </span>
    </p>
   </div>
   <div class='ocr_carea' id='block_1_14' title="bbox 237 1305 1837 1376">
    <p class='ocr_par' dir='ltr' id='par_1_14' title="bbox 237 1305 1837 1376">
     <span class='ocr_line' id='line_1_14' title="bbox 237 1305 1837 1376; baseline -0.004 -16"><span class='ocrx_word' id='word_1_87' title='bbox 237 1308 454 1361; x_wconf 85' lang='grc' dir='ltr'>τούτων</span> <span class='ocrx_word' id='word_1_88' title='bbox 481 1307 589 1360; x_wconf 90' lang='grc' dir='ltr'><strong>τῶν</strong></span> <span class='ocrx_word' id='word_1_89' title='bbox 613 1308 755 1370; x_wconf 83' lang='grc' dir='ltr'>ὠῶν,</span> <span class='ocrx_word' id='word_1_90' title='bbox 775 1306 844 1360; x_wconf 88' lang='grc' dir='ltr'><strong>τά</strong></span> <span class='ocrx_word' id='word_1_91' title='bbox 870 1305 1334 1376; x_wconf 82' lang='grc' dir='ltr'>τελεσφορηθέντα</span> <span class='ocrx_word' id='word_1_92' title='bbox 1363 1307 1442 1369; x_wconf 88' lang='grc' dir='ltr'><strong>εἰς</strong></span> <span class='ocrx_word' id='word_1_93' title='bbox 1463 1305 1689 1366; x_wconf 78' lang='grc' dir='ltr'>ἑαυτοὺς</span> <span class='ocrx_word' id='word_1_94' title='bbox 1737 1305 1837 1355; x_wconf 91' lang='grc' dir='ltr'>ὑπ-</span> 
     </span>
    </p>
   </div>
   <div class='ocr_carea' id='block_1_15' title="bbox 242 1379 1837 1469">
    <p class='ocr_par' dir='ltr' id='par_1_15' title="bbox 242 1379 1837 1469">
     <span class='ocr_line' id='line_1_15' title="bbox 242 1379 1837 1469; baseline -0.003 -18"><span class='ocrx_word' id='word_1_95' title='bbox 242 1401 525 1464; x_wconf 80' lang='grc' dir='ltr'>εδέξαντο·</span> <span class='ocrx_word' id='word_1_96' title='bbox 562 1403 609 1452; x_wconf 89' lang='grc' dir='ltr'><strong>οἰ</strong></span> <span class='ocrx_word' id='word_1_97' title='bbox 649 1399 706 1452; x_wconf 83' lang='grc' dir='ltr'>δὲ</span> <span class='ocrx_word' id='word_1_98' title='bbox 759 1379 1281 1469; x_wconf 36' lang='grc' dir='ltr'>ἀτελέστεροι,’πρὶν</span> <span class='ocrx_word' id='word_1_99' title='bbox 1339 1397 1705 1468; x_wconf 73' lang='grc' dir='ltr'>διαρραγῆναι</span> <span class='ocrx_word' id='word_1_100' title='bbox 1741 1395 1837 1447; x_wconf 78' lang='grc' dir='ltr'>καὶ</span> 
     </span>
    </p>
   </div>
   <div class='ocr_carea' id='block_1_16' title="bbox 238 1487 1838 1562">
    <p class='ocr_par' dir='ltr' id='par_1_16' title="bbox 238 1487 1838 1562">
     <span class='ocr_line' id='line_1_16' title="bbox 238 1487 1838 1562; baseline -0.004 -18"><span class='ocrx_word' id='word_1_101' title='bbox 238 1490 716 1562; x_wconf 81' lang='grc' dir='ltr'>τελεσφορηθῆναι</span> <span class='ocrx_word' id='word_1_102' title='bbox 749 1489 1084 1561; x_wconf 74' lang='grc' dir='ltr'><strong>ἐμφαγόντες</strong></span> <span class='ocrx_word' id='word_1_103' title='bbox 1112 1490 1311 1551; x_wconf 82' lang='grc' dir='ltr'>αὐτῶν,</span> <span class='ocrx_word' id='word_1_104' title='bbox 1364 1487 1715 1540; x_wconf 80' lang='grc' dir='ltr'>ἀπόλλυνται.</span> <span class='ocrx_word' id='word_1_105' title='bbox 1747 1487 1838 1539; x_wconf 86' lang='grc' dir='ltr'><strong>Διὸ</strong></span> 
     </span>
    </p>
   </div>
   <div class='ocr_carea' id='block_1_17' title="bbox 240 1579 1835 1653">
    <p class='ocr_par' dir='ltr' id='par_1_17' title="bbox 240 1579 1835 1653">
     <span class='ocr_line' id='line_1_17' title="bbox 240 1579 1835 1653; baseline -0.003 -15"><span class='ocrx_word' id='word_1_106' title='bbox 240 1585 390 1638; x_wconf 80' lang='grc' dir='ltr'>κατὰ</span> <span class='ocrx_word' id='word_1_107' title='bbox 419 1586 547 1646; x_wconf 77' lang='grc' dir='ltr'>τοὺς</span> <span class='ocrx_word' id='word_1_108' title='bbox 575 1584 796 1646; x_wconf 82' lang='grc' dir='ltr'>λοιποὺς</span> <span class='ocrx_word' id='word_1_109' title='bbox 819 1582 1161 1653; x_wconf 82' lang='grc' dir='ltr'>ὲρμηνευτάς</span> <span class='ocrx_word' id='word_1_110' title='bbox 1186 1582 1400 1652; x_wconf 72' lang='grc' dir='ltr'>εἴρηται</span> <span class='ocrx_word' id='word_1_111' title='bbox 1424 1598 1435 1610; x_wconf 92' lang='grc'><strong>·</strong></span> <span class='ocrx_word' id='word_1_112' title='bbox 1479 1600 1496 1631; x_wconf 82' lang='grc' dir='ltr'><strong>ι</strong></span> <span class='ocrx_word' id='word_1_113' title='bbox 1541 1582 1597 1634; x_wconf 82' lang='grc' dir='ltr'><strong>Ὀ</strong></span> <span class='ocrx_word' id='word_1_114' title='bbox 1642 1579 1835 1633; x_wconf 79' lang='grc' dir='ltr'>ἐσθίων</span> 
     </span>
    </p>
   </div>
   <div class='ocr_carea' id='block_1_18' title="bbox 242 1655 1833 1741">
    <p class='ocr_par' dir='ltr' id='par_1_18' title="bbox 242 1655 1833 1741">
     <span class='ocr_line' id='line_1_18' title="bbox 242 1655 1833 1741; baseline -0.004 -13"><span class='ocrx_word' id='word_1_115' title='bbox 242 1679 313 1728; x_wconf 80' lang='grc' dir='ltr'>ἐκ</span> <span class='ocrx_word' id='word_1_116' title='bbox 340 1675 449 1728; x_wconf 87' lang='grc' dir='ltr'><strong>τῶν</strong></span> <span class='ocrx_word' id='word_1_117' title='bbox 471 1673 593 1727; x_wconf 85' lang='grc' dir='ltr'>ὠῶν</span> <span class='ocrx_word' id='word_1_118' title='bbox 627 1675 808 1728; x_wconf 84' lang='grc' dir='ltr'>αὐτῶν</span> <span class='ocrx_word' id='word_1_119' title='bbox 836 1673 1207 1726; x_wconf 75' lang='grc' dir='ltr'>ἀποθανεῖται.</span> <span class='ocrx_word' id='word_1_120' title='bbox 1251 1692 1268 1722; x_wconf 75' lang='grc' dir='ltr'><strong>ι</strong></span> <span class='ocrx_word' id='word_1_121' title='bbox 1299 1674 1362 1724; x_wconf 82' lang='grc' dir='ltr'>Εἰ</span> <span class='ocrx_word' id='word_1_122' title='bbox 1395 1655 1450 1724; x_wconf 82' lang='grc' dir='ltr'><strong>δέ</strong></span> <span class='ocrx_word' id='word_1_123' title='bbox 1481 1689 1563 1734; x_wconf 88' lang='grc' dir='ltr'><strong>τις</strong></span> <span class='ocrx_word' id='word_1_124' title='bbox 1585 1670 1833 1741; x_wconf 76' lang='grc' dir='ltr'>εὑρεθείη</span> 
     </span>
    </p>
   </div>
   <div class='ocr_carea' id='block_1_19' title="bbox 243 1762 1835 1834">
    <p class='ocr_par' dir='ltr' id='par_1_19' title="bbox 243 1762 1835 1834">
     <span class='ocr_line' id='line_1_19' title="bbox 243 1762 1835 1834; baseline -0.003 -17"><span class='ocrx_word' id='word_1_125' title='bbox 243 1765 471 1826; x_wconf 78' lang='grc' dir='ltr'>συνετὸς</span> <span class='ocrx_word' id='word_1_126' title='bbox 527 1764 666 1834; x_wconf 79' lang='grc' dir='ltr'>ἀνὴρ</span> <span class='ocrx_word' id='word_1_127' title='bbox 696 1765 723 1817; x_wconf 84' lang='grc' dir='ltr'>ὁ</span> <span class='ocrx_word' id='word_1_128' title='bbox 760 1763 1067 1833; x_wconf 80' lang='grc' dir='ltr'>συντρίϐειν</span> <span class='ocrx_word' id='word_1_129' title='bbox 1094 1763 1233 1815; x_wconf 74' lang='grc' dir='ltr'>αὑτὰ</span> <span class='ocrx_word' id='word_1_130' title='bbox 1268 1762 1562 1832; x_wconf 86' lang='grc' dir='ltr'>δυνάμενος</span> <span class='ocrx_word' id='word_1_131' title='bbox 1606 1763 1835 1831; x_wconf 83' lang='grc' dir='ltr'>ἀνατρε-</span> 
     </span>
    </p>
   </div>
   <div class='ocr_carea' id='block_1_20' title="bbox 241 1849 1833 1924">
    <p class='ocr_par' dir='ltr' id='par_1_20' title="bbox 241 1849 1833 1924">
     <span class='ocr_line' id='line_1_20' title="bbox 241 1849 1833 1924; baseline -0.002 -16"><span class='ocrx_word' id='word_1_132' title='bbox 241 1855 430 1924; x_wconf 85' lang='grc' dir='ltr'>πτικῷ</span> <span class='ocrx_word' id='word_1_133' title='bbox 489 1857 584 1907; x_wconf 75' lang='grc' dir='ltr'>καὶ</span> <span class='ocrx_word' id='word_1_134' title='bbox 633 1853 934 1924; x_wconf 77' lang='grc' dir='ltr'>ἐλεγκτικῷ</span> <span class='ocrx_word' id='word_1_135' title='bbox 987 1854 1150 1924; x_wconf 83' lang='grc' dir='ltr'>λόγῳ,</span> <span class='ocrx_word' id='word_1_136' title='bbox 1197 1849 1350 1917; x_wconf 67' lang='grc' dir='ltr'>οὗτος</span> <span class='ocrx_word' id='word_1_137' title='bbox 1391 1853 1539 1924; x_wconf 81' lang='grc' dir='ltr'>εὕροι</span> <span class='ocrx_word' id='word_1_138' title='bbox 1573 1853 1638 1906; x_wconf 87' lang='grc' dir='ltr'>ἂν</span> <span class='ocrx_word' id='word_1_139' title='bbox 1678 1853 1736 1904; x_wconf 81' lang='grc' dir='ltr'>τὸ</span> <span class='ocrx_word' id='word_1_140' title='bbox 1775 1855 1833 1905; x_wconf 84' lang='grc' dir='ltr'>ὲν</span> 
     </span>
    </p>
   </div>
   <div class='ocr_carea' id='block_1_21' title="bbox 238 1944 1832 2017">
    <p class='ocr_par' dir='ltr' id='par_1_21' title="bbox 238 1944 1832 2017">
     <span class='ocr_line' id='line_1_21' title="bbox 238 1944 1832 2017; baseline -0.004 -16"><span class='ocrx_word' id='word_1_141' title='bbox 238 1947 434 2008; x_wconf 80' lang='grc' dir='ltr'>αὐτοῖς</span> <span class='ocrx_word' id='word_1_142' title='bbox 489 1947 773 2016; x_wconf 87' lang='grc' dir='ltr'>ἀνεμιαῖον</span> <span class='ocrx_word' id='word_1_143' title='bbox 825 1947 916 1999; x_wconf 76' lang='grc' dir='ltr'><strong>καὶ</strong></span> <span class='ocrx_word' id='word_1_144' title='bbox 948 1945 1150 2017; x_wconf 82' lang='grc' dir='ltr'>οὑριον.</span> <span class='ocrx_word' id='word_1_145' title='bbox 1186 1947 1282 2010; x_wconf 60' lang='grc' dir='ltr'>καὶ</span> <span class='ocrx_word' id='word_1_146' title='bbox 1318 1944 1550 2008; x_wconf 78' lang='grc' dir='ltr'>δυσῶδες</span> <span class='ocrx_word' id='word_1_147' title='bbox 1583 1944 1676 1996; x_wconf 68' lang='grc' dir='ltr'>καὶ</span> <span class='ocrx_word' id='word_1_148' title='bbox 1701 1944 1832 2012; x_wconf 84' lang='grc' dir='ltr'>φθο-</span> 
     </span>
    </p>
   </div>
   <div class='ocr_carea' id='block_1_22' title="bbox 243 2036 1833 2110">
    <p class='ocr_par' dir='ltr' id='par_1_22' title="bbox 243 2036 1833 2110">
     <span class='ocr_line' id='line_1_22' title="bbox 243 2036 1833 2110; baseline -0.003 -18"><span class='ocrx_word' id='word_1_149' title='bbox 243 2041 490 2110; x_wconf 86' lang='grc' dir='ltr'>ριμαῖον,</span> <span class='ocrx_word' id='word_1_150' title='bbox 555 2039 648 2092; x_wconf 80' lang='grc' dir='ltr'>καὶ</span> <span class='ocrx_word' id='word_1_151' title='bbox 702 2040 760 2090; x_wconf 84' lang='lat' dir='ltr'><strong>tv</strong></span> <span class='ocrx_word' id='word_1_152' title='bbox 812 2037 1023 2101; x_wconf 84' lang='grc' dir='ltr'>τούτοις</span> <span class='ocrx_word' id='word_1_153' title='bbox 1078 2039 1244 2090; x_wconf 85' lang='grc' dir='ltr'>πᾶσιν</span> <span class='ocrx_word' id='word_1_154' title='bbox 1315 2036 1688 2106; x_wconf 83' lang='grc' dir='ltr'>ἰλυσπώμενον</span> <span class='ocrx_word' id='word_1_155' title='bbox 1740 2036 1833 2088; x_wconf 78' lang='grc' dir='ltr'>καὶ</span> 
     </span>
    </p>
   </div>
   <div class='ocr_carea' id='block_1_23' title="bbox 239 2123 1832 2199">
    <p class='ocr_par' dir='ltr' id='par_1_23' title="bbox 239 2123 1832 2199">
     <span class='ocr_line' id='line_1_23' title="bbox 239 2123 1832 2199; baseline -0.003 -19"><span class='ocrx_word' id='word_1_156' title='bbox 239 2128 712 2199; x_wconf 78' lang='grc' dir='ltr'>ὲγκρυπτόμενον,</span> <span class='ocrx_word' id='word_1_157' title='bbox 739 2126 831 2179; x_wconf 82' lang='grc' dir='ltr'><strong>τὸν</strong></span> <span class='ocrx_word' id='word_1_158' title='bbox 870 2127 1086 2180; x_wconf 81' lang='grc' dir='ltr'>πάντων</span> <span class='ocrx_word' id='word_1_159' title='bbox 1135 2127 1380 2198; x_wconf 78' lang='grc' dir='ltr'>ἑρπετῶν</span> <span class='ocrx_word' id='word_1_160' title='bbox 1422 2128 1516 2178; x_wconf 73' lang='grc' dir='ltr'>καὶ</span> <span class='ocrx_word' id='word_1_161' title='bbox 1565 2123 1624 2188; x_wconf 74' lang='grc' dir='ltr'><strong>ἐξ</strong></span> <span class='ocrx_word' id='word_1_162' title='bbox 1668 2124 1832 2178; x_wconf 81' lang='grc' dir='ltr'>αὑτοῦ</span> 
     </span>
    </p>
   </div>
   <div class='ocr_carea' id='block_1_24' title="bbox 239 2216 1761 2288">
    <p class='ocr_par' dir='ltr' id='par_1_24' title="bbox 239 2216 1761 2288">
     <span class='ocr_line' id='line_1_24' title="bbox 239 2216 1761 2288; baseline -0.003 -16"><span class='ocrx_word' id='word_1_163' title='bbox 239 2218 340 2272; x_wconf 69' lang='grc' dir='ltr'><strong>¹τοῦ</strong></span> <span class='ocrx_word' id='word_1_164' title='bbox 372 2217 683 2288; x_wconf 82' lang='grc' dir='ltr'>βλέμματος</span> <span class='ocrx_word' id='word_1_165' title='bbox 716 2216 1094 2281; x_wconf 86' lang='grc' dir='ltr'>θανατοποιὸν,</span> <span class='ocrx_word' id='word_1_166' title='bbox 1141 2218 1232 2271; x_wconf 82' lang='grc' dir='ltr'>τὸν</span> <span class='ocrx_word' id='word_1_167' title='bbox 1266 2216 1575 2287; x_wconf 89' lang='grc' dir='ltr'>βασιλίσκον</span> <span class='ocrx_word' id='word_1_168' title='bbox 1599 2216 1761 2285; x_wconf 89' lang='grc' dir='ltr'>λέγω.</span> 
     </span>
    </p>
   </div>
   <div class='ocr_carea' id='block_1_25' title="bbox 319 2305 1831 2377">
    <p class='ocr_par' dir='ltr' id='par_1_25' title="bbox 319 2305 1831 2377">
     <span class='ocr_line' id='line_1_25' title="bbox 319 2305 1831 2377; baseline -0.001 -18"><span class='ocrx_word' id='word_1_169' title='bbox 319 2325 340 2358; x_wconf 79' lang='grc' dir='ltr'><strong>ι</strong></span> <span class='ocrx_word' id='word_1_170' title='bbox 379 2308 437 2360; x_wconf 86' lang='grc'><strong>’0</strong></span> <span class='ocrx_word' id='word_1_171' title='bbox 477 2307 622 2371; x_wconf 83' lang='grc' dir='ltr'>ἰστὸς</span> <span class='ocrx_word' id='word_1_172' title='bbox 651 2307 831 2361; x_wconf 76' lang='grc' dir='ltr'>αὐτῶν</span> <span class='ocrx_word' id='word_1_173' title='bbox 875 2309 973 2360; x_wconf 79' lang='grc' dir='ltr'>οὐκ</span> <span class='ocrx_word' id='word_1_174' title='bbox 1004 2307 1159 2361; x_wconf 77' lang='grc' dir='ltr'>ἔσται</span> <span class='ocrx_word' id='word_1_175' title='bbox 1202 2309 1282 2370; x_wconf 84' lang='grc' dir='ltr'><strong>εἰς</strong></span> <span class='ocrx_word' id='word_1_176' title='bbox 1323 2308 1556 2377; x_wconf 77' lang='grc' dir='ltr'>ἱμάτιον,</span> <span class='ocrx_word' id='word_1_177' title='bbox 1590 2305 1710 2359; x_wconf 82' lang='grc' dir='ltr'>οὐδὲ</span> <span class='ocrx_word' id='word_1_178' title='bbox 1756 2307 1831 2376; x_wconf 81' lang='grc' dir='ltr'>μὴ</span> 
     </span>
    </p>
   </div>
   <div class='ocr_carea' id='block_1_26' title="bbox 242 2397 1833 2470">
    <p class='ocr_par' dir='ltr' id='par_1_26' title="bbox 242 2397 1833 2470">
     <span class='ocr_line' id='line_1_26' title="bbox 242 2397 1833 2470; baseline -0.003 -18"><span class='ocrx_word' id='word_1_179' title='bbox 242 2399 648 2468; x_wconf 74' lang='grc' dir='ltr'>περιϐάλωνται</span> <span class='ocrx_word' id='word_1_180' title='bbox 705 2399 814 2452; x_wconf 76' lang='grc' dir='ltr'>ἀπὸ</span> <span class='ocrx_word' id='word_1_181' title='bbox 853 2399 959 2453; x_wconf 90' lang='grc' dir='ltr'><strong>τῶν</strong></span> <span class='ocrx_word' id='word_1_182' title='bbox 987 2399 1163 2470; x_wconf 74' lang='grc' dir='ltr'>ἔργων</span> <span class='ocrx_word' id='word_1_183' title='bbox 1197 2398 1375 2452; x_wconf 88' lang='grc' dir='ltr'>αὑτῶν</span> <span class='ocrx_word' id='word_1_184' title='bbox 1396 2415 1409 2429; x_wconf 77' lang='grc'><em>’</em></span> <span class='ocrx_word' id='word_1_185' title='bbox 1454 2398 1522 2452; x_wconf 88' lang='grc' dir='ltr'><strong>τά</strong></span> <span class='ocrx_word' id='word_1_186' title='bbox 1555 2398 1691 2469; x_wconf 76' lang='grc' dir='ltr'>ἔργα</span> <span class='ocrx_word' id='word_1_187' title='bbox 1736 2397 1833 2450; x_wconf 88' lang='grc' dir='ltr'>αὑ-</span> 
     </span>
    </p>
   </div>
   <div class='ocr_carea' id='block_1_27' title="bbox 241 2484 1832 2560">
    <p class='ocr_par' dir='ltr' id='par_1_27' title="bbox 241 2484 1832 2560">
     <span class='ocr_line' id='line_1_27' title="bbox 241 2484 1832 2560; baseline -0.004 -19"><span class='ocrx_word' id='word_1_188' title='bbox 241 2491 355 2542; x_wconf 87' lang='grc' dir='ltr'><strong>τῶν</strong></span> <span class='ocrx_word' id='word_1_189' title='bbox 382 2487 519 2560; x_wconf 76' lang='grc' dir='ltr'>ἔργα</span> <span class='ocrx_word' id='word_1_190' title='bbox 545 2489 775 2558; x_wconf 84' lang='grc' dir='ltr'>ἀνομίας</span> <span class='ocrx_word' id='word_1_191' title='bbox 795 2504 809 2519; x_wconf 71' lang='grc' dir='ltr'><strong>ο</strong></span> <span class='ocrx_word' id='word_1_192' title='bbox 844 2489 893 2540; x_wconf 92' lang='grc' dir='ltr'><strong>οἰ</strong></span> <span class='ocrx_word' id='word_1_193' title='bbox 922 2488 979 2541; x_wconf 81' lang='grc' dir='ltr'>δὲ</span> <span class='ocrx_word' id='word_1_194' title='bbox 1021 2489 1176 2552; x_wconf 80' lang='grc' dir='ltr'>πόδες</span> <span class='ocrx_word' id='word_1_195' title='bbox 1219 2487 1399 2540; x_wconf 88' lang='grc' dir='ltr'>αὑτῶν</span> <span class='ocrx_word' id='word_1_196' title='bbox 1432 2486 1523 2538; x_wconf 76' lang='grc' dir='ltr'><strong>ἐπὶ</strong></span> <span class='ocrx_word' id='word_1_197' title='bbox 1566 2484 1832 2555; x_wconf 84' lang='grc' dir='ltr'>πονηρίαν</span> 
     </span>
    </p>
   </div>
   <div class='ocr_carea' id='block_1_28' title="bbox 248 2574 1833 2653">
    <p class='ocr_par' dir='ltr' id='par_1_28' title="bbox 248 2574 1833 2653">
     <span class='ocr_line' id='line_1_28' title="bbox 248 2574 1833 2653; baseline -0.005 -19"><span class='ocrx_word' id='word_1_198' title='bbox 248 2582 526 2653; x_wconf 76' lang='grc' dir='ltr'>τρέχουσι,</span> <span class='ocrx_word' id='word_1_199' title='bbox 583 2581 792 2652; x_wconf 77' lang='grc' dir='ltr'>ταχινοὶ</span> <span class='ocrx_word' id='word_1_200' title='bbox 834 2582 1020 2650; x_wconf 67' lang='grc' dir='ltr'>ἐκχέαι</span> <span class='ocrx_word' id='word_1_201' title='bbox 1067 2577 1229 2652; x_wconf 75' lang='grc' dir='ltr'>αἷμα,</span> <span class='ocrx_word' id='word_1_202' title='bbox 1272 2580 1365 2632; x_wconf 73' lang='grc' dir='ltr'>καὶ</span> <span class='ocrx_word' id='word_1_203' title='bbox 1392 2579 1442 2632; x_wconf 87' lang='grc' dir='ltr'><strong>οἰ</strong></span> <span class='ocrx_word' id='word_1_204' title='bbox 1492 2574 1833 2645; x_wconf 73' lang='grc' dir='ltr'>διαλογισμοὶ</span> 
     </span>
    </p>
   </div>
   <div class='ocr_carea' id='block_1_29' title="bbox 243 2656 1830 2743">
    <p class='ocr_par' dir='ltr' id='par_1_29' title="bbox 243 2656 1830 2743">
     <span class='ocr_line' id='line_1_29' title="bbox 243 2656 1830 2743; baseline -0.005 -18"><span class='ocrx_word' id='word_1_205' title='bbox 243 2656 450 2736; x_wconf 80' lang='grc' dir='ltr'>αὐτῶν,</span> <span class='ocrx_word' id='word_1_206' title='bbox 481 2672 823 2743; x_wconf 80' lang='grc' dir='ltr'>διαλογισμοὶ</span> <span class='ocrx_word' id='word_1_207' title='bbox 855 2672 965 2725; x_wconf 83' lang='grc' dir='ltr'><strong>ἀπὸ</strong></span> <span class='ocrx_word' id='word_1_208' title='bbox 1015 2673 1210 2741; x_wconf 85' lang='grc' dir='ltr'>φόνων.</span> <span class='ocrx_word' id='word_1_209' title='bbox 1246 2669 1570 2740; x_wconf 85' lang='grc' dir='ltr'>Σύντριμμα</span> <span class='ocrx_word' id='word_1_210' title='bbox 1606 2665 1702 2719; x_wconf 78' lang='grc' dir='ltr'>καὶ</span> <span class='ocrx_word' id='word_1_211' title='bbox 1734 2683 1830 2718; x_wconf 87' lang='grc' dir='ltr'>τα-</span> 
     </span>
    </p>
   </div>
   <div class='ocr_carea' id='block_1_30' title="bbox 242 2758 1832 2834">
    <p class='ocr_par' dir='ltr' id='par_1_30' title="bbox 242 2758 1832 2834">
     <span class='ocr_line' id='line_1_30' title="bbox 242 2758 1832 2834; baseline -0.006 -16"><span class='ocrx_word' id='word_1_212' title='bbox 242 2762 524 2834; x_wconf 77' lang='grc' dir='ltr'>λαιπωρία</span> <span class='ocrx_word' id='word_1_213' title='bbox 550 2764 609 2817; x_wconf 85' lang='lat' dir='ltr'><strong>tv</strong></span> <span class='ocrx_word' id='word_1_214' title='bbox 635 2766 755 2827; x_wconf 90' lang='grc' dir='ltr'>ταῖς</span> <span class='ocrx_word' id='word_1_215' title='bbox 782 2763 920 2828; x_wconf 84' lang='grc' dir='ltr'>ὁδοῖς</span> <span class='ocrx_word' id='word_1_216' title='bbox 953 2762 1156 2826; x_wconf 84' lang='grc' dir='ltr'>αὑτῶν,</span> <span class='ocrx_word' id='word_1_217' title='bbox 1190 2762 1285 2814; x_wconf 84' lang='grc' dir='ltr'>καὶ</span> <span class='ocrx_word' id='word_1_218' title='bbox 1328 2761 1446 2814; x_wconf 82' lang='grc' dir='ltr'>ὁδὸν</span> <span class='ocrx_word' id='word_1_219' title='bbox 1484 2760 1704 2830; x_wconf 84' lang='grc' dir='ltr'>εἰρήνης</span> <span class='ocrx_word' id='word_1_220' title='bbox 1731 2758 1832 2810; x_wconf 89' lang='grc' dir='ltr'><strong>οὑκ</strong></span> 
     </span>
    </p>
   </div>
   <div class='ocr_carea' id='block_1_31' title="bbox 239 2848 1834 2924">
    <p class='ocr_par' dir='ltr' id='par_1_31' title="bbox 239 2848 1834 2924">
     <span class='ocr_line' id='line_1_31' title="bbox 239 2848 1834 2924; baseline -0.004 -17"><span class='ocrx_word' id='word_1_221' title='bbox 239 2852 476 2907; x_wconf 70' lang='grc' dir='ltr'>οἴδασιν.</span> <span class='ocrx_word' id='word_1_222' title='bbox 518 2870 538 2904; x_wconf 73' lang='grc' dir='ltr'><strong>ι</strong></span> <span class='ocrx_word' id='word_1_223' title='bbox 575 2851 788 2924; x_wconf 73' lang='grc' dir='ltr'>θύγάρ</span> <span class='ocrx_word' id='word_1_224' title='bbox 816 2852 1178 2923; x_wconf 79' lang='grc' dir='ltr'>παρεδέξαντο</span> <span class='ocrx_word' id='word_1_225' title='bbox 1199 2852 1290 2904; x_wconf 80' lang='grc' dir='ltr'>τὸν</span> <span class='ocrx_word' id='word_1_226' title='bbox 1323 2851 1421 2922; x_wconf 77' lang='grc' dir='ltr'>τῆς</span> <span class='ocrx_word' id='word_1_227' title='bbox 1447 2851 1665 2921; x_wconf 86' lang='grc' dir='ltr'>εἰρήνης</span> <span class='ocrx_word' id='word_1_228' title='bbox 1696 2848 1834 2920; x_wconf 89' lang='grc' dir='ltr'>πρύ-</span> 
     </span>
    </p>
   </div>
   <div class='ocr_carea' id='block_1_32' title="bbox 239 2938 1828 3016">
    <p class='ocr_par' dir='ltr' id='par_1_32' title="bbox 239 2938 1828 3016">
     <span class='ocr_line' id='line_1_32' title="bbox 239 2938 1828 3016; baseline -0.004 -18"><span class='ocrx_word' id='word_1_229' title='bbox 239 2959 421 3008; x_wconf 76' lang='grc' dir='ltr'>τανιν,</span> <span class='ocrx_word' id='word_1_230' title='bbox 456 2944 586 3015; x_wconf 81' lang='grc' dir='ltr'>περὶ</span> <span class='ocrx_word' id='word_1_231' title='bbox 619 2938 680 2997; x_wconf 79' lang='grc' dir='ltr'><strong>οὗ</strong></span> <span class='ocrx_word' id='word_1_232' title='bbox 715 2944 929 3016; x_wconf 74' lang='grc' dir='ltr'>εἴρηται</span> <span class='ocrx_word' id='word_1_233' title='bbox 950 2960 965 2973; x_wconf 76' lang='grc' dir='ltr'><strong><em>ο</em></strong></span> <span class='ocrx_word' id='word_1_234' title='bbox 999 2961 1016 2992; x_wconf 83' lang='lat' dir='ltr'><strong>t</strong></span> <span class='ocrx_word' id='word_1_235' title='bbox 1049 2942 1220 3006; x_wconf 79' lang='grc' dir='ltr'>Αὑτὺς</span> <span class='ocrx_word' id='word_1_236' title='bbox 1245 2942 1353 3012; x_wconf 83' lang='grc' dir='ltr'><strong>γάρ</strong></span> <span class='ocrx_word' id='word_1_237' title='bbox 1399 2943 1546 2992; x_wconf 87' lang='grc' dir='ltr'>ὲστιν</span> <span class='ocrx_word' id='word_1_238' title='bbox 1574 2942 1607 3010; x_wconf 77' lang='grc' dir='ltr'>ἡ</span> <span class='ocrx_word' id='word_1_239' title='bbox 1639 2941 1828 3011; x_wconf 87' lang='grc' dir='ltr'>εἰρήνη</span> 
     </span>
    </p>
   </div>
   <div class='ocr_carea' id='block_1_33' title="bbox 241 3029 1834 3106">
    <p class='ocr_par' dir='ltr' id='par_1_33' title="bbox 241 3029 1834 3106">
     <span class='ocr_line' id='line_1_33' title="bbox 241 3029 1834 3106; baseline -0.004 -17"><span class='ocrx_word' id='word_1_240' title='bbox 241 3035 438 3106; x_wconf 76' lang='grc' dir='ltr'>ἡμῶν·</span> <span class='ocrx_word' id='word_1_241' title='bbox 488 3053 508 3086; x_wconf 76' lang='grc' dir='ltr'><strong>ι</strong></span> <span class='ocrx_word' id='word_1_242' title='bbox 541 3033 622 3088; x_wconf 80' lang='grc' dir='ltr'>διὸ</span> <span class='ocrx_word' id='word_1_243' title='bbox 669 3036 784 3098; x_wconf 85' lang='grc' dir='ltr'>τοῖς</span> <span class='ocrx_word' id='word_1_244' title='bbox 826 3033 992 3088; x_wconf 88' lang='grc' dir='ltr'>αὑτοῦ</span> <span class='ocrx_word' id='word_1_245' title='bbox 1036 3031 1307 3105; x_wconf 80' lang='grc' dir='ltr'>μαθηταῖς</span> <span class='ocrx_word' id='word_1_246' title='bbox 1350 3030 1554 3101; x_wconf 89' lang='grc' dir='ltr'>ταύτην</span> <span class='ocrx_word' id='word_1_247' title='bbox 1580 3029 1834 3102; x_wconf 78' lang='grc' dir='ltr'>προξενεῖ</span> 
     </span>
    </p>
   </div>
   <div class='ocr_carea' id='block_1_34' title="bbox 241 3121 1830 3196">
    <p class='ocr_par' dir='ltr' id='par_1_34' title="bbox 241 3121 1830 3196">
     <span class='ocr_line' id='line_1_34' title="bbox 241 3121 1830 3196; baseline -0.003 -19"><span class='ocrx_word' id='word_1_248' title='bbox 241 3125 450 3192; x_wconf 87' lang='grc' dir='ltr'>λέγων·</span> <span class='ocrx_word' id='word_1_249' title='bbox 474 3143 492 3175; x_wconf 85' lang='lat' dir='ltr'><strong>t</strong></span> <span class='ocrx_word' id='word_1_250' title='bbox 516 3125 755 3196; x_wconf 80' lang='grc' dir='ltr'>Εἰρήνην</span> <span class='ocrx_word' id='word_1_251' title='bbox 769 3123 870 3196; x_wconf 81' lang='grc' dir='ltr'>τὴν</span> <span class='ocrx_word' id='word_1_252' title='bbox 897 3123 1034 3195; x_wconf 73' lang='grc' dir='ltr'>ἐμὴν</span> <span class='ocrx_word' id='word_1_253' title='bbox 1065 3123 1256 3194; x_wconf 81' lang='grc' dir='ltr'>δίδωμι</span> <span class='ocrx_word' id='word_1_254' title='bbox 1294 3123 1444 3194; x_wconf 88' lang='grc' dir='ltr'>ὑμῖν,</span> <span class='ocrx_word' id='word_1_255' title='bbox 1469 3122 1693 3193; x_wconf 81' lang='grc' dir='ltr'>εἰρήνην</span> <span class='ocrx_word' id='word_1_256' title='bbox 1730 3121 1830 3192; x_wconf 85' lang='grc' dir='ltr'>τὴν</span> 
     </span>
    </p>
   </div>
   <div class='ocr_carea' id='block_1_35' title="bbox 240 3215 1834 3286">
    <p class='ocr_par' dir='ltr' id='par_1_35' title="bbox 240 3215 1834 3286">
     <span class='ocr_line' id='line_1_35' title="bbox 240 3215 1834 3286; baseline -0.001 -17"><span class='ocrx_word' id='word_1_257' title='bbox 240 3217 384 3286; x_wconf 71' lang='grc' dir='ltr'>ιμὴν</span> <span class='ocrx_word' id='word_1_258' title='bbox 421 3215 620 3286; x_wconf 81' lang='grc' dir='ltr'>ἀφίημι</span> <span class='ocrx_word' id='word_1_259' title='bbox 648 3216 796 3285; x_wconf 90' lang='grc' dir='ltr'>ὑμῖν.</span> <span class='ocrx_word' id='word_1_260' title='bbox 821 3234 842 3268; x_wconf 76' lang='grc' dir='ltr'><strong>ι</strong></span> <span class='ocrx_word' id='word_1_261' title='bbox 869 3245 937 3256; x_wconf 91' lang='grc'><strong>-</strong></span> <span class='ocrx_word' id='word_1_262' title='bbox 957 3234 975 3266; x_wconf 81' lang='grc' dir='ltr'><strong>ι</strong></span> <span class='ocrx_word' id='word_1_263' title='bbox 1000 3217 1108 3269; x_wconf 69' lang='grc' dir='ltr'><strong>Καὶ</strong></span> <span class='ocrx_word' id='word_1_264' title='bbox 1134 3216 1234 3268; x_wconf 82' lang='grc' dir='ltr'><strong>οὑκ</strong></span> <span class='ocrx_word' id='word_1_265' title='bbox 1266 3215 1383 3269; x_wconf 78' lang='grc' dir='ltr'>ἐστι</span> <span class='ocrx_word' id='word_1_266' title='bbox 1418 3215 1599 3286; x_wconf 84' lang='grc' dir='ltr'>κρίσις</span> <span class='ocrx_word' id='word_1_267' title='bbox 1626 3216 1685 3268; x_wconf 81' lang='grc' dir='ltr'>ὲν</span> <span class='ocrx_word' id='word_1_268' title='bbox 1713 3217 1834 3280; x_wconf 89' lang='grc' dir='ltr'>ταῖς</span> 
     </span>
    </p>
   </div>
   <div class='ocr_carea' id='block_1_36' title="bbox 238 3305 1832 3378">
    <p class='ocr_par' dir='ltr' id='par_1_36' title="bbox 238 3305 1832 3378">
     <span class='ocr_line' id='line_1_36' title="bbox 238 3305 1832 3378; baseline 0 -19"><span class='ocrx_word' id='word_1_269' title='bbox 238 3307 387 3369; x_wconf 78' lang='grc' dir='ltr'>ὁδοῖς</span> <span class='ocrx_word' id='word_1_270' title='bbox 412 3307 610 3359; x_wconf 81' lang='grc' dir='ltr'>αὐτῶν.</span> <span class='ocrx_word' id='word_1_271' title='bbox 636 3307 702 3359; x_wconf 78' lang='grc' dir='ltr'><strong>Δί</strong></span> <span class='ocrx_word' id='word_1_272' title='bbox 729 3305 838 3377; x_wconf 83' lang='grc' dir='ltr'>γὰρ</span> <span class='ocrx_word' id='word_1_273' title='bbox 869 3306 1046 3377; x_wconf 82' lang='grc' dir='ltr'>τρίϐοι</span> <span class='ocrx_word' id='word_1_274' title='bbox 1077 3306 1258 3360; x_wconf 87' lang='grc' dir='ltr'>αὑτῶν</span> <span class='ocrx_word' id='word_1_275' title='bbox 1283 3305 1733 3378; x_wconf 84' lang='grc' dir='ltr'>διεστραμμέναι,</span> <span class='ocrx_word' id='word_1_276' title='bbox 1763 3306 1832 3369; x_wconf 78' lang='grc' dir='ltr'>ἃς</span> 
     </span>
    </p>
   </div>
   <div class='ocr_carea' id='block_1_37' title="bbox 239 3395 1833 3468">
    <p class='ocr_par' dir='ltr' id='par_1_37' title="bbox 239 3395 1833 3468">
     <span class='ocr_line' id='line_1_37' title="bbox 239 3395 1833 3468; baseline -0.001 -18"><span class='ocrx_word' id='word_1_277' title='bbox 239 3396 567 3450; x_wconf 87' lang='grc' dir='ltr'>διοδεύουσι·</span> <span class='ocrx_word' id='word_1_278' title='bbox 599 3396 695 3450; x_wconf 76' lang='grc' dir='ltr'>καὶ</span> <span class='ocrx_word' id='word_1_279' title='bbox 731 3396 831 3448; x_wconf 88' lang='grc' dir='ltr'>οὐκ</span> <span class='ocrx_word' id='word_1_280' title='bbox 871 3395 1076 3449; x_wconf 70' lang='grc' dir='ltr'>οἴδασιν</span> <span class='ocrx_word' id='word_1_281' title='bbox 1123 3397 1369 3468; x_wconf 85' lang='grc' dir='ltr'>εἰρήνην.</span> <span class='ocrx_word' id='word_1_282' title='bbox 1404 3415 1423 3447; x_wconf 74' lang='grc' dir='ltr'><strong>ι</strong></span> <span class='ocrx_word' id='word_1_283' title='bbox 1460 3395 1833 3467; x_wconf 80' lang='grc' dir='ltr'>Ψηλαφῶντες</span> 
     </span>
    </p>
   </div>
   <div class='ocr_carea' id='block_1_38' title="bbox 241 3485 1832 3559">
    <p class='ocr_par' dir='ltr' id='par_1_38' title="bbox 241 3485 1832 3559">
     <span class='ocr_line' id='line_1_38' title="bbox 241 3485 1832 3559; baseline 0.002 -21"><span class='ocrx_word' id='word_1_284' title='bbox 241 3486 356 3556; x_wconf 83' lang='grc' dir='ltr'>γὰρ</span> <span class='ocrx_word' id='word_1_285' title='bbox 382 3486 477 3550; x_wconf 88' lang='grc' dir='ltr'><strong>τάς</strong></span> <span class='ocrx_word' id='word_1_286' title='bbox 505 3486 656 3550; x_wconf 85' lang='grc' dir='ltr'>θείας</span> <span class='ocrx_word' id='word_1_287' title='bbox 683 3485 930 3557; x_wconf 83' lang='grc' dir='ltr'>Γραφάς,</span> <span class='ocrx_word' id='word_1_288' title='bbox 980 3489 1042 3541; x_wconf 87' lang='grc' dir='ltr'><strong>οὑ</strong></span> <span class='ocrx_word' id='word_1_289' title='bbox 1090 3488 1301 3541; x_wconf 90' lang='grc' dir='ltr'>συνίασι</span> <span class='ocrx_word' id='word_1_290' title='bbox 1328 3488 1420 3542; x_wconf 81' lang='grc' dir='ltr'>τὸν</span> <span class='ocrx_word' id='word_1_291' title='bbox 1465 3491 1525 3542; x_wconf 84' lang='lat' dir='ltr'><strong>tv</strong></span> <span class='ocrx_word' id='word_1_292' title='bbox 1553 3489 1704 3559; x_wconf 81' lang='grc' dir='ltr'>βάθει</span> <span class='ocrx_word' id='word_1_293' title='bbox 1725 3490 1832 3541; x_wconf 89' lang='grc' dir='ltr'><strong>τῶν</strong></span> 
     </span>
    </p>
   </div>
   <div class='ocr_carea' id='block_1_39' title="bbox 241 3575 1832 3649">
    <p class='ocr_par' dir='ltr' id='par_1_39' title="bbox 241 3575 1832 3649">
     <span class='ocr_line' id='line_1_39' title="bbox 241 3575 1832 3649; baseline 0.001 -21"><span class='ocrx_word' id='word_1_294' title='bbox 241 3575 444 3641; x_wconf 80' lang='grc' dir='ltr'>λέξεων</span> <span class='ocrx_word' id='word_1_295' title='bbox 473 3575 968 3648; x_wconf 82' lang='grc' dir='ltr'>ἀποκεκρυμμένον</span> <span class='ocrx_word' id='word_1_296' title='bbox 1001 3575 1126 3630; x_wconf 83' lang='grc' dir='ltr'>νοῦν</span> <span class='ocrx_word' id='word_1_297' title='bbox 1151 3594 1166 3606; x_wconf 87' lang='grc'><strong>·</strong></span> <span class='ocrx_word' id='word_1_298' title='bbox 1196 3576 1324 3648; x_wconf 78' lang='grc' dir='ltr'>περὶ</span> <span class='ocrx_word' id='word_1_299' title='bbox 1353 3576 1409 3629; x_wconf 84' lang='grc' dir='ltr'>δὲ</span> <span class='ocrx_word' id='word_1_300' title='bbox 1436 3575 1500 3646; x_wconf 82' lang='grc' dir='ltr'>δὴ</span> <span class='ocrx_word' id='word_1_301' title='bbox 1517 3630 1522 3637; x_wconf 77' lang='grc'><strong>,</strong></span> <span class='ocrx_word' id='word_1_302' title='bbox 1539 3577 1706 3648; x_wconf 85' lang='grc' dir='ltr'>μόνην</span> <span class='ocrx_word' id='word_1_303' title='bbox 1734 3578 1832 3649; x_wconf 81' lang='grc' dir='ltr'>τὴν</span> 
     </span>
    </p>
   </div>
   <div class='ocr_carea' id='block_1_40' title="bbox 240 3665 1820 3740">
    <p class='ocr_par' dir='ltr' id='par_1_40' title="bbox 240 3665 1820 3740">
     <span class='ocr_line' id='line_1_40' title="bbox 240 3665 1820 3740; baseline 0.002 -20"><span class='ocrx_word' id='word_1_304' title='bbox 240 3665 390 3732; x_wconf 81' lang='grc' dir='ltr'>λέξιν</span> <span class='ocrx_word' id='word_1_305' title='bbox 414 3666 835 3738; x_wconf 84' lang='grc' dir='ltr'>ἀσχολούμενοι,</span> <span class='ocrx_word' id='word_1_306' title='bbox 860 3665 1052 3739; x_wconf 87' lang='grc' dir='ltr'>ῶσπερ</span> <span class='ocrx_word' id='word_1_307' title='bbox 1073 3668 1197 3722; x_wconf 80' lang='grc' dir='ltr'>τινὰ</span> <span class='ocrx_word' id='word_1_308' title='bbox 1219 3671 1395 3740; x_wconf 87' lang='grc' dir='ltr'>τοῖχον</span> <span class='ocrx_word' id='word_1_309' title='bbox 1415 3669 1626 3722; x_wconf 73' lang='grc' dir='ltr'>ἐοίκασι</span> <span class='ocrx_word' id='word_1_310' title='bbox 1653 3668 1820 3740; x_wconf 80' lang='grc' dir='ltr'>ψηλα-</span> 
     </span>
    </p>
   </div>
   <div class='ocr_carea' id='block_1_41' title="bbox 241 3758 884 3828">
    <p class='ocr_par' dir='ltr' id='par_1_41' title="bbox 241 3758 884 3828">
     <span class='ocr_line' id='line_1_41' title="bbox 241 3758 884 3828; baseline 0.008 -19"><span class='ocrx_word' id='word_1_311' title='bbox 241 3758 375 3828; x_wconf 62' lang='grc' dir='ltr'>κᾷν.</span> <span class='ocrx_word' id='word_1_312' title='bbox 877 3806 884 3814; x_wconf 86' lang='grc'>,</span> 
     </span>
    </p>
   </div>
   <div class='ocr_carea' id='block_1_42' title="bbox 372 3847 1830 3927">
    <p class='ocr_par' dir='ltr' id='par_1_42' title="bbox 372 3847 1830 3927">
     <span class='ocr_line' id='line_1_42' title="bbox 372 3847 1830 3927; baseline 0.005 -26"><span class='ocrx_word' id='word_1_313' title='bbox 372 3847 472 3901; x_wconf 85' lang='grc' dir='ltr'>Διά</span> <span class='ocrx_word' id='word_1_314' title='bbox 499 3849 653 3903; x_wconf 87' lang='grc' dir='ltr'>τοῦτο</span> <span class='ocrx_word' id='word_1_315' title='bbox 675 3851 884 3923; x_wconf 82' lang='grc' dir='ltr'>ἀπέστη</span> <span class='ocrx_word' id='word_1_316' title='bbox 910 3853 942 3922; x_wconf 81' lang='grc' dir='ltr'>ἡ</span> <span class='ocrx_word' id='word_1_317' title='bbox 983 3851 1165 3923; x_wconf 89' lang='grc' dir='ltr'>κρίσις</span> <span class='ocrx_word' id='word_1_318' title='bbox 1193 3851 1287 3904; x_wconf 88' lang='grc' dir='ltr'>ἀπ’</span> <span class='ocrx_word' id='word_1_319' title='bbox 1316 3851 1512 3919; x_wconf 87' lang='grc' dir='ltr'>αὑτῶν,</span> <span class='ocrx_word' id='word_1_320' title='bbox 1544 3856 1638 3906; x_wconf 78' lang='grc' dir='ltr'>καὶ</span> <span class='ocrx_word' id='word_1_321' title='bbox 1664 3855 1724 3907; x_wconf 86' lang='grc' dir='ltr'><strong>οὑ</strong></span> <span class='ocrx_word' id='word_1_322' title='bbox 1755 3855 1830 3927; x_wconf 83' lang='grc' dir='ltr'>μὴ</span> 
     </span>
    </p>
   </div>
   <div class='ocr_carea' id='block_1_43' title="bbox 240 3938 1830 4013">
    <p class='ocr_par' dir='ltr' id='par_1_43' title="bbox 240 3938 1830 4013">
     <span class='ocr_line' id='line_1_43' title="bbox 240 3938 1830 4013; baseline 0.003 -21"><span class='ocrx_word' id='word_1_323' title='bbox 240 3938 529 4013; x_wconf 75' lang='grc' dir='ltr'>καταλάϐῃ</span> <span class='ocrx_word' id='word_1_324' title='bbox 568 3942 765 4005; x_wconf 81' lang='grc' dir='ltr'>αὐτοὺς</span> <span class='ocrx_word' id='word_1_325' title='bbox 817 3941 1129 4012; x_wconf 82' lang='grc' dir='ltr'>δικαιοσύνη</span> <span class='ocrx_word' id='word_1_326' title='bbox 1153 3960 1164 3970; x_wconf 93' lang='grc'>·</span> <span class='ocrx_word' id='word_1_327' title='bbox 1203 3943 1613 4007; x_wconf 82' lang='grc' dir='ltr'>ὑπομεινάντων</span> <span class='ocrx_word' id='word_1_328' title='bbox 1652 3944 1830 3997; x_wconf 87' lang='grc' dir='ltr'>αὑτῶν</span> 
     </span>
    </p>
   </div>
   <div class='ocr_carea' id='block_1_44' title="bbox 241 4029 1827 4108">
    <p class='ocr_par' dir='ltr' id='par_1_44' title="bbox 241 4029 1827 4108">
     <span class='ocr_line' id='line_1_44' title="bbox 241 4029 1827 4108; baseline 0.006 -27"><span class='ocrx_word' id='word_1_329' title='bbox 241 4029 386 4097; x_wconf 85' lang='grc' dir='ltr'>φῶς,</span> <span class='ocrx_word' id='word_1_330' title='bbox 423 4031 638 4098; x_wconf 77' lang='grc' dir='ltr'>ἐγένετο</span> <span class='ocrx_word' id='word_1_331' title='bbox 677 4033 861 4096; x_wconf 83' lang='grc' dir='ltr'>αὐτοῖς</span> <span class='ocrx_word' id='word_1_332' title='bbox 909 4033 1134 4097; x_wconf 88' lang='grc' dir='ltr'>σκότος·</span> <span class='ocrx_word' id='word_1_333' title='bbox 1188 4034 1472 4104; x_wconf 82' lang='grc' dir='ltr'>μείναντες</span> <span class='ocrx_word' id='word_1_334' title='bbox 1516 4035 1716 4108; x_wconf 80' lang='grc' dir='ltr'>αὐγὴν,</span> <span class='ocrx_word' id='word_1_335' title='bbox 1769 4039 1827 4091; x_wconf 78' lang='grc' dir='ltr'>ἐν</span> 
     </span>
    </p>
   </div>
   <div class='ocr_carea' id='block_1_45' title="bbox 237 4119 1827 4196">
    <p class='ocr_par' dir='ltr' id='par_1_45' title="bbox 237 4119 1827 4196">
     <span class='ocr_line' id='line_1_45' title="bbox 237 4119 1827 4196; baseline 0.005 -23"><span class='ocrx_word' id='word_1_336' title='bbox 237 4119 422 4191; x_wconf 79' lang='grc' dir='ltr'>ἀωρίᾳ</span> <span class='ocrx_word' id='word_1_337' title='bbox 443 4125 875 4194; x_wconf 80' lang='grc' dir='ltr'>περιεπάτησαν.</span> <span class='ocrx_word' id='word_1_338' title='bbox 923 4125 1347 4196; x_wconf 65' lang='grc' dir='ltr'><strong>ι1³ἠλαιινήσουσιν</strong></span> <span class='ocrx_word' id='word_1_339' title='bbox 1374 4126 1451 4190; x_wconf 83' lang='grc' dir='ltr'><strong>ὡς</strong></span> <span class='ocrx_word' id='word_1_340' title='bbox 1496 4127 1690 4196; x_wconf 76' lang='grc' dir='ltr'>τυφλοὶ</span> <span class='ocrx_word' id='word_1_341' title='bbox 1714 4131 1827 4181; x_wconf 89' lang='grc' dir='ltr'>τοῖ-</span> 
     </span>
    </p>
   </div>
   <div class='ocr_carea' id='block_1_46' title="bbox 237 4213 1822 4290">
    <p class='ocr_par' dir='ltr' id='par_1_46' title="bbox 237 4213 1822 4290">
     <span class='ocr_line' id='line_1_46' title="bbox 237 4213 1822 4290; baseline 0.006 -26"><span class='ocrx_word' id='word_1_342' title='bbox 237 4229 358 4282; x_wconf 82' lang='grc' dir='ltr'>χον,</span> <span class='ocrx_word' id='word_1_343' title='bbox 395 4213 488 4266; x_wconf 76' lang='grc' dir='ltr'>καὶ</span> <span class='ocrx_word' id='word_1_344' title='bbox 513 4214 588 4276; x_wconf 82' lang='grc' dir='ltr'>ὡς</span> <span class='ocrx_word' id='word_1_345' title='bbox 613 4215 711 4284; x_wconf 84' lang='grc' dir='ltr'>οὐχ</span> <span class='ocrx_word' id='word_1_346' title='bbox 743 4217 1094 4286; x_wconf 79' lang='grc' dir='ltr'>ὑπαρχόντων</span> <span class='ocrx_word' id='word_1_347' title='bbox 1110 4216 1404 4286; x_wconf 86' lang='grc' dir='ltr'>ὀφθαλμῶν</span> <span class='ocrx_word' id='word_1_348' title='bbox 1423 4217 1822 4290; x_wconf 70' lang='grc' dir='ltr'>ψηλαφήσουσι,</span> 
     </span>
    </p>
   </div>
   <div class='ocr_carea' id='block_1_47' title="bbox 1861 3177 1904 3234">
    <p class='ocr_par' dir='ltr' id='par_1_47' title="bbox 1861 3177 1904 3234">
     <span class='ocr_line' id='line_1_47' title="bbox 1861 3177 1904 3234; baseline 0 0"><span class='ocrx_word' id='word_1_349' title='bbox 1861 3177 1904 3234; x_wconf 86' lang='lat' dir='ltr'>C</span> 
     </span>
    </p>
   </div>
   <div class='ocr_carea' id='block_1_48' title="bbox 1940 578 3525 649">
    <p class='ocr_par' dir='ltr' id='par_1_48' title="bbox 1940 578 3525 649">
     <span class='ocr_line' id='line_1_48' title="bbox 1940 578 3525 649; baseline 0.001 -17"><span class='ocrx_word' id='word_1_350' title='bbox 1940 579 2167 632; x_wconf 89' lang='lat' dir='ltr'><strong>hibitam</strong></span> <span class='ocrx_word' id='word_1_351' title='bbox 2196 580 2600 647; x_wconf 86' lang='lat' dir='ltr'><strong>improbitatem</strong></span> <span class='ocrx_word' id='word_1_352' title='bbox 2629 618 2644 643; x_wconf 89' lang='lat'><strong><em>,</em></strong></span> <span class='ocrx_word' id='word_1_353' title='bbox 2674 578 2985 634; x_wconf 86' lang='lat' dir='ltr'><strong>divinarum</strong></span> <span class='ocrx_word' id='word_1_354' title='bbox 3022 579 3243 649; x_wconf 87' lang='lat' dir='ltr'><strong>quidem</strong></span> <span class='ocrx_word' id='word_1_355' title='bbox 3275 579 3525 648; x_wconf 85' lang='lat' dir='ltr'><strong>Scriptu-</strong></span> 
     </span>
    </p>
   </div>
   <div class='ocr_carea' id='block_1_49' title="bbox 1939 670 3522 742">
    <p class='ocr_par' dir='ltr' id='par_1_49' title="bbox 1939 670 3522 742">
     <span class='ocr_line' id='line_1_49' title="bbox 1939 670 3522 742; baseline 0.003 -18"><span class='ocrx_word' id='word_1_356' title='bbox 1939 685 2122 725; x_wconf 87' lang='lat' dir='ltr'><strong>rarum</strong></span> <span class='ocrx_word' id='word_1_357' title='bbox 2146 671 2448 727; x_wconf 74' lang='lat' dir='ltr'><strong>doctrinam</strong></span> <span class='ocrx_word' id='word_1_358' title='bbox 2478 670 2806 742; x_wconf 79' lang='lat' dir='ltr'><strong>proﬁtentur</strong></span> <span class='ocrx_word' id='word_1_359' title='bbox 2827 712 2842 739; x_wconf 87' lang='lat'><strong><em>,</em></strong></span> <span class='ocrx_word' id='word_1_360' title='bbox 2891 672 2946 727; x_wconf 91' lang='lat' dir='ltr'><strong>in</strong></span> <span class='ocrx_word' id='word_1_361' title='bbox 2990 673 3163 728; x_wconf 80' lang='lat' dir='ltr'><strong>aniles</strong></span> <span class='ocrx_word' id='word_1_362' title='bbox 3191 688 3321 730; x_wconf 90' lang='lat' dir='ltr'><strong>vero</strong></span> <span class='ocrx_word' id='word_1_363' title='bbox 3366 673 3522 730; x_wconf 76' lang='lat' dir='ltr'><strong>fabu-</strong></span> 
     </span>
    </p>
   </div>
   <div class='ocr_carea' id='block_1_50' title="bbox 1939 762 3523 836">
    <p class='ocr_par' dir='ltr' id='par_1_50' title="bbox 1939 762 3523 836">
     <span class='ocr_line' id='line_1_50' title="bbox 1939 762 3523 836; baseline 0.004 -22"><span class='ocrx_word' id='word_1_364' title='bbox 1939 762 2019 817; x_wconf 87' lang='lat' dir='ltr'><strong>las</strong></span> <span class='ocrx_word' id='word_1_365' title='bbox 2046 771 2104 817; x_wconf 91' lang='lat' dir='ltr'><strong>et</strong></span> <span class='ocrx_word' id='word_1_366' title='bbox 2133 764 2186 818; x_wconf 89' lang='lat' dir='ltr'><strong>in</strong></span> <span class='ocrx_word' id='word_1_367' title='bbox 2222 764 2539 818; x_wconf 72' lang='lat' dir='ltr'><strong>traditiones</strong></span> <span class='ocrx_word' id='word_1_368' title='bbox 2573 763 2858 819; x_wconf 77' lang='lat' dir='ltr'><strong>hominum</strong></span> <span class='ocrx_word' id='word_1_369' title='bbox 2906 764 3257 830; x_wconf 89' lang='lat' dir='ltr'><strong>delabuntur,</strong></span> <span class='ocrx_word' id='word_1_370' title='bbox 3287 782 3407 836; x_wconf 74' lang='lat' dir='ltr'><strong>quae</strong></span> <span class='ocrx_word' id='word_1_371' title='bbox 3437 769 3523 822; x_wconf 80' lang='lat' dir='ltr'><strong>ui-</strong></span> 
     </span>
    </p>
   </div>
   <div class='ocr_carea' id='block_1_51' title="bbox 1938 854 3524 929">
    <p class='ocr_par' dir='ltr' id='par_1_51' title="bbox 1938 854 3524 929">
     <span class='ocr_line' id='line_1_51' title="bbox 1938 854 3524 929; baseline 0.003 -21"><span class='ocrx_word' id='word_1_372' title='bbox 1938 854 2012 908; x_wconf 92' lang='lat' dir='ltr'><strong>hil</strong></span> <span class='ocrx_word' id='word_1_373' title='bbox 2051 869 2241 909; x_wconf 87' lang='lat' dir='ltr'><strong>sanum</strong></span> <span class='ocrx_word' id='word_1_374' title='bbox 2262 894 2278 920; x_wconf 88' lang='lat'><strong>,</strong></span> <span class='ocrx_word' id='word_1_375' title='bbox 2310 856 2442 909; x_wconf 84' lang='lat' dir='ltr'><strong>utile</strong></span> <span class='ocrx_word' id='word_1_376' title='bbox 2473 855 2609 910; x_wconf 86' lang='lat' dir='ltr'><strong>nihil</strong></span> <span class='ocrx_word' id='word_1_377' title='bbox 2662 855 2906 922; x_wconf 84' lang='lat' dir='ltr'><strong>habent;</strong></span> <span class='ocrx_word' id='word_1_378' title='bbox 2938 858 3135 929; x_wconf 84' lang='lat' dir='ltr'><strong>merito</strong></span> <span class='ocrx_word' id='word_1_379' title='bbox 3164 857 3367 926; x_wconf 82' lang='lat' dir='ltr'><strong>infert,</strong></span> <span class='ocrx_word' id='word_1_380' title='bbox 3401 878 3421 912; x_wconf 83' lang='grc' dir='ltr'><strong>ι</strong></span> <span class='ocrx_word' id='word_1_381' title='bbox 3457 857 3524 913; x_wconf 86' lang='grc' dir='ltr'><strong>Ει</strong></span> 
     </span>
    </p>
   </div>
   <div class='ocr_carea' id='block_1_52' title="bbox 1940 931 3516 1017">
    <p class='ocr_par' dir='ltr' id='par_1_52' title="bbox 1940 931 3516 1017">
     <span class='ocr_line' id='line_1_52' title="bbox 1940 931 3516 1017; baseline 0.006 -20"><span class='ocrx_word' id='word_1_382' title='bbox 1940 944 2101 999; x_wconf 86' lang='lat' dir='ltr'><strong>telam</strong></span> <span class='ocrx_word' id='word_1_383' title='bbox 2131 960 2349 1001; x_wconf 68' lang='lat' dir='ltr'><strong>araneae</strong></span> <span class='ocrx_word' id='word_1_384' title='bbox 2395 956 2604 1015; x_wconf 79' lang='lat' dir='ltr'><strong>texunt,</strong></span> <span class='ocrx_word' id='word_1_385' title='bbox 2650 965 2668 999; x_wconf 75' lang='grc' dir='ltr'><strong>ι</strong></span> <span class='ocrx_word' id='word_1_386' title='bbox 2704 947 2955 1017; x_wconf 87' lang='lat' dir='ltr'><strong>putidum</strong></span> <span class='ocrx_word' id='word_1_387' title='bbox 2989 931 3118 1003; x_wconf 85' lang='lat' dir='ltr'><strong>illud</strong></span> <span class='ocrx_word' id='word_1_388' title='bbox 3145 938 3334 1005; x_wconf 88' lang='lat' dir='ltr'><strong>eorum</strong></span> <span class='ocrx_word' id='word_1_389' title='bbox 3369 952 3516 1006; x_wconf 87' lang='lat' dir='ltr'><strong>inde-</strong></span> 
     </span>
    </p>
   </div>
   <div class='ocr_carea' id='block_1_53' title="bbox 1937 1035 3521 1108">
    <p class='ocr_par' dir='ltr' id='par_1_53' title="bbox 1937 1035 3521 1108">
     <span class='ocr_line' id='line_1_53' title="bbox 1937 1035 3521 1108; baseline 0.004 -20"><span class='ocrx_word' id='word_1_390' title='bbox 1937 1051 2233 1105; x_wconf 90' lang='lat' dir='ltr'><strong>corumque</strong></span> <span class='ocrx_word' id='word_1_391' title='bbox 2292 1037 2529 1091; x_wconf 87' lang='lat' dir='ltr'><strong>studium</strong></span> <span class='ocrx_word' id='word_1_392' title='bbox 2564 1035 2685 1091; x_wconf 71' lang='lat' dir='ltr'><strong>telae</strong></span> <span class='ocrx_word' id='word_1_393' title='bbox 2713 1050 2930 1092; x_wconf 65' lang='lat' dir='ltr'><strong>araneae</strong></span> <span class='ocrx_word' id='word_1_394' title='bbox 2956 1052 3305 1108; x_wconf 83' lang='lat' dir='ltr'><strong>comparans.</strong></span> <span class='ocrx_word' id='word_1_395' title='bbox 3328 1039 3521 1107; x_wconf 77' lang='lat' dir='ltr'><strong>Qualia</strong></span> 
     </span>
    </p>
   </div>
   <div class='ocr_carea' id='block_1_54' title="bbox 1939 1127 3522 1201">
    <p class='ocr_par' dir='ltr' id='par_1_54' title="bbox 1939 1127 3522 1201">
     <span class='ocr_line' id='line_1_54' title="bbox 1939 1127 3522 1201; baseline 0.005 -21"><span class='ocrx_word' id='word_1_396' title='bbox 1939 1142 2099 1196; x_wconf 89' lang='lat' dir='ltr'><strong>porro</strong></span> <span class='ocrx_word' id='word_1_397' title='bbox 2119 1141 2218 1180; x_wconf 90' lang='lat' dir='ltr'><strong>ova</strong></span> <span class='ocrx_word' id='word_1_398' title='bbox 2245 1138 2528 1201; x_wconf 85' lang='lat' dir='ltr'><strong>memorat,</strong></span> <span class='ocrx_word' id='word_1_399' title='bbox 2565 1127 2669 1182; x_wconf 87' lang='lat' dir='ltr'><strong>nisi</strong></span> <span class='ocrx_word' id='word_1_400' title='bbox 2699 1144 2763 1183; x_wconf 88' lang='lat' dir='ltr'><strong>ea</strong></span> <span class='ocrx_word' id='word_1_401' title='bbox 2789 1128 2855 1182; x_wconf 91' lang='lat' dir='ltr'><strong>de</strong></span> <span class='ocrx_word' id='word_1_402' title='bbox 2887 1129 3082 1198; x_wconf 77' lang='lat' dir='ltr'><strong>quibus</strong></span> <span class='ocrx_word' id='word_1_403' title='bbox 3113 1131 3344 1187; x_wconf 89' lang='lat' dir='ltr'><strong>dicitur:</strong></span> <span class='ocrx_word' id='word_1_404' title='bbox 3371 1151 3389 1184; x_wconf 82' lang='grc' dir='ltr'><strong>ι</strong></span> <span class='ocrx_word' id='word_1_405' title='bbox 3409 1133 3522 1189; x_wconf 82' lang='lat' dir='ltr'><strong>Ova</strong></span> 
     </span>
    </p>
   </div>
   <div class='ocr_carea' id='block_1_55' title="bbox 1939 1217 3522 1289">
    <p class='ocr_par' dir='ltr' id='par_1_55' title="bbox 1939 1217 3522 1289">
     <span class='ocr_line' id='line_1_55' title="bbox 1939 1217 3522 1289; baseline 0.004 -19"><span class='ocrx_word' id='word_1_406' title='bbox 1939 1217 2185 1285; x_wconf 84' lang='lat' dir='ltr'><strong>aspidum</strong></span> <span class='ocrx_word' id='word_1_407' title='bbox 2217 1229 2514 1286; x_wconf 86' lang='lat' dir='ltr'><strong>eruperunt</strong></span> <span class='ocrx_word' id='word_1_408' title='bbox 2541 1219 2564 1272; x_wconf 83' lang='lat'><strong><em>?</em></strong></span> <span class='ocrx_word' id='word_1_409' title='bbox 2613 1239 2631 1272; x_wconf 71' lang='grc' dir='ltr'><strong>ι</strong></span> <span class='ocrx_word' id='word_1_410' title='bbox 2674 1219 2774 1285; x_wconf 87' lang='lat' dir='ltr'><strong>Qui</strong></span> <span class='ocrx_word' id='word_1_411' title='bbox 2808 1221 2972 1289; x_wconf 79' lang='lat' dir='ltr'><strong>igitur</strong></span> <span class='ocrx_word' id='word_1_412' title='bbox 2994 1222 3046 1276; x_wconf 89' lang='lat' dir='ltr'><strong>in</strong></span> <span class='ocrx_word' id='word_1_413' title='bbox 3078 1223 3300 1277; x_wconf 76' lang='lat' dir='ltr'><strong>malitia:</strong></span> <span class='ocrx_word' id='word_1_414' title='bbox 3330 1240 3522 1277; x_wconf 86' lang='lat' dir='ltr'><strong>cumu-</strong></span> 
     </span>
    </p>
   </div>
   <div class='ocr_carea' id='block_1_56' title="bbox 1939 1309 3520 1378">
    <p class='ocr_par' dir='ltr' id='par_1_56' title="bbox 1939 1309 3520 1378">
     <span class='ocr_line' id='line_1_56' title="bbox 1939 1309 3520 1378; baseline 0.003 -17"><span class='ocrx_word' id='word_1_415' title='bbox 1939 1309 2046 1362; x_wconf 88' lang='lat' dir='ltr'><strong>lum</strong></span> <span class='ocrx_word' id='word_1_416' title='bbox 2081 1309 2430 1370; x_wconf 82' lang='lat' dir='ltr'><strong>deveuerunt,</strong></span> <span class='ocrx_word' id='word_1_417' title='bbox 2469 1311 2550 1363; x_wconf 87' lang='lat' dir='ltr'><strong>his</strong></span> <span class='ocrx_word' id='word_1_418' title='bbox 2582 1310 2812 1378; x_wconf 87' lang='lat' dir='ltr'><strong>diruptis</strong></span> <span class='ocrx_word' id='word_1_419' title='bbox 2849 1311 2987 1375; x_wconf 89' lang='lat' dir='ltr'><strong>ovis,</strong></span> <span class='ocrx_word' id='word_1_420' title='bbox 3027 1312 3194 1366; x_wconf 82' lang='lat' dir='ltr'><strong>fetum</strong></span> <span class='ocrx_word' id='word_1_421' title='bbox 3223 1313 3274 1366; x_wconf 92' lang='lat' dir='ltr'><strong>in</strong></span> <span class='ocrx_word' id='word_1_422' title='bbox 3311 1329 3369 1369; x_wconf 89' lang='lat' dir='ltr'><strong>se</strong></span> <span class='ocrx_word' id='word_1_423' title='bbox 3397 1329 3520 1368; x_wconf 82' lang='lat' dir='ltr'><strong>sus-</strong></span> 
     </span>
    </p>
   </div>
   <div class='ocr_carea' id='block_1_57' title="bbox 1937 1401 3522 1473">
    <p class='ocr_par' dir='ltr' id='par_1_57' title="bbox 1937 1401 3522 1473">
     <span class='ocr_line' id='line_1_57' title="bbox 1937 1401 3522 1473; baseline 0.004 -21"><span class='ocrx_word' id='word_1_424' title='bbox 1937 1407 2237 1466; x_wconf 89' lang='lat' dir='ltr'><strong>ceperunt:</strong></span> <span class='ocrx_word' id='word_1_425' title='bbox 2274 1401 2634 1466; x_wconf 83' lang='lat' dir='ltr'><strong>simpliciores</strong></span> <span class='ocrx_word' id='word_1_426' title='bbox 2676 1416 2804 1456; x_wconf 89' lang='lat' dir='ltr'><strong>vero</strong></span> <span class='ocrx_word' id='word_1_427' title='bbox 2851 1411 3142 1470; x_wconf 83' lang='lat' dir='ltr'><strong>antequam</strong></span> <span class='ocrx_word' id='word_1_428' title='bbox 3209 1407 3522 1473; x_wconf 79' lang='lat' dir='ltr'><strong>dirumpau-</strong></span> 
     </span>
    </p>
   </div>
   <div class='ocr_carea' id='block_1_58' title="bbox 1941 1487 3523 1562">
    <p class='ocr_par' dir='ltr' id='par_1_58' title="bbox 1941 1487 3523 1562">
     <span class='ocr_line' id='line_1_58' title="bbox 1941 1487 3523 1562; baseline 0.004 -23"><span class='ocrx_word' id='word_1_429' title='bbox 1941 1500 2028 1540; x_wconf 90' lang='lat' dir='ltr'><strong>tur</strong></span> <span class='ocrx_word' id='word_1_430' title='bbox 2056 1497 2111 1541; x_wconf 91' lang='lat' dir='ltr'><strong>et</strong></span> <span class='ocrx_word' id='word_1_431' title='bbox 2142 1487 2308 1541; x_wconf 81' lang='lat' dir='ltr'><strong>fetum</strong></span> <span class='ocrx_word' id='word_1_432' title='bbox 2337 1488 2523 1554; x_wconf 78' lang='lat' dir='ltr'><strong>edant,</strong></span> <span class='ocrx_word' id='word_1_433' title='bbox 2560 1489 2679 1558; x_wconf 80' lang='lat' dir='ltr'><strong>ipsa</strong></span> <span class='ocrx_word' id='word_1_434' title='bbox 2705 1493 3077 1556; x_wconf 86' lang='lat' dir='ltr'><strong>comedentes,</strong></span> <span class='ocrx_word' id='word_1_435' title='bbox 3109 1493 3523 1562; x_wconf 83' lang='lat' dir='ltr'><strong>pereunt.Qua-</strong></span> 
     </span>
    </p>
   </div>
   <div class='ocr_carea' id='block_1_59' title="bbox 1939 1581 3510 1651">
    <p class='ocr_par' dir='ltr' id='par_1_59' title="bbox 1939 1581 3510 1651">
     <span class='ocr_line' id='line_1_59' title="bbox 1939 1581 3510 1651; baseline 0.008 -22"><span class='ocrx_word' id='word_1_436' title='bbox 1939 1587 2159 1649; x_wconf 78' lang='lat' dir='ltr'><strong>prapter</strong></span> <span class='ocrx_word' id='word_1_437' title='bbox 2188 1581 2482 1633; x_wconf 81' lang='lat' dir='ltr'><strong>secttndtttu</strong></span> <span class='ocrx_word' id='word_1_438' title='bbox 2516 1581 2757 1650; x_wconf 88' lang='lat' dir='ltr'><strong>reliquos</strong></span> <span class='ocrx_word' id='word_1_439' title='bbox 2788 1581 3117 1651; x_wconf 87' lang='lat' dir='ltr'><strong>interpretes</strong></span> <span class='ocrx_word' id='word_1_440' title='bbox 3150 1584 3354 1640; x_wconf 86' lang='lat' dir='ltr'><strong>dictum</strong></span> <span class='ocrx_word' id='word_1_441' title='bbox 3386 1600 3470 1642; x_wconf 84' lang='lat' dir='ltr'><strong>est</strong></span> <span class='ocrx_word' id='word_1_442' title='bbox 3496 1607 3510 1642; x_wconf 91' lang='lat'><strong>:</strong></span> 
     </span>
    </p>
   </div>
   <div class='ocr_carea' id='block_1_60' title="bbox 1943 1671 3520 1747">
    <p class='ocr_par' dir='ltr' id='par_1_60' title="bbox 1943 1671 3520 1747">
     <span class='ocr_line' id='line_1_60' title="bbox 1943 1671 3520 1747; baseline 0.006 -24"><span class='ocrx_word' id='word_1_443' title='bbox 1943 1691 1960 1723; x_wconf 85' lang='grc' dir='ltr'><strong>ι</strong></span> <span class='ocrx_word' id='word_1_444' title='bbox 1997 1671 2096 1737; x_wconf 87' lang='lat' dir='ltr'><strong>Qui</strong></span> <span class='ocrx_word' id='word_1_445' title='bbox 2129 1672 2423 1726; x_wconf 87' lang='lat' dir='ltr'><strong>comederit</strong></span> <span class='ocrx_word' id='word_1_446' title='bbox 2452 1688 2521 1728; x_wconf 80' lang='lat' dir='ltr'><strong>ex</strong></span> <span class='ocrx_word' id='word_1_447' title='bbox 2555 1674 2674 1728; x_wconf 89' lang='lat' dir='ltr'><strong>ovis</strong></span> <span class='ocrx_word' id='word_1_448' title='bbox 2705 1688 2893 1728; x_wconf 91' lang='lat' dir='ltr'><strong>eorum</strong></span> <span class='ocrx_word' id='word_1_449' title='bbox 2921 1713 2935 1736; x_wconf 86' lang='lat'><strong>,</strong></span> <span class='ocrx_word' id='word_1_450' title='bbox 2976 1676 3262 1731; x_wconf 85' lang='lat' dir='ltr'><strong>morietur.</strong></span> <span class='ocrx_word' id='word_1_451' title='bbox 3302 1697 3321 1729; x_wconf 82' lang='grc' dir='ltr'><strong>ι</strong></span> <span class='ocrx_word' id='word_1_452' title='bbox 3363 1678 3520 1747; x_wconf 75' lang='lat' dir='ltr'><strong>Quod</strong></span> 
     </span>
    </p>
   </div>
   <div class='ocr_carea' id='block_1_61' title="bbox 1939 1764 3521 1836">
    <p class='ocr_par' dir='ltr' id='par_1_61' title="bbox 1939 1764 3521 1836">
     <span class='ocr_line' id='line_1_61' title="bbox 1939 1764 3521 1836; baseline 0.004 -18"><span class='ocrx_word' id='word_1_453' title='bbox 1939 1764 1983 1818; x_wconf 90' lang='lat' dir='ltr'><strong>si</strong></span> <span class='ocrx_word' id='word_1_454' title='bbox 2017 1764 2136 1832; x_wconf 87' lang='lat' dir='ltr'><strong>quis</strong></span> <span class='ocrx_word' id='word_1_455' title='bbox 2173 1765 2480 1832; x_wconf 82' lang='lat' dir='ltr'><strong>reperiatur</strong></span> <span class='ocrx_word' id='word_1_456' title='bbox 2516 1764 2602 1818; x_wconf 90' lang='lat' dir='ltr'><strong>vir</strong></span> <span class='ocrx_word' id='word_1_457' title='bbox 2638 1765 2873 1833; x_wconf 87' lang='lat' dir='ltr'><strong>prudens</strong></span> <span class='ocrx_word' id='word_1_458' title='bbox 2901 1805 2915 1830; x_wconf 89' lang='lat'><strong><em>,</em></strong></span> <span class='ocrx_word' id='word_1_459' title='bbox 2953 1767 3042 1835; x_wconf 90' lang='lat' dir='ltr'><strong>qui</strong></span> <span class='ocrx_word' id='word_1_460' title='bbox 3073 1767 3247 1836; x_wconf 77' lang='lat' dir='ltr'><strong>possit</strong></span> <span class='ocrx_word' id='word_1_461' title='bbox 3275 1769 3365 1824; x_wconf 90' lang='lat' dir='ltr'><strong>illa</strong></span> <span class='ocrx_word' id='word_1_462' title='bbox 3392 1780 3521 1824; x_wconf 84' lang='lat' dir='ltr'><strong>nor—</strong></span> 
     </span>
    </p>
   </div>
   <div class='ocr_carea' id='block_1_62' title="bbox 1944 1855 3520 1927">
    <p class='ocr_par' dir='ltr' id='par_1_62' title="bbox 1944 1855 3520 1927">
     <span class='ocr_line' id='line_1_62' title="bbox 1944 1855 3520 1927; baseline 0.004 -19"><span class='ocrx_word' id='word_1_463' title='bbox 1944 1855 2107 1909; x_wconf 88' lang='lat' dir='ltr'><strong>taudo</strong></span> <span class='ocrx_word' id='word_1_464' title='bbox 2137 1866 2192 1910; x_wconf 92' lang='lat' dir='ltr'><strong>et</strong></span> <span class='ocrx_word' id='word_1_465' title='bbox 2227 1856 2504 1923; x_wconf 76' lang='lat' dir='ltr'><strong>arguendo</strong></span> <span class='ocrx_word' id='word_1_466' title='bbox 2549 1864 2838 1910; x_wconf 87' lang='lat' dir='ltr'><strong>conterere</strong></span> <span class='ocrx_word' id='word_1_467' title='bbox 2862 1896 2877 1920; x_wconf 89' lang='lat'><strong>,</strong></span> <span class='ocrx_word' id='word_1_468' title='bbox 2918 1856 2962 1909; x_wconf 92' lang='lat' dir='ltr'><strong>is</strong></span> <span class='ocrx_word' id='word_1_469' title='bbox 3015 1857 3254 1913; x_wconf 84' lang='lat' dir='ltr'><strong>inveniet</strong></span> <span class='ocrx_word' id='word_1_470' title='bbox 3288 1861 3338 1912; x_wconf 92' lang='lat' dir='ltr'><strong>iu</strong></span> <span class='ocrx_word' id='word_1_471' title='bbox 3377 1860 3480 1914; x_wconf 86' lang='lat' dir='ltr'><strong>illis</strong></span> <span class='ocrx_word' id='word_1_472' title='bbox 3508 1903 3520 1927; x_wconf 91' lang='lat'><strong><em>,</em></strong></span> 
     </span>
    </p>
   </div>
   <div class='ocr_carea' id='block_1_63' title="bbox 1942 1947 3524 2018">
    <p class='ocr_par' dir='ltr' id='par_1_63' title="bbox 1942 1947 3524 2018">
     <span class='ocr_line' id='line_1_63' title="bbox 1942 1947 3524 2018; baseline 0.004 -19"><span class='ocrx_word' id='word_1_473' title='bbox 1942 1947 2089 2002; x_wconf 86' lang='lat' dir='ltr'><strong>venti</strong></span> <span class='ocrx_word' id='word_1_474' title='bbox 2124 1955 2179 2002; x_wconf 85' lang='lat' dir='ltr'><strong>et</strong></span> <span class='ocrx_word' id='word_1_475' title='bbox 2212 1947 2324 2000; x_wconf 84' lang='lat' dir='ltr'><strong>lolii</strong></span> <span class='ocrx_word' id='word_1_476' title='bbox 2356 1947 2578 2001; x_wconf 88' lang='lat' dir='ltr'><strong>odorem</strong></span> <span class='ocrx_word' id='word_1_477' title='bbox 2615 1947 2859 2016; x_wconf 89' lang='lat' dir='ltr'><strong>putidum</strong></span> <span class='ocrx_word' id='word_1_478' title='bbox 2888 1958 3052 2016; x_wconf 89' lang='lat' dir='ltr'><strong>atque</strong></span> <span class='ocrx_word' id='word_1_479' title='bbox 3089 1962 3435 2018; x_wconf 85' lang='lat' dir='ltr'><strong>corruptum.</strong></span> <span class='ocrx_word' id='word_1_480' title='bbox 3467 1962 3524 2005; x_wconf 87' lang='lat' dir='ltr'><strong>ct</strong></span> 
     </span>
    </p>
   </div>
   <div class='ocr_carea' id='block_1_64' title="bbox 1942 2038 3519 2096">
    <p class='ocr_par' dir='ltr' id='par_1_64' title="bbox 1942 2038 3519 2096">
     <span class='ocr_line' id='line_1_64' title="bbox 1942 2038 3519 2096; baseline 0.002 -3"><span class='ocrx_word' id='word_1_481' title='bbox 1942 2040 1994 2093; x_wconf 85' lang='lat' dir='ltr'><strong>in</strong></span> <span class='ocrx_word' id='word_1_482' title='bbox 2029 2040 2112 2093; x_wconf 86' lang='lat' dir='ltr'><strong>his</strong></span> <span class='ocrx_word' id='word_1_483' title='bbox 2155 2041 2406 2094; x_wconf 87' lang='lat' dir='ltr'><strong>omnibus</strong></span> <span class='ocrx_word' id='word_1_484' title='bbox 2453 2038 2600 2094; x_wconf 70' lang='lat' dir='ltr'><strong>fmde</strong></span> <span class='ocrx_word' id='word_1_485' title='bbox 2645 2039 2942 2094; x_wconf 85' lang='lat' dir='ltr'><strong>volutatum</strong></span> <span class='ocrx_word' id='word_1_486' title='bbox 2969 2052 3024 2093; x_wconf 89' lang='lat' dir='ltr'><strong>et</strong></span> <span class='ocrx_word' id='word_1_487' title='bbox 3051 2040 3229 2096; x_wconf 87' lang='lat' dir='ltr'><strong>latens</strong></span> <span class='ocrx_word' id='word_1_488' title='bbox 3276 2043 3519 2096; x_wconf 83' lang='lat' dir='ltr'><strong>omuiuut</strong></span> 
     </span>
    </p>
   </div>
   <div class='ocr_carea' id='block_1_65' title="bbox 1943 2125 3521 2197">
    <p class='ocr_par' dir='ltr' id='par_1_65' title="bbox 1943 2125 3521 2197">
     <span class='ocr_line' id='line_1_65' title="bbox 1943 2125 3521 2197; baseline -0.001 -17"><span class='ocrx_word' id='word_1_489' title='bbox 1943 2129 2215 2197; x_wconf 82' lang='lat' dir='ltr'><strong>reptilium</strong></span> <span class='ocrx_word' id='word_1_490' title='bbox 2249 2127 2615 2191; x_wconf 87' lang='lat' dir='ltr'><strong>teterrimum,</strong></span> <span class='ocrx_word' id='word_1_491' title='bbox 2656 2125 2743 2180; x_wconf 88' lang='lat' dir='ltr'><strong>vel</strong></span> <span class='ocrx_word' id='word_1_492' title='bbox 2773 2126 2889 2180; x_wconf 90' lang='lat' dir='ltr'><strong>visu</strong></span> <span class='ocrx_word' id='word_1_493' title='bbox 2917 2126 3034 2181; x_wconf 89' lang='lat' dir='ltr'><strong>solo</strong></span> <span class='ocrx_word' id='word_1_494' title='bbox 3063 2126 3401 2192; x_wconf 77' lang='lat' dir='ltr'><strong>lethiferum.</strong></span> <span class='ocrx_word' id='word_1_495' title='bbox 3433 2143 3521 2180; x_wconf 87' lang='lat' dir='ltr'><strong>re-</strong></span> 
     </span>
    </p>
   </div>
   <div class='ocr_carea' id='block_1_66' title="bbox 1941 2219 2298 2291">
    <p class='ocr_par' dir='ltr' id='par_1_66' title="bbox 1941 2219 2298 2291">
     <span class='ocr_line' id='line_1_66' title="bbox 1941 2219 2298 2291; baseline -0.006 -17"><span class='ocrx_word' id='word_1_496' title='bbox 1941 2220 2122 2291; x_wconf 88' lang='lat' dir='ltr'><strong>gulum</strong></span> <span class='ocrx_word' id='word_1_497' title='bbox 2155 2219 2298 2274; x_wconf 93' lang='lat' dir='ltr'><strong>dico.</strong></span> 
     </span>
    </p>
   </div>
   <div class='ocr_carea' id='block_1_67' title="bbox 2014 2307 3521 2364">
    <p class='ocr_par' dir='ltr' id='par_1_67' title="bbox 2014 2307 3521 2364">
     <span class='ocr_line' id='line_1_67' title="bbox 2014 2307 3521 2364; baseline -0.002 -1"><span class='ocrx_word' id='word_1_498' title='bbox 2014 2310 2178 2363; x_wconf 75' lang='lat' dir='ltr'><strong>VEBS.</strong></span> <span class='ocrx_word' id='word_1_499' title='bbox 2204 2309 2238 2364; x_wconf 81' lang='lat'><strong>6</strong></span> <span class='ocrx_word' id='word_1_500' title='bbox 2263 2341 2283 2349; x_wconf 95' lang='lat'><strong>-</strong></span> <span class='ocrx_word' id='word_1_501' title='bbox 2317 2310 2370 2364; x_wconf 88' lang='lat'><strong>8.</strong></span> <span class='ocrx_word' id='word_1_502' title='bbox 2409 2327 2430 2361; x_wconf 79' lang='grc' dir='ltr'><strong>ι</strong></span> <span class='ocrx_word' id='word_1_503' title='bbox 2467 2309 2594 2363; x_wconf 88' lang='lat' dir='ltr'><strong>Tela</strong></span> <span class='ocrx_word' id='word_1_504' title='bbox 2627 2322 2815 2363; x_wconf 90' lang='lat' dir='ltr'><strong>eorum</strong></span> <span class='ocrx_word' id='word_1_505' title='bbox 2847 2324 2954 2364; x_wconf 93' lang='lat' dir='ltr'><strong>non</strong></span> <span class='ocrx_word' id='word_1_506' title='bbox 3001 2309 3104 2362; x_wconf 83' lang='lat' dir='ltr'><strong>erit</strong></span> <span class='ocrx_word' id='word_1_507' title='bbox 3145 2309 3197 2362; x_wconf 90' lang='lat' dir='ltr'><strong>in</strong></span> <span class='ocrx_word' id='word_1_508' title='bbox 3226 2307 3521 2362; x_wconf 74' lang='lat' dir='ltr'><strong>vestimen-</strong></span> 
     </span>
    </p>
   </div>
   <div class='ocr_carea' id='block_1_68' title="bbox 1939 2399 3520 2470">
    <p class='ocr_par' dir='ltr' id='par_1_68' title="bbox 1939 2399 3520 2470">
     <span class='ocr_line' id='line_1_68' title="bbox 1939 2399 3520 2470; baseline -0.003 -15"><span class='ocrx_word' id='word_1_509' title='bbox 1939 2410 2078 2466; x_wconf 90' lang='lat' dir='ltr'><strong>tum,</strong></span> <span class='ocrx_word' id='word_1_510' title='bbox 2119 2415 2296 2470; x_wconf 91' lang='lat' dir='ltr'><strong>neque</strong></span> <span class='ocrx_word' id='word_1_511' title='bbox 2323 2402 2640 2470; x_wconf 86' lang='lat' dir='ltr'><strong>operientur</strong></span> <span class='ocrx_word' id='word_1_512' title='bbox 2663 2400 2922 2470; x_wconf 87' lang='lat' dir='ltr'><strong>operibus</strong></span> <span class='ocrx_word' id='word_1_513' title='bbox 2947 2399 3062 2454; x_wconf 81' lang='lat' dir='ltr'><strong>suis</strong></span> <span class='ocrx_word' id='word_1_514' title='bbox 3096 2415 3110 2453; x_wconf 86' lang='lat'><strong>:</strong></span> <span class='ocrx_word' id='word_1_515' title='bbox 3138 2414 3303 2469; x_wconf 85' lang='lat' dir='ltr'><strong>opera</strong></span> <span class='ocrx_word' id='word_1_516' title='bbox 3333 2413 3520 2454; x_wconf 85' lang='lat' dir='ltr'><strong>eorum</strong></span> 
     </span>
    </p>
   </div>
   <div class='ocr_carea' id='block_1_69' title="bbox 1939 2489 3519 2562">
    <p class='ocr_par' dir='ltr' id='par_1_69' title="bbox 1939 2489 3519 2562">
     <span class='ocr_line' id='line_1_69' title="bbox 1939 2489 3519 2562; baseline 0 -20"><span class='ocrx_word' id='word_1_517' title='bbox 1939 2506 2102 2562; x_wconf 87' lang='lat' dir='ltr'><strong>opera</strong></span> <span class='ocrx_word' id='word_1_518' title='bbox 2135 2491 2441 2562; x_wconf 89' lang='lat' dir='ltr'><strong>iniquitatis</strong></span> <span class='ocrx_word' id='word_1_519' title='bbox 2478 2510 2490 2544; x_wconf 93' lang='lat'>:</span> <span class='ocrx_word' id='word_1_520' title='bbox 2526 2492 2690 2559; x_wconf 84' lang='lat' dir='ltr'><strong>pedes</strong></span> <span class='ocrx_word' id='word_1_521' title='bbox 2724 2500 2906 2545; x_wconf 88' lang='lat' dir='ltr'><strong>autem</strong></span> <span class='ocrx_word' id='word_1_522' title='bbox 2933 2505 3124 2544; x_wconf 89' lang='lat' dir='ltr'><strong>eorum</strong></span> <span class='ocrx_word' id='word_1_523' title='bbox 3153 2491 3222 2543; x_wconf 88' lang='lat' dir='ltr'><strong>ad</strong></span> <span class='ocrx_word' id='word_1_524' title='bbox 3258 2489 3519 2542; x_wconf 87' lang='lat' dir='ltr'><strong>malitiam</strong></span> 
     </span>
    </p>
   </div>
   <div class='ocr_carea' id='block_1_70' title="bbox 1939 2581 3522 2649">
    <p class='ocr_par' dir='ltr' id='par_1_70' title="bbox 1939 2581 3522 2649">
     <span class='ocr_line' id='line_1_70' title="bbox 1939 2581 3522 2649; baseline -0.001 -13"><span class='ocrx_word' id='word_1_525' title='bbox 1939 2591 2186 2646; x_wconf 89' lang='lat' dir='ltr'><strong>currunt,</strong></span> <span class='ocrx_word' id='word_1_526' title='bbox 2213 2581 2430 2637; x_wconf 85' lang='lat' dir='ltr'><strong>veloces</strong></span> <span class='ocrx_word' id='word_1_527' title='bbox 2456 2582 2524 2636; x_wconf 89' lang='lat' dir='ltr'><strong>ad</strong></span> <span class='ocrx_word' id='word_1_528' title='bbox 2557 2581 2942 2636; x_wconf 82' lang='lat' dir='ltr'><strong>eﬂ&#39;undendum</strong></span> <span class='ocrx_word' id='word_1_529' title='bbox 2982 2581 3324 2649; x_wconf 77' lang='lat' dir='ltr'><strong>sanguinem,</strong></span> <span class='ocrx_word' id='word_1_530' title='bbox 3349 2589 3404 2634; x_wconf 89' lang='lat' dir='ltr'><strong>et</strong></span> <span class='ocrx_word' id='word_1_531' title='bbox 3428 2594 3522 2635; x_wconf 90' lang='lat' dir='ltr'><strong>co-</strong></span> 
     </span>
    </p>
   </div>
   <div class='ocr_carea' id='block_1_71' title="bbox 1938 2669 3520 2742">
    <p class='ocr_par' dir='ltr' id='par_1_71' title="bbox 1938 2669 3520 2742">
     <span class='ocr_line' id='line_1_71' title="bbox 1938 2669 3520 2742; baseline -0.003 -17"><span class='ocrx_word' id='word_1_532' title='bbox 1938 2673 2228 2742; x_wconf 87' lang='lat' dir='ltr'><strong>gitationes</strong></span> <span class='ocrx_word' id='word_1_533' title='bbox 2261 2687 2472 2738; x_wconf 88' lang='lat' dir='ltr'><strong>eorum,</strong></span> <span class='ocrx_word' id='word_1_534' title='bbox 2504 2672 2866 2742; x_wconf 79' lang='lat' dir='ltr'><strong>cogitationes</strong></span> <span class='ocrx_word' id='word_1_535' title='bbox 2896 2685 2926 2723; x_wconf 89' lang='lat' dir='ltr'><strong>a</strong></span> <span class='ocrx_word' id='word_1_536' title='bbox 2955 2670 3214 2724; x_wconf 68' lang='lat' dir='ltr'><strong>caedibus.</strong></span> <span class='ocrx_word' id='word_1_537' title='bbox 3247 2669 3520 2724; x_wconf 84' lang='lat' dir='ltr'><strong>Coutritiu</strong></span> 
     </span>
    </p>
   </div>
   <div class='ocr_carea' id='block_1_72' title="bbox 1939 2761 3514 2830">
    <p class='ocr_par' dir='ltr' id='par_1_72' title="bbox 1939 2761 3514 2830">
     <span class='ocr_line' id='line_1_72' title="bbox 1939 2761 3514 2830; baseline -0.001 -15"><span class='ocrx_word' id='word_1_538' title='bbox 1939 2771 1992 2815; x_wconf 90' lang='lat' dir='ltr'><strong>et</strong></span> <span class='ocrx_word' id='word_1_539' title='bbox 2021 2761 2236 2816; x_wconf 85' lang='lat' dir='ltr'><strong>miseria</strong></span> <span class='ocrx_word' id='word_1_540' title='bbox 2259 2762 2311 2815; x_wconf 93' lang='lat' dir='ltr'><strong>in</strong></span> <span class='ocrx_word' id='word_1_541' title='bbox 2345 2761 2448 2816; x_wconf 88' lang='lat' dir='ltr'><strong>viis</strong></span> <span class='ocrx_word' id='word_1_542' title='bbox 2475 2777 2684 2826; x_wconf 90' lang='lat' dir='ltr'><strong>eorum,</strong></span> <span class='ocrx_word' id='word_1_543' title='bbox 2721 2770 2774 2815; x_wconf 93' lang='lat' dir='ltr'><strong>et</strong></span> <span class='ocrx_word' id='word_1_544' title='bbox 2814 2761 2958 2814; x_wconf 90' lang='lat' dir='ltr'><strong>viam</strong></span> <span class='ocrx_word' id='word_1_545' title='bbox 2985 2761 3139 2829; x_wconf 81' lang='lat' dir='ltr'><strong>pacis</strong></span> <span class='ocrx_word' id='word_1_546' title='bbox 3167 2775 3274 2813; x_wconf 91' lang='lat' dir='ltr'><strong>nou</strong></span> <span class='ocrx_word' id='word_1_547' title='bbox 3306 2775 3514 2830; x_wconf 84' lang='lat' dir='ltr'><strong>cogno-</strong></span> 
     </span>
    </p>
   </div>
   <div class='ocr_carea' id='block_1_73' title="bbox 1939 2851 3518 2922">
    <p class='ocr_par' dir='ltr' id='par_1_73' title="bbox 1939 2851 3518 2922">
     <span class='ocr_line' id='line_1_73' title="bbox 1939 2851 3518 2922; baseline -0.003 -15"><span class='ocrx_word' id='word_1_548' title='bbox 1939 2862 2151 2908; x_wconf 90' lang='lat' dir='ltr'><strong>verunt.</strong></span> <span class='ocrx_word' id='word_1_549' title='bbox 2192 2871 2212 2906; x_wconf 75' lang='grc' dir='ltr'><strong>ι</strong></span> <span class='ocrx_word' id='word_1_550' title='bbox 2243 2851 2426 2922; x_wconf 87' lang='lat' dir='ltr'><strong>Neque</strong></span> <span class='ocrx_word' id='word_1_551' title='bbox 2452 2852 2596 2906; x_wconf 91' lang='lat' dir='ltr'><strong>enim</strong></span> <span class='ocrx_word' id='word_1_552' title='bbox 2628 2852 2780 2920; x_wconf 90' lang='lat' dir='ltr'><strong>pacis</strong></span> <span class='ocrx_word' id='word_1_553' title='bbox 2809 2852 3110 2920; x_wconf 87' lang='lat' dir='ltr'><strong>principem</strong></span> <span class='ocrx_word' id='word_1_554' title='bbox 3153 2862 3476 2919; x_wconf 88' lang='lat' dir='ltr'><strong>receperunt</strong></span> <span class='ocrx_word' id='word_1_555' title='bbox 3502 2891 3518 2916; x_wconf 91' lang='lat'><strong><em>,</em></strong></span> 
     </span>
    </p>
   </div>
   <div class='ocr_carea' id='block_1_74' title="bbox 1937 2941 3513 3013">
    <p class='ocr_par' dir='ltr' id='par_1_74' title="bbox 1937 2941 3513 3013">
     <span class='ocr_line' id='line_1_74' title="bbox 1937 2941 3513 3013; baseline -0.003 -16"><span class='ocrx_word' id='word_1_556' title='bbox 1937 2945 2005 2999; x_wconf 87' lang='lat' dir='ltr'><strong>de</strong></span> <span class='ocrx_word' id='word_1_557' title='bbox 2027 2959 2133 3013; x_wconf 88' lang='lat' dir='ltr'><strong>quo</strong></span> <span class='ocrx_word' id='word_1_558' title='bbox 2165 2944 2367 2997; x_wconf 88' lang='lat' dir='ltr'><strong>dictum</strong></span> <span class='ocrx_word' id='word_1_559' title='bbox 2402 2953 2518 2997; x_wconf 87' lang='lat' dir='ltr'><strong>est:</strong></span> <span class='ocrx_word' id='word_1_560' title='bbox 2546 2959 2564 2992; x_wconf 85' lang='lat' dir='ltr'><strong>t</strong></span> <span class='ocrx_word' id='word_1_561' title='bbox 2609 2941 2729 3011; x_wconf 87' lang='lat' dir='ltr'><strong>Ipse</strong></span> <span class='ocrx_word' id='word_1_562' title='bbox 2749 2944 2892 2996; x_wconf 86' lang='lat' dir='ltr'><strong>enim</strong></span> <span class='ocrx_word' id='word_1_563' title='bbox 2924 2954 3007 2997; x_wconf 87' lang='lat' dir='ltr'><strong>est</strong></span> <span class='ocrx_word' id='word_1_564' title='bbox 3037 2956 3140 3006; x_wconf 81' lang='lat' dir='ltr'><strong>pax</strong></span> <span class='ocrx_word' id='word_1_565' title='bbox 3166 2953 3352 2996; x_wconf 83' lang='lat' dir='ltr'><strong>nostra</strong></span> <span class='ocrx_word' id='word_1_566' title='bbox 3373 2942 3416 2973; x_wconf 84' lang='grc'>¹⁸</span> <span class='ocrx_word' id='word_1_567' title='bbox 3441 2961 3452 2994; x_wconf 89' lang='lat'><strong>:</strong></span> <span class='ocrx_word' id='word_1_568' title='bbox 3495 2961 3513 2992; x_wconf 73' lang='grc' dir='ltr'><strong>ι</strong></span> 
     </span>
    </p>
   </div>
   <div class='ocr_carea' id='block_1_75' title="bbox 1939 3032 3515 3105">
    <p class='ocr_par' dir='ltr' id='par_1_75' title="bbox 1939 3032 3515 3105">
     <span class='ocr_line' id='line_1_75' title="bbox 1939 3032 3515 3105; baseline 0 -19"><span class='ocrx_word' id='word_1_569' title='bbox 1939 3045 2267 3105; x_wconf 76' lang='lat' dir='ltr'><strong>quapropter</strong></span> <span class='ocrx_word' id='word_1_570' title='bbox 2317 3049 2436 3088; x_wconf 82' lang='lat' dir='ltr'><strong>eam</strong></span> <span class='ocrx_word' id='word_1_571' title='bbox 2493 3032 2776 3101; x_wconf 89' lang='lat' dir='ltr'><strong>discipulls</strong></span> <span class='ocrx_word' id='word_1_572' title='bbox 2821 3041 3081 3103; x_wconf 86' lang='lat' dir='ltr'><strong>procurat</strong></span> <span class='ocrx_word' id='word_1_573' title='bbox 3127 3034 3242 3088; x_wconf 84' lang='lat' dir='ltr'><strong>suis</strong></span> <span class='ocrx_word' id='word_1_574' title='bbox 3290 3034 3515 3092; x_wconf 85' lang='lat' dir='ltr'><strong>dicens.</strong></span> 
     </span>
    </p>
   </div>
   <div class='ocr_carea' id='block_1_76' title="bbox 1943 3127 3518 3197">
    <p class='ocr_par' dir='ltr' id='par_1_76' title="bbox 1943 3127 3518 3197">
     <span class='ocr_line' id='line_1_76' title="bbox 1943 3127 3518 3197; baseline 0.001 -18"><span class='ocrx_word' id='word_1_575' title='bbox 1943 3147 1962 3179; x_wconf 75' lang='grc' dir='ltr'><strong>ι</strong></span> <span class='ocrx_word' id='word_1_576' title='bbox 1999 3127 2193 3184; x_wconf 81' lang='lat' dir='ltr'><strong>Pacem</strong></span> <span class='ocrx_word' id='word_1_577' title='bbox 2250 3141 2427 3181; x_wconf 89' lang='lat' dir='ltr'><strong>meam</strong></span> <span class='ocrx_word' id='word_1_578' title='bbox 2460 3128 2528 3181; x_wconf 91' lang='lat' dir='ltr'><strong>do</strong></span> <span class='ocrx_word' id='word_1_579' title='bbox 2558 3127 2714 3182; x_wconf 83' lang='lat' dir='ltr'><strong>vobis</strong></span> <span class='ocrx_word' id='word_1_580' title='bbox 2737 3165 2755 3191; x_wconf 89' lang='lat'><strong>,</strong></span> <span class='ocrx_word' id='word_1_581' title='bbox 2793 3140 2981 3195; x_wconf 88' lang='lat' dir='ltr'><strong>pacem</strong></span> <span class='ocrx_word' id='word_1_582' title='bbox 3038 3143 3213 3182; x_wconf 87' lang='lat' dir='ltr'><strong>meam</strong></span> <span class='ocrx_word' id='word_1_583' title='bbox 3268 3128 3518 3197; x_wconf 77' lang='lat' dir='ltr'><strong>relinquo</strong></span> 
     </span>
    </p>
   </div>
   <div class='ocr_carea' id='block_1_77' title="bbox 1935 3214 3519 3284">
    <p class='ocr_par' dir='ltr' id='par_1_77' title="bbox 1935 3214 3519 3284">
     <span class='ocr_line' id='line_1_77' title="bbox 1935 3214 3519 3284; baseline -0.003 -14"><span class='ocrx_word' id='word_1_584' title='bbox 1935 3215 2165 3272; x_wconf 75' lang='lat' dir='ltr'><strong>vobis“.</strong></span> <span class='ocrx_word' id='word_1_585' title='bbox 2182 3235 2304 3268; x_wconf 72' lang='lat' dir='ltr'><strong>t—t</strong></span> <span class='ocrx_word' id='word_1_586' title='bbox 2335 3215 2402 3270; x_wconf 87' lang='lat' dir='ltr'><strong>Et</strong></span> <span class='ocrx_word' id='word_1_587' title='bbox 2419 3229 2522 3269; x_wconf 91' lang='lat' dir='ltr'><strong>non</strong></span> <span class='ocrx_word' id='word_1_588' title='bbox 2540 3214 2897 3284; x_wconf 86' lang='lat' dir='ltr'><strong>estjudicium</strong></span> <span class='ocrx_word' id='word_1_589' title='bbox 2923 3215 2975 3268; x_wconf 90' lang='lat' dir='ltr'><strong>in</strong></span> <span class='ocrx_word' id='word_1_590' title='bbox 2998 3214 3323 3269; x_wconf 83' lang='lat' dir='ltr'><strong>viiseorum.</strong></span> <span class='ocrx_word' id='word_1_591' title='bbox 3341 3214 3519 3268; x_wconf 82' lang='lat' dir='ltr'><strong>Senti-</strong></span> 
     </span>
    </p>
   </div>
   <div class='ocr_carea' id='block_1_78' title="bbox 1937 3307 3516 3374">
    <p class='ocr_par' dir='ltr' id='par_1_78' title="bbox 1937 3307 3516 3374">
     <span class='ocr_line' id='line_1_78' title="bbox 1937 3307 3516 3374; baseline 0.001 -15"><span class='ocrx_word' id='word_1_592' title='bbox 1937 3317 2003 3360; x_wconf 82' lang='lat' dir='ltr'><strong>t:e</strong></span> <span class='ocrx_word' id='word_1_593' title='bbox 2029 3307 2173 3361; x_wconf 91' lang='lat' dir='ltr'><strong>enim</strong></span> <span class='ocrx_word' id='word_1_594' title='bbox 2198 3319 2382 3358; x_wconf 88' lang='lat' dir='ltr'><strong>eorum</strong></span> <span class='ocrx_word' id='word_1_595' title='bbox 2415 3315 2855 3374; x_wconf 70' lang='lat' dir='ltr'><strong>perversm,quas</strong></span> <span class='ocrx_word' id='word_1_596' title='bbox 2883 3313 3293 3374; x_wconf 89' lang='lat' dir='ltr'><strong>pertranseunt,</strong></span> <span class='ocrx_word' id='word_1_597' title='bbox 3325 3317 3380 3359; x_wconf 81' lang='lat' dir='ltr'><strong>et</strong></span> <span class='ocrx_word' id='word_1_598' title='bbox 3408 3323 3516 3360; x_wconf 74' lang='lat' dir='ltr'><strong>ncn</strong></span> 
     </span>
    </p>
   </div>
   <div class='ocr_carea' id='block_1_79' title="bbox 1936 3393 3517 3464">
    <p class='ocr_par' dir='ltr' id='par_1_79' title="bbox 1936 3393 3517 3464">
     <span class='ocr_line' id='line_1_79' title="bbox 1936 3393 3517 3464; baseline -0.003 -14"><span class='ocrx_word' id='word_1_599' title='bbox 1936 3405 2200 3450; x_wconf 91' lang='lat' dir='ltr'><strong>noverunt</strong></span> <span class='ocrx_word' id='word_1_600' title='bbox 2230 3410 2441 3463; x_wconf 88' lang='lat' dir='ltr'><strong>pacem.</strong></span> <span class='ocrx_word' id='word_1_601' title='bbox 2484 3413 2503 3445; x_wconf 75' lang='grc' dir='ltr'><strong>ι</strong></span> <span class='ocrx_word' id='word_1_602' title='bbox 2539 3393 2673 3448; x_wconf 78' lang='lat' dir='ltr'><strong>Nam</strong></span> <span class='ocrx_word' id='word_1_603' title='bbox 2698 3409 2821 3449; x_wconf 91' lang='lat' dir='ltr'><strong>cum</strong></span> <span class='ocrx_word' id='word_1_604' title='bbox 2846 3394 3059 3449; x_wconf 88' lang='lat' dir='ltr'><strong>divinas</strong></span> <span class='ocrx_word' id='word_1_605' title='bbox 3089 3395 3404 3464; x_wconf 88' lang='lat' dir='ltr'><strong>Scripturas</strong></span> <span class='ocrx_word' id='word_1_606' title='bbox 3434 3408 3517 3448; x_wconf 83' lang='lat' dir='ltr'><strong>at.-</strong></span> 
     </span>
    </p>
   </div>
   <div class='ocr_carea' id='block_1_80' title="bbox 1935 3483 3518 3556">
    <p class='ocr_par' dir='ltr' id='par_1_80' title="bbox 1935 3483 3518 3556">
     <span class='ocr_line' id='line_1_80' title="bbox 1935 3483 3518 3556; baseline 0.001 -17"><span class='ocrx_word' id='word_1_607' title='bbox 1935 3488 2180 3556; x_wconf 91' lang='lat' dir='ltr'><strong>tingunt,</strong></span> <span class='ocrx_word' id='word_1_608' title='bbox 2209 3486 2261 3540; x_wconf 91' lang='lat' dir='ltr'><strong>in</strong></span> <span class='ocrx_word' id='word_1_609' title='bbox 2292 3483 2663 3556; x_wconf 70' lang='lat' dir='ltr'><strong>profunditatc</strong></span> <span class='ocrx_word' id='word_1_610' title='bbox 2695 3486 2985 3540; x_wconf 79' lang='lat' dir='ltr'><strong>verborum</strong></span> <span class='ocrx_word' id='word_1_611' title='bbox 3011 3489 3269 3540; x_wconf 86' lang='lat' dir='ltr'><strong>latentem</strong></span> <span class='ocrx_word' id='word_1_612' title='bbox 3299 3498 3518 3540; x_wconf 73' lang='lat' dir='ltr'><strong>scnten-</strong></span> 
     </span>
    </p>
   </div>
   <div class='ocr_carea' id='block_1_81' title="bbox 1934 3575 3520 3647">
    <p class='ocr_par' dir='ltr' id='par_1_81' title="bbox 1934 3575 3520 3647">
     <span class='ocr_line' id='line_1_81' title="bbox 1934 3575 3520 3647; baseline 0 -17"><span class='ocrx_word' id='word_1_613' title='bbox 1934 3579 2063 3631; x_wconf 87' lang='lat' dir='ltr'><strong>tiam</strong></span> <span class='ocrx_word' id='word_1_614' title='bbox 2101 3591 2205 3632; x_wconf 91' lang='lat' dir='ltr'><strong>non</strong></span> <span class='ocrx_word' id='word_1_615' title='bbox 2232 3577 2546 3647; x_wconf 87' lang='lat' dir='ltr'><strong>intelligunt</strong></span> <span class='ocrx_word' id='word_1_616' title='bbox 2579 3593 2593 3628; x_wconf 90' lang='lat'><strong>:</strong></span> <span class='ocrx_word' id='word_1_617' title='bbox 2627 3577 2724 3632; x_wconf 89' lang='lat' dir='ltr'><strong>sed</strong></span> <span class='ocrx_word' id='word_1_618' title='bbox 2756 3575 2848 3630; x_wconf 90' lang='lat' dir='ltr'><strong>uni</strong></span> <span class='ocrx_word' id='word_1_619' title='bbox 2882 3576 3109 3631; x_wconf 90' lang='lat' dir='ltr'><strong>dictioni</strong></span> <span class='ocrx_word' id='word_1_620' title='bbox 3135 3589 3416 3645; x_wconf 87' lang='lat' dir='ltr'><strong>vacantes,</strong></span> <span class='ocrx_word' id='word_1_621' title='bbox 3443 3582 3520 3632; x_wconf 72' lang='lat' dir='ltr'><strong>vi-</strong></span> 
     </span>
    </p>
   </div>
   <div class='ocr_carea' id='block_1_82' title="bbox 1932 3668 2953 3739">
    <p class='ocr_par' dir='ltr' id='par_1_82' title="bbox 1932 3668 2953 3739">
     <span class='ocr_line' id='line_1_82' title="bbox 1932 3668 2953 3739; baseline -0.002 -16"><span class='ocrx_word' id='word_1_622' title='bbox 1932 3669 2126 3724; x_wconf 87' lang='lat' dir='ltr'><strong>dentur</strong></span> <span class='ocrx_word' id='word_1_623' title='bbox 2148 3668 2304 3739; x_wconf 85' lang='lat' dir='ltr'><strong>quasi</strong></span> <span class='ocrx_word' id='word_1_624' title='bbox 2337 3683 2549 3722; x_wconf 90' lang='lat' dir='ltr'><strong>murum</strong></span> <span class='ocrx_word' id='word_1_625' title='bbox 2585 3676 2953 3723; x_wconf 76' lang='lat' dir='ltr'><strong>contrectare.</strong></span> 
     </span>
    </p>
   </div>
   <div class='ocr_carea' id='block_1_83' title="bbox 2004 3847 3519 3921">
    <p class='ocr_par' dir='ltr' id='par_1_83' title="bbox 2004 3847 3519 3921">
     <span class='ocr_line' id='line_1_83' title="bbox 2004 3847 3519 3921; baseline 0.002 -18"><span class='ocrx_word' id='word_1_626' title='bbox 2004 3848 2169 3905; x_wconf 71' lang='lat' dir='ltr'><strong>Vnus.</strong></span> <span class='ocrx_word' id='word_1_627' title='bbox 2209 3849 2267 3914; x_wconf 89' lang='lat'><strong>9,</strong></span> <span class='ocrx_word' id='word_1_628' title='bbox 2313 3848 2400 3906; x_wconf 71' lang='lat'><strong>10.</strong></span> <span class='ocrx_word' id='word_1_629' title='bbox 2444 3867 2463 3901; x_wconf 80' lang='grc' dir='ltr'><strong>ι</strong></span> <span class='ocrx_word' id='word_1_630' title='bbox 2518 3847 2811 3919; x_wconf 83' lang='lat' dir='ltr'><strong>Pr0pterea</strong></span> <span class='ocrx_word' id='word_1_631' title='bbox 2850 3850 3079 3904; x_wconf 86' lang='lat' dir='ltr'><strong>recessit</strong></span> <span class='ocrx_word' id='word_1_632' title='bbox 3123 3851 3390 3921; x_wconf 88' lang='lat' dir='ltr'><strong>judicium</strong></span> <span class='ocrx_word' id='word_1_633' title='bbox 3443 3855 3519 3906; x_wconf 71' lang='lat' dir='ltr'><strong>ab</strong></span> 
     </span>
    </p>
   </div>
   <div class='ocr_carea' id='block_1_84' title="bbox 1931 3940 3506 4012">
    <p class='ocr_par' dir='ltr' id='par_1_84' title="bbox 1931 3940 3506 4012">
     <span class='ocr_line' id='line_1_84' title="bbox 1931 3940 3506 4012; baseline -0.001 -16"><span class='ocrx_word' id='word_1_634' title='bbox 1931 3941 2041 4006; x_wconf 86' lang='lat' dir='ltr'><strong>eis,</strong></span> <span class='ocrx_word' id='word_1_635' title='bbox 2071 3957 2170 3996; x_wconf 90' lang='lat' dir='ltr'><strong>nec</strong></span> <span class='ocrx_word' id='word_1_636' title='bbox 2219 3941 2588 4011; x_wconf 82' lang='lat' dir='ltr'><strong>apprehendet</strong></span> <span class='ocrx_word' id='word_1_637' title='bbox 2637 3955 2734 3996; x_wconf 81' lang='lat' dir='ltr'><strong>eos</strong></span> <span class='ocrx_word' id='word_1_638' title='bbox 2775 3940 3022 4012; x_wconf 86' lang='lat' dir='ltr'><strong>justitia;</strong></span> <span class='ocrx_word' id='word_1_639' title='bbox 3054 3956 3176 3996; x_wconf 91' lang='lat' dir='ltr'><strong>cum</strong></span> <span class='ocrx_word' id='word_1_640' title='bbox 3215 3954 3506 4012; x_wconf 77' lang='lat' dir='ltr'><strong>exspecta-</strong></span> 
     </span>
    </p>
   </div>
   <div class='ocr_carea' id='block_1_85' title="bbox 1929 4032 3509 4102">
    <p class='ocr_par' dir='ltr' id='par_1_85' title="bbox 1929 4032 3509 4102">
     <span class='ocr_line' id='line_1_85' title="bbox 1929 4032 3509 4102; baseline -0.001 -14"><span class='ocrx_word' id='word_1_641' title='bbox 1929 4044 2051 4088; x_wconf 90' lang='lat' dir='ltr'><strong>rent</strong></span> <span class='ocrx_word' id='word_1_642' title='bbox 2085 4032 2278 4096; x_wconf 85' lang='lat' dir='ltr'><strong>lucem,</strong></span> <span class='ocrx_word' id='word_1_643' title='bbox 2314 4033 2472 4087; x_wconf 74' lang='lat' dir='ltr'><strong>facta:</strong></span> <span class='ocrx_word' id='word_1_644' title='bbox 2501 4033 2728 4088; x_wconf 89' lang='lat' dir='ltr'><strong>sunteis</strong></span> <span class='ocrx_word' id='word_1_645' title='bbox 2765 4033 3001 4088; x_wconf 66' lang='lat' dir='ltr'><strong>tenebrae</strong></span> <span class='ocrx_word' id='word_1_646' title='bbox 3028 4050 3042 4100; x_wconf 92' lang='lat'>;</span> <span class='ocrx_word' id='word_1_647' title='bbox 3074 4048 3196 4087; x_wconf 89' lang='lat' dir='ltr'><strong>cum</strong></span> <span class='ocrx_word' id='word_1_648' title='bbox 3224 4045 3509 4102; x_wconf 79' lang='lat' dir='ltr'><strong>exspecta-</strong></span> 
     </span>
    </p>
   </div>
   <div class='ocr_carea' id='block_1_86' title="bbox 1929 4123 3511 4194">
    <p class='ocr_par' dir='ltr' id='par_1_86' title="bbox 1929 4123 3511 4194">
     <span class='ocr_line' id='line_1_86' title="bbox 1929 4123 3511 4194; baseline -0.001 -16"><span class='ocrx_word' id='word_1_649' title='bbox 1929 4133 2050 4180; x_wconf 78' lang='lat' dir='ltr'><strong>rent</strong></span> <span class='ocrx_word' id='word_1_650' title='bbox 2074 4124 2357 4194; x_wconf 80' lang='lat' dir='ltr'><strong>fulgorem,</strong></span> <span class='ocrx_word' id='word_1_651' title='bbox 2386 4123 2439 4178; x_wconf 89' lang='lat' dir='ltr'><strong>in</strong></span> <span class='ocrx_word' id='word_1_652' title='bbox 2468 4124 2702 4194; x_wconf 74' lang='lat' dir='ltr'><strong>caligine</strong></span> <span class='ocrx_word' id='word_1_653' title='bbox 2728 4123 3164 4179; x_wconf 78' lang='lat' dir='ltr'><strong>ambulaverunt.</strong></span> <span class='ocrx_word' id='word_1_654' title='bbox 3206 4123 3511 4194; x_wconf 82' lang='lat' dir='ltr'><strong>Palpabuut</strong></span> 
     </span>
    </p>
   </div>
   <div class='ocr_carea' id='block_1_87' title="bbox 1929 4213 3512 4285">
    <p class='ocr_par' dir='ltr' id='par_1_87' title="bbox 1929 4213 3512 4285">
     <span class='ocr_line' id='line_1_87' title="bbox 1929 4213 3512 4285; baseline -0.002 -16"><span class='ocrx_word' id='word_1_655' title='bbox 1929 4226 2179 4284; x_wconf 86' lang='lat' dir='ltr'><strong>tanquam</strong></span> <span class='ocrx_word' id='word_1_656' title='bbox 2209 4216 2334 4270; x_wconf 66' lang='lat' dir='ltr'><strong>cmi</strong></span> <span class='ocrx_word' id='word_1_657' title='bbox 2363 4230 2607 4269; x_wconf 87' lang='lat' dir='ltr'><strong>murum:</strong></span> <span class='ocrx_word' id='word_1_658' title='bbox 2627 4226 2681 4270; x_wconf 88' lang='lat' dir='ltr'><strong>et</strong></span> <span class='ocrx_word' id='word_1_659' title='bbox 2709 4213 2861 4285; x_wconf 85' lang='lat' dir='ltr'><strong>quasi</strong></span> <span class='ocrx_word' id='word_1_660' title='bbox 2891 4216 3080 4270; x_wconf 89' lang='lat' dir='ltr'><strong>oculos</strong></span> <span class='ocrx_word' id='word_1_661' title='bbox 3115 4231 3221 4270; x_wconf 88' lang='lat' dir='ltr'><strong>non</strong></span> <span class='ocrx_word' id='word_1_662' title='bbox 3250 4216 3512 4284; x_wconf 79' lang='lat' dir='ltr'><strong>habeam,</strong></span> 
     </span>
    </p>
   </div>
   <div class='ocr_carea' id='block_1_88' title="bbox 240 4303 1828 4381">
    <p class='ocr_par' dir='ltr' id='par_1_88' title="bbox 240 4303 1825 4381">
     <span class='ocr_line' id='line_1_88' title="bbox 240 4303 1825 4381; baseline 0.006 -26"><span class='ocrx_word' id='word_1_663' title='bbox 240 4303 354 4357; x_wconf 76' lang='lat' dir='ltr'><strong>Kal.</strong></span> <span class='ocrx_word' id='word_1_664' title='bbox 388 4303 677 4357; x_wconf 78' lang='grc' dir='ltr'>πεσοῦνται</span> <span class='ocrx_word' id='word_1_665' title='bbox 710 4307 767 4359; x_wconf 83' lang='grc' dir='ltr'>ὲν</span> <span class='ocrx_word' id='word_1_666' title='bbox 813 4307 1130 4379; x_wconf 78' lang='grc' dir='ltr'>μεσημϐρίᾳ</span> <span class='ocrx_word' id='word_1_667' title='bbox 1157 4308 1231 4371; x_wconf 80' lang='grc' dir='ltr'>ὡς</span> <span class='ocrx_word' id='word_1_668' title='bbox 1272 4310 1329 4362; x_wconf 87' lang='lat' dir='ltr'><strong>tv</strong></span> <span class='ocrx_word' id='word_1_669' title='bbox 1361 4311 1714 4381; x_wconf 86' lang='grc' dir='ltr'>μεσονυκτίῳ,</span> <span class='ocrx_word' id='word_1_670' title='bbox 1749 4312 1825 4375; x_wconf 87' lang='grc' dir='ltr'>ὼς</span> 
     </span>
    </p>
   </div>
   <div class='ocr_carea' id='block_1_89' title="bbox 1934 4303 3504 4381">
    <p class='ocr_par' dir='ltr' id='par_1_89' title="bbox 1934 4308 3504 4377">
     <span class='ocr_line' id='line_1_89' title="bbox 1934 4308 3504 4377; baseline 0 -15"><span class='ocrx_word' id='word_1_671' title='bbox 1934 4310 2311 4364; x_wconf 74' lang='lat' dir='ltr'><strong>nttrectabunt.</strong></span> <span class='ocrx_word' id='word_1_672' title='bbox 2347 4308 2413 4362; x_wconf 90' lang='lat' dir='ltr'><strong>Et</strong></span> <span class='ocrx_word' id='word_1_673' title='bbox 2435 4308 2634 4363; x_wconf 81' lang='lat' dir='ltr'><strong>cadent</strong></span> <span class='ocrx_word' id='word_1_674' title='bbox 2670 4309 2723 4363; x_wconf 88' lang='lat' dir='ltr'><strong>in</strong></span> <span class='ocrx_word' id='word_1_675' title='bbox 2766 4309 2995 4364; x_wconf 87' lang='lat' dir='ltr'><strong>meridie</strong></span> <span class='ocrx_word' id='word_1_676' title='bbox 3025 4319 3279 4377; x_wconf 84' lang='lat' dir='ltr'><strong>tanquam</strong></span> <span class='ocrx_word' id='word_1_677' title='bbox 3313 4309 3365 4362; x_wconf 90' lang='lat' dir='ltr'><strong>in</strong></span> <span class='ocrx_word' id='word_1_678' title='bbox 3396 4324 3504 4362; x_wconf 82' lang='lat' dir='ltr'><strong>tuc-</strong></span> 
     </span>
    </p>
   </div>
   <div class='ocr_carea' id='block_1_90' title="bbox 237 4393 1828 4472">
    <p class='ocr_par' dir='ltr' id='par_1_90' title="bbox 237 4393 1824 4472">
     <span class='ocr_line' id='line_1_90' title="bbox 237 4393 1824 4472; baseline 0.006 -26"><span class='ocrx_word' id='word_1_679' title='bbox 237 4393 679 4465; x_wconf 77' lang='grc' dir='ltr'>ἀποθνήσκοντες</span> <span class='ocrx_word' id='word_1_680' title='bbox 736 4398 1069 4463; x_wconf 81' lang='grc' dir='ltr'>στενάξουσι.</span> <span class='ocrx_word' id='word_1_681' title='bbox 1112 4419 1130 4450; x_wconf 76' lang='grc' dir='ltr'><strong>ι</strong></span> <span class='ocrx_word' id='word_1_682' title='bbox 1182 4399 1340 4452; x_wconf 80' lang='grc' dir='ltr'>Κατά</span> <span class='ocrx_word' id='word_1_683' title='bbox 1393 4400 1448 4452; x_wconf 79' lang='grc' dir='ltr'>δὲ</span> <span class='ocrx_word' id='word_1_684' title='bbox 1496 4401 1588 4454; x_wconf 82' lang='grc' dir='ltr'>τὸν</span> <span class='ocrx_word' id='word_1_685' title='bbox 1633 4402 1824 4472; x_wconf 86' lang='grc' dir='ltr'>καιρὸν</span> 
     </span>
    </p>
   </div>
   <div class='ocr_carea' id='block_1_91' title="bbox 1934 4393 3510 4472">
    <p class='ocr_par' dir='ltr' id='par_1_91' title="bbox 1934 4399 3510 4470">
     <span class='ocr_line' id='line_1_91' title="bbox 1934 4399 3510 4470; baseline 0.001 -18"><span class='ocrx_word' id='word_1_686' title='bbox 1934 4403 2012 4455; x_wconf 79' lang='lat' dir='ltr'><strong>dia</strong></span> <span class='ocrx_word' id='word_1_687' title='bbox 2041 4413 2220 4465; x_wconf 83' lang='lat' dir='ltr'><strong>nocte,</strong></span> <span class='ocrx_word' id='word_1_688' title='bbox 2250 4401 2402 4464; x_wconf 88' lang='lat' dir='ltr'><strong>quasi</strong></span> <span class='ocrx_word' id='word_1_689' title='bbox 2436 4400 2730 4455; x_wconf 87' lang='lat' dir='ltr'><strong>morientes</strong></span> <span class='ocrx_word' id='word_1_690' title='bbox 2759 4400 3134 4470; x_wconf 88' lang='lat' dir='ltr'><strong>ingemiscent.</strong></span> <span class='ocrx_word' id='word_1_691' title='bbox 3184 4420 3203 4452; x_wconf 74' lang='grc' dir='ltr'><strong>ι</strong></span> <span class='ocrx_word' id='word_1_692' title='bbox 3241 4399 3510 4468; x_wconf 64' lang='lat' dir='ltr'><strong>Tempore-</strong></span> 
     </span>
    </p>
   </div>
   <div class='ocr_carea' id='block_1_92' title="bbox 235 4481 1828 4564">
    <p class='ocr_par' dir='ltr' id='par_1_92' title="bbox 235 4481 1821 4564">
     <span class='ocr_line' id='line_1_92' title="bbox 235 4481 1821 4564; baseline 0.009 -32"><span class='ocrx_word' id='word_1_693' title='bbox 235 4481 334 4534; x_wconf 83' lang='grc' dir='ltr'>τςῦ</span> <span class='ocrx_word' id='word_1_694' title='bbox 368 4483 476 4536; x_wconf 86' lang='grc' dir='ltr'><strong>τῶν</strong></span> <span class='ocrx_word' id='word_1_695' title='bbox 504 4483 671 4536; x_wconf 74' lang='grc' dir='ltr'>ἐθνῶν</span> <span class='ocrx_word' id='word_1_696' title='bbox 716 4487 1090 4558; x_wconf 73' lang='grc' dir='ltr'>μεσημϐρινοῦ</span> <span class='ocrx_word' id='word_1_697' title='bbox 1121 4491 1318 4553; x_wconf 83' lang='grc' dir='ltr'>φωτὸς,</span> <span class='ocrx_word' id='word_1_698' title='bbox 1365 4494 1486 4554; x_wconf 85' lang='grc' dir='ltr'>ταῖς</span> <span class='ocrx_word' id='word_1_699' title='bbox 1534 4494 1821 4564; x_wconf 87' lang='grc' dir='ltr'>σωτηρίοις</span> 
     </span>
    </p>
   </div>
   <div class='ocr_carea' id='block_1_93' title="bbox 1934 4481 3504 4564">
    <p class='ocr_par' dir='ltr' id='par_1_93' title="bbox 1934 4492 3504 4563">
     <span class='ocr_line' id='line_1_93' title="bbox 1934 4492 3504 4563; baseline -0.001 -17"><span class='ocrx_word' id='word_1_700' title='bbox 1934 4494 2240 4548; x_wconf 67' lang='lat' dir='ltr'><strong>meridianae</strong></span> <span class='ocrx_word' id='word_1_701' title='bbox 2267 4493 2503 4563; x_wconf 92' lang='lat' dir='ltr'><strong>gentium</strong></span> <span class='ocrx_word' id='word_1_702' title='bbox 2531 4493 2670 4546; x_wconf 88' lang='lat' dir='ltr'><strong>lucis</strong></span> <span class='ocrx_word' id='word_1_703' title='bbox 2692 4532 2708 4556; x_wconf 89' lang='lat'><strong><em>,</em></strong></span> <span class='ocrx_word' id='word_1_704' title='bbox 2734 4493 3066 4548; x_wconf 84' lang='lat' dir='ltr'><strong>salutaribus</strong></span> <span class='ocrx_word' id='word_1_705' title='bbox 3093 4506 3148 4547; x_wconf 91' lang='lat' dir='ltr'><strong>et</strong></span> <span class='ocrx_word' id='word_1_706' title='bbox 3169 4492 3504 4562; x_wconf 54' lang='lat' dir='ltr'><strong>evangelici.»</strong></span> 
     </span>
    </p>
   </div>
   <div class='ocr_carea' id='block_1_94' title="bbox 237 4572 1828 4652">
    <p class='ocr_par' dir='ltr' id='par_1_94' title="bbox 237 4572 1817 4650">
     <span class='ocr_line' id='line_1_94' title="bbox 237 4572 1817 4650; baseline 0.006 -24"><span class='ocrx_word' id='word_1_707' title='bbox 237 4572 333 4626; x_wconf 81' lang='grc' dir='ltr'>καὶ</span> <span class='ocrx_word' id='word_1_708' title='bbox 381 4574 760 4642; x_wconf 84' lang='grc' dir='ltr'>εὐαγγελικαῖς</span> <span class='ocrx_word' id='word_1_709' title='bbox 806 4576 1000 4645; x_wconf 88' lang='grc' dir='ltr'>αὑγαίς</span> <span class='ocrx_word' id='word_1_710' title='bbox 1033 4579 1132 4648; x_wconf 82' lang='grc' dir='ltr'><strong>τῆς</strong></span> <span class='ocrx_word' id='word_1_711' title='bbox 1172 4580 1493 4650; x_wconf 83' lang='grc' dir='ltr'>Ἐκκλησίας</span> <span class='ocrx_word' id='word_1_712' title='bbox 1536 4582 1630 4635; x_wconf 88' lang='grc' dir='ltr'><strong>τοῦ</strong></span> <span class='ocrx_word' id='word_1_713' title='bbox 1682 4582 1817 4636; x_wconf 86' lang='grc' dir='ltr'>Θεοῦ</span> 
     </span>
    </p>
   </div>
   <div class='ocr_carea' id='block_1_95' title="bbox 1934 4572 3501 4652">
    <p class='ocr_par' dir='ltr' id='par_1_95' title="bbox 1934 4581 3501 4652">
     <span class='ocr_line' id='line_1_95' title="bbox 1934 4581 3501 4652; baseline -0.001 -17"><span class='ocrx_word' id='word_1_714' title='bbox 1934 4583 2092 4636; x_wconf 86' lang='lat' dir='ltr'><strong>radiis</strong></span> <span class='ocrx_word' id='word_1_715' title='bbox 2122 4582 2388 4636; x_wconf 85' lang='lat' dir='ltr'><strong>illustrata</strong></span> <span class='ocrx_word' id='word_1_716' title='bbox 2430 4582 2672 4637; x_wconf 85' lang='lat' dir='ltr'><strong>Ecclesia</strong></span> <span class='ocrx_word' id='word_1_717' title='bbox 2704 4581 2801 4635; x_wconf 89' lang='lat' dir='ltr'><strong>Dei</strong></span> <span class='ocrx_word' id='word_1_718' title='bbox 2827 4621 2842 4646; x_wconf 93' lang='lat'><strong>,</strong></span> <span class='ocrx_word' id='word_1_719' title='bbox 2883 4582 2981 4650; x_wconf 88' lang='lat' dir='ltr'><strong>ipsi</strong></span> <span class='ocrx_word' id='word_1_720' title='bbox 3010 4583 3112 4636; x_wconf 89' lang='lat' dir='ltr'><strong>soli</strong></span> <span class='ocrx_word' id='word_1_721' title='bbox 3143 4623 3158 4646; x_wconf 91' lang='lat'><strong>,</strong></span> <span class='ocrx_word' id='word_1_722' title='bbox 3190 4593 3378 4650; x_wconf 86' lang='lat' dir='ltr'><strong>utpote</strong></span> <span class='ocrx_word' id='word_1_723' title='bbox 3405 4588 3501 4652; x_wconf 77' lang='lat' dir='ltr'><strong>qui</strong></span> 
     </span>
    </p>
   </div>
   <div class='ocr_carea' id='block_1_96' title="bbox 237 4663 1820 4741">
    <p class='ocr_par' dir='ltr' id='par_1_96' title="bbox 237 4663 1820 4741">
     <span class='ocr_line' id='line_1_96' title="bbox 237 4663 1820 4741; baseline 0.007 -26"><span class='ocrx_word' id='word_1_724' title='bbox 237 4663 761 4737; x_wconf 82' lang='grc' dir='ltr'>καταλαμπομένης,</span> <span class='ocrx_word' id='word_1_725' title='bbox 796 4666 944 4736; x_wconf 90' lang='grc' dir='ltr'>μόνοι</span> <span class='ocrx_word' id='word_1_726' title='bbox 979 4667 1154 4731; x_wconf 70' lang='grc' dir='ltr'>αὐτοὶ,</span> <span class='ocrx_word' id='word_1_727' title='bbox 1185 4669 1259 4730; x_wconf 76' lang='grc' dir='ltr'>ὡς</span> <span class='ocrx_word' id='word_1_728' title='bbox 1285 4669 1350 4723; x_wconf 83' lang='grc' dir='ltr'>ἂν</span> <span class='ocrx_word' id='word_1_729' title='bbox 1378 4670 1448 4723; x_wconf 88' lang='grc' dir='ltr'><strong>τά</strong></span> <span class='ocrx_word' id='word_1_730' title='bbox 1483 4672 1618 4741; x_wconf 79' lang='grc' dir='ltr'>πρὸς</span> <span class='ocrx_word' id='word_1_731' title='bbox 1658 4671 1820 4726; x_wconf 85' lang='grc' dir='ltr'>θάνα-</span> 
     </span>
    </p>
   </div>
   <div class='ocr_carea' id='block_1_97' title="bbox 235 4757 1818 4834">
    <p class='ocr_par' dir='ltr' id='par_1_97' title="bbox 235 4757 1818 4834">
     <span class='ocr_line' id='line_1_97' title="bbox 235 4757 1818 4834; baseline 0.006 -26"><span class='ocrx_word' id='word_1_732' title='bbox 235 4771 331 4808; x_wconf 83' lang='grc' dir='ltr'><strong>τον</strong></span> <span class='ocrx_word' id='word_1_733' title='bbox 361 4757 763 4826; x_wconf 80' lang='grc' dir='ltr'>ἡμαρτηκότες,</span> <span class='ocrx_word' id='word_1_734' title='bbox 814 4757 1157 4822; x_wconf 87' lang='grc' dir='ltr'>πεπτώκασι,</span> <span class='ocrx_word' id='word_1_735' title='bbox 1216 4761 1310 4813; x_wconf 73' lang='grc' dir='ltr'>καὶ</span> <span class='ocrx_word' id='word_1_736' title='bbox 1353 4760 1540 4833; x_wconf 88' lang='grc' dir='ltr'>ῶσπερ</span> <span class='ocrx_word' id='word_1_737' title='bbox 1569 4764 1626 4816; x_wconf 83' lang='lat' dir='ltr'><strong>tv</strong></span> <span class='ocrx_word' id='word_1_738' title='bbox 1653 4780 1818 4834; x_wconf 63' lang='grc' dir='ltr'>μεσοο</span> 
     </span>
    </p>
   </div>
   <div class='ocr_carea' id='block_1_98' title="bbox 239 4844 1565 4919">
    <p class='ocr_par' dir='ltr' id='par_1_98' title="bbox 239 4844 1565 4919">
     <span class='ocr_line' id='line_1_98' title="bbox 239 4844 1565 4919; baseline 0.002 -22"><span class='ocrx_word' id='word_1_739' title='bbox 239 4844 444 4914; x_wconf 85' lang='grc' dir='ltr'>νυκτίῳ</span> <span class='ocrx_word' id='word_1_740' title='bbox 464 4844 759 4912; x_wconf 77' lang='grc' dir='ltr'>διάγουσιν.</span> <span class='ocrx_word' id='word_1_741' title='bbox 1559 4917 1565 4919; x_wconf 92' lang='lat'>_</span> 
     </span>
    </p>
   </div>
   <div class='ocr_carea' id='block_1_99' title="bbox 315 4936 1810 5013">
    <p class='ocr_par' dir='ltr' id='par_1_99' title="bbox 315 4936 1810 5013">
     <span class='ocr_line' id='line_1_99' title="bbox 315 4936 1810 5013; baseline 0.005 -25"><span class='ocrx_word' id='word_1_742' title='bbox 315 4955 334 4987; x_wconf 83' lang='grc' dir='ltr'><strong>ι</strong></span> <span class='ocrx_word' id='word_1_743' title='bbox 386 4936 474 5000; x_wconf 82' lang='grc' dir='ltr'>ὀς</span> <span class='ocrx_word' id='word_1_744' title='bbox 508 4937 707 5006; x_wconf 77' lang='grc' dir='ltr'>ἄρκτος</span> <span class='ocrx_word' id='word_1_745' title='bbox 749 4938 781 5008; x_wconf 79' lang='grc' dir='ltr'>ἢ</span> <span class='ocrx_word' id='word_1_746' title='bbox 828 4938 904 5000; x_wconf 85' lang='grc' dir='ltr'>ὡς</span> <span class='ocrx_word' id='word_1_747' title='bbox 941 4940 1239 5012; x_wconf 86' lang='grc' dir='ltr'>περιστερά</span> <span class='ocrx_word' id='word_1_748' title='bbox 1283 4941 1399 5010; x_wconf 77' lang='grc' dir='ltr'>ἅμα</span> <span class='ocrx_word' id='word_1_749' title='bbox 1439 4941 1810 5013; x_wconf 87' lang='grc' dir='ltr'>πορεύσονται.</span> 
     </span>
    </p>
   </div>
   <div class='ocr_carea' id='block_1_100' title="bbox 247 5026 1816 5106">
    <p class='ocr_par' dir='ltr' id='par_1_100' title="bbox 247 5026 1816 5106">
     <span class='ocr_line' id='line_1_100' title="bbox 247 5026 1816 5106; baseline 0.004 -26"><span class='ocrx_word' id='word_1_750' title='bbox 247 5026 640 5098; x_wconf 57' lang='grc' dir='ltr'>’.ἀνεμείναμεν</span> <span class='ocrx_word' id='word_1_751' title='bbox 667 5029 867 5100; x_wconf 81' lang='grc' dir='ltr'>κρίσιν,</span> <span class='ocrx_word' id='word_1_752' title='bbox 895 5031 989 5084; x_wconf 74' lang='grc' dir='ltr'>καὶ</span> <span class='ocrx_word' id='word_1_753' title='bbox 1017 5030 1117 5083; x_wconf 89' lang='grc' dir='ltr'><strong>οὑκ</strong></span> <span class='ocrx_word' id='word_1_754' title='bbox 1149 5030 1262 5084; x_wconf 75' lang='grc' dir='ltr'>ἐστι</span> <span class='ocrx_word' id='word_1_755' title='bbox 1289 5033 1531 5104; x_wconf 88' lang='grc' dir='ltr'>σωτηρία</span> <span class='ocrx_word' id='word_1_756' title='bbox 1549 5051 1562 5063; x_wconf 75' lang='grc' dir='ltr'><strong>ο</strong></span> <span class='ocrx_word' id='word_1_757' title='bbox 1601 5034 1816 5106; x_wconf 78' lang='grc' dir='ltr'>μακρὰν</span> 
     </span>
    </p>
   </div>
   <div class='ocr_carea' id='block_1_101' title="bbox 237 5120 1822 5197">
    <p class='ocr_par' dir='ltr' id='par_1_101' title="bbox 237 5120 1822 5197">
     <span class='ocr_line' id='line_1_101' title="bbox 237 5120 1822 5197; baseline 0.005 -25"><span class='ocrx_word' id='word_1_758' title='bbox 237 5120 550 5189; x_wconf 74' lang='grc' dir='ltr'>ἀφέστηκεν</span> <span class='ocrx_word' id='word_1_759' title='bbox 609 5120 701 5188; x_wconf 81' lang='grc' dir='ltr'>ἀφ’</span> <span class='ocrx_word' id='word_1_760' title='bbox 751 5120 928 5190; x_wconf 82' lang='grc' dir='ltr'>ἡμῶν.</span> <span class='ocrx_word' id='word_1_761' title='bbox 983 5121 1162 5193; x_wconf 87' lang='grc' dir='ltr'>Πολλὴ</span> <span class='ocrx_word' id='word_1_762' title='bbox 1215 5124 1323 5194; x_wconf 89' lang='grc' dir='ltr'><strong>γάρ</strong></span> <span class='ocrx_word' id='word_1_763' title='bbox 1353 5125 1509 5197; x_wconf 80' lang='grc' dir='ltr'>ἡμῶν</span> <span class='ocrx_word' id='word_1_764' title='bbox 1545 5127 1578 5195; x_wconf 86' lang='grc' dir='ltr'><strong>ή</strong></span> <span class='ocrx_word' id='word_1_765' title='bbox 1619 5127 1822 5197; x_wconf 81' lang='grc' dir='ltr'>ἀνομία</span> 
     </span>
    </p>
   </div>
   <div class='ocr_carea' id='block_1_102' title="bbox 237 5211 1815 5285">
    <p class='ocr_par' dir='ltr' id='par_1_102' title="bbox 237 5211 1815 5285">
     <span class='ocr_line' id='line_1_102' title="bbox 237 5211 1815 5285; baseline 0.005 -24"><span class='ocrx_word' id='word_1_766' title='bbox 237 5211 481 5263; x_wconf 80' lang='grc' dir='ltr'>ἐναντίον</span> <span class='ocrx_word' id='word_1_767' title='bbox 528 5226 641 5273; x_wconf 86' lang='grc' dir='ltr'>σου,</span> <span class='ocrx_word' id='word_1_768' title='bbox 700 5212 795 5265; x_wconf 73' lang='grc' dir='ltr'><strong>καὶ</strong></span> <span class='ocrx_word' id='word_1_769' title='bbox 848 5213 903 5263; x_wconf 91' lang='grc' dir='ltr'><strong>αἰ</strong></span> <span class='ocrx_word' id='word_1_770' title='bbox 958 5212 1224 5282; x_wconf 86' lang='grc' dir='ltr'>ἁμαρτίαι</span> <span class='ocrx_word' id='word_1_771' title='bbox 1273 5213 1428 5284; x_wconf 79' lang='grc' dir='ltr'>ἡμῶν</span> <span class='ocrx_word' id='word_1_772' title='bbox 1482 5215 1815 5285; x_wconf 84' lang='grc' dir='ltr'>ἀντέστησαν</span> 
     </span>
    </p>
   </div>
   <div class='ocr_carea' id='block_1_103' title="bbox 237 5300 1813 5378">
    <p class='ocr_par' dir='ltr' id='par_1_103' title="bbox 237 5300 1813 5378">
     <span class='ocr_line' id='line_1_103' title="bbox 237 5300 1813 5378; baseline 0.006 -28"><span class='ocrx_word' id='word_1_773' title='bbox 237 5303 398 5370; x_wconf 82' lang='grc' dir='ltr'>ἡμῖν·</span> <span class='ocrx_word' id='word_1_774' title='bbox 431 5301 488 5378; x_wconf 82' lang='grc' dir='ltr'>αἱ</span> <span class='ocrx_word' id='word_1_775' title='bbox 517 5300 626 5370; x_wconf 83' lang='grc' dir='ltr'>γὰρ</span> <span class='ocrx_word' id='word_1_776' title='bbox 655 5302 874 5372; x_wconf 86' lang='grc' dir='ltr'>ἀνομίαι</span> <span class='ocrx_word' id='word_1_777' title='bbox 907 5303 1063 5372; x_wconf 81' lang='grc' dir='ltr'>ἡμῶν</span> <span class='ocrx_word' id='word_1_778' title='bbox 1087 5305 1143 5355; x_wconf 84' lang='grc' dir='ltr'>ὲν</span> <span class='ocrx_word' id='word_1_779' title='bbox 1181 5305 1332 5374; x_wconf 80' lang='grc' dir='ltr'>ἡμῖν,</span> <span class='ocrx_word' id='word_1_780' title='bbox 1370 5305 1464 5357; x_wconf 77' lang='grc' dir='ltr'>καὶ</span> <span class='ocrx_word' id='word_1_781' title='bbox 1512 5304 1579 5358; x_wconf 78' lang='grc' dir='ltr'><strong>τά</strong></span> <span class='ocrx_word' id='word_1_782' title='bbox 1623 5306 1813 5377; x_wconf 85' lang='grc' dir='ltr'>ἀδική-</span> 
     </span>
    </p>
   </div>
   <div class='ocr_carea' id='block_1_104' title="bbox 1921 4669 3503 4740">
    <p class='ocr_par' dir='ltr' id='par_1_104' title="bbox 1921 4669 3503 4740">
     <span class='ocr_line' id='line_1_104' title="bbox 1921 4669 3503 4740; baseline -0.001 -16"><span class='ocrx_word' id='word_1_783' title='bbox 1921 4671 1986 4724; x_wconf 84' lang='lat' dir='ltr'><strong>ad</strong></span> <span class='ocrx_word' id='word_1_784' title='bbox 2015 4681 2244 4725; x_wconf 89' lang='lat' dir='ltr'><strong>mortem</strong></span> <span class='ocrx_word' id='word_1_785' title='bbox 2281 4671 2671 4740; x_wconf 76' lang='lat' dir='ltr'><strong>peccaverint,</strong></span> <span class='ocrx_word' id='word_1_786' title='bbox 2720 4669 2930 4740; x_wconf 89' lang='lat' dir='ltr'><strong>delapsi</strong></span> <span class='ocrx_word' id='word_1_787' title='bbox 2961 4680 3088 4725; x_wconf 89' lang='lat' dir='ltr'><strong>sunt</strong></span> <span class='ocrx_word' id='word_1_788' title='bbox 3113 4710 3128 4732; x_wconf 88' lang='lat'><strong>,</strong></span> <span class='ocrx_word' id='word_1_789' title='bbox 3171 4681 3226 4725; x_wconf 91' lang='lat' dir='ltr'><strong>et</strong></span> <span class='ocrx_word' id='word_1_790' title='bbox 3251 4671 3403 4739; x_wconf 88' lang='lat' dir='ltr'><strong>quasi</strong></span> <span class='ocrx_word' id='word_1_791' title='bbox 3449 4673 3503 4722; x_wconf 90' lang='lat' dir='ltr'><strong>iu</strong></span> 
     </span>
    </p>
   </div>
   <div class='ocr_carea' id='block_1_105' title="bbox 1921 4763 2504 4833">
    <p class='ocr_par' dir='ltr' id='par_1_105' title="bbox 1921 4763 2504 4833">
     <span class='ocr_line' id='line_1_105' title="bbox 1921 4763 2504 4833; baseline -0.003 -17"><span class='ocrx_word' id='word_1_792' title='bbox 1921 4763 2097 4817; x_wconf 85' lang='lat' dir='ltr'><strong>media</strong></span> <span class='ocrx_word' id='word_1_793' title='bbox 2132 4772 2291 4818; x_wconf 87' lang='lat' dir='ltr'><strong>nocte</strong></span> <span class='ocrx_word' id='word_1_794' title='bbox 2316 4775 2504 4833; x_wconf 85' lang='lat' dir='ltr'><strong>agunt.</strong></span> 
     </span>
    </p>
   </div>
   <div class='ocr_carea' id='block_1_106' title="bbox 1995 4943 3500 5012">
    <p class='ocr_par' dir='ltr' id='par_1_106' title="bbox 1995 4943 3500 5012">
     <span class='ocr_line' id='line_1_106' title="bbox 1995 4943 3500 5012; baseline -0.003 -16"><span class='ocrx_word' id='word_1_795' title='bbox 1995 4943 2156 4999; x_wconf 74' lang='lat' dir='ltr'><strong>Vsus.</strong></span> <span class='ocrx_word' id='word_1_796' title='bbox 2188 4944 2276 5005; x_wconf 78' lang='grc'><strong>11,</strong></span> <span class='ocrx_word' id='word_1_797' title='bbox 2310 4944 2397 4997; x_wconf 72' lang='grc'><strong>12.</strong></span> <span class='ocrx_word' id='word_1_798' title='bbox 2434 4962 2454 4994; x_wconf 81' lang='lat' dir='ltr'><strong>t</strong></span> <span class='ocrx_word' id='word_1_799' title='bbox 2483 4943 2764 5012; x_wconf 83' lang='lat' dir='ltr'><strong>Tanquam</strong></span> <span class='ocrx_word' id='word_1_800' title='bbox 2801 4957 2983 5006; x_wconf 87' lang='lat' dir='ltr'><strong>ursus,</strong></span> <span class='ocrx_word' id='word_1_801' title='bbox 3005 4949 3098 4994; x_wconf 90' lang='lat' dir='ltr'><strong>aut</strong></span> <span class='ocrx_word' id='word_1_802' title='bbox 3128 4951 3381 5010; x_wconf 79' lang='lat' dir='ltr'><strong>tanquam</strong></span> <span class='ocrx_word' id='word_1_803' title='bbox 3406 4955 3500 4994; x_wconf 85' lang='lat' dir='ltr'><strong>co-</strong></span> 
     </span>
    </p>
   </div>
   <div class='ocr_carea' id='block_1_107' title="bbox 1919 5033 3496 5103">
    <p class='ocr_par' dir='ltr' id='par_1_107' title="bbox 1919 5033 3496 5103">
     <span class='ocr_line' id='line_1_107' title="bbox 1919 5033 3496 5103; baseline -0.004 -12"><span class='ocrx_word' id='word_1_804' title='bbox 1919 5039 2099 5091; x_wconf 89' lang='lat' dir='ltr'><strong>lumba</strong></span> <span class='ocrx_word' id='word_1_805' title='bbox 2133 5038 2294 5103; x_wconf 84' lang='lat' dir='ltr'><strong>simul</strong></span> <span class='ocrx_word' id='word_1_806' title='bbox 2333 5037 2606 5091; x_wconf 88' lang='lat' dir='ltr'><strong>iucedent.</strong></span> <span class='ocrx_word' id='word_1_807' title='bbox 2649 5035 3098 5103; x_wconf 78' lang='lat' dir='ltr'><strong>Exspectavituus</strong></span> <span class='ocrx_word' id='word_1_808' title='bbox 3131 5033 3496 5102; x_wconf 83' lang='lat' dir='ltr'><strong>judicium,et</strong></span> 
     </span>
    </p>
   </div>
   <div class='ocr_carea' id='block_1_108' title="bbox 1918 5124 3494 5199">
    <p class='ocr_par' dir='ltr' id='par_1_108' title="bbox 1918 5124 3494 5199">
     <span class='ocr_line' id='line_1_108' title="bbox 1918 5124 3494 5199; baseline -0.003 -17"><span class='ocrx_word' id='word_1_809' title='bbox 1918 5146 2022 5183; x_wconf 89' lang='lat' dir='ltr'><strong>non</strong></span> <span class='ocrx_word' id='word_1_810' title='bbox 2062 5140 2145 5184; x_wconf 91' lang='lat' dir='ltr'><strong>est</strong></span> <span class='ocrx_word' id='word_1_811' title='bbox 2171 5129 2316 5183; x_wconf 87' lang='lat' dir='ltr'><strong>salus</strong></span> <span class='ocrx_word' id='word_1_812' title='bbox 2351 5146 2364 5182; x_wconf 92' lang='lat'><strong>:</strong></span> <span class='ocrx_word' id='word_1_813' title='bbox 2400 5129 2560 5199; x_wconf 82' lang='lat' dir='ltr'><strong>longe</strong></span> <span class='ocrx_word' id='word_1_814' title='bbox 2596 5129 2822 5182; x_wconf 88' lang='lat' dir='ltr'><strong>recessit</strong></span> <span class='ocrx_word' id='word_1_815' title='bbox 2852 5143 2879 5179; x_wconf 84' lang='lat' dir='ltr'><strong>a</strong></span> <span class='ocrx_word' id='word_1_816' title='bbox 2919 5125 3104 5194; x_wconf 82' lang='lat' dir='ltr'><strong>nobis.</strong></span> <span class='ocrx_word' id='word_1_817' title='bbox 3141 5125 3304 5179; x_wconf 83' lang='lat' dir='ltr'><strong>Multa</strong></span> <span class='ocrx_word' id='word_1_818' title='bbox 3347 5124 3494 5179; x_wconf 86' lang='lat' dir='ltr'><strong>enim</strong></span> 
     </span>
    </p>
   </div>
   <div class='ocr_carea' id='block_1_109' title="bbox 1917 5221 3493 5290">
    <p class='ocr_par' dir='ltr' id='par_1_109' title="bbox 1917 5221 3493 5290">
     <span class='ocr_line' id='line_1_109' title="bbox 1917 5221 3493 5290; baseline -0.005 -15"><span class='ocrx_word' id='word_1_819' title='bbox 1917 5222 2175 5290; x_wconf 78' lang='lat' dir='ltr'><strong>iniquitas</strong></span> <span class='ocrx_word' id='word_1_820' title='bbox 2207 5229 2389 5274; x_wconf 87' lang='lat' dir='ltr'><strong>nostra</strong></span> <span class='ocrx_word' id='word_1_821' title='bbox 2434 5221 2486 5273; x_wconf 90' lang='lat' dir='ltr'><strong>in</strong></span> <span class='ocrx_word' id='word_1_822' title='bbox 2533 5229 2824 5286; x_wconf 79' lang='lat' dir='ltr'><strong>conspectu</strong></span> <span class='ocrx_word' id='word_1_823' title='bbox 2879 5227 3011 5279; x_wconf 86' lang='lat' dir='ltr'><strong>tuo,</strong></span> <span class='ocrx_word' id='word_1_824' title='bbox 3048 5226 3102 5268; x_wconf 89' lang='lat' dir='ltr'><strong>et</strong></span> <span class='ocrx_word' id='word_1_825' title='bbox 3132 5228 3353 5284; x_wconf 83' lang='lat' dir='ltr'><strong>peccata</strong></span> <span class='ocrx_word' id='word_1_826' title='bbox 3395 5231 3493 5268; x_wconf 87' lang='lat' dir='ltr'><strong>no-</strong></span> 
     </span>
    </p>
   </div>
   <div class='ocr_carea' id='block_1_110' title="bbox 1915 5305 3489 5376">
    <p class='ocr_par' dir='ltr' id='par_1_110' title="bbox 1915 5305 3489 5376">
     <span class='ocr_line' id='line_1_110' title="bbox 1915 5305 3489 5376; baseline -0.006 -12"><span class='ocrx_word' id='word_1_827' title='bbox 1915 5324 2024 5364; x_wconf 88' lang='lat' dir='ltr'><strong>stra</strong></span> <span class='ocrx_word' id='word_1_828' title='bbox 2065 5310 2390 5365; x_wconf 85' lang='lat' dir='ltr'><strong>obstiterunt</strong></span> <span class='ocrx_word' id='word_1_829' title='bbox 2437 5309 2617 5362; x_wconf 81' lang='lat' dir='ltr'><strong>nobis.</strong></span> <span class='ocrx_word' id='word_1_830' title='bbox 2661 5308 2980 5376; x_wconf 81' lang='lat' dir='ltr'><strong>luiquitatcs</strong></span> <span class='ocrx_word' id='word_1_831' title='bbox 3014 5308 3159 5360; x_wconf 89' lang='lat' dir='ltr'><strong>enim</strong></span> <span class='ocrx_word' id='word_1_832' title='bbox 3208 5316 3410 5358; x_wconf 72' lang='lat' dir='ltr'><strong>nostra:</strong></span> <span class='ocrx_word' id='word_1_833' title='bbox 3440 5305 3489 5356; x_wconf 95' lang='lat' dir='ltr'><strong>iu</strong></span> 
     </span>
    </p>
   </div>
   <div class='ocr_carea' id='block_1_111' title="bbox 240 5391 1828 5467">
    <p class='ocr_par' dir='ltr' id='par_1_111' title="bbox 240 5391 1813 5467">
     <span class='ocr_line' id='line_1_111' title="bbox 240 5391 1813 5467; baseline 0.004 -24"><span class='ocrx_word' id='word_1_834' title='bbox 240 5408 386 5462; x_wconf 88' lang='grc' dir='ltr'>ματα</span> <span class='ocrx_word' id='word_1_835' title='bbox 419 5392 450 5459; x_wconf 78' lang='grc' dir='ltr'><strong>ἡ</strong></span> <span class='ocrx_word' id='word_1_836' title='bbox 461 5391 576 5459; x_wconf 88' lang='grc' dir='ltr'><strong>μῶν</strong></span> <span class='ocrx_word' id='word_1_837' title='bbox 603 5391 864 5462; x_wconf 77' lang='grc' dir='ltr'>ἔγνωμεν.</span> <span class='ocrx_word' id='word_1_838' title='bbox 906 5413 924 5444; x_wconf 76' lang='grc' dir='ltr'><strong>ι</strong></span> <span class='ocrx_word' id='word_1_839' title='bbox 955 5395 1018 5446; x_wconf 76' lang='lat' dir='ltr'><strong>Ui</strong></span> <span class='ocrx_word' id='word_1_840' title='bbox 1045 5394 1152 5465; x_wconf 76' lang='grc' dir='ltr'><strong>γὰρ</strong></span> <span class='ocrx_word' id='word_1_841' title='bbox 1199 5396 1490 5467; x_wconf 68' lang='grc' dir='ltr'>στεναγμοὶ</span> <span class='ocrx_word' id='word_1_842' title='bbox 1531 5397 1728 5460; x_wconf 78' lang='grc' dir='ltr'>αὐτῶν,</span> <span class='ocrx_word' id='word_1_843' title='bbox 1764 5399 1813 5449; x_wconf 83' lang='grc' dir='ltr'><strong>εί</strong></span> 
     </span>
    </p>
   </div>
   <div class='ocr_carea' id='block_1_112' title="bbox 1934 5391 3487 5467">
    <p class='ocr_par' dir='ltr' id='par_1_112' title="bbox 1935 5397 3487 5466">
     <span class='ocr_line' id='line_1_112' title="bbox 1935 5397 3487 5466; baseline -0.005 -14"><span class='ocrx_word' id='word_1_844' title='bbox 1935 5401 2075 5455; x_wconf 69' lang='lat' dir='ltr'><strong>nobis</strong></span> <span class='ocrx_word' id='word_1_845' title='bbox 2125 5409 2298 5464; x_wconf 81' lang='lat' dir='ltr'><strong>sunt,</strong></span> <span class='ocrx_word' id='word_1_846' title='bbox 2337 5408 2393 5452; x_wconf 88' lang='lat' dir='ltr'><strong>et</strong></span> <span class='ocrx_word' id='word_1_847' title='bbox 2446 5397 2739 5466; x_wconf 81' lang='lat' dir='ltr'><strong>iujustitias</strong></span> <span class='ocrx_word' id='word_1_848' title='bbox 2785 5408 3000 5451; x_wconf 88' lang='lat' dir='ltr'><strong>nostras</strong></span> <span class='ocrx_word' id='word_1_849' title='bbox 3044 5397 3421 5465; x_wconf 82' lang='lat' dir='ltr'><strong>cognovimus.</strong></span> <span class='ocrx_word' id='word_1_850' title='bbox 3464 5414 3487 5445; x_wconf 69' lang='grc' dir='ltr'><strong>ι</strong></span> 
     </span>
    </p>
   </div>
   <div class='ocr_carea' id='block_1_113' title="bbox 241 5477 1828 5566">
    <p class='ocr_par' dir='ltr' id='par_1_113' title="bbox 241 5477 1813 5557">
     <span class='ocr_line' id='line_1_113' title="bbox 241 5477 1813 5557; baseline 0.004 -23"><span class='ocrx_word' id='word_1_851' title='bbox 241 5484 338 5552; x_wconf 75' lang='grc' dir='ltr'>μὲν</span> <span class='ocrx_word' id='word_1_852' title='bbox 368 5481 511 5534; x_wconf 86' lang='grc' dir='ltr'><strong>κατά</strong></span> <span class='ocrx_word' id='word_1_853' title='bbox 536 5481 692 5550; x_wconf 89' lang='grc' dir='ltr'>λόγον</span> <span class='ocrx_word' id='word_1_854' title='bbox 722 5484 958 5551; x_wconf 77' lang='grc' dir='ltr'>ἐγίνοντο</span> <span class='ocrx_word' id='word_1_855' title='bbox 980 5485 1120 5553; x_wconf 82' lang='grc' dir='ltr'>ὑπὲρ</span> <span class='ocrx_word' id='word_1_856' title='bbox 1158 5477 1231 5536; x_wconf 83' lang='grc' dir='ltr'>ὧν</span> <span class='ocrx_word' id='word_1_857' title='bbox 1265 5485 1628 5557; x_wconf 80' lang='grc' dir='ltr'>τετολμήκασι</span> <span class='ocrx_word' id='word_1_858' title='bbox 1673 5487 1813 5540; x_wconf 79' lang='grc' dir='ltr'>κατὰ</span> 
     </span>
    </p>
   </div>
   <div class='ocr_carea' id='block_1_114' title="bbox 1934 5477 3485 5566">
    <p class='ocr_par' dir='ltr' id='par_1_114' title="bbox 1934 5487 3485 5566">
     <span class='ocr_line' id='line_1_114' title="bbox 1934 5487 3485 5566; baseline -0.004 -26"><span class='ocrx_word' id='word_1_859' title='bbox 1934 5489 2046 5542; x_wconf 56' lang='lat' dir='ltr'><strong>iam</strong></span> <span class='ocrx_word' id='word_1_860' title='bbox 2087 5488 2320 5558; x_wconf 88' lang='lat' dir='ltr'><strong>gemitus</strong></span> <span class='ocrx_word' id='word_1_861' title='bbox 2385 5487 2624 5558; x_wconf 89' lang='lat' dir='ltr'><strong>ipsorum</strong></span> <span class='ocrx_word' id='word_1_862' title='bbox 2655 5527 2671 5553; x_wconf 85' lang='lat'><strong>,</strong></span> <span class='ocrx_word' id='word_1_863' title='bbox 2731 5487 2996 5566; x_wconf 71' lang='lat' dir='ltr'><strong>siquidem</strong></span> <span class='ocrx_word' id='word_1_864' title='bbox 3038 5488 3248 5539; x_wconf 76' lang='lat' dir='ltr'><strong>ratione</strong></span> <span class='ocrx_word' id='word_1_865' title='bbox 3298 5498 3485 5536; x_wconf 79' lang='lat' dir='ltr'><strong>conm</strong></span> 
     </span>
    </p>
   </div>
   <div class='ocr_carea' id='block_1_115' title="bbox 244 5573 1807 5648">
    <p class='ocr_par' dir='ltr' id='par_1_115' title="bbox 244 5573 1807 5648">
     <span class='ocr_line' id='line_1_115' title="bbox 244 5573 1807 5648; baseline 0.003 -23"><span class='ocrx_word' id='word_1_866' title='bbox 244 5573 329 5626; x_wconf 76' lang='grc' dir='ltr'><strong>τοῦ</strong></span> <span class='ocrx_word' id='word_1_867' title='bbox 361 5574 631 5642; x_wconf 78' lang='grc' dir='ltr'>Σωτῆρος,</span> <span class='ocrx_word' id='word_1_868' title='bbox 658 5576 953 5644; x_wconf 81' lang='grc' dir='ltr'>ὲπωφελεῖς</span> <span class='ocrx_word' id='word_1_869' title='bbox 981 5575 1225 5644; x_wconf 71' lang='grc' dir='ltr'>ἐγένοντο</span> <span class='ocrx_word' id='word_1_870' title='bbox 1257 5577 1341 5631; x_wconf 75' lang='grc' dir='ltr'><strong>ἀν.</strong></span> <span class='ocrx_word' id='word_1_871' title='bbox 1386 5578 1506 5647; x_wconf 80' lang='grc' dir='ltr'><strong>Χρὴ</strong></span> <span class='ocrx_word' id='word_1_872' title='bbox 1558 5578 1664 5648; x_wconf 79' lang='grc' dir='ltr'><strong>γὰρ</strong></span> <span class='ocrx_word' id='word_1_873' title='bbox 1711 5580 1807 5630; x_wconf 88' lang='grc' dir='ltr'><strong>αὐ-</strong></span> 
     </span>
    </p>
   </div>
   <div class='ocr_carea' id='block_1_116' title="bbox 307 5773 1363 5844">
    <p class='ocr_par' dir='ltr' id='par_1_116' title="bbox 307 5773 1363 5844">
     <span class='ocr_line' id='line_1_116' title="bbox 307 5773 1363 5844; baseline 0.008 -19"><span class='ocrx_word' id='word_1_874' title='bbox 307 5773 353 5804; x_wconf 85' lang='grc'><strong>¹³</strong></span> <span class='ocrx_word' id='word_1_875' title='bbox 393 5774 590 5842; x_wconf 83' lang='lat' dir='ltr'><strong>Ephes.</strong></span> <span class='ocrx_word' id='word_1_876' title='bbox 627 5791 682 5840; x_wconf 87' lang='lat' dir='ltr'><strong>Il,</strong></span> <span class='ocrx_word' id='word_1_877' title='bbox 720 5776 802 5830; x_wconf 78' lang='grc' dir='ltr'>Η.</span> <span class='ocrx_word' id='word_1_878' title='bbox 884 5778 926 5809; x_wconf 73' lang='grc'>’⁸</span> <span class='ocrx_word' id='word_1_879' title='bbox 954 5778 1086 5832; x_wconf 77' lang='lat' dir='ltr'><strong>.luau</strong></span> <span class='ocrx_word' id='word_1_880' title='bbox 1140 5781 1363 5844; x_wconf 66' lang='lat' dir='ltr'><strong>ttv,?.7.</strong></span> 
     </span>
    </p>
   </div>
   <div class='ocr_carea' id='block_1_117' title="bbox 1912 5576 3483 5650">
    <p class='ocr_par' dir='ltr' id='par_1_117' title="bbox 1912 5576 3483 5650">
     <span class='ocr_line' id='line_1_117' title="bbox 1912 5576 3483 5650; baseline -0.005 -16"><span class='ocrx_word' id='word_1_881' title='bbox 1912 5596 2032 5650; x_wconf 75' lang='lat' dir='ltr'><strong>qua:</strong></span> <span class='ocrx_word' id='word_1_882' title='bbox 2064 5589 2254 5636; x_wconf 87' lang='lat' dir='ltr'><strong>contra</strong></span> <span class='ocrx_word' id='word_1_883' title='bbox 2288 5579 2627 5635; x_wconf 85' lang='lat' dir='ltr'><strong>Salvatorem</strong></span> <span class='ocrx_word' id='word_1_884' title='bbox 2659 5580 2776 5633; x_wconf 87' lang='lat' dir='ltr'><strong>ausi</strong></span> <span class='ocrx_word' id='word_1_885' title='bbox 2818 5587 2965 5643; x_wconf 84' lang='lat' dir='ltr'><strong>sunt,</strong></span> <span class='ocrx_word' id='word_1_886' title='bbox 3005 5579 3188 5632; x_wconf 83' lang='lat' dir='ltr'><strong>emissi</strong></span> <span class='ocrx_word' id='word_1_887' title='bbox 3234 5576 3483 5641; x_wconf 62' lang='lat' dir='ltr'><strong>fuissent,</strong></span> 
     </span>
    </p>
   </div>
  </div>
