4058 6394
593 362 695 447 εει

1258 371 1527 433 EUSEBII
1561 364 2036 427 CESARIENSIS
2107 362 2258 420 OPP.
2300 360 2483 417 PARS
2521 359 2606 414 Ill.
2646 386 2717 402 —-
2753 352 3162 413 EXEGETICA.

3728 348 3831 406 (88

596 508 727 580 ipsis
760 517 891 563 sane
919 498 1180 557 fructuosi
1220 496 1395 555 futuri
1432 502 1610 551 erant.
1648 491 1857 547 Etenim
1889 503 2025 558 opus
2060 494 2143 542 est

2274 484 2369 547 οὺς
2394 484 2487 537 καὶ
2505 480 2721 534 πενθεῖν
2748 478 2840 531 καὶ
2868 474 3166 539 στενάζειν,
3195 473 3290 526 καὶ
3313 441 3703 541 ἀποδύρεσθαι,
3729 467 3826 521 καὶ

594 602 738 670 ipsos
773 596 979 665 lugere.
1019 590 1407 662 ingemiscere,
1447 583 1733 656 lamentari
1798 591 1852 637 et
1875 580 2149 653 plangere,

593 668 892 759 sanguinis,
925 698 1084 756 quem
1119 680 1442 741 eliuderunt,
1477 690 1657 732 caua.
1694 674 1887 729 Verum
1934 672 2059 740 quia
2093 668 2147 724 id

595 792 755 847 agere
808 791 914 830 non
949 774 1231 833 videnlur,
1275 766 1369 822 sed
1424 765 1609 820 urbem
1666 762 1812 818 illam
1861 760 2149 824 sensilem,

594 864 1019 935 Hierosolymam
1047 860 1192 923 dico,
1212 856 1516 927 deplorant,
1536 865 1587 910 et
1601 853 1809 908 ruinam
1826 851 1943 917 ejus
1964 850 2155 905 stolide

595 956 780 1025 lugent
800 992 818 1021 ,
841 952 964 1019 jure
996 949 1179 1004 bestia
1201 944 1330 1001 ferae
1367 952 1766 1013 comparantur.
1794 938 2153 1006 Quamobrem

594 1045 831 1101 dicitur:
870 1061 890 1096 s
929 1038 995 1095 Et
1017 1038 1369 1110 ingemiscent
1399 1044 1650 1104 tanquam
1681 1046 1878 1095 ursus;
1906 1048 1925 1082 ι
1955 1029 2009 1083 in
2033 1027 2155 1083 aliis

595 1149 727 1189 vero
776 1132 993 1195 dicitur,
1035 1146 1055 1182 ι
1119 1124 1274 1183 Sicut
1309 1137 1434 1179 ursa
1483 1122 1637 1189 prole
1667 1121 1879 1176 orbata.
1918 1137 1937 1170 ι
1979 1114 2153 1172 Ursus

597 1228 778 1294 itaque
821 1226 1109 1283 vocantur,
1158 1216 1282 1287 quis
1318 1215 1434 1269 hate
1481 1212 1595 1267 fera
1635 1210 1884 1266 homines
1912 1208 2153 1263 devorat.

596 1311 1037 1381 Quandoquidem
1090 1314 1147 1363 et
1188 1305 1292 1375 ipsi
1330 1303 1576 1359 homines
1615 1299 1965 1363 devorabam,
1995 1296 2157 1351 cadi-

597 1406 700 1461 bus
732 1410 985 1459 vacantes
1012 1438 1029 1466 ,
1074 1406 1131 1453 et
1155 1395 1446 1467 prophetas
1469 1391 1824 1455 occidentes;
1856 1403 1996 1444 ursae
2030 1387 2158 1442 item

598 1495 754 1566 prole
781 1494 989 1549 orbata
1013 1487 1214 1546 similes
1242 1495 1392 1552 sunt,
1431 1485 1502 1540 ob
1529 1483 1756 1538 ﬁliorum
1791 1495 2011 1537 suorum
2046 1478 2162 1534 exi-

602 1587 741 1642 tium

675 1675 836 1733 Vm.
863 1672 946 1728 l3.
983 1688 1004 1723 ι
1036 1667 1202 1740 impie
1244 1666 1474 1739 egimus,
1513 1674 1568 1721 et
1606 1663 1814 1719 mentiti
1860 1673 2078 1723 sumns,
2104 1666 2162 1712 et

599 1767 1005 1828 retrocessimns
1042 1778 1073 1818 a
1110 1762 1218 1817 Deo
1254 1768 1460 1815 nostro.
1492 1754 1676 1811 Loculi
1725 1767 1908 1808 sumus
1953 1750 2159 1819 iniqua,

2255 571 2529 646 δακρύειν,
2557 564 2633 625 ῶν
2664 569 2874 639 ὲξέχεον
2914 564 3161 635 αἱμάτων
3184 562 3367 616 ἕνεκα.
3401 559 3555 614 Ἐπεὶ
3583 558 3643 612 δὲ
3671 556 3831 611 τοῦτο

2260 664 2358 735 μὲν
2380 663 2439 715 οὐ
2475 658 2917 732 προσποιοῦνται,
2951 654 3049 724 τὴν
3092 654 3149 706 δὲ
3196 652 3351 706 πόλιν
3396 650 3498 721 τὴν
3541 646 3830 719 αἰσθητὴν.

2256 755 2399 824 λέγω
2453 753 2519 823 δὴ
2567 752 2666 822 τὴν
2707 745 3080 820 Ἰερουσαλὴμ,
3126 743 3537 806 ἀποκλαίονται,
3586 740 3684 794 καὶ
3729 738 3832 808 τὴν

2259 848 2465 902 πτῶσιν
2512 845 2682 913 αὐτῆς
2720 838 3063 904 στενάξουσιν
3099 835 3342 903 ἀλόγωςο
3384 832 3610 895 εἰκότως
3653 827 3832 898 ἀγρίῳ

2259 939 2432 1011 θηρίῳ
2446 933 2885 1006 ωρεόλήθησαν.
2906 929 2995 982 Διὸ
3008 927 3278 981 λέλεκται-
3307 944 3325 976 ι
3345 923 3458 978 Καὶ
3484 920 3833 987 στενάξουσιν

2256 1032 2332 1096 ὡς
2352 1032 2581 1102 ἀρκτος’
2612 1046 2630 1077 ι
2664 1025 2760 1080 καὶ
2801 1027 2860 1078 ὲν
2900 1022 3078 1084 ἀλλοις
3101 1020 3157 1073 δὲ
3184 1018 3401 1090 εῖρηται
3422 1033 3435 1046 ο
3468 1034 3487 1067 ι
3525 1016 3612 1078 Ὦς
3626 1014 3832 1085 ἀρκτος

2259 1119 2649 1189 ἀτεκνουμὲνη.
2683 1137 2701 1169 ι
2727 1118 2960 1188 Ἄρκτος
3000 1113 3100 1185 μὲν
3128 1106 3221 1165 οὖν
3258 1107 3348 1164 διά
3382 1107 3446 1161 τὺ
3489 1102 3839 1179 ἀνθρωποὸό-

2261 1230 2352 1284 ρον
2374 1210 2467 1265 τοῦ
2506 1208 2669 1279 θηρὸς
2690 1205 3103 1278 ὠνομάσθησαν.
3142 1202 3295 1257 Ἐπεὶ
3321 1200 3416 1255 καὶ
3443 1198 3602 1253 αὐτοὶ
3625 1196 3840 1268 ἀνθρώ-

2261 1322 2395 1367 πους
2415 1302 2614 1372 ἔφαγον
2639 1298 3065 1371 μιαιφονοῦντες,
3097 1294 3342 1358 καὶτοὺς
3374 1291 3658 1364 προφήτας
3685 1288 3842 1342 ἀναι-

2267 1396 2485 1468 ροῦντες
2503 1410 2516 1424 ο
2547 1390 2921 1462 ἀτεκνουμὲνη
2947 1390 3003 1443 δὲ
3030 1388 3219 1459 ἀρκτῳ
3243 1381 3720 1457 παρωμοιώθησαν
3750 1377 3844 1434 διὰ

2224 1526 2227 1529 ν
2259 1492 2358 1564 τὴν
2378 1488 2651 1544 ἀπώλειαν
2665 1485 2772 1539 τῶν
2800 1482 3003 1537 τέκνων
3029 1478 3231 1535 αὐτῶν.

2338 1686 2357 1717 ε
2379 1663 2776 1736 Ἦσεόήσαμεν,
2792 1662 2885 1717 καὶ
2898 1656 3264 1731 ὲψευσάμεθα,
3278 1656 3373 1710 καὶ
3388 1654 3705 1723 ἀπέστημεν
3721 1665 3848 1704 οπι-
3880 1731 3884 1733 Δ

2267 1756 2392 1809 σθεν
2418 1753 2512 1807 τοῦ
2556 1751 2693 1806 Θεοῦ
2727 1750 2901 1823 ημῶν.
2944 1747 3313 1819 Ἑλαλήσαμεν
3333 1741 3521 1823 ἄδικα,
3554 1741 3647 1794 καὶ
3684 1740 3849 1808 ἠπει-

600 1822 1114 1927 ειῂἰιιοιιεειιυοοιες
1166 1850 1385 1907 fuimus.
1435 1845 1786 1916 Coneepimus
1824 1852 1880 1897 et
1924 1836 2162 1897 meditati

2274 1846 2533 1916 θήσαμεν.
2571 1822 2853 1912 Ἐκύομεν,
2904 1838 2999 1893 καὶ
3025 1822 3451 1908 ὶμελετήσαμεν’
3476 1827 3848 1899 ἀπὸ,καρδίας

602 1963 790 2010 sumus
832 1948 899 2003 de
928 1944 1091 2000 corde
1118 1950 1309 1997 nostro
1336 1938 1498 1994 verba
1546 1936 1746 2005 iniqua.
1778 1951 1799 1985 ι
1834 1932 1959 1986 Haec
1986 1938 2164 1985 autem

600 2039 859 2111 propheta
902 2034 1033 2090 dicit
1073 2047 1139 2088 ex
1189 2041 1415 2101 persona
1456 2023 1667 2095 populi,
1716 2023 1912 2077 docens
1948 2033 2079 2082 eos,
2108 2026 2167 2072 nt

602 2106 956 2187 conﬁteantur
986 2122 1096 2177 Deo
1137 2128 1382 2190 peccata,
1410 2124 1466 2171 et
1495 2127 1615 2171 sese
1652 2118 1908 2167 accusent
1933 2125 1948 2174 ;
1979 2118 2036 2163 ut
2083 2106 2167 2163 vel

604 2220 678 2274 ita
716 2217 905 2274 saltem
952 2211 1130 2267 animo
1177 2204 1519 2277 compuncti,
1557 2201 1785 2345 gradum
1831 2207 2086 2255 revocent
2111 2205 2168 2253 et

604 2312 981 2345 mnvnﬂnnlllr
1010 2297 1378 2345 nmnitentiam
1413 2295 1573 2345 etlocl
1604 2327 1621 2345 .

603 2312 981 2363 convertantur
1010 2297 1378 2369 pmnitentiam
1413 2295 1621 2349 edocti.

678 2395 837 2451 Vna.
866 2391 1050 2447 ιι-εο.
1082 2406 1103 2441 ι
1139 2388 1208 2442 Et
1255 2384 1575 2441 abduximus
1623 2388 1769 2435 retro
1806 2378 2085 2448 iudicium,
2114 2385 2168 2432 et

599 2488 809 2561 iustitia
838 2485 993 2554 longe
1020 2478 1303 2536 discessit:
1332 2474 1586 2544 quoniam
1634 2478 1951 2540 consumpta
2000 2477 2082 2524 est
2110 2467 2166 2522 in

605 2560 710 2634 viis
732 2589 916 2632 eorum
940 2570 1161 2633 veritas,
1190 2574 1246 2623 et
1287 2578 1383 2635 per
1428 2571 1636 2618 rectum
1664 2561 1768 2615 iter
1804 2560 2037 2615 transire
2061 2572 2165 2613 nos

606 2672 918 2740 potuerunt.
943 2661 1012 2716 Et
1041 2659 1245 2715 veritas
1287 2653 1496 2711 sublata
1542 2662 1661 2740 est.
1691 2658 1752 2740 et
1776 2648 2169 2705 transtulerunt

606 2738 863 2814 mentem,
894 2760 957 2805 ut
997 2761 1104 2802 non
1130 2742 1508 2813 intelligerent.
1544 2738 1612 2795 Et
1648 2738 1784 2794 vidit
1811 2738 2091 2802 Dominus,
2114 2746 2171 2790 et

607 2857 717 2898 non
746 2838 944 2909 placuit
974 2836 1100 2907 ipsi,
1132 2833 1257 2904 quia
1295 2845 1402 2886 non
1440 2840 1557 2886 erat
1580 2827 1863 2897 judicium.
1899 2827 1968 2882 Et
2016 2827 2167 2890 vidit,

609 2941 666 2986 et
698 2944 801 2985 non
831 2936 949 2984 erat
979 2926 1100 2981 vir:
1125 2934 1178 2980 et
1209 2919 1595 2985 consideravit,
1619 2926 1798 2974 etnon
1818 2926 1939 2972 erat
1963 2918 2053 2987 qui
2074 2918 2169 2971 de-

611 3019 890 3074 fenderet:
918 3024 974 3070 et
996 3013 1141 3069 ultus
1168 3019 1252 3066 est
1275 3025 1369 3067 eos
1390 3008 1615 3064 brachio
1643 3021 1762 3070 suo,
1784 3015 1840 3063 et
1866 3006 2170 3061 misericor-

612 3109 699 3162 dia
737 3103 1094 3162 conlirmavit.
1130 3100 1201 3156 Et
1244 3098 1419 3155 induit
1443 3096 1708 3166 justitiam
1745 3095 1902 3165 quasi
1926 3093 2169 3160 loricam,

604 3208 671 3255 et
706 3193 1086 3265 circumposuit
1123 3190 1326 3263 galeam
1366 3186 1619 3245 salutaris
1655 3185 1713 3240 in
1740 3185 1944 3255 capite,
1973 3191 2027 3239 et
2068 3183 2177 3237 cir-

614 3287 887 3347 cumdedit
925 3296 985 3340 se
1018 3281 1340 3337 vestimento
1367 3276 1588 3333 ultionis
1625 3290 1641 3328 :
1673 3283 1729 3331 et
1774 3273 2007 3328 amictus
2041 3272 2176 3340 ejus.

614 3376 865 3446 lanquam
891 3371 1251 3428 retributurus
1271 3367 1342 3424 sit
1370 3363 1802 3425 retributionem,
1827 3360 2177 3431 opprobrium

616 3463 959 3523 adversariis.
1004 3459 1071 3515 Et
1113 3458 1381 3515 timebunt
1416 3451 1791 3511 Occidentales
1842 3464 2033 3505 nomen
2073 3450 2177 3504 Do-

615 3559 769 3624 mini,
798 3564 854 3612 et
880 3554 971 3626 qui
996 3560 1124 3609 sunt
1170 3550 1237 3605 ab
1268 3557 1393 3604 ortu
1431 3545 1596 3612 solis,
1634 3557 1831 3599 nomen
1865 3541 2176 3612 gloriosum.

616 3649 809 3706 Veniet
829 3645 996 3709 enim,
1031 3641 1187 3712 quasi
1212 3637 1409 3694 fluvius
1440 3636 1705 3692 violentus
1732 3634 1811 3688 ira
1842 3647 1873 3687 a
1906 3631 2129 3687 Domino
2161 3657 2178 3695 ς

614 3740 795 3796 veniet
824 3751 945 3792 cum
990 3733 1192 3798 lurore,
1227 3739 1280 3786 et
1311 3727 1491 3784 veniet
1522 3734 1740 3797 propter
1767 3723 1897 3779 Sion
1926 3722 2017 3791 qui
2049 3720 2183 3776 libe-

618 3842 724 3895 rat,
751 3838 807 3885 et
834 3831 1042 3882 avertet
1087 3821 1391 3891 impietates
1425 3834 1454 3873 a
1499 3815 1685 3872 Jacob.
1722 3834 1740 3866 ι
1778 3813 1878 3869 Hic
1911 3813 2041 3868 item
2084 3826 2181 3881 per

620 3923 751 3977 Sion
784 3920 867 3989 pia
913 3915 1101 3987 religio
1138 3912 1493 3985 signiﬁcatur,
1535 3907 1695 3978 Quam
1736 3904 1965 3960 diversis
2007 3902 2180 3958 modis

620 4012 916 4070 Ecclesiam
952 4007 1047 4062 Dei
1100 4020 1221 4073 esse
1265 4001 1666 4073 comprobatum
1712 4008 1818 4053 est.
1868 3995 2034 4064 Hujus
2076 3995 2180 4049 ita-

620 4119 726 4175 que
758 4102 853 4157 Dei
878 4097 1113 4155 civitatis
1139 4109 1304 4151 causa
1334 4100 1588 4148 venturus
1622 4088 1878 4144 liberator
1898 4100 2016 4143 esse
2044 4086 2179 4141 dici-

619 4206 731 4261 tur,
775 4192 865 4263 qui
901 4192 1011 4262 jam
1055 4200 1220 4259 prope
1252 4192 1356 4241 est.
1398 4180 1468 4237 Et
1507 4179 1637 4250 quid
1686 4177 1847 4234 laciet
1882 4176 2181 4233 lDimittet

621 4294 839 4358 peccata
871 4278 1256 4338 accedentibus
1277 4275 1348 4331 ad
1375 4288 1454 4332 se.

2266 1937 2421 2009 ήμῶν
2457 1936 2649 2004 λόγους
2681 1932 2917 1994 ἀδίκους.
2938 1947 2959 1981 ι
3003 1928 3165 1997 Λέγει
3196 1926 3253 1979 δὲ
3280 1923 3453 1978 ταῦτα
3483 1924 3513 1974 6
3554 1918 3850 1991 προφήτης

2265 2030 2329 2081 ὲκ
2353 2025 2644 2099 προσώπου
2677 2022 2769 2076 τοῦ
2801 2018 2952 2085 λαοῦ,
2986 2019 3253 2073 διδάσκων
3277 2015 3476 2077 αὐτοὺς
3506 2009 3853 2081 ὶξομολογιῖ-

2267 2118 2388 2173 σθαι
2403 2117 2479 2189 τῷ
2501 2116 2619 2187 Θεῷ
2640 2114 2739 2178 τάς
2757 2111 3028 2185 ἁμαρτίας
3043 2110 3137 2165 καὶ
3150 2107 3473 2179 κατηγορεῖν
3499 2104 3699 2165 αὐτοὺς
3718 2102 3851 2154 εαυ-

2264 2206 2394 2271 τῶν,
2412 2206 2498 2259 ἵνα
2511 2205 2613 2259 κᾶν
2634 2204 2825 2269 οὕτως,
2843 2200 3140 2273 πληγέντες
3159 2198 3257 2270 τὴν
3282 2195 3478 2268 ψυχὴν,
3505 2190 3851 2247 ἀνανεύσωσι

2265 2301 2357 2353 καὶ
2388 2296 2776 2368 ἑπιστρίψωσι,
2810 2295 3089 2366 μετανοεῖν
3106 2288 3461 2360 διδαχθέντες.

2341 2408 2359 2441 ι
2386 2389 2495 2443 Καὶ
2539 2386 2923 2455 ἀπεστήσαμεν
2968 2381 3143 2436 ὀπίσω
3183 2379 3281 2452 τὴν
3330 2379 3528 2452 κρίσιν,
3572 2378 3670 2433 καὶ
3698 2375 3735 2448 ἡ
3763 2374 3849 2430 δι-

2266 2476 2520 2546 καιοσύνη
2541 2472 2755 2546 μακρὰν
2785 2469 3120 2541 ἀφέστηκενο
3146 2468 3228 2523 δτι
3253 2464 3607 2538 κατηναλὼθη
3636 2466 3695 2517 ιν
3720 2464 3850 2525 ταῖς

2265 2566 2403 2634 ὁδοῖς
2428 2564 2607 2619 αὐτῶν
2644 2563 2678 2632 ἡ
2718 2559 2963 2631 ἀλήθεια,
2986 2557 3081 2611 καὶ
3118 2555 3185 2610 δι’
3211 2555 3427 2616 εὐθείας
3462 2553 3562 2607 οὐκ
3592 2551 3851 2607 ἀδύναντο

2263 2657 2509 2712 διελθεῖν.
2556 2655 2668 2710 Kal
2696 2655 2731 2724 ἡ
2759 2651 2983 2724 ἀλήθεια
3010 2647 3197 2724 ἦρται,
3233 2649 3327 2702 καὶ
3371 2645 3706 2718 μετέστησαν
3747 2642 3851 2714 τὴν

2264 2744 2500 2799 διάνοιαν
2531 2742 2624 2796 τοῦ
2654 2740 2911 2795 συνιέναι.
2942 2740 3055 2794 Καὶ
3078 2736 3185 2792 εἶδε
3216 2735 3438 2807 Κύριος,
3466 2733 3561 2788 καὶ
3594 2732 3695 2786 οὐκ
3718 2732 3855 2803 ἦρε-

2268 2848 2359 2887 σεν
2390 2830 2559 2902 αὐτῷ,
2616 2831 2698 2883 ὅτι
2728 2830 2828 2883 οὐκ
2851 2825 2920 2900 ἦν
2945 2828 3145 2899 κρίσις.
3178 2826 3289 2879 Kal
3332 2818 3462 2887 εἶδε,
3507 2820 3605 2876 καὶ
3649 2821 3753 2874 οὐκ
3779 2816 3852 2891 ἦν

2268 2924 2410 2995 ἀνήρ
2432 2940 2445 2953 ·
2476 2924 2568 2976 καὶ
2590 2921 2901 2992 κατενόησε,
2931 2920 3025 2973 καὶ
3050 2919 3149 2971 οὐκ
3173 2911 3240 2987 ἦν
3270 2912 3690 2985 ἀντιληψόμενος
3707 2927 3722 2943 ·
3757 2912 3854 2966 καὶ

2270 3012 2515 3083 ἠμύνατο
2557 3012 2753 3075 αὐτοὺς
2790 3009 2868 3081 τῷ
2908 3008 3150 3081 βραχίονι
3181 3004 3365 3071 αὐτοῦ,
3401 3004 3494 3059 καὶ
3530 3004 3598 3073 τῇ
3623 3000 3855 3074 ἐλεημο-

2279 3100 2410 3171 σύνη
2436 3099 2773 3170 ἑπηρίσατο.
2822 3098 2933 3152 Kal
2963 3096 3244 3151 ινεδύσατο
3272 3090 3617 3164 δικαιοσύνην
3636 3091 3715 3157 ὡς
3744 3090 3852 3145 θὼ-

2282 3207 2444 3262 ρακα,
2466 3190 2559 3243 καὶ
2578 3188 2855 3261 περιέθετο
2880 3183 3305 3258 περικεφαλαίαν
3327 3182 3596 3254 σωτηρίου
3625 3181 3721 3235 ἰπὶ
3748 3181 3855 3252 τῆς

2280 3281 2541 3351 κεφαλῆς,
2574 3282 2668 3335 καὶ
2718 3276 3074 3350 περιεϐάλετο
3098 3276 3310 3349 ίμάτιον
3342 3274 3676 3345 ικδικησεως
3697 3289 3711 3303 ·
3753 3273 3855 3327 καὶ

2278 3370 2339 3424 τδ
2368 3368 2709 3441 περιϐόλαιον
2730 3367 2915 3431 αὐτοῦ,
2949 3366 3026 3431 ὡς
3049 3360 3438 3419 ἀνταποδώσων
3465 3356 3851 3420 ἀνταπόδοσιν,

2276 3458 2473 3523 ὄνειδος
2502 3460 2611 3521 τοῖς
2632 3456 2981 3520 ὑπεναντίοις.
2996 3449 3525 3523 Καὶ’φοϐηθήσονται
3549 3447 3600 3501 οἱ
3620 3444 3853 3500 ἀπὸ-δυο

2280 3550 2429 3621 σμῶν
2448 3548 2509 3602 τδ
2530 3548 2699 3619 ὄνομα
2724 3547 2951 3617 Κυρίου,
2984 3544 3079 3599 καὶ
3108 3544 3157 3597 oi
3186 3542 3279 3597 ἀπ’
3308 3538 3578 3594 ἀνατολῶν
3610 3536 3763 3608 ἡλίου
3788 3534 3855 3589 τδ

2276 3640 2443 3710 δνομα
2468 3639 2531 3692 τὸ
2561 3637 2785 3702 ἔνδοξον.
2808 3635 2964 3701 Ἥξει
2986 3634 3095 3707 γὰρ
3125 3632 3200 3698 ὡς
3226 3630 3467 3702 ποταμὸς
3501 3628 3673 3699 βιαῖος
3702 3628 3737 3696 η
3766 3626 3856 3695 6p-

2278 3728 2349 3799 γὴ
2380 3727 2530 3801 παρά
2569 3726 2804 3797 Κυρίου*
2830 3724 2948 3796 ἡξει
2976 3722 3115 3796 μετά
3140 3721 3337 3794 θυμοῦ,
3367 3720 3462 3775 καὶ
3499 3717 3620 3791 ἡξει
3660 3717 3855 3771 ῑνεκεν

2280 3816 2416 3873 Σιὼν
2437 3821 2466 3873 6
2498 3818 2776 3891 ῥυόμενος,
2821 3816 2915 3870 καὶ
2947 3814 3281 3886 ἀποστρέψει
3313 3808 3566 3873 ἀσεϐείας
3592 3808 3703 3862 ἀπὸ
3741 3807 3852 3861 Ἰα-

2280 3908 2414 3963 κώὁ.
2442 3929 2460 3961 a
2496 3907 2663 3962 Πάλιν
2690 3907 2746 3960 δὲ
2779 3907 2873 3960 καὶ
2911 3904 3141 3959 ινταῦθα
3170 3904 3233 3956 τὸ
3273 3899 3519 3963 θεοσεδὶς
3547 3897 3856 3969 πολίτευμα

2282 3996 2601 4068 σημαίνεται
2623 3996 2711 4050 διὰ
2747 3995 2845 4065 τῆς
2867 3992 3027 4057 Σιὼν,
3054 3988 3176 4064 ἥτις
3198 3991 3464 4062 διαφόρως
3496 3986 3855 4041 ἀπεδείκνυτο

2278 4083 2463 4158 οὖσαη
2500 4084 2791 4156 Ἐκκλησία
2827 4084 2921 4139 τοῦ
2956 4075 3110 4137 Θεοῦ.
3162 4080 3379 4151 Ταύτης
3409 4074 3503 4133 οὖν
3532 4077 3720 4131 ῑνεκεν
3748 4076 3856 4147 τῆς

2278 4176 2372 4232 τοῦ
2405 4176 2540 4231 Θεοῦ
2571 4177 2775 4239 πόλεως
2806 4174 2954 4247 ἥξειν
2997 4173 3215 4243 λέγεται
3265 4173 3293 4227 6
3322 4171 3583 4244 ῥυόμενος
3613 4170 3643 4223 6
3694 4169 3858 4239 ἀγχι-

2283 4268 2501 4323 στεύων.
2549 4266 2660 4320 Kal
2694 4267 2748 4319 τί
2798 4265 3044 4336 ποιήσεις
3092 4261 3442 4333 Συγχωρήσει
3488 4258 3588 4323 τὰς
3637 4256 3857 4322 ἀδικίας

2279 4361 2390 4423 τοῖς
2418 4356 2732 4429 προσιοῦσιν
2760 4354 2924 4426 αὐτῷ.

699 4459 861 4515 Vsus.
887 4456 976 4513 21.
1006 4474 1027 4510 ι
1063 4454 1131 4511 Ει
1174 4455 1277 4511 hoc
1297 4451 1428 4525 ipsis
1462 4449 1857 4508 Testamentum
1884 4464 1913 4504 a
1942 4462 2027 4502 me
2078 4454 2171 4512 est,

2358 4467 2376 4500 ι
2402 4449 2510 4503 Kal
2542 4446 2681 4519 αῦτη
2710 4447 2891 4511 αὐτοῖς
2926 4447 2961 4517 ή
2993 4445 3123 4517 παρ’
3144 4441 3276 4515 ὶμοῦ
3303 4441 3565 4513 Διαθήκη,
3590 4436 3713 4494 εἷπε
3739 4438 3855 4493 Κύ-

627 4551 764 4605 dixit
798 4548 1073 4604 Dominus.
1095 4544 1327 4616 Spiritus
1364 4557 1536 4610 meus,
1565 4542 1654 4613 qui
1679 4549 1761 4596 est
1787 4540 1839 4594 in
1882 4548 2039 4593 tezet
2066 4552 2185 4591 ver-

629 4640 721 4705 ba,
749 4652 868 4707 quae
900 4635 1022 4690 dedi
1049 4635 1105 4689 iu
1140 4648 1201 4689 os
1230 4643 1377 4688 tuum
1408 4650 1423 4686 :
1454 4642 1510 4687 et
1559 4646 1663 4685 non
1701 4628 1951 4685 deﬁcient
1982 4641 2049 4681 ex
2089 4640 2185 4681 ore

630 4739 743 4795 tuo,
767 4742 940 4797 neque
961 4740 1029 4782 ex
1073 4739 1169 4781 ore
1214 4722 1437 4781 seminis
1457 4723 1555 4778 tui.
1582 4721 1733 4776 Dixit
1760 4720 1901 4775 enim
1930 4717 2186 4773 Dominus

633 4817 824 4873 amodo
859 4825 915 4873 et
963 4828 1132 4884 usque
1161 4814 1214 4869 in
1243 4812 1516 4869 mulum.
1544 4830 1565 4865 ι
1598 4810 1697 4866 Hic
1743 4810 1923 4879 itaque
1954 4807 2186 4877 Spiritus

629 4908 1027 4965 Testamentum
1054 4913 1171 4960 erat
1192 4920 1207 4957 :
1225 4903 1577 4974 quamobrem
1596 4901 1840 4957 Salvator
1858 4910 1911 4956 et
1928 4899 2185 4955 Dominus

633 5007 815 5055 noster
840 4996 992 5053 Jesus
1015 4994 1259 5050 Christus
1300 4991 1579 5063 discipulis
1606 4993 1718 5047 suis
1747 4990 2002 5061 Spiritum
2040 4988 2186 5044 dedit

631 5090 851 5144 dicens:
884 5104 903 5139 ι
929 5086 1165 5155 Accipite
1206 5082 1463 5152 Spiritum
1492 5091 1735 5137 sanctum
1768 5098 1784 5146 ;
1814 5082 1859 5135 si
1887 5079 2179 5148 cujnspiam

634 5176 947 5233 remiseritis
980 5183 1219 5247 peccata,
1262 5175 1605 5228 remittantur
1638 5172 1687 5225 ei
1720 5173 1785 5218 ι’.
1820 5190 1837 5222 ι
1870 5170 1983 5225 {loc
2025 5170 2186 5237 igitur

637 5269 838 5323 Novum
885 5266 1286 5321 Testamentum
1319 5272 1422 5328 est,
1450 5272 1505 5317 et
1534 5272 1692 5331 caput
1727 5262 1983 5331 mysterii,
2010 5258 2182 5328 Spiri-

639 5368 722 5413 tus
750 5367 988 5413 sanctus.
1013 5356 1078 5410 Et
1100 5356 1279 5417 verba,
1310 5370 1427 5425 qum
1463 5354 1581 5407 dedi
1614 5353 1664 5405 in
1690 5367 1750 5407 os
1788 5362 2028 5414 tuum,et
2074 5364 2177 5403 non

636 5448 899 5504 deﬁcient.
941 5467 959 5500 ι
988 5447 1204 5502 Manent
1228 5448 1368 5502 enim
1398 5455 1453 5501 et
1481 5446 1532 5499 in
1568 5444 1815 5513 praesenti
1844 5454 1897 5498 ct
1920 5444 1971 5497 in
2005 5442 2182 5496 futuro

635 5537 825 5593 saculo
849 5538 963 5593 haec
986 5538 1185 5601 omnia,
1204 5536 1495 5594 secundum
1532 5534 1832 5591 Scrutaris
1870 5534 2037 5590 nostri
2065 5546 2182 5587 vcr-

702 5706 745 5739 ⁸⁸
773 5704 928 5761 Joan.
960 5724 1050 5775 xx,
1079 5710 1167 5781 22,
1198 5713 1287 5769 25.

2286 4555 2416 4610 ριος.
2450 4538 2523 4592 T6
2552 4536 2777 4608 Πνεῦμα
2796 4536 2857 4589 τὸ
2881 4534 3031 4606 ἐμὸν,
3060 4534 3089 4587 ὃ
3113 4535 3258 4587 ἐστιν
3285 4532 3376 4585 ἐπὶ
3403 4532 3505 4594 σοὶ,
3541 4528 3634 4583 καὶ
3660 4528 3728 4610 τά
3758 4531 3859 4600 M-

2457 4615 2494 4683 ἀ
2530 4593 2714 4681 ἔδωκα.
2750 4628 2829 4689 είς
2859 4593 2927 4679 τέ
3156 4639 3281 4676 σου·
3328 4620 3422 4675 καὶ
3447 4593 3509 4675 οὗ
3545 4618 3619 4690 μὴ
3652 4593 3859 4691 exitia

2282 4720 2345 4773 ὲκ
2367 4719 2461 4771 τοῦ
2493 4719 2755 4789 στόματός
2784 4732 2899 4779 σου,
2933 4717 3027 4769 καὶ
3062 4718 3126 4770 εκ
3152 4713 3244 4768 τοῦ
3269 4711 3535 4783 στόματος
3558 4708 3650 4763 τοῦ
3683 4707 3830 4777 ost-ip

2286 4808 2452 4877 ματος
2477 4824 2591 4860 σου.
2628 4802 2763 4859 Eius
2798 4804 2907 4875 γὰρ
2938 4804 3138 4874 Κύριος
3161 4802 3268 4857 ἀπὸ
3288 4800 3382 4855 τοῦ
3405 4799 3500 4854 νῦν
3532 4798 3626 4852 καὶ
3658 4799 3738 4862 είς
3758 4796 3856 4850 τὸν

2282 4897 2471 4953 αἰῶνα.
2497 4917 2515 4950 ι
2548 4897 2718 4951 Τοῦτο
2741 4895 2870 4965 γοῦν
2896 4896 2955 4949 τὸ
2987 4894 3208 4966 Πνεῦμα
3224 4896 3260 4963 ἡ
3292 4892 3531 4963 Διαθήκη
3556 4888 3820 4959 ἐτύγχανε

2281 4988 2464 5060 διόπερ
2483 4988 2511 5041 6
2538 4988 2727 5059 Σωτὴρ
2770 4988 2865 5039 καὶ
2894 4986 3095 5059 Κύριος
3120 4984 3277 5056 ἡμῶν
3320 4974 3527 5055 Ἰησοῦς
3563 4981 3592 5033 6
3615 4979 3855 5052 Χριστὸς

2282 5080 2389 5140 τοῖς
2417 5076 2608 5131 ἑαυτοῦ
2636 5076 2902 5148 μαθηταῖς
2930 5076 3095 5129 ἐδίδου
3121 5075 3181 5128 τὸ
3205 5072 3429 5143 Πνεῦμα
3458 5070 3658 5139 λέγων·
3698 5086 3718 5119 ι
3739 5068 3841 5125 Δάν

2282 5166 2403 5221 ﬁere
2450 5168 2675 5237 Πνεῦμα
2704 5168 2875 5234 ἅγιον,
2909 5166 3002 5219 ἐάν
3029 5182 3171 5229 τινος
3198 5163 3372 5235 ἀφῆτε
3406 5159 3505 5223 τὰς
3550 5156 3850 5231 ἁμαρτίας,

2281 5258 2524 5327 ἀφίενται
2555 5257 2721 5327 αὐτῷ.
2748 5275 2766 5308 ι
2800 5255 2947 5328 Αὕτη
2981 5256 3157 5309 τοίνυν
3194 5256 3227 5325 ἡ
3260 5252 3436 5319 Καινὴ
3465 5249 3727 5319 Διαθήκη,
3754 5248 3852 5301 καὶ

2283 5351 2342 5403 τὺ
2396 5350 2687 5419 κεφάλαιον
2717 5347 2809 5402 τοῦ
2842 5346 3159 5419 μυστηρίου,
3194 5345 3254 5398 τὸ
3301 5342 3525 5413 Πνεῦμα
3572 5339 3633 5393 τὸ
3671 5338 3849 5407 ἅγιον.

2290 5458 2309 5490 ι
2335 5442 2442 5494 Kal
2466 5441 2534 5494 τὰ
2567 5440 2788 5512 ῥήματα
2816 5438 2852 5492 ἀ
2883 5439 3056 5491 ἔδωκα
3095 5438 3176 5500 εἰς
3208 5435 3269 5488 τὸ
3297 5430 3389 5497 οῦς
3424 5450 3538 5499 σου,
3565 5433 3658 5485 καὶ
3682 5430 3743 5484 οὐ
3773 5428 3848 5500 μὴ

2284 5530 2497 5603 ἐκλίπῃ.
2526 5550 2543 5584 ι
2595 5530 2760 5585 Μένει
2789 5528 2897 5599 γὰρ
2921 5528 3013 5581 καὶ
3044 5529 3122 5591 είς
3150 5525 3240 5579 τὸν
3273 5526 3515 5597 παρόντα
3546 5522 3721 5578 αίῶνα
3753 5519 3851 5573 καὶ
