4058 6408
176 390 287 446 489

1145 370 1654 432 COMMENTARIA
1694 371 1760 426 IN
1800 371 2053 427 ISAIAM.
2096 402 2164 412 -—
2202 370 2355 427 CAP.
2396 371 2508 426 LX.

3326 367 3433 424 ‘90

177 510 261 569 είς
284 504 377 558 τθν
406 502 663 576 μέλλοντα
706 499 878 576 ταῦτα
913 496 1107 561 πάντα,
1151 492 1291 547 κατὰ
1334 492 1400 547 τά
1424 493 1675 565 ῥήματα,
1715 489 1750 543 ἃ

1866 506 1918 545 ua
1954 493 2007 545 in
2032 490 2334 561 Evangeliis
2375 490 2567 575 tradita
2624 488 2695 545 ab
2736 487 2858 556 ipso
2882 486 3162 542 Sslvatore
3196 484 3432 551 dicente,

178 568 420 660 ιδιδαξεᾴ
445 593 605 656 αὐτὸς
646 593 676 645 δ
708 568 899 661 Σιιςτὴρ
942 590 1000 640 ἐν
1021 583 1373 653 εὐαγγελίοις
1416 582 1618 635 ιιπώνο
1655 599 1675 633 ε
1697 581 1755 634 Ὀ

178 684 407 755 οὐρανὸς
452 685 546 737 καὶ
578 683 613 753 ἡ
655 680 728 752 γῆ
760 677 1169 751 παρελεύσεται,
1210 676 1257 727 oi
1286 673 1342 726 δέ
1375 672 1521 740 λόγοι
1564 688 1663 742 μου
1692 672 1753 724 οὐ

182 775 259 847 μὴ
282 772 640 847 παρέλθωσιν.
672 788 693 823 ι

714 896 1108 963 ΚΕΦΔΔΔΙΟΝ
1142 894 1215 949 Ξν.

253 1013 273 1047 ε
294 989 555 1058 Φωτίζου,
584 989 838 1060 φωτίζον,
876 983 1257 1058 Ἰερουσαλήμ·
1296 984 1420 1056 ἥκει
1440 983 1549 1055 γάρ
1572 998 1664 1035 σου
1694 981 1756 1034 τὸ

177 1085 317 1155 φῶς,
343 1083 440 1138 καὶ
463 1084 498 1153 ή
519 1080 645 1147 δόξα
674 1080 879 1154 Κυρίου
908 1079 1001 1132 ἐπὶ
1029 1078 1088 1131 σέ
1132 1075 1513 1131 ἀνατέταλκεν.
1538 1093 1558 1126 ι
1604 1072 1755 1127 Ἐπεὶ

174 1176 356 1230 τοίνυν
388 1176 417 1228 ό
445 1173 678 1246 Χριστὸς
709 1171 872 1234 αὐτὸς
894 1166 961 1240 ἦν
992 1169 1054 1223 τὸ
1084 1167 1199 1238 φῶς
1223 1167 1317 1237 καὶ
1350 1168 1384 1237 ή
1408 1164 1635 1235 ἀλήθεια
1664 1165 1757 1217 καὶ

178 1267 379 1339 ήοζωὴ,
408 1266 501 1320 καὶ
526 1264 641 1335 φῶς
658 1266 767 1328 τοῖς
796 1263 875 1325 είς
893 1260 983 1314 τὸν
1010 1259 1210 1329 κόσμον
1231 1274 1244 1288 ·
1276 1256 1497 1318 εἰκότως
1511 1255 1611 1325 τῆς
1638 1252 1758 1307 τού-

98 1378 101 1379 ⁷
178 1374 275 1411 του
331 1356 628 1428 παρουσίας
683 1352 975 1409 ἀπολαύειν
1030 1353 1061 1404 ὁ
1094 1350 1248 1420 λόγος
1291 1351 1359 1420 τῇ
1406 1345 1756 1418 Ἰερουσαλήμ

182 1447 523 1522 προσεφώνει
575 1446 748 1515 λέγων
772 1462 785 1477 ι
839 1463 858 1496 ι
885 1442 1143 1508 Φωτίζου,
1191 1439 1446 1510 φωτίζον,
1482 1438 1750 1508 Ἰερουσαο

177 1541 297 1612 λήμ
316 1557 328 1570 ’
358 1540 485 1610 ἥκει
511 1536 617 1609 γάρ
641 1553 734 1590 σου
758 1536 819 1589 τὸ
853 1534 984 1605 φῶς.
1015 1553 1033 1587 ι
1092 1531 1276 1601 Αὐτῆς
1302 1530 1359 1584 δέ
1382 1526 1520 1584 εἶναι
1554 1528 1751 1600 φάσκει

178 1633 244 1686 τὸ
264 1632 402 1702 φῶς,
426 1631 514 1685 διὰ
531 1631 592 1683 τὸ
613 1630 749 1701 αὐτῇ
772 1629 869 1692 τὰς
894 1624 1134 1699 περὶτοῦ
1165 1623 1402 1696 Χριστοῦ
1429 1622 1757 1693 ἐπαγγελίας

181 1721 293 1774 ὑπὸ
318 1718 426 1773 τῶν
456 1716 747 1789 προφητῶν
769 1715 1118 1787 κεκηρύχθαι.
1154 1714 1217 1767 Et
1243 1714 1341 1785 μὲν
1362 1710 1455 1767 οὖν
1477 1712 1757 1768 πεισθεῖσα

1860 601 1879 634 ι
1900 580 2107 638 Caelum
2148 591 2203 636 et
2241 590 2385 637 terra
2418 574 2742 644 transibunt,
2777 576 2941 634 verba
2971 586 3151 632 autem
3178 589 3296 631 mea
3322 589 3433 631 non

1864 674 2167 730 transibunt
2193 672 2256 728 “.
2280 691 2299 725 ι

2450 888 2677 948 CAPUT
2720 887 2832 944 LX.

1924 985 2087 1042 Vens.
2108 987 2157 1041 ι.
2194 1003 2214 1038 ι
2233 984 2564 1052 “luminare,
2586 982 2913 1046 illuminare,
2934 979 3257 1045 Jerusalem,
3286 979 3438 1035 venit

1855 1081 1997 1134 enim
2042 1079 2218 1133 lumen
2267 1089 2436 1143 tuum,
2466 1086 2521 1132 et
2558 1076 2730 1145 gloria
2764 1072 2979 1128 Domini
3022 1086 3186 1142 super
3234 1078 3437 1131 teorla

1854 1181 1960 1227 est.
1988 1189 2009 1222 ε
2049 1170 2312 1237 Quoniam
2340 1183 2471 1240 ergo
2498 1169 2613 1239 ipse
2642 1167 2896 1223 Christus
2926 1172 3046 1221 erat
3086 1164 3174 1219 lnx
3200 1174 3256 1220 et
3295 1160 3442 1218 veri-

1859 1273 1938 1320 tas
1965 1273 2021 1319 et
2051 1264 2182 1328 vita,
2232 1261 2321 1316 lux
2349 1261 2557 1317 scilicet
2593 1262 2662 1316 iis
2681 1260 2773 1330 qui
2810 1259 2863 1313 in
2895 1258 3097 1313 mundo
3128 1266 3274 1317 sunt,
3316 1254 3439 1325 ejus

1855 1354 2137 1425 praesentia
2168 1352 2449 1408 [ruituram
2477 1351 2776 1408 Jerusalem
2811 1350 3008 1406 merito
3036 1347 3440 1419 pratnuntiabat

1860 1448 1943 1501 bis
1973 1446 2171 1511 verbis,
2203 1464 2223 1497 ι
2254 1443 2561 1499 illuminare
2581 1483 2597 1510 ,
2633 1444 2961 1507 illuminare,
2986 1440 3313 1506 Jerusalem,
3342 1454 3437 1496 ve-

1854 1540 1935 1591 nit
1965 1538 2114 1592 enim
2146 1537 2236 1592 lux
2262 1547 2372 1591 tua.
2411 1554 2431 1587 ι
2465 1534 2594 1606 Ejus
2624 1548 2805 1591 autem
2830 1550 2952 1591 esse
2976 1534 3151 1590 lucem
3186 1534 3282 1598 ait,
3308 1533 3437 1604 quia

1863 1630 1965 1699 ipsi
2009 1629 2215 1683 venturi
2240 1627 2441 1683 Christi
2472 1628 2893 1698 pollicitationes
2930 1642 2959 1682 a
2994 1626 3275 1697 prophetis
3303 1642 3438 1698 pra:-

1858 1720 2049 1774 dicataa
2073 1726 2216 1772 sunt.
2245 1715 2301 1771 Si
2332 1716 2494 1788 igitur
2524 1727 2792 1786 pmcepto
2825 1718 3117 1789 morigera,
3148 1715 3285 1771 lucis
3308 1729 3437 1770 con-

181 1813 263 1885 τῷ
294 1810 728 1882 παραγγέλματι,
770 1807 863 1863 τοῦ
905 1807 1081 1877 φωτὸς
1129 1806 1460 1878 μετειλήφει,
1494 1806 1585 1860 τὸν
1621 1807 1756 1876 Χρι-

1866 1824 1977 1866 sors
2007 1808 2215 1876 fuisset,
2250 1807 2521 1864 Christum
2548 1806 2642 1864 Dei
2672 1808 3037 1878 suscipiendo,
3074 1823 3247 1879 usque
3286 1807 3340 1862 in
3369 1806 3436 1861 li-

184 1904 312 1958 στδν
331 1901 426 1956 τοῦ
458 1900 591 1955 Θεοῦ
624 1897 1063 1972 παραδεξαμένη,
1096 1896 1361 1968 διέμεινεν
1388 1896 1453 1950 ἂν
1478 1898 1537 1949 ἐν
1566 1897 1759 1969 εἰρήνῃ

185 1996 351 2069 μέχρι
382 1994 585 2057 τέλους.
638 1992 712 2045 Ἰέδ
743 1990 852 2062 γὰρ
893 1990 1061 2045 πάλαι
1100 2006 1182 2042 σοι
1214 1988 1441 2043 διὰτῶν
1465 1988 1759 2059 προφητῶν

180 2084 621 2156 κατηγγελμένον
643 2081 760 2151 φῶς
790 2081 901 2136 ιδοὺ
933 2079 1029 2135 νῦν
1061 2078 1304 2152 ἐλήλυθε.
1339 2079 1430 2133 Διὸ
1465 2078 1540 2151 μὴ
1579 2078 1760 2149 μέλλε,

181 2176 420 2247 φωτίζον
449 2176 527 2242 δέ,
559 2173 815 2244 φωτίζου,
853 2173 946 2227 καὶ⁵
976 2172 1076 2243 τῆς
1096 2172 1318 2244 χάριτος
1348 2170 1758 2242 μεταλάμδανεο

182 2266 301 2321 ἐστι
341 2266 450 2337 γάρ
474 2281 556 2318 σοι
586 2261 917 2333 φωτισθείσῃ
947 2261 1071 2315 τάδε
1104 2264 1198 2316 καὶ
1223 2260 1370 2315 τάδε.

262 2376 281 2409 ι
318 2356 445 2410 Ἰδοὺ
480 2355 667 2418 σκότος
709 2352 939 2423 καλύψει
992 2353 1095 2423 γῆν
1128 2354 1222 2406 καὶ
1257 2353 1449 2421 γνόφος
1495 2353 1582 2407 ἐπ’
1610 2351 1760 2423 ἔθνη.

195 2448 321 2502 Ἐπὶ
351 2447 410 2500 δέ
443 2446 503 2499 σέ
533 2447 831 2518 φανήσεται
868 2443 1090 2515 Κύριος,
1124 2444 1221 2497 καὶ
1256 2446 1289 2515 ή
1320 2444 1446 2510 δόξα
1477 2443 1642 2497 αὑτοῦ
1672 2444 1765 2496 ἐπὶ

184 2538 247 2590 σέ
276 2536 591 2607 ὀφθήσεται.
622 2555 641 2589 s
685 2537 773 2602 Ὧς
808 2536 950 2591 κατὰ
970 2536 1069 2607 τὴν
1100 2534 1321 2606 πρώτην
1350 2535 1645 2606 παρουσίαν
1670 2535 1763 2589 τοῦ

180 2627 439 2700 Σωτῆρος
469 2626 626 2699 ήμῶν
654 2627 913 2682 δύνασθαι
942 2625 1118 2681 ταῦτα
1144 2625 1481 2697 πληροῦσθαι
1512 2645 1525 2657 ·
1560 2628 1621 2679 ού
1657 2628 1765 2699 μὴν

180 2719 326 2773 ἀλλὰ
373 2720 467 2774 καὶ
500 2718 640 2774 κατὰ
670 2719 770 2791 τὴν
797 2718 1052 2787 δευτέραν
1094 2718 1189 2772 καὶ
1212 2717 1419 2785 ἔνδοξον
1444 2719 1607 2773 αὐτοῦ
1644 2719 1765 2773 θεο-

180 2811 415 2884 φάνειαν
439 2810 624 2875 τέλους
647 2809 787 2865 αὐτά
812 2809 1116 2874 τεύξεσθαι.
1488 2882 1491 2885 ν

261 2901 414 2957 «Kal
448 2901 802 2975 πορεύσονται
842 2899 1077 2971 βασιλεῖς
1117 2902 1176 2953 ἐν
1216 2899 1294 2971 τῷ
1333 2901 1472 2970 φωτί
1518 2918 1633 2965 σου,
1674 2902 1767 2955 καὶ

183 2994 318 3064 rem
339 2995 405 3064 τῇ
435 2991 777 3064 λαμπρότητί
810 3008 927 3046 σου.
951 3011 969 3040 ι
1008 2992 1082 3045 Οὐ
1102 2990 1211 3062 γάρ
1233 2993 1323 3045 ἐπὶ
1349 2991 1554 3055 πάντας
1582 2993 1768 3045 ἀνατε-

182 3085 321 3148 λεῖς,
356 3084 471 3138 ἀλλ’
508 3084 602 3136 ἐπὶ
636 3083 828 3154 μόνους
854 3084 981 3146 τοὺς
1018 3082 1221 3148 ἀξίους.
1249 3082 1388 3146 Τοὺς
1417 3082 1526 3155 γάρ
1553 3081 1628 3153 μὴ
1658 3100 1768 3136 τοι·

1862 1921 1983 1960 nem
2004 1904 2193 1973 utique
2214 1904 2267 1957 in
2289 1917 2421 1975 pace
2446 1902 2755 1958 mansisset.
2777 1900 2989 1956 Etenim
3011 1914 3137 1955 ecce
3154 1900 3270 1969 jam
3291 1898 3443 1954 venit

1861 1996 1953 2052 lux
1999 1994 2112 2061 illa,
2138 1994 2269 2050 olim
2309 1993 2404 2049 tibi
2445 2009 2542 2064 per
2573 1992 2867 2064 prophetas
2891 1992 3226 2047 annuntiata.
3261 1988 3441 2057 Quare

1860 2104 1928 2143 ne
1956 2087 2248 2151 cuncteris,
2291 2087 2390 2143 sed
2432 2085 2759 2153 illuminare,
2789 2083 3135 2151 illuminare,
3166 2091 3221 2138 et
3250 2081 3441 2152 gratia;

1862 2181 2132 2250 particeps
2154 2188 2309 2246 esto;
2335 2179 2429 2235 tibi
2458 2178 2605 2235 enim
2641 2176 2959 2234 inominata:
2992 2177 3109 2232 haec
3134 2184 3190 2231 et
3225 2173 3316 2230 illa
3344 2172 3440 2230 ad-

1862 2277 2043 2323 erunt.

1933 2358 2101 2415 Vitas.
2131 2358 2188 2413 2.
2224 2377 2243 2412 ι
2276 2358 2415 2414 Ecce
2450 2359 2686 2414 tenebrae
2728 2356 2976 2427 operient
3006 2365 3231 2422 terram,
3259 2364 3315 2409 et
3349 2368 3441 2410 ca-

1864 2452 1975 2520 ligo
2009 2465 2171 2520 super
2203 2458 2415 2521 gentes.
2449 2448 2625 2519 Super
2649 2458 2701 2503 te
2735 2456 2913 2501 autem
2944 2447 3225 2516 apparebit
3256 2444 3440 2499 ')omi-

1865 2553 1988 2605 nus,
2021 2548 2077 2593 et
2122 2538 2291 2609 gloria
2322 2537 2440 2603 eius
2479 2539 2530 2592 in
2565 2546 2617 2591 te
2663 2536 2953 2592 videbitur.
2989 2552 3009 2587 ι
3048 2535 3181 2602 Qua
3220 2549 3355 2589 sane
3385 2533 3440 2587 in

1863 2630 2040 2701 primo
2070 2630 2365 2685 Salvatoris
2381 2630 2612 2684 adventu
2636 2627 2896 2683 accidisse
2917 2635 3141 2697 possunt
3156 2642 3171 2689 ;
3189 2640 3255 2680 ac
3276 2624 3441 2681 etiam

1866 2724 1918 2777 in
1950 2722 2187 2778 secunda
2227 2730 2282 2776 et
2314 2721 2547 2791 gloriosa
2582 2720 2870 2790 divinaque
2897 2719 3013 2789 ejus
3052 2720 3339 2788 praesentia
3379 2715 3444 2771 ii-

1866 2828 1990 2867 nem
2024 2812 2286 2881 consequi
2315 2809 2591 2866 valebunt.

1936 2901 2103 2958 Vnus.
2135 2903 2187 2957 5.
2213 2920 2233 2954 ι
2253 2901 2318 2957 Ει
2341 2900 2691 2957 ambulabunt
2725 2914 2879 2971 reges
2909 2899 2962 2953 in
2987 2898 3194 2953 lumine
3234 2906 3348 2960 tuo,
3388 2908 3446 2952 et

1866 3002 2053 3063 gentes
2069 2995 2118 3046 in
2134 2990 2423 3061 splendore
2436 3000 2546 3045 tuo.
2562 2990 2703 3045 »Νοη
2720 2990 2971 3045 omnibus
2985 2991 3150 3052 enim.
3163 2989 3256 3044 sed
3268 2988 3445 3059 dignis

1868 3092 2074 3137 tantum
2124 3081 2337 3138 orieris.
2374 3078 2627 3150 Indignas
2656 3081 2854 3152 quippe
2890 3082 3123 3137 tenebrat
3145 3082 3446 3137 exteriores

184 3174 381 3238 ούτους
407 3172 724 3244 διαλήψεται
748 3173 809 3226 τὸ
842 3171 1103 3244 ἐξώτερον
1138 3172 1325 3237 σκότος
1353 3174 1448 3227 καὶ
1486 3174 1548 3227 τὸ
1574 3174 1685 3245 πῦρ
1707 3174 1764 3228 τὸ

1870 3187 1924 3231 et
1949 3176 2087 3245 ignis
2116 3184 2354 3230 mternus
2402 3172 2693 3243 excipient,
2728 3187 2937 3229 necnon
2965 3173 3071 3227 alia
3107 3174 3288 3229 omnia
3326 3188 3445 3244 qua

185 3266 426 3331 αἰώνιον,
454 3266 547 3319 καὶ
565 3266 665 3319 ὅσα
687 3264 820 3319 ἄλλα
842 3267 952 3327 τοῖς
984 3264 1232 3317 ἀσεϐέσιν
1262 3265 1569 3337 ήπείληται.
1597 3269 1685 3321 Δεῖ
1709 3266 1767 3320 δέ

186 3357 453 3429 πρότερον
492 3356 667 3426 φωτὸς
704 3356 799 3409 καὶ
846 3355 1109 3426 ἀνατολῆς
1138 3358 1251 3420 τοῖς
1294 3356 1575 3427 μέλλουσιν
1602 3359 1765 3412 αὐτοῦ

184 3448 414 3518 δψεσθαι
446 3450 544 3521 τὴν
571 3447 725 3514 δόξαν
746 3464 759 3479 θ
793 3449 965 3511 ὅπως,
992 3447 1049 3499 ἐν
1072 3447 1254 3519 ἡμέρᾳ
1280 3448 1459 3503 θεῖκοῦ
1487 3451 1663 3519 φωτὸς
1684 3467 1770 3520 γε-

185 3541 426 3612 νόμενοι,
481 3539 675 3611 θεωροὶ
700 3539 799 3610 τῆς
840 3537 997 3609 δόξης
1017 3537 1111 3592 τοῦ
1148 3539 1469 3610 μονογενοῦς
1509 3540 1639 3594 ὶιοῦ
1672 3541 1766 3595 τοῦ

182 3630 326 3684 θεοῦ
360 3630 724 3684 καταστῶσιν.

266 3716 466 3791 «Ἆρον
488 3720 671 3791 κύκλῳ
698 3722 824 3785 τοὺς
851 3720 1163 3792 ὀφθαλμούς
1194 3738 1309 3785 σου,
1341 3723 1435 3775 καὶ
1467 3721 1544 3776 ῐδε
1572 3740 1770 3796 συνηγ-

192 3812 332 3884 μένα
358 3811 425 3865 τὰ
449 3812 613 3865 τέκνα
642 3828 755 3866 σου.
787 3831 807 3864 ι
843 3812 933 3865 Διὸ
960 3811 1160 3877 πάντες
1196 3814 1245 3865 οἱ
1274 3811 1333 3877 ἐξ
1364 3812 1533 3867 ἐθνῶν
1564 3816 1644 3878 είς
1674 3815 1768 3868 τὸν

185 3901 326 3955 Θεὸν
353 3900 442 3954 διὰ
482 3901 573 3954 τοῦ
603 3901 845 3973 Χριστοῦ
884 3898 1309 3967 πεπιστευκότες
1348 3903 1674 3973 ἐπαγγελίαν
1694 3908 1771 3959 εί·-

187 3992 427 4062 λήφασιν
473 3992 845 4047 ἀναπαύεσθαι
880 3995 960 4057 είς
996 3994 1229 4059 κόλπους
1273 3994 1521 4066 Ἀὖραὰμ
1570 3998 1665 4049 καὶ
1699 3998 1767 4049 Ἰ-

190 4080 338 4135 σαὰκ
364 4082 459 4135 καὶ
495 4081 707 4147 Ἰακὼϐ,
740 4082 896 4136 τοῦτο
920 4082 1016 4137 τοῦ
1050 4083 1299 4155 Σωτῆρος
1331 4082 1497 4137 αὐτοῦ
1530 4084 1771 4149 διδάξαν-

186 4189 303 4236 τος.
334 4172 445 4225 Kal.
465 4174 524 4225 ἐν
545 4171 751 4243 ἑτέροις
776 4172 834 4226 δέ
864 4172 1103 4228 πλείοσιν
1130 4175 1163 4245 ή
1190 4172 1249 4239 ἐξ
1270 4173 1439 4227 ἐθνῶν
1476 4173 1770 4247 Ἐκκλησία

189 4262 439 4335 θυγάτηρ
486 4264 847 4335 ἀνηγόρευται
885 4263 1022 4319 Σιὼν
1068 4265 1161 4319 καὶ
1208 4265 1452 4337 θυγάτηρ
1503 4266 1771 4337 Ἰερουσα-

188 4353 325 4425 λήμ.
349 4355 586 4409 (ἽΙκασι
616 4354 814 4419 πάντες
835 4358 884 4408 οἰ
914 4357 1019 4409 υἱοί
1046 4373 1138 4410 σου
1171 4356 1463 4428 μακρόθεν,
1480 4358 1575 4412 καὶ
1591 4360 1647 4411 αί
1674 4357 1769 4410 θυ-

192 4444 425 4516 γατέρες
448 4461 539 4498 σου
568 4447 656 4498 ἐπ’
690 4444 855 4515 ὤμων
882 4445 1226 4518 άρθήσονται.
1254 4466 1274 4499 ι
1298 4443 1480 4517 Ἦμεν
1505 4448 1612 4519 γὰρ
1640 4449 1771 4520 πόρ-

1869 3267 2049 3335 intpiis
2082 3266 2441 3320 comminatus
2464 3263 2724 3319 Dominus
2755 3273 2857 3319 est.
2901 3263 3034 3318 Nam
3077 3266 3171 3334 qui
3217 3266 3444 3334 gloriam

1867 3358 1984 3427 ejus
2015 3358 2180 3412 visuri
2211 3366 2359 3424 sunt,
2395 3358 2513 3411 luce
2536 3356 2770 3426 primum
2798 3364 2853 3412 et
2875 3364 2996 3411 ortu
3023 3355 3139 3425 ejus
3176 3372 3315 3427 Opus
3343 3357 3447 3411 ba-

1867 3451 2029 3517 bent,
2057 3458 2115 3504 ut
2163 3449 2217 3503 in
2250 3448 2339 3505 die
2388 3447 2583 3503 divinae
2626 3446 2785 3514 lucis,
2810 3448 2994 3519 gloria
3024 3450 3288 3519 unigeniti
3320 3447 3445 3505 Filii

1867 3543 1961 3599 Dei
1987 3541 2353 3613 speculatores
2382 3554 2504 3596 esse
2536 3539 2771 3595 valeant.

1940 3723 2104 3779 Vsus.
2136 3724 2191 3777 4.
2230 3740 2252 3775 ι
2300 3721 2442 3777 Leva
2482 3722 2535 3775 in
2572 3720 2805 3776 circuitu
2832 3720 3020 3775 oculos
3046 3729 3188 3783 tuos,
3222 3728 3277 3774 et
3323 3719 3448 3774 vide

1869 3826 2225 3887 congregatos
2264 3815 2403 3870 ﬁlios
2443 3823 2583 3869 tuos.
2622 3832 2642 3865 ι
2684 3812 3049 3879 Quamobrem
3084 3820 3351 3881 quotquot
3378 3826 3448 3867 ex

1869 3909 2118 3980 gentibus
2142 3907 2346 3963 Christi
2366 3920 2530 3978 opera
2558 3906 2611 3960 in
2639 3905 2806 3959 Deum
2828 3904 3195 3969 crediderunt,
3218 3904 3449 3972 promis-

1868 4001 2077 4054 sionem
2129 4012 2409 4069 accepere,
2448 3997 2591 4068 quod
2626 3998 2678 4051 in
2726 3998 2847 4055 sinu
2892 3996 3147 4063 Abrahae,
3182 3996 3349 4051 lsaaci
3392 4005 3450 4051 et

1867 4090 2053 4146 Jacobi
2076 4092 2317 4160 requiem
2360 4089 2598 4145 habituri
2633 4089 2743 4144 sint
2773 4103 2788 4142 :
2814 4088 2867 4143 id
2888 4088 3008 4158 ipso
3032 4088 3323 4143 Servatore
3352 4085 3451 4142 do-

1870 4192 2046 4236 cente.
2075 4182 2209 4236 Aliis
2238 4183 2367 4236 item
2418 4182 2470 4236 in
2502 4181 2635 4237 locis
2677 4181 2920 4238 Ecclesia
2964 4196 3029 4236 ex
3062 4181 3310 4251 gentibus
3338 4180 3447 4234 lilia

1872 4272 2001 4329 Sion
2030 4284 2085 4329 et
2116 4274 2223 4328 tilia
2274 4273 2571 4330 Jerusalem
2619 4283 2862 4329 vocatur.
2897 4292 2917 4325 ι
2951 4274 3227 4329 Venerunt
3254 4286 3449 4327 omnes

1873 4366 1964 4420 lilii
2012 4367 2087 4421 tui
2124 4368 2190 4421 de
2229 4367 2423 4435 longe,
2462 4376 2517 4420 et
2556 4364 2678 4419 lilia
2716 4378 2821 4420 tua:
2856 4365 3101 4420 humeris
3158 4362 3451 4434 gestabun-

1872 4466 1979 4511 tur.
2023 4476 2043 4509 ι
2084 4457 2310 4512 Eramus
2332 4459 2531 4528 quippe
2555 4456 2715 4527 longe
2747 4467 2802 4512 et
2829 4438 3015 4526 procul
3045 4454 3205 4524 positi
3239 4469 3267 4508 a
3291 4468 3449 4522 repu-

193 4537 275 4607 ρω
311 4551 415 4588 που
452 4536 545 4589 καὶ
590 4534 806 4608 μακρὰν
843 4536 944 4607 τῆς
978 4537 1252 4602 πολιτείας
1295 4537 1389 4592 τοῦ
1432 4539 1646 4611 Ἰσραὴλ
1677 4542 1764 4593 καὶ

1878 4548 2266 4613 blicalsraelis,
2304 4562 2370 4605 ae
2388 4548 2553 4616 iustis
2584 4547 2855 4613 extranei,
2884 4562 3037 4618 spem
3076 4546 3454 4617 promissionis

193 4627 336 4692 ξένοι
356 4626 464 4680 τῶν
493 4627 735 4694 δικαίων,
779 4632 880 4700 τῆς
922 4630 1251 4698 ἐπαγγελίας
1280 4629 1471 4684 ἐλπίδα
1517 4631 1591 4703 μὴ
1620 4631 1768 4703 ἔχον-

189 4735 309 4783 τες,
338 4720 435 4772 καὶ
465 4716 612 4772 άθεοι
637 4721 697 4773 ἐν
730 4719 807 4791 τῷ
834 4720 1044 4793 κόσμῳ.
1080 4722 1149 4774 At
1163 4738 1223 4774 τε
1251 4720 1363 4793 γὰρ
1388 4721 1591 4776 ἁπαλαί
1614 4721 1770 4777 οὖσαι

190 4809 367 4881 ψυχαὶ
400 4811 494 4863 καὶ
537 4810 615 4863 [τι
645 4812 855 4883 νήπιαι,
891 4811 967 4875 ὡς
1000 4811 1331 4884 άρτιγένητα
1372 4811 1567 4884 βρέφη,
1593 4813 1656 4866 τὸ
1682 4814 1771 4866 λο-

192 4901 350 4971 γικὸν
370 4901 465 4954 καὶ
483 4900 665 4955 ἄδολον
686 4902 827 4970 γάλα
859 4902 1174 4956 ἐπιποθοῦσι
1193 4920 1206 4933 ⁶
1235 4903 1324 4956 διά
1344 4920 1403 4957 τε
1428 4903 1526 4975 τῆς
1555 4906 1612 4957 ἐν
1638 4904 1772 4976 Χρι-

196 4990 310 5061 στῷ
348 4991 757 5062 άναγεννήσεως
784 4992 1074 5063 γενόμεναι
1124 4992 1290 5046 τέκνα
1343 4992 1437 5046 τοῦ
1500 4992 1767 5064 ’Δὸρσὰμ,

193 5080 663 5145 ὐποὸαστάζονται
700 5084 786 5134 ἐπ’
818 5081 1004 5152 ὤμων,
1028 5084 1312 5153 αἰρόμεναι
1345 5086 1439 5136 καὶ
1476 5083 1772 5151 ὑποκουφι-

190 5176 422 5243 ζόμεναι
451 5172 557 5227 ὑπὸ
570 5165 677 5227 τῶν
708 5174 1187 5244 χειραγωγούντων
1209 5174 1377 5237 αὐτὰς
1408 5173 1770 5228 διδασκάλων·

190 5262 305 5331 οἶος
338 5262 407 5337 ἦν
439 5268 468 5319 ὁ
496 5266 705 5331 Παῦλος
735 5265 909 5335 λέγων
932 5282 947 5297 ·
985 5266 1112 5338 ιὨς
1143 5266 1209 5319 ἂν
1246 5267 1445 5338 τροφὸς
1491 5265 1671 5337 θάλπῃ
1708 5266 1777 5320 τὰ

192 5332 403 5427 ἐαυτῖγς
419 5357 606 5423 τέκνα,
622 5356 795 5421 οὕτως
812 5332 1143 5427 μυρόμενοι
1164 5358 1193 5408 ὑ
1203 5332 1337 5427 μῶν,
1403 5356 1583 5411 καὶτὰ
1598 5332 1744 5427 ἐξῆς.

275 5469 295 5501 ε
323 5449 459 5502 Τότε
498 5448 626 5520 bam,
658 5449 754 5502 καὶ
790 5448 1095 5523 φοϐηθήσῃ,
1126 5451 1220 5502 καὶ
1249 5452 1489 5523 ἐκστήσῃ
1526 5454 1593 5521 τῇ
1642 5468 1777 5521 καρ-

198 5542 309 5614 δία,
358 5542 442 5596 ὃτι
482 5540 773 5612 μεταϐαλεῖ
806 5542 885 5605 εὶς
940 5542 1001 5594 σέ
1049 5541 1277 5607 πλοῦτος
1327 5543 1620 5615 θαλάσσης,
1682 5544 1777 5599 καὶ

280 5768 324 5801 ⁸⁵
349 5766 538 5825 Matth.
563 5780 712 5831 την,
749 5766 838 5821 55.
934 5765 1020 5820 ¹Ἰ
1060 5767 1252 5821 Thess.
1296 5782 1358 5830 ll,
1387 5767 1443 5824 7.

610 5859 879 5920 Panos.
929 5860 1048 5919 Gtt.
1094 5859 1300 5919 XXIV

1874 4652 1979 4691 non
2026 4636 2309 4702 habentes,
2340 4647 2505 4708 atque
2551 4638 2700 4709 impii
2732 4640 2784 4693 in
2830 4640 3033 4693 mundo
3070 4636 3455 4691 versahamur.

1872 4727 2008 4781 Nam
2038 4735 2238 4782 tenere
2266 4737 2321 4783 et
2347 4729 2523 4782 adhuc
2558 4728 2796 4785 infantes
2816 4730 3033 4794 animae,
3058 4726 3214 4798 quasi
3240 4725 3457 4795 pueruli

1876 4818 2035 4872 modo
2061 4818 2250 4888 geniti,
2302 4820 2628 4875 rationabile
2656 4830 2711 4875 et
2744 4821 2863 4876 sine
2902 4822 3029 4875 dolo
3062 4820 3145 4875 lac
3188 4816 3457 4885 concupi—

1876 4916 2033 4957 scunt
2060 4921 2073 4957 :
2096 4918 2160 4958 ac
2172 4919 2269 4975 per
2283 4908 2742 4976 regenerationem
2762 4909 2815 4964 in
2838 4908 3077 4972 Christo,
3108 4908 3200 4963 lilii
3223 4906 3457 4962 Abrahae

1877 4994 2113 5061 ell'ectae,
2150 4997 2394 5053 humeris
2451 5008 2737 5067 gestantur
2773 5014 2805 5053 a
2844 5001 3119 5070 magistris
3164 4999 3311 5063 suis,
3354 4998 3458 5051 vim

1881 5088 2130 5152 ducibus,
2159 5088 2383 5143 sublata:
2410 5101 2573 5159 atque
2598 5100 2936 5158 sustentatae,
2954 5091 3131 5161 qualis
3158 5100 3279 5146 erat
3311 5087 3454 5141 Pau-

1882 5179 1985 5243 lus,
2012 5178 2101 5247 qui
2127 5179 2221 5243 ait,
2255 5196 2273 5230 ι
2298 5178 2574 5250 Tanquam
2608 5182 2653 5237 si
2687 5182 2870 5238 nutrix
2909 5182 3089 5237 foveat
3118 5180 3260 5236 ﬁlios
3291 5192 3451 5242 suos,

1884 5268 1960 5322 ita
1987 5268 2360 5326 desiderantes
2378 5271 2443 5338 ",
2474 5288 2494 5323 ›
2536 5282 2644 5327 etc.

1953 5450 2120 5510 Vens.
2149 5452 2204 5510 5.
2250 5472 2269 5505 ι
2311 5455 2464 5511 Tunc
2509 5456 2737 5522 videbis,
2782 5464 2837 5511 et
2889 5454 3129 5519 timebis,
3167 5462 3224 5507 et
3269 5452 3459 5507 obstu-

1883 5557 2074 5614 pesces
2101 5546 2285 5615 corde,
2339 5549 2467 5619 quia
2494 5548 2893 5606 transferentur
2920 5549 2972 5605 in
3014 5557 3066 5603 te
3097 5546 3303 5603 divitia:
3337 5561 3461 5600 ma-

3062 5869 3137 5927 ili
