4058 6466
678 409 779 465 εοι
1338 403 1599 463 EUSEBII
1636 405 2105 464 CESARIENSIS
2139 404 2288 462 OPP.
2327 406 2505 463 PARS
2542 406 2628 464 Ill.
2667 438 2736 451 —
2772 405 3178 464 EXEGETICA.
3773 406 3871 465 ass

684 527 779 588 ris,
803 529 857 577 et
876 519 1110 590 gentium
1131 526 1187 575 et
1212 520 1549 590 populorum.
1570 540 1589 574 ι
1610 521 1706 576 llic
1734 535 1945 591 quoque
1970 522 2223 578 observes
2249 525 2286 583 Δ

2268 525 2292 583 ι
2324 522 2490 576 έθνῶν
2514 527 2608 577 καὶ
2634 510 2797 577 λαῶν.
2822 544 2842 577 ι
2897 522 3006 576 Καὶ
3042 520 3273 577 ἂνταῦθα
3313 521 3370 576 δὲ
3407 520 3563 593 τήρει
3595 522 3744 588 ὅπως
3777 522 3870 594 τὴν

678 614 861 675 velim,
901 626 1007 680 quo
1038 620 1195 681 pacto
1221 608 1616 667 multitudinem
1657 611 1923 680 ingentem
1956 610 2099 665 illam
2130 624 2221 666 eo-

2319 610 2517 683 πολλὴν
2551 612 2916 684 πολυπληθίαν
2957 610 3066 665 τῶν
3100 609 3420 682 σωζομένων
3452 609 3646 682 πλήθει
3682 610 3870 665 θαλάσ-

683 718 823 767 rum,
870 702 961 770 qui
1017 700 1238 754 salutem
1291 709 1708 768 consequuntur,
1760 699 1926 755 maris
1975 699 2221 755 fluctibus

2322 717 2420 773 σης
2444 701 2731 758 ἀπείκασε.
2777 701 3013 773 Δύναμις
3037 700 3095 755 δὲ
3130 700 3236 755 τῶν
3260 701 3431 756 ιθνῶν
3452 702 3503 756 oi.
3549 702 3869 775 κατορθοῦν-

680 800 974 862 comparet.
1010 789 1282 844 Fortitudo
1313 797 1489 844 autem
1518 790 1754 860 gentium
1786 790 1819 844 ii
1874 789 2091 856 fuerint,
2127 792 2219 861 qui

2316 810 2409 857 τες
2436 790 2543 847 εῐεν
2576 793 2641 847 ἂν
2669 795 2793 865 μηδ’
2821 793 3271 865 ὲξασθενήσαντες
3303 793 3441 866 πρὸς
3474 794 3567 847 τὸν
3598 794 3753 849 τόνον
3781 794 3870 847 τοῦ

682 884 837 940 bonis
862 881 1112 953 operibus
1154 881 1340 946 dediti,
1388 897 1419 933 a
1468 881 1760 950 spiritualis
1792 881 1914 937 vita
1959 896 2121 937 cursu
2166 890 2224 936 et

1086 896 1112 934 s
1154 881 1340 946 dediti,
1388 897 1419 933 a
1468 881 1760 950 spiritualis
1792 881 1914 937 vita
1959 896 2121 937 cursu
2166 890 2224 936 et
2323 884 2516 955 νοητοῦ
2552 884 2686 955 βίου.

679 983 868 1028 tenore
897 986 998 1027 non
1031 970 1305 1026 deﬁciunt.

749 1055 909 1111 Vsus.
939 1053 993 1120 6,
1016 1055 1069 1107 7.
1104 1073 1123 1108 ι
1168 1054 1230 1109 Et
1257 1055 1477 1111 venient
1516 1055 1613 1113 tibi
1644 1067 1834 1125 greges
1871 1053 2219 1119 camelorum,

2393 1075 2412 1108 ι
2434 1054 2545 1109 Καὶ
2570 1055 2757 1125 ἥξουσί
2782 1073 2863 1110 σοι
2901 1056 3090 1125 ἀγέλαι
3125 1054 3407 1127 καμήλων,
3448 1055 3542 1109 καὶ
3581 1055 3874 1141 καλύψουσί

678 1155 734 1201 et
757 1146 1003 1216 operient
1026 1154 1079 1201 te
1120 1146 1305 1202 cameli
1334 1146 1565 1201 Madiam
1589 1157 1644 1203 et
1669 1146 1904 1217 Gepbar.
1928 1145 2125 1204 Omnes
2154 1147 2220 1202 de

2319 1162 2378 1198 σε
2414 1145 2645 1232 κάμηλοι
2681 1146 2907 1217 Μαδιάμ.
2946 1147 3039 1201 καὶ
3063 1146 3265 1219 Γεφάρ.
3294 1146 3502 1209 Πάντες
3542 1148 3605 1200 ὲκ
3634 1147 3785 1201 Σάϐα
3811 1148 3874 1217 ῆ-

679 1236 817 1291 Saba
858 1238 1095 1301 venient,
1138 1236 1369 1290 ferentes
1421 1249 1633 1305 aurum,
1671 1244 1727 1291 et
1763 1238 1887 1291 tbus
1939 1236 2131 1300 ferent,
2163 1244 2218 1292 et

2317 1234 2487 1302 ξουσι,
2508 1236 2761 1307 φέροντες
2788 1236 3025 1308 χρυσίον,
3063 1238 3157 1291 καὶ
3197 1235 3411 1289 λίϐανον
3436 1235 3659 1303 οῐσουσι,
3695 1239 3790 1291 καὶ
3819 1238 3874 1290 τὸ

676 1324 923 1380 Salutare
960 1323 1167 1379 Domini
1198 1324 1600 1380 annuntiabnnt.
1633 1325 1699 1381 Et
1741 1340 1930 1381 omnes
1960 1340 2089 1381 oves
2116 1324 2218 1381 Ce-

2316 1326 2591 1396 Σωτήριον
2613 1325 2818 1396 Κυρίου
2846 1325 3298 1395 εὑαγγελιοῡνται.
3314 1325 3425 1379 Καὶ
3447 1328 3621 1382 πάντα
3650 1326 3721 1381 τά
3748 1321 3876 1399 πρό-

676 1414 778 1468 dar
800 1414 1283 1484 congregabuntur,
1304 1421 1359 1468 et
1394 1413 1590 1470 arietes
1612 1413 1878 1470 'Nabaioth
1899 1416 2135 1479 venient,
2163 1422 2217 1469 et

2315 1411 2453 1466 ϐατα
2474 1412 2662 1485 Κηδάρ
2690 1412 3127 1485 συναχθήσονται,
3154 1413 3249 1467 καὶ
3273 1415 3416 1485 κριοὶ
3438 1412 3694 1469 Ναϐαιὼθ
3715 1415 3874 1485 ἥξου-

675 1503 969 1560 oil‘erentur
989 1502 1330 1572 acceptabilia
1347 1501 1508 1574 super
1526 1503 1694 1560 altare
1719 1520 1916 1561 meum.
1938 1524 1956 1557 ο
1976 1504 2069 1561 His
2090 1505 2217 1562 sub-

2316 1516 2390 1565 σι,
2438 1502 2531 1554 καὶ
2578 1500 2991 1571 άνενεχθήσεται
3036 1500 3199 1555 eam
3246 1502 3341 1555 ἐπὶ
3384 1502 3445 1555 τὸ
3495 1502 3877 1573 θυσιαστήριόν

676 1592 901 1648 indicari
936 1602 1063 1662 puto
1097 1606 1189 1647 eos
1214 1591 1305 1659 qui
1337 1591 1391 1647 in
1431 1591 1665 1648 Ecclesia
1708 1594 1901 1663 opibus
1929 1602 1982 1649 et
2017 1593 2215 1649 divitiis

2317 1606 2437 1660 μου.
2464 1610 2481 1642 ι
2526 1590 2859 1645 Αίνίττεσθαι
2903 1591 2959 1644 δὲ
3007 1585 3159 1661 οἶμαι
3186 1589 3274 1644 διὰ
3309 1591 3511 1645 τούτων
3557 1592 3682 1655 τοὺς
3729 1591 3876 1662 ἐντῇ

675 1683 893 1738 allluunt
922 1701 936 1737 :
968 1684 1045 1738 sic
1065 1685 1206 1739 enim
1239 1682 1490 1740 Salvator
1519 1684 1737 1740 divitem
1776 1686 1979 1740 camelo
2000 1699 2213 1753 compa-

2325 1677 2618 1752 Ἐκκλησία
2675 1681 2939 1751 εὐπόρους
2981 1680 3074 1733 καὶ
3112 1678 3339 1734 πλοῦτον
3383 1680 3874 1752 περιρρεομένους

673 1790 797 1829 rans
824 1776 1051 1840 dicebat,
1084 1792 1103 1827 ι
1134 1773 1365 1831 Facilius
1416 1784 1500 1830 est
1533 1778 1793 1830 camelum
1840 1790 1938 1846 per
1971 1776 2210 1829 foramen
2245 1845 2263 1846 η

2311 1768 2452 1823 οὕτω
2476 1769 2603 1838 γοῦν
2633 1771 2724 1823 καὶ
2753 1771 2782 1822 ό
2808 1770 2997 1842 Σωτὴρ
3045 1770 3138 1823 τὸν
3161 1768 3412 1824 πλούσιον
3438 1771 3671 1842 καμήλῳ
3693 1788 3878 1842 παρα-

672 1880 801 1918 acus
826 1865 1226 1935 ingredi,quam
1266 1865 1482 1921 divitem
1508 1865 1559 1919 in
1589 1879 1808 1935 regnum
1832 1845 2087 1919 caelorum
2106 1864 2166 1919 “.
2187 1882 2207 1917 ι
2242 1845 2274 1901 Ε

2276 1850 2285 1899 ι
2313 1857 2519 1911 ϐάλλων
2545 1857 2747 1926 ἔλεγεν,
2779 1875 2798 1909 ι
2829 1857 3213 1932 Εὐκοπώτερόν
3238 1861 3351 1914 ἐστι
3372 1860 3613 1932 κάμηλον
3627 1861 3715 1915 διὰ
3745 1878 3878 1934 τρυ-

668 1954 936 2010 Caeterum
969 1954 1284 2009 admirabile
1312 1954 1442 2009 illud
1470 1961 1606 2017 erat,
1630 1954 1755 2023 quia
1783 1954 1926 2023 quod
1959 1953 2212 2025 impossi-

2314 1945 2510 2016 μαλιᾶς
2546 1946 2763 2018 ῥαφίδος
2805 1947 3066 2002 εἰσελθεῖν
3101 1949 3135 2021 ἢ
3179 1948 3429 2006 πλούσιον
3478 1952 3559 2015 είς
3582 1950 3682 2022 τὴν
3724 1951 3882 2022 βασι-

666 2046 775 2101 bile
812 2047 1138 2111 hominibus,
1174 2046 1401 2115 idipsum
1454 2045 1563 2099 Deo
1618 2043 1872 2113 possibile
1922 2053 2025 2099 est.
2070 2042 2213 2110 Qua-

2309 2035 2457 2091 λείαν
2494 2036 2601 2091 τῶν
2633 2036 2895 2110 οὐρανῶν.
2922 2057 2944 2092 ι
2974 2039 3121 2111 Πλὴν
3144 2038 3279 2094 ἀλλὰ
3314 2040 3376 2095 τὸ
3404 2040 3588 2112 θαῦμα
3611 2041 3763 2096 τοῦτ’
3784 2038 3880 2115 ἦν,

666 2146 885 2204 prapter
920 2133 1232 2197 Jerusalem,
1279 2132 1633 2188 admiratione
1675 2146 1851 2202 capta,
1887 2133 2080 2203 gaudio
2126 2148 2212 2189 re-

2308 2128 2389 2180 ἃτι
2412 2128 2472 2182 τὺ
2499 2129 2649 2200 παρὰ
2668 2129 2972 2203 ἀνθρώποις
2996 2130 3273 2197 ἀδύνατον,
3301 2133 3457 2187 τοῦτο
3480 2134 3703 2188 δυνατὸν
3728 2136 3882 2204 γίνε-

668 2226 862 2294 pletur,
916 2225 1041 2278 dum
1092 2224 1295 2280 scilicet
1342 2224 1548 2279 animas
1588 2223 1807 2278 camelis
1852 2233 2208 2295 comparatas,

2305 2235 2394 2271 ται
2424 2218 2504 2290 τῷ
2524 2218 2661 2290 Θεῷ.
2694 2221 2786 2274 Διὸ
2814 2221 2906 2275 καὶ
2936 2210 3211 2287 ἐξίσταται
3257 2224 3606 2295 Ἰερουσαλὴμ
3650 2226 3738 2280 διά
3779 2227 3880 2282 τοῦ

666 2317 992 2381 immutatas,
1033 2324 1086 2370 et
1117 2314 1270 2385 quasi
1331 2330 1425 2384 per
1474 2313 1710 2369 foramen
1742 2328 1890 2380 acus,
1956 2329 2055 2385 per
2110 2330 2209 2369 an-

2305 2310 2481 2379 χαρᾶς
2529 2310 2897 2382 πληροῦσθαι·
2954 2312 3222 2383 καμήλοις
3274 2313 3337 2384 δὴ
3386 2315 3883 2388 παραϐεϐλημένας

667 2416 874 2476 gustant
907 2415 961 2462 et
1003 2415 1205 2461 arctam
1250 2406 1388 2460 viam
1426 2406 1478 2459 in
1528 2406 1689 2461 vitam
1741 2416 1994 2460 aeternam
2029 2407 2209 2479 ingre-

2303 2395 2479 2466 ψυχὰς
2521 2396 2768 2469 θεωμένη
2814 2400 3239 2469 μεταϐαλούσας,
3278 2404 3376 2455 καὶ
3406 2402 3591 2474 ὥσπερ
3623 2404 3712 2458 διὰ
3747 2423 3882 2476 τρυ-

667 2499 875 2551 dientes
907 2496 1188 2565 conspicit.
1220 2495 1417 2550 Cameli
1455 2510 1583 2551 vero
1635 2510 1740 2550 non
1796 2495 1949 2550 vacui
1991 2504 2045 2551 et
2090 2497 2210 2553 sine

2308 2482 2499 2552 μαλιᾶς
2534 2483 2753 2554 ῥαφίδος
2782 2484 2868 2538 διὰ
2888 2486 2990 2556 τῆς
3022 2488 3215 2558 στενῆς
3247 2490 3340 2543 καὶ
3367 2489 3729 2562 τεθλιμμένης
3755 2493 3879 2548 ὁδοῦ

666 2584 878 2639 sarcina
933 2592 1213 2647 venerunt,
1260 2583 1352 2638 sed
1386 2583 1523 2638 dona
1556 2583 1686 2646 Deo,
1729 2592 1786 2637 ut
1819 2598 1915 2653 par
1943 2594 2045 2650 est,
2078 2583 2209 2640 οσο-

2304 2574 2384 2637 είς
2413 2574 2511 2646 τὴν
2543 2574 2756 2629 αἰώνιον
2803 2576 2947 2648 ζωὴν
2977 2579 3267 2644 είσιούσας.
3302 2580 3376 2634 οο
3414 2581 3536 2653 δίχα
3563 2583 3621 2636 δὲ
3653 2585 3878 2655 φορτίου

664 2683 849 2727 rentes
876 2674 943 2727 ad
976 2673 1165 2727 animae
1194 2687 1306 2728 suae
1336 2673 1777 2742 redemptionem.
1805 2673 1989 2744 Itaque
2013 2674 2207 2731 cameli

2303 2663 2595 2735 προσίεσαν
2620 2657 2800 2733 αὗται,
2834 2667 2980 2739 δῶρα
3013 2668 3069 2721 δὲ
3096 2668 3172 2740 τῷ
3207 2669 3325 2741 Θεῷ
3358 2672 3765 2744 προσφέρουσαι
3794 2677 3880 2728 εί-

665 2759 909 2814 Salutare
931 2759 1135 2814 Domini
1159 2760 1569 2827 annuntiabunt,
1592 2770 1878 2831 postquam
1907 2772 2205 2817 memorata

2302 2753 2474 2819 κότως
2498 2754 2567 2809 τά
2590 2755 2760 2828 λύτρα
2788 2758 2887 2827 τῆς
2912 2758 3089 2812 αὐτῶν
3119 2759 3315 2831 ψυχῆς.
3359 2761 3567 2815 Οὐκοῦν
3609 2764 3668 2817 αἱ
3701 2765 3882 2837 κάμη.

662 2851 799 2905 dona
831 2850 1149 2915 obtulerint;
1196 2851 1339 2915 thus,
1370 2850 1573 2923 scilicet
1606 2851 1933 2921 spiritualem
1961 2866 2208 2907 suavem-

2301 2844 2381 2897 λοι
2427 2845 2490 2898 τὸ
2532 2846 2803 2917 Σωτήριον
2853 2842 3057 2919 Κυρίου
3107 2849 3544 2917 εὐαγγελιοῦντανι
3590 2855 3741 2923 μετὰ
3779 2856 3878 2910 τοῦ

661 2953 769 3008 que
800 2937 1077 3007 theologia:
1104 2939 1355 3005 odorem;
1402 2922 1591 2993 aurum
1621 2954 1771 3006 vero,
1806 2956 2092 3011 corporeas
2124 2942 2207 2997 ni-

2300 2934 2449 3005 δῶρα
2491 2937 2819 3007 προσφέρειν
2866 2937 2934 2991 τὰ
2986 2939 3378 3009 προλεχθέντα·
3428 2922 3643 2997 λίϐανον
3678 2945 3736 2998 δὲ
3776 2948 3880 3018 τὴν

660 3031 860 3085 mirum
897 3044 1045 3099 opes.
1098 3028 1324 3083 Madiam
1377 3044 1535 3099 porro
1580 3038 1634 3085 et
1676 3030 1911 3100 Gepbar,
1960 3034 2206 3103 regiones

2300 3022 2399 3093 τῆς
2439 3022 2713 3093 θεολογίας
2741 3026 3115 3096 πνευματικὴν
3147 3028 3393 3093 εὐωδίαν,
3430 3031 3631 3101 χρυσὸν
3670 3032 3728 3086 δὲ
3777 3036 3881 3106 τὴν

661 3119 1010 3175 barbarorum
1042 3129 1179 3182 sunt,
1224 3118 1553 3174 camelorum
1588 3118 1813 3186 feraces,
1858 3123 2205 3191 quemadmo-
2229 3167 2263 3225 ε

2305 3109 2618 3181 σωματικὴν
2650 3112 2929 3183 εὐπορίαν.
2972 3112 3046 3165 “Ἦ
3076 3113 3133 3166 δὲ
3176 3114 3402 3187 Μαδιάμ
3426 3119 3745 3193 νκαὶηΓεφὰρ
3784 3125 3883 3192 γό-

2307 3198 2729 3225 -.-..μ....
2760 3200 2858 3225 -r.\
2885 3199 3051 3225 _-.-.-_-
3087 3201 3373 3225 suum...
3582 3208 3597 3225 ε
3650 3211 3664 3225 .
3702 3211 3741 3225 ε.
3785 3212 3843 3225 ρ.

662 3208 788 3260 dum
821 3217 875 3262 et
913 3206 1074 3272 Saba,
1125 3222 1283 3277 supra
1308 3209 1557 3263 Arabiam
1589 3211 1714 3277 sita,
1749 3225 1912 3280 penes
1945 3227 2080 3282 quos
2105 3227 2203 3283 po-
2229 3198 2264 3225 u

2307 3212 2451 3267 νιμοι
2470 3198 2729 3270 καμήλων
2757 3200 2863 3252 elei.
2885 3199 3056 3272 χῶραι
3086 3201 3394 3275 βαρϐάρων,
3419 3205 3495 3270 ὡς
3513 3208 3605 3260 καὶ
3639 3211 3672 3281 ή
3702 3211 3876 3282 Σαϐὰ,

660 3298 815 3366 pulos
834 3299 1156 3354 camelorum
1184 3313 1352 3368 genus
1389 3300 1587 3368 ingenti
1625 3316 1849 3356 numero
1886 3313 1968 3358 est
1993 3318 2011 3355 :
2036 3317 2203 3373 quare

2304 3286 2443 3358 ὑπὲρ
2476 3287 2571 3359 τὴν
2614 3289 2868 3359 ’Δραϐίαν
2897 3290 3140 3364 κειμένη,
3173 3295 3303 3366 παρ’
3331 3289 3410 3359 οἷς
3442 3298 3777 3372 πολυπληθεῖ
3813 3306 3879 3359 τὸ

659 3390 853 3445 horum
880 3389 1118 3457 exemplo
1163 3404 1339 3444 sermo
1369 3391 1553 3443 utitur.
1584 3390 1648 3445 Et
1680 3393 1809 3446 mihi
1839 3407 1971 3448 sane
1995 3396 2204 3451 videtur

2299 3375 2408 3430 τῶν
2440 3379 2696 3449 καμήλων
2716 3380 2885 3448 γένος·
2915 3381 2994 3434 διὸ
3023 3385 3089 3454 τῇ
3120 3382 3322 3439 τούτων
3347 3389 3610 3460 κέχρηται
3656 3394 3685 3445 ό
3716 3392 3879 3463 λόγος

657 3480 745 3534 his
762 3479 937 3534 verbis
961 3478 1629 3549 Scripturam,juvenculas
1645 3492 1701 3536 et
1716 3481 1987 3540 infantiles
2012 3499 2203 3556 corpo-

2300 3465 2486 3519 είκόνι.
2514 3468 2622 3521 Καί
2657 3486 2745 3540 μοι
2771 3469 2917 3524 δοκεῖ
2947 3470 3035 3525 διὰ
3061 3471 3264 3527 τούτων
3290 3478 3320 3528 ό
3350 3476 3503 3545 λόγος
3542 3479 3757 3549 θέλγειν
3779 3486 3878 3539 καὶ

657 3585 871 3624 reorum
914 3566 1217 3624 Judmorum
1248 3584 1403 3625 aures
1456 3570 1671 3626 allicere
1704 3581 1758 3626 et
1795 3573 2114 3641 demulcere,
2143 3584 2203 3631 ut

2300 3556 2677 3626 ὲγγλυκαίνειν
2716 3558 2817 3623 τὰς
2842 3560 3011 3624 ἀκοάς
3053 3561 3153 3626 τὰς
3178 3564 3469 3635 νηπιὼδεις
3496 3568 3603 3623 τῶν
3634 3587 3881 3642 σωματι-

658 3673 749 3711 cas
780 3658 1058 3728 pertrabat
1080 3666 1136 3711 et
1166 3659 1411 3713 hortetur
1435 3661 1501 3714 ad
1540 3660 1701 3714 vitam
1728 3660 1870 3715 illam
1901 3673 1957 3717 et
1987 3663 2204 3733 religioo

2300 3646 2411 3701 κῶν
2452 3647 2711 3701 Ἰουδαίων
2750 3650 2828 3713 είς
2865 3666 2926 3703 το
2963 3651 3359 3719 έφελκύσασθαι
3386 3657 3575 3723 αὑτὰς,
3610 3661 3709 3713 καὶ
3732 3679 3880 3735 προ-

657 3763 803 3815 nem,
830 3762 946 3818 qua
980 3748 1271 3804 secundum
1297 3747 1464 3803 Deum
1502 3758 1605 3815 est,
1634 3759 1842 3807 mature
1891 3751 2199 3810 ineundam.
2224 3766 2228 3771 λ

2301 3736 2494 3806 τρέψαι
2537 3739 2784 3794 σπεύδειν
2824 3741 2905 3804 είς
2942 3741 3033 3796 τὸν
3078 3744 3219 3798 κατὰ
3252 3743 3386 3798 Θεὸν
3432 3745 3547 3817 βίον
3593 3749 3691 3802 καὶ
3728 3752 3878 3809 πολι-

2301 3828 2469 3880 τείαν.

2301 3844 2357 3879 τε
2367 3844 2469 3882 ιαν.

732 3930 750 3963 ‹
776 3911 841 3965 Ει
863 3926 1049 3967 omnes
1071 3926 1201 3968 oves
1225 3912 1458 3969 Cedarn
1494 3913 1808 3984 Huiusmodi
1832 3919 2042 3975 animas
2068 3920 2201 3976 alie-

2375 3934 2394 3968 ι
2422 3917 2530 3970 Καὶ
2565 3918 2739 3973 πάντα
2768 3920 2837 3975 τὰ
2889 3922 3136 3995 πρόϐατα
3162 3925 3355 3998 Κηδάρ
3376 3944 3390 3958 ·
3417 3946 3436 3979 ι
3486 3928 3547 3982 τὸ
3584 3931 3875 4002 άλλογενὲς

656 3999 880 4067 nigenas
903 4009 957 4054 et
984 4011 1264 4057 extraneas
1288 4017 1406 4057 esse
1429 4004 1805 4061 subindicans:
1825 4009 2083 4078 siquidem
2097 4026 2203 4080 per

2300 4008 2393 4061 καὶ
2420 4008 2711 4078 ἀλλόφυλον
2738 4013 2844 4065 τῶν
2871 4013 3123 4070 τοιούτων
3153 4015 3217 4087 δὴ
3246 4016 3434 4087 ψυχῶν
3474 3999 3870 4094 αίνιττόμενος.

657 4089 1157 4160 camelos,0pulenti
1180 4099 1235 4146 et
1261 4092 1451 4148 divites
1468 4094 1711 4151 homines
1738 4096 2076 4167 iudicantur;
2104 4116 2201 4171 per

2299 4098 2398 4152 Διὰ
2441 4099 2539 4169 μὲν
2572 4096 2664 4153 οὖν
2694 4103 2799 4156 τῶν
2841 4105 3099 4175 καμήλων
3129 4108 3179 4159 οί
3224 4107 3445 4180 εὔποροι
3482 4113 3576 4165 καὶ
3621 4089 3874 4173 πλούσιοι

654 4194 783 4234 Oves
825 4189 1023 4245 autem,
1087 4183 1475 4239 mansuetiores
1535 4199 1601 4240 ac
1660 4187 2053 4257 simpliciores;
2105 4205 2202 4259 per

2297 4186 2403 4239 τῶν
2436 4190 2492 4243 ὲν
2521 4189 2824 4260 ἀνθρώποις
2858 4193 3169 4265 ὲδηλοῦντο·
3214 4197 3301 4251 διὰ
3335 4200 3392 4254 δὲ
3431 4202 3538 4254 τῶν
3573 4207 3874 4276 προϐάτων

656 4270 875 4335 arietes,
918 4270 953 4324 ii
993 4272 1225 4325 maxime
1258 4287 1324 4326 ex
1357 4274 1601 4342 gentibus
1627 4278 1719 4343 qui
1753 4278 2052 4349 principatu
2091 4296 2200 4334 va—

2297 4277 2346 4328 ol
2377 4278 2711 4349 ήμερὼτατοι
2740 4283 2832 4336 καὶ
2855 4284 3217 4340 ἁπλούστατοι
3236 4304 3249 4318 ·
3284 4289 3371 4343 διὰ
3390 4291 3445 4361 δὲ
3464 4292 3571 4346 τῶν
3596 4270 3795 4366 κριῶν,
3817 4301 3872 4355 οί

656 4358 827 4413 lentes
866 4360 1313 4414 convertebantur
1345 4376 1517 4430 :quos
1538 4365 1604 4418 ad
1648 4365 1817 4420 altare
1851 4368 1942 4421 Dei
1977 4383 2198 4424 munera

2297 4366 2653 4435 ἀρχικώτατοι
2696 4372 2802 4425 τῶν
2837 4372 2894 4439 ἐξ
2933 4375 3101 4429 ἐθνῶν
3145 4358 3603 4450 ἐπιστρεφόντωνο
3637 4358 3739 4451 οὓς
3770 4358 3872 4443 άν-

654 4448 911 4503 allaturos
951 4465 1069 4505 esse
1104 4464 1283 4504 sermo
1315 4450 1567 4508 declarat.
1608 4454 1671 4508 Et
1704 4468 1829 4509 vero
1861 4455 1970 4523 jam
2009 4458 2196 4527 imple—
2226 4488 2256 4542 Π

2265 4505 2268 4526 ,
2298 4456 2678 4548 ενεχᾼθησεσθαι
2704 4458 2849 4531 δῶρα
2874 4462 2965 4514 ἐπὶ
2986 4463 3045 4516 τὸ
3064 4448 3441 4537 θυσιαστήριον
3467 4468 3559 4521 τοῦ
3584 4448 3731 4525 Θεοῦ*
3757 4493 3867 4548 φη-

656 4550 765 4595 tum
804 4541 1075 4595 oraculum
1120 4541 1303 4597 videre
1347 4552 1426 4598 est
1468 4561 1481 4597 :
1541 4560 1660 4599 cum
1717 4560 1783 4600 ex
1842 4541 2231 4604 conversione

2295 4560 2377 4596 σιν
2406 4544 2623 4614 ό⁶λόγος.
2672 4548 2781 4601 Καὶ
2822 4549 2934 4604 ἐστι
2962 4551 3022 4604 τὸ
3060 4552 3233 4622 λόγιον
3262 4555 3629 4627 πληρούμενον
3662 4541 3869 4622 θεάσα-

652 4633 913 4700 gentium,
937 4632 1230 4702 huiusmodi
1259 4634 1449 4688 animae
1470 4649 1588 4690 sese
1620 4636 1721 4704 pia
1747 4636 2015 4706 religionis
2032 4641 2195 4696 verbo

2297 4632 2417 4687 σθαι
2435 4628 2458 4664 ”
2484 4636 2698 4691 ἐπειδὰν
2723 4640 2785 4690 ὲκ
2818 4640 2916 4709 τῆς
2940 4641 3046 4694 τῶν
3085 4642 3252 4697 ἐθνῶν
3283 4646 3612 4721 ἐπιστροφῆς
3649 4657 3868 4712 τοιάσδε

650 4720 927 4784 dedentes,
973 4730 1028 4774 et
1066 4721 1248 4777 altaris
1298 4722 1389 4777 Dei
1422 4725 1723 4780 ministerio
1769 4727 2084 4783 assistentes
2113 4730 2195 4784 vi-

2291 4728 2465 4798 ψυχάς
2511 4731 2607 4784 rem
2634 4749 2718 4795 τις
2755 4734 3043 4799 άναθείσας
3084 4738 3276 4803 ἑαυτὰς
3304 4739 3382 4811 τῷ
3409 4743 3507 4813 τῆς
3547 4720 3868 4815 θεοσεϐείας

651 4812 895 4865 deantur.
929 4810 1062 4865 Nam
1115 4820 1243 4866 tunc
1278 4814 1507 4869 maxime
1538 4830 1631 4883 per
1668 4817 1857 4872 horum
1898 4820 2199 4876 conversio-

2294 4816 2434 4887 λόγῳ
2465 4820 2560 4872 καὶ
2584 4821 2681 4890 τῆς
2710 4822 3043 4894 λειτουργίας
3068 4827 3160 4879 τοῦ
3183 4810 3568 4902 θυσιαστηρίου
3596 4833 3691 4887 τοῦ
3722 4810 3862 4893 Geor";

649 4914 770 4955 nem
794 4910 852 4956 et
878 4902 1124 4967 salutem,
1149 4902 1390 4958 Ecclesia
1441 4906 1536 4960 Dei
1565 4908 1809 4962 laudibus
1848 4909 2149 4964 celebratur
2175 4927 2189 4963 :

2298 4907 2783 4978 προσεδρευσάσας.
2817 4912 2947 4965 Τότε
2972 4914 3079 4985 γὰρ
3113 4916 3343 4986 μάλιστα
3367 4919 3453 4975 διὰ
3482 4922 3584 4992 τῆς
3616 4925 3729 4980 τῶν
3752 4917 3866 4982 τοι·

649 5005 816 5058 quare
846 4991 1095 5060 deinceps
1123 4993 1319 5048 dicitur
1348 5012 1363 5049 :
1399 5012 1419 5046 ι
1451 4994 1519 5050 Ει
1547 4997 1737 5053 domus
1768 5000 2031 5055 orationis
2063 5014 2195 5055 meze

2303 4994 2470 5049 ούτων
2514 4998 2842 5071 ἐπιστροφῆς
2889 5003 2981 5056 καὶ
3021 5006 3291 5079 σωτηρίας
3337 5010 3370 5079 ή
3420 4991 3713 5083 Ἐκκλησία
3763 5018 3862 5072 τοῦ

652 5081 1053 5151 glgrmcabirur,
1088 5104 1107 5137 ι
2301 5083 2436 5138 Θεοῦ
2468 5085 2775 5151 δοξάζεται·
2800 5090 2878 5145 διὸ
2908 5092 3149 5149 λέλεκται
3177 5098 3270 5150 καὶ
3298 5097 3424 5169 ἑξῆς
3443 5116 3457 5131 ⁸
3488 5120 3509 5153 ι
3530 5081 3638 5156 Καὶ
3659 5107 3688 5158 ὁ
3711 5102 3865 5173 οἶκος

1138 5240 1151 5252 .
1323 5240 1339 5255 .
1362 5241 1375 5254 .
1516 5244 1565 5255 __
1638 5252 1649 5255 _
1780 5246 1793 5255 _
1979 5245 1993 5255 ,
2299 5173 2395 5244 τῆς
2420 5178 2722 5247 προσευχῆς
2757 5197 2856 5249 μου
2881 5180 3282 5255 δοξασθήσεται.
3302 5207 3324 5241 ι

721 5234 886 5290 Vens.
912 5237 964 5291 8.
999 5256 1020 5289 ι
1053 5236 1278 5306 Quinam
1323 5240 1387 5297 hi.
1408 5244 1565 5297 sunt?
1596 5252 1655 5298 ut
1703 5246 1871 5301 nubes
1909 5245 2112 5312 volant,
2142 5260 2196 5303 et

2423 5234 2575 5327 Τίνες
2603 5234 2837 5332 ciae-ﬂag
2868 5234 3395 5342 νεφέλαιιπὲτανται,
3427 5277 3521 5331 καὶ
3547 5278 3679 5332 ὡσεὶ
3702 5297 3862 5353 περι-

651 5327 789 5382 sicut
819 5328 1076 5385 columba:
1106 5346 1225 5385 cum
1273 5332 1431 5397 pullis
1460 5348 1620 5403 super
1649 5350 1750 5391 me.
1775 5357 1795 5390 ι
1838 5337 1894 5391 ld
1920 5352 2085 5407 porro
2114 5340 2196 5393 in-

655 5418 949 5443 anlll-........-
993 5422 1035 5443 -:
1089 5420 1237 5443 h---”
1290 5438 1469 5443 _.---_.
1523 5439 1677 5443 _-_4-
1739 5428 1753 5443 ι
2147 5432 2159 5443 .

2301 5354 2487 5422 στεραὶ
2516 5354 2610 5409 σὺν
2649 5360 2884 5419 νεοσσοῖς
2921 5318 3006 5412 ἐπ’
3031 5360 3151 5431 ἐμέ.
3178 5381 3199 5418 ρ
3250 5365 3359 5418 Καὶ
3381 5318 3555 5420 ’τοῦτο
3580 5369 3637 5421 δὲ
3668 5318 3862 5443 νοήξο.

655 5418 952 5486 telligemus
992 5422 1037 5474 si
1089 5420 1237 5475 Pauli
1290 5438 1473 5479 vocem
1523 5428 1933 5493 perpendamus,
1963 5445 2083 5499 quae
2115 5432 2194 5486 sic

655 5508 806 5534 ι.-ι.,..
836 5528 847 5534 -
883 5528 896 5534 -
929 5510 1034 5534 ΜΔ-
1064 5513 1146 5534 ..-.:
1184 5513 1406 5534 -.ε-τμη-
1464 5517 1543 5534 ..ηε
1581 5533 1588 5534 ,
1615 5518 1713 5534 __-a
1759 5518 1772 5529 ο
2013 5522 2025 5533 .
2147 5524 2159 5534 .

2302 5418 2409 5534 μεν
2440 5444 2825 5514 ἐπιστήσαντες
2866 5449 2931 5518 τῇ
2964 5418 3173 5503 Παύλου
3218 5457 3366 5527 φωνῇ
3402 5418 3860 5534 exheredat-63;;

654 5508 847 5562 habet:
879 5528 896 5560 ι
929 5510 1037 5566 Nos
1060 5513 1147 5581 qui
1184 5513 1429 5579 vivimus,
1456 5517 1545 5585 qui
1577 5518 1773 5573 residui
1794 5534 1980 5575 sumus
2000 5522 2064 5576 εἰη
2096 5524 2193 5577 ad-

654 5606 865 5627 l'nnllam
906 5598 1101 5627 Πι...ε...;
1171 5606 1438 5627 _-_:-._-._
1486 5609 1531 5627 ξ,
1572 5608 1787 5627 μυιοςιμη
1856 5610 1893 5627 γι
1950 5612 1963 5626 ο
2088 5614 2122 5627 οι

2297 5532 2424 5603 ἄρα,
2469 5553 2486 5586 ι
2512 5500 2775 5627 ᾟμεῖςοί
2816 5500 3034 5609 ζῶντες,
3075 5543 3123 5595 οἱ
3160 5500 3591 5618 περιλείπόμενοι
3638 5500 3858 5627 είς]νῷ

653 5606 867 5653 ventum
906 5598 1127 5667 Christi,
1171 5606 1439 5674 rapiemur
1484 5609 1537 5663 in
1571 5608 1795 5666 nubibus
1842 5610 2055 5669 obviam
2084 5614 2185 5672 Do-

2297 5598 2593 5696 παρουσίαν
2633 5598 2727 5681 τοῦ
2754 5629 2798 5681 Χ
2806 5598 3031 5701 prmi}:

727 5804 767 5834 ιθ
798 5802 978 5862 Matth.
1007 5822 1117 5875 xu,
1149 5810 1237 5863 2i.
