4058 6424
115 388 221 444 ωδ

1077 366 1570 431 COMMENTARIA
1602 364 1666 421 IN
1708 360 1967 418 lSAlAM.
2007 389 2076 401 —-
2110 357 2261 414 CAP.
2301 355 2412 411 LX.

3248 345 3346 400 491

114 505 196 565 εἰς
217 505 523 571 ἀπαντησιν
553 497 646 551 τοῦ
672 497 873 567 Κυρίου
911 495 990 558 εἰς
1028 493 1182 563 ἀέρα.
1229 492 1323 545 καὶ
1351 489 1522 552 οὕτως
1556 486 1688 540 πάν-
1713 537 1716 545 ,

1817 481 1933 536 nino
1958 481 2012 535 in
2031 493 2159 535 aera
2175 497 2188 532 :
2205 487 2259 535 et
2285 477 2366 532 sic
2387 485 2600 543 semper
2626 485 2749 526 cum
2771 468 2998 524 Domino
3013 464 3215 520 erimus
3232 465 3295 524 ";
3325 482 3344 513 ι

115 609 239 647 τοτε
284 593 380 645 σὺν
409 591 596 661 Κυρίῳ
636 586 904 658 ἐσόμεθα·
925 606 944 639 ι
981 583 1340 652 συναφθέντες
1366 577 1565 651 δηλαδὴ
1590 578 1685 634 καὶ

122 683 617 752 συγκαταλεγέντες
651 677 728 748 τῷ
763 676 910 749 χορῷ
940 674 1049 728 τῶν
1077 676 1134 726 ἐν
1176 671 1254 743 τῷ
1287 670 1537 742 προτέρῳ
1573 666 1688 738 λαῷ

120 775 580 847 κατωρθωκότων.
627 770 716 823 Διὸ
740 765 1216 838 ἀποθαυμάξοντες
1241 765 1337 835 τὴν
1375 765 1454 826 εἰς
1481 759 1689 831 ἀνθρώ-

118 886 254 932 πους
286 867 540 938 χυθεῖσαν
579 864 670 916 τοῦ
711 860 946 932 Χριστοῦ
975 861 1130 930 χάριν
1163 858 1258 911 καὶ
1286 855 1392 909 τῶν
1433 855 1493 919 ἐξ
1523 852 1691 906 ἐθνῶν

118 957 444 1030 σωζομένων
483 956 544 1009 τὸ
580 953 802 1023 πλῆθος,
857 953 956 1021 τήν
999 966 1060 1002 τε
1105 950 1183 1012 εἰς
1219 947 1481 1019 οὐρανοὺς
1516 943 1692 997 αὐτῶν

113 1048 442 1118 ἀνάπτησιν,
476 1044 573 1115 τὴν
602 1042 738 1114 μετά
764 1041 860 1112 τὴν
883 1040 1058 1105 ἔξοδον
1079 1037 1171 1091 τοῦ
1200 1035 1312 1106 βίου
1341 1036 1502 1105 φασί·
1539 1033 1692 1096 Τίνες

112 1137 256 1201 οδες
311 1136 388 1199 ὼς
426 1133 644 1203 νεφέλαι
685 1132 967 1195 πέτανται,
1003 1129 1097 1181 καὶ
1136 1126 1212 1189 ὡς
1240 1125 1560 1199 περιστεραὶ
1599 1124 1694 1175 σὺν

115 1231 360 1290 νεοσσοῖς
389 1227 475 1278 ἐπ’
508 1225 629 1296 ἐμέ.
652 1243 672 1276 ι

192 1338 214 1371 ι
237 1319 371 1388 Ἐμὲ
386 1319 441 1371 αἰ
455 1318 604 1386 νῆσοι
620 1314 934 1384 ὑπέμειναν,
951 1312 1044 1365 καὶ⁵
1065 1309 1221 1362 πλοῖα
1237 1307 1469 1378 Θαρσεῖς
1484 1306 1540 1357 ἐν
1557 1302 1697 1375 πρώ-

115 1425 252 1472 τοις,
274 1408 502 1475 ἀγαγεῖν
519 1405 588 1458 τά
607 1403 770 1457 τέκνα
797 1419 890 1455 σου
919 1397 1209 1472 μακρόθεν,
1237 1395 1438 1449 καὶτὸν
1460 1393 1698 1465 ἄργυρον

117 1496 321 1549 καὶτὸν
340 1496 535 1566 χρυσὸν
558 1491 736 1548 αὐτῶν
757 1492 871 1562 μετ’
894 1489 1092 1552 αὐτῶν,
1114 1487 1210 1541 καὶ
1228 1486 1314 1540 διά
1335 1485 1396 1538 τδ
1419 1485 1586 1554 ὄνομα
1598 1485 1700 1536 Κυ-

121 1585 240 1656 ρίου
265 1584 327 1637 τὸ
357 1585 530 1651 ἅγιον,
552 1583 644 1636 καί⁵
668 1583 756 1636 διά
771 1582 834 1634 τὸ
861 1580 950 1634 τὸν
966 1581 1118 1647 ἅγιον
1137 1577 1230 1631 τοῦ
1259 1575 1471 1647 Ἰσραὴλ
1492 1573 1700 1639 ἔνδοξον

117 1674 284 1730 εἶναι.
309 1693 328 1726 ι
363 1674 474 1738 Τάς
502 1673 793 1744 ἐκκλησίας
814 1671 871 1726 δὲ
899 1672 1092 1740 νήσους
1125 1669 1217 1722 καὶ
1243 1667 1332 1721 διά
1361 1666 1468 1718 τῶν
1494 1665 1698 1735 ἔμπρο-

121 1767 251 1821 σθεν
271 1768 301 1820 ό
321 1765 478 1834 λόγος
515 1766 754 1836 ᾐνίττετο
777 1763 1076 1836 σημαίνων.
1108 1761 1258 1815 Ἐπεὶ
1279 1759 1457 1812 τοίνυν
1481 1757 1579 1819 τὰς
1601 1758 1701 1808 ἐπ-

1785 569 2024 640 adjuncti
2066 568 2276 624 scilicet
2321 579 2378 622 et
2424 561 2762 620 annumerati
2807 560 2974 615 choro
3013 570 3224 619 eorum,
3257 555 3351 622 qui

1787 663 1840 716 in
1883 660 2061 730 prisco
2089 658 2181 714 illo
2217 657 2413 728 popqu
2447 657 2614 727 probe
2642 668 2702 709 se
2733 658 3042 724 gesserunt.
3063 647 3351 713 Quocirca.

1787 748 2011 804 causam
2046 746 2247 803 Christi
2308 748 2360 800 in
2419 746 2663 801 homines
2717 743 2947 813 gratiam
2997 740 3354 802 admirantes,

1789 854 1999 894 necnon
2043 838 2303 907 gentium,
2335 852 2457 906 quae
2486 835 2711 892 salutem
2744 833 3013 896 obtinent,
3048 829 3358 885 multitudi—

1789 944 1937 996 nem,
1970 943 2265 998 eorumque
2315 938 2437 998 post
2469 937 2698 982 mortem
2752 925 2820 980 ad
2867 923 3063 979 coelum
3093 922 3356 992 volatum,

1793 1019 1998 1079 dicunt,
2026 1037 2045 1070 ι
2073 1017 2302 1084 Quinam
2331 1019 2382 1071 hi
2411 1017 2580 1072 sunt?
2619 1027 2677 1071 ut
2700 1015 2869 1071 nubes
2891 1011 3096 1081 volant,
3122 1023 3178 1070 et
3218 1013 3358 1068 sicut

1793 1110 2054 1168 columba:
2084 1125 2208 1166 cum
2233 1110 2392 1180 pullis
2414 1125 2573 1181 super
2605 1123 2708 1164 me.
2736 1125 2757 1160 ι

1864 1289 2031 1345 Vens.
2076 1287 2129 1343 9.
2177 1306 2196 1340 ι
2246 1287 2328 1343 Me
2385 1287 2572 1342 insulae
2631 1295 3038 1357 exspectarent,
3097 1296 3154 1342 et
3199 1303 3362 1343 naves

1798 1379 2022 1435 Tharsis
2051 1380 2104 1434 in
2135 1379 2421 1450 primis,ut
2451 1378 2721 1432 adducant
2757 1377 2896 1432 ﬁlios
2937 1387 3053 1432 tuos
3082 1377 3149 1432 de
3181 1376 3363 1447 longe,

1798 1483 1854 1528 et
1875 1482 2155 1542 argentum
2188 1480 2243 1526 et
2280 1485 2469 1525 aurum
2501 1484 2685 1525 eorum
2716 1485 2838 1524 cum
2878 1469 2981 1534 eis,
3015 1477 3232 1538 prapter
3271 1483 3364 1525 no-

1800 1579 1920 1618 men
1948 1562 2159 1617 Domini
2188 1572 2454 1629 sanctum,
2485 1573 2540 1616 et
2568 1571 2626 1615 ut
2653 1570 2875 1615 sanctus
2908 1558 3070 1614 Israel
3101 1559 3366 1630 gloriosus

1800 1656 1890 1710 sit.
1935 1673 1954 1706 ι
1998 1653 2268 1709 Ecelesias
2295 1667 2422 1708 vero
2476 1653 2529 1705 in
2581 1650 3008 1720 pracedentibus
3041 1665 3136 1718 per
3163 1649 3366 1703 insulas

1803 1743 2112 1796 adumbrari
2143 1742 2500 1811 signiﬁcabat.
2541 1741 2674 1809 Quia
2703 1742 2869 1810 igitur
2902 1743 3163 1810 promissa
3195 1749 3366 1809 patri-

118 1831 468 1930 ηγγελμένας
678 1857 803 1919 τοὺς
832 1831 1078 1925 ’πατέρας
1117 1849 1444 1920 ἐπαγγελίας
1485 1849 1542 1899 αἱ
1601 1848 1689 1898 ἐκο

1817 1849 1888 1888 ius
1920 1832 2057 1887 facta
2103 1832 2354 1887 Ecclesia:
2392 1833 2507 1896 Dei,
2562 1832 2870 1901 prophetias
2905 1831 3236 1896 evolventes,
3269 1847 3368 1884 ex-

121 1947 347 2019 κλησίαι
376 1945 470 2000 τοῦ
497 1943 630 1999 Θεοῦ
666 1943 766 2007 τάς
796 1943 1127 2015 προφητείας
1165 1939 1505 2011 διερχόμεναι
1534 1953 1698 2008 προσ-

121 2037 348 2100 εδόκων,
374 2035 594 2098 εἰκότως
615 2034 837 2105 φησίνέι
861 2035 988 2103 Ἐμέ
1013 2033 1162 2106 νῆσοι
1191 2032 1506 2101 ὑπέμειναν.
1535 2029 1700 2082 Ηλοῖα

123 2127 388 2196 Θαρσεῖςσ
415 2143 434 2175 ι
463 2123 755 2177 αἰνίττεται
783 2121 854 2175 τά
884 2121 1110 2192 σώματα
1130 2115 1210 2183 οἷς
1237 2117 1565 2189 ἐπενήξαντο
1603 2134 1701 2170 κα-

123 2217 196 2270 τὰ
225 2217 320 2270 τὸν
355 2216 542 2287 θνητὸν
576 2215 691 2286 βίον
730 2216 786 2269 αἰ
809 2214 994 2285 ψυχαί.
1038 2213 1270 2282 Θαρσεῖς
1312 2211 1368 2264 δέ
1393 2209 1702 2278 ἀλλοφύλων

126 2307 295 2362 πάλιν
325 2307 584 2377 ἐτύγχανε
621 2305 802 2377 χώρα·
839 2305 918 2359 διὸ
958 2303 1087 2374 περί
1121 2303 1428 2373 ἀλλοφύλων
1461 2302 1702 2355 ἀπίστων

127 2399 347 2471 εἴρηταί
374 2415 476 2452 που
495 2415 507 2428 ·
548 2417 567 2449 ι
592 2399 678 2451 Ἐν
707 2397 973 2466 πνεύματι
1024 2396 1180 2466 βιαίῳ
1215 2395 1522 2466 συντρίψεις
1549 2393 1704 2446 πλοῖα

126 2492 384 2562 Θαρσεῖς.
413 2508 433 2541 ι
480 2489 614 2542 Ἀλλ’
639 2490 813 2542 ἐκεῖνο
850 2488 949 2559 μὲν
980 2486 1318 2557 συνετρίϐετο
1340 2502 1354 2516 ο
1387 2483 1618 2537 ἐνταῦθα
1649 2484 1706 2536 δέ

123 2575 204 2633 τᾶ
231 2580 398 2632 τέκνα
428 2578 528 2648 τῆς
566 2577 800 2640 παλαιᾶς
844 2577 1194 2648 Ἰερουσαλὴμ
1216 2576 1284 2629 τά
1319 2576 1379 2641 ἐξ
1413 2575 1580 2628 ἐθνῶν
1611 2576 1706 2628 αύ-

123 2672 200 2742 τῇ
237 2669 645 2739 προσγενόμενα
672 2669 856 2731 αὐτοῖς
897 2667 1098 2729 πλοίοις
1137 2666 1406 2738 μακρόθεν
1446 2665 1581 2735 πρὸς
1620 2667 1710 2720 αύ-

124 2761 234 2830 τὴν
262 2759 383 2830 ἥξει
403 2777 416 2788 ·
448 2761 744 2822 τουτέστιν,
767 2760 950 2821 αὐτοῖς
978 2756 1224 2828 σώμασιν
1251 2759 1343 2810 ἐπὶ
1372 2758 1431 2821 τὸ
1463 2759 1708 2828 κρεῖττον

129 2849 543 2923 μεταϐληθεῖσι.
571 2848 794 2914 Ἥξουσι
836 2850 1015 2902 τοίνυν
1053 2850 1232 2914 αὐτοῖς
1260 2851 1369 2912 τοῖς
1395 2848 1636 2920 σώμασιν
1660 2851 1709 2900 οἱ

125 2942 526 3014 προλεχθέντες
560 2942 659 3006 τάς
698 2945 818 2996 κατ’
851 2941 1050 3014 ἀρετὴν
1093 2939 1319 3014 πράξεις
1346 2942 1583 3013 ἄργυρον
1621 2943 1712 2993 καὶ

128 3031 339 3101 χρυσὸν
363 3029 764 3103 ὀνομαζομένας
786 3033 1133 3103 ἐπαγόμενοι.
1168 3031 1400 3104 Πράξεις
1418 3031 1474 3084 δὲ
1495 3027 1601 3084 οἶδε
1623 3029 1712 3082 τὸν

131 3120 338 3194 χρυσὸν
363 3124 458 3176 καὶ
487 3121 578 3175 τὸν
604 3122 841 3193 ἄργυρον
867 3124 897 3174 ό
935 3122 1270 3186 Ἀπόστολος.

1804 1923 2154 1992 spectabant,
2200 1922 2325 1992 jure
2375 1922 2473 1986 ait,
2523 1939 2542 1972 ι
2582 1922 2665 1976 Me
2717 1921 2906 1976 insulse
2959 1931 3369 1989 exspectarunt.

1804 2012 1977 2066 Naves
1997 2011 2262 2076 Tharsis;
2298 2030 2317 2064 ›
2351 2011 2437 2066 his
2467 2011 2772 2066 subindicat
2817 2025 3066 2079 corpora,
3090 2010 3143 2064 in
3175 2010 3370 2079 quibus

1805 2105 2100 2158 enatabant
2154 2105 2349 2158 animae
2400 2104 2453 2158 in
2503 2105 2604 2158 hac
2639 2103 2850 2158 mortali
2897 2104 3007 2157 vita
3042 2103 3372 2156 constitutae.

1808 2193 2028 2248 Tharsis
2069 2195 2196 2249 item
2256 2195 2678 2264 alienigenarum
2725 2195 2969 2265 gentium
3013 2193 3162 2263 regio
3210 2202 3372 2248 erat:

1812 2298 1982 2352 quare
2007 2285 2073 2337 de
2109 2282 2399 2337 incredulis
2431 2282 2745 2354 alienigenis
2777 2281 2971 2336 alicubi
3005 2283 3222 2345 dicitur,
3269 2299 3288 2332 ι
3316 2281 3372 2334 lii

1809 2375 1998 2444 spiritu
2032 2375 2335 2429 vehementi
2366 2386 2615 2429 conteres
2643 2388 2808 2428 naves
2844 2371 3067 2428 Tharsis
3091 2374 3160 2426 ὀ.
3205 2390 3224 2422 ι
3265 2370 3375 2426 Sed

1812 2465 1940 2530 illud
1982 2466 2198 2534 quidem
2247 2465 2669 2519 conterebatur:
2701 2464 2790 2520 hic
2837 2479 2965 2520 vero
3011 2464 3106 2519 ﬁlii
3145 2466 3377 2537 antiqua!

1812 2555 1956 2610 illius
1985 2554 2304 2621 Jerusalem,
2335 2556 2428 2625 qui
2462 2571 2529 2609 ex
2577 2556 2828 2624 gentibus
2856 2558 2923 2610 ad
2952 2571 3073 2611 eam
3119 2557 3379 2611 accedent

1812 2647 1998 2718 procul
2039 2656 2088 2700 et
2119 2647 2185 2700 ad
2216 2647 2389 2716 ipsam
2421 2646 2849 2714 appellentvecti
2886 2646 3136 2712 navibus,
3184 2648 3237 2701 id
3272 2660 3378 2716 εει,

1814 2739 2133 2810 corporibus
2181 2741 2233 2793 in
2266 2740 2459 2794 melius
2492 2740 2855 2794 commutatis.
2917 2739 3050 2795 Cum
3087 2740 3218 2808 ipsis
3249 2755 3380 2812 ergo

1815 2831 2131 2900 corporibus
2157 2831 2392 2898 praedicti
2427 2831 2663 2896 venient,
2705 2845 2868 2899 opera
2895 2845 3016 2884 cum
3040 2833 3240 2886 virtute
3267 2833 3384 2886 edi-

1816 2933 1891 2988 ta,
1923 2937 2114 2976 aurum
2151 2930 2207 2974 et
2257 2931 2541 2990 argentum
2596 2922 2755 2985 dicta,
2809 2923 3153 2977 advehentes.
3204 2924 3382 2994 Opera

1819 3027 1946 3068 vero
1971 3027 2068 3082 pro
2091 3026 2226 3066 auro
2248 3020 2304 3067 et
2332 3020 2555 3080 argento
2577 3011 2775 3080 accipit
2797 3011 3102 3082 Apostolus.

2417 3112 2427 3136 Ι

216 3234 235 3267 t
255 3217 367 3269 Kal
405 3185 841 3285 οἰκοδομησουσιν
864 3213 1167 3283 ἀλλογενεῖς
1193 3185 1263 3268 τά
1301 3215 1452 3286 τείχη
1480 3231 1593 3277 σου,
1625 3212 1716 3266 καὶ

1889 3215 2053 3270 Vsus.
2089 3215 2173 3279 10,
2207 3215 2292 3268 ll.
2331 3232 2350 3266 ι
2385 3213 2453 3268 Et
2477 3212 2822 3269 adiﬁcabunt
2855 3213 3169 3283 alienigena:
3201 3229 3386 3286 muros

134 3308 190 3360 οἰ
223 3306 464 3376 βασιλεῖς
493 3305 673 3359 αὐτῶν
693 3306 1132 3376 παραστήσονταί
1171 3323 1272 3359 σοι.
1301 3305 1399 3358 Διά
1424 3306 1531 3376 γὰρ
1549 3306 1717 3375 ὀργήν

141 3415 247 3470 μου
288 3395 534 3461 ἐπάταξα
557 3413 637 3459 σε,
683 3398 778 3450 καὶ
804 3397 890 3451 διά
910 3397 1055 3450 ἐλεον
1082 3396 1348 3468 ἠγάπησά
1378 3412 1454 3448 σε.
1489 3397 1596 3448 Καὶ
1624 3397 1719 3447 ἀν.

135 3489 486 3560 οιχθήσονται
511 3489 568 3540 αἰ
590 3486 754 3541 πύλαι
779 3503 871 3540 σου
897 3487 984 3540 διά
1011 3486 1228 3549 παντὸς,
1255 3485 1464 3556 ἡμέρας
1503 3485 1596 3538 καὶ
1637 3504 1722 3538 νυ-

139 3581 272 3644 κτὸς
305 3579 365 3632 ού
401 3578 827 3650 κλεισθήσονται,
867 3581 1182 3648 εἰσαγαγεῖν
1231 3578 1366 3648 πρὸς
1399 3577 1459 3629 σέ
1496 3575 1722 3647 δύναμιν

139 3670 338 3732 ἐθνῶν,
365 3670 459 3723 καί
498 3668 737 3738 βασιλεῖς
761 3669 939 3723 αὐτῶν
965 3670 1282 3738 ἀγομένους.
1315 3686 1334 3720 i
1367 3667 1478 3722 Kal
1503 3667 1634 3721 αὐτὸ
1658 3668 1724 3720 δι’

141 3761 327 3833 ἔργων
362 3759 778 3831 ἐπιτελούμενον
805 3761 925 3832 ὄψει
953 3762 1253 3832 ἐπιστήσας
1277 3760 1366 3815 τὸν
1397 3760 1540 3824 νοῦν,
1566 3761 1640 3824 ὼς
1667 3760 1727 3825 ἐξ

143 3851 454 3921 ἀλλογενῶν
483 3853 578 3906 καὶ
605 3851 915 3921 ἀλλοφύλων
943 3851 1112 3905 ἐθνῶν
1148 3852 1249 3920 τῆς
1283 3852 1607 3922 Ἐκκλησίας
1630 3851 1724 3903 τοῦ

143 3941 288 3995 Θεοῦ
334 3941 676 4011 προεστῶτες
709 3942 901 4012 ἄνδρες
937 3941 1306 4005 διδασκαλίαις
1332 3943 1728 4013 περιφράττου-

149 4049 260 4095 σιν,
288 4030 476 4100 ῶσπερ
506 4030 614 4084 τισί
642 4031 946 4102 περιϐόλοις
973 4032 1068 4084 καί¹
1091 4031 1340 4100 τείχεσιν,
1365 4030 1727 4101 ἀσφαλιζόμε-

148 4139 237 4180 νοι
269 4120 362 4174 τὸν
388 4121 488 4191 τῆς
528 4122 836 4185 θεοσεϐείας
869 4122 1046 4190 λόγον,
1083 4124 1163 4185 εἰς
1196 4122 1256 4174 τὸ
1300 4121 1374 4192 μὴ
1412 4122 1730 4194 παρεισδύε-

151 4213 280 4268 σθαι
313 4215 440 4276 τοὺς
471 4211 779 4284 ἀλλοτρίους
808 4213 906 4284 τῆς
935 4212 1190 4276 πίστεως,
1222 4213 1356 4283 μηδὲ
1385 4211 1568 4284 χώραν
1589 4212 1730 4283 ἔχειν

149 4304 448 4374 ἐπιϐουλῆς
476 4305 614 4356 κατὰ
635 4303 741 4356 τῶν
773 4305 872 4374 τῆς
897 4303 1151 4373 ἀληθείας
1172 4304 1478 4374 δογμάτων.
1513 4305 1575 4356 Οἰ
1600 4302 1732 4371 γοῦν

151 4397 267 4450 τῶν
303 4396 624 4466 Ῥωμαῖκῶν
664 4396 958 4466 ταγμάτων
991 4395 1270 4465 ἄρχοντες,
1311 4395 1404 4447 καὶ
1452 4395 1558 4448 τῶν
1605 4412 1735 4466 κρα-

152 4488 398 4542 τούντων
432 4487 692 4557 βασιλέων
737 4489 765 4540 ό
794 4486 955 4556 φόϐος
997 4486 1066 4539 τά
1105 4487 1314 4557 μεγάλα
1366 4487 1729 4557 συμϐάλλεται

155 4580 299 4650 πρὸς
340 4577 648 4648 ἀνατροπὴν
673 4577 781 4631 τῶν
816 4577 1185 4631 ἐπιϐουλεύειν
1209 4580 1274 4648 τῇ
1314 4578 1606 4648 Ἐκκλησία
1638 4577 1730 4630 τοῦ

156 4669 297 4725 Θεοῦ
327 4670 699 4740 πειρωμένων.
727 4669 896 4722 Πύλαι
927 4669 984 4722 δὲ
1011 4668 1110 4738 τῆς
1142 4669 1235 4723 τοῦ
1259 4669 1393 4723 Θεοῦ
1425 4668 1630 4732 πόλεως
1655 4668 1737 4721 τί-

156 4779 252 4824 νες
282 4759 349 4814 ἂν
374 4754 482 4812 εἶεν
507 4761 540 4830 ἢ
572 4763 625 4812 αἱ
661 4760 1013 4831 στοιχειώδεις
1037 4762 1130 4814 καὶ
1162 4761 1466 4814 εἰσακτικαὶ
1493 4759 1738 4814 διδασκα-

158 4853 306 4916 λίαις
336 4851 434 4905 Διά
458 4851 649 4916 νυκτὸς
679 4853 771 4906 καὶ
796 4853 1032 4924 ἡμέρας,
1062 4853 1247 4924 φησὶν,
1280 4851 1548 4922 ὴνεῷχθαι
1572 4854 1738 4906 πᾶσιν

158 4940 475 5013 ἀνθρώποις
498 4942 631 5013 πρὸς
657 4943 717 4995 τὺ
743 4944 951 5008 πάντας
980 4942 1313 5014 εἰσδέχεσθαι
1337 4944 1462 5006 τοὺς
1491 4942 1549 5007 ἐξ
1576 4945 1739 4997 ἀπάν-

157 5051 272 5087 των
316 5031 426 5085 τῶν
469 5031 636 5086 ἐθνῶν
683 5033 951 5087 θεοσεϐεῖν
998 5032 1430 5106 προῃρημένους.
1473 5034 1739 5103 Δυνάμεις

163 5125 266 5194 μὲν
297 5118 392 5176 οῦν
417 5121 525 5176 τῶν
549 5123 716 5180 ἐθνῶν
742 5126 878 5176 εἰσιν
914 5126 962 5178 οἰ
999 5126 1285 5197 δυνάμενοι
1314 5126 1490 5193 λέγειν
1512 5141 1524 5154 ο
1561 5143 1578 5174 ι
1599 5125 1740 5179 Πάν-

158 5233 231 5267 τα
266 5214 437 5284 ἰσχύω
470 5217 528 5267 ἐν
559 5213 636 5285 τῷ
670 5214 1049 5287 ἐνδυναμοῦντί
1071 5219 1154 5286 με
1176 5234 1188 5246 ·
1222 5237 1240 5268 ι
1291 5215 1527 5286 βασιλεῖς
1555 5215 1611 5268 δὲ
1643 5215 1738 5268 αύ-

160 5307 277 5359 τῶν
310 5307 360 5358 οἱ
387 5305 652 5377 ἐξαίρετοι
686 5307 783 5360 καὶ
807 5307 904 5377 τῆς
929 5308 1251 5379 ἐπουρανίου
1277 5307 1551 5378 βασιλείας
1575 5305 1734 5369 ἄξιοι.

167 5397 317 5466 Ἤδη
342 5396 399 5448 δὲ
425 5397 518 5450 καὶ⁹
538 5399 878 5467 σωματικοὺς
913 5399 1194 5469 Ῥωμαίων
1222 5400 1623 5470 αὐτοκράτορας
1645 5398 1739 5451 καὶ

172 5485 416 5556 βασιλεῖς
443 5484 584 5556 ὁρῶν
611 5503 694 5550 τις
739 5486 1130 5559 ὑποτρέχοντας
1159 5488 1256 5557 τῆς
1295 5486 1615 5557 Ἐκκλησίας
1647 5483 1739 5538 τοῦ

171 5577 312 5632 Θεοῦ
339 5576 439 5639 τάς
452 5575 646 5639 πύλας,
671 5578 764 5632 καὶ
785 5577 891 5631 τῶν
909 5579 1039 5631 εἰσω
1062 5579 1244 5632 πυλῶν
1276 5579 1585 5649 μυστηρίων
1612 5594 1743 5630 κατ-

1818 3320 1961 3374 tuos,
1996 3318 2050 3364 et
2086 3323 2240 3379 reges
2268 3321 2455 3362 eorum
2500 3306 2755 3362 astabunt
2809 3306 2926 3362 tibi.
2990 3305 3215 3374 Propter
3248 3306 3386 3359 iram

1820 3402 1962 3455 enim
2007 3414 2181 3454 meam
2227 3398 2465 3468 percussi
2500 3407 2574 3463 te,
2612 3406 2667 3452 et
2714 3407 2934 3467 propter
2961 3397 3388 3452 misericordiam

1823 3492 1982 3548 dilexi
2022 3500 2093 3545 te.
2129 3491 2195 3545 Et
2223 3491 2536 3562 aperientur
2585 3497 2752 3559 porta:
2785 3501 2890 3543 tua:
2933 3503 3164 3558 semper,
3191 3489 3278 3544 die
3326 3503 3392 3544 ac

1823 3593 1979 3638 nocte
2008 3597 2112 3637 non
2139 3581 2481 3644 claudentur,
2517 3591 2577 3635 ut
2608 3582 2867 3635 inducant
2910 3580 2976 3633 ad
3016 3589 3066 3634 te
3095 3582 3389 3649 potentiam

1825 3674 2086 3746 gentium,
2120 3682 2174 3727 et
2212 3686 2366 3742 reges
2403 3686 2589 3725 earum
2631 3671 2819 3726 duces.
2855 3689 2875 3722 ι
2939 3671 3001 3724 Et
3033 3671 3137 3725 hoc
3175 3686 3234 3726 re
3267 3686 3394 3740 per-

1827 3773 2005 3817 actum
2046 3764 2249 3830 videas,
2279 3764 2324 3818 si
2348 3763 2532 3817 animo
2564 3763 2837 3824 attendas.
2881 3776 2946 3816 ex
2990 3762 3309 3832 alienigenis
3339 3774 3395 3817 et

1826 3855 2095 3910 extraneis
2143 3855 2394 3923 gentibus
2438 3859 2588 3908 viros
2653 3849 2910 3908 Ecclesia:
2964 3853 3054 3906 Dei
3114 3852 3397 3922 prmfectos

1827 3947 1998 4015 ipsam
2013 3945 2255 4000 doctrina
2286 3943 2732 4008 circummunire,
2753 3947 2852 4015 pia?
2872 3944 3145 4013 religionis
3170 3947 3396 3999 verbum

1829 4038 1982 4107 quasi
2004 4047 2158 4107 septo
2195 4047 2250 4091 et
2282 4052 2439 4091 muro
2471 4046 2732 4101 tutantes,
2769 4051 2836 4090 ne
2881 4030 3045 4090 alieni
3082 4036 3246 4090 a~ﬁde
3279 4037 3399 4090 sub-

1831 4135 2041 4196 repant,
2061 4140 2194 4180 neve
2216 4125 2392 4179 locum
2418 4125 2652 4179 habeant
2688 4125 2911 4179 insidias
2937 4133 3126 4178 contra
3151 4123 3400 4177 veritatis

1831 4220 2082 4286 dogmata
2117 4216 2361 4286 parandi.
2427 4215 2791 4270 Romanorum
2831 4218 3030 4284 quippe
3062 4215 3399 4268 exercituum

1833 4308 2122 4378 principes,
2173 4322 2236 4362 ac
2279 4306 2660 4376 imperantium
2715 4320 2900 4375 regum
2947 4315 3122 4360 metus
3168 4305 3404 4358 maxime

1833 4402 2118 4456 conferunt
2168 4399 2234 4452 ad
2267 4397 2640 4468 depellendum
2682 4409 2798 4458 eos,
2858 4396 2949 4463 qui
3006 4395 3260 4450 Ecclesiae
3313 4397 3405 4452 Dei

1765 4521 1806 4576 υ
1839 4491 2063 4544 insidias
2091 4498 2324 4544 struunt.
2372 4487 2548 4543 Porta:
2605 4495 2786 4540 autem
2824 4488 3060 4542 civitatis
3108 4487 3222 4552 Dei,
3255 4502 3406 4556 φησι

1837 4597 1960 4636 nam
1992 4579 2212 4642 fuerint,
2231 4581 2333 4632 nisi
2357 4578 2711 4633 elementares
2736 4578 2839 4632 illa:
2857 4588 2911 4632 et
2942 4577 3178 4632 initiales
3202 4579 3375 4633 doctri

1837 4673 1951 4726 nte?
1981 4671 2145 4727 Nocte
2163 4678 2217 4724 et
2241 4670 2349 4734 die,
2374 4672 2569 4738 inquit,
2598 4670 2848 4724 omnibus
2879 4670 3188 4724 hominibus
3208 4681 3409 4738 apertae

1837 4771 1986 4828 sunt,
2016 4772 2076 4817 ut
2127 4761 2399 4830 excipiant
2429 4775 2522 4815 eos
2577 4777 2643 4816 ex
2683 4762 2936 4816 omnibus
2986 4760 3257 4831 gentibus,
3315 4761 3408 4830 qui

1840 4855 2007 4910 Deum
2043 4853 2220 4910 colere
2251 4855 2303 4908 in
2340 4856 2613 4923 proposito
2642 4853 2863 4908 habent.
2891 4853 3135 4908 Potentia
3170 4854 3410 4922 gentium

1841 4953 1969 4998 sunt
2003 4944 2038 4996 ii
2066 4945 2153 5012 qui
2185 4944 2363 4998 dicere
2391 4945 2596 5006 valent,
2625 4962 2643 4996 ι
2666 4943 2854 4999 Omnia
2885 4957 3101 5013 possum
3134 4943 3186 4996 in
3216 4957 3281 4996 eo
3318 4943 3410 5010 qui

1846 5049 1932 5086 me
1987 5034 2255 5086 confortat
2283 5033 2368 5086 ἰι
2406 5051 2423 5082 ι
2469 5047 2622 5102 reges
2665 5048 2850 5087 earum
2889 5033 2923 5087 ii
2977 5042 3103 5086 sunt
3143 5033 3232 5100 qui
3282 5047 3411 5100 pra:-

1844 5122 2132 5177 Stantiores
2184 5131 2239 5176 et
2280 5109 2486 5177 caelesti
2535 5137 2702 5193 regno
2754 5123 2902 5192 digni
2955 5123 3240 5177 habentur.
3293 5121 3411 5175 Jam

1844 5231 2006 5284 vero,
2063 5231 2185 5271 cum
2249 5231 2506 5286 corporeo
2550 5231 2700 5272 more
2749 5225 3001 5284 acceptos
3046 5213 3412 5268 Romanorum

1843 5305 2196 5376 imperatores
2225 5307 2454 5360 vidimus
2482 5309 2548 5360 ad
2584 5305 2842 5360 ecclesias
2880 5305 2972 5358 Dei
3005 5311 3413 5364 concurrentes,

1845 5404 1899 5449 et
1936 5396 2312 5466 mysteriorum
2342 5410 2462 5465 quae
2500 5395 2640 5449 intra
2662 5393 2857 5462 januas
2884 5402 3216 5465 peraguntur
3245 5391 3416 5459 parti-

1847 5485 2012 5552 cipes,
2051 5487 2320 5555 quomodo
2377 5485 2616 5541 vaticinii
2655 5484 2939 5546 veritatem
2995 5498 3101 5538 non
3154 5480 3416 5538 conﬁtea—

1850 5577 2007 5629 mur?

176 5668 548 5741 αξιουμένους,
585 5664 702 5729 πῶς
737 5667 836 5719 οὐκ
865 5666 1116 5738 ἀλήθειαν
1157 5669 1493 5738 μαρτυρήσει
1529 5667 1606 5737 τῷ
1636 5666 1999 5738 θεσπίσματι;

256 5762 335 5816 ¹ἰ
382 5761 570 5818 Thess.
598 5776 668 5827 tv,
701 5759 786 5814 l6.
860 5761 908 5794 "
927 5760 1238 5822 Psalmuu.
1269 5761 1322 5818 8.

1415 5765 1455 5795 ²ι
1488 5762 1716 5832 Philipp.
1750 5777 1820 5826 Iv,
1854 5763 1932 5816 l5.
