4058 6394
741 373 858 432 ιθε

1421 364 1687 423 EUSEBII
1723 363 2194 421 (LESARIENSIS
2230 362 2378 421 OPP.
2419 361 2605 418 PARS
2635 360 2726 415 Ill.
2763 391 2834 401 —
2869 360 3277 418 EXEGETICA.

3846 368 3961 426 ιθε

819 488 981 545 Vna.
1029 488 1121 552 12,
1150 486 1235 541 l3.
1271 503 1289 537 ι
1316 485 1513 541 Gentes
1561 486 1705 541 enim
1757 494 1814 540 et
1864 500 2037 555 reges,
2069 486 2162 555 qui
2192 485 2259 540 till

2358 533 2363 545 _
2461 501 2482 535 ι
2504 482 2586 536 Τά
2599 482 2708 553 γάρ
2728 483 2856 554 εθνη
2869 483 2962 537 καὶ
2980 484 3028 536 nl
3045 481 3302 553 βασιλεῖς,
3317 483 3508 548 οῐτινες
3525 482 3589 535 οὐ
3611 482 3959 541 δουλεύσουσί

746 596 858 636 non
892 579 1152 642 servient,
1177 577 1458 647 'peribuut,
1514 586 1571 629 et
1605 586 1791 646 gentes
1827 575 2076 629 vastitate
2112 584 2289 629 vasta-

2392 589 2494 637 σοι,
2520 572 2867 637 ἀπολοῦνται,
2901 573 2995 627 καὶ
3029 574 3101 626 τά
3121 572 3250 644 ἔθνη
3275 574 3479 646 ἐρημία
3512 575 3957 649 ἐρημωθήσεται.

744 673 967 725 bantur.
991 668 1057 724 Et
1081 653 1249 737 gloria
1288 665 1479 721 Libani
1525 668 1592 721 ad
1632 677 1687 722 te
1714 666 1911 731 veniet,
1939 666 1992 719 in
2017 667 2259 735 eypariss

2389 664 2497 716 Kal
2518 665 2551 734 ή
2574 663 2699 728 δόξα
2721 664 2817 717 τοῦ
2845 664 3075 718 Διϐάνου
3102 664 3239 735 πρὸς
3271 666 3331 718 σὲ
3358 664 3477 735 ήξει
3515 666 3577 718 ιν
3606 670 3959 741 κυπαρίσσῳ,

735 760 949 828 etpiuu
974 768 1031 815 et
1051 758 1211 813 cedro
1233 756 1412 819 simul,
1439 758 1505 810 ad
1537 756 1935 827 gloriﬁcandum
1962 756 2137 812 locum
2162 772 2287 811 san-

743 860 889 905 ctum
913 865 1107 905 meum.
1148 867 1167 899 ι
1201 847 1335 902 Nam
1387 847 1609 902 salutari
1639 856 1697 901 et
1727 846 2083 916 pulcherrima
2111 847 2285 901 seui-

744 948 860 995 tute
889 939 1087 993 civitati
1121 936 1213 992 Dei
1247 937 1580 992 serviendum
1604 944 1714 1003 est,
1732 936 1978 991 videlicet
2009 936 2284 1001 Ecclesia,

733 1038 798 1083 et
815 1029 926 1098 pia:
954 1027 1216 1096 religioni,
1244 1041 1362 1096 quae
1390 1027 1443 1080 in
1467 1040 1529 1081 ea
1558 1027 1775 1089 colitur,
1805 1026 2178 1094 pulcherrima:
2228 1036 2284 1082 ct

736 1117 1053 1173 celsissima
1076 1114 1267 1172 Libani
1293 1115 1510 1171 arbores
1555 1115 1883 1181 deferentur,
1915 1125 1974 1170 ut
1995 1116 2103 1177 illis
2130 1117 2282 1175 locus

730 1220 955 1267 sanctos
986 1224 1138 1263 meus
1165 1209 1337 1279 gloria
1371 1207 1652 1263 aieiatur.
1670 1207 1828 1262 Tales
1848 1218 2025 1261 autem
2063 1207 2281 1275 fuerint,

726 1298 933 1353 eruditi
960 1299 1060 1352 viri
1090 1312 1156 1352 ex
1186 1297 1453 1365 gentibus,
1482 1297 1745 1367 sapientia
1781 1298 1959 1353 seculi
1988 1298 2145 1367 hujus
2177 1299 2281 1354 im-

740 1389 873 1456 buti,
906 1404 1044 1458 quos
1091 1389 1145 1442 in
1197 1386 1433 1441 Ecclesia
1468 1386 1562 1441 Dei
1592 1386 1866 1457 ﬂorentes,
1895 1404 1959 1445 ac
2014 1390 2281 1445 sermonis

736 1489 993 1549 apparatu
1022 1480 1187 1547 ipsam
1214 1485 1469 1532 ornantes
1499 1478 1861 1546 conspicatus,
1908 1480 2219 1550 neutiquam
2247 1494 2279 1534 a

733 1585 865 1625 vero
895 1571 1131 1634 aberres,
1179 1568 1227 1623 si
1262 1569 1408 1622 dicas
1449 1583 1543 1623 eos
1592 1569 1875 1640 allegorica
1929 1585 2099 1635 more,
2137 1570 2279 1642 ligna

734 1662 946 1725 Libani,
998 1661 1318 1730 eyparissos,
1348 1661 1506 1726 pinus
1544 1671 1601 1715 et
1634 1662 1823 1716 cedrus
1861 1664 2043 1716 vocari
2078 1678 2094 1714 :
2128 1664 2279 1732 queis

732 1753 883 1808 locus
915 1762 1134 1806 sanctus
1162 1752 1257 1806 Dei
1300 1768 1505 1807 necnon
1544 1752 1772 1823 vestigia
1809 1752 2002 1823 pedum
2030 1754 2164 1822 ejus,
2194 1756 2274 1808 vi-

731 1843 911 1899 delicet
944 1841 1205 1909 Ecclesia,
1226 1842 1573 1914 gloriﬁcatur.

796 2105 958 2161 Vens.
993 2104 1082 2159 ﬂ.
1114 2121 1134 2155 ι
1173 2103 1239 2157 Et
1269 2102 1421 2157 ibunt
1461 2101 1529 2155 ad
1562 2110 1615 2157 te
1646 2101 1892 2157 timentes
1929 2101 2021 2155 lilii
2059 2116 2269 2168 eorum,

726 2198 818 2266 qni
859 2206 913 2251 te
941 2195 1376 2257 bumiliaverunt,
1414 2201 1470 2246 et
1498 2193 1844 2247 irritaverunt
1869 2212 1881 2247 :
1908 2202 1963 2248 et
1992 2194 2272 2248 vocaberis

725 2288 921 2341 civitas
953 2284 1108 2349 Sion,
1148 2285 1320 2339 sancti
1340 2281 1542 2338 Israel.
1575 2303 1595 2335 ι
1638 2282 1704 2337 Et
1742 2298 1871 2339 sane
1898 2283 2093 2339 multos
2124 2285 2272 2339 novi-

724 2392 845 2432 mus
876 2391 945 2431 ex
975 2376 1065 2439 iis,
1091 2374 1183 2443 qui
1212 2374 1340 2429 olim
1374 2375 1427 2428 in
1456 2375 1748 2429 Ecclesiam
1779 2374 2088 2444 blasphema
2108 2373 2270 2429 verba

724 2466 1080 2535 protulerunt,
1112 2468 1387 2535 ipsamque
1414 2467 1774 2531 irritaverunt,
1800 2465 1891 2535 qui
1918 2466 2032 2535 jam
2063 2473 2267 2518 mutata

724 2557 1007 2623 sententia,
1039 2556 1204 2612 Deum
1240 2558 1292 2611 iu
1324 2571 1387 2612 ea
1433 2558 1711 2611 adoratum
1739 2564 2023 2611 venerunt.

789 2737 942 2793 Vm
988 2738 1169 2793 15-17.
1215 2755 1237 2789 ι
1272 2738 1409 2804 Quia
1438 2735 1583 2789 fuisti
1629 2732 1903 2795 derelicta.
1935 2741 1990 2787 et
2019 2730 2144 2786 odio
2171 2731 2266 2785 ba-

718 2828 851 2895 bita,
881 2838 938 2883 et
963 2844 1069 2884 non
1101 2839 1221 2884 erat
1248 2830 1340 2897 qui
1386 2828 1760 2882 auxiliaretur.
1800 2824 1869 2878 Et
1896 2837 2090 2893 ponam
2130 2833 2183 2877 te
2210 2821 2265 2877 in

713 2918 1129 2974 exsultationem
1180 2919 1580 2988 sempiternam,
1614 2917 1668 2970 in
1705 2915 1942 2969 laetitiam
1970 2913 2265 2984 generatio-

715 3011 875 3067 nibus
898 3010 1330 3081 geuerationum,
1355 3019 1411 3064 et
1444 3022 1605 3078 suges
1643 3008 1725 3061 lac
1751 3006 2014 3076 gentium,
2047 3012 2104 3059 et
2136 3004 2266 3058 divi-

716 3105 819 3158 tias
838 3118 1021 3173 regum
1052 3102 1319 3157 comedes.
1364 3100 1431 3154 Et
1477 3112 1794 3167 cognosces,
1838 3098 1964 3167 quia
2004 3110 2105 3164 ego
2143 3108 2260 3149 sum

2387 754 2481 808 καὶ
2510 753 2709 827 πεύκη,
2762 754 2859 808 καὶ
2908 753 3081 825 κέδρῳ
3129 754 3268 824 ἅμα,
3300 755 3516 819 δοξάσαι
3554 756 3833 811 τὸντόπσν
3863 762 3963 814 τὸν

2385 845 2543 913 ἀγιόν
2571 862 2693 915 μου.
2736 862 2757 897 ι
2793 844 3083 897 Δουλεῦσαι
3112 846 3221 916 γὰρ
3273 845 3355 899 δεῖ
3396 846 3496 918 τήν
3540 848 3805 919 σωτήριον
3860 851 3961 904 καὶ

2384 932 2674 1002 καλλίστην
2724 933 2968 987 δουλείαν
3004 936 3070 1004 τῇ
3100 932 3195 986 τοῦ
3231 932 3367 986 Θεοῦ
3407 936 3579 1001 πόλει,
3612 936 3756 1003 λέγω
3789 937 3849 990 δὲ
3884 941 3962 1008 τῇ

2398 1024 2709 1094 Ἐκκλησία,
2739 1024 2835 1076 καὶ
2873 1024 2953 1094 τῷ
2989 1026 3048 1078 ὲν
3068 1025 3206 1095 αὐτῇ
3230 1023 3473 1079 θεοσεϐεῖ
3497 1027 3851 1098 πολιτεύματι
3883 1028 3960 1081 τὰ

2382 1113 2642 1168 κάλλιστα
2666 1112 2759 1165 καὶ
2788 1112 3093 1183 ὑψηλότατα
3113 1112 3220 1166 τῶν
3250 1114 3309 1165 ιν
3331 1113 3411 1183 τῷ
3434 1114 3649 1185 Λιϐάνῳ
3677 1116 3823 1185 φυτά
3860 1134 3957 1170 aco-

2384 1204 2720 1275 μισθήσεται,
2770 1205 2852 1266 είς
2897 1204 2959 1257 τὸ
2987 1203 3055 1256 δι’
3081 1203 3260 1257 αὐτῶν
3302 1202 3625 1274 ὼξασθῆναι
3657 1206 3752 1259 τὸν
3782 1206 3959 1260 τόπον

2378 1298 2469 1349 τὸν
2490 1296 2643 1363 ἅγιόν
2664 1311 2786 1365 μου.
2817 1295 3056 1348 Τοιοῦτοι
3085 1295 3131 1347 δ’
3157 1294 3224 1348 ἂν
3244 1289 3353 1347 εἷεν
3375 1294 3427 1348 ol
3455 1294 3514 1361 ἐξ
3540 1294 3711 1349 ἐθνῶν
3736 1296 3954 1366 ἐλλόγι-

2380 1401 2470 1454 μοι
2504 1385 2692 1455 ἀνδρες
2720 1384 2815 1438 καὶ
2834 1384 3023 1453 σοφίας
3046 1384 3142 1438 τοῦ
3164 1384 3361 1448 alim;
3388 1385 3579 1438 τούτου
3607 1387 3953 1458 μετεσχηκό-

2376 1491 2468 1537 τες
2490 1493 2504 1505 ·
2535 1476 2629 1539 οὓς
2645 1478 2704 1528 ὲν
2735 1477 2801 1545 τῇ
2834 1474 3126 1545 Ἐιιδιλησίει⁵
3146 1475 3241 1528 τοῦ
3266 1473 3402 1529 Θεοῦ
3423 1476 3822 1548 διαπρέποντας
3852 1477 3959 1534 ul

2377 1565 2715 1635 κοσμοῦντας
2745 1566 2913 1638 αὐτὴν
2943 1568 3009 1637 τῇ
3042 1565 3136 1619 τοῦ
3156 1566 3314 1635 λόγου
3337 1570 3660 1639 παρασκευῇ
3681 1568 3957 1641 θεασάμε-

2375 1672 2467 1720 νος
2498 1656 2599 1709 οὐκ
2619 1655 2687 1710 ἂν
2714 1656 2979 1728 ἁμάρτοις
2999 1656 3197 1721 αὐτοὺς
3219 1651 3360 1712 εἷναι
3390 1658 3460 1712 τὰ
3490 1657 3621 1724 ξύλα
3651 1659 3749 1715 τοῦ
3785 1661 3957 1717 Λιϐά-

2378 1764 2469 1799 νου
2494 1785 2509 1811 ,
2540 1747 2874 1817 κυπάρισσον
2914 1748 3009 1801 καὶ
3035 1748 3245 1812 πεύκας
3276 1748 3373 1803 καὶ
3404 1750 3649 1822 κόδρους,
3691 1754 3837 1807 κατά
3869 1754 3952 1807 νό-

2300 1838 2342 1892 Β
2372 1854 2470 1907 μον
2508 1837 2836 1909 ἀλληγορίας
2866 1839 3063 1893 εἰπών’
3099 1839 3167 1893 δι’
3213 1832 3289 1894 ὧν
3333 1838 3613 1907 δοξάζεται
3654 1845 3685 1896 ό
3713 1844 3885 1908 τόπος
3921 1846 3955 1898 ό

2372 1927 2525 1997 am
2549 1928 2643 1982 τοῦ
2658 1928 2815 1995 Θεοῦ,
2844 1929 2939 1983 καὶ
2963 1932 2994 1983 ό
3009 1930 3173 1995 τόπος
3195 1930 3303 1985 τῶν
3329 1932 3505 1987 ποδῶν
3526 1934 3713 1999 αὐτοῦ,
3738 1934 3951 2009 δηλαδή

2371 2023 2406 2091 ή
2436 2021 2749 2093 Ἐκκλησία.

2443 2129 2463 2161 ι
2499 2112 2609 2164 Kal
2642 2111 2996 2185 πορεύσονται
3025 2111 3160 2183 πρὸς
3200 2112 3262 2166 σε
3286 2111 3583 2176 δεδοικότες
3611 2113 3719 2168 υίοὶ
3749 2131 3951 2168 ταπει-

2369 2202 2656 2257 νωσάντων
2704 2220 2784 2267 σε,
2824 2204 2921 2257 καὶ
2972 2203 3387 2274 παροξυνάντων
3431 2222 3513 2269 σε,
3561 2207 3656 2258 καὶ
3689 2205 3952 2281 κληθήσῃ

2368 2292 2521 2354 πόλις
2539 2292 2697 2358 Σιὼν,
2740 2291 2897 2361 ἁγίου
2936 2292 3174 2363 Ἰσραήλ.
3210 2310 3229 2343 ι
3258 2293 3371 2346 Kal
3404 2292 3577 2355 άλλως
3602 2292 3660 2346 δὲ
3693 2293 3803 2346 τῶν
3832 2294 3950 2348 πά·-

2367 2380 2456 2434 λαι
2481 2381 2984 2453 βλασφημησάντων
3027 2380 3124 2452 τὴν
3174 2381 3516 2452 Ἐκκλησίαν,
3565 2382 3660 2435 καὶ
3698 2382 3950 2453 παροξυ-

2367 2471 2571 2526 νάντων
2610 2472 2801 2541 αὐτήν,
2840 2470 2937 2524 καὶ
2973 2466 3296 2535 διωξάντων,
3330 2469 3557 2534 πολλοὺς
3591 2471 3751 2541 ῐσμεν
3777 2489 3946 2543 μεταμ-

2368 2561 2649 2625 ϐαλόντας,
2687 2563 2781 2614 καὶ
2813 2560 2906 2614 ἐπὶ
2940 2560 3001 2614 τὺ
3038 2562 3359 2632 προσκυνεῖν
3403 2561 3493 2615 τὸν
3532 2563 3592 2617 ὲν
3623 2562 3763 2635 αὐτῇ
3798 2562 3946 2618 Θεὸν

2368 2653 2710 2724 ἐληλυθότας.
3588 2722 3589 2725 η

2440 2759 2461 2793 ι
2488 2741 2586 2795 Διά
2606 2742 2667 2795 τὺ
2686 2741 3007 2813 γεγενῆσθαί
3032 2760 3092 2797 σε
3112 2742 3699 2814 ὲγκαταλελειμμένην,
3723 2743 3819 2797 καὶ
3842 2760 3946 2817 μι-

2366 2834 2689 2905 μισημένην,
2710 2833 2806 2887 καὶ
2840 2836 2937 2887 οὐκ
2954 2830 3022 2906 ἦν
3045 2837 3075 2887 ό
3104 2833 3330 2905 βοηθῶν.
3356 2836 3466 2888 Kal
3496 2834 3646 2905 θήσω
3674 2851 3736 2888 σε
3764 2836 3943 2904 ἀγαλ-

2363 2918 2533 2988 λίαμα
2569 2918 2805 2983 αἰώνιον,
2842 2919 3176 2991 εὐφροσύνην
3205 2921 3404 2989 γενεῶν
3434 2925 3668 2991 γενεαῖς,
3704 2923 3803 2977 καὶ
3836 2924 3940 2995 θη-

2364 3006 2547 3072 λάσεις
2572 3009 2713 3077 γάλα
2750 3009 2938 3074 ἐθνῶν,
2979 3011 3073 3063 καὶ
3115 3010 3341 3064 πλοῦτον
3373 3012 3633 3081 βασιλέων
3665 3013 3932 3082 φάγεσαι.

2365 3096 2476 3148 Kal
2506 3096 2709 3169 γνώσῃ,
2746 3097 2828 3149 ὃτι
2870 3095 2981 3165 ἐγὼ
3012 3096 3215 3168 Κύριος
3252 3100 3283 3151 ό
3314 3098 3501 3163 σώζων
3526 3116 3609 3162 σε,
3652 3101 3746 3152 καὶ
3779 3100 3935 3165 ἐξαι-

714 3170 994 3259 Dominus,
1016 3194 1107 3263 qui
1135 3192 1338 3247 salvum
1382 3201 1434 3245 te
1466 3191 1627 3252 iacio.
1658 3199 1715 3245 et
1750 3189 1841 3258 qui
1881 3202 2013 3243 eruo
2043 3196 2093 3241 te
2121 3185 2259 3239 Deus

2362 3186 2616 3257 ρούμενός
2636 3203 2696 3239 σε
2725 3186 2856 3249 Θεὸς
2901 3187 3135 3258 Ἰσραήλ.
3164 3188 3272 3240 Καὶ
3296 3188 3417 3242 άντὶ
3446 3188 3645 3258 χαλκοῦ
3685 3190 3821 3243 olm
3844 3208 3933 3243 σοι

713 3286 898 3343 Israel.
926 3287 994 3340 Et
1020 3299 1117 3353 pro
1141 3298 1248 3337 aere
1276 3280 1493 3335 aderam
1553 3280 1648 3333 tibi
1706 3294 1893 3333 aurum
1928 3296 1947 3335 :
1976 3291 2074 3347 pro
2114 3277 2258 3330 ferro

712 3387 890 3430 autem
912 3374 1128 3427 aderam
1160 3373 1252 3426 tibi
1287 3379 1586 3441 argentum,
1611 3385 1707 3438 pro
1737 3368 1895 3437 lignis
1915 3366 2136 3421 aderam
2159 3365 2253 3420 tibi

707 3482 803 3531 aes,
829 3475 887 3520 et
914 3480 1013 3533 pro
1033 3461 1296 3531 lapidibus
1332 3462 1554 3515 ferrum.
1576 3460 1643 3514 Et
1667 3460 1807 3515 dabo
1833 3458 2103 3529 principes
2135 3466 2254 3510 tuos

704 3560 764 3610 in
806 3570 955 3623 pace,
992 3562 1047 3608 et
1082 3555 1361 3622 episcopos
1406 3562 1524 3606 tuos
1566 3552 1618 3603 in
1655 3549 1883 3619 iustitia.
1918 3568 1938 3600 ι
1971 3548 2083 3603 Hoc
2122 3562 2253 3603 vero

704 3648 834 3716 quid
866 3647 1050 3708 luerit,
1080 3646 1183 3699 nisi
1215 3660 1408 3699 novum
1453 3645 1761 3715 mysterium
1806 3641 2131 3711 evangelica:
2158 3642 2252 3695 do-

704 3739 911 3801 ctrina,
932 3746 986 3791 et
1004 3736 1349 3791 elementaris
1369 3734 1457 3789 illa
1484 3734 1615 3787 Novi
1634 3733 1960 3789 Testamenti
1983 3732 2249 3799 doctrina,

704 3828 857 3896 cujus
882 3836 1158 3882 consortes
1185 3835 1310 3880 sunt
1336 3826 1369 3879 ii
1394 3827 1485 3894 qui
1516 3825 1569 3878 in
1598 3824 1811 3879 Christo
1844 3831 2247 3893 regenerantur,

701 3917 795 3983 qui
828 3914 1017 3983 seipsis
1052 3915 1299 3968 meliores
1342 3914 1505 3968 futuri
1551 3926 1695 3981 sunt,
1745 3928 1811 3968 ae
1852 3913 1943 3967 Dei
1969 3920 2250 3966 structura:

704 4005 966 4063 utiliores.
1003 4004 1449 4071 quemadmodum
1486 4014 1541 4059 et
1593 4005 1775 4073 primi,
1812 4006 1903 4074 qui
1932 4019 2031 4073 pro
2061 4018 2167 4058 are
2192 4011 2248 4057 et

702 4092 846 4146 ferro
879 4107 1069 4145 aurum
1100 4101 1154 4146 et
1181 4100 1459 4160 argentum
1504 4092 1557 4146 in
1606 4094 2072 4147 commutationem
2108 4091 2246 4145 obti~

703 4183 972 4237 nuerunt?

771 4318 928 4373 Vens.
961 4318 1048 4373 {8.
1084 4337 1104 4369 ι
1148 4318 1214 4372 Et
1248 4334 1352 4373 non
1390 4319 1637 4373 audietur
1674 4318 1846 4374 adhuc
1879 4317 2136 4387 iniustitia
2189 4319 2242 4373 in

700 4420 843 4462 terra
880 4419 988 4471 tua,
1006 4422 1177 4477 neque
1201 4408 1473 4471 contritio,
1515 4423 1689 4480 neque
1720 4410 1933 4464 miseria
1969 4410 2021 4464 in
2048 4408 2241 4464 ﬁnibus

2356 3278 2595 3347 χρυσίον,
2620 3278 2713 3331 καὶ
2733 3278 2855 3331 ἀντὶ
2878 3278 3093 3349 σιδήρου
3120 3277 3254 3331 οἴσω
3276 3297 3358 3332 σοι
3380 3280 3641 3351 ἀργύριον
3663 3296 3679 3310 ·
3714 3281 3841 3333 ἀντὶ
3873 3282 3935 3335 δὲ

2355 3366 2523 3431 ξύλων
2564 3369 2696 3422 οίσω
2728 3385 2809 3421 σοι
2834 3369 3050 3440 χαλκδν,
3085 3371 3206 3424 ἀντὶ
3244 3371 3301 3424 δὲ
3327 3371 3510 3438 λίθων,
3540 3373 3781 3444 σίδηρον.
3814 3373 3933 3427 Kal

2350 3458 2505 3511 δώσω
2534 3460 2659 3522 τοὺς
2688 3461 2953 3531 ἄρχοντάς
2983 3479 3076 3516 σου
3095 3464 3154 3516 ὲν
3178 3464 3395 3536 εἰρήνῃ,
3422 3464 3517 3516 καὶ
3541 3464 3667 3527 τοὺς
3696 3464 3899 3517 ὲπισκό
3922 3496 3925 3497 ν

2351 3564 2485 3612 πους
2518 3566 2611 3601 σου
2642 3551 2700 3601 ὲν
2727 3550 3058 3623 δικαιοσύνῃ.
3095 3572 3114 3605 ι
3155 3554 3324 3606 Τοῦτο
3350 3554 3407 3606 δὲ
3434 3554 3488 3607 τί
3511 3554 3628 3607 ποτ’
3659 3554 3727 3607 ἂν
3758 3553 3849 3625 εἴη
3878 3558 3929 3610 εί

2354 3638 2429 3710 μὴ
2479 3640 2540 3692 τὸ
2571 3642 2755 3695 καινὸν
2786 3643 3078 3713 μυστήριον
3119 3645 3219 3714 τῆς
3259 3644 3618 3716 εὐαγγελικῆς
3661 3645 3926 3701 διδασκα-

2350 3727 2487 3790 λίας,
2523 3730 2616 3781 καὶ
2654 3731 2688 3799 ή
2734 3730 3075 3803 στοιχειώδης
3103 3732 3417 3787 διδασκαλία
3444 3734 3545 3803 τῆς
3565 3736 3778 3806 Καινῆς
3802 3739 3926 3791 Δια-

2349 3823 2538 3894 θήκης,
2563 3819 2632 3895 ἦς
2666 3823 2978 3894 μετέχουσιν
3011 3828 3059 3879 οἱ
3098 3828 3158 3879 ὲν
3202 3828 3419 3899 Χριστῷ
3459 3828 3925 3899 ἀναγεννώμενοι,

2350 3913 2586 3983 βελτίους
2622 3915 2719 3985 μὲν
2759 3915 2967 3969 ἑαυτῶν
3006 3919 3355 3989 γενησόμενοι
3387 3920 3480 3974 καὶ
3508 3920 3922 3995 χρησιμώτεροι

2344 4008 2410 4075 τῇ
2455 4004 2548 4057 τοῦ
2591 4003 2725 4058 Θεοῦ
2769 4006 3021 4065 οἱκοδοιιῆ
3056 4008 3199 4061 κατά
3222 4010 3347 4073 τοὺς
3384 4009 3655 4079 πρώτους,
3699 4012 3751 4064 οἶ
3794 4013 3921 4066 ἀντὶ

2344 4098 2543 4166 χαλκοῦ
2570 4099 2662 4151 καὶ
2686 4098 2903 4170 σιδήρου
2928 4100 3131 4171 χρυσοῦ
3155 4118 3214 4155 τε
3240 4102 3334 4187 καὶ
3355 4102 3595 4174 ἀργύρου
3624 4104 3793 4176 τιμὴν
3822 4106 3918 4161 ἀν-

2342 4189 2795 4260 τικατηλλάξαντο
2812 4206 2828 4255 ;

2418 4343 2437 4374 ι
2474 4325 2582 4377 Καὶ
2620 4324 2719 4378 οὐκ
2742 4324 3134 4397 ἀκουσθήσεται
3168 4325 3251 4379 ἔτι
3276 4324 3461 4380 ἀδικία
3498 4327 3557 4380 ὲν
3588 4329 3653 4398 τῇ
3686 4330 3760 4399 γῇ
3789 4345 3910 4391 σου,

2340 4414 2461 4467 οὐδὲ
2484 4414 2810 4486 σύντριμμα,
2828 4415 2947 4468 οὐδὲ
2974 4415 3313 4487 ταλαιπωρία
3342 4417 3402 4469 ὲν
3431 4418 3545 4480 τοίς
3574 4416 3745 4487 όρίοις
3776 4433 3873 4470 σου
3892 4433 3908 4448 ·

698 4500 841 4553 tuis:
870 4498 963 4553 sed
1004 4499 1334 4553 vocabuntur
1365 4500 1613 4555 Salutare
1662 4500 1803 4554 muri
1839 4500 1937 4566 tui,
1970 4509 2027 4555 et
2064 4510 2237 4569 porta:

2358 4506 2471 4561 ἱλλά
2503 4507 2827 4579 κληθήσεται
2855 4509 3125 4580 Σωτήρων
3155 4506 3229 4561 τά
3246 4508 3398 4578 τείχη
3425 4525 3543 4575 σου,
3576 4508 3671 4562 καὶ
3714 4510 3774 4561 al
3807 4510 3913 4563 πύ-

697 4598 821 4652 ιιιιε,
856 4590 1142 4657 sculptura.
1176 4609 1197 4642 ι
1244 4590 1346 4646 Pro
1385 4592 1496 4655 illo,
1538 4609 1559 4641 ι
1604 4590 1873 4658 Salutare,
1918 4611 1939 4644 ι
1974 4592 2235 4649 Hebraica

695 4678 981 4745 scriptura,
1020 4696 1039 4729 ι
1062 4677 1243 4732 Iesum
1287 4698 1307 4730 ι
1341 4681 1575 4749 ρηῐοτι,
1636 4682 1922 4751 ipsissimis
1953 4683 2236 4738 elementis

692 4778 749 4821 et
781 4766 1201 4831 cbaracteribus.
1227 4770 1383 4839 queis
1420 4771 1534 4839 ipse
1563 4768 1815 4827 Salvator
1837 4771 2128 4835 scribitur;
2160 4773 2233 4826 ita

688 4868 750 4913 ut
777 4858 895 4928 ipsa
924 4859 1090 4915 virtus
1120 4858 1417 4915 Salvatoris
1448 4862 1617 4915 nostri
1668 4860 1827 4930 Iesu,
1871 4879 1971 4934 pro
2002 4875 2156 4935 septo
2179 4875 2235 4923 et

686 4967 841 5008 muro
858 4952 1022 5009 ﬁrmo
1052 4954 1119 5009 iis
1149 4955 1239 5025 qui
1276 4954 1387 5011 Deo
1410 4955 1555 5024 digni
1589 4958 1804 5027 fuerint,
1827 4960 2005 5016 futura
2036 4963 2128 5016 sit.

757 5176 922 5231 Vens.
954 5177 1041 5232 i9.
1069 5197 1093 5229 ι
1123 5178 1191 5232 Et
1223 5194 1327 5233 non
1354 5179 1459 5233 erit
1485 5178 1578 5232 tibi
1598 5177 1939 5249 amplius,sol
1965 5180 2019 5234 in
2055 5177 2229 5232 lucem

681 5266 810 5331 diei,
842 5282 1017 5335 neque
1054 5277 1205 5323 ortus
1232 5268 1369 5324 lunae
1414 5269 1736 5324 illuminabit
1777 5280 1987 5327 noctem
2042 5280 2225 5325 tuam:

681 5356 774 5410 sed
820 5358 925 5413 erit
953 5357 1045 5412 tibi
1080 5358 1331 5415 Dominus
1359 5360 1449 5415 lux
1477 5361 1822 5429 sempiterna,
1845 5372 1900 5416 et
1929 5362 2091 5429 Deus,
2126 5361 2233 5432 glo-

683 5446 762 5499 ria
789 5455 901 5502 tna.
940 5467 960 5499 ι
995 5449 1099 5503 Sed
1138 5449 1385 5505 columna
1422 5450 1667 5519 quaedam
1714 5450 1909 5507 divinae
1962 5453 2099 5508 lucis
2130 5455 2233 5507 erit

685 5538 1050 5607 resplendens,
1073 5540 1279 5596 scilicet
1298 5557 1495 5611 corpus
1520 5557 1822 5611 resurgens,
1853 5546 1998 5614 quod
2033 5546 2232 5600 dicitur

2338 4596 2446 4662 λαι,
2470 4599 2713 4670 γλύμμα.
2745 4618 2765 4651 ι
2803 4599 2947 4653 ’Δντὶ
2970 4599 3028 4653 δὲ
3052 4598 3169 4663 τοῦ,
3197 4619 3217 4651 ι
3245 4600 3541 4671 Σωτηρίου,
3570 4619 3591 4653 ι
3614 4602 3650 4673 ή
3687 4602 3900 4676 Ἰζϐραῖ⁹

2337 4689 2406 4761 κὴ
2428 4684 2727 4759 ἀνάγνωσις
2750 4690 2841 4743 τὸν
2860 4709 2881 4742 ι
2904 4691 3112 4762 Ἰησοῦν
3132 4710 3151 4742 ι
3170 4690 3331 4744 αὐτόν
3352 4708 3413 4745 τε
3442 4693 3686 4764 περιέχει
3706 4696 3898 4760 αὐτοῖς

2337 4781 2613 4852 στοιχείοις
2631 4783 2725 4834 καὶ
2746 4782 3137 4853 χαρακτῆρσιν,
3159 4781 3293 4845 οἵοις
3322 4784 3353 4835 ό
3375 4783 3563 4854 Σωτὴρ
3589 4785 3623 4853 ή
3631 4785 3750 4855 μῶν
3772 4788 3905 4842 ἀνα.

2332 4873 2626 4944 γράφεταιο
2670 4872 2747 4936 ὡς
2771 4873 2871 4943 τὴν
2900 4871 3065 4925 αὐτοῦ
3085 4872 3309 4943 δύναμιν
3336 4874 3431 4926 τοῦ
3461 4875 3713 4945 Σωτῆρος
3741 4878 3905 4949 ἡμῶν

2347 4963 2519 5035 Ἰησοῦ
2541 4964 2662 5017 ἀντὶ
2681 4962 2963 5033 περιϐόλου
2990 4964 3084 5017 καὶ
3106 4965 3317 5035 τείχους
3345 4966 3571 5037 στερροῦ
3594 4968 3709 5030 τοῖς
3725 4967 3903 5034 ἀξίοις

2334 5054 2426 5108 τοῦ
2454 5052 2589 5107 Θεοῦ
2611 5052 2880 5122 γενέσθαι.

2406 5207 2426 5239 ι
2460 5190 2572 5243 Καὶ
2600 5188 2699 5241 οὐκ
2724 5187 2876 5241 ἔσται
2913 5188 2991 5243 ἔτι
3031 5206 3113 5243 σοι
3141 5192 3172 5243 ό
3209 5190 3360 5261 ἥλιος
3392 5192 3473 5255 είς
3505 5190 3621 5260 φῶς
3656 5193 3898 5266 ἡμέρας,

2331 5280 2449 5334 οὐδὲ
2480 5280 2710 5351 ἀνατολὴ
2764 5281 2987 5352 σελήνης
3038 5284 3229 5351 φωτιεϊ
3280 5299 3373 5334 σου
3410 5282 3510 5353 τὴν
3535 5282 3704 5337 νύκτα
3721 5300 3735 5315 ·
3780 5286 3898 5338 ἀλλ’

2331 5370 2479 5424 ἔσται
2504 5389 2586 5423 σοι
2610 5371 2809 5441 Κύριος
2830 5372 2945 5440 φῶς
2971 5372 3207 5440 αἰώνιον,
3233 5373 3370 5426 καὶὸ
3392 5373 3543 5437 Θεὸς,
3560 5373 3687 5437 δόξα
3719 5392 3839 5430 σου.
3871 5394 3892 5428 s

2325 5461 2499 5532 Στήλη
2521 5462 2578 5515 δέ
2608 5479 2691 5522 τις
2717 5463 2868 5517 ἔσται
2892 5464 3007 5533 φῶς
3028 5464 3490 5537 ἀπαστράπτουσα
3514 5466 3677 5530 θεῖον,
3702 5466 3765 5518 τὸ
3798 5468 3893 5519 σῶ-

2326 5569 2403 5621 μα
2426 5554 2526 5623 τῆς
2553 5554 2915 5621 ἀναστάσεως,
2940 5558 3001 5609 τὸ
3028 5557 3315 5629 λεγόμενον
3345 5558 3557 5627 ἱμάτιον
3588 5560 3885 5630 Σωτηρίου.

684 5629 1054 5684 vestimentum
1076 5630 1357 5687 Salutaris.
1388 5630 1501 5687 Non
1530 5633 1673 5687 enim
1697 5633 1832 5688 ultra
1862 5650 2061 5705 corpus
2083 5650 2230 5689 mor-

2358 5644 2517 5697 lt'ncéct
2542 5645 2650 5715 γὰρ
2678 5644 2905 5700 θανάτου
2936 5647 3115 5718 σῶμα,
3140 5645 3252 5701 οἷον
3289 5648 3319 5699 ὁ
3353 5648 3560 5711 Παῦλος
3586 5629 3775 5719 ἐδήλου
3803 5650 3887 5703 λέ-

688 5722 755 5775 tis
786 5720 909 5788 erit,
936 5722 1091 5791 quale
1124 5721 1322 5781 Paulus
1352 5724 1658 5782 declarabat
1700 5725 1783 5782 bis
1808 5726 2009 5794 verbis,
2051 5746 2070 5779 ι
2096 5726 2226 5793 Quis

2322 5751 2433 5801 γων
2452 5752 2466 5767 -
2502 5753 2522 5786 ι
2554 5735 2650 5798 Τίς
2678 5752 2744 5806 με
2774 5736 2995 5807 ῥύσεται
3029 5740 3094 5793 ὲκ
3124 5737 3219 5793 τοῦ
3249 5736 3495 5808 σώματος
3532 5736 3626 5790 τοῦ
3656 5736 3884 5796 θανάτου
