4058 6414
171 400 275 455 ιθτ

1122 384 1620 448 mxumum
1657 385 1724 441 IN
1762 380 2019 440 ISAIAII.
2054 410 2124 421 -—
2160 378 2317 435 CAP.
2354 378 2513 434 L1H.

3310 372 3418 427 498

177 516 393 581 τούτους
430 534 450 566 ι
478 514 630 570 ἔσται
674 513 895 567 κάκεῖνο
930 513 1211 583 σωτήριον.
1242 508 1515 580 Επήριον
1539 509 1597 562 δὲ
1623 508 1729 580 me

1849 520 1935 560 me
1962 504 2213 562 liberabit
2242 503 2311 558 de
2334 513 2566 571 corpore
2598 496 2788 554 mortis
2825 496 2985 564 hujus
3006 495 3088 547 “2
3120 513 3141 547 ι
3183 491 3281 549 sed
3307 495 3417 548 erit

172 625 285 661 τιον
324 608 393 677 τῇ
429 604 573 677 ψυχῇ
601 603 976 675 περιθήσεται,
1014 602 1108 657 καὶ
1131 600 1336 672 χιτῶνα
1368 599 1735 671 εὐφροσύνηςο

170 702 401 762 ἕκαστος
453 696 563 768 7&9
615 698 734 760 ταῖς
791 694 986 749 ἑαυτοῦ
1042 693 1274 767 πράξεσι
1315 694 1435 756 ταῖς
1472 690 1614 745 κατὰ
1658 692 1742 745 δι-

170 790 468 860 καιοσύνην
497 786 913 859 πεπραγμέναις
958 786 1049 842 τὸν
1106 782 1300 838 ἑαυτοῦ
1342 782 1545 854 κόσμον
1591 779 1742 834 ἐνδύ-

168 897 347 935 σεται.

244 991 266 1022 ε
304 972 381 1025 υύ
404 969 515 1043 7&9
544 967 761 1023 δύσεταί
782 969 911 1023 σοιό
932 966 1083 1039 ἥλιός
1107 984 1211 1033 σοι,
1240 966 1335 1022 xal
1363 968 1399 1037 ή
1433 964 1630 1038 σελήνη
1658 980 1742 1016 σοι

165 1057 273 1111 οὐκ
304 1056 542 1127 ἐκλείψει
564 1072 581 1088 ο
640 1055 794 1111 ἔσται
840 1056 949 1127 γάρ
993 1072 1075 1109 σοι
1116 1057 1323 1129 Κύριος
1356 1056 1471 1126 φῶς
1503 1052 1739 1119 αἰώνιον,

168 1149 269 1201 καὶ⁵
301 1146 854 1219 άναπληρωθήσονται
899 1146 957 1200 al
1001 1146 1206 1219 ἡμέραι
1244 1146 1339 1201 τοῦ
1366 1146 1592 1209 πένθους
1623 1161 1738 1197 σου.

168 1238 284 1290 Kal
321 1236 353 1289 ὁ
392 1235 518 1299 λαός
552 1252 645 1290 σου
669 1236 778 1298 πῶς
802 1234 1030 1301 δίκαιος,
1066 1234 1136 1289 δι’
1169 1234 1364 1299 αἰῶνος
1406 1234 1744 1305 κληρονομή-

170 1342 328 1380 σουσι
358 1326 459 1397 τὴν
484 1326 608 1397 γῆν,
656 1324 945 1396 φυλάσσων
987 1325 1049 1379 τὸ
1088 1325 1339 1396 φύτευμα
1380 1324 1518 1397 ἔργα
1546 1322 1743 1395 χειρῶν

166 1415 338 1470 αὐτοῦ
369 1418 449 1481 εἰς
470 1416 647 1484 δόξαν.
688 1416 747 1471 '0
773 1414 1047 1484 ὀλιγοστὸς
1076 1414 1231 1469 ἔσται
1256 1417 1337 1479 είς
1353 1414 1617 1485 χιλιάδας,
1647 1415 1742 1467 καὶ

162 1512 197 1562 ὁ
225 1508 528 1579 ἐλάχιστος,
562 1508 644 1571 είς
670 1506 824 1571 ἔθνος
858 1507 1019 1578 μέγα.
1062 1505 1202 1576 Ἐγὼ
1226 1506 1430 1578 Κύριος
1459 1505 1599 1560 κατὰ
1624 1523 1743 1560 και-

168 1600 267 1669 ρδν
288 1597 500 1664 συνάξω
530 1598 746 1662 αὐτούς.

674 1690 1071 1744 ΚΕΦΑΛΔΙΟΝ
1129 1687 1249 1742 ΞΜ.

244 1796 266 1829 σ
306 1776 532 1848 Πνεῦμα
578 1778 785 1850 Κυρίου
814 1778 901 1832 ἐπ’
936 1780 1059 1851 ἐμὲ,
1101 1771 1166 1833 οὗ
1203 1777 1411 1832 εἵνεκεν
1439 1775 1621 1849 ἔχρισε
1644 1794 1735 1848 με,

160 1865 619 1937 εὐαγγελίσασθαι
649 1870 883 1939 πτωχοῖς
903 1868 1209 1923 ἀπέσταλκε
1458 1887 1481 1920 ι

685 1960 1081 2014 ΚΕΦΔΔΔΙΟΝ
1110 1959 1229 2014 ΞΗ.

242 2064 264 2098 ι
305 2048 405 2102 Διὰ
437 2049 574 2104 Σιὼν
618 2050 679 2104 οὐ
712 2052 1081 2122 σιωπήσομαι,
1129 2052 1223 2105 καὶ
1253 2050 1344 2105 διὰ
1385 2050 1735 2122 Ἰερουσαλὴμ

158 2139 270 2191 οὐκ
298 2140 505 2209 ἀνήσω,
532 2141 637 2206 ἕως
659 2141 728 2196 άν
755 2142 947 2217 ἐξέλθῃ
971 2142 1048 2207 ὡς
1073 2142 1189 2213 φῶς
1220 2145 1255 2215 ἠ
1290 2144 1601 2213 δικαιοσύνη
1638 2144 1730 2197 αὐ-

160 2228 268 2300 τῆς
290 2247 305 2260 ‘
362 2230 424 2284 τδ
454 2232 511 2286 δὲ
554 2233 828 2307 Σωτήριόν
878 2252 980 2307 μου
1012 2235 1087 2300 ὡς
1127 2235 1347 2307 λαμπάς
1379 2236 1731 2308 καυθήσεται.

165 2321 285 2375 Kal
314 2321 533 2391 ὄψονται
557 2323 629 2379 τά
657 2325 785 2398 ἔθνη
810 2324 908 2397 τὴν
931 2326 1275 2399 δικαιοσύνην
1310 2344 1424 2394 σου,
1455 2328 1550 2382 καὶ
1579 2328 1731 2399 βασι-

160 2410 300 2477 λεῖς,
330 2412 430 2485 τήν
464 2413 621 2480 δόξαν
656 2433 770 2470 σου.
801 2416 911 2470 Kal
931 2417 1145 2471 καλέσει
1174 2435 1234 2473 σε
1253 2418 1314 2472 τὸ
1334 2420 1502 2490 ὄνομα
1525 2420 1586 2473 τὺ
1610 2438 1733 2473 και-

159 2504 279 2568 νὸν,
334 2504 364 2557 δ
392 2508 423 2559 ὁ
451 2506 655 2577 Κύριος
698 2508 950 2579 ὀνομάσει
988 2509 1138 2564 αὐτό.
1180 2510 1291 2565 Kal
1332 2510 1430 2583 ἔσῃ
1477 2512 1733 2581 στέφανος

161 2597 393 2673 κάλλους
421 2599 481 2651 ὲν
514 2599 658 2671 χειρὶ
693 2599 923 2671 Κυρίου,
968 2601 1063 2653 καὶ⁵
1097 2600 1333 2673 διάδημα
1371 2600 1646 2671 βασιλείας
1675 2606 1733 2657 ἐν

156 2690 309 2762 χειρὶ
364 2689 501 2743 Θεοῦ
548 2707 661 2746 σου.
703 2710 724 2744 ι
770 2692 865 2746 Ὃν
913 2691 1246 2764 ἀπολήψεται
1290 2695 1409 2748 τότε
1459 2694 1691 2763 λέγουσα
1714 2713 1728 2727 ·

162 2798 187 2831 ε
225 2780 331 2835 TW
364 2781 527 2835 καλὸν
546 2781 857 2855 ἠγώνισμαι
884 2783 1091 2853 ἀγῶνα,
1116 2784 1209 2837 τὸν
1226 2785 1425 2857 δρόμον
1451 2788 1720 2845 τετέλεκα,

155 2871 263 2942 τὴν
290 2872 473 2926 πίστιν
499 2874 778 2945 τετήρηκα
797 2892 813 2906 ·
841 2875 1023 2931 λοιπὸν
1046 2878 1332 2933 ἀπόκειταί
1371 2882 1509 2951 μοιό
1536 2882 1635 2950 τῆς
1656 2882 1731 2934 δι-

154 2962 456 3035 καιοσύνης
478 2965 758 3035 στέφανος.
797 2985 818 3020 ι
859 2967 926 3022 Ἦ
960 2968 1020 3023 δὲ
1052 2969 1212 3043 αὐτὴ,
1246 2970 1433 3043 νύμφη
1479 2990 1565 3037 τις
1595 2970 1729 3030 οὖσα

154 3053 255 3108 1τοῦ
286 3055 517 3126 νυμφίου
537 3056 711 3127 Λόγου
739 3057 923 3113 καὶτὰ
944 3062 1072 3133 παρ’
1103 3062 1268 3117 αὐτοῦ
1290 3064 1579 3135 σπέρματα
1602 3067 1729 3121 ὐπο-

154 3145 449 3217 δεξαμένη,
485 3150 729 3220 καρποὺς
754 3150 987 3223 ὡραίους
1019 3154 1114 3207 καὶ
1149 3154 1394 3220 εὐανθεῖς
1416 3156 1724 3214 ἀποδίδωσι.

158 3202 333 3290 niti»
357 3202 725 3293 δι”κάνὲαῠθα
763 3202 827 3294 .5;
1130 3202 1727 3317 @éLL‘ZJIaIi;
1754 3202 1798 3260 θ

156 3327 417 3391 συνεστὸς
457 3328 609 3399 ταρὰ
651 3328 925 3396 Ἰουδαίοις
967 3334 1139 3405 δηλοῖ.
1189 3337 1462 3407 Στέφανος
1503 3340 1611 3411 7&9
1651 3342 1728 3407 ὡς

154 3416 379 3486 άληθῶς
420 3417 655 3490 Χριστοῦ
710 3422 911 3488 πάντες
942 3423 993 3475 oi
1028 3424 1098 3477 δι’
1130 3424 1295 3480 αὐτοῦ
1340 3430 1727 3501 κατορθοῦντες

154 3505 643 3617 τυῖχάνουσι,,καέ
1220 3516 1329 3569 είσὶ
1354 3519 1454 3589 τῆς
1480 3520 1650 3574 αὐτοῦ
1677 3524 1726 3576 oi

154 3777 276 3849 Υίῷ
300 3778 630 3852 περιτίθησι,
664 3784 944 3853 στεφανῶν
976 3784 1140 3840 αὐτὸν
1169 3787 1265 3841 καὶ
1298 3789 1588 3862 διαδήματι
1631 3793 1728 3863 βα-

153 3873 352 3945 σιλικῷ
377 3876 553 3946 τιμῶν
578 3875 641 3929 τὸ
672 3876 875 3950 πλῆθος
901 3878 1011 3934 τῶν
1039 3880 1107 3935 δι’
1132 3881 1300 3936 αὐτοῦ
1329 3886 1425 3938 καὶ
1446 3886 1539 3940 ὐπ’
1558 3887 1724 3942 αὐτοῦ

153 3968 536 4040 σεσωσμένων.

230 4079 254 4113 ι
294 4062 405 4116 Καὶ
432 4062 649 4119 καλεσει
680 4083 742 4121 σε
764 4066 935 4139 ὄνομα
962 4067 1168 4135 καινὸν,
1192 4067 1223 4123 δ
1242 4070 1273 4124 ὁ
1298 4071 1504 4143 Κύριος
1529 4074 1726 4147 ὀνομά-

150 4168 237 4207 ast
262 4151 432 4205 αὐτόσ
466 4171 488 4206 ι
521 4155 784 4224 τουτέστι,
812 4156 955 4212 κατὰ
977 4156 1041 4211 τὸ
1061 4156 1272 4229 θέλημα
1298 4160 1362 4214 τὸ
1381 4162 1513 4234 ἐμὸν
1529 4163 1725 4237 ἀνομα-

151 4242 439 4314 σθήσεται.

226 4350 248 4384 ι
283 4334 397 4388 Kal
432 4334 615 4389 οὐκέτι
656 4336 906 4413 κληθήσῃ
928 4340 1420 4416 καταλελειμμένῃ,
1444 4345 1539 4399 καὶ
1571 4346 1606 4417 ἠ
1648 4346 1722 4419 γῆ

148 4439 253 4477 σου
282 4424 344 4477 οὐ
372 4423 702 4497 κληθήσεται
739 4427 821 4482 ἔτι
846 4429 1081 4503 ἔρημοςθ
1117 4434 1202 4487 σοὶ
1231 4434 1342 4507 7&9
1368 4434 1720 4508 κληθήσεται,

1840 603 1897 654 et
1915 597 2043 653 illud
2070 596 2322 651 salutare.
2356 592 2602 647 Salutare
2622 604 2785 661 porro
2808 588 3190 644 vestimentum
3219 585 3421 639 anima-

1841 691 2297 758 circumponetur,
2330 694 2387 740 et
2417 684 2599 739 tunica
2623 681 2855 737 laetitia:
2877 678 3073 751 singuli
3103 678 3248 733 enim
3282 690 3413 746 ope-

1843 784 1995 837 ribus
2012 782 2129 837 suis
2163 794 2288 835 cum
2322 775 2534 846 iustitia
2555 774 2716 830 editis
2739 780 2937 831 ornatu
2963 784 3064 827 suo
3095 768 3409 826 induentur.

1910 959 2078 1016 Vm.
2099 955 2291 1013 20-23.
2318 975 2338 1009 ι
2362 952 2482 1012 Non
2510 954 2655 1009 enim
2679 952 2894 1008 occidet
2919 951 3002 1007 sol
3039 950 3159 1018 tibi,
3193 957 3252 1005 et
3284 948 3409 1002 luna

1842 1050 1939 1108 tibi
1996 1065 2105 1105 non
2161 1048 2376 1121 deﬁciet
2404 1063 2420 1100 :
2447 1048 2555 1102 erit
2608 1046 2806 1115 quippe
2854 1042 2949 1097 tibi
3001 1040 3266 1096 Dominus
3314 1037 3405 1092 lux

1841 1142 2188 1213 sempiterna,
2220 1146 2277 1194 et
2326 1136 2693 1207 implebuntur
2733 1135 2852 1189 dies
2879 1133 3058 1188 luctus
3083 1130 3182 1186 tui.
3209 1130 3279 1184 Et
3307 1144 3406 1198 po-

1839 1235 1997 1306 pulus
2028 1240 2151 1288 tuus
2185 1229 2363 1288 omnis
2404 1229 2606 1299 justus,
2644 1228 2697 1281 in
2719 1225 2977 1282 saeculum
3005 1222 3411 1279 btereditabunt

1839 1331 2042 1378 terram
2081 1337 2098 1376 :
2136 1320 2443 1376 custodiens
2484 1316 2870 1389 plantationem
2921 1328 3087 1383 opera
3145 1326 3406 1368 manuum

1839 1412 1958 1483 ejus
1989 1412 2043 1466 in
2075 1410 2323 1481 gloriam.
2358 1408 2460 1476 Qui
2490 1422 2657 1478 parvo
2696 1418 2947 1469 numero,
2973 1402 3079 1458 erit
3115 1401 3173 1456 in
3199 1400 3403 1466 millia;

1838 1513 1895 1558 et
1911 1503 2003 1573 qui
2034 1502 2311 1566 minimus,
2346 1501 2400 1554 in
2430 1506 2644 1570 gentem
2675 1510 2942 1567 magnam.
3004 1493 3120 1564 Ego
3143 1492 3407 1549 Dominus

1839 1593 1896 1648 in
1926 1601 2169 1662 tempore
2202 1590 2541 1660 congregabo
2569 1603 2683 1645 eos.
2716 1606 2737 1641 ι

2413 1678 2643 1735 CAPUT
2673 1678 2810 1737 LXI.

1908 1776 2077 1831 Vens.
2109 1776 2165 1830 1.
2198 1794 2217 1826 ι
2258 1772 2491 1845 Spiritus
2527 1772 2741 1827 Domini
2792 1786 2955 1843 super
3008 1786 3118 1839 me,
3164 1785 3231 1827 eo
3260 1768 3406 1841 quod

1766 1851 1809 1906 Β
1840 1866 2058 1922 unxerit
2088 1880 2175 1921 me
2196 1882 2211 1919 :
2234 1866 2605 1937 evangelizare
2625 1863 2952 1933 pauperibus
2972 1863 3118 1919 misit
3139 1877 3339 1919 me.....
3376 1880 3398 1914 ι

2411 1947 2641 2014 CAPUT
2678 1956 2835 2013 LXII.

1910 2052 2072 2107 Vens.
2108 2052 2222 2107 {-3.
2263 2070 2283 2104 ι
2311 2050 2539 2122 Propter
2561 2048 2689 2106 Sion
2722 2065 2828 2105 non
2858 2049 3068 2114 tacebo,
3091 2057 3148 2103 et
3180 2054 3403 2119 proth

1836 2142 2133 2200 Jerusalem
2176 2158 2285 2199 non
2319 2144 2617 2214 quiescam,
2646 2143 2815 2198 donec
2849 2141 3160 2211 egrediatur
3194 2148 3255 2194 ut
3304 2138 3396 2191 lux

1831 2235 2043 2305 justitia
2100 2234 2549 2306 ejus:Salutare
2605 2245 2786 2291 autem
2852 2248 3032 2287 meum
3088 2240 3149 2286 ut
3196 2230 3407 2300 lampas

1838 2330 2186 2385 accendetur.
2210 2328 2280 2385 Et
2305 2329 2567 2385 videbunt
2600 2336 2788 2399 gentes
2830 2325 3099 2395 justitiam
3148 2333 3317 2388 tuam,
3341 2332 3400 2378 et

1838 2436 1990 2491 reges
2034 2421 2260 2492 gloriam
2295 2429 2464 2477 tuam.
2507 2421 2575 2476 Et
2618 2419 2833 2476 vocabit
2883 2427 2937 2474 te
2985 2415 3205 2472 nomine
3234 2412 3399 2482 novo,

1836 2513 1978 2581 quod
2007 2512 2270 2569 Dominus
2316 2513 2641 2569 nominabit.
2670 2512 2741 2567 Et
2770 2512 2879 2569 eris
2912 2524 3113 2567 corona
3161 2506 3401 2578 pulchri-

1838 2605 2042 2660 tudinis
2075 2604 2129 2660 in
2157 2620 2319 2660 manu
2351 2605 2587 2671 Domini,
2608 2614 2663 2659 et
2684 2604 2938 2659 diadema
2967 2601 3119 2672 regni
3144 2600 3199 2653 in
3233 2614 3398 2653 manu

1834 2694 1934 2750 Dei
1994 2697 2138 2750 tui.»
2179 2693 2352 2764 Quam
2402 2706 2530 2753 tunc
2591 2697 2814 2768 recipiet
2872 2697 3064 2779 dicens
3100 2711 3116 2748 :
3146 2693 3397 2750 «Bonum

1834 2798 2117 2843 certamen
2143 2790 2371 2856 certavi,
2400 2805 2619 2845 cursum
2652 2788 3049 2855 consummavi,
3089 2786 3249 2841 ﬁdem
3275 2800 3397 2841 ser-

1834 2877 2001 2933 vavi:
2036 2879 2089 2933 in
2140 2879 2347 2950 reliquo
2394 2883 2631 2949 reposita
2678 2888 2763 2935 est
2812 2879 2945 2934 mihi
2990 2892 3197 2933 corona
3237 2875 3399 2945 justi-

1836 2969 1923 3023 tim
1938 2969 2011 3023 ’³.
2035 2987 2058 3022 ι
2092 2968 2298 3025 Eadem
2329 2985 2481 3035 vero,
2504 2984 2626 3025 cum
2657 2970 2841 3041 sponsi
2867 2968 3029 3025 Verbi
3063 2983 3262 3038 sponsa
3304 2966 3400 3033 sit,

1832 3070 1891 3116 et
1917 3060 2039 3132 ejus
2073 3062 2284 3118 semina
2312 3061 2637 3132 susceperit.
2666 3062 2948 3132 speciosos
2974 3070 3031 3117 et
3052 3060 3181 3117 boni
3215 3059 3402 3115 odoris

1834 3150 2046 3209 fructus
2075 3154 2295 3210 emittit.
2331 3152 2430 3210 Hic
2462 3162 2644 3209 autem
2671 3168 2863 3209 rursus
2898 3153 3045 3224 piam
3076 3151 3393 3222 religionem

1830 3244 1960 3300 olim
2008 3248 2151 3317 apud
2190 3245 2410 3304 Judaos
2440 3249 2714 3319 vigentem
2760 3247 3052 3317 signillcat.
3099 3245 3237 3301 Nam
3265 3260 3398 3301 vere

1827 3333 2035 3391 Christi
2075 3349 2277 3392 corona
2308 3345 2437 3393 sunt
2464 3344 2733 3407 quotquot
2774 3352 2875 3407 per
2906 3351 3032 3392 eum
3060 3337 3200 3391 bona
3230 3350 3400 3406 opera

1828 3427 2015 3492 edunt,
2045 3435 2103 3483 et
2142 3425 2397 3483 diadema
2439 3431 2595 3501 regni
2640 3429 2761 3501 ejus
2790 3438 2940 3494 sunt,
2966 3429 3060 3499 qui
3087 3429 3398 3484 certamina

1827 3513 1943 3583 ejus
1966 3530 2131 3571 causa
2150 3528 2532 3589 susceperunt,
2552 3520 2727 3575 sancti
2748 3528 3040 3590 martyres,
3062 3534 3203 3589 quos
3232 3534 3399 3573 manu

1826 3618 1926 3659 sua
1958 3604 2121 3661 Pater
2151 3607 2417 3679 deligens,
2446 3618 2507 3665 ut
2527 3624 2784 3667 coronam
2802 3609 2945 3665 Filio
2968 3624 3068 3666 suo
3088 3610 3401 3680 circumpo-

1690 3704 1727 3769 ᾧ
1826 3696 1925 3762 nit,
1952 3706 2009 3752 et
2056 3698 2207 3769 regio
2247 3699 2558 3757 diademate
2595 3701 2998 3756 multitudinem
3036 3710 3271 3758 exornat
3295 3716 3394 3757 eo.

1826 3806 1968 3859 rum,
2000 3791 2096 3863 qui
2130 3807 2231 3863 per
2266 3793 2441 3866 ipsum
2479 3802 2540 3850 et
2574 3793 2645 3850 ab
2690 3795 2815 3865 ipso
2840 3793 3071 3850 salutem
3105 3803 3237 3851 sunt
3259 3808 3397 3850 eon-

1824 3884 1993 3940 secuti

1903 4065 2010 4122 «ει
2031 4068 2250 4123 vocabit
2276 4074 2331 4122 te
2362 4081 2586 4125 nomine
2616 4084 2780 4135 novo,
2810 4073 2959 4142 quod
3004 4074 3267 4129 Βοωιιιυε
3290 4088 3393 4130 no-

1826 4154 2082 4223 minabit;
2109 4175 2130 4209 ι
2162 4158 2217 4213 id
2242 4166 2347 4228 est,
2377 4160 2679 4218 secundum
2717 4160 3053 4220 voluntatem
3084 4178 3264 4220 meam
3294 4181 3394 4223 uo-

1823 4247 2135 4306 minabitur.

1893 4337 2057 4396 νεεδ.
2089 4342 2144 4409 ι,
2172 4341 2227 4397 5.
2267 4358 2288 4395 ι
2310 4342 2379 4398 Ει
2400 4357 2509 4399 non
2534 4344 2819 4403 vocaberis
2846 4345 2993 4404 ultra
3021 4345 3312 4413 derelicta.
3333 4358 3395 4406 et

1828 4440 1978 4490 terra
2018 4443 2111 4490 tua
2150 4452 2258 4491 non
2292 4437 2581 4493 vocabitur
2611 4437 2755 4494 ultra
2798 4441 3019 4498 deserta
3051 4458 3069 4496 :
3103 4441 3395 4498 vocaberis

148 4512 367 4585 θέλημα
392 4515 526 4588 ἐμόν
542 4533 558 4548 ·
585 4519 680 4571 καὶ
705 4519 742 4588 ή
764 4519 836 4590 γῆ
862 4537 978 4589 σου,
1007 4524 1319 4596 οἰκουμένη·
1356 4526 1441 4579 ὅτι
1465 4527 1721 4601 εὐδόκησε

1829 4524 1965 4579 enim
2010 4523 2261 4581 voluntas
2298 4538 2455 4592 mea;
2490 4535 2548 4580 et
2595 4534 2914 4597 terra,tua,
2959 4530 3231 4596 habitata,
3260 4530 3393 4599 quia

147 4603 359 4677 Κύριος
384 4607 445 4660 ὲν
463 4609 566 4673 σοὶ,
590 4610 686 4663 καὶ
711 4612 747 4682 ή
768 4610 843 4683 γῆ
872 4629 969 4667 σου
1002 4617 1491 4689 συνοικισθήσεται.
1512 4620 1625 4675 Kal
1646 4620 1724 4686 ὡς

146 4696 415 4751 συνοικῶν
440 4700 721 4765 νεανίσκος
742 4703 1015 4778 παρθένῳ.
1051 4706 1194 4762 οὓτω
1228 4712 1642 4783 κατοικήσουσιν
1668 4713 1722 4765 οί

147 4784 261 4838 υίοί
282 4802 396 4840 σου.
430 4788 540 4841 Kal
561 4788 711 4845 ἔσται
726 4791 787 4846 δν
808 4794 1008 4865 τρόπον
1038 4796 1469 4870 εὐφρανθήσεται
1488 4801 1722 4872 νυμφίος

145 4876 245 4930 ἐπὶ
270 4876 479 4949 νύμφῃ,
511 4878 686 4946 οὕτως
728 4883 1156 4957 εὐφρανθήσεται
1186 4887 1391 4961 Κύριος
1422 4890 1516 4944 ἐπὶ
1552 4893 1653 4946 σοί.
1694 4912 1716 4946 ι

159 4965 254 5019 Ἐν
276 4965 358 5038 τῷ
386 4968 557 5039 καινῷ
587 4970 745 5025 αἰῶνι
773 4974 872 5045 τῆς
890 4976 1128 5046 Χριστοῦ
1150 4978 1428 5049 βασιλείας
1454 4984 1720 5055 συστήσε-

145 5072 263 5117 ται,
294 5056 490 5128 μόνους
516 5059 715 5127 εξουσα
744 5064 1035 5139 οἰκήτορας
1068 5069 1196 5136 τούς
1231 5071 1343 5126 τῶν
1379 5075 1722 5144 ἐπαγγελιῶν

146 5146 248 5239 τοῦ
434 5150 1032 5239 Ϋκαταξιωθησομὲνους,
1069 5161 1121 5215 οἳ
1143 5163 1239 5216 καὶ
1265 5166 1326 5219 ἐν
1356 5165 1596 5239 τοσαύτῃ
1625 5167 1721 5222 θυ-

144 5234 318 5327 μηδία
344 5238 457 5327 ,καὶ
486 5238 795 5316 εὐφροσύνη
822 5244 1112 5313 διάξουσιν,
1157 5250 1236 5314 ὡς
1273 5252 1417 5306 ἔοικε
1454 5234 1720 5327 νεανίσκῳ

143 5324 292 5395 ἁγίῳ
330 5326 485 5400 ἀνδρὶ
521 5331 731 5386 συνόντι
769 5336 1022 5409 παρθένῳ
1066 5340 1299 5415 καθαρᾷ,
1340 5344 1589 5416 οὐδαμῶς
1616 5324 1721 5417 μὲν

144 5418 322 5512 αὐτῆς
369 5418 469 5492 τὴν
520 5423 819 5495 παρθενίαν
869 5428 1176 5487 σταλσῦνιιο
1218 5437 1285 5507 τῇ
1321 5436 1379 5491 δὲ
1418 5437 1611 5509 ἁγνείᾳ
1644 5444 1715 5512 τῇ

144 5510 450 5584 παρθενικῇ
483 5515 579 5567 καὶ
608 5518 675 5588 τῇ
708 5518 925 5593 καθαρᾷ
951 5522 1319 5599 cavent-9:61},
1355 5530 1451 5584 καὶ
1480 5510 1717 5587 συνοικξὴ

146 5601 408 5673 talpam.
433 5602 545 5659 Kal
567 5606 618 5659 ol
647 5608 745 5679 μὲν
766 5610 872 5663 υίοί
899 5628 994 5666 σου
1019 5612 1192 5679 οὕτως
1218 5617 1679 5691 εὐφρανθήσονται
1698 5641 1709 5653 ·

215 5783 265 5819 ¹¹
288 5784 441 5843 Rom.
480 5804 576 5858 vn,
604 5789 693 5846 2|.
832 5794 879 5828 ³³
906 5794 1114 5853 ΙΙπΤίιιι.
1156 5814 1230 5863 ιν,
1264 5801 1316 5855 7.

1824 4615 2153 4685 complacuit
2184 4616 2288 4672 sibi
2330 4616 2593 4671 Dominus
2610 4615 2669 4672 in
2698 4625 2847 4685 te,et
2873 4629 3017 4675 terra
3044 4628 3139 4675 tua
3172 4620 3394 4676 inhabi-

1824 4708 2045 4763 labitur.
2089 4707 2158 4762 Et
2202 4708 2347 4764 sicut
2382 4710 2593 4765 habitat
2618 4709 2835 4779 juvenis
2877 4726 3003 4767 cum
3049 4712 3287 4783 virgine,
3313 4712 3396 4768 sic

1824 4798 2146 4855 habitabunt
2162 4799 2259 4855 lilii
2291 4800 2393 4856 tui.
2426 4800 2493 4855 Et
2528 4802 2656 4867 erit,
2692 4803 3150 4872 quemadmodum
3178 4802 3395 4860 laetabi-

1823 4900 1913 4945 tur
1954 4905 2189 4961 sponsus
2232 4906 2399 4961 super
2449 4907 2671 4963 sponsa,
2697 4893 2779 4950 sic
2823 4894 3100 4949 lattahitur
3129 4893 3395 4951 Dominus

1824 4980 1880 5036 in
1916 4990 1988 5038 te.
2014 5000 2036 5035 ι
2074 4983 2153 5036 ria
2184 4983 2239 5037 in
2272 4996 2413 5038 novo
2440 4985 2641 5041 sarculo
2672 4984 2829 5054 regni
2860 4985 3067 5040 Christi
3092 4987 3391 5042 constitue-

1824 5080 1933 5139 tur,
1962 5086 2164 5141 eosque
2192 5082 2401 5128 tantum
2436 5074 2646 5131 incolas
2673 5075 2916 5146 habebit,
2942 5078 3037 5147 qui
3075 5078 3391 5147 promissio-

1824 5178 1951 5218 num
2000 5165 2094 5220 Dei
2134 5165 2338 5237 dignati
2378 5165 2621 5235 fuerint;
2660 5169 2755 5240 qui
2797 5171 2856 5225 in
2901 5180 3054 5227 tanto
3102 5173 3299 5244 gaudio
3335 5183 3393 5229 et

1823 5256 2010 5312 lzetitia
2067 5257 2453 5325 versabuntur,
2492 5268 2555 5313 ut
2589 5261 2897 5330 comparari
2944 5264 3161 5333 possint
3202 5262 3391 5331 juveni

1822 5356 1881 5403 et
1905 5358 2095 5404 sancto
2119 5349 2239 5405 viro
2266 5364 2389 5403 cum
2418 5364 2552 5419 pura
2580 5351 2793 5424 virgine
2817 5354 3055 5425 degenti,
3090 5370 3191 5411 nee
3211 5365 3391 5409 tamen

1822 5438 1939 5508 ejus
1975 5454 2211 5510 unquam
2238 5444 2603 5515 virginitatem
2654 5446 2965 5513 temeranti,
3006 5446 3101 5502 sed
3134 5447 3190 5502 in
3225 5446 3394 5500 casti-

1824 5541 1933 5589 tate
1980 5535 2256 5604 virginali,
2287 5547 2344 5593 et
2372 5554 2504 5607 pura
2536 5542 2979 5607 conversatione,
2999 5556 3124 5597 cum
3158 5548 3272 5595 tota
3301 5540 3392 5596 do-

1823 5643 1912 5685 mo
1956 5626 2230 5698 gaudenti.
2276 5628 2343 5685 Et
2380 5630 2475 5687 lilii
2514 5632 2733 5703 quidem
2765 5632 2841 5688 tui
2890 5633 2963 5688 ita
3018 5633 3388 5700 la‘tabuntttr;
