4058 6448
729 405 834 465 490

1383 398 1470 456 EU
1478 396 1648 453 δΕΒιι
1683 393 2149 452 CIESARIENSIS
2183 393 2247 451 01

2375 392 2553 449 PARS
2587 390 2675 446 ιη.
2714 421 2783 431 -
2819 387 3223 446 EXEGETICA.

729 523 845 589 ipse
890 529 1017 571 vero
1065 512 1320 567 Dominus
1346 519 1448 575 est,
1480 511 1569 580 qui
1595 520 1645 566 te
1681 520 1918 564 sanctam
1944 508 2240 564 Ecclesiam

2365 504 2523 567 αὐτὸς
2548 502 2604 556 δέ
2629 503 2658 555 ό
2683 501 2886 571 Κύριος
2913 500 3011 572 τὴν
3042 497 3237 553 ἐαυτοῦ
3266 496 3480 569 νύμφην
3518 492 3825 599 ἀπολαϐὼν,
3842 498 3905 599 ξι

727 587 979 676 perlectis
1038 602 1290 656 membris
1348 608 1709 665 constantem,
1738 614 1806 655 ex
1855 601 2034 669 prisco
2077 612 2247 667 nempt

2362 594 2461 665 τὴν
2489 594 2648 661 ἀγίαν
2680 590 3019 663 Ἐκκλησίαν,
3072 592 3137 644 ἐκ
3168 588 3384 643 τελείων
3438 587 3612 658 μελῶν
3644 587 3905 676 συνεαῷ

732 694 928 766 populo
956 702 1009 748 et
1046 694 1145 747 hoc
1184 704 1320 745 novo
1354 704 1422 745 ex
1462 690 1706 758 gentibus
1743 689 1980 754 coeunti,
2017 690 2068 742 in
2101 704 2264 759 spon-

726 806 840 845 sam
877 788 1099 856 accepit.
1142 784 1339 839 Deinde
1386 782 1679 838 Ecclesiam
1726 783 1895 851 ipsam
1926 782 2252 853 alloquitur:

726 877 895 945 Hujus
942 877 1032 930 lilii
1083 874 1372 928 secundum
1409 887 1625 927 carnem
1667 871 1881 927 luerunt
1907 872 2069 926 divini
2097 872 2259 925 disci-

725 969 858 1038 puli,
886 967 974 1037 qui
1017 978 1279 1020 summam
1324 975 1456 1031 erga
1501 963 1678 1032 ipsam
1720 962 2041 1017 charitatem
2075 974 2257 1015 serva-

725 1068 881 1123 runt;
932 1057 1005 1111 ita
1061 1064 1121 1110 ut
1173 1053 1260 1109 illa
1308 1054 1525 1108 dilectio
1566 1052 1757 1107 similis
1800 1052 2046 1107 videatur
2081 1050 2130 1106 ei
2157 1065 2261 1120 qua

722 1147 941 1201 allectus
970 1154 1053 1199 est
1079 1144 1432 1214 juvenis-cum
1462 1141 1668 1211 virgine
1690 1140 1960 1197 habitans.
1991 1138 2082 1194 Sic
2115 1139 2262 1193 laeta-

721 1237 868 1289 bitur
925 1234 1181 1288 Dominus
1230 1246 1393 1301 super
1431 1239 1506 1296 te,
1556 1228 2004 1299 quemadmodum
2036 1241 2259 1299 sponsus

719 1340 881 1394 super
917 1336 1132 1392 sponsa.
1169 1319 1376 1375 Etenim
1403 1320 1469 1374 de
1518 1320 1659 1375 coelo
1685 1320 1964 1374 descendit
2016 1320 2257 1389 unigeni-

721 1425 832 1468 tum
875 1412 967 1468 Dei
998 1411 1249 1475 Verbum,
1280 1418 1337 1464 ut
1366 1409 1699 1466 fructiferam
1730 1412 2039 1467 ostenderet
2072 1410 2257 1466 Eccle-

718 1506 876 1570 siam,
923 1517 1079 1572 quam
1130 1502 1239 1571 ipse
1285 1501 1386 1556 sibi
1437 1502 1697 1571 virginem
1754 1510 1957 1556 castam
1998 1502 2254 1566 admovit,

719 1611 825 1649 non
855 1595 1136 1649 habentem
1163 1593 1427 1647 maculam
1471 1607 1644 1662 neque
1678 1593 1920 1659 sordem,
1948 1593 2054 1647 imo
2084 1594 2256 1661 potius

722 1691 960 1737 sanctam
986 1691 1040 1736 et
1073 1680 1487 1736 immaculatam.
1537 1680 1618 1735 Ah
1651 1682 1741 1735 illo
1776 1680 1940 1750 igitur
1964 1681 2253 1750 evangelici

719 1773 951 1828 instituti
990 1772 1192 1825 semina
1228 1770 1518 1839 accipiens,
1555 1771 1921 1837 spiritualibus
1970 1772 2251 1827 sacriﬁciis

715 1873 769 1918 et
806 1864 1009 1919 sanctis
1037 1864 1288 1933 operibus
1309 1862 1596 1932 fulgentem
1624 1877 1871 1932 sponsam
1897 1862 2156 1917 exhibuit.

782 2038 943 2093 Vsus.
978 2038 1091 2093 6-8.
1133 2055 1151 2089 ι
1177 2038 1241 2092 Ει
1286 2053 1445 2108 super
1490 2053 1672 2093 muros
1728 2048 1870 2105 tuos,
1930 2036 2250 2107 Jerusalem,

711 2125 962 2180 constitui
991 2126 1236 2180 custodes
1265 2134 1371 2179 tota
1400 2125 1493 2180 die
1539 2139 1593 2179 et
1628 2136 1735 2181 tota
1776 2135 1953 2192 nocte,
1989 2130 2081 2198 qui
2116 2145 2252 2183 nun-

707 2230 869 2284 quam
913 2216 1180 2280 tacebunt,
1223 2228 1487 2271 memores
1530 2214 1759 2272 Domini.
1822 2214 1936 2272 Non
1983 2226 2066 2271 est
2106 2217 2250 2272 enim

708 2305 864 2360 vobis
900 2305 1108 2369 similis,
1143 2306 1188 2361 si
1224 2305 1482 2376 corrigat,
1518 2315 1573 2361 et
1594 2306 1758 2360 l'aciat
1788 2306 2087 2362 Jerusalem
2121 2322 2250 2377 gau-

706 2395 853 2450 dium
879 2394 932 2448 in
963 2404 1119 2449 terra.
1154 2392 1361 2447 Juravit
1398 2395 1656 2449 Dominus
1686 2409 1784 2463 per
1821 2395 2046 2464 gloriam
2075 2411 2248 2462 suam,

708 2488 763 2534 et
792 2493 887 2547 per
911 2478 1278 2534 fortitudinem
1309 2480 1515 2535 brachii
1541 2482 1641 2535 sui.
1664 2500 1684 2534 ι
1712 2480 1848 2537 Olim
1882 2484 2076 2553 quippe
2102 2495 2248 2553 gesta

708 2578 836 2622 sunt
868 2568 991 2633 ista,
1018 2581 1137 2621 cum
1184 2566 1417 2622 fructum
1447 2583 1600 2623 suum
1632 2570 1684 2623 in
1713 2570 1893 2625 cibum
1923 2570 2115 2626 darent
2149 2574 2249 2627 ini-

705 2658 862 2711 micis
915 2656 1027 2723 Dei,
1072 2658 1124 2712 id
1165 2667 1402 2729 agentes,
1442 2659 1495 2714 id
1543 2669 1815 2730 curantes,
1848 2670 1906 2717 ut
1954 2673 2102 2734 gesta
2151 2680 2246 2721 sua

705 2747 1041 2802 damonibus
1085 2762 1206 2803 esca
1263 2758 1463 2805 essent.
1513 2749 1633 2805 Jam‘
1674 2767 1803 2806 vero
1844 2752 1928 2817 iis,
1962 2756 2051 2823 qui
2112 2770 2248 2811 novo

704 2836 911 2891 rusculo
949 2837 1181 2893 donandi
1219 2848 1273 2893 et
1298 2840 1559 2909 promissa
1594 2845 1867 2913 accepturi
1922 2828 2064 2913 sunt,
2096 2847 2243 2901 iura-

701 2935 884 2981 mento
906 2927 1159 2982 Dominus
1176 2928 1422 2995 alilrmat,
1441 2944 1499 2985 se
1525 2946 1627 2987 non
1646 2935 1872 3002 amplius
1902 2936 2134 2992 inimicis
2154 2939 2245 2992 da-

704 3026 880 3070 turum
910 3031 1028 3071 esse
1064 3018 1271 3075 fructus
1302 3034 1504 3085 eorum,
1548 3024 1642 3078 sed
1692 3025 1841 3091 ipsos
1881 3026 1947 3079 iis
1991 3026 2247 3083 fruituros

694 3119 847 3159 esse.
882 3104 1015 3159 Nam
1059 3121 1181 3161 cum
1223 3108 1443 3177 probam
1480 3111 1641 3165 vitam
1689 3122 1843 3182 agant
1895 3128 1958 3168 ac
1998 3115 2244 3185 religiose

702 3206 1012 3258 versentur,
1051 3211 1260 3266 aqnum
1299 3214 1427 3254 sane
1467 3211 1549 3255 est
1594 3212 1654 3256 ut
1694 3180 1927 3272 propriis
1980 3180 2243 3275 gaudeant
2270 3180 2313 3238 ο

705 3286 986 3342 ΐι-ιιοιίυυε.
1026 3306 1051 3338 r
1074 3288 1132 3342 Si
1158 3290 1294 3344 ultra
1329 3291 1527 3345 dedero
1558 3293 1795 3347 triticum
1839 3303 2010 3361 tuum,
2039 3306 2094 3349 et
2139 3297 2243 3350 ali-

704 3386 884 3431 menta
909 3386 996 3431 tua
1023 3379 1253 3435 inimicis
1279 3381 1402 3446 tuis,
1426 3390 1480 3435 et
1506 3382 1565 3436 si‘
1583 3382 1720 3437 ultra
1743 3384 1931 3440 bibant
1956 3386 2055 3441 lilii
2080 3388 2240 3444 alieni

702 3469 883 3523 vinum
913 3477 1083 3536 tuum,
1114 3470 1167 3525 in
1194 3485 1303 3542 quo
1330 3471 1583 3529 laborasti
1609 3489 1626 3528 :

771 3645 933 3700 Vens.
970 3646 1021 3701 9.
1071 3666 1089 3699 ι
1115 3646 1219 3703 Sed
1258 3649 1350 3719 qui
1394 3650 1728 3721 collegerint,
1758 3654 2038 3709 comedent
2066 3670 2153 3721 ea,
2187 3665 2241 3711 et

697 3732 989 3789 laudabunt
1020 3734 1328 3803 Dominum,
1351 3748 1406 3795 et
1433 3741 1526 3809 qui
1556 3745 2024 3813 congregaverint,
2056 3746 2240 3801 bibent

702 3838 765 3878 ea
790 3825 841 3878 in
875 3826 1029 3880 atriis
1058 3828 1262 3883 sanctis
1304 3831 1455 3885 meis.
1479 3849 1498 3882 ι
1535 3831 1659 3887 Haec
1682 3848 1811 3888 vero
1835 3835 2034 3889 fuerint
2059 3837 2239 3893 multae

708 3914 810 3968 illae
838 3918 1143 3974 mansiones
1172 3921 1311 3989 apud
1347 3921 1581 3978 Patrem.

773 4004 931 4061 Vsus.
970 4009 1056 4062 10.
1097 4027 1116 4060 ι
1146 4010 1220 4066 Ite
1252 4027 1345 4079 per
1367 4024 1552 4081 portas
1579 4031 1743 4071 meas.
1769 4035 1788 4069 ι
1819 4017 1914 4073 His
1945 4034 2105 4089 porro
2137 4036 2233 4076 no-

696 4094 783 4151 bis
811 4099 1255 4154 considerandam
1281 4100 1438 4156 oﬂ'ert
1485 4104 1761 4160 ctelestem
1799 4106 1894 4161 Dei
1938 4109 2234 4175 civitatem,

695 4183 915 4252 ejusque
952 4194 1132 4253 portas
1163 4201 1177 4237 :
1207 4202 1327 4256 qua:
1372 4188 1549 4242 omnia
1595 4190 1649 4243 in
1705 4191 1813 4257 illo,
1852 4194 1991 4261 quod
2024 4194 2239 4263 pollice-

697 4284 806 4341 tur,
836 4275 1031 4330 smculo
1068 4277 1247 4345 dignis
1274 4280 1593 4346 pandentur.
1628 4295 1690 4336 ac
1721 4284 1965 4339 dicetur:
2005 4285 2117 4340 tlte
2144 4300 2239 4353 per

693 4373 879 4432 portas
912 4380 1080 4431 meas,
1102 4375 1156 4420 et
1185 4368 1323 4422 viam
1356 4367 1515 4423 facite
1548 4371 1739 4439 populo
1763 4388 1902 4437 meo,
1930 4374 2237 4444 lapidesque

2364 700 2482 746 σαν,
2536 682 2600 735 ἐκ
2626 699 2686 734 τε
2733 680 2826 734 τοῦ
2865 679 3128 751 προτέρου
3167 678 3297 732 λαοῦ
3340 677 3558 733 καὶτοῦ
3580 678 3703 731 νὲου
3741 675 3908 743 τοῦὲξ

2359 774 2545 827 ἐθνῶν.
2573 767 2704 826 Εῖτα
2753 772 2847 825 καὶ
2883 771 3017 843 πρὸς
3048 770 3148 841 τὴν
3182 768 3503 841 Ἐκκλησίαν
3533 769 3766 821 ποιεῖται
3789 768 3907 831 τοὺς

2359 862 2545 930 λόγους
2562 878 2577 892 ο
2597 860 2797 930 ταύτης
2823 859 3105 927 γεγόνασιν
3137 858 3245 909 υίοὶ
3278 855 3417 909 κατά
3440 856 3616 925 σάρκα
3642 856 3691 906 οἱ
3720 851 3911 907 θεσπι-

2361 967 2463 1004 σιοι
2493 948 2745 1022 μαθηταὶ,
2767 949 2863 1019 τὴν
2882 947 3163 1016 είς.ἀκραν
3183 946 3354 1016 αὐτῆς
3377 944 3638 1009 σώζοντες
3658 942 3875 1013 ἀγάπην
3891 960 3905 974 ·

2359 1039 2496 1092 ὥστε
2553 1040 2724 1092 δοκεῖν
2779 1038 2876 1107 τὴν
2926 1035 3220 1106 γενομένην
3249 1033 3644 1104 φιλοστοργίαν,
3672 1029 3767 1086 οἷά
3813 1050 3910 1103 περ

2358 1129 2620 1200 νεανίσκῳ
2656 1128 2991 1198 συνῳκηκότι
3021 1125 3290 1196 παρθένῳ.
3326 1123 3510 1187 οὕτως
3545 1124 3907 1196 εὐφρανθήσε-

2355 1237 2443 1273 ται
2477 1218 2677 1289 Κύριος
2700 1218 2793 1270 ἐπὶ
2819 1216 2922 1281 σοὶ,
2952 1214 3199 1285 καθάπερ
3223 1212 3413 1284 ἀμέλει
3449 1213 3541 1266 καὶ
3568 1212 3802 1282 νυμφίος
3827 1210 3911 1265 ἐπὶ

2357 1310 2561 1381 νύμφῃ.
2592 1307 2875 1377 Καθήκετο
2909 1307 3016 1378 γάρ
3067 1306 3124 1372 ἐξ
3156 1303 3397 1373 οὐρανῶν
3436 1304 3465 1354 ὀ
3496 1302 3789 1373 μονογενὴς
3823 1299 3913 1354 τοῦ

2355 1400 2485 1453 Θεοῦ
2519 1400 2706 1468 Λόγος,
2740 1398 2805 1450 ἵν’
2834 1397 3108 1468 ἔγκαρπον
3151 1395 3404 1464 ἀποφήνῃ
3429 1391 3527 1462 τὴν
3568 1391 3910 1461 Ἐκκλησίαν,

2357 1502 2421 1560 ην
2443 1490 2600 1553 αὐτὸς
2625 1488 2799 1559 ἐαυτῷ
2830 1487 3143 1559 παρέστησε
3162 1484 3426 1556 παρθένον
3451 1484 3642 1555 ἁγνὴν,
3671 1484 3746 1555 μὴ
3767 1482 3914 1554 ἐχου-

2357 1597 2454 1635 σαν
2490 1580 2671 1634 σπίλον
2708 1580 2741 1649 ἢ
2778 1578 2989 1650 ῥυτίδα·
3034 1577 3196 1644 ἀγίαν
3222 1576 3279 1628 δὲ
3310 1574 3506 1646 μᾶλλον
3541 1576 3633 1629 κα)⁵
3660 1576 3909 1645 ἄμωμον.

2353 1670 2624 1741 Δεξαμένη
2661 1666 2838 1721 τοίνυν
2869 1667 3000 1737 παρ’
3036 1663 3198 1719 αὑτοῦ
3239 1664 3338 1733 τῆς
3373 1662 3735 1732 εὐαγγελικῆς
3759 1662 3912 1716 πολι-

2352 1761 2497 1822 τείας
2540 1758 2609 1810 τά
2647 1756 2952 1827 σπέρματα,
2985 1755 3375 1825 πνευματικαῖς
3400 1751 3621 1814 θυσίαις.
3641 1753 3741 1805 καὶ
3766 1753 3915 1820 ἀγιο-

2282 1854 2323 1909 Β
2357 1850 2587 1922 πρεπέσι
2615 1845 2996 1918 κατορθώμασι
3021 1844 3119 1916 τὴν
3163 1843 3379 1915 νύμφην
3402 1841 3788 1897 ἐκλάμπουσαν
3820 1843 3916 1896 ἀπ-

2348 1938 2562 2002 ἔδειξεν.

2386 2096 2388 2100 ν
2424 2046 2444 2080 ι
2483 2028 2592 2081 Καὶ
2626 2028 2720 2081 ἐπὶ
2750 2026 2857 2080 τῶν
2882 2025 3073 2095 τειχῶν
3101 2040 3215 2089 σου,
3247 2020 3616 2094 Ἰερουσαλὴμ,
3648 2022 3927 2093 κατέστη-ν

2350 2138 2417 2174 σα
2442 2119 2684 2190 φύλακας
2719 2117 2846 2187 ὃλην
2881 2117 2979 2187 τὴν
3005 2115 3217 2193 ἡμέραν
3250 2114 3346 2168 καὶ
3368 2114 3495 2183 ὅλην
3519 2112 3617 2184 τὴν
3640 2112 3917 2178 νύκτα,.οῑ

2346 2212 2432 2266 διὰ
2456 2212 2641 2275 τέλους
2661 2210 2722 2264 ού
2754 2207 3205 2279 σιωπηθήσονται,
3233 2205 3656 2276 μιμνησκόμεναι
3678 2203 3915 2276 Κυρίου.

2350 2304 2463 2357 Οὐκ
2490 2303 2603 2355 ἐστι
2631 2302 2737 2370 γὰρ
2764 2301 2890 2369 ὑμῖν
2916 2299 3116 2368 ὅμοιος,
3151 2296 3244 2350 ἐάν
3267 2294 3552 2367 διορθώσῃ,
3585 2293 3680 2348 καὶ
3710 2294 3918 2365 ποιήσῃ

2358 2392 2709 2463 Ἰερουσαλὴμ
2739 2389 3021 2459 γαυρίαμα
3053 2386 3147 2439 ἐπὶ
3192 2387 3292 2455 τῆς
3331 2388 3453 2457 γῆς.
3481 2386 3683 2456 Ὠμοσε
3707 2384 3917 2456 Κύριος

2346 2483 2486 2538 κατά
2503 2483 2602 2555 τῆς
2627 2482 2781 2551 δόξης
2817 2477 3002 2542 αὐτοῦ,
3027 2480 3118 2531 καὶ
3146 2477 3285 2532 κατά
3313 2479 3412 2549 τῆς
3437 2477 3617 2547 ἰσχύος
3647 2476 3744 2529 τοῦ
3775 2476 3917 2548 βρα-

2345 2574 2520 2643 χίονος
2549 2569 2733 2623 αὑτοῦ.
2768 2587 2788 2621 ι
2828 2567 3001 2621 Πάλαι
3042 2567 3276 2643 μὲνγὰρ
3304 2566 3474 2631 ταῦτα
3502 2566 3743 2635 ἐγένετο,
3772 2570 3914 2639 ὁπη-

2345 2665 2471 2719 νίκα
2495 2663 2586 2716 τδν
2603 2662 2808 2716 ἑαυτῶν
2834 2664 3041 2736 καρπὸν
3064 2661 3260 2734 βρῶμα
3281 2664 3538 2732 παρεῖχον
3556 2662 3670 2724 τοῖς
3696 2661 3917 2733 ἐχθροῖς

2344 2753 2436 2807 τοῦ
2474 2752 2630 2817 Θεοῦ,
2667 2750 2889 2805 τοιαῦτα
2933 2751 3255 2824 πράττοντες
3302 2750 3395 2802 καὶ
3430 2749 3784 2819 ἐνεργοῦντες
3840 2750 3917 2813 ὡς

2343 2843 2631 2913 δαιμονίων
2654 2841 2899 2910 γίνεσθαι
2916 2840 3120 2913 τροφὴν
3147 2840 3244 2903 τὰς
3268 2838 3473 2892 ἑαυτῶν
3501 2840 3729 2910 πράξεις
3750 2857 3763 2870 ·
3792 2842 3916 2895 νυνί¹

2342 2933 2400 2986 δὲ
2432 2934 2543 2995 τοῖς
2569 2932 2662 2984 τοῦ
2692 2931 2813 2985 νέου
2846 2930 3038 2992 αἰῶνος
3068 2928 3647 2998 καταξιωθησομένοις,
3678 2929 3775 2982 καὶ
3802 2930 3915 2983 τῶν

2345 3021 2767 3093 ἐπηγγελμένων
2805 3020 3164 3089 τευξομένοις,
3197 3020 3344 3091 ὅρκῳ
3379 3018 3603 3089 ὄμνυσιν
3643 3023 3672 3073 ὁ
3706 3020 3917 3093 Κύριος

2349 3115 2543 3186 μηκέτι
2570 3112 2758 3166 δώσειν
2787 3113 2999 3183 ἐχθροῖς
3022 3111 3150 3172 τοὺς
3175 3108 3417 3179 καρποὺς
3438 3108 3636 3173 αὐτῶν,
3671 3110 3786 3163 ἀλλ’
3816 3112 3917 3163 αύ-

2346 3203 2471 3265 τοὺς
2502 3201 2679 3255 αὐτῶν
2710 3199 3015 3254 ἀπολαύειν.
3062 3197 3471 3268 Καωρθοῦντας
3518 3197 3628 3269 γὰρ
3667 3200 3765 3252 τὸν
3789 3204 3915 3254 κατ’

2348 3292 2543 3364 ἀρετὴν
2571 3292 2681 3361 βίον
2702 3292 2795 3344 καϊ
2822 3288 3083 3352 θεοσεϐῶς
3101 3288 3401 3355 διάγοντας,
3429 3288 3634 3343 δίκαιον
3671 3289 3781 3344 τῶν
3817 3293 3917 3344 ol-

2346 3382 2507 3434 κείων
2536 3381 2824 3434 ἀπολαύειν
2847 3379 3091 3450 καρπῶν.
3129 3398 3147 3431 ‹
3176 3379 3237 3431 El
3260 3378 3503 3432 ἐτιδώσω
3518 3381 3607 3433 τὸν
3624 3381 3771 3433 σῖτόν
3790 3398 3916 3449 σου,

2344 3474 2436 3525 καὶ
2470 3472 2534 3525 τὰ
2565 3471 2824 3544 βρώματά
2853 3488 2944 3524 σου
2964 3474 3075 3534 τοῖς
3098 3470 3310 3542 ἐχθροῖς
3335 3487 3451 3536 σου,
3469 3470 3563 3523 καὶ
3584 3472 3664 3524 ἔτι
3692 3473 3918 3529 πίονται

2346 3565 2451 3617 υίοὶ
2470 3565 2736 3634 ἀλλότριοι
2793 3564 2884 3616 τὸν
2927 3559 3069 3617 οἶνόν
3110 3580 3227 3628 σου,
3274 3557 3424 3632 ἐφ’ᾧ
3456 3562 3800 3634 ἐμόχθησας·

2422 3655 2553 3708 Ἀλλ’
2599 3656 2649 3707 οἱ
2687 3653 3077 3722 συναγαγόντες
3116 3653 3377 3721 φάγονται
3410 3651 3569 3717 αὐτὰ,
3616 3654 3712 3706 καὶ
3766 3656 3919 3708 αἰνέ-

2346 3764 2493 3799 σουσι
2521 3746 2743 3817 Κύριον,
2788 3745 2883 3798 καὶ
2916 3746 2963 3796 οί
3008 3744 3399 3812 συναγαγόντες
3433 3745 3645 3796 πίονται
3673 3747 3816 3799 αύτά
3854 3749 3917 3800 ἐν

2342 3838 2457 3898 ταῖς
2511 3836 2769 3888 ἐπαύλεσι
2804 3836 2923 3897 ταῖς
2965 3833 3145 3901 ἁγίαις
3197 3849 3319 3903 μου.
3353 3851 3373 3885 ι
3416 3829 3539 3886 Εἶεν
3571 3833 3615 3886 δ’
3646 3832 3712 3887 ἂν
3749 3828 3917 3890 αὗται

2341 3928 2397 3977 αἱ
2422 3925 2610 3979 πολλαὶ
2637 3924 2793 3994 μοναὶ
2817 3926 2873 3978 αί
2902 3924 3051 3995 παρά
3070 3923 3145 3993 τῷ
3170 3924 3361 3995 Πατρί.

2422 4035 2439 4066 ι
2474 4015 2771 4087 Πορεύεσθε
2806 4014 2893 4067 διὰ
2916 4016 3023 4068 τῶν
3053 4014 3234 4067 πυλῶν
3265 4030 3386 4084 μου.
3428 4033 3449 4067 s
3480 4015 3638 4069 Νοεῖν
3679 4016 3739 4069 δὲ
3779 4019 3921 4089 ἡμῖν

2343 4107 2569 4176 παρέχει
2600 4105 2687 4159 διὰ
2715 4104 2917 4159 τούτων
2954 4104 3050 4176 τὴν
3079 4104 3397 4174 ἐπουράνιον
3432 4106 3525 4159 τοῦ
3560 4106 3697 4160 Θεοῦ
3731 4109 3915 4173 πόλιν,

2344 4197 2437 4249 καὶ
2458 4199 2555 4259 τὰς
2585 4196 2751 4266 αὐτῆς
2782 4196 2952 4258 πύλας
2970 4212 2983 4224 ·
3014 4194 3050 4247 ἃ
3074 4193 3136 4264 δὴ
3159 4194 3333 4247 πάντα
3358 4196 3497 4249 κατὰ
3520 4196 3609 4248 τὸν
3631 4198 3910 4265 ἐπηγγελ-

2346 4288 2500 4357 μένον
2548 4287 2715 4340 αἰῶνα
2764 4287 3261 4357 ἀναπετασθήσεται
3304 4290 3416 4351 τοῖς
3449 4285 3619 4351 ἀξίοις
3676 4288 3774 4339 καὶ
3827 4289 3918 4340 λε-

2342 4375 2615 4447 χθήσεται·
2663 4396 2682 4429 t
2710 4378 3007 4448 Πορεύεσθε
3037 4379 3120 4433 διὰ
3144 4378 3251 4431 τῶν
3283 4378 3464 4431 πυλῶν
3498 4396 3618 4447 μου,
3664 4381 3761 4431 καὶ
3793 4381 3917 4435 ὁδο-

693 4455 760 4508 de
786 4457 867 4509 via
892 4455 1150 4525 projicite.
1180 4458 1394 4513 Elevate
1419 4462 1627 4530 signum
1664 4463 1715 4515 in
1750 4473 1952 4531 gentes.
1978 4484 1997 4516 ι
2024 4465 2234 4519 Nullum

2347 4470 2601 4540 ποιήσατε
2643 4469 2719 4538 τῷ
2758 4468 2872 4539 λαῷ
2907 4488 3029 4540 μου,
3070 4472 3161 4523 καὶ
3197 4470 3322 4533 τοὺς
3350 4470 3527 4531 λίθους
3561 4469 3625 4521 ἐκ
3653 4471 3754 4540 τῆς
3785 4473 3913 4525 ὀδοῦ

695 4545 855 4604 enim.
885 4546 1077 4613 inquit,
1109 4547 1565 4615 impedimentum,
1597 4550 1771 4605 nullus
1798 4553 1935 4605 obex
1964 4553 2090 4617 erit,
2133 4568 2238 4607 non

2347 4560 2673 4631 διαρῤίψατε.
2712 4560 2969 4630 Ἐξάρατε
3003 4559 3277 4631 σύσσημον
3302 4561 3379 4623 είς
3405 4559 3472 4612 τὰ
3492 4559 3639 4628 ἔθνη.
3674 4580 3691 4612 ι
3723 4562 3917 4633 Μηδὲν

694 4633 917 4699 invidia,
940 4652 1042 4689 non
1068 4638 1224 4702 livor,
1255 4654 1356 4693 non
1373 4649 1660 4707 praetextus
1687 4644 1975 4712 quispiam,
2004 4661 2107 4699 non
2132 4645 2241 4700 dte-

703 4738 844 4787 mou,
874 4741 977 4779 non
1013 4728 1233 4795 Spiritus
1279 4729 1562 4797 malignus,
1597 4747 1701 4786 non
1736 4735 2043 4790 adversaria
2092 4747 2239 4806 pote-

691 4826 801 4869 stas
838 4816 1010 4869 oberit
1061 4820 1250 4886 populo
1286 4835 1425 4885 meo,
1468 4824 1749 4890 quominus
1786 4826 1837 4880 in
1873 4842 2095 4897 regnum
2127 4845 2237 4883 cre-

695 4903 866 4958 lorum
912 4909 1261 4976 ingrediatur.
1296 4911 1419 4967 Haec
1450 4923 1626 4969 autem
1666 4916 1987 4984 quibusdam
2040 4920 2240 4989 angeli-

693 4995 773 5048 cis
807 4997 1089 5052 virtutibus
1124 5001 1386 5055 dicentur.

767 5172 927 5225 Vsus.
955 5175 1038 5240 ll,
1068 5176 1152 5231 l2.
1187 5197 1203 5228 ι
1228 5178 1362 5232 Ecce
1386 5180 1526 5233 enim
1551 5181 1803 5237 Dominus
1832 5187 2068 5240 auditum
2112 5186 2237 5240 fecit

696 5274 865 5324 usque
907 5264 969 5315 ad
1009 5275 1305 5318 extremum
1342 5278 1515 5331 terrm,
1553 5270 1722 5324 Dicite
1758 5274 1876 5327 tiliae
1918 5274 2068 5337 Sion,
2106 5276 2239 5329 Ecce

696 5348 941 5403 Salvator
972 5353 1061 5405 tibi
1093 5356 1234 5408 venit
1259 5358 1457 5411 habens
1492 5363 1786 5414 mercedem
1828 5379 2000 5428 suam,
2028 5375 2079 5418 et
2106 5379 2239 5431 OptlS

694 5451 1008 5495 suum‘ante
1044 5444 1229 5498 faciem
1276 5465 1447 5503 suam.
1488 5453 1546 5505 Et
1592 5455 1802 5507 vocabit
1834 5470 1951 5509 eum
1985 5458 2234 5525 populum

698 5541 964 5594 sumtum,
1000 5537 1330 5605 redemptum
1388 5557 1413 5591 ο
1470 5543 1713 5596 Domino.
1751 5545 1826 5598 Tu
1860 5558 2035 5599 autem
2074 5563 2233 5601 voca—

702 5614 839 5667 beris
875 5619 1125 5685 requisita
1156 5624 1367 5688 civitas,
1398 5640 1448 5680 et
1496 5648 1597 5683 non
1665 5633 1867 5685 relicta.
1900 5654 1914 5684 ι
1948 5635 2021 5687 Ne
2053 5636 2237 5688 existi-

700 5714 807 5759 met
860 5708 1140 5775 quispiam,
1181 5715 1269 5778 ait,
1323 5719 1431 5772 lum?
1474 5723 1535 5773 «lu
1588 5723 1807 5779 Juilztico
1862 5727 2053 5795 pupulo
2091 5727 2186 5781 dici
2226 5774 2229 5777 λ

2341 4652 2468 4721 γὰρ,
2500 4651 2681 4722 φησὶν,
2717 4650 2865 4703 ἔσται
2893 4650 3139 4721 κώλυμα,
3176 4651 3308 4721 μηδὲ
3338 4650 3609 4721 ἐμπόδιον,
3651 4653 3792 4721 μηδέ
3824 4671 3916 4717 τις

2343 4740 2552 4808 φθόνος,
2589 4740 3030 4817 μηδὲβάσκανος,
3064 4740 3137 4809 μὴ
3177 4741 3448 4809 πρόφασίς
3484 4759 3562 4805 τε,
3623 4742 3759 4812 μηδὲ
3793 4745 3916 4796 δαί-

2345 4850 2479 4902 μων,
2522 4832 2595 4901 μὴ
2631 4831 2845 4899 πνεῦμα
2892 4831 3141 4902 πονηρὸν,
3183 4833 3255 4903 μὴ
3293 4832 3517 4901 δύναμις
3552 4834 3914 4903 ἀντικειμένη

2342 4923 2681 4975 διακωλυέτω
2707 4923 2795 4974 τὸν
2826 4922 2949 4975 λαὸν
2974 4922 3060 4974 τὸν
3093 4922 3219 4990 ἐμὸν
3254 4925 3333 4985 είς
3360 4923 3456 4993 τὴν
3486 4923 3763 4991 βασιλείαν
3797 4926 3915 4978 τῶν

2342 5013 2579 5082 οὐρανῶν
2631 5013 2873 5065 εἰσιέναι.
2918 5010 3100 5065 Ταῦτα
3128 5012 3183 5063 δὲ
3231 5012 3365 5084 πρός
3410 5031 3558 5077 τινας
3606 5015 3914 5082 ἀγγελικὰς

2342 5104 2653 5173 λεχθήσεται
2683 5103 2953 5171 δυνάμεις.

2420 5214 2435 5244 ι
2478 5194 2603 5246 Ἰδοὺ
2630 5194 2738 5263 γὰρ
2770 5192 2970 5261 Κύριος
3004 5194 3254 5264 ἐποίησεν
3282 5194 3544 5248 ἀκουστὸν
3587 5197 3689 5258 ἕως
3743 5198 3914 5267 ἐσχά-

2342 5302 2431 5336 του
2462 5286 2559 5353 τῆς
2581 5285 2704 5351 γῆς·
2734 5284 2933 5336 Εἴπατε
2982 5290 3045 5355 τῇ
3090 5285 3317 5358 θυγατρὶ
3348 5288 3481 5337 Σιών
3502 5304 3513 5315 ’
3572 5288 3697 5339 Ἰδοὺ
3731 5290 3757 5339 ὀ
3798 5290 3917 5342 Σω-

2342 5376 2403 5442 τῆ
2414 5395 2441 5445 ρ
2474 5391 2554 5424 σοι
2586 5375 2954 5442 παραγέγονεν
2986 5375 3122 5442 ἔχων
3152 5376 3239 5426 τὸν
3265 5375 3454 5429 ἑαυτοῦ
3486 5378 3695 5445 μισθλν,
3723 5380 3819 5431 καὶ
3845 5382 3913 5435 τὸ

2344 5463 2498 5529 ἔργον
2535 5462 2693 5514 αὐτοῦ
2732 5462 2835 5532 πρὸ
2865 5462 3148 5533 προσώπου
3184 5463 3367 5516 αὐτοῦ.
3405 5466 3513 5517 Καὶ
3547 5467 3766 5518 καλεσει
3804 5470 3907 5521 αὐ-

2342 5556 2429 5605 τὸν
2486 5556 2610 5607 λαὸν
2656 5556 2827 5619 ἅγιον,
2873 5554 3271 5625 λελυτρωμὲνον
3316 5556 3419 5608 ὑπὸ
3462 5559 3687 5627 Κυρίου.
3745 5562 3817 5612 ΣΞ»
3847 5562 3911 5615 δὲ

2346 5642 2586 5713 κληθήσῃ
2612 5640 3005 5710 ἐπιζητουμένη
3034 5642 3186 5705 πόλις
3230 5644 3322 5696 καὶ
3364 5646 3460 5696 οὐκ
3489 5648 3909 5717 ἐγκαταλελειμ-

2350 5732 2496 5799 Eri-xy.
2540 5750 2554 5781 ι
2587 5731 2675 5798 Μὴ
2705 5730 2808 5797 γὰρ
2834 5730 3090 5799 νομιζέτω
3117 5750 3213 5795 τις,
3258 5736 3436 5806 φησὶν,
3484 5738 3608 5806 περὶ
3642 5738 3730 5791 τοῦ
3773 5744 3899 5794 ἰουο
