4058 6422
230 360 333 417 561

1180 344 1682 407 COMMENTARIA
1717 343 1787 401 IN
1824 342 2076 402 ISAIAM.
2115 374 2186 385 —
2218 342 2368 400 CAP.
2407 339 2589 398 LXIII.

3368 338 3475 393 ὅθι

228 472 401 528 δαίων
424 469 553 525 λαοῦ
577 467 745 524 ταῦτα
768 466 1043 541 εἰρῆσθαι·
1072 468 1370 540 ἐπειδήπερ
1393 466 1570 521 πάντα
1589 466 1657 520 τά
1674 465 1803 536 ἔθνη

1924 466 2157 536 [ueniam
2188 480 2376 521 omnes
2406 471 2595 536 gentes
2618 460 2832 533 signum
2858 459 3041 515 levare
3062 456 3241 525 jubet,
3278 464 3332 510 et
3353 471 3471 509 om-

228 563 296 619 τὺ
354 565 577 635 σημεῖον
614 560 863 635 αἴρεσθαι
900 560 1243 632 προστάττει,
1304 560 1401 613 καὶ
1444 558 1652 621 πάντας
1699 557 1804 620 ἐως

1924 560 2064 615 tibus
2097 573 2273 628 usque
2308 558 2375 613 ad
2424 564 2726 614 extremum
2761 561 2920 609 terrae
2956 550 3211 621 praedicta
3265 562 3448 603 annun

198 649 471 721 -ἐσχάτου
526 648 626 719 τῆς
676 648 779 719 γῆς
826 648 1253 717 εὐαγγελίζεται
1305 646 1376 701 τά
1420 646 1801 718 προλεχθέντα.

232 741 417 795 Πάλαι
449 740 545 811 μὲν
572 734 665 794 οὗν
704 738 846 794 κατά
872 739 970 810 τὴν
994 737 1214 811 πρώτην
1240 737 1404 793 αὑτοῦ
1448 737 1748 809 παρουσίαν
1777 736 1807 788 6

233 830 401 895 αὐτὸς
448 826 516 902 ἦν
552 829 743 902 Σωτὴρ
781 830 850 883 δι’
897 825 973 885 ὧν
1020 829 1221 901 ἔπραξε
1259 830 1353 883 καὶ
1376 827 1641 882 πέπονθεν
1666 826 1808 897 ὑπὲρ

231 923 328 976 τοῦ
394 921 503 977 τῶν
562 920 861 993 ἀνθρώπιον
918 921 1106 989 γένους
1157 920 1256 993 τὴν
1314 921 1465 992 παρά
1513 918 1609 972 τοῦ
1671 915 1807 971 Θεοῦ

234 1013 513 1084 σωτηρίαν
536 1014 648 1076 τοῖς
672 1014 751 1076 είς
772 1011 933 1066 αὑτὸν
964 1011 1274 1066 πιστεύουσι
1297 1011 1591 1083 προξενῶν,
1616 1009 1745 1081 παρ’
1766 1003 1811 1077 ᾧ

232 1107 335 1159 καὶ
364 1103 571 1176 Ἰησοῦς
593 1102 904 1176 ὠνομάσθη,
941 1102 1081 1157 κατά
1100 1101 1200 1175 τὴν
1220 1102 1314 1158 τοῦ
1343 1101 1571 1173 ἀγγέλου
1607 1116 1812 1173 μαρτυ-

236 1198 382 1268 ρίαν.

743 1286 1138 1343 ΚΕΦΔΛΔΙΟΝ
1183 1285 1300 1341 ΞΡ.

313 1419 337 1453 ι
371 1401 469 1464 Τίς
502 1394 654 1465 οὗτος
696 1402 725 1455 6
758 1400 1193 1473 παραγενόμενος
1218 1399 1280 1465 ἐξ
1320 1396 1534 1470 Ἔδὼμ,
1564 1396 1814 1471 ἐρύθημα

234 1493 473 1564 ἱματίων
514 1495 579 1547 ἐκ
629 1494 831 1564 Βοσόρ;
866 1493 1037 1556 οὕτως
1078 1493 1277 1565 ὡραῖος
1321 1493 1381 1547 ἐν
1415 1491 1579 1564 στολῇ
1611 1490 1813 1547 αὐτοῦ’

237 1583 335 1654 βία
369 1584 507 1655 μετά
549 1583 749 1654 ίσχύος.
797 1582 937 1652 Ἐγὼ
979 1580 1679 1655 διαλέγομαι-δικαιοσύνην
1722 1582 1818 1635 καὶ

234 1672 423 1745 κρίσιν
449 1674 739 1744 Σωτηρίου.
774 1691 794 1725 ι
824 1673 1242 1744 Προσωποποιεῖ
1275 1674 1305 1725 6
1333 1671 1491 1740 λόγος
1518 1671 1816 1743 ἐρωτήσεις

1907 650 2025 705 tiat.
2061 648 2203 706 Olim
2234 648 2451 718 quidem
2495 648 2557 702 in
2596 645 2773 717 primo
2800 658 2899 698 suo
2939 643 3174 696 adventu
3209 638 3326 707 ipse
3358 635 3480 690 Sal-

1906 749 2082 807 vator,
2108 755 2206 812 per
2248 756 2310 797 ea
2337 754 2458 811 qua
2485 752 2582 809 pro
2614 738 2852 793 humano
2876 747 3081 803 genere
3112 730 3244 785 fecit
3276 738 3332 785 et
3354 740 3479 797 per-

1906 849 2093 905 pessus
2121 842 2223 898 est,
2257 847 2375 887 eam
2411 845 2531 902 qua:
2556 845 2588 885 a
2618 830 2731 885 Deo
2760 836 2852 883 est
2898 825 3131 882 salutem
3168 823 3224 878 in
3258 835 3320 877 se
3360 834 3479 874 cre-

1907 924 2158 980 dentibus
2187 922 2529 987 conciliabat,
2551 920 2695 975 unde
2724 916 2883 975 Jesus
2919 913 3226 987 appellatus
3258 919 3363 979 est,
3402 924 3483 966 se-

1910 1014 2146 1071 cundum
2190 1011 2366 1083 angeli
2399 1008 2792 1067 testimonium.

2469 1271 2697 1330 CAPUT
2733 1267 2912 1325 LXIII.

1983 1367 2151 1423 Vens.
2178 1368 2232 1423 1.
2268 1385 2287 1419 ι
2318 1366 2449 1434 Quis
2475 1374 2559 1422 est
2582 1367 2686 1421 iste
2711 1364 2802 1434 qui
2830 1360 2981 1417 venit
3009 1361 3074 1416 de
3102 1358 3293 1421 Edom,
3320 1355 3488 1412 rubor

1914 1462 2361 1519 vestimentorum
2396 1460 2465 1516 de
2486 1457 2690 1514 Bos'or?
2713 1457 2793 1513 sic
2820 1454 3091 1510 formosus
3113 1452 3168 1507 in
3189 1450 3325 1507 stola
3353 1464 3477 1513 sua,

1914 1554 2176 1611 violentia
2225 1568 2347 1609 cum
2374 1550 2722 1608 fortitudine.
2750 1548 2866 1621 Ego
2890 1548 3086 1618 loquor
3120 1543 3392 1614 justitiam
3435 1549 3493 1597 et

1913 1646 2178 1718 iudicium
2229 1644 2561 1701 Salutaris.»
2608 1640 3019 1711 Interrogantes
3062 1635 3271 1692 inducit
3299 1646 3493 1705 perso-

234 1728 402 1815 τινῶν
436 1728 684 1833 ὁρώντων
709 1761 800 1815 τὸν
825 1728 1059 1831 Χριστὸν
1089 1758 1370 1832 πολεμικῷ

1924 1752 2017 1794 nas
2047 1735 2309 1808 quasdam
2348 1733 2631 1790 Christum
2683 1730 2880 1787 bellico
2924 1728 3115 1784 habitu
3167 1733 3225 1781 et
3258 1730 3494 1811 cruputo

238 1850 503 1922 ρούμενον
536 1853 630 1905 καὶ
651 1850 748 1923 τὴν
781 1850 1070 1922 περιϐολὴν
1099 1851 1417 1923 ᾑμαγμένον
1441 1867 1454 1881 ’
1476 1851 1529 1904 οἳ
1555 1850 1649 1904 καὶ
1678 1848 1815 1921 πρὸς

236 1939 498 2010 ἀλλήλους
522 1941 652 2009 φασὶ
674 1939 736 1993 τὸ
766 1939 912 2003 ξένον
929 1938 1023 1993 τοῦ
1049 1941 1329 2011 σχήματος
1352 1937 1779 2010 ἐκπληττόμενοι
1795 1954 1808 1969 ·

243 2047 263 2081 ι
308 2028 405 2091 Τίς
442 2022 594 2092 οὗτος
634 2030 663 2082 6
709 2027 1152 2098 παραγενόμενος
1190 2024 1252 2091 ἐξ
1313 2025 1510 2096 Ἐδὼμ,
1562 2024 1815 2097 ἐρύθημα

237 2117 476 2188 ἱματίων
506 2122 570 2172 ἐκ
600 2120 804 2190 Βοσόρ;
852 2136 872 2171 ι
929 2117 1145 2189 Ἐπειδὴ
1188 2116 1298 2189 γάρ
1332 2118 1367 2189 ή
1424 2112 1604 2186 Ἐδὼμ
1648 2114 1742 2169 καὶ
1780 2115 1815 2185 ἡ

235 2207 414 2279 Βοσὸρ
440 2208 540 2278 τῆς
577 2208 684 2262 τῶν
712 2208 1021 2278 ἀλλοφύλων
1048 2207 1233 2279 χώρας
1260 2208 1357 2263 καὶ
1387 2206 1475 2261 ἀεὶ
1509 2204 1620 2259 τῶν
1661 2202 1817 2258 πολε-

240 2298 383 2371 μίων
421 2299 515 2352 τοῦ
566 2299 782 2372 Ἰσραὴλ
807 2301 1182 2373 τυγχάνουσιν,
1221 2283 1445 2363 εἰκότως
1486 2298 1576 2352 διὰ
1614 2295 1818 2351 τούτων

236 2388 351 2441 τῶν
379 2388 657 2460 ὀνομάτων
680 2390 779 2453 τὰς
809 2390 1189 2461 ἀντικειμένας
1216 2388 1478 2460 δυνάμεις
1498 2387 1815 2451 αἰνίττεται,

239 2479 339 2534 καὶ
375 2479 483 2533 τῶν
527 2481 910 2551 ἀνῃρημένων,
957 2484 1051 2535 καὶ
1083 2481 1324 2552 ὡσπερεὶ
1354 2479 1818 2550 κατεσφαγμένων

238 2568 332 2623 τὸν
374 2570 667 2641 ἱματισμὸν
712 2571 876 2626 αὐτοῦ
924 2590 1057 2641 φησι
1105 2571 1471 2641 πεφοινίσθαι.
1518 2571 1731 2643 Σφόδρα
1762 2570 1819 2623 δέ

240 2661 407 2716 αὐτὸν
436 2662 642 2717 ἀλλοῖον
668 2664 903 2736 ὁρῶντες
936 2665 1001 2717 ἐκ
1040 2665 1139 2734 τῆς
1169 2663 1310 2717 κατά
1340 2662 1450 2717 τῶν
1481 2662 1694 2716 ἀσεϐῶν
1737 2680 1820 2715 τι-

243 2752 480 2823 μωρίας,
506 2754 628 2807 οὐδέ
660 2755 945 2825 γνωρίζειν
977 2755 1212 2809 ἐοίκασιν
1251 2754 1435 2821 αὑτὸν,
1471 2755 1694 2827 φαιδρὸν
1724 2754 1821 2808 καὶ

240 2845 477 2915 γαληνὸν
515 2846 608 2900 καὶ
647 2848 855 2918 ἥμερον
891 2847 1053 2901 αὐτὸν
1085 2845 1457 2916 ἐπιστάμενον
1493 2846 1573 2900 διὸ
1611 2846 1818 2900 πυνθά-

240 2952 427 2989 νονται
480 2935 761 3004 λέγοντες;
803 2955 822 2987 ι
859 2937 955 3000 Τίς
986 2927 1140 3000 οὗτος
1204 2936 1232 2989 6
1274 2936 1714 3008 παραγενόμενος
1762 2937 1821 3005 ἐξ

257 3024 455 3094 Ἐδὼμ,
476 3024 726 3096 ἐρύθημα
742 3025 967 3095 ἱματίων
983 3028 1047 3080 ἐκ
1058 3025 1255 3097 Βοσόρ;
1280 3044 1402 3077 ι-ι
1424 3026 1816 3097 ’Υπερμαχῶνι

241 3113 376 3185 γὰρ,
408 3114 548 3167 κατά
579 3114 669 3167 τὸν
696 3114 1012 3187 Σύμμαχον,
1044 3114 1154 3169 τῶν
1181 3115 1380 3181 ἀδίκως
1406 3115 1509 3169 ὑπὸ
1539 3116 1647 3169 τῶν
1677 3118 1824 3171 ἀντι-

243 3204 516 3275 κειμένων
549 3205 829 3276 δυνάμεων
877 3208 1397 3279 καταπονουμένων,
1431 3208 1557 3270 τοὺς
1604 3207 1703 3279 μὲν
1748 3208 1827 3274 ῶς

245 3296 477 3367 ἐχθροὺς
513 3299 844 3369 μετήρχετο,
876 3299 1003 3362 τοὺς
1034 3299 1089 3352 δέ
1141 3299 1340 3363 ἔσωζεν
1382 3300 1683 3370 ἐλευθερῶν
1728 3302 1827 3373 τῆς

249 3388 356 3440 ὑπὸ
384 3390 493 3450 τοῖς
518 3388 729 3459 ἐχθροῖς
752 3389 1089 3453 δυναστείας.

324 3496 343 3527 ι
377 3478 476 3530 Διά
506 3478 560 3530 τί
594 3495 685 3531 σου
728 3479 932 3551 ἐρυθρά
959 3479 1027 3533 τὰ
1070 3480 1278 3551 ἱμάτια,
1314 3481 1409 3535 καὶ
1450 3480 1520 3534 τά
1556 3480 1829 3551 ἐνδύματά

249 3587 347 3623 σου
376 3570 453 3634 ὡς
481 3571 587 3624 ἀπὸ
614 3571 852 3641 πατητοῦ
878 3571 1068 3641 ληνοῦ;
1104 3575 1322 3647 Πλήρης
1356 3591 1568 3645 πεπατη
1578 3573 1761 3644 μένης.
1804 3596 1823 3627 ι

251 3659 396 3730 Ὅρα
428 3660 486 3713 δέ
518 3660 636 3724 πῶς
664 3661 875 3733 είρηται
907 3662 1066 3734 ληνὸν
1095 3664 1469 3734 πεπατηκέναι
1503 3664 1825 3736 μονώτατος.

245 3751 416 3821 Μόνῳ
445 3751 555 3822 γὰρ
581 3751 730 3822 αὐτῷ
754 3753 853 3824 τὴν
880 3753 1063 3819 κρίσιν
1084 3753 1315 3808 δέδωκεν
1340 3756 1369 3808 6
1401 3755 1611 3825 Πατὴρ,
1645 3756 1744 3825 τὴν
1772 3755 1830 3808 δέ

249 3842 359 3896 τῶν
398 3844 808 3915 ἁμαρτημάτων
837 3843 1101 3915 ἔκπραξιν
1126 3842 1287 3915 ληνὸν
1315 3844 1473 3899 εἴωθε
1508 3845 1690 3903 καλεῖν
1707 3862 1721 3875 ·
1747 3843 1832 3897 διδ

250 3935 312 3988 ὲν
356 3936 469 3997 τοῖς
506 3934 733 4006 Θρήνοις
798 3934 1066 4006 Ἱερεμίας
1110 3936 1280 4006 φησί·
1318 3954 1352 3992 t.
1379 3935 1551 4006 Ληνὸν
1592 3936 1831 4006 ἐπάτησε

250 4022 459 4092 Κύριος
498 4024 750 4094 παρθένῳ
794 4023 1025 4095 θυγατρὶ
1076 4024 1278 4077 Ἰούδα*
1338 4024 1431 4077 ἐπὶ
1470 4023 1678 4088 τούτοις
1721 4024 1832 4091 ἐγὼ

250 4114 445 4167 κλαίω.
479 4134 498 4167 ι
531 4115 738 4185 Ὠσπερ
759 4115 814 4166 δὲ
842 4118 875 4184 ἡ
912 4116 1005 4167 ἐπὶ
1036 4115 1096 4168 τὸ
1127 4114 1258 4168 αύτὺ
1279 4113 1389 4168 τῶν
1416 4115 1831 4187 ἁμαρτημάτων

252 4205 476 4275 εὐθύνη,
511 4206 605 4259 καὶ
634 4209 663 4259 6
691 4206 908 4276 ἔλεγχος
940 4206 1026 4259 ἐπ’
1055 4207 1257 4269 αὐτοῖς,
1290 4206 1325 4275 ἥ
1360 4223 1419 4258 τε
1454 4204 1714 4276 ἐκπραξις
1740 4206 1833 4259 καὶ

253 4296 291 4367 ἡ
321 4296 560 4367 τιμωρία
585 4297 743 4367 ληνὸς
770 4297 1081 4367 ὠνόμασται
1103 4313 1116 4326 ·
1151 4296 1291 4349 οὕτω
1329 4297 1423 4349 καὶ
1460 4296 1570 4349 τῶν
1614 4296 1831 4364 ἀγαθῶν

252 4387 485 4458 καρπῶν
525 4390 588 4440 ἐκ
618 4387 718 4457 τῆς
757 4387 968 4457 ἀγαθῆς
1008 4386 1256 4457 ἀμπέλου
1284 4387 1649 4458 τρυγωμένων
1682 4388 1834 4459 ληνοὶ

254 4478 517 4545 θεοφιλεῖς
566 4479 659 4532 καὶ
709 4478 828 4549 Θεῷ
870 4478 1098 4550 ἀρεσταὶ
1153 4477 1423 4546 γίνονταιο
1472 4478 1557 4547 ἐφ’
1604 4474 1693 4542 αἷς
1737 4480 1833 4532 καὶ

260 4588 281 4621 ι
306 4568 602 4640 Ἐπιλήνιοι
644 4588 662 4621 ι
700 4568 857 4639 ὕμνοι
890 4570 1130 4640 είρηνται
1157 4568 1213 4621 ἐν
1243 4571 1355 4631 τοῖς
1378 4569 1647 4639 Ψαλμοῖς.
1677 4588 1696 4620 ι
1731 4568 1829 4622 Διά

251 4657 310 4709 τί
350 4674 441 4710 σου
484 4658 690 4731 ἐρυθρά
732 4659 801 4711 τὰ
834 4658 1044 4729 ἱμάτια,
1081 4659 1176 4712 καὶ
1218 4657 1287 4711 τὰ
1318 4657 1593 4730 ἐνδύματὰ
1626 4676 1720 4711 σου
1753 4658 1828 4721 ὡς

253 4748 365 4803 ἀπὸ
401 4748 637 4819 πατητοῦ
669 4749 866 4821 ληνοῦ;
898 4749 1116 4821 Πλήρης
1152 4750 1555 4821 πεπατημένης.
1601 4770 1620 4801 ι
1646 4749 1832 4803 ’Μολύ-

253 4856 337 4895 νει
372 4839 427 4892 δὲ
464 4839 533 4892 τὰ
576 4840 845 4911 ἐνδύματα
881 4840 1043 4892 αὐτοῦ
1066 4881 1080 4902 ,
1118 4840 1305 4911 ὥσπερ
1338 4842 1542 4912 ἐρυθρά
1575 4842 1829 4910 γενέσθαι

252 4930 397 4984 αὺτά
421 4930 634 4997 λέγεται
656 4930 1067 5002 προσωποποιίᾳ
1097 4932 1369 5001 ἐμφατικῇ
1390 4947 1401 4961 ·
1431 4931 1619 5004 ὥσπερ
1652 4932 1743 4985 καὶ
1766 4932 1829 4985 τὸ

255 5016 397 5089 αἷμα
428 5018 536 5071 τῶν
569 5018 797 5089 ἐχθρῶν,
833 5020 959 5090 περί
988 5011 1048 5071 οὗ
1096 5036 1260 5089 φησι·
1314 5039 1332 5072 t
1378 5022 1488 5074 Καὶ
1518 5024 1827 5092 κατήγαγον

254 5109 319 5159 τὸ
358 5102 496 5178 αἷμα
537 5106 715 5160 αὐτῶν
748 5108 827 5169 εἰς
847 5108 968 5176 γῆν.
1007 5125 1027 5158 ι
1056 5107 1129 5159 Οὐ
1158 5107 1263 5176 γάρ
1294 5107 1357 5178 δὴ
1406 5109 1658 5179 αἰσθητὸν
1692 5106 1828 5181 αἷμα

253 5200 478 5271 νοητέον
519 5194 656 5251 εῖναι
692 5198 819 5269 περὶ
848 5198 946 5261 τὰς
975 5200 1355 5269 ἀντικειμένας
1380 5200 1658 5271 δυνάμεις.

336 5308 355 5341 ι
404 5292 514 5343 Καὶ
552 5290 660 5344 τῶν
690 5289 859 5343 ἐθνῶν
883 5291 982 5343 οὐκ
1015 5289 1159 5342 ἐστιν
1191 5291 1330 5362 ἀνὴρ
1368 5292 1484 5361 μετ’
1523 5292 1677 5361 ἐμοῦ.
1721 5296 1831 5348 Καὶ

253 5382 616 5452 κατεπάτησα
643 5381 837 5443 αὐτοὺς
866 5382 920 5433 ἐν
949 5378 1103 5450 θυμῷ
1137 5397 1257 5449 μου,
1286 5383 1380 5434 καὶ
1404 5383 1707 5436 κατέθλασα
1737 5387 1833 5437 αὑ-

253 5474 386 5537 τοὺς
411 5474 487 5536 ὡς
505 5475 626 5543 γῆν,
652 5472 748 5526 καὶ
773 5474 1080 5544 κατήγαγον
1108 5474 1169 5525 τὸ
1202 5467 1338 5544 αἷμα
1355 5476 1532 5528 αὐτῶν
1552 5478 1629 5539 είς
1650 5478 1771 5547 γῆν.
1801 5498 1817 5529 ι

271 5563 494 5633 Ἐπειδὴ
526 5563 633 5635 γὰρ
662 5564 876 5618 ἐδόκουν
910 5565 968 5617 τὸ
998 5564 1258 5637 πρότερον
1290 5565 1651 5633 ἀνυπότακτοί
1686 5586 1825 5635 τινες

336 5742 382 5773 ’⁸
415 5740 681 5804 ’I’hren.t,
722 5745 793 5805 1:5,
837 5742 893 5791 l6

1846 1810 2121 1887 Bamictu
2164 1827 2409 1884 videntes
2439 1842 2452 1876 :
2478 1840 2602 1895 qua:
2648 1822 2914 1895 stupende
2968 1820 3165 1876 vestitu
3201 1816 3491 1890 perculsae,

1921 1923 1997 1980 ita
2024 1931 2209 1977 mutuo
2236 1919 2625 1989 colloquuntur
2658 1934 2671 1971 :
2712 1933 2731 1969 ι
2754 1908 2892 1981 Quis
2936 1921 3023 1970 est
3063 1913 3187 1979 iste,
3215 1910 3308 1981 qui
3341 1909 3495 1965 venit

1922 2014 1989 2069 de
2023 2012 2214 2077 Edom,
2263 2010 2431 2065 rubor
2468 2008 2912 2064 vestimentorum
2953 2020 3021 2060 ex
3068 2003 3280 2059 Bosor?
3309 2020 3328 2053 ι
3354 1999 3494 2056 Nam

1922 2104 2049 2176 quia
2076 2102 2245 2158 Edom
2290 2110 2346 2156 et
2384 2100 2555 2155 Bosor
2579 2099 3007 2171 alienigenarum
3032 2097 3283 2167 regiones
3314 2101 3491 2160 erant,

1922 2196 2107 2253 lsraeli
2146 2209 2361 2266 semper
2402 2191 2640 2259 infestae;
2676 2190 2764 2247 his
2805 2187 3121 2246 nominibus
3149 2184 3495 2241 adversaria:

1924 2296 2221 2357 potestates
2272 2291 2637 2355 congruenter
2689 2282 2936 2346 indicat,
2989 2294 3057 2335 ac
3108 2277 3497 2332 vestimentum

1925 2392 2084 2433 suum
2106 2390 2370 2432 ctesorum
2402 2390 2466 2431 ac
2495 2373 2867 2445 iugulatorum
2899 2385 3092 2426 cruore
3121 2367 3273 2439 quasi
3301 2381 3495 2436 purpu-

1925 2478 2103 2525 ratum
2132 2481 2253 2522 esse
2282 2466 2436 2523 dicit.
2472 2465 2604 2520 Cum
2647 2474 2828 2519 autem
2871 2464 3045 2533 ipsum
3091 2476 3121 2516 a
3162 2469 3379 2531 sumpto
3430 2460 3501 2515 de

1925 2562 2106 2633 impiis
2140 2559 2403 2631 supplicio
2430 2558 2584 2614 valde
2621 2558 2961 2612 immutatum
2994 2560 3241 2617 cernant,
3277 2566 3346 2605 ne
3372 2550 3499 2619 qui-

1926 2654 2047 2709 dem
2064 2667 2223 2708 nosse
2248 2651 2519 2717 videntur,
2546 2662 2706 2724 quem
2734 2648 2934 2711 latum,
2970 2642 3318 2714 tranquillum
3350 2656 3500 2697 man-

1927 2754 2247 2814 suetumque
2283 2756 2404 2799 esse
2440 2726 2690 2798 sciebant
2719 2755 2734 2791 :
2768 2738 3121 2810 quamobrem
3149 2734 3499 2790 sciscitantur

1925 2836 2013 2893 his
2039 2836 2218 2892 verbis
2244 2852 2257 2887 :
2284 2853 2305 2887 ι
2333 2835 2464 2902 Quis
2500 2842 2583 2888 est
2604 2834 2705 2888 iste
2732 2831 2824 2902 qui
2856 2830 3006 2886 venit
3031 2829 3097 2885 de
3120 2826 3313 2893 Edom,
3332 2824 3497 2879 rubor

1927 2928 2372 2984 vestimentorum
2397 2928 2463 2981 de
2498 2926 2669 2995 Bosor
2687 2925 2712 2977 τ
2745 2940 2867 2976 ι-ι
2893 2918 3246 2990 Propugnans
3275 2936 3294 2970 ι
3328 2916 3496 2979 enim,

1928 3020 2225 3075 secundum
2263 3018 2671 3096 Symmachum,
2697 3029 2794 3086 pro
2824 3018 2914 3078 iis,
2946 3011 3037 3081 qui
3071 3011 3140 3064 ab
3172 3006 3498 3064 adversariis

1928 3112 2286 3183 potestatibus
2332 3108 2732 3183 amigebantur,
2788 3107 2910 3162 illos
2951 3103 3170 3174 quidem
3222 3110 3294 3159 ut
3314 3100 3500 3155 hostes

1927 3201 2238 3265 invadebat,
2273 3199 2375 3256 bos
2405 3208 2589 3253 autem
2630 3198 2805 3254 salute
2837 3194 3097 3261 donabat,
3134 3192 3203 3247 ab
3249 3189 3500 3248 inimicos

1928 3309 2046 3349 rum
2075 3292 2315 3365 potentia
2352 3299 2591 3362 ereptos.

2002 3450 2165 3507 Vens.
2196 3450 2252 3504 2.
2296 3468 2317 3502 ι
2338 3450 2517 3519 Quare
2548 3448 2716 3505 rubra
2750 3447 3077 3503 vestimenta
3105 3452 3214 3509 tua,
3253 3450 3305 3497 et
3340 3440 3505 3495 indu-

1928 3553 2112 3599 menta
2147 3553 2235 3598 tua
2287 3548 2442 3614 quasi
2488 3559 2518 3598 a
2567 3542 2774 3598 calcato
2812 3539 3113 3597 torculari?
3145 3536 3347 3593 Plenus
3372 3550 3504 3590 con-

1928 3636 2161 3696 culcata.
2191 3655 2212 3690 ι
2237 3636 2372 3693 Vide
2412 3637 2681 3708 quomodo
2712 3634 2859 3691 solus
2888 3630 3130 3687 torcular
3154 3626 3507 3683 conculcasse

1929 3734 2158 3790 dicatur.
2203 3732 2313 3803 Ipsi
2365 3739 2605 3799 namque
2650 3727 2753 3783 soli
2798 3727 3061 3798 judicium
3109 3728 3261 3784 dedit
3294 3727 3502 3781 Pater:

1929 3834 2274 3897 peccatorum
2307 3838 2437 3878 vero
2466 3822 2724 3876 ultionem
2753 3822 2989 3875 torcular
3011 3820 3286 3891 appellare
3314 3819 3454 3874 solet
3486 3834 3504 3874 :

1931 3934 2102 3989 quare
2134 3918 2187 3972 in
2226 3915 2460 3971 Threnis
2491 3915 2565 3968 ait
2588 3912 2894 3969 Jeremias:
2928 3930 2948 3964 ι
2975 3911 3239 3967 Torcular
3275 3909 3507 3965 calcavit

1933 4011 2190 4066 Dominus
2211 4010 2409 4078 virgini
2442 4008 2565 4063 tilia:
2588 4006 2615 4061 J
2625 4008 2726 4062 uda
2754 4024 2769 4059 :
2795 4021 2958 4077 super
2992 4006 3080 4060 his
3101 4019 3200 4074 ego
3219 4003 3373 4074 ploro
3398 4001 3464 4059 ’⁸.
3480 4020 3501 4053 ι

1931 4101 2397 4171 Quemadmodum
2452 4109 2632 4155 autem
2685 4098 2967 4154 confertim
3020 4096 3221 4151 habitae
3255 4102 3508 4165 peccato-

1932 4211 2049 4251 rum
2084 4210 2279 4267 pmnze,
2317 4192 2645 4262 redargutio,
2668 4190 2802 4246 ultio
2853 4202 2908 4245 et
2938 4188 3261 4259 supplicium
3325 4197 3508 4242 torcu-

1931 4285 2014 4339 lar
2039 4296 2308 4341 vocantur
2332 4302 2347 4351 ;
2379 4283 2456 4337 ita
2484 4290 2540 4337 et
2569 4282 2835 4337 bonorum
2863 4279 3133 4334 fructuum
3162 4294 3230 4333 ex
3253 4278 3391 4332 bona
3424 4278 3508 4330 vi-

1932 4390 2033 4431 nea
2058 4376 2455 4444 deeerptorum,
2487 4372 2596 4426 Deo
2622 4368 2878 4425 amabilia
2903 4377 2956 4422 et
2984 4367 3179 4437 placita
3210 4365 3507 4421 toreularia

1933 4474 2194 4537 parantur
2221 4480 2234 4517 :
2262 4479 2364 4534 qua
2394 4464 2458 4518 de
2485 4475 2647 4520 causa
2678 4458 2862 4529 hymni
2892 4476 2911 4508 ι
2952 4459 3059 4512 Pro
3091 4457 3454 4512 torcularibus
3481 4476 3503 4509 ι

1933 4559 2186 4613 dicuntur
2231 4556 2286 4610 in
2336 4554 2588 4610 Psalmis.
2617 4570 2635 4604 ι
2666 4553 2845 4618 Quare
2876 4549 3039 4604 rubra
3081 4549 3424 4613 vestimenta,
3455 4555 3511 4603 et

1932 4649 2248 4706 indumenta
2301 4660 2389 4704 tua
2443 4648 2597 4719 quasi
2642 4662 2671 4701 a
2718 4645 2930 4703 calcato
2980 4642 3279 4698 torculari?
3312 4640 3510 4699 Plenus

1933 4741 2266 4798 conculcata.
2296 4761 2314 4793 ι
2360 4741 2703 4797 Vestimenta
2731 4754 2895 4809 porro
2920 4736 3185 4803 inquinat,
3223 4734 3296 4787 ita
3324 4743 3381 4786 ut
3406 4749 3503 4786 rn-

1932 4836 2062 4889 bore
2114 4834 2412 4905 tinganlur,
2470 4847 2829 4904 prosopopaaa
2879 4847 3011 4889 usus
3068 4829 3388 4897 aptissima;
3448 4835 3506 4878 ut

1933 4927 2098 4980 etiam
2155 4940 2277 4979 cum
2310 4926 2377 4980 de
2429 4926 2694 4997 sanguine
2734 4926 3081 4981 inimicorum
3115 4926 3187 4978 ita
3220 4922 3501 4991 loquitur:

1937 5034 1959 5068 ι
1988 5016 2054 5070 Ει
2084 5015 2281 5071 deduxi
2321 5020 2639 5086 sanguinem
2684 5032 2876 5072 eorum
2912 5019 2962 5071 in
3011 5027 3231 5072 terram.
3264 5033 3282 5065 ι
3320 5011 3506 5080 Neque

1932 5108 2074 5161 enim
2121 5109 2173 5161 in
2221 5109 2548 5163 adversariis
2604 5108 2964 5177 potestatibus
3018 5106 3334 5177 sanguinem
3388 5117 3511 5156 esse

1933 5203 2277 5271 cogitandum
2302 5212 2405 5257 est.

2005 5295 2167 5349 Vnus.
2199 5294 2250 5347 5.
2294 5314 2313 5345 ι
2342 5295 2408 5349 Ει
2439 5296 2502 5349 de
2536 5293 2783 5358 gentibus
2817 5308 2924 5348 non
2958 5302 3040 5347 est
3076 5291 3157 5345 vir
3181 5304 3412 5345 mecum.
3446 5288 3509 5340 Et

1934 5385 2244 5442 conculcavi
2290 5401 2383 5440 eos
2438 5387 2488 5438 in
2544 5385 2727 5440 furore
2769 5400 2907 5446 meo,
2938 5394 2991 5438 et
3031 5382 3267 5452 confregi
3317 5395 3413 5434 eus
3454 5380 3506 5431 in

1937 5488 2159 5541 terram,
2189 5486 2243 5531 et
2291 5478 2490 5531 deduxi
2529 5478 2847 5545 sanguinem
2903 5466 3088 5530 eorum
3129 5476 3180 5527 in
3226 5482 3425 5527 terram
3483 5488 3505 5522 ι

1938 5571 2069 5627 Nam
2116 5571 2239 5639 quia
2296 5571 2442 5639 prius
2502 5585 2605 5624 non
2657 5568 2845 5625 domiti
2896 5582 3035 5634 esse,
3074 5579 3171 5619 nec
3217 5563 3517 5617 victoriam.
