4058 6386
649 337 744 395 503

1300 325 1566 386 EUSEBII
1596 326 2073 384 CAESARIENSIS
2111 325 2259 384 OPP.
2301 323 2480 381 PARS
2528 324 2616 379 Ill.
2652 351 2719 364 —-
2746 320 3149 380 EXEGETICA.

3740 324 3847 380 504

647 457 937 514 concedere
968 453 1311 514 videbantur,
1348 448 1481 518 ιστο-
1497 446 1737 502 devictos
1766 444 1884 499 illos
1925 458 1990 498 ac
2030 442 2173 511 deje-

2293 437 2533 496 εἶναικαὶ
2571 440 2733 511 μηδὲν
2769 436 3218 525 παραχωροῦντες
3243 432 3343 504 τῆς
3377 434 3553 507 νίκης,
3594 436 3842 501 εἰκότως,

647 560 761 606 ctos
793 543 1157 614 subindicaus,
1191 540 1268 593 ait
1299 538 1350 591 in
1377 546 1577 592 terram
1610 534 1871 605 dejectam
1906 532 2071 588 fuisse
2104 533 2182 586 vi-

645 638 864 693 ctoriam
894 647 1100 688 eorum.
1140 647 1158 680 ι
1184 628 1251 683 Ει
1286 625 1525 696 confregi
1554 639 1649 680 eos
1672 624 1723 679 in
1752 633 1969 688 terram,
2002 632 2056 678 et
2086 622 2180 678 de-

642 727 769 782 duxi
800 724 1113 793 sanguinem
1147 731 1332 774 eorum
1364 716 1416 770 in
1445 725 1663 773 terram.
1691 733 1711 769 ι

714 900 877 957 Vsus.
915 899 970 952 4.
1009 916 1027 949 ι
1050 896 1173 951 Dies
1203 892 1344 949 enim
1384 890 1753 946 retributionis
1806 890 1953 944 venit
2001 888 2097 951 eis,
2131 896 2185 942 et

643 1005 817 1045 annus
850 984 1233 1055 redemptionis
1272 983 1441 1037 adest.
1476 1000 1495 1033 ι
1537 981 1807 1049 Siquidem
1837 994 1940 1035 uno
1978 979 2186 1034 eodem-

643 1092 747 1146 que
795 1086 1031 1143 tempore
1088 1086 1213 1127 suos
1256 1069 1516 1133 redimet;
1545 1068 1665 1122 aliis
1718 1081 1845 1123 vero
1902 1068 2179 1129 retribuet,

645 1172 803 1233 prout
842 1163 979 1232 apud
1023 1160 1243 1231 Moysen
1295 1157 1553 1227 scriptum
1604 1166 1729 1213 est:
1768 1156 1877 1210 «Et
1927 1156 2187 1211 retribuet

642 1258 929 1313 vindictam
981 1253 1233 1318 inimicis,
1290 1260 1342 1308 et
1381 1253 1687 1308 odientibus
1738 1266 1798 1308 se
1829 1251 2127 1306 retribuet:
2159 1269 2178 1303 ι

644 1347 1089 1418 quemadmodum
1124 1345 1190 1399 iis
1210 1383 1225 1408 ,
1249 1342 1336 1412 qui
1371 1344 1625 1411 pietatem
1653 1342 1949 1409 coluerunt,
1985 1340 2182 1396 Serva-

643 1449 732 1494 tor
763 1452 883 1494 cum
931 1436 1175 1491 mercede
1226 1448 1318 1489 sua
1352 1434 1567 1489 venisse
1616 1432 1833 1496 dicitur,
1868 1441 1924 1485 ut
1968 1431 2183 1501 praemia

642 1530 924 1593 tribueret,
952 1535 1005 1583 et
1028 1524 1208 1581 bravia
1237 1538 1480 1592 superna
1509 1523 1799 1579 vocationis
1843 1522 1910 1577 iis
1956 1523 2043 1591 qui
2089 1536 2185 1592 pro

644 1620 841 1690 pietate
894 1615 1249 1681 certaverint;
1287 1614 1360 1669 ita
1412 1623 1466 1670 et
1521 1614 1698 1684 impiis
1762 1621 1816 1669 et
1858 1613 2183 1668 contrariam

644 1714 786 1766 viam
835 1707 1067 1764 emensis
1106 1707 1219 1777 ipse
1250 1706 1408 1761 timor
1464 1704 1692 1768 accedit,
1726 1713 1781 1759 et
1808 1712 2027 1759 ventura
2054 1701 2185 1757 ultio

2280 534 2379 604 τήν
2415 528 2582 605 ἧτταν
2616 532 2707 585 καὶ
2734 530 2829 600 τήν
2860 528 3181 583 ταπείνωσιν
3214 526 3394 581 αὐτῶν
3420 528 3842 598 αἱνιτττόμενος,

2282 624 2477 693 φάσκει
2508 624 2587 685 είς
2612 622 2714 691 γῆν
2741 618 3150 689 κατενηνοχέναι
3183 616 3244 671 τὸ
3271 618 3418 681 νῖκος
3445 616 3647 671 αὐτῶν.
3679 637 3698 669 ι
3731 620 3847 672 Kal

2281 713 2629 782 κατεπάτησα
2657 711 2850 774 αὐτοὺς
2878 709 2954 773 ώς
2978 708 3101 779 γῆν,
3134 709 3229 762 καὶ
3261 710 3572 779 κατήγαγον
3601 709 3661 762 τὸ
3698 704 3843 779 αἷμα

2280 804 2457 858 αὐτῶν
2494 805 2571 866 εἰς
2604 801 2725 872 γῆν.
2771 822 2790 855 ι

2356 912 2375 945 ι
2428 892 2633 963 Ἡμέρα
2665 891 2773 962 γὰρ
2816 889 3220 953 ἀνταποδόσεως
3258 890 3493 963 ἐπῆλθεν
3531 890 3714 955 αὐτοῖς
3749 891 3849 945 καὶ

2282 985 2523 1049 ἐνιαυτὸς
2556 984 2870 1056 λυτρώσεως
2904 983 3150 1053 πάρεστι.
3189 1001 3208 1035 ι
3255 982 3343 1035 Ἐν
3374 984 3553 1053 ταυτῷ
3582 983 3693 1056 γὰρ
3718 984 3847 1046 τοὺς

2287 1077 2387 1148 μὲν
2410 1076 2638 1159 οἰκείους
2684 1074 3030 1146 λυτρώσεται,
3066 1075 3175 1136 τοῖς
3206 1071 3261 1126 δέ
3284 1073 3673 1138 ἀνταποδώσει,
3704 1072 3849 1127 κατά

2282 1167 2343 1220 τὸ
2369 1164 2650 1238 εἰρημένον
2676 1164 2823 1237 παρὰ
2854 1165 3075 1235 Μωῡσῆ·
3107 1182 3125 1216 ι
3147 1164 3255 1217 Kal
3297 1163 3663 1217 ἀνταποδώσει
3690 1164 3849 1234 δίκην

2283 1260 2394 1323 τοῖς
2452 1257 2690 1329 ἐχθροῖς,
2748 1258 2839 1311 καὶ
2885 1260 2998 1320 τοῖς
3054 1254 3299 1327 μισοῦσιν
3370 1254 3764 1309 ἀνταποδώσει.
3823 1272 3845 1308 s

2289 1352 2494 1422 Ὠσπερ
2533 1352 2642 1414 τοῖς
2677 1348 3049 1421 κατορθώσασι
3092 1349 3193 1421 τήν
3238 1346 3541 1402 θεοσέϐειαν
3587 1348 3617 1399 6
3654 1347 3853 1419 Σωτὴρ

2285 1441 2496 1509 ἐλέγετο
2533 1440 2861 1511 ἐληλυθέναι,
2895 1439 3030 1510 ἔχων
3058 1439 3147 1493 τὸν
3179 1436 3370 1492 ἐαυτοῦ
3406 1438 3613 1507 μισθὸν,
3652 1437 3731 1501 ώς
3783 1437 3855 1491 ἀν

2285 1531 2383 1594 τὰς
2408 1530 2634 1601 ἀμοιϐὰς
2660 1530 2840 1601 ἀποδῷ
2869 1531 2962 1585 καὶ
2984 1529 3053 1582 τά
3080 1528 3307 1601 βραϐεῐα
3345 1531 3439 1598 τῆς
3466 1528 3574 1582 ἀνω
3600 1527 3855 1599 κλήσεως

2286 1623 2396 1686 τοῖς
2437 1621 2572 1693 ὑπὲρ
2608 1621 2884 1684 εὐσεϐείας
2919 1619 3338 1691 ἠγωνισμένοις·
3374 1617 3514 1671 οὕτω
3553 1620 3668 1681 τοῖς
3717 1619 3856 1671 ἀσε-

2288 1712 2405 1765 ϐέσι
2435 1711 2526 1765 καὶ
2555 1713 2653 1782 τὴν
2683 1710 2923 1765 ἐναντίαν
2944 1710 3058 1764 ὁδὸν
3084 1708 3464 1780 πορευομένοις
3486 1710 3514 1762 6
3545 1707 3707 1771 αὐτός
3736 1709 3857 1786 ἐστι

642 1798 966 1870 praedicitur.
1023 1795 1138 1850 «Et
1186 1795 1449 1851 retribuet
1508 1793 1794 1848 vindictam
1853 1791 2102 1857 inimicis,
2135 1802 2189 1846 et

2293 1800 2448 1870 φόϐος
2487 1800 2580 1854 καὶ
2617 1800 2678 1852 τὸ
2714 1798 3079 1871 τιμωρητικὸν
3114 1797 3263 1868 ἠξειν
3297 1796 3627 1861 θεσπίζεται.
3678 1816 3698 1848 ι
3741 1796 3859 1849 Kal

642 1891 947 1947 odientibus
974 1903 1031 1945 se
1060 1887 1339 1943 retribuet.

712 2067 877 2123 Vsus.
904 2066 959 2131 5,
991 2063 1045 2119 6.
1076 2082 1093 2115 ι
1118 2062 1185 2118 Ει
1230 2063 1435 2133 aspexi,
1468 2070 1522 2118 et
1568 2076 1673 2117 non
1703 2071 1820 2136 erat
1856 2063 2182 2117 auxiliator:

641 2165 696 2214 et
744 2154 1099 2221 consideravi,
1159 2163 1213 2210 et
1268 2153 1442 2208 nullus
1492 2161 1628 2217 erat,
1657 2152 1747 2223 qui
1796 2153 2093 2221 adiuvaret.
2120 2154 2185 2207 Et

640 2247 782 2303 eruit
819 2259 912 2301 eos
947 2245 1227 2300 brachium
1263 2258 1460 2310 meum,
1512 2253 1565 2298 et
1613 2242 1761 2298 furor
1808 2258 1958 2299 meus
1992 2245 2181 2299 adfuit.

640 2336 708 2392 Et
738 2335 1045 2393 conculcavi
1070 2349 1163 2391 eos
1200 2336 1254 2389 in
1286 2336 1365 2390 ira
1389 2351 1527 2401 mea,
1561 2349 1614 2391 et
1654 2335 1846 2390 deduxi
1871 2340 2185 2405 sanguinem

643 2440 830 2483 eorum
862 2426 916 2481 in
946 2435 1164 2481 terram.
1199 2443 1218 2475 ι
1257 2424 1363 2481 Cur
1389 2427 1504 2481 hanc
1530 2426 1780 2481 dicantur
1806 2426 2182 2498 intelligemus,

642 2519 688 2573 si
714 2517 1127 2588 perpendamus,
1168 2518 1431 2585 quomodo
1472 2518 1585 2587 ipse
1626 2516 1772 2572 solus
1802 2532 1919 2573 sese
1959 2532 2185 2572 evacua-

641 2610 801 2673 verit,
851 2608 1023 2663 forma
1066 2608 1205 2666 senti
1252 2618 1489 2677 accepta,
1551 2622 1612 2662 ac
1660 2622 1778 2664 sese
1825 2607 2187 2663 humiliaverit

643 2699 823 2754 factus
864 2698 1121 2754 obediens
1163 2710 1332 2766 usque
1369 2696 1435 2751 ad
1475 2706 1722 2761 mortem,
1754 2708 1981 2753 mortem
2008 2707 2183 2753 autem

644 2788 839 2845 crucis.
889 2787 1021 2842 Nam
1075 2802 1192 2858 quae
1224 2787 1400 2843 nullus
1453 2803 1686 2858 unquam
1739 2789 2038 2854 hominum,
2087 2803 2186 2843 nec

646 2879 979 2951 angelorum,
1013 2894 1113 2935 nec
1146 2880 1443 2935 divinarum
1485 2882 1741 2936 virtutum
1765 2881 2039 2945 sustinuit,
2076 2882 2187 2951 ipse

643 2971 791 3028 solus
827 2984 924 3042 pro
976 2970 1151 3026 salute
1175 2980 1353 3026 nostra
1378 2971 1597 3028 exhibet
1626 2988 1640 3028 :
1676 2987 1739 3028 ac
1771 2973 1869 3043 ipsi
1896 2970 1994 3029 soli
2025 2971 2186 3029 Pater

641 3077 836 3122 nomen
864 3064 1032 3149 dedit3
1057 3065 1199 3135 quod
1230 3074 1313 3121 est
1357 3080 1520 3135 super
1551 3080 1709 3121 omne
1737 3080 1953 3128 nomen,
1986 3080 2049 3120 ac
2074 3081 2188 3120 om-

2290 1887 2648 1942 ἀνταποδὼσει
2693 1888 2844 1960 δίκην
2880 1890 2990 1952 τοῖς
3037 1886 3266 1958 ἐχθροῖς,
3312 1887 3406 1940 καὶ
3446 1888 3556 1949 τοῖς
3602 1884 3861 1957 μισοῦσιν

2289 1979 2669 2033 ἀνταποδώσει.
2710 1998 2727 2030 ι

2364 2088 2382 2121 ι
2423 2071 2533 2123 Kal
2582 2070 2870 2139 ἐπέϐλεψα,
2909 2070 3001 2122 καὶ
3042 2069 3142 2121 οὐκ
3182 2063 3249 2137 ἦν
3296 2067 3510 2138 βοηθός·
3552 2068 3647 2121 καὶ
3686 2083 3864 2137 προσ-

2290 2154 2504 2225 ενόησα,
2532 2156 2624 2207 καὶ
2650 2154 2821 2218 οὐδεὶς
2837 2155 3281 2227 ἀντελαμϐάνετο.
3320 2156 3427 2209 Kal
3454 2154 3727 2226 ἐρρύσατο
3761 2154 3863 2208 αύ-

2291 2245 2413 2309 τοὺς
2442 2247 2469 2298 ό
2502 2244 2739 2316 βραχίων
2776 2263 2897 2316 μου,
2935 2248 3026 2300 καὶ
3070 2248 3098 2299 6
3132 2246 3299 2318 θυμός
3331 2263 3429 2317 μου
3472 2245 3698 2315 ἐπέστη.
3748 2246 3865 2299 Kal

2291 2334 2641 2404 κατεπάτησα
2675 2334 2868 2397 αὐτοὺς
2891 2338 2956 2405 τῇ
2988 2334 3121 2404 ὀργῇ
3162 2351 3284 2403 μου,
3320 2334 3414 2387 καὶ
3445 2334 3765 2405 κατήγαγον
3798 2333 3864 2386 τὸ

2291 2422 2428 2494 αἷμα
2452 2424 2627 2478 αὐτῶν
2654 2426 2733 2488 είς
2769 2429 2887 2496 γῆν,
2932 2443 2950 2475 ι
2987 2425 3267 2495 Νοήσομεν
3293 2422 3347 2476 δέ
3393 2423 3508 2488 πῶς
3538 2425 3567 2478 6
3590 2423 3751 2492 λόγος
3780 2422 3863 2476 ετ-

2293 2530 2470 2585 ρηταις
2505 2516 2891 2585 ἐπιστήσαντες
2920 2514 3035 2577 πῶς
3069 2515 3225 2585 μόνος
3254 2516 3413 2579 αὐτὸς
3437 2515 3702 2569 ἐκένωσεν
3728 2515 3863 2567 ἐαυ-

2288 2605 2378 2658 τὸν
2413 2605 2623 2675 μορφὴν
2668 2604 2851 2657 δούλου
2895 2602 3107 2668 λαϐὼν,
3143 2604 3236 2657 καὶ
3267 2600 3630 2657 ἐταπείνωσεν
3663 2600 3863 2656 ἐαυτὸν

2292 2695 2526 2766 ὑπήκοος
2553 2693 2840 2765 γενόμενος
2871 2693 3030 2765 μέχρι
3066 2693 3314 2757 θανάτου,
3337 2691 3567 2748 θανάτου
3598 2691 3657 2745 δέ
3690 2706 3863 2752 σταυ-

2292 2788 2405 2858 ροῦ.
2442 2789 2508 2840 Ἀ
2533 2786 2639 2859 γὰρ
2665 2786 2835 2850 οὐδεὶς
2857 2784 3072 2839 πώποτε
3101 2785 3421 2857 ἀνθρώπων,
3438 2783 3559 2837 οὐδὲ
3582 2781 3861 2850 ἀγγέλων,

2290 2879 2410 2933 οὐδέ
2435 2878 2543 2933 τῶν
2574 2878 2729 2931 θείων
2757 2878 3035 2947 δυνάμεων
3066 2876 3293 2946 ὑπέστη,
3334 2874 3490 2945 μόνος
3522 2874 3688 2936 αὐτὸς
3715 2872 3866 2945 ὑπὲρ

2292 2969 2390 3039 τῆς
2415 2968 2685 3040 ήμετέρας
2707 2967 3079 3021 ἀναδείκνυται
3102 2966 3388 3036 σωτηρίας,
3420 2964 3511 3018 καλ⁸
3534 2964 3682 3035 μόνῳ
3707 2963 3865 3035 αὐτῷ

2292 3065 2320 3116 6
2350 3061 2536 3133 Πατὴρ
2568 3060 2856 3132 ἐχαρίσατο
2890 3060 2951 3113 τὸ
2976 3059 3145 3129 δνομα
3172 3060 3231 3113 τὸ
3259 3057 3397 3129 ὑπὲρ
3428 3057 3534 3111 πᾶν
3560 3056 3735 3127 ὄνομα
3767 3057 3866 3110 καὶ

643 3157 792 3211 nium
850 3154 953 3225 ipsi
1003 3143 1261 3223 judicium
1317 3156 1552 3210 tradidit.
1595 3155 1692 3211 Ille
1733 3170 1879 3221 vero,
1912 3164 2129 3225 accepta
2160 3171 2187 3209 a

2293 3153 2388 3224 τὴν
2412 3153 2550 3207 κατὰ
2584 3152 2799 3207 πάντων
2831 3149 3008 3222 κρίσιν
3034 3149 3376 3221 ἐνεχείρισεν·
3404 3149 3432 3201 6
3457 3148 3533 3213 δέ,
3565 3147 3665 3219 τήν
3704 3148 3865 3221 παρὰ

644 3247 809 3303 Patre
853 3255 1146 3315 potestate,
1199 3245 1333 3302 alios
1371 3246 1585 3316 quidem
1634 3246 1798 3313 eruit,
1828 3261 1965 3317 quos
2017 3244 2190 3301 salute

646 3337 897 3403 donavit;
934 3336 1175 3393 inimicos
1225 3344 1405 3392 autem
1440 3344 1493 3391 et
1540 3336 1875 3394 adversarios
1908 3338 1961 3392 iu
2011 3336 2187 3408 fugam

646 3429 828 3483 vertit.

715 3522 877 3577 Vens.
896 3521 948 3584 7,
968 3520 1020 3575 8.
1050 3518 1454 3576 «Misericordiae
1483 3516 1690 3573 Domini
1715 3518 2027 3577 recordatus
2052 3534 2188 3584 sum,

646 3614 903 3669 virtutum
948 3611 1156 3666 Domini
1197 3610 1253 3664 in
1291 3610 1697 3677 omnibus,qute
1736 3609 1985 3665 retribuit
2015 3609 2189 3665 nobis.

649 3702 914 3758 Dominus
941 3698 1105 3769 iudex
1138 3699 1311 3753 bonus
1354 3696 1536 3752 domui
1567 3695 1754 3763 Israel,
1790 3697 2007 3752 adducit
2042 3698 2193 3753 nobis

648 3790 943 3849 secundum
977 3786 1405 3843 misericordiam
1439 3800 1612 3851 suam,
1640 3794 1693 3839 et
1722 3785 2012 3841 secundum
2058 3786 2194 3840 mul-

648 3882 931 3939 titudinem
972 3878 1195 3948 iustitia:
1234 3891 1362 3933 suae.
1389 3876 1456 3932 Et
1485 3876 1621 3932 dixit
1653 3874 1807 3931 :Non
1840 3877 2070 3947 populus
2100 3892 2195 3949 ρο-

648 3972 805 4043 pulus
860 3984 1011 4024 meus
1062 3968 1206 4023 :lilii
1255 3981 1590 4038 nequaquam
1649 3967 2065 4038 repudiaveriut.
2130 3968 2197 4023 Et

650 4061 824 4116 factus
852 4070 933 4115 est
965 4059 1095 4129 ipsis
1149 4060 1203 4112 in
1256 4058 1503 4113 salutem.
1528 4075 1545 4109 ι
1590 4054 1735 4123 Haec,
1788 4058 1984 4128 inquit,
2014 4059 2193 4136 omnia

650 4150 994 4214 recordabar,
1019 4148 1439 4219 magnitudinem
1459 4146 1710 4201 bonitatis
1735 4160 1846 4201 suae
1868 4161 2152 4204 recensens
2177 4164 2189 4200 :

650 4243 790 4298 hanc
825 4256 955 4297 vero
988 4240 1218 4296 maxime
1260 4238 1487 4309 gratiam
1520 4236 1775 4308 elargltus
1801 4248 1904 4304 est,
1940 4249 1998 4294 ut
2026 4254 2193 4310 popu-

651 4333 762 4388 lum
792 4331 931 4388 ﬁlios
960 4338 1179 4387 vocaret
1212 4343 1360 4395 suos,
1390 4329 1436 4383 si
1467 4338 1641 4383 tamen
1691 4328 1763 4383 illi
1790 4329 2013 4400 gratiam
2041 4344 2192 4386 suam

654 4439 760 4480 non
792 4422 1210 4493 repudiaveriut.

723 4513 882 4568 Vens.
919 4512 1080 4568 9-16..
1113 4510 1226 4568 «Ex
1278 4509 1422 4566 omni
1470 4506 1805 4565 tribulatione
1862 4524 2046 4567 eorum
2090 4528 2194 4569 non

653 4606 892 4674 legatus,
938 4616 1041 4658 uou
1089 4598 1306 4669 angelus
1330 4640 1343 4664 ,
1386 4599 1479 4654 sed
1531 4598 1643 4667 ipse
1674 4597 1894 4653 salvavit
1927 4614 2039 4664 eos,
2075 4601 2197 4670 quia

656 4692 909 4764 diligebat
948 4706 1058 4757 eos,
1084 4700 1137 4745 et
1164 4694 1419 4759 parcebat
1465 4689 1561 4743 eis.
1595 4688 1708 4758 Ipse
1743 4690 1969 4745 redemit
2001 4704 2116 4757 eos,
2147 4701 2201 4747 et

656 4786 911 4855 suscepit,
946 4794 999 4838 et
1029 4782 1285 4836 exultavit
1329 4795 1422 4835 eos
1473 4779 1722 4833 omnibus
1774 4780 1959 4836 diebus
1994 4781 2196 4837 saeculi.

656 4874 757 4944 Ipsi
787 4884 960 4929 autem
998 4888 1101 4928 uon
1126 4872 1486 4932 crediderunt,
1524 4878 1576 4924 et
1605 4870 2061 4927 exacerbaverunt
2087 4874 2199 4943 spi-

658 4969 817 5019 ritum
853 4975 1095 5019 sanctum
1118 4962 1233 5031 ejus
1267 4976 1280 5012 :
1318 4970 1372 5016 et
1417 4974 1707 5015 conversus
1739 4973 1818 5016 est
1848 4963 1977 5032 ipsis
2008 4965 2061 5018 iu
2104 4965 2202 5019 ini-

657 5058 912 5114 micitiam
939 5074 952 5109 :
976 5057 1086 5125 ipse
1110 5054 1425 5125 Oppugnavit
1451 5054 1635 5108 cos.Et
1654 5058 1958 5112 recordatus
1984 5068 2067 5113 est
2092 5059 2205 5115 dic-

659 5165 777 5205 rum
812 5159 1153 5203 aeternorum.
1190 5146 1287 5201 Ubi
1314 5145 1506 5213 estqui
1552 5146 1736 5200 eduxit
1764 5146 1827 5202 de
1859 5148 1988 5203 mari
2035 5160 2208 5218 pasto-

658 5257 769 5297 rem
818 5238 1035 5296 ovium?
1067 5238 1169 5294 Ubi
1210 5247 1290 5292 est
1328 5238 1415 5307 qui
1462 5237 1639 5306 posuit
1682 5239 1730 5290 in
1787 5238 1916 5307 ipsis
1946 5238 2205 5309 Spiritum

659 5330 941 5386 sanctum?
974 5331 1061 5399 qui
1125 5328 1308 5384 eduxit
1362 5329 1581 5383 dextera
1633 5327 1867 5395 Moysen,
1928 5332 2204 5387 brachium

662 5423 838 5492 glorise
864 5423 979 5487 ejus
1000 5421 1022 5475 ἲ
1045 5420 1484 5490 Praevaluitaqua
1517 5436 1545 5475 a
1578 5419 1718 5475 facie
1740 5422 1875 5489 ejus,
1911 5433 1965 5476 ut
2008 5420 2212 5478 faceret

662 5513 758 5565 sibi
796 5526 985 5566 nomen
1021 5511 1427 5580 sempiternum.
1478 5512 1640 5567 Duxit
1672 5527 1762 5569 eos
1796 5530 1891 5584 per
1933 5517 2207 5586 abyssum,

665 5613 915 5670 tauquam
970 5618 1161 5671 equum
1218 5617 1311 5670 per
1357 5602 1722 5669 solitudinem,
1764 5621 1937 5675 neque
1997 5608 2208 5663 labora-

668 5704 811 5759 runt,
844 5704 895 5751 et
934 5705 1180 5763 tanquam
1234 5695 1468 5765 iumenta
1507 5712 1601 5769 per
1651 5712 1876 5767 .amputu
1934 5698 2210 5758 descendit

2292 3244 2501 3315 Πατρὸς
2542 3241 2719 3297 λαϐὼν
2745 3242 3012 3309 ἐξουσίαν,
3051 3243 3177 3307 τοὺς
3214 3242 3309 3313 μέν
3343 3241 3588 3313 ἐρρύετο,
3614 3240 3712 3306 οὒς
3750 3258 3833 3296 σω

2290 3332 2480 3405 τηρίας
2523 3333 2693 3402 ἠξίου,
2731 3333 2856 3396 τοὺς
2887 3332 2945 3386 δέ
2990 3332 3277 3404 πολεμίους
3319 3332 3413 3385 καὶ
3449 3332 3576 3396 τοὺς
3627 3331 3863 3403 ἐχθροὺς

2291 3428 2349 3479 ἐτ
2358 3425 2605 3498 ροποῦτο.

2366 3536 2383 3569 ι
2428 3514 2531 3571 Τὸν
2561 3516 2703 3570 ἔλεον
2732 3516 2934 3588 Κυρίου
2969 3516 3262 3589 ἐμνήσθην,
3291 3514 3390 3579 τὰς
3419 3515 3619 3587 ἀρετὰς
3646 3515 3861 3588 Κυρίου

2292 3609 2348 3661 ἐν
2374 3608 2557 3671 πᾶσιν,
2585 3600 2665 3670 οἷς
2687 3607 2815 3683 ἠμζν
2841 3606 3242 3671 ἀνταποδίδωσι.
3277 3607 3479 3679 Κύριος
3506 3606 3699 3678 κριτής
3723 3607 3866 3675 ἀγα-

2293 3700 2383 3763 θὸς
2411 3697 2487 3769 τῷ
2512 3697 2645 3767 οῐκῳ
2684 3697 2920 3769 Ἰσραήλ,
2948 3697 3139 3766 ἐπάγει
3164 3699 3294 3769 ήμϊν
3326 3696 3467 3753 κατὰ
3494 3697 3554 3750 τὸ
3587 3696 3738 3761 ἕλεος
3762 3698 3865 3752 αύ-

2292 3788 2407 3853 τοῦ,
2435 3788 2531 3843 καὶ
2559 3787 2699 3842 κατά
2724 3787 2785 3841 τὸ
2815 3786 3017 3858 πλῆθος
3042 3787 3140 3858 τῆς
3165 3786 3505 3859 δικαιοσύνης
3533 3786 3719 3841 αὐτοῦ.
3748 3788 3864 3842 Kal

2294 3875 2471 3933 εἶπεν·
2508 3878 2618 3950 Οὐχ
2643 3880 2671 3931 6
2704 3876 2828 3941 λαὸς
2854 3877 2979 3940 λαός
3007 3894 3125 3947 μου·
3149 3878 3313 3933 τέκνα
3336 3876 3396 3930 οὐ
3426 3877 3499 3949 μή
3527 3876 3863 3949 ἀθετήσωσι.

2294 3970 2401 4025 Kal
2442 3969 2654 4038 ἐγένετο
2698 3967 2879 4031 αὐτόϊς
2916 3969 2994 4032 είς
3026 3968 3314 4041 σωτηρίαν.
3363 3986 3383 4022 ι
3421 3966 3604 4021 Ταῦτα
3651 3968 3861 4035 τοίνυν,

2296 4061 2446 4133 φησὶ,
2483 4059 2657 4114 πάντα
2687 4059 2979 4130 ἀναμνήσω
3022 4058 3091 4113 τά
3136 4059 3316 4131 πλήθη
3352 4057 3864 4131 καταριθμούμενος

2295 4157 2392 4226 τῆς
2431 4152 2784 4223 ἀγαθωσύνης
2816 4152 3015 4221 αὐτοῦ,
3053 4154 3111 4207 ἐν
3160 4148 3241 4217 οἷς
3276 4153 3371 4208 καὶ
3408 4152 3565 4209 τοῦτο
3602 4154 3862 4225 μέγιστον

2296 4248 2603 4319 ἐδωρήσατο
2635 4248 2910 4319 χάρισμα,
2944 4244 3284 4312 καταξιώσας
3316 4247 3483 4302 τέκνα
3528 4247 3694 4302 αὑτοῦ
3737 4249 3861 4303 ὀνο-

2300 4341 2469 4411 μάσαι
2494 4340 2585 4394 τὸν
2610 4338 2756 4406 λαὸν,
2790 4340 2839 4393 ει
2871 4338 2946 4411 μή
2976 4338 3215 4394 ἀθετοῖεν
3241 4338 3339 4409 τήν
3367 4338 3531 4393 αὐτοῦ
3568 4339 3750 4413 χάριν.

2377 4544 2397 4577 ι
2449 4525 2541 4578 Ἐκ
2568 4523 2745 4594 πάσης
2770 4521 2997 4592 θλίψεως
3024 4520 3201 4575 αὐτῶν
3229 4520 3289 4575 ού
3321 4520 3579 4592 πρέσϐυς,
3612 4520 3735 4576 οὐδέ
3761 4521 3867 4592 ἀγ-

2301 4613 2472 4684 γελος,
2506 4604 2615 4666 ἀλλ’
2649 4612 2807 4676 αὐτὸς
2842 4611 3044 4665 ἔσωσεν
3072 4610 3282 4675 αὐτοὺς,
3309 4609 3397 4664 διά
3424 4610 3483 4665 τὸ
3519 4612 3739 4683 ἀγαπᾷν
3766 4614 3881 4667 αύ-

2300 4704 2423 4767 τοὺς
2444 4704 2535 4756 καὶ¹
2557 4700 2829 4771 φείδεσθαι
2855 4698 3052 4754 αὐτῶν.
3083 4700 3253 4765 Αὐτὸς
3276 4699 3615 4773 ἐλυτρώσατο
3639 4702 3862 4768 αὐτοὺς,

2301 4795 2394 4848 καὶ
2422 4793 2675 4848 ἀνέλαϐεν
2701 4793 2917 4856 αὐτοὺς,
2954 4792 3047 4846 καὶ
3090 4790 3301 4863 ὕψωσεν
3328 4792 3523 4857 αὐτοὺς
3552 4792 3734 4857 πάσας
3764 4795 3867 4860 τάς

2303 4882 2509 4953 ἠμέρας
2539 4880 2630 4935 τοῦ
2666 4883 2875 4944 αἰῶνος.
2921 4881 3080 4935 Αὐτοὶ
3110 4880 3169 4936 δέ
3208 4880 3528 4952 ἠπείθησαν,
3574 4880 3668 4936 καὶ
3717 4899 3865 4958 παρ-

2305 4970 2507 5038 ώξυναν
2530 4972 2591 5026 τὸ
2614 4969 2837 5043 Πνεῦμα
2850 4970 2911 5025 τὸ
2929 4970 3077 5040 άγιον
3100 4970 3282 5025 αὐτοῦ·
3308 4970 3401 5026 καὶ
3423 4971 3663 5044 ἐστράφη
3681 4973 3867 5039 αὐτοῖς

2307 5064 2383 5125 είς
2409 5061 2603 5135 ἔχθραν
2627 5079 2640 5093 ·
2672 5062 2830 5127 αὐτὸς
2859 5061 3190 5133 ἐπολέμησεν
3223 5061 3435 5127 αὐτούς.
3466 5064 3577 5118 Kal
3618 5063 3867 5136 ἐμνήσθη

2309 5152 2524 5223 ἠμερῶν
2550 5152 2799 5207 αἰωνίων.
2829 5152 2937 5207 Ποῦ
2969 5153 2997 5206 6
3022 5152 3354 5218 ἀναϐιϐάσας
3386 5155 3448 5207 ἐκ
3470 5154 3568 5225 τῆς
3590 5153 3867 5227 θαλάσσης

2307 5246 2397 5299 τὸν
2421 5245 2648 5317 ποιμένα
2676 5244 2783 5299 τῶν
2822 5244 3137 5317 προϐάτων;
3172 5243 3281 5299 Ποῦ
3314 5247 3458 5300 ἐστιν
3482 5247 3509 5300 6
3541 5244 3652 5309 θεὶς
3678 5246 3738 5297 ἐν
3771 5244 3868 5301 αὺ-

2307 5338 2415 5400 τοῖς
2437 5336 2496 5391 se
2516 5335 2737 5408 Πνεῦμα
2759 5335 3023 5405 τὺ.ἆγιον;
3046 5338 3075 5390 6
3094 5334 3314 5406 ἀγαγὼν
3334 5338 3401 5408 τῇ
3428 5335 3576 5409 δεξιᾷ
3600 5337 3734 5391 Μωῦ
3744 5338 3865 5409 σῆν,

2306 5429 2334 5481 6
2373 5427 2604 5500 βραχίων
2646 5428 2746 5498 τῆς
2777 5426 2929 5500 δόξης
2972 5428 3165 5495 αὐτοῦ;
3202 5428 3542 5499 Κατίσχυσεν
3579 5426 3728 5499 ὕδωρ
3758 5429 3867 5483 ἀπὸ

2307 5518 2589 5589 προσώπου
2642 5518 2839 5583 αὐτοῦ,
2901 5520 3119 5589 ποιῆσαι
3174 5519 3351 5589 ἐαυτῷ
3402 5518 3570 5591 δνομα
3623 5519 3860 5574 αἰώνιον.

2310 5609 2546 5677 Ἤγαγεν
2593 5608 2787 5671 αὐτοὺς
2826 5608 2889 5662 δι’
2922 5608 3179 5673 ἀϐύσσου,
3207 5608 3280 5673 ὡς
3319 5610 3481 5664 ἵππον
3529 5610 3597 5664 δι’
3631 5610 3861 5680 ἐρήμου,

2309 5699 2395 5751 καὶ
2422 5696 2521 5751 ούκ
2552 5698 2864 5770 ἐκοπίασαν,
2902 5698 2989 5752 καὶ
3019 5697 3092 5763 ώς
3124 5698 3292 5770 κτήνη
3322 5698 3407 5753 διὰ
3439 5699 3616 5754 πεδίου
3660 5697 3863 5768 κατέϐη
