4058 6420
263 378 369 436 505

1174 371 1673 428 COMMENTARIA
1711 373 1780 429 IN
1817 373 2075 432 ISAIAM.
2112 407 2179 418 —-
2214 375 2364 433 CAP.
2403 373 2587 433 LXIII.

3412 379 3516 436 50¢

263 496 487 564 Πνεῦμα
526 490 674 563 παρὰ
701 489 930 562 Κυρίου,
962 489 1054 541 καὶ
1092 487 1376 560 ὡδήγησεν
1404 488 1619 554 αὐτοὺς.
1655 490 1834 554 Οὕτως

1943 491 2179 564 Spiritus
2222 508 2252 549 a
2291 493 2540 563 Domino,
2579 501 2634 551 et
2662 493 2890 550 deduxit
2912 507 3029 550 eos.
3058 490 3150 548 Sic
3179 493 3381 550 duxisti
3414 512 3513 565 po-

262 591 471 659 ῆγαγες
511 585 600 639 τὸν
632 583 757 638 λαόν
801 597 916 644 σου,
948 580 1172 651 ποιῆσαι
1205 578 1415 669 σεαυτῷ
1454 581 1626 652 ὄνομα
1655 581 1830 654 δόξης.

274 676 632 748 Ἑπίοτρεψον
669 677 732 728 ὲκ
775 671 869 727 τοῦ
908 671 1159 744 οὐρανοῦ,
1208 673 1303 726 καὶ
1340 672 1417 725 ἴδε
1454 673 1518 725 ὲκ
1559 672 1654 726 τοῦ
1685 672 1834 726 οἴκου

264 770 355 824 τοῦ
395 771 549 838 ἁγίου
583 786 696 824 σου.
729 766 840 820 Ποῦ
887 766 1031 818 ἐστιν
1068 768 1096 820 ὁ
1139 764 1298 835 ζῆλος
1334 783 1426 819 σου
1468 766 1563 818 καὶ
1600 765 1633 836 ή
1684 765 1836 835 ίσχύς

264 877 394 926 σου;
426 860 536 914 Ποῦ
573 861 686 913 ἐστι
713 857 774 910 τὸ
799 857 999 928 πλῆθος
1025 856 1117 909 τοῦ
1160 856 1344 920 ἐλέους
1369 873 1484 923 σου,
1518 856 1613 909 καί
1633 856 1837 928 οἰκτιρ-

263 949 384 1019 μῶν
440 962 556 1013 σου,
601 947 682 999 ὅτι
738 944 962 1014 ἁνέσχου
1012 943 1201 1016 ήμῶν;
1256 944 1328 998 Σὺ
1390 944 1498 1016 γὰρ
1552 942 1604 998 εί
1646 945 1836 1016 Πατὴρ

258 1038 442 1110 ἡμῶν,
472 1039 556 1092 ὅτι
600 1035 847 1108 ’Δὸραὰμ
875 1037 973 1090 οὐκ
997 1036 1137 1103 ἔγνω
1172 1036 1337 1106 ἡμᾶς,
1368 1035 1462 1089 καὶ
1491 1036 1708 1108 Ἰσραὴλ
1737 1037 1837 1090 οὐκ

258 1127 478 1196 ἐπέγνω
503 1128 668 1198 ἡμᾶς.
708 1125 866 1179 Ἀλλὰ
893 1127 977 1190 σὺ,
1008 1123 1200 1196 Κύριε,
1234 1125 1424 1196 Πατὴρ
1462 1123 1640 1196 ἡμῶν,
1677 1125 1837 1195 ῥῦσαι

257 1219 430 1289 ἡμᾶς,
464 1216 555 1269 ἀπ’
586 1216 759 1288 ἀρχῆς
786 1215 846 1268 τὸ
872 1215 1041 1287 ὄνομα
1071 1232 1163 1269 σου
1192 1215 1276 1285 ἐφ’
1304 1217 1452 1287 ἡμᾶς
1477 1217 1614 1270 ἐστι.
1646 1235 1664 1268 ι
1696 1217 1833 1288 Ἤδη

259 1308 373 1381 7&9
411 1309 506 1363 καί
533 1307 719 1362 ἄλλοτε
760 1307 1017 1370 πολλάκις
1066 1308 1496 1378 ἁμαρτησάντων
1542 1308 1700 1381 ἡμῶν
1743 1310 1836 1362 &v-

259 1399 446 1470 έσχοψ
473 1400 566 1453 καὶ
595 1398 748 1452 οὐδὲν
774 1398 1102 1470 θαυμαστὸν,
1122 1399 1305 1470 ἐπειδὴ
1327 1399 1470 1466 ἅπαξ
1496 1399 1836 1471 κατηξίωσας

259 1491 439 1543 εἰπεῖν
462 1507 475 1520 ·
524 1508 542 1540 t
600 1491 657 1542 '0
693 1488 819 1552 λαός
853 1507 954 1560 μου
990 1489 1174 1555 τέκνα,
1217 1492 1310 1544 καὶ
1349 1493 1377 1544 ὁ
1409 1491 1534 1554 λαός
1582 1509 1683 1562 μου
1734 1490 1836 1544 υἱοί

257 1580 420 1632 είσιν.
456 1597 475 1629 ›
518 1578 602 1641 Ὠς
633 1573 728 1632 οὖν
758 1577 936 1650 πατὴρ
955 1578 1158 1634 τέκνων
1185 1579 1563 1651 καὶπρότερον
1585 1579 1834 1650 ἀνέσχου,

259 1669 359 1723 καὶ
401 1668 498 1721 νῦν
530 1667 691 1721 πάλιν
723 1669 949 1739 ἀνέσχον
969 1687 984 1702 ο
1020 1671 1080 1725 οὒ
1124 1670 1232 1744 γὰρ
1278 1670 1527 1742 Ἀϐραὰμ
1557 1667 1626 1742 ῆν
1656 1671 1837 1742 πατὴρ

256 1759 453 1830 ἡμῶν,
489 1760 538 1812 εί
587 1759 680 1812 καὶ
723 1760 1085 1814 διακονεῖσθαι
1133 1765 1198 1833 τῇ
1252 1761 1394 1815 κατὰ
1449 1761 1626 1834 σάρκα
1680 1761 1837 1832 ἡμῶν

259 1849 408 1916 εδοξε
435 1849 664 1919 γενέσει.
707 1851 921 1922 Ἀληθεῖ
950 1852 1007 1905 δὲ
1042 1852 1184 1923 λόγῳ
1218 1855 1281 1907 σὺ
1312 1853 1500 1924 Πατὴρ
1541 1853 1718 1924 ἡμῶν,
1752 1850 1838 1907 οἷα
1868 1850 1912 1905 Β

259 1942 448 2013 πατὴρ
494 1940 710 1996 πάντων
745 1945 1067 2014 πνευμάτων
1112 1944 1403 2016 ὑπάρχων,
1439 1945 1532 1998 καὶ
1577 1945 1684 1998 τῶν
1717 1947 1836 1998 κατ’

259 2032 445 2088 είκόνα
471 2034 854 2105 πεποιημένων
881 2034 1086 2104 ψυχῶν.
1115 2034 1204 2086 Διὸ
1228 2033 1492 2103 ῥύσασθαι
1519 2036 1666 2104 ἡμᾶς
1690 2036 1836 2088 ἀντι-

258 2123 541 2195 ϐολοῦμεν·
586 2144 603 2176 t
627 2125 744 2179 Ἀπ’
770 2125 942 2196 ἀρχῆς
967 2125 1028 2178 τὸ
1051 2124 1223 2195 ὄνομά
1245 2142 1336 2178 σου
1364 2127 1446 2195 ἐφ’
1475 2127 1620 2198 ἡμᾶς
1641 2127 1775 2179 ἐστι,
1811 2144 1830 2176 ι

338 2234 356 2266 t
398 2216 464 2269 Τί
491 2216 800 2287 ὲπλάνησας
829 2218 1009 2287 ἡμᾶς,
1047 2216 1218 2288 Κύριε
1239 2256 1255 2282 ,
1287 2217 1393 2270 ὰπὸ
1427 2217 1523 2288 τῆς
1551 2218 1670 2271 ὁδοῦ
1708 2233 1833 2282 σου;

260 2309 600 2380 ἔσκλήρυνας
643 2309 743 2373 τὰς
782 2309 1008 2381 καρδίας
1048 2310 1238 2381 ήμῶν,
1280 2307 1374 2362 τοῦ
1439 2310 1514 2380 μὴ
1555 2310 1835 2378 φοϐεῖσθαί

262 2416 358 2466 σε;
408 2399 766 2472 Ἐπίστρεψον
798 2401 885 2454 διὰ
918 2401 1042 2464 τοὺς
1073 2401 1292 2464 δούλους
1323 2417 1438 2464 σου,
1469 2401 1558 2454 διὰ
1597 2401 1696 2465 τὰς
1737 2420 1837 2471 φυ-

257 2489 358 2555 λὰς
382 2491 481 2561 τῆς
511 2490 875 2563 κληρονομίας
905 2509 1019 2545 σου.
1062 2511 1080 2543 ι
1129 2494 1186 2547 '0
1219 2493 1505 2564 προφήτης
1539 2495 1714 2548 πάντα
1743 2495 1835 2546 ἐπὶ

255 2581 509 2636 τὸν’Θεδν
538 2583 798 2654 ἀναφέρει
822 2600 836 2615 ο
868 2583 965 2654 οὐχ
996 2583 1071 2647 ὡς
1098 2583 1189 2637 τοῦ
1219 2583 1354 2637 Θεοῦ
1388 2584 1561 2638 αἰτίου
1592 2585 1724 2656 ἡμῖν
1753 2602 1835 2654 γι-

255 2671 484 2743 νομένου
513 2671 604 2726 τοῦ
639 2674 973 2745 ἁμαρτάνειν
994 2713 1008 2736 ,
1038 2673 1152 2728 ἀλλ’
1175 2674 1468 2738 ἐνδιδόντος
1494 2676 1588 2729 καὶ
1620 2692 1834 2745 συγχω-

260 2762 483 2835 ροῦντος
517 2765 701 2819 ὲκεϊνα
743 2765 1000 2836 πράττειν
1029 2764 1065 2819 ὃ.
1099 2764 1162 2818 ἄν
1207 2783 1291 2828 τις
1341 2766 1592 2836 αἱρῆται·
1625 2767 1700 2829 ὡς
1735 2765 1834 2836 τὴν

258 2854 361 2924 μὲν
393 2855 572 2909 αἰτίαν
604 2855 746 2926 ἔχειν
775 2855 834 2921 ἒξ
860 2856 1040 2927 ἡμῶν,
1074 2855 1174 2927 τὴν
1212 2855 1269 2909 δὲ
1314 2856 1591 2927 ἀναφορὰν
1624 2858 1714 2910 ἐπὶ
1744 2857 1835 2910 τὸν

255 2943 414 2997 Θεόν.
449 2963 468 2996 ι
513 2945 630 3000 Ἵνα
660 2946 853 3018 μικρὸν
885 2945 1382 3020 κληρονομησωμεν
1413 2946 1506 2999 τοῦ
1548 2947 1707 3018 ὅρους
1741 2946 1833 3000 τοῦ

255 3035 415 3104 ἁγίου
460 3051 591 3088 σουο
641 3055 658 3087 ι
691 3036 824 3090 ὡσεὶ⁵
868 3036 1338 3106 καταλειφθέντων
1369 3036 1572 3100 αὐτῶν,
1619 3037 1713 3090 καὶ
1759 3043 1834 3108 μὴ

1946 583 2132 655 pulum
2167 593 2428 652 tuum,.ut
2461 586 2674 642 faceres
2709 585 2808 640 tibi
2830 598 3026 638 nomen
3058 584 3261 656 gloria.
3286 586 3517 644 Conver-

1944 687 2060 734 tere
2085 678 2154 734 de
2183 680 2344 744 calo,
2372 689 2427 734 et
2451 678 2576 735 vide
2615 677 2683 734 de
2713 679 2877 734 domo
2905 687 3090 733 sancta
3141 686 3251 734 tua.
3289 679 3390 737 Ubi
3433 693 3520 739 est

1943 768 2092 825 zelus
2139 779 2264 824 tuus
2300 778 2355 824 et
2383 767 2645 824 fortitudo
2692 767 2822 822 tua?
2857 765 2960 823 Ubi
2985 777 3072 823 est
3100 767 3386 825 multitudo
3416 773 3519 827 mi-

1942 859 2255 918 sericordia;
2286 868 2410 922 tua,
2443 869 2499 914 et
2533 859 2944 915 miserationum
2983 865 3222 923 tuarum,
3257 862 3516 930 quoniam

1945 950 2249 1006 sustinuisti
2276 949 2412 1005 nos?
2431 948 2510 1004 Tu
2558 950 2706 1004 enim
2729 965 2790 1005 es
2815 948 2981 1004 Pater
3015 957 3225 1014 noster,
3261 949 3517 1018 quoniam

1945 1044 2218 1100 Abraham
2252 1057 2358 1097 non
2395 1041 2548 1096 novit
2577 1055 2697 1109 nos,
2726 1049 2781 1096 et
2806 1040 2974 1096 Israel
3008 1039 3420 1111 nosignoravit.
3447 1039 3521 1092 At

1944 1147 2023 1204 tu,
2051 1135 2296 1199 Domine,
2322 1133 2484 1189 Pater
2513 1143 2719 1196 noster.
2750 1133 2924 1189 libera
2971 1148 3093 1197 nos,
3123 1135 3191 1187 ab
3236 1132 3390 1187 initio
3421 1148 3519 1187 no-

1943 1243 2066 1285 men
2106 1237 2255 1282 tuum
2293 1241 2460 1296 super
2517 1241 2620 1282 nos
2675 1237 2779 1282 est.
2812 1224 2989 1280 a-Jam
3027 1225 3173 1280 enim
3224 1239 3365 1294 saepe
3415 1240 3516 1280 nos

1942 1331 2234 1390 peccantes
2272 1317 2540 1385 tolerasti,
2588 1318 2832 1387 nihilque
2859 1318 3078 1382 mirum,
3109 1318 3323 1386 quando
3350 1315 3518 1371 semel

1944 1411 2124 1465 dicere
2151 1410 2407 1482 dignatus
2439 1423 2498 1464 es
2525 1425 2540 1461 :
2572 1426 2591 1460 ι
2619 1407 2854 1478 Populus
2905 1423 3059 1463 meus
3097 1406 3300 1477 proles,
3341 1416 3397 1462 et
3424 1422 3519 1477 po-

1942 1503 2102 1573 pulus
2127 1517 2278 1558 meus
2310 1501 2424 1556 lilii.
2453 1519 2474 1555 ι
2506 1499 2578 1556 Ut
2608 1509 2766 1571 pater
2789 1501 2970 1572 itaque
3030 1499 3169 1555 filios
3196 1499 3325 1555 olim
3354 1502 3534 1554 susti--

1946 1596 2133 1662 nuisti,
2181 1605 2232 1652 et
2263 1595 2376 1667 jam
2411 1595 2689 1651 sustines:
2714 1610 2823 1651 non
2856 1595 3001 1652 enim
3038 1593 3326 1649 Abraham
3363 1601 3519 1662 pater

1945 1697 2129 1743 noster
2175 1697 2316 1753 erat,
2351 1688 2454 1744 etsi
2514 1697 2702 1742 nostro
2748 1687 3043 1742 secundum
3088 1697 3311 1741 carnem
3371 1683 3518 1739 ortui

1943 1777 2255 1832 ministrare
2281 1777 2433 1833 visus
2457 1777 2548 1832 ait.
2577 1775 2684 1833 Sed
2717 1791 2906 1832 revera
2943 1785 2996 1831 tu
3031 1776 3190 1832 Pater
3221 1788 3405 1832 noster
3433 1790 3516 1843 es,

1941 1876 1997 1923 ut
2021 1868 2114 1937 qui
2151 1868 2390 1923 omnium
2426 1869 2714 1938 spirituum
2778 1875 2832 1922 et
2867 1867 3173 1921 animarum
3216 1866 3284 1921 ad
3317 1865 3392 1920 tui
3436 1865 3515 1920 si-

1940 1959 2299 2015 militudinem
2345 1959 2610 2015 factarum
2642 1965 2795 2029 pater
2829 1958 2928 2012 sis.
2955 1956 3133 2024 Quare
3158 1971 3411 2028 rogamus
3439 1966 3514 2020 te.

1940 2066 2040 2106 nos
2073 2065 2232 2106 eruas
2265 2069 2280 2104 :
2318 2050 2428 2104 «Ab
2462 2049 2616 2105 initio
2642 2063 2835 2103 nomen
2875 2059 3022 2103 tuum
3047 2061 3209 2113 super
3241 2062 3342 2102 nos
3373 2055 3511 2102 est.»

2008 2231 2172 2287 Vens.
2206 2232 2292 2298 I7,
2321 2230 2409 2287 18.
2445 2249 2465 2284 ι
2495 2231 2606 2288 Cur
2632 2243 2819 2287 errare
2849 2243 2949 2286 nos
2978 2229 3178 2296 fecisti,
3211 2229 3461 2295 Domine.
3484 2245 3515 2284 a

1938 2325 2020 2380 via
2059 2325 2194 2379 tua?
2228 2323 2495 2378 Indurasti
2539 2327 2704 2378 corda
2735 2332 2944 2388 nostra,
2973 2331 3032 2378 ut
3059 2337 3164 2377 non
3200 2322 3518 2379 timeremus

1941 2424 2008 2470 te.
2046 2415 2374 2470 Convertere
2423 2423 2646 2485 propter
2673 2427 2862 2470 servos
2892 2421 3043 2478 tuos,
3073 2421 3129 2468 et
3157 2421 3378 2482 propter
3413 2413 3515 2468 tri-

1937 2505 2037 2559 bus
2080 2505 2413 2561 hacreditatis
2467 2514 2588 2560 tuas.
2628 2525 2648 2560 ι
2695 2505 2889 2562 Omnia
2936 2505 3004 2561 ad
3043 2504 3211 2561 Deum
3253 2505 3517 2574 propheta

1937 2597 2103 2653 refert
2129 2615 2144 2652 :
2178 2612 2282 2652 non
2310 2598 2450 2668 quod
2477 2597 2618 2652 Deus
2646 2596 2803 2652 nobis
2833 2596 3091 2666 peccandi
3129 2609 3294 2652 causa
3331 2595 3515 2660 fuerit.

1937 2689 2032 2745 sed
2062 2690 2204 2758 quod
2236 2688 2544 2758 permiserit
2591 2697 2645 2743 et
2691 2688 3024 2744 concesserit
3051 2687 3142 2742 illa
3177 2703 3358 2758 agere,
3391 2702 3528 2759 quae

1937 2780 2113 2850 quivis
2139 2781 2360 2851 elegerit
2385 2799 2398 2846 ;
2435 2780 2510 2836 ita
2543 2788 2602 2835 ut
2631 2781 2843 2851 peccati
2873 2792 3040 2834 causa
3072 2793 3240 2848 penes
3278 2793 3376 2834 nos
3405 2781 3477 2835 sit
3498 2797 3524 2833 :.

1936 2871 2029 2926 sed
2063 2881 2242 2926 tamen
2276 2872 2344 2927 ad
2389 2871 2558 2926 Deum
2591 2871 2881 2927 referatur.
2913 2888 2934 2922 ο
2976 2869 3048 2927 Ut
3090 2871 3359 2926 modicum
3393 2885 3522 2941 pos-

1937 2963 2207 3017 sideamus
2233 2963 2431 3018 montis
2461 2962 2634 3018 sancti
2683 2962 2781 3017 tui.
2813 2981 2832 3016 ι
2865 2963 3031 3028 Quasi
3065 2961 3197 3034 ipsis
3220 2963 3517 3030 derelictis.

1939 3065 2038 3105 nec
2075 3065 2358 3120 resurgere
2385 3050 2692 3106 valentibus
2728 3051 2799 3106 ob
2843 3050 3078 3108 inﬂictas
3127 3051 3354 3124 plagas,
3395 3068 3518 3124 qua

257 3125 695 3198 ἁνατελλομένων
727 3126 816 3180 διὰ
844 3126 1066 3198 πληγῶν
1089 3127 1197 3182 τῶν
1224 3127 1549 3182 κωλυουσῶν
1582 3127 1833 3199 ἁμαρτά-

1940 3141 2088 3213 ipsos
2116 3156 2147 3196 a
2177 3141 2450 3213 peccando
2475 3141 2758 3198 arcebant.

256 3235 391 3273 νειν.

333 3327 356 3363 ε
433 3308 763 3381 Ἑγενόμεθα
801 3309 877 3374 ὡς
921 3308 983 3364 τὸ
1032 3310 1126 3364 ἀπ’
1159 3311 1333 3382 ἀρχῆς
1379 3310 1468 3364 ὅτε
1514 3309 1614 3364 οὐκ
1657 3305 1832 3383 ἦρξας

255 3397 438 3471 ἡμῶν,
482 3399 602 3454 οὐδὲ
630 3400 831 3472 ἐκλήθη
861 3399 922 3454 τὸ
947 3399 1117 3472 ὄνομα
1145 3418 1238 3454 σου
1276 3401 1360 3470 ἐφ’
1386 3401 1551 3472 ἡμᾶς.
1590 3420 1609 3452 ι
1649 3401 1734 3464 Ὠς
1768 3404 1832 3454 ἐκ

259 3487 551 3562 προσώπου
581 3489 675 3544 τοῦ
699 3489 829 3544 λαοῦ
857 3489 1030 3545 ταῦτα
1052 3507 1234 3562 φησιν.
1268 3491 1481 3563 Ὠσπερ
1500 3489 1609 3563 γὰρ
1639 3490 1833 3560 ἐσκλή-

263 3598 426 3651 ρυνας
451 3581 682 3636 πάντοτε
708 3580 806 3653 τὴν
831 3581 1056 3653 καρδίαν
1077 3581 1170 3635 τοῦ
1192 3579 1409 3652 Φαραὼ,
1436 3580 1575 3634 οὕτω
1601 3581 1692 3634 καὶ
1715 3579 1828 3644 νῦν,

257 3671 447 3742 φησὶν,
489 3670 1036 3742 ήμᾶςὲσκλήρυνας,
1071 3669 1320 3737 ἀναξίους
1355 3663 1495 3722 εἶναι
1521 3669 1710 3741 κρίνας
1737 3667 1831 3721 τοῦ

258 3759 425 3830 φόϐου
454 3777 577 3814 σουο
616 3759 753 3815 ἀλλὰ
783 3760 878 3814 καὶ
915 3759 1223 3831 ἐπλάνησας
1263 3761 1410 3830 ἡμᾶς
1445 3760 1508 3813 σὺ
1552 3759 1732 3822 αὐτὸς,
1785 3751 1830 3812 ὦ

255 3852 452 3925 Κύριε,
483 3850 579 3905 τοῦ
611 3850 685 3922 μὴ
713 3851 978 3924 γνωρίσαι
1011 3850 1110 3921 τὴν
1149 3850 1267 3905 ὁδόν
1296 3868 1408 3905 σου.
1441 3850 1590 3922 Πλὴν
1635 3849 1749 3905 ἀλλ’
1782 3849 1831 3904 εί

255 3946 354 3999 καὶ
377 3945 540 4016 ἡμεῖς
568 3938 818 4008 τοιοῦτοι,
849 3943 913 3996 σὺ
959 3942 1089 4012 γοῦν
1134 3941 1210 4006 ὡς
1239 3941 1391 4007 Θεὸς,
1425 3941 1513 3996 διὰ
1550 3935 1676 4005 τοὺς
1711 3941 1832 3995 δού-

255 4035 383 4099 λους
414 4050 510 4088 σου
545 4033 712 4104 (elato;
750 4033 861 4107 7&9
889 4028 1026 4088 εἷναί
1059 4049 1211 4097 τινας
1251 4033 1310 4086 εν
1334 4032 1411 4104 τῷ
1441 4032 1635 4106 πλήθει
1658 4030 1834 4088 τοιού-

256 4127 467 4196 τους),
508 4123 853 4195 ιπίστρεψον.
899 4124 1010 4177 Kal.
1060 4122 1246 4195 ἐπειδὴ
1291 4123 1489 4195 κλῆρός
1527 4141 1620 4178 σου
1660 4142 1831 4197 κατη-

258 4212 534 4285 ξιώθημεν
571 4211 953 4286 ὀνομάζεσθαι,
987 4213 1301 4285 ἱκετεύομεν
1322 4233 1339 4266 ε
1364 4213 1715 4284 Ἐπιστρέψιι
1744 4214 1835 4269 διὰ

255 4307 386 4371 τοὺς
409 4304 627 4370 δούλους
654 4321 768 4369 σου,
796 4301 890 4358 καὶ
915 4303 1003 4357 διὰ
1028 4304 1126 4366 τὰς
1148 4303 1322 4374 φυλὰς
1347 4303 1444 4374 τῆς
1469 4303 1834 4375 κληρονομίας

258 4414 374 4452 σου.
425 4414 446 4450 ι
489 4395 815 4466 Δυνηθῶμεν
843 4395 937 4448 καὶ
963 4395 1121 4466 ἡμεῖς
1145 4395 1195 4447 οί
1225 4391 1430 4458 ἀνάξιοι
1463 4397 1662 4466 μικρᾶς
1689 4411 1832 4458 τινος

2002 3298 2168 3353 Vens.
2206 3296 2294 3354 I9.
2340 3315 2360 3350 ι
2395 3295 2547 3354 Facti
2604 3311 2791 3354 sumus
2835 3295 2984 3352 velut
3037 3297 3107 3352 ab
3157 3298 3332 3365 initio,
3388 3315 3514 3357 cum

1932 3405 2040 3446 non
2093 3388 2458 3455 dominareris
2508 3389 2722 3454 nostri,
2781 3403 2956 3458 neque
3007 3389 3352 3446 invocaretur
3411 3405 3514 3447 no-

1932 3497 2055 3538 men
2085 3492 2230 3538 tuum
2264 3496 2428 3553 super
2458 3496 2578 3537 nos.
2611 3499 2632 3533 ι
2699 3479 2864 3548 Quasi
2915 3496 2983 3537 ex
3030 3496 3264 3552 persona
3327 3483 3508 3554 populi

1933 3573 2047 3627 haec
2072 3571 2284 3629 eﬂ‘atur.
2331 3573 2488 3628 Sicut
2531 3571 2700 3637 enim,
2741 3573 2840 3639 ait,
2885 3587 2980 3628 cor
3017 3571 3318 3630 Pharaonis
3365 3589 3516 3632 seiu-

1931 3680 2029 3735 per
2092 3663 2391 3729 indurasti,
2455 3663 2532 3718 ita
2585 3676 2730 3718 nunc
2781 3677 2997 3734 quoque
3061 3679 3160 3720 nos
3222 3665 3516 3731 indurasti,

1934 3757 2186 3828 indignos
2217 3755 2470 3826 judicans
2515 3754 2709 3811 timore
2757 3765 2888 3812 tuo:
2918 3757 3220 3827 quinetiam
3267 3769 3323 3814 tu
3374 3761 3513 3830 ipsc,

1932 3849 2178 3912 Domine,
2216 3861 2404 3903 errare
2434 3861 2534 3904 nos
2575 3847 2780 3914 fecisti,
2811 3856 2872 3903 ut
2912 3849 3057 3904 viam
3099 3860 3247 3906 tuam
3295 3852 3520 3922 ignora-

1932 3955 2134 3997 remus.
2159 3939 2429 4011 Caiterum
2452 3940 2664 3996 etiamsi
2690 3955 2791 3995 nos
2820 3939 2957 3998 tales
2978 3941 3170 4007 simus,
3213 3951 3269 3996 tu
3303 3951 3517 4008 tamen,

1932 4039 2120 4101 utpote
2152 4031 2313 4096 Deus,
2347 4039 2570 4101 propter
2619 4044 2810 4087 servos
2856 4039 2979 4086 tuos
3017 4031 3168 4102 (nam
3210 4031 3519 4089 verisimle

1932 4131 2016 4178 est
2044 4124 2097 4178 in
2129 4122 2282 4179 turba
2330 4122 2588 4192 quosdam
2619 4121 2928 4191 huiusmodi
2958 4122 3125 4194 'esse)
3155 4133 3502 4180 convertere.

1935 4214 2001 4270 Et
2028 4215 2154 4284 quia
2187 4215 2334 4285 digni
2370 4214 2540 4270 habiti
2573 4229 2760 4270 sumus
2782 4213 2874 4284 qui
2905 4213 3198 4271 hereditas
3227 4225 3316 4269 tua
3347 4229 3514 4271 voca-

1936 4322 2138 4371 remur,
2165 4307 2283 4363 ideo
2312 4321 2618 4377 precamur,
2658 4322 2679 4358 ι
2708 4303 3042 4362 Convertere
3078 4315 3300 4377 propter
3323 4322 3519 4364 servos

1936 4407 2077 4468 tuos,
2103 4408 2158 4454 et
2211 4408 2430 4470 propter
2480 4400 2653 4454 tribus
2691 4398 3027 4456 hereditatis
3072 4407 3196 4455 tute.
3238 4418 3259 4454 ι
3308 4397 3375 4456 Ει
3411 4415 3519 4456 nos

255 4489 471 4553 ἑλπίδος
516 4490 700 4558 τυχεῖν
747 4490 805 4541 έν
849 4485 928 4558 τῷ
975 4485 1368 4559 ὲπηγγελμένῳ
1415 4484 1520 4539 ὑπὸ
1572 4483 1664 4540 σοῦ
1718 4484 1833 4558 δρει

1938 4506 2150 4562 quoque
2176 4491 2450 4547 valeamus
2474 4529 2491 4557 ,
2525 4489 2659 4547 licet
2699 4489 2948 4560 indigni,
2995 4493 3264 4547 modicam
3313 4491 3514 4548 saltem

255 4583 426 4652 ἁγίῳ·
464 4573 526 4634 οὗ
568 4579 843 4644 παντελῶς
871 4578 966 4633 νῦν
1013 4577 1482 4648 ἐκπεπτώκαμεν
1518 4577 1747 4649 ὲπείπερ
1784 4579 1834 4631 οί

256 4673 568 4729 ὑπεναντίοι
601 4672 757 4745 ἡμῶν
797 4671 1180 4742 κατεπάτησαν
1214 4671 1274 4723 τὸ
1303 4669 1547 4741 ἁγίασμά
1576 4685 1698 4723 σου·
1735 4668 1832 4723 καὶ

257 4767 402 4830 τοῦτ’
441 4764 682 4837 ιπραξαν
717 4765 802 4818 διὰ
832 4765 893 4819 τὸ
923 4764 984 4817 σὲ
1027 4763 1439 4834 ἀποστραφῆναι
1473 4762 1638 4832 ἡμᾶς.
1674 4761 1829 4815 Οὕτω

257 4854 390 4926 γοῦν
442 4855 892 4925 καταλειφθέντες
942 4854 1138 4927 ἔρημοι
1192 4855 1292 4925 τῆς
1351 4851 1452 4922 σῆς
1501 4851 1824 4922 ἐπισκοπῆς,

255 4948 486 5004 τοιοῦτοι
514 4945 608 5000 νῦν
647 4947 834 5016 ἐσμεν,
867 4948 1040 5001 ὁποῖοι
1075 4945 1169 5000 καὶ
1208 4943 1334 5017 πρίν
1364 4959 1422 4996 σε
1457 4943 1611 5014 ἡμῶν
1649 4943 1826 5015 ἄρξαι.

263 5041 356 5106 Ὠς
396 5040 500 5112 γὰρ
534 5036 602 5112 ἦν
643 5056 772 5093 ποτε
820 5040 1040 5111 χρόνος,
1075 5039 1164 5093 ὅτε
1201 5037 1328 5091 οὔτε
1365 5037 1670 5108 προφήτας,
1708 5035 1832 5090 οὔτε

257 5133 464 5204 ἱερέας,
503 5129 626 5186 οὗτε
660 5129 918 5201 βασιλεῖς,
949 5129 1070 5184 οὔτε
1110 5148 1162 5184 τι
1188 5130 1298 5185 τῶν
1332 5128 1438 5184 σῶν
1482 5133 1834 5202 χαρισμάτων

253 5223 501 5295 εἴχομεν·
537 5223 627 5276 τὸν
666 5218 828 5276 αὑτὸν
855 5221 1053 5293 τρόπον
1085 5224 1177 5276 καὶ
1208 5221 1300 5276 νῦν
1329 5223 1409 5286 είς
1451 5222 1664 5293 εκείνην
1707 5239 1836 5275 κατ-

252 5315 494 5386 έστημεν
531 5315 629 5386 τὴν
667 5315 922 5387 ἐρημίαν.
966 5314 1150 5369 Ταῦτα
1188 5316 1365 5370 πάντα
1405 5313 1581 5368 ἔοικεν
1629 5314 1830 5384 ἀναφέ-

257 5406 450 5480 ρεσθαι
482 5407 574 5460 ἐπὶ
614 5405 707 5460 τὸν
735 5406 924 5476 καιρὸν
958 5405 1048 5459 τὸν
1090 5405 1226 5476 μετὰ
1263 5406 1364 5478 τὴν
1392 5403 1694 5476 παρουσίαν
1737 5403 1828 5457 τοῦ

254 5497 508 5570 Σωτῆρος
559 5497 745 5568 ἡμῶν·
785 5498 843 5550 έν
881 5490 926 5566 ᾧ
959 5496 1235 5561 παντελῶς
1265 5495 1694 5568 κατελείφθησαν
1737 5496 1825 5550 διὰ

254 5588 325 5643 τὰ
364 5587 505 5642 κατὰ
535 5586 628 5640 τοῦ
655 5587 904 5660 Σωτῆρος
929 5587 1086 5660 ἡμῶν
1122 5587 1456 5658 τολμηθέντα
1483 5588 1683 5651 αὐτοῖς.
1714 5588 1826 5641 Νῦν

256 5677 366 5748 7&9
387 5677 463 5741 ὡς
487 5677 698 5749 ἀληθῶς
723 5677 950 5732 τοιοῦτοι
974 5678 1282 5748 γεγόνασιν,
1317 5679 1391 5743 ὡς
1420 5678 1480 5732 τὸ
1505 5679 1599 5732 ἀπ’
1629 5679 1822 5750 ἀρχῆς,

258 5768 347 5824 ὅτε
384 5770 482 5824 οὐκ
513 5765 680 5842 ἦρχεν
716 5769 892 5826 αὐτῶν
929 5773 956 5824 ὁ
994 5771 1144 5839 Θεὸς,
1181 5770 1318 5824 ὥστε
1339 5770 1593 5828 δύνασθαι
1626 5771 1820 5841 λέγειν·

1940 4585 2090 4656 spem
2127 4583 2384 4652 consequi
2418 4584 2471 4639 in
2505 4592 2686 4640 monte
2714 4591 2903 4638 sancto
2940 4591 3051 4651 tuo,
3100 4597 3261 4655 quem
3291 4583 3516 4653 pollice-

1938 4678 2014 4733 ris
2041 4694 2056 4731 :
2083 4691 2150 4733 ex
2176 4692 2285 4746 quo
2310 4677 2420 4747 jam
2449 4691 2674 4746 prorsus
2698 4674 3038 4742 excidimus;
3063 4673 3189 4745 quia
3214 4673 3516 4730 adversarii

1935 4767 2109 4825 nostri
2139 4767 2597 4824 conculcaverunt
2625 4765 2996 4822 sanctuarium
3027 4775 3199 4833 tuum,
3223 4765 3385 4837 idque
3430 4766 3514 4823 fe-

1935 4868 2148 4927 cerunt,
2190 4859 2314 4929 quia
2362 4867 2641 4914 aversatus
2671 4873 2772 4915 nos
2801 4871 2882 4913 es.
2944 4855 3035 4912 Sic
3078 4856 3245 4928 igitur
3266 4856 3519 4914 derelicti

1937 4961 1992 5005 et
2017 4950 2327 5006 visitatione
2360 4960 2452 5005 tua
2481 4949 2678 5020 privati
2703 4988 2720 5014 ,
2755 4949 2890 5005 tales
2917 4946 3029 5018 iam
3064 4963 3252 5004 sumus
3274 4988 3290 5014 ,
3322 4947 3522 5019 quales

1937 5055 2156 5098 eramus
2187 5053 2474 5111 antequam
2506 5045 2807 5112 imperares
2839 5041 3016 5097 nobis.
3044 5040 3519 5108 Quemadmodum-

1936 5134 2080 5190 enim
2106 5144 2317 5204 tempus
2338 5133 2464 5188 olim
2497 5134 2615 5198 fuit,
2637 5149 2760 5188 cum
2788 5147 2962 5204 neque
2986 5133 3303 5204 prophetas,
3331 5146 3518 5201 neque

1941 5227 2274 5292 sacerdotes,
2306 5240 2482 5295 neque
2506 5240 2682 5297 reges,
2715 5239 2893 5293 neque
2919 5225 3064 5280 aliud
3092 5225 3367 5296 quidpiam
3391 5241 3420 5279 a
3457 5235 3510 5280 te

1939 5331 2136 5373 munus
2176 5315 2522 5383 haberemus,
2576 5316 2655 5372 sic
2681 5324 2738 5372 et
2771 5330 2914 5371 nunc
2941 5315 3189 5373 eamdem
3233 5316 3286 5371 in
3313 5315 3506 5371 solitu-

1937 5408 2116 5464 dinem
2140 5416 2193 5462 et
2221 5408 2589 5464 conditionem
2618 5407 2930 5463 recidimus.
2958 5405 3084 5462 Haec
3110 5407 3290 5462 omnia
3314 5405 3506 5460 referri.

1934 5499 2188 5555 videntur
2215 5499 2282 5553 ad
2313 5508 2544 5569 tempus,
2576 5500 2720 5569 quod
2755 5499 3044 5554 adventum
3080 5496 3381 5553 Salvatoris
3408 5510 3507 5550 no-

1933 5589 2032 5645 stri
2060 5587 2406 5645 subsecutum
2433 5599 2517 5646 est
2543 5607 2558 5646 :
2595 5605 2703 5661 quo
2727 5604 2949 5660 prorsus
2973 5588 3216 5645 derelicti
3243 5594 3403 5653 sunt,
3433 5587 3504 5641 ob

1931 5679 2136 5735 scelera
2163 5688 2348 5735 contra
2388 5681 2636 5736 eumdem
2672 5679 3007 5736 Salvatorem
3038 5679 3108 5734 ab
3136 5680 3268 5749 ipsis
3306 5692 3493 5748 perpe-

1933 5781 2094 5830 trata.
2126 5772 2275 5831 Nunc
2314 5775 2455 5831 enim
2500 5789 2688 5832 rcvcra
2727 5773 2861 5830 tales
2892 5782 3037 5840 sunt,
3067 5772 3255 5846 quales
3285 5779 3443 5831 erant
3468 5785 3512 5823 αι
