4058 6390
632 389 733 447 507
1318 372 1584 433 EUSEBII
1621 366 2086 429 CESARIENSIS
2122 364 2234 421 0P1

2205 364 2270 419 'P.
2312 360 2490 418 PARS
2528 354 3110 418 ιιι-Εηοετιω.
3703 350 3807 407 508

630 502 911 577 principio,
943 514 1064 555 cum
1090 495 1322 553 nondum
1346 495 1475 563 ipsis
1502 493 1638 548 Deus
1667 491 2027 545 dominaretur
2051 526 2067 552 ,
2096 495 2157 545 ut
2183 493 2229 548 Α

2204 493 2229 548 λ
2260 503 2280 537 ι
2323 482 2647 552 Ἐγενόμεθα
2671 482 2745 541 ὥς
2768 477 2829 529 τὸ
2850 475 2943 528 ἀπ’
2970 472 3161 577 ἀρχῆς,
3192 485 3277 577 .fs
3299 483 3400 520 ουκ
3421 460 3592 536 ἦρξας
3625 464 3806 535 ἡμῶν,

630 559 819 652 dicere.
840 559 1054 645 valeant
1087 606 1100 642 :
1132 605 1151 638 ι
1185 581 1332 654 Facti
1365 559 1555 639 sumus
1579 581 1720 634 velut
1749 580 1816 633 ab
1856 578 2005 632 initio
2037 590 2160 630 cum

1749 580 1816 633 ab
1856 578 2005 632 initio
2037 590 2160 630 cum
2262 574 2379 628 οὐδὲ
2404 572 2601 643 ἐκλήθη
2631 568 2692 624 τὸ
2714 565 2882 644 ὄνομα
2909 580 3001 617 σου
3022 561 3106 630 ἐφ’
3131 559 3294 631 ἡμᾶς.
3331 575 3349 607 ι

630 701 735 741 non
764 678 1115 737 dominar'eris
1155 676 1320 730 nostri
1341 712 1357 737 ,
1387 677 1554 742 neque
1598 672 1930 725 invocaretur
1973 680 2161 721 nomen

627 783 779 830 suum
807 784 970 840 super
996 781 1113 823 nos.
1148 783 1168 817 ›

1178 846 1399 907 CAPUT
1437 846 1615 902 LXIV.
2764 830 2780 883 l

2764 822 3149 883 ΚΕΦΔΛΑῘΟΝ
3187 819 3301 874 ΞΝ.

698 949 859 1004 Vsus.
890 947 941 1000 l.
976 962 996 995 ι
1037 942 1093 997 Si
1133 900 1349 1010 aperi—as
1644 944 1845 988 tremor
1872 933 2164 1002 apprehen-

2341 943 2361 977 ι
2411 923 2534 978 Ἐἀν
2552 919 2766 990 ἀνοίξῃς
2795 918 2885 971 τὸν
2921 912 3170 986 οὐρανὸν,
3211 904 3680 1010 τρόμιιδςολὴιιθεται¹
3704 900 3818 956 ἀπὸ

628 992 867 1092 ἀοι.
895 992 1120 1087 ruentes
1136 992 1241 1093 ,το-ι
1272 992 1643 1094 liquescent.'r
1696 992 1958 1076 Caeterum
2003 1020 2166 1090 probe

2266 1013 2362 1069 σοῦ
2394 1014 2515 1085 ὅρη,
2545 1012 2637 1065 καὶ
2678 1009 3022 1079 τακήσονται.
3063 1021 3081 1054 ι
3310 998 3426 1094 ἀλλ’
3460 996 3629 1094 [σμε-ν.
3655 992 3818 1094 ἀκρι-

631 1128 875 1180 novimus
905 1130 956 1176 et
980 1132 1292 1189 persuasum
1322 1114 1609 1174 habemus,
1636 1112 1680 1167 si
1711 1110 1940 1165 volueris
1964 1110 2163 1164 emtum

2267 1103 2377 1166 σῶς
2542 1095 2897 1166 πεπείσμεθα,
2933 1094 3034 1158 ὅτι,
3074 1090 3166 1144 ἐὰν
3206 1088 3435 1158 θελήσῃς
3486 1082 3691 1189 ἀνοίξαι

630 1215 877 1281 aperire,
916 1172 1099 1276 utpote
1160 1206 1297 1259 Deus
1345 1202 1710 1269 omnipotens,
1759 1208 2043 1252 tremorem
2092 1196 2163 1250 tui

2267 1191 2488 1262 οὐρανὸν
2513 1190 2643 1251 Θεὸς
2668 1186 2742 1240 ὣν
2784 1185 2877 1238 καὶ
2916 1184 3090 1237 πάντα
3132 1179 3457 1281 δυνάμενος,
3724 1172 3823 1241 λή-

631 1262 841 1356 mrontes
861 1262 1343 1368 'apprebensurum
1377 1305 1493 1346 esse
1511 1329 1528 1353 ,
1556 1288 1803 1342 videlicet
1834 1284 2167 1340 adversariae

2267 1282 2425 1351 ψεται
2450 1278 2555 1333 ἀπὸ
2578 1277 2670 1331 σοῦ
2696 1276 2817 1348 ὄρη,
2839 1275 2934 1337 τὰς
2951 1270 3325 1340 ἀντικειμένας
3345 1264 3538 1337 δηλαδὴ
3561 1262 3825 1334 δυνάμεις

630 1358 1108 1463 potestatein-qua!
1144 1392 1326 1439 contra
1367 1380 1722 1450 cognitionem
1763 1376 1837 1429 tui
1869 1375 2164 1443 eriguntur.

1872 1375 2164 1443 eriguntur.
2268 1371 2367 1435 τὰς
2398 1368 2755 1441 ἐπαιρομένας
2784 1365 2923 1419 κατὰ
2952 1364 3050 1433 τῆς
3081 1358 3331 1430 γνώσεώς
3362 1373 3474 1410 σου.

894 1442 948 1540 2,
981 1442 1034 1531 3'.
1067 1495 1085 1526 ι
1124 1473 1272 1528 Sicut
1294 1485 1415 1525 cera
1432 1442 1491 1531 va
1536 1468 1673 1522 facie
1720 1467 1860 1534 ignis
1896 1442 2166 1534 liquescit,

2347 1478 2366 1512 ι
2424 1458 2510 1519 '0;
2540 1455 2705 1527 κηρὸς
2740 1453 2847 1507 ἀπὸ
2890 1448 3177 1521 προσώπου
3222 1447 3392 1519 πυρὸς
3435 1446 3682 1516 τήκεται,
3728 1442 3828 1497 καὶ

630 1582 688 1627 et
713 1570 987 1626 comburet
1021 1565 1155 1635 ignis
1185 1570 1302 1616 tuos
1329 1558 1683 1622 adversarios,
1737 1533 1791 1611 et
1833 1533 2166 1609 manifestum

2273 1546 2597 1602 κατακαύσει
2627 1544 2735 1616 πῦρ
2753 1544 2879 1605 τοὺς
2903 1538 3268 1603 ὑπεναντίους,
3296 1536 3390 1590 καὶ
3415 1535 3643 1606 φανερὸν
3664 1533 3830 1586 ἔσται

770 1672 958 1711 nomen
1008 1625 1154 1708 tuum
1199 1649 1564 1705 adversariis:
1603 1662 1632 1701 a
1678 1646 1812 1701 facie
1857 1654 1944 1698 tua
1990 1652 2171 1713 gentes

2271 1640 2332 1692 τὸ
2360 1637 2526 1707 δνομά
2558 1654 2649 1689 σου
2685 1636 2795 1696 τοῖς
2831 1630 3182 1693 ὑπεναντίοις.
3228 1628 3360 1682 Ἀπὸ
3402 1625 3693 1696 προσώπου
3730 1640 3831 1676 σου

636 1713 1004 1801 turbabuntur.
1032 1760 1051 1793 ι
1076 1742 1215 1795 Sane
1242 1758 1260 1790 ι
1289 1740 1451 1793 Deum
1468 1750 1623 1792 nemo
1644 1734 1775 1789 vidit
1796 1733 2083 1802 unquam"
2104 1748 2120 1797 ;
2142 1749 2162 1783 ι

2275 1725 2399 1797 ἔθνη
2418 1725 2864 1797 ταραχθὴσονται.
2898 1740 2918 1772 ι
2938 1723 3048 1775 Καὶ
3079 1720 3183 1790 μὴν
3207 1738 3226 1771 ι
3252 1718 3383 1771 Θεὸν
3409 1716 3580 1778 οὐδεὶς
3606 1713 3831 1785 ἑώρακε

636 1846 711 1901 et,
751 1854 769 1887 ι
804 1834 969 1889 Nemo
997 1833 1197 1887 videbit
1224 1831 1411 1885 faciem
1441 1841 1632 1892 meam,
1655 1834 1708 1880 et
1741 1826 1882 1878 vivet
1904 1823 1974 1877 “.
2012 1840 2031 1874 ι
2067 1820 2172 1874 Sed
2202 1829 2238 1883 Β

2231 1820 2510 1882 ιπώποτε,
2550 1836 2568 1868 ι
2606 1818 2718 1880 καὶ,
2756 1832 2775 1867 ι
2818 1816 3003 1878 Οὐδεὶς
3035 1810 3222 1882 δψεταί
3262 1826 3361 1881 μου
3405 1807 3465 1861 τὸ
3506 1806 3833 1878 πρόσωπον,

632 1896 720 1979 liis
752 1924 962 1977 videtur
989 1923 1148 1976 Deum
1174 1920 1534 1981 subindicare,
1561 1916 1651 1985 qui
1682 1916 1732 1969 in
1764 1914 1979 1968 deserto
2004 1909 2171 1981 Moysi

2272 1912 2366 1965 καὶ
2390 1909 2608 1980 ζήσεται
2629 1924 2642 1937 ·
2684 1926 2703 1958 ι
2731 1906 2843 1959 ἀλλ’
2878 1905 3018 1958 ἔοικε
3044 1903 3132 1956 τὸν
3158 1900 3287 1955 Θεὸν
3314 1897 3400 1952 διὰ
3428 1896 3628 1950 τούτων
3654 1896 3836 1948 αίνίτο

634 2015 851 2070 eracula
890 2013 1059 2073 dedit,
1084 2020 1138 2064 et
1167 2010 1253 2078 qui
1282 2010 1350 2063 ab
1388 2007 1531 2062 omni
1574 1984 1766 2075 populo
1789 2003 1936 2059 visus
1969 2009 2047 2056 est
2081 2016 2174 2069 per

2271 2001 2454 2055 τεσθαι
2476 2000 2565 2052 τὸν
2592 1998 2686 2051 καὶ
2711 1996 2803 2049 ἐπὶ
2823 1996 2919 2065 τῆς
2941 1996 3140 2065 ἐρήμου
3170 1988 3576 2061 χρηματίσαντα
3594 1984 3836 2078 Μωύσῆ,

637 2106 861 2175 gloriam
910 2072 1157 2156 omnibus
1184 2072 1553 2167 apparentem,
1575 2072 1660 2149 vde,
1693 2108 1799 2162 qua
1833 2095 2029 2149 dictum
2058 2098 2171 2145 est:

2270 2090 2349 2160 τῷ
2382 2106 2441 2142 τε
2479 2088 2640 2141 παντὶ
2674 2084 2785 2154 λαῷ
2824 2082 3116 2154 ἑωραμένῳ
3153 2078 3244 2132 διά
3285 2078 3382 2147 τῆς
3424 2072 3841 2175 ἐμφαινομένης

645 2163 668 2247 ἶ
695 2195 764 2251 Et
789 2192 918 2247 vidit
941 2190 1117 2246 omnis
1148 2163 1374 2261 populus
1401 2186 1622 2258 gloriam
1651 2183 1858 2239 Domini
1887 2184 1956 2236 ν’.
1991 2200 2003 2234 ι

2270 2183 2383 2244 τοῖς
2426 2181 2559 2232 πᾶσι
2585 2176 2741 2248 δόξης
2774 2175 2900 2247 περὶ
2926 2168 2994 2243 ἦς
3021 2172 3258 2242 εἴρηταιο
3293 2185 3313 2220 ι
3338 2165 3447 2223 Καὶ
3487 2163 3634 2235 ἐώρα
3668 2165 3777 2225 πᾶς
3804 2164 3841 2216 ὁ

2271 2271 2398 2334 λαὸς
2426 2271 2524 2341 τὴν
2554 2269 2705 2332 δόξαν
2748 2264 2970 2336 Κυρίου.
3003 2281 3022 2315 ι

708 2362 867 2419 Vsus.
894 2361 1009 2417 4-6.
1053 2380 1073 2413 ι
1102 2361 1234 2417 Cum
1272 2360 1464 2416 feceris
1489 2358 1738 2429 gloriosa,
1770 2366 1970 2412 tremor
1993 2353 2067 2409 tui
2092 2355 2177 2407 iu-

2347 2380 2369 2413 (
2402 2361 2567 2414 Ὅταν
2601 2360 2756 2428 ποιῇς
2784 2355 2853 2409 τὰ
2884 2352 3088 2415 ἔνδοξα,
3113 2350 3313 2421 τρόμος
3342 2346 3568 2418 λήψεται
3598 2342 3706 2398 ἀπὸ
3734 2341 3837 2396 σοῦ

638 2453 796 2507 vadet
821 2462 1048 2507 montes.
1073 2452 1116 2505 A
1144 2451 1338 2506 saeculo
1364 2465 1467 2504 non
1490 2449 1809 2511 audivimus,
1838 2461 2009 2515 neque
2035 2445 2172 2501 oculi

2272 2451 2392 2520 ὅρη.
2434 2447 2566 2501 Ἀπὸ
2604 2446 2693 2499 τοῦ
2719 2446 2909 2506 αἰῶνος
2929 2442 3028 2495 οὐκ
3054 2440 3385 2509 ἠκούσαμεν,
3419 2435 3539 2489 οὐδέ
3563 2431 3840 2503 ὀφθαλμοὶ

640 2541 808 2596 nostri
834 2541 1080 2595 viderunt
1102 2539 1287 2605 Deum,
1313 2549 1505 2608 praeter
1541 2546 1613 2601 te,
1638 2546 1693 2591 et
1725 2551 1882 2605 opera
1911 2546 2030 2601 tua,
2059 2550 2177 2605 qua

2271 2540 2427 2611 ἡμῶν
2448 2534 2583 2592 εἶδον
2607 2536 2735 2589 Θεὸν
2778 2534 2915 2605 πλήν
2942 2550 3055 2598 σου,
3090 2531 3184 2585 καὶ
3217 2529 3285 2583 τὰ
3314 2528 3449 2599 ῑργα
3488 2542 3603 2590 σου,
3640 2524 3674 2577 a
3713 2540 3843 2576 ποι-

643 2632 809 2685 facies
833 2629 1262 2699 exspectantibus
1290 2628 1728 2682 misericordiam.
1752 2626 2007 2683 Occurret
2032 2625 2173 2679 enim

2274 2630 2424 2699 ἡσεις
2457 2631 2566 2691 τοῖς
2596 2625 2950 2696 ὑπομένουσιν
2974 2623 3136 2675 ἔλεον.
3163 2619 3553 2688 Συναντήσεται
3585 2614 3693 2685 γὰρ
3719 2616 3840 2677 τοῖς

642 2721 710 2776 iis
755 2719 845 2787 qui
892 2718 1095 2772 faciunt
1131 2716 1412 2786 justitiam,
1438 2724 1493 2769 et
1517 2716 1719 2769 viarum
1767 2723 1974 2768 tuarum
2002 2727 2175 2768 recor-

2274 2718 2481 2772 ποιοῦσι
2504 2718 2564 2770 τὸ
2586 2716 2810 2780 δίκαιον,
2844 2712 2936 2766 καὶ
2966 2712 3072 2765 τῶν
3111 2709 3245 2764 ὁδῶν
3288 2725 3380 2762 σου
3415 2706 3840 2778 μνησθήσονται.

642 2811 931 2863 dabuntur.
961 2809 1098 2862 Ecce
1146 2816 1199 2860 tu
1246 2808 1413 2860 iratus
1458 2820 1550 2871 es,
1585 2816 1641 2860 et
1681 2819 1781 2860 nos
1817 2804 2174 2873 peccavimus.

2288 2808 2415 2861 Ἰδοὺ
2449 2809 2512 2861 σὺ
2537 2804 2829 2877 ὡργίσθης,
2866 2803 2958 2855 καὶ
2989 2801 3147 2871 ἡμεῖς
3177 2799 3508 2869 ἡμάρτομεν.
3542 2793 3642 2847 Διά
3676 2791 3846 2847 τοῦττ.

642 2898 845 2953 Idcirco
872 2898 1200 2962 erravimus,
1240 2905 1293 2951 et
1324 2894 1451 2951 facti
1501 2910 1682 2950 sumus
1725 2895 1879 2963 quasi
1921 2891 2177 2947 immundi

2275 2898 2651 2969 ἐπλανήθημεν
2681 2898 2774 2951 καὶ
2821 2893 3151 2965 ἐγενήθημεν
3190 2891 3264 2953 ὡς
3297 2888 3591 2958 ἀκάθαρτοι
3636 2885 3851 2947 πάντες

644 3002 827 3043 omnes
857 3004 990 3044 nos:
1024 2997 1278 3056 tanquam
1315 2998 1522 3054 pannus
1564 2985 1798 3039 sedentis
1822 2983 1995 3038 omnis
2021 2981 2178 3051 justi-

2276 2988 2461 3056 ἡμεῖς’
2492 2986 2565 3047 ὡς
2609 2984 2771 3053 ῥάκος
2810 2980 3227 3050 ἀποκαθημένης
3264 2977 3412 3028 πᾶσα
3454 2977 3488 3044 ἡ
3524 2972 3841 3041 δικαιοσύνη

645 3078 720 3130 tia
744 3087 946 3132 nostra.
980 3097 1000 3129 ι
1032 3077 1181 3144 Quod
1207 3077 1249 3131 si
1281 3091 1383 3144 qua
1415 3075 1550 3143 apud
1580 3090 1675 3128 nos
1720 3073 1941 3142 reperiri
1968 3080 2177 3140 putetur

2277 3073 2451 3143 ἡμῶν.
2504 3090 2521 3123 ι
2557 3072 2621 3124 Εἰ
2649 3072 2704 3124 δέ
2734 3069 2825 3123 καί
2850 3086 2932 3132 τις
2958 3071 3013 3122 ἐν
3052 3068 3182 3137 ἡμῖν
3209 3060 3461 3132 ἐνομίσθη
3488 3056 3844 3129 εὑρίσκεσθαι

642 3167 848 3236 iustitia
884 3168 1127 3235 actioque
1156 3165 1343 3235 proba,
1378 3179 1441 3218 ea
1488 3164 1732 3219 sordibus
1766 3165 1919 3233 plena
1944 3173 1998 3218 et
2025 3163 2177 3217 inde-
2203 3152 2244 3210 C

2241 3155 2245 3206 ί
2276 3161 2584 3233 δικαιοσύνη
2616 3162 2708 3215 καὶ
2733 3160 2927 3231 πρᾶξις
2956 3155 3156 3220 δικαία,
3182 3152 3541 3226 ἐρῤυπωμένη
3572 3152 3666 3204 καὶ
3696 3149 3843 3220 αὑτὴ

647 3273 770 3313 cora
806 3272 928 3311 esse
956 3257 1387 3325 deprehenditur.

1344 3270 1387 3309 ι’.
2279 3254 2372 3309 καὶ
2392 3253 2581 3322 ἄτιμος
2609 3252 2941 3323 ἐλήλεγκται.

724 3350 881 3402 Vsus.
926 3347 1076 3401 7-H.
1110 3366 1129 3396 c
1160 3347 1226 3400 Et
1258 3346 1568 3401 deﬂuximus
1607 3344 1757 3413 quasi
1798 3343 1919 3398 folia
1968 3352 2182 3413 propter

2352 3360 2371 3393 ι
2402 3343 2510 3395 Καὶ
2533 3340 2757 3411 ἐξερρύη
2767 3356 2863 3409 μεν
2884 3338 2959 3400 ὡς
2985 3337 3155 3405 φύλλα
3178 3334 3265 3387 διὰ
3284 3333 3383 3397 τάς
3406 3332 3633 3404 ἀνομίας
3648 3331 3837 3401 ,ἡμῶν-

650 3441 956 3511 iniquitates
992 3447 1231 3492 nostras:
1260 3438 1338 3492 sic
1369 3447 1559 3493 ventus
1595 3436 1797 3490 auferet
1843 3450 1971 3498 nos,
1996 3445 2048 3489 et
2077 3449 2179 3489 non

2276 3431 2446 3494 οὕτως
2484 3432 2681 3500 ἄνεμος
2712 3429 2845 3482 οἴσει
2876 3429 3049 3497 ἡμᾶς·
3087 3426 3179 3479 καὶ
3200 3413 3472 3478 οὐκτεστιν
3498 3424 3527 3474 ὁ
3552 3419 3844 3474 ἑπικαλού·

650 3543 733 3588 est
765 3532 852 3599 qui
892 3528 1099 3585 invocet
1143 3542 1333 3581 nomen
1382 3537 1563 3591 tuum,
1610 3542 1709 3581 nec
1740 3526 1829 3595 qui
1879 3525 2181 3580 recordatus

2280 3538 2439 3592 μενος
2466 3520 2527 3572 τὸ
2548 3519 2716 3589 δνομά
2736 3535 2849 3583 σου,
2870 3518 2963 3571 καὶ
2984 3520 3012 3570 ὁ
3040 3516 3293 3587 μνησθεὶς
3314 3514 3691 3570 ἀντιλαϐέσθαι
3717 3529 3838 3565 ιιόυ⁹

650 3621 1013 3689 apprehendat
1041 3629 1131 3675 te:
1167 3617 1416 3688 quoniam
1456 3617 1691 3673 avertisti
1742 3616 1935 3671 faciem
1982 3625 2125 3669 tuam
2151 3630 2180 3668 a

2276 3614 2356 3665 ὅτι
2386 3609 2727 3679 ἀπέστρεψας
2747 3608 2807 3661 τὸ
2832 3608 3112 3678 πρόσωπόν
3134 3622 3226 3659 σου
3253 3606 3346 3675 ἀφ’
3370 3604 3545 3677 ἡμῶν,
3580 3604 3673 3657 καὶ
3701 3619 3846 3674 παρ-

651 3714 826 3775 nobis,
858 3722 912 3763 et
953 3710 1214 3765 tradidisti
1244 3724 1340 3764 nos
1369 3719 1589 3778 propter
1618 3707 1923 3778 iniquitates
1950 3714 2178 3762 nostras.

2278 3702 2481 3766 έδωκας
2528 3701 2670 3771 ἡμᾶς
2717 3696 2803 3750 διὰ
2856 3697 2954 3760 τὰς
3001 3694 3269 3769 ἁμαρτίας
3325 3694 3501 3765 ἡμῶν.
3558 3693 3670 3745 Καὶ
3719 3692 3838 3756 νῦν,

650 3800 720 3856 Et
739 3816 896 3863 nunc,
928 3800 1167 3865 Domine,
1200 3799 1357 3854 Pater
1394 3808 1575 3854 noster
1607 3809 1687 3863 tu,
1713 3814 1810 3853 nos
1832 3814 1958 3853 vero
1991 3800 2180 3860 lutum,

2280 3794 2446 3862 Κύριε
2470 3830 2486 3855 ,
2512 3791 2698 3860 Πατὴρ
2738 3786 2892 3859 ἡμῶν
2930 3787 3014 3852 σὺ,
3046 3788 3205 3858 ἡμεῖς
3235 3785 3293 3839 δὲ
3332 3784 3521 3856 πηλὸς,
3560 3783 3699 3855 ἔργα
3728 3782 3840 3835 τῶν

651 3907 784 3960 opus
829 3906 1076 3945 manuum
1111 3899 1319 3944 tuarum
1365 3904 1571 3953 omnes,
1597 3905 1686 3952 “ne
1735 3889 1983 3943 irascaris
2032 3887 2183 3942 nobis

2278 3884 2474 3954 χειρῶν
2507 3899 2598 3935 σου
2634 3882 2849 3944 πάντες,
2892 3881 2966 3950 μὴ
2998 3879 3212 3951 ὁργίζου
3244 3879 3375 3948 ἡμῖν
3409 3876 3634 3948 σφόδρα,
3674 3875 3748 3946 μὴ
3780 3877 3836 3928 ἐκ

652 3983 828 4043 valde,
880 3994 1049 4048 neque
1100 3982 1152 4033 in
1204 3988 1440 4048 tempore
1496 3978 1801 4033 memineris
1836 3978 2175 4045 iniquitatum

2281 3972 2455 4043 καιρῷ
2486 3969 2729 4041 μνησθῇς
2761 3967 3038 4039 ἁμαρτιῶν
3067 3966 3243 4036 ἡμῶν.
3270 3965 3379 4018 Καὶ
3402 3964 3496 4017 νῦν
3529 3963 3841 4033 ἐπίϐλεψον,

658 4080 980 4124 nostrarum.
1012 4069 1076 4123 Et
1110 4084 1251 4123 nunc
1278 4069 1507 4129 intuere,
1543 4068 1783 4132 Domine,
1812 4068 2060 4134 quoniam
2087 4081 2186 4135 po-

2281 4062 2360 4114 ὅτι
2382 4062 2507 4123 λαός
2535 4077 2623 4111 σου
2650 4058 2844 4121 πάντες
2878 4060 3055 4128 ἡμεῖς.
3092 4056 3251 4119 Πόλις
3277 4052 3371 4108 τοῦ
3406 4053 3556 4121 ἁγίου
3590 4070 3685 4105 σου
3722 4055 3843 4121 ἐγε-

657 4160 811 4229 pulus
838 4171 957 4212 tuus
998 4172 1183 4211 omnes
1214 4172 1330 4211 nos.
1361 4158 1559 4211 Civitas
1602 4157 1770 4211 sancti
1807 4156 1878 4213 tui
1923 4156 2061 4210 facta
2104 4164 2187 4209 est

2281 4154 2411 4224 νήθη
2440 4153 2639 4222 ἔρημος
2681 4150 2835 4213 Σιὼν,
2878 4151 2951 4212 ὡς
2974 4151 3172 4219 ἕρημος
3198 4147 3427 4217 ἐγενήθη
3466 4146 3838 4217 Ἰερουσαλὴμ,

658 4250 863 4304 deserta
893 4247 1019 4301 Sion
1055 4265 1067 4300 :
1105 4258 1162 4301 ut
1194 4248 1461 4300 desertum
1489 4246 1624 4299 facta
1653 4254 1736 4300 est
1760 4234 2074 4306 Jerusalem,
2131 4244 2183 4297 in

2281 4245 2359 4305 είς
2399 4242 2635 4312 κατάραν
2661 4243 2689 4293 ὁ
2719 4237 2893 4303 οἶκος,
2941 4241 2999 4291 τὸ
3027 4239 3179 4306 ἆγιον
3216 4237 3393 4307 ἡμῶν,
3428 4237 3519 4290 καὶ
3551 4238 3583 4305 ἡ
3611 4236 3737 4299 δόξα
3772 4237 3838 4307 ἡν

658 4339 1086 4395 maledictionem
1122 4340 1331 4399 domus,
1366 4344 1605 4388 sanctum
1639 4344 1900 4397 nostrum,
1940 4342 1993 4385 et
2019 4331 2183 4400 gloria

2282 4333 2585 4403 ηύλόγησαν
2627 4333 2674 4384 oi
2718 4331 2945 4400 πατέρες
2989 4329 3165 4399 ἡμῶν,
3194 4328 3422 4399 ἐγενήθη
3453 4326 3839 4397 πυρίκαυστος,

658 4430 743 4481 cui
771 4428 1154 4483 benedixerunt
1182 4436 1360 4496 patres
1389 4424 1577 4487 nostri,
1604 4425 1725 4491 igne
1749 4422 2041 4486 combusta,
2072 4436 2186 4475 om—
2218 4472 2260 4496 n

2234 4472 2260 4496 λ
2286 4422 2380 4473 καὶ
2429 4420 2603 4473 πάντα
2640 4420 2821 4482 ἔνδοξα
2859 4418 3011 4488 ἡμῶν
3076 4417 3350 4469 συνέπεσε.
3410 4417 3519 4470 Καὶ
3563 4416 3655 4467 ἐπὶ
3704 4418 3836 4468 πᾶσι

660 4472 743 4481 νκ.
771 4472 1154 4483 --..-_._-._-.-
1182 4472 1358 4496 τη---
1390 4472 1577 4487 _------,
1606 4472 1721 4491 Ἢ---
1758 4472 2006 4477 ---η-ηρ
2027 4472 2041 4486 ,

660 4518 853 4584 niaque
884 4518 1110 4585 gloriosa
1134 4525 1315 4569 nostra
1346 4514 1712 4567 conciderunt.
1742 4514 1913 4581 Atque
1936 4512 1987 4565 in
2022 4511 2187 4565 omni-
2217 4472 2260 4525 Ι)

2244 4474 2490 4572 ’τούτοις
2529 4472 2785 4579 ἀνέσχου,
2823 4472 3014 4578 Κύριε,
3063 4509 3155 4560 καὶ
3184 4507 3515 4577 ἐσιώπησας,
3568 4507 3664 4561 καὶ
3713 4509 3846 4561 ἐτα-

660 4604 760 4661 bns
795 4606 910 4661 iatis
939 4606 1259 4672 sustinuisti,
1294 4605 1536 4669 Domine,
1567 4612 1623 4657 et
1671 4603 1901 4667 tacuisti,
1930 4611 1985 4657 et
2015 4600 2191 4655 humi-

1440 4605 1536 4669 ine,
1567 4612 1623 4657 et
1671 4603 1901 4667 tacuisti,
1930 4611 1985 4657 et
2015 4600 2191 4655 humi-
2291 4598 2553 4667 πείνωσας
2592 4598 2735 4667 ἡμᾶς
2765 4595 2987 4665 σφόδρα.
3024 4613 3042 4645 ›

663 4696 806 4748 liasti
839 4710 933 4749 nos
964 4695 1137 4748 valde.
1171 4712 1189 4745 ι

1210 4781 1434 4837 CAPUT
1467 4780 1627 4835 LXV.
2773 4772 2812 4822 Κ

2773 4769 3162 4822 ΚΕΦΑΛΑΙΟΝ
3209 4769 3324 4823 EE’.

731 4871 888 4927 Vens.
930 4873 1038 4925 1-5.
1079 4891 1096 4922 ι
1129 4874 1359 4942 Apparui
1392 4888 1492 4927 non
1524 4872 1831 4941 rogantibus
1854 4885 1935 4925 me
1962 4886 1976 4923 :
2005 4871 2189 4925 inven-

2368 4877 2387 4910 ι
2439 4860 2710 4929 Ἐμφανὴς
2742 4859 3001 4929 ἐγενήθην
3030 4862 3138 4922 τοῖς
3161 4860 3258 4928 ἐμὲ
3286 4858 3359 4929 μὴ
3390 4857 3721 4928 ἐπερωτῶσι,
3747 4858 3836 4911 εύ-

660 4970 746 5017 tus
772 4978 885 5016 sum
914 4963 979 5014 ab
1006 4963 1070 5015 iis
1099 4964 1189 5030 qui
1234 4977 1318 5015 me
1367 4978 1469 5015 non
1502 4962 1826 5029 quaerebant.
1864 4961 1978 5014 Dixi
2013 4976 2027 5012 :
2056 4961 2191 5013 Ecce

2298 4948 2453 5018 ρέθην
2499 4953 2606 5011 τοῖς
2646 4950 2745 5018 ἐμὲ
2782 4949 2856 5019 μὴ
2895 4948 3160 5017 ζητοῦσιν.
3206 4944 3377 4999 Εἴπαο
3436 4947 3564 5000 Ἰδού
3612 4951 3727 5017 εἰμι
3760 4949 3840 5018 τῷ

662 5057 869 5115 adsum,
904 5054 1043 5119 genti
1095 5067 1213 5119 quae
1267 5068 1373 5105 non
1429 5051 1699 5104 invocavit
1745 5066 1935 5104 nomen
1990 5064 2187 5103 meum.

2297 5037 2452 5101 ἔθνει,
2483 5040 2530 5090 οἳ
2556 5040 2653 5090 οὐκ
2686 5037 2943 5090 ἐκάλεσαν
2973 5056 3070 5107 μου
3093 5039 3150 5089 τὸ
3173 5037 3358 5107 ὄνομα.
3385 5038 3714 5101 Ἐξεπέτασα
3740 5038 3837 5101 τὰς

664 5141 900 5206 Expandi
936 5155 1121 5192 manus
1162 5154 1306 5192 meas
1332 5148 1439 5192 tota
1474 5139 1556 5191 die
1582 5140 1646 5191 ad
1674 5139 1918 5205 populum
1949 5152 2052 5191 non
2092 5136 2189 5189 ob-

2295 5129 2477 5199 χεῖράς
2513 5146 2609 5197 μου
2647 5129 2773 5198 ὅλην
2800 5128 2896 5198 τὴν
2929 5130 3136 5198 ἡμέραν
3174 5129 3311 5198 πρὸς
3337 5128 3459 5180 λαὸν
3490 5129 3832 5188 ἀπειθοῦντα,

665 5238 1067 5293 temperantem,
1097 5237 1143 5281 et
1192 5227 1668 5291 contradicentem,
1706 5226 1769 5279 iis
1790 5267 1803 5289 ,
1838 5226 1925 5294 qui
1955 5225 2193 5279 ambula—

2294 5221 2384 5272 καὶ
2428 5220 2794 5287 ἀντιλέγοντα,
2835 5220 2958 5281 τοὺς
2993 5219 3383 5289 πορευομένους
3425 5220 3527 5289 ὁδῷ
3572 5220 3632 5271 ού
3675 5220 3834 5289 καλῇ,

666 5318 793 5371 bant
820 5318 869 5369 in
896 5318 977 5369 via
1012 5334 1110 5370 non
1140 5320 1294 5381 bona,
1326 5318 1416 5370 sed
1441 5328 1559 5385 post
1578 5325 1793 5384 peccata
1819 5331 1932 5369 sua.
1964 5316 2193 5383 Populus

2293 5310 2402 5361 ἀλλ’
2430 5311 2601 5362 ὀπίσω
2644 5309 2749 5361 τῶν
2798 5308 3072 5378 ἁμαρτιῶν
3124 5309 3316 5361 αὐτῶν.
3357 5310 3412 5361 Ὀ
3453 5308 3574 5369 λαὸς
3617 5304 3767 5368 οὗτος
3809 5312 3836 5361 ὁ

669 5404 773 5465 hic,
802 5406 888 5470 qui
916 5406 1201 5461 exacerbat
1234 5420 1338 5468 me,
1384 5405 1438 5458 in
1467 5414 1754 5471 conspectu
1790 5419 1905 5458 meo
1936 5418 2143 5471 semper
2176 5420 2190 5453 :

2296 5402 2603 5471 παροξύνων
2645 5419 2707 5471 με
2738 5401 2972 5452 ἐναντίον
3002 5400 3131 5469 ἐμοῦ
3164 5399 3250 5451 διὰ
3274 5400 3468 5461 παντός
3492 5417 3507 5431 ⁸
3551 5401 3702 5454 αὐτοὶ
3748 5400 3836 5451 Θυι-

672 5491 767 5559 ipsi
800 5494 1072 5547 immolant
1102 5495 1155 5547 in
1191 5495 1383 5557 hortis,
1413 5503 1467 5549 et
1495 5494 1707 5547 adolent
1738 5494 2007 5549 incensum
2034 5508 2196 5562 super

2300 5490 2564 5554 σιάζουσιν
2615 5490 2671 5543 ὲν
2706 5491 2813 5551 τοῖς
2854 5489 3078 5559 κήποις,
3128 5488 3218 5541 καὶ
3268 5487 3528 5555 θυμιῶσιν
3579 5487 3669 5539 ἐπὶ
3720 5490 3836 5550 ταῖς

750 5670 792 5697 ³⁵
816 5666 964 5722 Joan.
1000 5686 1035 5733 :,
1073 5669 1157 5725 18.
1269 5671 1311 5701 ’⁸
1342 5669 1507 5725 Exod.
1538 5684 1728 5738 xxxm,
1763 5667 1851 5725 20.
1927 5670 1967 5701 ³⁷
2002 5668 2153 5724 Num.
2184 5683 2287 5732 xw,
2332 5668 2409 5722 19.
