4058 6416
1304 383 1799 442 εοιιιειιτιιιιιε
1834 383 1905 440 IN
1936 382 2192 444 ISAIAM.
2228 416 2303 430 --
2334 385 2497 443 CAP.
2526 385 2686 445 LXV.

3506 392 3612 450 510

356 503 596 569 πλίνθοις
616 505 731 568 τοῖς
754 502 1068 577 δαιμονίοις,
1094 504 1133 560 ἀ
1156 504 1255 561 οὐκ
1278 505 1447 562 ιστιν,
1486 525 1506 559 ι
1542 505 1612 560 Ei
1652 524 1738 572 τις
1787 505 1895 560 θέλε

1998 545 2006 566 ι
2035 506 2236 562 lateres
2268 506 2570 572 daemoniis,
2594 520 2714 576 qua
2740 520 2846 586 non
2879 514 3031 564 sunt.
3055 525 3076 561 ι
3099 504 3157 564 Si
3183 507 3326 578 quis,
3351 507 3601 564 veritatis

353 594 640 668 φιλαλήθει
670 595 916 667 λογισμῷ
937 595 1038 668 τὴν
1064 596 1364 672 tum-694v
1389 598 1818 670 φιλανθρωπίαν,
1848 599 1895 653 εἰ

2032 597 2212 653 studio
2233 606 2438 663 motus,
2470 612 2646 652 meam
2676 612 2803 670 erga
2826 597 3076 653 homines
3104 597 3446 653 clementiam
3482 613 3613 668 per-

353 701 441 758 ροι
484 685 553 741 ἂν
580 687 846 756 φθάνοντά
879 704 948 759 με
977 689 1099 754 ταῖς
1146 689 1486 760 εὐεργεσίαις
1525 691 1619 744 καὶ
1651 692 1777 754 τοὺς
1825 709 1928 762 μα-

2029 687 2264 756 pendere
2303 687 2454 756 velit,
2482 690 2529 743 is
2555 690 2797 744 inveniet
2825 705 2910 745 me
2943 704 3157 761 semper
3190 692 3272 748 vel
3300 707 3418 759 eos,
3443 693 3545 762 qui
3572 707 3604 747 a

349 779 493 852 κράν
520 777 837 848 ἀφεστῶτας
861 778 963 850 τῆς
985 780 1126 851 ἐμῆς
1170 780 1444 850 γνώσεως.
1491 782 1698 836 Αὐτίκα
1726 782 1791 853 δή
1829 777 1891 836 οὗ

2026 777 2332 846 cognitione
2361 793 2481 834 mea
2511 780 2699 850 procul
2726 782 2917 836 remoti
2945 790 3128 847 erant,
3151 780 3429 838 beneﬂciis
3457 797 3606 851 pras-

348 872 463 934 τοϊς
503 868 660 932 ἐκτὸς
699 869 1056 940 μηδεπώποτε
1082 870 1392 943 ἐρωτήσασί
1433 888 1501 941 με
1531 871 1749 943 ἐμφανῆ
1790 888 1923 925 κατ-

347 959 557 1028 έστησα
606 958 842 1031 έμαυτδν
891 960 959 1014 δι’
1001 958 1441 1031 ὑπερϐάλλουσαν
1479 961 1885 1033 φιλανθρωπίαν
1905 979 1920 994 ο

347 1050 492 1106 ὥστε
525 1051 626 1123 ήδη
679 1052 808 1116 τοὺς
847 1052 1152 1122 ωλογενεῖς
1183 1055 1277 1108 καὶ
1305 1052 1756 1125 ἀλλοφύλουςιτήν
1781 1055 1920 1126 ἐμήν

344 1141 547 1212 γνῶσιν
575 1141 942 1214 ἀνειληφέναι,
974 1145 1176 1217 καίπερ
1199 1145 1364 1217 μηδὶν
1387 1147 1468 1209 είς
1497 1144 1654 1198 τοῦτο
1678 1144 1922 1215 συμϐαλ-

343 1232 623 1304 λομένους.
677 1235 838 1289 ’Δλλά
891 1236 986 1290 καὶ
1027 1239 1143 1300 τοῖς
1174 1236 1248 1308 μή
1301 1235 1572 1308 ζητήσασι-
1621 1236 1720 1307 τήν
1778 1235 1919 1308 ἐμὴν

343 1323 509 1396 χάριν
539 1325 742 1398 ταύτης
769 1326 1071 1398 μετέδωκα,
1107 1327 1318 1396 φθάσας
1343 1343 1404 1380 τε
1441 1326 1540 1390 τάς
1571 1327 1776 1398 ἐτέρων
1806 1343 1917 1380 πα-

343 1414 670 1487 ρακλήσεις·
705 1417 833 1486 πρὶν
863 1417 957 1470 καὶ⁵
1001 1416 1286 1482 εὔξασθαι,
1333 1419 1464 1490 πρὶν
1513 1417 1613 1471 καὶ
1643 1415 1916 1472 ἱκετεῦσαι

339 1504 561 1571 αὐτοὺς,
584 1501 737 1560 εἷπον
754 1522 773 1537 ·
817 1507 948 1561 Ἰδοὺ
977 1507 1229 1578 πάρειμι.

417 1611 438 1645 ι
479 1594 570 1647 Ἔν
597 1596 711 1658 τοῖς
741 1596 986 1666 μνήμασι
1016 1598 1108 1651 καὶ
1139 1599 1197 1650 ἐν
1217 1600 1328 1660 τοῖς
1361 1597 1646 1668 σπηλαίοις
1670 1597 1910 1669 κοιμῶν-

335 1700 428 1738 ται
456 1684 546 1738 διὰ
570 1685 795 1740 ἐνύπνια
829 1687 880 1739 oi
908 1686 1155 1752 ἔσθοντες
1189 1689 1358 1760 κρέας
1395 1688 1559 1755 ὕειον,
1595 1692 1690 1744 καὶ
1728 1689 1912 1759 ζωμὸν

335 1776 989 1848 θυσιῶν,·μεμολυμμένα
1031 1779 1207 1832 πάντα
1252 1780 1320 1835 τά
1385 1781 1552 1852 σκεύη
1600 1782 1802 1835 αὐτῶν.
1842 1784 1906 1836 Ol

332 1867 604 1936 λέγοντες,
634 1860 829 1938 Πόρρω
861 1869 956 1921 ἀπ’
985 1868 1142 1939 ἐμοῦ,
1173 1869 1246 1941 μή
1280 1871 1503 1942 ἐγγίσης
1536 1888 1646 1942 μοι,
1679 1873 1761 1924 δτι
1799 1890 1904 1926 κα-

332 1958 501 2031 θαρός
526 1954 664 2030 ἱίμι.
679 1952 844 2022 Οὗτος
864 1960 1070 2024 καπνὸς
1092 1959 1186 2014 τοῦ
1217 1961 1389 2031 θυμοῦ
1410 1979 1527 2032 μου.
1546 1962 1663 2032 Πῦρ
1688 1963 1903 2017 καίεται

331 2053 394 2106 ἐν
425 2050 576 2120 αύτῷ
629 2051 810 2115 πάσας
845 2051 946 2115 τὰς
999 2052 1230 2123 ἡμέρας.
1280 2053 1410 2106 Ἰδοὺ
1458 2055 1764 2125 γέγραπται
1814 2057 1902 2108 ἐν-

326 2137 526 2194 ώπιόν⁶
547 2155 670 2210 μου·
706 2139 780 2194 ού
830 2141 1093 2211 σιωπήσω
1129 2142 1233 2205 ἕως
1271 2144 1338 2196 ἂν
1374 2143 1636 2197 ἀποδώσω
1682 2146 1762 2207 εἰς
1810 2144 1900 2198 τὸν

327 2229 532 2283 κόλπον
561 2229 740 2284 αὐτῶν
762 2229 862 2296 τὰς
887 2231 1162 2304 ἁμαρτίας
1190 2232 1371 2287 αὐτῶν
1389 2234 1482 2287 καὶ
1509 2234 1618 2287 τῶν
1648 2235 1899 2305 πατέρων

325 2305 527 2386 αὐτῶν,
576 2320 724 2390 λέγει
755 2321 982 2394 Κύριος.
1029 2323 1093 2376 Oi
1123 2323 1424 2395 ἐθυμίασαν
1449 2325 1542 2378 ἐπὶ
1571 2325 1680 2378 τῶν
1729 2328 1898 2398 ὀρέων

325 2411 424 2477 καὶ
455 2411 680 2465 ἐπὶτῶν
709 2412 911 2482 βουνῶν
945 2414 1226 2469 ὠνείδισάν
1257 2433 1345 2486 με,
1376 2414 1640 2470 ἀποδώσω
1667 2417 1736 2470 τά
1759 2417 1896 2489 ἔργα

323 2502 505 2560 αὐτῶν
544 2504 626 2567 είς
667 2503 758 2557 τὸν
795 2504 992 2559 κόλπον
1025 2506 1224 2560 αὐτῶν.
1256 2506 1443 2571 Οὕτως
1485 2507 1630 2576 λέγει
1669 2508 1890 2580 Κύριος·

327 2593 430 2647 ὀν
456 2594 657 2665 τρόπον
688 2595 1042 2668 εὑρεθήσεται
1080 2597 1109 2648 ό
1149 2597 1260 2669 ρ’ὼξ
1312 2599 1371 2651 ἐν
1416 2598 1494 2670 τῷ
1549 2599 1752 2671 βότρυῖ,
1798 2601 1894 2654 καὶ

320 2682 510 2753 ἐροῦσι
529 2701 542 2714 ·
569 2685 660 2754 Μὴ
685 2685 898 2760 λυμήνῃ
916 2687 1099 2752 αὐτὸν,
1115 2689 1198 2741 δτι
1221 2689 1437 2758 εὐλογία
1457 2691 1605 2744 ἐστὶν
1634 2694 1693 2744 ἐν
1720 2692 1888 2762 αὐτῷ·

2025 867 2260 922 venisse.
2311 868 2382 924 Et
2425 884 2556 926 vero
2585 873 2881 939 extraneis,
2935 873 3029 941 qui
3065 888 3151 928 me
3203 888 3477 943 nunquam
3518 873 3603 928 in-

2026 964 2440 1025 terrogaverant
2476 998 2493 1024 ,
2549 958 2620 1014 ob
2672 960 2779 1014 vim
2841 960 3070 1018 affectus
3129 961 3258 1027 mei,
3311 960 3602 1017 manifeste

2022 1048 2267 1114 apparni,
2307 1048 2377 1101 ita
2403 1057 2462 1102 ut
2495 1049 2610 1118 jam
2655 1052 2976 1123 alienigena
3025 1062 3083 1107 et
3115 1052 3386 1124 peregrini
3421 1056 3602 1120 cogni-

2020 1137 2222 1192 tionem
2259 1139 2373 1193 mei.
2412 1130 2660 1195 assecuti
2691 1141 2844 1210 sint;
2880 1144 2980 1200 etsi
3012 1142 3086 1198 illi
3117 1141 3318 1197 nullam
3373 1157 3599 1214 Operam

2019 1243 2082 1283 ea
2111 1229 2165 1282 in
2199 1243 2257 1283 re
2283 1229 2551 1286 dederint.
2581 1230 2883 1288 Imoetiam
2921 1234 3017 1299 iis,
3035 1235 3127 1303 qui
3159 1233 3388 1304 gratiam
3417 1250 3596 1292 meam

2018 1333 2128 1373 non
2183 1321 2523 1386 quaarebant,
2559 1337 2751 1391 preces
2784 1338 2978 1379 eorum
3031 1333 3364 1392 praevertens
3417 1324 3592 1395 ipsam

2017 1407 2216 1461 tradidi
2251 1424 2265 1461 :
2303 1408 2618 1479 priusquam
2651 1421 2927 1483 rogarent,
2968 1412 3288 1483 priusquam
3317 1413 3592 1486 supplica-

2015 1506 2158 1559 rent,
2188 1497 2323 1561 dixi,
2347 1498 2487 1555 Ecce
2521 1501 2733 1556 adsum.

2089 1588 2246 1642 Vens.
2279 1589 2396 1645 4-8.
2418 1608 2437 1642 ι
2463 1591 2520 1644 ιη
2546 1593 2818 1662 sepulcris
2839 1603 2895 1650 et
2926 1595 2980 1651 in
3013 1597 3289 1667 speluncis
3311 1597 3592 1654 dormiunt

2014 1688 2232 1745 propter
2256 1681 2492 1745 somnia,
2534 1682 2622 1751 qui
2672 1684 2963 1741 comedunt
2999 1701 3216 1743 carnem
3265 1688 3499 1753 suillam,
3532 1697 3590 1744 et

1989 1769 2097 1853 ‘jus
2141 1769 2462 1837 hostiarum,
2499 1771 2725 1840 profana
2766 1788 2893 1828 vasa
2921 1777 3103 1830 omnia
3148 1793 3356 1834 eorum.
3385 1778 3486 1845 Qui
3504 1779 3589 1833 di—

2010 1870 2158 1925 cunt,
2195 1861 2377 1932 Longe
2410 1878 2440 1916 a
2473 1878 2578 1926 me,
2606 1878 2675 1918 ne
2700 1865 3103 1935 appropinques
3137 1868 3298 1936 mibi,
3325 1870 3584 1940 quoniam

2007 1953 2235 2007 mundus
2259 1969 2398 2007 sum.
2426 1953 2531 2009 lste
2561 1964 2645 2009 est
2673 1954 2850 2012 fumus
2884 1957 3083 2013 furoris
3108 1959 3237 2014 mei.
3264 1958 3409 2030 Ignis
3430 1961 3587 2015 ardet

2005 2039 2057 2093 in
2091 2055 2154 2095 eo
2181 2043 2396 2096 cunctis
2416 2043 2625 2097 diebus.
2655 2043 2793 2099 Ecce
2810 2046 3067 2116 scriptum
3097 2059 3178 2102 est
3212 2049 3264 2102 in
3287 2062 3586 2120 conspectu

2003 2146 2124 2186 meo
2149 2148 2174 2184 ε
2203 2131 2316 2188 Non
2359 2135 2547 2190 tacebo
2609 2136 2783 2192 donec
2813 2138 3034 2194 reddam
3088 2139 3143 2194 in
3169 2140 3344 2194 sinum
3389 2157 3581 2196 eorum

2000 2232 2223 2291 peccata
2257 2225 2494 2293 ipsorum
2527 2235 2583 2281 et
2625 2235 2838 2296 patrum
2867 2242 3112 2294 suorum,
3142 2231 3272 2284 dicit
3296 2231 3579 2289 Dominus.

1999 2311 2099 2379 Qui
2128 2313 2483 2369 adoleverunt
2507 2315 2786 2371 incensum
2837 2333 2998 2388 supra
3046 2331 3260 2375 montes
3317 2332 3373 2376 et
3414 2337 3580 2394 supra

1997 2402 2163 2458 colles
2180 2405 2806 2473 exprobraveruntmibi,
2828 2410 3119 2463 retribuam
3140 2426 3298 2480 opera
3319 2427 3506 2468 eorum
3521 2415 3577 2471 l'n

1995 2493 2170 2547 sinum
2183 2510 2390 2549 eorum.
2409 2496 2499 2550 Sic
2511 2497 2641 2552 dicit
2654 2498 2912 2554 Dominus
2926 2517 2940 2554 :
2956 2499 3412 2565 Quemadmodum
3427 2504 3580 2561 inve-

1996 2583 2172 2639 nietur
2189 2585 2373 2640 acinus
2389 2587 2440 2640 in
2471 2588 2647 2653 botro,
2664 2589 2909 2643 etdicent
2928 2608 2942 2644 :
2964 2589 3040 2644 Ne
3049 2591 3243 2658 perdas
3259 2592 3428 2660 illum,
3449 2596 3576 2663 quia

1992 2674 2300 2732 benedictio
2324 2685 2408 2732 est
2436 2678 2489 2732 in
2512 2677 2603 2733 illo
2639 2696 2653 2743 ;
2685 2681 2763 2735 sic
2785 2679 2976 2735 faciam
3003 2694 3220 2752 propter
3242 2687 3573 2740 servientem

319 2775 497 2850 οὕτως
525 2777 735 2846 ποιήσω
757 2778 941 2832 ῑνεκεν
966 2778 1059 2832 τοῦ
1096 2779 1434 2844 δουλεύοντός
1463 2798 1572 2851 μοι.
1615 2801 1633 2833 ι
1674 2782 1812 2835 Ἀλλ’
1841 2783 1895 2836 ετ

1998 2763 2148 2817 mihi.
2181 2783 2200 2815 ι
2239 2765 2346 2819 Sed
2387 2765 2433 2820 si
2465 2767 2587 2835 quis
2646 2768 2788 2821 inter
2833 2783 2930 2824 eos
2968 2772 3294 2840 reperiatur,
3333 2774 3474 2828 sicut
3517 2774 3573 2829 in

320 2845 543 2930 πούτις
589 2845 740 2931 ἐντὸς
780 2869 960 2922 αὐτῶν
1001 2869 1273 2940 εὑρεθείη,
1318 2871 1394 2934 ὼς
1439 2845 1497 2924 ἐν
1532 2871 1719 2944 βότρυῖ
1753 2870 1890 2945 ξηρᾷ

1998 2856 2151 2910 botro
2175 2856 2347 2919 arida,
2368 2871 2534 2912 sanus
2561 2857 2885 2928 vividusque
2901 2861 3112 2926 acinus,
3138 2877 3242 2916 non
3260 2864 3417 2918 cadet
3432 2863 3574 2934 apud

318 2957 482 3028 ὑγιὴς
527 2957 620 3010 καὶ
659 2959 971 3030 ἐρρωμένος
1010 2959 1139 3030 ῥὼξ,
1165 2962 1226 3013 ού
1251 2961 1586 3016 διαπεσεῖται
1609 2964 1740 3035 παρ’
1768 2966 1888 3035 ἐμοὶ

1998 2960 2076 3000 me
2107 2947 2364 3017 judicem,
2416 2963 2596 3017 neque
2631 2965 2752 3004 cum
2795 2952 3150 3021 pereuntibus
3187 2954 3408 3021 peribit,
3443 2955 3570 3022 quia

317 3046 399 3118 τῷ
431 3051 613 3118 κριτῇ,
644 3049 764 3102 οὐδὲ
792 3049 1170 3104 συναπολεῖται
1212 3055 1324 3116 τοῖς
1359 3053 1766 3125 ἀπολλυμένοις,
1798 3055 1884 3108 διὰ

1998 3037 2391 3093 benedictionis
2427 3041 2706 3108 particeps
2727 3051 2832 3097 est.
2858 3039 3031 3096 Tanto
3058 3050 3238 3097 autem
3280 3044 3574 3113 pretiosior

316 3135 382 3190 τὸ
416 3136 660 3207 μετέχειν
678 3138 842 3191 αὑτὸν
865 3139 1130 3208 εὐλογίας.
1168 3139 1322 3193 Οὕτω
1344 3140 1401 3194 δὲ
1433 3141 1582 3196 ἔσται
1606 3145 1634 3196 ό
1665 3143 1775 3214 ρὼξ
1799 3139 1889 3199 οὗ·

1998 3131 2138 3200 apud
2171 3145 2258 3187 me
2284 3131 2390 3186 erit
2425 3132 2514 3187 hic
2553 3133 2764 3198 acinus,
2810 3142 3014 3203 quanto
3064 3135 3263 3190 rarior.
3302 3137 3384 3190 Ad
3424 3135 3570 3191 hunc

316 3241 410 3288 to;
440 3226 619 3294 τίμιος
658 3227 786 3298 παρ’
818 3227 968 3297 ἐμοὶ,
998 3229 1107 3298 ὅσῳ
1143 3231 1237 3282 καὶ
1273 3230 1513 3294 σπάνιος.
1550 3233 1709 3286 Κατά
1731 3234 1890 3288 τοῦτο

315 3313 376 3368 δὲ
406 3315 468 3369 τὺ
497 3315 843 3387 παράδειγμα
863 3318 957 3371 καὶ
986 3319 1077 3371 ἐπὶ
1095 3317 1188 3371 τοῦ
1217 3319 1418 3382 παντὸς
1446 3320 1630 3385 ἔθνους
1660 3325 1889 3394 ποιήσω,

316 3407 476 3478 εἰπερ
523 3424 607 3470 τις
653 3408 900 3479 εὑρεθείη
937 3409 1030 3461 καὶ
1073 3410 1131 3462 ἐν
1166 3408 1374 3473 τούτοις
1415 3412 1683 3483 σωτηρίας
1718 3413 1888 3479 ἄξιος.

396 3515 415 3548 ι
447 3497 652 3550 Τούτου
675 3497 860 3552 ἕνεκεν
893 3499 953 3551 οὐ
981 3499 1055 3570 μὴ
1085 3499 1334 3553 ἀπολέσω
1354 3501 1583 3570 πάντας,
1603 3504 1696 3556 καὶ
1718 3503 1890 3572 ἐξάξω

315 3586 380 3639 τὸ
405 3583 467 3650 ἐξ
508 3587 703 3640 Ἰακὼϐ
736 3588 957 3658 σπέρμα
991 3591 1082 3643 καὶ
1101 3589 1160 3656 ἐξ
1206 3591 1400 3644 Ἰούδα·
1437 3593 1532 3645 καὶ
1553 3591 1892 3665 κληρονομή-

317 3693 404 3729 σει
436 3676 496 3728 es
541 3677 666 3748 δρος
707 3678 768 3732 τὺ
801 3679 955 3748 ἅγιόν
987 3696 1121 3750 μουο
1151 3681 1245 3734 καὶ
1295 3682 1794 3756 κληρονομήσουσιν
1839 3688 1888 3740 oi

314 3767 564 3820 ἐκλεκτοί
609 3786 711 3838 μου
759 3769 853 3821 καὶ
890 3771 940 3821 oi
972 3769 1150 3824 δοῦλοί
1190 3788 1314 3841 μου,
1341 3771 1436 3825 καὶ
1471 3777 1888 3846 κατοικήσουσιν

314 3858 453 3912 ἐκεῖ.
495 3879 513 3910 ι
552 3860 624 3913 Τὸ
661 3860 866 3930 ἀγαθὸν
914 3864 1009 3916 καὶ
1056 3865 1279 3918 σπάνιον
1330 3867 1582 3936 σπέρμα,
1619 3867 1816 3939 δηλαδὴ
1861 3871 1890 3922 ό

312 3950 673 4015 ἀποστολικὺς
715 3953 875 4023 χορὸς
924 3953 1018 4006 τοῦ
1071 3954 1308 4025 πλήθους
1351 3955 1460 4011 τῶν
1503 3958 1888 4029 ἀπολλυμένων

311 4041 648 4112 ἀφορισθείς.
679 4043 849 4098 Πάλιν
883 4046 1156 4100 κάνταῦθα
1207 4048 1495 4113 ἐκλεκτοὺς
1529 4050 1623 4103 καὶ
1672 4050 1888 4114 δούλους

309 4131 479 4186 αὐτοῦ
515 4135 641 4197 τοὺς
680 4136 1010 4200 ἀποστόλους
1043 4137 1319 4208 σημαίνει,
1368 4140 1562 4204 οἵτινες
1601 4141 1676 4204 ὡς
1715 4141 1888 4214 ῥῶγες

309 4221 601 4294 εὕρηνται·
644 4225 736 4288 οὓς
763 4226 854 4279 καὶ
880 4227 1236 4299 ἐκλεξάμενος
1262 4231 1652 4301 πριφυλάττει
1684 4235 1748 4286 ἐκ
1780 4234 1889 4288 τῶν

311 4314 537 4384 ἐτέρων,
574 4317 669 4369 καὶ⁷
703 4317 924 4388 σπέρμά
948 4321 1100 4387 ἀγιον
1130 4322 1223 4373 καὶ
1254 4321 1505 4376 ἐκλεκτὸν
1529 4323 1830 4395 ὠνόμασεν.

388 4420 408 4453 ι
439 4403 548 4456 Καὶ
577 4404 789 4458 ἔσονται
818 4408 875 4459 ἐν
895 4407 973 4477 τῷ
998 4409 1186 4480 δρυμῷ
1209 4410 1464 4476 ἐπαύλεις
1488 4415 1770 4484 ποιμνίων.
1791 4417 1885 4469 καὶ

1991 3222 2150 3291 plane
2165 3222 2381 3277 modum
2411 3233 2468 3278 et
2493 3223 2722 3278 tormam
2753 3239 2873 3279 cum
2901 3235 3058 3292 gente
3087 3234 3200 3281 tota
3230 3241 3344 3281 rem
3385 3241 3564 3297 agam,

1991 3313 2040 3366 si
2073 3313 2194 3382 quis
2216 3327 2385 3383 penes
2411 3314 2535 3369 illos
2556 3315 2857 3385 reperiatur
2882 3316 3058 3371 salute
3079 3315 3288 3386 dignus.

2061 3490 2222 3546 Vens.
2251 3492 2303 3546 9.
2331 3509 2349 3542 ι
2378 3489 2503 3546 ideo
2533 3506 2638 3545 non
2679 3491 2902 3560 perdam
2937 3507 3147 3559 omnes,
3173 3499 3229 3546 et
3250 3493 3475 3546 educam
3494 3491 3566 3546 de

1987 3581 2154 3637 Jacol)
2176 3597 2380 3646 semen,
2402 3593 2456 3636 et
2481 3584 2546 3637 de
2565 3583 2699 3637 Juda
2723 3601 2737 3638 :
2757 3593 2812 3638 et
2847 3585 3146 3653 possidebit
3168 3593 3403 3638 montem
3430 3598 3564 3637 san-

1989 3683 2134 3729 ctum
2157 3689 2332 3728 meum
2359 3690 2373 3726 :
2402 3672 2872 3732 ctbaereditabunt
2891 3675 3046 3732 electi
3069 3677 3174 3730 mei
3194 3685 3248 3730 et
3269 3676 3411 3730 servi
3435 3675 3561 3739 mei,

1987 3773 2042 3818 et
2069 3763 2387 3818 habilabunt
2419 3763 2514 3818 ibi.
2545 3783 2564 3816 ι
2587 3763 2790 3819 Bonum
2816 3775 2870 3819 et
2903 3779 3082 3819 rarum
3118 3779 3325 3827 semen,
3366 3764 3561 3817 videli-

1990 3865 2074 3910 cet
2116 3856 2445 3925 apostolicus
2475 3857 2710 3923 chorus,
2756 3871 2786 3910 a
2832 3858 3178 3926 pereuntium
3218 3856 3564 3910 multitudine

1991 3956 2384 4017 sequestratus.
2400 3945 2498 4001 Hic
2521 3963 2733 4001 rursum
2761 3948 2963 4004 electos
2987 3958 3040 4002 et
3059 3963 3244 4003 servos
3271 3962 3399 4002 suos
3422 3963 3553 4017 apo-

1990 4039 2157 4094 stolos
2178 4050 2360 4106 vocat,
2394 4040 2484 4108 qui
2511 4039 2658 4092 velut
2680 4039 2822 4093 acini
2847 4040 3048 4106 reperti
3077 4047 3229 4103 sunt,
3260 4054 3399 4107 quos
3427 4037 3556 4093 item

1988 4133 2057 4186 ab
2079 4131 2359 4187 seelectos
2376 4147 2442 4186 ex
2471 4130 2593 4186 aliis
2615 4131 2872 4199 servavit,
2904 4138 2962 4187 et
2998 4145 3185 4186 semen
3223 4140 3469 4185 sanctum
3502 4138 3560 4185 et

1988 4224 2219 4280 electum
2260 4223 2493 4279 vocavit.

2058 4402 2224 4459 Vens.
2263 4403 2344 4457 lt).
2379 4421 2399 4455 ι
2441 4403 2510 4458 Et
2551 4411 2708 4475 erunt
2743 4403 2794 4458 in
2823 4402 2960 4458 saltu
3005 4401 3175 4457 caulae
3213 4413 3462 4470 gregum,
3500 4406 3557 4453 et

309 4492 534 4564 φάραγξ
575 4494 751 4567 Ἀχὼρ
779 4497 858 4560 είς
877 4497 1180 4552 ἀνάπαυσιν
1207 4500 1496 4569 βουκολίων
1517 4503 1594 4572 τῷ
1610 4504 1724 4574 λαῷ
1756 4523 1876 4575 μου,

1998 4496 2147 4550 vallis
2179 4496 2361 4550 Achor
2397 4497 2448 4548 in
2493 4495 2734 4564 requiem
2773 4504 3145 4549 armentorum
3184 4493 3382 4562 populo
3411 4505 3557 4556 meo,

309 4583 362 4637 οἳ
419 4584 691 4656 ἐζήτησάν
725 4604 858 4658 με.»
900 4588 1118 4660 Δρυμὸν
1164 4591 1221 4643 δέ
1268 4592 1456 4646 εἴωθεν
1505 4597 1538 4665 ή
1585 4596 1774 4668 Γραφὴ
1819 4599 1882 4651 τὸ

308 4675 520 4746 πλῆθος
545 4679 652 4730 τῶν
677 4679 989 4749 ἀλλοφύλων
1010 4683 1194 4736 καλεῖν
1222 4683 1316 4736 καὶ
1355 4685 1654 4753 ἀλλογενῶν
1678 4689 1846 4743 ἐθνῶν
1864 4707 1877 4720 ·

309 4767 372 4820 ἐν
396 4763 477 4830 οἷς
511 4769 764 4834 ἐπαύλεις
803 4773 1066 4843 ποιμνίων
1092 4773 1307 4828 ἔσεσθαι
1337 4775 1616 4843 θεσπίζει,
1659 4779 1756 4843 τὰς
1789 4783 1882 4834 ἐκ-

308 4857 540 4927 κλησίας
563 4859 671 4913 τῶν
698 4860 792 4914 τοῦ
839 4861 973 4915 Θεοῦ
1003 4865 1287 4934 προϐάτων
1320 4869 1704 4939 αἰνιττόμενος.
1739 4872 1882 4935 Δαὸς

306 4950 367 5003 δὲ
387 4952 416 5003 ὁ
449 4950 752 5022 ἐκζητήσας
771 4954 930 5007 αὐτὸν
956 4957 983 5006 ὁ
1016 4955 1124 5027 ρὼξ
1151 4953 1217 5027 ἦν
1248 4959 1343 5012 καὶ
1375 4959 1435 5012 τὸ
1448 4960 1704 5032 ἀνωτέρω
1729 4965 1880 5035 simu

313 5039 474 5111 μένον
511 5040 731 5111 σπέρμα
769 5044 818 5094 oi
869 5046 1113 5099 ἐκλεκτοὶ
1153 5048 1361 5101 δοῦλοιο
1405 5049 1472 5102 δι’
1503 5043 1576 5103 ὧν
1629 5053 1880 5120 βουκόλια

311 5129 450 5198 βυῶν
494 5131 588 5183 καὶ
637 5131 862 5201 ποίμνια
902 5138 1269 5207 συστήσασθαι
1302 5140 1401 5192 οὐκ
1431 5143 1487 5193 ὲν
1530 5140 1608 5210 τῷ
1649 5144 1880 5214 Ἰσραὴλ,

307 5222 428 5273 οὑδέ
450 5224 508 5274 ἐν
537 5225 603 5293 τῇ
647 5224 912 5279 Ἰουδαίων
935 5228 1108 5299 χώρᾳ,
1136 5229 1270 5282 ἀλλὰ
1303 5232 1358 5283 ὲν
1387 5232 1464 5301 τῷ
1491 5233 1679 5305 δρυμῷ
1708 5239 1798 5288 καὶ
1823 5239 1879 5286 ἐν

308 5315 375 5382 τῇ
407 5312 658 5388 λεχθείσῃ
693 5316 935 5386 φάραγγι
980 5320 1155 5390 Ἀχὼρ
1181 5323 1528 5392 προφητεύει.

387 5421 405 5453 ι
452 5404 638 5474 Ὑμεῖς
685 5405 742 5457 δὲ
777 5407 827 5458 οἱ
859 5409 1312 5476 ἐγκαταλιπόντες
1351 5432 1437 5483 με,
1471 5417 1564 5468 καὶ
1597 5419 1880 5470 ἐπιλανθα-

308 5494 522 5564 νόμενοι
555 5497 614 5549 τὸ
649 5497 772 5568 ὅρος
804 5499 863 5551 τὸ
901 5500 1052 5567 ἀγιόν
1089 5521 1217 5571 μου,
1267 5506 1359 5557 καὶ
1396 5508 1769 5578 ἑτοιμάζοντες
1803 5513 1878 5580 τῷ

307 5587 569 5659 δαιμονίῳ
621 5589 900 5660 τράπεζαν
925 5633 938 5653 ,
993 5595 1088 5647 καὶ
1142 5597 1467 5666 πληροῦντες
1509 5604 1574 5670 τῇ
1616 5601 1751 5672 τύχῃ
1793 5604 1879 5655 κέ-

311 5696 516 5749 ρασμα.
559 5680 697 5749 Ἐγὼ
725 5684 1031 5754 παραδώσω
1062 5687 1204 5758 ὑμᾶς
1238 5693 1314 5753 εἰς
1343 5692 1642 5764 μάχαιραν·
1684 5696 1880 5758 πάντες

309 5771 367 5824 ἐν
399 5774 577 5843 σφαγῇ
600 5774 883 5828 πεσεῖσθε·
923 5778 1001 5830 ὅτι
1038 5779 1268 5835 ἐκάλεσα
1301 5784 1460 5852 ὑμᾶς,
1508 5789 1600 5840 καὶ
1621 5788 1714 5856 οὐχ
1750 5789 1878 5857 in.»

1990 4590 2082 4659 qui
2107 4589 2432 4660 quaesierunt
2458 4603 2562 4642 me.
2595 4607 2612 4638 ι
2635 4587 2786 4642 Solet
2816 4587 3097 4655 Scriptura
3134 4585 3557 4653 alienigenarum

1990 4691 2046 4735 et
2075 4691 2328 4736 extranea
2341 4696 2455 4733 rum
2479 4680 2714 4750 gentium
2745 4679 3145 4734 multitudinem
3170 4678 3367 4732 saltum
3393 4690 3559 4730 voca-

1991 4788 2070 4837 re,
2106 4775 2158 4826 in
2191 4774 2385 4841 quibus
2426 4773 2609 4826 caulas
2643 4786 2864 4842 gregum
2915 4772 3030 4825 fore
3077 4771 3428 4830 vaticinatur,
3462 4766 3558 4821 Dei

1978 4865 2161 4924 ovium
2203 4865 2458 4920 et-t-lcsias
2508 4865 2875 4919 Suliindicans.
2918 4863 3153 4929 Populus
3187 4878 3314 4916 vero
3344 4863 3434 4930 qui
3464 4875 3560 4915 ex-

1982 4959 2203 5031 qnisivit
2225 4974 2369 5018 cum,
2401 4957 2586 5010 acinus
2608 4964 2746 5019 erat,
2788 4966 2843 5010 et
2868 4972 3050 5010 semen
3085 4956 3331 5025 superius
3355 4969 3560 5008 memo-

1985 5063 2161 5106 ratum
2187 5089 2200 5112 ,
2238 5049 2392 5101 electi
2446 5049 2560 5116 ejus
2603 5051 2830 5103 famuli:
2865 5065 3095 5117 quorum
3147 5066 3310 5120 Opera
3371 5052 3560 5106 caulas

1984 5144 2143 5196 boum
2184 5149 2236 5193 et
2277 5141 2434 5192 milia
2473 5157 2575 5193 non
2606 5141 2656 5194 in
2697 5142 2913 5203 lsraele,
2947 5143 3189 5210 neqncin
3224 5142 3428 5206 Judma,
3463 5145 3558 5198 sed

1988 5235 2039 5287 in
2067 5235 2202 5287 saltu
2249 5243 2300 5285 et
2349 5234 2398 5284 in
2446 5244 2740 5286 nnunorata
2781 5234 2918 5287 valle
2962 5234 3140 5289 Acbor
3180 5237 3556 5289 constituenda

1987 5342 2105 5379 esse
2137 5327 2482 5392 prmunntiat.

2056 5417 2220 5471 Vens.
2265 5419 2345 5478 ll,
2385 5419 2472 5469 1'2.
2503 5436 2519 5468 ι
2555 5417 2660 5471 Vos
2688 5429 2892 5482 autem,
2923 5421 3013 5487 qni
3043 5419 3408 5490 dereliquistis
3451 5435 3554 5482 mc,

1986 5520 2038 5564 et
2065 5510 2214 5564 obliti
2245 5511 2373 5562 estis
2390 5513 2585 5564 mOntis
2611 5513 2776 5565 sancti
2805 5513 2929 5575 mci,
2956 5514 3044 5581 qui
3072 5514 3272 5581 paratis
3295 5513 3556 5564 dzmnonio

1988 5619 2249 5664 mensam,
2290 5617 2340 5657 ct
2369 5606 2458 5672 qui
2497 5607 2729 5673 impletis
2765 5609 2989 5660 fortuna:
3023 5607 3273 5661 libamen.
3298 5608 3406 5677 ligo
3450 5620 3556 5660 tra-

1991 5701 2112 5751 dam
2156 5713 2250 5751 vos
2302 5700 2351 5750 in
2390 5697 2624 5766 gladium
2673 5718 2683 5753 :
2727 5714 2914 5752 omnes
2959 5700 3008 5751 in
3059 5700 3202 5752 cmde
3246 5705 3552 5753 corruens:

1989 5791 2242 5859 quoniam
2271 5793 2451 5845 vocavi
2481 5806 2589 5855 vos,
2622 5800 2673 5845 et
2698 5808 2800 5848 non
2835 5791 3158 5858 audivistis;
3192 5794 3397 5848 locutus
3415 5809 3532 5846 sum
