4058 6394
532 394 631 449 5η

1195 383 1463 443 EUSEBll
1495 380 1968 441 CESABIENSIS
2002 378 2152 437 OPP.
2191 374 2371 430 PARS
2406 372 2494 429 Ill.
2533 401 2604 413 —
2634 366 3040 426 EXEGE'I'ICA.

533 518 591 565 et
618 502 1036 576 c‘obtiunpﬁstis,
1053 511 1106 560 et
1126 501 1331 560 iecistis
1358 502 1551 557 malum
1565 502 1618 557 in
1630 511 1917 571 conspectu
1938 514 2079 562 meo.

2182 494 2409 549 κούσατε
2422 491 2556 562 (ἂν
2571 490 2805 562 δλάλησα
2817 488 2912 542 καὶ
2928 483 3335 557 παρηκούσατε,
3346 480 3443 576 καὶ
3452 478 3720 576 scruﬁcas
3738 499 3748 535 :

536 610 590 657 et
612 614 731 670 quas
771 572 1018 653 nolebam
1049 594 1307 665 elegistis.
1346 612 1366 645 ι
1401 594 1661 660 Quoniam
1703 606 1802 661 ego
1839 593 1953 661 ipse
1987 591 2077 658 qui

2182 584 2238 637 τὸ
2286 583 2518 653 πονηρὸν
2546 584 2784 638 ἔναπίον
2812 578 2971 651 ἐμοῦ,
3008 579 3103 632 καὶ
3132 576 3169 632 ἃ
3195 576 3296 630 οὐκ
3334 573 3639 670 ἐϐουλόμην

535 706 628 747 vos
662 689 947 759 praesentia
986 700 1103 741 mea
1146 686 1334 754 dignos
1377 683 1536 738 habui
1559 723 1575 749 ,
1624 696 1722 736 vos
1753 680 1961 750 priores
1988 694 2081 748 per

536 782 911 850 memetipsum
952 776 1158 840 vocavi,
1207 790 1305 830 vos
1345 786 1524 829 autem
1570 788 1674 828 non
1713 772 2028 828 obedivistis
2062 786 2076 821 :

534 889 696 942 quam
727 873 856 926 item
880 866 1313 925 criminationem
1350 866 1499 934 prius
1526 861 1815 918 ell‘erebam
1852 860 1934 916 bis
1964 875 2083 914 ver-

533 965 637 1029 bis,
671 983 689 1015 ι
732 963 865 1030 Quia
894 960 1038 1025 veni,
1064 968 1123 1015 et
1157 974 1265 1012 non
1286 966 1403 1013 erat
1431 957 1621 1021 homo;
1645 954 1856 1021 vocavi,
1894 961 1950 1007 et
1977 967 2079 1006 nou

532 1063 653 1109 erat
681 1055 771 1125 qui
812 1051 1045 1107 audiret.
1076 1069 1094 1101 ι
1126 1048 1358 1104 Rursum
1387 1048 1441 1102 in
1472 1046 1723 1118 populum
1760 1044 1896 1098 tales
1917 1056 2081 1097 accu-

534 1144 769 1198 sationes
813 1140 1066 1205 instituit,
1099 1138 1296 1193 docens
1329 1150 1424 1199 se,
1463 1143 1643 1205 utpote
1671 1131 1864 1194 Deum,
1894 1130 1987 1198 qui
2016 1129 2083 1185 ad

527 1232 750 1301 iustitia:
774 1231 1024 1286 trutinam
1050 1228 1227 1284 omnia
1272 1225 1456 1291 faciat,
1492 1236 1764 1293 nunquam
1812 1219 2085 1289 neglectu-

534 1339 653 1379 rum
684 1338 778 1379 eos
815 1336 959 1386 esse,
994 1321 1086 1390 qni
1117 1318 1217 1374 sibi
1247 1316 1439 1387 quovis
1466 1314 1522 1370 in
1563 1314 1683 1369 loco
1728 1310 1989 1374 serviant,
2017 1324 2083 1364 ex

529 1430 859 1488 quacunque
899 1424 1057 1485 gente
1103 1411 1322 1467 fuerint.
1362 1407 1560 1477 Omnes
1594 1406 1825 1477 quippe,
1857 1405 1947 1475 qui
1982 1402 2083 1458 sibi

535 1508 745 1562 servire
785 1510 1109 1574 proponunt,
1143 1499 1315 1556 salute
1343 1500 1524 1554 donat.
1556 1497 1705 1567 Ipsos
1732 1497 1897 1566 igitur
1933 1494 2085 1549 exci-

534 1599 675 1668 piet,
704 1613 769 1652 ac
802 1591 869 1652 iis
905 1595 1175 1651 cmlestem
1217 1593 1394 1649 cibum
1427 1589 1813 1662 suppeditabit,
1850 1588 2087 1645 salutare

536 1702 731 1755 nempe
761 1686 1014 1749 Verbum,
1050 1682 1191 1753 quod
1214 1681 1311 1747 ait,
1340 1699 1360 1732 ι
1401 1680 1513 1748 Ego
1541 1695 1657 1735 sum
1690 1678 1866 1749 panis,
1896 1676 1985 1746 qui
2019 1676 2086 1731 de

534 1776 674 1833 cmlo
701 1776 953 1831 descendi
977 1774 1043 1828 “.
1076 1793 1094 1827 ι
1130 1774 1197 1828 Ει
1247 1772 1305 1827 bi
1357 1772 1569 1842 quidem
1624 1779 1921 1825 memorato
1950 1782 2086 1837 pane

534 1868 842 1923 nutrientur
868 1874 923 1922 et
946 1865 1365 1927 saturabuntur;
1398 1878 1494 1917 vos
1526 1871 1729 1925 autem,
1775 1860 1968 1929 inquit,
1996 1859 2087 1928 qui

533 1960 763 2030 gratiam
789 1973 961 2013 meam
990 1972 1095 2012 non
1123 1954 1457 2024 suscepistis,
1495 1951 1833 2008 rationabilis
1857 1951 1963 2005 cibi
1991 1965 2087 2020 pe-

534 2050 691 2105 nuria
716 2049 967 2106 esurietis
992 2065 1007 2103 :
1037 2048 1271 2116 itemque
1298 2046 1388 2116 qui
1414 2044 1543 2099 mibi
1583 2043 1823 2100 serviunt
1864 2042 2087 2096 immor-

535 2140 661 2196 talis
718 2142 841 2195 vita:
893 2150 1019 2208 potu
1066 2138 1437 2208 replebuntur,
1488 2135 1555 2190 de
1594 2149 1702 2204 quo
1746 2134 1948 2189 dictum
1979 2140 2085 2196 est,

539 2250 561 2283 ι
600 2231 917 2300 Quicunque
952 2230 1150 2285 biberit
1182 2244 1249 2285 ex
1288 2242 1426 2297 aqua
1468 2241 1629 2297 quam
1670 2240 1770 2293 ego
1810 2226 1946 2280 dabo
1993 2225 2043 2279 ei
2068 2263 2083 2287 .

532 2320 629 2378 ﬂet
660 2322 714 2377 in
739 2337 804 2378 eo
830 2322 948 2377 l'ons
973 2335 1123 2392 aqua
1148 2320 1396 2377 salientis
1420 2319 1477 2374 in
1500 2318 1663 2372 vitam
1689 2317 2029 2372 aeternam”.
2063 2337 2081 2368 ι

602 2499 766 2555 Vens.
801 2499 983 2555 £345.
1007 2520 1025 2549 ι
1056 2499 1343 2570 Propterea
1364 2499 1479 2554 haec
1501 2498 1631 2553 dicit
1656 2496 1933 2559 Dominus,
1952 2495 2089 2550 Ecce

532 2589 625 2659 qui
655 2591 895 2645 serviunt
920 2590 1052 2644 mibi
1096 2591 1413 2655 comedent;
1441 2603 1538 2644 vos
1579 2597 1757 2643 autem
1784 2588 2037 2644 esurietis
2068 2602 2082 2637 :

532 2698 659 2739 ecce
674 2686 763 2753 qui
781 2684 1021 2739 serviunt
1038 2685 1169 2739 mibi
1186 2682 1392 2747 bibent,
1406 2695 1503 2737 vos
1518 2691 1694 2736 autem
1714 2680 1912 2735 sitietis
1930 2697 1946 2734 :
1961 2691 2088 2734 ecce

532 2777 623 2846 qui
664 2775 911 2830 serviunt
940 2774 1069 2829 mihi
1106 2773 1448 2838 laetabuntur,
1470 2786 1565 2826 vos
1579 2780 1759 2844 autem
1792 2769 2087 2826 confunde—

532 2866 665 2920 mini
697 2882 714 2919 :
751 2881 879 2921 ecce
901 2866 991 2935 qui
1021 2865 1259 2921 serviunt
1279 2863 1410 2919 mibi
1434 2849 1781 2919 exsultabant
1802 2863 1855 2917 in
1883 2861 2083 2926 laetitia,

532 2970 630 3011 vos
651 2964 830 3010 autem
853 2954 1153 3010 clamabitis
1179 2964 1398 3025 propter
1426 2946 1666 3009 dolorem
1693 2952 1875 3009 cordis
1898 2951 2083 3018 vestri,

532 3055 631 3100 eta
652 3046 976 3101 contritione
1000 3045 1222 3116 spiritus
1240 3044 1409 3099 vestri
1439 3044 1730 3100 ululabitis.
1752 3043 2086 3114 Relinquetis

535 3136 678 3190 enim
714 3151 907 3191 nomen
938 3144 1178 3191 vestrum
1204 3136 1257 3189 in
1301 3135 1644 3190 saturitatem
1686 3134 1872 3190 electis
1909 3135 2082 3202 meis;
2112 3162 2154 3221 ο

533 3238 630 3278 vos
660 3233 840 3279 autem
894 3223 1182 3280 interliciet
1227 3222 1531 3279 Dominus:
1578 3224 1940 3279 servientibus
1986 3237 2083 3278 au-

536 3320 645 3367 tem
686 3312 817 3367 mibi
851 3313 1131 3369 vocabitur
1165 3327 1357 3369 nomen
1399 3328 1617 3369 novum.
1656 3332 1677 3367 ι
1716 3313 1869 3381 Quod
1907 3313 1951 3369 si
1983 3329 2083 3369 cu-

534 3401 679 3455 riose
718 3409 936 3470 agentes
962 3401 1204 3457 ediscere
1231 3401 1462 3471 cupiatis
1497 3402 1720 3472 quinam
1752 3401 1883 3456 mihi
1914 3402 2086 3457 servi-

534 3490 639 3545 turi
668 3491 795 3556 sint,
824 3499 879 3547 et
902 3493 1040 3560 quod
1066 3492 1169 3548 illis
1189 3494 1262 3548 sit
1288 3506 1503 3559 nomen,
1534 3494 1728 3550 scitote
1752 3495 1918 3549 Deum
1952 3509 2086 3549 non-

535 3582 660 3636 dum
687 3582 923 3653 ipsorum
949 3597 1140 3639 nomen
1166 3582 1345 3653 palam
1384 3580 1576 3640 eﬁerre
1605 3584 1765 3651 velle,
1797 3586 1891 3640 sed
1919 3584 1971 3638 id
2002 3598 2086 3641 so-

533 3671 806 3728 lummodo
852 3673 1181 3743 signiﬁcare,
1226 3674 1367 3743 quod
1419 3688 1596 3743 neque
1641 3674 1809 3731 Israel
1855 3674 2082 3731 vocandi

534 3763 661 3826 sint,
740 3777 913 3833 neque
977 3761 1143 3820 Iacob
1169 3802 1187 3831 ,
1240 3777 1413 3831 neque
1470 3762 1637 3820 Judaei
1663 3804 1681 3831 ,
1724 3778 1900 3836 neque
1979 3765 2086 3821 alio

531 3846 782 3917 quopiam
816 3848 1147 3917 {hominibus
1208 3860 1337 3905 noto
1378 3851 1657 3910 vocabulo.
1687 3852 1892 3909 Novum
1939 3854 2084 3909 enim

533 3938 800 4006 quoddam
820 3953 884 3993 ae
903 3940 1332 3997 recentissimum
1352 3955 1543 3998 nomen
1573 3942 1912 4014 imponetur;
1940 3944 2089 4001 illud-

530 4039 641 4098 que
664 4024 919 4089 insolens.
948 4040 1013 4081 ae
1050 4041 1320 4099 nunquam
1360 4027 1494 4083 alias
1522 4029 1789 4095 auditum,
1818 4030 1963 4100 quod
1991 4030 2087 4085 be-

533 4112 812 4169 nedicetur
846 4115 899 4169 in
933 4124 1097 4182 terra,
1117 4125 1389 4173 accrescet
1412 4118 1560 4186 item,
1580 4130 1635 4175 et
1655 4120 2089 4191 multiplicabitur

530 4216 641 4271 prae
665 4204 810 4259 omni
848 4205 1114 4275 corporali
1159 4206 1547 4264 benedictione.
1588 4209 1721 4265 Nam
1752 4211 1798 4266 si
1844 4226 1948 4282 qua
1983 4212 2087 4267 alia

532 4293 787 4362 augenda
814 4295 1140 4352 multitudini
1162 4304 1285 4366 apta
1306 4297 1401 4353 Dei
1426 4298 1730 4355 benedictio
1758 4302 1935 4366 fuerit,
1950 4302 2090 4357 banc

532 4380 661 4437 item
699 4396 1055 4456 consequetur
1094 4401 1287 4443 nomen
1316 4386 1487 4444 servis
1521 4389 1656 4445 meis
1690 4390 2086 4459 imponendum.

2178 672 2449 738 ελέξασθε.
2479 693 2498 725 ι
2518 673 2730 746 Ἐπειδὴ
2746 671 2905 735 αὑτὸς
2924 669 3034 739 ἑγὼ
3059 670 3159 740 τῆς
3189 664 3425 737 ὲμαυτοῦ
3446 663 3741 736 παρουσίας

2178 764 2524 831 καταξιώσας
2555 766 2701 827 ὑμᾶς
2736 762 2931 826 αὐτοὺς
2950 758 3197 833 πρώτους
3226 759 3370 829 ὑμᾶς
3406 756 3475 810 δι’
3508 754 3741 826 ὲμαυτο’

2179 856 2442 925 κέκληκα⁸
2480 855 2636 925 ὑμεῖς
2666 855 2724 908 δὲ
2747 855 2845 925 οὑχ
2866 849 3210 911 ὑπηκούσατε
3228 866 3242 879 ·
3270 850 3353 902 ὅτι
3378 848 3473 901 καὶ
3502 846 3611 917 πρὸ
3631 846 3728 899 τού

2179 964 2274 1001 του
2300 947 2548 1019 ῂτιώμην
2580 947 2772 1015 λέγων’
2805 965 2824 998 ι
2847 945 2990 998 Διότι
3018 938 3200 1013 ἦλθον,
3230 942 3324 996 καὶ
3345 935 3526 1010 οὑκῆν
3546 937 3744 1007 άνθρω

2182 1056 2305 1103 πος·
2339 1039 2593 1104 ἐκάλεσα,
2624 1038 2720 1091 καὶ
2740 1038 2838 1090 οὑκ
2858 1032 2925 1107 ἦν
2955 1037 2984 1089 6
3010 1032 3319 1088 ὑπακούων.
3359 1052 3380 1085 ι
3416 1031 3589 1086 Πάλιν
3615 1029 3752 1101 πρὸς

2181 1128 2273 1181 τὸν
2311 1126 2575 1193 λαὸν,τάς
2610 1125 2976 1197 προκειμένας
3007 1125 3241 1176 ποιεῖται
3278 1119 3637 1191 κατηγορίας,
3672 1117 3737 1170 δι-

2181 1218 2417 1281 δάσκων,
2468 1217 2543 1280 ὡς
2584 1214 2928 1287 δικαιοσύνης
2971 1212 3120 1283 ζυγῷ
3147 1212 3325 1266 πάντα
3353 1210 3633 1281 πράττων,
3676 1207 3753 1272 ὡς

2182 1305 2335 1369 Θεὸς,
2354 1303 2599 1375 οὐδαμῶς
2628 1302 2727 1373 μὲν
2749 1302 3054 1374 παρόψεται
3078 1302 3204 1363 τοὺς
3224 1300 3346 1359 ὅποι
3369 1298 3573 1367 δήποτε
3600 1296 3753 1367 αὑτῷ

2182 1396 2554 1459 δουλεύοντας,
2595 1394 2656 1459 te
2692 1394 2806 1447 οἴου
2837 1394 2882 1447 δ’
2910 1393 2979 1447 ἂν
3010 1392 3196 1456 ἔθνους
3226 1386 3355 1445 εἷεν.
3388 1390 3606 1452 Πάντας
3642 1388 3754 1461 γὰρ

2186 1487 2371 1552 ἁπλῶς
2396 1484 2646 1551 διασώζει
2667 1487 2794 1549 τοὺς
2832 1482 3101 1538 δουλεύειν
3137 1483 3285 1554 αὑτῷ
3312 1480 3753 1555 προῃρημένους.

2185 1577 2552 1650 Παραδὲξεται
2581 1573 2695 1639 οῦν,
2731 1578 2827 1631 καὶ
2868 1576 3077 1640 τούτοις
3107 1574 3334 1647 παρέξει
3376 1575 3477 1646 τὴν
3515 1573 3752 1645 ὲπουράυ

2185 1689 2297 1725 νιον
2327 1671 2553 1743 τροφὴν,
2586 1669 2679 1724 τὸν
2701 1670 2875 1738 Λόγον
2905 1668 3003 1723 τὸν
3040 1670 3306 1739 σωτήριον
3334 1667 3427 1720 τὸν
3459 1666 3753 1740 είρηκὰτα-

2192 1786 2211 1819 ι
2254 1765 2394 1835 Ἐγώ
2432 1768 2548 1836 είμι
2588 1765 2619 1817 6
2658 1764 2823 1835 ἄρτος
2864 1766 2894 1818 6
2935 1765 2999 1817 ὲκ
3035 1762 3129 1817 τοῦ
3156 1761 3385 1833 ούρανοῦ
3415 1761 3685 1825 καταϐάς.
3730 1780 3753 1813 a

2116 1823 2159 1878 Β
2186 1823 2345 1909 Οὗτοι
2390 1823 2501 1926 μὲν.
2531 1849 2623 1907 οὖν
2787 1823 3026 1923 λεχθέντι
3057 1854 3208 1924 ἄρτῳ
3226 1823 3619 1923 ’τραφήσονται
3647 1823 3757 1903 καὶ

2186 1946 2671 2019 ἐμπλησθήσονταιο
2691 1945 2847 2016 ὑμεῖς
2864 1944 2941 2008 δὲ,
2959 1944 3111 2012 φησὶ,
3127 1944 3178 1995 oi
3202 1941 3276 2013 μὴ
3290 1943 3388 2014 τὴν
3403 1942 3543 2012 ἐμὴν
3562 1940 3757 1994 ὑποδε-

2187 2038 2409 2109 ξάμενοι
2435 2038 2615 2111 χάριν,
2641 2037 2820 2108 ἐνδείᾳ
2849 2036 3072 2105 λογικῆς
3093 2035 3300 2105 τροφῆς
3320 2033 3587 2104 λιμώξετε
3605 2048 3622 2064 ⁸
3658 2031 3758 2086 καὶ

2186 2131 2350 2184 πάλιν
2373 2133 2421 2183 oi
2455 2130 2554 2200 μὲν
2586 2129 2710 2200 ἐμοὶ
2736 2125 3074 2189 δουλεύοντες
3106 2126 3269 2179 πότου
3300 2124 3446 2195 ζωῆς
3477 2122 3754 2177 ἀθανάτου

2187 2223 2618 2293 πλησθήσονται,
2658 2221 2786 2291 περὶ
2826 2211 2887 2273 οῦ
2924 2218 3204 2272 λέλεκται·
3244 2236 3264 2268 ι
3302 2216 3400 2279 ⁸ος
3429 2215 3498 2270 ἂν
3546 2214 3648 2285 πίῃ
3691 2216 3759 2268 ὲκ

2184 2314 2278 2369 τοῦ
2310 2314 2518 2377 ὑδατος,
2547 2304 2609 2366 οῦ
2654 2312 2765 2380 ἐγὼ
2795 2311 2950 2364 δώσω
2978 2309 3146 2380 αὑτῷ,
3173 2310 3461 2380 γενήσεται
3497 2310 3557 2361 ὲν
3604 2306 3759 2379 αὐτῷ

2184 2406 2334 2477 πηγὴ
2363 2404 2551 2467 ὓδατος
2579 2402 2867 2473 ἁλλομένου
2888 2403 2967 2462 εις
2997 2400 3140 2472 ζωὴν
3159 2399 3396 2455 αἰώνιον.
3419 2417 3439 2450 ι

2258 2515 2276 2546 ι
2330 2495 2430 2547 Διὰ
2471 2493 2628 2547 τοῦτο
2663 2494 2789 2547 τάδε
2835 2491 2981 2560 λέγει
3012 2490 3245 2562 Κύριος*
3286 2490 3418 2544 Ἰδοὺ
3446 2490 3495 2542 οί
3526 2487 3754 2544 δουλεύ-

2182 2586 2330 2651 οντές
2365 2603 2456 2657 μοι
2496 2586 2789 2655 φάγονται,
2820 2582 2976 2655 ὑμεῖς
2996 2583 3053 2638 δὲ
3080 2583 3387 2637 πεινάσετεο
3425 2581 3534 2637 ίδοὺ
3555 2582 3609 2635 oi
3631 2582 3757 2636 δου-

2181 2676 2425 2741 λεύοντες
2451 2694 2541 2747 μοι
2571 2677 2804 2739 πίονται,
2838 2676 2994 2746 ὑμεῖς
3030 2674 3088 2728 δὲ
3108 2673 3394 2745 διψήσετεο
3423 2674 3535 2727 ίδοὺ
3558 2673 3611 2727 oi
3631 2673 3757 2728 δου-

2182 2765 2425 2831 λεύοντες
2447 2784 2535 2837 μοι
2553 2765 3204 2837 εὑφρανθήσονται,ὑμεῖς
3228 2765 3284 2818 δὲ
3300 2763 3752 2837 αίσχυνθήσεσθεο

2184 2855 2294 2909 ίδοὺ
2330 2857 2379 2909 oi
2405 2854 2742 2920 δουλεύοντες
2775 2873 2866 2926 μοι
2893 2855 3306 2923 ἀγαλλιάσονται
3337 2857 3396 2909 ἐν
3418 2856 3755 2929 εὐφροσύνην

2182 2948 2339 3017 ὑμεῖς
2369 2946 2426 3001 δὲ
2448 2946 2777 3019 κεκράξεσθε
2797 2946 2886 3001 διὰ
2908 2960 3001 3001 τον
3029 2946 3190 3000 πόνον
3202 2947 3303 3018 τῆς
3318 2948 3547 3019 καρδίας
3571 2948 3753 3020 ὑμῶν,

2183 3037 2276 3090 καὶ
2304 3036 2413 3091 ἀπὸ
2454 3037 2744 3110 συντριδῆς
2776 3036 3081 3108 πνεύματος
3107 3035 3261 3107 ὑμῶν
3296 3036 3595 3104 όλολύξετε.
3630 3039 3754 3094 Κα-

2183 3126 2465 3195 ταλείψετε
2498 3126 2608 3198 γὰρ
2649 3126 2711 3180 τὸ
2750 3125 2920 3198 ὄνομα
2963 3125 3117 3198 ὑμῶν
3156 3127 3238 3188 είς
3290 3124 3613 3198 πλησμονὴν
3638 3128 3758 3192 τοῖς

2185 3217 2460 3280 ἐκλεκτοῖς
2496 3233 2599 3286 μου
2616 3234 2630 3247 ·
2665 3216 2809 3287 ὑμᾶς
2835 3216 2893 3269 δὲ
2932 3216 3112 3270 ἀνελεῖ
3136 3212 3371 3287 Κύριοςο
3401 3216 3516 3279 τοῖς
3544 3214 3604 3267 δὲ
3632 3214 3759 3269 δου-

2182 3305 2396 3360 λεύουσί
2418 3323 2507 3376 μοι
2520 3306 2845 3378 κληθήσεται
2860 3308 3030 3379 ὄνομα
3042 3305 3245 3361 καινόν.
3260 3325 3281 3359 ι
3302 3306 3365 3359 El
3386 3306 3443 3359 δὲ
3460 3308 3755 3377 περιεργό-

2182 3386 2337 3469 τερον
2358 3397 2590 3451 ὲθέλοιτε
2615 3398 2805 3470 μαθεῖν
2819 3399 2963 3463 τίνες
2982 3393 3092 3452 εἷεν
3101 3399 3151 3453 oi
3166 3397 3447 3469 μέλλονπς
3455 3397 3755 3463 δουλεύειν,

2183 3490 2278 3543 καὶ
2318 3489 2372 3543 τί
2405 3491 2588 3555 αὑτοῖς
2624 3490 2826 3561 ὄνομα,
2868 3489 3163 3558 γινώσκετε
3184 3529 3201 3554 ,
3236 3490 3320 3543 ὅτι
3354 3488 3508 3544 οὔπω
3537 3490 3641 3561 μὲν
3672 3493 3757 3555 εἰς

2184 3582 2413 3652 φανερὸν
2435 3580 2671 3652 τοὺνομα
2689 3581 2865 3635 αὑτῶν
2883 3583 2913 3635 6
2943 3580 3073 3643 Θεὸς
3095 3580 3345 3651 βούλεται
3364 3581 3594 3651 ἀγαγεῖν
3617 3599 3633 3612 ·
3664 3600 3757 3636 το-

2186 3672 2375 3726 σοῦτον
2402 3673 2460 3727 δὲ
2482 3672 2640 3744 μόνον
2671 3672 2945 3745 σημαίνει,
2974 3672 3052 3736 ὡς
3074 3670 3197 3725 οὑτε
3231 3671 3445 3744 Ἰσραὴλ
3461 3670 3758 3745 κληθήσον-

2185 3781 2310 3829 ται,
2347 3762 2472 3817 οὑτε
2507 3763 2720 3829 Ἰακὼϐ,
2770 3762 2895 3817 οὔτε
2934 3762 3195 3828 Ἰουδαῖοι,
3243 3763 3369 3817 οὕτε
3392 3763 3532 3827 ὅλως
3556 3780 3611 3816 τι
3640 3761 3756 3817 τῶν

2184 3855 2491 3928 ἀνθρώποις
2516 3856 2986 3926 συνεγνωσμένων.
3015 3855 3217 3911 Καινὸν
3243 3856 3353 3928 γάρ
3366 3873 3419 3909 τι
3434 3856 3530 3909 καὶ
3548 3854 3757 3911 νεώτα-

2182 3964 2275 4000 τον
2305 3947 2489 4011 αὑτοῖς
2512 3946 2887 4017 ὲπιτεθήσεται
2930 3945 3121 4018 ὄνομα,
3153 3945 3322 4013 ξένον,
3370 3947 3467 4002 καὶ
3492 3946 3754 4019 μηδεπώο

2184 4055 2314 4092 ποτε
2342 4040 2622 4105 άκουσθὲν,
2648 4039 2679 4094 δ
2696 4039 3113 4111 εὑλογηθήσεται
3147 4039 3243 4093 ἐπὶ
3268 4039 3367 4110 τῆς
3396 4039 3501 4110 γῆς
3525 4039 3753 4105 αὐξανό-

2188 4144 2369 4197 μενον,
2396 4128 2490 4182 καὶ
2508 4128 2907 4200 πληθυνόμενσν
2932 4128 3071 4199 ὑπὲρ
3102 4128 3284 4182 πᾶσαν
3318 4127 3638 4200 σωματικὴν
3659 4130 3753 4183 εὑ-

2186 4217 2390 4287 λογίαν.
2416 4220 2479 4273 Ei
2501 4221 2609 4292 γάρ
2635 4236 2718 4284 τις
2738 4220 2830 4273 καὶ
2846 4219 2982 4289 ἄλλη
3009 4218 3245 4292 πλήθους
3262 4220 3518 4291 ποιητικὴ
3545 4221 3753 4293 τυγχά-

2186 4324 2265 4361 νει
2303 4308 2368 4362 ὲκ
2394 4308 2527 4363 Θεοῦ
2576 4308 2816 4378 εὐλογία,
2862 4308 3066 4381 ταύτης
3101 4308 3349 4377 τεύξεται
3379 4310 3441 4365 τὸ
3474 4310 3649 4384 ὑνομα
3688 4310 3753 4366 τὸ

2187 4395 2634 4468 ὲπιτεθησόμενον
2658 4399 2770 4461 τοῖς
2788 4397 3096 4452 δουλεύουσί
3130 4415 3221 4471 μοι

606 4474 769 4532 Vens.
800 4475 887 4542 16,
932 4477 1019 4533 l7.
1056 4496 1076 4531 ι
1103 4476 1426 4535 Bene-dicent
1466 4480 1610 4537 enim
1660 4480 1773 4538 Deo
1814 4496 1947 4538 vero
1984 4491 2082 4537 :et

2257 4498 2277 4531 ι
2325 4481 2687 4555 Εὑλογήσουσι
2717 4487 2826 4556 γὰρ
2854 4486 2946 4540 τὸν
2974 4486 3108 4540 Θεδν
3132 4486 3227 4541 τὸν
3253 4486 3548 4559 ἀληθινόν·Δ
3571 4491 3667 4543 καὶ
3692 4490 3746 4543 oi

531 4567 621 4636 qui
671 4566 857 4635 iurant
906 4567 961 4621 in
1009 4577 1172 4635 terra,
1216 4568 1476 4637 jurabunt
1520 4585 1618 4641 per
1652 4570 1821 4626 Deum
1872 4586 2080 4629 verum.

530 4654 924 4711 Obliviscentur
968 4658 1110 4713 enim
1168 4661 1524 4717 tribulationis
1586 4660 1807 4731 prime,
1869 4670 1925 4715 et
1974 4676 2082 4717 non

528 4745 779 4812 ascendet
807 4746 861 4801 in
895 4762 991 4803 eor
1021 4765 1228 4805 eorum.
1257 4750 1371 4805 Erit
1404 4752 1546 4806 enim
1576 4751 1774 4807 celum
1800 4766 1996 4806 novum
2027 4761 2084 4807 et

529 4846 671 4893 terra
704 4852 865 4907 nova,
890 4854 991 4895 nec
1021 4842 1447 4897 recordabuntur
1476 4845 1735 4912 priorum,
1766 4858 1867 4899 nec
1901 4843 2081 4900 veniet

527 4930 581 4985 in
612 4945 705 4985 cor
742 4946 945 4987 eorum.
969 4949 991 4984 ι
1040 4930 1175 4987 Nam
1202 4931 1335 4988 alias
1360 4947 1482 4988 cum
1527 4942 1652 4989 tunc
1678 4935 1874 4991 cmlum
1908 4935 2083 5005 suspi-

525 5029 746 5087 cerent,
797 5036 910 5077 rem
958 5034 1194 5079 creatam
1242 5023 1490 5081 colebant
1538 5040 1649 5095 prae
1692 5025 1981 5094 Creatore,
2027 5034 2085 5083 et

528 5120 728 5168 terram
766 5111 1017 5169 similiter
1037 5114 1200 5171 veluti
1229 5114 1396 5170 Deum
1423 5117 1838 5183 venerabantur,
1868 5130 2080 5173 necnon

526 5213 742 5259 exortos
778 5218 845 5259 ex
884 5204 970 5259 illa
1002 5203 1210 5261 fruetus
1256 5222 1271 5260 :
1319 5219 1463 5261 nunc
1490 5220 1619 5262 vero
1648 5208 1844 5263 emlum
1885 5223 2079 5265 novum

527 5302 583 5346 et
611 5301 807 5349 ternm
838 5310 1029 5351 novam
1060 5296 1323 5362 videntes,
1356 5312 1521 5369 opera
1551 5312 1802 5355 manuum
1828 5299 1924 5356 Dei
1952 5313 2075 5358 esse

528 5380 784 5449 fateantur,
811 5399 918 5442 non
944 5396 1124 5443 autem
1149 5386 1281 5444 deos
1298 5402 1419 5444 esse
1446 5395 1636 5459 putant

634 5583 682 5615 “
709 5583 864 5642 Joan.
898 5603 977 5654 vt,
1005 5588 1095 5645 ιι.
1169 5589 1215 5623 η
1235 5588 1392 5648 Joan.
1420 5604 1496 5653 iv,
1527 5589 1617 5647 ιι.

622 5676 711 5747 ιε)
750 5677 846 5753 llic
865 5690 918 5735 et
946 5682 997 5736 in
1023 5682 1367 5753 sequentibus
1394 5683 1524 5753 locis
1562 5698 1745 5741 vocem
1778 5686 2072 5743 ὑπακούειν

533 5762 639 5803 non
668 5750 805 5805 male
836 5762 1033 5835 vertas
1065 5750 1371 5809 respondere
1413 5752 1546 5810 Nam
1580 5753 1682 5811 boc
1712 5771 1811 5814 usu
1840 5759 2072 5829 plerum-

2182 4572 2468 4644 ὀμνύοντες
2482 4576 2576 4629 ὲπὶ
2588 4576 2689 4646 τῆς
2707 4576 2812 4647 γῆς
2827 4576 3187 4648 όμοῦνταιτδν
3206 4577 3339 4632 Θεὸν
3356 4578 3447 4633 τὸν
3470 4578 3742 4650 ἀληθινόν.

2197 4664 2569 4737 Ἐπιλήσονται
2596 4666 2706 4738 γὰρ
2740 4666 2836 4738 τὴν
2869 4667 3046 4738 θλίψιν
3089 4668 3189 4741 τὴν
3229 4668 3472 4741 πρώτην,
3507 4671 3603 4724 καὶ
3647 4671 3749 4725 οὑκ

2183 4754 2507 4829 ἀναϐήσεται
2551 4757 2733 4812 αὑτῶν
2782 4758 2877 4812 ἐπὶ
2926 4758 3023 4831 τὴν
3066 4760 3312 4831 καρδίαν.
3343 4761 3539 4815 Ἔσται
3581 4761 3690 4833 γὰρ
3717 4763 3750 4816 6

2184 4844 2408 4915 οὐρανὸς
2435 4846 2620 4911 καινὸς
2651 4848 2800 4919 καὶὴ
2836 4848 2909 4920 γῆ
2931 4849 3111 4922 καινὴ,
3141 4852 3237 4904 καὶ
3263 4852 3325 4906 οὑ
3357 4853 3433 4924 μὴ
3469 4852 3749 4924 μνησθῶσι

2184 4936 2291 4989 τῶν
2332 4938 2632 5010 προτέρων,
2673 4938 2782 4992 οὐδ’
2812 4940 2873 4993 οὑ
2921 4941 2996 5013 μὴ
3040 4941 3242 5015 ἐπέλθῃ
3290 4944 3470 4999 αὐτῶν
3510 4944 3605 4998 ἐπὶ
3645 4944 3749 5017 τὴν

2182 5027 2425 5099 καρδίαν.
2463 5048 2483 5083 ι
2524 5029 2736 5094 ’Δλλως
2770 5029 2869 5101 μὲν
2901 5031 3009 5104 γὰρ
3036 5032 3158 5086 τότε
3196 5032 3432 5104 ὁρῶντες
3460 5034 3553 5088 τὸν
3579 5035 3761 5107 οὑρα-ν

2181 5118 2289 5184 νὺν,
2320 5118 2567 5175 ἐσέϐοντο
2587 5122 2655 5193 τῇ
2687 5121 2859 5176 κτίσει
2894 5122 3047 5193 παρὰ
3081 5122 3172 5177 τὸν
3200 5124 3479 5191 κτίσαντα,
3514 5126 3612 5179 καὶ
3648 5125 3748 5197 τὴν

2182 5207 2283 5278 γῆν
2304 5208 2504 5279 ὁμοίως
2537 5208 2863 5277 ὲθεοποίουν,
2890 5212 3128 5277 καὶτοὺς
3159 5215 3224 5267 ὲκ
3245 5215 3447 5287 ταύτης
3478 5217 3748 5287 βλαστῶν-

2180 5315 2280 5362 τας
2299 5300 2546 5370 καρπούς
2567 5316 2583 5331 ο
2628 5298 2724 5355 νῦν
2751 5300 2798 5354 δ’
2821 5302 2910 5355 ὅτε
2939 5302 3123 5356 καινὸν
3165 5302 3387 5373 δψοντες
3408 5305 3499 5359 τὸν
3520 5307 3747 5377 οὐρανὸν

2182 5390 2276 5443 καὶ
2324 5392 2421 5462 τὴν
2463 5391 2587 5462 γῆν,
2615 5390 2754 5463 ἔργα
2774 5392 2971 5464 χειρῶν
3022 5392 3158 5447 Θεοῦ
3198 5391 3336 5452 εἷναι
3371 5396 3745 5468 ὁμολογοῦσιν,

2183 5481 2363 5537 οὐκετι
2387 5482 2445 5537 ἃ
2474 5482 2630 5547 θεοὺς
2654 5478 2794 5539 εῐναι
2823 5485 3151 5557 νομίζουσιν.

2178 5704 2282 5757 que
2309 5688 2424 5765 llaec
2462 5687 2569 5745 vox’
2604 5690 2836 5765 occurrit
2865 5700 2973 5748 tum
3017 5694 3071 5750 in
3103 5693 3381 5765 Scriptura
3417 5708 3596 5765 sacra,
3634 5705 3745 5752 tum

2178 5761 2323 5830 apud
2355 5760 2489 5817 alios
2521 5760 2834 5833 scriptores.
