4058 6390
324 353 433 409 513

1248 346 1753 403 COMMENTARIA
1789 345 1858 401 IN
1896 345 2156 403 ISAIAM.
2193 380 2263 390 --
2298 350 2450 406 CAP.
2492 347 2652 405 LXV.

3470 355 3576 409 δη

396 488 419 522 s
463 469 603 523 Ἀλλ’
630 467 970 539 εὐφροσύνην
995 467 1091 521 καὶ
1117 467 1434 536 ἀγαλλίασιν
1469 468 1793 540 εὑρήσουσιν
1836 469 1883 522 in

2068 467 2231 523 Vsus.
2260 470 2454 527 {8-20.
2493 487 2512 521 ι
2544 469 2648 525 Sed
2680 469 2922 524 lzetitiant
2952 477 3008 526 et
3040 470 3457 532 exsultationem
3490 474 3575 528 in-

316 562 482 632 αὐτῇ.
516 562 634 616 ὀτι
666 560 775 613 ἰδοὺ
817 559 934 628 ἐγὼ
972 558 1110 611 ⁴ιτιοιῶ
1148 556 1461 629 ἀγαλλίαμα
1482 558 1891 630 Ἰερουσαλὴμ,

316 652 417 705 καὶ
438 653 531 705 τὸν
564 651 693 704 λαόν
726 667 827 721 μου
853 649 1193 720 εὐφροσύνην
1210 666 1225 678 ·
1253 649 1346 701 καὶ
1377 648 1777 720 ἀγαλλιάσομαι
1800 649 1895 702 ἐπὶ

327 741 705 814 Ἰερουσαλήμ,
727 741 825 795 καὶ
838 741 1283 813 εὐφρανθήσομαι
1300 740 1395 794 ἐπὶ
1408 740 1488 812 τῷ
1502 740 1622 812 λαῷ
1642 757 1765 812 μου·
1798 742 1893 796 καὶ

321 832 510 886 οὐκέτι
533 832 608 903 μὴ
626 831 862 903 ἀκουσθῇ
892 832 950 884 ὲν
966 832 1102 902 αὐτῇ
1126 829 1277 902 φωνὴ
1304 830 1581 903 κλαυθμοῦ
1596 832 1719 885 οὐδὲ
1741 833 1892 905 φωνὴ

322 923 596 994 κραυγῆς,
620 922 727 975 οὐδ’
745 923 807 975 οὐ
839 922 915 993 μή
930 922 1152 993 γένηται
1177 921 1257 975 ἔτι
1282 924 1402 975 ἐκεῖ
1421 921 1598 995 ἀωρος
1626 924 1722 976 καὶ
1759 940 1894 999 πρε-

317 1012 545 1083 σϐύτης,
573 1011 632 1075 δς
653 1013 752 1066 οὐκ
789 1011 1057 1084 ἐμπλήσει
1078 1012 1169 1065 τὸν
1196 1012 1386 1083 χρόνον
1410 1011 1598 1066 αὑτοῦ.
1631 1032 1652 1065 ι
1684 1013 1894 1076 Πάντες

316 1105 429 1177 γὰρ
469 1105 567 1175 τῆς
605 1106 733 1177 παρ’
764 1106 887 1175 ἐμοὶ
934 1104 1286 1168 ἀναστάσεως
1311 1104 1565 1174 τυχόντες
1609 1105 1753 1159 κατά
1798 1104 1892 1157 τὸν

316 1198 511 1268 καιρὸν
539 1196 648 1249 τῶν
678 1194 1016 1264 ἐπαγγελιῶν
1044 1195 1125 1257 εἰς
1143 1194 1311 1265 ἀνδρα
1338 1194 1563 1270 τέλειον,
1582 1196 1661 1258 εἰς
1695 1194 1892 1266 μέτρον

308 1288 538 1359 ἡλικίας
581 1284 801 1357 ήξουσιο
851 1285 946 1339 καὶ
1002 1286 1207 1348 πάντες
1256 1285 1469 1338 ἔσονται
1528 1285 1752 1355 ἀκμαῖοι
1792 1284 1892 1349 τὰς

308 1378 603 1450 quam
633 1380 770 1449 μήτε
798 1377 975 1450 ἀωρον
1000 1380 1193 1448 νήπιον
1226 1376 1322 1430 καὶ
1334 1376 1526 1446 ἀτελῆ,
1562 1379 1697 1447 μήτε
1724 1377 1893 1449 ὑπερ-

313 1469 591 1541 σεόηκότα
633 1470 728 1523 καὶ
771 1469 1120 1540 γεγηρακότα
1166 1470 1223 1521 ὲν
1270 1468 1453 1531 αὐτοῖς
1502 1467 1886 1538 εὑρίσκεσθαιι

313 1562 522 1624 πάντες
550 1561 608 1613 δὲ
637 1560 918 1631 ὁμήλικες,
954 1560 1030 1622 ὡς
1059 1559 1126 1612 ἂν
1159 1559 1249 1627 ὑφ’
1279 1557 1598 1628 ἓνασκαιρὸν
1629 1558 1729 1629 τῆς
1756 1560 1888 1612 ἀνα-

314 1652 562 1714 στάσεως
579 1649 909 1720 τευξόμενοι,
926 1651 1021 1702 καὶ
1053 1652 1181 1719 μιᾶς
1195 1650 1613 1717 παλιγγενεσίας
1638 1648 1893 1721 μεθέξον-

313 1756 427 1803 τες.

1993 560 2211 615 venient
2252 561 2307 614 in
2353 576 2439 615 ea.
2469 559 2734 627 Quoniam
2764 575 2894 616 ecce
2931 576 3034 632 ego
3073 561 3217 618 facio
3250 564 3574 621 exsultatio-

1994 662 2117 705 nem
2142 649 2462 718 Jerusalem,
2488 662 2544 706 et
2570 650 2825 721 populum
2858 665 3038 706 meum
3072 652 3315 708 laetitiam
3344 671 3360 709 :
3394 664 3452 711 et
3482 672 3576 710 ex-

1992 742 2203 797 sultabo
2233 756 2393 812 super
2436 742 2758 806 Jerusalem,
2803 751 2860 797 et
2892 742 3121 798 letabor
3160 760 3326 815 super
3373 747 3576 817 popqu

1992 844 2151 885 meo:
2182 838 2237 885 et
2285 845 2391 886 non
2438 831 2580 886 ultra
2616 832 2865 887 audietur
2898 833 2954 886 in
3006 828 3123 901 ipsa
3157 849 3264 889 vox
3311 834 3491 901 ﬂetus,
3518 847 3576 893 et

1993 935 2093 975 vox
2140 919 2426 985 clamoris.
2466 936 2639 989 neque
2684 922 2826 976 ultra
2883 922 2989 977 erit
3034 922 3109 978 ibi
3143 924 3469 980 immaturus
3516 937 3577 983 et

1991 1022 2180 1070 senex.
2225 1010 2312 1078 qui
2365 1024 2471 1065 non
2506 1010 2730 1079 impleat
2771 1020 2983 1081 tempus
3016 1027 3196 1068 suum.
3220 1032 3240 1066 ι
3296 1014 3575 1088 Quotquot

1991 1098 2134 1151 enim
2183 1100 2630 1154 resurrectionem
2679 1117 2709 1156 a
2761 1118 2848 1157 me
2895 1101 3095 1159 'datam
3145 1118 3571 1176 consequentur.

1992 1194 2237 1255 tempore
2266 1187 2707 1257 promissionum,
2755 1192 2811 1245 in
2857 1190 3033 1246 virum
3068 1194 3372 1262 perfectura
3415 1206 3472 1252 et
3518 1198 3569 1251 in

1991 1291 2298 1330 mensuram
2327 1277 2501 1331 atatis
2530 1280 2747 1333 venient
2773 1296 2789 1334 :
2827 1288 2994 1350 atque
3034 1297 3229 1339 omnes
3261 1285 3445 1340 anima
3479 1302 3573 1342 ve-

1990 1368 2097 1439 geti
2143 1378 2319 1433 erunt,
2349 1371 2423 1425 ita
2454 1379 2511 1425 ut
2545 1386 2720 1442 neque
2755 1372 3081 1429 immaturus
3112 1384 3168 1430 et
3206 1390 3312 1431 non
3349 1379 3572 1435 adultus

1984 1458 2220 1527 juvenis,
2269 1473 2443 1529 neque
2480 1468 2641 1514 aetate
2670 1473 2960 1531 provectus
2990 1473 3086 1525 aut
3112 1479 3280 1519 senex
3309 1466 3382 1521 ibi
3419 1483 3573 1537 repe-

1990 1550 2192 1613 riatur,
2242 1551 2339 1604 sed
2395 1552 2545 1620 paris
2595 1552 2773 1607 aetatis
2815 1568 3031 1619 omnes,
3078 1564 3263 1625 utpote
3311 1557 3404 1627 qui
3460 1572 3571 1613 uno

1990 1639 2288 1708 eodemque
2322 1650 2563 1710 tempore
2602 1652 2921 1713 resurgant,
2965 1654 3021 1699 et
3061 1644 3325 1715 ejusdem;
3344 1661 3572 1719 regene-

1990 1729 2222 1784 rationis
2253 1740 2539 1785 consortes
2565 1732 2698 1785 sint.

392 1849 414 1881 ι
458 1830 649 1882 Ἔσται
679 1829 789 1899 γὰρ
811 1830 840 1882 ό
860 1827 980 1890 νέος
1003 1825 1193 1879 ἑκατὸν
1214 1824 1372 1887 ἐτῶν,
1396 1828 1426 1878 ό
1446 1825 1504 1878 δὲ
1534 1824 1883 1895 ἀποθνήσκων

2068 1840 2088 1872 ι
2120 1819 2237 1875 Erit
2281 1821 2426 1875 enim
2475 1821 2692 1891 juvenis
2725 1833 2940 1879 centum
2986 1841 3274 1893 annorum,
3305 1828 3399 1899 qui
3437 1844 3567 1887 vero

310 1919 640 1992 ἁμαρτωλὸς
666 1918 863 1974 ἑκατὸν
886 1918 1045 1983 ὲτῶν,
1080 1917 1173 1970 καὶ
1212 1915 1615 1987 ὲπικατάρατος
1644 1914 1819 1967 ἔσται.
1860 1933 1879 1965 ι

311 2013 389 2067 Τδ
414 2012 529 2065 ἴσον
553 2010 648 2064 τοῦ
680 2011 871 2082 χρόνου
904 2010 1006 2079 τῆς
1030 2011 1095 2063 ὲκ
1122 2009 1331 2080 νεκρῶν
1358 2008 1703 2070 ἀναστάσεως
1740 2023 1885 2077 παρ-

312 2106 563 2177 έστησεν.
602 2104 793 2156 Ἔσται
838 2097 933 2155 οὖν
969 2103 999 2154 ὁ
1031 2099 1353 2171 ἁμαρτωλὸς
1382 2098 1477 2152 καὶ
1502 2097 1665 2159 αὐτὸς
1693 2097 1885 2151 ἑκατὸν

311 2195 472 2259 ἐτῶν,
518 2195 613 2248 καὶ
644 2194 1046 2264 ὲπικατάρατος
1094 2190 1248 2244 ἐσται
1279 2190 1538 2258 ἀκμαῖος,
1582 2189 1679 2241 καὶ
1707 2187 1784 2251 ὡς
1825 2189 1884 2241 ὲν

300 2284 483 2356 κακίᾳ
514 2284 737 2346 τέλειος,
770 2282 1211 2353 ἀποθνήσκωντῇ
1242 2277 1436 2332 ἑαυτοῦ
1460 2277 1705 2349 ἁμαρτία
1728 2294 1743 2308 ·
1767 2279 1796 2331 ὃ
1822 2295 1883 2331 τε

311 2374 433 2437 νέος
459 2374 621 2428 πάλιν
645 2372 837 2427 ἑκατὸν
859 2372 1016 2437 ἑτῶν,
1038 2371 1134 2425 καὶ
1151 2370 1315 2433 αὐτὸς
1326 2368 1530 2433 τέλειος
1551 2372 1611 2424 ὲν
1636 2370 1881 2437 τελείοις,

309 2467 393 2529 εἰς
426 2466 699 2536 σωτηρίαν
735 2464 1310 2536 παραλαμσανόμενος.

386 2578 407 2611 ι
435 2561 547 2614 Καὶ
571 2558 1011 2629 οἰκοδομήσουσιν
1033 2556 1230 2620 οἰκίας,
1264 2555 1359 2609 καὶ
1388 2556 1543 2609 αὐτοὶ
1570 2555 1883 2625 ἐνοικήσου-

309 2665 364 2701 σι
383 2664 398 2678 ο
437 2647 531 2700 καὶ
568 2645 1067 2715 καταφυτεύσουσιν
1100 2646 1451 2717 ἀμπελῶνας,
1488 2647 1584 2699 καὶ
1610 2645 1769 2697 αὐτοὶ
1790 2645 1886 2713 φά-

307 2755 496 2807 γονται
533 2738 603 2791 τά
655 2738 973 2808 γεννήματα
1030 2737 1231 2792 αὐτῶν.
1280 2756 1300 2789 ι
1339 2738 1467 2801 Τοῖς
1513 2737 1622 2808 γὰρ
1676 2736 1883 2789 ἑαυτῶν

306 2828 491 2902 ιργοις
521 2828 618 2881 καὶ
640 2830 761 2891 ταῖς
783 2828 1010 2891 οἰκείαις
1031 2827 1296 2900 πράξεσιν
1324 2827 1640 2900 ποριοῦνται
1672 2830 1885 2893 ἑαυτοῖς

306 2920 407 2985 τὰς
444 2920 611 2990 μονάς
641 2918 741 2981 τάς
767 2917 921 2988 παρά
949 2918 1029 2989 τῷ
1067 2918 1274 2989 Πατρίο
1300 2918 1435 2973 ἀλλά
1472 2920 1599 2983 τοὺς
1637 2920 1883 2989 καρποὺς

305 3009 417 3064 σιῶν
446 3010 625 3063 πόνων
651 3008 829 3063 αὐτῶν
860 3010 1123 3077 φάγονται
1140 3024 1154 3037 ο
1189 3008 1377 3080 διόπερ
1404 3009 1441 3062 ἃ
1467 3010 1883 3080 γεωργήσαντες

307 3102 636 3172 συνήγαγον,
670 3100 843 3154 ταῦτα
872 3101 1185 3172 εὑρήσουσι,
1230 3101 1327 3154 καὶ
1362 3099 1421 3164 ἐξ
1460 3100 1639 3154 αὐτῶν
1667 3102 1883 3172 τραφή-

307 3208 513 3247 σον-ται.

382 3302 404 3335 ι
442 3283 517 3337 Οὐ
567 3282 642 3353 μὴ
688 3282 1135 3353 οἰκοδομήσουσι,
1178 3283 1275 3337 καὶ
1314 3284 1463 3339 ἄλλοι
1509 3285 1878 3355 ὲνοικήσουσι,

305 3375 481 3431 καὶοῦ
517 3375 591 3445 μὴ
622 3373 968 3442 φυτεύσουσι,
995 3375 1088 3427 καὶ
1107 3375 1254 3429 ἄλλοι
1279 3376 1563 3445 φάγονται.
1593 3376 1750 3429 Κατὰ
1771 3374 1881 3445 γάρ

305 3468 406 3531 τὰς
436 3466 649 3538 ἡμέρας
691 3465 786 3519 τοῦ
813 3464 969 3531 ξύλου
1016 3467 1117 3538 τῆς
1144 3464 1291 3537 ζωῆς
1335 3466 1549 3521 ἔσονται
1578 3469 1636 3520 αἰ
1676 3467 1879 3539 ἡμέραι

304 3558 403 3615 τοῦ
435 3558 566 3613 λαοῦ
610 3575 710 3629 μου
733 3574 747 3589 ·
782 3558 853 3611 τὰ
892 3557 1001 3629 γὰρ
1042 3556 1179 3628 ἔργα
1220 3557 1330 3611 τῶν
1360 3558 1539 3613 πόνων
1564 3558 1747 3612 αὐτῶν
1772 3574 1879 3610 πα-

303 3650 651 3706 λαιώσουσιν.
698 3669 717 3701 ι
762 3650 901 3703 Ἀλλ’
932 3650 1013 3712 εἰς
1052 3648 1279 3721 ἄπειρον
1318 3648 1494 3704 αἰῶνα
1532 3651 1590 3703 ὲν
1627 3649 1880 3719 ἀθανάτῳ

304 3743 510 3814 σύζωῖα
538 3741 777 3806 διάξουσι
798 3757 814 3773 ο
846 3740 925 3793 διὸ
948 3739 1227 3793 λέλεκται·
1271 3759 1290 3791 ι
1324 3740 1479 3793 Κατά
1498 3740 1605 3812 γὰρ
1627 3742 1725 3803 τὰς
1746 3741 1881 3812 ἡμέ-

307 3851 413 3907 ρας
444 3832 538 3886 τοῦ
576 3830 733 3896 ξύλου
762 3831 863 3901 τῆς
903 3828 1050 3899 ζωῆς
1085 3830 1143 3882 αἰ
1184 3829 1391 3901 ἡμέραι
1417 3829 1511 3882 τοῦ
1538 3829 1668 3882 λαοῦ
1696 3846 1817 3900 μου.
1853 3848 1873 3880 ι

302 3926 383 3979 Τὸ
416 3923 572 3991 ξύλον
601 3924 659 3979 δὲ
690 3924 904 3996 εἴρηται
944 3923 1003 3976 ὲν
1037 3922 1116 3993 τῷ
1156 3922 1467 3993 παραδείσῳ
1490 3921 1582 3974 τοῦ
1612 3919 1748 3974 Θεοῦ
1782 3939 1880 3973 πε-

305 4014 638 4085 φυτεῦσθαιο
683 4012 959 4066 δείκνυται
1010 4010 1320 4084 τοιγαροῦν,
1368 4012 1452 4065 ὅτι
1496 4012 1597 4064 οὐκ
1647 4011 1753 4078 ἔξω
1782 4010 1877 4064 τοῦ

303 4106 445 4160 Θεοῦ
469 4107 523 4158 αἰ
544 4105 867 4174 ἐπαγγελίαι
900 4104 1246 4175 τυγχάνουσι.
1277 4104 1357 4157 Δι’
1382 4097 1458 4159 ὧν
1496 4104 1752 4158 ἁπάντων
1785 4122 1880 4157 σα-

303 4199 426 4269 φῶς
460 4197 647 4269 ἕτερον
672 4197 798 4250 λαὸν
833 4197 1043 4264 εἰσάγει
1080 4195 1258 4266 ἑαυτῷ
1294 4195 1449 4266 παρὰ
1477 4195 1573 4248 τοῦ
1611 4196 1878 4250 Ἰουδαίων

304 4291 515 4355 ἔθνους.
548 4282 707 4343 οὗτοι
735 4291 845 4360 γὰρ
872 4288 1360 4361 παλαιωθήσονται,
1393 4287 1514 4341 οὐδὲ
1545 4287 1753 4359 ἑτέροις
1781 4305 1879 4342 κα-

300 4383 653 4454 ταλείψουσι,
691 4382 979 4454 μέλλοντες
1019 4377 1173 4444 αὖθις
1222 4379 1576 4451 μεθίστασθαι
1601 4378 1696 4433 τοῦ
1738 4380 1875 4451 βίου,

1986 1909 2239 1971 moritur.
2273 1919 2525 1979 peccator
2560 1923 2778 1967 centum
2825 1930 3092 1972 annorum
3138 1928 3193 1973 et
3237 1920 3565 1977 maledictus

1985 2001 2109 2055 erit.
2137 2020 2158 2053 ι
2199 2000 2402 2065 ditatis
2442 2012 2500 2058 et
2532 2006 2793 2077 temporis
2822 2006 2877 2061 in
2908 2012 3311 2067 resurrectione
3338 2014 3570 2082 aquali-

1987 2102 2155 2150 tatem
2207 2096 2322 2151 fore
2367 2096 2625 2154 declarat.
2668 2098 2787 2155 Erit
2838 2100 3005 2172 igitur
3060 2113 3320 2173 peccator
3354 2119 3410 2165 et
3455 2111 3572 2181 ipso

1985 2196 2201 2241 centum
2248 2202 2552 2254 annorum,
2595 2198 2651 2245 et
2692 2191 3010 2249 maledictus
3054 2196 3195 2261 erit,
3243 2210 3467 2271 vegetus
3511 2213 3569 2256 et

1985 2278 2142 2346 quasi
2174 2278 2229 2331 in
2260 2279 2464 2346 malitia
2500 2281 2770 2351 perlectus
2802 2285 3043 2341 mor-iens
3092 2289 3145 2342 in
3182 2300 3404 2359 peccato
3441 2308 3562 2348 suo.

1982 2366 2208 2425 Juvenis
2244 2370 2372 2425 item
2425 2382 2640 2428 centum
2690 2390 2984 2441 annorum,
3024 2387 3082 2432 et
3128 2379 3245 2448 ipse
3286 2382 3568 2450 perfectus

1984 2460 2129 2515 inter
2153 2460 2447 2531 perfectos.
2470 2474 2527 2519 et
2550 2464 2606 2520 in
2635 2467 2867 2521 salutem
2896 2480 3221 2525 assumetur.

2053 2553 2219 2611 Vsus.
2244 2555 2335 2610 2i.
2373 2574 2393 2609 ι
2420 2556 2490 2611 Et
2519 2559 2868 2615 editicabunt
2898 2562 3112 2628 domos,
3155 2573 3211 2619 et
3255 2565 3357 2636 ipsi
3404 2568 3563 2623 inha-

1983 2645 2235 2701 bitabant
2268 2665 2283 2702 :
2315 2656 2371 2704 et
2413 2648 2733 2719 plantabunt
2777 2652 2989 2720 vineas,
3034 2664 3093 2709 et
3130 2655 3233 2723 ipsi
3279 2658 3568 2712 comedent

1984 2736 2191 2792 fructus
2217 2753 2425 2792 earum.
2450 2758 2472 2791 ι
2503 2737 2637 2793 Nam
2680 2742 2797 2796 suis
2835 2744 2933 2812 ipsi
2982 2746 3240 2813 operibus
3281 2756 3336 2822 et
3370 2748 3564 2814 gestis,

1984 2828 2291 2883 mansiones
2321 2828 2442 2884 illas
2463 2845 2583 2901 quae
2609 2834 2748 2901 apud
2780 2830 2995 2887 Patrem
3025 2844 3174 2901 sunt,
3219 2836 3322 2891 sibi
3361 2851 3563 2906 procu-

1983 2919 2183 2973 rabunt
2213 2938 2227 2973 :
2256 2919 2349 2975 sed
2381 2921 2547 2976 etiam
2594 2921 2808 2976 fructus
2836 2924 3084 2979 laborum
3131 2940 3350 2980 suorum
3382 2942 3548 2983 como

1984 3009 2115 3063 dent
2140 3027 2155 3062 :
2182 3009 2439 3079 quoniam
2465 3025 2531 3065 ea
2558 3026 2676 3079 qua:
2707 3020 2904 3067 terram
2939 3013 3183 3069 colentes
3206 3030 3361 3071 suam
3393 3019 3565 3073 colle-

1984 3106 2199 3170 gerunt,
2224 3113 2289 3154 ea
2322 3100 2617 3170 reperient.
2644 3099 2713 3155 iis
2743 3101 2978 3157 alentur.

2049 3278 2215 3334 Vsus.
2240 3278 2333 3333 22.
2365 3297 2385 3331 ι
2412 3278 2764 3348 Nequaquam
2796 3279 3165 3346 ediﬁcabunt,
3187 3289 3244 3335 et
3275 3278 3367 3333 alii
3405 3280 3561 3335 iulia-

1982 3373 2262 3439 bitabunt;
2296 3387 2638 3443 nequaquam
2669 3372 3014 3442 plantahunt,
3046 3372 3221 3427 et'alii
3256 3373 3558 3428 comedent.

1981 3464 2115 3519 Nam
2159 3466 2455 3521 secundum
2500 3464 2619 3519 dies
2662 3464 2800 3535 ligni
2844 3465 2969 3519 vita:
3011 3474 3174 3519 erunt
3221 3465 3338 3519 dies
3377 3467 3561 3533 populi

1981 3558 2130 3613 mei:
2162 3572 2327 3627 opera
2372 3558 2518 3612 enim
2562 3558 2807 3613 laborum
2856 3557 3099 3626 ipsorum
3146 3566 3559 3611 veterascent.»

1982 3649 2089 3704 Sed
2131 3665 2227 3719 per
2261 3648 2473 3704 infinita
2508 3649 2707 3704 saecula
2751 3649 2807 3704 in
2846 3647 3140 3704 immortali
3186 3647 3277 3702 illa
3310 3656 3365 3701 et
3415 3647 3561 3704 felici

1980 3742 2090 3795 vita
2130 3742 2325 3811 degent
2354 3758 2371 3800 :
2399 3755 2568 3812 quare
2617 3741 2822 3797 dictum
2873 3749 2988 3805 est,
3043 3738 3221 3794 «Nam
3264 3741 3561 3795 secundum

1981 3833 2097 3887 dies
2142 3831 2270 3903 ligni
2325 3834 2451 3889 vitae
2502 3846 2663 3889 erunt
2704 3834 2824 3889 dies
2870 3832 3053 3904 populi
3110 3834 3279 3887 mei.)
3331 3832 3559 3903 Liguum

1980 3934 2160 3978 autem
2199 3925 2328 3979 illud
2376 3926 2429 3980 in
2463 3926 2713 3995 paradiso
2746 3925 2841 3978 Dei
2874 3924 3171 3994 plantatum
3210 3924 3377 3978 fuisse
3424 3924 3559 3979 dici«

1983 4024 2101 4081 tur;
2136 4015 2320 4085 itaque
2356 4032 2461 4070 non
2507 4024 2663 4072 extra
2691 4015 2998 4086 paradisum
3029 4015 3120 4069 Dei
3172 4015 3384 4085 impleri
3433 4030 3558 4083 pro-

1981 4106 2148 4161 missa
2178 4109 2500 4162 declaratur.
2528 4107 2735 4175 Quibus
2762 4108 3014 4164 omnibus
3053 4108 3220 4163 alium
3261 4109 3364 4164 sibi
3401 4124 3429 4163 a
3460 4109 3559 4165 Ju-

1980 4196 2137 4249 daico
2172 4195 2425 4265 populum
2470 4196 2716 4251 aseiscit.
2745 4196 2826 4251 llli
2856 4212 3089 4267 namque
3134 4198 3556 4263 inveterascent,

1981 4303 2083 4342 nec
2134 4288 2257 4343 aliis
2282 4330 2298 4356 ,
2341 4304 2408 4345 ex
2442 4290 2546 4344 hac
2588 4290 2701 4345 vita
2740 4289 3127 4357 transferendi,
3168 4288 3385 4346 labores
3432 4307 3563 4346 suos

1980 4378 2318 4449 relinquent;
2351 4380 2407 4435 lii
2454 4394 2586 4436 vero
2617 4380 2863 4436 laborum
2911 4395 3132 4436 suorum
3177 4392 3328 4451 gesta
3373 4397 3565 4438 secum

301 4479 435 4540 τοὺς
459 4476 667 4530 ἑαυτῶν
702 4475 898 4539 πόνους
917 4492 931 4505 ’
965 4473 1081 4528 ἀλλ’
1109 4468 1257 4527 οῦτοι
1284 4471 1355 4526 τὰ
1386 4472 1522 4544 ἔργα
1564 4473 1673 4527 τῶν
1700 4474 1877 4527 πόνων

1984 4478 2280 4536 assument,
2312 4470 2657 4541 propriisque
2685 4469 2955 4527 fructibus
2987 4471 3322 4542 gaudebunt.

302 4567 487 4623 αὐτῶν
525 4569 606 4631 εἰς
652 4568 879 4630 ἑαυτοὺς
921 4564 1305 4637 ἀναλήψονται,
1362 4563 1458 4617 καὶ
1496 4566 1611 4627 τοῖς
1657 4564 1880 4628 οἰκείοις

304 4664 542 4735 καρποῖς
572 4661 1019 4733 ὲντρυφήσουσιν.

387 4772 407 4805 ι
447 4754 511 4806 οἰ
535 4751 778 4805 ἐκλεκτοί
805 4768 909 4822 μου
938 4751 999 4805 οὒ
1044 4748 1398 4803 κοπιάσούσιν
1435 4747 1515 4811 εἰς
1554 4746 1731 4812 κενὸν,
1760 4745 1881 4799 οὐδὲ

303 4846 783 4915 τεκνοποιήσουσιν
809 4844 888 4906 εἰς
918 4842 1190 4913 κατάρανο
1220 4841 1302 4894 ὅτι
1327 4840 1548 4911 σπέρμα
1580 4838 1880 4910 εὐλογημέ-

304 4954 398 4992 νον
414 4937 521 4991 ὑπὸ
548 4935 685 4990 Θεοῦ
704 4938 839 4999 ἔστι,
870 4936 965 4988 καὶ
987 4933 1059 4987 τὰ
1076 4932 1272 5002 ἔκγονα
1292 4931 1474 4984 αὐτῶν
1499 4933 1616 5003 μετ’
1642 4931 1840 4986 αὐτῶν.
1856 4950 1873 4982 ι

302 5032 372 5085 Εἰ
394 5029 504 5102 γὰρ
526 5028 620 5083 καί
632 5044 777 5092 τινες
792 5026 1000 5080 ἔσονται
1025 5026 1168 5081 κατὰ
1194 5026 1286 5079 τὸν
1308 5025 1501 5094 καιρὸν
1518 5024 1627 5077 τῶν
1642 5026 1882 5092 ἐπαγγε-

302 5121 438 5174 λιῶν
466 5120 626 5174 κόποι
659 5120 919 5190 σωτήριοι
951 5119 1046 5172 καὶ
1092 5116 1289 5185 ἀγαθοὶ
1337 5116 1433 5171 καὶ
1464 5116 1633 5185 ἡδεῖς,
1662 5116 1881 5180 ὁποίους

303 5207 529 5271 πάντως
565 5191 670 5261 που
711 5207 808 5261 καὶ
847 5208 881 5277 ή
929 5205 1192 5277 ἀγγελικὴ
1237 5204 1391 5269 τάξις
1429 5205 1723 5274 ὑπομένειο
1763 5204 1878 5258 ἀλλ’

302 5302 408 5355 οὐκ
437 5299 705 5364 ὲπικενῶς
734 5299 887 5353 ἔσται
922 5297 993 5352 τὰ
1019 5299 1121 5369 τῆς
1152 5298 1415 5371 ἐργασίας
1438 5298 1621 5360 αὐτοῖς
1640 5315 1653 5328 ·
1687 5298 1879 5368 μισθὸς

302 5392 417 5464 γὰρ
453 5392 638 5456 αὐτοῖς
686 5391 910 5457 ὲπάξιος
946 5389 1390 5461 τεθησαύρισται.
1437 5390 1792 5443 Τεκνοποιίαν
1822 5389 1881 5443 δὲ

303 5484 589 5553 νοήσωμεν
615 5479 724 5533 τῶν
763 5479 951 5550 ψυχῶν
980 5480 1107 5542 τοὺς
1148 5478 1441 5549 λογισμοὺς
1480 5479 1575 5532 καὶ
1620 5478 1721 5548 τῆς
1759 5477 1877 5530 δια-

304 5574 456 5637 νοίας
469 5572 597 5634 τοὺς
614 5572 879 5642 καρποὺς,
914 5570 1006 5635 οὒς
1027 5571 1268 5642 κατάρας
1303 5570 1520 5623 ἔσεσθαι
1542 5569 1874 5639 ἀλλοτρίους,

308 5664 560 5734 εὐλογίας
590 5663 647 5716 δὲ
678 5661 861 5727 ἀξίους
883 5662 1146 5727 θεσπίζει.
1181 5662 1367 5715 Ταῦτα
1394 5663 1488 5715 καὶ
1519 5663 1597 5723 εἰς
1611 5660 1702 5713 τὸν
1736 5677 1880 5729 παρ-

305 5758 438 5811 όντα
498 5755 612 5827 βίον
652 5754 1088 5825 ἐπιλαμϐάνεσθαι
1141 5752 1315 5826 οἶμαι,
1361 5752 1454 5808 τοῦ
1506 5752 1665 5821 λόγου
1716 5751 1878 5805 πάλιν

2052 4741 2217 4797 Vsus.
2252 4739 2344 4794 23.
2394 4756 2414 4790 ι
2455 4737 2624 4793 Electi
2676 4737 2780 4792 mei
2830 4752 2937 4792 non
2991 4735 3315 4793 laborabunt
3358 4737 3409 4792 in
3460 4753 3560 4792 va-

1982 4848 2130 4897 num,
2164 4845 2335 4901 neque
2385 4830 2524 4885 lilios
2571 4828 2906 4900 generabunt
2954 4828 3008 4883 in
3062 4829 3547 4883 maledictionem:

1980 4924 2105 4993 quia
2135 4937 2320 4977 semen
2365 4920 2706 4976 benedictum
2735 4934 2767 4974 a
2813 4921 2923 4975 Deo
2961 4929 3075 4985 est,
3104 4930 3159 4974 et
3194 4929 3419 4990 nepotes
3465 4936 3557 4974 eo-

1982 5030 2103 5069 rum
2145 5028 2265 5068 cum
2296 5014 2437 5066 eis.»
2481 5012 2706 5066 Etiamsi
2746 5011 2893 5067 enim
2940 5012 3367 5082 promissionum
3418 5022 3559 5065 tem-

1980 5122 2135 5177 pore,
2183 5105 2400 5175 quidam
2452 5104 2755 5169 salutares,
2805 5104 2931 5159 boni
2998 5117 3299 5173 suavesque
3347 5102 3558 5157 labores

1981 5204 2109 5262 sint,
2135 5212 2269 5268 quos
2312 5196 2589 5267 angelicus
2616 5196 2751 5251 ordo
2796 5195 3051 5259 sustinet,
3082 5196 3176 5249 sed
3212 5208 3317 5248 non
3354 5194 3557 5247 frustra

1981 5292 2173 5347 cedent
2210 5288 2312 5344 illis
2356 5303 2562 5359 opera:
2595 5302 2718 5341 nam
2752 5287 3016 5357 condigna
3058 5285 3192 5354 ipsis
3221 5300 3437 5339 merces
3475 5298 3556 5337 re-

1982 5384 2154 5455 posita
2200 5392 2303 5437 est.
2347 5380 2664 5435 Liberorum
2698 5393 2829 5433 vero
2869 5377 3301 5447 procreationem
3350 5374 3556 5428 intelli-

1984 5490 2171 5547 gamus
2196 5489 2316 5529 esse
2352 5474 2546 5527 animm
2574 5470 2950 5541 cogitationes,
2984 5470 3287 5535 mentisque
3318 5465 3554 5529 fructus,

1983 5584 2119 5639 quos
2170 5583 2198 5620 a
2252 5565 2628 5620 maledictione
2699 5562 2940 5624 alienos,
2992 5558 3372 5614 benedictione
3422 5570 3557 5609 vero

1984 5661 2178 5730 dignos
2226 5656 2344 5712 fore
2391 5655 2735 5709 vaticinatur.
2782 5649 2911 5703 Hzec
2989 5663 3019 5703 e
3062 5648 3309 5717 prazsenti
3341 5657 3556 5715 quoque

1986 5752 2097 5805 vita
2143 5747 2313 5817 accipi
2355 5760 2514 5816 posse
2559 5742 2834 5805 existimo,
2885 5739 2958 5793 ita
2992 5749 3050 5795 ut
3092 5740 3178 5795 his
3226 5737 3557 5808 apostolicus
