4062 6400
557 371 658 427 515

1148 422 1149 425 χ
1212 364 1481 423 EUSEBll
1520 361 1991 420 cassamsusw
2028 294 2179 417 οιίρ.
2221 359 2396 415 rans
2434 357 2521 415 ut.
2561 390 2631 400 —
2666 357 3079 414 EXEGETICA.
3124 336 3127 339 ’

3665 359 3770 414 διε

556 490 751 544 chorus
786 483 1167 540 subiudicetur.
1206 500 1227 533 ι
1257 482 1378 535 Ideo
1418 481 1571 536 electi
1609 482 1711 535 mei
1756 488 1858 533 non
1892 479 2100 532 labora-

2204 474 2291 525 τὸν
2319 473 2478 544 χορὸν
2507 474 2597 526 τὸν
2630 469 2977 526 ἀποστολικδν
3004 467 3387 538 αἰνιττομένου.
3418 485 3438 519 ι
3474 468 3575 522 Διὰ
3608 468 3769 523 τοῦτο

556 580 685 632 bunt
712 578 764 631 in
795 591 1007 639 vanum,
1039 587 1210 641 neque
1252 571 1387 625 filios
1434 574 1791 639 procreabuut
1838 574 1890 624 in
1930 570 2097 622 male-

555 668 903 722 dictionem.»
952 664 1320 732 Apostolorum
1389 663 1584 729 quippe
1634 660 1863 724 labores,
1910 670 1967 712 ut
2016 658 2101 712 vel

555 759 685 826 ipsis
710 756 879 810 oculis
919 754 1141 823 patebit,
1172 767 1277 805 non
1326 753 1376 804 in
1410 766 1600 804 vauinn
1650 752 1884 819 suscepti
1931 749 2100 813 fuere,

554 848 695 916 quod
723 857 975 916 arguetur
999 860 1060 896 ex
1090 843 1319 897 Ecclesia
1348 844 1413 894 ab
1441 841 1571 909 ipsis
1596 855 1691 909 per
1718 850 1885 895 totum
1915 842 2099 893 orbem

554 938 803 1000 fundata;
839 945 892 989 et
920 935 1010 987 lilii
1042 949 1224 987 eorum
1256 947 1351 1001 per
1384 931 1653 985 lavacrum
1682 931 2103 1000 regenerationis

554 1029 609 1082 in
636 1026 847 1081 Christo
875 1024 983 1078 nati
1008 1025 1339 1077 videbuntur.

630 1197 785 1251 Vens.
812 1196 901 1250 24.
940 1215 957 1248 ι
988 1195 1050 1250 Et
1084 1197 1186 1249 erit
1220 1207 1501 1263 antequam
1552 1193 1817 1258 clament,
1864 1208 1962 1263 ego
2004 1208 2101 1247 ex-

556 1288 765 1341 audiam
801 1302 932 1341 eos:
965 1286 1137 1341 adhuc
1178 1286 1277 1339 illis
1327 1287 1665 1356 loquentibus
1711 1286 1919 1351 dicam,
1965 1284 2101 1351 Quid

556 1378 709 1432 est?»
763 1377 818 1430 Id
860 1392 1017 1445 porro
1060 1377 1113 1429 in
1156 1377 1375 1430 Actibus
1420 1375 1779 1442 apostolorum
1824 1374 2101 1444 impletum

557 1468 951 1536 deprehendas;
988 1483 1106 1521 nam
1147 1467 1253 1520 Deo
1285 1469 1414 1535 ipsis
1459 1477 1691 1531 astante,
1740 1465 1903 1517 multa
1954 1466 2103 1533 signa

557 1568 610 1609 et
658 1558 893 1625 prodigia
940 1558 1250 1610 edebantur.
1298 1556 1566 1623 Apostolis
1612 1569 1741 1609 vero
1786 1554 1898 1607 haec
1943 1568 2102 1621 agen-

559 1647 725 1708 tibus,
766 1647 891 1699 hinc
926 1646 1345 1716 alienigenarum
1384 1646 1619 1716 gentium
1655 1645 1934 1701 conversio
1975 1644 2102 1698 sub-

557 1736 905 1802 sequebatur.

2202 566 2250 615 ol.
2299 562 2537 616 ἐκλεκτοί
2574 579 2673 631 μου
2708 563 2768 614 οὐ
2814 560 3161 613 κοπιάσουσιν
3206 560 3285 620 είς
3329 556 3482 610 κενὸν
3525 558 3649 611 afuit
3679 575 3772 612 τε·

2202 655 2611 722 κνοποιήσουσιν
2633 653 2711 713 είς
2745 649 3004 719 κατάραν.
3043 666 3062 699 ι
3106 648 3297 699 Ἔσται
3334 644 3443 716 γὰρ
3466 646 3769 718 ὀφθαλμοῖς

2203 741 2532 813 παραλαϐεῖν
2581 740 2689 792 τῶν
2743 738 3051 792 ἀποστόλων
3096 739 3224 799 τοὺς
3277 736 3495 800 κόπους,
3551 738 3654 790 οὐκ
3687 740 3771 802 είς

2201 835 2356 887 κενὸν
2394 830 2785 901 γεγενημένους
2826 831 2931 883 ἀπὸ
2969 828 3069 897 τῆς
3106 828 3198 880 ὑπ’
3226 828 3401 882 αὐτῶν
3430 828 3774 901 ίδρυνθείσης

2203 925 2323 978 καθ’
2352 925 2475 995 ὅλης
2499 924 2600 992 τῆς
2621 923 2941 992 οἰκουμένης
2977 919 3299 989 Ἐκκλησίας
3319 936 3333 950 ο
3365 922 3459 973 καὶ
3491 920 3560 973 τά
3600 920 3774 974 τέκνα

2202 1008 2381 1067 αὒτῶν
2403 1018 2459 1067 ἐν
2484 1012 2703 1083 Χριστῷ
2728 1012 3051 1083 γεννηθέντα
3071 1008 3157 1062 διά
3172 1008 3270 1079 τῆς
3297 1009 3389 1062 τοῦ
3405 1009 3631 1082 λουτροῦ
3665 1028 3773 1067 πα-

2202 1105 2551 1175 λιγγενεσίας.

2278 1216 2294 1247 ι
2320 1198 2428 1250 Καὶ
2452 1196 2599 1247 ἔσται
2630 1193 2757 1264 πρὶν
2782 1192 2814 1262 ἢ
2847 1192 3104 1262 κεκράξαι
3142 1192 3357 1254 αὐτοὺς,
3389 1190 3499 1259 ἐγὼ
3528 1193 3774 1247 ὑπακού-

2205 1305 2366 1357 σομαι
2392 1286 2565 1340 αὐτῶν
2587 1303 2598 1315 ·
2626 1285 2703 1337 ἐτι
2735 1284 3031 1337 λαλούντων
3058 1284 3233 1337 αὐτῶν
3266 1284 3393 1354 ἐρῶο
3430 1284 3494 1337 Τί
3524 1286 3710 1350 ἐστιν;
3747 1305 3767 1338 ι

2208 1380 2274 1430 ’Λ
2304 1380 2366 1449 δὴ
2403 1380 2494 1431 καὶ
2526 1375 2825 1446 ἐπληροῦτο
2862 1376 2953 1427 ἐπὶ
2982 1375 3087 1427 τῶν
3117 1375 3373 1447 Πράξεων
3393 1375 3501 1427 τῶν
3532 1376 3774 1429 ἀποστό-

2204 1468 2330 1521 λων·
2372 1468 2539 1520 πολλά
2578 1468 2683 1536 γάρ
2725 1467 2923 1535 σημεῖα
2962 1465 3057 1517 καὶ
3099 1466 3300 1536 τέρατα
3329 1467 3629 1537 ἐνηργεῖτο,
3674 1464 3771 1518 τοῦ

2202 1559 2335 1611 Θεοῦ
2382 1560 2560 1621 αὐτοῖς
2603 1554 2964 1626 παρεστῶτπ.
2999 1549 3097 1607 Ὧν
3130 1556 3353 1610 τοιαῦτα
3382 1556 3772 1626 ἐνεργούντων,

2203 1648 2505 1709 ἀκολούθως
2559 1650 2591 1717 ἡ
2641 1647 2746 1699 τῶν
2808 1644 3117 1714 ἀλλοφύλων
3171 1646 3338 1700 ἐθνῶν
3398 1647 3608 1715 ἐγίνετο
3650 1650 3775 1700 ἐπι-

2207 1754 2430 1806 στροφη-

625 1824 783 1879 Υιιιιε.
809 1824 897 1878 25.
936 1843 955 1877 ι
985 1824 1132 1880 Tunc
1179 1828 1285 1897 lupi
1330 1838 1384 1883 et
1419 1828 1537 1898 agni
1588 1836 1875 1896 pascentur
1918 1824 2097 1889 simul,

2282 1846 2300 1878 ι
2342 1828 2473 1878 Τότε
2514 1825 2664 1876 λύκοι
2713 1826 2806 1877 καὶ
2844 1824 3003 1893 ἀρνες
3038 1823 3461 1895 βοσκηθήσονται
3509 1825 3646 1894 ἅμα,
3675 1823 3775 1877 καὶ

553 1925 608 1967 et
640 1915 721 1970 leo
750 1926 805 1969 ut
848 1917 943 1970 bos
986 1920 1226 1971 comedet
1268 1918 1465 1985 paleas,
1507 1933 1726 1986 serpens
1772 1928 1951 1970 autem
1995 1925 2104 1968 ter-

555 2021 669 2058 ram
702 2007 852 2075 quasi
888 2022 1098 2075 panem.
1150 2008 1263 2061 Non
1316 2011 1604 2071 nocebunt,
1638 2024 1807 2077 neque
1852 2010 2101 2062 devasta-

554 2094 687 2147 bunt
734 2098 785 2148 in
822 2107 1002 2150 monte
1048 2108 1231 2150 sancto
1269 2112 1406 2160 meo,
1441 2098 1572 2151 dicit
1601 2097 1880 2151 Dominus.
1906 2116 1923 2147 ι
1970 2095 2101 2149 Nam

553 2189 642 2254 qui
674 2186 821 2253 prius
852 2200 1070 2254 rapaces
1094 2196 1147 2241 et
1175 2186 1379 2241 feroces
1406 2198 1579 2249 erant,
1611 2188 1681 2240 ita
1710 2197 1767 2241 ut
1797 2188 1937 2255 lupis
1964 2202 2107 2241 com-

552 2277 726 2343 parari
759 2286 1007 2344 possent,
1046 2278 1097 2330 in
1140 2286 1475 2331 mansuetum
1516 2292 1719 2332 morem
1762 2279 2101 2344 commutati,

556 2380 679 2420 cum
729 2368 879 2435 agnis
922 2376 976 2422 et
1022 2367 1195 2421 bobus
1237 2369 1495 2438 gregatim
1539 2370 1852 2437 agebantur,
1892 2378 1949 2421 ut
1998 2384 2103 2422 uno

555 2456 853 2523 eodemque
896 2472 960 2510 ex
1018 2455 1213 2510 divinis
1270 2457 1587 2513 lectionibus
1628 2467 1880 2525 excerpto
1936 2459 2104 2512 ratio-

558 2546 719 2603 nabili
756 2549 875 2601 cibo
920 2558 1213 2603 uterentur.
1254 2550 1354 2615 Qui
1394 2558 1569 2601 autem
1606 2550 1842 2601 moribus
1894 2548 2026 2602 nihil
2072 2564 2101 2601 a

556 2639 799 2691 leonibus
838 2639 1231 2705 discrepahant,
1268 2639 1380 2705 jam
1418 2653 1522 2692 non
1557 2638 1691 2691 ultra
1722 2638 2020 2691 carnivoris
2050 2646 2103 2691 et

554 2728 913 2795 sanguinariis
984 2727 1109 2782 feris
1160 2730 1395 2790 similes.
1455 2730 1614 2782 boum
1670 2728 1836 2781 instar
1882 2737 1937 2782 et
2002 2728 2102 2798 ipsi

553 2818 744 2871 divina:
785 2817 1038 2872 doctrina:
1080 2819 1296 2872 herbam
1346 2819 1714 2873 comedebant.
1752 2817 1817 2871 Et
1857 2819 1948 2888 qui
1974 2818 2101 2874 olim

552 2915 853 2981 serpentem
908 2906 1199 2972 referebat,
1244 2917 1468 2974 atroque
1508 2923 1713 2962 veneno
1766 2908 1954 2977 plenus
1996 2908 2099 2973 vir,

553 3000 823 3065 repudiata
860 2997 1079 3061 malitia,
1113 3012 1301 3065 panem
1324 2998 1605 3051 comedet:
1638 3014 1733 3066 pro
1762 3009 1903 3052 terra
1931 3014 2094 3068 quam

554 3087 700 3153 prius
723 3088 936 3152 edebat,
963 3088 1266 3141 rationabili
1292 3098 1344 3142 et
1376 3090 1605 3142 humano
1637 3098 1795 3143 utens
1820 3088 2099 3143 alimento.

555 3177 735 3245 Usque
767 3178 900 3231 adeo
941 3188 1115 3233 autem
1165 3179 1463 3246 hujusmodi
1522 3178 1647 3233 ferae
1691 3190 2101 3245 mansuescent,

554 3280 611 3324 ut
648 3270 913 3325 neminem
959 3270 1150 3325 laedant
1178 3270 1257 3325 vel
1300 3271 1637 3339 pessumdent
1675 3270 1728 3324 in
1766 3284 1945 3326 monte
1992 3272 2104 3326 Dei.

1108 3427 1332 3483 CAPUT
1364 3426 1545 3483 LXVI.

622 3541 781 3595 Vsus.
811 3541 921 3595 l-5.
960 3559 978 3591 ι
1008 3540 1097 3595 Sic
1147 3541 1271 3594 dicit
1321 3541 1597 3607 Dominus,
1632 3542 1836 3598 Caelum
1883 3545 2105 3599 thronus

554 3646 724 3695 meus,
758 3641 811 3684 et
853 3640 995 3683 terra
1039 3630 1328 3684 scabellum
1364 3635 1553 3699 pedum
1588 3648 1850 3690 meorum.
1883 3635 2103 3699 Qualem

554 3724 766 3776 domum
818 3720 1153 3775 mdilicabitis
1203 3721 1374 3773 mihi?
1419 3731 1474 3774 et
1518 3724 1639 3790 quis
1694 3724 1842 3778 locus
1890 3724 2096 3791 requie-

555 3812 713 3864 tionis
753 3812 915 3864 meae?
944 3811 1061 3865 Ilmc
1092 3810 1231 3863 enim
1262 3812 1439 3864 omnia
1477 3813 1601 3867 fecit
1647 3829 1837 3867 manus
1888 3830 2023 3879 mea,
2053 3825 2106 3869 et

554 3903 665 3955 haec
707 3904 882 3954 omnia
914 3918 1027 3955 mea
1074 3912 1225 3967 sunt,
1275 3904 1403 3959 dicit
1446 3906 1717 3959 Dominus.
1761 3904 1927 3969 Quem
1976 3920 2104 3959 vero

556 3995 860 4060 respiciam,
892 3994 991 4045 nisi
1022 3996 1294 4057 humilem,
1331 4006 1383 4048 et
1418 3996 1674 4061 quietum,
1702 4005 1749 4048 et
1784 4005 2100 4049 trementem

554 4098 828 4137 sermones
858 4086 1039 4138 meos?
1072 4084 1290 4153 Iniquus
1335 4094 1533 4146 autem,
1567 4086 1656 4152 qui
1703 4084 1941 4138 immolat
1972 4085 2100 4137 mihi

554 4174 795 4235 vitulum,
838 4175 987 4240 quasi
1036 4176 1243 4228 occidat
1288 4190 1513 4228 canem:
1547 4176 1637 4243 qui
1682 4189 1808 4227 vero
1838 4172 1994 4225 oll'ert
2028 4174 2103 4226 si-

554 4264 755 4328 milam,
780 4265 929 4330 quasi
958 4264 1169 4317 suillum
1201 4266 1511 4330 sanguinem
1540 4282 1552 4317 :
1586 4264 1675 4332 qui
1705 4265 1797 4317 dat
1828 4264 2099 4317 incensum

2205 1918 2337 1969 λέων
2372 1916 2446 1977 ὡς
2476 1915 2599 1983 βοῦς
2635 1915 2865 1983 φάγεται
2886 1914 3079 1984 ἄχυρα,
3114 1913 3236 1981 ὄφις
3266 1914 3322 1966 δέ
3354 1913 3457 1982 γῆν
3480 1913 3554 1975 ὡς
3585 1915 3774 1983 ἄρτον.

2205 2008 2317 2059 Οὐκ
2350 2006 2709 2076 ἀδικήσουσιν,
2755 2005 2872 2056 οὐδὲ
2902 2003 3261 2075 λυμανοῦνται
3305 2004 3397 2055 ἐπὶ
3440 2003 3518 2073 τῷ
3548 2003 3668 2075 ὄρει
3694 2003 3775 2074 τῷ

2204 2098 2343 2165 ἁγίῳ
2375 2114 2494 2165 μου,
2541 2094 2686 2161 λέγει
2718 2096 2937 2165 Κύριος.
2980 2116 2996 2145 ›
3032 2096 3093 2147 Ol
3140 2094 3246 2165 γὰρ
3300 2094 3560 2164 πρότερον
3596 2096 3765 2165 ἀρπαο

2206 2188 2379 2237 κτικοὶ
2406 2188 2496 2239 καὶ
2512 2184 2809 2255 θηριώδεις,
2828 2185 2900 2247 ὼς
2924 2184 3104 2247 λύκοις
3119 2184 3579 2254 παραϐάλλεσθαι,
3601 2201 3775 2255 μετα-

2206 2276 2515 2345 ϐαλλόμενοι
2564 2276 2655 2328 ἐπὶ
2705 2275 2763 2328 τὸ
2806 2276 3028 2346 ἥμερον,
3065 2276 3269 2344 άρνίοις
3302 2276 3395 2328 καὶ
3428 2276 3613 2345 βουσὶν
3650 2292 3775 2328 συν,

2204 2367 2540 2438 ηγελάζοντο,
2572 2366 2646 2428 ὡς
2670 2367 2795 2435 μιᾶς
2811 2366 3009 2435 καὶτῆς
3030 2366 3195 2435 αὐτῆς
3212 2366 3644 2436 μεταλαμϐάνειν
3672 2367 3774 2435 τῆς

2202 2458 2309 2511 ἀπὸ
2341 2457 2446 2509 τῶν
2495 2456 2651 2508 θείων
2694 2456 3133 2525 ἀναγνωσμάτων
3176 2456 3396 2525 λογικῆς
3438 2458 3668 2526 τροφῆς.
3704 2458 3770 2510 Οἱ

2202 2549 2257 2600 δέ
2303 2550 2411 2611 τοῖς
2454 2546 2673 2618 τρόποις
2721 2547 2945 2599 λεόντων
2986 2548 3133 2600 οὐδὲν
3174 2548 3551 2616 διαφέροντες,
3587 2548 3774 2601 οὐκέτι

2205 2637 2587 2707 σαρκοφάγοις,
2623 2635 2741 2689 οὐδὲ
2777 2635 3080 2705 ὠμοϐόροις
3107 2634 3299 2705 θηρσὶν
3328 2638 3582 2697 ἐοικότες,
3615 2634 3757 2706 δίκετε⁵

2205 2728 2341 2795 βοῶν
2372 2729 2463 2781 καὶ
2482 2728 2633 2780 αὐτοὶ
2658 2726 2754 2797 τὴν
2784 2726 2890 2779 ἀπὸ
2914 2726 3011 2794 τῆς
3041 2725 3223 2778 ἐνθέου
3250 2725 3594 2789 διδασκαλίας
3633 2726 3775 2782 πόαν

2202 2819 2407 2888 ἢσθιον.
2466 2818 2573 2871 Καὶ
2605 2818 2632 2869 ὁ
2671 2816 2835 2869 πάλαι
2863 2815 2926 2886 δὴ
2963 2816 3224 2885 πρότερον
3254 2815 3508 2885 ὀφιώδης,
3540 2816 3635 2868 καὶ
3690 2813 3773 2869 ιοῦ

2208 2912 2399 2981 μεστὸς
2449 2911 2607 2980 ἀνὴρ,
2639 2907 2950 2969 ἀποπτύσας
2992 2907 3089 2977 τὴν
3132 2910 3191 2959 ἐν
3239 2905 3386 2976 αὐτῷ
3415 2906 3637 2970 κακίαν,
3678 2906 3776 2962 tu?

2206 3001 2365 3072 ἄρτον
2388 3001 2636 3069 φάγεται,
2667 3000 2836 3069 τροφῇ
2861 2998 3050 3067 λογικῇ
3084 2997 3175 3049 καὶ
3213 2996 3528 3069 ἀνθρωπίνῃ
3555 2996 3774 3068 χρώμε-

2206 3109 2313 3154 νος,
2345 3090 2459 3143 ἀνθ’
2485 3086 2551 3162 ἦς
2576 3089 2727 3160 ήσθιε
2771 3088 3031 3160 πρότερον
3067 3090 3189 3157 γῆς.
3228 3086 3383 3140 Οὕτω
3415 3087 3477 3140 δὲ
3519 3089 3569 3140 οἱ
3606 3086 3774 3158 θῆρες

2208 3177 2350 3235 οῦτοι
2410 3181 2929 3251 ἐξημερωθήσονται,
2980 3179 3055 3241 ὡς
3106 3178 3308 3249 μηδένα
3360 3179 3587 3248 ἀδικεῖν,
3636 3180 3771 3251 μηδὲ

2207 3272 2549 3343 λυμαίνεσθαι
2577 3288 2726 3335 τινας
2746 3273 2802 3323 ἐν
2832 3270 2910 3341 τῷ
2941 3270 3055 3339 ὄρει
3092 3270 3185 3322 τοῦ
3208 3268 3363 3323 Θεοῦ.

2705 3427 3095 3481 κεφΑΑΑιυΝ
3153 3424 3290 3493 sq".

2279 3559 2297 3591 ι
2332 3540 2513 3601 Οὕτως
2538 3539 2681 3607 λέγει
2706 3538 2927 3609 Κύριος⁸
2968 3540 3025 3593 Ὁ
3050 3539 3275 3610 οὐρανός
3305 3555 3403 3609 μου
3436 3537 3647 3611 θρόνος,
3672 3542 3771 3594 καὶ

2204 3631 2237 3699 ἡ
2270 3629 2341 3698 γῆ
2376 3629 2657 3684 ὑποπόδιον
2691 3628 2798 3681 τῶν
2827 3629 3001 3682 ποδῶν
3039 3648 3159 3699 μου.
3196 3631 3353 3682 Ποῖον
3384 3623 3531 3684 οἷκον
3563 3631 3769 3685 οἰκοδο-

2209 3722 2407 3791 μήσετέ
2441 3738 2527 3791 μοι
2552 3738 2565 3784 ;
2598 3722 2688 3772 καὶ
2716 3724 2864 3782 ποῖος
2885 3721 3045 3783 τόπος
3070 3720 3169 3789 τῆς
3200 3719 3597 3783 καταπαύσεώς
3628 3738 3769 3791 μους

2205 3811 2387 3862 Πάντα
2429 3810 2535 3879 γὰρ
2581 3808 2750 3860 ταῦτα
2799 3808 3049 3877 ἐποίησεν
3090 3809 3121 3877 ἡ
3168 3808 3287 3878 χείρ
3323 3825 3445 3878 μου,
3492 3808 3584 3860 καὶ
3624 3810 3773 3861 ἐστιν

2204 3902 2309 3971 ἐμὲ
2345 3902 2521 3953 πάντα
2562 3900 2754 3963 ταῦτα,
2789 3900 2934 3967 λέγει
2972 3900 3191 3970 Κύριος.
3226 3902 3331 3952 Καὶ
3370 3900 3461 3951 ἐπὶ
3492 3896 3613 3951 τίνα
3644 3901 3769 3953 ἐπι-

2206 3991 2401 4059 ϐλέψω,
2434 3990 2546 4043 ἀλλ’
2571 3990 2601 4059 ἦ
2626 3990 2715 4041 ἐπὶ
2741 3989 2827 4041 τὸν
2854 3990 3104 4041 ταπεινὸν
3136 3988 3228 4041 καὶ
3258 3988 3498 4058 ἡσύχιον,
3525 3989 3621 4041 καὶ
3639 3990 3769 4059 τρέ-

2206 4101 2369 4151 μοντα
2402 4084 2527 4146 τοὺς
2560 4084 2747 4150 λόγους
2793 4099 2922 4152 μου;
2983 4084 3038 4135 '0
3068 4082 3125 4133 δὲ
3170 4081 3367 4151 ἄνομος
3409 4083 3437 4133 ό
3485 4080 3628 4133 Θύων
3676 4098 3769 4151 μοι

2207 4175 2419 4243 μόσχον,
2448 4175 2521 4237 ὡς
2552 4176 2879 4229 ἀποκτείνων
2905 4175 3040 4229 κύνα
3060 4192 3073 4205 ·
3099 4178 3126 4227 ό
3152 4174 3207 4228 δὲ
3231 4176 3519 4246 ἀναφέρων
3550 4176 3769 4246 σεμίδα-

2201 4264 2301 4329 λιν,
2335 4260 2574 4335 ὼςάἷμα
2600 4265 2761 4317 ὕειον·
2795 4270 2821 4319 ό
2850 4267 3021 4330 διδοὺς
3050 4266 3263 4321 λίϐανον
3291 4268 3369 4329 είς
3402 4268 3763 4337 μνημόσυνον,

556 4356 607 4407 iu
642 4355 967 4416 memoriam,
1012 4356 1161 4422 quasi
1196 4355 1562 4423 blasphemus.
1595 4354 1659 4406 Et
1692 4354 1793 4422 ipsi
1826 4355 2100 4423 elegerunt

2204 4354 2274 4413 ὡς
2302 4355 2633 4426 βλάσφημος.
2685 4358 2792 4410 Καὶ
2825 4358 2977 4410 αὐτοὶ
3010 4358 3317 4424 ἐξελέξαντο
3348 4358 3446 4421 τὰς
3475 4358 3627 4422 ὀδοὺς
3672 4360 3767 4413 αὐ-

553 4445 669 4496 vias
702 4457 843 4505 suas,
878 4453 930 4495 et
959 4443 1379 4498 abominationes
1418 4446 1651 4513 ipsorum
1694 4446 1871 4497 anima
1915 4460 2098 4499 eorum

2204 4444 2327 4507 τῶν,
2360 4447 2452 4498 καὶ
2482 4446 2547 4498 τὰ
2582 4446 2919 4517 βδελύγματα
2957 4447 3133 4499 αὐτῶν
3167 4450 3201 4517 ὴ
3239 4448 3384 4517 ψυχὴ
3426 4447 3603 4500 αὐτῶν
3640 4447 3766 4516 ἠθέ-

557 4533 780 4588 voluit.»
820 4532 932 4585 Non
961 4534 1103 4587 enim
1142 4535 1273 4599 haec,
1314 4535 1510 4603 inquit,
1552 4535 1802 4589 voluntas
1840 4552 1978 4600 mea,
2012 4553 2100 4589 ne-

2204 4535 2347 4604 λησε.
2388 4556 2405 4587 ›
2457 4538 2529 4589 Ub
2569 4537 2674 4608 γάρ
2720 4538 2827 4607 ἐμά
2864 4538 3056 4601 ταῦτα,
3108 4545 3259 4607 φησι,
3308 4538 3607 4607 θελήματα,
3642 4540 3766 4592 οὐδὲ

554 4640 655 4691 que
690 4638 816 4677 mea:
866 4624 1163 4690 hujusmodi
1199 4628 1317 4691 vim,
1349 4627 1440 4680 sed
1484 4626 1550 4680 ad
1595 4626 1823 4680 lubitum
1856 4638 1909 4681 et
1940 4628 2104 4697 placi-

557 4725 664 4765 tutn
692 4728 873 4767 eorum
902 4724 1041 4769 suiit.

630 4802 785 4855 Vens.
811 4807 863 4857 4.
905 4822 924 4854 ‹
957 4804 1021 4857 Et
1064 4821 1163 4873 ego
1206 4806 1433 4875 deligam
1480 4806 1756 4862 illusiones
1800 4822 2007 4875 eorum,
2054 4819 2108 4864 et

554 4908 769 4963 peccata
816 4898 1105 4949 retribuam
1151 4899 1230 4950 eis
1267 4915 1279 4951 :
1326 4898 1450 4965 quia
1489 4900 1672 4951 vocavi
1736 4914 1867 4964 eos,
1900 4910 1954 4953 et
1994 4914 2099 4953 non

552 4988 903 5039 exaudierunt
929 5001 1039 5053 me;
1072 4988 1280 5043 loculus
1309 5004 1449 5055 sum,
1477 5000 1531 5043 et
1558 5006 1661 5043 non
1692 4992 1976 5045 audierunt
2004 5010 2015 5044 :
2048 5001 2103 5045 et

554 5079 792 5131 iecerunt
830 5077 1025 5130 malum
1056 5078 1107 5130 in
1132 5091 1418 5148 conspectu
1446 5096 1582 5143 meo,
1607 5090 1661 5133 et
1692 5096 1808 5149 qua:
1852 5082 2097 5136 nolebam

551 5170 885 5234 elegerunt.»
930 5168 1274 5231 Quandonam
1322 5178 1498 5221 autem
1546 5180 1820 5222 vocantem
1867 5185 1969 5223 non
2014 5171 2097 5223 in-

555 5259 905 5322 tellexerunt,
952 5260 1050 5311 nisi
1096 5259 1308 5327 quando
1340 5273 1571 5327 praesens
1614 5260 1745 5327 ipsis
1790 5259 2095 5323 clamabat,

558 5369 575 5399 ι
603 5348 784 5403 Venite
808 5353 872 5402 ad
902 5364 984 5403 me
1008 5365 1217 5413 omnes,
1238 5351 1327 5418 qui
1354 5350 1609 5405 laboratis
1632 5359 1684 5405 et
1710 5351 1919 5405 onerati
1941 5352 2094 5417 estis,

550 5451 603 5493 et
628 5453 727 5508 ego
758 5442 990 5495 reliciam
1022 5458 1116 5497 vos
1139 5442 1215 5495 ὀἳ
1246 5461 1263 5493 ι

624 5530 783 5586 Vens.
808 5533 861 5588 5.
901 5551 919 5584 ι
949 5533 1140 5589 Audite
1168 5536 1331 5589 verba
1378 5532 1608 5600 Domini,
1644 5533 1734 5604 qui
1773 5534 2000 5589 tremitis
2031 5534 2096 5589 ad

622 5711 667 5741 "
706 5711 886 5767 Matth.
917 5728 989 5767 xi.
1016 5712 1104 5765 ἐκ.

2201 4628 2321 4695 ἐμοὶ
2357 4629 2412 4679 αἱ
2444 4627 2551 4679 όδοὶ
2579 4622 2755 4691 αὗται,
2786 4629 2919 4682 άλλά
2944 4630 3039 4700 τῆς
3068 4628 3243 4682 αὐτῶν
3272 4629 3639 4699 προαιρέσεως
3669 4647 3765 4684 και

2202 4716 2459 4786 ταθύμια.

2279 4826 2297 4859 ι
2333 4810 2440 4861 Καὶ
2492 4808 2600 4877 ἐγὼ
2637 4810 2921 4879 ἐκλέξομαι
2953 4811 3019 4864 τὰ
3052 4812 3411 4882 ἐμπαίγματα
3440 4812 3639 4879 αὐτῶν,
3670 4814 3763 4867 καὶ

2200 4896 2297 4958 τὰς
2338 4897 2610 4967 ἁμαρτίας
2651 4896 3013 4951 ἀνταποδώσω
3047 4900 3230 4962 αὐτοῖς
3274 4902 3357 4953 ὅτι
3394 4900 3625 4955 ἐκάλεσα
3669 4902 3762 4955 αὑ-

2201 4988 2342 5050 τοὺς,
2398 4988 2490 5040 καὶ
2534 4989 2632 5057 οὐχ
2672 4989 2981 5058 ὑπήκουσάν
3034 5008 3170 5061 μουο
3228 4992 3482 5061 ἐλάλησα,
3528 4994 3623 5045 καὶ
3664 4993 3762 5045 οὐκ

2202 5079 2453 5147 ἥκουσανο
2502 5081 2594 5132 καὶ
2643 5080 2901 5151 ἐποίησαν
2946 5083 3009 5135 τὸ
3056 5084 3287 5155 πονηρὸν
3322 5087 3561 5138 ἐναντίον
3607 5085 3761 5155 ἐμοῦ,

2202 5173 2291 5223 καὶ
2312 5170 2345 5223 ἃ.
2376 5176 2474 5223 οὑκ
2502 5171 2796 5241 ἐϐουλόμην
2819 5173 3147 5239 ἐξελέξαντο.
3180 5195 3198 5227 ι
3231 5177 3367 5229 Πότε
3393 5177 3449 5229 δὲ
3475 5177 3760 5234 καλοῦντος

2204 5262 2397 5325 αὐτοὺς
2449 5263 2509 5315 ού
2545 5263 2804 5333 συνῆκαν,
2853 5264 2884 5336 ἢ
2920 5266 3008 5319 ὅτε
3056 5269 3241 5330 αὐτοῖς
3273 5267 3571 5338 συντρίϐων
3611 5268 3758 5322 ἐϐόα⁸

2211 5371 2228 5402 ι
2264 5352 2423 5406 Δεῦτε
2457 5354 2591 5425 πρὸς
2626 5355 2715 5424 μὲ,
2747 5356 2944 5420 πάντες
2976 5359 3023 5409 οί
3056 5358 3350 5421 κοπιῶντες
3384 5360 3477 5412 καὶ
3512 5375 3760 5429 πεφορτι-

2206 5446 2409 5514 σμένοι,
2441 5444 2593 5512 κάγὼ
2624 5446 2920 5501 ἀναπαύσω
2946 5448 3124 5517 ύμᾶς;
3161 5467 3180 5501 ι

2278 5556 2295 5589 ι
2342 5537 2628 5592 Ἀκούσατε
2656 5540 2872 5611 ῥήματα
2903 5539 3106 5611 Κυρίου
3166 5541 3214 5593 oi
3236 5540 3527 5611 τρέμοντες
3560 5538 3652 5593 τὸν
3676 5536 3756 5593 λό-
