4062 6398
251 371 359 428 5N

1166 368 1673 425 COMMENTARIA
1710 367 1778 424 IN
1816 366 2072 425 iSAlAI.
2111 397 2182 410 —
2216 370 2370 428 CAP.
2410 370 2598 428 LX".

3392 371 3496 428 518

238 510 348 563 ’γον
378 493 565 549 αὑτοῦ.
588 494 813 559 Εἴπατε,
836 490 1055 561 άδελφοὶ
1077 490 1254 563 ἡμῶν,
1277 494 1389 555 τοῖς
1415 492 1662 562 μισοῦσιν
1685 492 1806 563 ape

1930 506 2237 548 sermonem
2263 490 2401 560 ejus.
2433 492 2626 554 Dicite,
2650 489 2849 546 fratres
2876 488 3073 557 nostri,
3096 489 3402 546 odientibus
3439 499 3497 545 et
3546 464 3549 468 ’

249 585 347 638 καὶ
392 583 851 655 βδελυσσομένοις,
887 582 974 635 ἵνα
1007 582 1070 635 τὸ
1106 582 1276 654 ὄνομα
1326 584 1533 653 Κυρίου
1565 582 1817 655 δοξασθῇ,

246 677 341 731 καὶ
370 676 510 747 ὀφθῇ
533 677 591 728 ὲν
614 677 678 745 τῇ
699 673 1007 747 εὐφροσύνῃ
1031 675 1230 741 αὐτῶν,
1264 676 1357 728 καὶ
1384 677 1578 728 ἐκεῖνοι
1598 676 1821 746 αἰσχυν-

246 764 528 835 θήσονται.
576 782 596 815 ι
633 762 1002 831 Εὐαγγελικδν
1032 765 1212 827 αὐτοῖς
1245 763 1574 835 παραδίδωσι
1608 764 1821 836 παράγ-

243 857 430 927 γελμα
458 854 609 908 οὐδὲν
633 854 884 926 διαφέρον
917 854 1033 921 τοῦ,
1069 873 1091 909 ‹
1146 856 1417 924 ’Δγαπᾶτε
1439 856 1566 921 τοὺς
1591 855 1819 927 ἐχθροὺς

240 944 422 1016 ὑμῶν,
457 943 638 1008 καλῶς
664 946 868 998 ποιεῖτε
897 946 1023 1008 τοὺς
1068 944 1358 1016 μισοῦντας
1390 946 1555 1016 ὑμᾶς,
1587 945 1820 1016 προσεύ-⁸

244 1036 409 1107 χεσθε
439 1037 579 1109 ὑπὲρ
604 1036 713 1092 τῶν
745 1036 1161 1109 ιπηρεαζόντων
1188 1038 1332 1109 ὑμᾶς
1368 1039 1464 1093 καὶ
1492 1037 1813 1103 διωκόντων,

245 1128 335 1181 ῖνα
361 1128 592 1198 γένησθε
620 1129 728 1182 uici-
751 1129 843 1182 τοῦ
870 1129 1081 1201 Πατρός
1110 1128 1262 1200 ὑμῶν
1282 1128 1374 1182 τοῦ
1401 1132 1459 1183 έν
1488 1131 1757 1199 οὐρανοῖς.
1790 1147 1817 1181 ι

243 1216 406 1272 οὕτω
435 1219 529 1271 καὶ
562 1220 595 1289 ή
628 1219 929 1291 προφητεία
964 1217 1395 1290 παρακελεύεται
1427 1219 1523 1274 καὶ
1552 1219 1810 1274 διδάσκει.

306 1326 341 1359 -ι
382 1308 539 1379 Φωνὴ
577 1308 822 1379 κραυγῆς
853 1310 919 1361 ὲκ
946 1308 1172 1373 πόλεως,
1203 1310 1353 1381 φωνή
1386 1310 1451 1363 ὲκ
1477 1308 1629 1373 ναοῦ,
1664 1307 1814 1379 φωνὴ

240 1398 453 1469 Κυρίου
498 1398 935 1462 ἀνταποδιδόντος
965 1399 1318 1452 ἀνταπόδοσιν
1350 1403 1462 1463 τοῖς
1509 1399 1815 1469 ἀντικειμέ-

241 1506 379 1553 νοις.
419 1509 438 1541 ι
468 1490 531 1542 Εἰ
572 1488 680 1561 γὰρ
711 1488 879 1544 ταῦτα
911 1489 1221 1561 πράττοιτο,
1265 1489 1417 1561 ὑμῶν
1452 1490 1552 1561 μὲν
1580 1489 1723 1544 κατὰ
1754 1489 1815 1543 τὸ

239 1580 396 1643 τέλος
420 1579 527 1633 τῶν
551 1579 792 1650 άμοιὸὦν
815 1581 1119 1652 εὐφροσύνη
1143 1571 1365 1651 ἐκδηλὸς
1393 1580 1541 1635 ἐσται
1570 1585 1685 1646 τοῖς
1711 1583 1815 1635 πᾶ-

242 1688 347 1725 σιν·
386 1674 581 1725 ἐκεῖνοι
611 1671 667 1724 δὲ
715 1671 1262 1742 καταισχυνθήσονται
1291 1671 1351 1725 τδ
1384 1673 1645 1746 ὑμέτερον
1684 1671 1823 1725 θεα-ν

242 1762 468 1833 σάμενοι
511 1761 681 1827 τέλος,
718 1763 812 1816 καὶ
856 1760 954 1832 τὴν
1001 1761 1208 1815 ἑαυτῶν
1236 1760 1510 1815 ἀπώλειαν
1550 1761 1689 1815 κατὰ
1720 1762 1811 1815 τὸν

1920 582 2364 639 abominantibus
2409 596 2523 646 vos,
2565 591 2624 636 ut
2650 596 2848 637 nomen
2881 580 3094 636 Domini
3138 581 3493 651 glorificetur,

1918 682 1975 729 et
2013 673 2260 727 videatur
2283 671 2338 726 in
2373 671 2555 726 latitia
2582 685 2792 734 eorum,
2821 680 2878 727 et
2909 671 2984 725 illi
3014 670 3437 727 confundentur.
3465 690 3487 725 ι

1918 761 2456 833 Evangeiicumipsis
2488 770 2813 831 praeceptum
2860 761 3054 822 tradit.
3099 760 3235 815 nihil
3280 761 3492 814 discre-

1916 867 2050 923 pans
2076 852 2143 907 ab
2174 865 2262 917 eo,
2299 867 2320 903 ι
2350 850 2565 921 Diligite
2602 850 2854 905 inimicos
2891 862 3139 927 vestros,
3184 850 3493 907 benefacite

1916 944 2005 1009 iis,
2035 942 2128 1015 qui
2160 933 2389 999 oderant
2416 958 2532 1007 vos,
2560 952 2713 997 orate
2749 958 2852 1011 pro
2895 939 3255 1011 atiligentibus
3289 954 3344 999 et
3371 957 3492 1012 per-

1915 1032 2263 1103 sequentibus
2296 1047 2427 1097 vos;
2470 1044 2529 1085 ut
2569 1032 2689 1086 sitis
2723 1030 2819 1084 lilii
2852 1029 3032 1084 Patris
3066 1031 3255 1094 vestri,
3285 1029 3377 1099 qui
3407 1038 3492 1085 est

1915 1130 1971 1181 in
2000 1123 2150 1181 omlis
2172 1120 2239 1179 “.
2268 1142 2289 1177 ι
2328 1124 2527 1179 Eadem
2555 1138 2783 1192 prorsus
2812 1124 3058 1195 praecipit
3083 1132 3136 1179 et
3171 1123 3326 1178 docet
3359 1138 3489 1191 pro-

1912 1214 2117 1285 pbetia.

1985 1303 2148 1360 Vens.
2173 1303 2226 1359 6.
2264 1321 2283 1355 ι
2315 1302 2429 1359 Vox
2471 1302 2723 1358 clamoris
2760 1316 2829 1357 ex
2871 1302 3111 1366 civitate,
3152 1315 3257 1355 vox
3288 1314 3319 1355 e
3351 1310 3490 1355 tem-

1914 1394 2020 1466 plo.
2047 1409 2148 1449 vox
2180 1393 2390 1448 Domini
2423 1393 2769 1447 retribuentis
2798 1390 3207 1446 retributionem
3239 1389 3491 1443 adversa»

1918 1486 2068 1541 riis.»
2102 1483 2234 1539 Nam
2258 1485 2303 1539 si
2342 1485 2454 1538 haec
2484 1492 2731 1551 agantur,
2763 1481 2941 1536 laetitia
2971 1491 3171 1544 vestra,
3197 1479 3489 1534 accedente

1912 1574 2255 1643 praemiorum
2292 1581 2553 1641 tempore,
2594 1572 2848 1626 omnibus
2899 1570 3186 1624 manifesta
3225 1570 3369 1623 erit:
3408 1568 3485 1623 illi

1911 1676 2041 1716 vero
2109 1660 2269 1715 linem
2332 1670 2571 1714 vestrum
2630 1660 2926 1729 conspicati
2981 1658 3376 1714 confundentur
3430 1667 3488 1715 et

1913 1766 2066 1807 suam
2111 1751 2299 1820 judicii
2354 1751 2518 1807 divini
2580 1759 2822 1821 tempore
2880 1752 3174 1820 perniciem
3228 1750 3490 1822 Operibus

238 1854 341 1926 τῆς
370 1852 762 1925 δικαιοκρισίας
793 1853 980 1923 καιρὸν
1004 1852 1098 1905 τοῦ
1128 1852 1263 1906 Θεοῦ
1292 1852 1473 1924 ἔργοις
1502 1852 1806 1924 μαθησόμε-

1914 1844 2171 1898 ediscent.
2201 1860 2220 1893 ι
2246 1839 2376 1901 ,νοι
2429 1841 2679 1895 clamoris
2736 1855 2803 1895 ex
2837 1841 3074 1905 civitate,
3133 1854 3237 1895 vox
3277 1854 3308 1895 e
3339 1848 3483 1893 tem-

239 1964 342 2001 νοι.
396 1965 416 1998 ι
453 1947 609 2017 Φωνὴ
641 1936 889 2018 κραυγῆς
930 1948 996 1999 ὲκ
1028 1945 1254 2009 πόλεως,
1306 1945 1457 2016 φωνὴ
1504 1947 1568 1999 ὲκ
1598 1944 1748 2011 ναοῦ,
1784 1963 1803 1996 ι

238 2039 299 2092 αἱ
345 2039 444 2108 μὲν
471 2034 532 2101 ἐξ
556 2037 723 2106 αὐτῆς
748 2038 849 2106 τῆς
876 2035 1083 2099 πόλεως
1116 2036 1222 2090 τῶν
1252 2035 1549 2105 οἰκητόρων
1581 2034 1814 2088 ὲκϐοών-

237 2147 370 2193 των,
401 2130 458 2183 αἰ
492 2129 549 2182 δὲ
593 2127 653 2192 ἑξ
688 2127 852 2183 αὐτοῦ
878 2125 973 2180 τοῦ
1005 2128 1154 2193 ναοῦ,
1194 2127 1303 2181 τῶν
1348 2127 1537 2199 ἱερέων
1565 2129 1659 2181 καὶ
1702 2128 1809 2181 τῶν

236 2221 442 2275 λοιπιῖιν
469 2220 791 2292 λειτουργῶν
819 2218 1283 2288 άποκλαιομένων.

314 2330 335 2364 ι
368 2312 505 2381 Πρὶν
535 2310 634 2383 τήν
672 2310 967 2364 ὠδίνουσαν
990 2312 1191 2375 τεκεῖν,
1219 2309 1351 2380 πρὶν
1380 2308 1553 2362 ἐλθεῖν
1580 2308 1672 2362 τὸν
1704 2308 1807 2361 πό·-

238 2421 329 2458 νον
378 2402 489 2457 τῶν
534 2402 758 2468 ὠδίνων,
808 2403 1059 2473 ἐξέφυγε,
1105 2403 1198 2455 καὶ
1243 2402 1426 2455 ἔτεκεν
1475 2401 1660 2473 άρσεν.
1711 2401 1807 2465 Τίς

237 2494 438 2565 ἤκουσε
486 2492 726 2559 τοιοῦτος
760 2492 856 2547 καὶ
906 2492 986 2556 τίς
1023 2490 1263 2562 ἑώρακεν
1308 2491 1513 2555 οὕτωςς
1554 2491 1618 2544 Εἰ
1651 2487 1807 2544 ὥδινε

237 2584 309 2653 γῆ
342 2584 401 2634 ὲν
441 2583 624 2653 ἡμέρᾳ
658 2583 775 2653 μιᾷ,
808 2582 841 2653 ἢ
892 2581 986 2635 καὶ
1017 2580 1207 2651 ἐτέχθη
1242 2580 1393 2644 ἔθνος
1432 2579 1685 2646 εἰσάπαξ,
1722 2579 1805 2633 ὅτι

218 2671 395 2727 -ὢδινε
426 2673 519 2726 καὶ
549 2672 702 2725 ἔτεκε
733 2671 874 2725 Σιὼν
900 2672 968 2725 τὰ
996 2672 1184 2726 παιδία
1216 2672 1422 2742 αὑτῆςς
1467 2689 1485 2723 ι
1523 2671 1597 2723 Τὸ
1626 2670 1807 2724 θεοσε-

235 2765 332 2829 ϐὲς
372 2764 693 2834 πολίτευμα,
727 2764 819 2818 καὶ
845 2765 879 2835 ή
913 2764 1069 2836 καινὴ
1100 2764 1193 2816 καὶ
1220 2763 1315 2816 νέα
1348 2762 1505 2826 Σιὼν,
1543 2761 1741 2832 δηλαδὴ
1770 2761 1803 2832 ή

246 2853 544 2925 ³Εκκλησία
584 2852 677 2907 τοῦ
722 2851 879 2916 Θεοῦ,
912 2854 945 2922 ἡ
983 2852 1051 2905 δι’
1094 2852 1247 2923 ὑμῶν
1280 2850 1675 2921 συστησομένη,
1718 2865 1805 2901 το-

226 2943 431 2997 ·σοῦτον
461 2942 670 3013 ἀθρόως
700 2943 949 3012 γεννήσει
980 2939 1183 3011 πλῆθος
1212 2939 1380 2993 ὲθνῶν
1417 2940 1511 2992 καὶ
1534 2938 1698 3004 λαῶν,
1728 2938 1804 3003 ὡς

237 3034 577 3105 δκπλαγῆναι
602 3034 690 3087 τὸν
716 3032 1002 3086 ἀκούοντα.
1031 3026 1132 3085 Οἷα
1154 3031 1263 3104 γάρ
1281 3048 1364 3093 τις
1391 3030 1646 3102 ἐγκύμων
1666 3028 1804 3101 γυνὴ

235 3126 380 3181 κατὰ
429 3125 661 3195 γαστρὸς
711 3125 926 3195 ἔχουσα,
966 3121 1234 3194 μηδεμιᾶς
1275 3121 1460 3186 ὠδῖνος
1508 3138 1803 3194 προσγενο-
1829 3159 1873 3217 c

238 3218 427 3289 μένης,
476 3216 736 3285 αἰφνίδιον
776 3217 1084 3286 γεννήσειε,
1131 3214 1225 3268 καὶ
1268 3212 1425 3267 τοῦτο
1478 3215 1662 3285 ἄρσεν·
1711 3214 1800 3269 τὸν

233 3308 399 3362 αὐτὸν
427 3308 625 3379 τρόπον
658 3305 751 3359 καὶ
778 3308 811 3377 ή
844 3304 940 3359 νέα
978 3304 1115 3358 Σιὼν
1160 3304 1288 3359 λαὸν
1333 3304 1515 3357 καινὸν
1550 3306 1643 3357 καὶ
1684 3304 1802 3358 ὅλον

230 3400 389 3463 ἔθνος
415 3397 645 3465 εἰσάπαξ
675 3396 884 3469 ἀθρόως
911 3396 1153 3461 τέξεται·
1187 3396 1262 3458 ὡς
1289 3390 1426 3448 εἶναι
1454 3392 1518 3447 τὺ
1556 3397 1663 3447 πᾶν
1692 3411 1798 3448 πα-

239 3490 609 3562 ραδοξότατον,
641 3480 752 3541 οἷον
778 3484 1121 3539 οὐδεπώποτε
1151 3485 1415 3555 ἠκούσθη.
1457 3486 1529 3539 Τὸ
1565 3486 1663 3556 μὲν
1694 3484 1802 3556 γὰρ

237 3577 514 3633 ’Ἰουδαίων
552 3576 723 3641 ἔθνος,
764 3576 859 3629 καὶ
890 3574 1051 3638 αὐτὸς
1088 3576 1116 3628 ὁ
1178 3574 1413 3646 Ἰσραὴλ,
1463 3575 1562 3628 οὐκ
1593 3574 1802 3646 ἁθρόως

228 3670 517 3742 παρέστη·
549 3667 681 3722 ἀλλὰ
718 3666 931 3737 πρῶτος
965 3666 1062 3736 μὲν
1096 3660 1164 3737 ἦν
1189 3664 1369 3719 αὐτῶν
1404 3667 1434 3719 ό
1481 3666 1796 3737 προπάτωρ·

230 3760 428 3815 τούτου
461 3759 519 3813 δὲ
560 3759 815 3827 γεγόνασι
849 3758 1035 3821 παῖδες
1070 3756 1153 3829 ιβ’·
1188 3754 1285 3810 εἴτ’
1315 3756 1373 3824 ὲξ
1408 3758 1527 3821 ἑνὸς
1573 3759 1800 3812 ἑκάστω

230 3853 341 3906 υἰοί
381 3869 442 3905 τε
474 3852 569 3904 καὶ⁸
598 3849 912 3921 θυγατέρες·
958 3843 1033 3904 ὧν
1076 3849 1181 3902 υἱοί
1224 3866 1284 3901 τε
1328 3849 1421 3902 καὶ
1465 3848 1676 3915 ἔκγονοι
1708 3846 1802 3900 καὶ

230 3944 492 4011 ἀπόγονοι
522 3942 850 4012 ὑπέστησαν·
886 3940 1026 3993 οὕτω
1057 3957 1116 3991 τε
1149 3940 1287 3993 κατὰ
1316 3938 1414 4008 τὴν
1458 3938 1564 3990 τῶν
1602 3936 1801 4005 γονέων

231 4032 484 4103 διαδοχὴν
510 4034 566 4084 ὲν
598 4031 800 4083 πλείοσι
825 4029 1037 4100 χρόνοις
1066 4028 1159 4081 καὶ
1206 4028 1264 4080 ὲν
1293 4026 1563 4097 διαφόροις
1592 4029 1800 4094 γενεαῖς

232 4123 469 4193 συνέστη
490 4122 553 4175 τὸ
584 4124 689 4175 πᾶν
715 4120 891 4174 αὐτῶν
917 4119 1085 4181 ἔθνος.

313 4234 334 4268 ι
382 4213 524 4281 Ἐγὼ
550 4213 606 4266 δὲ
636 4212 811 4266 ἔδωκα
840 4211 939 4282 τὴν
976 4207 1297 4281 προσδοκίαν
1325 4209 1548 4280 ταύτην,
1582 4207 1675 4262 καὶ
1702 4207 1802 4260 οὐκ

230 4307 512 4379 ἐμνήσθης
543 4321 663 4374 μου,
698 4300 818 4356 εἰπε
848 4304 1067 4372 Κύριος.
1103 4301 1217 4354 Οὐκ
1248 4300 1355 4352 ἰδοὺ
1387 4298 1497 4367 ἐγὼ
1528 4298 1801 4368 γεννῶσαν

232 4400 330 4453 καὶ
360 4397 582 4468 στείραν
612 4394 861 4464 ἐποίησα,
895 4389 1044 4445 εἶπεν
1068 4394 1096 4445 ό
1131 4391 1263 4455 Θεός
1296 4407 1422 4455 σούς
1461 4411 1479 4443 ι
1523 4391 1679 4445 Κατὰ
1708 4390 1797 4445 τὸν

1909 1934 2015 2003 plo.
2043 1952 2062 1984 ι
2103 1931 2275 1986 Voces
2317 1930 2529 2000 quidem
2561 1930 2680 1984 aliae
2716 1932 2912 1985 civium
2949 1931 3369 1985 exclamantium
3414 1945 3485 1985 ex

1909 2025 2160 2087 civitate,
2231 2023 2349 2077 alia:
2420 2036 2484 2074 ex
2547 2021 2745 2089 templo
2822 2022 3067 2085 emissae,
3139 2022 3481 2076 sacerdotum

1909 2123 2341 2182 caeterorumque
2429 2112 2801 2166 ministrorum
2876 2111 3205 2181 lugentium,
3286 2111 3484 2165 futurae

1908 2216 2054 2261 sunt.

1979 2297 2141 2350 Vens.
2168 2293 2303 2361 7,-8.
2340 2312 2363 2345 ι
2393 2294 2697 2363 Antequam
2738 2295 3047 2365 parturiens
3084 2294 3294 2364 pariat,
3328 2303 3483 2350 ante-

1906 2405 2067 2458 quam
2114 2388 2331 2445 veniam
2376 2386 2590 2442 dolores
2636 2398 2854 2458 partus,
2899 2386 3124 2457 effugit,
3172 2397 3228 2441 et
3270 2387 3481 2456 peperit

1907 2479 2224 2535 masculum.
2253 2476 2387 2543 Quis
2430 2478 2635 2532 audivit
2674 2477 2816 2532 tale?
2856 2487 2910 2533 et
2941 2480 3065 2548 quis
3098 2480 3230 2533 vidit
3270 2478 3483 2534 simile?

1905 2569 2043 2626 Num
2083 2573 2371 2641 parturivit
2418 2581 2563 2625 terra
2606 2571 2693 2625 die
2722 2584 2850 2634 una,
2894 2586 3019 2623 num
3065 2578 3190 2623 nata
3231 2580 3314 2624 est
3348 2584 3481 2638 gens

1905 2662 2094 2727 simul,
2149 2663 2274 2731 quia
2333 2662 2622 2731 parturivit
2666 2675 2721 2716 et
2776 2662 2985 2732 peperit
3037 2659 3167 2715 Sion
3223 2661 3479 2730 parvulos

1904 2753 2100 2809 suos?»
2135 2753 2229 2808 Pia
2264 2752 2474 2823 religio,
2500 2765 2555 2807 et
2582 2766 2721 2805 nova
2749 2764 3045 2819 recensque
3074 2748 3228 2812 Sion,
3260 2750 3478 2805 scilicet

1904 2843 2143 2898 Ecclesia
2188 2842 2311 2909 Dei,
2357 2857 2454 2913 per
2497 2857 2593 2896 vos
2640 2841 3040 2907 constituenda,
3088 2850 3293 2894 tantam
3344 2853 3499 2894 con-'

1904 2936 2083 2991 fertim
2112 2937 2354 3005 gentium
2383 2945 2438 2989 et
2474 2932 2791 3004 populorum
2834 2930 3238 2985 multitudinum
3274 2931 3452 3000 pariet

1904 3038 1965 3085 nt
1994 3030 2087 3100 qui
2118 3029 2349 3083 audierit
2375 3026 2743 3097 Obstupescat.
2774 3026 2988 3079 Atenim
3016 3026 3476 3095 quemadmodum

1906 3122 1949 3177 si
1988 3121 2183 3176 mulier
2224 3121 2466 3189 quaedam
2504 3128 2721 3173 uterum
2774 3126 2994 3187 gestans
3045 3130 3107 3170 ac
3160 3130 3469 3187 praegnans,

1904 3212 2022 3268 sine
2052 3211 2160 3266 ullo
2192 3211 2377 3265 dolore
2432 3218 2655 3280 repente
2706 3207 3003 3262 masculum
3060 3207 3272 3275 pariat;
3308 3209 3387 3261 sic
3420 3218 3479 3263 et

1904 3316 2041 3357 nova
2075 3300 2204 3357 Sion
2239 3300 2495 3369 populum
2542 3314 2740 3354 novum
2763 3337 2778 3362 ,
2822 3306 2879 3353 et
2918 3299 3225 3353 universam
3260 3310 3478 3369 gentem

1902 3392 2064 3449 semel
2090 3400 2144 3447 et
2173 3389 2454 3446 confertim
2490 3391 2698 3460 pariet;
2738 3389 2812 3443 ita
2844 3397 2904 3442 ut
2934 3390 3203 3457 stupenda
3236 3404 3324 3444 res
3357 3398 3475 3445 tota

1902 3481 1991 3543 sit,
2031 3480 2206 3550 qualis
2245 3480 2425 3534 audita
2465 3493 2739 3547 nunquam
2771 3478 2893 3532 fuit.
2937 3475 3247 3549 Iudaeorum
3276 3481 3477 3548 quippe

1903 3572 2048 3626 natio
2073 3578 2128 3625 et
2166 3571 2279 3638 ipse
2315 3567 2478 3624 lsrael
2525 3582 2631 3623 non
2680 3566 2969 3622 confertim
3022 3568 3317 3636 productus
3344 3579 3472 3624 est:

1902 3677 2025 3717 nam
2071 3662 2222 3732 prior
2258 3662 2474 3731 quidem
2527 3660 2628 3715 fuit
2675 3673 2863 3714 eorum
2915 3660 3270 3730 progenitor:
3313 3659 3475 3728 hujus

1901 3766 2030 3807 vero
2060 3751 2342 3808 duodecim
2387 3749 2543 3805 fuere
2572 3749 2667 3804 filii
2707 3768 2723 3806 :
2768 3750 2894 3805 hinc
2927 3764 2995 3804 ex
3035 3750 3262 3819 singulis
3293 3750 3387 3804 filii
3422 3759 3477 3804 et

1902 3842 2046 3911 lilia},
2072 3843 2268 3912 quibus
2300 3842 2426 3895 item
2459 3841 2554 3896 filii
2594 3850 2649 3895 et
2694 3849 2921 3911 nepotes
2952 3848 3006 3895 et
3037 3841 3331 3910 abnepotes
3367 3843 3475 3895 orti

1902 3945 2045 3999 surt,
2088 3944 2249 4004 atque
2285 3934 2356 3987 ita
2391 3948 2486 4003 per
2515 3942 2796 4002 parentum
2828 3931 3251 3995 successionem,
3282 3931 3470 3985 multis

1902 4039 2161 4079 annorum
2210 4024 2519 4088 curriculis,
2563 4031 2618 4077 et
2652 4020 3301 4097 variis_generationibus
3351 4023 3474 4076 uni-

1900 4128 2112 4168 versum
2139 4130 2305 4184 genus
2334 4128 2521 4170 eorum
2551 4112 2813 4167 constitit.

1971 4204 2136 4259 Vens.
2165 4205 2219 4262 9.
2265 4224 2283 4255 ι
2312 4205 2428 4274 Ego
2462 4218 2593 4257 vero
2627 4203 2749 4256 dedi
2798 4213 3259 4272 exspectationem
3306 4202 3469 4267 hanc,

1900 4309 1954 4357 et
1991 4315 2096 4355 non
2134 4296 2449 4353 recordatus
2488 4310 2547 4349 es
2588 4295 2727 4360 mei,
2771 4294 2913 4348 dixit
2955 4294 3233 4349 Dominus.
3284 4293 3475 4349 Nonne

1900 4407 1998 4463 ego
2027 4393 2333 4461 gignentem
2374 4396 2429 4440 et
2460 4386 2699 4441 sterilem
2730 4386 2866 4449 feci,
2897 4386 3031 4439 dixit
3075 4387 3214 4440 Deus
3262 4386 3424 4440 tuus?
3448 4406 3467 4438 ι

233 4489 394 4542 αὑτὸν
417 4488 475 4541 δὲ
502 4487 700 4559 τρόπον
731 4484 878 4555 εὖροι
913 4484 977 4537 ἄν
1003 4500 1087 4546 τις
1118 4484 1210 4536 καὶ
1235 4483 1303 4536 τὰ
1324 4482 1485 4535 λοιπὰ
1518 4481 1641 4553 έθνη
1675 4482 1799 4552 χρόα

1906 4484 2099 4539 Eodem
2134 4493 2357 4551 prorsus
2398 4477 2555 4532 modo
2582 4477 2717 4531 alias
2749 4493 2966 4548 quoque
3010 4488 3199 4546 gentes
3245 4492 3473 4531 numero

233 4596 348 4641 νοις
380 4580 460 4641 εἰς
506 4576 705 4647 πλῆθος
739 4574 1125 4629 ὲπιδεδωκότα·
1174 4576 1202 4627 ό
1246 4574 1303 4627 δὲ
1339 4575 1436 4645 τῆς
1478 4575 1800 4645 Ἐκκλησίας

229 4668 332 4723 ⁴τοῦ
360 4668 491 4721 Θεοῦ
523 4668 649 4731 λαὸς
680 4666 888 4738 ἁθρόως
912 4667 999 4734 ὑφ’
1030 4666 1124 4719 ἕνα
1152 4667 1339 4738 καιρὸν
1368 4668 1460 4719 καὶ
1488 4667 1673 4739 ὥσπερ
1697 4668 1801 4720 ὑπὸ

240 4760 369 4832 μίαν
409 4760 619 4830 ἡμέραν
655 4758 890 4829 ἐπλήρου
932 4758 1001 4811 τὰ
1046 4758 1271 4810 πλεῖστα
1316 4758 1456 4829 μέρη
1483 4759 1585 4829 τῆς
1619 4760 1799 4811 οἰκου-

237 4851 439 4922 μένης·
473 4849 502 4901 δ
544 4848 607 4919 δὴ
639 4848 844 4914 ξενίζον
886 4850 1113 4920 πρᾶγμα
1146 4851 1241 4902 καὶ
1278 4848 1551 4919 θαύματος
1599 4849 1799 4912 παντὸς

236 4940 493 4994 ιπέκεινα
542 4940 783 5010 ὑπάρχον
820 4938 943 4993 οὗτε
989 4940 1263 5012 ὀφθαλμὸς
1303 4940 1514 5012 ἑώρακε
1557 4940 1797 5007 πώποτε,

234 5030 360 5086 οὔτε
390 5027 482 5094 οῦς
511 5031 727 5101 ήκουσε.

314 5141 334 5175 ι
366 5120 731 5193 Εὐφράνθητι,
778 5122 1147 5193 Ἰερουσαλὴμ,
1182 5124 1275 5178 καὶ
1304 5124 1712 5195 πανηγυρίσατε
1741 5125 1798 5177 έν

232 5214 397 5283 αὐτῇ,
430 5212 629 5276 πάντες
649 5214 695 5265 οἱ
717 5211 1033 5279 ἀγαπῶντες
1062 5215 1247 5283 αὑτήν.
1280 5212 1496 5284 Χάρητε
1518 5212 1633 5283 ἅμα
1662 5214 1796 5285 αὐτῇ

235 5305 384 5377 χαρᾷ
411 5303 609 5366 πάντες
649 5303 762 5356 ὅσοι
792 5302 1033 5355 πενθεῖτε
1068 5304 1153 5355 ἐπ’
1181 5305 1337 5375 αὐτῇ,
1373 5305 1459 5357 ἵνα
1503 5304 1790 5375 θηλάσητε,

234 5396 335 5449 καὶ
378 5392 723 5463 ὲμπλησθῆτε
765 5395 873 5447 άπὸ
915 5393 1115 5465 μαστοῦ
1166 5396 1560 5466 παρακλήσεως
1606 5397 1793 5467 αὐτῆς,

238 5486 327 5541 ἵνα
359 5482 753 5552 ὲκθηλάσαντες
795 5490 1107 5557 τρυφήσητε
1142 5488 1250 5540 άπὸ
1286 5487 1489 5539 εἰσόδου
1513 5486 1670 5557 δόξης
1694 5489 1796 5541 αύ-

234 5576 357 5647 τῆς.
397 5594 417 5626 ι
450 5572 680 5643 Χαίρετε
710 5579 804 5630 καὶ
837 5577 1181 5647 ἀγαλλιᾶσθε,
1213 5578 1287 5642 ὼς
1324 5578 1603 5649 μέλλοντες
1634 5578 1795 5648 ὲμπί-

310 5760 355 5794 ³⁸
392 5758 581 5815 Matth.
612 5773 665 5823 ν,
688 5756 774 5813 ﬂ.

1905 4590 1967 4629 ac
2005 4572 2349 4629 multitudine
2378 4584 2500 4624 cum
2545 4577 2784 4637 tempore
2830 4580 3018 4622 auctas
3059 4568 3331 4637 reperias;
3374 4566 3469 4622 Dei

1904 4675 2083 4720 autem
2134 4661 2389 4717 Ecclesiae
2436 4659 2691 4731 populus,
2740 4658 3024 4713 confertim
3070 4673 3284 4727 unoque
3330 4668 3469 4711 tem—

1904 4773 2061 4829 pore,
2107 4767 2159 4811 et
2214 4755 2366 4824 quasi
2413 4770 2516 4807 una
2571 4754 2693 4817 die,
2730 4753 3020 4806 maximam
3065 4751 3214 4806 orbis
3260 4762 3469 4820 partem

1903 4850 2161 4921 implevit.
2198 4847 2373 4913 Quam
2413 4859 2527 4900 rem
2571 4859 2703 4899 sane
2742 4834 3062 4913 stupendam
3121 4845 3470 4913 omniumque

1903 4938 2391 5003 mirabilissimam,
2446 4950 2545 4990 nec
2574 4933 2762 4990 oculus
2804 4947 3042 5003 unquam
3081 4932 3325 4999 viderat,
3369 4949 3471 4988 nec

1900 5032 2044 5086 auris
2071 5030 2334 5085 audierat.
2787 5093 2792 5101 η

1970 5120 2134 5176 Vens.
2160 5119 2249 5185 10,
2284 5119 2369 5177 ll.
2410 5138 2429 5171 ι
2458 5117 2683 5186 Laetare,
2710 5104 3028 5185 Jerusalem,
3060 5124 3114 5169 et
3143 5124 3466 5170 conventum

1898 5210 2058 5266 facile
2097 5211 2150 5263 in
2178 5224 2267 5275 ea,
2311 5222 2501 5263 omnes
2525 5208 2615 5276 qui
2647 5205 2867 5275 diligitis
2895 5219 3037 5259 eam.
3076 5204 3465 5259 Gaudete'cum

1899 5316 1961 5357 ea
1990 5301 2183 5372 gaudio
2211 5315 2400 5354 omnes
2428 5307 2693 5369 quthuot
2722 5296 2921 5366 lugetis
2963 5310 3126 5361 super
3161 5309 3249 5360 ea,
3280 5304 3338 5347 ut
3376 5309 3468 5348 su-

1900 5394 2060 5464 gatis,
2091 5400 2145 5447 et
2182 5390 2513 5461 impleamini
2560 5391 2629 5444 ab
2679 5388 2845 5443 ubere
2891 5386 3274 5441 consolationis
3314 5384 3464 5453 ejus;

1900 5495 1960 5539 ut
1998 5494 2279 5554 postquam
2316 5481 2596 5545 snxeritis,
2626 5479 2965 5535 delcctemini
2997 5477 3065 5531 ab
3100 5477 3320 5531 introitu
3354 5476 3467 5544 glo-

1901 5578 1996 5633 riae
2023 5579 2155 5649 ejus.
2182 5596 2201 5630 ι
2240 5574 2483 5633 Gaudete
2518 5584 2575 5629 et
2608 5571 2893 5637 exsultate,
2923 5579 3105 5641 utpote
3131 5584 3198 5625 eo
3224 5568 3465 5634 fruituri,
