4062 6420
602 396 715 453 519

1268 388 1532 445 EUSEBII
1566 385 2029 445 CESARIENSlS
2065 383 2152 441 ΟΡ

2253 382 2430 439 PARS
2468 381 2559 437 Ill.
2598 409 2669 422 —
2705 375 3117 435 EXEGETICA.

3733 372 3838 427 Μ

608 509 700 578 qui
737 506 915 575 statim
944 519 1153 576 unoque
1193 513 1433 574 tempore
1461 504 1756 559 masculum
1799 502 2049 573 populum
2087 501 2155 555 ibi

2263 499 2495 553 πλασθαι
2523 494 2619 578 τοῦ
2656 498 2714 549 ἐν
2745 494 2879 563 αὐτῇ
2917 492 3131 564 ἀθρόως
3165 492 3539 563 ’γεννήσαντος
3583 487 3737 567 λαδν
3759 487 3837 558 τῷ

613 600 720 652 Deo
741 598 1055 669 genuit,.ac
1092 603 1277 664 utpote
1307 595 1546 664 replendi
1586 594 1746 656 lacte,
1772 592 1839 647 ad
1870 592 2149 646 infantium

604 688 777 757 ipsius
801 685 1110 741 alimentum
1135 693 1342 754 parato,
1368 683 1511 754 quod
1552 698 1681 739 sane
1705 682 1791 736 lac
1817 683 2148 751 rationabile,

609 786 838 846 utroque
878 791 946 831 ex
993 776 1154 830 ubere
1191 772 1516 841 eﬂundetur,
1544 792 1609 830 ex
1648 774 1830 830 Veteri
1869 788 2059 844 nempe
2097 784 2152 827 et

610 865 761 921 Novo
810 866 1171 920 Testamento.
1222 864 1300 918 Es
1348 867 1606 921 ambobus
1646 867 1793 922 enim
1848 864 2151 935 huiusmodi

610 953 879 1016 uberibus,
904 953 969 1006 de
992 953 1189 1022 quibus
1216 953 1412 1007 dicitur
1435 955 1490 1009 in
1532 952 1753 1008 Cantica
1782 953 1848 1017 ³³,
1888 972 1907 1005 ι
1935 953 2153 1009 Meliora

598 1050 731 1095 sunt
757 1044 915 1095 ubera
943 1047 1033 1093 tua
1070 1041 1215 1104 vino,
1265 1056 1285 1091 ι
1316 1040 1621 1097 rationabili
1641 1047 1699 1097 et
1720 1041 1837 1096 sine
1862 1040 1986 1097 dolo
2012 1041 2151 1098 lacte

608 1128 855 1201 puerulos
904 1130 1185 1200 irrigabit,
1231 1131 1411 1202 sicque
1460 1130 1731 1201 perfectos
1776 1132 2030 1201 producet
2066 1133 2150 1187 vi-

678 1310 840 1367 Vsns.
868 1310 952 1364 12.
994 1310 1171 1378 (Quia
1210 1309 1325 1365 bac
1366 1308 1499 1364 dicit
1543 1310 1832 1379 Dominus,
1876 1312 2010 1368 Ecce
2053 1327 2153 1383 ego

607 1401 820 1457 declino
851 1401 917 1455 ad
945 1414 1037 1456 eos
1062 1402 1213 1469 quasi
1249 1400 1436 1455 ﬂuvios
1483 1403 1650 1471 pacis,
1680 1412 1733 1456 et
1765 1404 1914 1472 quasi
1948 1414 2155 1459 torren-

608 1504 711 1560 tes,
742 1492 1004 1546 inundans
1032 1491 1253 1559 gloriam
1294 1479 1550 1559 gentium.
1579 1492 1792 1547 Parvuli
1838 1508 2022 1548 eorum
2061 1496 2153 1549 bu-

608 1585 771 1639 meris
807 1586 1182 1655 portabuntur,
1208 1590 1263 1636 et
1289 1597 1450 1651 super
1482 1598 1651 1651 genua
1683 1584 2146 1643 consolabuntur.»

607 1673 961 1730 Consolatorii
1017 1676 1199 1743 itaque
1246 1682 1302 1726 et
1353 1673 1419 1728 ad
1470 1673 1745 1729 leniendos
1802 1676 2152 1744 simpliciores

607 1767 811 1820 animos
855 1765 1159 1821 concinnati
1193 1780 1487 1829 sermones,
1513 1766 1594 1820 lac
1622 1777 1917 1837 opportune
1951 1782 2154 1822 vocan-

2255 587 2374 657 Θεῷ
2388 573 2725 659 ἀῤ³ρενα,“καὶ
2746 583 3011 652 γάλακτος
3036 579 3438 653 ἐκπληροῦσθαι
3462 581 3542 644 είς
3560 579 3839 649 ἐκτροφὴ»

2254 679 2359 732 τῶν
2386 678 2553 749 αὐτῆς
2578 676 2803 747 νηπίων.
2852 676 2916 728 ‘0
2946 673 3010 744 δή
3044 672 3259 741 λογικὸν
3290 670 3430 741 γάλα
3461 671 3573 725 ἀπὸ
3602 669 3715 724 τῶν
3739 670 3837 723 δῦο

2256 769 2431 841 θηλῶν
2471 768 2638 838 αὐτῆς
2665 766 2867 837 ρεύσει,
2913 764 3155 827 Παλαιᾶς
3182 762 3381 834 δηλαδὴ
3419 764 3515 817 καὶ
3536 762 3687 825 Νέας
3709 762 3842 815 Δια-

2256 859 2445 931 θήκης.
2485 859 2576 924 Ἐξ
2612 857 2933 930 ἀμφοτέρων
2966 856 3076 927 γάρ
3098 855 3313 909 τούτων
3356 855 3465 909 τῶν
3496 853 3703 923 ἑαυτῆς
3734 869 3841 923 μα-

2257 953 2384 1017 ζῶν,
2413 952 2541 1022 περὶ
2568 945 2643 1005 ὧν
2674 952 2884 1022 είρηται
2908 948 3003 1003 καὶ
3039 950 3097 1001 ἐν
3123 947 3202 1017 τῷ
3232 947 3493 1019 ’ᾼσματι,
3514 948 3598 1000 δτι
3629 965 3649 997 ι
3676 947 3844 1011 ’Δγα-

2258 1041 2340 1095 θοὶ
2367 1042 2415 1095 οί
2448 1040 2642 1111 μαστοί
2669 1057 2761 1093 σου
2796 1039 2934 1110 ὑπὲρ
2967 1037 3131 1102 οἶνον,
3167 1055 3186 1088 ι
3222 1039 3337 1101 τοῖς
3364 1035 3577 1107 ἑαυτῆς
3619 1032 3842 1104 νηπίοις

2257 1131 2563 1204 ἐπάρδουσα
2601 1150 2620 1183 ι
2655 1130 2716 1183 τὸ
2753 1130 2968 1199 λογικὸν
3004 1129 3101 1184 καὶ
3142 1127 3330 1183 ἄδολον
3374 1127 3537 1196 γάλα,
3574 1144 3595 1180 ι
3620 1125 3841 1197 ἀνδρας

2258 1222 2515 1294 προσάξει
2546 1222 2804 1285 τελείους.

2332 1330 2351 1364 r
2383 1313 2501 1365 Ὀτι
2531 1310 2655 1366 τάδε
2699 1310 2845 1380 λέγει
2884 1310 3119 1382 Κύριος·
3174 1309 3306 1365 ’1δοῦ
3344 1308 3456 1378 ἐγὼ
3482 1308 3722 1363 ἐκκλίνω
3748 1308 3833 1373 είς

2256 1402 2452 1466 αὐτοὺς
2489 1403 2564 1466 ὡς
2603 1404 2879 1472 ποταμοὺς
2918 1403 3163 1473 εἰρήνης,
3212 1402 3306 1455 καὶ
3354 1401 3431 1463 ὡς
3468 1401 3837 1472 χειμάρρους,

2256 1491 2562 1557 ἐπικλύζων
2588 1491 2746 1557 δόξαν
2783 1491 2973 1546 ἐθνῶν.
3010 1491 3091 1545 Τά
3115 1492 3305 1545 παιδία
3340 1491 3521 1544 αὐτῶν
3544 1491 3634 1545 ἐπ’
3660 1491 3837 1562 ὤμων

2256 1584 2599 1656 ἀρθήσονται,
2632 1585 2725 1638 καὶ
2753 1583 2845 1637 ἐπὶ
2867 1580 3107 1652 γονάτων
3131 1582 3669 1654 παρακληθήσονται.
3710 1600 3735 1635 s
3764 1583 3837 1636 υί

2256 1673 2385 1742 γοῦν
2412 1674 2558 1743 λόγοι
2586 1675 2634 1727 οἱ
2678 1672 3073 1745 παρακλητικοὶ
3113 1675 3207 1728 καὶ
3241 1672 3693 1744 παραμυθητικοὶ
3720 1671 3837 1745 τῶν

2256 1734 2614 1836 ἀτελεστέρων
2636 1734 2822 1835 ψυχύῖιν
2847 1734 2987 1832 γάλα
3027 1763 3232 1835 κυρίως
3258 1734 3679 1834 ὠνομάσθησαν,
3710 1734 3847 1815 σοι’

608 1869 695 1911 tur
720 1870 738 1911 :
765 1871 889 1911 nam
918 1857 1120 1912 solidus
1153 1857 1305 1910 cibus
1326 1855 1396 1917 in
1432 1856 1675 1924 mysticis
1704 1856 2048 1925 dogmatibus
2075 1856 2151 1909 in-

2257 1858 2383 1927 ρεᾶς
2410 1855 2614 1927 τροφῆς
2639 1858 2696 1909 ἐν
2727 1854 2956 1925 δόγμασι
2987 1856 3269 1925 μυστικοῖς
3290 1854 3610 1923 νοουμένης,
3641 1853 3739 1907 καὶ
3767 1854 3833 1907 ἐν

606 1943 884 2015 telligitur,
926 1955 982 1998 et
1030 1936 1623 2013 in'speculationibus,
1672 1957 1791 2012 quae
1854 1944 1906 1998 in
1960 1944 2155 2000 divinis

607 2035 901 2103 Scripturis
933 2035 1181 2104 reposita
1209 2041 1352 2088 sunt.

680 2122 839 2181 Vnus.
865 2123 951 2178 15.
989 2141 1009 2174 ‹
1035 2122 1305 2189 Quomodo
1331 2123 1395 2198 si.
1414 2138 1573 2194 quem
1602 2132 1777 2177 mater
1818 2122 2147 2189 consoletur,

602 2215 681 2269 ita
706 2225 761 2270 et
789 2230 889 2285 ego
915 2215 1229 2269 consolabor
1250 2230 1375 2280 vos,
1404 2225 1457 2270 et
1477 2217 1529 2270 in
1553 2215 1881 2270 Hierusalem
1908 2215 2155 2270 consola-

603 2306 816 2362 bimini.
843 2324 865 2359 ι
904 2304 1001 2360 Hic
1053 2321 1262 2360 rursum
1306 2307 1527 2376 gloriam
1580 2307 1839 2376 gentium,
1887 2306 2156 2376 prmdicte

606 2408 759 2449 novas
798 2392 946 2447 Sioni
980 2393 1463 2465 Hierosolymaaque
1499 2395 1791 2457 ascribens,
1820 2408 2004 2463 pacem
2033 2409 2157 2464 gen-

596 2486 753 2541 tibus
786 2486 1120 2540 tribuendam
1162 2485 1443 2541 inundanti
1480 2485 1683 2541 ﬂumini
1725 2496 2026 2555 comparat.
2060 2483 2155 2541 His

605 2584 787 2630 autem
815 2575 1291 2645 pollicitationibus
1314 2577 1573 2644 superius
1614 2589 1828 2645 quoque
1872 2586 1957 2630 est
2004 2588 2153 2640 usus,

604 2666 915 2737 signiﬁcans
939 2679 1052 2731 eos,
1079 2668 1169 2735 qui
1196 2667 1373 2722 adhuc
1398 2666 1449 2720 in
1478 2664 1716 2720 Ecclesia
1746 2665 1979 2721 infantes
2005 2676 2148 2733 sunt,

604 2763 788 2826 utpote
818 2758 908 2824 qui
944 2754 1082 2809 lacte
1127 2755 1451 2817 nutriantur,
1490 2753 1790 2808 nutricibus
1835 2754 2153 2823 quibusdam

594 2846 892 2917 gestandus
936 2858 1085 2910 esse;
1136 2845 1255 2899 sive
1300 2858 1333 2899 a
1378 2843 1607 2897 sinceris
1657 2842 1914 2899 Ecclesiae
1966 2844 2154 2899 docto-

603 2938 753 2991 ribus
779 2945 836 2989 et
866 2935 1150 3003 praefectis,
1195 2935 1431 3003 itemque
1469 2948 1499 2987 a
1533 2933 1728 2988 divinis
1756 2944 1810 2987 et
1842 2933 2152 2989 calestibus

586 3026 830 3097 .angelis.
852 3024 951 3091 Qui
984 3028 1144 3096 igitur
1170 3024 1501 3079 valentiores
1525 3034 1669 3087 sunt,
1700 3024 2027 3079 inﬁrmiores
2058 3025 2153 3079 bu-

590 3115 773 3169 .meris
810 3114 1114 3183 gestabunt,
1146 3122 1199 3166 et
1228 3112 1293 3165 ad
1321 3126 1496 3181 genua
1527 3112 1941 3166 consolabuntur
1966 3128 1980 3166 :
2013 3126 2076 3165 ac
2106 3110 2219 3183 siin

605 3216 785 3260 mater
810 3203 933 3258 [iliis
958 3202 1285 3266 blandiatur,
1311 3210 1366 3255 et
1378 3196 1495 3271 “ego
1528 3202 1640 3271 ipse
1666 3200 1940 3267 Dominus,
1974 3212 2153 3271 utpote
2189 3190 2221 3215 ’⁸

604 3311 793 3353 eorum
834 3294 1071 3349 omnium
1118 3290 1302 3359 Pater,
1348 3282 1757 3347 imbecilliorum
1791 3294 2154 3349 consolatores

605 3385 949 3444 consolabor.

698 3564 864 3620 Vens.
902 3563 987 3619 ιι.
1042 3579 1062 3614 ι
1098 3561 1166 3616 Ει
1210 3561 1481 3625 videbitis,
1529 3571 1588 3617 et
1634 3564 1884 3634 gaudebit
1934 3578 2029 3619 cor
2059 3579 2156 3621 ve-

594 3666 798 3722 strum,
829 3664 884 3711 et
921 3668 1046 3711 ossa
1090 3663 1269 3709 vestra
1315 3653 1469 3724 quasi
1498 3652 1664 3708 herba
1696 3654 2091 3723 germinabunt.
2126 3672 2147 3707 ›

600 3750 705 3807 Bic
729 3749 1139 3822 promissionum
1164 3747 1287 3802 linis
1308 3748 1429 3811 erit,
1456 3762 1662 3816 nempe,
1683 3746 1945 3803 Videbitis
1965 3748 2149 3803 Deum.

597 3842 962 3909 Quamobrem
1003 3838 1249 3894 Salvator
1312 3839 1410 3893 bos
1457 3838 1645 3893 beatos
1691 3841 2014 3908 praedicabat
2071 3841 2155 3897 bis

601 3933 804 3998 verbis,
843 3949 862 3983 ‹
900 3930 1051 3985 Beati
1091 3930 1287 3985 mundo
1318 3930 1498 3994 corde,
1533 3930 1791 3997 quoniam
1840 3930 1941 4001 ipsi
1986 3931 2151 3986 Deum

606 4024 860 4079 videbunt
890 4023 957 4076 ⁸⁸.
995 4041 1015 4075 ι
1050 4052 1120 4063 -
1153 4039 1173 4073 ι
1198 4021 1275 4076 Et
1325 4032 1679 4091 cognoscetur
1715 4035 1905 4076 manus
1945 4022 2154 4077 Domini

604 4114 921 4170 timentibus
961 4128 1108 4177 eum,
1133 4120 1189 4167 et
1224 4112 1513 4166 minabitur
1541 4111 1850 4167 incredulis.
1885 4129 1905 4164 ι

676 4206 839 4262 Vsus.
884 4205 972 4260 l5.
1010 4222 1029 4255 ι
1058 4204 1194 4260 Ecce
1236 4203 1377 4258 enim
1403 4201 1662 4257 Dominus
1694 4204 1842 4272 quasi
1881 4202 2019 4272 ignis
2064 4218 2157 4257 ve-

593 4299 739 4362 .niet,
770 4306 825 4352 et
854 4296 1007 4365 quasi
1043 4302 1336 4365 tempestas
1369 4308 1563 4348 currus
1603 4292 1739 4362 ejus,
1774 4302 1832 4348 ut
1864 4296 2055 4349 reddat
2100 4294 2153 4347 in

598 4391 791 4445 {urere
820 4387 1096 4453 ultionem,
1124 4396 1180 4441 et
1205 4385 1629 4454 increpationem
1658 4398 1809 4437 suam
1853 4384 1908 4438 in
1940 4384 2155 4439 ﬂamma

2254 1945 2567 2018 θεωρήμασι
2609 1947 2723 2009 τοῖς
2758 1946 2813 1999 ἐι
2860 1946 2979 2008 ταῖς
3022 1944 3195 2010 θείαις
3232 1945 3479 2015 Γραφαῐς
3520 1944 3802 2015 ἀποκειμι

2253 2051 2384 2098 νοις.

2329 2143 2349 2176 ι
2401 2126 2486 2190 Ὠς
2529 2127 2581 2179 ετ
2623 2142 2745 2179 τινα
2799 2126 2979 2198 μήτηρ
3023 2124 3420 2198 παρακαλέσει,
3468 2123 3615 2178 οὕτω
3667 2125 3833 2195 κάγὼ

2254 2215 2617 2288 παρακαλέσω
2663 2216 2826 2287 ὑμᾶς,
2862 2216 2955 2269 καὶ
2982 2217 3040 2269 ἐν
3085 2214 3440 2287 Ἰερουσαλὴμ
3468 2216 3836 2288 παρακληθή-

2255 2304 2433 2357 σεσθε.
2472 2324 2491 2356 ι
2526 2304 2693 2358 Πάλιν
2726 2304 3005 2359 κάνταῦθα
3032 2305 3140 2359 τῶν
3162 2302 3331 2360 ἐθνῶν
3354 2305 3514 2370 δόξαν
3544 2306 3836 2362 συνάπτων

2251 2397 2318 2465 τῇ
2357 2394 2712 2468 προλεχθείσῃ
2753 2396 2849 2465 νέᾳ
2875 2395 3014 2449 Σιὼν
3056 2396 3151 2449 καὶ
3192 2398 3260 2467 τῇ
3321 2395 3698 2468 Ἰερουσαλὴμ,
3724 2396 3831 2467 τὴν

2252 2486 2614 2558 δοθησομένην
2648 2490 2759 2550 τοῖς
2801 2486 3009 2540 ἔθνεσιν
3047 2489 3270 2560 εἰρήνην
3299 2487 3533 2565 ποταμῷ
3556 2486 3837 2541 κατακλύ-

2255 2575 2397 2640 ζοντι
2438 2578 2788 2651 παραϐάλλει.
2820 2579 2931 2632 Kal
2958 2578 3217 2648 ἀνωτέρω
3241 2578 3298 2632 δέ
3340 2581 3463 2641 ταῖς
3486 2578 3679 2647 αὑταῖς
3705 2578 3833 2633 ἐκι-

2252 2684 2420 2738 χρητο
2449 2669 2817 2737 ἐπαγγελίαις,
2862 2668 3141 2740 σημαίνων
3178 2669 3255 2733 ὡς
3302 2669 3428 2731 τοὺς
3464 2668 3547 2721 ἐτι
3592 2669 3829 2740 νηπίους

2250 2758 2348 2829 τῆς
2380 2758 2726 2829 Ἐκκλησίας,·
2748 2760 2842 2813 ἅτε
2873 2758 2940 2830 δή
2962 2759 3193 2829 γάλακτι
3229 2759 3621 2830 τρεφομένους,
3670 2759 3830 2829 τιθη-

2252 2848 2333 2902 νοί
2360 2866 2504 2913 τινες
2543 2849 3030 2915 ὐποῦαστάξουσιν,
3060 2851 3180 2920 ήτοι
3220 2848 3529 2905 διδάσκαλοι
3556 2850 3653 2902 καὶ
3693 2866 3834 2921 προ-

2251 2941 2481 3005 εστῶτες
2506 2945 2714 3015 γνήσιοι
2734 2943 2830 3013 τῆς
2861 2942 3184 3014 Ἐκκλησίας
3201 2941 3298 2995 τοῦ
3320 2940 3581 3013 Χριστοῦ,
3615 2941 3667 2994 oi
3692 2940 3832 2996 θεῖοί

2248 3048 2309 3086 τε
2354 3033 2449 3086 καὶ
2495 3033 2734 3105 οὐράνιοι
2782 3033 3022 3102 ἄγγελοι.
3072 3034 3135 3087 Oi
3186 3033 3285 3103 μὲν
3334 3027 3427 3086 οὖν
3458 3031 3829 3104 δυνατώτεροι

2252 3123 2377 3187 τοὺς
2421 3123 2839 3195 ἀσθενεστέρους
2875 3124 2961 3177 ἐπ’
3004 3122 3169 3195 ὤμων
3198 3122 3550 3193 βαστάξουσι,
3587 3120 3688 3179 καί
3731 3124 3831 3177 ἐπὶ

2253 3214 2492 3283 γονάτων
2537 3214 3025 3287 παρακαλέσουσιν,
3074 3213 3262 3283 ὥσπερ
3306 3212 3361 3266 εί
3398 3230 3483 3277 τις
3532 3213 3720 3285 μήτηρ
3755 3216 3830 3271 τά

2250 3304 2450 3373 ἐαυτῆς
2493 3304 2844 3377 παρακαλέσῃ
2892 3303 3079 3367 τέκνα,
3130 3301 3286 3371 κάγὼ
3318 3302 3479 3367 αὐτὸς
3515 3303 3545 3356 ὁ
3594 3296 3829 3374 Κύριος,

2251 3395 2345 3450 an
2370 3395 2433 3467 δή
2461 3396 2676 3449 πάντων
2703 3395 2881 3449 αὐτῶν
2908 3394 3166 3465 ὑπάρχων
3194 3393 3407 3464 Πατήρ,
3454 3393 3833 3464 παρακαλέσει)

2249 3488 2373 3550 τοὺς
2396 3487 2502 3540 τῶν
2530 3487 2925 3558 ὑποδεεστέρων
2952 3486 3393 3558 παρακλήτορας.

2326 3596 2345 3630 v
2378 3579 2485 3632 Kal
2509 3578 2725 3649 ὄψεσθε,
2761 3578 2862 3631 καὶ
2891 3580 3191 3649 χαρήσεται
3224 3581 3258 3648 ἡ
3288 3581 3485 3651 καρδία
3510 3583 3693 3654 ὑμῶν,
3728 3581 3828 3635 καὶ

2249 3669 2383 3721 ὀστᾶ
2427 3668 2577 3738 ὑμῶν
2605 3668 2679 3731 ὡς
2712 3667 2906 3738 βοτάνη
2945 3668 3211 3722 ἀνατελεῖ.
3261 3688 3280 3721 ι
3330 3671 3439 3723 Kal
3483 3672 3646 3726 τοῦτο
3672 3672 3831 3736 τέλος

2250 3759 2535 3812 ἐπαιτῶν
2561 3758 2919 3826 ἐπαγγελιῶν,
2949 3758 3033 3823 τὸ,
3068 3758 3299 3828 Ὄψεσθε
3320 3759 3411 3813 τὸν
3439 3759 3594 3815 Θεόν.
3627 3762 3830 3814 Διδκαὶ

2249 3852 2278 3904 ὁ
2302 3850 2451 3926 Σῳτὴ
2459 3867 2489 3921 ρ
2502 3849 2722 3913 τούτους
2737 3849 3036 3921 ἐμακάριζε
3052 3850 3225 3917 λέγων
3243 3868 3256 3881 ·
3277 3869 3295 3902 ι
3320 3852 3601 3923 Μακάριοι
3616 3854 3666 3905 oi
3689 3852 3825 3906 καθο

2250 3941 2373 4011 apol
2402 3943 2468 4011 τῇ
2494 3941 2709 4013 καρδίᾳ,
2744 3942 2820 3994 ὅτι
2851 3940 3001 3993 αὐτοὶ
3025 3941 3115 3995 τὸν
3144 3940 3277 3995 Θεὸν
3303 3940 3686 4010 ὕψονται.»-ι
3710 3946 3825 3998 Καὶ

2250 4029 2620 4101 γνωσθήσεται
2645 4031 2679 4101 ή
2710 4029 2826 4103 χεὶρ
2853 4031 3054 4102 Κυρίου
3084 4033 3198 4095 τοῖς
3230 4031 3585 4103 φοὸουμένοις
3627 4034 3816 4101 αὐτὸν,

2250 4122 2346 4175 καὶ
2371 4121 2651 4193 ἀπειλήσει
2690 4125 2802 4186 τοῖς
2831 4121 3168 4177 ἀπειθοῦσιν.
3204 4142 3224 4175 ι

2326 4229 2347 4264 ι
2384 4212 2511 4266 Ἰδοὺ
2547 4212 2652 4285 γὰρ
2677 4212 2878 4285 Κύριος
2907 4213 2983 4276 ὡς
3008 4213 3121 4283 πῦρ
3158 4213 3298 4285 ήξει,
3335 4214 3432 4269 καὶ
3458 4214 3536 4279 ὡς
3563 4216 3824 4284 καταιγὶς

2250 4302 2321 4357 τά
2380 4303 2599 4375 ἀρματα
2645 4302 2845 4367 αὑτοῦ,
2893 4303 3181 4357 ἀποδοῦναι
3226 4305 3285 4357 ἐν
3336 4304 3492 4376 θυμῷ
3536 4306 3825 4377 ἐκδίκησιν

2252 4391 2437 4457 αὑτοῦ,
2472 4394 2565 4447 καὶ
2594 4392 3070 4463 ἀποσκορακισμὸν
3096 4392 3261 4447 αὑτοῦ
3291 4395 3349 4446 ἐν
3382 4394 3543 4462 φλογὶ
3575 4396 3771 4467 πυρός.
3794 4416 3816 4450 a

596 4482 769 4550 ignis.
808 4499 829 4533 ι
864 4479 980 4534 Jam
1021 4479 1329 4534 memoratis
1380 4477 1688 4533 hominibus
1732 4492 1852 4547 qum
1903 4482 2149 4549 superius

2253 4485 2373 4548 Τοῖς
2405 4484 2503 4554 μὲν
2536 4482 2846 4553 δηλωθεῑσιν
2879 4483 3269 4552 ἐπαγγέλλεται
3295 4482 3363 4537 τά
3381 4485 3813 4556 προλελεγμένα’

608 4575 749 4628 dicta
778 4582 904 4627 sunt
928 4570 1250 4641 pollicetur;
1285 4570 1353 4625 iis
1378 4584 1527 4635 vero,
1561 4570 1653 4639 qui
1694 4570 2022 4625 contrariam
2069 4572 2152 4625 in—

608 4667 721 4721 iere
749 4665 921 4728 viam,
956 4664 1348 4719 comminatur:
1391 4677 1456 4716 ac
1504 4670 1896 4731 consequenter
1928 4662 2154 4717 commi.

608 4754 843 4810 nationis
866 4754 1129 4808 rationem
1158 4754 1376 4818 edocet,
1425 4755 1721 4808 secundum
1757 4760 1813 4806 et
1862 4750 2151 4822 gloriosum

604 4845 909 4902 Servatoris
931 4845 1217 4899 adventum
1249 4843 1555 4909 declarans,
1585 4844 1800 4913 quando
1828 4843 2008 4898 veniet
2029 4858 2151 4898 cum

607 4939 776 5007 gloria
803 4934 1002 5003 Patris,
1029 4945 1084 4990 et
1130 4950 1252 4990 cum
1298 4935 1501 5005 angelis
1533 4936 1663 5003 suis,
1709 4934 1961 5004 judicare
2004 4934 2153 4990 vivos

604 5039 661 5082 ει
691 5037 952 5081 mortuos.

678 5116 845 5170 Vens.
887 5116 1043 5174 16.1
1088 5112 1146 5169 In
1188 5116 1310 5186 igne
1346 5116 1491 5170 enim
1556 5115 1766 5172 Domini
1826 5116 2158 5187 iudicabitur

594 5208 785 5262 omnis
816 5217 989 5273 terra,
1021 5216 1078 5262 et
1115 5206 1168 5261 in
1202 5207 1379 5275 gladio
1423 5206 1539 5275 ejus
1578 5209 1753 5263 omnis
1791 5222 1965 5263 caro:
2004 5207 2155 5261 multi

602 5300 876 5354 vulnerati
899 5308 1058 5353 erunt
1087 5312 1117 5353 a
1136 5298 1387 5353 :Domino.
1420 5316 1447 5351 ν»
1480 5297 1747 5352 Furorem
1776 5299 1893 5366 ejus
1923 5310 2046 5353 esse
2075 5296 2155 5350 ul-

602 5392 774 5446 trices
803 5400 1096 5461 potestates
1130 5391 1355 5461 intelligi
1402 5390 1542 5445 solet
1572 5407 1588 5455 ;
1636 5397 1691 5444 et
1732 5390 2148 5465 increpationgm

608 5496 763 5538 suam
799 5484 851 5537 in
882 5482 1093 5537 ﬂamma
1124 5482 1262 5551 ignis
1297 5492 1483 5537 contra
1525 5481 1741 5535 eosdem
1792 5480 1988 5535 mittet.
2026 5476 2152 5533 Gla-

602 5580 756 5634 dium
780 5593 906 5633 vero
934 5592 1194 5649 corporeo
1241 5591 1389 5633 more
1437 5576 1698 5643 nominat,
1743 5584 1799 5632 et
1839 5572 2147 5631 vulneratos

679 5755 727 5787 “
766 5753 922 5810 Cant.
955 5769 989 5819 ι,
1023 5752 1071 5805 ι.
1146 5752 1188 5784 ³³
1211 5750 1394 5807 Matth.
1428 5765 1479 5817 ν,
1511 5749 1563 5803 8.

2255 4578 2366 4640 τοῖς
2391 4576 2448 4627 δὲ
2480 4575 2579 4645 τὴν
2611 4574 2853 4629 ἐναντίαν
2892 4574 3316 4645 πεπορευμένοις
3348 4575 3466 4629 ὁδὸν
3519 4578 3819 4647 ἠπείλησεν

2254 4664 2510 4736 ἀπειλήνο
2558 4666 2653 4717 καὶ
2701 4663 3002 4727 ἀκολούθως
3043 4656 3278 4719 διδάσκει
3307 4665 3399 4719 τὸν
3438 4668 3537 4738 τῆς
3586 4668 3820 4741 ἀπειλῆς

2255 4754 2470 4825 τρόπον,
2539 4754 2805 4825 παριστὰς
2863 4755 2962 4826 τὴν
3010 4753 3264 4824 δευτέραν
3323 4757 3418 4809 καὶ
3465 4755 3675 4822 ἔνδοξον
3720 4761 3817 4814 τοῦ

2256 4846 2502 4916 Σωτῆρος
2552 4846 2875 4916 παρουσίαν,
2919 4847 3007 4898 ὅτε
3032 4845 3151 4915 ἥξει
3211 4845 3349 4918 μετά
3384 4848 3483 4918 τῆς
3514 4849 3675 4920 δόξης
3720 4852 3829 4905 τοῦ·

2256 4934 2466 5007 Πατρὸς
2491 4935 2585 4989 καὶ
2618 4935 2754 5007 μετά
2774 4934 2881 4989 τῶν
2904 4935 3145 5005 ἀγγέλων
3175 4936 3359 5002 αὐτοῦ,
3391 4940 3574 5010 κρῖναι
3608 4939 3818 5005 ζῶντας

2253 5028 2346 5081 καὶ
2372 5027 2614 5099 νεκρούς.

2326 5137 2346 5169 ι
2398 5118 2486 5170 Ἔν
2515 5117 2625 5188 γὰρ
2651 5116 2729 5187 τῷ
2752 5116 2882 5189 πορὶ
2906 5117 3107 5189 Κυρίου
3133 5118 3452 5190 κριθήσεται
3478 5121 3683 5191 πᾶσαή
3719 5122 3814 5191 γῆ,

2249 5208 2346 5262 καὶ
2375 5210 2433 5261 ἐν
2472 5211 2539 5278 τῇ
2568 5208 2808 5279 ῥομφαίᾳ
2841 5209 3003 5263 αὐτοῦ
3032 5212 3181 5263 πᾶσα
3212 5210 3378 5281 σάρξ·
3428 5211 3610 5265 πολλοὶ
3652 5229 3815 5283 τραυ-

2256 5300 2443 5371 ματίαι
2483 5299 2695 5352 ἔσονται
2723 5299 2827 5352 ὑπὸ
2871 5300 3097 5375 Κυρίου.
3157 5319 3176 5352 ι
3228 5300 3409 5371 Θυμὺς
3447 5301 3504 5353 δὲ
3547 5302 3714 5355 αὐτοῦ
3758 5305 3815 5356 αἱ

2254 5390 2569 5445 κολαστικαὶ
2599 5390 2692 5443 καὶ
2725 5392 3085 5462 τιμωρητικαὶ
3129 5391 3385 5462 δυνάμεις
3410 5391 3631 5445 εἰώθασι
3662 5393 3814 5463 νομί·

2251 5479 2455 5545 ζεσθαι,
2489 5480 2583 5534 καὶ⁵
2618 5480 2707 5534 τὸν
2738 5482 3212 5554 ἀποσκορακισμὸν
3237 5482 3401 5536 αὑτοῦ
3431 5485 3488 5536 ὲν
3523 5486 3661 5555 πυρὶ
3685 5483 3815 5552 φλοι-

2249 5572 2343 5641 γδς
2370 5572 2509 5628 κατά
2539 5570 2647 5627 τῶν
2676 5572 2852 5629 αὐτῶν
2883 5574 3101 5648 ἀφήσει.
3142 5574 3441 5647 Ῥομφαίαν
3473 5574 3528 5629 δέ
3556 5576 3813 5648 ὀνομάζει
