4062 6406
1154 428 1655 486 COMMENTARIA
1689 427 1762 486 IN
1806 427 2062 485 lSAIAM.
2102 460 2171 471 —
2208 427 2361 486 CAP.
2400 428 2586 485 LXVI.

3404 436 3509 491 522

257 552 733 615 σωματικιίπερον,
761 543 856 597 καὶ
880 542 1225 614 τραυματίας
1262 542 1541 607 ὡσαύτως.
1578 542 1730 597 Ἐπεὶ
1756 542 1818 615 μὶ

1936 540 2211 596 similiter.
2248 540 2384 609 Quia
2432 541 2535 606 illi,
2586 548 2773 606 utpOIe
2818 538 3011 605 Judzi,
3055 557 3160 599 non
3208 543 3313 599 alio
3343 550 3508 601 modo

254 632 433 698 ἄλλως
472 629 541 706 ἦν
568 632 807 698 ἀκούειν,
845 632 1129 697 Ἰουδαίους
1157 632 1314 697 ὄντας
1346 632 1440 687 καὶ
1488 633 1564 704 μὴ
1595 632 1739 695 οἴους
1770 649 1832 685 τε
1859 650 1887 673 ο

253 722 687 794 παρακολουθεῖν
725 724 792 794 τῇ
833 721 943 776 τῶν
983 721 1157 791 λόγων
1187 721 1417 794 διανοίᾳ.
1478 722 1539 776 '0
1587 722 1686 793 μὲν
1737 717 1831 776 οὖν

262 810 591 874 ’Δπόστολος
626 812 719 865 τὸν
742 809 853 865 τῶν
892 812 1271 883 προκειμένων
1302 811 1428 867 νοῦν
1464 811 1719 883 διασαφεῖ
1740 812 1829 865 λέ-

249 916 367 969 γων
385 920 398 932 ·
432 921 451 954 ι
479 901 635 956 Κατά
658 902 716 955 δὲ
739 901 840 973 τὴν
872 902 1214 975 σκληρότητά
1231 919 1325 956 σου
1341 902 1434 957 καὶ
1461 904 1831 974 ἀμετανόητον

250 991 484 1063 καρδίαν
517 991 865 1065 θησαυρίζεις
891 992 1102 1064 σεαυτῷ
1149 992 1317 1065 ὀργὴν
1355 995 1415 1047 tv
1444 993 1627 1066 ήμέρᾳ
1658 994 1829 1067 ὀργῆς

250 1078 348 1132 καὶ
378 1078 794 1149 ἀποκαλύψεως,
831 1083 928 1135 καὶ
956 1081 1353 1153 δικαιοκρισίας
1397 1082 1556 1149 Θεοῦ,
1592 1083 1652 1149 δς
1693 1085 1830 1138 ἀπο-

246 1164 413 1221 δώσει
446 1168 661 1240 ἑκάστῳ
698 1170 840 1224 κατά
870 1170 941 1225 τά
964 1170 1101 1242 εργα
1130 1170 1319 1226 αὑτοῦ.
1357 1191 1377 1226 ι

326 1276 351 1312 s
383 1259 445 1313 0i
486 1260 830 1343 ἁγνιζόμενοι
866 1262 961 1316 καὶ
989 1261 1410 1335 καθαριζόμενοι
1450 1266 1532 1329 είς
1561 1266 1688 1330 τοὺς
1720 1267 1824 1338 κή-

247 1366 409 1413 1κους,
444 1352 539 1404 καὶ
581 1352 641 1404 ὲν
676 1354 791 1416 τοῖς
824 1352 1117 1425 προθύροις
1158 1353 1408 1419 ἔσθοντες
1444 1355 1611 1428 κρέας
1657 1355 1822 1423 ῦειον,

245 1445 346 1499 καὶ
371 1444 438 1498 τά
466 1444 808 1515 βδελύγματα
840 1445 935 1498 καὶ
963 1445 1056 1498 τδν
1084 1444 1212 1517 μῦν,
1242 1447 1338 1499 επὶ
1369 1447 1430 1501 τὺ
1458 1449 1588 1502 αὐτὸ
1616 1448 1827 1503 ἀναλω-

247 1533 531 1606 θήσονται.
572 1554 593 1587 ι
636 1537 723 1600 Ὠς
752 1536 947 1607 μηκέτι
980 1536 1122 1591 κατά
1145 1538 1235 1591 τὸν
1261 1538 1425 1609 νόμον
1449 1538 1511 1593 δν
1538 1540 1824 1611 παρέδωκε

245 1626 491 1695 Μωῦσῆς
512 1625 974 1699 καθαριζομένους
1003 1628 1182 1699 σποδῷ
1204 1628 1489 1700 δαμάλεως
1517 1633 1611 1686 καὶ
1638 1636 1825 1705 περιρ-

247 1718 562 1791 ραντηρίοις
589 1719 809 1790 ἡμερῶν
835 1720 974 1774 επτά
998 1722 1093 1774 καὶ
1116 1723 1237 1785 ταῖς
1262 1720 1353 1776 διά
1396 1722 1597 1777 θυσιῶν
1620 1723 1825 1795 καθάρ-

247 1829 406 1867 σεσιν
425 1829 439 1843 ο
458 1812 578 1867 ἀντὶ
600 1812 661 1867 δὲ
687 1812 910 1877 τούτων,
939 1815 996 1868 tv
1022 1815 1203 1878 αὐτοῖς
1223 1816 1729 1887 περινοστήσαντες,
1760 1816 1823 1870 τὸ

241 1902 317 1957 δι’
362 1902 552 1967 ὕδατος
600 1902 895 1973 καθάρσιον
940 1905 1207 1977 ἀπαρκεῖν
1252 1905 1436 1969 αὐτοῖς
1475 1906 1664 1977 ᾤοντο,
1709 1911 1821 1972 τοῖς

238 1983 389 2050 εἶατά
416 2012 567 2060 τινας
599 1997 807 2067 κήπους
850 1995 1033 2050 ὕδασιν
1080 1995 1461 2060 ἀπολούεσθαι,
1493 1997 1586 2050 καὶ
1624 1998 1819 2069 μηκέτι

243 2087 477 2157 μηδενὸς
494 2086 700 2141 δεῖσθαι
731 2086 839 2141 τῶν
862 2086 1387 2159 νενομοθετημένων.
1428 2088 1499 2142 Ἢ
1527 2089 1621 2142 καὶ
1646 2088 1819 2154 ἄλλως

241 2177 387 2249 μετά
419 2178 622 2250 μιαράς
654 2177 750 2232 καὶ
781 2177 1123 2250 ἀκαθάρτους
1161 2179 1409 2249 πράξεις,
1435 2179 1730 2251 ἀθεμίτους
1757 2197 1818 2234 τε

237 2271 633 2343 αἰσχρουργίας
678 2267 928 2342 they.th
968 2269 1145 2341 ψιλοῖς
1192 2269 1348 2324 ὕδασι
1378 2269 1694 2345 κιθαρίζειν
1718 2272 1818 2336 τάς

233 2362 453 2418 ιαυτῶν
482 2362 679 2433 ψυχάς.

322 2558 344 2592 s
372 2539 544 2609 Κάγὼ
575 2539 644 2595 τά
669 2539 806 2613 ἔργα
836 2541 1040 2607 αὐτῶν,
1072 2544 1168 2597 καὶ
1208 2542 1299 2598 τδν
1330 2542 1587 2616 λογισμὸν
1615 2542 1813 2597 αὐτῶν.

238 2632 517 2704 Ἔρχομαι
541 2636 861 2702 συναγαγεῖν
882 2635 1057 2689 πάντα
1074 2633 1145 2688 τά
1162 2633 1291 2706 ιθνη
1316 2634 1412 2690 καὶ
1428 2634 1528 2698 τάς
1542 2634 1816 2703 γλώσσας,

237 2722 337 2778 καὶ
350 2722 540 2793 ἥξουσι
559 2724 653 2778 καὶ
672 2723 893 2793 δψονται
919 2726 1018 2797 τὴν
1032 2725 1188 2790 δόξαν
1217 2742 1339 2797 μου.
1352 2744 1373 2777 ι
1401 2724 1740 2797 Σαφίστερον
1760 2725 1816 2778 δι

236 2814 271 2868 ό
308 2814 501 2889 Σωτὴρ
532 2817 589 2869 tv
618 2819 731 2880 τοῖς
761 2814 1112 2886 Εὐαγγελίοις
1148 2816 1387 2872 διδάσκει
1413 2816 1587 2871 ταῦτα
1610 2816 1811 2884 λόγων·

244 2922 269 2957 s
298 2906 467 2961 Ὅταν
494 2906 553 2960 δὶ
580 2905 708 2979 non
735 2908 765 2960 ό
790 2906 920 2971 Υίδς
940 2905 1037 2961 τοῦ
1066 2905 1353 2979 ἀνθρώπου
1384 2908 1443 2961 tv
1470 2909 1538 2978 τῇ
1560 2906 1688 2977 δόξῃ
1721 2906 1815 2959 τοῦ

242 2999 457 3072 Πατρδς
483 2999 669 3062 αὑτοῦ,
699 2999 793 3053 καὶ
826 3000 1027 3063 πάντες
1049 3000 1101 3052 οί
1144 2999 1291 3068 ἀγιοι
1317 2998 1539 3068 ἄγγελοι
1570 2999 1686 3069 μετ’
1716 2998 1816 3050 αὐ-

234 3086 364 3141 τοῦ’
398 3087 492 3141 καὶ
517 3086 801 3162 συνάξουσι
824 3087 1001 3142 πάντα
1030 3087 1101 3141 τά
1132 3086 1260 3159 ἔθνη
1284 3085 1593 3159 ἔμπροσθεν
1624 3085 1812 3151 αὐτοῦ,

1934 631 2235 702 intelligere
2262 640 2539 701 poterant,
2573 640 2635 685 ut
2668 632 2760 698 qui
2804 647 2911 685 non
2942 632 3186 690 valerent
3214 636 3506 692 Verborum

1930 734 2165 780 mentem
2211 724 2493 794 subsequi.
2532 723 2822 793 Apostolus
2852 733 3003 779 certe
3038 725 3167 780 dicti
3217 728 3363 796 quod
3394 737 3509 782 tra-

1930 822 2143 879 ctamus
2181 829 2406 870 sensum
2439 815 2615 884 aperit
2650 814 2734 869 his
2758 814 2960 879 verbis,
2996 832 3017 866 ι
3067 814 3376 872 Secundum
3410 832 3509 874 au-

1932 914 2037 959 tem
2089 906 2343 962 duritiem
2387 916 2537 962 tuam
2593 915 2649 962 et
2700 905 3049 975 impmnitens
3097 922 3195 962 cor
3239 908 3508 969 thesauri-

1930 1010 2024 1052 sas
2049 996 2146 1052 tibi
2175 998 2313 1053 iram
2345 998 2398 1053 in
2426 998 2514 1053 die
2552 997 2647 1053 ira:
2673 1006 2729 1051 et
2758 994 3131 1063 rev'elationis,
3158 1007 3215 1054 et
3236 998 3369 1067 justi
3410 999 3503 1067 jn-

1928 1085 2055 1142 dicii
2101 1087 2220 1155 Dei,
2268 1089 2362 1160 qui
2414 1088 2606 1145 reddet
2658 1088 2955 1159 unicuique
2997 1088 3296 1144 secundum
3324 1105 3502 1161 .opera

1926 1195 2022 1236 sua
2051 1180 2118 1237 ".
2148 1200 2173 1235 ι
2992 1193 2995 1195 ’

1998 1271 2168 1328 Vens.
2199 1273 2289 1328 l7.
2319 1292 2340 1326 ι
2369 1274 2471 1341 Qui
2501 1275 2923 1333 sanetilicantur
2944 1287 3001 1335 et
3037 1277 3398 1349 pnriﬂcantnr
3442 1276 3498 1332 in

1927 1364 2121 1430 hortis,
2144 1374 2199 1421 et
2219 1366 2273 1421 in
2294 1366 2571 1423 liminibus
2583 1370 2933 1426 eomedentes
2954 1385 3175 1428 carnem
3197 1371 3499 1439 porcinam.

1923 1466 1979 1511 et
2010 1456 2441 1515 abominationes
2486 1468 2542 1513 et
2584 1475 2817 1525 murem,
2851 1462 3013 1517 simul
3038 1470 3449 1516 eonsumentur.
3472 1477 3497 1514 ι

1924 1547 2000 1601 Ita
2034 1556 2096 1602 ut
2132 1564 2240 1604 non
2277 1549 2508 1606 alterius
2539 1554 2835 1606 secundum
2866 1552 3061 1623 legem,
3088 1565 3250 1622 quam
3276 1549 3501 1606 tradidit

1925 1636 2380 1710 Moyses,cinere
2418 1642 2598 1697 vitula
2624 1650 2679 1697 et
2715 1643 3115 1709 aspersionibus
3156 1644 3364 1698 dierum
3410 1657 3501 1699 so-

1922 1735 2091 1796 ptem,
2122 1729 2585 1787 sacriﬁciorumve
2608 1733 3018 1801 purgationibus
3058 1733 3495 1789 mundarentur:

1924 1817 2018 1873 sed
2055 1819 2247 1874 horum
2281 1821 2423 1885 vice,
2461 1832 2749 1893 postquam
2795 1822 2852 1875 in
2898 1822 2983 1878 his
3012 1824 3215 1878 versati
3250 1822 3495 1889 fuerant,

1855 1888 2302 1977 Bpurgationem
2354 1888 2691 1980 per'aquam
2737 1911 2990 1968 sumcere
3038 1914 3142 1980 sibi
3190 1888 3495 1983 putabant,

1922 2000 2280 2068 qaorumdam
2326 2002 2606 2057 hortorum
2634 2004 2789 2073 aquis
2824 2019 2883 2060 se
2907 2004 3053 2060 ablui
3093 2013 3149 2058 et
3175 2003 3496 2080 emaculari,

1923 2102 2023 2144 nec
2056 2088 2196 2143 ultra
2231 2106 2419 2145 eorum
2462 2108 2582 2162 qua:
2612 2094 2667 2148 in
2717 2094 2839 2163 lege
2864 2096 3258 2165 praecipiuntur
3289 2094 3399 2149 ullo
3437 2108 3499 2150 se

1920 2192 2057 2248 opus
2086 2179 2310 2240 habere.
2336 2183 2743 2239 existimantes.
2772 2184 2905 2238 Nam
2946 2187 3083 2241 alias
3112 2194 3229 2254 post
3258 2185 3498 2242 admissa

1924 2269 2099 2339 turpia
2143 2269 2426 2337 facinora,
2472 2282 2529 2327 et
2572 2282 2695 2343 post
2748 2274 2963 2330 illicitas
3003 2284 3299 2344 turpesque
3326 2278 3498 2331 actio-

1922 2374 2045 2425 nes,
2080 2360 2317 2432 simplici
2362 2377 2500 2433 aqua
2546 2365 2757 2420 animas
2802 2368 3050 2422 mundari
3092 2381 3222 2421 suas
3265 2366 3497 2421 arbitra-

1918 2448 2137 2504 bantur.

1994 2538 2154 2595 Vens.
2186 2540 2273 2596 18.
2318 2561 2337 2593 ι
2374 2541 2442 2597 Ει
2468 2557 2567 2614 ego
2591 2558 2757 2614 opera
2781 2560 2994 2610 eorum,
3020 2553 3075 2601 et
3105 2544 3492 2613 cogitationem

1917 2644 2105 2685 eorum
2142 2630 2345 2705 [novi].
2388 2634 2455 2688 Et
2482 2636 2641 2691 venio
2672 2646 2734 2691 ut
2764 2650 3091 2706 congregem
3128 2650 3320 2690 omnes
3363 2651 3494 2707 gen-

1922 2729 2004 2776 tes
2046 2731 2103 2777 et
2147 2722 2400 2793 linguas:
2461 2733 2519 2779 et
2568 2725 2794 2780 venient
2845 2735 2901 2780 st
2954 2726 3217 2779 videbunt
3266 2726 3495 2794 gloriam

1919 2827 2115 2867 meam.
2158 2832 2177 2864 ι
2212 2812 2338 2870 Ηεεο
2372 2815 2574 2871 clarius
2611 2816 2873 2871 Servatur
2902 2816 2957 2870 in
2996 2816 3305 2884 Evangeliis
3336 2818 3495 2872 docet

1916 2902 2005 2957 his
2047 2905 2261 2958 verbis:
2294 2923 2311 2955 ι
2341 2904 2474 2960 Cum
2506 2906 2717 2961 venerit
2748 2904 2920 2959 Filius
2952 2907 3188 2980 hominis
3236 2908 3289 2962 in
3323 2907 3493 2978 gloria

1918 2992 2101 3051 Patris
2129 2997 2234 3061 sui,
2262 3003 2321 3050 et
2349 3011 2539 3051 omnes
2563 2996 2741 3051 sancti
2768 2997 2945 3066 angeli
2977 3012 3100 3051 cum
3126 3013 3229 3055 eo:
3266 3006 3322 3052 et
3364 3013 3496 3052 con-

1917 3085 2220 3155 gregabunt
2252 3100 2443 3141 omnes
2472 3094 2661 3155 gentes
2692 3086 2748 3141 in
2791 3096 3084 3157 conspectu
3124 3090 3278 3155 ejus,
3317 3097 3372 3142 et
3406 3102 3495 3142 sc-

232 3177 333 3233 καὶ
360 3178 579 3250 ἀφοριεῖ
610 3164 827 3245 αὐτοὺς,
861 3178 920 3233 δν
949 3179 1149 3252 τρόπον
1177 3178 1426 3252 ἀφορίζει
1450 3182 1479 3233 ό
1504 3177 1708 3251 ποιμήν
1743 3178 1812 3233 τά

1918 3177 2165 3247 gregabit
2190 3191 2305 3242 eos,
2338 3177 2790 3247 quemadmodum
2840 3186 3089 3248 segregat
3125 3186 3313 3247 pastor
3353 3192 3487 3233 oves

234 3267 488 3341 ¹πρόϐατα,
516 3268 625 3321 ἀπὸ
646 3268 755 3322 τῶν
788 3269 1012 3341 ὶρίφων,
1054 3289 1073 3321 ι
1110 3269 1206 3323 καὶ
1236 3270 1305 3323 τὰ
1334 3268 1481 3339 εξῆς.
1513 3271 1626 3324 Kal
1654 3267 1814 3322 τοῦτο

231 3359 295 3414 δὲ
321 3359 486 3413 πάλιν
506 3362 619 3423 τοῖς
644 3358 852 3416 ἔθνεσιν
874 3360 1290 3429 ἀπαγγέλλεται,
1323 3360 1386 3413 τὸ
1413 3359 1811 3431 καταξιωθῆναι

235 3446 538 3502 θεάσασθαι
568 3448 667 3519 τὴν
688 3448 848 3514 δόξαν
878 3450 1060 3503 αὐτοῦ.

316 3557 335 3590 ι
371 3540 482 3593 Kal
506 3540 816 3609 καταλείψω
842 3541 929 3595 ἐπ’
970 3542 1152 3596 αὐτῶν
1197 3546 1443 3615 σημεῖον,
1482 3541 1579 3598 καὶ
1613 3543 1813 3609 ιξαπο-

237 3630 413 3686 στελῶ
441 3630 500 3697 ἑξ
530 3630 707 3685 αὐτῶν
741 3633 1114 3704 σεσωσμένους
1140 3637 1220 3699 εις
1250 3634 1320 3688 τὰ
1356 3634 1507 3707 ἔθνη,
1548 3636 1629 3699 είς
1664 3634 1812 3707 Bap-

238 3718 373 3781 σείς,
401 3717 497 3770 καὶ
527 3718 681 3783 ῡοὺδ,
710 3719 804 3773 καὶ
832 3721 990 3786 Aebb,
1025 3723 1119 3775 καὶ
1150 3722 1353 3794 Μοσδχ,
1388 3722 1485 3777 καὶ
1509 3725 1591 3788 είς
1619 3722 1809 3787 Θοδελ,

233 3807 334 3862 καὶ
355 3809 436 3871 είς
447 3807 545 3880 τήν
559 3808 801 3876 Ἐλλάδα,
830 3810 924 3864 καὶ
944 3812 1025 3875 εἰς
1050 3811 1148 3875 τάς
1172 3814 1370 3885 νήσους
1392 3814 1492 3879 τάς
1520 3815 1708 3887 πόρρω
1725 3832 1738 3845 ·
1761 3815 1812 3867 οἶ

230 3900 340 3954 οὐκ
362 3900 633 3970 ἀκηκόασί
664 3918 765 3973 μου
802 3902 863 3956 τὸ
888 3903 1079 3975 δνομα,
1110 3903 1232 3958 οῖηε
1263 3905 1540 3975 ἑωράκασί
1587 3923 1689 3976 μου
1715 3905 1815 3978 τήν

230 3988 415 4056 δόξαν.
446 3992 555 4046 Kal
586 3992 945 4062 ἀναγγελοῦσι
972 3995 1073 4065 τὴν
1099 3995 1256 4062 δόξαν
1290 4012 1392 4067 μου
1431 3996 1491 4050 tv
1516 3999 1631 4060 τοῖς
1666 3995 1814 4050 ἔθνε-

238 4096 315 4135 σι.
348 4098 369 4133 ι
411 4082 521 4135 Kal
550 4083 611 4135 tv
646 4086 759 4147 τοῖς
784 4083 1092 4157 ἔμπροσθεν
1122 4085 1361 4155 ἐλέγετο,
1405 4088 1491 4141 ὅτι
1544 4106 1563 4139 ι
1596 4082 1693 4152 Οἷς
1713 4088 1814 4142 οὐκ

234 4168 516 4242 ἀνηγγέλη
557 4172 684 4243 περὶ
724 4172 891 4226 αὑτοῦ
934 4172 1175 4249 δψονται,
1210 4174 1260 4228 οἳ
1300 4174 1401 4228 οὐκ
1458 4176 1748 4246 ἀκηκόασι.
1788 4193 1808 4227 ι

236 4262 354 4319 Kal
375 4262 557 4317 πάλινο
594 4282 614 4315 ι
635 4265 915 4338 Ἐμφανὴς
939 4267 1206 4338 ἐγενόμην
1233 4270 1345 4331 τοῖς
1373 4267 1476 4339 tut
1502 4268 1578 4339 μή
1604 4268 1815 4341 ἐπερω-

234 4354 427 4421 τῶσιν,
456 4355 683 4430 εύρέθην
696 4359 807 4421 τοῖς
835 4357 935 4429 ἐμὲ
967 4356 1042 4430 μὴ
1074 4358 1445 4430 ἐπιζητοῦσινθ
1488 4354 1639 4413 εἷπα’
1681 4360 1812 4415 Ἰδού

237 4447 378 4517 είμι,
407 4450 519 4511 τοῖς
553 4446 627 4519 μὴ
673 4448 1119 4520 ἑπικαλουμένοις
1157 4449 1220 4502 τὺ
1249 4450 1421 4522 δνομά
1466 4469 1590 4522 μου.
1627 4472 1646 4505 ι
1678 4454 1814 4507 Τού-

1916 3268 1985 3321 ab
2018 3267 2204 3332 Inedia,
2241 3285 2263 3318 s
2290 3275 2346 3322 et
2371 3275 2587 3321 caetera.
2620 3265 2687 3320 Et
2716 3266 2821 3320 hoc
2854 3264 3051 3320 iterum
3086 3268 3342 3336 gentibus
3371 3267 3486 3336 pol-

1916 3356 2140 3424 licetur,
2172 3356 2315 3428 quod
2350 3371 2546 3426 nempe
2577 3355 2820 3410 futurum
2864 3357 2938 3412 sit
2968 3365 3027 3410 ut
3061 3358 3289 3426 gloriam
3320 3356 3491 3427 ipsius

1916 3447 2100 3504 videre
2142 3448 2315 3518 digna
2347 3448 2669 3502 habeantur.

1984 3539 2151 3596 Vens.
2192 3537 2281 3594 l9.
2316 3556 2335 3590 ι
2369 3537 2437 3591 Et
2472 3537 2775 3608 relinquam
2806 3551 2972 3607 super
3012 3552 3108 3594 eos
3146 3539 3400 3609 signum:
3434 3546 3496 3595 et

1914 3631 2162 3685 emittam
2194 3644 2263 3685 ex
2312 3628 2419 3685 illis
2456 3644 2553 3684 eos
2577 3630 2668 3698 qui
2706 3627 2899 3683 saluti
2952 3629 3156 3685 iuerint
3182 3631 3250 3685 sd
3280 3640 3491 3702 gentes,

1916 3721 1970 3776 in
2002 3720 2247 3788 Tharsis,
2293 3730 2347 3775 et
2377 3718 2551 3786 Pbud,
2589 3728 2646 3774 et
2686 3719 2829 3785 Lud,
2874 3730 2931 3776 et
2973 3721 3026 3775 in
3068 3720 3310 3784 Mosoch,
3345 3732 3401 3775 et
3434 3722 3490 3776 in

1916 3810 2140 3877 Thobel,
2173 3822 2227 3868 et
2257 3812 2312 3867 in
2350 3810 2638 3875 Graciam,
2666 3822 2721 3866 et
2749 3810 2803 3865 in
2836 3810 3043 3867 insulas
3078 3821 3350 3877 remotas;
3391 3813 3486 3880 qui

1916 3919 2023 3959 non
2054 3904 2343 3959 audierunt
2382 3917 2576 3957 nomen
2624 3918 2829 3967 meum,
2881 3917 3058 3972 neque
3094 3904 3347 3958 viderunt
3370 3904 3492 3974 glo-

1915 3996 2054 4051 riam
2079 4011 2276 4053 meam.
2307 3995 2375 4051 Et
2398 3994 2802 4049 annuntiabunt
2822 3993 3048 4063 gloriam
3072 4008 3251 4049 meam
3279 3994 3333 4048 in
3358 4008 3491 4064 gen-

1918 4088 2082 4143 tibus.
2125 4105 2145 4141 ι
2179 4085 2440 4157 Superius
2465 4100 2684 4156 quoque
2714 4085 3020 4152 dicebatur,
3057 4101 3077 4135 ι
3111 4083 3150 4138 li
3177 4084 3373 4154 quibus
3398 4100 3492 4139 an-

1914 4178 2225 4233 nuntiatnm
2270 4193 2377 4233 non
2412 4189 2496 4233 est
2538 4176 2607 4232 de
2654 4174 2766 4242 illo.
2795 4174 3098 4240 videbunt,
3138 4183 3197 4228 et
3239 4174 3331 4243 qui
3372 4190 3489 4230 non

1915 4268 2222 4332 audierunt,
2264 4267 2605 4338 intelligent:
2650 4284 2670 4317 ι
2705 4274 2760 4320 et
2793 4266 3015 4329 iterum,
3057 4282 3077 4316 ι
3117 4264 3358 4335 Apparui
3397 4266 3489 4331 iis,

1914 4358 2007 4428 qui
2052 4372 2139 4413 me
2173 4372 2280 4413 non
2317 4354 2767 4425 interrogabant;
2812 4354 3066 4408 inventus
3108 4368 3232 4409 sum
3281 4352 3350 4407 ab
3373 4353 3488 4423 (iis.

1913 4450 2007 4519 qui
2041 4463 2130 4503 me
2154 4462 2259 4503 non
2289 4448 2647 4517 qucrebant:
2680 4445 2819 4508 dixi,
2866 4444 3005 4500 Ecce
3038 4443 3249 4509 adsum,
3296 4443 3365 4498 iis
3394 4444 3490 4512 qui

236 4554 351 4591 των
377 4538 577 4608 ἀδελφά
618 4539 872 4610 τυγχάνει
914 4541 985 4595 τά
1025 4542 1417 4613 προειρημένα,
1460 4542 1527 4595 δι’
1568 4536 1642 4597 ὧν
1687 4545 1814 4608 τοὺς

1918 4555 2024 4595 non
2065 4540 2394 4595 invocabant
2445 4552 2639 4592 nomen
2688 4552 2890 4591 meum.
2924 4554 2944 4587 ι
2990 4534 3087 4591 His
3120 4535 3319 4589 adfinia
3364 4545 3488 4589 sunt

238 4628 437 4685 ἑαυτοῦ
465 4631 793 4696 ἀποστόλους
826 4632 1216 4701 ἐπαγγέλλεται
1244 4632 1593 4686 ἀποστέλλειν
1626 4633 1721 4686 ἐπὶ
1746 4633 1814 4688 τά

236 4721 496 4793 ἀλλότρια
520 4721 616 4776 τοῦ
668 4722 883 4795 Ἰσραὴλ
907 4722 1035 4794 ἔθνη
1067 4723 1138 4778 τὰ
1175 4722 1511 4794 ωρρωτάτω
1538 4724 1637 4794 τῆς
1682 4722 1811 4778 ’1ου-

234 4814 416 4877 δαίας.

315 4922 337 4956 ι
374 4904 483 4957 Kal
513 4902 698 4969 ἀξουσι
728 4904 853 4968 τοὺς
884 4902 1143 4973 ἀδελφοὺς
1173 4902 1326 4975 ὑμῶν
1356 4904 1423 4957 εκ
1450 4902 1669 4958 πάντων
1698 4903 1807 4957 τῶν

235 4994 433 5056 εθνῶν,
461 4992 631 5065 δῶρον
670 4994 877 5066 Κυρίῳ.
911 5014 931 5047 ι
966 4993 1219 5059 ’Δξουσιν
1241 4995 1459 5059 αὐτοὺς,
1498 4994 1650 5059 τέλος
1680 4994 1813 5063 ἀγα-

238 5084 333 5141 θὺν
375 5084 557 5147 αὐτοῖς
588 5082 745 5138 τοῦτο
788 5085 1308 5156 παραχωρήσαντες,
1352 5084 1441 5138 δτε
1484 5086 1581 5138 καὶ
1612 5084 1813 5154 ἀναλη-

237 5176 562 5247 φθήσονται·
586 5174 787 5245 ὁμοίως
830 5173 907 5245 τῷ
962 5173 1119 5245 Ἠλίᾳ
1157 5176 1246 5244 tcp’
1294 5176 1500 5247 ἅρματι
1538 5174 1814 5245 ἀγγελικῷ

234 5267 543 5339 ὀχούμενοι,
577 5264 752 5334 φωτὸς
796 5265 1113 5337 ἐπουρανίου
1148 5266 1679 5339 περιαστράπτοντος
1710 5266 1811 5321 ab-

233 5358 384 5421 τούς.
418 5376 437 5409 ι
473 5356 610 5411 Μεθ’
638 5357 818 5410 ἵππων
843 5358 938 5410 καὶ
958 5357 1219 5428 ἁρμάτων
1243 5358 1302 5411 tv
1319 5357 1629 5429 λαμπήναις
1663 5357 1815 5429 ήμιό-

232 5466 363 5512 νων,
396 5448 533 5519 μετά
557 5448 811 5503 σκιαδίων
834 5450 916 5511 είς
932 5448 1034 5519 τὴν
1056 5449 1219 5517 ἀγίαν
1243 5448 1397 5502 πόλιν
1434 5448 1809 5521 Ἰερουσαλὴμ,

232 5536 360 5596 εῐπε
398 5538 621 5611 Κύριος.
661 5558 680 5590 ι
724 5539 957 5610 Νοήσεις
989 5539 1051 5593 δὲ
1081 5541 1208 5603 τοὺς
1238 5540 1438 5605 ἵππους
1472 5540 1567 5594 καὶ
1607 5539 1679 5595 τὰ
1713 5541 1814 5613 ἀρ-

238 5646 388 5703 ματα
414 5628 697 5697 ἀγγελικά,
736 5629 1034 5699 επιστήσας
1067 5627 1162 5681 τοῦ
1198 5630 1467 5700 Ζαχαοίου
1492 5632 1557 5701 τῇ
1602 5646 1812 5702 προφη-

312 5811 357 5843 ³⁴
383 5808 538 5865 Rom.
576 5823 637 5870 η.
666 5808 718 5862 5.

559 5905 829 5967 Panos.
862 5906 978 5967 Gn.
1021 5906 1253 5969 XXIV.

1916 4632 2197 4701 pm'missa
2229 4632 2420 4691 verba,
2452 4628 2607 4698 queis
2637 4626 2911 4697 apostolos
2940 4640 3069 4680 suos
3108 4625 3178 4679 ad
3203 4636 3491 4678 extraneas

1917 4722 2095 4777 lsraeli
2134 4730 2342 4792 gentes,
2374 4729 2428 4775 et
2456 4737 2485 4773 a
2516 4717 2701 4774 Judaza
2742 4718 3157 4780 remotissimas,
3190 4716 3488 4771 missurum

1916 4826 1977 4868 se
2008 4812 2318 4881 pollicetur.

1988 4906 2150 4959 \‘sss.
2179 4904 2269 4958 ‘20.
2302 4921 2321 4953 ι
2356 4902 2422 4956 Et
2452 4901 2721 4955 adducent
2761 4898 2957 4954 fratres
2984 4906 3197 4953 vestros
3226 4912 3294 4952 ex
3319 4895 3489 4950 omni-

1915 4995 2015 5050 bus
2040 4996 2311 5066 gentibus,
2345 4995 2545 5047 donum
2591 4992 2839 5046 Domino.
2870 5009 2890 5042 ι
2921 4990 3205 5044 Adduceut
3231 5004 3324 5043 eos
3346 4986 3489 5041 hunc

1912 5085 2046 5153 ipsis
2082 5088 2278 5139 bellum
2302 5084 2463 5137 tinem
2494 5092 2869 5151 procurantes,
2893 5079 3109 5148 quando
3123 5086 3486 5135 assumentnr.

1911 5174 2137 5245 perinde
2166 5184 2332 5245 atque
2365 5172 2549 5227 llelias
2585 5188 2750 5225 curru
2792 5171 3042 5242 angelico
3083 5170 3249 5231 vecti,
3276 5166 3487 5221 caelesti

1913 5265 2118 5319 lumine
2147 5265 2278 5335 ipsis
2316 5262 2789 5331 circnmlnlgente.
2830 5280 2850 5315 ι
2897 5260 3032 5316 Cum
3080 5259 3236 5327 equis
3264 5268 3321 5310 et
3360 5269 3484 5308 cur-

1915 5356 2083 5417 ribus,
2118 5355 2171 5407 in
2220 5354 2486 5422 lampenis
2524 5355 2834 5417 mulorum,
2874 5367 2998 5408 eum
3052 5348 3389 5405 umbraculis
3430 5350 3485 5402 in

1916 5446 2188 5501 civitatem
2244 5452 2491 5497 sanetam
2538 5443 2881 5510 Jerusalem,
2942 5442 3080 5496 dixit
3134 5439 3411 5495 Dominus.
3459 5455 3481 5491 ι

1918 5537 2100 5606 Equos
2140 5545 2195 5591 et
2234 5536 2513 5606 angelieas
2550 5537 2749 5593 rbedas
2782 5535 3070 5606 intelliges,
3122 5532 3167 5587 si
3209 5528 3489 5583 Zacharia-

1916 5627 2216 5699 prophetia:
2239 5628 2481 5683 animum
2518 5626 2780 5697 applices,
2809 5626 2899 5683 ubi
2936 5638 3108 5695 equos
3135 5620 3371 5685 veloces,
3394 5633 3489 5674 vae

3092 5897 3161 5957 1⁸1
