4062 6394
1288 375 1556 468 ευδεβιι
1592 405 2065 465 mssmmsrs
2100 403 2170 463 οι

2287 403 2467 462 PARS
2502 404 2591 461 lli.
2629 436 2699 449 —
2736 402 3143 461 EXEGETICA.

3753 404 3857 462 524

626 538 737 594 rios
761 544 817 595 et
842 534 1014 602 albos,
1051 548 1115 591 ac
1148 547 1347 591 currus
1390 534 1603 603 aliquos
1631 532 1969 597 describens,
2005 545 2170 601 ange-

2273 528 2412 599 τείᾳ,
2453 529 2582 598 παρ’
2614 521 2659 595 ᾧ
2690 527 2886 589 ίππους
2910 522 3123 595 ψαροὺς
3160 523 3253 578 καὶ
3283 524 3560 587 ποικίλους
3592 522 3691 578 καὶ
3732 522 3857 578 λευ-

624 626 758 685 licas
786 624 1445 683 virtutes.subindicabat.
1495 622 1783 693 Lampcnte
1808 632 1984 677 autem
2015 620 2185 677 mulo-

626 734 744 773 rum
776 717 1027 773 videntur
1056 714 1364 786 signiﬁcare
1392 728 1627 783 corpora
1660 714 2023 784 resurgentia,
2064 712 2183 781 qui-

623 809 725 865 bus
771 817 940 864 vecta:
986 807 1176 863 animm
1235 804 1288 858 in
1352 804 1628 859 caelestem
1697 804 1971 858 civitatem
2031 816 2185 856 assu-

625 906 867 953 mantur.
896 898 941 952 Ε
980 911 1040 953 re
1068 904 1244 950 autem
1286 894 1485 975 dicitur
1526 894 1812 964 lampenc,
1846 895 1962 951 sive
2008 892 2184 965 fulgo-

626 1004 737 1054 res,
761 990 832 1045 ob
864 987 1155 1060 fulgentem
1190 986 1318 1058 ipsis
1340 985 1594 1057 'glorism.

695 1165 861 1222 Vens.
888 1166 979 1220 21.
1018 1184 1036 1218 ι
1075 1165 1145 1222 Ut
1183 1164 1413 1222 oll'erant
1442 1164 1537 1221 lilii
1580 1166 1749 1223 Israel
1770 1166 2018 1224 victimas
2056 1182 2183 1223 suas

626 1259 756 1312 mihi
794 1272 913 1313 cum
957 1258 1214 1327 psalmis:
1276 1268 1331 1312 et
1389 1272 1455 1311 ex
1504 1256 1584 1313 eis
1624 1273 1831 1313 sumam
1875 1261 2183 1315 sacerdotes

623 1360 677 1403 et
712 1347 954 1412 Levitas,
1008 1348 1143 1403 dixit
1176 1348 1450 1405 Dominus.
1488 1367 1507 1401 ι
1555 1348 1621 1404 Ut
1665 1350 1845 1419 itaque
1890 1352 2180 1405 secundum

623 1452 938 1508 corpoream
972 1437 1142 1508 legem
1192 1438 1247 1492 in
1296 1446 1513 1493 terrena
1565 1437 1866 1495 Jerusalem
1916 1440 2029 1495 haec
2058 1455 2181 1511 age-

624 1528 756 1582 bant
790 1531 882 1598 qui
927 1529 1126 1583 cultum
1178 1516 1599 1598 persolvebant;
1648 1530 1838 1585 eodem
1895 1530 2055 1584 modo
2095 1544 2181 1584 se-

622 1619 857 1675 cundum
889 1627 1161 1674 terrenum
1190 1618 1319 1675 illud
1347 1621 1673 1691 exemplum,
1703 1622 1790 1690 qui
1821 1622 1875 1675 in
1904 1621 2178 1676 caelestem

622 1705 1012 1779 Jerosolymam
1041 1712 1349 1771 ascendent,
1382 1727 1505 1765 cum
1541 1712 1773 1782 propriis
1801 1711 2063 1767 fructibus
2090 1726 2180 1767 ve-

626 1802 793 1864 nient,
827 1813 961 1868 quos
986 1800 1182 1867 singuli
1212 1816 1281 1856 ex
1330 1798 1627 1857 fructilcris
1663 1802 1947 1858 virtutibus
1993 1816 2051 1858 ut
2085 1808 2180 1858 do-

625 1906 751 1945 num
777 1898 835 1945 et
860 1906 1054 1945 munus
1096 1892 1147 1946 in
1190 1894 1370 1947 anima
1410 1894 1664 1949 referent.

699 1998 860 2053 Vsus.
888 1997 979 2055 22.
1021 2018 1039 2050 ι
1077 1998 1229 2054 Sicut
1268 2001 1412 2054 enim
1442 2000 1638 2055 ctelum
1689 2014 1885 2056 novum
1931 2010 1985 2055 et
2030 2013 2175 2058 terra

622 2094 780 2154 nova,
814 2105 933 2158 qua:
956 2103 1054 2157 ego
1081 2088 1242 2151 facio,
1276 2100 1591 2159 permanent
1620 2092 1671 2144 in
1703 2100 1993 2158 conspectu
2034 2107 2174 2157 meo,

623 2180 753 2234 dicit
788 2180 1043 2234 Dominus
1076 2196 1090 2246 ;
1124 2180 1202 2234 sic
1230 2182 1394 2234 stabit
1421 2196 1602 2235 semen
1636 2191 1871 2236 vestrum
1897 2192 1950 2236 et
1980 2198 2176 2238 nomen

621 2280 881 2324 vestrum.
916 2288 935 2322 ι
964 2268 1098 2323 Nam
1127 2271 1171 2325 si
1205 2285 1403 2325 novum
1431 2272 1650 2337 oculum,
1682 2283 1736 2326 et
1764 2288 1899 2326 nova
1927 2282 2093 2337 terra,
2124 2283 2177 2326 et

621 2358 917 2414 Jerusalem
967 2376 1103 2416 nova
1151 2371 1274 2425 est;
1327 2372 1723 2431 consequenter
1762 2366 2071 2419 sacerdotes
2122 2375 2176 2419 et

622 2448 820 2503 Levita:
850 2450 973 2504 novi
1017 2459 1195 2514 erunt,
1238 2465 1405 2519 quare
1431 2453 1677 2521 superius
1711 2452 1923 2507 dicebat
1952 2470 1967 2508 :
2003 2471 2022 2504 ι
2060 2452 2174 2508 Non

626 2540 1047 2595 recordabuntur
1074 2542 1334 2609 priorum,
1368 2552 1422 2595 et
1453 2556 1559 2596 non
1593 2544 1849 2598 ascendet
1892 2544 1942 2598 in
1969 2560 2065 2599 cor
2091 2560 2177 2599 eo-

624 2644 768 2685 rum.
799 2649 820 2684 s
854 2630 1034 2686 Prima
1064 2631 1245 2700 itaque
1270 2646 1379 2685 non
1409 2633 1777 2701 permanentia
1816 2644 2006 2699 erant,
2048 2650 2177 2704 qua-

620 2730 840 2790 prOpter
866 2722 1065 2775 dictum
1091 2729 1192 2783 est,
1230 2736 1249 2769 ι
1278 2718 1482 2775 Caelum
1509 2730 1566 2775 et
1609 2730 1749 2775 terra
1776 2725 2113 2791 transibunt;
2148 2744 2168 2778 ι

620 2824 685 2865 ac
724 2824 971 2876 rursum,
1022 2828 1042 2862 ι
1088 2809 1384 2865 Plicabitur
1426 2810 1621 2874 cmlum
1658 2821 1716 2866 ut
1756 2812 1914 2877 liber,
1964 2824 2019 2868 et
2050 2829 2173 2869 cor-

618 2902 869 2971 ruptione
904 2912 1281 2971 corrumpetur
1326 2912 1490 2959 terra.
1542 2920 1561 2954 »
1594 2902 1783 2957 Futuri
1820 2919 1946 2960 vero
1986 2906 2169 2961 seculi

621 2992 874 3061 primitiae
916 2992 1202 3056 Christus;
1231 2993 1423 3047 deinde
1450 2993 1540 3063 qui
1572 2994 1776 3050 Christi
1822 3005 1949 3050 sunt
1977 2997 2031 3051 in
2078 2998 2174 3051 ad-

621 3091 783 3138 ventu
826 3083 962 3151 ejus.

2283 619 2411 683 κοὺς
2439 619 2532 672 καὶ
2560 618 2783 698 άρματά
2816 634 2937 670 τινα
2964 615 3266 687 autpr
3292 617 3322 668 ό
3346 615 3524 685 λόγος,
3551 615 3857 685 άγγελικὰς

2282 711 2521 781 ᾐνίττετο
2551 709 2827 779 δυνάμεις.
2866 710 3161 779 Λαμπῆναι
3203 707 3260 760 δέ
3296 707 3536 778 ἡμιόνων
3564 706 3860 778 σημαίνειν

2282 801 2487 854 ἐοίκασι
2508 800 2576 853 τά
2601 799 2700 868 τῆς
2726 799 3075 861 ἀναστάσεως
3098 797 3348 869 σώματα,
3377 792 3457 862 οἷς
3484 798 3858 867 ἐποχούμεναι

2281 894 2337 946 αί
2368 892 2535 961 ψυχαὶ
2573 893 2652 953 είς
2692 891 2790 961 τὴν
2820 890 3137 961 ἐπουράνιον
3177 888 3647 961 άναληφθήσονται
3676 886 3854 941 πόλιν.

2281 979 2355 1037 Εὖ
2384 983 2440 1036 δέ
2465 982 2676 1054 εἴρηται
2700 981 2978 1053 λαμπῆναι
3006 980 3091 1034 διὰ
3117 980 3216 1052 τὴν
3254 980 3643 1051 ἐκλάμπουσαν
3668 980 3857 1045 αὐτοῖς

2280 1074 2457 1139 δόξαν.

2354 1185 2373 1217 ι
2417 1166 2502 1227 Ὠς
2529 1163 2917 1231 άνενέγκαισαν
2944 1165 2991 1216 oi
3017 1163 3123 1217 υίοὶ⁵
3158 1160 3372 1233 Ἰσραήλ
3402 1162 3502 1226 τάς
3526 1161 3725 1226 θυσίας
3756 1160 3859 1217 αὖ·

2278 1257 2387 1311 τῶν
2440 1256 2561 1327 ἐμοὶ
2609 1254 2746 1325 μετὰ
2787 1254 3052 1324 ψαλμῶν·
3098 1255 3191 1307 καὶ
3236 1256 3333 1307 ἀπ’
3376 1254 3555 1306 αὐτῶν
3601 1254 3855 1324 λήψομαι

2282 1348 2446 1418 ίερεῖς
2473 1347 2566 1401 καὶ
2592 1347 2844 1410 Λευίτας,
2876 1341 2999 1399 εἷπε
3030 1346 3250 1416 Κύριος.
3291 1363 3311 1397 s
3345 1345 3558 1415 ’Ὥσπερ
3584 1340 3680 1397 οὖν
3726 1345 3853 1398 τότε

2280 1441 2419 1492 κατὰ
2446 1439 2537 1491 τὸν
2566 1437 2873 1508 σωματικὸν
2910 1437 3072 1507 νόμον
3111 1437 3205 1490 ἐπὶ⁵
3241 1437 3341 1506 τῆς
3374 1437 3616 1503 ἐπιγείου
3656 1437 3858 1509 Ἰερου-

2281 1530 2459 1598 σαλὴμ
2483 1528 2630 1582 ταῦτ’
2660 1528 2924 1599 ἔπραττον
2952 1530 2999 1579 οί
3031 1529 3129 1598 τὴν
3164 1528 3418 1599 λατρείαν
3446 1527 3849 1591 ἐπιτελοῦντες·

2278 1622 2367 1673 τὸν
2394 1622 2553 1673 αὑτὸν
2576 1618 2771 1691 τρόπον
2800 1618 2939 1670 κατὰ
2972 1618 3032 1671 τὸ
3057 1619 3148 1671 ἐπὶ
3184 1620 3287 1688 γῆς
3314 1619 3661 1689 παράδειγμα
3690 1620 3738 1673 oi
3765 1620 3856 1683 εἰς

2277 1713 2376 1783 τὴν
2406 1713 2653 1781 ούράνιον
2699 1708 3051 1781 Ἰερουσαλὴμ
3095 1709 3336 1772 ἀνιόντες
3374 1710 3561 1779 ἥξουσι
3610 1712 3730 1780 μετ’
3768 1710 3858 1763 οι-

2279 1802 2441 1855 κείων
2482 1802 2730 1873 καρπῶν,
2762 1795 2835 1854 ὧν
2882 1801 3109 1860 ἕκαστος
3150 1801 3206 1851 ἐν
3245 1798 3389 1869 ψυχῇ
3424 1798 3856 1870 μετακομίζεται

2278 1892 2463 1965 δώρων
2490 1894 2589 1964 τῆς
2611 1893 2718 1946 τῶν
2743 1890 2951 1963 ἀρετῶν
2981 1893 3043 1944 ἐκ
3071 1892 3463 1962 καρποφορίας.

2354 2000 2372 2031 ι
2414 1983 2508 2034 "Ov
2535 1980 2733 2051 τρόπον
2762 1982 2869 2053 γὰρ
2890 1983 2918 2034 ὁ
2943 1978 3167 2049 οὐρανὸς
3203 1980 3384 2041 καινὸς
3416 1979 3508 2031 καὶ
3543 1978 3578 2049 ἠ
3620 1978 3689 2048 γῆ
3720 1994 3852 2031 και-

2276 2071 2363 2141 νή,
2398 2071 2435 2125 ἃ
2461 2067 2570 2138 ἐγὼ
2602 2070 2766 2132 ποιῶ,
2810 2070 2959 2141 μένει
2982 2070 3207 2123 ἐνώπιον
3245 2068 3401 2141 ἐμοῦ,
3430 2069 3578 2137 λέγει
3600 2069 3803 2138 Κύριος
3833 2085 3850 2101 ’

2276 2162 2416 2215 οὕτω
2438 2164 2687 2234 στήσεται
2710 2162 2770 2213 τὸ
2804 2161 3022 2232 σπέρμα
3043 2162 3194 2232 ὑμῶν
3222 2162 3315 2214 καὶ
3345 2160 3404 2213 τὸ
3431 2160 3603 2230 ὄνομα
3634 2158 3849 2229 ὑμῶν.»

2277 2256 2338 2307 Ei
2363 2254 2469 2326 γάρ
2490 2254 2715 2325 οὐρανὸς
2742 2254 2924 2316 καινός
2960 2256 3075 2306 ἐστι
3104 2254 3199 2307 καὶ
3231 2256 3264 2324 ή
3292 2254 3365 2323 γῆ
3392 2252 3571 2318 καινὴ,
3615 2252 3710 2305 καὶ
3751 2252 3855 2304 Ἰε-

2280 2347 2555 2417 ρουσαλὴμ
2588 2345 2765 2416 καινὴ,
2815 2346 3103 2399 ἀκόλουθον
3135 2347 3202 2399 ἂν
3244 2344 3328 2415 εἴη
3384 2344 3475 2397 καὶ
3522 2344 3649 2405 τοὺς
3682 2344 3855 2412 ἱερεῖς

2276 2439 2369 2490 καὶ
2396 2438 2627 2500 Λευίτας
2660 2437 2875 2501 καινοὺς
2900 2436 3114 2489 ἔσεσθαι
3139 2454 3153 2466 ·
3184 2436 3262 2489 διὸ
3290 2438 3383 2489 καὶ
3416 2438 3473 2487 ἐν
3497 2438 3607 2496 τοῖς
3638 2434 3852 2506 ἐμπρο-

2277 2528 2399 2583 σθεν
2431 2529 2580 2598 ἔλεγε
2605 2545 2620 2559 °
2663 2548 2682 2581 t
2729 2530 2802 2583 Οὐ
2842 2528 3120 2599 μνησθῶσι
3161 2527 3268 2581 τῶν
3292 2528 3593 2597 προτέρων,
3625 2526 3721 2578 καὶ
3744 2526 3854 2579 οὐκ

2275 2620 2599 2691 ἀναϐήσεται
2651 2620 2828 2675 αὐτῶν
2866 2621 2958 2673 ἐπὶ
2989 2622 3089 2691 τὴν
3124 2619 3366 2691 καρδίαν.
3402 2636 3421 2669 ι
3458 2618 3539 2670 Τὰ
3599 2618 3699 2689 μὲν
3752 2613 3852 2670 οῦν

2276 2712 2467 2782 πρῶτα
2488 2712 2549 2765 ού
2580 2711 2807 2782 μένοντα
2830 2706 2898 2781 ἦν
2918 2727 2931 2740 ο
2970 2710 3050 2763 διδ
3104 2711 3319 2778 ἐλέγετο
3341 2726 3354 2739 ’
3393 2728 3412 2759 t
3452 2708 3695 2777 Οὐρανὸς
3728 2706 3854 2765 ’καὶ

2274 2804 2307 2873 ἡ
2335 2803 2404 2872 γῆ
2428 2802 2850 2871 παρελεύσονται
2872 2818 2887 2830 ·
2928 2820 2946 2851 s
2982 2801 3076 2853 καὶ
3107 2799 3299 2853 πάλιν·
3332 2817 3351 2847 ι
3386 2798 3733 2868 Εἱλιγήσεται
3758 2798 3855 2849 ού-

2274 2892 2435 2964 ρανὸς
2457 2892 2533 2956 ὡς
2560 2892 2780 2961 βιϐλίον,
2816 2892 2911 2943 καὶ
2940 2891 3111 2962 φθορᾷ
3143 2890 3475 2960 φθαρήσεται
3500 2891 3533 2959 ή
3568 2890 3665 2959 γῆ.
3691 2908 3710 2940 s
3738 2887 3853 2941 Τοῦ

2272 2984 2330 3037 δέ
2364 2982 2643 3053 μέλλοντος
2669 2981 2861 3043 αἰῶνος
2892 2981 3111 3051 ἀπαρχὴ
3145 2978 3379 3051 Χριστός
3401 2995 3415 3008 ·
3448 2978 3643 3031 ἔπειτα
3670 2980 3720 3032 οί
3750 2978 3851 3033 τοῦ

2272 3073 2507 3144 Χριστοῦ
2536 3074 2593 3124 ἐν
2628 3075 2692 3141 τῇ
2720 3071 2989 3142 παρουσίᾳ
3016 3069 3202 3123 αὑτοῦ.

693 3171 855 3225 Vens.
882 3172 975 3226 23.
1012 3189 1033 3223 ι
1071 3172 1135 3226 Et
1159 3173 1263 3227 erit
1300 3172 1500 3229 mensis
1543 3187 1611 3228 ex
1647 3190 1851 3238 mense.
1890 3185 1946 3231 et
1980 3178 2170 3233 sabba-

2348 3181 2369 3235 ι
2401 3163 2509 3215 Καὶ
2531 3161 2681 3215 ἔσται
2706 3160 2811 3231 μὴν
2848 3162 2910 3213 ἐκ
2939 3160 3125 3230 μηνὸς,
3158 3158 3252 3212 καὶ
3283 3157 3550 3213 σάϐϐατον
3602 3160 3669 3212 ἐκ
3715 3157 3849 3254 cras-

623 3273 734 3317 tum
776 3278 840 3317 es
879 3262 1123 3321 sabbato.
1158 3261 1348 3317 Veniet
1377 3266 1552 3320 omnis
1584 3279 1713 3321 caro
1743 3266 1810 3320 ad
1842 3267 2170 3321 adorandum

2274 3251 2457 3305 ϐάτου.
2484 3251 2640 3315 Ἥξει
2683 3251 2832 3303 πᾶσα
2862 3249 2998 3321 σὰρξ
3048 3248 3142 3302 τοῦ
3199 3250 3573 3321 προσκυνῆσαι
3615 3248 3853 3303 ἐνώπιον

622 3353 675 3407 in
718 3362 1009 3422 conspectu
1053 3369 1173 3410 meo
1216 3357 1267 3409 in
1312 3355 1632 3417 Jerusalem,
1669 3357 1799 3411 dicit
1838 3356 2119 3412 Dominus.
2145 3376 2165 3410 ι

624 3442 916 3496 Sabbatum
981 3451 1160 3497 autem
1209 3442 1407 3497 Christi
1458 3442 1794 3506 intelligendi
1846 3458 2007 3497 more
2046 3456 2175 3497 con-

618 3540 873 3599 gruenler
912 3532 1147 3600 accipias
1188 3547 1286 3601 pro
1320 3531 1760 3587 solemnitatibus
1818 3532 1871 3585 in
1914 3532 2051 3587 caelo
2084 3548 2173 3587 ce-

620 3620 861 3685 lebratis,
908 3630 963 3676 et
1007 3636 1103 3692 pro
1143 3623 1285 3677 veris
1329 3620 1439 3677 illic
1490 3624 1728 3679 sabbatis
1772 3623 1826 3677 in
1874 3624 2169 3689 mensibus,

618 3721 677 3765 ut
712 3712 787 3767 ibi
830 3727 925 3766 usu
958 3714 1203 3775 veniunt,
1242 3713 1599 3769 celebrandis.
1654 3714 1728 3768 De
1764 3714 1957 3784 quibus
2000 3716 2169 3783 proli-

618 3816 718 3856 xus
761 3810 815 3857 et
851 3804 1119 3872 explicatu
1149 3802 1379 3859 diilicilis
1415 3819 1593 3859 sermo
1618 3805 1981 3860 instituendus
2003 3814 2167 3870 esset,

617 3895 710 3963 qui
748 3893 907 3962 longo
945 3895 1055 3949 otio
1084 3904 1138 3949 et
1167 3896 1387 3965 proprio
1411 3906 1726 3965 argumento
1762 3911 1895 3966 opus
1925 3896 2166 3951 haberet.

621 3983 853 4038 Carnem
891 3992 1069 4037 autem
1106 3998 1317 4038 omnem
1374 3994 1531 4038 vocat
1586 3998 1773 4038 omnes
1821 3994 2044 4054 gentes;
2094 3985 2168 4038 ita

618 4073 760 4126 enim
807 4074 1054 4141 superius
1101 4074 1403 4137 dicebatur,
1448 4090 1467 4126 ι
1516 4072 1731 4129 Videbit
1781 4084 1957 4128 autem
1992 4074 2168 4130 omnis

617 4178 748 4217 caro
781 4162 1027 4218 Salutare
1058 4164 1150 4219 Dei
1176 4180 1191 4223 ς
1221 4173 1270 4216 et
1304 4162 1463 4228 alibi,
1503 4181 1521 4215 ι
1552 4162 1831 4217 Eﬂundam
1865 4165 1929 4219 de
1964 4162 2167 4231 Spiritu

616 4266 737 4307 meo
765 4266 924 4322 super
955 4267 1166 4307 omnem
1195 4266 1432 4314 carnem,
1484 4262 1537 4307 et
1566 4253 1963 4321 prophetabunt
1991 4254 2043 4307 in
2073 4251 2165 4307 Je-

615 4344 873 4397 rusalem.
936 4360 955 4394 ι
1004 4342 1288 4396 leestem
1354 4343 1553 4396 indicat
1596 4342 2021 4415 Jerosolymam,
2073 4346 2165 4401 ubi

618 4431 914 4486 Salvatoris
952 4431 1119 4484 nostri
1158 4444 1376 4499 regnum
1416 4434 1695 4486 consistet.

2272 3342 2406 3415 ἐμοῦ
2440 3345 2498 3396 ἐν
2535 3341 2897 3413 Ἰερουσαλὴμ,
2929 3336 3049 3393 εἷπε
3072 3339 3295 3412 Κύριος.
3330 3360 3348 3392 ι
3376 3341 3449 3393 Τὸ
3491 3341 3547 3394 δέ
3574 3341 3850 3406 σάϐϐατον

2270 3431 2503 3505 Χριστοῦ
2532 3432 2821 3485 ἀκόλουθόν
2850 3432 2966 3483 ἐστι
3009 3430 3151 3484 κατὰ
3199 3431 3435 3484 διάνοιαν
3476 3430 3848 3502 ἐκλαμϐάνειν

2269 3521 2368 3585 τὰς
2399 3525 2457 3575 ἐν
2485 3521 2699 3594 οὐρανῷ
2732 3520 2923 3595 ἐορτὰς
2946 3521 3040 3574 καὶ
3071 3520 3142 3573 τά
3186 3521 3362 3574 ἐκεῖσε
3421 3520 3666 3575 σάϐϐατα
3710 3523 3850 3593 άλη-

2273 3611 2392 3667 θινὰ
2424 3614 2516 3666 ἐπὶ
2544 3614 2669 3676 τοὺς
2701 3614 2871 3684 μῆνας
2890 3613 3016 3676 τοὺς
3042 3612 3175 3665 ἐκεῖ.
3210 3612 3345 3682 Πεεῗὶ
3388 3605 3463 3665 ὧν
3499 3613 3667 3675 πολὺς
3694 3614 3725 3664 ό
3757 3612 3849 3666 λό-

2272 3718 2365 3771 γος
2396 3703 2489 3755 καὶ
2518 3702 2963 3775 δυσερμήνευτος,
2988 3701 3179 3772 σχολῆς
3199 3719 3259 3754 τε
3292 3703 3504 3773 μακρᾶς
3521 3703 3616 3755 καὶ
3639 3702 3846 3768 οίκείας

2270 3793 2575 3855 ὑποθέσεως
2599 3794 2865 3864 δεόμενος.
2898 3793 3084 3863 Σάρκα
3107 3792 3165 3845 δὲ
3192 3794 3369 3845 πᾶσαν
3393 3792 3542 3861 λέγει
3570 3794 3746 3847 πάντα
3772 3794 3845 3849 τὰ

2269 3884 2393 3955 ἔθνη
2427 3883 2611 3937 τοῦτον
2664 3884 2941 3953 ὀνομάζων
2980 3882 3072 3936 τὸν
3113 3866 3343 3954 τρόπον’
3379 3883 3521 3936 οὕτω
3551 3883 3684 3951 γοῦν
3722 3884 3842 3939 su-

2268 3991 2395 4042 γετο
2432 3974 2526 4028 καὶ
2570 3973 2657 4027 διὰ
2688 3976 2793 4028 τῶν
2842 3973 3147 4045 ἔμπροσθεν
3172 3991 3186 4004 ·
3243 3993 3263 4026 t
3304 3974 3532 4045 Ὀψεται
3579 3974 3639 4027 δὲ
3690 3977 3846 4031 πᾶσα

2270 4066 2406 4138 σάρξ
2449 4066 2510 4119 τὸ
2542 4066 2813 4137 Σωτήρων
2842 4066 2932 4119 τοῦ
2960 4065 3093 4119 Θεοῦ
3112 4083 3125 4096 ·
3163 4082 3182 4118 ι
3214 4067 3307 4120 καὶ
3337 4065 3569 4136 ἀλλαχοῦ
3588 4083 3603 4097 ο
3647 4084 3666 4117 t
3713 4067 3840 4120 Ἔκ-

2269 4158 2377 4226 χεῶ
2408 4158 2513 4210 ἀπὸ
2544 4156 2635 4211 τοῦ
2663 4156 2974 4227 Πνεύματός
3016 4174 3115 4226 μου
3143 4158 3235 4209 ἐπὶ
3280 4159 3459 4215 πᾶσαν
3496 4159 3696 4230 σάρκα,
3746 4162 3842 4214 καὶ

2268 4249 2729 4320 προφητεύσουσιν
2770 4249 2828 4301 ἐν
2884 4248 3261 4318 Ἰερουσαλήμ.
3297 4268 3316 4300 s
3352 4251 3463 4321 Τὴν
3514 4251 3840 4322 ἐπουράνιον

2269 4342 2517 4411 σημαίνει
2554 4341 2925 4413 Ἰερουσαλήμ,
2952 4340 3082 4395 ἔνθα
3104 4343 3426 4411 συστήσεται
3450 4344 3484 4413 ή
3522 4341 3617 4395 τοῦ
3652 4342 3841 4413 Σωτῆ-

2269 4448 2359 4502 ρος
2378 4433 2529 4502 ήμῶν
2558 4432 2821 4503 βασιλεία.

686 4523 851 4576 Vsss.
886 4521 975 4574 Ξί.
1017 4538 1035 4571 ι
1083 4519 1149 4575 Ει
1178 4521 1405 4575 exibunt
1432 4530 1487 4575 et
1524 4522 1776 4575 videbunt
1810 4524 2045 4579 membra
2072 4524 2169 4579 lio-

2338 4542 2356 4575 ι
2411 4524 2519 4576 Καὶ
2569 4524 2936 4590 ἐξελεύσονται
2998 4527 3092 4580 καὶ
3142 4526 3361 4590 ϐψονται
3410 4526 3478 4578 τὰ
3518 4526 3668 4579 κῶλα
3722 4526 3836 4580 τῶν

616 4615 839 4678 minum,
874 4613 963 4681 qui
998 4613 1333 4681 praevaricati
1380 4622 1504 4667 sunt
1544 4614 1597 4667 in
1634 4626 1739 4666 me.
1768 4610 1979 4667 Vermis
2014 4615 2159 4668 enim

613 4718 797 4758 eorum
827 4718 931 4756 non
963 4704 1239 4769 morietur,
1268 4712 1321 4757 et
1346 4702 1484 4773 ignis
1509 4716 1693 4757 eorum
1721 4716 1825 4756 non
1854 4704 2164 4773 exstingue-

612 4803 724 4857 tur,
761 4801 815 4847 et
848 4803 1007 4846 erunt
1036 4794 1087 4847 in
1113 4803 1455 4861 conspectum
1490 4795 1634 4847 omni
1662 4794 1836 4847 carni.
1870 4815 1889 4846 ι
1920 4793 2151 4859 Quinam

611 4883 667 4937 hi
698 4890 875 4937 essent
902 4882 1057 4936 initio
1086 4881 1380 4951 prepbetiae
1402 4882 1535 4935 dixit
1568 4884 1651 4937 his
1680 4883 1893 4938 verbis:
1934 4902 1953 4935 ι
1994 4881 2159 4938 Filios

610 4977 805 5044 genui,
850 4985 905 5029 et
948 4974 1223 5029 exaltavi:
1261 4974 1359 5038 ipsi
1408 4984 1584 5028 autem
1627 4986 1947 5045 spreverunt
1992 4990 2096 5029 me.
2135 4994 2155 5028 ι

610 5064 707 5118 llis
734 5078 861 5131 ergo
898 5065 1201 5118 subindicat
1234 5064 1351 5116 illos
1390 5079 1455 5117 ex
1481 5062 1697 5128 Judzeis,
1728 5065 1819 5133 qui
1854 5065 2150 5119 salutarem

611 5154 839 5223 gratiam
881 5154 1252 5221 repudiarunt.
1291 5152 1443 5207 Hunc
1494 5152 1778 5221 impiorum
1827 5168 1950 5210 esse
2000 5156 2187 5209 linem'

609 5244 795 5297 delinit
827 5243 1070 5299 Salvator
1104 5254 1286 5299 noster
1333 5245 1383 5299 in
1428 5245 1746 5315 Evangeliis,
1778 5260 1874 5302 eos
1909 5248 1999 5318 qui
2030 5263 2059 5300 a
2088 5248 2162 5301 si-

611 5336 793 5389 nistris
823 5336 940 5405 ejus
987 5337 1208 5390 stabunt
1254 5337 1332 5390 sic
1378 5336 1692 5403 alloquens:
1725 5356 1743 5389 ι
1792 5337 2059 5393 Discedite
2101 5340 2154 5391 in

609 5426 784 5495 ignem
809 5438 1093 5493 mternum,
1112 5440 1353 5497 paratum
1377 5429 1589 5482 diabolo
1607 5430 1873 5498 etangelis
1896 5429 2013 5499 ejus
2030 5429 2093 5481 ³⁸.
2129 5447 2149 5480 ι

610 5517 1067 5579 Quemadmodum
1098 5518 1261 5587 igitur
1292 5518 1365 5572 ibi
1396 5528 1630 5572 atternus
1660 5520 1858 5573 dicitur
1885 5520 2042 5589 ignis,
2073 5522 2153 5574 sic

611 5615 661 5658 et
690 5607 788 5661 hoc
814 5607 931 5661 loco
966 5627 984 5659 ι
1008 5610 1460 5681 inesstinguibilis
1486 5610 1699 5675 dicitur,
1728 5625 1831 5665 una
1862 5611 2154 5679 eademque

674 5782 720 5815 ³⁸
739 5780 923 5839 Iailli.
955 5798 1079 5846 xxv,
1106 5785 1193 5843 ll.

2268 4613 2564 4684 ἀνθρώπων
2615 4615 2723 4667 τῶν
2783 4616 3241 4688 παραϐεϐηκότων
3295 4618 3353 4669 ἐν
3425 4616 3566 4686 ἐμοί.
3609 4618 3669 4670 ’0
3724 4618 3834 4691 γὰρ

2269 4703 2477 4775 σκώληξ
2506 4705 2683 4757 αὐτῶν
2712 4706 2771 4757 ού
2797 4706 3125 4777 τελευτήσει,
3153 4707 3243 4759 καὶ
3286 4706 3347 4759 τὸ
3396 4706 3506 4777 πῦρ
3546 4706 3725 4760 αὐτῶν
3766 4708 3832 4760 οὐ

2268 4792 2639 4864 σϐεσθήσεται,
2670 4796 2764 4848 καὶ
2812 4796 3025 4848 ἔσονται
3066 4798 3146 4860 είς
3184 4797 3373 4867 ὅρασιν
3399 4797 3548 4869 πάσῃ
3576 4798 3761 4867 σαρκί.
3806 4814 3827 4847 s

2266 4878 2417 4943 Τίνες
2437 4880 2494 4932 δέ
2518 4876 2658 4951 ἦσαν
2689 4874 2852 4945 οὗτοι,
2880 4884 2937 4935 ἐν
2960 4884 3098 4954 ἀρχῇ
3134 4882 3235 4955 τῆς
3268 4884 3601 4955 προφητείας
3640 4884 3829 4955 ἐδήλου

2263 4974 2467 5043 λέγων’
2504 4994 2522 5026 t
2557 4974 2715 5037 Υίοὺς
2756 4976 3035 5046 ἐγέννησα,
3077 4979 3170 5031 καὶ
3210 4978 3431 5048 ι’θψιιισα⁹
3479 4978 3632 5030 αὐτοὶ
3662 4978 3719 5031 δέ
3759 4994 3831 5049 με

2258 5066 2542 5136 ἠθέτησαν.
2582 5085 2599 5116 ι
2644 5065 2886 5135 ᾘνίξατο
2910 5068 3083 5121 τοίνυν
3123 5070 3251 5132 τοὺς
3300 5070 3367 5121 ἐκ
3422 5068 3517 5121 τοῦ
3557 5070 3831 5125 Ἰουδαίων

2258 5158 2439 5221 ἔθνους
2470 5159 2565 5229 τὴν
2586 5159 2849 5228 σωτήριον
2873 5158 3238 5230 ἀθετήσαντας
3263 5161 3443 5231 χάριν.
3484 5161 3549 5213 Ὃ
3577 5161 3643 5231 δὴ
3674 5162 3830 5229 τέλος

2258 5247 2365 5301 τῶν
2390 5249 2602 5302 ἀσεϐῶν
2630 5248 2868 5318 ὁρίζεται
2898 5251 2991 5304 καὶ
3018 5252 3045 5303 ό
3073 5252 3263 5323 Σωτὴρ
3290 5252 3445 5322 ἡμῶν
3484 5256 3543 5305 ἐν
3574 5252 3825 5323 Εὐάγγε-

2258 5337 2391 5402 λίοις
2412 5338 2580 5392 είπὼν
2603 5343 2717 5402 τοῖς
2742 5340 2819 5402 είς
2846 5342 2915 5393 τὰ
2942 5341 3203 5413 ἀριστερὰ
3229 5341 3393 5395 αὑτοῦ
3431 5346 3782 5413 στησομένοις
3805 5362 3823 5379 ο

2265 5447 2283 5479 ι
2320 5429 2619 5500 Πορεύεσθε
2643 5432 2721 5492 εἰς
2754 5430 2815 5483 τὸ
2848 5430 2959 5504 πῦρ
2983 5432 3043 5485 τὸ
3065 5430 3301 5495 αἰώνιον,
3334 5434 3395 5486 τὸ
3421 5435 3824 5505 ἡτοιμασμένον

2257 5518 2333 5589 τῷ
2356 5520 2586 5590 διαϐόλῳ
2632 5521 2727 5573 καὶ
2762 5525 2872 5585 τοῖς
2916 5524 3166 5592 ἀγγέλοις
3204 5523 3386 5577 αὑτοῦ.
3430 5544 3450 5576 ι
3484 5526 3697 5597 Ὠσπερ
3728 5524 3823 5581 οὖν

2256 5612 2370 5664 ἐκεῖ
2400 5612 2615 5667 αἰώνιον
2644 5612 2855 5685 εἴρηται
2891 5615 3021 5686 πῦρ,
3066 5616 3207 5670 οὕτω
3252 5615 3344 5669 καὶ
3393 5616 3627 5672 ἐνταῦθα
3660 5618 3824 5673 ἄσϐε-
