4062 6398
345 418 453 476 829
1514 414 1957 474 COIMENTAR?

1992 415 2022 471 ι
2057 413 2129 471 ΙΝ
2167 412 2423 471 ιυω.
3491 418 3598 478 550

349 533 635 591 Palatinus
672 534 814 598 Vat.,
846 550 881 588 a
906 533 1055 588 nobis
1087 534 1367 588 denotatus
1396 533 1572 589 littera
1602 534 1671 602 B,
1698 535 1790 604 qui
1820 536 2023 604 pariter
2051 542 2297 589 catenam
2323 533 2477 588 liabet
2500 532 2569 588 ad
2600 532 2821 599 Lucam,
2853 532 2919 587 ab
2948 530 3045 587 illa
3072 530 3277 591 Nicetis
3305 531 3596 590 diuersam.

346 630 556 686 Tertius
587 642 663 686 est
699 630 925 686 Πασαήὶ
952 627 1362 699 Cbrysocephali
1391 631 1558 685 codex
1584 628 1636 683 E
1674 628 1796 688 Vat.
1831 631 1957 685 item
1990 630 2251 695 ineditus,
2280 632 2453 684 uarios
2488 629 2606 700 ejus
2648 630 2706 685 in
2734 628 2936 685 Lucam
2980 638 3242 686 tractatus
3294 631 3597 698 continens,

340 738 412 778 ea:
448 722 721 786 Patribus,
782 739 912 793 quos
962 725 1099 778 inter
1154 732 1231 778 est
1259 724 1415 779 etiam
1468 722 1757 792 Eusebius,
1790 726 1860 779 ad
1902 725 2135 779 litteram
2197 725 2607 795 nominatimque
2650 726 3066 781 consarcinatae.
3115 725 3351 790 Quartus
3378 727 3600 798 denique

300 876 307 881 ,
344 819 514 873 codex
543 817 928 872 Ottobonianus
968 817 1089 874 Vat.
1124 836 1272 886 atque
1300 828 1547 874 catenam
1576 820 1645 874 ad
1680 819 1880 875 Lucam
1914 820 2212 887 continens,
2245 835 2397 889 quem
2422 819 2659 875 codicem
2687 830 3009 891 postremum
3052 837 3171 876 cum
3203 821 3596 891 inspiceremus,

337 923 536 984 preter
571 910 684 965 alia
712 928 833 966 cum
865 914 1137 976 pradictis
1171 914 1438 970 codicibus
1465 916 1832 986 congruentia,
1862 931 1997 970 noua
2025 914 2200 970 adhuc
2253 912 2474 969 Eusebii
2521 915 2827 986 fragmenta
2860 916 3006 971 nacti
3048 932 3250 971 sumus.
3290 914 3447 970 Hunc
3480 916 3596 972 dis-

339 1009 629 1078 tinguimus
660 1016 785 1063 nota
816 1006 879 1062 L.
904 1008 1032 1064 lam
1056 1027 1177 1065 vero
1210 1019 1411 1065 catena
1442 1009 1665 1064 Patrum
1697 1010 1753 1063 in
1784 1006 2010 1078 Lucam,
2036 1020 2232 1077 praeter
2278 1018 2515 1065 nostram
2546 1008 2790 1066 Graecam
2818 1027 2979 1078 quam
3007 1010 3265 1078 diximus,
3317 1011 3441 1065 duas
3480 1008 3590 1065 La-

337 1102 457 1156 tino
486 1110 694 1161 tantum
742 1118 982 1158 sermone
1020 1104 1175 1158 edita
1218 1104 1515 1168 exstabant,
1571 1102 1677 1157 diui
1728 1102 1985 1156 nimirum
2038 1100 2251 1157 Thema
2285 1101 2595 1172 Aquinatis,
2629 1111 2677 1156 et
2697 1099 3031 1157 Balthasaris
3061 1100 3336 1169 Corderii;
3370 1118 3605 1173 quorum

332 1197 488 1266 prior
515 1200 713 1264 rarius,
760 1199 929 1253 altera
972 1198 1234 1268 copiosius
1278 1197 1565 1252 Eusebium
1612 1198 1752 1251 inter
1778 1204 1998 1252 ceteros
2029 1195 2219 1251 Patres
2249 1198 2508 1276 recitent,
2549 1194 2919 1251 Verumtamen
2961 1193 3180 1252 Grccus
3213 1196 3387 1276 adhuc
3419 1205 3599 1251 textus

329 1301 480 1348 totus
516 1292 756 1360 latebat;
788 1304 838 1348 et
868 1292 1036 1348 multa
1064 1294 1279 1362 insuper
1308 1310 1370 1347 ne
1398 1292 1587 1371 Latine
1616 1294 1823 1363 quidem
1857 1292 2069 1363 cognita
2094 1300 2270 1346 erant.
2297 1289 2471 1346 Porro
2487 1270 2560 1346 .in
2594 1287 2783 1345 Graeca
2830 1300 3039 1355 catena,
3087 1305 3249 1361 quam
3298 1270 3597 1357 nuperrime

329 1388 416 1441 uir
457 1386 525 1442 cl.
564 1386 623 1445 J.
660 1392 727 1442 Α.
757 1387 1040 1442 Cramerus
1082 1386 1285 1443 Ozonii
1312 1388 1503 1457 edidit,
1543 1403 1805 1459 quamque
1844 1403 1939 1459 ego
1976 1387 2063 1443 his
2096 1385 2280 1441 diebus
2304 1400 2371 1441 eu
2392 1384 2587 1457 Anglia
2620 1384 2823 1456 accepi,
2867 1383 3073 1439 nullum
3109 1398 3324 1449 prorsus
3372 1378 3595 1436 Eusebii

326 1479 543 1534 uerbum
572 1480 840 1535 recitatur.

344 1605 3553 1637 *Μ

1016 1772 1824 1905 ΕΥΣΕΒΙΟΥ
1900 1746 2897 1904 ΚΑΙΣΑΡΕΙΑΣ

919 2014 1313 2101 ΕΙΣΤο
1387 2005 1689 2099 ΚΑΤΑ
1759 2008 2223 2099 ΛΟΥΚΑΝ
2295 2010 3024 2099 ΕΥΑΓΓΕΛΙΟΝ.

1130 2371 1682 2491 EUSEBII
1761 2364 2737 2486 CJESARIENSIS

747 2605 1599 2699 COMMEN‘TARII
1678 2607 1801 2698 IN
1880 2606 2220 2698 LUCIE
2292 2603 3083 2699 EVANGELIUM

1115 2797 1457 2867 QUANTUM
1498 2796 1859 2855 SUPEREST
1896 2796 1963 2853 IN
2000 2792 2359 2853 CODICJBUS
2400 2791 2786 2850 VATICANIS.

327 3106 423 3159 Ἑν
468 3103 597 3171 ταῖς
655 3103 901 3173 ἡμέραις
957 3102 1209 3176 ᾙρῴδου
1270 3103 1376 3158 τοῦ
1433 3105 1740 3172 ,ϐασιλέως
1795 3105 1901 3173 τῆς
1930 3110 1957 3166 Α

2250 3107 2297 3138 ⁵⁸
2340 3105 2409 3160 In
2448 3105 2629 3159 diebus
2676 3104 2904 3159 Herodis
2933 3104 3142 3160 ludant
3172 3107 3326 3176 regis.

957 3173 1262 3240 Ἰουδαίας.

392 3243 460 3296 Ἦ
490 3242 599 3313 γὰρ
648 3241 742 3295 τοῦ
789 3242 955 3295 Ἰούδα
997 3242 1136 3314 φυλὴ
1177 3234 1383 3300 ἄνωθεν
1436 3242 1507 3318 ἦν
1548 3246 1769 3319 ἀρχικὴ,
1801 3248 1894 3299 καὶ

2071 3266 2295 3323 Scilicet
2324 3266 2478 3322 ledae
2504 3265 2680 3321 tribus
2706 3264 2836 3321 olim
2889 3266 3324 3337 principabatur,
3371 3267 3579 3339 totique

305 3336 498 3407 ἡγεῖτο
527 3335 743 3387 πάντων
786 3334 890 3397 ἓως
920 3329 1059 3404 ἦσαν
1106 3336 1413 3409 αὐτόνομοι,
1446 3340 1589 3394 κατὰ
1624 3342 1722 3412 τὴν
1768 3358 1895 3412 προ-

306 3426 559 3497 φητείαν.
612 3422 794 3480 *Ησαν
848 3424 905 3478 δὲ
962 3424 1126 3497 μέχρι
1168 3426 1276 3480 τῶν
1329 3428 1641 3497 Αὐγούστου
1686 3432 1892 3503 χρόνων

305 3517 585 3589 ἐλεύθεροι
612 3519 705 3572 καὶ
726 3517 1032 3588 αὐτόνομοι,
1066 3517 1188 3572 καθ’
1220 3520 1300 3585 δν,
1336 3522 1575 3593 Χριστοῦ
1610 3526 1889 3592 φανέντος,

304 3611 371 3665 τδ
395 3610 547 3674 ἔθνος
572 3611 715 3665 ἔιπαν
736 3610 1052 3666 δεδούλωται
1072 3628 1089 3643 ο
1120 3613 1210 3667 δτι
1234 3614 1327 3667 καὶ
1357 3615 1573 3687 πριῖπος
1596 3617 1891 3686 ἀλλόφυλος

303 3703 487 3758 αὐτῶν
516 3704 762 3776 Ἡρώδης
790 3706 1057 3777 ἡγήσατο,
1082 3708 1177 3761 καὶ
1210 3707 1461 3778 βασιλεὺς
1510 3709 1836 3779 Αὔγουστος,
1860 3714 1889 3765 ὁ

304 3796 405 3851 καὶ
429 3796 530 3865 τὴν
552 3796 727 3867 ἀρχὴν
751 3798 1064 3869 ἐγχειρίσας
1094 3799 1245 3871 αὑτῷ
1277 3801 1417 3871 μετὰ
1430 3802 1531 3872 τῆς
1562 3804 1885 3875 συγκλήτου,

301 3886 405 3957 τῆς
429 3886 756 3957 οἰκουμένης
786 3884 900 3959 εἶχε
928 3890 997 3944 τὰ
1042 3891 1320 3963 σκῆπτρα.
1354 3888 1463 3946 Ἦν
1488 3894 1545 3947 δὲ
1584 3897 1611 3948 ὁ
1649 3895 1889 3967 Ἡρὼἂης

302 3974 366 4041 ἐξ
428 3976 780 4048 ’Δντιπάτρου
837 3978 1096 4046 γεγονὼς,
1147 3981 1209 4033 τὸ
1258 3982 1415 4050 γένος
1468 3984 1885 4051 Ἀσκαλωνίτου,

306 4067 610 4137 ἱεροδούλου
626 4068 981 4134 Ἀπόλλωνος,
1010 4074 1104 4125 καὶ
1132 4074 1419 4145 Κυπρίνης
1446 4075 1559 4145 (44)
1589 4077 1649 4142 ἐξ
1686 4079 1886 4151 ’Δῤῥά-

303 4156 417 4210 ϐων
443 4159 667 4228 μητρός.
703 4152 873 4224 Οὗτος
918 4162 1047 4233 γὰρ,
1073 4163 1167 4217 τὸν
1202 4167 1267 4218 ἐκ
1291 4165 1543 4237 διαδοχῆς
1567 4169 1676 4223 τῶν
1698 4170 1885 4241 ἀρχιε-

305 4249 445 4321 ρέων
466 4248 692 4303 ὕστατον
724 4253 1349 4327 ἡγησάμενονὙρκανὸν
1370 4258 1591 4323 ἀνελὼν,
1623 4261 1885 4316 Ἰουδαίων

302 4345 690 4417 ἀναγορεύεται
745 4344 1015 4415 βασιλεύς.
1070 4346 1272 4399 Τούτου
1322 4347 1417 4399 καὶ
1458 4346 1552 4400 νῦν
1597 4351 1626 4401 ὁ
1671 4352 1884 4414 Λουκᾶς

2000 3357 2142 3427 genti
2185 3356 2515 3427 imperabat,
2562 3358 2736 3411 donec
2790 3344 2961 3411 ’udasi
3020 3357 3101 3412 sui
3147 3357 3289 3428 juris
3334 3356 3576 3423 fuerunt,

1999 3450 2296 3504 secundum
2330 3447 2670 3518 prophetiam
2692 3446 2761 3501 δι.
2790 3448 3031 3503 Fuerant
3059 3450 3277 3519 quidem
3325 3451 3380 3505 bi
3418 3450 3577 3507 liberi

1998 3541 2342 3611 propriisque
2389 3538 2600 3609 legibus
2626 3548 2843 3595 utentes
2878 3553 3051 3609 usque
3084 3539 3150 3593 ad
3180 3540 3409 3613 Augusti
3443 3552 3578 3597 mta-

1998 3644 2130 3696 tem,
2182 3648 2290 3702 quo
2361 3644 2624 3703 tempore,
2674 3642 2975 3702 apparente
3016 3633 3261 3699 Christo,
3318 3626 3576 3689 universa

1996 3739 2130 3795 gens
2157 3725 2209 3779 in
2240 3724 2519 3779 servitium
2552 3724 2773 3787 redacta
2798 3724 2913 3795 jam
2938 3735 3078 3790 erat,
3106 3734 3162 3780 et
3195 3725 3406 3797 primus
3437 3726 3575 3783 alie—

1998 3816 2191 3885 nigena
2263 3816 2646 3872 dominabatur
2706 3816 2954 3873 Herodes
3004 3837 3019 3885 ;
3084 3818 3383 3887 imperator
3444 3834 3577 3874 vero

1995 3911 2295 3976 Augustus,
2328 3908 2417 3976 qui
2446 3918 2500 3963 et
2530 3909 2605 3962 illi
2642 3924 2711 3964 ex
2753 3920 2979 3966 senatus
3022 3909 3271 3965 consulto
3297 3910 3574 3979 principa-

1996 4007 2107 4051 tum
2165 3999 2449 4059 detulerat,
2507 4000 2749 4055 universi
2791 4000 2941 4056 orbis
2998 4011 3273 4069 sceptrum
3324 4003 3571 4056 tenebat.

1995 4088 2125 4143 Erat
2154 4098 2333 4144 autem
2372 4090 2611 4145 Herodes
2647 4092 2924 4161 Antipatri
2972 4091 3363 4147 Ascalonensis
3404 4090 3574 4155 ﬁlius,

1993 4180 2261 4251 Apollinis
2290 4182 2595 4236 ministerio
2624 4183 2846 4248 addicti,
2880 4183 3057 4239 matre
3095 4182 3334 4255 Cyprius
3365 4182 3570 4238 Arabe.

1994 4271 2093 4327 Hic
2122 4273 2291 4338 enim,
2321 4274 2682 4328 sacerdotalis
2716 4276 3088 4330 successionis
3115 4286 3392 4345 postremo
3422 4277 3575 4346 prin-

1992 4364 2113 4432 cipe
2158 4362 2408 4433 ilyrcano
2455 4363 2654 4427 occiso,
2705 4360 3018 4415 Judzeorum
3076 4363 3426 4417 renuntiatus
3477 4378 3574 4416 rex

305 4435 602 4505 μέμνηται,
629 4436 718 4489 ἵνα
754 4436 1025 4507 δείξῃ,ὃτι
1065 4435 1281 4507 ἀληθῶς
1331 4433 1496 4508 ἦλθεν
1546 4440 1575 4491 ὁ
1626 4440 1883 4511 Χριστὸς.
1917 4466 1957 4520 Β

1992 4456 2109 4509 l'uit.
2148 4453 2318 4523 Hujus
2363 4470 2507 4509 nunc
2556 4456 2805 4509 meminit
2866 4455 3064 4519 Lucas,
3118 4464 3179 4509 ut
3229 4454 3575 4509 demonstret

301 4525 631 4579 ἐκλιπόντων
656 4526 764 4579 τῶν
805 4528 955 4599 παρὰ
992 4532 1103 4591 τοῖς
1144 4527 1417 4592 Ἰουδαίοις
1447 4530 1723 4601 ἀρχόντων
1749 4535 1889 4588 κατὰ

299 4612 401 4675 τὴν
434 4616 788 4686 προφητείαν.

295 4705 412 4759 Kal
461 4701 593 4759 εἷπε
641 4707 941 4795 Ζαχαρίας
967 4707 1137 4795 ᾼϐιρᾷς
1175 4708 1285 4789 rd!
1324 4708 1601 4780 ἄγγελον
1632 4713 1796 4766 Κατὰ
1825 4713 1884 4766 τι

820 4779 1124 4846 γνώσομαι
1150 4779 1364 4843 τοῦτο;

372 4864 528 4922 Ποῖον
552 4869 778 4937 σημεῖον
801 4866 1067 4931 δεικνύεις
1105 4886 1213 4939 μοι,
1234 4872 1388 4941 φησὶ,
1424 4871 1512 4925 ἵνα
1540 4872 1744 4926 πεισθῶ
1769 4878 1875 4938 τοῖς

299 4953 408 5009 ὑπὸ
464 4956 558 5009 σοῦ
614 4959 1090 5029 προφητευθεωιν,
1156 4962 1231 5025 ὡς
1291 4964 1542 5033 μέλλουσι
1594 4966 1878 5033 γίνεσθαι;

298 5043 491 5115 Σχεδὸν
518 5046 627 5119 γὰρ
663 5048 814 5119 παρὰ
839 5049 1000 5119 φύσιν
1033 5052 1151 5106 ἐστὶ
1180 5053 1240 5107 τὸ
1261 5048 1449 5125 λεχθέν
1468 5073 1481 5085 ·
1519 5058 1567 5109 οἱ
1600 5056 1707 5130 γὰρ
1749 5076 1882 5131 προ-

296 5132 594 5205 ϐεϐηκότες
620 5138 680 5191 οὑ
704 5142 1095 5207 γονοποιοῦσιν.
1113 5144 1260 5199 Ἔδει
1282 5146 1339 5199 δὲ
1357 5147 1432 5218 μὴ
1457 5148 1591 5220 πρὸς
1621 5131 1682 5203 ιῖὺ
1704 5151 1878 5224 γῆρας

296 5225 510 5298 ἀφορᾷν
540 5228 601 5281 τὸ
646 5230 840 5297 ἑαυτοῦ
885 5233 979 5287 καὶ
1008 5237 1288 5303 γυναικὸς,
1324 5238 1461 5293 ἀλλὰ
1488 5242 1627 5313 πρὸς
1660 5244 1758 5314 τὴν
1785 5244 1879 5297 δύ-

296 5330 463 5405 ναμιν
483 5319 578 5372 τοῦ
623 5321 1095 5395 ἐπαγγελλομένου
1149 5326 1306 5382 Θεοῦ.
1355 5330 1517 5385 Ἀλλὰ
1548 5334 1617 5387 τὰ
1669 5336 1883 5405 μεγάλα

296 5392 597 5473 δυσὲῗρικτα
626 5392 739 5473 τοῖς
788 5392 1117 5483 ἀνθρὼποις,
1168 5417 1264 5471 καὶ
1315 5392 1683 5488 συγγινώσκει
1716 5392 1877 5490 ὁεός·

297 5495 396 5589 καὶ
422 5498 531 5569 γὰρ
576 5501 685 5553 οὐδ’
712 5505 875 5570 αὐτὸς
910 5506 1159 5580 Ἀϐραὰμ
1208 5511 1286 5575 ὡς
1328 5514 1496 5585 ἐχρῆν
1543 5515 1879 5589 ἐπίστευσεν,

293 5586 437 5644 ἀλλὰ
458 5589 530 5643 τὰ
550 5592 741 5663 πρῶτα
757 5598 849 5651 καὶ
870 5600 1097 5667 ἐγέλασε
1124 5604 1220 5657 καὶ
1240 5600 1410 5659 εἶπεν⁴
1430 5626 1449 5659 ι
1466 5607 1532 5661 Et
1556 5609 1635 5679 τῷ
1658 5586 1883 5670 suarm;

368 5708 574 5801 estne.
615 5728 659 5777 ι,
685 5714 745 5770 5.
818 5717 862 5749 “
887 5716 1022 5775 Gen.
1052 5737 1199 5795 χιιι,
1228 5723 1314 5780 i0.
1391 5727 1590 5786 “Luc.
1631 5748 1669 5801 ι,
1732 5735 1817 5793 £8.

377 5797 491 5871 (ιι)
525 5802 658 5861 Cod.
691 5803 754 5874 Ε,
775 5807 1073 5881 Κυπρίδος.

1998 4561 2121 4600 rere
2180 4547 2393 4599 venisse
2455 4547 2772 4612 Christum,
2849 4547 3195 4602 cessantibus
3260 4546 3572 4601 Judaaorum

1993 4637 2231 4705 propriis
2257 4639 2621 4707 principibus,
2657 4649 2817 4708 prout
2850 4638 3173 4709 praedictum
3202 4638 3403 4696 fuerat.

2065 4728 2111 4759 “
2139 4727 2207 4782 Et
2246 4730 2383 4784 dixit
2418 4731 2605 4800 angelo
2640 4729 2959 4797 Zacharias,
2988 4731 3127 4785 unde
3156 4732 3253 4785 hoc
3289 4731 3495 4785 sciam!

2067 4887 2349 4955 Quodnam
2378 4890 2511 4943 mihi
2550 4890 2764 4960 signum
2794 4892 3059 4957 ostendis,
3094 4906 3203 4961 quo
3233 4892 3406 4947 fretus
3446 4906 3569 4947 cre-

1986 4981 2109 5034 dam
2162 4980 2427 5035 vaticinio
2482 4989 2601 5046 tuo,
2664 4991 2919 5052 tanquam
2977 4983 3082 5037 lide
3128 5000 3235 5039 non
3290 4983 3569 5039 caritura!

1986 5068 2121 5125 Nam
2150 5072 2296 5142 quod
2330 5074 2415 5126 ais
2443 5112 2459 5137 ,
2496 5083 2696 5142 praeter
2724 5083 2975 5131 naturam
3026 5078 3413 5146 propemodum
3450 5088 3565 5142 est;

1986 5176 2147 5231 aenea
2172 5165 2318 5218 enim
2354 5164 2773 5236 haudquaquam
2820 5179 3137 5239 procreant.
3188 5172 3353 5241 Atqui
3400 5185 3567 5241 opor-

1989 5253 2137 5309 tebat
2165 5255 2488 5311 Zachariam
2525 5259 2667 5314 haud
2701 5262 2769 5316 de
2801 5276 2901 5318 suo
2930 5272 2986 5317 et
3016 5265 3208 5320 uxoris
3256 5264 3430 5331 senio,
3469 5265 3565 5320 sed

1986 5345 2053 5401 de
2082 5348 2453 5417 promittentis
2502 5351 2597 5406 Dei
2638 5355 2880 5421 potentia
2930 5359 3190 5428 cogitare.
3238 5359 3562 5429 Quanquam

1985 5454 2075 5494 res
2108 5454 2332 5511 magnas
2361 5458 2503 5515 aegre
2530 5445 2631 5501 sibi
2650 5447 2903 5505 homines
2933 5451 3296 5520 persuadent:
3334 5452 3563 5521 ideoque

1987 5529 2131 5585 Deus
2157 5532 2495 5606 indulgentia
2526 5538 2718 5594 utitur.
2751 5538 2889 5596 Nam
2936 5556 3007 5599 ne
3052 5542 3396 5599 Abrahamus
3438 5544 3564 5615 qui-

1989 5623 2111 5679 dem
2145 5635 2312 5695 prout
2353 5642 2491 5700 opus
2517 5641 2636 5689 erat
2662 5634 2921 5706 credidit,
2971 5639 3070 5694 sed
3114 5638 3271 5694 initio
3313 5639 3437 5696 risit
3472 5641 3562 5696 di-
