  <div class='ocr_page' id='page_1' title='image "/cluster/home/n/w/nwhite01/storage/ocr_20150623/24/ien.35556001660497/279.png"; bbox 0 0 4062 6398; ppageno 0'>
   <div class='ocr_carea' id='block_1_1' title="bbox 576 391 684 451">
    <p class='ocr_par' dir='ltr' id='par_1_1' title="bbox 576 391 684 451">
     <span class='ocr_line' id='line_1_1' title="bbox 576 391 684 451; baseline 0 0"><span class='ocrx_word' id='word_1_1' title='bbox 576 391 684 451; x_wconf 73' lang='lat'><strong>835</strong></span> 
     </span>
    </p>
   </div>
   <div class='ocr_carea' id='block_1_2' title="bbox 1238 383 3087 447">
    <p class='ocr_par' dir='ltr' id='par_1_2' title="bbox 1238 383 3087 447">
     <span class='ocr_line' id='line_1_2' title="bbox 1238 383 3087 447; baseline -0.001 -3"><span class='ocrx_word' id='word_1_2' title='bbox 1238 384 1500 444; x_wconf 77' lang='lat' dir='ltr'><strong>EUSEBII</strong></span> <span class='ocrx_word' id='word_1_3' title='bbox 1537 383 2004 442; x_wconf 62' lang='lat' dir='ltr'><strong>CESARIENSIS</strong></span> <span class='ocrx_word' id='word_1_4' title='bbox 2040 384 2192 443; x_wconf 81' lang='lat' dir='ltr'><strong>OPP.</strong></span> <span class='ocrx_word' id='word_1_5' title='bbox 2231 386 2410 445; x_wconf 76' lang='lat' dir='ltr'><strong>PARS</strong></span> <span class='ocrx_word' id='word_1_6' title='bbox 2447 386 2535 447; x_wconf 81' lang='lat' dir='ltr'><strong>Ill.</strong></span> <span class='ocrx_word' id='word_1_7' title='bbox 2573 418 2646 431; x_wconf 91' lang='lat'><strong><em>—</em></strong></span> <span class='ocrx_word' id='word_1_8' title='bbox 2681 386 3087 446; x_wconf 74' lang='lat' dir='ltr'><strong>EXEGETICA.</strong></span> 
     </span>
    </p>
   </div>
   <div class='ocr_carea' id='block_1_3' title="bbox 580 487 2120 569">
    <p class='ocr_par' dir='ltr' id='par_1_3' title="bbox 580 487 2120 569">
     <span class='ocr_line' id='line_1_3' title="bbox 580 487 2120 569; baseline -0.007 -6"><span class='ocrx_word' id='word_1_9' title='bbox 580 506 770 567; x_wconf 87' lang='lat' dir='ltr'><strong>titudo,</strong></span> <span class='ocrx_word' id='word_1_10' title='bbox 811 509 866 556; x_wconf 86' lang='lat' dir='ltr'><strong>et</strong></span> <span class='ocrx_word' id='word_1_11' title='bbox 900 508 1113 569; x_wconf 84' lang='lat' dir='ltr'><strong>quam,</strong></span> <span class='ocrx_word' id='word_1_12' title='bbox 1159 487 1379 568; x_wconf 65' lang='lat' dir='ltr'><strong>iliaque</strong></span> <span class='ocrx_word' id='word_1_13' title='bbox 1429 498 1701 569; x_wconf 84' lang='lat' dir='ltr'><strong>deinceps.</strong></span> <span class='ocrx_word' id='word_1_14' title='bbox 1762 496 1947 554; x_wconf 71' lang='lat' dir='ltr'><strong>licere</strong></span> <span class='ocrx_word' id='word_1_15' title='bbox 1980 498 2120 554; x_wconf 80' lang='lat' dir='ltr'><strong>enim</strong></span> 
     </span>
    </p>
   </div>
   <div class='ocr_carea' id='block_1_4' title="bbox 2221 487 3781 569">
    <p class='ocr_par' dir='ltr' id='par_1_4' title="bbox 2222 493 3781 569">
     <span class='ocr_line' id='line_1_4' title="bbox 2222 493 3781 569; baseline -0.001 -19"><span class='ocrx_word' id='word_1_16' title='bbox 2222 498 2373 569; x_wconf 76' lang='grc' dir='ltr'><strong>αὐτῷ</strong></span> <span class='ocrx_word' id='word_1_17' title='bbox 2398 499 2751 569; x_wconf 68' lang='grc' dir='ltr'><strong>μακαρισμοὶ,</strong></span> <span class='ocrx_word' id='word_1_18' title='bbox 2768 499 2861 553; x_wconf 79' lang='grc' dir='ltr'><strong>καὶ</strong></span> <span class='ocrx_word' id='word_1_19' title='bbox 2880 496 3128 567; x_wconf 74' lang='grc' dir='ltr'><strong>τέταρτοι</strong></span> <span class='ocrx_word' id='word_1_20' title='bbox 3154 495 3247 550; x_wconf 75' lang='grc' dir='ltr'><strong>καὶ</strong></span> <span class='ocrx_word' id='word_1_21' title='bbox 3272 493 3467 566; x_wconf 75' lang='grc' dir='ltr'><strong>ἐφεξῆς</strong></span> <span class='ocrx_word' id='word_1_22' title='bbox 3495 493 3631 565; x_wconf 71' lang='grc' dir='ltr'><strong>(ιιι).</strong></span> <span class='ocrx_word' id='word_1_23' title='bbox 3665 494 3781 563; x_wconf 74' lang='grc' dir='ltr'><strong>Ἐξ·</strong></span> 
     </span>
    </p>
   </div>
   <div class='ocr_carea' id='block_1_5' title="bbox 580 590 2124 660">
    <p class='ocr_par' dir='ltr' id='par_1_5' title="bbox 580 590 2124 660">
     <span class='ocr_line' id='line_1_5' title="bbox 580 590 2124 660; baseline -0.002 -13"><span class='ocrx_word' id='word_1_24' title='bbox 580 596 803 651; x_wconf 81' lang='lat' dir='ltr'><strong>docebat</strong></span> <span class='ocrx_word' id='word_1_25' title='bbox 822 590 1114 647; x_wconf 82' lang='lat' dir='ltr'><strong>secundum</strong></span> <span class='ocrx_word' id='word_1_26' title='bbox 1144 590 1359 659; x_wconf 85' lang='lat' dir='ltr'><strong>aliquod</strong></span> <span class='ocrx_word' id='word_1_27' title='bbox 1395 607 1461 646; x_wconf 79' lang='lat' dir='ltr'><strong>ex</strong></span> <span class='ocrx_word' id='word_1_28' title='bbox 1494 592 1759 660; x_wconf 65' lang='lat' dir='ltr'><strong>pradietia</strong></span> <span class='ocrx_word' id='word_1_29' title='bbox 1805 592 1928 646; x_wconf 65' lang='lat' dir='ltr'><strong>vita</strong></span> <span class='ocrx_word' id='word_1_30' title='bbox 1962 605 2124 657; x_wconf 61' lang='lat' dir='ltr'><strong>(ene-</strong></span> 
     </span>
    </p>
   </div>
   <div class='ocr_carea' id='block_1_6' title="bbox 580 680 2122 752">
    <p class='ocr_par' dir='ltr' id='par_1_6' title="bbox 580 680 2122 752">
     <span class='ocr_line' id='line_1_6' title="bbox 580 680 2122 752; baseline -0.002 -14"><span class='ocrx_word' id='word_1_31' title='bbox 580 685 725 739; x_wconf 85' lang='lat' dir='ltr'><strong>ribus</strong></span> <span class='ocrx_word' id='word_1_32' title='bbox 756 683 1018 752; x_wconf 85' lang='lat' dir='ltr'><strong>promissa</strong></span> <span class='ocrx_word' id='word_1_33' title='bbox 1063 680 1202 735; x_wconf 84' lang='lat' dir='ltr'><strong>bona</strong></span> <span class='ocrx_word' id='word_1_34' title='bbox 1248 683 1533 747; x_wconf 81' lang='lat' dir='ltr'><strong>consequi;</strong></span> <span class='ocrx_word' id='word_1_35' title='bbox 1586 683 1656 735; x_wconf 89' lang='lat' dir='ltr'><strong>ita</strong></span> <span class='ocrx_word' id='word_1_36' title='bbox 1711 690 1771 736; x_wconf 91' lang='lat' dir='ltr'><strong>ut</strong></span> <span class='ocrx_word' id='word_1_37' title='bbox 1815 691 2035 747; x_wconf 86' lang='lat' dir='ltr'><strong>possent</strong></span> <span class='ocrx_word' id='word_1_38' title='bbox 2067 682 2122 735; x_wconf 91' lang='lat' dir='ltr'><strong>in</strong></span> 
     </span>
    </p>
   </div>
   <div class='ocr_carea' id='block_1_7' title="bbox 579 767 2125 841">
    <p class='ocr_par' dir='ltr' id='par_1_7' title="bbox 579 767 2125 841">
     <span class='ocr_line' id='line_1_7' title="bbox 579 767 2125 841; baseline -0.001 -15"><span class='ocrx_word' id='word_1_39' title='bbox 579 772 670 826; x_wconf 90' lang='lat' dir='ltr'><strong>Dei</strong></span> <span class='ocrx_word' id='word_1_40' title='bbox 700 786 886 841; x_wconf 73' lang='lat' dir='ltr'><strong>regno,</strong></span> <span class='ocrx_word' id='word_1_41' title='bbox 913 771 957 827; x_wconf 91' lang='lat' dir='ltr'><strong>si</strong></span> <span class='ocrx_word' id='word_1_42' title='bbox 984 772 1158 825; x_wconf 87' lang='lat' dir='ltr'><strong>minus</strong></span> <span class='ocrx_word' id='word_1_43' title='bbox 1182 783 1303 823; x_wconf 90' lang='lat' dir='ltr'><strong>cum</strong></span> <span class='ocrx_word' id='word_1_44' title='bbox 1347 767 1562 823; x_wconf 86' lang='lat' dir='ltr'><strong>Christo</strong></span> <span class='ocrx_word' id='word_1_45' title='bbox 1592 786 1816 841; x_wconf 73' lang='lat' dir='ltr'><strong>regnare</strong></span> <span class='ocrx_word' id='word_1_46' title='bbox 1862 785 2016 838; x_wconf 67' lang='lat' dir='ltr'><strong>aque</strong></span> <span class='ocrx_word' id='word_1_47' title='bbox 2059 785 2125 824; x_wconf 85' lang='lat' dir='ltr'><strong>ac</strong></span> 
     </span>
    </p>
   </div>
   <div class='ocr_carea' id='block_1_8' title="bbox 577 862 2122 931">
    <p class='ocr_par' dir='ltr' id='par_1_8' title="bbox 577 862 2122 931">
     <span class='ocr_line' id='line_1_8' title="bbox 577 862 2122 931; baseline 0 -16"><span class='ocrx_word' id='word_1_48' title='bbox 577 877 837 931; x_wconf 83' lang='lat' dir='ltr'><strong>pauperes</strong></span> <span class='ocrx_word' id='word_1_49' title='bbox 863 862 1073 929; x_wconf 88' lang='lat' dir='ltr'><strong>spiritu,</strong></span> <span class='ocrx_word' id='word_1_50' title='bbox 1107 868 1163 913; x_wconf 89' lang='lat' dir='ltr'><strong>at</strong></span> <span class='ocrx_word' id='word_1_51' title='bbox 1196 869 1341 921; x_wconf 83' lang='lat' dir='ltr'><strong>certe</strong></span> <span class='ocrx_word' id='word_1_52' title='bbox 1370 862 1629 924; x_wconf 79' lang='lat' dir='ltr'><strong>recreari,</strong></span> <span class='ocrx_word' id='word_1_53' title='bbox 1671 875 1736 915; x_wconf 88' lang='lat' dir='ltr'><strong>eo</strong></span> <span class='ocrx_word' id='word_1_54' title='bbox 1762 862 1905 929; x_wconf 87' lang='lat' dir='ltr'><strong>quod</strong></span> <span class='ocrx_word' id='word_1_55' title='bbox 1933 862 2122 916; x_wconf 88' lang='lat' dir='ltr'><strong>morti-</strong></span> 
     </span>
    </p>
   </div>
   <div class='ocr_carea' id='block_1_9' title="bbox 578 947 2124 1020">
    <p class='ocr_par' dir='ltr' id='par_1_9' title="bbox 578 947 2124 1020">
     <span class='ocr_line' id='line_1_9' title="bbox 578 947 2124 1020; baseline 0.003 -17"><span class='ocrx_word' id='word_1_56' title='bbox 578 951 690 1004; x_wconf 80' lang='lat' dir='ltr'><strong>fera</strong></span> <span class='ocrx_word' id='word_1_57' title='bbox 715 965 810 1005; x_wconf 87' lang='lat' dir='ltr'><strong>sua</strong></span> <span class='ocrx_word' id='word_1_58' title='bbox 841 958 1052 1019; x_wconf 79' lang='lat' dir='ltr'><strong>peccata</strong></span> <span class='ocrx_word' id='word_1_59' title='bbox 1081 947 1412 1013; x_wconf 83' lang='lat' dir='ltr'><strong>deﬂeverint,</strong></span> <span class='ocrx_word' id='word_1_60' title='bbox 1447 964 1511 1005; x_wconf 91' lang='lat' dir='ltr'><strong>ac</strong></span> <span class='ocrx_word' id='word_1_61' title='bbox 1546 952 1869 1020; x_wconf 71' lang='lat' dir='ltr'><strong>pmnitentia</strong></span> <span class='ocrx_word' id='word_1_62' title='bbox 1904 961 1958 1007; x_wconf 87' lang='lat' dir='ltr'><strong>et</strong></span> <span class='ocrx_word' id='word_1_63' title='bbox 1992 966 2124 1007; x_wconf 84' lang='lat' dir='ltr'><strong>con-</strong></span> 
     </span>
    </p>
   </div>
   <div class='ocr_carea' id='block_1_10' title="bbox 578 1039 2126 1113">
    <p class='ocr_par' dir='ltr' id='par_1_10' title="bbox 578 1039 2126 1113">
     <span class='ocr_line' id='line_1_10' title="bbox 578 1039 2126 1113; baseline 0.003 -19"><span class='ocrx_word' id='word_1_64' title='bbox 578 1039 797 1095; x_wconf 86' lang='lat' dir='ltr'><strong>fessioni</strong></span> <span class='ocrx_word' id='word_1_65' title='bbox 844 1052 1109 1108; x_wconf 71' lang='lat' dir='ltr'><strong>castaque</strong></span> <span class='ocrx_word' id='word_1_66' title='bbox 1136 1042 1261 1095; x_wconf 67' lang='lat' dir='ltr'><strong>vita:</strong></span> <span class='ocrx_word' id='word_1_67' title='bbox 1302 1052 1474 1096; x_wconf 84' lang='lat' dir='ltr'><strong>semet</strong></span> <span class='ocrx_word' id='word_1_68' title='bbox 1523 1041 1840 1097; x_wconf 76' lang='lat' dir='ltr'><strong>addixerint.</strong></span> <span class='ocrx_word' id='word_1_69' title='bbox 1878 1043 1972 1097; x_wconf 73' lang='lat' dir='ltr'><strong>Vel</strong></span> <span class='ocrx_word' id='word_1_70' title='bbox 2002 1058 2126 1113; x_wconf 86' lang='lat' dir='ltr'><strong>pro-</strong></span> 
     </span>
    </p>
   </div>
   <div class='ocr_carea' id='block_1_11' title="bbox 578 1131 2125 1202">
    <p class='ocr_par' dir='ltr' id='par_1_11' title="bbox 578 1131 2125 1202">
     <span class='ocr_line' id='line_1_11' title="bbox 578 1131 2125 1202; baseline 0.003 -18"><span class='ocrx_word' id='word_1_71' title='bbox 578 1131 740 1185; x_wconf 83' lang='lat' dir='ltr'><strong>missa</strong></span> <span class='ocrx_word' id='word_1_72' title='bbox 768 1140 906 1185; x_wconf 88' lang='lat' dir='ltr'><strong>terra</strong></span> <span class='ocrx_word' id='word_1_73' title='bbox 933 1132 1114 1198; x_wconf 89' lang='lat' dir='ltr'><strong>potiri,</strong></span> <span class='ocrx_word' id='word_1_74' title='bbox 1156 1142 1212 1187; x_wconf 84' lang='lat' dir='ltr'><strong>et</strong></span> <span class='ocrx_word' id='word_1_75' title='bbox 1247 1132 1576 1187; x_wconf 73' lang='lat' dir='ltr'><strong>habitatores</strong></span> <span class='ocrx_word' id='word_1_76' title='bbox 1603 1131 1855 1198; x_wconf 85' lang='lat' dir='ltr'><strong>civesque</strong></span> <span class='ocrx_word' id='word_1_77' title='bbox 1881 1147 2125 1202; x_wconf 76' lang='lat' dir='ltr'><strong>superna:</strong></span> 
     </span>
    </p>
   </div>
   <div class='ocr_carea' id='block_1_12' title="bbox 578 1218 2123 1292">
    <p class='ocr_par' dir='ltr' id='par_1_12' title="bbox 578 1218 2123 1292">
     <span class='ocr_line' id='line_1_12' title="bbox 578 1218 2123 1292; baseline 0.001 -17"><span class='ocrx_word' id='word_1_78' title='bbox 578 1218 673 1275; x_wconf 80' lang='lat' dir='ltr'><strong>Dei</strong></span> <span class='ocrx_word' id='word_1_79' title='bbox 699 1220 927 1274; x_wconf 76' lang='lat' dir='ltr'><strong>civitatis</strong></span> <span class='ocrx_word' id='word_1_80' title='bbox 967 1221 1102 1288; x_wconf 78' lang='lat' dir='ltr'><strong>lteri,</strong></span> <span class='ocrx_word' id='word_1_81' title='bbox 1134 1222 1257 1290; x_wconf 87' lang='lat' dir='ltr'><strong>quia</strong></span> <span class='ocrx_word' id='word_1_82' title='bbox 1288 1221 1441 1276; x_wconf 85' lang='lat' dir='ltr'><strong>mites</strong></span> <span class='ocrx_word' id='word_1_83' title='bbox 1480 1235 1540 1275; x_wconf 85' lang='lat' dir='ltr'><strong>se</strong></span> <span class='ocrx_word' id='word_1_84' title='bbox 1583 1221 1952 1292; x_wconf 86' lang='lat' dir='ltr'><strong>patientesque</strong></span> <span class='ocrx_word' id='word_1_85' title='bbox 1983 1237 2123 1291; x_wconf 74' lang='lat' dir='ltr'><strong>pra:-</strong></span> 
     </span>
    </p>
   </div>
   <div class='ocr_carea' id='block_1_13' title="bbox 576 1302 2124 1377">
    <p class='ocr_par' dir='ltr' id='par_1_13' title="bbox 576 1302 2124 1377">
     <span class='ocr_line' id='line_1_13' title="bbox 576 1302 2124 1377; baseline 0.006 -23"><span class='ocrx_word' id='word_1_86' title='bbox 576 1302 807 1357; x_wconf 84' lang='lat' dir='ltr'><strong>hnerint.</strong></span> <span class='ocrx_word' id='word_1_87' title='bbox 840 1302 933 1359; x_wconf 82' lang='lat' dir='ltr'><strong>Vel</strong></span> <span class='ocrx_word' id='word_1_88' title='bbox 956 1306 1078 1373; x_wconf 89' lang='lat' dir='ltr'><strong>quia</strong></span> <span class='ocrx_word' id='word_1_89' title='bbox 1104 1306 1422 1361; x_wconf 87' lang='lat' dir='ltr'><strong>esuriverint</strong></span> <span class='ocrx_word' id='word_1_90' title='bbox 1452 1307 1505 1361; x_wconf 93' lang='lat' dir='ltr'><strong>in</strong></span> <span class='ocrx_word' id='word_1_91' title='bbox 1550 1310 1797 1376; x_wconf 58' lang='lat' dir='ltr'><strong>pruenti</strong></span> <span class='ocrx_word' id='word_1_92' title='bbox 1836 1312 1942 1363; x_wconf 87' lang='lat' dir='ltr'><strong>vita</strong></span> <span class='ocrx_word' id='word_1_93' title='bbox 1965 1309 2124 1377; x_wconf 87' lang='lat' dir='ltr'><strong>justi-</strong></span> 
     </span>
    </p>
   </div>
   <div class='ocr_carea' id='block_1_14' title="bbox 580 1392 2124 1465">
    <p class='ocr_par' dir='ltr' id='par_1_14' title="bbox 580 1392 2124 1465">
     <span class='ocr_line' id='line_1_14' title="bbox 580 1392 2124 1465; baseline 0.005 -21"><span class='ocrx_word' id='word_1_94' title='bbox 580 1392 705 1446; x_wconf 90' lang='lat' dir='ltr'><strong>tiam</strong></span> <span class='ocrx_word' id='word_1_95' title='bbox 734 1402 893 1463; x_wconf 88' lang='lat' dir='ltr'><strong>atque</strong></span> <span class='ocrx_word' id='word_1_96' title='bbox 918 1395 1202 1460; x_wconf 85' lang='lat' dir='ltr'><strong>sitiverint,</strong></span> <span class='ocrx_word' id='word_1_97' title='bbox 1233 1410 1402 1465; x_wconf 85' lang='lat' dir='ltr'><strong>eaque</strong></span> <span class='ocrx_word' id='word_1_98' title='bbox 1426 1398 1613 1452; x_wconf 76' lang='lat' dir='ltr'><strong>satiari</strong></span> <span class='ocrx_word' id='word_1_99' title='bbox 1644 1399 1694 1452; x_wconf 92' lang='lat' dir='ltr'><strong>in</strong></span> <span class='ocrx_word' id='word_1_100' title='bbox 1718 1397 1897 1454; x_wconf 78' lang='lat' dir='ltr'><strong>futuro</strong></span> <span class='ocrx_word' id='word_1_101' title='bbox 1927 1400 2124 1455; x_wconf 72' lang='lat' dir='ltr'><strong>atecqu</strong></span> 
     </span>
    </p>
   </div>
   <div class='ocr_carea' id='block_1_15' title="bbox 576 1484 2122 1550">
    <p class='ocr_par' dir='ltr' id='par_1_15' title="bbox 576 1484 2122 1550">
     <span class='ocr_line' id='line_1_15' title="bbox 576 1484 2122 1550; baseline 0.005 -15"><span class='ocrx_word' id='word_1_102' title='bbox 576 1484 917 1550; x_wconf 79' lang='lat' dir='ltr'><strong>optaverint;</strong></span> <span class='ocrx_word' id='word_1_103' title='bbox 968 1484 1039 1539; x_wconf 90' lang='lat' dir='ltr'><strong>ita</strong></span> <span class='ocrx_word' id='word_1_104' title='bbox 1072 1484 1397 1540; x_wconf 68' lang='lat' dir='ltr'><strong>defzcatam</strong></span> <span class='ocrx_word' id='word_1_105' title='bbox 1425 1501 1490 1540; x_wconf 83' lang='lat' dir='ltr'><strong>ac</strong></span> <span class='ocrx_word' id='word_1_106' title='bbox 1520 1488 1924 1544; x_wconf 85' lang='lat' dir='ltr'><strong>substantialcm</strong></span> <span class='ocrx_word' id='word_1_107' title='bbox 1952 1491 2122 1545; x_wconf 79' lang='lat' dir='ltr'><strong>virtu-</strong></span> 
     </span>
    </p>
   </div>
   <div class='ocr_carea' id='block_1_16' title="bbox 576 1574 2121 1649">
    <p class='ocr_par' dir='ltr' id='par_1_16' title="bbox 576 1574 2121 1649">
     <span class='ocr_line' id='line_1_16' title="bbox 576 1574 2121 1649; baseline 0.007 -25"><span class='ocrx_word' id='word_1_108' title='bbox 576 1579 685 1625; x_wconf 85' lang='lat' dir='ltr'><strong>tem</strong></span> <span class='ocrx_word' id='word_1_109' title='bbox 713 1574 1009 1638; x_wconf 91' lang='lat' dir='ltr'><strong>obtineant,</strong></span> <span class='ocrx_word' id='word_1_110' title='bbox 1035 1584 1088 1629; x_wconf 89' lang='lat' dir='ltr'><strong>et</strong></span> <span class='ocrx_word' id='word_1_111' title='bbox 1111 1575 1503 1645; x_wconf 79' lang='lat' dir='ltr'><strong>hypostaticam</strong></span> <span class='ocrx_word' id='word_1_112' title='bbox 1538 1580 1709 1648; x_wconf 83' lang='lat' dir='ltr'><strong>ipsam</strong></span> <span class='ocrx_word' id='word_1_113' title='bbox 1735 1581 1828 1635; x_wconf 88' lang='lat' dir='ltr'><strong>Dei</strong></span> <span class='ocrx_word' id='word_1_114' title='bbox 1859 1581 2121 1649; x_wconf 77' lang='lat' dir='ltr'><strong>justitiam</strong></span> 
     </span>
    </p>
   </div>
   <div class='ocr_carea' id='block_1_17' title="bbox 578 1665 2123 1741">
    <p class='ocr_par' dir='ltr' id='par_1_17' title="bbox 578 1665 2123 1741">
     <span class='ocr_line' id='line_1_17' title="bbox 578 1665 2123 1741; baseline 0.006 -23"><span class='ocrx_word' id='word_1_115' title='bbox 578 1665 876 1732; x_wconf 84' lang='lat' dir='ltr'><strong>aspiciant,</strong></span> <span class='ocrx_word' id='word_1_116' title='bbox 919 1666 1192 1736; x_wconf 79' lang='lat' dir='ltr'><strong>ipsamque</strong></span> <span class='ocrx_word' id='word_1_117' title='bbox 1235 1668 1327 1723; x_wconf 87' lang='lat' dir='ltr'><strong>Dei</strong></span> <span class='ocrx_word' id='word_1_118' title='bbox 1371 1670 1720 1741; x_wconf 73' lang='lat' dir='ltr'><strong>sapientiam,</strong></span> <span class='ocrx_word' id='word_1_119' title='bbox 1757 1682 2011 1728; x_wconf 65' lang='lat' dir='ltr'><strong>aeternam</strong></span> <span class='ocrx_word' id='word_1_120' title='bbox 2043 1674 2123 1727; x_wconf 88' lang='lat' dir='ltr'><strong>vi-</strong></span> 
     </span>
    </p>
   </div>
   <div class='ocr_carea' id='block_1_18' title="bbox 576 1756 2120 1827">
    <p class='ocr_par' dir='ltr' id='par_1_18' title="bbox 576 1756 2120 1827">
     <span class='ocr_line' id='line_1_18' title="bbox 576 1756 2120 1827; baseline 0.008 -20"><span class='ocrx_word' id='word_1_121' title='bbox 576 1763 711 1821; x_wconf 84' lang='lat' dir='ltr'><strong>tam,</strong></span> <span class='ocrx_word' id='word_1_122' title='bbox 750 1756 1122 1810; x_wconf 85' lang='lat' dir='ltr'><strong>ctanimarnm</strong></span> <span class='ocrx_word' id='word_1_123' title='bbox 1180 1758 1381 1814; x_wconf 88' lang='lat' dir='ltr'><strong>lumen.</strong></span> <span class='ocrx_word' id='word_1_124' title='bbox 1430 1760 1558 1827; x_wconf 74' lang='lat' dir='ltr'><strong>Qua:</strong></span> <span class='ocrx_word' id='word_1_125' title='bbox 1613 1764 1793 1817; x_wconf 83' lang='lat' dir='ltr'><strong>omnia</strong></span> <span class='ocrx_word' id='word_1_126' title='bbox 1831 1767 2120 1819; x_wconf 84' lang='lat' dir='ltr'><strong>secundum</strong></span> 
     </span>
    </p>
   </div>
   <div class='ocr_carea' id='block_1_19' title="bbox 575 1846 2125 1920">
    <p class='ocr_par' dir='ltr' id='par_1_19' title="bbox 575 1846 2125 1920">
     <span class='ocr_line' id='line_1_19' title="bbox 575 1846 2125 1920; baseline 0.007 -20"><span class='ocrx_word' id='word_1_127' title='bbox 575 1846 927 1901; x_wconf 66' lang='lat' dir='ltr'><strong>inharentem</strong></span> <span class='ocrx_word' id='word_1_128' title='bbox 961 1847 1213 1901; x_wconf 86' lang='lat' dir='ltr'><strong>virtutem</strong></span> <span class='ocrx_word' id='word_1_129' title='bbox 1245 1850 1298 1903; x_wconf 91' lang='lat' dir='ltr'><strong>in</strong></span> <span class='ocrx_word' id='word_1_130' title='bbox 1338 1851 1609 1920; x_wconf 75' lang='lat' dir='ltr'><strong>unigenito</strong></span> <span class='ocrx_word' id='word_1_131' title='bbox 1661 1853 1751 1906; x_wconf 89' lang='lat' dir='ltr'><strong>Dei</strong></span> <span class='ocrx_word' id='word_1_132' title='bbox 1801 1851 1976 1909; x_wconf 80' lang='lat' dir='ltr'><strong>Verbo</strong></span> <span class='ocrx_word' id='word_1_133' title='bbox 2006 1870 2125 1911; x_wconf 86' lang='lat' dir='ltr'><strong>esse</strong></span> 
     </span>
    </p>
   </div>
   <div class='ocr_carea' id='block_1_20' title="bbox 575 1934 2122 2010">
    <p class='ocr_par' dir='ltr' id='par_1_20' title="bbox 575 1934 2122 2010">
     <span class='ocr_line' id='line_1_20' title="bbox 575 1934 2122 2010; baseline 0.006 -22"><span class='ocrx_word' id='word_1_134' title='bbox 575 1934 959 2002; x_wconf 74' lang='lat' dir='ltr'><strong>intelliguntur.</strong></span> <span class='ocrx_word' id='word_1_135' title='bbox 1018 1934 1169 2002; x_wconf 83' lang='lat' dir='ltr'><strong>Quod</strong></span> <span class='ocrx_word' id='word_1_136' title='bbox 1231 1936 1275 1990; x_wconf 97' lang='lat' dir='ltr'><strong>si</strong></span> <span class='ocrx_word' id='word_1_137' title='bbox 1327 1936 1522 2008; x_wconf 86' lang='lat' dir='ltr'><strong>alioqui</strong></span> <span class='ocrx_word' id='word_1_138' title='bbox 1606 1940 1844 1994; x_wconf 84' lang='lat' dir='ltr'><strong>nonnulli</strong></span> <span class='ocrx_word' id='word_1_139' title='bbox 1910 1941 2122 2010; x_wconf 75' lang='lat' dir='ltr'><strong>benigni</strong></span> 
     </span>
    </p>
   </div>
   <div class='ocr_carea' id='block_1_21' title="bbox 573 2025 2126 2101">
    <p class='ocr_par' dir='ltr' id='par_1_21' title="bbox 573 2025 2126 2101">
     <span class='ocr_line' id='line_1_21' title="bbox 573 2025 2126 2101; baseline 0.007 -22"><span class='ocrx_word' id='word_1_140' title='bbox 573 2025 1295 2097; x_wconf 83' lang='lat' dir='ltr'><strong>fuerinteteleemosynarii,</strong></span> <span class='ocrx_word' id='word_1_141' title='bbox 1326 2030 1855 2101; x_wconf 79' lang='lat' dir='ltr'><strong>misericordiamque</strong></span> <span class='ocrx_word' id='word_1_142' title='bbox 1892 2050 1954 2089; x_wconf 90' lang='lat' dir='ltr'><strong>ac</strong></span> <span class='ocrx_word' id='word_1_143' title='bbox 1993 2036 2126 2091; x_wconf 87' lang='lat' dir='ltr'><strong>libe-</strong></span> 
     </span>
    </p>
   </div>
   <div class='ocr_carea' id='block_1_22' title="bbox 573 2116 2121 2189">
    <p class='ocr_par' dir='ltr' id='par_1_22' title="bbox 573 2116 2121 2189">
     <span class='ocr_line' id='line_1_22' title="bbox 573 2116 2121 2189; baseline 0.007 -20"><span class='ocrx_word' id='word_1_144' title='bbox 573 2116 843 2171; x_wconf 88' lang='lat' dir='ltr'><strong>ralitatem</strong></span> <span class='ocrx_word' id='word_1_145' title='bbox 893 2130 1018 2187; x_wconf 77' lang='lat' dir='ltr'><strong>erga</strong></span> <span class='ocrx_word' id='word_1_146' title='bbox 1067 2119 1335 2188; x_wconf 79' lang='lat' dir='ltr'><strong>proximos</strong></span> <span class='ocrx_word' id='word_1_147' title='bbox 1388 2119 1897 2189; x_wconf 90' lang='lat' dir='ltr'><strong>demonstraverint,</strong></span> <span class='ocrx_word' id='word_1_148' title='bbox 1956 2128 2121 2179; x_wconf 88' lang='lat' dir='ltr'><strong>bene-</strong></span> 
     </span>
    </p>
   </div>
   <div class='ocr_carea' id='block_1_23' title="bbox 570 2206 2123 2279">
    <p class='ocr_par' dir='ltr' id='par_1_23' title="bbox 570 2206 2123 2279">
     <span class='ocr_line' id='line_1_23' title="bbox 570 2206 2123 2279; baseline 0.004 -18"><span class='ocrx_word' id='word_1_149' title='bbox 570 2206 813 2262; x_wconf 81' lang='lat' dir='ltr'><strong>ficiorum</strong></span> <span class='ocrx_word' id='word_1_150' title='bbox 848 2224 1064 2263; x_wconf 88' lang='lat' dir='ltr'><strong>suorum</strong></span> <span class='ocrx_word' id='word_1_151' title='bbox 1111 2209 1280 2263; x_wconf 90' lang='lat' dir='ltr'><strong>vicem</strong></span> <span class='ocrx_word' id='word_1_152' title='bbox 1327 2210 1695 2279; x_wconf 77' lang='lat' dir='ltr'><strong>experientur,</strong></span> <span class='ocrx_word' id='word_1_153' title='bbox 1752 2214 2123 2268; x_wconf 87' lang='lat' dir='ltr'><strong>misericordia</strong></span> 
     </span>
    </p>
   </div>
   <div class='ocr_carea' id='block_1_24' title="bbox 571 2296 2124 2367">
    <p class='ocr_par' dir='ltr' id='par_1_24' title="bbox 571 2296 2124 2367">
     <span class='ocr_line' id='line_1_24' title="bbox 571 2296 2124 2367; baseline 0.005 -16"><span class='ocrx_word' id='word_1_154' title='bbox 571 2296 961 2367; x_wconf 85' lang='lat' dir='ltr'><strong>clementiaque</strong></span> <span class='ocrx_word' id='word_1_155' title='bbox 988 2299 1077 2353; x_wconf 90' lang='lat' dir='ltr'><strong>Dei</strong></span> <span class='ocrx_word' id='word_1_156' title='bbox 1109 2298 1355 2353; x_wconf 81' lang='lat' dir='ltr'><strong>fruendo.</strong></span> <span class='ocrx_word' id='word_1_157' title='bbox 1404 2300 1557 2355; x_wconf 87' lang='lat' dir='ltr'><strong>Alius</strong></span> <span class='ocrx_word' id='word_1_158' title='bbox 1596 2312 1678 2355; x_wconf 85' lang='lat' dir='ltr'><strong>est</strong></span> <span class='ocrx_word' id='word_1_159' title='bbox 1722 2304 1998 2357; x_wconf 88' lang='lat' dir='ltr'><strong>beatorum</strong></span> <span class='ocrx_word' id='word_1_160' title='bbox 2040 2319 2124 2358; x_wconf 91' lang='lat' dir='ltr'><strong>se-</strong></span> 
     </span>
    </p>
   </div>
   <div class='ocr_carea' id='block_1_25' title="bbox 572 2385 2124 2463">
    <p class='ocr_par' dir='ltr' id='par_1_25' title="bbox 572 2385 2124 2463">
     <span class='ocr_line' id='line_1_25' title="bbox 572 2385 2124 2463; baseline 0.003 -25"><span class='ocrx_word' id='word_1_161' title='bbox 572 2385 1232 2463; x_wconf 84' lang='lat' dir='ltr'><strong>cundumpromissionem</strong></span> <span class='ocrx_word' id='word_1_162' title='bbox 1261 2385 1414 2449; x_wconf 85' lang='lat' dir='ltr'><strong>ordo,</strong></span> <span class='ocrx_word' id='word_1_163' title='bbox 1440 2389 1527 2455; x_wconf 86' lang='lat' dir='ltr'><strong>qni</strong></span> <span class='ocrx_word' id='word_1_164' title='bbox 1555 2388 1734 2451; x_wconf 91' lang='lat' dir='ltr'><strong>corde,</strong></span> <span class='ocrx_word' id='word_1_165' title='bbox 1772 2389 1823 2442; x_wconf 92' lang='lat' dir='ltr'><strong>id</strong></span> <span class='ocrx_word' id='word_1_166' title='bbox 1845 2398 1926 2442; x_wconf 91' lang='lat' dir='ltr'><strong>est</strong></span> <span class='ocrx_word' id='word_1_167' title='bbox 1948 2398 2124 2442; x_wconf 90' lang='lat' dir='ltr'><strong>mente</strong></span> 
     </span>
    </p>
   </div>
   <div class='ocr_carea' id='block_1_26' title="bbox 571 2474 2121 2545">
    <p class='ocr_par' dir='ltr' id='par_1_26' title="bbox 571 2474 2121 2545">
     <span class='ocr_line' id='line_1_26' title="bbox 571 2474 2121 2545; baseline 0.003 -19"><span class='ocrx_word' id='word_1_168' title='bbox 571 2474 693 2543; x_wconf 81' lang='lat' dir='ltr'><strong>puri</strong></span> <span class='ocrx_word' id='word_1_169' title='bbox 751 2486 913 2538; x_wconf 87' lang='lat' dir='ltr'><strong>sunt;</strong></span> <span class='ocrx_word' id='word_1_170' title='bbox 968 2475 1202 2544; x_wconf 88' lang='lat' dir='ltr'><strong>itemque</strong></span> <span class='ocrx_word' id='word_1_171' title='bbox 1253 2476 1391 2530; x_wconf 88' lang='lat' dir='ltr'><strong>alius</strong></span> <span class='ocrx_word' id='word_1_172' title='bbox 1450 2476 1819 2545; x_wconf 84' lang='lat' dir='ltr'><strong>paciﬂcorum.</strong></span> <span class='ocrx_word' id='word_1_173' title='bbox 1884 2478 2121 2545; x_wconf 86' lang='lat' dir='ltr'><strong>Quorum</strong></span> 
     </span>
    </p>
   </div>
   <div class='ocr_carea' id='block_1_27' title="bbox 571 2563 2120 2636">
    <p class='ocr_par' dir='ltr' id='par_1_27' title="bbox 571 2563 2120 2636">
     <span class='ocr_line' id='line_1_27' title="bbox 571 2563 2120 2636; baseline 0.001 -19"><span class='ocrx_word' id='word_1_174' title='bbox 571 2563 786 2633; x_wconf 84' lang='lat' dir='ltr'><strong>priores</strong></span> <span class='ocrx_word' id='word_1_175' title='bbox 815 2564 1027 2632; x_wconf 87' lang='lat' dir='ltr'><strong>quidem</strong></span> <span class='ocrx_word' id='word_1_176' title='bbox 1058 2566 1311 2633; x_wconf 80' lang='lat' dir='ltr'><strong>puritatis</strong></span> <span class='ocrx_word' id='word_1_177' title='bbox 1337 2580 1447 2619; x_wconf 56' lang='lat' dir='ltr'><strong>sua</strong></span> <span class='ocrx_word' id='word_1_178' title='bbox 1469 2568 1769 2621; x_wconf 85' lang='lat' dir='ltr'><strong>mercedem</strong></span> <span class='ocrx_word' id='word_1_179' title='bbox 1804 2568 2120 2636; x_wconf 86' lang='lat' dir='ltr'><strong>percipient,</strong></span> 
     </span>
    </p>
   </div>
   <div class='ocr_carea' id='block_1_28' title="bbox 571 2652 2121 2720">
    <p class='ocr_par' dir='ltr' id='par_1_28' title="bbox 571 2652 2121 2720">
     <span class='ocr_line' id='line_1_28' title="bbox 571 2652 2121 2720; baseline 0.002 -13"><span class='ocrx_word' id='word_1_180' title='bbox 571 2652 668 2707; x_wconf 86' lang='lat' dir='ltr'><strong>Dei</strong></span> <span class='ocrx_word' id='word_1_181' title='bbox 706 2653 986 2717; x_wconf 82' lang='lat' dir='ltr'><strong>visionem,</strong></span> <span class='ocrx_word' id='word_1_182' title='bbox 1024 2653 1147 2720; x_wconf 89' lang='lat' dir='ltr'><strong>quia</strong></span> <span class='ocrx_word' id='word_1_183' title='bbox 1174 2654 1411 2720; x_wconf 73' lang='lat' dir='ltr'><strong>purgatis</strong></span> <span class='ocrx_word' id='word_1_184' title='bbox 1437 2668 1557 2708; x_wconf 91' lang='lat' dir='ltr'><strong>eum</strong></span> <span class='ocrx_word' id='word_1_185' title='bbox 1586 2655 1777 2709; x_wconf 78' lang='lat' dir='ltr'><strong>anima:</strong></span> <span class='ocrx_word' id='word_1_186' title='bbox 1806 2656 1977 2710; x_wconf 91' lang='lat' dir='ltr'><strong>oculis</strong></span> <span class='ocrx_word' id='word_1_187' title='bbox 1997 2665 2121 2710; x_wconf 91' lang='lat' dir='ltr'><strong>sunt</strong></span> 
     </span>
    </p>
   </div>
   <div class='ocr_carea' id='block_1_29' title="bbox 568 2743 2122 2816">
    <p class='ocr_par' dir='ltr' id='par_1_29' title="bbox 568 2743 2122 2816">
     <span class='ocr_line' id='line_1_29' title="bbox 568 2743 2122 2816; baseline 0.005 -23"><span class='ocrx_word' id='word_1_188' title='bbox 568 2743 769 2809; x_wconf 81' lang='lat' dir='ltr'><strong>visuri;</strong></span> <span class='ocrx_word' id='word_1_189' title='bbox 798 2743 949 2797; x_wconf 85' lang='lat' dir='ltr'><strong>alteri</strong></span> <span class='ocrx_word' id='word_1_190' title='bbox 977 2757 1102 2797; x_wconf 81' lang='lat' dir='ltr'><strong>vero</strong></span> <span class='ocrx_word' id='word_1_191' title='bbox 1126 2743 1216 2797; x_wconf 88' lang='lat' dir='ltr'><strong>iiiii</strong></span> <span class='ocrx_word' id='word_1_192' title='bbox 1238 2744 1327 2797; x_wconf 91' lang='lat' dir='ltr'><strong>Dei</strong></span> <span class='ocrx_word' id='word_1_193' title='bbox 1359 2744 1505 2812; x_wconf 78' lang='lat' dir='ltr'><strong>ﬁent,</strong></span> <span class='ocrx_word' id='word_1_194' title='bbox 1533 2755 1815 2815; x_wconf 88' lang='lat' dir='ltr'><strong>propterea</strong></span> <span class='ocrx_word' id='word_1_195' title='bbox 1846 2749 1987 2815; x_wconf 87' lang='lat' dir='ltr'><strong>quod</strong></span> <span class='ocrx_word' id='word_1_196' title='bbox 2024 2762 2122 2816; x_wconf 90' lang='lat' dir='ltr'><strong>par</strong></span> 
     </span>
    </p>
   </div>
   <div class='ocr_carea' id='block_1_30' title="bbox 571 2833 2119 2907">
    <p class='ocr_par' dir='ltr' id='par_1_30' title="bbox 571 2833 2119 2907">
     <span class='ocr_line' id='line_1_30' title="bbox 571 2833 2119 2907; baseline 0.003 -20"><span class='ocrx_word' id='word_1_197' title='bbox 571 2847 707 2903; x_wconf 87' lang='lat' dir='ltr'><strong>opus</strong></span> <span class='ocrx_word' id='word_1_198' title='bbox 738 2833 986 2897; x_wconf 88' lang='lat' dir='ltr'><strong>fecerint,</strong></span> <span class='ocrx_word' id='word_1_199' title='bbox 1018 2844 1178 2903; x_wconf 88' lang='lat' dir='ltr'><strong>atque</strong></span> <span class='ocrx_word' id='word_1_200' title='bbox 1210 2833 1303 2888; x_wconf 89' lang='lat' dir='ltr'><strong>Dei</strong></span> <span class='ocrx_word' id='word_1_201' title='bbox 1337 2835 1525 2899; x_wconf 80' lang='lat' dir='ltr'><strong>Filius,</strong></span> <span class='ocrx_word' id='word_1_202' title='bbox 1561 2838 1652 2904; x_wconf 90' lang='lat' dir='ltr'><strong>qui</strong></span> <span class='ocrx_word' id='word_1_203' title='bbox 1702 2837 1882 2892; x_wconf 91' lang='lat' dir='ltr'><strong>omnia</strong></span> <span class='ocrx_word' id='word_1_204' title='bbox 1939 2854 2035 2907; x_wconf 90' lang='lat' dir='ltr'><strong>per</strong></span> <span class='ocrx_word' id='word_1_205' title='bbox 2062 2854 2119 2893; x_wconf 91' lang='lat' dir='ltr'><strong>se</strong></span> 
     </span>
    </p>
   </div>
   <div class='ocr_carea' id='block_1_31' title="bbox 570 2922 2121 2996">
    <p class='ocr_par' dir='ltr' id='par_1_31' title="bbox 570 2922 2121 2996">
     <span class='ocr_line' id='line_1_31' title="bbox 570 2922 2121 2996; baseline 0.004 -20"><span class='ocrx_word' id='word_1_206' title='bbox 570 2922 743 2991; x_wconf 84' lang='lat' dir='ltr'><strong>ipsum</strong></span> <span class='ocrx_word' id='word_1_207' title='bbox 777 2924 1078 2992; x_wconf 78' lang='lat' dir='ltr'><strong>pacificavit</strong></span> <span class='ocrx_word' id='word_1_208' title='bbox 1111 2924 1222 2978; x_wconf 84' lang='lat' dir='ltr'><strong>sive</strong></span> <span class='ocrx_word' id='word_1_209' title='bbox 1256 2940 1371 2994; x_wconf 69' lang='lat' dir='ltr'><strong>qua:</strong></span> <span class='ocrx_word' id='word_1_210' title='bbox 1411 2926 1463 2979; x_wconf 92' lang='lat' dir='ltr'><strong>in</strong></span> <span class='ocrx_word' id='word_1_211' title='bbox 1490 2925 1639 2980; x_wconf 63' lang='lat' dir='ltr'><strong>curiis</strong></span> <span class='ocrx_word' id='word_1_212' title='bbox 1677 2936 1821 2990; x_wconf 88' lang='lat' dir='ltr'><strong>sunt,</strong></span> <span class='ocrx_word' id='word_1_213' title='bbox 1862 2928 1976 2981; x_wconf 86' lang='lat' dir='ltr'><strong>sive</strong></span> <span class='ocrx_word' id='word_1_214' title='bbox 2003 2940 2121 2996; x_wconf 64' lang='lat' dir='ltr'><strong>qua</strong></span> 
     </span>
    </p>
   </div>
   <div class='ocr_carea' id='block_1_32' title="bbox 572 3010 2123 3087">
    <p class='ocr_par' dir='ltr' id='par_1_32' title="bbox 572 3010 2123 3087">
     <span class='ocr_line' id='line_1_32' title="bbox 572 3010 2123 3087; baseline 0.003 -22"><span class='ocrx_word' id='word_1_215' title='bbox 572 3012 626 3066; x_wconf 88' lang='lat' dir='ltr'><strong>in</strong></span> <span class='ocrx_word' id='word_1_216' title='bbox 665 3020 831 3081; x_wconf 84' lang='lat' dir='ltr'><strong>terra.</strong></span> <span class='ocrx_word' id='word_1_217' title='bbox 866 3010 1242 3068; x_wconf 81' lang='lat' dir='ltr'><strong>Verumtamen</strong></span> <span class='ocrx_word' id='word_1_218' title='bbox 1294 3014 1349 3068; x_wconf 93' lang='lat' dir='ltr'><strong>hi</strong></span> <span class='ocrx_word' id='word_1_219' title='bbox 1389 3030 1573 3071; x_wconf 83' lang='lat' dir='ltr'><strong>omnes</strong></span> <span class='ocrx_word' id='word_1_220' title='bbox 1609 3030 1707 3085; x_wconf 91' lang='lat' dir='ltr'><strong>pro</strong></span> <span class='ocrx_word' id='word_1_221' title='bbox 1750 3032 1965 3071; x_wconf 85' lang='lat' dir='ltr'><strong>suorum</strong></span> <span class='ocrx_word' id='word_1_222' title='bbox 1994 3032 2123 3087; x_wconf 90' lang='lat' dir='ltr'><strong>ope-</strong></span> 
     </span>
    </p>
   </div>
   <div class='ocr_carea' id='block_1_33' title="bbox 2221 582 3783 658">
    <p class='ocr_par' dir='ltr' id='par_1_33' title="bbox 2221 582 3783 658">
     <span class='ocr_line' id='line_1_33' title="bbox 2221 582 3783 658; baseline -0.001 -19"><span class='ocrx_word' id='word_1_223' title='bbox 2221 588 2357 639; x_wconf 86' lang='grc' dir='ltr'><strong>εῖναι</strong></span> <span class='ocrx_word' id='word_1_224' title='bbox 2383 586 2492 658; x_wconf 84' lang='grc' dir='ltr'><strong>γάρ</strong></span> <span class='ocrx_word' id='word_1_225' title='bbox 2510 587 2752 641; x_wconf 84' lang='grc' dir='ltr'><strong>ἐδίδασκε</strong></span> <span class='ocrx_word' id='word_1_226' title='bbox 2776 584 2895 640; x_wconf 89' lang='grc' dir='ltr'><strong>καθ’</strong></span> <span class='ocrx_word' id='word_1_227' title='bbox 2919 584 3014 638; x_wconf 72' lang='grc' dir='ltr'><strong>ινα</strong></span> <span class='ocrx_word' id='word_1_228' title='bbox 3036 583 3156 638; x_wconf 88' lang='grc' dir='ltr'><strong>τινά</strong></span> <span class='ocrx_word' id='word_1_229' title='bbox 3187 583 3385 652; x_wconf 79' lang='grc' dir='ltr'>τρόπον</span> <span class='ocrx_word' id='word_1_230' title='bbox 3411 582 3521 637; x_wconf 89' lang='grc' dir='ltr'><strong>τῶν</strong></span> <span class='ocrx_word' id='word_1_231' title='bbox 3542 600 3783 638; x_wconf 79' lang='grc' dir='ltr'><strong>κατωνο-</strong></span> 
     </span>
    </p>
   </div>
   <div class='ocr_carea' id='block_1_34' title="bbox 2225 674 3785 747">
    <p class='ocr_par' dir='ltr' id='par_1_34' title="bbox 2225 674 3785 747">
     <span class='ocr_line' id='line_1_34' title="bbox 2225 674 3785 747; baseline -0.001 -18"><span class='ocrx_word' id='word_1_232' title='bbox 2225 676 2512 747; x_wconf 76' lang='grc' dir='ltr'><strong>μασμένων</strong></span> <span class='ocrx_word' id='word_1_233' title='bbox 2543 676 2673 746; x_wconf 85' lang='grc' dir='ltr'><strong>βίων</strong></span> <span class='ocrx_word' id='word_1_234' title='bbox 2700 674 3094 745; x_wconf 76' lang='grc' dir='ltr'><strong>καταξιωθῆναι</strong></span> <span class='ocrx_word' id='word_1_235' title='bbox 3118 674 3226 730; x_wconf 87' lang='grc' dir='ltr'><strong>τῶν</strong></span> <span class='ocrx_word' id='word_1_236' title='bbox 3242 674 3666 747; x_wconf 68' lang='grc' dir='ltr'><strong>ἐπηγγελμένων</strong></span> <span class='ocrx_word' id='word_1_237' title='bbox 3695 691 3785 745; x_wconf 79' lang='grc' dir='ltr'><strong>φι-</strong></span> 
     </span>
    </p>
   </div>
   <div class='ocr_carea' id='block_1_35' title="bbox 2220 766 3786 839">
    <p class='ocr_par' dir='ltr' id='par_1_35' title="bbox 2220 766 3786 839">
     <span class='ocr_line' id='line_1_35' title="bbox 2220 766 3786 839; baseline -0.001 -18"><span class='ocrx_word' id='word_1_238' title='bbox 2220 768 2552 839; x_wconf 83' lang='grc' dir='ltr'><strong>λοτιμεῐσθαι</strong></span> <span class='ocrx_word' id='word_1_239' title='bbox 2567 786 2581 800; x_wconf 93' lang='grc'><strong>·</strong></span> <span class='ocrx_word' id='word_1_240' title='bbox 2606 768 2731 822; x_wconf 85' lang='grc' dir='ltr'><strong>ὥστ’</strong></span> <span class='ocrx_word' id='word_1_241' title='bbox 2750 766 2885 824; x_wconf 75' lang='grc' dir='ltr'><strong>εἶναι</strong></span> <span class='ocrx_word' id='word_1_242' title='bbox 2915 767 3155 834; x_wconf 84' lang='grc' dir='ltr'><strong>δυνατὸν,</strong></span> <span class='ocrx_word' id='word_1_243' title='bbox 3180 770 3239 822; x_wconf 78' lang='grc' dir='ltr'><strong>ἐν</strong></span> <span class='ocrx_word' id='word_1_244' title='bbox 3263 771 3327 839; x_wconf 79' lang='grc' dir='ltr'><strong>τῇ</strong></span> <span class='ocrx_word' id='word_1_245' title='bbox 3352 767 3443 821; x_wconf 90' lang='grc' dir='ltr'><strong>τοῦ</strong></span> <span class='ocrx_word' id='word_1_246' title='bbox 3470 767 3605 820; x_wconf 87' lang='grc' dir='ltr'><strong>Θεοῦ</strong></span> <span class='ocrx_word' id='word_1_247' title='bbox 3631 766 3786 836; x_wconf 79' lang='grc' dir='ltr'><strong>βασι-</strong></span> 
     </span>
    </p>
   </div>
   <div class='ocr_carea' id='block_1_36' title="bbox 2221 854 3785 929">
    <p class='ocr_par' dir='ltr' id='par_1_36' title="bbox 2221 854 3785 929">
     <span class='ocr_line' id='line_1_36' title="bbox 2221 854 3785 929; baseline -0.002 -18"><span class='ocrx_word' id='word_1_248' title='bbox 2221 858 2339 929; x_wconf 71' lang='grc' dir='ltr'><strong>λείᾳ</strong></span> <span class='ocrx_word' id='word_1_249' title='bbox 2388 858 2724 929; x_wconf 80' lang='grc' dir='ltr'><strong>γενομένους,</strong></span> <span class='ocrx_word' id='word_1_250' title='bbox 2766 861 2815 911; x_wconf 81' lang='grc' dir='ltr'><strong>εί</strong></span> <span class='ocrx_word' id='word_1_251' title='bbox 2850 859 2944 912; x_wconf 76' lang='grc' dir='ltr'><strong>καὶ</strong></span> <span class='ocrx_word' id='word_1_252' title='bbox 2988 857 3061 929; x_wconf 76' lang='grc' dir='ltr'><strong>μή</strong></span> <span class='ocrx_word' id='word_1_253' title='bbox 3100 857 3523 929; x_wconf 75' lang='grc' dir='ltr'><strong>συμϐασιλεῦσαι</strong></span> <span class='ocrx_word' id='word_1_254' title='bbox 3564 854 3785 927; x_wconf 80' lang='grc' dir='ltr'>Χριστῷ</span> 
     </span>
    </p>
   </div>
   <div class='ocr_carea' id='block_1_37' title="bbox 2222 947 3787 1021">
    <p class='ocr_par' dir='ltr' id='par_1_37' title="bbox 2222 947 3787 1021">
     <span class='ocr_line' id='line_1_37' title="bbox 2222 947 3787 1021; baseline -0.003 -17"><span class='ocrx_word' id='word_1_255' title='bbox 2222 948 2362 1004; x_wconf 87' lang='grc' dir='ltr'><strong>κατά</strong></span> <span class='ocrx_word' id='word_1_256' title='bbox 2408 950 2532 1019; x_wconf 76' lang='grc' dir='ltr'><strong>τοὺς</strong></span> <span class='ocrx_word' id='word_1_257' title='bbox 2571 952 2817 1020; x_wconf 85' lang='grc' dir='ltr'><strong>πτωχοὺς</strong></span> <span class='ocrx_word' id='word_1_258' title='bbox 2846 949 2923 1021; x_wconf 84' lang='grc' dir='ltr'><strong>τῷ</strong></span> <span class='ocrx_word' id='word_1_259' title='bbox 2951 947 3240 1019; x_wconf 83' lang='grc' dir='ltr'><strong>πνεύματι,</strong></span> <span class='ocrx_word' id='word_1_260' title='bbox 3283 948 3417 1002; x_wconf 86' lang='grc' dir='ltr'><strong>ἀλλά</strong></span> <span class='ocrx_word' id='word_1_261' title='bbox 3444 947 3574 1017; x_wconf 92' lang='grc' dir='ltr'><strong>γοῦν</strong></span> <span class='ocrx_word' id='word_1_262' title='bbox 3608 963 3787 1019; x_wconf 80' lang='grc' dir='ltr'><strong>παρα-</strong></span> 
     </span>
    </p>
   </div>
   <div class='ocr_carea' id='block_1_38' title="bbox 2222 1032 3788 1109">
    <p class='ocr_par' dir='ltr' id='par_1_38' title="bbox 2222 1032 3788 1109">
     <span class='ocr_line' id='line_1_38' title="bbox 2222 1032 3788 1109; baseline -0.003 -18"><span class='ocrx_word' id='word_1_263' title='bbox 2222 1037 2482 1109; x_wconf 81' lang='grc' dir='ltr'><strong>κληθῆναι</strong></span> <span class='ocrx_word' id='word_1_264' title='bbox 2522 1037 2607 1106; x_wconf 83' lang='grc' dir='ltr'><strong>ἐφ’</strong></span> <span class='ocrx_word' id='word_1_265' title='bbox 2652 1032 2735 1100; x_wconf 79' lang='grc' dir='ltr'><strong>οἷς</strong></span> <span class='ocrx_word' id='word_1_266' title='bbox 2784 1036 2853 1091; x_wconf 82' lang='grc' dir='ltr'><strong>τὰ</strong></span> <span class='ocrx_word' id='word_1_267' title='bbox 2903 1037 3038 1107; x_wconf 82' lang='grc' dir='ltr'><strong>πρὸς</strong></span> <span class='ocrx_word' id='word_1_268' title='bbox 3088 1036 3314 1090; x_wconf 83' lang='grc' dir='ltr'><strong>θάνατον</strong></span> <span class='ocrx_word' id='word_1_269' title='bbox 3369 1037 3788 1107; x_wconf 78' lang='grc' dir='ltr'><strong>ἀμαρτήσαντες</strong></span> 
     </span>
    </p>
   </div>
   <div class='ocr_carea' id='block_1_39' title="bbox 2223 1124 3788 1198">
    <p class='ocr_par' dir='ltr' id='par_1_39' title="bbox 2223 1124 3788 1198">
     <span class='ocr_line' id='line_1_39' title="bbox 2223 1124 3788 1198; baseline -0.003 -16"><span class='ocrx_word' id='word_1_270' title='bbox 2223 1127 2544 1198; x_wconf 80' lang='grc' dir='ltr'><strong>ἐπένθησαν,</strong></span> <span class='ocrx_word' id='word_1_271' title='bbox 2576 1127 2831 1198; x_wconf 75' lang='grc' dir='ltr'><strong>μετανοίᾳ</strong></span> <span class='ocrx_word' id='word_1_272' title='bbox 2881 1128 2971 1180; x_wconf 80' lang='grc' dir='ltr'><strong>καὶ</strong></span> <span class='ocrx_word' id='word_1_273' title='bbox 2998 1124 3377 1197; x_wconf 72' lang='grc' dir='ltr'><strong>ἐξομολογήσει</strong></span> <span class='ocrx_word' id='word_1_274' title='bbox 3407 1126 3519 1197; x_wconf 72' lang='grc'><strong>(47)</strong></span> <span class='ocrx_word' id='word_1_275' title='bbox 3559 1125 3655 1178; x_wconf 73' lang='grc' dir='ltr'><strong>καὶ</strong></span> <span class='ocrx_word' id='word_1_276' title='bbox 3686 1124 3788 1195; x_wconf 83' lang='grc' dir='ltr'><strong>βίῳ</strong></span> 
     </span>
    </p>
   </div>
   <div class='ocr_carea' id='block_1_40' title="bbox 2225 1217 3789 1293">
    <p class='ocr_par' dir='ltr' id='par_1_40' title="bbox 2225 1217 3789 1293">
     <span class='ocr_line' id='line_1_40' title="bbox 2225 1217 3789 1293; baseline -0.003 -19"><span class='ocrx_word' id='word_1_277' title='bbox 2225 1220 2457 1293; x_wconf 82' lang='grc' dir='ltr'><strong>σώφρονι</strong></span> <span class='ocrx_word' id='word_1_278' title='bbox 2484 1221 2705 1283; x_wconf 77' lang='grc' dir='ltr'><strong>ἑαυτοὺς</strong></span> <span class='ocrx_word' id='word_1_279' title='bbox 2720 1218 3099 1282; x_wconf 78' lang='grc' dir='ltr'><strong>ἐπιδεδωκότες</strong></span> <span class='ocrx_word' id='word_1_280' title='bbox 3119 1235 3134 1249; x_wconf 73' lang='grc' dir='ltr'><strong>ο</strong></span> <span class='ocrx_word' id='word_1_281' title='bbox 3174 1217 3210 1289; x_wconf 74' lang='grc' dir='ltr'><strong>ἤ</strong></span> <span class='ocrx_word' id='word_1_282' title='bbox 3238 1219 3337 1288; x_wconf 85' lang='grc' dir='ltr'><strong>τῆς</strong></span> <span class='ocrx_word' id='word_1_283' title='bbox 3368 1217 3789 1288; x_wconf 70' lang='grc' dir='ltr'><strong>ἐπηγγελμένης</strong></span> 
     </span>
    </p>
   </div>
   <div class='ocr_carea' id='block_1_41' title="bbox 2224 1306 3789 1382">
    <p class='ocr_par' dir='ltr' id='par_1_41' title="bbox 2224 1306 3789 1382">
     <span class='ocr_line' id='line_1_41' title="bbox 2224 1306 3789 1382; baseline -0.008 -15"><span class='ocrx_word' id='word_1_284' title='bbox 2224 1312 2328 1382; x_wconf 81' lang='grc' dir='ltr'><strong>τῆς</strong></span> <span class='ocrx_word' id='word_1_285' title='bbox 2368 1314 2569 1382; x_wconf 80' lang='grc' dir='ltr'><strong>τυχεῖν,</strong></span> <span class='ocrx_word' id='word_1_286' title='bbox 2606 1310 2895 1381; x_wconf 74' lang='grc' dir='ltr'><strong>οἰκήτοράς</strong></span> <span class='ocrx_word' id='word_1_287' title='bbox 2924 1326 2983 1363; x_wconf 88' lang='grc' dir='ltr'><strong>τε</strong></span> <span class='ocrx_word' id='word_1_288' title='bbox 3035 1316 3128 1363; x_wconf 78' lang='grc' dir='ltr'><strong>καὶ</strong></span> <span class='ocrx_word' id='word_1_289' title='bbox 3167 1308 3389 1372; x_wconf 90' lang='grc' dir='ltr'><strong>πολίτας</strong></span> <span class='ocrx_word' id='word_1_290' title='bbox 3421 1309 3520 1379; x_wconf 83' lang='grc' dir='ltr'><strong>τῆς</strong></span> <span class='ocrx_word' id='word_1_291' title='bbox 3546 1309 3664 1363; x_wconf 73' lang='grc' dir='ltr'><strong>ἀνω</strong></span> <span class='ocrx_word' id='word_1_292' title='bbox 3692 1306 3789 1361; x_wconf 78' lang='grc' dir='ltr'><strong>τοῦ</strong></span> 
     </span>
    </p>
   </div>
   <div class='ocr_carea' id='block_1_42' title="bbox 2223 1399 3791 1472">
    <p class='ocr_par' dir='ltr' id='par_1_42' title="bbox 2223 1399 3791 1472">
     <span class='ocr_line' id='line_1_42' title="bbox 2223 1399 3791 1472; baseline -0.002 -16"><span class='ocrx_word' id='word_1_293' title='bbox 2223 1402 2356 1456; x_wconf 85' lang='grc' dir='ltr'><strong>Θεοῦ</strong></span> <span class='ocrx_word' id='word_1_294' title='bbox 2386 1403 2589 1465; x_wconf 83' lang='grc' dir='ltr'><strong>πόλεως</strong></span> <span class='ocrx_word' id='word_1_295' title='bbox 2615 1400 2885 1469; x_wconf 87' lang='grc' dir='ltr'><strong>γενέσθαι,</strong></span> <span class='ocrx_word' id='word_1_296' title='bbox 2916 1400 3122 1472; x_wconf 77' lang='grc' dir='ltr'><strong>πράους</strong></span> <span class='ocrx_word' id='word_1_297' title='bbox 3153 1401 3245 1453; x_wconf 74' lang='grc' dir='ltr'><strong>καὶ</strong></span> <span class='ocrx_word' id='word_1_298' title='bbox 3267 1399 3621 1465; x_wconf 80' lang='grc' dir='ltr'><strong>ἀνεξικάκους</strong></span> <span class='ocrx_word' id='word_1_299' title='bbox 3646 1400 3791 1453; x_wconf 86' lang='grc' dir='ltr'><strong>ἀπο-</strong></span> 
     </span>
    </p>
   </div>
   <div class='ocr_carea' id='block_1_43' title="bbox 2221 1488 3793 1563">
    <p class='ocr_par' dir='ltr' id='par_1_43' title="bbox 2221 1488 3793 1563">
     <span class='ocr_line' id='line_1_43' title="bbox 2221 1488 3793 1563; baseline -0.001 -18"><span class='ocrx_word' id='word_1_300' title='bbox 2221 1491 2554 1563; x_wconf 76' lang='grc' dir='ltr'><strong>δειχθένταςο</strong></span> <span class='ocrx_word' id='word_1_301' title='bbox 2601 1492 2635 1562; x_wconf 77' lang='grc' dir='ltr'>ἢ</span> <span class='ocrx_word' id='word_1_302' title='bbox 2669 1492 3025 1563; x_wconf 84' lang='grc' dir='ltr'><strong>πεινήσαντας</strong></span> <span class='ocrx_word' id='word_1_303' title='bbox 3071 1491 3130 1542; x_wconf 84' lang='grc' dir='ltr'><strong>ἐν</strong></span> <span class='ocrx_word' id='word_1_304' title='bbox 3165 1488 3243 1559; x_wconf 81' lang='grc' dir='ltr'><strong>τῷ</strong></span> <span class='ocrx_word' id='word_1_305' title='bbox 3275 1488 3501 1559; x_wconf 82' lang='grc' dir='ltr'><strong>παρόντι</strong></span> <span class='ocrx_word' id='word_1_306' title='bbox 3539 1489 3659 1559; x_wconf 84' lang='grc' dir='ltr'><strong>βίῳ,</strong></span> <span class='ocrx_word' id='word_1_307' title='bbox 3694 1488 3793 1543; x_wconf 79' lang='grc' dir='ltr'><strong>καὶ</strong></span> 
     </span>
    </p>
   </div>
   <div class='ocr_carea' id='block_1_44' title="bbox 2221 1578 3796 1654">
    <p class='ocr_par' dir='ltr' id='par_1_44' title="bbox 2221 1578 3796 1654">
     <span class='ocr_line' id='line_1_44' title="bbox 2221 1578 3796 1654; baseline -0.003 -17"><span class='ocrx_word' id='word_1_308' title='bbox 2221 1584 2550 1654; x_wconf 75' lang='grc' dir='ltr'><strong>διψήσαντας</strong></span> <span class='ocrx_word' id='word_1_309' title='bbox 2583 1583 2684 1654; x_wconf 77' lang='grc' dir='ltr'><strong>τῆς</strong></span> <span class='ocrx_word' id='word_1_310' title='bbox 2708 1581 3049 1651; x_wconf 77' lang='grc' dir='ltr'><strong>δικαιοσύνης</strong></span> <span class='ocrx_word' id='word_1_311' title='bbox 3070 1583 3250 1651; x_wconf 86' lang='grc' dir='ltr'><strong>τυχεῖν</strong></span> <span class='ocrx_word' id='word_1_312' title='bbox 3283 1578 3476 1648; x_wconf 78' lang='grc' dir='ltr'><strong>αὐτῆς,</strong></span> <span class='ocrx_word' id='word_1_313' title='bbox 3504 1582 3599 1634; x_wconf 81' lang='grc' dir='ltr'><strong>καὶ</strong></span> <span class='ocrx_word' id='word_1_314' title='bbox 3629 1595 3796 1651; x_wconf 84' lang='grc' dir='ltr'><strong>κορε-</strong></span> 
     </span>
    </p>
   </div>
   <div class='ocr_carea' id='block_1_45' title="bbox 2224 1670 3794 1747">
    <p class='ocr_par' dir='ltr' id='par_1_45' title="bbox 2224 1670 3794 1747">
     <span class='ocr_line' id='line_1_45' title="bbox 2224 1670 3794 1747; baseline -0.006 -16"><span class='ocrx_word' id='word_1_315' title='bbox 2224 1677 2413 1747; x_wconf 83' lang='grc' dir='ltr'><strong>σθῆναι</strong></span> <span class='ocrx_word' id='word_1_316' title='bbox 2459 1677 2600 1730; x_wconf 80' lang='grc' dir='ltr'><strong>κατὰ</strong></span> <span class='ocrx_word' id='word_1_317' title='bbox 2637 1675 2729 1729; x_wconf 82' lang='grc' dir='ltr'><strong>τὸν</strong></span> <span class='ocrx_word' id='word_1_318' title='bbox 2774 1673 3175 1745; x_wconf 70' lang='grc' dir='ltr'><strong>ἐπηγγελμένον</strong></span> <span class='ocrx_word' id='word_1_319' title='bbox 3213 1671 3405 1734; x_wconf 85' lang='grc' dir='ltr'><strong>αίῶνα,</strong></span> <span class='ocrx_word' id='word_1_320' title='bbox 3448 1671 3585 1724; x_wconf 84' lang='grc' dir='ltr'><strong>ἐπὰν</strong></span> <span class='ocrx_word' id='word_1_321' title='bbox 3616 1670 3794 1740; x_wconf 84' lang='grc' dir='ltr'><strong>αὐτῆς</strong></span> 
     </span>
    </p>
   </div>
   <div class='ocr_carea' id='block_1_46' title="bbox 2224 1761 3795 1841">
    <p class='ocr_par' dir='ltr' id='par_1_46' title="bbox 2224 1761 3795 1841">
     <span class='ocr_line' id='line_1_46' title="bbox 2224 1761 3795 1841; baseline -0.005 -17"><span class='ocrx_word' id='word_1_322' title='bbox 2224 1769 2465 1841; x_wconf 80' lang='grc' dir='ltr'><strong>καθαρᾶς</strong></span> <span class='ocrx_word' id='word_1_323' title='bbox 2509 1768 2608 1839; x_wconf 83' lang='grc' dir='ltr'><strong>τῆς</strong></span> <span class='ocrx_word' id='word_1_324' title='bbox 2650 1765 2935 1830; x_wconf 82' lang='grc' dir='ltr'><strong>οὐσιώδους</strong></span> <span class='ocrx_word' id='word_1_325' title='bbox 2972 1764 3174 1837; x_wconf 77' lang='grc' dir='ltr'><strong>ἀρετῆς</strong></span> <span class='ocrx_word' id='word_1_326' title='bbox 3212 1763 3554 1818; x_wconf 81' lang='grc' dir='ltr'><strong>ἀπολαύωσιν</strong></span> <span class='ocrx_word' id='word_1_327' title='bbox 3574 1804 3588 1828; x_wconf 95' lang='grc'><strong>,</strong></span> <span class='ocrx_word' id='word_1_328' title='bbox 3618 1761 3795 1833; x_wconf 75' lang='grc' dir='ltr'><strong>αὐτὴν</strong></span> 
     </span>
    </p>
   </div>
   <div class='ocr_carea' id='block_1_47' title="bbox 2223 1853 3793 1930">
    <p class='ocr_par' dir='ltr' id='par_1_47' title="bbox 2223 1853 3793 1930">
     <span class='ocr_line' id='line_1_47' title="bbox 2223 1853 3793 1930; baseline -0.006 -16"><span class='ocrx_word' id='word_1_329' title='bbox 2223 1860 2584 1930; x_wconf 80' lang='grc' dir='ltr'><strong>ὑποστατικὴν</strong></span> <span class='ocrx_word' id='word_1_330' title='bbox 2616 1858 2847 1927; x_wconf 85' lang='grc' dir='ltr'><strong>ὁρῶντες</strong></span> <span class='ocrx_word' id='word_1_331' title='bbox 2874 1859 2974 1927; x_wconf 80' lang='grc' dir='ltr'><strong>τὴν</strong></span> <span class='ocrx_word' id='word_1_332' title='bbox 3006 1854 3101 1909; x_wconf 90' lang='grc' dir='ltr'><strong>τοῦ</strong></span> <span class='ocrx_word' id='word_1_333' title='bbox 3139 1855 3273 1909; x_wconf 93' lang='grc' dir='ltr'><strong>Θεοῦ</strong></span> <span class='ocrx_word' id='word_1_334' title='bbox 3300 1853 3663 1924; x_wconf 87' lang='grc' dir='ltr'><strong>δικαιοσύνην,</strong></span> <span class='ocrx_word' id='word_1_335' title='bbox 3692 1854 3793 1907; x_wconf 74' lang='grc' dir='ltr'><strong>καὶ</strong></span> 
     </span>
    </p>
   </div>
   <div class='ocr_carea' id='block_1_48' title="bbox 2220 1941 3799 2021">
    <p class='ocr_par' dir='ltr' id='par_1_48' title="bbox 2220 1941 3799 2021">
     <span class='ocr_line' id='line_1_48' title="bbox 2220 1941 3799 2021; baseline -0.004 -18"><span class='ocrx_word' id='word_1_336' title='bbox 2220 1950 2389 2020; x_wconf 80' lang='grc' dir='ltr'><strong>αὐτὴν</strong></span> <span class='ocrx_word' id='word_1_337' title='bbox 2415 1950 2514 2021; x_wconf 83' lang='grc' dir='ltr'><strong>τὴν</strong></span> <span class='ocrx_word' id='word_1_338' title='bbox 2545 1948 2734 2015; x_wconf 88' lang='grc' dir='ltr'><strong>σοφίαν</strong></span> <span class='ocrx_word' id='word_1_339' title='bbox 2772 1946 2865 2000; x_wconf 88' lang='grc' dir='ltr'><strong>τοῦ</strong></span> <span class='ocrx_word' id='word_1_340' title='bbox 2906 1944 3062 2009; x_wconf 89' lang='grc' dir='ltr'><strong>Θεοῦ,</strong></span> <span class='ocrx_word' id='word_1_341' title='bbox 3101 1946 3196 1999; x_wconf 81' lang='grc' dir='ltr'><strong>καὶ</strong></span> <span class='ocrx_word' id='word_1_342' title='bbox 3221 1944 3319 2015; x_wconf 86' lang='grc' dir='ltr'><strong>τὴν</strong></span> <span class='ocrx_word' id='word_1_343' title='bbox 3356 1943 3501 2014; x_wconf 78' lang='grc' dir='ltr'><strong>ζωὴν</strong></span> <span class='ocrx_word' id='word_1_344' title='bbox 3528 1944 3629 2013; x_wconf 80' lang='grc' dir='ltr'><strong>τὴν</strong></span> <span class='ocrx_word' id='word_1_345' title='bbox 3658 1941 3799 1997; x_wconf 77' lang='grc' dir='ltr'><strong>αἰώ-</strong></span> 
     </span>
    </p>
   </div>
   <div class='ocr_carea' id='block_1_49' title="bbox 2220 2034 3797 2107">
    <p class='ocr_par' dir='ltr' id='par_1_49' title="bbox 2220 2034 3797 2107">
     <span class='ocr_line' id='line_1_49' title="bbox 2220 2034 3797 2107; baseline -0.004 -14"><span class='ocrx_word' id='word_1_346' title='bbox 2220 2056 2350 2103; x_wconf 89' lang='grc' dir='ltr'><strong>νιον,</strong></span> <span class='ocrx_word' id='word_1_347' title='bbox 2380 2039 2551 2092; x_wconf 80' lang='grc' dir='ltr'><strong>καὶτὸ</strong></span> <span class='ocrx_word' id='word_1_348' title='bbox 2575 2036 2759 2107; x_wconf 79' lang='grc' dir='ltr'><strong>ψυχῶν</strong></span> <span class='ocrx_word' id='word_1_349' title='bbox 2790 2035 3111 2106; x_wconf 86' lang='grc' dir='ltr'><strong>φωτιστικόν</strong></span> <span class='ocrx_word' id='word_1_350' title='bbox 3130 2051 3143 2065; x_wconf 77' lang='grc' dir='ltr'><strong>ο</strong></span> <span class='ocrx_word' id='word_1_351' title='bbox 3194 2034 3229 2088; x_wconf 80' lang='grc' dir='ltr'>ἃ</span> <span class='ocrx_word' id='word_1_352' title='bbox 3258 2034 3323 2106; x_wconf 82' lang='grc' dir='ltr'><strong>δὴ</strong></span> <span class='ocrx_word' id='word_1_353' title='bbox 3357 2035 3531 2089; x_wconf 86' lang='grc' dir='ltr'><strong>πάντα</strong></span> <span class='ocrx_word' id='word_1_354' title='bbox 3559 2035 3797 2087; x_wconf 83' lang='grc' dir='ltr'><strong>ἐπινοεῖ-</strong></span> 
     </span>
    </p>
   </div>
   <div class='ocr_carea' id='block_1_50' title="bbox 2219 2124 3800 2198">
    <p class='ocr_par' dir='ltr' id='par_1_50' title="bbox 2219 2124 3800 2198">
     <span class='ocr_line' id='line_1_50' title="bbox 2219 2124 3800 2198; baseline -0.003 -16"><span class='ocrx_word' id='word_1_355' title='bbox 2219 2146 2308 2182; x_wconf 86' lang='grc' dir='ltr'><strong>ται</strong></span> <span class='ocrx_word' id='word_1_356' title='bbox 2347 2128 2485 2182; x_wconf 87' lang='grc' dir='ltr'><strong>κατά</strong></span> <span class='ocrx_word' id='word_1_357' title='bbox 2524 2128 2623 2191; x_wconf 90' lang='grc' dir='ltr'><strong>τάς</strong></span> <span class='ocrx_word' id='word_1_358' title='bbox 2669 2125 3077 2198; x_wconf 85' lang='grc' dir='ltr'><strong>ἐνυπαρχούσας</strong></span> <span class='ocrx_word' id='word_1_359' title='bbox 3106 2124 3360 2194; x_wconf 84' lang='grc' dir='ltr'><strong>δυνάμεις</strong></span> <span class='ocrx_word' id='word_1_360' title='bbox 3402 2124 3480 2194; x_wconf 84' lang='grc' dir='ltr'><strong>τῷ</strong></span> <span class='ocrx_word' id='word_1_361' title='bbox 3515 2126 3800 2195; x_wconf 84' lang='grc' dir='ltr'><strong>μονογενεῖ</strong></span> 
     </span>
    </p>
   </div>
   <div class='ocr_carea' id='block_1_51' title="bbox 2220 2214 3794 2287">
    <p class='ocr_par' dir='ltr' id='par_1_51' title="bbox 2220 2214 3794 2287">
     <span class='ocr_line' id='line_1_51' title="bbox 2220 2214 3794 2287; baseline -0.003 -15"><span class='ocrx_word' id='word_1_362' title='bbox 2220 2218 2313 2272; x_wconf 86' lang='grc' dir='ltr'><strong>τοῦ</strong></span> <span class='ocrx_word' id='word_1_363' title='bbox 2350 2218 2483 2272; x_wconf 90' lang='grc' dir='ltr'><strong>Θεοῦ</strong></span> <span class='ocrx_word' id='word_1_364' title='bbox 2511 2219 2688 2287; x_wconf 85' lang='grc' dir='ltr'><strong>Λόγῳ.</strong></span> <span class='ocrx_word' id='word_1_365' title='bbox 2722 2218 2785 2269; x_wconf 80' lang='lat' dir='ltr'><strong>Ei</strong></span> <span class='ocrx_word' id='word_1_366' title='bbox 2815 2215 2872 2269; x_wconf 83' lang='grc' dir='ltr'><strong>δέ</strong></span> <span class='ocrx_word' id='word_1_367' title='bbox 2909 2214 3081 2277; x_wconf 83' lang='grc' dir='ltr'><strong>άλλως</strong></span> <span class='ocrx_word' id='word_1_368' title='bbox 3115 2214 3259 2276; x_wconf 77' lang='grc' dir='ltr'><strong>τινὲς</strong></span> <span class='ocrx_word' id='word_1_369' title='bbox 3294 2214 3663 2286; x_wconf 88' lang='grc' dir='ltr'><strong>φιλάνθρωποι</strong></span> <span class='ocrx_word' id='word_1_370' title='bbox 3696 2215 3794 2267; x_wconf 66' lang='grc' dir='ltr'><strong>καὶ</strong></span> 
     </span>
    </p>
   </div>
   <div class='ocr_carea' id='block_1_52' title="bbox 2221 2303 3795 2381">
    <p class='ocr_par' dir='ltr' id='par_1_52' title="bbox 2221 2303 3795 2381">
     <span class='ocr_line' id='line_1_52' title="bbox 2221 2303 3795 2381; baseline -0.004 -17"><span class='ocrx_word' id='word_1_371' title='bbox 2221 2310 2509 2381; x_wconf 72' lang='grc' dir='ltr'><strong>ἐλεήμονες</strong></span> <span class='ocrx_word' id='word_1_372' title='bbox 2554 2310 2839 2377; x_wconf 74' lang='grc' dir='ltr'><strong>γεγόνασι,</strong></span> <span class='ocrx_word' id='word_1_373' title='bbox 2892 2309 2953 2362; x_wconf 87' lang='grc' dir='ltr'><strong>τὺ</strong></span> <span class='ocrx_word' id='word_1_374' title='bbox 3001 2307 3280 2377; x_wconf 77' lang='grc' dir='ltr'><strong>συμπαθὲς</strong></span> <span class='ocrx_word' id='word_1_375' title='bbox 3332 2308 3426 2360; x_wconf 79' lang='grc' dir='ltr'><strong>καὶ</strong></span> <span class='ocrx_word' id='word_1_376' title='bbox 3476 2303 3795 2359; x_wconf 83' lang='grc' dir='ltr'><strong>κοινωνικὸν</strong></span> 
     </span>
    </p>
   </div>
   <div class='ocr_carea' id='block_1_53' title="bbox 2221 2388 3794 2472">
    <p class='ocr_par' dir='ltr' id='par_1_53' title="bbox 2221 2388 3794 2472">
     <span class='ocr_line' id='line_1_53' title="bbox 2221 2388 3794 2472; baseline -0.004 -18"><span class='ocrx_word' id='word_1_377' title='bbox 2221 2401 2356 2472; x_wconf 81' lang='grc' dir='ltr'><strong>πρὸς</strong></span> <span class='ocrx_word' id='word_1_378' title='bbox 2378 2403 2504 2464; x_wconf 81' lang='grc' dir='ltr'><strong>τοὺς</strong></span> <span class='ocrx_word' id='word_1_379' title='bbox 2524 2400 2691 2463; x_wconf 83' lang='grc' dir='ltr'><strong>πέλας</strong></span> <span class='ocrx_word' id='word_1_380' title='bbox 2714 2398 3161 2469; x_wconf 81' lang='grc' dir='ltr'><strong>ἐπιδεικνύμενοι,</strong></span> <span class='ocrx_word' id='word_1_381' title='bbox 3187 2397 3379 2450; x_wconf 80' lang='grc' dir='ltr'><strong>ταύτὸν</strong></span> <span class='ocrx_word' id='word_1_382' title='bbox 3409 2396 3685 2449; x_wconf 82' lang='grc' dir='ltr'><strong>πείσονται</strong></span> <span class='ocrx_word' id='word_1_383' title='bbox 3705 2388 3794 2459; x_wconf 79' lang='grc' dir='ltr'><strong>οἷς</strong></span> 
     </span>
    </p>
   </div>
   <div class='ocr_carea' id='block_1_54' title="bbox 2220 2483 3770 2562">
    <p class='ocr_par' dir='ltr' id='par_1_54' title="bbox 2220 2483 3770 2562">
     <span class='ocr_line' id='line_1_54' title="bbox 2220 2483 3770 2562; baseline -0.005 -18"><span class='ocrx_word' id='word_1_384' title='bbox 2220 2491 2469 2562; x_wconf 79' lang='grc' dir='ltr'><strong>ἔδρασαν,</strong></span> <span class='ocrx_word' id='word_1_385' title='bbox 2499 2490 2619 2543; x_wconf 74' lang='grc' dir='ltr'><strong>κατ’</strong></span> <span class='ocrx_word' id='word_1_386' title='bbox 2652 2489 2800 2541; x_wconf 77' lang='grc' dir='ltr'><strong>ἔλεον</strong></span> <span class='ocrx_word' id='word_1_387' title='bbox 2831 2486 2966 2540; x_wconf 88' lang='grc' dir='ltr'><strong>Θεοῦ</strong></span> <span class='ocrx_word' id='word_1_388' title='bbox 2994 2488 3087 2542; x_wconf 77' lang='grc' dir='ltr'><strong>καὶ</strong></span> <span class='ocrx_word' id='word_1_389' title='bbox 3115 2485 3518 2558; x_wconf 81' lang='grc' dir='ltr'><strong>φιλανθρωπίαν</strong></span> <span class='ocrx_word' id='word_1_390' title='bbox 3545 2483 3770 2555; x_wconf 82' lang='grc' dir='ltr'><strong>ἐλεηθέν</strong></span> 
     </span>
    </p>
   </div>
   <div class='ocr_carea' id='block_1_55' title="bbox 2221 2576 3792 2649">
    <p class='ocr_par' dir='ltr' id='par_1_55' title="bbox 2221 2576 3792 2649">
     <span class='ocr_line' id='line_1_55' title="bbox 2221 2576 3792 2649; baseline -0.003 -15"><span class='ocrx_word' id='word_1_391' title='bbox 2221 2598 2330 2644; x_wconf 86' lang='grc' dir='ltr'><strong>τες.</strong></span> <span class='ocrx_word' id='word_1_392' title='bbox 2362 2580 2523 2632; x_wconf 74' lang='grc' dir='ltr'><strong>Ἄλλο</strong></span> <span class='ocrx_word' id='word_1_393' title='bbox 2551 2580 2609 2633; x_wconf 85' lang='grc' dir='ltr'><strong>δὲ</strong></span> <span class='ocrx_word' id='word_1_394' title='bbox 2640 2580 2823 2649; x_wconf 84' lang='grc' dir='ltr'><strong>τάγμα</strong></span> <span class='ocrx_word' id='word_1_395' title='bbox 2854 2579 3048 2647; x_wconf 81' lang='grc' dir='ltr'><strong>γένοιτ’</strong></span> <span class='ocrx_word' id='word_1_396' title='bbox 3078 2577 3144 2632; x_wconf 84' lang='grc' dir='ltr'><strong>ἂν</strong></span> <span class='ocrx_word' id='word_1_397' title='bbox 3174 2577 3282 2632; x_wconf 91' lang='grc' dir='ltr'><strong>τῶν</strong></span> <span class='ocrx_word' id='word_1_398' title='bbox 3311 2576 3452 2631; x_wconf 86' lang='grc' dir='ltr'><strong>κατά</strong></span> <span class='ocrx_word' id='word_1_399' title='bbox 3484 2576 3584 2647; x_wconf 79' lang='grc' dir='ltr'><strong>τὴν</strong></span> <span class='ocrx_word' id='word_1_400' title='bbox 3616 2578 3792 2642; x_wconf 76' lang='grc' dir='ltr'><strong>ἐπαγ-</strong></span> 
     </span>
    </p>
   </div>
   <div class='ocr_carea' id='block_1_56' title="bbox 2220 2667 3794 2740">
    <p class='ocr_par' dir='ltr' id='par_1_56' title="bbox 2220 2667 3794 2740">
     <span class='ocr_line' id='line_1_56' title="bbox 2220 2667 3794 2740; baseline -0.001 -19"><span class='ocrx_word' id='word_1_401' title='bbox 2220 2668 2404 2737; x_wconf 88' lang='grc' dir='ltr'><strong>γελίαν</strong></span> <span class='ocrx_word' id='word_1_402' title='bbox 2449 2670 2753 2740; x_wconf 81' lang='grc' dir='ltr'><strong>μακαρίων,</strong></span> <span class='ocrx_word' id='word_1_403' title='bbox 2795 2669 2857 2721; x_wconf 86' lang='grc' dir='ltr'><strong>τὸ</strong></span> <span class='ocrx_word' id='word_1_404' title='bbox 2880 2668 2987 2721; x_wconf 89' lang='grc' dir='ltr'><strong>τῶν</strong></span> <span class='ocrx_word' id='word_1_405' title='bbox 3011 2669 3109 2739; x_wconf 82' lang='grc' dir='ltr'><strong>τὴν</strong></span> <span class='ocrx_word' id='word_1_406' title='bbox 3139 2668 3363 2740; x_wconf 85' lang='grc' dir='ltr'><strong>καρδίαν</strong></span> <span class='ocrx_word' id='word_1_407' title='bbox 3398 2668 3646 2721; x_wconf 81' lang='grc' dir='ltr'><strong>τουτέστι</strong></span> <span class='ocrx_word' id='word_1_408' title='bbox 3689 2667 3794 2737; x_wconf 81' lang='grc' dir='ltr'><strong>τὴν</strong></span> 
     </span>
    </p>
   </div>
   <div class='ocr_carea' id='block_1_57' title="bbox 2218 2756 3788 2828">
    <p class='ocr_par' dir='ltr' id='par_1_57' title="bbox 2218 2756 3788 2828">
     <span class='ocr_line' id='line_1_57' title="bbox 2218 2756 3788 2828; baseline -0.001 -18"><span class='ocrx_word' id='word_1_409' title='bbox 2218 2758 2450 2811; x_wconf 66' lang='grc' dir='ltr'><strong>διὼδοιαν</strong></span> <span class='ocrx_word' id='word_1_410' title='bbox 2486 2756 2906 2828; x_wconf 85' lang='grc' dir='ltr'><strong>κεκαθαρμένων</strong></span> <span class='ocrx_word' id='word_1_411' title='bbox 2924 2774 2937 2786; x_wconf 93' lang='grc'><strong>·</strong></span> <span class='ocrx_word' id='word_1_412' title='bbox 2972 2758 3066 2810; x_wconf 76' lang='grc' dir='ltr'><strong>καὶ</strong></span> <span class='ocrx_word' id='word_1_413' title='bbox 3092 2757 3218 2811; x_wconf 84' lang='grc' dir='ltr'><strong>ἀλλο</strong></span> <span class='ocrx_word' id='word_1_414' title='bbox 3244 2757 3403 2811; x_wconf 90' lang='grc' dir='ltr'><strong>πάλιν</strong></span> <span class='ocrx_word' id='word_1_415' title='bbox 3428 2756 3539 2810; x_wconf 90' lang='grc' dir='ltr'><strong>τῶν</strong></span> <span class='ocrx_word' id='word_1_416' title='bbox 3572 2758 3788 2828; x_wconf 73' lang='grc' dir='ltr'><strong>είρηνοο</strong></span> 
     </span>
    </p>
   </div>
   <div class='ocr_carea' id='block_1_58' title="bbox 2220 2842 3796 2921">
    <p class='ocr_par' dir='ltr' id='par_1_58' title="bbox 2220 2842 3796 2921">
     <span class='ocr_line' id='line_1_58' title="bbox 2220 2842 3796 2921; baseline 0.001 -20"><span class='ocrx_word' id='word_1_417' title='bbox 2220 2848 2387 2901; x_wconf 85' lang='grc' dir='ltr'><strong>ποιῶν</strong></span> <span class='ocrx_word' id='word_1_418' title='bbox 2412 2865 2427 2879; x_wconf 75' lang='grc' dir='ltr'><strong>ο</strong></span> <span class='ocrx_word' id='word_1_419' title='bbox 2462 2842 2537 2902; x_wconf 82' lang='grc' dir='ltr'><strong>ὧν</strong></span> <span class='ocrx_word' id='word_1_420' title='bbox 2557 2850 2607 2901; x_wconf 85' lang='grc' dir='ltr'><strong>οἱ</strong></span> <span class='ocrx_word' id='word_1_421' title='bbox 2633 2850 2730 2919; x_wconf 82' lang='grc' dir='ltr'><strong>μὲν</strong></span> <span class='ocrx_word' id='word_1_422' title='bbox 2758 2849 3008 2921; x_wconf 88' lang='grc' dir='ltr'><strong>πρότεροι</strong></span> <span class='ocrx_word' id='word_1_423' title='bbox 3033 2848 3199 2920; x_wconf 81' lang='grc' dir='ltr'><strong>γέρας</strong></span> <span class='ocrx_word' id='word_1_424' title='bbox 3220 2848 3475 2919; x_wconf 84' lang='grc' dir='ltr'><strong>λήψονται</strong></span> <span class='ocrx_word' id='word_1_425' title='bbox 3498 2849 3598 2918; x_wconf 82' lang='grc' dir='ltr'><strong>τῆς</strong></span> <span class='ocrx_word' id='word_1_426' title='bbox 3624 2848 3796 2902; x_wconf 84' lang='grc' dir='ltr'><strong>καθα-</strong></span> 
     </span>
    </p>
   </div>
   <div class='ocr_carea' id='block_1_59' title="bbox 2225 2938 3791 3012">
    <p class='ocr_par' dir='ltr' id='par_1_59' title="bbox 2225 2938 3791 3012">
     <span class='ocr_line' id='line_1_59' title="bbox 2225 2938 3791 3012; baseline 0.001 -20"><span class='ocrx_word' id='word_1_427' title='bbox 2225 2942 2462 3012; x_wconf 89' lang='grc' dir='ltr'><strong>ρότητος,</strong></span> <span class='ocrx_word' id='word_1_428' title='bbox 2494 2940 2593 3011; x_wconf 80' lang='grc' dir='ltr'><strong>τὴν</strong></span> <span class='ocrx_word' id='word_1_429' title='bbox 2620 2939 2713 2993; x_wconf 87' lang='grc' dir='ltr'><strong>τοῦ</strong></span> <span class='ocrx_word' id='word_1_430' title='bbox 2743 2939 2877 2993; x_wconf 87' lang='grc' dir='ltr'><strong>Θεοῦ</strong></span> <span class='ocrx_word' id='word_1_431' title='bbox 2895 2939 3042 3006; x_wconf 84' lang='grc' dir='ltr'><strong>θέαν,</strong></span> <span class='ocrx_word' id='word_1_432' title='bbox 3072 2939 3167 2993; x_wconf 77' lang='grc' dir='ltr'><strong>ἅτε</strong></span> <span class='ocrx_word' id='word_1_433' title='bbox 3191 2940 3249 2993; x_wconf 85' lang='grc' dir='ltr'><strong>δὲ</strong></span> <span class='ocrx_word' id='word_1_434' title='bbox 3274 2938 3573 3009; x_wconf 82' lang='grc' dir='ltr'><strong>ὀφθαλμοῖς</strong></span> <span class='ocrx_word' id='word_1_435' title='bbox 3608 2939 3791 3010; x_wconf 75' lang='grc' dir='ltr'><strong>ψυχῆς</strong></span> 
     </span>
    </p>
   </div>
   <div class='ocr_carea' id='block_1_60' title="bbox 2222 3027 3796 3099">
    <p class='ocr_par' dir='ltr' id='par_1_60' title="bbox 2222 3027 3796 3099">
     <span class='ocr_line' id='line_1_60' title="bbox 2222 3027 3796 3099; baseline 0 -18"><span class='ocrx_word' id='word_1_436' title='bbox 2222 3028 2671 3099; x_wconf 84' lang='grc' dir='ltr'><strong>κεκαθαρμένοις.</strong></span> <span class='ocrx_word' id='word_1_437' title='bbox 2697 3028 2855 3081; x_wconf 77' lang='grc' dir='ltr'><strong>αὐτὸν</strong></span> <span class='ocrx_word' id='word_1_438' title='bbox 2898 3029 3175 3099; x_wconf 81' lang='grc' dir='ltr'><strong>ὀψόμενοι·</strong></span> <span class='ocrx_word' id='word_1_439' title='bbox 3220 3030 3271 3082; x_wconf 78' lang='lat' dir='ltr'><strong>oi</strong></span> <span class='ocrx_word' id='word_1_440' title='bbox 3298 3029 3355 3082; x_wconf 78' lang='grc' dir='ltr'><strong>δὲ</strong></span> <span class='ocrx_word' id='word_1_441' title='bbox 3405 3028 3648 3099; x_wconf 80' lang='grc' dir='ltr'><strong>δεύτεροι</strong></span> <span class='ocrx_word' id='word_1_442' title='bbox 3683 3027 3796 3081; x_wconf 83' lang='grc' dir='ltr'><strong>υἱοὶ</strong></span> 
     </span>
    </p>
   </div>
   <div class='ocr_carea' id='block_1_61' title="bbox 570 3104 2120 3197">
    <p class='ocr_par' dir='ltr' id='par_1_61' title="bbox 570 3104 2119 3175">
     <span class='ocr_line' id='line_1_61' title="bbox 570 3104 2119 3175; baseline 0.003 -19"><span class='ocrx_word' id='word_1_443' title='bbox 570 3118 689 3157; x_wconf 83' lang='lat' dir='ltr'><strong>rum</strong></span> <span class='ocrx_word' id='word_1_444' title='bbox 754 3104 1066 3158; x_wconf 84' lang='lat' dir='ltr'><strong>diversitate</strong></span> <span class='ocrx_word' id='word_1_445' title='bbox 1117 3104 1341 3159; x_wconf 83' lang='lat' dir='ltr'><strong>diversis</strong></span> <span class='ocrx_word' id='word_1_446' title='bbox 1404 3106 1457 3159; x_wconf 90' lang='lat' dir='ltr'><strong>in</strong></span> <span class='ocrx_word' id='word_1_447' title='bbox 1531 3108 1794 3175; x_wconf 88' lang='lat' dir='ltr'><strong>promisso</strong></span> <span class='ocrx_word' id='word_1_448' title='bbox 1860 3108 2119 3161; x_wconf 63' lang='lat' dir='ltr'><strong>caelorum</strong></span> 
     </span>
    </p>
   </div>
   <div class='ocr_carea' id='block_1_62' title="bbox 2221 3104 3787 3197">
    <p class='ocr_par' dir='ltr' id='par_1_62' title="bbox 2224 3116 3787 3189">
     <span class='ocr_line' id='line_1_62' title="bbox 2224 3116 3787 3189; baseline 0 -19"><span class='ocrx_word' id='word_1_449' title='bbox 2224 3116 2360 3171; x_wconf 83' lang='grc' dir='ltr'><strong>Θεοῦ</strong></span> <span class='ocrx_word' id='word_1_450' title='bbox 2390 3118 2724 3189; x_wconf 85' lang='grc' dir='ltr'><strong>γενήσονται,</strong></span> <span class='ocrx_word' id='word_1_451' title='bbox 2753 3117 2828 3180; x_wconf 87' lang='grc' dir='ltr'><strong>ὼς</strong></span> <span class='ocrx_word' id='word_1_452' title='bbox 2851 3117 2915 3171; x_wconf 82' lang='grc' dir='ltr'><strong>ἂν</strong></span> <span class='ocrx_word' id='word_1_453' title='bbox 2943 3116 3101 3188; x_wconf 80' lang='grc' dir='ltr'><strong>ἐργον</strong></span> <span class='ocrx_word' id='word_1_454' title='bbox 3121 3118 3303 3188; x_wconf 86' lang='grc' dir='ltr'><strong>ὅμοιον</strong></span> <span class='ocrx_word' id='word_1_455' title='bbox 3328 3116 3753 3188; x_wconf 81' lang='grc' dir='ltr'><strong>κατωρθωκότες</strong></span> <span class='ocrx_word' id='word_1_456' title='bbox 3768 3132 3787 3149; x_wconf 75' lang='grc' dir='ltr'><strong>ο</strong></span> 
     </span>
    </p>
   </div>
   <div class='ocr_carea' id='block_1_63' title="bbox 569 3192 2121 3267">
    <p class='ocr_par' dir='ltr' id='par_1_63' title="bbox 569 3192 2121 3267">
     <span class='ocr_line' id='line_1_63' title="bbox 569 3192 2121 3267; baseline 0.005 -22"><span class='ocrx_word' id='word_1_457' title='bbox 569 3206 737 3261; x_wconf 77' lang='lat' dir='ltr'><strong>regno</strong></span> <span class='ocrx_word' id='word_1_458' title='bbox 782 3192 1060 3262; x_wconf 89' lang='lat' dir='ltr'><strong>potientur</strong></span> <span class='ocrx_word' id='word_1_459' title='bbox 1108 3194 1422 3250; x_wconf 88' lang='lat' dir='ltr'><strong>honoribus.</strong></span> <span class='ocrx_word' id='word_1_460' title='bbox 1482 3194 1615 3250; x_wconf 83' lang='lat' dir='ltr'><strong>Nam</strong></span> <span class='ocrx_word' id='word_1_461' title='bbox 1668 3198 1961 3267; x_wconf 75' lang='lat' dir='ltr'><strong>regnabunt</strong></span> <span class='ocrx_word' id='word_1_462' title='bbox 1999 3213 2121 3253; x_wconf 91' lang='lat' dir='ltr'><strong>cum</strong></span> 
     </span>
    </p>
   </div>
   <div class='ocr_carea' id='block_1_64' title="bbox 571 3281 2119 3355">
    <p class='ocr_par' dir='ltr' id='par_1_64' title="bbox 571 3281 2119 3355">
     <span class='ocr_line' id='line_1_64' title="bbox 571 3281 2119 3355; baseline 0.004 -21"><span class='ocrx_word' id='word_1_463' title='bbox 571 3281 666 3334; x_wconf 84' lang='lat' dir='ltr'><strong>Dei</strong></span> <span class='ocrx_word' id='word_1_464' title='bbox 693 3282 827 3337; x_wconf 86' lang='lat' dir='ltr'><strong>Filio</strong></span> <span class='ocrx_word' id='word_1_465' title='bbox 844 3282 1001 3351; x_wconf 86' lang='lat' dir='ltr'><strong>primi</strong></span> <span class='ocrx_word' id='word_1_466' title='bbox 1039 3282 1130 3352; x_wconf 87' lang='lat' dir='ltr'><strong>qui</strong></span> <span class='ocrx_word' id='word_1_467' title='bbox 1164 3284 1421 3337; x_wconf 86' lang='lat' dir='ltr'><strong>nominati</strong></span> <span class='ocrx_word' id='word_1_468' title='bbox 1452 3295 1577 3338; x_wconf 86' lang='lat' dir='ltr'><strong>sunt</strong></span> <span class='ocrx_word' id='word_1_469' title='bbox 1616 3300 1876 3355; x_wconf 82' lang='lat' dir='ltr'><strong>pauperes</strong></span> <span class='ocrx_word' id='word_1_470' title='bbox 1907 3287 2119 3355; x_wconf 81' lang='lat' dir='ltr'><strong>spiritu.</strong></span> 
     </span>
    </p>
   </div>
   <div class='ocr_carea' id='block_1_65' title="bbox 569 3369 2123 3446">
    <p class='ocr_par' dir='ltr' id='par_1_65' title="bbox 569 3369 2123 3446">
     <span class='ocr_line' id='line_1_65' title="bbox 569 3369 2123 3446; baseline 0.004 -21"><span class='ocrx_word' id='word_1_471' title='bbox 569 3369 701 3425; x_wconf 80' lang='lat' dir='ltr'><strong>Post</strong></span> <span class='ocrx_word' id='word_1_472' title='bbox 734 3372 850 3427; x_wconf 88' lang='lat' dir='ltr'><strong>illos</strong></span> <span class='ocrx_word' id='word_1_473' title='bbox 874 3382 1049 3426; x_wconf 90' lang='lat' dir='ltr'><strong>autem</strong></span> <span class='ocrx_word' id='word_1_474' title='bbox 1096 3373 1340 3439; x_wconf 90' lang='lat' dir='ltr'><strong>secundi,</strong></span> <span class='ocrx_word' id='word_1_475' title='bbox 1380 3372 1547 3428; x_wconf 82' lang='lat' dir='ltr'><strong>fortes</strong></span> <span class='ocrx_word' id='word_1_476' title='bbox 1588 3374 1679 3428; x_wconf 83' lang='lat' dir='ltr'><strong>Dei</strong></span> <span class='ocrx_word' id='word_1_477' title='bbox 1739 3387 2028 3446; x_wconf 83' lang='lat' dir='ltr'><strong>martyres,</strong></span> <span class='ocrx_word' id='word_1_478' title='bbox 2056 3376 2123 3431; x_wconf 83' lang='lat' dir='ltr'><strong>de</strong></span> 
     </span>
    </p>
   </div>
   <div class='ocr_carea' id='block_1_66' title="bbox 571 3460 2121 3535">
    <p class='ocr_par' dir='ltr' id='par_1_66' title="bbox 571 3460 2121 3535">
     <span class='ocr_line' id='line_1_66' title="bbox 571 3460 2121 3535; baseline 0.006 -24"><span class='ocrx_word' id='word_1_479' title='bbox 571 3463 766 3529; x_wconf 87' lang='lat' dir='ltr'><strong>quibus</strong></span> <span class='ocrx_word' id='word_1_480' title='bbox 804 3471 987 3531; x_wconf 86' lang='lat' dir='ltr'><strong>postea</strong></span> <span class='ocrx_word' id='word_1_481' title='bbox 1022 3460 1185 3515; x_wconf 86' lang='lat' dir='ltr'><strong>dicit:</strong></span> <span class='ocrx_word' id='word_1_482' title='bbox 1235 3462 1384 3515; x_wconf 77' lang='lat' dir='ltr'><strong>Beati</strong></span> <span class='ocrx_word' id='word_1_483' title='bbox 1431 3466 1521 3533; x_wconf 87' lang='lat' dir='ltr'><strong>qui</strong></span> <span class='ocrx_word' id='word_1_484' title='bbox 1569 3468 1975 3532; x_wconf 74' lang='lat' dir='ltr'><strong>persecutionem</strong></span> <span class='ocrx_word' id='word_1_485' title='bbox 2024 3484 2121 3535; x_wconf 81' lang='lat' dir='ltr'><strong>po.-</strong></span> 
     </span>
    </p>
   </div>
   <div class='ocr_carea' id='block_1_67' title="bbox 574 3547 2121 3623">
    <p class='ocr_par' dir='ltr' id='par_1_67' title="bbox 574 3547 2121 3623">
     <span class='ocr_line' id='line_1_67' title="bbox 574 3547 2121 3623; baseline 0.006 -24"><span class='ocrx_word' id='word_1_486' title='bbox 574 3548 777 3599; x_wconf 79' lang='lat' dir='ltr'><strong>tiuntur</strong></span> <span class='ocrx_word' id='word_1_487' title='bbox 816 3554 1025 3614; x_wconf 80' lang='lat' dir='ltr'><strong>propter</strong></span> <span class='ocrx_word' id='word_1_488' title='bbox 1058 3547 1341 3615; x_wconf 80' lang='lat' dir='ltr'><strong>justitiam.</strong></span> <span class='ocrx_word' id='word_1_489' title='bbox 1367 3549 1460 3604; x_wconf 90' lang='lat' dir='ltr'><strong>His</strong></span> <span class='ocrx_word' id='word_1_490' title='bbox 1511 3552 1652 3605; x_wconf 88' lang='lat' dir='ltr'><strong>enim</strong></span> <span class='ocrx_word' id='word_1_491' title='bbox 1692 3552 1869 3607; x_wconf 84' lang='lat' dir='ltr'><strong>verbis</strong></span> <span class='ocrx_word' id='word_1_492' title='bbox 1908 3568 2002 3608; x_wconf 85' lang='lat' dir='ltr'><strong>eos</strong></span> <span class='ocrx_word' id='word_1_493' title='bbox 2030 3556 2121 3623; x_wconf 88' lang='lat' dir='ltr'><strong>qui</strong></span> 
     </span>
    </p>
   </div>
   <div class='ocr_carea' id='block_1_68' title="bbox 569 3635 2119 3708">
    <p class='ocr_par' dir='ltr' id='par_1_68' title="bbox 569 3635 2119 3708">
     <span class='ocr_line' id='line_1_68' title="bbox 569 3635 2119 3708; baseline 0.006 -22"><span class='ocrx_word' id='word_1_494' title='bbox 569 3649 667 3703; x_wconf 90' lang='lat' dir='ltr'><strong>pro</strong></span> <span class='ocrx_word' id='word_1_495' title='bbox 694 3650 858 3704; x_wconf 71' lang='lat' dir='ltr'><strong>regno</strong></span> <span class='ocrx_word' id='word_1_496' title='bbox 886 3635 1209 3690; x_wconf 87' lang='lat' dir='ltr'><strong>decertaturi</strong></span> <span class='ocrx_word' id='word_1_497' title='bbox 1254 3648 1429 3702; x_wconf 86' lang='lat' dir='ltr'><strong>erant,</strong></span> <span class='ocrx_word' id='word_1_498' title='bbox 1463 3646 1719 3708; x_wconf 87' lang='lat' dir='ltr'><strong>tanquam</strong></span> <span class='ocrx_word' id='word_1_499' title='bbox 1768 3641 1976 3696; x_wconf 88' lang='lat' dir='ltr'><strong>nobiles</strong></span> <span class='ocrx_word' id='word_1_500' title='bbox 2029 3641 2119 3695; x_wconf 90' lang='lat' dir='ltr'><strong>Dei</strong></span> 
     </span>
    </p>
   </div>
   <div class='ocr_carea' id='block_1_69' title="bbox 572 3723 2122 3798">
    <p class='ocr_par' dir='ltr' id='par_1_69' title="bbox 572 3723 2122 3798">
     <span class='ocr_line' id='line_1_69' title="bbox 572 3723 2122 3798; baseline 0.005 -22"><span class='ocrx_word' id='word_1_501' title='bbox 572 3723 770 3778; x_wconf 88' lang='lat' dir='ltr'><strong>milites</strong></span> <span class='ocrx_word' id='word_1_502' title='bbox 812 3725 1025 3780; x_wconf 84' lang='lat' dir='ltr'><strong>dicebat</strong></span> <span class='ocrx_word' id='word_1_503' title='bbox 1045 3725 1264 3793; x_wconf 87' lang='lat' dir='ltr'><strong>beatos;</strong></span> <span class='ocrx_word' id='word_1_504' title='bbox 1316 3728 1620 3781; x_wconf 88' lang='lat' dir='ltr'><strong>necessario</strong></span> <span class='ocrx_word' id='word_1_505' title='bbox 1670 3728 1755 3781; x_wconf 90' lang='lat' dir='ltr'><strong>bis</strong></span> <span class='ocrx_word' id='word_1_506' title='bbox 1784 3744 2016 3798; x_wconf 85' lang='lat' dir='ltr'><strong>quoque,</strong></span> <span class='ocrx_word' id='word_1_507' title='bbox 2066 3743 2122 3784; x_wconf 91' lang='lat' dir='ltr'><strong>ut</strong></span> 
     </span>
    </p>
   </div>
   <div class='ocr_carea' id='block_1_70' title="bbox 567 3810 2121 3885">
    <p class='ocr_par' dir='ltr' id='par_1_70' title="bbox 567 3810 2121 3885">
     <span class='ocr_line' id='line_1_70' title="bbox 567 3810 2121 3885; baseline 0.004 -17"><span class='ocrx_word' id='word_1_508' title='bbox 567 3810 993 3868; x_wconf 76' lang='lat' dir='ltr'><strong>beatiﬁcatorum</strong></span> <span class='ocrx_word' id='word_1_509' title='bbox 1022 3825 1179 3870; x_wconf 82' lang='lat' dir='ltr'><strong>antea</strong></span> <span class='ocrx_word' id='word_1_510' title='bbox 1220 3830 1510 3885; x_wconf 88' lang='lat' dir='ltr'><strong>pauperum</strong></span> <span class='ocrx_word' id='word_1_511' title='bbox 1540 3816 1819 3883; x_wconf 75' lang='lat' dir='ltr'><strong>fratribus,</strong></span> <span class='ocrx_word' id='word_1_512' title='bbox 1856 3821 2121 3875; x_wconf 85' lang='lat' dir='ltr'><strong>mercedis</strong></span> 
     </span>
    </p>
   </div>
   <div class='ocr_carea' id='block_1_71' title="bbox 568 3899 2119 3975">
    <p class='ocr_par' dir='ltr' id='par_1_71' title="bbox 568 3899 2119 3975">
     <span class='ocr_line' id='line_1_71' title="bbox 568 3899 2119 3975; baseline 0.006 -19"><span class='ocrx_word' id='word_1_513' title='bbox 568 3899 690 3957; x_wconf 76' lang='lat' dir='ltr'><strong>loco</strong></span> <span class='ocrx_word' id='word_1_514' title='bbox 716 3902 972 3957; x_wconf 77' lang='lat' dir='ltr'><strong>ctelorum</strong></span> <span class='ocrx_word' id='word_1_515' title='bbox 998 3919 1215 3973; x_wconf 80' lang='lat' dir='ltr'><strong>regnum</strong></span> <span class='ocrx_word' id='word_1_516' title='bbox 1242 3906 1578 3975; x_wconf 89' lang='lat' dir='ltr'><strong>promittens.</strong></span> <span class='ocrx_word' id='word_1_517' title='bbox 1603 3906 1767 3963; x_wconf 80' lang='lat' dir='ltr'><strong>Multo</strong></span> <span class='ocrx_word' id='word_1_518' title='bbox 1802 3920 1980 3964; x_wconf 86' lang='lat' dir='ltr'><strong>autem</strong></span> <span class='ocrx_word' id='word_1_519' title='bbox 1997 3927 2119 3966; x_wconf 82' lang='lat' dir='ltr'><strong>cum</strong></span> 
     </span>
    </p>
   </div>
   <div class='ocr_carea' id='block_1_72' title="bbox 568 3982 2119 4066">
    <p class='ocr_par' dir='ltr' id='par_1_72' title="bbox 568 3982 2119 4066">
     <span class='ocr_line' id='line_1_72' title="bbox 568 3982 2119 4066; baseline 0.008 -24"><span class='ocrx_word' id='word_1_520' title='bbox 568 3987 758 4042; x_wconf 87' lang='lat' dir='ltr'><strong>ordine</strong></span> <span class='ocrx_word' id='word_1_521' title='bbox 806 3998 861 4042; x_wconf 90' lang='lat' dir='ltr'><strong>et</strong></span> <span class='ocrx_word' id='word_1_522' title='bbox 909 4000 1269 4046; x_wconf 89' lang='lat' dir='ltr'><strong>consentanee</strong></span> <span class='ocrx_word' id='word_1_523' title='bbox 1340 3993 1423 4047; x_wconf 79' lang='lat' dir='ltr'><strong>liis</strong></span> <span class='ocrx_word' id='word_1_524' title='bbox 1477 3982 1844 4051; x_wconf 69' lang='lat' dir='ltr'><strong>communicat</strong></span> <span class='ocrx_word' id='word_1_525' title='bbox 1897 4013 2119 4066; x_wconf 75' lang='lat' dir='ltr'><strong>regnum</strong></span> 
     </span>
    </p>
   </div>
   <div class='ocr_carea' id='block_1_73' title="bbox 570 4072 2125 4157">
    <p class='ocr_par' dir='ltr' id='par_1_73' title="bbox 570 4072 2125 4157">
     <span class='ocr_line' id='line_1_73' title="bbox 570 4072 2125 4157; baseline 0.01 -28"><span class='ocrx_word' id='word_1_526' title='bbox 570 4091 725 4130; x_wconf 86' lang='lat' dir='ltr'><strong>suum</strong></span> <span class='ocrx_word' id='word_1_527' title='bbox 762 4087 879 4145; x_wconf 90' lang='lat' dir='ltr'><strong>post</strong></span> <span class='ocrx_word' id='word_1_528' title='bbox 915 4080 1174 4148; x_wconf 81' lang='lat' dir='ltr'><strong>pauperes</strong></span> <span class='ocrx_word' id='word_1_529' title='bbox 1221 4081 1433 4150; x_wconf 83' lang='lat' dir='ltr'><strong>spiritu.</strong></span> <span class='ocrx_word' id='word_1_530' title='bbox 1462 4072 1684 4153; x_wconf 81' lang='lat' dir='ltr'><strong>Opurtet</strong></span> <span class='ocrx_word' id='word_1_531' title='bbox 1710 4087 1853 4141; x_wconf 89' lang='lat' dir='ltr'><strong>enim</strong></span> <span class='ocrx_word' id='word_1_532' title='bbox 1891 4090 2125 4157; x_wconf 85' lang='lat' dir='ltr'><strong>primum</strong></span> 
     </span>
    </p>
   </div>
   <div class='ocr_carea' id='block_1_74' title="bbox 568 4165 2119 4245">
    <p class='ocr_par' dir='ltr' id='par_1_74' title="bbox 568 4165 2119 4245">
     <span class='ocr_line' id='line_1_74' title="bbox 568 4165 2119 4245; baseline 0.008 -25"><span class='ocrx_word' id='word_1_533' title='bbox 568 4165 754 4222; x_wconf 80' lang='lat' dir='ltr'><strong>vivere</strong></span> <span class='ocrx_word' id='word_1_534' title='bbox 785 4167 896 4222; x_wconf 88' lang='lat' dir='ltr'><strong>Deo</strong></span> <span class='ocrx_word' id='word_1_535' title='bbox 926 4178 1106 4236; x_wconf 74' lang='lat' dir='ltr'><strong>gratos</strong></span> <span class='ocrx_word' id='word_1_536' title='bbox 1135 4175 1246 4223; x_wconf 90' lang='lat' dir='ltr'><strong>toto</strong></span> <span class='ocrx_word' id='word_1_537' title='bbox 1272 4171 1391 4224; x_wconf 57' lang='lat' dir='ltr'><strong>vitae</strong></span> <span class='ocrx_word' id='word_1_538' title='bbox 1432 4179 1692 4242; x_wconf 90' lang='lat' dir='ltr'><strong>tempore,</strong></span> <span class='ocrx_word' id='word_1_539' title='bbox 1726 4190 2015 4245; x_wconf 88' lang='lat' dir='ltr'><strong>pauperem</strong></span> <span class='ocrx_word' id='word_1_540' title='bbox 2056 4194 2119 4233; x_wconf 87' lang='lat' dir='ltr'><strong>ac</strong></span> 
     </span>
    </p>
   </div>
   <div class='ocr_carea' id='block_1_75' title="bbox 573 4264 2121 4345">
    <p class='ocr_par' dir='ltr' id='par_1_75' title="bbox 573 4264 2121 4345">
     <span class='ocr_line' id='line_1_75' title="bbox 573 4264 2121 4345; baseline 0.006 -27"><span class='ocrx_word' id='word_1_541' title='bbox 573 4264 1003 4334; x_wconf 86' lang='lat' dir='ltr'><strong>pbilosophicum</strong></span> <span class='ocrx_word' id='word_1_542' title='bbox 1040 4279 1241 4319; x_wconf 89' lang='lat' dir='ltr'><strong>morem</strong></span> <span class='ocrx_word' id='word_1_543' title='bbox 1279 4274 1519 4323; x_wconf 86' lang='lat' dir='ltr'><strong>tenentes</strong></span> <span class='ocrx_word' id='word_1_544' title='bbox 1551 4287 1565 4323; x_wconf 90' lang='lat'><strong>:</strong></span> <span class='ocrx_word' id='word_1_545' title='bbox 1592 4270 1784 4327; x_wconf 89' lang='lat' dir='ltr'><strong>deinde</strong></span> <span class='ocrx_word' id='word_1_546' title='bbox 1809 4274 1888 4328; x_wconf 86' lang='lat' dir='ltr'><strong>sic</strong></span> <span class='ocrx_word' id='word_1_547' title='bbox 1908 4275 1973 4329; x_wconf 90' lang='lat' dir='ltr'><strong>ad</strong></span> <span class='ocrx_word' id='word_1_548' title='bbox 1998 4290 2121 4345; x_wconf 76' lang='lat' dir='ltr'><strong>gra-</strong></span> 
     </span>
    </p>
   </div>
   <div class='ocr_carea' id='block_1_76' title="bbox 574 4353 2124 4430">
    <p class='ocr_par' dir='ltr' id='par_1_76' title="bbox 574 4353 2124 4430">
     <span class='ocr_line' id='line_1_76' title="bbox 574 4353 2124 4430; baseline 0.008 -23"><span class='ocrx_word' id='word_1_549' title='bbox 574 4363 688 4408; x_wconf 90' lang='lat' dir='ltr'><strong>tum</strong></span> <span class='ocrx_word' id='word_1_550' title='bbox 716 4353 826 4409; x_wconf 90' lang='lat' dir='ltr'><strong>Deo</strong></span> <span class='ocrx_word' id='word_1_551' title='bbox 854 4355 1013 4410; x_wconf 84' lang='lat' dir='ltr'><strong>linem</strong></span> <span class='ocrx_word' id='word_1_552' title='bbox 1042 4357 1365 4427; x_wconf 77' lang='lat' dir='ltr'><strong>pertingere.</strong></span> <span class='ocrx_word' id='word_1_553' title='bbox 1394 4355 1578 4429; x_wconf 87' lang='lat' dir='ltr'><strong>Itaque</strong></span> <span class='ocrx_word' id='word_1_554' title='bbox 1616 4361 1821 4430; x_wconf 92' lang='lat' dir='ltr'><strong>priores</strong></span> <span class='ocrx_word' id='word_1_555' title='bbox 1862 4363 1932 4418; x_wconf 90' lang='lat' dir='ltr'><strong>illi</strong></span> <span class='ocrx_word' id='word_1_556' title='bbox 1977 4380 2124 4421; x_wconf 90' lang='lat' dir='ltr'><strong>sum-</strong></span> 
     </span>
    </p>
   </div>
   <div class='ocr_carea' id='block_1_77' title="bbox 2221 3203 3792 3280">
    <p class='ocr_par' dir='ltr' id='par_1_77' title="bbox 2221 3203 3792 3280">
     <span class='ocr_line' id='line_1_77' title="bbox 2221 3203 3792 3280; baseline -0.001 -18"><span class='ocrx_word' id='word_1_557' title='bbox 2221 3203 2333 3262; x_wconf 75' lang='grc' dir='ltr'><strong>οἷον</strong></span> <span class='ocrx_word' id='word_1_558' title='bbox 2359 3208 2451 3261; x_wconf 80' lang='grc' dir='ltr'><strong>καὶ</strong></span> <span class='ocrx_word' id='word_1_559' title='bbox 2486 3210 2515 3261; x_wconf 88' lang='grc' dir='ltr'><strong>ό</strong></span> <span class='ocrx_word' id='word_1_560' title='bbox 2548 3207 2640 3260; x_wconf 92' lang='grc' dir='ltr'><strong>τοῦ</strong></span> <span class='ocrx_word' id='word_1_561' title='bbox 2662 3207 2791 3262; x_wconf 85' lang='grc' dir='ltr'><strong>Θεοῦ</strong></span> <span class='ocrx_word' id='word_1_562' title='bbox 2822 3208 2948 3272; x_wconf 86' lang='grc' dir='ltr'><strong>Υἱὸς</strong></span> <span class='ocrx_word' id='word_1_563' title='bbox 2970 3210 3383 3280; x_wconf 77' lang='grc' dir='ltr'><strong>εἰρηνοποιήσας</strong></span> <span class='ocrx_word' id='word_1_564' title='bbox 3420 3208 3487 3261; x_wconf 87' lang='grc' dir='ltr'><strong>τὰ</strong></span> <span class='ocrx_word' id='word_1_565' title='bbox 3510 3209 3689 3261; x_wconf 83' lang='grc' dir='ltr'><strong>πάντα</strong></span> <span class='ocrx_word' id='word_1_566' title='bbox 3719 3205 3792 3260; x_wconf 76' lang='grc' dir='ltr'><strong>δι’</strong></span> 
     </span>
    </p>
   </div>
   <div class='ocr_carea' id='block_1_78' title="bbox 2224 3292 3792 3369">
    <p class='ocr_par' dir='ltr' id='par_1_78' title="bbox 2224 3292 3792 3369">
     <span class='ocr_line' id='line_1_78' title="bbox 2224 3292 3792 3369; baseline 0.001 -20"><span class='ocrx_word' id='word_1_567' title='bbox 2224 3297 2439 3364; x_wconf 85' lang='grc' dir='ltr'><strong>ἐαυτοῦ,</strong></span> <span class='ocrx_word' id='word_1_568' title='bbox 2462 3297 2532 3350; x_wconf 86' lang='grc' dir='ltr'><strong>τά</strong></span> <span class='ocrx_word' id='word_1_569' title='bbox 2569 3314 2626 3350; x_wconf 90' lang='grc' dir='ltr'><strong>τε</strong></span> <span class='ocrx_word' id='word_1_570' title='bbox 2676 3298 2734 3350; x_wconf 83' lang='grc' dir='ltr'><strong>ἐν</strong></span> <span class='ocrx_word' id='word_1_571' title='bbox 2775 3298 2984 3369; x_wconf 81' lang='grc' dir='ltr'><strong>οὐρανῷ</strong></span> <span class='ocrx_word' id='word_1_572' title='bbox 3017 3297 3203 3353; x_wconf 86' lang='grc' dir='ltr'><strong>καίτά</strong></span> <span class='ocrx_word' id='word_1_573' title='bbox 3235 3297 3328 3351; x_wconf 78' lang='grc' dir='ltr'><strong>ἐπὶ</strong></span> <span class='ocrx_word' id='word_1_574' title='bbox 3362 3297 3462 3368; x_wconf 84' lang='grc' dir='ltr'><strong>τῆς</strong></span> <span class='ocrx_word' id='word_1_575' title='bbox 3480 3292 3603 3368; x_wconf 79' lang='grc' dir='ltr'><strong>γῆς.</strong></span> <span class='ocrx_word' id='word_1_576' title='bbox 3651 3296 3792 3350; x_wconf 80' lang='grc' dir='ltr'><strong>’Δλλ’</strong></span> 
     </span>
    </p>
   </div>
   <div class='ocr_carea' id='block_1_79' title="bbox 2222 3378 3796 3460">
    <p class='ocr_par' dir='ltr' id='par_1_79' title="bbox 2222 3378 3796 3460">
     <span class='ocr_line' id='line_1_79' title="bbox 2222 3378 3796 3460; baseline 0.003 -23"><span class='ocrx_word' id='word_1_577' title='bbox 2222 3378 2366 3438; x_wconf 77' lang='grc' dir='ltr'><strong>οὗτοι</strong></span> <span class='ocrx_word' id='word_1_578' title='bbox 2392 3387 2488 3457; x_wconf 82' lang='grc' dir='ltr'><strong>μὲν</strong></span> <span class='ocrx_word' id='word_1_579' title='bbox 2520 3388 2611 3439; x_wconf 80' lang='grc' dir='ltr'><strong>ἐπὶ</strong></span> <span class='ocrx_word' id='word_1_580' title='bbox 2644 3386 2917 3459; x_wconf 85' lang='grc' dir='ltr'><strong>διαφόροις</strong></span> <span class='ocrx_word' id='word_1_581' title='bbox 2952 3388 3337 3460; x_wconf 86' lang='grc' dir='ltr'><strong>κατορθώμασι</strong></span> <span class='ocrx_word' id='word_1_582' title='bbox 3371 3388 3641 3460; x_wconf 85' lang='grc' dir='ltr'><strong>διαφόρων</strong></span> <span class='ocrx_word' id='word_1_583' title='bbox 3668 3388 3796 3442; x_wconf 84' lang='grc' dir='ltr'><strong>τεύ-</strong></span> 
     </span>
    </p>
   </div>
   <div class='ocr_carea' id='block_1_80' title="bbox 2226 3469 3798 3548">
    <p class='ocr_par' dir='ltr' id='par_1_80' title="bbox 2226 3469 3798 3548">
     <span class='ocr_line' id='line_1_80' title="bbox 2226 3469 3798 3548; baseline 0.006 -25"><span class='ocrx_word' id='word_1_584' title='bbox 2226 3469 2400 3534; x_wconf 78' lang='grc' dir='ltr'><strong>ξονται</strong></span> <span class='ocrx_word' id='word_1_585' title='bbox 2423 3471 2592 3542; x_wconf 84' lang='grc' dir='ltr'><strong>τιμῶν</strong></span> <span class='ocrx_word' id='word_1_586' title='bbox 2624 3474 2681 3526; x_wconf 80' lang='grc' dir='ltr'><strong>ἐν</strong></span> <span class='ocrx_word' id='word_1_587' title='bbox 2698 3477 2763 3545; x_wconf 80' lang='grc' dir='ltr'><strong>τῇ</strong></span> <span class='ocrx_word' id='word_1_588' title='bbox 2794 3476 3206 3548; x_wconf 86' lang='grc' dir='ltr'><strong>κατηγγελμένῃ</strong></span> <span class='ocrx_word' id='word_1_589' title='bbox 3240 3477 3348 3531; x_wconf 91' lang='grc' dir='ltr'><strong>τῶν</strong></span> <span class='ocrx_word' id='word_1_590' title='bbox 3372 3478 3615 3548; x_wconf 80' lang='grc' dir='ltr'><strong>οὐρανῶν</strong></span> <span class='ocrx_word' id='word_1_591' title='bbox 3646 3477 3798 3547; x_wconf 86' lang='grc' dir='ltr'><strong>βασι-</strong></span> 
     </span>
    </p>
   </div>
   <div class='ocr_carea' id='block_1_81' title="bbox 2224 3562 3793 3645">
    <p class='ocr_par' dir='ltr' id='par_1_81' title="bbox 2224 3562 3793 3645">
     <span class='ocr_line' id='line_1_81' title="bbox 2224 3562 3793 3645; baseline 0.006 -31"><span class='ocrx_word' id='word_1_592' title='bbox 2224 3562 2361 3633; x_wconf 79' lang='grc' dir='ltr'><strong>λείᾳ.</strong></span> <span class='ocrx_word' id='word_1_593' title='bbox 2398 3564 2464 3617; x_wconf 84' lang='grc' dir='ltr'><strong>Οἵ</strong></span> <span class='ocrx_word' id='word_1_594' title='bbox 2490 3581 2553 3633; x_wconf 91' lang='grc' dir='ltr'><strong>γε</strong></span> <span class='ocrx_word' id='word_1_595' title='bbox 2584 3564 2687 3635; x_wconf 83' lang='grc' dir='ltr'><strong>μὴν</strong></span> <span class='ocrx_word' id='word_1_596' title='bbox 2715 3566 2863 3636; x_wconf 88' lang='grc' dir='ltr'><strong>αὐτῷ</strong></span> <span class='ocrx_word' id='word_1_597' title='bbox 2895 3566 3412 3637; x_wconf 82' lang='grc' dir='ltr'><strong>συμϐασιλεύσοντες</strong></span> <span class='ocrx_word' id='word_1_598' title='bbox 3439 3568 3516 3645; x_wconf 79' lang='grc' dir='ltr'><strong>τῷ</strong></span> <span class='ocrx_word' id='word_1_599' title='bbox 3552 3569 3668 3641; x_wconf 90' lang='grc' dir='ltr'><strong>Υίῷ</strong></span> <span class='ocrx_word' id='word_1_600' title='bbox 3695 3569 3793 3624; x_wconf 86' lang='grc' dir='ltr'><strong>τοῦ</strong></span> 
     </span>
    </p>
   </div>
   <div class='ocr_carea' id='block_1_82' title="bbox 2223 3651 3792 3729">
    <p class='ocr_par' dir='ltr' id='par_1_82' title="bbox 2223 3651 3792 3729">
     <span class='ocr_line' id='line_1_82' title="bbox 2223 3651 3792 3729; baseline 0.005 -25"><span class='ocrx_word' id='word_1_601' title='bbox 2223 3652 2357 3705; x_wconf 89' lang='grc' dir='ltr'><strong>Θεοῦ</strong></span> <span class='ocrx_word' id='word_1_602' title='bbox 2391 3654 2595 3725; x_wconf 87' lang='grc' dir='ltr'><strong>πρῶτοι</strong></span> <span class='ocrx_word' id='word_1_603' title='bbox 2648 3654 2745 3724; x_wconf 85' lang='grc' dir='ltr'><strong>μὲν</strong></span> <span class='ocrx_word' id='word_1_604' title='bbox 2792 3651 2932 3725; x_wconf 81' lang='grc' dir='ltr'><strong>ἦσαν</strong></span> <span class='ocrx_word' id='word_1_605' title='bbox 2985 3658 3033 3708; x_wconf 78' lang='lat' dir='ltr'><strong>oi</strong></span> <span class='ocrx_word' id='word_1_606' title='bbox 3080 3656 3406 3727; x_wconf 84' lang='grc' dir='ltr'><strong>δηλωθέντες</strong></span> <span class='ocrx_word' id='word_1_607' title='bbox 3451 3659 3657 3728; x_wconf 76' lang='grc' dir='ltr'><strong>πτωχοὶ</strong></span> <span class='ocrx_word' id='word_1_608' title='bbox 3710 3659 3792 3729; x_wconf 84' lang='grc' dir='ltr'><strong>τῷ</strong></span> 
     </span>
    </p>
   </div>
   <div class='ocr_carea' id='block_1_83' title="bbox 2222 3743 3791 3816">
    <p class='ocr_par' dir='ltr' id='par_1_83' title="bbox 2222 3743 3791 3816">
     <span class='ocr_line' id='line_1_83' title="bbox 2222 3743 3791 3816; baseline 0.002 -20"><span class='ocrx_word' id='word_1_609' title='bbox 2222 3744 2522 3814; x_wconf 70' lang='grc' dir='ltr'><strong>πνεύματι*</strong></span> <span class='ocrx_word' id='word_1_610' title='bbox 2567 3743 2805 3816; x_wconf 82' lang='grc' dir='ltr'><strong>δεύτεροι</strong></span> <span class='ocrx_word' id='word_1_611' title='bbox 2842 3745 2898 3799; x_wconf 81' lang='grc' dir='ltr'><strong>δὲ</strong></span> <span class='ocrx_word' id='word_1_612' title='bbox 2931 3747 3046 3815; x_wconf 83' lang='grc' dir='ltr'><strong>μετ’</strong></span> <span class='ocrx_word' id='word_1_613' title='bbox 3072 3747 3311 3812; x_wconf 74' lang='grc' dir='ltr'><strong>ἐκείνους</strong></span> <span class='ocrx_word' id='word_1_614' title='bbox 3345 3748 3395 3800; x_wconf 81' lang='lat' dir='ltr'><strong>oi</strong></span> <span class='ocrx_word' id='word_1_615' title='bbox 3423 3751 3657 3815; x_wconf 82' lang='grc' dir='ltr'><strong>γενναῖοι</strong></span> <span class='ocrx_word' id='word_1_616' title='bbox 3695 3748 3791 3803; x_wconf 90' lang='grc' dir='ltr'><strong>τοῦ</strong></span> 
     </span>
    </p>
   </div>
   <div class='ocr_carea' id='block_1_84' title="bbox 2221 3830 3794 3908">
    <p class='ocr_par' dir='ltr' id='par_1_84' title="bbox 2221 3830 3794 3908">
     <span class='ocr_line' id='line_1_84' title="bbox 2221 3830 3794 3908; baseline 0.002 -21"><span class='ocrx_word' id='word_1_617' title='bbox 2221 3834 2355 3887; x_wconf 86' lang='grc' dir='ltr'><strong>Θεοῦ</strong></span> <span class='ocrx_word' id='word_1_618' title='bbox 2388 3835 2678 3907; x_wconf 85' lang='grc' dir='ltr'><strong>μάρτυρες,</strong></span> <span class='ocrx_word' id='word_1_619' title='bbox 2710 3836 2837 3906; x_wconf 76' lang='grc' dir='ltr'><strong>περὶ</strong></span> <span class='ocrx_word' id='word_1_620' title='bbox 2867 3830 2942 3890; x_wconf 85' lang='grc' dir='ltr'><strong>ὧν</strong></span> <span class='ocrx_word' id='word_1_621' title='bbox 2982 3835 3109 3908; x_wconf 74' lang='grc' dir='ltr'><strong>ἑξῆς</strong></span> <span class='ocrx_word' id='word_1_622' title='bbox 3137 3837 3379 3891; x_wconf 81' lang='grc' dir='ltr'><strong>ἐδίδασκε</strong></span> <span class='ocrx_word' id='word_1_623' title='bbox 3417 3837 3588 3905; x_wconf 88' lang='grc' dir='ltr'><strong>λέγων</strong></span> <span class='ocrx_word' id='word_1_624' title='bbox 3608 3855 3621 3868; x_wconf 89' lang='grc'><strong>·</strong></span> <span class='ocrx_word' id='word_1_625' title='bbox 3650 3841 3794 3892; x_wconf 79' lang='lat' dir='ltr'><strong>Ma-</strong></span> 
     </span>
    </p>
   </div>
   <div class='ocr_carea' id='block_1_85' title="bbox 2224 3925 3791 3997">
    <p class='ocr_par' dir='ltr' id='par_1_85' title="bbox 2224 3925 3791 3997">
     <span class='ocr_line' id='line_1_85' title="bbox 2224 3925 3791 3997; baseline 0.003 -19"><span class='ocrx_word' id='word_1_626' title='bbox 2224 3925 2412 3995; x_wconf 80' lang='grc' dir='ltr'><strong>κάριοι</strong></span> <span class='ocrx_word' id='word_1_627' title='bbox 2448 3931 2502 3981; x_wconf 82' lang='grc' dir='ltr'><strong>οὶ</strong></span> <span class='ocrx_word' id='word_1_628' title='bbox 2536 3926 2911 3997; x_wconf 76' lang='grc' dir='ltr'><strong>δεδιωγμένοι</strong></span> <span class='ocrx_word' id='word_1_629' title='bbox 2962 3928 3168 3982; x_wconf 79' lang='grc' dir='ltr'><strong>ἕνεκεν</strong></span> <span class='ocrx_word' id='word_1_630' title='bbox 3218 3928 3640 3995; x_wconf 80' lang='grc' dir='ltr'><strong>δικαιοσύνης·</strong></span> <span class='ocrx_word' id='word_1_631' title='bbox 3700 3928 3791 3983; x_wconf 76' lang='grc' dir='ltr'><strong>διὰ</strong></span> 
     </span>
    </p>
   </div>
   <div class='ocr_carea' id='block_1_86' title="bbox 2222 4014 3791 4088">
    <p class='ocr_par' dir='ltr' id='par_1_86' title="bbox 2222 4014 3791 4088">
     <span class='ocr_line' id='line_1_86' title="bbox 2222 4014 3791 4088; baseline 0.004 -22"><span class='ocrx_word' id='word_1_632' title='bbox 2222 4014 2425 4067; x_wconf 86' lang='grc' dir='ltr'><strong>τούτων</strong></span> <span class='ocrx_word' id='word_1_633' title='bbox 2480 4014 2589 4086; x_wconf 86' lang='grc' dir='ltr'><strong>γὰρ</strong></span> <span class='ocrx_word' id='word_1_634' title='bbox 2631 4016 2758 4079; x_wconf 80' lang='grc' dir='ltr'><strong>τοὺς</strong></span> <span class='ocrx_word' id='word_1_635' title='bbox 2791 4016 3079 4086; x_wconf 80' lang='grc' dir='ltr'><strong>μέλλοντας</strong></span> <span class='ocrx_word' id='word_1_636' title='bbox 3142 4017 3640 4087; x_wconf 78' lang='grc' dir='ltr'><strong>ύπεραγωνίζεσθαι</strong></span> <span class='ocrx_word' id='word_1_637' title='bbox 3686 4017 3791 4088; x_wconf 78' lang='grc' dir='ltr'><strong>τῆς</strong></span> 
     </span>
    </p>
   </div>
   <div class='ocr_carea' id='block_1_87' title="bbox 2224 4098 3785 4180">
    <p class='ocr_par' dir='ltr' id='par_1_87' title="bbox 2224 4098 3785 4180">
     <span class='ocr_line' id='line_1_87' title="bbox 2224 4098 3785 4180; baseline 0.004 -24"><span class='ocrx_word' id='word_1_638' title='bbox 2224 4102 2495 4173; x_wconf 81' lang='grc' dir='ltr'><strong>βασιλείας</strong></span> <span class='ocrx_word' id='word_1_639' title='bbox 2521 4105 2596 4168; x_wconf 84' lang='grc' dir='ltr'><strong>ὡς</strong></span> <span class='ocrx_word' id='word_1_640' title='bbox 2624 4106 2859 4174; x_wconf 82' lang='grc' dir='ltr'><strong>εὐγενεῖς</strong></span> <span class='ocrx_word' id='word_1_641' title='bbox 2886 4106 3021 4162; x_wconf 87' lang='grc' dir='ltr'><strong>Θεοῦ</strong></span> <span class='ocrx_word' id='word_1_642' title='bbox 3060 4098 3393 4180; x_wconf 78' lang='grc' dir='ltr'><strong>στρατιώτας</strong></span> <span class='ocrx_word' id='word_1_643' title='bbox 3419 4107 3751 4180; x_wconf 72' lang='grc' dir='ltr'><strong>ἐμακάριζεν</strong></span> <span class='ocrx_word' id='word_1_644' title='bbox 3769 4126 3785 4141; x_wconf 88' lang='grc'><strong>·</strong></span> 
     </span>
    </p>
   </div>
   <div class='ocr_carea' id='block_1_88' title="bbox 2221 4195 3785 4267">
    <p class='ocr_par' dir='ltr' id='par_1_88' title="bbox 2221 4195 3785 4267">
     <span class='ocr_line' id='line_1_88' title="bbox 2221 4195 3785 4267; baseline 0.001 -20"><span class='ocrx_word' id='word_1_645' title='bbox 2221 4195 2531 4263; x_wconf 69' lang='grc' dir='ltr'><strong>ἀναγκαίως</strong></span> <span class='ocrx_word' id='word_1_646' title='bbox 2569 4196 2661 4248; x_wconf 74' lang='grc' dir='ltr'><strong>καὶ</strong></span> <span class='ocrx_word' id='word_1_647' title='bbox 2697 4198 2881 4260; x_wconf 84' lang='grc' dir='ltr'><strong>αὐτοῖς</strong></span> <span class='ocrx_word' id='word_1_648' title='bbox 2910 4198 2985 4262; x_wconf 85' lang='grc' dir='ltr'><strong>ὡς</strong></span> <span class='ocrx_word' id='word_1_649' title='bbox 3016 4198 3263 4266; x_wconf 82' lang='grc' dir='ltr'><strong>ἀδελφοῖς</strong></span> <span class='ocrx_word' id='word_1_650' title='bbox 3282 4198 3389 4251; x_wconf 87' lang='grc' dir='ltr'><strong>τῶν</strong></span> <span class='ocrx_word' id='word_1_651' title='bbox 3422 4214 3785 4267; x_wconf 88' lang='grc' dir='ltr'><strong>προμεμακα-</strong></span> 
     </span>
    </p>
   </div>
   <div class='ocr_carea' id='block_1_89' title="bbox 2224 4279 3788 4360">
    <p class='ocr_par' dir='ltr' id='par_1_89' title="bbox 2224 4279 3788 4360">
     <span class='ocr_line' id='line_1_89' title="bbox 2224 4279 3788 4360; baseline 0.002 -22"><span class='ocrx_word' id='word_1_652' title='bbox 2224 4279 2491 4357; x_wconf 82' lang='grc' dir='ltr'><strong>ρισμένων</strong></span> <span class='ocrx_word' id='word_1_653' title='bbox 2516 4286 2745 4357; x_wconf 75' lang='grc' dir='ltr'><strong>πτωχῶν</strong></span> <span class='ocrx_word' id='word_1_654' title='bbox 2769 4287 2997 4360; x_wconf 77' lang='grc' dir='ltr'><strong>βραδεῖα</strong></span> <span class='ocrx_word' id='word_1_655' title='bbox 3023 4289 3129 4341; x_wconf 89' lang='grc' dir='ltr'><strong>τῶν</strong></span> <span class='ocrx_word' id='word_1_656' title='bbox 3154 4289 3401 4342; x_wconf 83' lang='grc' dir='ltr'><strong>ἐπάθλων</strong></span> <span class='ocrx_word' id='word_1_657' title='bbox 3431 4288 3529 4359; x_wconf 79' lang='grc' dir='ltr'><strong>τὴν</strong></span> <span class='ocrx_word' id='word_1_658' title='bbox 3555 4288 3664 4341; x_wconf 88' lang='grc' dir='ltr'><strong>τῶν</strong></span> <span class='ocrx_word' id='word_1_659' title='bbox 3692 4291 3788 4341; x_wconf 81' lang='grc' dir='ltr'><strong>ού-</strong></span> 
     </span>
    </p>
   </div>
   <div class='ocr_carea' id='block_1_90' title="bbox 2224 4371 3789 4449">
    <p class='ocr_par' dir='ltr' id='par_1_90' title="bbox 2224 4371 3789 4449">
     <span class='ocr_line' id='line_1_90' title="bbox 2224 4371 3789 4449; baseline 0.004 -26"><span class='ocrx_word' id='word_1_660' title='bbox 2224 4371 2399 4441; x_wconf 83' lang='grc' dir='ltr'><strong>ρανῶν</strong></span> <span class='ocrx_word' id='word_1_661' title='bbox 2433 4372 2702 4443; x_wconf 86' lang='grc' dir='ltr'><strong>βασιλείαν</strong></span> <span class='ocrx_word' id='word_1_662' title='bbox 2726 4375 3164 4445; x_wconf 80' lang='grc' dir='ltr'><strong>ὑπισχνούμενος.</strong></span> <span class='ocrx_word' id='word_1_663' title='bbox 3200 4375 3362 4440; x_wconf 81' lang='grc' dir='ltr'><strong>Τάξει</strong></span> <span class='ocrx_word' id='word_1_664' title='bbox 3412 4376 3469 4429; x_wconf 82' lang='grc' dir='ltr'><strong>δὲ</strong></span> <span class='ocrx_word' id='word_1_665' title='bbox 3498 4376 3664 4449; x_wconf 75' lang='grc' dir='ltr'><strong>πολλῇ</strong></span> <span class='ocrx_word' id='word_1_666' title='bbox 3692 4378 3789 4431; x_wconf 77' lang='grc' dir='ltr'><strong>καὶ</strong></span> 
     </span>
    </p>
   </div>
   <div class='ocr_carea' id='block_1_91' title="bbox 567 4446 2120 4539">
    <p class='ocr_par' dir='ltr' id='par_1_91' title="bbox 567 4446 2120 4516">
     <span class='ocr_line' id='line_1_91' title="bbox 567 4446 2120 4516; baseline 0.007 -16"><span class='ocrx_word' id='word_1_667' title='bbox 567 4458 711 4500; x_wconf 84' lang='lat' dir='ltr'><strong>mam</strong></span> <span class='ocrx_word' id='word_1_668' title='bbox 750 4446 873 4501; x_wconf 62' lang='lat' dir='ltr'><strong>vita</strong></span> <span class='ocrx_word' id='word_1_669' title='bbox 913 4456 1277 4516; x_wconf 88' lang='lat' dir='ltr'><strong>paupertatem</strong></span> <span class='ocrx_word' id='word_1_670' title='bbox 1312 4460 1604 4514; x_wconf 89' lang='lat' dir='ltr'><strong>sectantes,</strong></span> <span class='ocrx_word' id='word_1_671' title='bbox 1647 4460 1757 4506; x_wconf 92' lang='lat' dir='ltr'><strong>toto</strong></span> <span class='ocrx_word' id='word_1_672' title='bbox 1801 4455 1977 4510; x_wconf 65' lang='lat' dir='ltr'><strong>atatis</strong></span> <span class='ocrx_word' id='word_1_673' title='bbox 2016 4471 2120 4511; x_wconf 68' lang='lat' dir='ltr'><strong>sua</strong></span> 
     </span>
    </p>
   </div>
   <div class='ocr_carea' id='block_1_92' title="bbox 2221 4446 3783 4539">
    <p class='ocr_par' dir='ltr' id='par_1_92' title="bbox 2228 4446 3783 4539">
     <span class='ocr_line' id='line_1_92' title="bbox 2228 4446 3783 4539; baseline 0.006 -25"><span class='ocrx_word' id='word_1_674' title='bbox 2228 4462 2513 4535; x_wconf 82' lang='grc' dir='ltr'><strong>ἀκολουθίᾳ</strong></span> <span class='ocrx_word' id='word_1_675' title='bbox 2530 4463 2737 4529; x_wconf 86' lang='grc' dir='ltr'><strong>τούτοις</strong></span> <span class='ocrx_word' id='word_1_676' title='bbox 2770 4466 3041 4535; x_wconf 87' lang='grc' dir='ltr'><strong>μετεδίδου</strong></span> <span class='ocrx_word' id='word_1_677' title='bbox 3062 4469 3158 4539; x_wconf 84' lang='grc' dir='ltr'><strong>τῆς</strong></span> <span class='ocrx_word' id='word_1_678' title='bbox 3186 4468 3350 4521; x_wconf 84' lang='grc' dir='ltr'><strong>αὐτοῦ</strong></span> <span class='ocrx_word' id='word_1_679' title='bbox 3385 4446 3662 4537; x_wconf 82' lang='grc' dir='ltr'><strong>βασιλείας</strong></span> <span class='ocrx_word' id='word_1_680' title='bbox 3682 4488 3783 4539; x_wconf 82' lang='grc' dir='ltr'><strong>με-</strong></span> 
     </span>
    </p>
   </div>
   <div class='ocr_carea' id='block_1_93' title="bbox 569 4540 2120 4609">
    <p class='ocr_par' dir='ltr' id='par_1_93' title="bbox 569 4540 2120 4609">
     <span class='ocr_line' id='line_1_93' title="bbox 569 4540 2120 4609; baseline 0.005 -17"><span class='ocrx_word' id='word_1_681' title='bbox 569 4546 813 4607; x_wconf 90' lang='lat' dir='ltr'><strong>tempore</strong></span> <span class='ocrx_word' id='word_1_682' title='bbox 837 4552 934 4607; x_wconf 89' lang='lat' dir='ltr'><strong>pro</strong></span> <span class='ocrx_word' id='word_1_683' title='bbox 966 4540 1179 4594; x_wconf 90' lang='lat' dir='ltr'><strong>virtutis</strong></span> <span class='ocrx_word' id='word_1_684' title='bbox 1226 4543 1461 4609; x_wconf 71' lang='lat' dir='ltr'><strong>prmmiis</strong></span> <span class='ocrx_word' id='word_1_685' title='bbox 1492 4542 1858 4599; x_wconf 90' lang='lat' dir='ltr'><strong>decertarunt.</strong></span> <span class='ocrx_word' id='word_1_686' title='bbox 1887 4544 2120 4601; x_wconf 87' lang='lat' dir='ltr'><strong>Secundi</strong></span> 
     </span>
    </p>
   </div>
   <div class='ocr_carea' id='block_1_94' title="bbox 568 4630 2119 4707">
    <p class='ocr_par' dir='ltr' id='par_1_94' title="bbox 568 4630 2119 4707">
     <span class='ocr_line' id='line_1_94' title="bbox 568 4630 2119 4707; baseline 0.007 -26"><span class='ocrx_word' id='word_1_687' title='bbox 568 4644 718 4693; x_wconf 91' lang='lat' dir='ltr'><strong>vero,</strong></span> <span class='ocrx_word' id='word_1_688' title='bbox 765 4636 983 4697; x_wconf 89' lang='lat' dir='ltr'><strong>propter</strong></span> <span class='ocrx_word' id='word_1_689' title='bbox 1034 4630 1394 4685; x_wconf 88' lang='lat' dir='ltr'><strong>testimonium</strong></span> <span class='ocrx_word' id='word_1_690' title='bbox 1456 4634 1520 4687; x_wconf 89' lang='lat' dir='ltr'><strong>de</strong></span> <span class='ocrx_word' id='word_1_691' title='bbox 1573 4634 1810 4701; x_wconf 89' lang='lat' dir='ltr'><strong>Christo,</strong></span> <span class='ocrx_word' id='word_1_692' title='bbox 1860 4636 2119 4707; x_wconf 78' lang='lat' dir='ltr'><strong>exagitati</strong></span> 
     </span>
    </p>
   </div>
   <div class='ocr_carea' id='block_1_95' title="bbox 568 4717 2120 4787">
    <p class='ocr_par' dir='ltr' id='par_1_95' title="bbox 568 4717 2120 4787">
     <span class='ocr_line' id='line_1_95' title="bbox 568 4717 2120 4787; baseline 0.006 -16"><span class='ocrx_word' id='word_1_693' title='bbox 568 4717 805 4781; x_wconf 88' lang='lat' dir='ltr'><strong>fuerunt,</strong></span> <span class='ocrx_word' id='word_1_694' title='bbox 832 4720 1145 4787; x_wconf 80' lang='lat' dir='ltr'><strong>Oppugnati,</strong></span> <span class='ocrx_word' id='word_1_695' title='bbox 1185 4721 1310 4775; x_wconf 89' lang='lat' dir='ltr'><strong>odio</strong></span> <span class='ocrx_word' id='word_1_696' title='bbox 1356 4721 1544 4785; x_wconf 81' lang='lat' dir='ltr'><strong>habiti,</strong></span> <span class='ocrx_word' id='word_1_697' title='bbox 1576 4722 1727 4778; x_wconf 83' lang='lat' dir='ltr'><strong>falsis</strong></span> <span class='ocrx_word' id='word_1_698' title='bbox 1765 4728 2120 4781; x_wconf 88' lang='lat' dir='ltr'><strong>accusationi-</strong></span> 
     </span>
    </p>
   </div>
   <div class='ocr_carea' id='block_1_96' title="bbox 568 4807 2116 4879">
    <p class='ocr_par' dir='ltr' id='par_1_96' title="bbox 568 4807 2116 4879">
     <span class='ocr_line' id='line_1_96' title="bbox 568 4807 2116 4879; baseline 0.005 -16"><span class='ocrx_word' id='word_1_699' title='bbox 568 4810 667 4863; x_wconf 91' lang='lat' dir='ltr'><strong>bus</strong></span> <span class='ocrx_word' id='word_1_700' title='bbox 690 4807 1019 4863; x_wconf 89' lang='lat' dir='ltr'><strong>calumniose</strong></span> <span class='ocrx_word' id='word_1_701' title='bbox 1047 4812 1291 4879; x_wconf 80' lang='lat' dir='ltr'><strong>appetiti,</strong></span> <span class='ocrx_word' id='word_1_702' title='bbox 1335 4811 1533 4865; x_wconf 89' lang='lat' dir='ltr'><strong>nullam</strong></span> <span class='ocrx_word' id='word_1_703' title='bbox 1574 4813 1736 4866; x_wconf 89' lang='lat' dir='ltr'><strong>aliam</strong></span> <span class='ocrx_word' id='word_1_704' title='bbox 1777 4814 1847 4868; x_wconf 91' lang='lat' dir='ltr'><strong>ob</strong></span> <span class='ocrx_word' id='word_1_705' title='bbox 1898 4830 2116 4871; x_wconf 83' lang='lat' dir='ltr'><strong>causam</strong></span> 
     </span>
    </p>
   </div>
   <div class='ocr_carea' id='block_1_97' title="bbox 567 4897 2117 4963">
    <p class='ocr_par' dir='ltr' id='par_1_97' title="bbox 567 4897 2117 4963">
     <span class='ocr_line' id='line_1_97' title="bbox 567 4897 2117 4963; baseline 0.01 -16"><span class='ocrx_word' id='word_1_706' title='bbox 567 4913 726 4963; x_wconf 80' lang='lat' dir='ltr'><strong>quam</strong></span> <span class='ocrx_word' id='word_1_707' title='bbox 759 4898 827 4953; x_wconf 91' lang='lat' dir='ltr'><strong>ob</strong></span> <span class='ocrx_word' id='word_1_708' title='bbox 859 4897 1055 4953; x_wconf 87' lang='lat' dir='ltr'><strong>Christi</strong></span> <span class='ocrx_word' id='word_1_709' title='bbox 1090 4899 1504 4956; x_wconf 84' lang='lat' dir='ltr'><strong>confessionem.</strong></span> <span class='ocrx_word' id='word_1_710' title='bbox 1551 4902 1653 4958; x_wconf 90' lang='lat' dir='ltr'><strong>Sed</strong></span> <span class='ocrx_word' id='word_1_711' title='bbox 1699 4907 1841 4958; x_wconf 91' lang='lat' dir='ltr'><strong>enim</strong></span> <span class='ocrx_word' id='word_1_712' title='bbox 1877 4908 2117 4961; x_wconf 87' lang='lat' dir='ltr'><strong>esurien-</strong></span> 
     </span>
    </p>
   </div>
   <div class='ocr_carea' id='block_1_98' title="bbox 567 4990 2118 5058">
    <p class='ocr_par' dir='ltr' id='par_1_98' title="bbox 567 4990 2118 5058">
     <span class='ocr_line' id='line_1_98' title="bbox 567 4990 2118 5058; baseline 0.008 -16"><span class='ocrx_word' id='word_1_713' title='bbox 567 4999 650 5043; x_wconf 88' lang='lat' dir='ltr'><strong>tes</strong></span> <span class='ocrx_word' id='word_1_714' title='bbox 669 4990 881 5058; x_wconf 87' lang='lat' dir='ltr'><strong>quidem</strong></span> <span class='ocrx_word' id='word_1_715' title='bbox 917 5001 970 5045; x_wconf 92' lang='lat' dir='ltr'><strong>et</strong></span> <span class='ocrx_word' id='word_1_716' title='bbox 991 4991 1198 5057; x_wconf 82' lang='lat' dir='ltr'><strong>ﬂentes,</strong></span> <span class='ocrx_word' id='word_1_717' title='bbox 1232 5002 1288 5047; x_wconf 88' lang='lat' dir='ltr'><strong>et</strong></span> <span class='ocrx_word' id='word_1_718' title='bbox 1325 4992 1523 5048; x_wconf 86' lang='lat' dir='ltr'><strong>Christi</strong></span> <span class='ocrx_word' id='word_1_719' title='bbox 1569 5010 1731 5049; x_wconf 85' lang='lat' dir='ltr'><strong>causa</strong></span> <span class='ocrx_word' id='word_1_720' title='bbox 1775 5001 2118 5054; x_wconf 84' lang='lat' dir='ltr'><strong>contumeliis</strong></span> 
     </span>
    </p>
   </div>
   <div class='ocr_carea' id='block_1_99' title="bbox 566 5078 2118 5160">
    <p class='ocr_par' dir='ltr' id='par_1_99' title="bbox 566 5078 2118 5160">
     <span class='ocr_line' id='line_1_99' title="bbox 566 5078 2118 5160; baseline 0.01 -29"><span class='ocrx_word' id='word_1_721' title='bbox 566 5078 792 5134; x_wconf 70' lang='lat' dir='ltr'><strong>aﬂectos</strong></span> <span class='ocrx_word' id='word_1_722' title='bbox 828 5082 965 5151; x_wconf 87' lang='lat' dir='ltr'><strong>apud</strong></span> <span class='ocrx_word' id='word_1_723' title='bbox 1000 5080 1193 5137; x_wconf 87' lang='lat' dir='ltr'><strong>Lucam</strong></span> <span class='ocrx_word' id='word_1_724' title='bbox 1238 5099 1449 5155; x_wconf 91' lang='lat' dir='ltr'><strong>quoque</strong></span> <span class='ocrx_word' id='word_1_725' title='bbox 1477 5084 1773 5141; x_wconf 81' lang='lat' dir='ltr'><strong>videbimus</strong></span> <span class='ocrx_word' id='word_1_726' title='bbox 1796 5087 1930 5160; x_wconf 65' lang='lat' dir='ltr'><strong>(i8);</strong></span> <span class='ocrx_word' id='word_1_727' title='bbox 1962 5091 2118 5146; x_wconf 86' lang='lat' dir='ltr'><strong>mites</strong></span> 
     </span>
    </p>
   </div>
   <div class='ocr_carea' id='block_1_100' title="bbox 639 5308 2117 5391">
    <p class='ocr_par' dir='ltr' id='par_1_100' title="bbox 639 5308 2117 5391">
     <span class='ocr_line' id='line_1_100' title="bbox 639 5308 2117 5391; baseline 0.009 -29"><span class='ocrx_word' id='word_1_728' title='bbox 639 5308 751 5391; x_wconf 43' lang='lat' dir='ltr'><strong>(i6)</strong></span> <span class='ocrx_word' id='word_1_729' title='bbox 777 5308 886 5391; x_wconf 56' lang='lat' dir='ltr'><strong>[ioc</strong></span> <span class='ocrx_word' id='word_1_730' title='bbox 910 5326 1121 5381; x_wconf 89' lang='lat' dir='ltr'><strong>quoque</strong></span> <span class='ocrx_word' id='word_1_731' title='bbox 1142 5315 1286 5391; x_wconf 66' lang='lat' dir='ltr'><strong>apud</strong></span> <span class='ocrx_word' id='word_1_732' title='bbox 1328 5313 1656 5382; x_wconf 71' lang='lat' dir='ltr'><strong>Matthreum,</strong></span> <span class='ocrx_word' id='word_1_733' title='bbox 1685 5319 1773 5384; x_wconf 90' lang='lat' dir='ltr'><strong>qui</strong></span> <span class='ocrx_word' id='word_1_734' title='bbox 1808 5328 1930 5375; x_wconf 91' lang='lat' dir='ltr'><strong>octo</strong></span> <span class='ocrx_word' id='word_1_735' title='bbox 1964 5321 2117 5391; x_wconf 88' lang='lat' dir='ltr'><strong>ponit</strong></span> 
     </span>
    </p>
   </div>
   <div class='ocr_carea' id='block_1_101' title="bbox 569 5376 2118 5452">
    <p class='ocr_par' dir='ltr' id='par_1_101' title="bbox 569 5376 2118 5452">
     <span class='ocr_line' id='line_1_101' title="bbox 569 5376 2118 5452; baseline 0.01 -21"><span class='ocrx_word' id='word_1_736' title='bbox 569 5376 942 5452; x_wconf 58' lang='lat' dir='ltr'><strong>bealii&#39;udines,</strong></span> <span class='ocrx_word' id='word_1_737' title='bbox 975 5376 1096 5435; x_wconf 61' lang='lat' dir='ltr'><strong>cu&#39;m</strong></span> <span class='ocrx_word' id='word_1_738' title='bbox 1141 5376 1312 5437; x_wconf 78' lang='lat' dir='ltr'><strong>Lucas</strong></span> <span class='ocrx_word' id='word_1_739' title='bbox 1356 5394 1587 5452; x_wconf 89' lang='lat' dir='ltr'><strong>quatuor</strong></span> <span class='ocrx_word' id='word_1_740' title='bbox 1638 5376 1837 5441; x_wconf 76' lang='lat' dir='ltr'><strong>iantum</strong></span> <span class='ocrx_word' id='word_1_741' title='bbox 1894 5376 2118 5446; x_wconf 77' lang='lat' dir='ltr'><strong>sci-ibat.</strong></span> 
     </span>
    </p>
   </div>
   <div class='ocr_carea' id='block_1_102' title="bbox 568 5445 1902 5518">
    <p class='ocr_par' dir='ltr' id='par_1_102' title="bbox 568 5445 1902 5518">
     <span class='ocr_line' id='line_1_102' title="bbox 568 5445 1902 5518; baseline 0.01 -19"><span class='ocrx_word' id='word_1_742' title='bbox 568 5445 625 5499; x_wconf 80' lang='lat' dir='ltr'><strong>in</strong></span> <span class='ocrx_word' id='word_1_743' title='bbox 652 5446 907 5518; x_wconf 9' lang='lat' dir='ltr'><strong>rhlatthazo</strong></span> <span class='ocrx_word' id='word_1_744' title='bbox 944 5452 1123 5518; x_wconf 89' lang='lat' dir='ltr'><strong>itaque</strong></span> <span class='ocrx_word' id='word_1_745' title='bbox 1146 5454 1347 5505; x_wconf 83' lang='lat' dir='ltr'><strong>versari</strong></span> <span class='ocrx_word' id='word_1_746' title='bbox 1376 5445 1595 5507; x_wconf 63' lang='lat' dir='ltr'><strong>&#39;videtnr</strong></span> <span class='ocrx_word' id='word_1_747' title='bbox 1624 5455 1902 5513; x_wconf 87' lang='lat' dir='ltr'><strong>Eusebius.</strong></span> 
     </span>
    </p>
   </div>
   <div class='ocr_carea' id='block_1_103' title="bbox 570 5517 2112 5635">
    <p class='ocr_par' dir='ltr' id='par_1_103' title="bbox 570 5517 2112 5635">
     <span class='ocr_line' id='line_1_103' title="bbox 570 5517 2112 5635; baseline 0.002 -67"><span class='ocrx_word' id='word_1_748' title='bbox 570 5517 750 5635; x_wconf 47' lang='lat' dir='ltr'><strong>sugg)</strong></span> <span class='ocrx_word' id='word_1_749' title='bbox 776 5517 1152 5575; x_wconf 78' lang='lat' dir='ltr'><strong>Animadverte</strong></span> <span class='ocrx_word' id='word_1_750' title='bbox 1194 5523 1568 5591; x_wconf 75' lang='lat' dir='ltr'><strong>ptenitentiam</strong></span> <span class='ocrx_word' id='word_1_751' title='bbox 1615 5540 1717 5579; x_wconf 91' lang='lat' dir='ltr'><strong>non</strong></span> <span class='ocrx_word' id='word_1_752' title='bbox 1739 5528 1867 5584; x_wconf 79' lang='lat' dir='ltr'><strong>sine</strong></span> <span class='ocrx_word' id='word_1_753' title='bbox 1896 5527 2112 5585; x_wconf 85' lang='lat' dir='ltr'><strong>confes-</strong></span> 
     </span>
    </p>
   </div>
   <div class='ocr_carea' id='block_1_104' title="bbox 687 5601 735 5637">
    <p class='ocr_par' dir='ltr' id='par_1_104' title="bbox 687 5601 735 5637">
     <span class='ocr_line' id='line_1_104' title="bbox 687 5601 735 5637; baseline -0.042 0"><span class='ocrx_word' id='word_1_754' title='bbox 687 5601 735 5637; x_wconf 78' lang='grc' dir='ltr'><strong>ε.</strong></span> 
     </span>
    </p>
   </div>
   <div class='ocr_carea' id='block_1_105' title="bbox 2223 4550 3790 4631">
    <p class='ocr_par' dir='ltr' id='par_1_105' title="bbox 2223 4550 3790 4631">
     <span class='ocr_line' id='line_1_105' title="bbox 2223 4550 3790 4631; baseline 0.006 -28"><span class='ocrx_word' id='word_1_755' title='bbox 2223 4550 2294 4604; x_wconf 81' lang='grc' dir='ltr'><strong>τὰ</strong></span> <span class='ocrx_word' id='word_1_756' title='bbox 2322 4553 2445 4616; x_wconf 83' lang='grc' dir='ltr'><strong>τοὺς</strong></span> <span class='ocrx_word' id='word_1_757' title='bbox 2479 4556 2722 4625; x_wconf 75' lang='grc' dir='ltr'><strong>πτωχοὺς</strong></span> <span class='ocrx_word' id='word_1_758' title='bbox 2743 4556 2822 4626; x_wconf 83' lang='grc' dir='ltr'><strong>τῷ</strong></span> <span class='ocrx_word' id='word_1_759' title='bbox 2848 4557 3142 4628; x_wconf 87' lang='grc' dir='ltr'><strong>πνεύματι·</strong></span> <span class='ocrx_word' id='word_1_760' title='bbox 3190 4558 3375 4629; x_wconf 86' lang='grc' dir='ltr'><strong>βιῶναι</strong></span> <span class='ocrx_word' id='word_1_761' title='bbox 3411 4560 3520 4630; x_wconf 85' lang='grc' dir='ltr'><strong>γὰρ</strong></span> <span class='ocrx_word' id='word_1_762' title='bbox 3546 4560 3632 4612; x_wconf 76' lang='grc' dir='ltr'><strong>δεῖ</strong></span> <span class='ocrx_word' id='word_1_763' title='bbox 3656 4560 3790 4631; x_wconf 88' lang='grc' dir='ltr'><strong>πρό-</strong></span> 
     </span>
    </p>
   </div>
   <div class='ocr_carea' id='block_1_106' title="bbox 2222 4642 3789 4723">
    <p class='ocr_par' dir='ltr' id='par_1_106' title="bbox 2222 4642 3789 4723">
     <span class='ocr_line' id='line_1_106' title="bbox 2222 4642 3789 4723; baseline 0.007 -30"><span class='ocrx_word' id='word_1_764' title='bbox 2222 4657 2376 4711; x_wconf 89' lang='grc' dir='ltr'><strong>τερον</strong></span> <span class='ocrx_word' id='word_1_765' title='bbox 2400 4642 2656 4723; x_wconf 81' lang='grc' dir='ltr'><strong>θεοφιλῶς</strong></span> <span class='ocrx_word' id='word_1_766' title='bbox 2678 4646 2770 4699; x_wconf 83' lang='grc' dir='ltr'><strong>τὸν</strong></span> <span class='ocrx_word' id='word_1_767' title='bbox 2800 4648 2974 4701; x_wconf 83' lang='grc' dir='ltr'><strong>πάντα</strong></span> <span class='ocrx_word' id='word_1_768' title='bbox 3006 4650 3192 4720; x_wconf 90' lang='grc' dir='ltr'><strong>χρόνον</strong></span> <span class='ocrx_word' id='word_1_769' title='bbox 3224 4651 3323 4718; x_wconf 80' lang='grc' dir='ltr'><strong>τῆς</strong></span> <span class='ocrx_word' id='word_1_770' title='bbox 3348 4649 3492 4720; x_wconf 74' lang='grc' dir='ltr'><strong>ζωῆς</strong></span> <span class='ocrx_word' id='word_1_771' title='bbox 3527 4652 3583 4704; x_wconf 80' lang='grc' dir='ltr'><strong>ἐν</strong></span> <span class='ocrx_word' id='word_1_772' title='bbox 3615 4652 3789 4723; x_wconf 83' lang='grc' dir='ltr'><strong>ἀκτή-</strong></span> 
     </span>
    </p>
   </div>
   <div class='ocr_carea' id='block_1_107' title="bbox 2226 4719 3789 4810">
    <p class='ocr_par' dir='ltr' id='par_1_107' title="bbox 2226 4719 3789 4810">
     <span class='ocr_line' id='line_1_107' title="bbox 2226 4719 3789 4810; baseline 0.007 -24"><span class='ocrx_word' id='word_1_773' title='bbox 2226 4749 2344 4802; x_wconf 87' lang='grc' dir='ltr'><strong>μονι</strong></span> <span class='ocrx_word' id='word_1_774' title='bbox 2374 4719 2465 4788; x_wconf 68' lang='grc' dir='ltr'><strong>καί</strong></span> <span class='ocrx_word' id='word_1_775' title='bbox 2492 4736 2761 4807; x_wconf 82' lang='grc' dir='ltr'><strong>φιλοσόφῳ</strong></span> <span class='ocrx_word' id='word_1_776' title='bbox 2795 4740 2981 4810; x_wconf 85' lang='grc' dir='ltr'><strong>τρόπῳ</strong></span> <span class='ocrx_word' id='word_1_777' title='bbox 3011 4719 3433 4805; x_wconf 81' lang='grc' dir='ltr'><strong>διατελέσαντιις,</strong></span> <span class='ocrx_word' id='word_1_778' title='bbox 3484 4736 3584 4794; x_wconf 79' lang='grc' dir='ltr'><strong>εἷθ’</strong></span> <span class='ocrx_word' id='word_1_779' title='bbox 3613 4719 3789 4808; x_wconf 81' lang='grc' dir='ltr'><strong>οὕτως</strong></span> 
     </span>
    </p>
   </div>
   <div class='ocr_carea' id='block_1_108' title="bbox 2222 4822 3788 4904">
    <p class='ocr_par' dir='ltr' id='par_1_108' title="bbox 2222 4822 3788 4904">
     <span class='ocr_line' id='line_1_108' title="bbox 2222 4822 3788 4904; baseline 0.008 -32"><span class='ocrx_word' id='word_1_780' title='bbox 2222 4822 2314 4873; x_wconf 78' lang='grc' dir='ltr'><strong>ἐπὶ</strong></span> <span class='ocrx_word' id='word_1_781' title='bbox 2349 4823 2409 4875; x_wconf 81' lang='grc' dir='ltr'><strong>τὸ</strong></span> <span class='ocrx_word' id='word_1_782' title='bbox 2445 4823 2684 4894; x_wconf 85' lang='grc' dir='ltr'><strong>θεοφιλὲς</strong></span> <span class='ocrx_word' id='word_1_783' title='bbox 2717 4827 2867 4890; x_wconf 87' lang='grc' dir='ltr'><strong>τέλος</strong></span> <span class='ocrx_word' id='word_1_784' title='bbox 2891 4829 3081 4884; x_wconf 80' lang='grc' dir='ltr'><strong>ἐλθεῖν.</strong></span> <span class='ocrx_word' id='word_1_785' title='bbox 3111 4832 3175 4883; x_wconf 80' lang='lat' dir='ltr'><strong>Oi</strong></span> <span class='ocrx_word' id='word_1_786' title='bbox 3204 4830 3301 4901; x_wconf 82' lang='grc' dir='ltr'><strong>μὲν</strong></span> <span class='ocrx_word' id='word_1_787' title='bbox 3328 4826 3420 4884; x_wconf 82' lang='grc' dir='ltr'><strong>οὖν</strong></span> <span class='ocrx_word' id='word_1_788' title='bbox 3451 4831 3655 4902; x_wconf 87' lang='grc' dir='ltr'><strong>πρῶτοι</strong></span> <span class='ocrx_word' id='word_1_789' title='bbox 3685 4832 3788 4904; x_wconf 83' lang='grc' dir='ltr'><strong>τὴν</strong></span> 
     </span>
    </p>
   </div>
   <div class='ocr_carea' id='block_1_109' title="bbox 2222 4910 3786 4991">
    <p class='ocr_par' dir='ltr' id='par_1_109' title="bbox 2222 4910 3786 4991">
     <span class='ocr_line' id='line_1_109' title="bbox 2222 4910 3786 4991; baseline 0.009 -28"><span class='ocrx_word' id='word_1_790' title='bbox 2222 4910 2395 4983; x_wconf 79' lang='grc' dir='ltr'><strong>ἄκραν</strong></span> <span class='ocrx_word' id='word_1_791' title='bbox 2434 4914 2714 4986; x_wconf 83' lang='grc' dir='ltr'><strong>ἀκτήμονα</strong></span> <span class='ocrx_word' id='word_1_792' title='bbox 2750 4910 3091 4991; x_wconf 86' lang='grc' dir='ltr'><strong>μετήρχοντο</strong></span> <span class='ocrx_word' id='word_1_793' title='bbox 3127 4920 3348 4991; x_wconf 79' lang='grc' dir='ltr'><strong>ἀγωγὴν</strong></span> <span class='ocrx_word' id='word_1_794' title='bbox 3385 4921 3480 4974; x_wconf 88' lang='grc' dir='ltr'><strong>τοῦ</strong></span> <span class='ocrx_word' id='word_1_795' title='bbox 3528 4921 3666 4991; x_wconf 88' lang='grc' dir='ltr'><strong>βίου,</strong></span> <span class='ocrx_word' id='word_1_796' title='bbox 3694 4923 3786 4978; x_wconf 88' lang='grc' dir='ltr'><strong>διά</strong></span> 
     </span>
    </p>
   </div>
   <div class='ocr_carea' id='block_1_110' title="bbox 2222 5003 3787 5083">
    <p class='ocr_par' dir='ltr' id='par_1_110' title="bbox 2222 5003 3787 5083">
     <span class='ocr_line' id='line_1_110' title="bbox 2222 5003 3787 5083; baseline 0.009 -29"><span class='ocrx_word' id='word_1_797' title='bbox 2222 5003 2400 5075; x_wconf 80' lang='grc' dir='ltr'><strong>πάσης</strong></span> <span class='ocrx_word' id='word_1_798' title='bbox 2433 5006 2614 5059; x_wconf 84' lang='grc' dir='ltr'><strong>αὐτῶν</strong></span> <span class='ocrx_word' id='word_1_799' title='bbox 2668 5007 2769 5077; x_wconf 82' lang='grc' dir='ltr'><strong>τῆς</strong></span> <span class='ocrx_word' id='word_1_800' title='bbox 2802 5009 2945 5079; x_wconf 81' lang='grc' dir='ltr'><strong>ζωῆς</strong></span> <span class='ocrx_word' id='word_1_801' title='bbox 2990 5014 3101 5074; x_wconf 85' lang='grc' dir='ltr'><strong>τοῖς</strong></span> <span class='ocrx_word' id='word_1_802' title='bbox 3129 5011 3229 5082; x_wconf 84' lang='grc' dir='ltr'><strong>τῆς</strong></span> <span class='ocrx_word' id='word_1_803' title='bbox 3256 5013 3455 5083; x_wconf 86' lang='grc' dir='ltr'><strong>ἀρετῆς</strong></span> <span class='ocrx_word' id='word_1_804' title='bbox 3485 5011 3666 5078; x_wconf 79' lang='grc' dir='ltr'><strong>ἄθλοις</strong></span> <span class='ocrx_word' id='word_1_805' title='bbox 3696 5016 3787 5068; x_wconf 81' lang='grc' dir='ltr'><strong>ὲν-</strong></span> 
     </span>
    </p>
   </div>
   <div class='ocr_carea' id='block_1_111' title="bbox 2221 5085 3785 5177">
    <p class='ocr_par' dir='ltr' id='par_1_111' title="bbox 2221 5085 3785 5177">
     <span class='ocr_line' id='line_1_111' title="bbox 2221 5085 3785 5177; baseline 0.008 -32"><span class='ocrx_word' id='word_1_806' title='bbox 2221 5095 2601 5169; x_wconf 78' lang='grc' dir='ltr'><strong>αγωνιζόμενοι</strong></span> <span class='ocrx_word' id='word_1_807' title='bbox 2621 5114 2635 5128; x_wconf 85' lang='grc'><strong>·</strong></span> <span class='ocrx_word' id='word_1_808' title='bbox 2665 5085 2715 5151; x_wconf 76' lang='grc' dir='ltr'><strong>οἱ</strong></span> <span class='ocrx_word' id='word_1_809' title='bbox 2733 5099 2789 5153; x_wconf 82' lang='grc' dir='ltr'><strong>δὲ</strong></span> <span class='ocrx_word' id='word_1_810' title='bbox 2815 5100 3051 5175; x_wconf 79' lang='grc' dir='ltr'><strong>δεύτεροι</strong></span> <span class='ocrx_word' id='word_1_811' title='bbox 3074 5102 3172 5172; x_wconf 82' lang='grc' dir='ltr'><strong>τῆς</strong></span> <span class='ocrx_word' id='word_1_812' title='bbox 3192 5105 3271 5166; x_wconf 89' lang='grc' dir='ltr'><strong>είς</strong></span> <span class='ocrx_word' id='word_1_813' title='bbox 3293 5103 3453 5156; x_wconf 76' lang='grc' dir='ltr'><strong>αὑτὸν</strong></span> <span class='ocrx_word' id='word_1_814' title='bbox 3477 5106 3785 5177; x_wconf 86' lang='grc' dir='ltr'><strong>μαρτυρίας</strong></span> 
     </span>
    </p>
   </div>
   <div class='ocr_carea' id='block_1_112' title="bbox 2225 5326 3787 5397">
    <p class='ocr_par' dir='ltr' id='par_1_112' title="bbox 2225 5326 3787 5397">
     <span class='ocr_line' id='line_1_112' title="bbox 2225 5326 3787 5397; baseline 0.012 -18"><span class='ocrx_word' id='word_1_815' title='bbox 2225 5338 2370 5397; x_wconf 69' lang='lat' dir='ltr'><strong>getae</strong></span> <span class='ocrx_word' id='word_1_816' title='bbox 2394 5326 2609 5383; x_wconf 83' lang='lat' dir='ltr'><strong>Eusebii</strong></span> <span class='ocrx_word' id='word_1_817' title='bbox 2642 5330 2741 5385; x_wconf 89' lang='lat' dir='ltr'><strong>has</strong></span> <span class='ocrx_word' id='word_1_818' title='bbox 2770 5332 3145 5389; x_wconf 88' lang='lat' dir='ltr'><strong>meditationes</strong></span> <span class='ocrx_word' id='word_1_819' title='bbox 3168 5338 3353 5392; x_wconf 82' lang='lat' dir='ltr'><strong>traxit.</strong></span> <span class='ocrx_word' id='word_1_820' title='bbox 3401 5335 3514 5392; x_wconf 84' lang='lat' dir='ltr'><strong>Nisi</strong></span> <span class='ocrx_word' id='word_1_821' title='bbox 3550 5337 3787 5397; x_wconf 78' lang='lat' dir='ltr'><strong>fortasse</strong></span> 
     </span>
    </p>
   </div>
   <div class='ocr_carea' id='block_1_113' title="bbox 2218 5394 3784 5476">
    <p class='ocr_par' dir='ltr' id='par_1_113' title="bbox 2218 5394 3784 5476">
     <span class='ocr_line' id='line_1_113' title="bbox 2218 5394 3784 5476; baseline 0.01 -27"><span class='ocrx_word' id='word_1_822' title='bbox 2218 5394 2484 5476; x_wconf 83' lang='lat' dir='ltr'><strong>_Eusebiu_s</strong></span> <span class='ocrx_word' id='word_1_823' title='bbox 2530 5400 2828 5468; x_wconf 77' lang='lat' dir='ltr'><strong>generatim</strong></span> <span class='ocrx_word' id='word_1_824' title='bbox 2867 5404 2931 5456; x_wconf 88' lang='lat' dir='ltr'><strong>ad</strong></span> <span class='ocrx_word' id='word_1_825' title='bbox 2974 5406 3475 5476; x_wconf 75' lang='lat' dir='ltr'><strong>tetraevangelium,</strong></span> <span class='ocrx_word' id='word_1_826' title='bbox 3506 5409 3658 5476; x_wconf 87' lang='lat' dir='ltr'><strong>quasi</strong></span> <span class='ocrx_word' id='word_1_827' title='bbox 3689 5394 3784 5475; x_wconf 72' lang='lat' dir='ltr'><strong>per</strong></span> 
     </span>
    </p>
   </div>
   <div class='ocr_carea' id='block_1_114' title="bbox 2217 5465 3785 5544">
    <p class='ocr_par' dir='ltr' id='par_1_114' title="bbox 2217 5465 3785 5544">
     <span class='ocr_line' id='line_1_114' title="bbox 2217 5465 3785 5544; baseline 0.009 -26"><span class='ocrx_word' id='word_1_828' title='bbox 2217 5465 2581 5544; x_wconf 70' lang='lat' dir='ltr'><strong>harmoniam,</strong></span> <span class='ocrx_word' id='word_1_829' title='bbox 2625 5475 3193 5544; x_wconf 30' lang='lat' dir='ltr'><strong>conniventatusﬂfuit.</strong></span> <span class='ocrx_word' id='word_1_830' title='bbox 3246 5465 3353 5530; x_wconf 76' lang='grc' dir='ltr'><strong>Ᾰιιι</strong></span> <span class='ocrx_word' id='word_1_831' title='bbox 3390 5465 3490 5544; x_wconf 78' lang='lat' dir='ltr'><strong>nisi</strong></span> <span class='ocrx_word' id='word_1_832' title='bbox 3524 5465 3785 5544; x_wconf 47' lang='lat' dir='ltr'><strong>.denique</strong></span> 
     </span>
    </p>
   </div>
   <div class='ocr_carea' id='block_1_115' title="bbox 2215 5538 3784 5606">
    <p class='ocr_par' dir='ltr' id='par_1_115' title="bbox 2215 5538 3784 5606">
     <span class='ocr_line' id='line_1_115' title="bbox 2215 5538 3784 5606; baseline 0.008 -19"><span class='ocrx_word' id='word_1_833' title='bbox 2215 5547 2501 5606; x_wconf 87' lang='lat' dir='ltr'><strong>sumuntur</strong></span> <span class='ocrx_word' id='word_1_834' title='bbox 2538 5538 2653 5593; x_wconf 63' lang='lat' dir='ltr'><strong>haec</strong></span> <span class='ocrx_word' id='word_1_835' title='bbox 2682 5547 2735 5593; x_wconf 91' lang='lat' dir='ltr'><strong>et</strong></span> <span class='ocrx_word' id='word_1_836' title='bbox 2763 5540 2863 5593; x_wconf 85' lang='lat' dir='ltr'><strong>alia</strong></span> <span class='ocrx_word' id='word_1_837' title='bbox 2898 5556 2964 5596; x_wconf 80' lang='lat' dir='ltr'><strong>ex</strong></span> <span class='ocrx_word' id='word_1_838' title='bbox 3014 5542 3358 5606; x_wconf 79' lang='lat' dir='ltr'><strong>&#39;l‘lieophania</strong></span> <span class='ocrx_word' id='word_1_839' title='bbox 3395 5543 3629 5600; x_wconf 84' lang='lat' dir='ltr'><strong>fortasse</strong></span> <span class='ocrx_word' id='word_1_840' title='bbox 3673 5538 3784 5606; x_wconf 66' lang='lat' dir='ltr'><strong>pie-</strong></span> 
     </span>
    </p>
   </div>
   <div class='ocr_carea' id='block_1_116' title="bbox 2209 5605 3780 5681">
    <p class='ocr_par' dir='ltr' id='par_1_116' title="bbox 2209 5605 3780 5681">
     <span class='ocr_line' id='line_1_116' title="bbox 2209 5605 3780 5681; baseline 0.011 -25"><span class='ocrx_word' id='word_1_841' title='bbox 2209 5605 2393 5681; x_wconf 79' lang='lat' dir='ltr'><strong>niore;</strong></span> <span class='ocrx_word' id='word_1_842' title='bbox 2440 5606 2691 5681; x_wconf 86' lang='lat' dir='ltr'><strong>in__cujus</strong></span> <span class='ocrx_word' id='word_1_843' title='bbox 2731 5620 2878 5681; x_wconf 88' lang='lat' dir='ltr'><strong>certe</strong></span> <span class='ocrx_word' id='word_1_844' title='bbox 2918 5624 3110 5681; x_wconf 91' lang='lat' dir='ltr'><strong>quarto</strong></span> <span class='ocrx_word' id='word_1_845' title='bbox 3164 5605 3302 5667; x_wconf 86' lang='lat' dir='ltr'><strong>libro</strong></span> <span class='ocrx_word' id='word_1_846' title='bbox 3352 5615 3513 5668; x_wconf 82' lang='lat' dir='ltr'><strong>modo</strong></span> <span class='ocrx_word' id='word_1_847' title='bbox 3562 5628 3628 5668; x_wconf 81' lang='lat' dir='ltr'><strong>ex</strong></span> <span class='ocrx_word' id='word_1_848' title='bbox 3673 5605 3780 5672; x_wconf 86' lang='lat' dir='ltr'><strong>boc</strong></span> 
     </span>
    </p>
   </div>
   <div class='ocr_carea' id='block_1_117' title="bbox 640 5652 3668 5752">
    <p class='ocr_par' dir='ltr' id='par_1_117' title="bbox 640 5652 3668 5752">
     <span class='ocr_line' id='line_1_117' title="bbox 640 5652 3668 5752; baseline 0.005 -29"><span class='ocrx_word' id='word_1_849' title='bbox 640 5652 1476 5752; x_wconf 43' lang='lat' dir='ltr'><strong>gfinxifgsfﬂriu{ﬁni}ngm</strong></span> <span class='ocrx_word' id='word_1_850' title='bbox 1491 5663 1555 5752; x_wconf 61' lang='lat' dir='ltr'><strong>ig</strong></span> <span class='ocrx_word' id='word_1_851' title='bbox 1587 5662 1900 5752; x_wconf 44' lang='lat' dir='ltr'><strong>ﬁnitimum</strong></span> <span class='ocrx_word' id='word_1_852' title='bbox 1929 5668 2107 5752; x_wconf 68' lang='lat' dir='ltr'><strong>poles</strong></span> <span class='ocrx_word' id='word_1_853' title='bbox 2199 5652 2359 5734; x_wconf 59' lang='lat' dir='ltr'><strong>noua</strong></span> <span class='ocrx_word' id='word_1_854' title='bbox 2375 5652 3668 5752; x_wconf 43' lang='lat' dir='ltr'><strong>éx&#39;inmisisse“adimat;ﬂeuit...</strong></span> 
     </span>
    </p>
   </div>
   <div class='ocr_carea' id='block_1_118' title="bbox 568 5729 2101 5804">
    <p class='ocr_par' dir='ltr' id='par_1_118' title="bbox 568 5729 2101 5804">
     <span class='ocr_line' id='line_1_118' title="bbox 568 5729 2101 5804; baseline 0.012 -28"><span class='ocrx_word' id='word_1_855' title='bbox 568 5729 914 5781; x_wconf 87' lang='lat' dir='ltr'><strong>commentari</strong></span> <span class='ocrx_word' id='word_1_856' title='bbox 943 5741 1101 5797; x_wconf 87' lang='lat' dir='ltr'><strong>quam</strong></span> <span class='ocrx_word' id='word_1_857' title='bbox 1136 5730 1189 5785; x_wconf 86' lang='lat' dir='ltr'><strong>in</strong></span> <span class='ocrx_word' id='word_1_858' title='bbox 1220 5729 1437 5801; x_wconf 80' lang='lat' dir='ltr'><strong>Lucam,</strong></span> <span class='ocrx_word' id='word_1_859' title='bbox 1489 5732 1552 5786; x_wconf 90' lang='lat' dir='ltr'><strong>ad</strong></span> <span class='ocrx_word' id='word_1_860' title='bbox 1581 5748 1736 5804; x_wconf 89' lang='lat' dir='ltr'><strong>quem</strong></span> <span class='ocrx_word' id='word_1_861' title='bbox 1784 5729 1959 5792; x_wconf 80' lang='lat' dir='ltr'><strong>tamen</strong></span> <span class='ocrx_word' id='word_1_862' title='bbox 2008 5735 2101 5794; x_wconf 80' lang='lat' dir='ltr'><strong>Ni-</strong></span> 
     </span>
    </p>
   </div>
  </div>
