4062 6408
174 432 279 488 537

1318 416 1818 480 COMMENTABIA
1857 414 1928 470 ια
1966 405 2230 471 ιυοΑιι.

3326 397 3434 455 558

171 548 359 602 ινεκεν
379 545 670 618 ἠλαύνοντο
696 544 1088 615 πολεμούμενοι
1120 543 1214 599 καὶ
1236 542 1573 615 μισούμενοι,
1593 555 1754 593 συκο-

1857 545 2059 600 autem,
2092 543 2151 590 et
2187 529 2587 595 misericordes,
2619 536 2675 582 et
2698 522 2863 581 corde
2887 536 3073 593 puros,
3098 528 3158 618 et
3178 517 3435 590 paciﬁcos

170 637 531 709 φαντούμενοί
568 654 626 690 τε
660 636 880 706 ψευδέσι
918 635 1189 700 διαϐολαῖς
1213 635 1281 689 δι’
1307 633 1458 688 οὐδὲν
1485 633 1676 704 ῑτερον
1706 630 1741 699 ἢ

1850 624 2135 679 Mattbmus
2160 622 2315 677 nobis
2333 619 2407 674 ad
2422 615 2876 673 considerandum
2907 612 3235 682 suppeditat.

170 703 258 788 διὰ
288 703 396 805 τὴν.
416 736 495 796 είς
518 703 748 804 Χριστὸν
779 730 1089 802 ὁμολογίαν.
1136 731 1295 785 Ἀλλὰ
1337 730 1448 802 γὰρ
1468 703 1595 792 τοὺς
1625 726 1725 797 μὲν
1775 721 2078 783 πεινῶντας
2134 718 2227 772 καὶ
2280 714 2568 776 κλαίοντας
2604 710 2706 794 καὶ
2730 709 2821 805 διά
2850 705 3085 780 Χριστὸν
3109 703 3435 805 ὀνειδιζομέῖ-

172 845 300 893 νους
343 800 437 883 καὶ
469 800 619 898 παρὰ
646 826 723 897 τῷ
752 800 936 898 Λουκᾷ
974 825 1249 897 ὀψόμεθαο
1296 800 1426 889 τοὺς
1453 824 1509 877 δὲ
1552 822 1748 893 πραεῖς
1794 817 1889 871 καὶ
1933 816 2063 879 τοὺς
2122 813 2423 884 ἐλεήμονας
2448 806 2694 870 καὶτοὺς
2714 803 2989 875 καθαροὺς
3019 804 3087 874 τῇ
3111 800 3308 874 καρδίᾳ
3340 801 3436 855 καὶ

171 920 301 984 τοὺς
334 919 702 989 εἰρηνοποιοὺς
731 920 760 970 ὁ
792 918 1069 982 Ματθαῖος
1104 919 1237 998 ῂμῖν
1268 921 1349 982 είς
1372 917 1616 980 ἐξέτασιν
1648 908 2028 983 παρατίθεται.

242 1012 359 1065 Καὶ
407 1010 561 1063 ταῦτ’
599 1010 783 1081 ἔλεγεν
820 1009 1057 1075 ὁπλίζων
1093 1013 1188 1066 καὶ
1212 998 1751 1085 περιφράττωντοὺς

177 1101 431 1176 μαθητὰς
475 1104 554 1166 είς
599 1102 690 1156 τὸν
738 1102 877 1156 κατὰ
930 1101 1041 1155 τῶν
1096 1104 1352 1157 ἐναντίων
1390 1102 1645 1172 πόλεμον,
1693 1100 1753 1153 ὃν

172 1191 401 1257 ιμελλον
424 1190 861 1245 ἐπαναντλεῖσθαι
875 1190 1235 1262 κηρύττοντες
1254 1194 1417 1247 παντὶ
1441 1191 1519 1263 τῷ
1539 1192 1750 1261 κόσμῳ,

171 1283 270 1337 καὶ
304 1282 701 1354 μαρτυρόμενοι
725 1284 823 1355 τὴν
847 1282 966 1346 ένδς
997 1282 1092 1336 τοῦ
1116 1284 1211 1337 ἐπὶ
1235 1284 1455 1337 πάντων
1481 1280 1618 1335 Θεοῦ
1660 1280 1756 1351 pa—

176 1372 403 1427 σιλείαν.
436 1373 742 1436 Μέλλοντας
776 1372 884 1445 γὰρ
917 1374 1113 1438 αὐτοὺς
1152 1366 1241 1429 διὰ
1268 1374 1329 1427 τὸ
1353 1373 1473 1427 νέον
1495 1374 1755 1444 κήρυγμα

174 1463 315 1533 πρὸς
339 1465 590 1518 ἁπάντων
621 1463 939 1519 ἐλαύνεσθαι
961 1465 1056 1518 καὶ
1082 1463 1452 1536 πολεμεῖσθαι,
1478 1479 1757 1535 προησφα-

170 1550 355 1618 λίζειω
390 1555 483 1607 καὶ
516 1554 858 1624 προέφραττε
887 1556 1247 1627 μκαρισμῶν
1271 1572 1328 1609 τε
1357 1553 1512 1626 ήξίου
1532 1572 1545 1585 ⁸
1576 1555 1658 1609 ὅτι
1688 1555 1753 1627 δὴ

170 1643 415 1715 ἄληπτον
462 1644 574 1714 βίον
617 1644 1065 1717 προϐαλλόμενοι,
1107 1646 1184 1711 ὡς
1230 1645 1365 1717 μηδὲ
1401 1649 1514 1710 τοῖς
1542 1644 1753 1718 ἐχθροῖς

172 1736 475 1807 προφάσεις
500 1736 619 1788 κατ’
647 1735 824 1788 αὐτῶν
858 1736 1198 1815 θηρωμένοις
1226 1736 1483 1807 ἀφορμὰς
1502 1735 1753 1808 διασολῆς

172 1826 465 1898 παρέχειν·
492 1825 642 1895 ὅμως
685 1825 774 1880 διὰ
807 1826 973 1897 μόνην
1011 1826 1113 1897 τὴν
1144 1828 1224 1890 είς
1251 1825 1409 1882 αὐτὸν
1436 1826 1751 1897 δμολογίαν,

174 1915 401 1969 καὶτῶν
422 1916 588 1970 αὐτοῦ
618 1916 1094 1989 παραγγελμάτων
1113 1917 1321 1981 ἕνεκεν,
1346 1916 1632 1971 διώκεσθαι
1661 1918 1755 1971 καὶ

175 2010 529 2081 ⁸ιιπολεμεῖσθαι
560 2011 823 2081 μέλλοιεν,
842 2010 1286 2082 δυσφημούμενοι
1306 2013 1399 2065 καὶ
1425 2013 1606 2075 πάσας
1630 2014 1757 2065 ὑπο-

178 2101 433 2171 μένοντες
462 2101 727 2173 λοιδορίας
758 2102 851 2154 καὶ
883 2100 1069 2170 ὕϐρεις
1101 2102 1193 2156 καὶ
1216 2102 1571 2173 ὀνειδισμοὺς,
1605 2103 1664 2156 ού
1687 2102 1753 2155 δι’

171 2186 382 2250 οἰκείας
423 2186 818 2259 πλημμελείας,
858 2187 947 2241 διὰ
972 2188 1028 2242 δὲ
1056 2190 1146 2243 τὸν
1174 2190 1424 2261 ἐνάρετον
1466 2192 1561 2244 καὶ
1586 2191 1753 2262 ἄκρον

1923 1000 2040 1056 Jam
2072 1015 2206 1055 vero
2237 999 2353 1055 lucc
2376 996 2555 1052 aiebat
2589 1007 2810 1048 armatis
2848 1000 3010 1060 atque
3055 989 3436 1044 commnniens

1852 1095 1919 1149 ad
1952 1094 2149 1148 bellum
2181 1106 2302 1147 cum
2338 1089 2585 1144 hostibus
2618 1083 2933 1153 discipulos.
2972 1082 3114 1152 quod
3150 1091 3309 1135 erant
3352 1090 3436 1134 to-

1851 1185 2074 1241 leraturi
2113 1184 2237 1237 dum
2278 1182 2380 1236 toti
2407 1180 2605 1234 mundo
2636 1191 2801 1231 unum
2842 1173 3171 1229 universalis
3208 1172 3301 1226 Dei
3347 1185 3436 1225 re-

1852 1292 2015 1348 gnum
2048 1276 2428 1345 pra-dicarem.
2459 1269 2662 1339 Nempe
2686 1282 2798 1330 eos,
2841 1268 2932 1336 qui
2968 1266 3039 1320 ob
3068 1280 3261 1318 novam
3292 1280 3434 1333 prte-

1853 1369 2177 1425 dicutionem
2229 1368 2296 1421 ab
2342 1363 2597 1421 omnibus
2627 1358 2941 1429 exagitandi
2992 1366 3154 1412 erant
3186 1368 3241 1410 et
3271 1370 3438 1424 oppu-

1852 1460 2073 1532 gnandi,
2122 1469 2248 1512 ante
2291 1454 2566 1511 muniebat
2594 1461 2756 1522 atque
2796 1447 3071 1513 armabat,
3107 1458 3164 1502 et
3198 1447 3434 1501 beatitu-

1852 1552 1979 1607 dine
2012 1549 2203 1619 dignos
2236 1545 2550 1601 definiebat.
2601 1544 2739 1611 Quia
2774 1542 3037 1597 nimirum
3081 1540 3436 1610 irreprehen-

1852 1626 2061 1699 sibilem
2094 1640 2228 1695 adeo
2274 1639 2438 1695 vitam
2475 1652 2586 1706 pra:
2617 1651 2676 1693 se
2709 1635 2974 1699 ferentes,
3003 1642 3064 1687 ut
3106 1647 3172 1686 ne
3200 1630 3439 1686 inimicis

1853 1736 2067 1807 quidem
2110 1748 2299 1788 ansam
2347 1729 2754 1800 quaerentibus,
2810 1726 3098 1781 calumnia:
3150 1722 3436 1778 materiam

1854 1829 2186 1899 prmberent;
2215 1823 2591 1888 nihilominus,
2621 1829 2845 1892 propter
2877 1819 3049 1901 solagn
3072 1816 3278 1873 Christi
3305 1830 3437 1870 con-

1856 1920 2138 1975 fessionem
2169 1918 2395 1987 eiusque
2430 1914 2813 1969 mandatorum
2855 1926 3042 1975 causa,
3100 1908 3438 1980 persecutio-

1853 2027 1982 2066 num
2006 2010 2200 2067 bellum
2231 2008 2541 2078 perpessuri
2566 2014 2745 2071 erant,
2777 1994 3077 2067 maledicti,
3102 2011 3266 2069 atque
3287 1998 3435 2053 omni

1855 2116 2054 2172 genere
2103 2100 2495 2161 conviciorum,
2552 2096 2899 2167 iniuriarum,
2954 2091 3441 2148 contumeliarum-

1856 2210 1960 2264 que
1981 2193 2178 2259 obruti,
2212 2191 2355 2246 haud
2377 2193 2447 2244 ob
2473 2202 2629 2244 suum
2661 2186 2868 2243 crimen
2899 2184 3137 2254 aliquod,
3181 2182 3275 2237 sed
3311 2196 3439 2250 pro-

171 2278 233 2331 ιν
261 2277 577 2351 δικαιοσύνῃ
622 2278 735 2349 βίον
772 2278 950 2333 αὐτῶν
973 2296 988 2310 ·
1030 2280 1059 2332 ὃ
1097 2280 1160 2351 δὴ
1195 2282 1288 2335 καὶ
1322 2281 1452 2334 αὐτὸ
1483 2282 1623 2335 κατὰ
1661 2281 1754 2353 τὴν

1861 2295 1977 2355 pter
2009 2300 2158 2339 suam
2195 2292 2399 2338 exacta:
2422 2281 2646 2336 virtutis
2692 2294 2756 2333 ac
2782 2277 3009 2348 iustitia:
3039 2277 3233 2330 vitam.
3282 2274 3437 2341 Quod

172 2367 331 2422 θείαν
370 2368 709 2440 προμήθειαν
745 2369 1035 2441 εἰρημένον
1078 2371 1262 2435 τέλους
1300 2371 1591 2441 ἐτύγχανεν
1624 2372 1755 2443 ἀλη-

173 2458 306 2524 θοῦς
337 2461 395 2513 ὲν
425 2459 504 2531 τῷ
537 2461 673 2531 μετὰ
701 2460 874 2515 ταῦτα
895 2460 1091 2533 χρόνῳ.
1128 2462 1276 2533 Πλὴν
1297 2464 1431 2517 ἀλλὰ
1461 2464 1753 2536 θεραπεύει

169 2551 236 2605 τὸ
255 2551 500 2623 λυπηρὸν
537 2552 632 2605 τοῦ
666 2553 848 2621 λόγου,
884 2554 1156 2625 ἰσοτίμους
1200 2556 1399 2619 αὐτοὺς
1441 2557 1754 2625 ἀποφαίνων

171 2646 288 2706 τοῖς
324 2642 489 2697 πάλαι
528 2644 625 2697 τοῦ
655 2645 789 2699 Θεοῦ
820 2647 1147 2717 προφήταις.
1181 2647 1273 2701 Διὸ
1296 2648 1389 2701 καὶ
1422 2649 1633 2720 χαίρειν
1662 2650 1755 2703 καὶ

171 2734 438 2805 ἁγαλλιᾷν
455 2737 512 2800 εν
528 2738 660 2790 πᾶσι
680 2740 791 2800 τοῖς
807 2737 1018 2792 ἐπιοῦσι
1049 2739 1297 2811 παρῄνει,
1319 2740 1395 2803 ὡς
1420 2740 1485 2793 ἂν
1509 2740 1576 2793 τὰ
1593 2742 1753 2810 ὃμοια

171 2829 289 2890 τοῖς
329 2829 636 2907 προφήταις
674 2830 1047 2901 πεισομένους,
1075 2832 1168 2885 καὶ
1201 2830 1401 2903 δηλαδὴ
1424 2834 1625 2903 ὁμοίως
1658 2834 1753 2887 αύ-

168 2918 287 2979 τοῖς
312 2916 410 2986 τῆς
441 2916 591 2987 παρὰ
610 2917 687 2987 τῷ
714 2918 832 2987 Θεῷ
853 2920 1017 2991 τιμῆς
1039 2918 1527 2991 ἀξιωθησομένους.
1566 2922 1755 2975 Ἔνθεν

171 3008 404 3071 εἰκότως
440 3008 651 3072 Παῦλος
694 3008 904 3074 τούτοις
952 3009 1265 3082 επιθαῤῥῶν
1315 3011 1533 3079 ἐλεγεν’
1569 3012 1754 3080 Εἴπερ

170 3100 639 3170 συμπόσχομεν,
670 3102 770 3154 ἵνα
793 3100 890 3155 καί
916 3101 1456 3173 συνδοξασθῶμεν·
1486 3105 1602 3170 καὶ,
1633 3108 1754 3159 Οὐκ

170 3189 317 3276 ἄξια
334 3190 406 3243 τὰ
424 3190 744 3259 παθήματα
771 3191 877 3244 τοῦ
908 3190 1023 3245 νῦν
1049 3193 1258 3262 καιροῦ
1288 3194 1437 3262 πρὸς
1468 3196 1581 3263 τὴν
1598 3196 1754 3264 μέλ-

171 3281 415 3331 ,ζουσαν
447 3277 637 3342 δόξαν
661 3277 1113 3347 ἐκκαλυφθῆγαι
1132 3284 1220 3347 εὶς
1241 3282 1419 3352 ἡμᾶς.
1444 3285 1555 3337 Καὶ
1581 3288 1642 3338 ού
1668 3288 1755 3339 λό-

172 3384 294 3438 γοις
328 3369 427 3438 μὲν
466 3368 636 3422 ταῦτα
670 3354 881 3436 ἔλεγεν,
910 3368 1091 3439 ἔργοις
1126 3370 1183 3423 δὲ
1218 3373 1510 3444 ἀφυστέρει
1534 3374 1640 3427 τῶν
1670 3375 1756 3428 λε-

171 3457 475 3530 λεγμένων,
505 3457 638 3512 ἀλλὰ
676 3459 768 3512 καὶ
804 3460 993 3524 αὑταῖς
1022 3462 1252 3533 πράξεσι
1282 3464 1409 3526 τοὺς
1429 3465 1567 3536 ὑπὲρ
1599 3467 1754 3518 εὐσε-

172 3548 329 3614 ϐείας
361 3549 553 3614 ἄθλους
598 3550 952 3616 ἐνεδείκνυτο,
998 3552 1089 3617 οὒς
1119 3554 1213 3609 καὶ
1245 3556 1633 3627 κατηριθμεῖτο
1670 3559 1755 3611 λέ-

172 3658 325 3710 γων·
355 3640 454 3694 Διό
476 3640 704 3694 εὐδοκῶ
729 3642 799 3695 έν
822 3644 1181 3710 ἀσθενείαις,
1219 3645 1291 3697 ἐν
1316 3623 1543 3713 ὕϐρεσι,
1570 3650 1663 3701 καὶ
1690 3650 1755 3702 τὰ
1782 3623 1824 3678 C

174 3732 323 3803 ἑξῆς.
358 3732 469 3785 Καὶ
499 3731 673 3787 ταῦτα
700 3735 798 3805 μὲν
821 3734 900 3789 ἔτι
932 3735 998 3789 τὰ
1028 3735 1137 3790 τῶν
1161 3736 1338 3791 ἄθλων
1370 3740 1661 3810 προοίμια’
1697 3742 1757 3794 τὸ

170 3823 234 3877 δὲ
278 3823 647 3894 συμπέρασμα
687 3826 782 3879 τοῦ
826 3828 1026 3889 παντὸς
1078 3827 1289 3896 ἀγῶνος
1337 3830 1483 3900 αὐτῴ
1523 3831 1614 3883 ὲπὶ
1658 3836 1759 3903 τῆς

184 3912 475 3983 Ῥωμαίων
498 3914 795 3968 ἐτελειοῦτο
824 3917 1051 3981 πόλεως,
1074 3918 1205 3972 ἔνθα
1239 3922 1522 3992 μαρτυρίῳ
1546 3922 1643 3991 τὴν
1668 3940 1759 3974 κε-

172 4005 353 4076 φαλὴν
385 4005 674 4076 ἀπετμήθη
704 4006 838 4077 (49).
868 4008 924 4061 '0
952 4009 1155 4081 Πέτρος
1178 4012 1235 4065 δὲ
1260 4014 1549 4085 ἁρπαγμὸν
1566 4014 1653 4069 τὸν
1672 4016 1758 4071 διὰ

176 4098 416 4169 σταυροῦ
451 4097 677 4152 θάνατον
696 4101 930 4155 ἐποιεῖτο
955 4102 1042 4157 διὰ
1068 4102 1167 4167 τὰς
1190 4107 1488 4177 σωτηρίους
1508 4108 1723 4171 ἐλπίδας
1740 4128 1753 4141 ·

186 4188 445 4251 Ὶάκωϐός
477 4205 537 4241 τε
561 4190 762 4259 ὁμοίως
794 4190 938 4261 ξίφει
961 4194 1061 4265 τὴν
1093 4194 1331 4265 κεφαλὴν
1368 4198 1427 4247 ὲν
1463 4198 1755 4269 Ἰεροσολύ-

176 4296 303 4353 μοις
331 4280 724 4351 ἀποτέμνεται·
760 4283 853 4334 καὶ
884 4284 1134 4354 Ἰωάννης
1157 4288 1317 4356 νῆσον
1340 4289 1510 4342 οίκεῖν
1537 4291 1757 4361 Πάτμον

173 4372 555 4442 κατεκρίνετοδ
603 4373 694 4426 καὶ
729 4373 885 4437 ἄλλος
916 4375 1089 4440 ἄλλως
1115 4377 1177 4430 τὸ
1205 4377 1442 4450 καθαρὸν
1466 4383 1559 4434 καὶ
1583 4382 1756 4436 ἄπλα-

175 4482 306 4520 στον
334 4468 433 4536 τῆς
452 4464 558 4519 τῶν
583 4466 747 4519 αὑτοῦ
776 4466 947 4535 λόγων
975 4469 1223 4541 ὑπακοῆς
1244 4472 1625 4544 ὲνδειξάμενοι,
1645 4476 1759 4529 διά-

174 4572 345 4627 φορον
362 4554 660 4627 ὑπέμειναν
686 4556 779 4610 τοῦ
805 4556 920 4626 βίου
949 4558 1223 4630 τελευτήν.
1250 4563 1359 4615 Καὶ
1384 4564 1537 4617 ταῦτ’
1564 4567 1623 4617 οὐ
1656 4584 1759 4620 πα-

177 4650 255 4723 ρὰ
273 4647 497 4719 γνώμην
523 4648 780 4719 ἔπασχον,
807 4652 985 4721 πάσης
1015 4651 1071 4703 δὲ
1107 4652 1296 4723 ἡδονῆς
1329 4654 1461 4725 ἡδίω
1485 4656 1756 4728 τιθέμενοι

173 4739 279 4810 τὴν
296 4738 406 4794 τῶν
430 4740 711 4811 σωτηρίων
734 4742 1073 4810 ἐπαγγελιῶν
1105 4744 1294 4797 ἐλπίδα
1314 4763 1326 4778 ·
1356 4747 1478 4799 ἐπεὶ
1502 4747 1633 4815 γοῦν
1668 4767 1760 4803 πο-

172 4848 241 4885 τε
266 4829 619 4895 συλλαϐόντες
638 4832 832 4895 αὐτοὺς
858 4834 906 4885 οί
933 4832 1026 4886 τοῦ
1070 4834 1333 4888 Ἰουδαίων
1358 4836 1543 4901 ἔθνους
1565 4840 1756 4909 ἄρχον-

1854 2389 1985 2430 sane
2014 2376 2309 2429 secundum
2324 2374 2561 2431 divinam
2581 2370 2977 2441 praescientiam
2998 2369 3225 2430 dictum,
3246 2380 3435 2419 verum

1855 2468 2057 2522 exitum
2078 2475 2294 2520 nactum
2310 2475 2392 2519 est
2410 2470 2670 2534 sequente
2701 2473 2963 2530 tempore.
2984 2458 3089 2532 Sed
3112 2467 3291 2511 tamen
3322 2471 3438 2523 ser-

1858 2558 2033 2610 monis
2065 2556 2338 2609 tristitiam
2372 2563 2658 2622 temperat,
2689 2552 2816 2605 dum
2847 2563 3008 2619 pares
3040 2547 3160 2601 illos
3194 2544 3439 2614 antiquis

1859 2646 1948 2701 Dei
1978 2646 2257 2714 praphetis
2290 2643 2545 2699 aﬂirmat.
2586 2643 2711 2697 Ideo
2735 2653 2793 2695 et
2824 2639 3060 2710 gaudere
3087 2645 3137 2692 et
3161 2635 3440 2692 exsultare

1858 2737 1911 2791 in
1942 2736 2094 2791 omni
2121 2751 2179 2790 re
2207 2734 2390 2788 futura
2418 2734 2689 2795 hortatur,
2731 2746 2830 2787 ceu
2860 2730 2951 2800 qui
2975 2729 3124 2798 paria
3157 2727 3440 2797 prophetis

1856 2828 1966 2882 sint
1986 2824 2290 2893 esperturi,
2329 2824 2383 2879 id
2422 2834 2506 2878 est
2540 2838 2693 2893 irque
2718 2838 2783 2877 ac
2818 2821 2892 2876 illi
2928 2836 2959 2875 a
2994 2822 3100 2875 Deo
3130 2819 3441 2904 Ibonoribus

1857 2919 2111 2986 augendi.
2169 2916 2325 2972 Unde
2380 2918 2575 2971 merito
2623 2915 2821 2971 Paulus
2880 2915 2962 2969 bis
3032 2912 3197 2968 dictis
3265 2911 3440 2966 fretus

1858 3011 2064 3063 aiebat:
2092 3007 2376 3078 Siquidem
2397 3009 2768 3076 compatimur,
2801 3016 2857 3059 ut
2882 3015 2930 3059 et
2954 3004 3436 3074 congloriﬁcemur.

1861 3100 1930 3153 Et
1956 3120 1969 3153 :
2007 3097 2131 3153 Non
2160 3110 2279 3153 sunt
2310 3101 2586 3169 condigna?
2606 3101 2874 3166 passiones
2907 3096 3065 3166 Itujus
3089 3096 3337 3161 temporis
3365 3092 3438 3147 ad

1858 3191 2092 3259 futuram
2122 3192 2344 3261 gloriam
2376 3207 2493 3261 qua:
2538 3190 2853 3244 revelabitur
2881 3190 2937 3242 in
2968 3189 3114 3242 nobis
3138 3189 3207 3242 "’.
3243 3187 3440 3256 Neque

1858 3294 1988 3334 vero
2022 3281 2134 3335 lucc
2163 3282 2331 3334 verbo
2367 3281 2569 3343 aiebat,
2601 3293 2766 3348 Opere
2791 3288 2972 3332 autem
3010 3293 3042 3331 a
3084 3278 3242 3332 dictis
3265 3278 3439 3332 dista-

1856 3373 1968 3438 bat,
2003 3372 2097 3426 sed
2127 3371 2507 3439 ipslsactibus
2549 3372 2760 3426 labores
2798 3385 2899 3441 pro
2946 3370 3208 3439 religione
3236 3382 3438 3437 expro-

1858 3464 2060 3526 mebat,
2092 3476 2227 3529 quos
2253 3461 2414 3514 etiam
2460 3461 2818 3515 enumerabat
2870 3460 3055 3514 dicens
3085 3477 3097 3512 :
3125 3456 3255 3511 Ideo
3306 3458 3439 3511 mihi

1857 3550 2035 3617 placeo
2090 3552 2145 3605 in
2176 3551 2596 3619 infirmitatibus,
2643 3553 2697 3604 in
2747 3550 3078 3605 contumeliis
3107 3550 3200 3614 ⁸⁷⁸,
3224 3557 3279 3603 et
3313 3548 3441 3602 reli-

1858 3658 1983 3711 qua.
2014 3642 2078 3696 Et
2100 3642 2213 3696 banc
2242 3634 2458 3712 quidem
2485 3652 2640 3696 erant
2667 3641 2914 3696 laborum
2957 3642 3136 3695 initia.
3179 3641 3285 3695 Sed
3315 3643 3440 3695 uni-

1860 3733 1999 3785 versi
2074 3733 2261 3800 agonis
2311 3733 2712 3787 consummatio
2761 3732 2813 3784 in
2876 3731 3119 3785 Romana
3170 3730 3305 3784 urbe
3359 3731 3438 3785 illi

1857 3823 2101 3893 contigit,
2146 3823 2235 3877 ubi
2262 3823 2311 3877 ei
2354 3824 2578 3893 martyri
2610 3833 2775 3892 caput
2814 3832 2898 3877 est
2943 3832 3303 3890 amputatum.
3336 3823 3440 3877 Pe-

1859 3925 1973 3971 trus
2004 3926 2183 3968 autem
2235 3930 2457 3986 regnum
2513 3917 2691 3983 rapuit
2725 3930 2819 3984 per
2843 3918 3023 3969 crucis
3076 3929 3261 3969 necem
3313 3930 3438 3970 cum

1859 4023 1955 4077 spe
1976 4007 2224 4063 salutari.
2276 4008 2512 4062 Jacobus
2566 4009 2773 4077 pariter
2824 4008 3003 4075 gladio
3048 4005 3440 4079 Hierosolymis

1856 4104 2037 4169 capite
2070 4104 2308 4155 minutus
2332 4099 2463 4167 luit;
2489 4111 2538 4155 et
2562 4101 2797 4156 Joannes
2828 4102 2893 4154 ad
2928 4100 3116 4155 insube
3149 4099 3320 4155 Pattni
3356 4101 3437 4156 in-

1857 4193 2091 4248 colatnm
2124 4194 2413 4247 damnatus
2446 4211 2460 4245 :
2494 4194 2695 4262 aliique
2718 4193 2877 4246 aliter
2906 4193 3030 4246 dum
3057 4206 3248 4260 puram
3275 4200 3441 4261 atque

1858 4285 2126 4338 sinceram
2190 4286 2448 4339 doctrinm
2488 4284 2693 4339 Cbristi
2742 4286 3103 4340 obedientiam
3155 4286 3437 4350 exhibent,

1858 4376 2028 4429 variis
2089 4376 2262 4430 modis
2306 4377 2602 4431 violentum
2659 4379 2783 4431 vitae
2838 4378 3042 4430 exitum
3101 4377 3244 4431 nacti
3287 4389 3437 4431 sunt.

1858 4467 2034 4536 Atque
2069 4469 2181 4522 lucc
2206 4469 2347 4522 baud
2380 4470 2531 4521 inviti
2567 4478 2694 4522 sunt
2727 4470 2893 4538 passi,
2938 4470 3029 4522 sed
3058 4468 3297 4537 qualibet
3340 4482 3475 4539 νο·Χ

1858 4560 2059 4629 lnptate
2087 4560 2382 4615 dulciorem
2416 4562 2806 4615 dominicarum
2828 4562 3248 4629 promissionum
3285 4574 3437 4629 spem

1861 4654 2183 4710 habuerunt.
2218 4651 2351 4707 Cum
2385 4670 2478 4707 eos
2508 4654 2669 4723 igitur
2697 4651 2934 4708 Judaira:
2959 4654 3135 4723 gentis
3168 4653 3440 4721 principes

1858 4747 2145 4801 verberum
2200 4748 2541 4814 castigationi
2605 4746 2950 4811 addixerunt,
3008 4756 3069 4799 ut
3122 4746 3346 4800 historia
3371 4745 3439 4798 de

1860 4840 1965 4894 illis
1989 4849 2195 4902 narrat,
2224 4839 2329 4891 lwti
2352 4841 2529 4909 utique
2565 4840 2629 4892 de
2654 4839 2873 4891 concilio
2909 4846 3263 4901 excesserunt,
3297 4835 3437 4903 quod

174 4935 273 4979 τες
328 4919 606 4989 μαστίγων
657 4921 863 4985 αἰκίαις
917 4923 1207 4989 ὑπέϐαλον,
1250 4926 1380 4998 ὠςή
1411 4928 1539 4999 περὶ
1576 4931 1751 4985 αὐτῶν

1860 4932 2006 5001 digni
2039 4931 2205 4983 habiti
2231 4942 2396 4983 essent
2428 4948 2522 4998 pro
2572 4933 2778 4984 nomine
2824 4931 3018 4985 Christi
3067 4930 3438 4984 contumeliam

178 5010 393 5082 ίστορία
441 5015 725 5082 μαρτυρεῖ,
759 5013 835 5076 ὼς
859 5012 967 5084 ἄρα
998 5018 1307 5086 προῄεσαν
1336 5020 1405 5073 ἐκ
1447 5020 1554 5074 τοῦ
1591 5040 1754 5077 συν..

1860 5025 1968 5093 pati
1994 5023 2108 5075 '7".
2137 5023 2299 5090 idque
2328 5032 2557 5090 egerunt
2591 5034 2863 5091 prmcepto
2891 5024 3008 5089 ejus
3047 5022 3436 5091 obsequentes,

173 5100 381 5170 εδρίου
430 5103 759 5169 χαίροντες,
817 5102 908 5157 ὅτι
948 5106 1403 5177 κατηξιώθησαν
1450 5110 1600 5180 ὑπὲρ
1647 5116 1752 5169 τοῦ

1864 5117 1953 5187 qui
1985 5115 2153 5168 lmtari
2175 5116 2432 5169 docuerat
2456 5116 2501 5168 si
2528 5115 2743 5183 quando
2772 5123 2989 5184 propter
3028 5130 3151 5169 eum
3184 5124 3438 5184 pateren-

282 5198 331 5233 "
358 5196 517 5253 Rom.
548 5214 665 5261 vui,
699 5200 786 5263 l7,
818 5200 903 5254 18.
995 5203 1064 5235 ⁸⁷·
1094 5201 1134 5256 ll
1170 5204 1295 5258 Cor.
1336 5219 1433 5270 stt,
1478 5206 1572 5261 10.
1644 5210 1889 5277 η³⁷⁸“Αοι.
1927 5228 1981 5275 ν,
2005 5210 2095 5264 41.

250 5285 363 5365 (49)
396 5288 778 5365 Apostolorum
804 5290 952 5365 Petri
992 5308 1055 5347 ac
1087 5293 1236 5349 Pauli
1275 5296 1539 5351 mortibus
1587 5309 1642 5355 et
1672 5318 1753 5357 se-

176 5357 391 5436 pulcris
423 5356 608 5436 [inmte
648 5362 988 5436 exstantibus
1039 5366 1247 5436 insigne
1297 5368 1603 5436 mirumque
1659 5356 1751 5427 dat

176 5427 831 5508 38.8“lilQllllltllnEllseillllS
853 5430 904 5482 in
927 5427 1273 5500 Tlteopluinite
1294 5435 1429 5508 libro
1449 5427 1527 5498 ινξ
1549 5455 1671 5508 cap.
1698 5443 1729 5496 7

178 5494 268 5549 Itis
294 5494 470 5548 verbis
500 5514 513 5549 :
542 5494 951 5572 Promissionem
980 5486 1127 5554 suam
1169 5486 1754 5572 ξολ

176 5574 350 5646 stator.
378 5578 566 5646 nempe
610 5567 747 5646 (tltth
782 5570 956 5646 ipsum
980 5572 1279 5646 _Sin_tonem,
1323 5567 1627 5644 cognomine
1651 5580 1752 5635 Ce-

174 5633 357 5712 pheni,
408 5634 657 5712 oppidulo
690 5633 926 5712 Galilwc
955 5633 1406 5712 rCapltarnnumo'
1430 5633 1712 5703 oriundum
1732 5693 1747 5711 ,

176 5701 376 5785 inultas
408 5701 675 5785 hominum
704 5709 910 5785 animos
943 5701 1365 5785 illuminaturum
1397 5714 1489 5767 Dei
1524 5701 1746 5785 notitia}

176 5771 457 5857 ipsumque.
474 5772 685 5857 pariter
713 5776 767 5854 in
796 5778 1034 5857 universo
1059 5782 1179 5833 orbe
1206 5786 1474 5851 cognitum
1500 5785 1569 5857 iri
1588 5771 1748 5857 usque

180 5840 251 5894 ad
292 5836 593 5897 occidentis
648 5846 900 5915 regiones.
941 5846 1076 5919 Ejus
1111 5859 1247 5907 certe
1269 5836 1745 5919 'memortbuitiue

1852 5306 1921 5358 ad
1953 5304 2259 5355 hodiernum
2304 5312 2502 5367 tempus
2554 5305 2695 5369 apud
2754 5302 3020 5355 Romanos
3047 5302 3302 5355 celebrior
3336 5315 3435 5365 est,

1852 5391 2008 5446 quam
2037 5372 2129 5423 illa
2176 5375 2391 5425 heroum
2428 5386 2654 5446 veterum
2685 5390 2709 5426 .’
2735 5376 2869 5446 adeo
2917 5385 2970 5425 ut
3009 5374 3199 5441 dignus
3234 5387 3439 5446 quoque

1854 5444 2183 5497 existimatus
2238 5445 2398 5508 fuerit
2437 5445 2677 5508 sepulcro
2724 5445 2917 5510 insigni
2961 5453 3083 5495 ante
3126 5446 3289 5507 ipsam
3326 5444 3439 5494 illo-

1854 5531 1970 5566 rum
1994 5512 2171 5564 urbem
2208 5512 2413 5579 (nempe
2449 5524 2594 5565 trans
2642 5512 2871 5565 Tiberim
2916 5516 2969 5565 in
3020 5515 3226 5579 regione
3289 5510 3439 5564 Vati-

1855 5582 2009 5649 cana)
2036 5586 2102 5633 ad
2138 5582 2275 5650 quod
2300 5584 2610 5647 pepulerunt
2653 5599 2717 5635 ex
2743 5585 2884 5635 ontni
2937 5582 3175 5635 Romana
3209 5582 3433 5643 ditione,

1856 5665 2105 5721 tanquam
2130 5654 2198 5721 ad
2220 5653 2424 5721 asylum
2454 5652 2801 5721 templumque
2845 5652 2963 5708 Dei.
2994 5652 3223 5704 accurrit
3253 5650 3438 5702 multi-

1861 5717 2007 5774 tudo.
2034 5749 2106 5759 —
2124 5717 2253 5772 Pari
2280 5717 2431 5773 modo
2463 5720 2623 5773 Pauli
2657 5717 2797 5775 mors
2820 5723 3129 5789 martyrica,
3151 5721 3437 5789 datumque

1858 5793 1905 5842 ei
1932 5791 2246 5861 sepulcrum,
2274 5807 2585 5859 magnopere
2617 5808 2778 5861 usque
2807 5792 2875 5846 ad
2915 5792 3050 5846 hunc
3083 5791 3221 5845 diem
3249 5791 3305 5844 in
3327 5791 3437 5845 Ro-

1859 5875 2017 5915 mana
2042 5859 2165 5914 urbe
2190 5861 2539 5914 honorantur.
