4062 6396
696 465 803 525 M3

697 591 815 637 tum
846 560 1241 645 (destruendo)
1264 556 1410 639 iecit.
1439 554 1615 623 Atque
1649 550 1762 605 bac
1793 546 2073 602 hactenus.
2096 535 2248 592 Nunc
2272 537 2323 597 Α
2349 527 2542 645 item“:
2560 524 2661 632 sua

696 668 961 733 reliquum
1002 667 1303 711 sermonem
1332 653 1739 733 persequamur.

810 719 858 788 λδ
883 746 1187 806 Convocatis
1220 719 1391 794 autem
1420 730 1691 788 duodecim
1717 719 1984 806 discipulis
1999 720 2143 806 suis,

911 800 1050 872 dedit
1080 815 1187 867 illis
1223 811 1465 864 virtutem
1498 812 1544 855 et
1582 804 1906 868 potestatem,
1933 800 2041 843 etc.

780 919 881 974 Per
912 915 1027 968 haec
1060 900 1303 973 supernis
1330 893 1537 947 viribus
1582 884 1878 953 discipulos
1910 894 2036 936 suos
2072 875 2253 974 Donni-

702 968 804 1067 ιιιιέ
829 968 1100 1062 armabat,
1125 968 1191 1046 ut
1231 984 1491 1042 diabolica
1520 980 1570 1032 in
1601 976 1789 1045 primis
1818 971 2031 1040 agmina
2071 977 2126 1022 et
2156 968 2253 1019 bo-

707 1062 915 1158 ininnm
967 1083 1308 1147 inimicitias,
1358 1084 1414 1129 et
1460 1066 1800 1124 adversarias
1838 1062 1985 1116 acies
2028 1072 2248 1126 supera-

706 1148 1102 1249 rent—tideinde
1135 1189 1165 1227 a
1210 1166 1415 1224 morbis
1460 1171 1515 1218 et
1551 1154 1879 1213 omnimodis
1907 1148 2251 1218 passionibus

702 1239 1005 1336 laborantes
1061 1270 1349 1323 sanarent;
1414 1255 1606 1311 indicia
1668 1248 1917 1303 videlicet
1970 1239 2243 1312 prmdicali

704 1332 853 1441 rcgni
896 1361 1106 1420 cunctis
1134 1351 1442 1411 hominibus
1473 1344 1739 1415 praebens.
1768 1337 2066 1441 Oportebat
2108 1332 2250 1384 enim

699 1428 795 1519 eo;
834 1456 925 1529 qni
972 1454 1386 1519 inexspectatam
1439 1436 1738 1493 doctrinam
1781 1428 2119 1529 nuntiabant,
2162 1437 2253 1525 pe-

700 1514 1037 1621 regrinorum
1092 1514 1458 1601 novorumque
1506 1530 1769 1583 bonorum
1818 1522 1973 1590 signa
2023 1514 2251 1571 alumnis

700 1608 813 1699 suis
852 1635 1130 1694 exhibere.
1164 1627 1305 1682 Vere
1332 1622 1496 1692 igitur
1531 1624 1688 1672 erant
1726 1612 1876 1683 regni
1908 1611 1998 1664 Dei
2032 1608 2253 1662 demon-

699 1732 1013 1792 strationes,
1043 1720 1358 1795 prodigiosa
1385 1715 1633 1773 virtutes,
1666 1716 1722 1764 et
1762 1702 2049 1763 miracula,
2092 1708 2251 1767 atque

700 1822 1005 1878 animarum
1032 1793 1085 1869 et
1111 1822 1395 1877 corporum
1424 1802 1732 1859 curationes
1757 1811 1787 1850 a
1811 1793 2100 1851 Servatore
2128 1802 2251 1858 per-

701 1924 855 1968 acta.

697 2015 856 2069 quam
918 1970 1119 2069 poterit
1166 1984 1377 2046 ﬁrmam
1443 1982 1847 2056 persuasionem
1908 1970 2249 2027 audientibus

698 2061 993 2147 insinuare.
1044 2085 1329 2153 Propterea
1368 2078 1596 2148 patratis
1638 2070 1889 2142 operibus
1936 2065 2092 2120 ﬁdem
2140 2061 2251 2153 evi-

697 2182 913 2236 dentem
948 2151 1311 2247 pmdicationi
1358 2164 1740 2223 conciliabant.
1792 2159 1850 2214 Si
1898 2170 2028 2223 ergo
2073 2151 2251 2205 verbis

699 2267 1070 2327 tantummodo
1096 2279 1157 2318 ac
1181 2262 1402 2317 vocibus
1430 2267 1630 2312 temere
1663 2250 1875 2308 emissis
1904 2247 1995 2301 Dei
2026 2254 2249 2313 regnum

696 2361 909 2416 cunctis
952 2356 1325 2415 intimassent,
1366 2358 1422 2403 et
1472 2346 1767 2417 patriorum
1816 2341 2037 2395 deorum
2089 2333 2253 2389 aboli-

697 2454 941 2513 tionem,
993 2446 1114 2517 quis
1174 2444 1253 2498 eis
1311 2449 1543 2495 mentem
1614 2428 1973 2489 advertisset?
2037 2428 2251 2480 cuinam

699 2545 868 2598 Deum
897 2516 1021 2594 esse
1045 2531 1440 2606 persuasissent
1484 2525 1788 2581 nuntiatum
1823 2538 1853 2574 a
1889 2534 1946 2574 se
1973 2517 2176 2578 Jesum,
2206 2516 2252 2567 si

700 2635 904 2689 nullam
938 2644 1034 2685 suo
1066 2623 1371 2681 testimonio
1428 2618 1585 2674 ﬁdem
1634 2612 1932 2671 fecissent?
1969 2611 2093 2664 Ideo
2137 2623 2251 2663 ser-

699 2735 911 2779 monem
946 2730 1158 2774 omnem
1191 2713 1385 2768 divinis
1412 2721 1790 2779 praeoccupans
1825 2694 2080 2756 Servator
2115 2700 2254 2751 acti-

698 2818 821 2878 bus,
863 2810 1039 2881 primo
1096 2805 1308 2875 quidem
1364 2816 1429 2857 ex
1476 2801 1658 2866 inepto
1701 2797 1825 2850 vita:
1862 2807 2095 2861 genere,
2136 2790 2251 2844 elo-

696 2902 1037 2973 quentiaque
1071 2905 1125 2951 et
1162 2891 1400 2949 mortalis
1448 2889 1724 2959 sapientiai
1790 2894 2037 2952 expertes
2088 2881 2251 2935 disci-

697 2970 849 3061 pulos
886 3002 1013 3044 suos
1058 2986 1123 3040 ad
1153 2986 1313 3037 totius
1362 2979 1546 3034 mundi
1594 2976 1982 3033 correctionem
2032 2970 2251 3042 delegit.

702 3080 902 3135 Deinde
947 3078 1248 3147 piscatores
1296 3069 1598 3125 animarum
1655 3067 2012 3122 humanarum
2071 3078 2129 3118 se
2161 3077 2255 3117 eos

696 3170 1014 3225 effecturum
1058 3178 1421 3240 praemonens,
1456 3170 1642 3215 auctor
1688 3158 1799 3225 ipse
1850 3156 1926 3209 rei
1966 3154 2252 3225 proposita!
2279 3198 2320 3255 C

697 3258 952 3324 exstitit;
998 3256 1137 3311 unde
1163 3268 1256 3309 eos
1301 3242 1622 3306 mirabilium
1667 3247 2028 3316 prodigiorum
2062 3257 2249 3312 Opera-

701 3363 846 3407 tores
882 3348 1129 3408 reddidit,
1164 3345 1262 3398 bos
1308 3343 1414 3397 illis
1446 3340 1633 3395 hamos
1665 3338 1948 3391 animabus
1990 3325 2253 3390 salutares

699 3438 1083 3511 suppeditans,
1139 3444 1197 3487 ut
1239 3434 1303 3487 iis
1344 3438 1627 3500 captarent
1677 3437 1839 3497 atque
1870 3442 1935 3481 es
1989 3425 2253 3495 profundo

701 3530 953 3600 nequitia!
999 3529 1193 3597 abysso
1240 3524 1467 3577 mortale
1497 3535 1663 3590 genus
1696 3520 2066 3581 extraherent,
2100 3517 2254 3571 malis

701 3623 897 3691 fugatis
937 3618 1251 3690 spiritibus,
1286 3615 1529 3670 morbum
1578 3612 1873 3680 quemlibet
1914 3611 2253 3681 languorem-

699 3728 803 3783 que
853 3719 1107 3766 sanantes
1169 3716 1303 3761 nutu
1344 3704 1497 3774 ejus;
1544 3707 1774 3761 nondum
1829 3702 1973 3758 enim
2022 3700 2254 3771 Spiritus

697 3807 852 3858 datus
896 3801 1069 3856 fuerat
1098 3800 1164 3854 ".

698 3896 744 3929 "
769 3892 918 3947 Nihil
946 3892 1174 3946 tuleritis
1199 3890 1253 3945 in
1279 3890 1387 3955 via,
1428 3902 1589 3957 neque
1611 3884 1843 3950 buculos,
1874 3899 2034 3955 neque
2052 3898 2253 3951 peram.

767 4049 1072 4104 Secundum
1099 4047 1406 4102 Mattbmum
1441 4045 1658 4115 quidem
1689 4043 1755 4108 ",
1790 4042 1907 4097 auri
1944 4049 1999 4095 et
2046 4038 2254 4111 argenti

697 4142 927 4211 terisque
979 4154 1230 4209 possessu
1274 4139 1342 4213 iis
1390 4135 1708 4199 interdixit,
1763 4133 1927 4187 futuri
1975 4128 2253 4203 praescius.

698 4232 1177 4288 Animadvertebat
1201 4230 1343 4284 enim
1380 4230 1496 4283 fore
1526 4237 1582 4281 ut
1608 4228 1700 4295 qui
1738 4226 1942 4281 morbis
1978 4225 2047 4280 ab
2074 4226 2152 4279 eis
2192 4224 2256 4278 Ii-

699 4322 1041 4389 bet'arentur,
1069 4329 1123 4375 et
1162 4320 1551 4375 insanabilibus
1576 4320 1728 4374 malis
1757 4320 2019 4372 immunes
2042 4317 2255 4380 ﬂerent,

698 4423 892 4467 cuncta
954 4427 1049 4467 sua
1096 4413 1415 4480 patrimonia
1462 4412 1528 4466 iis
1575 4412 1762 4466 cedere
1808 4410 2027 4465 vellent.
2078 4410 2256 4477 Quare

1360 437 1628 502 EUSEBII
1663 427 2135 493 CESARIENSIS
2169 420 2321 479 OPP.
2360 415 2544 472 PARS
2579 413 2667 469 ιιι.
2698 442 2767 455 -
2803 402 3213 465 HEGETICA.

3816 388 3912 442 Μ

2664 520 2874 583 σεϐείας
2903 517 3193 586 πάρεργον·
3222 508 3533 579 ἐποιήσατο.
3590 502 3704 557 Καὶ
3748 497 3917 554 ταῦτα

2352 622 2450 693 μέν
2476 616 2667 687 ταύτῃ.
2707 613 2828 668 Ἐπὶ
2852 610 2910 664 δὲ
2936 608 2997 661 τὸ
3020 604 3146 675 ἑξῆς
3174 601 3272 693 τού
3292 600 3453 669 λόγου
3473 596 3779 693 προΐωμενῖ

2347 679 2882 779 ὶυτκανιεὲάμενρς
2895 697 2980 779 ea
2998 695 3141 761 τοὺς
3412 686 3686 779 pages?
3705 679 3917 779 αρξοῦ.

3174 762 3273 817 καί
3300 751 3609 826 ἐξοῦσίακ,
3628 751 3698 808 ’κ.
3732 770 3784 806 τ.
3814 751 3866 804 λ.

2416 870 2514 925 Διὰ
2542 866 2717 922 ταῦτα
2749 862 2951 923 ἐνθέοις
2980 856 3238 925 δυνάμεσι
3271 851 3396 913 τοὺς
3448 842 3641 902 ἐαυτοῦ
3675 838 3926 927 μαθητὰς

2347 966 2376 1017 ό
2407 962 2610 1033 Κύριος
2655 953 2909 1017 ὥπλιζεν,
2942 950 3017 1013 ώς
3059 946 3126 1002 ἀν
3181 947 3239 1000 ἐν
3268 942 3505 1014 πρώτοις
3532 938 3601 1033 τὰ
3632 930 3927 1033 δαιμονικά

2352 1024 2509 1123 στίφη
2535 1050 2628 1103 καὶ
2652 1046 2751 1109 τάς
2781 1041 2980 1114 ἐχθρὰς
3001 1038 3108 1093 τῶν
3130 1034 3430 1108 ἀνθρώπων
3472 1032 3585 1123 καὶ,
3624 1024 3933 1123 πολεμικὰς

2351 1116 2679 1215 παρατάξεις
2706 1136 3015 1206 καθαιροῖεν
3039 1149 3053 1163 ’
3088 1130 3278 1184 εθπειτα
3305 1124 3477 1177 νόσων
3511 1122 3604 1174 καὶ
3656 1116 3931 1215 παντοίων

2351 1206 2536 1289 παθῶν
2569 1206 2919 1303 θεραπεύοιεν
2947 1222 3074 1287 τοὺς
3132 1214 3675 1286 καταπονουμένους·
3723 1206 3933 1278 γνωρί-

2352 1342 2529 1396 σματα
2559 1300 2751 1393 δὴ-τῆς
2772 1314 3175 1390 κηρυττομένης
3208 1307 3482 1381 βασιλείας
3512 1304 3772 1396 παρέχων
3797 1300 3933 1371 όρᾷν

2351 1395 2550 1469 ἅπασιν
2579 1409 2903 1481 ἀνθρώποις.
2940 1406 3136 1476 Ἐχρῆν
3169 1402 3298 1473 γὰρ,
3327 1396 3628 1471 παράδοξον
3664 1395 3941 1466 κήρυγμα

2349 1504 2812 1574 καταγγέλλοντας
2841 1539 2857 1565 ,
2889 1498 3077 1568 ίξένων
3123 1495 3218 1549 καὶ
3264 1492 3400 1547 νέων
3446 1489 3665 1559 ἀγαθῶν
3717 1481 3940 1574 ἐναρῇ

2600 1593 2857 1665 παρέχειν
2904 1591 3016 1652 τοῖς
3044 1583 3521 1658 μαθητευομένοις.
3552 1576 3739 1634 Ἦσαν
3764 1579 3812 1631 δ’
3839 1571 3941 1630 οὖν

2350 1669 2565 1757 ἀληθῶς
2584 1682 2718 1739 Θεοῦ
2758 1680 3031 1753 βασιλείας
3057 1678 3327 1748 δείγματα
3355 1676 3423 1728 αἱ·
3458 1672 3735 1746 εεράστιαι
3774 1669 3941 1723 δυνά-

2353 1795 2494 1849 μεις,
2526 1779 2595 1831 τά
2616 1794 2675 1830 τε
2702 1774 2952 1846 θαύματα
2977 1772 3071 1825 καὶ
3116 1770 3373 1840 σωτήριοι
3403 1763 3591 1836 ψυχῶν
3611 1764 3710 1818 καὶ
3739 1761 3948 1833 σωμά-

1310 1852 1515 1951 ’ἐξνῖιῦ
1526 1852 1807 1961 operibus
1850 1898 2034 1940 cassus
2052 1921 2069 1949 ,
2114 1852 2249 1972 nun-

2354 1887 2456 1924 των
2493 1870 2807 1941 θεραπείαιο
2836 1867 2920 1920 ὅτι
2947 1865 3089 1926 ἅπας
3125 1861 3314 1930 λόγος,
3361 1858 3537 1930 ἐργων
3577 1856 3812 1927 ἔρημος,
3839 1852 3941 1907 οὕ-

2350 1960 2466 2014 ποτ’
2484 1959 2549 2014 ἀν
2577 1958 2768 2029 ίσχύσῃ
2788 1959 2992 2025 πεῖσμα
3009 1952 3221 2023 βέϐαιον
3252 1950 3559 2021 ἐμποιῆσαι
3572 1951 3687 2011 τοίς
3715 1948 3943 2016 ἀκροω-

2352 2052 2549 2123 μένοις.
2585 2051 2676 2104 Διὸ
2705 2052 2824 2113 ταῖς
2878 2047 2944 2101 δι’
2980 2045 3157 2117 ἔργων
3198 2040 3644 2111 ἐπιτελουμέναις
3695 2037 3945 2110 πράξεσι

2351 2146 2530 2198 πίστιν
2558 2142 2761 2213 ἐναργῆ
2794 2141 3053 2211 παρεῖχον
3081 2134 3159 2206 τῷ
3201 2131 3542 2204 κηρύγματι.
3572 2132 3637 2185 El
3676 2128 3812 2200 γοῦν
3839 2129 3943 2200 ψι-

2348 2234 2459 2298 λοῖς
2485 2232 2769 2305 ῥηματίοις
2792 2232 2887 2285 καὶ
2920 2230 3125 2299 φωναῖς
3147 2225 3271 2295 εικῆ
3305 2222 3749 2295 προφερομέναις
3795 2219 3944 2276 Θεοῦ

2353 2324 2622 2395 βασιλείαν
2664 2323 2744 2385 εἰς
2789 2322 2996 2383 πάντας
3029 2318 3221 2381 ἐϐόων,
3250 2314 3549 2370 κατάλυσιν
3578 2331 3641 2367 τε
3673 2314 3786 2367 τῶν
3831 2331 3946 2367 σοα-

2348 2416 2515 2488 τριῶν
2548 2415 2705 2479 θεῶν,
2738 2414 2823 2477 τίς
2851 2411 2916 2466 ἂν
2942 2411 3123 2473 αὐτοῖς
3164 2406 3407 2478 παρέσχε
3437 2406 3529 2459 τὸν
3554 2404 3713 2470 νοῢν;
3740 2404 3865 2459 τίνα
3892 2404 3945 2455 δ’

2349 2506 2413 2561 ἂν
2446 2507 2668 2562 ἔπεισαν
2710 2503 2842 2558 Θεὸν
2875 2499 3012 2556 εἶναι
3050 2501 3143 2555 τὸν
3196 2501 3401 2569 Ἰησοῦν
3446 2496 3940 2565 καταγγέλλοντες,

2353 2599 2618 2670 μηδεμίαν
2666 2598 2723 2650 δὲ
2774 2595 2956 2649 πίστιν
2982 2596 3049 2664 τῇ
3087 2591 3361 2663 μαρτυρίᾳ
3392 2589 3797 2660 προσάγοντες;
3843 2590 3944 2643 Διδ

2350 2695 2524 2746 πάντα
2553 2692 2712 2759 λόγον
2743 2688 2952 2749 θεῖκαῖς
3005 2681 3405 2755 προλαμϐάνων
3449 2677 3715 2751 πράξεσιν
3743 2681 3775 2732 ό
3821 2680 3944 2733 Σω-

2349 2784 2472 2853 τὴρ,
2503 2779 2696 2849 πρῶτα
2739 2778 2837 2847 μὲν
2882 2772 3333 2843 ἀνεπιτηδεύτως
3365 2772 3455 2825 τὸν
3505 2771 3728 2842 τρόπον,
3757 2771 3943 2839 λόγων

2348 2890 2408 2926 τε
2440 2868 2532 2925 καὶ
2552 2871 2740 2940 σοφίας
2766 2867 2968 2938 θνητῆς
3011 2865 3270 2937 ἀπείρους
3298 2864 3427 2925 τοὺς
3457 2860 3624 2915 αὑτοῦ
3680 2861 3941 2934 μαθητὰς

2350 2965 2443 3019 ἐπὶ
2469 2961 2801 3033 κατορθώσει
2825 2959 2927 3029 τῆς
2967 2958 3093 3027 ὅλης
3129 2953 3455 3025 οἰκουμένης
3486 2953 3937 3024 προεχειρίζετο·

2349 3058 2581 3110 κᾶπειτα
2604 3051 2852 3114 ἀλιευτάς
2879 3049 3064 3119 ψυχῶν
3102 3047 3459 3117 ἀνθρωπίνων
3486 3046 3738 3116 ποιήσειν
3794 3061 3941 3115 προ-

2352 3147 2527 3214 φήσας
2558 3144 2771 3206 αὐτοὺς,
2804 3140 3030 3210 ποιητὴς
3068 3138 3228 3200 αὐτὸς
3273 3138 3480 3205 ἐγίνετο
3525 3137 3625 3207 τῆς
3689 3139 3940 3205 ἐπαγγε-

2351 3233 2469 3296 λίας
2497 3250 2509 3263 ·
2568 3232 2688 3285 ὅθεν
2731 3229 3045 3303 παραδόξων
3095 3227 3387 3299 θαυμάτων
3441 3228 3681 3298 ἐργάτας
3734 3228 3944 3291 αὐτοὺς

2351 3323 2729 3392 ἀπειργάζετο,
2767 3322 3035 3392 ἄγκιστρα
3053 3318 3228 3373 ταῦτα
3258 3320 3445 3390 ψυχῶν
3474 3322 3718 3391 σωτήρια
3754 3338 3945 3393 παρι-

2350 3414 2520 3477 διδοὺς
2546 3414 2741 3475 αὐτοῖς,
2770 3410 2845 3474 ὡς
2866 3411 2930 3465 ἂν
2962 3410 3029 3489 δι’
3065 3409 3243 3465 αὐτῶν
3270 3411 3622 3482 σαγηνεύοιεν
3652 3413 3748 3466 καὶ
3779 3412 3946 3468 ἀνιλρ

2353 3522 2497 3559 κοιεν
2541 3505 2605 3557 ἐκ
2644 3503 2738 3557 τοῦ
2788 3503 2885 3573 τῆς
2948 3501 3141 3565 κακίας
3178 3501 3337 3572 βυθοῦ
3386 3504 3449 3556 τὸ
3505 3503 3700 3575 θνητὸν
3750 3504 3941 3574 γένος,

2354 3597 2634 3668 πνεύματα
2664 3596 2872 3665 πονηρά
2894 3593 3301 3663 φυγαδεύοντες,
3332 3594 3427 3648 καὶ
3452 3597 3631 3649 πᾶσαν
3653 3595 3813 3650 νόσον
3841 3596 3945 3651 καὶ

2356 3689 2625 3761 μαλακίαν
2662 3687 2876 3757 ἰώμενοι
2898 3687 2991 3740 ἐπὶ
3011 3686 3110 3756 τῆς
3139 3686 3407 3757 ἐπιταγῆς
3430 3687 3530 3757 τῆς
3554 3687 3721 3741 αὑτοῦ
3738 3704 3751 3717 ·
3779 3686 3946 3742 οὔπω

2352 3782 2461 3852 γὰρ
2487 3777 2554 3852 ἦν
2592 3779 2814 3850 Πνεῦμα
2840 3779 3142 3850 δεδομένον.

2353 3872 2557 3941 Μηδὲν
2581 3871 2773 3939 αἶρε-τε
2802 3874 2889 3938 εὶς
2917 3870 3249 4009 τὴνπτῗὲἐν,
3276 3870 3430 3940 μήτε
3469 3869 3757 3938 ῥάϐδους,
3779 3872 3945 3941 μήτε

3179 3959 3236 3995 ν.

3179 3959 3236 3995 ν.

2421 4033 2578 4088 Κατά
2612 4033 2706 4104 μὲν
2735 4028 2827 4087 οὖν
2870 4033 2961 4085 τὸν
3011 4032 3291 4087 Ματθαῖον
3320 4032 3522 4105 χρυσοῦ
3551 4032 3647 4087 καὶ
3688 4032 3945 4106 ἀργύρου

2356 4128 2449 4179 καὶ
2480 4125 2679 4196 χαλκοῦ
2711 4124 2808 4196 τὴν
2830 4126 3021 4195 κτῆσιν
3057 4126 3237 4187 αὐτοῖς
3263 4124 3594 4196 ἀπηγόρευε,
3630 4124 3944 4195 προγνώσει

2356 4219 2447 4271 τοῦ
2479 4219 2759 4289 μέλλοντος
2782 4234 2795 4247 ·
2840 4215 3084 4287 συνεώρα
3128 4216 3268 4289 γάρ,
3295 4216 3371 4280 ώς
3398 4217 3506 4288 ἀρα
3534 4218 3584 4268 οἱ
3618 4215 3718 4279 τὰς
3746 4217 3945 4280 νόσους

2358 4312 2447 4363 ὑπ’
2479 4309 2655 4363 αὐτῶν
2685 4308 3218 4380 θεραπευθησόμενοι
3246 4310 3339 4362 καὶ
3371 4309 3479 4361 τῶν
3504 4309 3741 4362 ἀνιάτων
3763 4309 3946 4363 ἀπαλ-

2355 4403 2714 4472 λαγησόμενοι
2756 4398 2962 4464 παθῶν,
2990 4399 3307 4469 ἐθελήσουσι
3350 4400 3444 4452 καὶ
3501 4400 3719 4452 πάντων
3754 4399 3944 4462 αὐτοῖς

699 4505 750 4559 id
794 4517 1174 4573 pmoccupans
1218 4504 1566 4572 praecipiebat
1610 4518 1677 4557 ne
1708 4504 1933 4572 gratiam
1984 4518 2254 4568 caupona-

2358 4496 2465 4549 τῶν
2498 4494 2846 4565 ὑπαρχόντων
2875 4494 3139 4563 ἐκχωρεῖν
3158 4507 3169 4521 ·
3200 4490 3282 4543 διὸ
3329 4490 3501 4543 ταῦτα
3531 4488 3822 4562 προλαϐὼν
3863 4490 3944 4543 δι-

699 4605 907 4661 rentur,
948 4610 1123 4664 neque
1166 4595 1305 4649 dona
1348 4595 1438 4649 Dei
1473 4594 1682 4648 venalia
1732 4594 2012 4649 haberent.
2050 4593 2251 4647 Verum

698 4688 991 4742 secundum
1008 4685 1252 4755 reliquos
1264 4687 1626 4753 evangelistas
1643 4687 1922 4755 ipsumque
1945 4684 2253 4741 Mattbaeum

697 4794 803 4833 non
838 4778 1020 4832 sinens
1043 4792 1137 4832 eos
1152 4778 1379 4849 virgam,
1413 4794 1588 4849 neque
1618 4793 1819 4848 peram,
1851 4792 2026 4847 neque
2044 4778 2256 4832 calcea-

700 4877 901 4931 tnenta,
936 4881 1109 4937 neque
1140 4868 1272 4921 duas
1312 4868 1521 4922 tunicas
1544 4907 1561 4934 ,
1592 4868 1683 4922 sed
1716 4882 1887 4937 neque
1932 4882 2123 4936 panem
2163 4880 2257 4935 pe-

697 4959 1020 5027 cuniamque
1051 4968 1296 5029 portare,
1324 4975 1445 5015 cum
1479 4973 1702 5031 peregre
1730 4969 1909 5014 essent
1941 4957 2253 5027 profecturi,

699 5048 826 5103 hinc
860 5049 1107 5117 capiebat
1141 5050 1569 5112 experimentum
1619 5047 1827 5102 illorum
1876 5048 1997 5103 fidei
2044 5058 2099 5103 et
2141 5048 2257 5102 ala-

701 5140 932 5201 critatis,
963 5140 1007 5193 si
1041 5140 1255 5207 quidem
1284 5137 1429 5208 jussi
1469 5139 1864 5208 pauperrimam
1896 5139 2062 5192 vitam
2096 5139 2256 5207 dege-

703 5244 781 5297 re,
814 5245 988 5300 neque
1029 5232 1197 5299 ipsius
1226 5231 1525 5301 quotidiani
1553 5229 1791 5284 alimenti
1830 5244 2011 5284 curam
2042 5242 2251 5297 gerere,

704 5340 880 5394 neque
916 5326 1211 5380 secundam
1266 5326 1497 5397 tunicam
1552 5324 1791 5388 habere,
1841 5337 2012 5391 neque
2060 5320 2255 5375 calceis

703 5418 803 5481 uti,
837 5430 956 5471 cum
984 5426 1160 5472 tamen
1192 5417 1497 5471 universum
1534 5416 1720 5470 orbem
1760 5428 2050 5485 peragrare
2095 5411 2254 5465 debe-

706 5516 846 5571 rent,
896 5508 1245 5563 nihilominus
1285 5505 1435 5575 jussa
1467 5507 1610 5561 baud
1639 5506 2018 5560 detrectarent.
2057 5500 2161 5557 Sed
2201 5509 2257 5554 et

709 5600 849 5663 amni
891 5598 1129 5668 pecunia
1173 5612 1390 5667 amore,
1442 5597 1837 5666 mundanisque
1887 5595 2033 5651 euris
2067 5605 2257 5648 carere

779 5799 828 5838 “
854 5814 971 5872 cap.
1001 5814 1075 5867 ιιι,
1102 5801 1152 5854 l.
1228 5800 1270 5831 "
1300 5798 1453 5857 loan.
1484 5815 1580 5869 vn,
1608 5798 1694 5853 39.
1770 5798 1814 5832 “
1845 5812 1961 5871 cap.
1998 5814 2073 5865 ts,
2107 5799 2160 5855 5.

2358 4587 2653 4650 εστέλλετο,
2680 4584 2753 4656 μὴ
2778 4584 3107 4655 καπηλεύειν
3126 4583 3226 4653 τὴν
3255 4583 3413 4654 χάριν
3448 4582 3944 4653 μηδὲνπιπράσκειν

2357 4679 2426 4733 τά
2446 4682 2510 4732 ἐκ
2551 4677 2681 4735 Θεοῦ
2738 4675 3019 4748 παραινῶν
3070 4673 3249 4745 δῶρω
3297 4672 3438 4726 κατὰ
3466 4673 3525 4725 δὲ
3555 4674 3679 4736 τοὺς
3718 4673 3944 4736 λοιποὺς

2358 4774 2451 4825 καὶ
2474 4771 2564 4824 τὸν
2598 4770 2759 4825 αὑτὸν
2788 4769 3066 4823 Ματθαῖον
3094 4766 3168 4837 μὴ
3209 4764 3517 4837 ἐπιτρέπων
3562 4765 3746 4826 αὐτοῖς
3800 4764 3943 4835 μήτε

2362 4864 2574 4937 ῥάϐδον,
2598 4864 2734 4935 μήτε
2766 4862 2968 4931 πήραν,
3005 4860 3143 4930 μήκιε
3177 4857 3519 4928 ὑποδήματα,
3551 4858 3687 4928 μήτε
3715 4855 3811 4909 δύο
3855 4874 3940 4926 χι-

2358 4955 2553 5018 τῶνας,
2587 4952 2723 5007 ἀλλά
2760 4953 2884 5023 μήτ’
2913 4952 3098 5023 ἄρτον,
3139 4951 3277 5022 μήτε
3304 4949 3567 5022 ἀργύριον
3610 4947 3940 5015 ἐπάγεσθαι,

2362 5047 2656 5117 μέλλοντας
2693 5046 2779 5098 ἐπ’
2813 5044 3119 5114 ἀλλοδαπῆς
3180 5042 3513 5104 στέλλεσθαι,
3557 5038 3788 5110 δοκιμὴν
3840 5038 3942 5110 τῆς

2355 5139 2530 5193 αὐτῶν
2558 5137 2796 5202 πίστεώς
2820 5154 2880 5190 τε
2904 5137 2998 5190 καὶ
3022 5134 3329 5209 προθυμίας
3358 5133 3684 5204 ἐλάμϐανεν,
3702 5133 3774 5195 εί,
3792 5146 3942 5202 mp-

2354 5231 2707 5300 αγγελθέντες
2757 5230 2847 5284 τὸν
2896 5230 3077 5301 ἄκρως
3109 5228 3394 5299 ἀκτήμονα
3422 5226 3535 5297 βίον
3562 5222 3828 5294 μετιέναι,
3864 5222 3943 5286 ὼς

2361 5322 2495 5392 μηδέ
2526 5322 2625 5392 τῆς
2657 5323 2934 5392 ἐφημέρου
2966 5320 3173 5393 τροφῆς
3206 5320 3467 5391 πρόνοιαν
3504 5315 3797 5379 ποιεῖσθαι,
3838 5331 3940 5385 μη-

2361 5413 2417 5465 δὲ
2440 5412 2690 5485 δεύτερον
2716 5411 3016 5482 ἐπάγεσθαι
3041 5411 3265 5483 χιτῶνα,
3295 5408 3431 5482 μηδὲ
3456 5406 3767 5475 ὑποδήμασι
3804 5404 3940 5474 χρῆ-

2364 5503 2509 5569 σθαι,
2547 5505 2833 5577 μέλλοντες
2858 5506 2958 5577 τήν
2985 5504 3276 5576 σύμπασαν
3312 5500 3719 5572 ἐκπερινοστεϊν
3760 5498 3940 5551 obrau-

2365 5595 2553 5667 μένην,
2581 5598 2656 5670 μὴ
2686 5597 2933 5667 φεύγοιεν
2965 5598 3031 5653 τά
3054 5597 3486 5672 παραγγέλματα
3504 5612 3518 5625 ⁸
3542 5590 3679 5663 ἀλλὰ
3706 5590 3800 5647 καὶ
3818 5591 3939 5660 ἀφι-

2240 5799 2283 5834 ’θ
2311 5797 2494 5855 Matth.
2542 5814 2596 5865 ι,
2627 5796 2680 5865 9,
