4062 6394
149 414 245 471 585

1313 405 1815 463 COMMENTARIA
1856 407 1922 463 IN
1959 406 2212 464 LUCAII.

3284 407 3389 463 546

145 526 517 599 λοχρημάτους
539 519 862 593 ἀφρόντιδας
880 536 940 573 τε
965 519 1058 574 τοῦ
1082 518 1195 591 βίου
1230 520 1342 573 δεῖν
1363 521 1560 584 αὐτοὺς
1584 517 1720 575 εἶναι

1825 535 1919 576 eos
1953 519 2143 576 voluit.
2178 520 2351 576 Porro
2396 526 2576 573 autem
2613 518 3060 584 contestabatur,
3116 518 3232 576 hac
3284 523 3392 579 illis

144 616 483 689 βουλόμενος.
515 612 701 666 Ταῦτα
730 610 1149 682 διεμαρτύρατο,
1179 610 1337 676 ώςάν
1363 611 1472 666 τῶν
1495 614 1560 665 ἐκ
1581 612 1716 667 Θεοῦ

139 708 386 779 δομάτων
411 704 583 775 ταύτῃ
607 720 682 773 πη
715 703 899 766 αὐτοῖς
921 701 1315 773 δοθησομένων,
1350 704 1399 756 εί
1430 706 1525 758 καὶ
1565 705 1720 759 αὐτοὶ

139 800 266 870 παρ’
299 795 514 850 ἐαυτῶν
544 795 634 847 τὸν
664 793 997 865 κατάλληλον
1051 792 1164 863 βίον
1220 795 1441 860 ἐπάξιον
1478 796 1579 867 τῆς
1610 797 1720 851 τῶν

138 888 295 942 θείων
326 886 683 956 χαρισμάτων
722 886 968 955 κτήσεως
1012 887 1486 955 παρασκευάζοιεν
1510 906 1526 921 ’
1546 907 1717 961 προσ-

136 982 289 1051 ήκειν
354 978 465 1049 γὰρ
497 976 731 1048 ἀμοιϐήν
755 993 875 1030 τινα
902 975 1230 1047 ποιήσασθαι
1256 979 1350 1032 καὶ
1396 980 1720 1035 ἀντικαταλ-

135 1068 424 1135 λάξασθαι,
450 1067 870 1139 ὑποδεχομένους
905 1068 1003 1138 μὲν
1037 1067 1189 1138 παρά
1209 1068 1304 1121 τοῦ
1328 1069 1463 1124 Θεοῦ
1490 1071 1592 1134 τάς
1616 1088 1721 1125 σω-

133 1162 361 1231 τηρίους
383 1160 480 1213 καὶ⁵
501 1157 854 1229 εύεργετικάς
877 1157 1179 1228 ἀνθρώπων
1206 1158 1483 1229 δυνάμεις,
1522 1163 1720 1216 ἀντιδι-

133 1252 316 1315 δόντες
349 1251 409 1304 δέ
441 1250 590 1321 αὑτῷ
615 1250 861 1319 ὑπακοὴν
888 1248 1184 1303 τῶναύτοῦ
1215 1251 1716 1323 παραγγελμάτων.

139 1342 457 1414 προθυμίαν
484 1358 543 1394 τε
568 1340 661 1393 καὶ
692 1339 1009 1411 προαίρεσιν
1053 1338 1340 1410 ἐλευθέραν
1363 1341 1466 1411 τῆς
1495 1342 1633 1413 πρὸς
1651 1343 1721 1418 τά

140 1431 372 1501 βιωτικά
427 1427 789 1499 συμπαθείας.
836 1428 995 1482 Ἀλλά
1040 1431 1136 1483 καὶ
1198 1429 1427 1483 πλοῦτον
1472 1431 1721 1503 οὐράνιον

132 1524 254 1586 ταῖς
279 1521 467 1576 αὐτῶν
503 1520 701 1589 ψυχαῖς
740 1519 1183 1591 ὑποδεχομένους,
1219 1521 1319 1591 τῆς
1358 1538 1419 1574 τε
1456 1523 1551 1576 τοῦ
1586 1523 1720 1577 Θεοῦ

139 1614 423 1683 βασιλείας
449 1611 761 1684 ἀρραϐῶσιν
810 1612 1292 1684 ἐφοδιαζομένρυς,
1316 1612 1424 1666 τῶν
1476 1614 1571 1667 ἐπὶ
1616 1615 1723 1686 γῆς

134 1707 502 1776 καταφρονεῖν
518 1707 714 1775 χρῆναι
744 1704 853 1757 δεῖν
873 1700 1009 1773 ᾤετο
1024 1722 1039 1735 ο
1068 1705 1163 1758 καὶ
1183 1704 1319 1775 μήτε
1339 1706 1561 1776 χρυσὸν,
1585 1708 1722 1778 μήτε

135 1797 423 1867 χρήματα,
458 1795 593 1865 μήτε
620 1811 675 1846 τι
703 1794 811 1847 τῶν
851 1796 984 1865 παρ’
1016 1794 1323 1865 ἀνθρώποις
1372 1796 1568 1867 τιμίων
1620 1799 1721 1852 ἐπ-

1821 627 1850 666 a
1893 611 2003 668 Deo
2048 613 2231 666 datum
2265 611 2329 665 iri
2359 610 2522 675 dona,
2551 608 2598 664 si
2630 609 2872 665 vicissim
2908 610 3007 680 ipsi
3038 610 3255 681 dignam
3306 615 3392 669 di-

1820 702 1961 757 vinis
1982 702 2404 756 charismatibus
2431 700 2596 753 vitam
2625 710 2806 754 essent
2838 699 3095 769 ingressi.
3124 699 3392 772 Oportero

1818 790 1961 844 enim
1997 799 2238 843 mutuam
2265 789 2557 859 quamdam
2584 802 2705 843 esse
2734 788 3169 854 retributionem,
3198 808 3393 861 nempe

1819 894 1849 933 a
1890 878 2000 933 Deo
2031 881 2277 948 accipere
2306 878 2601 935 salutarem
2636 888 2800 949 atque
2822 880 3124 935 beneilcam
3157 883 3393 938 homini-
3426 927 3430 931 ι

1818 966 1921 1022 bus
1973 978 2295 1036 potestatem
2324 1008 2340 1031 ,
2398 968 2750 1038 vicissimque
2823 970 2968 1041 ipsos
3022 972 3391 1029 obedientiam

1822 1057 2092 1109 mandatis
2120 1056 2239 1125 ejus
2266 1056 2551 1121 exhibere,
2585 1059 3066 1127 promptitudinem
3100 1073 3157 1116 et
3190 1077 3393 1132 propo-

1820 1146 1984 1201 situm
2015 1147 2163 1199 omni
2213 1148 2398 1201 mundi
2445 1146 2639 1201 ail‘ectu
2684 1148 2933 1203 liberum.
2965 1148 3072 1205 Sed
3119 1161 3176 1206 et
3226 1155 3394 1209 cmle-

1817 1237 1995 1293 stibus
2040 1239 2238 1307 opibus
2295 1239 2476 1294 animo
2525 1240 2792 1306 imbutos,
2846 1251 2903 1297 et
2963 1244 3115 1311 regni
3168 1246 3260 1300 Dei
3302 1262 3393 1300 ar-

1820 1330 1937 1385 rhis
1980 1330 2301 1396 instructos,
2333 1340 2588 1400 oportere
2611 1338 2829 1409 terrena
2870 1334 3154 1405 despicere
3181 1337 3393 1406 judica-

1821 1425 1953 1479 bat:
2005 1439 2181 1494 neque
2232 1440 2446 1489 aurum,
2504 1441 2680 1495 neque
2740 1427 2962 1483 divitias
3020 1444 3196 1496 neque
3244 1430 3392 1485 aliud

1820 1514 2038 1585 quidvis
2068 1516 2207 1585 apud
2242 1516 2490 1571 homines
2536 1516 2837 1585 pretiosum
2884 1520 3037 1588 pensi
3080 1521 3389 1577 habendum

1820 1618 1932 1673 prae
1956 1605 2157 1659 collato
2191 1605 2322 1673 ipsis
2342 1606 2607 1661 caelorum
2643 1608 2921 1664 thesauro.
2958 1609 3064 1664 Sed
3094 1622 3151 1665 et
3192 1614 3393 1669 milites

1823 1694 2041 1749 eosdem
2077 1696 2229 1765 regni
2274 1696 2367 1750 Dei
2394 1697 2777 1764 conscribens,
2819 1700 3102 1767 expeditos
3143 1716 3263 1756 esse
3295 1718 3393 1757 cu-

1826 1787 1981 1842 rabat
2035 1789 2103 1842 ad
2156 1790 2601 1845 committendum
2647 1805 2771 1845 cum
2820 1793 3072 1848 hostibus
3117 1794 3389 1863 prndium.

135 1887 287 1954 ἀξιον
320 1886 576 1957 ἡγεῖσθαι
621 1884 717 1938 τοῦ
748 1885 1185 1957 παρασχεθέντος
1233 1888 1418 1951 αὐτοῖς
1468 1888 1718 1959 οὐρανίου

1821 1875 2118 1945 Propterea
2142 1876 2261 1932 sine
2281 1879 2610 1946 patrimonio
2625 1893 2746 1933 esse
2762 1879 2975 1937 volebat
3000 1882 3200 1939 milites
3225 1900 3387 1941 suos:

134 1977 390 2031 πλούτου.
440 1976 598 2031 Ἀλλά
626 1978 720 2031 καὶ
743 1976 1079 2047 στρατιώτας
1111 1978 1310 2042 αὐτοὺς
1332 1979 1433 2050 τῆς
1456 1979 1551 2033 τοῦ
1576 1981 1712 2035 Θεοῦ

132 2070 415 2140 βασιλείας
442 2068 739 2131 ἀποτελῶν,
768 2066 1035 2132 εὐζώνους
1062 2068 1474 2139 παρεσκεύαζεν
1500 2071 1593 2125 ἐπὶ
1622 2072 1715 2126 τὸν

1818 1965 2015 2020 etenim
2053 1967 2219 2021 Nemo
2256 1967 2493 2022 militans
2533 1967 2768 2038 implicat
2805 1986 2860 2025 se
2914 1974 3096 2027 mundi
3132 1975 3389 2044 negotiis,

1821 2065 1878 2110 ut
1907 2056 1977 2121 ei,
2010 2073 2043 2111 α
2070 2073 2173 2127 quo
2206 2060 2530 2127 conscriptus
2558 2061 2687 2130 fuit,
2719 2060 2923 2131 placeat
2952 2064 3022 2121 ".

138 2163 279 2234 πρὸς
328 2164 457 2226 τοὺς
505 2160 912 2231 ἀντικειμένους
942 2161 1198 2232 πόλεμον.
1249 2161 1349 2215 Διά
1407 2163 1579 2217 ταῦτα
1646 2166 1956 2240 ἀκτήμονας
2000 2167 2135 2226 εἶναι
2191 2171 2424 2245 παρῄνει
2464 2174 2590 2237 τοὺς
2638 2175 2801 2230 αὐτοῦ
2843 2178 3215 2248 στρατιώτας·
3271 2181 3394 2238 ἐπεὶ

128 2252 371 2322 Μηδεὶς
392 2253 868 2321 στρατευόμενος
897 2250 1255 2321 ἐμπλέκεται
1274 2253 1409 2321 ταῖς
1435 2254 1541 2309 τοῦ
1552 2257 1699 2321 βίον
1722 2263 2168 2330 πραγματείαις,
2197 2263 2297 2316 ινα
2315 2262 2396 2328 τῷ
2425 2266 2979 2335 στρατολογήσαντι
2995 2268 3212 2339 ἀρέσῃ.

208 2343 324 2401 Καὶ
348 2347 435 2410 είς
461 2341 543 2409 ἢν
570 2342 647 2396 ἃν
663 2344 862 2398 οὶκίαν
892 2343 1235 2412 εισέλθητε,
1261 2344 1388 2400 ἐκεῖ
1416 2345 1648 2415 μένετε.

220 2435 282 2490 ’0
316 2436 503 2506 μέντοι
529 2432 753 2505 Κύριος,
785 2433 971 2505 ἐπειδὴ
1013 2434 1311 2507 χρημάτων
1373 2438 1467 2490 καὶ
1517 2439 1717 2511 χρυσοῦ

128 2526 229 2582 καὶ
260 2525 504 2596 ἀργύρου
539 2524 634 2578 καὶ
662 2524 886 2596 χιτῶνος
916 2525 1191 2597 δευτέρω,
1224 2528 1408 2600 πάσης
1433 2547 1494 2583 τε
1539 2532 1718 2605 ὑπάρ-

127 2618 272 2686 ξεως
306 2617 411 2687 τὴν
444 2616 635 2687 κτῆσιν
667 2619 780 2680 τοῖς
821 2617 1088 2688 μαθηταῖς
1138 2619 1535 2692 ἀπηγόρευσεν,
1591 2624 1721 2695 ἐξῆς

125 2708 447 2772 ἀκολούθως
473 2707 615 2763 κατά
639 2708 734 2761 τὸν
760 2709 1055 2774 Ματθαῖον,
1086 2710 1235 2775 ὅπως
1251 2712 1322 2765 τὰ
1345 2712 1482 2784 πρὸς
1512 2715 1720 2788 τροφὴν

126 2804 321 2866 αὐτοῖς
356 2800 764 2871 πορισθήσεται,
788 2800 1101 2868 ἀναγκαίως
1127 2801 1372 2872 διεσάφει
1393 2819 1407 2833 ·
1430 2803 1510 2857 διδ
1544 2805 1719 2876 ἐπῆγε

121 2893 309 2961 λέγων
331 2907 347 2921 ·
382 2888 577 2956 Ἄξιος
617 2894 651 2944 ό
690 2890 942 2960 ἐργάτης
969 2889 1079 2959 τῆς
1106 2892 1334 2962 τροφῆς
1371 2894 1580 2949 αὐτοῦ.
1605 2897 1719 2950 Καὶ

122 2983 277 3039 τοῦτ’
306 2982 462 3051 ελεγε
495 2982 701 3054 τροφῆς
757 2982 926 3053 μόνης
952 2984 1265 3055 ἐπιτρέπων
1306 2988 1582 3039 κοινωνεῖν
1606 2989 1720 3051 τοῖς

125 3074 413 3131 ἐθέλουσιν
453 3074 633 3136 αὐτοῖς
685 3073 1051 3144 μεταδιδόναι·
1106 3074 1361 3131 τοσοῦτον
1422 3076 1467 3131 δ’
1511 3078 1721 3147 ἀποφέ-

129 3165 327 3240 ρεσθαι
388 3163 700 3235 συνεχώρει,
731 3164 854 3218 ὅσον
902 3163 1173 3236 αὔταρκες
1222 3160 1293 3237 ἦν
1346 3167 1522 3239 ἀνδρὶ,
1578 3167 1721 3239 πρὸς

131 3260 418 3330 ἐφήμερον
439 3256 698 3326 ἐργασίαν
720 3254 910 3309 ἐαυτὸν
946 3256 1312 3326 μεμισθωκότι
1330 3298 1346 3324 ,
1376 3259 1585 3331 τροφῆς
1626 3276 1723 3330 με-

133 3349 416 3403 ταλαϐεῖν.
453 3345 610 3400 οὕτω
642 3346 774 3413 γοῦν
805 3348 901 3400 καὶ
936 3351 1050 3410 τοῖς
1073 3348 1130 3401 δε
1162 3349 1361 3415 ἐξεῖναι
1389 3351 1451 3403 ού
1493 3350 1721 3421 μισθοὺς

134 3438 247 3492 τῶν
270 3424 604 3508 εὐεργεσιιῖιῦ
631 3437 1077 3508 είσπράττεσθαι,
1105 3439 1339 3507 Δωρεὰν
1362 3440 1494 3510 γὰρ,
1532 3444 1719 3513 φησιν,

133 3530 408 3592 ἐλάϐετε,
442 3528 668 3596 δωρεὰν
695 3527 861 3582 δότε·
892 3529 1014 3582 ἀντὶ
1044 3530 1102 3583 δὲ
1126 3530 1229 3600 τῆς
1282 3532 1412 3602 περὶ
1451 3531 1513 3584 τὸ
1549 3534 1723 3605 κήρυ-

1819 2354 1866 2385 ¹⁸
1886 2352 1953 2408 Et
1982 2355 2038 2408 in
2062 2370 2424 2425 quamcunque
2448 2357 2665 2411 domum
2692 2357 3033 2424 intraseritis,
3064 2360 3139 2413 ibi
3164 2372 3392 2416 manete.

1891 2447 2150 2503 Dominus
2177 2448 2395 2518 quidem
2418 2460 2705 2519 postquam
2732 2450 3042 2506 divitiarum
3075 2462 3127 2507 et
3155 2456 3271 2508 auri
3304 2466 3393 2508 at-

1820 2550 1929 2607 que
1958 2547 2194 2607 argenti,
2222 2537 2567 2607 duplicisque
2601 2539 2818 2606 tunicae,
2860 2551 2916 2596 et
2948 2541 3239 2610 cujuslibet
3264 2546 3395 2600 sub-

1820 2629 2033 2684 stantia:
2065 2630 2463 2699 possessionem
2513 2630 2794 2701 discipulis
2836 2643 3121 2699 vetuerat;
3174 2636 3393 2701 deinde,

1820 2730 1881 2775 ut
1909 2721 2158 2789 sequitur
2200 2720 2342 2791 apud
2370 2719 2681 2775 Matthmum
2707 2723 2777 2787 τ’,
2820 2727 3091 2791 quomodo
3135 2725 3393 2781 alimenta

1822 2810 2061 2865 habituri
2103 2810 2234 2873 sint,
2263 2811 2576 2866 necessario
2602 2810 3014 2867 demonstravit.
3055 2813 3178 2868 Ideo
3210 2815 3393 2869 dicere

1820 2902 2101 2972 perrexit:
2157 2900 2357 2971 Dignus
2378 2910 2454 2956 est
2482 2903 2754 2971 sperarim
2792 2903 3042 2958 alimento
3084 2921 3196 2958 suo.
3227 2903 3395 2974 quue

1820 2995 2021 3057 aiebat,
2058 2993 2246 3049 volens
2282 2995 2597 3050 alimoniam
2641 2996 3020 3049 tantummodo
3065 2997 3397 3065 participare

1820 3083 1889 3137 ab
1919 3083 1986 3138 iis
2012 3082 2103 3153 qui
2134 3084 2312 3138 daturi
2342 3092 2538 3137 erant:
2579 3093 2896 3157 tantumque
2921 3098 3136 3137 sumere
3170 3086 3397 3152 permit-

1823 3171 2009 3234 tebat,
2046 3179 2311 3239 quantum
2341 3171 2664 3226 nutrimenti
2704 3170 2912 3225 homini
2942 3171 3012 3226 ob
3042 3171 3222 3227 diurni
3258 3189 3395 3243 ope-

1822 3261 1902 3316 ris
1935 3256 2240 3317 mercedem
2277 3264 2413 3318 satis
2438 3272 2522 3319 est
2548 3264 2821 3333 accipere.
2855 3263 2947 3319 Sic
2972 3279 3102 3335 ergo
3147 3267 3231 3321 his
3257 3284 3396 3338 qun-

1822 3364 1928 3419 que
1984 3349 2152 3405 licere
2200 3350 2344 3405 haud
2404 3366 2539 3407 sane
2589 3352 2839 3409 beneﬁcii
2898 3358 3395 3413 remunerationem

1822 3441 2063 3512 exigere,
2090 3440 2270 3498 Gratis
2294 3443 2435 3498 enim
2458 3444 2749 3511 accepistis,
2791 3444 2990 3514 inquit,
3033 3449 3199 3517 gratis
3231 3450 3355 3503 date
3372 3466 3397 3515 ;

1825 3534 1921 3588 sed
1960 3548 2059 3603 pro
2099 3532 2345 3601 impensa
2377 3533 2780 3603 praedicationis
2810 3550 2997 3604 opera,
3034 3552 3242 3607 proque
3270 3555 3395 3595 cor-

132 3639 252 3693 γμα
282 3619 483 3691 σχολῆς
508 3636 567 3673 τε
584 3618 679 3673 καὶ⁸
698 3620 981 3690 ἐργασίας,
1006 3620 1127 3674 ἀντί
1156 3638 1217 3675 τε
1252 3621 1362 3676 τῶν
1393 3622 1571 3679 πόνων
1625 3622 1719 3677 τοῦ

1822 3623 2103 3693 poralibus
2130 3624 2433 3690 laboribus,
2462 3638 2597 3693 quos
2616 3625 2686 3680 ab
2707 3625 2776 3680 iis
2803 3626 3069 3680 exantlari
3095 3628 3147 3682 in
3185 3638 3393 3685 tantam

137 3714 419 3784 σώματος,
452 3710 547 3774 οὒς
574 3710 844 3782 τοσαύτην
877 3711 1261 3783 στελλομένους
1312 3714 1540 3785 πορείαν
1572 3714 1719 3779 είκδς

131 3802 203 3878 ἦν
252 3801 551 3873 ὑπομένειν
596 3802 814 3867 αὐτοὺς,
846 3802 1013 3873 μόνης
1038 3804 1245 3875 τροφῆς
1268 3806 1369 3875 τῆς
1413 3807 1721 3875 ἀναγκαίας

133 3897 340 3968 χρῆναι
377 3892 807 3964 μεταλαμδάνειν
830 3910 845 3924 ο
876 3895 971 3947 καὶ⁸
996 3894 1197 3967 ταύτης
1233 3894 1308 3966 μὴ
1336 3898 1449 3960 τοῖς
1496 3898 1720 3969 τυχοῦσι

136 3988 441 4048 κοινωνεῖν,
469 3984 603 4056 μηδι
621 3983 773 4055 παρά
796 3984 903 4038 τῶν
926 3986 1185 4057 παρέχειν
1208 3986 1497 4039 ἐθελόντων
1519 3987 1723 4042 ἀϐασαν-

133 4080 341 4141 νίστως
388 4074 706 4147 λαμϐάνειν,
754 4074 948 4146 μόνους
1002 4076 1061 4129 δὲ
1108 4077 1231 4141 τοὺς
1262 4075 1532 4149 ἀξίόυςτῇ
1561 4078 1721 4149 λήψει

132 4172 308 4241 τιμᾷν
330 4185 343 4198 ·
370 4162 452 4231 οἷς
480 4167 572 4221 καὶ
619 4166 880 4237 μεγίστην
912 4166 1147 4238 ἀμοιϐὴν
1182 4168 1282 4238 τῆς
1327 4168 1533 4240 τροφῆς
1585 4186 1721 4239 προ-

132 4260 521 4332 λαμδάνοντας
541 4258 876 4324 ἀντιδιδόναι,
901 4254 1125 4330 είρήνην
1148 4259 1332 4323 αὐτοῖς
1361 4261 1455 4313 καὶ
1485 4260 1585 4324 τὰς
1626 4259 1719 4313 τοῦ

130 4350 271 4405 Θεοῦ
306 4348 598 4419 διαλλαγὰς
627 4348 1164 4419 εύαγγελιζομένους.
1191 4350 1378 4404 Ταῦτα
1409 4351 1454 4405 δ’
1492 4351 1719 4405 ἀκολού-

1820 3714 2219 3785 expeditionem
2256 3714 2437 3769 missis
2464 3728 2599 3783 opus
2634 3724 2773 3781 erat,
2802 3716 2947 3771 aliud
2980 3718 3112 3773 nihil
3141 3731 3396 3790 oportere

1824 3818 1985 3873 quam
2014 3804 2377 3859 necessariam
2410 3802 2720 3860 alimoniam
2748 3807 3027 3876 accipere:
3063 3817 3227 3879 atque
3254 3810 3395 3868 hanc

1826 3895 2003 3966 ipsam
2053 3910 2164 3951 non
2208 3894 2278 3950 ab
2322 3898 2575 3953 omnibus
2622 3895 2994 3953 indiil'erenter
3038 3914 3259 3955 sumere
3302 3902 3394 3971 qui

1823 3987 1954 4043 dare
1996 3987 2217 4053 vellent,
2245 3988 2342 4044 sed
2374 4002 2467 4043 eos
2501 3989 2877 4043 tantummodo
2904 3989 3007 4046 hac
3040 3991 3282 4048 muneris
3314 4007 3400 4049 ac-

1822 4078 2076 4147 ceptione
2132 4078 2408 4134 honorare
2455 4080 2547 4149 qui
2592 4080 2737 4148 digni
2785 4089 2993 4146 essent,
3033 4090 3091 4137 et
3141 4084 3235 4153 qui
3279 4098 3400 4138 ma-

1822 4170 2028 4225 ximam
2065 4168 2177 4237 jam
2227 4170 2436 4241 pridem
2466 4171 2577 4227 dati
2616 4171 2725 4226 cibi
2774 4173 3267 4229 remunerationem
3303 4191 3400 4230 ac-

1822 4259 2100 4328 cepissent
2144 4258 2215 4313 ab
2255 4258 2325 4315 iis
2370 4259 2463 4328 qui
2504 4274 2692 4329 pacein
2720 4268 2777 4316 et
2821 4275 2947 4316 cum
2994 4262 3105 4318 Deo
3149 4266 3400 4322 reconci-

1822 4348 2100 4404 liationem
2131 4350 2529 4421 evangelisant.
2560 4348 2685 4406 Haec
2740 4362 3106 4408 consentanea
3136 4356 3286 4426 regni
3313 4357 3396 4413 sui

134 4444 247 4507 θως
273 4445 391 4505 τοῖς
414 4441 513 4511 τῆς
544 4440 709 4494 αὑτοῦ
739 4439 1016 4510 βασιλείας
1046 4440 1406 4512 στρατιώταις
1451 4442 1683 4514 παρῄνει
1703 4436 1739 4475 ·’

133 4529 699 4605 προμαρτυρούμενος
732 4529 807 4602 μὴ
836 4532 1135 4603 χρημάτων
1170 4533 1439 4603 ἐφίεσθαιν
1474 4536 1609 4605 μηδέ
1642 4552 1724 4589 τι·

131 4641 225 4688 νος
276 4623 340 4676 τὸ
388 4622 647 4694 παράπαν
696 4623 976 4693 κτήματος
1025 4624 1223 4695 μικροῦ
1260 4624 1295 4695 ἢ
1351 4624 1611 4695 μεγάλου,
1640 4630 1720 4691 είς

1826 4621 1943 4676 sive
1976 4623 2156 4678 tenuis
2195 4623 2273 4677 rei
2310 4624 2638 4693 possessioni
2666 4641 2683 4689 ;
2716 4626 2811 4679 sed
2840 4637 3211 4695 paupertatem
3244 4644 3400 4684 sum-

120 4716 311 4788 ἀκρον
340 4714 386 4767 δ’
429 4712 673 4767 ἐλαύνειν
719 4714 1131 4785 ἀκτημοσύνηςυ
1171 4716 1272 4787 τῆς
1322 4732 1382 4769 τε
1444 4718 1720 4791 ἐφημέρου

1826 4729 1970 4768 mam
2000 4717 2220 4772 sectari.
2246 4714 2390 4783 Quin
2428 4716 2584 4781 adeo,
2611 4724 2671 4770 ut
2713 4716 2947 4773 diximus
2968 4756 2985 4782 ,
3027 4734 3094 4773 ne
3129 4721 3402 4789 quotidia-

132 4806 349 4879 τροφῆς
377 4805 451 4876 μὴ
471 4809 584 4869 τοῖς
610 4806 799 4865 πᾶσιν.
822 4806 857 4877 ἢ
886 4809 997 4868 τοῖς
1021 4806 1191 4871 ἀξίοις
1220 4806 1401 4877 μόνοις
1426 4812 1718 4862 κοινωνεῖν·

1827 4821 1955 4861 num
1987 4806 2206 4876 quidem
2248 4807 2451 4862 victum
2480 4806 2550 4862 ab
2575 4808 2827 4865 omnibus
2864 4809 3262 4877 indiilerenter,
3303 4813 3398 4868 sed

135 4900 236 4954 καὶ
279 4896 415 4969 μηδέ
452 4896 603 4967 παρὰ
625 4896 830 4952 τούτων
859 4900 1059 4968 προῖκα
1089 4897 1355 4951 ποιεῖσθαι
1408 4898 1509 4969 τὴν
1558 4899 1720 4969 μετά-

1826 4911 1857 4951 a
1898 4896 2079 4967 dignis
2120 4906 2327 4952 tantum
2379 4898 2755 4969 participare,
2797 4914 2975 4969 neque
3024 4900 3172 4956 hunc
3220 4902 3397 4971 ipsum

132 4988 304 5060 ληψιν
322 5027 337 5051 ,
387 4986 842 5058 προδανείσαντας
895 4988 952 5041 δὲ
1005 4989 1099 5042 καὶ
1145 4990 1719 5061 προευεργετήσαντας

1824 4989 2093 5059 gratuito.
2124 4989 2220 5044 sed
2251 5004 2418 5061 opera
2452 4990 2506 5045 in
2534 4998 2877 5046 antecessum
2909 4992 3171 5059 praestita.
3209 5003 3267 5047 et
3304 4994 3400 5047 itit-

132 5082 260 5143 ταῖς
284 5080 415 5149 παρ’
438 5078 645 5132 ἑαυτῶν
678 5080 968 5148 εὐλογίαις.
1000 5112 1069 5121 -
1094 5078 1443 5152 Περιφράξας
1467 5081 1591 5144 τοὺς
1623 5098 1720 5151 μα·

1825 5081 2042 5150 pertitis
2079 5081 2194 5137 suis
2220 5097 2347 5153 erga
2389 5081 2513 5138 illos
2544 5082 3032 5138 benedictionibus.
3057 5110 3127 5122 -—
3158 5080 3252 5138 Sic
3300 5084 3401 5139 ita-

134 5169 313 5241 θητὰς
336 5171 365 5223 ὁ
394 5168 596 5241 Κύριος
629 5169 832 5235 ἐνθέοις
863 5171 1120 5242 δυνάμεσι
1142 5171 1238 5225 καὶ
1268 5173 1381 5234 τοῖς
1406 5171 1717 5241 φιλοσόφοις

1826 5188 1933 5243 que
1962 5189 2196 5244 superna
2245 5177 2485 5246 potentia
2516 5187 2572 5234 et
2621 5176 2956 5247 sapientibus
3003 5177 3399 5232 adhortationio

134 5264 549 5335 παραινέσεσιν,
584 5262 848 5329 εὐζώνους
881 5266 1076 5329 αὐτοὺς
1108 5261 1195 5319 οἷα
1248 5265 1383 5319 Θεοῦ
1443 5265 1719 5334 βασιλείας

1826 5268 1929 5321 bus
1967 5268 2333 5323 communitos
2374 5268 2687 5339 discipulos,
2735 5268 3122 5338 expeditosque
3160 5266 3271 5335 jam
3304 5268 3398 5323 Dei

136 5357 481 5426 στρατιώτας
522 5356 972 5428 ἀπεργασάμενος
1019 5357 1313 5429 ἐξέπεμψε,
1370 5358 1720 5422 διδασκάλους

1827 5356 1979 5425 regni
2021 5354 2221 5410 milites
2248 5358 2597 5423 constitutos,
2651 5356 2802 5411 misit
2855 5371 2949 5411 eos
2997 5357 3289 5425 magistros
3334 5372 3401 5411 ac

130 5445 235 5504 καὶ
259 5447 477 5516 ἰατροὺς
498 5450 610 5510 τοῖς
648 5446 939 5509 Ἰουδαίοις,
971 5448 1176 5517 μυρίων
1206 5449 1386 5512 αὐτοῖς
1424 5449 1715 5517 ἐσομένους

1822 5448 2062 5501 medicos
2103 5447 2172 5502 ad
2215 5448 2449 5513 Jndzos,
2490 5458 2547 5504 ut
2590 5450 2677 5504 his
2721 5448 3196 5502 innumerabilium
3228 5448 3401 5502 bono-

131 5535 365 5606 ἀγαθῶν
401 5537 686 5610 προξένους
715 5541 810 5592 καὶ
837 5540 1103 5609 κήρυκας.
1136 5541 1197 5593 Οἱ
1248 5540 1304 5593 δὲ
1344 5540 1483 5593 κατά
1541 5540 1717 5593 ταῦτα

1825 5554 1944 5592 rum
1979 5539 2155 5593 nuntii
2208 5548 2391 5594 essent
2417 5550 2582 5610 atque
2610 5540 2849 5593 datores.
2899 5536 2962 5592 iii
2998 5552 3125 5593 vero
3164 5538 3238 5592 ita
3272 5552 3399 5607 ege-

133 5629 379 5693 ἐποίουν,
412 5630 505 5681 καὶ
536 5628 809 5701 πανταχοῦ
846 5628 1157 5701 περιῄεσαν,
1186 5630 1259 5694 ώς
1288 5631 1386 5701 μὲν
1410 5630 1719 5687 διδάσκαλοι

1824 5640 1985 5699 runt,
2034 5642 2089 5687 ct
2135 5646 2544 5702 quoqueversus
2597 5631 2968 5688 discurrentes
3001 5646 3099 5688 ceu
3150 5630 3399 5701 magistri

1824 4441 2097 4497 militibus
2153 4444 2446 4510 monebat;
2489 4451 2718 4499 testatus
2756 4452 2953 4509 antea,
2988 4460 3097 4500 non
3143 4458 3401 4516 oportere

1823 4531 2018 4599 opibus
2046 4532 2278 4597 inhiare,
2323 4546 2422 4587 nec
2452 4532 2741 4599 cuiuslibet
2766 4534 2993 4591 omnino
3024 4536 3143 4592 sive
3185 4553 3401 4609 magna

214 5811 260 5843 "
293 5808 335 5864 ll
361 5808 502 5865 Tim.
533 5826 591 5880 li,
624 5813 706 5869 l0.
779 5813 821 5844 "
848 5827 970 5883 cap.
1015 5827 1090 5881 ix,
1118 5812 1169 5869 4.
1239 5813 1284 5845 ’ί
1314 5812 1500 5869 liattlz.
1529 5828 1581 5881 ι,
1612 5812 1695 5869 i0.
2094 5821 2136 5850 ο
