  <div class='ocr_page' id='page_1' title='image "/cluster/home/n/w/nwhite01/storage/ocr_20150623/24/ien.35556001660497/286.png"; bbox 0 0 4062 6416; ppageno 0'>
   <div class='ocr_carea' id='block_1_1' title="bbox 200 400 305 460">
    <p class='ocr_par' dir='ltr' id='par_1_1' title="bbox 200 400 305 460">
     <span class='ocr_line' id='line_1_1' title="bbox 200 400 305 460; baseline 0 0"><span class='ocrx_word' id='word_1_1' title='bbox 200 400 305 460; x_wconf 70' lang='grc'>549</span> 
     </span>
    </p>
   </div>
   <div class='ocr_carea' id='block_1_2' title="bbox 1364 395 2272 456">
    <p class='ocr_par' dir='ltr' id='par_1_2' title="bbox 1364 395 2272 456">
     <span class='ocr_line' id='line_1_2' title="bbox 1364 395 2272 456; baseline 0 -2"><span class='ocrx_word' id='word_1_2' title='bbox 1364 398 1863 455; x_wconf 70' lang='grc' dir='ltr'>(ΞΟΜΜΕΝΤΑΜΔ</span> <span class='ocrx_word' id='word_1_3' title='bbox 1896 398 1967 455; x_wconf 79' lang='lat' dir='ltr'><strong>IN</strong></span> <span class='ocrx_word' id='word_1_4' title='bbox 2006 395 2272 456; x_wconf 74' lang='grc' dir='ltr'>ιυοΔιι.</span> 
     </span>
    </p>
   </div>
   <div class='ocr_carea' id='block_1_3' title="bbox 3376 383 3485 443">
    <p class='ocr_par' dir='ltr' id='par_1_3' title="bbox 3376 383 3485 443">
     <span class='ocr_line' id='line_1_3' title="bbox 3376 383 3485 443; baseline 0 0"><span class='ocrx_word' id='word_1_5' title='bbox 3376 383 3485 443; x_wconf 66' lang='lat'>830</span> 
     </span>
    </p>
   </div>
   <div class='ocr_carea' id='block_1_4' title="bbox 200 474 1789 597">
    <p class='ocr_par' dir='ltr' id='par_1_4' title="bbox 200 515 1777 597">
     <span class='ocr_line' id='line_1_4' title="bbox 200 515 1777 597; baseline -0.006 -15"><span class='ocrx_word' id='word_1_6' title='bbox 200 525 296 581; x_wconf 84' lang='grc' dir='ltr'>τοῦ</span> <span class='ocrx_word' id='word_1_7' title='bbox 331 522 624 597; x_wconf 73' lang='grc' dir='ltr'>βασιλείας.</span> <span class='ocrx_word' id='word_1_8' title='bbox 662 518 864 589; x_wconf 79' lang='grc' dir='ltr'>Διόπερ</span> <span class='ocrx_word' id='word_1_9' title='bbox 907 515 1099 581; x_wconf 69' lang='lat' dir='ltr'><strong>simini,</strong></span> <span class='ocrx_word' id='word_1_10' title='bbox 1144 518 1228 571; x_wconf 75' lang='grc' dir='ltr'>ὅτι</span> <span class='ocrx_word' id='word_1_11' title='bbox 1280 518 1777 590; x_wconf 61' lang='grc' dir='ltr'>ἐπαισχυνθήσεται</span> 
     </span>
    </p>
   </div>
   <div class='ocr_carea' id='block_1_5' title="bbox 1897 474 3486 597">
    <p class='ocr_par' dir='ltr' id='par_1_5' title="bbox 1897 509 3486 587">
     <span class='ocr_line' id='line_1_5' title="bbox 1897 509 3486 587; baseline -0.005 -15"><span class='ocrx_word' id='word_1_12' title='bbox 1897 518 2059 587; x_wconf 60' lang='lat' dir='ltr'><strong>mergit</strong></span> <span class='ocrx_word' id='word_1_13' title='bbox 2084 517 2267 573; x_wconf 86' lang='lat' dir='ltr'><strong>dicere</strong></span> <span class='ocrx_word' id='word_1_14' title='bbox 2306 534 2322 573; x_wconf 90' lang='lat'><strong>:</strong></span> <span class='ocrx_word' id='word_1_15' title='bbox 2368 517 2504 574; x_wconf 79' lang='lat' dir='ltr'><strong>Vere</strong></span> <span class='ocrx_word' id='word_1_16' title='bbox 2540 523 2723 571; x_wconf 65' lang='lat' dir='ltr'><strong>autem</strong></span> <span class='ocrx_word' id='word_1_17' title='bbox 2757 514 2879 569; x_wconf 75' lang='lat' dir='ltr'><strong>dico</strong></span> <span class='ocrx_word' id='word_1_18' title='bbox 2906 512 3073 579; x_wconf 70' lang='lat' dir='ltr'><strong>soliis,</strong></span> <span class='ocrx_word' id='word_1_19' title='bbox 3100 518 3223 567; x_wconf 68' lang='lat' dir='ltr'><strong>sunt</strong></span> <span class='ocrx_word' id='word_1_20' title='bbox 3263 509 3486 582; x_wconf 61' lang='lat' dir='ltr'><strong>quidem</strong></span> 
     </span>
    </p>
   </div>
   <div class='ocr_carea' id='block_1_6' title="bbox 201 606 1785 682">
    <p class='ocr_par' dir='ltr' id='par_1_6' title="bbox 201 606 1785 682">
     <span class='ocr_line' id='line_1_6' title="bbox 201 606 1785 682; baseline -0.006 -12"><span class='ocrx_word' id='word_1_21' title='bbox 201 617 293 670; x_wconf 81' lang='grc' dir='ltr'>τὸν</span> <span class='ocrx_word' id='word_1_22' title='bbox 318 610 750 682; x_wconf 69' lang='grc' dir='ltr'>ὶπαισχυνθέντα</span> <span class='ocrx_word' id='word_1_23' title='bbox 780 606 963 672; x_wconf 81' lang='grc' dir='ltr'>αὑτὸν,</span> <span class='ocrx_word' id='word_1_24' title='bbox 993 607 1126 661; x_wconf 81' lang='grc' dir='ltr'>όταν</span> <span class='ocrx_word' id='word_1_25' title='bbox 1146 606 1276 679; x_wconf 62' lang='lat' dir='ltr'><strong>non</strong></span> <span class='ocrx_word' id='word_1_26' title='bbox 1308 608 1367 661; x_wconf 71' lang='grc' dir='ltr'>ὲν</span> <span class='ocrx_word' id='word_1_27' title='bbox 1402 611 1469 679; x_wconf 75' lang='grc' dir='ltr'>τῇ</span> <span class='ocrx_word' id='word_1_28' title='bbox 1512 607 1638 679; x_wconf 77' lang='grc' dir='ltr'>δόξῃ</span> <span class='ocrx_word' id='word_1_29' title='bbox 1690 607 1785 662; x_wconf 88' lang='grc' dir='ltr'>τοῦ</span> 
     </span>
    </p>
   </div>
   <div class='ocr_carea' id='block_1_7' title="bbox 1894 608 2561 674">
    <p class='ocr_par' dir='ltr' id='par_1_7' title="bbox 1894 608 2561 674">
     <span class='ocr_line' id='line_1_7' title="bbox 1894 608 2561 674; baseline 0 -13"><span class='ocrx_word' id='word_1_30' title='bbox 1894 609 1959 662; x_wconf 80' lang='lat' dir='ltr'>de</span> <span class='ocrx_word' id='word_1_31' title='bbox 1984 608 2068 661; x_wconf 86' lang='lat' dir='ltr'><strong>hic</strong></span> <span class='ocrx_word' id='word_1_32' title='bbox 2104 610 2429 674; x_wconf 74' lang='lat' dir='ltr'><strong>astantibus,</strong></span> <span class='ocrx_word' id='word_1_33' title='bbox 2455 618 2561 661; x_wconf 89' lang='lat' dir='ltr'><strong>etc.</strong></span> 
     </span>
    </p>
   </div>
   <div class='ocr_carea' id='block_1_8' title="bbox 200 692 3270 777">
    <p class='ocr_par' dir='ltr' id='par_1_8' title="bbox 200 692 3270 777">
     <span class='ocr_line' id='line_1_8' title="bbox 200 692 3270 777; baseline -0.003 -19"><span class='ocrx_word' id='word_1_34' title='bbox 200 705 439 777; x_wconf 74' lang='grc' dir='ltr'>Πατρὺς,</span> <span class='ocrx_word' id='word_1_35' title='bbox 475 704 602 773; x_wconf 74' lang='grc' dir='ltr'>ἑξῆς</span> <span class='ocrx_word' id='word_1_36' title='bbox 633 700 992 754; x_wconf 77' lang='grc' dir='ltr'>ὲπισυνάπτει</span> <span class='ocrx_word' id='word_1_37' title='bbox 1027 700 1283 769; x_wconf 62' lang='grc' dir='ltr'>φάσκων</span> <span class='ocrx_word' id='word_1_38' title='bbox 1320 700 1485 770; x_wconf 73' lang='grc' dir='ltr'>Λέγω</span> <span class='ocrx_word' id='word_1_39' title='bbox 1526 699 1597 753; x_wconf 75' lang='grc' dir='ltr'>δὲ</span> <span class='ocrx_word' id='word_1_40' title='bbox 1649 699 1791 769; x_wconf 84' lang='grc' dir='ltr'>ὑμῖν</span> <span class='ocrx_word' id='word_1_41' title='bbox 1820 699 2083 770; x_wconf 70' lang='grc' dir='ltr'>ἀληθῶς,</span> <span class='ocrx_word' id='word_1_42' title='bbox 2112 701 2238 755; x_wconf 71' lang='lat' dir='ltr'><strong>elo!</strong></span> <span class='ocrx_word' id='word_1_43' title='bbox 2256 717 2417 767; x_wconf 80' lang='grc' dir='ltr'>τινες</span> <span class='ocrx_word' id='word_1_44' title='bbox 2437 697 2559 754; x_wconf 75' lang='grc' dir='ltr'>τῶν</span> <span class='ocrx_word' id='word_1_45' title='bbox 2576 692 2694 753; x_wconf 79' lang='grc' dir='ltr'>ὦδε</span> <span class='ocrx_word' id='word_1_46' title='bbox 2712 694 3010 762; x_wconf 65' lang='grc' dir='ltr'>ἑστώτων,</span> <span class='ocrx_word' id='word_1_47' title='bbox 3040 711 3096 750; x_wconf 90' lang='grc' dir='ltr'>κ.</span> <span class='ocrx_word' id='word_1_48' title='bbox 3128 710 3182 749; x_wconf 89' lang='grc' dir='ltr'>τ.</span> <span class='ocrx_word' id='word_1_49' title='bbox 3214 693 3270 749; x_wconf 87' lang='grc' dir='ltr'>λ.</span> 
     </span>
    </p>
   </div>
   <div class='ocr_carea' id='block_1_9' title="bbox 271 830 1718 956">
    <p class='ocr_par' dir='ltr' id='par_1_9' title="bbox 271 830 1718 956">
     <span class='ocr_line' id='line_1_9' title="bbox 271 830 1718 956; baseline -0.006 -62"><span class='ocrx_word' id='word_1_50' title='bbox 271 832 643 906; x_wconf 62' lang='grc' dir='ltr'>Παραλαϐὼν</span> <span class='ocrx_word' id='word_1_51' title='bbox 689 831 799 885; x_wconf 79' lang='grc' dir='ltr'>τὸν</span> <span class='ocrx_word' id='word_1_52' title='bbox 838 831 1110 956; x_wconf 40' lang='lat' dir='ltr'>“aitng</span> <span class='ocrx_word' id='word_1_53' title='bbox 1137 830 1237 885; x_wconf 75' lang='grc' dir='ltr'>καί</span> <span class='ocrx_word' id='word_1_54' title='bbox 1283 830 1565 900; x_wconf 78' lang='grc' dir='ltr'>Ἰωάννην</span> <span class='ocrx_word' id='word_1_55' title='bbox 1616 831 1718 885; x_wconf 64' lang='grc' dir='ltr'>καὶ</span> 
     </span>
     <span class='ocr_line' id='line_1_10' title="bbox 954 918 1129 954; baseline -0.006 0"><span class='ocrx_word' id='word_1_56' title='bbox 954 918 1000 954; x_wconf 90' lang='grc' dir='ltr'>ω</span> <span class='ocrx_word' id='word_1_57' title='bbox 1114 939 1129 953; x_wconf 91' lang='grc'>.</span> 
     </span>
    </p>
   </div>
   <div class='ocr_carea' id='block_1_10' title="bbox 954 918 1129 954">
    <p class='ocr_par' dir='ltr' id='par_1_10' title="bbox 954 918 1129 954">
     <span class='ocr_line' id='line_1_11' title="bbox 954 918 1129 954; baseline -0.006 0"><span class='ocrx_word' id='word_1_58' title='bbox 954 918 1129 954; x_wconf 82' lang='grc' dir='ltr'>ωοον.</span> 
     </span>
    </p>
   </div>
   <div class='ocr_carea' id='block_1_11' title="bbox 268 1032 1793 1110">
    <p class='ocr_par' dir='ltr' id='par_1_11' title="bbox 268 1032 1793 1110">
     <span class='ocr_line' id='line_1_12' title="bbox 268 1032 1793 1110; baseline -0.007 -14"><span class='ocrx_word' id='word_1_59' title='bbox 268 1040 382 1096; x_wconf 73' lang='grc' dir='ltr'>Καὶ</span> <span class='ocrx_word' id='word_1_60' title='bbox 412 1041 470 1093; x_wconf 72' lang='grc' dir='ltr'>ιν</span> <span class='ocrx_word' id='word_1_61' title='bbox 504 1038 603 1110; x_wconf 67' lang='grc' dir='ltr'>μὲν</span> <span class='ocrx_word' id='word_1_62' title='bbox 638 1038 703 1107; x_wconf 75' lang='grc' dir='ltr'>τῇ</span> <span class='ocrx_word' id='word_1_63' title='bbox 736 1032 1159 1106; x_wconf 82' lang='grc' dir='ltr'>μεταμορφώσει</span> <span class='ocrx_word' id='word_1_64' title='bbox 1190 1035 1339 1106; x_wconf 80' lang='grc' dir='ltr'>τρεῖς</span> <span class='ocrx_word' id='word_1_65' title='bbox 1376 1033 1526 1104; x_wconf 83' lang='grc' dir='ltr'>μόνοι</span> <span class='ocrx_word' id='word_1_66' title='bbox 1576 1032 1674 1105; x_wconf 77' lang='grc' dir='ltr'>τήν</span> <span class='ocrx_word' id='word_1_67' title='bbox 1702 1033 1793 1086; x_wconf 91' lang='grc' dir='ltr'>δυ-</span> 
     </span>
    </p>
   </div>
   <div class='ocr_carea' id='block_1_12' title="bbox 197 1123 1792 1203">
    <p class='ocr_par' dir='ltr' id='par_1_12' title="bbox 197 1123 1792 1203">
     <span class='ocr_line' id='line_1_13' title="bbox 197 1123 1792 1203; baseline -0.013 -17"><span class='ocrx_word' id='word_1_68' title='bbox 197 1132 361 1203; x_wconf 84' lang='grc' dir='ltr'>νάμει</span> <span class='ocrx_word' id='word_1_69' title='bbox 387 1128 644 1199; x_wconf 77' lang='grc' dir='ltr'>ὀφθεῖσαν</span> <span class='ocrx_word' id='word_1_70' title='bbox 678 1126 863 1188; x_wconf 81' lang='grc' dir='ltr'>αὐτοῖς</span> <span class='ocrx_word' id='word_1_71' title='bbox 904 1124 1181 1195; x_wconf 84' lang='grc' dir='ltr'>βασιλείαν</span> <span class='ocrx_word' id='word_1_72' title='bbox 1204 1124 1315 1177; x_wconf 84' lang='grc' dir='ltr'>τῶν</span> <span class='ocrx_word' id='word_1_73' title='bbox 1366 1123 1613 1196; x_wconf 78' lang='grc' dir='ltr'>οὐρανῶν</span> <span class='ocrx_word' id='word_1_74' title='bbox 1672 1124 1792 1181; x_wconf 76' lang='grc' dir='ltr'>θεά-</span> 
     </span>
    </p>
   </div>
   <div class='ocr_carea' id='block_1_13' title="bbox 199 1214 1785 1291">
    <p class='ocr_par' dir='ltr' id='par_1_13' title="bbox 199 1214 1785 1291">
     <span class='ocr_line' id='line_1_14' title="bbox 199 1214 1785 1291; baseline -0.018 -1"><span class='ocrx_word' id='word_1_75' title='bbox 199 1222 399 1278; x_wconf 75' lang='grc' dir='ltr'>σασθαι</span> <span class='ocrx_word' id='word_1_76' title='bbox 429 1217 771 1289; x_wconf 69' lang='grc' dir='ltr'>ἠξιώθησαν·</span> <span class='ocrx_word' id='word_1_77' title='bbox 811 1218 869 1270; x_wconf 73' lang='grc' dir='ltr'>ἐν</span> <span class='ocrx_word' id='word_1_78' title='bbox 1013 1218 1081 1287; x_wconf 77' lang='grc' dir='ltr'>τῇ</span> <span class='ocrx_word' id='word_1_79' title='bbox 1114 1215 1392 1285; x_wconf 79' lang='grc' dir='ltr'>συντελείᾳ</span> <span class='ocrx_word' id='word_1_80' title='bbox 1438 1214 1535 1268; x_wconf 89' lang='grc' dir='ltr'>τοῦ</span> <span class='ocrx_word' id='word_1_81' title='bbox 1569 1215 1785 1280; x_wconf 71' lang='grc' dir='ltr'>αἰῶνος,</span> 
     </span>
    </p>
   </div>
   <div class='ocr_carea' id='block_1_14' title="bbox 196 1306 1789 1381">
    <p class='ocr_par' dir='ltr' id='par_1_14' title="bbox 196 1306 1789 1381">
     <span class='ocr_line' id='line_1_15' title="bbox 196 1306 1789 1381; baseline -0.004 -15"><span class='ocrx_word' id='word_1_82' title='bbox 196 1313 420 1369; x_wconf 70' lang='grc' dir='ltr'>ιπειδάν</span> <span class='ocrx_word' id='word_1_83' title='bbox 471 1310 611 1381; x_wconf 83' lang='grc' dir='ltr'>μετά</span> <span class='ocrx_word' id='word_1_84' title='bbox 666 1308 768 1379; x_wconf 78' lang='grc' dir='ltr'>τῆς</span> <span class='ocrx_word' id='word_1_85' title='bbox 821 1306 984 1377; x_wconf 87' lang='grc' dir='ltr'>δόξης</span> <span class='ocrx_word' id='word_1_86' title='bbox 1040 1308 1137 1377; x_wconf 82' lang='grc' dir='ltr'>τῆς</span> <span class='ocrx_word' id='word_1_87' title='bbox 1176 1306 1455 1378; x_wconf 74' lang='grc' dir='ltr'>πατρικῆς</span> <span class='ocrx_word' id='word_1_88' title='bbox 1512 1308 1541 1361; x_wconf 94' lang='lat'>6</span> <span class='ocrx_word' id='word_1_89' title='bbox 1586 1306 1789 1380; x_wconf 80' lang='grc' dir='ltr'>Κύριος</span> 
     </span>
    </p>
   </div>
   <div class='ocr_carea' id='block_1_15' title="bbox 194 1382 1787 1476">
    <p class='ocr_par' dir='ltr' id='par_1_15' title="bbox 194 1382 1787 1476">
     <span class='ocr_line' id='line_1_16' title="bbox 194 1382 1787 1476; baseline -0.006 -16"><span class='ocrx_word' id='word_1_90' title='bbox 194 1406 489 1476; x_wconf 78' lang='grc' dir='ltr'>ἀφίκηται,</span> <span class='ocrx_word' id='word_1_91' title='bbox 522 1399 708 1454; x_wconf 81' lang='grc' dir='ltr'>οὐκέτι</span> <span class='ocrx_word' id='word_1_92' title='bbox 740 1398 982 1469; x_wconf 86' lang='grc' dir='ltr'>Μωῦσῆς</span> <span class='ocrx_word' id='word_1_93' title='bbox 1014 1399 1173 1470; x_wconf 87' lang='grc' dir='ltr'>μόνον</span> <span class='ocrx_word' id='word_1_94' title='bbox 1207 1401 1302 1453; x_wconf 75' lang='grc' dir='ltr'>καὶ</span> <span class='ocrx_word' id='word_1_95' title='bbox 1345 1399 1531 1464; x_wconf 80' lang='grc' dir='ltr'>Ἠλίας</span> <span class='ocrx_word' id='word_1_96' title='bbox 1556 1382 1787 1471; x_wconf 54' lang='grc' dir='ltr'>δορυφοξ</span> 
     </span>
    </p>
   </div>
   <div class='ocr_carea' id='block_1_16' title="bbox 198 1486 1789 1565">
    <p class='ocr_par' dir='ltr' id='par_1_16' title="bbox 198 1486 1789 1565">
     <span class='ocr_line' id='line_1_17' title="bbox 198 1486 1789 1565; baseline -0.003 -20"><span class='ocrx_word' id='word_1_97' title='bbox 198 1496 459 1565; x_wconf 83' lang='grc' dir='ltr'>ρήσουσιν</span> <span class='ocrx_word' id='word_1_98' title='bbox 520 1487 717 1551; x_wconf 70' lang='grc' dir='ltr'>αὑτὸν,</span> <span class='ocrx_word' id='word_1_99' title='bbox 765 1486 886 1539; x_wconf 79' lang='grc' dir='ltr'>οὐδὲ</span> <span class='ocrx_word' id='word_1_100' title='bbox 946 1490 1096 1558; x_wconf 85' lang='grc' dir='ltr'>τρεῖς</span> <span class='ocrx_word' id='word_1_101' title='bbox 1151 1487 1300 1559; x_wconf 87' lang='grc' dir='ltr'>μόνοι</span> <span class='ocrx_word' id='word_1_102' title='bbox 1360 1487 1469 1541; x_wconf 85' lang='grc' dir='ltr'>τῶν</span> <span class='ocrx_word' id='word_1_103' title='bbox 1532 1486 1789 1558; x_wconf 77' lang='grc' dir='ltr'>μαθητῶν</span> 
     </span>
    </p>
   </div>
   <div class='ocr_carea' id='block_1_17' title="bbox 189 1567 1790 1653">
    <p class='ocr_par' dir='ltr' id='par_1_17' title="bbox 189 1567 1790 1653">
     <span class='ocr_line' id='line_1_18' title="bbox 189 1567 1790 1653; baseline -0.011 -16"><span class='ocrx_word' id='word_1_104' title='bbox 189 1582 349 1653; x_wconf 81' lang='grc' dir='ltr'>αὐτῷ</span> <span class='ocrx_word' id='word_1_105' title='bbox 405 1580 741 1644; x_wconf 65' lang='grc' dir='ltr'>συνίσανται,</span> <span class='ocrx_word' id='word_1_106' title='bbox 782 1578 918 1632; x_wconf 83' lang='grc' dir='ltr'>ἀλλά</span> <span class='ocrx_word' id='word_1_107' title='bbox 962 1579 1163 1641; x_wconf 86' lang='grc' dir='ltr'>πάντες</span> <span class='ocrx_word' id='word_1_108' title='bbox 1202 1567 1481 1648; x_wconf 70' lang='grc' dir='ltr'>προφῆται</span> <span class='ocrx_word' id='word_1_109' title='bbox 1535 1580 1630 1632; x_wconf 80' lang='grc' dir='ltr'>καὶ</span> <span class='ocrx_word' id='word_1_110' title='bbox 1685 1596 1790 1633; x_wconf 80' lang='grc' dir='ltr'>πα..</span> 
     </span>
    </p>
   </div>
   <div class='ocr_carea' id='block_1_18' title="bbox 194 1669 1787 1747">
    <p class='ocr_par' dir='ltr' id='par_1_18' title="bbox 194 1669 1787 1747">
     <span class='ocr_line' id='line_1_19' title="bbox 194 1669 1787 1747; baseline -0.003 -18"><span class='ocrx_word' id='word_1_111' title='bbox 194 1674 456 1747; x_wconf 82' lang='grc' dir='ltr'>τριάρχαι</span> <span class='ocrx_word' id='word_1_112' title='bbox 500 1671 594 1724; x_wconf 77' lang='grc' dir='ltr'>καὶ</span> <span class='ocrx_word' id='word_1_113' title='bbox 628 1670 824 1724; x_wconf 82' lang='grc' dir='ltr'>δίκαιοι</span> <span class='ocrx_word' id='word_1_114' title='bbox 846 1688 859 1701; x_wconf 85' lang='grc'><strong><em>-</em></strong></span> <span class='ocrx_word' id='word_1_115' title='bbox 893 1670 987 1724; x_wconf 78' lang='grc' dir='ltr'>καὶ</span> <span class='ocrx_word' id='word_1_116' title='bbox 1015 1670 1115 1723; x_wconf 80' lang='grc' dir='ltr'>οὑκ</span> <span class='ocrx_word' id='word_1_117' title='bbox 1144 1670 1225 1732; x_wconf 86' lang='grc' dir='ltr'>είς</span> <span class='ocrx_word' id='word_1_118' title='bbox 1255 1670 1380 1741; x_wconf 76' lang='grc' dir='ltr'>ὅρος</span> <span class='ocrx_word' id='word_1_119' title='bbox 1414 1669 1636 1740; x_wconf 81' lang='grc' dir='ltr'>ὑψηλὸν,</span> <span class='ocrx_word' id='word_1_120' title='bbox 1672 1670 1787 1725; x_wconf 85' lang='grc' dir='ltr'>ἀλλ’</span> 
     </span>
    </p>
   </div>
   <div class='ocr_carea' id='block_1_19' title="bbox 193 1756 1786 1834">
    <p class='ocr_par' dir='ltr' id='par_1_19' title="bbox 193 1756 1786 1834">
     <span class='ocr_line' id='line_1_20' title="bbox 193 1756 1786 1834; baseline -0.004 -15"><span class='ocrx_word' id='word_1_121' title='bbox 193 1768 277 1831; x_wconf 79' lang='grc' dir='ltr'>είς</span> <span class='ocrx_word' id='word_1_122' title='bbox 296 1766 391 1818; x_wconf 82' lang='grc' dir='ltr'>τὸν</span> <span class='ocrx_word' id='word_1_123' title='bbox 428 1761 656 1834; x_wconf 81' lang='grc' dir='ltr'>οὐρανὸν</span> <span class='ocrx_word' id='word_1_124' title='bbox 689 1760 875 1827; x_wconf 81' lang='grc' dir='ltr'>ἀνάξει</span> <span class='ocrx_word' id='word_1_125' title='bbox 902 1761 1029 1822; x_wconf 84' lang='grc' dir='ltr'>τοὺς</span> <span class='ocrx_word' id='word_1_126' title='bbox 1056 1759 1239 1826; x_wconf 80' lang='grc' dir='ltr'>ἀξίους</span> <span class='ocrx_word' id='word_1_127' title='bbox 1276 1756 1375 1829; x_wconf 80' lang='grc' dir='ltr'>τῆς</span> <span class='ocrx_word' id='word_1_128' title='bbox 1406 1759 1570 1814; x_wconf 74' lang='grc' dir='ltr'>αὑτοῦ</span> <span class='ocrx_word' id='word_1_129' title='bbox 1598 1760 1786 1832; x_wconf 84' lang='grc' dir='ltr'>θεότη-</span> 
     </span>
    </p>
   </div>
   <div class='ocr_carea' id='block_1_20' title="bbox 1957 829 3410 904">
    <p class='ocr_par' dir='ltr' id='par_1_20' title="bbox 1957 829 3410 904">
     <span class='ocr_line' id='line_1_21' title="bbox 1957 829 3410 904; baseline 0 -16"><span class='ocrx_word' id='word_1_130' title='bbox 1957 835 2003 868; x_wconf 83' lang='lat'>&quot;</span> <span class='ocrx_word' id='word_1_131' title='bbox 2032 834 2326 904; x_wconf 71' lang='lat' dir='ltr'><strong>Assumptis</strong></span> <span class='ocrx_word' id='word_1_132' title='bbox 2355 830 2520 888; x_wconf 78' lang='lat' dir='ltr'><strong>Petro</strong></span> <span class='ocrx_word' id='word_1_133' title='bbox 2553 842 2600 887; x_wconf 83' lang='lat' dir='ltr'>et</span> <span class='ocrx_word' id='word_1_134' title='bbox 2623 830 2833 887; x_wconf 77' lang='lat' dir='ltr'><strong>Joanne</strong></span> <span class='ocrx_word' id='word_1_135' title='bbox 2862 840 3021 903; x_wconf 79' lang='lat' dir='ltr'><strong>atque</strong></span> <span class='ocrx_word' id='word_1_136' title='bbox 3055 829 3280 900; x_wconf 77' lang='lat' dir='ltr'><strong>Jocobo,</strong></span> <span class='ocrx_word' id='word_1_137' title='bbox 3301 838 3410 888; x_wconf 85' lang='lat' dir='ltr'><strong>etc.</strong></span> 
     </span>
    </p>
   </div>
   <div class='ocr_carea' id='block_1_21' title="bbox 1958 1028 3485 1107">
    <p class='ocr_par' dir='ltr' id='par_1_21' title="bbox 1958 1028 3485 1107">
     <span class='ocr_line' id='line_1_22' title="bbox 1958 1028 3485 1107; baseline -0.004 -14"><span class='ocrx_word' id='word_1_138' title='bbox 1958 1037 2026 1093; x_wconf 84' lang='lat' dir='ltr'>Et</span> <span class='ocrx_word' id='word_1_139' title='bbox 2056 1038 2108 1092; x_wconf 94' lang='lat' dir='ltr'>in</span> <span class='ocrx_word' id='word_1_140' title='bbox 2151 1034 2628 1107; x_wconf 72' lang='lat' dir='ltr'><strong>transllguratione</strong></span> <span class='ocrx_word' id='word_1_141' title='bbox 2669 1034 2890 1104; x_wconf 85' lang='lat' dir='ltr'><strong>quidem</strong></span> <span class='ocrx_word' id='word_1_142' title='bbox 2943 1041 3057 1089; x_wconf 83' lang='lat' dir='ltr'><strong>tres</strong></span> <span class='ocrx_word' id='word_1_143' title='bbox 3107 1028 3485 1087; x_wconf 72' lang='lat' dir='ltr'>tantummodo</span> 
     </span>
    </p>
   </div>
   <div class='ocr_carea' id='block_1_22' title="bbox 1887 1122 3484 1201">
    <p class='ocr_par' dir='ltr' id='par_1_22' title="bbox 1887 1122 3484 1201">
     <span class='ocr_line' id='line_1_23' title="bbox 1887 1122 3484 1201; baseline -0.006 -15"><span class='ocrx_word' id='word_1_144' title='bbox 1887 1131 2197 1201; x_wconf 74' lang='lat' dir='ltr'>prodigiose</span> <span class='ocrx_word' id='word_1_145' title='bbox 2225 1129 2357 1197; x_wconf 67' lang='lat' dir='ltr'><strong>ipsis</strong></span> <span class='ocrx_word' id='word_1_146' title='bbox 2380 1138 2662 1182; x_wconf 88' lang='lat' dir='ltr'><strong>ostensum</strong></span> <span class='ocrx_word' id='word_1_147' title='bbox 2693 1125 2843 1196; x_wconf 70' lang='lat' dir='ltr'><strong>digni</strong></span> <span class='ocrx_word' id='word_1_148' title='bbox 2885 1122 3108 1179; x_wconf 79' lang='lat' dir='ltr'><strong>fuerunt</strong></span> <span class='ocrx_word' id='word_1_149' title='bbox 3138 1136 3365 1178; x_wconf 84' lang='lat' dir='ltr'><strong>cernere</strong></span> <span class='ocrx_word' id='word_1_150' title='bbox 3392 1135 3484 1176; x_wconf 83' lang='lat' dir='ltr'><strong>ro-</strong></span> 
     </span>
    </p>
   </div>
   <div class='ocr_carea' id='block_1_23' title="bbox 1894 1216 3483 1301">
    <p class='ocr_par' dir='ltr' id='par_1_23' title="bbox 1894 1216 3483 1301">
     <span class='ocr_line' id='line_1_24' title="bbox 1894 1216 3483 1301; baseline -0.003 -26"><span class='ocrx_word' id='word_1_151' title='bbox 1894 1237 2056 1291; x_wconf 69' lang='lat' dir='ltr'><strong>guum</strong></span> <span class='ocrx_word' id='word_1_152' title='bbox 2084 1220 2381 1301; x_wconf 52' lang='lat' dir='ltr'><strong>caelorum.</strong></span> <span class='ocrx_word' id='word_1_153' title='bbox 2406 1219 2461 1273; x_wconf 89' lang='lat' dir='ltr'><strong>In</strong></span> <span class='ocrx_word' id='word_1_154' title='bbox 2490 1219 2672 1272; x_wconf 67' lang='lat' dir='ltr'><strong>saeculi</strong></span> <span class='ocrx_word' id='word_1_155' title='bbox 2701 1233 2832 1273; x_wconf 78' lang='lat' dir='ltr'><strong>vero</strong></span> <span class='ocrx_word' id='word_1_156' title='bbox 2859 1216 3330 1273; x_wconf 71' lang='lat' dir='ltr'>consummatione</span> <span class='ocrx_word' id='word_1_157' title='bbox 3357 1231 3483 1270; x_wconf 89' lang='lat' dir='ltr'>cum</span> 
     </span>
    </p>
   </div>
   <div class='ocr_carea' id='block_1_24' title="bbox 1896 1305 3484 1379">
    <p class='ocr_par' dir='ltr' id='par_1_24' title="bbox 1896 1305 3484 1379">
     <span class='ocr_line' id='line_1_25' title="bbox 1896 1305 3484 1379; baseline -0.003 -13"><span class='ocrx_word' id='word_1_158' title='bbox 1896 1326 2002 1366; x_wconf 88' lang='lat' dir='ltr'>non</span> <span class='ocrx_word' id='word_1_159' title='bbox 2038 1311 2156 1364; x_wconf 80' lang='lat' dir='ltr'><strong>sine</strong></span> <span class='ocrx_word' id='word_1_160' title='bbox 2179 1320 2404 1379; x_wconf 76' lang='lat' dir='ltr'><strong>paterna</strong></span> <span class='ocrx_word' id='word_1_161' title='bbox 2433 1309 2720 1379; x_wconf 72' lang='lat' dir='ltr'><strong>majestate</strong></span> <span class='ocrx_word' id='word_1_162' title='bbox 2741 1307 3006 1362; x_wconf 75' lang='lat' dir='ltr'>Dominus</span> <span class='ocrx_word' id='word_1_163' title='bbox 3041 1308 3311 1370; x_wconf 79' lang='lat' dir='ltr'><strong>adveniet,</strong></span> <span class='ocrx_word' id='word_1_164' title='bbox 3340 1305 3484 1361; x_wconf 80' lang='lat' dir='ltr'><strong>haud</strong></span> 
     </span>
    </p>
   </div>
   <div class='ocr_carea' id='block_1_25' title="bbox 1888 1397 3488 1475">
    <p class='ocr_par' dir='ltr' id='par_1_25' title="bbox 1888 1397 3488 1475">
     <span class='ocr_line' id='line_1_26' title="bbox 1888 1397 3488 1475; baseline -0.003 -19"><span class='ocrx_word' id='word_1_165' title='bbox 1888 1404 2000 1475; x_wconf 85' lang='lat' dir='ltr'><strong>jam</strong></span> <span class='ocrx_word' id='word_1_166' title='bbox 2033 1402 2246 1473; x_wconf 70' lang='lat' dir='ltr'><strong>Moyses</strong></span> <span class='ocrx_word' id='word_1_167' title='bbox 2274 1401 2647 1456; x_wconf 83' lang='lat' dir='ltr'><strong>tantummodo</strong></span> <span class='ocrx_word' id='word_1_168' title='bbox 2674 1411 2841 1469; x_wconf 85' lang='lat' dir='ltr'><strong>atque</strong></span> <span class='ocrx_word' id='word_1_169' title='bbox 2870 1399 3016 1454; x_wconf 83' lang='lat' dir='ltr'><strong>Elias</strong></span> <span class='ocrx_word' id='word_1_170' title='bbox 3044 1399 3218 1467; x_wconf 84' lang='lat' dir='ltr'><strong>ipsum</strong></span> <span class='ocrx_word' id='word_1_171' title='bbox 3254 1397 3488 1452; x_wconf 76' lang='lat' dir='ltr'><strong>comita-</strong></span> 
     </span>
    </p>
   </div>
   <div class='ocr_carea' id='block_1_26' title="bbox 1868 1490 3485 1563">
    <p class='ocr_par' dir='ltr' id='par_1_26' title="bbox 1868 1490 3485 1563">
     <span class='ocr_line' id='line_1_27' title="bbox 1868 1490 3485 1563; baseline -0.001 -16"><span class='ocrx_word' id='word_1_172' title='bbox 1868 1499 2127 1560; x_wconf 21' lang='lat' dir='ltr'><strong>.buntur,</strong></span> <span class='ocrx_word' id='word_1_173' title='bbox 2158 1507 2332 1563; x_wconf 89' lang='lat' dir='ltr'><strong>neque</strong></span> <span class='ocrx_word' id='word_1_174' title='bbox 2391 1503 2500 1547; x_wconf 90' lang='lat' dir='ltr'><strong>tres</strong></span> <span class='ocrx_word' id='word_1_175' title='bbox 2548 1501 2757 1546; x_wconf 77' lang='lat' dir='ltr'><strong>tantum</strong></span> <span class='ocrx_word' id='word_1_176' title='bbox 2795 1491 3043 1559; x_wconf 83' lang='lat' dir='ltr'><strong>discipuli</strong></span> <span class='ocrx_word' id='word_1_177' title='bbox 3086 1491 3353 1556; x_wconf 80' lang='lat' dir='ltr'><strong>aderunt,</strong></span> <span class='ocrx_word' id='word_1_178' title='bbox 3384 1490 3485 1545; x_wconf 80' lang='lat' dir='ltr'>sed</span> 
     </span>
    </p>
   </div>
   <div class='ocr_carea' id='block_1_27' title="bbox 1898 1583 3485 1658">
    <p class='ocr_par' dir='ltr' id='par_1_27' title="bbox 1898 1583 3485 1658">
     <span class='ocr_line' id='line_1_28' title="bbox 1898 1583 3485 1658; baseline -0.003 -17"><span class='ocrx_word' id='word_1_179' title='bbox 1898 1591 2170 1658; x_wconf 70' lang='lat' dir='ltr'><strong>prophetae</strong></span> <span class='ocrx_word' id='word_1_180' title='bbox 2192 1601 2403 1650; x_wconf 90' lang='lat' dir='ltr'><strong>omnes,</strong></span> <span class='ocrx_word' id='word_1_181' title='bbox 2430 1585 2773 1655; x_wconf 59' lang='lat' dir='ltr'><strong>patriarcha},</strong></span> <span class='ocrx_word' id='word_1_182' title='bbox 2800 1584 3045 1654; x_wconf 74' lang='lat' dir='ltr'><strong>iustique</strong></span> <span class='ocrx_word' id='word_1_183' title='bbox 3077 1583 3361 1647; x_wconf 85' lang='lat' dir='ltr'><strong>homines;</strong></span> <span class='ocrx_word' id='word_1_184' title='bbox 3389 1595 3485 1637; x_wconf 81' lang='lat' dir='ltr'><strong>no-</strong></span> 
     </span>
    </p>
   </div>
   <div class='ocr_carea' id='block_1_28' title="bbox 1896 1673 3484 1748">
    <p class='ocr_par' dir='ltr' id='par_1_28' title="bbox 1896 1673 3484 1748">
     <span class='ocr_line' id='line_1_29' title="bbox 1896 1673 3484 1748; baseline -0.001 -17"><span class='ocrx_word' id='word_1_185' title='bbox 1896 1694 2001 1748; x_wconf 87' lang='lat' dir='ltr'>que</span> <span class='ocrx_word' id='word_1_186' title='bbox 2028 1679 2080 1731; x_wconf 85' lang='lat' dir='ltr'><strong>in</strong></span> <span class='ocrx_word' id='word_1_187' title='bbox 2110 1678 2383 1732; x_wconf 79' lang='lat' dir='ltr'><strong>excelsum</strong></span> <span class='ocrx_word' id='word_1_188' title='bbox 2432 1689 2695 1743; x_wconf 88' lang='lat' dir='ltr'><strong>montem,</strong></span> <span class='ocrx_word' id='word_1_189' title='bbox 2736 1677 2831 1731; x_wconf 87' lang='lat' dir='ltr'>sed</span> <span class='ocrx_word' id='word_1_190' title='bbox 2867 1677 2919 1731; x_wconf 93' lang='lat' dir='ltr'><strong>in</strong></span> <span class='ocrx_word' id='word_1_191' title='bbox 2946 1676 3145 1729; x_wconf 71' lang='lat' dir='ltr'><strong>caelum</strong></span> <span class='ocrx_word' id='word_1_192' title='bbox 3192 1690 3365 1743; x_wconf 85' lang='lat' dir='ltr'><strong>usque</strong></span> <span class='ocrx_word' id='word_1_193' title='bbox 3396 1673 3484 1729; x_wconf 86' lang='lat' dir='ltr'>dl-</span> 
     </span>
    </p>
   </div>
   <div class='ocr_carea' id='block_1_29' title="bbox 1895 1764 3484 1840">
    <p class='ocr_par' dir='ltr' id='par_1_29' title="bbox 1895 1764 3484 1840">
     <span class='ocr_line' id='line_1_30' title="bbox 1895 1764 3484 1840; baseline -0.001 -18"><span class='ocrx_word' id='word_1_194' title='bbox 1895 1785 2029 1840; x_wconf 75' lang='lat' dir='ltr'><strong>guos</strong></span> <span class='ocrx_word' id='word_1_195' title='bbox 2058 1784 2156 1823; x_wconf 81' lang='lat' dir='ltr'>sua</span> <span class='ocrx_word' id='word_1_196' title='bbox 2202 1769 2406 1824; x_wconf 82' lang='lat' dir='ltr'><strong>deitate</strong></span> <span class='ocrx_word' id='word_1_197' title='bbox 2435 1769 2713 1837; x_wconf 81' lang='lat' dir='ltr'>perducet.</span> <span class='ocrx_word' id='word_1_198' title='bbox 2754 1766 2905 1821; x_wconf 82' lang='lat' dir='ltr'><strong>Tunc</strong></span> <span class='ocrx_word' id='word_1_199' title='bbox 2927 1768 3103 1823; x_wconf 86' lang='lat' dir='ltr'><strong>deitas</strong></span> <span class='ocrx_word' id='word_1_200' title='bbox 3133 1767 3250 1834; x_wconf 86' lang='lat' dir='ltr'><strong>ejus</strong></span> <span class='ocrx_word' id='word_1_201' title='bbox 3293 1764 3484 1836; x_wconf 88' lang='lat' dir='ltr'><strong>splen-</strong></span> 
     </span>
    </p>
   </div>
   <div class='ocr_carea' id='block_1_30' title="bbox 194 1849 1789 1929">
    <p class='ocr_par' dir='ltr' id='par_1_30' title="bbox 194 1849 1784 1922">
     <span class='ocr_line' id='line_1_31' title="bbox 194 1849 1784 1922; baseline -0.004 -13"><span class='ocrx_word' id='word_1_202' title='bbox 194 1873 306 1919; x_wconf 84' lang='grc' dir='ltr'>τος.</span> <span class='ocrx_word' id='word_1_203' title='bbox 343 1854 478 1907; x_wconf 81' lang='grc' dir='ltr'>Τότε</span> <span class='ocrx_word' id='word_1_204' title='bbox 516 1851 572 1905; x_wconf 75' lang='grc' dir='ltr'>δὲ</span> <span class='ocrx_word' id='word_1_205' title='bbox 597 1851 801 1922; x_wconf 78' lang='grc' dir='ltr'>λάμψει</span> <span class='ocrx_word' id='word_1_206' title='bbox 833 1852 865 1921; x_wconf 84' lang='grc' dir='ltr'>ἡ</span> <span class='ocrx_word' id='word_1_207' title='bbox 909 1849 1097 1921; x_wconf 87' lang='grc' dir='ltr'>θεότης</span> <span class='ocrx_word' id='word_1_208' title='bbox 1124 1849 1289 1903; x_wconf 85' lang='grc' dir='ltr'>αὐτοῦ</span> <span class='ocrx_word' id='word_1_209' title='bbox 1318 1851 1415 1920; x_wconf 74' lang='grc' dir='ltr'>οὐχ</span> <span class='ocrx_word' id='word_1_210' title='bbox 1451 1850 1528 1914; x_wconf 86' lang='grc' dir='ltr'>ὼς</span> <span class='ocrx_word' id='word_1_211' title='bbox 1555 1851 1585 1902; x_wconf 91' lang='lat'>6</span> <span class='ocrx_word' id='word_1_212' title='bbox 1614 1851 1784 1921; x_wconf 77' lang='grc' dir='ltr'>ἥλιος,</span> 
     </span>
    </p>
   </div>
   <div class='ocr_carea' id='block_1_31' title="bbox 1897 1849 3489 1929">
    <p class='ocr_par' dir='ltr' id='par_1_31' title="bbox 1897 1856 3489 1927">
     <span class='ocr_line' id='line_1_32' title="bbox 1897 1856 3489 1927; baseline -0.001 -16"><span class='ocrx_word' id='word_1_213' title='bbox 1897 1861 2079 1912; x_wconf 85' lang='lat' dir='ltr'><strong>tlescet</strong></span> <span class='ocrx_word' id='word_1_214' title='bbox 2109 1874 2216 1913; x_wconf 86' lang='lat' dir='ltr'>non</span> <span class='ocrx_word' id='word_1_215' title='bbox 2256 1870 2316 1913; x_wconf 91' lang='lat' dir='ltr'>ut</span> <span class='ocrx_word' id='word_1_216' title='bbox 2362 1858 2467 1923; x_wconf 90' lang='lat' dir='ltr'><strong>sol,</strong></span> <span class='ocrx_word' id='word_1_217' title='bbox 2496 1859 2588 1911; x_wconf 74' lang='lat' dir='ltr'>sed</span> <span class='ocrx_word' id='word_1_218' title='bbox 2621 1872 2783 1926; x_wconf 85' lang='lat' dir='ltr'><strong>supra</strong></span> <span class='ocrx_word' id='word_1_219' title='bbox 2820 1873 2985 1927; x_wconf 86' lang='lat' dir='ltr'><strong>quam</strong></span> <span class='ocrx_word' id='word_1_220' title='bbox 3028 1856 3286 1927; x_wconf 68' lang='lat' dir='ltr'><strong>qua-hbet</strong></span> <span class='ocrx_word' id='word_1_221' title='bbox 3316 1870 3489 1911; x_wconf 79' lang='lat' dir='ltr'><strong>exco-</strong></span> 
     </span>
    </p>
   </div>
   <div class='ocr_carea' id='block_1_32' title="bbox 191 1941 1785 2017">
    <p class='ocr_par' dir='ltr' id='par_1_32' title="bbox 191 1941 1785 2017">
     <span class='ocr_line' id='line_1_33' title="bbox 191 1941 1785 2017; baseline -0.003 -16"><span class='ocrx_word' id='word_1_222' title='bbox 191 1947 313 2001; x_wconf 77' lang='grc' dir='ltr'>ἀλλ’</span> <span class='ocrx_word' id='word_1_223' title='bbox 345 1946 489 2017; x_wconf 75' lang='grc' dir='ltr'>ὐπὶρ</span> <span class='ocrx_word' id='word_1_224' title='bbox 517 1944 626 1999; x_wconf 75' lang='grc' dir='ltr'>πᾶν</span> <span class='ocrx_word' id='word_1_225' title='bbox 659 1942 1041 2013; x_wconf 84' lang='grc' dir='ltr'>ὲπινοούμενον</span> <span class='ocrx_word' id='word_1_226' title='bbox 1073 1941 1130 1994; x_wconf 73' lang='grc' dir='ltr'>ἐν</span> <span class='ocrx_word' id='word_1_227' title='bbox 1178 1958 1238 1994; x_wconf 89' lang='grc' dir='ltr'>τε</span> <span class='ocrx_word' id='word_1_228' title='bbox 1274 1942 1553 2011; x_wconf 74' lang='grc' dir='ltr'>αἰσθητοῖς</span> <span class='ocrx_word' id='word_1_229' title='bbox 1585 1944 1679 1996; x_wconf 80' lang='grc' dir='ltr'>καὶ</span> <span class='ocrx_word' id='word_1_230' title='bbox 1727 1946 1785 1997; x_wconf 71' lang='grc' dir='ltr'>ὲν</span> 
     </span>
    </p>
   </div>
   <div class='ocr_carea' id='block_1_33' title="bbox 195 2033 1787 2109">
    <p class='ocr_par' dir='ltr' id='par_1_33' title="bbox 195 2033 1787 2109">
     <span class='ocr_line' id='line_1_34' title="bbox 195 2033 1787 2109; baseline -0.008 -16"><span class='ocrx_word' id='word_1_231' title='bbox 195 2040 410 2109; x_wconf 76' lang='grc' dir='ltr'>νοητοῖς</span> <span class='ocrx_word' id='word_1_232' title='bbox 436 2035 693 2107; x_wconf 81' lang='grc' dir='ltr'>γεννητὸν</span> <span class='ocrx_word' id='word_1_233' title='bbox 710 2033 842 2103; x_wconf 82' lang='grc' dir='ltr'>φῶς·</span> <span class='ocrx_word' id='word_1_234' title='bbox 872 2033 1102 2104; x_wconf 76' lang='grc' dir='ltr'>ἐπείπερ</span> <span class='ocrx_word' id='word_1_235' title='bbox 1133 2033 1283 2086; x_wconf 70' lang='grc' dir='ltr'>ἐστὶν</span> <span class='ocrx_word' id='word_1_236' title='bbox 1310 2033 1471 2098; x_wconf 77' lang='grc' dir='ltr'>αὐτὸς</span> <span class='ocrx_word' id='word_1_237' title='bbox 1494 2034 1555 2086; x_wconf 81' lang='grc' dir='ltr'>τὸ</span> <span class='ocrx_word' id='word_1_238' title='bbox 1584 2033 1699 2103; x_wconf 78' lang='grc' dir='ltr'>φῶς</span> <span class='ocrx_word' id='word_1_239' title='bbox 1723 2034 1787 2087; x_wconf 77' lang='grc' dir='ltr'>τὸ</span> 
     </span>
    </p>
   </div>
   <div class='ocr_carea' id='block_1_34' title="bbox 191 2126 1781 2200">
    <p class='ocr_par' dir='ltr' id='par_1_34' title="bbox 191 2126 1781 2200">
     <span class='ocr_line' id='line_1_35' title="bbox 191 2126 1781 2200; baseline -0.001 -19"><span class='ocrx_word' id='word_1_240' title='bbox 191 2130 433 2200; x_wconf 75' lang='grc' dir='ltr'>φωτίζον</span> <span class='ocrx_word' id='word_1_241' title='bbox 466 2128 644 2182; x_wconf 86' lang='grc' dir='ltr'>πάντα</span> <span class='ocrx_word' id='word_1_242' title='bbox 663 2127 947 2198; x_wconf 77' lang='grc' dir='ltr'>ἄνθρωπον</span> <span class='ocrx_word' id='word_1_243' title='bbox 974 2127 1270 2198; x_wconf 77' lang='grc' dir='ltr'>ἐρχόμενον</span> <span class='ocrx_word' id='word_1_244' title='bbox 1303 2127 1383 2190; x_wconf 89' lang='grc' dir='ltr'>είς</span> <span class='ocrx_word' id='word_1_245' title='bbox 1403 2126 1495 2181; x_wconf 76' lang='grc' dir='ltr'>τὸν</span> <span class='ocrx_word' id='word_1_246' title='bbox 1540 2128 1744 2198; x_wconf 85' lang='grc' dir='ltr'>κόσμον</span> <span class='ocrx_word' id='word_1_247' title='bbox 1767 2144 1781 2158; x_wconf 89' lang='grc'><strong>·</strong></span> 
     </span>
    </p>
   </div>
   <div class='ocr_carea' id='block_1_35' title="bbox 186 2218 1786 2291">
    <p class='ocr_par' dir='ltr' id='par_1_35' title="bbox 186 2218 1786 2291">
     <span class='ocr_line' id='line_1_36' title="bbox 186 2218 1786 2291; baseline -0.001 -16"><span class='ocrx_word' id='word_1_248' title='bbox 186 2220 285 2275; x_wconf 70' lang='grc' dir='ltr'>ὅτε</span> <span class='ocrx_word' id='word_1_249' title='bbox 312 2222 407 2275; x_wconf 75' lang='grc' dir='ltr'>καὶ</span> <span class='ocrx_word' id='word_1_250' title='bbox 439 2220 601 2287; x_wconf 79' lang='grc' dir='ltr'>δείξει</span> <span class='ocrx_word' id='word_1_251' title='bbox 631 2218 797 2272; x_wconf 80' lang='grc' dir='ltr'>αὐτοῦ</span> <span class='ocrx_word' id='word_1_252' title='bbox 829 2219 891 2272; x_wconf 82' lang='grc' dir='ltr'>τὸ</span> <span class='ocrx_word' id='word_1_253' title='bbox 916 2219 1234 2290; x_wconf 86' lang='grc' dir='ltr'>πρόσωπον·</span> <span class='ocrx_word' id='word_1_254' title='bbox 1263 2220 1325 2271; x_wconf 75' lang='grc' dir='ltr'>οὐ</span> <span class='ocrx_word' id='word_1_255' title='bbox 1350 2218 1459 2291; x_wconf 83' lang='grc' dir='ltr'>γὰρ</span> <span class='ocrx_word' id='word_1_256' title='bbox 1484 2220 1560 2285; x_wconf 84' lang='grc' dir='ltr'>ὡς</span> <span class='ocrx_word' id='word_1_257' title='bbox 1619 2219 1786 2273; x_wconf 85' lang='grc' dir='ltr'>πάλαι</span> 
     </span>
    </p>
   </div>
   <div class='ocr_carea' id='block_1_36' title="bbox 186 2309 1787 2383">
    <p class='ocr_par' dir='ltr' id='par_1_36' title="bbox 186 2309 1787 2383">
     <span class='ocr_line' id='line_1_37' title="bbox 186 2309 1787 2383; baseline -0.001 -16"><span class='ocrx_word' id='word_1_258' title='bbox 186 2312 275 2383; x_wconf 79' lang='grc' dir='ltr'>τῷ</span> <span class='ocrx_word' id='word_1_259' title='bbox 297 2314 524 2367; x_wconf 81' lang='grc' dir='ltr'>Μωῠσετ</span> <span class='ocrx_word' id='word_1_260' title='bbox 545 2327 673 2364; x_wconf 86' lang='grc' dir='ltr'>ποτε</span> <span class='ocrx_word' id='word_1_261' title='bbox 706 2309 910 2379; x_wconf 74' lang='grc' dir='ltr'>ἔλεγεν,</span> <span class='ocrx_word' id='word_1_262' title='bbox 940 2313 1023 2364; x_wconf 87' lang='grc' dir='ltr'>ὅτι</span> <span class='ocrx_word' id='word_1_263' title='bbox 1053 2311 1128 2365; x_wconf 86' lang='grc' dir='ltr'>Τὰ</span> <span class='ocrx_word' id='word_1_264' title='bbox 1150 2312 1343 2365; x_wconf 76' lang='grc' dir='ltr'>ὀπίσω</span> <span class='ocrx_word' id='word_1_265' title='bbox 1359 2328 1479 2381; x_wconf 82' lang='grc' dir='ltr'>μου</span> <span class='ocrx_word' id='word_1_266' title='bbox 1505 2312 1641 2381; x_wconf 77' lang='grc' dir='ltr'>ὄψει</span> <span class='ocrx_word' id='word_1_267' title='bbox 1663 2353 1677 2377; x_wconf 90' lang='grc'>,</span> <span class='ocrx_word' id='word_1_268' title='bbox 1720 2313 1787 2365; x_wconf 84' lang='grc' dir='ltr'>τὸ</span> 
     </span>
    </p>
   </div>
   <div class='ocr_carea' id='block_1_37' title="bbox 185 2398 1787 2470">
    <p class='ocr_par' dir='ltr' id='par_1_37' title="bbox 185 2398 1787 2470">
     <span class='ocr_line' id='line_1_38' title="bbox 185 2398 1787 2470; baseline 0.001 -16"><span class='ocrx_word' id='word_1_269' title='bbox 185 2400 266 2455; x_wconf 72' lang='grc' dir='ltr'>δὲ</span> <span class='ocrx_word' id='word_1_270' title='bbox 296 2402 629 2470; x_wconf 72' lang='grc' dir='ltr'>πρόσωπόν</span> <span class='ocrx_word' id='word_1_271' title='bbox 664 2417 783 2470; x_wconf 81' lang='grc' dir='ltr'>μου</span> <span class='ocrx_word' id='word_1_272' title='bbox 814 2402 927 2454; x_wconf 85' lang='grc' dir='ltr'>οὐκ</span> <span class='ocrx_word' id='word_1_273' title='bbox 964 2398 1297 2469; x_wconf 72' lang='grc' dir='ltr'>ὀφθήσεταί</span> <span class='ocrx_word' id='word_1_274' title='bbox 1327 2414 1461 2462; x_wconf 88' lang='grc' dir='ltr'>σοι,</span> <span class='ocrx_word' id='word_1_275' title='bbox 1497 2400 1641 2455; x_wconf 74' lang='grc' dir='ltr'>οὕτω</span> <span class='ocrx_word' id='word_1_276' title='bbox 1690 2403 1787 2455; x_wconf 75' lang='grc' dir='ltr'>καὶ</span> 
     </span>
    </p>
   </div>
   <div class='ocr_carea' id='block_1_38' title="bbox 191 2491 1785 2564">
    <p class='ocr_par' dir='ltr' id='par_1_38' title="bbox 191 2491 1785 2564">
     <span class='ocr_line' id='line_1_39' title="bbox 191 2491 1785 2564; baseline -0.003 -16"><span class='ocrx_word' id='word_1_277' title='bbox 191 2494 320 2548; x_wconf 76' lang='grc' dir='ltr'>τότε</span> <span class='ocrx_word' id='word_1_278' title='bbox 350 2495 563 2563; x_wconf 78' lang='grc' dir='ltr'>ποιήσει</span> <span class='ocrx_word' id='word_1_279' title='bbox 582 2510 596 2522; x_wconf 87' lang='grc'><strong>·</strong></span> <span class='ocrx_word' id='word_1_280' title='bbox 630 2492 745 2546; x_wconf 81' lang='grc' dir='ltr'>ἀλλ’</span> <span class='ocrx_word' id='word_1_281' title='bbox 777 2491 950 2555; x_wconf 76' lang='grc' dir='ltr'>οὕτως</span> <span class='ocrx_word' id='word_1_282' title='bbox 984 2492 1174 2545; x_wconf 73' lang='grc' dir='ltr'>ἑαυτὸν</span> <span class='ocrx_word' id='word_1_283' title='bbox 1206 2492 1432 2564; x_wconf 81' lang='grc' dir='ltr'>παρέξει</span> <span class='ocrx_word' id='word_1_284' title='bbox 1459 2496 1573 2556; x_wconf 83' lang='grc' dir='ltr'>τοῖς</span> <span class='ocrx_word' id='word_1_285' title='bbox 1592 2492 1785 2561; x_wconf 79' lang='grc' dir='ltr'>ἁγίοις,</span> 
     </span>
    </p>
   </div>
   <div class='ocr_carea' id='block_1_39' title="bbox 194 2583 1789 2653">
    <p class='ocr_par' dir='ltr' id='par_1_39' title="bbox 194 2583 1789 2653">
     <span class='ocr_line' id='line_1_40' title="bbox 194 2583 1789 2653; baseline 0 -16"><span class='ocrx_word' id='word_1_286' title='bbox 194 2585 274 2649; x_wconf 79' lang='grc' dir='ltr'>ὡς</span> <span class='ocrx_word' id='word_1_287' title='bbox 330 2584 590 2637; x_wconf 77' lang='grc' dir='ltr'>δύνασθαι</span> <span class='ocrx_word' id='word_1_288' title='bbox 640 2585 848 2647; x_wconf 82' lang='grc' dir='ltr'>πάντας</span> <span class='ocrx_word' id='word_1_289' title='bbox 894 2584 1101 2653; x_wconf 82' lang='grc' dir='ltr'>λέγειν·</span> <span class='ocrx_word' id='word_1_290' title='bbox 1144 2583 1333 2653; x_wconf 81' lang='grc' dir='ltr'>Ἡμεῖς</span> <span class='ocrx_word' id='word_1_291' title='bbox 1373 2583 1460 2649; x_wconf 80' lang='grc' dir='ltr'>δὲ,</span> <span class='ocrx_word' id='word_1_292' title='bbox 1494 2586 1789 2638; x_wconf 81' lang='grc' dir='ltr'>ἀνακεκα-</span> 
     </span>
    </p>
   </div>
   <div class='ocr_carea' id='block_1_40' title="bbox 188 2673 1790 2747">
    <p class='ocr_par' dir='ltr' id='par_1_40' title="bbox 188 2673 1790 2747">
     <span class='ocr_line' id='line_1_41' title="bbox 188 2673 1790 2747; baseline -0.001 -17"><span class='ocrx_word' id='word_1_293' title='bbox 188 2674 485 2744; x_wconf 69' lang='grc' dir='ltr'>λυμμένῳ</span> <span class='ocrx_word' id='word_1_294' title='bbox 513 2673 811 2743; x_wconf 77' lang='grc' dir='ltr'>προσώπῳ</span> <span class='ocrx_word' id='word_1_295' title='bbox 844 2673 959 2743; x_wconf 81' lang='grc' dir='ltr'>τὴν</span> <span class='ocrx_word' id='word_1_296' title='bbox 985 2674 1175 2739; x_wconf 82' lang='grc' dir='ltr'>δόξαν</span> <span class='ocrx_word' id='word_1_297' title='bbox 1210 2675 1431 2743; x_wconf 80' lang='grc' dir='ltr'>Κυρίου</span> <span class='ocrx_word' id='word_1_298' title='bbox 1473 2692 1790 2747; x_wconf 78' lang='grc' dir='ltr'>κατοπτρι-</span> 
     </span>
    </p>
   </div>
   <div class='ocr_carea' id='block_1_41' title="bbox 195 2764 1787 2837">
    <p class='ocr_par' dir='ltr' id='par_1_41' title="bbox 195 2764 1787 2837">
     <span class='ocr_line' id='line_1_42' title="bbox 195 2764 1787 2837; baseline 0.001 -19"><span class='ocrx_word' id='word_1_299' title='bbox 195 2766 451 2837; x_wconf 78' lang='grc' dir='ltr'>ζόμενοι,</span> <span class='ocrx_word' id='word_1_300' title='bbox 484 2765 599 2833; x_wconf 80' lang='grc' dir='ltr'>τὴν</span> <span class='ocrx_word' id='word_1_301' title='bbox 644 2764 840 2833; x_wconf 79' lang='grc' dir='ltr'>αὐτὴν</span> <span class='ocrx_word' id='word_1_302' title='bbox 875 2766 1077 2819; x_wconf 76' lang='grc' dir='ltr'>εἰκόνα</span> <span class='ocrx_word' id='word_1_303' title='bbox 1110 2768 1643 2835; x_wconf 70' lang='grc' dir='ltr'>μεταμορφούμεθα</span> <span class='ocrx_word' id='word_1_304' title='bbox 1669 2766 1787 2821; x_wconf 79' lang='grc' dir='ltr'>ἀπὸ</span> 
     </span>
    </p>
   </div>
   <div class='ocr_carea' id='block_1_42' title="bbox 196 2854 1788 2927">
    <p class='ocr_par' dir='ltr' id='par_1_42' title="bbox 196 2854 1788 2927">
     <span class='ocr_line' id='line_1_43' title="bbox 196 2854 1788 2927; baseline -0.001 -17"><span class='ocrx_word' id='word_1_305' title='bbox 196 2856 389 2924; x_wconf 78' lang='grc' dir='ltr'>δόξης</span> <span class='ocrx_word' id='word_1_306' title='bbox 417 2859 505 2922; x_wconf 82' lang='grc' dir='ltr'>εὶς</span> <span class='ocrx_word' id='word_1_307' title='bbox 531 2855 737 2921; x_wconf 78' lang='grc' dir='ltr'>δόξαν.</span> <span class='ocrx_word' id='word_1_308' title='bbox 773 2856 884 2911; x_wconf 78' lang='grc' dir='ltr'>Καὶ</span> <span class='ocrx_word' id='word_1_309' title='bbox 914 2856 1035 2910; x_wconf 88' lang='grc' dir='ltr'>τότε</span> <span class='ocrx_word' id='word_1_310' title='bbox 1069 2856 1130 2909; x_wconf 78' lang='grc' dir='ltr'>οὐ</span> <span class='ocrx_word' id='word_1_311' title='bbox 1162 2854 1358 2925; x_wconf 81' lang='grc' dir='ltr'>νεφέλη</span> <span class='ocrx_word' id='word_1_312' title='bbox 1414 2854 1631 2927; x_wconf 85' lang='grc' dir='ltr'>βοήσει,</span> <span class='ocrx_word' id='word_1_313' title='bbox 1666 2856 1788 2909; x_wconf 80' lang='grc' dir='ltr'>οὐδὲ</span> 
     </span>
    </p>
   </div>
   <div class='ocr_carea' id='block_1_43' title="bbox 196 2946 1791 3022">
    <p class='ocr_par' dir='ltr' id='par_1_43' title="bbox 196 2946 1791 3022">
     <span class='ocr_line' id='line_1_44' title="bbox 196 2946 1791 3022; baseline -0.001 -20"><span class='ocrx_word' id='word_1_314' title='bbox 196 2947 289 3002; x_wconf 82' lang='grc' dir='ltr'>διὰ</span> <span class='ocrx_word' id='word_1_315' title='bbox 318 2947 547 3020; x_wconf 80' lang='grc' dir='ltr'>νεφέλης</span> <span class='ocrx_word' id='word_1_316' title='bbox 566 2951 594 3002; x_wconf 92' lang='lat'>6</span> <span class='ocrx_word' id='word_1_317' title='bbox 619 2949 809 3021; x_wconf 86' lang='grc' dir='ltr'>Πατὴρ</span> <span class='ocrx_word' id='word_1_318' title='bbox 842 2949 1180 3022; x_wconf 83' lang='grc' dir='ltr'>μαρτυρήσει</span> <span class='ocrx_word' id='word_1_319' title='bbox 1208 2948 1286 3018; x_wconf 80' lang='grc' dir='ltr'>τῷ</span> <span class='ocrx_word' id='word_1_320' title='bbox 1316 2946 1451 3016; x_wconf 85' lang='grc' dir='ltr'>Υἱῷ,</span> <span class='ocrx_word' id='word_1_321' title='bbox 1480 2948 1596 3001; x_wconf 80' lang='grc' dir='ltr'>ἀλλ’</span> <span class='ocrx_word' id='word_1_322' title='bbox 1626 2947 1791 3013; x_wconf 82' lang='grc' dir='ltr'>αὐτὸς</span> 
     </span>
    </p>
   </div>
   <div class='ocr_carea' id='block_1_44' title="bbox 195 3038 1787 3111">
    <p class='ocr_par' dir='ltr' id='par_1_44' title="bbox 195 3038 1787 3111">
     <span class='ocr_line' id='line_1_45' title="bbox 195 3038 1787 3111; baseline -0.002 -17"><span class='ocrx_word' id='word_1_323' title='bbox 195 3039 267 3094; x_wconf 82' lang='grc' dir='ltr'>δι’</span> <span class='ocrx_word' id='word_1_324' title='bbox 291 3038 489 3093; x_wconf 77' lang='grc' dir='ltr'>ἑαυτοῦ</span> <span class='ocrx_word' id='word_1_325' title='bbox 515 3040 639 3111; x_wconf 87' lang='grc' dir='ltr'>δίχα</span> <span class='ocrx_word' id='word_1_326' title='bbox 665 3041 867 3105; x_wconf 78' lang='grc' dir='ltr'>παντὸς</span> <span class='ocrx_word' id='word_1_327' title='bbox 890 3041 1346 3110; x_wconf 83' lang='grc' dir='ltr'>ὲπισκιάσματος,</span> <span class='ocrx_word' id='word_1_328' title='bbox 1378 3041 1472 3093; x_wconf 80' lang='grc' dir='ltr'>καὶ</span> <span class='ocrx_word' id='word_1_329' title='bbox 1490 3040 1621 3110; x_wconf 84' lang='grc' dir='ltr'>,δίχα</span> <span class='ocrx_word' id='word_1_330' title='bbox 1652 3058 1787 3093; x_wconf 87' lang='grc' dir='ltr'>παν-</span> 
     </span>
    </p>
   </div>
   <div class='ocr_carea' id='block_1_45' title="bbox 197 3130 1790 3204">
    <p class='ocr_par' dir='ltr' id='par_1_45' title="bbox 197 3130 1790 3204">
     <span class='ocr_line' id='line_1_46' title="bbox 197 3130 1790 3204; baseline 0.001 -21"><span class='ocrx_word' id='word_1_331' title='bbox 197 3132 291 3196; x_wconf 81' lang='grc' dir='ltr'>τὸς</span> <span class='ocrx_word' id='word_1_332' title='bbox 317 3131 619 3203; x_wconf 80' lang='grc' dir='ltr'>ἑρμηνέως,</span> <span class='ocrx_word' id='word_1_333' title='bbox 671 3132 822 3203; x_wconf 80' lang='grc' dir='ltr'>αὺτῷ</span> <span class='ocrx_word' id='word_1_334' title='bbox 861 3132 939 3203; x_wconf 80' lang='grc' dir='ltr'>τῷ</span> <span class='ocrx_word' id='word_1_335' title='bbox 981 3133 1127 3204; x_wconf 71' lang='grc' dir='ltr'>ἔργῳ</span> <span class='ocrx_word' id='word_1_336' title='bbox 1152 3132 1244 3185; x_wconf 82' lang='grc' dir='ltr'>τὸν</span> <span class='ocrx_word' id='word_1_337' title='bbox 1304 3132 1564 3201; x_wconf 80' lang='grc' dir='ltr'>μονογενῆ</span> <span class='ocrx_word' id='word_1_338' title='bbox 1623 3130 1790 3185; x_wconf 82' lang='grc' dir='ltr'>αὑτοῦ</span> 
     </span>
    </p>
   </div>
   <div class='ocr_carea' id='block_1_46' title="bbox 1893 1944 3485 2018">
    <p class='ocr_par' dir='ltr' id='par_1_46' title="bbox 1893 1944 3485 2018">
     <span class='ocr_line' id='line_1_47' title="bbox 1893 1944 3485 2018; baseline 0 -18"><span class='ocrx_word' id='word_1_339' title='bbox 1893 1950 2053 2018; x_wconf 74' lang='lat' dir='ltr'><strong>gitari</strong></span> <span class='ocrx_word' id='word_1_340' title='bbox 2089 1957 2267 2017; x_wconf 82' lang='lat' dir='ltr'><strong>potest</strong></span> <span class='ocrx_word' id='word_1_341' title='bbox 2300 1947 2385 2001; x_wconf 91' lang='lat' dir='ltr'><strong>vel</strong></span> <span class='ocrx_word' id='word_1_342' title='bbox 2433 1947 2707 2001; x_wconf 86' lang='lat' dir='ltr'><strong>sensibilis</strong></span> <span class='ocrx_word' id='word_1_343' title='bbox 2759 1948 2843 2000; x_wconf 90' lang='lat' dir='ltr'>vel</span> <span class='ocrx_word' id='word_1_344' title='bbox 2878 1944 3257 2000; x_wconf 69' lang='lat' dir='ltr'><strong>intellectualis</strong></span> <span class='ocrx_word' id='word_1_345' title='bbox 3297 1954 3485 2000; x_wconf 74' lang='lat' dir='ltr'><strong>creata</strong></span> 
     </span>
    </p>
   </div>
   <div class='ocr_carea' id='block_1_47' title="bbox 1894 2037 3487 2110">
    <p class='ocr_par' dir='ltr' id='par_1_47' title="bbox 1894 2037 3487 2110">
     <span class='ocr_line' id='line_1_48' title="bbox 1894 2037 3487 2110; baseline -0.003 -16"><span class='ocrx_word' id='word_1_346' title='bbox 1894 2042 1983 2095; x_wconf 79' lang='lat' dir='ltr'>lux</span> <span class='ocrx_word' id='word_1_347' title='bbox 2014 2040 2493 2110; x_wconf 76' lang='lat' dir='ltr'><strong>:quandoquidem</strong></span> <span class='ocrx_word' id='word_1_348' title='bbox 2526 2040 2640 2107; x_wconf 84' lang='lat' dir='ltr'><strong>ipse</strong></span> <span class='ocrx_word' id='word_1_349' title='bbox 2673 2038 2763 2091; x_wconf 77' lang='lat' dir='ltr'>lux</span> <span class='ocrx_word' id='word_1_350' title='bbox 2797 2046 2881 2091; x_wconf 91' lang='lat' dir='ltr'><strong>est</strong></span> <span class='ocrx_word' id='word_1_351' title='bbox 2921 2052 3043 2107; x_wconf 68' lang='lat' dir='ltr'><strong>quae</strong></span> <span class='ocrx_word' id='word_1_352' title='bbox 3070 2037 3339 2090; x_wconf 77' lang='lat' dir='ltr'><strong>illuminat</strong></span> <span class='ocrx_word' id='word_1_353' title='bbox 3363 2051 3487 2090; x_wconf 67' lang='lat' dir='ltr'><strong>omo</strong></span> 
     </span>
    </p>
   </div>
   <div class='ocr_carea' id='block_1_48' title="bbox 1894 2123 3485 2185">
    <p class='ocr_par' dir='ltr' id='par_1_48' title="bbox 1894 2123 3485 2185">
     <span class='ocr_line' id='line_1_49' title="bbox 1894 2123 3485 2185; baseline -0.001 -1"><span class='ocrx_word' id='word_1_354' title='bbox 1894 2146 2016 2185; x_wconf 88' lang='lat' dir='ltr'>nem</span> <span class='ocrx_word' id='word_1_355' title='bbox 2069 2131 2343 2183; x_wconf 85' lang='lat' dir='ltr'><strong>hominem</strong></span> <span class='ocrx_word' id='word_1_356' title='bbox 2376 2129 2680 2184; x_wconf 79' lang='lat' dir='ltr'><strong>venientem</strong></span> <span class='ocrx_word' id='word_1_357' title='bbox 2725 2129 2785 2180; x_wconf 83' lang='lat' dir='ltr'>in</span> <span class='ocrx_word' id='word_1_358' title='bbox 2820 2129 2965 2181; x_wconf 90' lang='lat' dir='ltr'><strong>hunc</strong></span> <span class='ocrx_word' id='word_1_359' title='bbox 3010 2129 3291 2179; x_wconf 83' lang='lat' dir='ltr'><strong>tumulum.</strong></span> <span class='ocrx_word' id='word_1_360' title='bbox 3330 2123 3485 2182; x_wconf 82' lang='lat' dir='ltr'><strong>Tunc</strong></span> 
     </span>
    </p>
   </div>
   <div class='ocr_carea' id='block_1_49' title="bbox 1893 2219 3482 2282">
    <p class='ocr_par' dir='ltr' id='par_1_49' title="bbox 1893 2219 3482 2282">
     <span class='ocr_line' id='line_1_50' title="bbox 1893 2219 3482 2282; baseline -0.001 -8"><span class='ocrx_word' id='word_1_361' title='bbox 1893 2224 2056 2275; x_wconf 85' lang='lat' dir='ltr'><strong>etiam</strong></span> <span class='ocrx_word' id='word_1_362' title='bbox 2106 2222 2300 2276; x_wconf 78' lang='lat' dir='ltr'><strong>faciem</strong></span> <span class='ocrx_word' id='word_1_363' title='bbox 2348 2238 2504 2277; x_wconf 84' lang='lat' dir='ltr'><strong>suam</strong></span> <span class='ocrx_word' id='word_1_364' title='bbox 2557 2221 2837 2274; x_wconf 84' lang='lat' dir='ltr'><strong>revelabit.</strong></span> <span class='ocrx_word' id='word_1_365' title='bbox 2870 2219 2986 2273; x_wconf 83' lang='lat' dir='ltr'><strong>Non</strong></span> <span class='ocrx_word' id='word_1_366' title='bbox 3026 2220 3213 2282; x_wconf 88' lang='lat' dir='ltr'><strong>enim,</strong></span> <span class='ocrx_word' id='word_1_367' title='bbox 3247 2228 3306 2271; x_wconf 92' lang='lat' dir='ltr'>ut</span> <span class='ocrx_word' id='word_1_368' title='bbox 3352 2220 3482 2272; x_wconf 83' lang='lat' dir='ltr'><strong>olim</strong></span> 
     </span>
    </p>
   </div>
   <div class='ocr_carea' id='block_1_50' title="bbox 1895 2314 3485 2391">
    <p class='ocr_par' dir='ltr' id='par_1_50' title="bbox 1895 2314 3485 2391">
     <span class='ocr_line' id='line_1_51' title="bbox 1895 2314 3485 2391; baseline -0.003 -18"><span class='ocrx_word' id='word_1_369' title='bbox 1895 2320 2062 2391; x_wconf 78' lang='lat' dir='ltr'><strong>Moysi</strong></span> <span class='ocrx_word' id='word_1_370' title='bbox 2111 2320 2312 2374; x_wconf 88' lang='lat' dir='ltr'><strong>dictum</strong></span> <span class='ocrx_word' id='word_1_371' title='bbox 2354 2319 2477 2383; x_wconf 74' lang='lat' dir='ltr'><strong>fuit,</strong></span> <span class='ocrx_word' id='word_1_372' title='bbox 2526 2318 2837 2373; x_wconf 83' lang='lat' dir='ltr'><strong>Posteriora</strong></span> <span class='ocrx_word' id='word_1_373' title='bbox 2882 2331 2997 2369; x_wconf 86' lang='lat' dir='ltr'>mea</span> <span class='ocrx_word' id='word_1_374' title='bbox 3045 2314 3259 2381; x_wconf 78' lang='lat' dir='ltr'><strong>uidebis,</strong></span> <span class='ocrx_word' id='word_1_375' title='bbox 3309 2314 3485 2368; x_wconf 72' lang='lat' dir='ltr'><strong>uultus</strong></span> 
     </span>
    </p>
   </div>
   <div class='ocr_carea' id='block_1_51' title="bbox 1895 2406 3485 2479">
    <p class='ocr_par' dir='ltr' id='par_1_51' title="bbox 1895 2406 3485 2479">
     <span class='ocr_line' id='line_1_52' title="bbox 1895 2406 3485 2479; baseline -0.003 -15"><span class='ocrx_word' id='word_1_376' title='bbox 1895 2423 2070 2464; x_wconf 81' lang='lat' dir='ltr'><strong>tamen</strong></span> <span class='ocrx_word' id='word_1_377' title='bbox 2100 2429 2132 2463; x_wconf 88' lang='lat' dir='ltr'>a</span> <span class='ocrx_word' id='word_1_378' title='bbox 2155 2422 2203 2462; x_wconf 83' lang='lat' dir='ltr'>le</span> <span class='ocrx_word' id='word_1_379' title='bbox 2229 2426 2333 2464; x_wconf 87' lang='lat' dir='ltr'>non</span> <span class='ocrx_word' id='word_1_380' title='bbox 2364 2409 2742 2479; x_wconf 80' lang='lat' dir='ltr'><strong>spectabitur&quot;</strong></span> <span class='ocrx_word' id='word_1_381' title='bbox 2769 2426 2784 2474; x_wconf 89' lang='lat'><strong>;</strong></span> <span class='ocrx_word' id='word_1_382' title='bbox 2815 2423 2921 2462; x_wconf 87' lang='lat' dir='ltr'>non</span> <span class='ocrx_word' id='word_1_383' title='bbox 2948 2409 3050 2470; x_wconf 86' lang='lat' dir='ltr'><strong>sic,</strong></span> <span class='ocrx_word' id='word_1_384' title='bbox 3089 2406 3333 2473; x_wconf 80' lang='lat' dir='ltr'><strong>inquam,</strong></span> <span class='ocrx_word' id='word_1_385' title='bbox 3356 2415 3485 2459; x_wconf 88' lang='lat' dir='ltr'><strong>tunc</strong></span> 
     </span>
    </p>
   </div>
   <div class='ocr_carea' id='block_1_52' title="bbox 1896 2498 3487 2573">
    <p class='ocr_par' dir='ltr' id='par_1_52' title="bbox 1896 2498 3487 2573">
     <span class='ocr_line' id='line_1_53' title="bbox 1896 2498 3487 2573; baseline -0.004 -17"><span class='ocrx_word' id='word_1_386' title='bbox 1896 2518 2111 2573; x_wconf 90' lang='lat' dir='ltr'><strong>quoque</strong></span> <span class='ocrx_word' id='word_1_387' title='bbox 2138 2517 2196 2556; x_wconf 89' lang='lat' dir='ltr'>se</span> <span class='ocrx_word' id='word_1_388' title='bbox 2220 2512 2367 2571; x_wconf 74' lang='lat' dir='ltr'><strong>geret</strong></span> <span class='ocrx_word' id='word_1_389' title='bbox 2394 2518 2409 2567; x_wconf 88' lang='lat'><strong>;</strong></span> <span class='ocrx_word' id='word_1_390' title='bbox 2441 2503 2535 2556; x_wconf 89' lang='lat' dir='ltr'>sed</span> <span class='ocrx_word' id='word_1_391' title='bbox 2571 2502 2643 2555; x_wconf 84' lang='lat' dir='ltr'>ita</span> <span class='ocrx_word' id='word_1_392' title='bbox 2674 2509 2848 2555; x_wconf 81' lang='lat' dir='ltr'><strong>semet</strong></span> <span class='ocrx_word' id='word_1_393' title='bbox 2874 2500 3082 2553; x_wconf 72' lang='lat' dir='ltr'><strong>sanctis</strong></span> <span class='ocrx_word' id='word_1_394' title='bbox 3110 2498 3487 2561; x_wconf 77' lang='lat' dir='ltr'><strong>exhibebit,ut</strong></span> 
     </span>
    </p>
   </div>
   <div class='ocr_carea' id='block_1_53' title="bbox 1895 2590 3485 2662">
    <p class='ocr_par' dir='ltr' id='par_1_53' title="bbox 1895 2590 3485 2662">
     <span class='ocr_line' id='line_1_54' title="bbox 1895 2590 3485 2662; baseline -0.003 -14"><span class='ocrx_word' id='word_1_395' title='bbox 1895 2610 2084 2649; x_wconf 89' lang='lat' dir='ltr'><strong>omnes</strong></span> <span class='ocrx_word' id='word_1_396' title='bbox 2129 2595 2313 2649; x_wconf 89' lang='lat' dir='ltr'><strong>dicere</strong></span> <span class='ocrx_word' id='word_1_397' title='bbox 2354 2605 2605 2662; x_wconf 83' lang='lat' dir='ltr'><strong>queant:</strong></span> <span class='ocrx_word' id='word_1_398' title='bbox 2650 2590 2767 2648; x_wconf 85' lang='lat' dir='ltr'><strong>Nos</strong></span> <span class='ocrx_word' id='word_1_399' title='bbox 2812 2592 3036 2647; x_wconf 75' lang='lat' dir='ltr'><strong>revelata</strong></span> <span class='ocrx_word' id='word_1_400' title='bbox 3076 2593 3211 2661; x_wconf 80' lang='lat' dir='ltr'><strong>[acie</strong></span> <span class='ocrx_word' id='word_1_401' title='bbox 3254 2591 3485 2660; x_wconf 75' lang='lat' dir='ltr'><strong>glorians</strong></span> 
     </span>
    </p>
   </div>
   <div class='ocr_carea' id='block_1_54' title="bbox 1896 2683 3485 2755">
    <p class='ocr_par' dir='ltr' id='par_1_54' title="bbox 1896 2683 3485 2755">
     <span class='ocr_line' id='line_1_55' title="bbox 1896 2683 3485 2755; baseline -0.002 -17"><span class='ocrx_word' id='word_1_402' title='bbox 1896 2684 2111 2739; x_wconf 79' lang='lat' dir='ltr'><strong>Domini</strong></span> <span class='ocrx_word' id='word_1_403' title='bbox 2152 2687 2503 2755; x_wconf 69' lang='lat' dir='ltr'>speculantes,</span> <span class='ocrx_word' id='word_1_404' title='bbox 2545 2686 2600 2738; x_wconf 84' lang='lat' dir='ltr'><strong>in</strong></span> <span class='ocrx_word' id='word_1_405' title='bbox 2639 2686 2874 2738; x_wconf 80' lang='lat' dir='ltr'><strong>eamdem</strong></span> <span class='ocrx_word' id='word_1_406' title='bbox 2912 2683 3485 2753; x_wconf 63' lang='lat' dir='ltr'><strong>imaginentransfor-</strong></span> 
     </span>
    </p>
   </div>
   <div class='ocr_carea' id='block_1_55' title="bbox 1896 2772 3484 2847">
    <p class='ocr_par' dir='ltr' id='par_1_55' title="bbox 1896 2772 3484 2847">
     <span class='ocr_line' id='line_1_56' title="bbox 1896 2772 3484 2847; baseline -0.001 -20"><span class='ocrx_word' id='word_1_407' title='bbox 1896 2792 2103 2829; x_wconf 80' lang='lat' dir='ltr'><strong>utamur</strong></span> <span class='ocrx_word' id='word_1_408' title='bbox 2127 2777 2191 2829; x_wconf 90' lang='lat' dir='ltr'>de</span> <span class='ocrx_word' id='word_1_409' title='bbox 2212 2777 2383 2847; x_wconf 82' lang='lat' dir='ltr'><strong>gloria</strong></span> <span class='ocrx_word' id='word_1_410' title='bbox 2412 2780 2465 2828; x_wconf 86' lang='lat' dir='ltr'><strong>in</strong></span> <span class='ocrx_word' id='word_1_411' title='bbox 2491 2776 2715 2845; x_wconf 83' lang='lat' dir='ltr'><strong>gloriam</strong></span> <span class='ocrx_word' id='word_1_412' title='bbox 2736 2775 2806 2826; x_wconf 71' lang='lat'>7&#39;.</span> <span class='ocrx_word' id='word_1_413' title='bbox 2843 2774 2995 2829; x_wconf 78' lang='lat' dir='ltr'><strong>Tunc</strong></span> <span class='ocrx_word' id='word_1_414' title='bbox 3030 2772 3167 2828; x_wconf 77' lang='lat' dir='ltr'><strong>vero</strong></span> <span class='ocrx_word' id='word_1_415' title='bbox 3205 2774 3347 2826; x_wconf 75' lang='lat' dir='ltr'><strong>haud</strong></span> <span class='ocrx_word' id='word_1_416' title='bbox 3383 2789 3484 2826; x_wconf 85' lang='lat' dir='ltr'>nu-</span> 
     </span>
    </p>
   </div>
   <div class='ocr_carea' id='block_1_56' title="bbox 1895 2865 3489 2934">
    <p class='ocr_par' dir='ltr' id='par_1_56' title="bbox 1895 2865 3489 2934">
     <span class='ocr_line' id='line_1_57' title="bbox 1895 2865 3489 2934; baseline -0.001 -15"><span class='ocrx_word' id='word_1_417' title='bbox 1895 2865 1991 2921; x_wconf 86' lang='lat' dir='ltr'>bes</span> <span class='ocrx_word' id='word_1_418' title='bbox 2037 2867 2327 2934; x_wconf 81' lang='lat' dir='ltr'><strong>clamabit,</strong></span> <span class='ocrx_word' id='word_1_419' title='bbox 2361 2882 2536 2934; x_wconf 88' lang='lat' dir='ltr'><strong>neque</strong></span> <span class='ocrx_word' id='word_1_420' title='bbox 2584 2868 2650 2920; x_wconf 82' lang='lat' dir='ltr'>de</span> <span class='ocrx_word' id='word_1_421' title='bbox 2697 2866 2837 2919; x_wconf 89' lang='lat' dir='ltr'><strong>nube</strong></span> <span class='ocrx_word' id='word_1_422' title='bbox 2892 2865 3053 2919; x_wconf 77' lang='lat' dir='ltr'><strong>Pater</strong></span> <span class='ocrx_word' id='word_1_423' title='bbox 3104 2865 3489 2919; x_wconf 79' lang='lat' dir='ltr'><strong>testilicubilur</strong></span> 
     </span>
    </p>
   </div>
   <div class='ocr_carea' id='block_1_57' title="bbox 1897 2954 3487 3026">
    <p class='ocr_par' dir='ltr' id='par_1_57' title="bbox 1897 2954 3487 3026">
     <span class='ocr_line' id='line_1_58' title="bbox 1897 2954 3487 3026; baseline -0.003 -14"><span class='ocrx_word' id='word_1_424' title='bbox 1897 2958 2053 3020; x_wconf 85' lang='lat' dir='ltr'><strong>Filio,</strong></span> <span class='ocrx_word' id='word_1_425' title='bbox 2080 2958 2172 3012; x_wconf 88' lang='lat' dir='ltr'>sed</span> <span class='ocrx_word' id='word_1_426' title='bbox 2204 2959 2316 3026; x_wconf 90' lang='lat' dir='ltr'><strong>ipse</strong></span> <span class='ocrx_word' id='word_1_427' title='bbox 2357 2972 2453 3025; x_wconf 87' lang='lat' dir='ltr'>per</span> <span class='ocrx_word' id='word_1_428' title='bbox 2489 2971 2571 3019; x_wconf 86' lang='lat' dir='ltr'>se,</span> <span class='ocrx_word' id='word_1_429' title='bbox 2604 2958 2811 3023; x_wconf 75' lang='lat' dir='ltr'><strong>absque</strong></span> <span class='ocrx_word' id='word_1_430' title='bbox 2863 2956 2971 3009; x_wconf 90' lang='lat' dir='ltr'><strong>ullo</strong></span> <span class='ocrx_word' id='word_1_431' title='bbox 3012 2957 3355 3024; x_wconf 87' lang='lat' dir='ltr'><strong>operimento</strong></span> <span class='ocrx_word' id='word_1_432' title='bbox 3402 2954 3487 3010; x_wconf 76' lang='lat' dir='ltr'>vel</span> 
     </span>
    </p>
   </div>
   <div class='ocr_carea' id='block_1_58' title="bbox 1897 3044 3485 3117">
    <p class='ocr_par' dir='ltr' id='par_1_58' title="bbox 1897 3044 3485 3117">
     <span class='ocr_line' id='line_1_59' title="bbox 1897 3044 3485 3117; baseline -0.002 -15"><span class='ocrx_word' id='word_1_433' title='bbox 1897 3046 2219 3117; x_wconf 86' lang='lat' dir='ltr'><strong>interprete,</strong></span> <span class='ocrx_word' id='word_1_434' title='bbox 2259 3061 2447 3117; x_wconf 82' lang='lat' dir='ltr'><strong>reapse</strong></span> <span class='ocrx_word' id='word_1_435' title='bbox 2491 3048 2830 3116; x_wconf 73' lang='lat' dir='ltr'><strong>unigenitum</strong></span> <span class='ocrx_word' id='word_1_436' title='bbox 2882 3044 3077 3099; x_wconf 82' lang='lat' dir='ltr'><strong>Filium</strong></span> <span class='ocrx_word' id='word_1_437' title='bbox 3127 3061 3283 3099; x_wconf 89' lang='lat' dir='ltr'><strong>suum</strong></span> <span class='ocrx_word' id='word_1_438' title='bbox 3318 3060 3485 3116; x_wconf 76' lang='lat' dir='ltr'><strong>supra</strong></span> 
     </span>
    </p>
   </div>
   <div class='ocr_carea' id='block_1_59' title="bbox 1896 3137 3486 3203">
    <p class='ocr_par' dir='ltr' id='par_1_59' title="bbox 1896 3137 3486 3203">
     <span class='ocr_line' id='line_1_60' title="bbox 1896 3137 3486 3203; baseline -0.001 -10"><span class='ocrx_word' id='word_1_439' title='bbox 1896 3154 2088 3193; x_wconf 84' lang='lat' dir='ltr'><strong>omnes</strong></span> <span class='ocrx_word' id='word_1_440' title='bbox 2115 3148 2333 3193; x_wconf 87' lang='lat' dir='ltr'><strong>sanctos</strong></span> <span class='ocrx_word' id='word_1_441' title='bbox 2376 3137 2740 3203; x_wconf 74' lang='lat' dir='ltr'><strong>glorillcahit,</strong></span> <span class='ocrx_word' id='word_1_442' title='bbox 2780 3151 3155 3192; x_wconf 86' lang='lat' dir='ltr'><strong>consessorem</strong></span> <span class='ocrx_word' id='word_1_443' title='bbox 3199 3152 3355 3190; x_wconf 88' lang='lat' dir='ltr'><strong>suum</strong></span> <span class='ocrx_word' id='word_1_444' title='bbox 3400 3152 3486 3192; x_wconf 86' lang='lat' dir='ltr'>re-</span> 
     </span>
    </p>
   </div>
   <div class='ocr_carea' id='block_1_60' title="bbox 199 3223 1789 3300">
    <p class='ocr_par' dir='ltr' id='par_1_60' title="bbox 199 3223 1789 3295">
     <span class='ocr_line' id='line_1_61' title="bbox 199 3223 1789 3295; baseline 0.001 -19"><span class='ocrx_word' id='word_1_445' title='bbox 199 3223 334 3278; x_wconf 80' lang='grc' dir='ltr'>Υίὸν</span> <span class='ocrx_word' id='word_1_446' title='bbox 367 3223 461 3276; x_wconf 75' lang='grc' dir='ltr'>ἐπὶ</span> <span class='ocrx_word' id='word_1_447' title='bbox 494 3223 711 3278; x_wconf 85' lang='grc' dir='ltr'>πάντων</span> <span class='ocrx_word' id='word_1_448' title='bbox 749 3225 859 3279; x_wconf 82' lang='grc' dir='ltr'>τῶν</span> <span class='ocrx_word' id='word_1_449' title='bbox 888 3225 1060 3294; x_wconf 86' lang='grc' dir='ltr'>ἀγίων</span> <span class='ocrx_word' id='word_1_450' title='bbox 1089 3223 1253 3278; x_wconf 84' lang='grc' dir='ltr'>αὑτοῦ</span> <span class='ocrx_word' id='word_1_451' title='bbox 1281 3223 1530 3290; x_wconf 84' lang='grc' dir='ltr'>δοξάσει,</span> <span class='ocrx_word' id='word_1_452' title='bbox 1562 3224 1789 3295; x_wconf 84' lang='grc' dir='ltr'>σύνθρο-</span> 
     </span>
    </p>
   </div>
   <div class='ocr_carea' id='block_1_61' title="bbox 1897 3223 3488 3300">
    <p class='ocr_par' dir='ltr' id='par_1_61' title="bbox 1897 3230 3488 3300">
     <span class='ocr_line' id='line_1_62' title="bbox 1897 3230 3488 3300; baseline -0.002 -17"><span class='ocrx_word' id='word_1_453' title='bbox 1897 3232 2095 3300; x_wconf 77' lang='lat' dir='ltr'><strong>gnique</strong></span> <span class='ocrx_word' id='word_1_454' title='bbox 2123 3230 2448 3299; x_wconf 81' lang='lat' dir='ltr'><strong>participem</strong></span> <span class='ocrx_word' id='word_1_455' title='bbox 2476 3244 2597 3283; x_wconf 90' lang='lat' dir='ltr'><strong>esse</strong></span> <span class='ocrx_word' id='word_1_456' title='bbox 2639 3230 3045 3293; x_wconf 83' lang='lat' dir='ltr'><strong>tlctttonstruns,</strong></span> <span class='ocrx_word' id='word_1_457' title='bbox 3079 3237 3136 3281; x_wconf 86' lang='lat' dir='ltr'><strong>et</strong></span> <span class='ocrx_word' id='word_1_458' title='bbox 3168 3242 3329 3295; x_wconf 82' lang='lat' dir='ltr'><strong>supra</strong></span> <span class='ocrx_word' id='word_1_459' title='bbox 3369 3242 3488 3280; x_wconf 84' lang='lat' dir='ltr'><strong>out-</strong></span> 
     </span>
    </p>
   </div>
   <div class='ocr_carea' id='block_1_62' title="bbox 198 3314 1795 3389">
    <p class='ocr_par' dir='ltr' id='par_1_62' title="bbox 198 3314 1795 3389">
     <span class='ocr_line' id='line_1_63' title="bbox 198 3314 1795 3389; baseline 0.001 -20"><span class='ocrx_word' id='word_1_460' title='bbox 198 3332 294 3369; x_wconf 89' lang='grc' dir='ltr'>νον</span> <span class='ocrx_word' id='word_1_461' title='bbox 345 3314 508 3369; x_wconf 77' lang='grc' dir='ltr'>αὐτὸν</span> <span class='ocrx_word' id='word_1_462' title='bbox 568 3316 747 3387; x_wconf 73' lang='grc' dir='ltr'>ἑαυτῷ</span> <span class='ocrx_word' id='word_1_463' title='bbox 805 3318 899 3371; x_wconf 80' lang='grc' dir='ltr'>καὶ</span> <span class='ocrx_word' id='word_1_464' title='bbox 945 3316 1283 3389; x_wconf 82' lang='grc' dir='ltr'>συμϐασιλέα</span> <span class='ocrx_word' id='word_1_465' title='bbox 1326 3316 1635 3383; x_wconf 84' lang='grc' dir='ltr'>ἀποδείξας,</span> <span class='ocrx_word' id='word_1_466' title='bbox 1702 3318 1795 3371; x_wconf 66' lang='grc' dir='ltr'>κα)⁵</span> 
     </span>
    </p>
   </div>
   <div class='ocr_carea' id='block_1_63' title="bbox 200 3407 1795 3481">
    <p class='ocr_par' dir='ltr' id='par_1_63' title="bbox 200 3407 1795 3481">
     <span class='ocr_line' id='line_1_64' title="bbox 200 3407 1795 3481; baseline -0.001 -20"><span class='ocrx_word' id='word_1_467' title='bbox 200 3408 464 3479; x_wconf 76' lang='grc' dir='ltr'>ὑπεράνω</span> <span class='ocrx_word' id='word_1_468' title='bbox 491 3410 672 3481; x_wconf 85' lang='grc' dir='ltr'>πάσης</span> <span class='ocrx_word' id='word_1_469' title='bbox 699 3411 873 3481; x_wconf 83' lang='grc' dir='ltr'>ἀρχῆς</span> <span class='ocrx_word' id='word_1_470' title='bbox 902 3411 1251 3480; x_wconf 85' lang='grc' dir='ltr'>καταστήσας</span> <span class='ocrx_word' id='word_1_471' title='bbox 1278 3408 1441 3461; x_wconf 73' lang='grc' dir='ltr'>αὐτόν</span> <span class='ocrx_word' id='word_1_472' title='bbox 1466 3425 1479 3437; x_wconf 91' lang='grc'>·</span> <span class='ocrx_word' id='word_1_473' title='bbox 1507 3407 1631 3461; x_wconf 73' lang='grc' dir='ltr'>οὔτε</span> <span class='ocrx_word' id='word_1_474' title='bbox 1664 3408 1795 3460; x_wconf 79' lang='grc' dir='ltr'>οὑκ-</span> 
     </span>
    </p>
   </div>
   <div class='ocr_carea' id='block_1_64' title="bbox 200 3497 1791 3575">
    <p class='ocr_par' dir='ltr' id='par_1_64' title="bbox 200 3497 1791 3575">
     <span class='ocr_line' id='line_1_65' title="bbox 200 3497 1791 3575; baseline -0.001 -23"><span class='ocrx_word' id='word_1_475' title='bbox 200 3499 286 3552; x_wconf 81' lang='grc' dir='ltr'>έτι</span> <span class='ocrx_word' id='word_1_476' title='bbox 348 3498 536 3572; x_wconf 84' lang='grc' dir='ltr'>ὥσπερ</span> <span class='ocrx_word' id='word_1_477' title='bbox 576 3501 696 3555; x_wconf 86' lang='grc' dir='ltr'>τότε</span> <span class='ocrx_word' id='word_1_478' title='bbox 745 3504 793 3555; x_wconf 86' lang='grc' dir='ltr'>οἱ</span> <span class='ocrx_word' id='word_1_479' title='bbox 847 3505 997 3575; x_wconf 80' lang='grc' dir='ltr'>τρεῖς</span> <span class='ocrx_word' id='word_1_480' title='bbox 1059 3500 1299 3572; x_wconf 81' lang='grc' dir='ltr'>μαθηταὶ</span> <span class='ocrx_word' id='word_1_481' title='bbox 1357 3500 1508 3570; x_wconf 89' lang='grc' dir='ltr'>μόνοι</span> <span class='ocrx_word' id='word_1_482' title='bbox 1560 3499 1652 3552; x_wconf 76' lang='grc' dir='ltr'>ἐπὶ</span> <span class='ocrx_word' id='word_1_483' title='bbox 1696 3497 1791 3553; x_wconf 92' lang='grc' dir='ltr'>τοῦ</span> 
     </span>
    </p>
   </div>
   <div class='ocr_carea' id='block_1_65' title="bbox 200 3589 1791 3665">
    <p class='ocr_par' dir='ltr' id='par_1_65' title="bbox 200 3589 1791 3665">
     <span class='ocr_line' id='line_1_66' title="bbox 200 3589 1791 3665; baseline -0.002 -21"><span class='ocrx_word' id='word_1_484' title='bbox 200 3589 367 3663; x_wconf 73' lang='grc' dir='ltr'>ὅρους</span> <span class='ocrx_word' id='word_1_485' title='bbox 414 3592 745 3657; x_wconf 83' lang='grc' dir='ltr'>ἀκούσαντες</span> <span class='ocrx_word' id='word_1_486' title='bbox 783 3594 884 3663; x_wconf 81' lang='grc' dir='ltr'>τῆς</span> <span class='ocrx_word' id='word_1_487' title='bbox 917 3593 1098 3665; x_wconf 80' lang='grc' dir='ltr'>φωνῆς</span> <span class='ocrx_word' id='word_1_488' title='bbox 1127 3593 1219 3645; x_wconf 72' lang='grc' dir='ltr'>ἐπὶ</span> <span class='ocrx_word' id='word_1_489' title='bbox 1257 3592 1546 3663; x_wconf 87' lang='grc' dir='ltr'>πρόσωπον</span> <span class='ocrx_word' id='word_1_490' title='bbox 1577 3590 1791 3655; x_wconf 74' lang='grc' dir='ltr'>ἔπεσον,</span> 
     </span>
    </p>
   </div>
   <div class='ocr_carea' id='block_1_66' title="bbox 201 3682 1793 3757">
    <p class='ocr_par' dir='ltr' id='par_1_66' title="bbox 201 3682 1793 3757">
     <span class='ocr_line' id='line_1_67' title="bbox 201 3682 1793 3757; baseline -0.001 -21"><span class='ocrx_word' id='word_1_491' title='bbox 201 3685 302 3736; x_wconf 78' lang='grc' dir='ltr'>καὶ</span> <span class='ocrx_word' id='word_1_492' title='bbox 332 3684 697 3757; x_wconf 77' lang='grc' dir='ltr'>ἐφοϐήθησαν,</span> <span class='ocrx_word' id='word_1_493' title='bbox 740 3685 877 3739; x_wconf 79' lang='grc' dir='ltr'>ἀλλὰ</span> <span class='ocrx_word' id='word_1_494' title='bbox 910 3686 1004 3739; x_wconf 80' lang='grc' dir='ltr'>καὶ</span> <span class='ocrx_word' id='word_1_495' title='bbox 1031 3686 1139 3739; x_wconf 78' lang='grc' dir='ltr'>πᾶν</span> <span class='ocrx_word' id='word_1_496' title='bbox 1162 3684 1289 3753; x_wconf 84' lang='grc' dir='ltr'>γόνυ</span> <span class='ocrx_word' id='word_1_497' title='bbox 1323 3682 1531 3753; x_wconf 65' lang='grc' dir='ltr'>κάμψει</span> <span class='ocrx_word' id='word_1_498' title='bbox 1556 3685 1793 3752; x_wconf 77' lang='grc' dir='ltr'>ἐπουρα-</span> 
     </span>
    </p>
   </div>
   <div class='ocr_carea' id='block_1_67' title="bbox 202 3776 1303 3851">
    <p class='ocr_par' dir='ltr' id='par_1_67' title="bbox 202 3776 1303 3851">
     <span class='ocr_line' id='line_1_68' title="bbox 202 3776 1303 3851; baseline -0.001 -22"><span class='ocrx_word' id='word_1_499' title='bbox 202 3776 337 3851; x_wconf 83' lang='grc' dir='ltr'>νίων</span> <span class='ocrx_word' id='word_1_500' title='bbox 373 3777 466 3829; x_wconf 70' lang='grc' dir='ltr'>καὶ</span> <span class='ocrx_word' id='word_1_501' title='bbox 500 3778 755 3845; x_wconf 71' lang='grc' dir='ltr'>ἐπιγείων</span> <span class='ocrx_word' id='word_1_502' title='bbox 788 3778 882 3831; x_wconf 76' lang='grc' dir='ltr'>καὶ</span> <span class='ocrx_word' id='word_1_503' title='bbox 912 3777 1303 3848; x_wconf 82' lang='grc' dir='ltr'>καταχθονίων.</span> 
     </span>
    </p>
   </div>
   <div class='ocr_carea' id='block_1_68' title="bbox 230 3867 1759 3939">
    <p class='ocr_par' dir='ltr' id='par_1_68' title="bbox 230 3867 1759 3939">
     <span class='ocr_line' id='line_1_69' title="bbox 230 3867 1759 3939; baseline 0.001 -19"><span class='ocrx_word' id='word_1_504' title='bbox 230 3867 406 3935; x_wconf 74' lang='grc' dir='ltr'>Φωνὴ</span> <span class='ocrx_word' id='word_1_505' title='bbox 438 3867 674 3937; x_wconf 79' lang='grc' dir='ltr'>ἐγένετο</span> <span class='ocrx_word' id='word_1_506' title='bbox 700 3869 768 3922; x_wconf 80' lang='grc' dir='ltr'>ἐκ</span> <span class='ocrx_word' id='word_1_507' title='bbox 796 3868 905 3939; x_wconf 85' lang='grc' dir='ltr'>τῆς</span> <span class='ocrx_word' id='word_1_508' title='bbox 940 3868 1200 3939; x_wconf 64' lang='grc' dir='ltr'>νεφέλης</span> <span class='ocrx_word' id='word_1_509' title='bbox 1227 3867 1516 3939; x_wconf 73' lang='grc' dir='ltr'>λέγουσα,</span> <span class='ocrx_word' id='word_1_510' title='bbox 1546 3886 1600 3921; x_wconf 87' lang='grc' dir='ltr'>κ.</span> <span class='ocrx_word' id='word_1_511' title='bbox 1634 3885 1683 3922; x_wconf 87' lang='grc' dir='ltr'>τ.</span> <span class='ocrx_word' id='word_1_512' title='bbox 1710 3868 1759 3921; x_wconf 95' lang='grc' dir='ltr'>λ.</span> 
     </span>
    </p>
   </div>
   <div class='ocr_carea' id='block_1_69' title="bbox 276 3958 1794 4032">
    <p class='ocr_par' dir='ltr' id='par_1_69' title="bbox 276 3958 1794 4032">
     <span class='ocr_line' id='line_1_70' title="bbox 276 3958 1794 4032; baseline 0.003 -22"><span class='ocrx_word' id='word_1_513' title='bbox 276 3958 432 4029; x_wconf 69' lang='grc' dir='ltr'>Φωνὴ</span> <span class='ocrx_word' id='word_1_514' title='bbox 458 3961 697 4031; x_wconf 80' lang='grc' dir='ltr'>πατρική</span> <span class='ocrx_word' id='word_1_515' title='bbox 720 3959 809 4015; x_wconf 81' lang='grc' dir='ltr'>διὰ</span> <span class='ocrx_word' id='word_1_516' title='bbox 834 3961 1084 4032; x_wconf 82' lang='grc' dir='ltr'>νεφέλης,</span> <span class='ocrx_word' id='word_1_517' title='bbox 1114 3960 1287 4025; x_wconf 77' lang='grc' dir='ltr'>οὕτως</span> <span class='ocrx_word' id='word_1_518' title='bbox 1334 3959 1443 4031; x_wconf 81' lang='grc' dir='ltr'>γὰρ</span> <span class='ocrx_word' id='word_1_519' title='bbox 1475 3961 1723 4029; x_wconf 79' lang='grc' dir='ltr'>φαίνεται</span> <span class='ocrx_word' id='word_1_520' title='bbox 1764 3962 1794 4014; x_wconf 98' lang='lat'>6</span> 
     </span>
    </p>
   </div>
   <div class='ocr_carea' id='block_1_70' title="bbox 202 4047 1791 4124">
    <p class='ocr_par' dir='ltr' id='par_1_70' title="bbox 202 4047 1791 4124">
     <span class='ocr_line' id='line_1_71' title="bbox 202 4047 1791 4124; baseline 0.003 -23"><span class='ocrx_word' id='word_1_521' title='bbox 202 4047 360 4112; x_wconf 80' lang='grc' dir='ltr'>Θεὸς,</span> <span class='ocrx_word' id='word_1_522' title='bbox 402 4048 699 4121; x_wconf 69' lang='grc' dir='ltr'>ἐμαρτύρει</span> <span class='ocrx_word' id='word_1_523' title='bbox 728 4051 948 4123; x_wconf 81' lang='grc' dir='ltr'>Χριστῷ</span> <span class='ocrx_word' id='word_1_524' title='bbox 981 4050 1078 4123; x_wconf 81' lang='grc' dir='ltr'>τὴν</span> <span class='ocrx_word' id='word_1_525' title='bbox 1118 4052 1372 4121; x_wconf 76' lang='grc' dir='ltr'>υίότηταο</span> <span class='ocrx_word' id='word_1_526' title='bbox 1410 4051 1514 4105; x_wconf 77' lang='grc' dir='ltr'>ἔδει</span> <span class='ocrx_word' id='word_1_527' title='bbox 1560 4052 1670 4124; x_wconf 80' lang='grc' dir='ltr'>γάρ</span> <span class='ocrx_word' id='word_1_528' title='bbox 1717 4052 1791 4124; x_wconf 85' lang='grc' dir='ltr'>μὴ</span> 
     </span>
    </p>
   </div>
   <div class='ocr_carea' id='block_1_71' title="bbox 204 4140 1794 4214">
    <p class='ocr_par' dir='ltr' id='par_1_71' title="bbox 204 4140 1794 4214">
     <span class='ocr_line' id='line_1_72' title="bbox 204 4140 1794 4214; baseline 0.002 -20"><span class='ocrx_word' id='word_1_529' title='bbox 204 4140 361 4211; x_wconf 79' lang='grc' dir='ltr'>παρά</span> <span class='ocrx_word' id='word_1_530' title='bbox 387 4140 592 4212; x_wconf 84' lang='grc' dir='ltr'>Πέτρου</span> <span class='ocrx_word' id='word_1_531' title='bbox 623 4140 785 4211; x_wconf 85' lang='grc' dir='ltr'>μόνου</span> <span class='ocrx_word' id='word_1_532' title='bbox 814 4142 1149 4212; x_wconf 81' lang='grc' dir='ltr'>γνωσθῆναι,</span> <span class='ocrx_word' id='word_1_533' title='bbox 1174 4143 1255 4196; x_wconf 84' lang='grc' dir='ltr'>ὃτι</span> <span class='ocrx_word' id='word_1_534' title='bbox 1278 4142 1439 4206; x_wconf 79' lang='grc' dir='ltr'>αὐτὸς</span> <span class='ocrx_word' id='word_1_535' title='bbox 1480 4144 1565 4214; x_wconf 70' lang='grc' dir='ltr'>εἴη</span> <span class='ocrx_word' id='word_1_536' title='bbox 1601 4146 1630 4196; x_wconf 93' lang='lat'>6</span> <span class='ocrx_word' id='word_1_537' title='bbox 1659 4144 1794 4214; x_wconf 79' lang='grc' dir='ltr'>Χρι-</span> 
     </span>
    </p>
   </div>
   <div class='ocr_carea' id='block_1_72' title="bbox 206 4231 1792 4306">
    <p class='ocr_par' dir='ltr' id='par_1_72' title="bbox 206 4231 1792 4306">
     <span class='ocr_line' id='line_1_73' title="bbox 206 4231 1792 4306; baseline 0.003 -21"><span class='ocrx_word' id='word_1_538' title='bbox 206 4231 382 4295; x_wconf 83' lang='grc' dir='ltr'>στδςό</span> <span class='ocrx_word' id='word_1_539' title='bbox 413 4232 540 4296; x_wconf 77' lang='grc' dir='ltr'>Υἱὸς</span> <span class='ocrx_word' id='word_1_540' title='bbox 572 4233 666 4286; x_wconf 90' lang='grc' dir='ltr'>τοῦ</span> <span class='ocrx_word' id='word_1_541' title='bbox 704 4234 838 4288; x_wconf 83' lang='grc' dir='ltr'>Θεοῦ</span> <span class='ocrx_word' id='word_1_542' title='bbox 866 4235 960 4289; x_wconf 92' lang='grc' dir='ltr'>τοῦ</span> <span class='ocrx_word' id='word_1_543' title='bbox 996 4235 1228 4301; x_wconf 76' lang='grc' dir='ltr'>ζῶντος’</span> <span class='ocrx_word' id='word_1_544' title='bbox 1266 4234 1388 4306; x_wconf 78' lang='grc' dir='ltr'>μηδ’</span> <span class='ocrx_word' id='word_1_545' title='bbox 1436 4235 1599 4289; x_wconf 68' lang='grc' dir='ltr'>αὑτὸν</span> <span class='ocrx_word' id='word_1_546' title='bbox 1633 4236 1792 4306; x_wconf 89' lang='grc' dir='ltr'>μόνον</span> 
     </span>
    </p>
   </div>
   <div class='ocr_carea' id='block_1_73' title="bbox 202 4326 1790 4400">
    <p class='ocr_par' dir='ltr' id='par_1_73' title="bbox 202 4326 1790 4400">
     <span class='ocr_line' id='line_1_74' title="bbox 202 4326 1790 4400; baseline 0.001 -21"><span class='ocrx_word' id='word_1_547' title='bbox 202 4326 287 4397; x_wconf 82' lang='grc' dir='ltr'>τῷ</span> <span class='ocrx_word' id='word_1_548' title='bbox 310 4326 497 4400; x_wconf 81' lang='grc' dir='ltr'>Πέτρῳ</span> <span class='ocrx_word' id='word_1_549' title='bbox 534 4329 1017 4400; x_wconf 82' lang='grc' dir='ltr'>μεμαρτυρηκέναι</span> <span class='ocrx_word' id='word_1_550' title='bbox 1040 4330 1115 4392; x_wconf 84' lang='grc' dir='ltr'>ὡς</span> <span class='ocrx_word' id='word_1_551' title='bbox 1138 4328 1289 4400; x_wconf 83' lang='grc' dir='ltr'>παρά</span> <span class='ocrx_word' id='word_1_552' title='bbox 1315 4328 1408 4380; x_wconf 84' lang='grc' dir='ltr'>τοῦ</span> <span class='ocrx_word' id='word_1_553' title='bbox 1454 4329 1669 4398; x_wconf 74' lang='grc' dir='ltr'>Πατρὸς</span> <span class='ocrx_word' id='word_1_554' title='bbox 1696 4327 1790 4380; x_wconf 89' lang='grc' dir='ltr'>τοῦ</span> 
     </span>
    </p>
   </div>
   <div class='ocr_carea' id='block_1_74' title="bbox 205 4417 1785 4494">
    <p class='ocr_par' dir='ltr' id='par_1_74' title="bbox 205 4417 1785 4494">
     <span class='ocr_line' id='line_1_75' title="bbox 205 4417 1785 4494; baseline -0.003 -21"><span class='ocrx_word' id='word_1_555' title='bbox 205 4422 271 4473; x_wconf 69' lang='grc' dir='ltr'>ιν</span> <span class='ocrx_word' id='word_1_556' title='bbox 299 4423 411 4483; x_wconf 80' lang='grc' dir='ltr'>τοῖς</span> <span class='ocrx_word' id='word_1_557' title='bbox 438 4422 688 4494; x_wconf 80' lang='grc' dir='ltr'>οὐρανοῖς</span> <span class='ocrx_word' id='word_1_558' title='bbox 714 4420 814 4493; x_wconf 84' lang='grc' dir='ltr'>τὴν</span> <span class='ocrx_word' id='word_1_559' title='bbox 842 4424 970 4492; x_wconf 77' lang='grc' dir='ltr'>περὶ</span> <span class='ocrx_word' id='word_1_560' title='bbox 998 4420 1164 4475; x_wconf 77' lang='grc' dir='ltr'>αὑτοῦ</span> <span class='ocrx_word' id='word_1_561' title='bbox 1192 4420 1393 4489; x_wconf 85' lang='grc' dir='ltr'>γνῶσιν</span> <span class='ocrx_word' id='word_1_562' title='bbox 1416 4418 1651 4488; x_wconf 73' lang='grc' dir='ltr'>εἰληφὼς</span> <span class='ocrx_word' id='word_1_563' title='bbox 1680 4417 1785 4491; x_wconf 86' lang='grc' dir='ltr'>είη·</span> 
     </span>
    </p>
   </div>
   <div class='ocr_carea' id='block_1_75' title="bbox 206 4509 1790 4585">
    <p class='ocr_par' dir='ltr' id='par_1_75' title="bbox 206 4509 1790 4585">
     <span class='ocr_line' id='line_1_76' title="bbox 206 4509 1790 4585; baseline -0.003 -20"><span class='ocrx_word' id='word_1_564' title='bbox 206 4511 346 4565; x_wconf 75' lang='grc' dir='ltr'>ἀλλά</span> <span class='ocrx_word' id='word_1_565' title='bbox 369 4513 461 4566; x_wconf 75' lang='grc' dir='ltr'>καὶ</span> <span class='ocrx_word' id='word_1_566' title='bbox 508 4513 677 4585; x_wconf 73' lang='grc' dir='ltr'>αὐτὴν</span> <span class='ocrx_word' id='word_1_567' title='bbox 708 4515 808 4584; x_wconf 77' lang='grc' dir='ltr'>τὴν</span> <span class='ocrx_word' id='word_1_568' title='bbox 838 4514 1107 4583; x_wconf 81' lang='grc' dir='ltr'>πατρικὴν</span> <span class='ocrx_word' id='word_1_569' title='bbox 1166 4511 1349 4582; x_wconf 85' lang='grc' dir='ltr'>φωνὴν</span> <span class='ocrx_word' id='word_1_570' title='bbox 1393 4509 1790 4582; x_wconf 78' lang='grc' dir='ltr'>ἐπισφραγίσα-</span> 
     </span>
    </p>
   </div>
   <div class='ocr_carea' id='block_1_76' title="bbox 208 4600 1790 4677">
    <p class='ocr_par' dir='ltr' id='par_1_76' title="bbox 208 4600 1790 4677">
     <span class='ocr_line' id='line_1_77' title="bbox 208 4600 1790 4677; baseline -0.002 -21"><span class='ocrx_word' id='word_1_571' title='bbox 208 4602 337 4658; x_wconf 88' lang='grc' dir='ltr'>σθαι</span> <span class='ocrx_word' id='word_1_572' title='bbox 366 4603 463 4675; x_wconf 82' lang='grc' dir='ltr'>τήν</span> <span class='ocrx_word' id='word_1_573' title='bbox 504 4604 762 4677; x_wconf 81' lang='grc' dir='ltr'>ἀλήθειαν</span> <span class='ocrx_word' id='word_1_574' title='bbox 798 4605 894 4659; x_wconf 90' lang='grc' dir='ltr'>τοῦ</span> <span class='ocrx_word' id='word_1_575' title='bbox 946 4604 1136 4673; x_wconf 80' lang='grc' dir='ltr'>λόγου,</span> <span class='ocrx_word' id='word_1_576' title='bbox 1197 4602 1576 4675; x_wconf 77' lang='grc' dir='ltr'>μαρτυροῦσαν</span> <span class='ocrx_word' id='word_1_577' title='bbox 1627 4600 1790 4654; x_wconf 83' lang='grc' dir='ltr'>αὐτὸν</span> 
     </span>
    </p>
   </div>
   <div class='ocr_carea' id='block_1_77' title="bbox 205 4691 1792 4767">
    <p class='ocr_par' dir='ltr' id='par_1_77' title="bbox 205 4691 1792 4767">
     <span class='ocr_line' id='line_1_78' title="bbox 205 4691 1792 4767; baseline -0.003 -19"><span class='ocrx_word' id='word_1_578' title='bbox 205 4691 351 4750; x_wconf 81' lang='grc' dir='ltr'>εἶναι</span> <span class='ocrx_word' id='word_1_579' title='bbox 384 4697 511 4750; x_wconf 82' lang='grc' dir='ltr'>Υίὺν</span> <span class='ocrx_word' id='word_1_580' title='bbox 535 4697 630 4751; x_wconf 89' lang='grc' dir='ltr'>τοῦ</span> <span class='ocrx_word' id='word_1_581' title='bbox 662 4697 821 4767; x_wconf 85' lang='grc' dir='ltr'>Θεοῦ,</span> <span class='ocrx_word' id='word_1_582' title='bbox 853 4697 962 4751; x_wconf 81' lang='grc' dir='ltr'>δεῖν</span> <span class='ocrx_word' id='word_1_583' title='bbox 997 4714 1057 4751; x_wconf 85' lang='grc' dir='ltr'>τε</span> <span class='ocrx_word' id='word_1_584' title='bbox 1111 4696 1329 4750; x_wconf 83' lang='grc' dir='ltr'>ἀκούειν</span> <span class='ocrx_word' id='word_1_585' title='bbox 1350 4692 1515 4747; x_wconf 84' lang='grc' dir='ltr'>αὑτοῦ</span> <span class='ocrx_word' id='word_1_586' title='bbox 1550 4707 1792 4764; x_wconf 89' lang='grc' dir='ltr'>παρακε-</span> 
     </span>
    </p>
   </div>
   <div class='ocr_carea' id='block_1_78' title="bbox 206 4788 530 4861">
    <p class='ocr_par' dir='ltr' id='par_1_78' title="bbox 206 4788 530 4861">
     <span class='ocr_line' id='line_1_79' title="bbox 206 4788 530 4861; baseline 0.006 -20"><span class='ocrx_word' id='word_1_587' title='bbox 206 4788 530 4861; x_wconf 81' lang='grc' dir='ltr'>λευομένην.</span> 
     </span>
    </p>
   </div>
   <div class='ocr_carea' id='block_1_79' title="bbox 220 4876 1793 4952">
    <p class='ocr_par' dir='ltr' id='par_1_79' title="bbox 220 4876 1793 4952">
     <span class='ocr_line' id='line_1_80' title="bbox 220 4876 1793 4952; baseline -0.002 -17"><span class='ocrx_word' id='word_1_588' title='bbox 220 4878 367 4935; x_wconf 76' lang='grc' dir='ltr'>Ἐὰν</span> <span class='ocrx_word' id='word_1_589' title='bbox 387 4879 505 4949; x_wconf 71' lang='grc' dir='ltr'>μέν</span> <span class='ocrx_word' id='word_1_590' title='bbox 535 4876 581 4952; x_wconf 79' lang='grc' dir='ltr'><em>ᾖ</em></span> <span class='ocrx_word' id='word_1_591' title='bbox 616 4882 744 4937; x_wconf 80' lang='grc' dir='ltr'>ἐκεῖ</span> <span class='ocrx_word' id='word_1_592' title='bbox 766 4884 796 4935; x_wconf 89' lang='lat'>6</span> <span class='ocrx_word' id='word_1_593' title='bbox 826 4884 957 4950; x_wconf 82' lang='grc' dir='ltr'>υίὸς</span> <span class='ocrx_word' id='word_1_594' title='bbox 1002 4882 1264 4951; x_wconf 77' lang='grc' dir='ltr'>εἰρήνης,</span> <span class='ocrx_word' id='word_1_595' title='bbox 1301 4880 1793 4952; x_wconf 14' lang='grc' dir='ltr'>ἐκπαναπαύσεται</span> 
     </span>
    </p>
   </div>
   <div class='ocr_carea' id='block_1_80' title="bbox 579 4951 1415 5023">
    <p class='ocr_par' dir='ltr' id='par_1_80' title="bbox 579 4951 1415 5023">
     <span class='ocr_line' id='line_1_81' title="bbox 579 4951 1415 5023; baseline -0.002 -18"><span class='ocrx_word' id='word_1_596' title='bbox 579 4951 675 5005; x_wconf 77' lang='grc' dir='ltr'>ἐπ’</span> <span class='ocrx_word' id='word_1_597' title='bbox 705 4954 895 5007; x_wconf 82' lang='grc' dir='ltr'>αὐτὸν</span> <span class='ocrx_word' id='word_1_598' title='bbox 922 4955 961 5022; x_wconf 77' lang='grc' dir='ltr'>ή</span> <span class='ocrx_word' id='word_1_599' title='bbox 988 4954 1198 5023; x_wconf 73' lang='grc' dir='ltr'>εἰρήνη</span> <span class='ocrx_word' id='word_1_600' title='bbox 1228 4951 1415 5021; x_wconf 79' lang='grc' dir='ltr'>ὑμῶν.</span> 
     </span>
    </p>
   </div>
   <div class='ocr_carea' id='block_1_81' title="bbox 294 5040 1793 5115">
    <p class='ocr_par' dir='ltr' id='par_1_81' title="bbox 294 5040 1793 5115">
     <span class='ocr_line' id='line_1_82' title="bbox 294 5040 1793 5115; baseline -0.002 -19"><span class='ocrx_word' id='word_1_601' title='bbox 294 5042 458 5114; x_wconf 70' lang='grc' dir='ltr'>Ὁρᾷς</span> <span class='ocrx_word' id='word_1_602' title='bbox 504 5044 650 5107; x_wconf 76' lang='grc' dir='ltr'>ὅπως</span> <span class='ocrx_word' id='word_1_603' title='bbox 682 5045 1066 5115; x_wconf 75' lang='grc' dir='ltr'>προεξετάξειν</span> <span class='ocrx_word' id='word_1_604' title='bbox 1122 5046 1217 5097; x_wconf 74' lang='grc' dir='ltr'>καὶ</span> <span class='ocrx_word' id='word_1_605' title='bbox 1278 5044 1353 5113; x_wconf 81' lang='grc' dir='ltr'>μὴ</span> <span class='ocrx_word' id='word_1_606' title='bbox 1392 5043 1556 5096; x_wconf 80' lang='grc' dir='ltr'>πᾶσιν</span> <span class='ocrx_word' id='word_1_607' title='bbox 1600 5040 1793 5109; x_wconf 78' lang='grc' dir='ltr'>ἀνέδην</span> 
     </span>
    </p>
   </div>
   <div class='ocr_carea' id='block_1_82' title="bbox 207 5133 1795 5209">
    <p class='ocr_par' dir='ltr' id='par_1_82' title="bbox 207 5133 1795 5209">
     <span class='ocr_line' id='line_1_83' title="bbox 207 5133 1795 5209; baseline -0.003 -18"><span class='ocrx_word' id='word_1_608' title='bbox 207 5138 439 5201; x_wconf 66' lang='grc' dir='ltr'>ἑαυτοὺς</span> <span class='ocrx_word' id='word_1_609' title='bbox 462 5137 728 5191; x_wconf 67' lang='grc' dir='ltr'>ἐκδιδόναι</span> <span class='ocrx_word' id='word_1_610' title='bbox 768 5140 1017 5209; x_wconf 79' lang='grc' dir='ltr'>παρῄνει,</span> <span class='ocrx_word' id='word_1_611' title='bbox 1055 5137 1192 5192; x_wconf 84' lang='grc' dir='ltr'>ἀλλὰ</span> <span class='ocrx_word' id='word_1_612' title='bbox 1215 5138 1309 5190; x_wconf 82' lang='grc' dir='ltr'>καὶ</span> <span class='ocrx_word' id='word_1_613' title='bbox 1334 5134 1581 5206; x_wconf 83' lang='grc' dir='ltr'>πρώτους</span> <span class='ocrx_word' id='word_1_614' title='bbox 1608 5134 1709 5202; x_wconf 85' lang='grc' dir='ltr'>τῆς</span> <span class='ocrx_word' id='word_1_615' title='bbox 1734 5133 1795 5197; x_wconf 63' lang='grc' dir='ltr'>ἑξ</span> 
     </span>
    </p>
   </div>
   <div class='ocr_carea' id='block_1_83' title="bbox 207 5221 1792 5299">
    <p class='ocr_par' dir='ltr' id='par_1_83' title="bbox 207 5221 1792 5299">
     <span class='ocr_line' id='line_1_84' title="bbox 207 5221 1792 5299; baseline -0.006 -17"><span class='ocrx_word' id='word_1_616' title='bbox 207 5224 396 5282; x_wconf 82' lang='grc' dir='ltr'>αὐτῶν</span> <span class='ocrx_word' id='word_1_617' title='bbox 434 5226 751 5298; x_wconf 78' lang='grc' dir='ltr'>εὐεργεσίας</span> <span class='ocrx_word' id='word_1_618' title='bbox 780 5228 1145 5299; x_wconf 81' lang='grc' dir='ltr'>ἀπάρχεσθαι,</span> <span class='ocrx_word' id='word_1_619' title='bbox 1182 5228 1277 5281; x_wconf 74' lang='grc' dir='ltr'>καὶ</span> <span class='ocrx_word' id='word_1_620' title='bbox 1317 5224 1565 5293; x_wconf 86' lang='grc' dir='ltr'>πρώτους</span> <span class='ocrx_word' id='word_1_621' title='bbox 1592 5221 1792 5275; x_wconf 89' lang='grc' dir='ltr'>διδόναι</span> 
     </span>
    </p>
   </div>
   <div class='ocr_carea' id='block_1_84' title="bbox 204 5313 1825 5391">
    <p class='ocr_par' dir='ltr' id='par_1_84' title="bbox 204 5313 1825 5391">
     <span class='ocr_line' id='line_1_85' title="bbox 204 5313 1825 5391; baseline -0.005 -18"><span class='ocrx_word' id='word_1_622' title='bbox 204 5318 324 5374; x_wconf 81' lang='grc' dir='ltr'>τῶν</span> <span class='ocrx_word' id='word_1_623' title='bbox 368 5318 551 5380; x_wconf 77' lang='grc' dir='ltr'>αὐτοῖς</span> <span class='ocrx_word' id='word_1_624' title='bbox 581 5319 975 5389; x_wconf 79' lang='grc' dir='ltr'>ὑπαρχόντων;</span> <span class='ocrx_word' id='word_1_625' title='bbox 1018 5320 1222 5391; x_wconf 76' lang='grc' dir='ltr'>Εἰρήνη</span> <span class='ocrx_word' id='word_1_626' title='bbox 1250 5319 1305 5371; x_wconf 84' lang='grc' dir='ltr'>δὲ</span> <span class='ocrx_word' id='word_1_627' title='bbox 1346 5314 1413 5388; x_wconf 77' lang='grc' dir='ltr'>ἦν</span> <span class='ocrx_word' id='word_1_628' title='bbox 1452 5315 1612 5385; x_wconf 72' lang='grc' dir='ltr'>αὕτη,</span> <span class='ocrx_word' id='word_1_629' title='bbox 1655 5313 1825 5383; x_wconf 82' lang='grc' dir='ltr'>πρέ-“</span> 
     </span>
    </p>
   </div>
   <div class='ocr_carea' id='block_1_85' title="bbox 208 5407 1793 5483">
    <p class='ocr_par' dir='ltr' id='par_1_85' title="bbox 208 5407 1793 5483">
     <span class='ocr_line' id='line_1_86' title="bbox 208 5407 1793 5483; baseline -0.005 -18"><span class='ocrx_word' id='word_1_630' title='bbox 208 5426 391 5465; x_wconf 68' lang='lat' dir='ltr'>mea</span> <span class='ocrx_word' id='word_1_631' title='bbox 426 5409 562 5465; x_wconf 83' lang='grc' dir='ltr'>Θεοῦ</span> <span class='ocrx_word' id='word_1_632' title='bbox 610 5410 967 5483; x_wconf 84' lang='grc' dir='ltr'>στρατιώταις</span> <span class='ocrx_word' id='word_1_633' title='bbox 1005 5411 1181 5482; x_wconf 82' lang='grc' dir='ltr'>φωνὴ,</span> <span class='ocrx_word' id='word_1_634' title='bbox 1224 5412 1513 5482; x_wconf 82' lang='grc' dir='ltr'>νικητήρια</span> <span class='ocrx_word' id='word_1_635' title='bbox 1554 5408 1677 5460; x_wconf 83' lang='grc' dir='ltr'>κατ’</span> <span class='ocrx_word' id='word_1_636' title='bbox 1702 5407 1793 5475; x_wconf 72' lang='grc' dir='ltr'>έχ-</span> 
     </span>
    </p>
   </div>
   <div class='ocr_carea' id='block_1_86' title="bbox 208 5498 1793 5577">
    <p class='ocr_par' dir='ltr' id='par_1_86' title="bbox 208 5498 1793 5577">
     <span class='ocr_line' id='line_1_87' title="bbox 208 5498 1793 5577; baseline -0.005 -19"><span class='ocrx_word' id='word_1_637' title='bbox 208 5504 361 5577; x_wconf 83' lang='grc' dir='ltr'>θρῶν</span> <span class='ocrx_word' id='word_1_638' title='bbox 390 5503 699 5576; x_wconf 86' lang='grc' dir='ltr'>ἀραμένοις.</span> <span class='ocrx_word' id='word_1_639' title='bbox 748 5504 941 5571; x_wconf 83' lang='grc' dir='ltr'>Δίωξιν</span> <span class='ocrx_word' id='word_1_640' title='bbox 973 5503 1105 5573; x_wconf 87' lang='grc' dir='ltr'>γοῦν</span> <span class='ocrx_word' id='word_1_641' title='bbox 1142 5503 1370 5575; x_wconf 76' lang='grc' dir='ltr'>ἐχθρῶν,</span> <span class='ocrx_word' id='word_1_642' title='bbox 1402 5503 1497 5555; x_wconf 76' lang='grc' dir='ltr'>καὶ</span> <span class='ocrx_word' id='word_1_643' title='bbox 1535 5498 1793 5569; x_wconf 79' lang='grc' dir='ltr'>καθαίρε-</span> 
     </span>
    </p>
   </div>
   <div class='ocr_carea' id='block_1_87' title="bbox 208 5588 1794 5665">
    <p class='ocr_par' dir='ltr' id='par_1_87' title="bbox 208 5588 1794 5665">
     <span class='ocr_line' id='line_1_88' title="bbox 208 5588 1794 5665; baseline -0.001 -16"><span class='ocrx_word' id='word_1_644' title='bbox 208 5613 300 5651; x_wconf 72' lang='grc' dir='ltr'>σιν</span> <span class='ocrx_word' id='word_1_645' title='bbox 330 5594 622 5665; x_wconf 74' lang='grc' dir='ltr'>πολεμίων,</span> <span class='ocrx_word' id='word_1_646' title='bbox 646 5594 779 5650; x_wconf 82' lang='grc' dir='ltr'>Θεοῦ</span> <span class='ocrx_word' id='word_1_647' title='bbox 805 5613 864 5650; x_wconf 89' lang='grc' dir='ltr'>τε</span> <span class='ocrx_word' id='word_1_648' title='bbox 890 5595 1109 5665; x_wconf 67' lang='grc' dir='ltr'>ψιλικάς</span> <span class='ocrx_word' id='word_1_649' title='bbox 1130 5594 1421 5663; x_wconf 77' lang='grc' dir='ltr'>διαλλαγὰς</span> <span class='ocrx_word' id='word_1_650' title='bbox 1436 5593 1500 5647; x_wconf 82' lang='grc' dir='ltr'>τὸ</span> <span class='ocrx_word' id='word_1_651' title='bbox 1522 5592 1619 5662; x_wconf 77' lang='grc' dir='ltr'>τῆς</span> <span class='ocrx_word' id='word_1_652' title='bbox 1644 5588 1794 5659; x_wconf 71' lang='grc' dir='ltr'>εἰρή-</span> 
     </span>
    </p>
   </div>
   <div class='ocr_carea' id='block_1_88' title="bbox 293 5787 1789 5866">
    <p class='ocr_par' dir='ltr' id='par_1_88' title="bbox 293 5794 1785 5866">
     <span class='ocr_line' id='line_1_89' title="bbox 293 5794 1785 5866; baseline 0 -15"><span class='ocrx_word' id='word_1_653' title='bbox 293 5794 336 5826; x_wconf 87' lang='lat'><strong>&quot;</strong></span> <span class='ocrx_word' id='word_1_654' title='bbox 363 5810 482 5866; x_wconf 89' lang='lat' dir='ltr'><strong>cap.</strong></span> <span class='ocrx_word' id='word_1_655' title='bbox 511 5794 695 5863; x_wconf 62' lang='lat'>13,23.</span> <span class='ocrx_word' id='word_1_656' title='bbox 770 5799 815 5829; x_wconf 83' lang='grc'>⁷⁸</span> <span class='ocrx_word' id='word_1_657' title='bbox 850 5798 1019 5853; x_wconf 73' lang='lat' dir='ltr'><strong>Exod.</strong></span> <span class='ocrx_word' id='word_1_658' title='bbox 1060 5814 1248 5865; x_wconf 67' lang='lat' dir='ltr'><strong>xsxui,</strong></span> <span class='ocrx_word' id='word_1_659' title='bbox 1288 5796 1383 5852; x_wconf 75' lang='lat'>&#39;23.</span> <span class='ocrx_word' id='word_1_660' title='bbox 1459 5796 1500 5829; x_wconf 71' lang='grc' dir='ltr'>τ’</span> <span class='ocrx_word' id='word_1_661' title='bbox 1538 5794 1575 5851; x_wconf 87' lang='grc' dir='ltr'>ιι</span> <span class='ocrx_word' id='word_1_662' title='bbox 1607 5794 1732 5853; x_wconf 85' lang='lat' dir='ltr'><strong>Cor.</strong></span> <span class='ocrx_word' id='word_1_663' title='bbox 1771 5810 1785 5851; x_wconf 87' lang='grc' dir='ltr'>ι</span> 
     </span>
    </p>
   </div>
   <div class='ocr_carea' id='block_1_89' title="bbox 1897 5787 3036 5866">
    <p class='ocr_par' dir='ltr' id='par_1_89' title="bbox 1897 5787 3036 5864">
     <span class='ocr_line' id='line_1_90' title="bbox 1897 5787 3036 5864; baseline -0.009 -10"><span class='ocrx_word' id='word_1_664' title='bbox 1897 5795 1946 5854; x_wconf 83' lang='grc' dir='ltr'>Β.</span> <span class='ocrx_word' id='word_1_665' title='bbox 2024 5793 2070 5826; x_wconf 84' lang='grc'><strong>⁸⁸</strong></span> <span class='ocrx_word' id='word_1_666' title='bbox 2099 5790 2327 5864; x_wconf 78' lang='lat' dir='ltr'><strong>Philipp.</strong></span> <span class='ocrx_word' id='word_1_667' title='bbox 2356 5807 2417 5862; x_wconf 87' lang='lat' dir='ltr'><strong>ll,</strong></span> <span class='ocrx_word' id='word_1_668' title='bbox 2451 5791 2537 5846; x_wconf 80' lang='grc'>10.</span> <span class='ocrx_word' id='word_1_669' title='bbox 2615 5790 2657 5825; x_wconf 81' lang='grc'><strong><em>³³</em></strong></span> <span class='ocrx_word' id='word_1_670' title='bbox 2684 5803 2805 5860; x_wconf 84' lang='lat' dir='ltr'><strong>cap.</strong></span> <span class='ocrx_word' id='word_1_671' title='bbox 2840 5802 2915 5859; x_wconf 76' lang='lat' dir='ltr'>is,</span> <span class='ocrx_word' id='word_1_672' title='bbox 2943 5787 3036 5844; x_wconf 67' lang='lat' dir='ltr'><strong>Si.</strong></span> 
     </span>
    </p>
   </div>
   <div class='ocr_carea' id='block_1_90' title="bbox 1898 3317 3488 3390">
    <p class='ocr_par' dir='ltr' id='par_1_90' title="bbox 1898 3317 3488 3390">
     <span class='ocr_line' id='line_1_91' title="bbox 1898 3317 3488 3390; baseline -0.003 -15"><span class='ocrx_word' id='word_1_673' title='bbox 1898 3337 2021 3375; x_wconf 90' lang='lat' dir='ltr'>nem</span> <span class='ocrx_word' id='word_1_674' title='bbox 2070 3322 2431 3390; x_wconf 79' lang='lat' dir='ltr'><strong>principatum</strong></span> <span class='ocrx_word' id='word_1_675' title='bbox 2482 3319 2845 3375; x_wconf 84' lang='lat' dir='ltr'><strong>constituens.</strong></span> <span class='ocrx_word' id='word_1_676' title='bbox 2875 3318 3029 3374; x_wconf 82' lang='lat' dir='ltr'><strong>Tunc</strong></span> <span class='ocrx_word' id='word_1_677' title='bbox 3077 3319 3218 3372; x_wconf 87' lang='lat' dir='ltr'><strong>baud</strong></span> <span class='ocrx_word' id='word_1_678' title='bbox 3262 3317 3399 3386; x_wconf 80' lang='lat' dir='ltr'><strong>jam,</strong></span> <span class='ocrx_word' id='word_1_679' title='bbox 3430 3329 3488 3371; x_wconf 93' lang='lat' dir='ltr'><strong>ut</strong></span> 
     </span>
    </p>
   </div>
   <div class='ocr_carea' id='block_1_91' title="bbox 1900 3405 3490 3479">
    <p class='ocr_par' dir='ltr' id='par_1_91' title="bbox 1900 3405 3490 3479">
     <span class='ocr_line' id='line_1_92' title="bbox 1900 3405 3490 3479; baseline -0.003 -15"><span class='ocrx_word' id='word_1_680' title='bbox 1900 3420 2011 3465; x_wconf 88' lang='lat' dir='ltr'><strong>tres</strong></span> <span class='ocrx_word' id='word_1_681' title='bbox 2049 3411 2179 3464; x_wconf 90' lang='lat' dir='ltr'><strong>olim</strong></span> <span class='ocrx_word' id='word_1_682' title='bbox 2209 3411 2310 3464; x_wconf 89' lang='lat' dir='ltr'><strong>soli</strong></span> <span class='ocrx_word' id='word_1_683' title='bbox 2343 3410 2591 3479; x_wconf 86' lang='lat' dir='ltr'><strong>discipuli</strong></span> <span class='ocrx_word' id='word_1_684' title='bbox 2622 3408 2805 3461; x_wconf 82' lang='lat' dir='ltr'><strong>auditu</strong></span> <span class='ocrx_word' id='word_1_685' title='bbox 2853 3410 2907 3462; x_wconf 93' lang='lat' dir='ltr'>in</span> <span class='ocrx_word' id='word_1_686' title='bbox 2941 3418 3125 3463; x_wconf 89' lang='lat' dir='ltr'><strong>monte</strong></span> <span class='ocrx_word' id='word_1_687' title='bbox 3152 3422 3286 3461; x_wconf 85' lang='lat' dir='ltr'><strong>voce</strong></span> <span class='ocrx_word' id='word_1_688' title='bbox 3313 3408 3367 3461; x_wconf 89' lang='lat' dir='ltr'><strong>in</strong></span> <span class='ocrx_word' id='word_1_689' title='bbox 3404 3405 3490 3460; x_wconf 66' lang='grc' dir='ltr'>ία-</span> 
     </span>
    </p>
   </div>
   <div class='ocr_carea' id='block_1_92' title="bbox 1897 3501 3484 3573">
    <p class='ocr_par' dir='ltr' id='par_1_92' title="bbox 1897 3501 3484 3573">
     <span class='ocr_line' id='line_1_93' title="bbox 1897 3501 3484 3573; baseline -0.002 -17"><span class='ocrx_word' id='word_1_690' title='bbox 1897 3504 2034 3557; x_wconf 89' lang='lat' dir='ltr'><strong>ciem</strong></span> <span class='ocrx_word' id='word_1_691' title='bbox 2064 3503 2412 3573; x_wconf 86' lang='lat' dir='ltr'><strong>prociderunt</strong></span> <span class='ocrx_word' id='word_1_692' title='bbox 2442 3517 2508 3557; x_wconf 81' lang='lat' dir='ltr'>ac</span> <span class='ocrx_word' id='word_1_693' title='bbox 2553 3502 2973 3569; x_wconf 87' lang='lat' dir='ltr'><strong>pertimuerunt,</strong></span> <span class='ocrx_word' id='word_1_694' title='bbox 3010 3501 3103 3554; x_wconf 83' lang='lat' dir='ltr'>sed</span> <span class='ocrx_word' id='word_1_695' title='bbox 3138 3515 3298 3553; x_wconf 88' lang='lat' dir='ltr'><strong>omne</strong></span> <span class='ocrx_word' id='word_1_696' title='bbox 3342 3514 3484 3568; x_wconf 67' lang='lat' dir='ltr'><strong>genu</strong></span> 
     </span>
    </p>
   </div>
   <div class='ocr_carea' id='block_1_93' title="bbox 1896 3590 3376 3659">
    <p class='ocr_par' dir='ltr' id='par_1_93' title="bbox 1896 3590 3376 3659">
     <span class='ocr_line' id='line_1_94' title="bbox 1896 3590 3376 3659; baseline -0.002 -11"><span class='ocrx_word' id='word_1_697' title='bbox 1896 3592 2141 3649; x_wconf 81' lang='lat' dir='ltr'><strong>ﬂectetur</strong></span> <span class='ocrx_word' id='word_1_698' title='bbox 2160 3594 2479 3659; x_wconf 73' lang='lat' dir='ltr'><strong>cmlestium,</strong></span> <span class='ocrx_word' id='word_1_699' title='bbox 2506 3591 2842 3647; x_wconf 82' lang='lat' dir='ltr'><strong>terrestrium</strong></span> <span class='ocrx_word' id='word_1_700' title='bbox 2869 3600 2927 3647; x_wconf 92' lang='lat' dir='ltr'><strong>et</strong></span> <span class='ocrx_word' id='word_1_701' title='bbox 2957 3590 3376 3646; x_wconf 76' lang='lat' dir='ltr'><strong>infernarum”.</strong></span> 
     </span>
    </p>
   </div>
   <div class='ocr_carea' id='block_1_94' title="bbox 2142 3866 3234 3938">
    <p class='ocr_par' dir='ltr' id='par_1_94' title="bbox 2142 3866 3234 3938">
     <span class='ocr_line' id='line_1_95' title="bbox 2142 3866 3234 3938; baseline -0.001 -15"><span class='ocrx_word' id='word_1_702' title='bbox 2142 3866 2187 3902; x_wconf 73' lang='grc'>⁸⁸</span> <span class='ocrx_word' id='word_1_703' title='bbox 2220 3867 2336 3923; x_wconf 80' lang='lat' dir='ltr'><strong>Voa:</strong></span> <span class='ocrx_word' id='word_1_704' title='bbox 2355 3870 2421 3923; x_wconf 81' lang='lat' dir='ltr'>de</span> <span class='ocrx_word' id='word_1_705' title='bbox 2445 3869 2579 3923; x_wconf 70' lang='lat' dir='ltr'><strong>nube</strong></span> <span class='ocrx_word' id='word_1_706' title='bbox 2602 3868 2746 3938; x_wconf 75' lang='lat' dir='ltr'><strong>facta</strong></span> <span class='ocrx_word' id='word_1_707' title='bbox 2769 3876 2869 3932; x_wconf 83' lang='lat' dir='ltr'><strong>est,</strong></span> <span class='ocrx_word' id='word_1_708' title='bbox 2899 3868 3101 3931; x_wconf 81' lang='lat' dir='ltr'><strong>dicens,</strong></span> <span class='ocrx_word' id='word_1_709' title='bbox 3125 3875 3234 3923; x_wconf 89' lang='lat' dir='ltr'><strong>etc.</strong></span> 
     </span>
    </p>
   </div>
   <div class='ocr_carea' id='block_1_95' title="bbox 1965 3956 3489 4031">
    <p class='ocr_par' dir='ltr' id='par_1_95' title="bbox 1965 3956 3489 4031">
     <span class='ocr_line' id='line_1_96' title="bbox 1965 3956 3489 4031; baseline -0.003 -15"><span class='ocrx_word' id='word_1_710' title='bbox 1965 3962 2084 4016; x_wconf 77' lang='lat' dir='ltr'>Vox</span> <span class='ocrx_word' id='word_1_711' title='bbox 2108 3972 2330 4031; x_wconf 83' lang='lat' dir='ltr'><strong>paterna</strong></span> <span class='ocrx_word' id='word_1_712' title='bbox 2360 3974 2425 4013; x_wconf 74' lang='lat' dir='ltr'><strong>ex</strong></span> <span class='ocrx_word' id='word_1_713' title='bbox 2454 3960 2617 4026; x_wconf 90' lang='lat' dir='ltr'><strong>nube,</strong></span> <span class='ocrx_word' id='word_1_714' title='bbox 2654 3972 2777 4011; x_wconf 77' lang='lat' dir='ltr'>nam</span> <span class='ocrx_word' id='word_1_715' title='bbox 2810 3958 2888 4012; x_wconf 89' lang='lat' dir='ltr'>sic</span> <span class='ocrx_word' id='word_1_716' title='bbox 2938 3956 3083 4012; x_wconf 87' lang='lat' dir='ltr'><strong>Deus</strong></span> <span class='ocrx_word' id='word_1_717' title='bbox 3131 3964 3374 4025; x_wconf 78' lang='lat' dir='ltr'><strong>apparet,</strong></span> <span class='ocrx_word' id='word_1_718' title='bbox 3405 3956 3489 4012; x_wconf 87' lang='lat' dir='ltr'>di-</span> 
     </span>
    </p>
   </div>
   <div class='ocr_carea' id='block_1_96' title="bbox 1894 4046 3487 4125">
    <p class='ocr_par' dir='ltr' id='par_1_96' title="bbox 1894 4046 3487 4125">
     <span class='ocr_line' id='line_1_97' title="bbox 1894 4046 3487 4125; baseline -0.003 -20"><span class='ocrx_word' id='word_1_719' title='bbox 1894 4056 2152 4125; x_wconf 72' lang='lat' dir='ltr'><strong>gnitatem</strong></span> <span class='ocrx_word' id='word_1_720' title='bbox 2185 4051 2304 4105; x_wconf 87' lang='lat' dir='ltr'><strong>Filii</strong></span> <span class='ocrx_word' id='word_1_721' title='bbox 2348 4051 2571 4105; x_wconf 82' lang='lat' dir='ltr'><strong>Christo</strong></span> <span class='ocrx_word' id='word_1_722' title='bbox 2599 4049 2977 4108; x_wconf 82' lang='lat' dir='ltr'><strong>attestabatur.</strong></span> <span class='ocrx_word' id='word_1_723' title='bbox 3006 4046 3301 4117; x_wconf 77' lang='lat' dir='ltr'><strong>Oportebat</strong></span> <span class='ocrx_word' id='word_1_724' title='bbox 3338 4049 3487 4101; x_wconf 89' lang='lat' dir='ltr'><strong>enim</strong></span> 
     </span>
    </p>
   </div>
   <div class='ocr_carea' id='block_1_97' title="bbox 1857 4139 3488 4211">
    <p class='ocr_par' dir='ltr' id='par_1_97' title="bbox 1857 4139 3488 4211">
     <span class='ocr_line' id='line_1_98' title="bbox 1857 4139 3488 4211; baseline -0.004 -10"><span class='ocrx_word' id='word_1_725' title='bbox 1857 4187 1863 4201; x_wconf 89' lang='lat'>.</span> <span class='ocrx_word' id='word_1_726' title='bbox 1897 4146 2038 4200; x_wconf 88' lang='lat' dir='ltr'><strong>haud</strong></span> <span class='ocrx_word' id='word_1_727' title='bbox 2068 4160 2099 4197; x_wconf 90' lang='lat' dir='ltr'>a</span> <span class='ocrx_word' id='word_1_728' title='bbox 2124 4144 2239 4198; x_wconf 91' lang='lat' dir='ltr'><strong>solo</strong></span> <span class='ocrx_word' id='word_1_729' title='bbox 2266 4142 2429 4198; x_wconf 84' lang='lat' dir='ltr'><strong>Petro</strong></span> <span class='ocrx_word' id='word_1_730' title='bbox 2458 4143 2737 4211; x_wconf 76' lang='lat' dir='ltr'><strong>cognosci.</strong></span> <span class='ocrx_word' id='word_1_731' title='bbox 2778 4156 2903 4195; x_wconf 85' lang='lat' dir='ltr'><strong>eunt</strong></span> <span class='ocrx_word' id='word_1_732' title='bbox 2932 4155 3054 4195; x_wconf 84' lang='lat' dir='ltr'><strong>esse</strong></span> <span class='ocrx_word' id='word_1_733' title='bbox 3083 4139 3357 4195; x_wconf 87' lang='lat' dir='ltr'><strong>Christum</strong></span> <span class='ocrx_word' id='word_1_734' title='bbox 3394 4142 3488 4195; x_wconf 83' lang='lat' dir='ltr'>Dei</span> 
     </span>
    </p>
   </div>
   <div class='ocr_carea' id='block_1_98' title="bbox 1897 4231 3489 4305">
    <p class='ocr_par' dir='ltr' id='par_1_98' title="bbox 1897 4231 3489 4305">
     <span class='ocr_line' id='line_1_99' title="bbox 1897 4231 3489 4305; baseline -0.003 -16"><span class='ocrx_word' id='word_1_735' title='bbox 1897 4236 2001 4289; x_wconf 86' lang='lat' dir='ltr'><strong>vivi</strong></span> <span class='ocrx_word' id='word_1_736' title='bbox 2034 4235 2250 4289; x_wconf 75' lang='lat' dir='ltr'><strong>Filium.</strong></span> <span class='ocrx_word' id='word_1_737' title='bbox 2274 4233 2460 4305; x_wconf 75' lang='lat' dir='ltr'><strong>Neque</strong></span> <span class='ocrx_word' id='word_1_738' title='bbox 2493 4236 2663 4303; x_wconf 84' lang='lat' dir='ltr'><strong>ipsum</strong></span> <span class='ocrx_word' id='word_1_739' title='bbox 2699 4232 2975 4288; x_wconf 82' lang='lat' dir='ltr'><strong>Christum</strong></span> <span class='ocrx_word' id='word_1_740' title='bbox 3008 4231 3382 4285; x_wconf 75' lang='lat' dir='ltr'><strong>tantummodo</strong></span> <span class='ocrx_word' id='word_1_741' title='bbox 3406 4241 3489 4285; x_wconf 83' lang='lat' dir='ltr'><strong>te-</strong></span> 
     </span>
    </p>
   </div>
   <div class='ocr_carea' id='block_1_99' title="bbox 1893 4323 3484 4403">
    <p class='ocr_par' dir='ltr' id='par_1_99' title="bbox 1893 4323 3484 4403">
     <span class='ocr_line' id='line_1_100' title="bbox 1893 4323 3484 4403; baseline -0.004 -22"><span class='ocrx_word' id='word_1_742' title='bbox 1893 4328 2025 4381; x_wconf 84' lang='lat' dir='ltr'><strong>stari</strong></span> <span class='ocrx_word' id='word_1_743' title='bbox 2056 4327 2217 4381; x_wconf 88' lang='lat' dir='ltr'><strong>Petro</strong></span> <span class='ocrx_word' id='word_1_744' title='bbox 2238 4336 2516 4403; x_wconf 86' lang='lat' dir='ltr'><strong>acceptam</strong></span> <span class='ocrx_word' id='word_1_745' title='bbox 2548 4341 2577 4379; x_wconf 87' lang='lat' dir='ltr'>a</span> <span class='ocrx_word' id='word_1_746' title='bbox 2610 4324 2771 4378; x_wconf 82' lang='lat' dir='ltr'><strong>Putre</strong></span> <span class='ocrx_word' id='word_1_747' title='bbox 2792 4323 3003 4379; x_wconf 75' lang='lat' dir='ltr'><strong>cmlesti</strong></span> <span class='ocrx_word' id='word_1_748' title='bbox 3036 4324 3103 4377; x_wconf 91' lang='lat' dir='ltr'>de</span> <span class='ocrx_word' id='word_1_749' title='bbox 3126 4323 3484 4388; x_wconf 81' lang='lat' dir='ltr'><strong>senutitium;</strong></span> 
     </span>
    </p>
   </div>
   <div class='ocr_carea' id='block_1_100' title="bbox 1893 4413 3487 4486">
    <p class='ocr_par' dir='ltr' id='par_1_100' title="bbox 1893 4413 3487 4486">
     <span class='ocr_line' id='line_1_101' title="bbox 1893 4413 3487 4486; baseline -0.004 -13"><span class='ocrx_word' id='word_1_750' title='bbox 1893 4419 1988 4473; x_wconf 87' lang='lat' dir='ltr'>sed</span> <span class='ocrx_word' id='word_1_751' title='bbox 2028 4421 2224 4486; x_wconf 85' lang='lat' dir='ltr'><strong>ipsam,</strong></span> <span class='ocrx_word' id='word_1_752' title='bbox 2262 4418 2501 4486; x_wconf 87' lang='lat' dir='ltr'><strong>inquam,</strong></span> <span class='ocrx_word' id='word_1_753' title='bbox 2529 4428 2812 4485; x_wconf 80' lang='lat' dir='ltr'><strong>paternum</strong></span> <span class='ocrx_word' id='word_1_754' title='bbox 2856 4429 3043 4467; x_wconf 79' lang='lat' dir='ltr'><strong>vocem</strong></span> <span class='ocrx_word' id='word_1_755' title='bbox 3084 4414 3369 4467; x_wconf 80' lang='lat' dir='ltr'><strong>veritatem</strong></span> <span class='ocrx_word' id='word_1_756' title='bbox 3405 4413 3487 4467; x_wconf 86' lang='lat' dir='ltr'><strong>di-</strong></span> 
     </span>
    </p>
   </div>
   <div class='ocr_carea' id='block_1_101' title="bbox 1894 4504 3488 4577">
    <p class='ocr_par' dir='ltr' id='par_1_101' title="bbox 1894 4504 3488 4577">
     <span class='ocr_line' id='line_1_102' title="bbox 1894 4504 3488 4577; baseline -0.003 -15"><span class='ocrx_word' id='word_1_757' title='bbox 1894 4508 1966 4562; x_wconf 88' lang='lat' dir='ltr'>cti</span> <span class='ocrx_word' id='word_1_758' title='bbox 2012 4509 2169 4576; x_wconf 81' lang='lat' dir='ltr'><strong>quasi</strong></span> <span class='ocrx_word' id='word_1_759' title='bbox 2231 4508 2408 4577; x_wconf 75' lang='lat' dir='ltr'><strong>sigillo</strong></span> <span class='ocrx_word' id='word_1_760' title='bbox 2452 4506 2814 4570; x_wconf 82' lang='lat' dir='ltr'><strong>coulirmnre,</strong></span> <span class='ocrx_word' id='word_1_761' title='bbox 2851 4506 3105 4557; x_wconf 79' lang='lat' dir='ltr'><strong>testando</strong></span> <span class='ocrx_word' id='word_1_762' title='bbox 3148 4504 3321 4571; x_wconf 79' lang='lat' dir='ltr'><strong>ipsum</strong></span> <span class='ocrx_word' id='word_1_763' title='bbox 3361 4517 3488 4558; x_wconf 86' lang='lat' dir='ltr'><strong>esse</strong></span> 
     </span>
    </p>
   </div>
   <div class='ocr_carea' id='block_1_102' title="bbox 1895 4594 3487 4667">
    <p class='ocr_par' dir='ltr' id='par_1_102' title="bbox 1895 4594 3487 4667">
     <span class='ocr_line' id='line_1_103' title="bbox 1895 4594 3487 4667; baseline 0 -15"><span class='ocrx_word' id='word_1_764' title='bbox 1895 4600 2171 4654; x_wconf 89' lang='lat' dir='ltr'><strong>Christum</strong></span> <span class='ocrx_word' id='word_1_765' title='bbox 2190 4598 2285 4654; x_wconf 88' lang='lat' dir='ltr'>Dei</span> <span class='ocrx_word' id='word_1_766' title='bbox 2311 4598 2504 4653; x_wconf 83' lang='lat' dir='ltr'><strong>Filium</strong></span> <span class='ocrx_word' id='word_1_767' title='bbox 2530 4616 2548 4666; x_wconf 84' lang='lat'><strong>;</strong></span> <span class='ocrx_word' id='word_1_768' title='bbox 2570 4598 2730 4667; x_wconf 79' lang='lat' dir='ltr'><strong>eique</strong></span> <span class='ocrx_word' id='word_1_769' title='bbox 2755 4611 2876 4652; x_wconf 79' lang='lat' dir='ltr'><strong>esse</strong></span> <span class='ocrx_word' id='word_1_770' title='bbox 2908 4594 3324 4650; x_wconf 79' lang='lat' dir='ltr'><strong>auscultandum</strong></span> <span class='ocrx_word' id='word_1_771' title='bbox 3347 4612 3487 4665; x_wconf 73' lang='lat' dir='ltr'><strong>pra:-</strong></span> 
     </span>
    </p>
   </div>
   <div class='ocr_carea' id='block_1_103' title="bbox 1895 4702 2096 4759">
    <p class='ocr_par' dir='ltr' id='par_1_103' title="bbox 1895 4702 2096 4759">
     <span class='ocr_line' id='line_1_104' title="bbox 1895 4702 2096 4759; baseline -0.005 -15"><span class='ocrx_word' id='word_1_772' title='bbox 1895 4702 2096 4759; x_wconf 75' lang='lat' dir='ltr'><strong>cupere.</strong></span> 
     </span>
    </p>
   </div>
   <div class='ocr_carea' id='block_1_104' title="bbox 1896 4864 3485 4937">
    <p class='ocr_par' dir='ltr' id='par_1_104' title="bbox 1896 4864 3485 4937">
     <span class='ocr_line' id='line_1_105' title="bbox 1896 4864 3485 4937; baseline -0.006 -13"><span class='ocrx_word' id='word_1_773' title='bbox 1896 4869 1943 4901; x_wconf 82' lang='grc'><strong><em>⁸⁸</em></strong></span> <span class='ocrx_word' id='word_1_774' title='bbox 1971 4866 2031 4923; x_wconf 90' lang='lat' dir='ltr'><strong>Si</strong></span> <span class='ocrx_word' id='word_1_775' title='bbox 2057 4866 2269 4937; x_wconf 77' lang='lat' dir='ltr'><strong>quidem</strong></span> <span class='ocrx_word' id='word_1_776' title='bbox 2298 4865 2370 4919; x_wconf 84' lang='lat' dir='ltr'><strong>ibi</strong></span> <span class='ocrx_word' id='word_1_777' title='bbox 2408 4864 2564 4933; x_wconf 74' lang='lat' dir='ltr'><strong>fuerit</strong></span> <span class='ocrx_word' id='word_1_778' title='bbox 2604 4865 2752 4933; x_wconf 74' lang='lat' dir='ltr'><strong>ﬁlius</strong></span> <span class='ocrx_word' id='word_1_779' title='bbox 2784 4864 2953 4932; x_wconf 82' lang='lat' dir='ltr'><strong>pacis,</strong></span> <span class='ocrx_word' id='word_1_780' title='bbox 3001 4864 3285 4935; x_wconf 73' lang='lat' dir='ltr'><strong>requiescet</strong></span> <span class='ocrx_word' id='word_1_781' title='bbox 3324 4878 3485 4931; x_wconf 74' lang='lat' dir='ltr'><strong>super</strong></span> 
     </span>
    </p>
   </div>
   <div class='ocr_carea' id='block_1_105' title="bbox 2431 4937 2979 5004">
    <p class='ocr_par' dir='ltr' id='par_1_105' title="bbox 2431 4937 2979 5004">
     <span class='ocr_line' id='line_1_106' title="bbox 2431 4937 2979 5004; baseline -0.005 -15"><span class='ocrx_word' id='word_1_782' title='bbox 2431 4937 2582 4989; x_wconf 86' lang='lat' dir='ltr'><strong>illum</strong></span> <span class='ocrx_word' id='word_1_783' title='bbox 2614 4951 2721 5004; x_wconf 70' lang='lat' dir='ltr'><strong>pax</strong></span> <span class='ocrx_word' id='word_1_784' title='bbox 2761 4946 2951 4992; x_wconf 69' lang='lat' dir='ltr'><strong>uestra.</strong></span> <span class='ocrx_word' id='word_1_785' title='bbox 2974 4954 2979 4957; x_wconf 92' lang='grc'><strong>·</strong></span> 
     </span>
    </p>
   </div>
   <div class='ocr_carea' id='block_1_106' title="bbox 1968 5024 3485 5105">
    <p class='ocr_par' dir='ltr' id='par_1_106' title="bbox 1968 5024 3485 5105">
     <span class='ocr_line' id='line_1_107' title="bbox 1968 5024 3485 5105; baseline -0.003 -21"><span class='ocrx_word' id='word_1_786' title='bbox 1968 5027 2162 5084; x_wconf 74' lang='lat' dir='ltr'><strong>Viden‘</strong></span> <span class='ocrx_word' id='word_1_787' title='bbox 2188 5031 2459 5099; x_wconf 80' lang='lat' dir='ltr'><strong>quomodo</strong></span> <span class='ocrx_word' id='word_1_788' title='bbox 2482 5037 2611 5105; x_wconf 85' lang='lat' dir='ltr'><strong>ante</strong></span> <span class='ocrx_word' id='word_1_789' title='bbox 2627 5026 2984 5097; x_wconf 84' lang='lat' dir='ltr'><strong>perpendere,</strong></span> <span class='ocrx_word' id='word_1_790' title='bbox 3021 5039 3200 5094; x_wconf 88' lang='lat' dir='ltr'><strong>neque</strong></span> <span class='ocrx_word' id='word_1_791' title='bbox 3228 5024 3485 5080; x_wconf 85' lang='lat' dir='ltr'><strong>omnibus</strong></span> 
     </span>
    </p>
   </div>
   <div class='ocr_carea' id='block_1_107' title="bbox 1896 5115 3484 5185">
    <p class='ocr_par' dir='ltr' id='par_1_107' title="bbox 1896 5115 3484 5185">
     <span class='ocr_line' id='line_1_108' title="bbox 1896 5115 3484 5185; baseline -0.006 -9"><span class='ocrx_word' id='word_1_792' title='bbox 1896 5123 2113 5177; x_wconf 88' lang='lat' dir='ltr'><strong>incaute</strong></span> <span class='ocrx_word' id='word_1_793' title='bbox 2144 5136 2203 5176; x_wconf 87' lang='lat' dir='ltr'>se</span> <span class='ocrx_word' id='word_1_794' title='bbox 2223 5121 2566 5176; x_wconf 85' lang='lat' dir='ltr'><strong>committere</strong></span> <span class='ocrx_word' id='word_1_795' title='bbox 2595 5118 2866 5180; x_wconf 87' lang='lat' dir='ltr'><strong>hortatur,</strong></span> <span class='ocrx_word' id='word_1_796' title='bbox 2899 5116 2995 5171; x_wconf 89' lang='lat' dir='ltr'>sed</span> <span class='ocrx_word' id='word_1_797' title='bbox 3028 5127 3082 5171; x_wconf 89' lang='lat' dir='ltr'>et</span> <span class='ocrx_word' id='word_1_798' title='bbox 3103 5116 3248 5185; x_wconf 84' lang='lat' dir='ltr'><strong>ipsos</strong></span> <span class='ocrx_word' id='word_1_799' title='bbox 3272 5115 3484 5183; x_wconf 82' lang='lat' dir='ltr'><strong>priores</strong></span> 
     </span>
    </p>
   </div>
   <div class='ocr_carea' id='block_1_108' title="bbox 1894 5206 3483 5278">
    <p class='ocr_par' dir='ltr' id='par_1_108' title="bbox 1894 5206 3483 5278">
     <span class='ocr_line' id='line_1_109' title="bbox 1894 5206 3483 5278; baseline -0.004 -10"><span class='ocrx_word' id='word_1_800' title='bbox 1894 5215 2107 5269; x_wconf 89' lang='lat' dir='ltr'><strong>initium</strong></span> <span class='ocrx_word' id='word_1_801' title='bbox 2152 5212 2400 5268; x_wconf 77' lang='lat' dir='ltr'><strong>beneﬁcii</strong></span> <span class='ocrx_word' id='word_1_802' title='bbox 2433 5212 2637 5275; x_wconf 80' lang='lat' dir='ltr'><strong>facere,</strong></span> <span class='ocrx_word' id='word_1_803' title='bbox 2665 5221 2719 5265; x_wconf 91' lang='lat' dir='ltr'><strong>et</strong></span> <span class='ocrx_word' id='word_1_804' title='bbox 2748 5210 2957 5278; x_wconf 86' lang='lat' dir='ltr'><strong>priores</strong></span> <span class='ocrx_word' id='word_1_805' title='bbox 2991 5208 3057 5262; x_wconf 87' lang='lat' dir='ltr'>de</span> <span class='ocrx_word' id='word_1_806' title='bbox 3103 5206 3327 5277; x_wconf 88' lang='lat' dir='ltr'><strong>proprio</strong></span> <span class='ocrx_word' id='word_1_807' title='bbox 3357 5207 3483 5261; x_wconf 84' lang='lat' dir='ltr'><strong>aliis</strong></span> 
     </span>
    </p>
   </div>
   <div class='ocr_carea' id='block_1_109' title="bbox 1902 5300 3482 5375">
    <p class='ocr_par' dir='ltr' id='par_1_109' title="bbox 1902 5300 3482 5375">
     <span class='ocr_line' id='line_1_110' title="bbox 1902 5300 3482 5375; baseline -0.005 -16"><span class='ocrx_word' id='word_1_808' title='bbox 1902 5306 2142 5360; x_wconf 85' lang='lat' dir='ltr'><strong>tribuere</strong></span> <span class='ocrx_word' id='word_1_809' title='bbox 2170 5304 2194 5358; x_wconf 73' lang='grc' dir='ltr'><strong><em>τ</em></strong></span> <span class='ocrx_word' id='word_1_810' title='bbox 2224 5305 2301 5359; x_wconf 88' lang='lat' dir='ltr'>De</span> <span class='ocrx_word' id='word_1_811' title='bbox 2331 5318 2466 5375; x_wconf 86' lang='lat' dir='ltr'><strong>pace</strong></span> <span class='ocrx_word' id='word_1_812' title='bbox 2499 5311 2683 5357; x_wconf 89' lang='lat' dir='ltr'><strong>autem</strong></span> <span class='ocrx_word' id='word_1_813' title='bbox 2704 5302 2793 5356; x_wconf 87' lang='lat' dir='ltr'>hic</span> <span class='ocrx_word' id='word_1_814' title='bbox 2847 5302 3042 5369; x_wconf 81' lang='lat' dir='ltr'><strong>agitur,</strong></span> <span class='ocrx_word' id='word_1_815' title='bbox 3080 5315 3201 5369; x_wconf 78' lang='lat' dir='ltr'><strong>qua:</strong></span> <span class='ocrx_word' id='word_1_816' title='bbox 3232 5300 3327 5353; x_wconf 88' lang='lat' dir='ltr'>Dei</span> <span class='ocrx_word' id='word_1_817' title='bbox 3378 5300 3482 5353; x_wconf 87' lang='lat' dir='ltr'>mi-</span> 
     </span>
    </p>
   </div>
   <div class='ocr_carea' id='block_1_110' title="bbox 1901 5392 3481 5467">
    <p class='ocr_par' dir='ltr' id='par_1_110' title="bbox 1901 5392 3481 5467">
     <span class='ocr_line' id='line_1_111' title="bbox 1901 5392 3481 5467; baseline -0.004 -16"><span class='ocrx_word' id='word_1_818' title='bbox 1901 5398 2051 5453; x_wconf 92' lang='lat' dir='ltr'><strong>litum</strong></span> <span class='ocrx_word' id='word_1_819' title='bbox 2091 5412 2194 5451; x_wconf 69' lang='grc' dir='ltr'>τοι</span> <span class='ocrx_word' id='word_1_820' title='bbox 2227 5398 2442 5467; x_wconf 84' lang='lat' dir='ltr'><strong>propria</strong></span> <span class='ocrx_word' id='word_1_821' title='bbox 2464 5402 2571 5458; x_wconf 87' lang='lat' dir='ltr'><strong>est,</strong></span> <span class='ocrx_word' id='word_1_822' title='bbox 2598 5394 2691 5463; x_wconf 86' lang='lat' dir='ltr'><strong>qui</strong></span> <span class='ocrx_word' id='word_1_823' title='bbox 2725 5392 3012 5448; x_wconf 86' lang='lat' dir='ltr'><strong>victoriam</strong></span> <span class='ocrx_word' id='word_1_824' title='bbox 3032 5393 3097 5447; x_wconf 89' lang='lat' dir='ltr'>de</span> <span class='ocrx_word' id='word_1_825' title='bbox 3122 5392 3368 5446; x_wconf 86' lang='lat' dir='ltr'><strong>hostibus</strong></span> <span class='ocrx_word' id='word_1_826' title='bbox 3393 5405 3481 5444; x_wconf 89' lang='lat' dir='ltr'><strong>re-</strong></span> 
     </span>
    </p>
   </div>
   <div class='ocr_carea' id='block_1_111' title="bbox 1899 5483 3478 5560">
    <p class='ocr_par' dir='ltr' id='par_1_111' title="bbox 1899 5483 3478 5560">
     <span class='ocr_line' id='line_1_112' title="bbox 1899 5483 3478 5560; baseline -0.006 -14"><span class='ocrx_word' id='word_1_827' title='bbox 1899 5491 2154 5547; x_wconf 88' lang='lat' dir='ltr'><strong>tulerunt.</strong></span> <span class='ocrx_word' id='word_1_828' title='bbox 2187 5490 2324 5560; x_wconf 71' lang='lat' dir='ltr'><strong>Ergo</strong></span> <span class='ocrx_word' id='word_1_829' title='bbox 2366 5488 2703 5545; x_wconf 87' lang='lat' dir='ltr'><strong>inimicorum</strong></span> <span class='ocrx_word' id='word_1_830' title='bbox 2735 5485 3169 5557; x_wconf 88' lang='lat' dir='ltr'><strong>persecutionem</strong></span> <span class='ocrx_word' id='word_1_831' title='bbox 3194 5524 3209 5547; x_wconf 87' lang='lat'>,</span> <span class='ocrx_word' id='word_1_832' title='bbox 3239 5483 3478 5538; x_wconf 82' lang='lat' dir='ltr'><strong>hostium</strong></span> 
     </span>
    </p>
   </div>
   <div class='ocr_carea' id='block_1_112' title="bbox 1897 5577 3481 5650">
    <p class='ocr_par' dir='ltr' id='par_1_112' title="bbox 1897 5577 3481 5650">
     <span class='ocr_line' id='line_1_113' title="bbox 1897 5577 3481 5650; baseline -0.003 -13"><span class='ocrx_word' id='word_1_833' title='bbox 1897 5584 2147 5650; x_wconf 74' lang='lat' dir='ltr'><strong>exitium,</strong></span> <span class='ocrx_word' id='word_1_834' title='bbox 2174 5581 2490 5638; x_wconf 86' lang='lat' dir='ltr'><strong>benevolam</strong></span> <span class='ocrx_word' id='word_1_835' title='bbox 2524 5594 2647 5636; x_wconf 91' lang='lat' dir='ltr'>cum</span> <span class='ocrx_word' id='word_1_836' title='bbox 2679 5580 2789 5635; x_wconf 89' lang='lat' dir='ltr'><strong>Deo</strong></span> <span class='ocrx_word' id='word_1_837' title='bbox 2818 5577 3340 5640; x_wconf 79' lang='lat' dir='ltr'><strong>reconciliationem,</strong></span> <span class='ocrx_word' id='word_1_838' title='bbox 3378 5578 3481 5632; x_wconf 84' lang='lat' dir='ltr'>sub</span> 
     </span>
    </p>
   </div>
   <div class='ocr_carea' id='block_1_113' title="bbox 3132 5780 3461 5856">
    <p class='ocr_par' dir='ltr' id='par_1_113' title="bbox 3132 5780 3461 5856">
     <span class='ocr_line' id='line_1_114' title="bbox 3132 5780 3461 5856; baseline -0.018 -13"><span class='ocrx_word' id='word_1_839' title='bbox 3132 5787 3176 5821; x_wconf 80' lang='lat'>”</span> <span class='ocrx_word' id='word_1_840' title='bbox 3199 5800 3317 5856; x_wconf 88' lang='lat' dir='ltr'><strong>cap.</strong></span> <span class='ocrx_word' id='word_1_841' title='bbox 3347 5780 3461 5853; x_wconf 59' lang='grc' dir='ltr'>ιβ.</span> 
     </span>
    </p>
   </div>
  </div>
