4062 6400
1302 412 1572 470 EUSEBII
1607 410 2080 469 CESARIENSIS
2115 408 2266 466 OPP.
2308 407 2487 465 PARS
2526 408 2615 463 Ill.
2658 438 2723 448 —
2762 406 3179 465 EXEGETICA.

3777 411 3885 470 εεε

635 535 784 601 pacis
809 532 1029 588 nomine
1065 531 1243 603 dignis
1291 534 1622 603 assignabat.
1668 533 1853 603 Itaque
1895 535 2019 588 data
2049 533 2198 602 prius

2302 546 2395 599 νης
2430 528 2598 599 θνομα
2630 531 2743 592 τοῖς
2774 528 2945 596 ἀξίοις
2985 528 3291 600 προὺξένει.
3334 530 3554 602 Ταύτην
3597 531 3893 601 τοιγαροῦν

637 629 737 683 bac
769 643 901 698 pace
922 627 1133 681 illorum
1163 627 1471 691 animabus,
1506 628 1598 697 qui
1630 642 1690 683 se
1722 628 1957 696 hospitio
1982 640 2202 695 recepe-

635 719 762 782 riut,
786 730 913 773 tunc
942 721 1155 774 detnum
1182 718 1433 773 alimenta
1454 720 1522 774 ab
1554 720 1622 774 iis
1650 719 1895 789 accipere
1924 718 2199 773 suadebat.

634 810 996 877 Quamobrem
1026 809 1331 865 necessario
1350 810 1752 877 praemonebat,
1781 824 1849 864 ne
1869 810 1923 863 in
1952 808 2099 863 omni
2121 809 2202 862 in-

635 899 947 955 diﬂbreuter
981 900 1141 953 domo
1193 899 1626 969 bospitarentur,
1661 914 1795 954 neve
1830 914 2203 969 quemcunque

636 992 907 1047 hominem
936 992 1151 1062 dignum
1177 991 1487 1060 judicarent
1520 992 1674 1060 cujus
1718 992 1953 1061 hospitio
1984 1001 2202 1046 uteren-

639 1093 755 1150 tur;
783 1086 876 1140 sed
910 1085 1262 1151 exquirerent
1299 1099 1425 1137 num
1458 1083 1580 1151 quis
1614 1084 1666 1137 in
1702 1083 1916 1137 civitate
1938 1090 2083 1137 esset
2119 1081 2202 1136 vel

636 1176 691 1231 iu
719 1191 871 1253 agro,
907 1174 1065 1229 bonis
1110 1174 1319 1230 artibus
1369 1184 1667 1243 sanctaque
1702 1175 1808 1227 vita
1860 1174 2198 1241 conspicuus,

636 1267 725 1333 qui
756 1269 932 1334 regios
964 1266 1163 1321 milites
1179 1274 1373 1342 posset
1398 1265 1611 1320 virtutis
1654 1265 1827 1319 xeniis
1848 1265 2118 1331 excipere.
2142 1263 2200 1317 Si

636 1357 850 1425 quando
882 1366 1062 1410 autem
1094 1354 1398 1426 hujusmodi
1444 1356 1636 1424 aliquis
1692 1356 2047 1420 inveniretur,
2078 1365 2203 1409 tunc

636 1444 793 1511 hujus
832 1454 1031 1499 tectmn
1064 1447 1377 1507 subeuntes,
1407 1445 1615 1498 militia:
1654 1458 1766 1498 suae
1811 1459 1965 1498 arma
1994 1445 2046 1497 in
2089 1445 2201 1514 pri-

636 1534 741 1588 mis
792 1543 1155 1603 exponerent;
1187 1544 1312 1588 sunt
1343 1542 1519 1586 autem
1569 1532 1681 1587 hac
1723 1533 1870 1601 pacis
1906 1532 2145 1604 symbolo
2183 1549 2197 1585 :

637 1622 867 1689 ideoque
903 1634 957 1677 et
1000 1623 1261 1689 hospitem
1293 1631 1349 1675 et
1381 1624 1686 1676 universam
1718 1624 1935 1677 domum
1968 1622 2083 1689 ejus
2109 1637 2202 1690 pa—

636 1714 789 1767 cilica
812 1712 1132 1767 salutatione
1161 1713 1566 1778 impertirentur
1602 1730 1618 1768 :
1648 1713 1839 1767 deinde
1874 1713 1980 1766 illic
2020 1728 2201 1768 mane.

636 1812 777 1868 rent,
826 1817 1000 1872 neque
1022 1802 1397 1867 abscederent,
1447 1803 1533 1857 vel
1584 1804 1651 1859 de
1696 1805 1855 1858 domo
1902 1805 1951 1858 in
1986 1806 2197 1859 domum

636 1895 800 1949 irent.
836 1892 924 1948 Sic
954 1895 1096 1950 enim
1129 1894 1385 1964 exquisiti
1426 1896 1693 1949 examinis
1733 1896 1987 1950 indicium
2024 1897 2203 1951 dedis-

633 1995 757 2042 sent
784 2008 797 2041 :
832 2001 956 2040 nam
984 1990 1332 2044 temerarium
1356 1994 1411 2040 et
1434 1987 1803 2050 subitaneum,
1838 2002 1944 2041 non
1974 1997 2056 2043 est
2088 1999 2200 2043 sta-

634 2076 740 2131 bile
764 2091 941 2145 neque
970 2081 1268 2132 constantis
1294 2077 1480 2131 moris.
1525 2078 1649 2131 Ideo
1678 2077 1947 2143 monebat,
1984 2092 2051 2132 ne
2090 2078 2203 2131 vel-

635 2165 746 2221 leut
767 2176 923 2221 antea
948 2168 1367 2232 commorari,et
1400 2168 1592 2222 deinde
1645 2168 1892 2222 notitiam
1924 2169 2205 2235 exquirere

634 2270 743 2324 quo
777 2254 915 2309 facto
941 2256 1008 2310 ad
1050 2255 1211 2309 alium
1246 2255 1539 2309 transirent
1570 2270 1692 2310 cum
1727 2256 1954 2323 bospitis
1981 2257 2201 2325 injuria.

636 2347 767 2402 Item
823 2349 867 2403 si
910 2356 967 2403 et
1024 2349 1112 2403 hic
1163 2350 1429 2416 posterior
1490 2350 1742 2419 indignus
1780 2345 2009 2416 hospitio
2050 2364 2197 2403 com-

636 2438 907 2507 periretur
923 2453 1111 2493 rursus
1132 2438 1278 2491 illinc
1299 2438 1461 2491 etiam
1477 2439 1831 2500 discederent,
1850 2438 2203 2491 voluntariam

638 2529 977 2582 inimicitiam
1025 2531 1438 2591 contrahentes.
1492 2540 1773 2596 postquam
1830 2544 2014 2599 pacem
2053 2544 2203 2582 suam

638 2620 706 2673 ad
732 2621 982 2689 indignos
1012 2619 1385 2687 proiecissent.
1416 2618 1521 2673 Sed
1551 2620 1693 2673 enim
1719 2630 1928 2688 oportet
1953 2620 2100 2689 prius
2125 2620 2206 2672 di-

632 2709 866 2779 ligenter
895 2711 1186 2781 inquirere,
1220 2722 1398 2765 utrum
1443 2710 1636 2777 aliquis
1665 2710 1856 2779 dignus
1886 2711 1988 2776 sit;
2012 2710 2205 2765 deinde

636 2802 705 2855 ad
733 2816 856 2854 eum
911 2802 1230 2856 accedentes
1259 2841 1275 2865 ,
1310 2802 1459 2870 pacis
1508 2801 1708 2855 bonum
1756 2800 2155 2856 communicare
2184 2817 2201 2867 ;

636 2906 866 2961 eamque
916 2894 1131 2947 abunde
1161 2908 1266 2946 non
1312 2892 1361 2946 ei
1411 2894 1779 2947 tantummodo
1815 2892 1904 2959 qui
1941 2893 2201 2961 optimum

636 2981 1001 3035 testimonium
1036 2980 1214 3043 habet,
1253 2981 1348 3035 sed
1403 2980 1498 3033 toti
1544 2996 1761 3049 quoque
1811 2991 2029 3051 propter
2081 2995 2203 3035 eum

637 3069 841 3125 domui.
864 3068 1017 3135 Quod
1052 3071 1094 3123 si
1122 3070 1285 3135 digno
1312 3070 1491 3136 aliquo
1526 3071 1829 3138 excipiente
1864 3071 2012 3142 regni
2062 3070 2203 3126 mill-

2301 622 2757 694 προδανείσαντας
2795 621 2892 693 τὴν
2922 624 3148 693 εἰρήνην
3172 625 3293 686 ταῖς
3326 622 3434 677 τῶν
3470 622 3896 693 ὑποδεξαμένων

2299 714 2496 776 αὐτοὺς
2525 712 2745 781 ψυχαῖς,
2784 712 2885 782 τῆς
2930 714 3061 784 παρ’
3091 713 3271 767 αὐτῶν
3295 715 3501 785 τροφῆς
3537 713 3897 785 μεταλαμϐά-

2300 820 2443 856 νεινο
2496 802 2576 855 διὸ
2616 803 2929 870 ἀναγκαίως
2969 803 3409 873 προδιεστέλλετο
3460 803 3535 875 μὴ
3582 805 3661 866 εἰς
3708 804 3895 859 πάντα

2300 892 2668 965 παραϐάλλειν
2708 887 2877 958 οἷκον,
2914 893 3046 965 μηδὲ
3088 892 3266 947 πάντα
3296 894 3464 966 ἀνδρα
3488 894 3590 965 τῆς
3616 893 3895 963 ὑποδοχῆς

2300 984 2482 1038 αὐτῶν
2513 984 2665 1050 ἀξιον
2699 978 2836 1038 εῖναι
2865 984 3101 1055 κρίνειν·
3148 986 3465 1055 προερωτᾷν
3492 984 3550 1037 δέ
3596 984 3652 1037 εἶ
3682 1000 3769 1048 τις
3800 982 3891 1056 εῐη

2300 1075 2406 1129 τῶν
2472 1074 2612 1129 κατά
2660 1076 2761 1147 τὴν
2816 1075 2972 1129 πόλιν
3007 1075 3041 1146 ἢ
3090 1074 3188 1146 τὴν
3214 1073 3398 1145 χώραν
3422 1074 3657 1143 ἀγαθαῖς
3684 1074 3896 1148 πράξε-

2302 1185 2356 1221 σι
2397 1168 2489 1221 καὶ
2516 1166 2616 1237 βιῳ
2658 1166 2841 1239 σεμνῷ
2873 1166 3385 1238 μεμαρτυρημένων
3416 1164 3490 1231 ὡς
3520 1166 3647 1231 τοὺς
3678 1166 3893 1237 βασιλι-

2300 1261 2430 1325 κοὺς
2450 1259 2807 1331 δστρατιιὶηας
2849 1258 3108 1313 δύνασθαι
3144 1256 3335 1323 ξενίοις
3382 1256 3587 1329 ἀρετῆς
3624 1256 3893 1322 ὑποδέξαο

2303 1351 2447 1406 σθαι.
2506 1351 2755 1406 Ἐπειδὰν
2794 1350 2854 1403 δέ
2903 1367 2991 1414 τις
3027 1348 3274 1421 εὑρεθείη
3315 1348 3573 1413 τοιοῦτος,
3622 1350 3896 1414 εἰσιόντας

2302 1444 2408 1497 ὑπὸ
2436 1444 2535 1512 τὴν
2562 1441 2751 1495 τούτου
2773 1440 2992 1511 στέγην,
3022 1438 3482 1512 προαποτίθεσθαι
3505 1439 3576 1493 τά
3588 1441 3767 1494 οἰκεῖα
3791 1441 3897 1513 τῆς

2304 1536 2594 1607 στρατείας
2617 1534 2757 1589 ὅπλα
2781 1550 2795 1564 ·
2831 1532 3002 1586 ταῦτα
3023 1532 3070 1586 δ’
3100 1527 3170 1603 ἦν
3196 1532 3267 1586 τά
3305 1534 3404 1604 τῆς
3428 1533 3653 1604 εἰρήνης
3686 1532 3899 1603 σύμϐο-

2300 1624 2368 1678 λα
2387 1642 2401 1655 ο
2432 1623 2512 1677 διδ
2538 1625 2633 1677 καὶ
2659 1622 2818 1678 αὐτὸν
2848 1622 2940 1675 τὸν
2968 1620 3253 1692 ὑποδοχέα,
3285 1622 3380 1675 καὶ
3406 1620 3585 1675 πάντα
3613 1618 3708 1674 τὸν
3740 1617 3897 1675 οἷκον

2301 1713 2466 1769 αὑτοῦ
2516 1713 2804 1785 εἰρηνικῶν
2848 1704 3155 1782 ἀσπασμῶν
3205 1712 3527 1776 ηταξιοῦν·
3579 1706 3679 1765 εἶτ’
3721 1710 3896 1766 αὑτοῦ

2305 1805 2504 1875 μένειν,
2548 1806 2641 1858 καὶ
2686 1804 2761 1875 μὴ
2810 1802 3186 1875 μεθίστασθαι,
3244 1803 3365 1874 μηδ’
3396 1803 3578 1868 οτκους
3629 1803 3691 1868 ἐξ
3721 1803 3897 1859 olm

2302 1895 2569 1965 ἀμείϐειν.
2614 1894 2785 1948 Τοῦτο
2817 1895 2927 1966 γάρ
2968 1890 3108 1948 εἶναι
3154 1896 3377 1965 σημεῖον
3422 1892 3898 1965 ἀπηκριϐωμένης

2302 1987 2630 2054 έξετάσεως·
2667 1987 2729 2041 τὸ
2756 1987 2861 2059 γάρ
2904 1986 3127 2058 εὐχερές
3160 1987 3255 2040 καὶ
3279 1986 3535 2057 ἄκριτον,
3568 1990 3628 2043 οὑ
3662 1987 3899 2059 στερρὸν

2301 2076 2422 2131 οὑδὲ
2444 2077 2661 2148 βεϐαίου
2684 2077 2906 2149 τρόπου.
2934 2078 3025 2131 Διὸ
3050 2077 3281 2148 παρῄνει
3310 2076 3383 2147 μὴ
3408 2076 3624 2148 πρῶτον
3654 2077 3903 2148 καταμέρ

2302 2180 2434 2235 νειν,
2466 2169 2658 2222 ἔπειτα
2684 2170 2894 2240 έρωτᾷν
2922 2170 3018 2223 καὶ
3042 2168 3423 2234 πυνθάνεσθαι,
3450 2165 3549 2224 εἰτ’
3571 2170 3902 2242 ἐνυϐρίσαν-

2302 2274 2401 2320 τας
2430 2257 2508 2327 τῷ
2539 2256 2674 2328 ξένῳ
2706 2256 3053 2327 μεταϐαίνειν
3089 2259 3175 2328 ἀφ’
3221 2258 3432 2330 ῑτερον.
3462 2257 3583 2313 Κάν
3615 2253 3777 2325 οὗτος
3803 2260 3903 2316 ἀν-

2306 2347 2455 2413 άξιος
2484 2346 2583 2416 τῆς
2612 2347 2883 2417 ὑποδοχῆς
2916 2347 3135 2419 εὑρεθῇ,
3156 2347 3317 2402 πάλιν
3337 2347 3551 2402 ένθένδε
3569 2349 3904 2418 μετανίστα-

2305 2437 2447 2501 σθαι,
2483 2436 2679 2506 ἐχθραν
2721 2435 2968 2490 ἑκούσιον
3006 2438 3443 2509 επισπωμένους,
3494 2438 3633 2509 μετά
3671 2440 3769 2493 καὶ
3796 2440 3902 2495 τοῦ

2302 2526 2399 2597 τὴν
2423 2526 2602 2579 αὑτῶν
2630 2527 2855 2597 εἰρήνην
2891 2530 2974 2590 εἰς
3010 2526 3262 2594 ἀναξίους
3296 2529 3531 2600 ῥίπτειν.
3575 2530 3715 2583 Ἀλλ’
3738 2532 3905 2604 ἀκριο

2304 2616 2415 2681 σῶς
2438 2618 2701 2688 πρότερον
2726 2615 2819 2669 τὸν
2862 2616 3011 2682 ἄξιον
3056 2618 3529 2689 πολυπραγμονεῖν
3548 2637 3561 2650 ·
3600 2620 3776 2675 ἔπειθ’
3803 2621 3905 2676 οὖ-

2301 2724 2379 2761 τω
2412 2706 2801 2779 παρελθόντας,
2844 2707 2952 2761 τῶν
2987 2708 3091 2779 τῆς
3138 2710 3365 2781 εἰρήνης
3410 2709 3631 2779 ἀγαθῶν
3684 2711 3904 2782 μεταόιρ

2302 2799 2468 2864 δόναι,
2503 2800 2601 2852 καὶ
2634 2801 2893 2872 παρέχειν
2926 2799 3172 2869 ἀφθόνως
3197 2799 3276 2871 τῷ
3309 2802 3795 2874 μεμαρτυρημένῳ
3834 2802 3901 2856 οὐ

2306 2889 2485 2959 μόνον,
2511 2890 2647 2944 ἀλλά
2670 2892 2765 2944 καὶ
2787 2890 2952 2945 παντὶ
2971 2889 3051 2960 τῷ
3076 2890 3211 2960 οῐκῳ
3240 2890 3307 2943 δι’
3337 2892 3519 2945 αὐτόν.
3553 2892 3617 2944 Εἰ
3647 2892 3719 2955 δ’,
3740 2894 3903 2965 εὑρεο

2303 2978 2485 3043 θέντος
2525 2979 2677 3044 ἀξίου
2718 2981 2862 3044 τινος
2896 2981 2991 3034 καὶ
3036 2980 3433 3051 ὑποδεξαμένου
3469 2974 3562 3034 τὸν
3597 2983 3699 3053 τῆς
3737 2982 3904 3054 βασι-

2302 3069 2452 3134 λείας
2473 3071 2829 3143 στρατιώτην,
2869 3072 3109 3143 συμϐαίη
3137 3072 3265 3125 ποτε
3296 3066 3384 3126 οἷα
3412 3070 3673 3138 πολλάκις
3701 3074 3762 3128 έν
3802 3076 3903 3129 ἀν-

638 3168 748 3216 tem
769 3201 786 3227 ,
814 3158 955 3215 forte
983 3161 1247 3225 evenerit,
1270 3160 1411 3229 quod
1454 3175 1595 3229 sape
1629 3162 1680 3215 in
1713 3162 1942 3229 religiosi
1974 3161 2201 3216 hominis

2304 3160 2427 3230 δρὸς
2456 3160 2591 3232 οἴκῳ
2628 3162 2916 3227 θεοσεσοῧς
2956 3162 3113 3217 εῐωθε
3150 3161 3419 3231 γίνεσθαι,
3451 3162 3648 3231 γονέας
3674 3166 3711 3237 ἢ
3740 3164 3900 3220 ἀδελ-

638 3253 799 3306 domo
828 3250 943 3306 ﬂeri
967 3252 1120 3312 solet,
1140 3264 1391 3319 parentes
1416 3260 1507 3304 aut
1536 3250 1731 3304 fratres
1755 3260 1849 3303 aut
1879 3250 2016 3305 alios
2040 3266 2201 3320 gene-

638 3357 702 3398 re
725 3343 1051 3413 propinquos
1077 3343 1347 3397 adversari
1384 3357 1448 3396 ac
1488 3340 1682 3396 bellum
1712 3344 1861 3397 ciere
1905 3357 2010 3395 non
2042 3342 2201 3396 modo

637 3444 826 3489 contra
861 3433 1129 3502 repulstnn
1154 3433 1432 3495 advenam,
1457 3447 1645 3487 verum
1688 3433 1849 3487 etiam
1888 3444 2075 3487 contra
2104 3434 2203 3489 bo-

640 3523 803 3590 spltio
830 3521 1208 3586 bonorantem,
1237 3524 1546 3577 necessario
1588 3523 1775 3576 borum
1806 3537 2017 3591 quoque
2049 3538 2200 3577 men-

641 3614 840 3669 tionem
863 3609 1120 3668 Servator
1146 3628 1248 3666 non
1273 3606 1522 3682 neglexit,
1541 3611 1632 3666 sed
1659 3613 1930 3681 praedictis
1955 3614 2195 3668 addidit:

639 3703 781 3772 quod
809 3702 853 3758 si
878 3702 1038 3773 digna
1069 3703 1258 3757 domus
1284 3702 1470 3764 fuerit,
1502 3702 1680 3756 veniat
1703 3717 1803 3770 pax
1833 3713 2009 3757 vestra
2041 3720 2201 3773 super

641 3793 825 3856 illam;
860 3794 904 3848 si
937 3793 1113 3847 minus
1132 3790 1293 3862 digna
1326 3791 1504 3857 fuerit,
1539 3806 1641 3860 pax
1672 3803 1849 3847 vestra
1875 3794 1941 3848 ad
1982 3808 2077 3847 vos
2113 3809 2198 3849 rc-

640 3893 902 3937 vertatur.
935 3882 1045 3936 Vos
1091 3882 1305 3951 quidem
1338 3896 1441 3936 non
1490 3896 1612 3934 eum
1656 3882 1831 3937 solum
1876 3884 1967 3951 qui
1998 3882 2199 3939 bonum

646 3972 1011 4027 testimonium
1036 3971 1299 4037 habuerit,
1334 3972 1533 4041 quique
1560 3981 1739 4028 vestro
1758 3987 1975 4027 accessu
2008 3975 2201 4043 dignus

650 4062 832 4128 fuerit,
861 4062 1009 4131 pacis
1044 4060 1506 4117 benedictionibus
1534 4063 1901 4131 impertimini,
1918 4064 2012 4118 sed
2034 4073 2089 4119 et
2104 4065 2201 4119 toti

645 4152 825 4209 domui
850 4152 986 4222 ejus,
1021 4153 1073 4208 id
1114 4162 1197 4207 est
1228 4151 1579 4209 familiaribus
1626 4163 1785 4221 atque
1814 4156 2076 4224 cognatis,
2102 4168 2201 4223 pa-

642 4243 856 4297 cilicatn
897 4243 1123 4298 salutem
1164 4244 1344 4309 dicite,
1391 4254 1732 4313 vestrumque
1765 4244 1991 4299 ollicium
2030 4248 2203 4299 abun-

645 4334 835 4388 danter
858 4342 1021 4402 atque
1050 4333 1265 4403 copiose
1287 4333 1355 4389 ad
1384 4344 1653 4403 parentes,
1681 4332 1895 4399 fratres,
1916 4346 2202 4405 cognatos-

2300 3253 2436 3321 φοὺς
2474 3252 2507 3323 ἢ
2542 3253 2761 3325 ἑτέρους
2798 3253 2879 3325 τῷ
2903 3254 3052 3323 γένει
3086 3255 3461 3325 προσήκοντας
3513 3256 3897 3313 omnem

2300 3342 2393 3395 καὶ
2422 3341 2695 3413 πολεμεῖν,
2725 3345 2785 3397 οὐ
2825 3345 2985 3414 μόνον
3024 3346 3115 3399 τὸν
3157 3345 3538 3417 ὲπεξωσμένον
3579 3346 3717 3417 (56),
3753 3347 3900 3405 an

2300 3432 2475 3485 καὶτὸ
2492 3436 2559 3504 τῇ
2581 3434 2814 3504 ὑποδοχῇ
2846 3437 3198 3506 τετιμηκότα,
3226 3438 3539 3507 ἀναγκαίως
3560 3438 3657 3491 καὶ
3684 3436 3899 3493 τούτων

2298 3522 2327 3574 ὁ
2354 3524 2547 3595 Σωτὴρ
2572 3525 2633 3577 οὑ
2676 3525 2923 3597 παρῆλθε
2950 3527 3052 3599 τὴν
3094 3529 3333 3599 μνήμην,
3361 3528 3477 3582 ἀλλ’
3509 3529 3756 3599 έπιλέγει
3779 3532 3899 3595 τοῖς

2300 3616 2795 3686 προτεταγμένοις”
2838 3616 2941 3671 κάν
2986 3618 3084 3688 μὲν
3195 3621 3228 3690 ή
3266 3620 3411 3673 οἰκία
3436 3619 3583 3686 ἀξία,
3621 3620 3831 3675 ἐλθέτω
3856 3622 3895 3694 ἠ

2300 3709 2489 3779 εἰρήνη
2523 3709 2678 3779 ὑμῶν
2705 3710 2791 3763 ἐπ’
2823 3710 3023 3782 αὑτήνο
3054 3712 3149 3765 ιάν
3175 3713 3233 3766 δὲ
3274 3710 3410 3785 μ.ὴῇ
3446 3714 3596 3780 ἀξια,
3626 3716 3661 3785 ή
3694 3715 3900 3786 εἰρήνη

2302 3798 2456 3868 ὑμῶν
2482 3802 2566 3869 ἐφ’
2591 3800 2737 3870 ὑμᾶς
2767 3802 3171 3873 ἐπιστρεψάτω.
3209 3803 3398 3875 Ὑμεῖς
3433 3804 3532 3873 μὲν
3554 3805 3686 3875 γάρ,
3724 3805 3892 3877 φησὶ,

2300 3888 2394 3943 τοῦ
2433 3892 2927 3962 μεμαρτυρημένου
2961 3894 3139 3965 χάριν,
3175 3893 3269 3946 τοῦ
3304 3894 3400 3947 καὶ
3441 3893 3543 3963 τῆς
3577 3894 3900 3960 έπιδάσεως

2301 3980 2400 4051 τῆς
2432 3981 2701 4053 ὑμετέρας
2722 3982 2899 4047 ἀξίου,
2929 3984 3002 4055 μὴ
3036 3985 3195 4055 μόνον
3214 3985 3377 4040 αὐτὸν
3404 3988 3524 4049 ταῖς
3538 3985 3641 4056 τῆς
3666 3988 3897 4059 εἰρήνης

2302 4069 2592 4138 εὐλογίαις,
2632 4071 2768 4125 ἀλλὰ
2790 4075 2886 4127 καὶ
2909 4074 3085 4129 πάντα
3108 4074 3200 4129 τὸν
3227 4070 3394 4140 οἶκον,
3422 4076 3621 4148 δηλαδὴ
3642 4076 3772 4141 τοὺς
3795 4077 3899 4132 αὑσ

2301 4161 2395 4214 τοῦ
2424 4162 2659 4226 οἰκείους
2688 4163 2783 4216 καὶ
2810 4167 3108 4233 συγγενεῖς,
3140 4166 3360 4237 εἰρήνης
3392 4166 3705 4236 ἀσπασμοῖς
3728 4166 3898 4237 εὐαγ-

2302 4250 2601 4318 γελίζεσθε,
2628 4254 2723 4307 καὶ
2763 4253 2831 4307 τά
2858 4256 2987 4325 παρ’
3016 4254 3172 4326 ὑμῶν
3208 4255 3457 4324 ἀφθόνως
3486 4255 3585 4309 καὶ
3620 4254 3895 4323 πλουσίως

2302 4342 2590 4397 ἀπλούσθω
2610 4346 2690 4408 εἰς
2717 4344 2908 4413 γονέας
2930 4346 3023 4399 καὶ
3043 4346 3304 4416 ἀδελφοὺς
3328 4347 3425 4399 καὶ
3451 4349 3737 4415 συγγενεῖς
3750 4347 3895 4402 πάνυ

643 4437 769 4491 que,
797 4433 853 4478 et
882 4431 1047 4478 totam
1086 4423 1311 4491 hospitis
1342 4424 1557 4478 domum
1589 4422 1864 4479 effundite.
1896 4425 1952 4480 Si
1983 4439 2110 4494 ergo
2149 4435 2201 4479 et

2305 4451 2371 4486 τα
2396 4450 2455 4487 τε
2488 4435 2579 4487 τὸν
2610 4432 2757 4489 οἷκον
2782 4435 2875 4489 τοῦ
2904 4437 3353 4507 ὑποδεδεγμένου.
3395 4439 3459 4491 Εἰ
3488 4439 3588 4509 μὲν
3612 4434 3707 4493 οὖν
3728 4440 3893 4512 εὑρε-

642 4512 700 4567 bi
727 4522 904 4567 vestra
923 4511 1296 4569 benedictione
1313 4513 1458 4583 digni
1489 4513 1750 4581 comperti
1781 4512 2001 4578 fuerint,
2027 4516 2201 4570 veniat

2303 4522 2440 4575 θεῖεν
2461 4523 2553 4576 καὶ
2576 4518 2722 4577 οὗτοι
2744 4524 2847 4593 τῆς
2871 4526 3140 4597 ὑμετέρας
3161 4526 3411 4595 εὐλογίας
3436 4526 3597 4591 ἀξιοι,
3622 4511 3830 4583 ἐλθέτω
3851 4528 3889 4600 ἠ

646 4614 747 4670 pax
780 4609 958 4655 vestra
983 4615 1143 4671 super
1163 4616 1370 4668 omnes,
1394 4616 1495 4656 ceu
1523 4602 1659 4658 illios
1682 4603 1849 4671 pacis.
1885 4603 1980 4657 Sin
2010 4612 2199 4658 contra

647 4694 828 4746 hostes
850 4705 1142 4756 osorcsque
1168 4702 1357 4747 vestrae
1387 4692 1532 4761 pacis
1560 4693 1660 4748 visi
1692 4692 1912 4759 fuerint,
1947 4708 2011 4747 ac
2033 4694 2201 4747 nulla-

647 4793 799 4837 tenus
820 4796 883 4837 ea
910 4782 1078 4854 digni,
1114 4782 1376 4850 tollentes,
1409 4783 1606 4854 inquit,
1622 4786 1760 4839 bona
1782 4794 1961 4839 vestra
1981 4785 2047 4838 ab
2064 4784 2203 4838 indi-

644 4874 761 4943 gnis
792 4875 1045 4939 recedite,
1080 4888 1290 4944 paxque
1316 4884 1493 4929 vestra
1521 4874 1587 4929 ad
1615 4888 1711 4930 vos
1738 4886 2043 4931 revertatur
2064 4916 2079 4939 ,
2109 4890 2203 4931 ve-

644 4974 753 5017 stra
779 4965 981 5021 scilicet
1015 4965 1384 5022 benedictione
1412 4966 1480 5023 ad
1524 4981 1621 5023 vos
1652 4967 1908 5023 redeunte
1935 4968 2057 5039 quia
2082 4982 2204 5037 par-

646 5064 728 5110 tes
760 5065 968 5112 vestras
990 5056 1329 5127 implevistis.

721 5234 763 5269 ⁸³
791 5234 859 5289 Et
894 5237 951 5291 in
994 5238 1669 5320 qitumcunqttgciuitatem‘
1702 5239 2052 5308 intrant-itis,
2088 5250 2136 5295 sl

1117 5316 1433 5376 susceperint
1478 5323 1591 5371 eos,
1621 5316 1727 5363 etc.

718 5395 812 5449 [iis
844 5397 1024 5451 verbis
1065 5411 1253 5453 rursus
1298 5397 1447 5466 ipsos
1487 5397 1641 5467 jubet
1675 5400 1968 5469 praedicare
1997 5401 2089 5455 Dei
2121 5414 2206 5454 re-

648 5500 829 5554 gnum,
861 5488 1023 5555 idque
1060 5486 1171 5555 jam
1199 5488 1559 5558 propinquum
1589 5488 1839 5543 nuntiare
1866 5509 1878 5544 :
1905 5504 2077 5561 neque
2113 5504 2207 5542 va-

650 5590 773 5629 nam
793 5592 963 5647 neque
984 5579 1101 5633 sine
1121 5578 1577 5637 demonstratione
1596 5580 1896 5637 orationem
1920 5581 2203 5648 habentes,

719 5686 765 5719 ⁸³
784 5702 901 5755 cap.
937 5704 988 5753 ε,
1019 5691 1073 5747 8.

728 5778 832 5851 ιὸϐὶ
872 5778 1002 5837 Cod.
1039 5779 1395 5855 ὶπεξωμένον.

2304 4616 2490 4686 εἰρήνη
2514 4615 2672 4685 ὑμῶν
2705 4616 2799 4669 ἐπὶ
2842 4618 3051 4680 πάντας
3072 4618 3147 4682 ὼς
3174 4618 3433 4682 έπίυἰοὺς
3459 4619 3681 4690 εἰρήνης
3703 4635 3717 4649 ·
3760 4622 3813 4673 εἰ
3838 4619 3886 4673 δ’

2305 4705 2485 4778 ἐχθροὶ
2519 4707 2614 4759 καὶ
2661 4706 2910 4777 πολέμιοι
2940 4710 3041 4777 τῆς
3081 4708 3351 4779 ὑμετέρας
3387 4708 3599 4777 ὀφθεῖεν
3638 4710 3886 4782 εἰρήνης,

2306 4796 2397 4848 καὶ
2422 4795 2670 4867 οὐδαμῶς
2697 4795 2869 4865 αὐτῆς
2904 4794 3064 4862 ἀξιοι,
3099 4798 3351 4870 ἄραντες,
3382 4798 3885 4873 φησὶ,τάὑμέτερα

2306 4883 2503 4951 ἀγαθά,
2534 4885 2643 4938 τῶν
2682 4886 2915 4952 ἀναξίων
2939 4888 3293 4959 ὑποχωρεῖτε,
3323 4890 3417 4942 καὶ
3442 4891 3475 4959 ή
3508 4890 3698 4961 εἰρήνη
3728 4879 3887 4961 ὑμῶν

2305 4977 2387 5043 ἐφ’
2421 4977 2564 5046 ὑμᾶς
2589 4976 2988 5047 ἐπιστρεψάτω,
3016 4978 3115 5049 τῆς
3146 4978 3204 5043 ἐξ
3233 4978 3386 5049 ὑμῶν
3423 4979 3668 5047 εὐλογίας
3698 4981 3786 5049 ὑφ’
3823 4983 3887 5035 ὑ-

2308 5069 2411 5137 μᾶς
2436 5070 2596 5123 πάλιν
2636 5070 3083 5143 μεταϐαινούσης,
3122 5073 3205 5126 ὃτι
3235 5072 3298 5145 δή
3328 5072 3396 5127 τά
3428 5074 3559 5144 παρ’
3590 5073 3746 5144 ὑμῶν
3788 5093 3891 5129 πε-

2306 5158 2407 5230 πλη
2419 5160 2628 5231 ρὼκατε
2636 5204 2649 5215 .

2302 5252 2409 5304 Kai
2437 5255 2523 5317 εἰς
2548 5252 2630 5321 ἣν
2651 5254 2702 5309 δ’
2734 5254 2812 5309 ἂν
2851 5258 3033 5380 πέλῃ-
3060 5254 3419 5377 εισέρχῖισθε
3460 5255 3555 5309 καί
3590 5254 3886 5324 δέχωνται

2924 5343 3057 5380 uae.
3092 5343 3148 5379 κ.
3173 5342 3225 5379 τ.
3297 5365 3313 5380 .

2921 5343 3057 5394 μας,
3092 5343 3148 5379 κ.
3173 5342 3225 5379 τ.
3262 5342 3313 5380 Α.

2386 5412 2472 5465 Ἐν
2493 5416 2702 5482 τούτοις
2723 5434 2787 5485 γε
2816 5416 2976 5471 πάλιν
3005 5416 3295 5490 κηρύττειν
3318 5414 3413 5470 τοῦ
3437 5415 3572 5469 Θεοῦ
3600 5416 3700 5488 τὴν
3727 5416 3884 5487 βασι-

2300 5499 2467 5565 λείαν,
2494 5506 2590 5559 καὶ
2616 5506 2901 5576 ήγγικέναι
2922 5508 3098 5578 λέγειν
3123 5508 3293 5581 αὐτὴν
3320 5507 3715 5579 παρεκελεύετο
3732 5526 3747 5541 '
3779 5511 3882 5565 οὑκ

2302 5590 2466 5662 ἀργὸν
2500 5595 2605 5648 οὐδ’
2634 5597 3017 5653 ἀναπόδεικτον
3061 5599 3411 5670 ποιουμένους
3453 5597 3543 5653 τὸν
3586 5598 3764 5666 λόγον.
3812 5599 3881 5655 τὲ
