4062 6448
223 414 329 474 σω

1387 416 1888 490 couusivnms
1918 413 1984 469 lN
2019 412 2282 470 LUCAM.

3383 413 3488 468 εει

213 537 574 609 γνωρίσματα
607 538 663 589 δὲ
701 536 1039 605 παρέχοντας
1063 535 1155 589 τοῦ
1186 536 1558 606 κηρύγματος,
1598 514 1805 589 διάτοῦ

1912 535 2006 589 sed
2056 532 2459 603 praedicationis
2503 538 2822 601 argumenta
2856 528 3195 591 exhibentes,
3235 533 3486 586 curandis

214 626 543 698 θεραπεύειν
567 627 691 688 τοὺς
713 629 842 693 παρ’
863 626 1043 689 αὐτοῖς
1065 624 1329 690 ἀσθενεῖς,
1354 626 1448 678 καὶ
1469 622 1619 680 οὐδὲν
1641 627 1803 679 πλέον

221 717 312 787 τῆς
363 717 638 787 ἐφημέρου
684 720 889 789 τροφῆς
931 715 1337 787 ἀποφέρεσθαιο
1387 717 1417 769 δ
1454 717 1517 788 δὴ
1563 718 1803 789 παρίστη

214 808 421 877 λέγων·
465 806 702 861 Ἐσθίετε
740 809 808 861 sa
856 808 1265 879 παρατιθέμενα
1308 809 1455 876 ὑμῖν,
1508 809 1601 862 καὶ
1644 808 1805 879 θερα-

214 898 415 953 πεύετε
457 900 585 962 scio;
620 902 677 955 ἐν
710 900 891 963 αὐτοῖς
933 899 1197 963 ἀσθενεῖς.
1244 899 1461 970 Ἐπειδὴ
1495 900 1541 952 δ’
1580 901 1803 954 ἀντέπι-

213 1006 374 1051 πτεν,
415 989 467 1041 εί
511 984 604 1043 οὖν
633 990 706 1061 μὴ
746 990 992 1061 εὑρεθείη
1031 1006 1114 1052 τις
1159 988 1305 1054 ἄξιος
1348 988 1446 1059 τῆς
1475 988 1806 1060 δηλωθείσης

215 1079 509 1149 ὑποδοχῆς,
552 1080 605 1132 τί
642 1081 747 1152 χρὴ
787 1081 1045 1152 πράττειν
1093 1079 1326 1143 αὐτούςς
1362 1078 1667 1144 ἀκολούθως
1710 1082 1806 1135 καὶ

219 1171 355 1242 περὶ
375 1169 582 1223 τούτων
606 1171 907 1225 ἐπάκουσον
942 1165 1031 1223 οἷα
1058 1170 1299 1223 διδάσκει
1323 1168 1493 1238 λέγων
1515 1168 1641 1241 ἑξῆς
1662 1188 1674 1201 ·
1701 1174 1806 1237 Εἰς

213 1259 299 1327 ἢν
348 1258 401 1312 δ’
436 1259 512 1314 ἂν
564 1262 746 1316 πόλιν
792 1260 1172 1330 είσέρχησθε,
1232 1259 1333 1313 καί
1385 1259 1472 1329 μὴ
1518 1259 1804 1328 δέχωνται

213 1351 394 1421 ὑμᾶς,
432 1370 486 1406 κ.
514 1369 565 1406 τ.
592 1353 641 1405 λ.
1455 1364 1457 1366 ’

216 1444 401 1498 Ὅταν
443 1447 475 1497 ό
511 1446 757 1512 ἰσχυρὸς
798 1444 1287 1512 καθωπλισμένος
1346 1442 1637 1512 φυλάσσῃ
1691 1442 1806 1511 τὴν

646 1514 862 1568 ἑαυτοῦ
882 1513 1102 1581 αὐλὴν,
1136 1532 1189 1567 κ.
1216 1531 1266 1567 τ.
1295 1515 1344 1569 λ.

301 1604 545 1677 ’ἰσχυρὸν
577 1605 673 1675 μὲν
698 1605 789 1658 τὸν
821 1604 1343 1676 κατισχύσαντα,τοῦ
1373 1606 1563 1674 γένους
1584 1605 1689 1657 τῶν
1710 1606 1805 1658 av.

216 1692 454 1767 θρὼπων
478 1694 720 1749 διάϐολον
742 1695 919 1763 λέγει·
945 1696 1115 1767 αὐλὴν
1134 1696 1191 1749 δὲ
1222 1695 1386 1750 absab
1418 1696 1507 1748 τὸν
1530 1696 1805 1764 περίγειον

213 1785 330 1837 τῶν
360 1785 568 1854 θνητῶν
596 1786 759 1839 τόπον
789 1787 901 1857 (57)
921 1804 934 1818 ·
964 1788 1272 1860 ὑπάρχοντα
1304 1788 1361 1841 δὲ
1387 1788 1542 1841 πάντ’
1566 1789 1745 1840 ἐκεῖνα
1769 1786 1805 1841 ἃ

1906 626 1996 694 qui
2022 625 2162 693 apud
2187 624 2308 677 illos
2336 622 2518 677 forent
2549 622 2803 685 inﬁrmis,
2830 636 3001 690 neque
3024 629 3307 690 propterea
3332 623 3489 691 quid-

1906 732 2067 787 quam
2098 717 2236 769 ultra
2281 716 2591 784 quotidiana
2629 714 2889 768 alimenta
2922 714 3273 784 accipientes.
3316 712 3488 780 Quam

1906 823 2018 863 rem
2047 808 2120 861 ita
2163 807 2333 861 edixit
2366 825 2381 862 :
2420 805 2744 860 Manducate
2770 819 2890 873 quae
2928 815 3271 875 apponuntur
3314 806 3489 863 vobis.

1904 909 1958 954 et
1983 911 2172 954 curate
2218 899 2495 962 inllrmos,
2529 899 2620 967 qui
2656 900 2801 967 apud
2830 911 2933 951 reos
2986 907 3134 951 sunt.
3182 897 3319 964 Quia
3363 914 3495 954 vero

1906 990 2032 1043 illud
2065 991 2338 1054 obstabat,
2371 1003 2565 1056 nempe
2587 986 2633 1041 si
2660 1001 2790 1052 ergo
2822 1002 2983 1042 nemo
3021 988 3217 1058 dignus
3247 1003 3344 1043 vos
3395 990 3493 1042 ho-

1905 1080 2068 1149 spitio
2109 1080 2403 1149 recipiendi
2442 1079 2626 1142 fuerit,
2660 1078 2789 1148 quid
2838 1078 2983 1134 factu
3025 1082 3161 1149 opus
3189 1079 3491 1134 erit?con-

1904 1180 2199 1240 sequenter
2241 1171 2365 1225 audi
2419 1172 2547 1238 quid
2598 1170 2700 1225 hac
2746 1184 2915 1238 super
2952 1184 3010 1224 re
3051 1171 3104 1224 in
3141 1168 3505 1239 sequentibus

1905 1262 2081 1317 dicat:
2107 1261 2166 1317 Si
2194 1278 2351 1331 quam
2385 1278 2506 1316 vero
2527 1263 2583 1316 in
2608 1263 2785 1316 urbem
2812 1263 3156 1328 intraveritis,
3181 1262 3494 1332 minimeque

1905 1371 1995 1408 vos
2020 1356 2336 1424 exceperint,
2362 1368 2466 1409 etc.

1941 1447 1988 1480 “
2009 1444 2140 1502 Cum
2165 1448 2318 1517 [ortis
2359 1456 2600 1501 armatus
2639 1445 2871 1499 custodit
2903 1446 3098 1517 atrium
3139 1462 3317 1513 suum,
3342 1456 3452 1502 elc.

1973 1600 2195 1656 Fortem
2227 1600 2443 1669 quidem
2470 1601 2597 1655 dicit
2629 1600 2899 1657 diabolum
2926 1643 2941 1668 ,
2973 1603 3063 1673 qui
3112 1604 3374 1659 adversus
3402 1603 3497 1657 ha-

1906 1694 2109 1749 minum
2151 1707 2319 1764 genus
2359 1693 2734 1763 praevaluerat.
2774 1695 2983 1749 Atrium
3037 1694 3278 1763 ejusdem
3308 1697 3495 1766 appel-

1909 1787 1980 1840 lat
2028 1795 2301 1840 terrenum
2334 1800 2364 1838 a
2405 1784 2722 1840 mortalibus
2756 1786 3058 1840 habitatum
3081 1785 3312 1854 spatium
3334 1805 3348 1840 :
3370 1802 3495 1855 pos-

213 1876 280 1947 δὴ
325 1876 597 1943 ἐπιδείξας
641 1878 718 1947 τῷ
766 1878 978 1951 ἃυτῆρί
1032 1896 1164 1932 ποτε
1210 1878 1396 1947 ἔλεγεν
1419 1895 1432 1908 ·
1484 1877 1672 1932 Ταῦτά
1712 1892 1806 1931 σοι

1914 1877 2184 1931 sessiones
2210 1891 2339 1931 vero
2364 1876 2483 1946 ejus
2525 1875 2613 1929 illa
2666 1875 2848 1930 omnia
2888 1892 3011 1946 quae
3052 1876 3180 1932 ohm
3216 1877 3491 1933 Servatori

215 1966 418 2020 πάντα
447 1966 638 2033 δώσω,
665 1968 774 2022 ἐὰν
797 1967 1002 2023 πεσὼν
1026 1970 1465 2038 προσκυνήσῃς
1483 1986 1606 2038 μοι,
1636 1969 1722 2021 ὅτε
1746 1971 1804 2021 ἐν

215 2056 296 2126 τῷ
345 2057 534 2128 ὑψηλῷ
563 2058 679 2131 ὄρει
725 2058 923 2125 ἔδειξεν
955 2059 1105 2130 αὐτῷ
1149 2060 1248 2124 τὰς
1284 2060 1560 2130 βασιλείας
1590 2060 1683 2113 τοῦ
1710 2060 1804 2113 x6-

222 2165 367 2219 σμου
396 2149 491 2202 καὶ
530 2149 629 2220 τὴν
669 2148 825 2213 δόξαν
857 2149 1043 2205 absab.
1088 2145 1250 2204 Ἀλλά
1300 2150 1466 2204 πάλαι
1497 2150 1596 2220 μὲν
1630 2149 1805 2204 ταῦτα

220 2240 390 2294 αὑτοῦ
419 2240 488 2292 τά
517 2240 828 2310 ὑπάρχοντα
855 2243 913 2294 ἐν
933 2241 1123 2314 εἰρήνῃ
1149 2236 1237 2311 ἦν,
1259 2241 1482 2312 μηδενὸς
1507 2239 1669 2293 αὐτοῦ
1702 2241 1805 2308 ἀφ-

223 2331 550 2403 αιρουμένου
574 2348 589 2361 ο
630 2333 719 2385 ὅτε
763 2348 827 2399 γε
871 2331 976 2402 μὴν
1003 2334 1032 2384 ὁ
1063 2332 1409 2403 ἰσχυρότερος
1454 2330 1619 2384 absab
1646 2331 1805 2385 ἐπελ-

221 2420 337 2475 θὼν
365 2422 770 2485 καταπαλαίσας
802 2438 863 2475 τε
899 2421 1059 2475 αὐτὴν
1083 2422 1301 2492 δεσμοῖς
1339 2419 1648 2492 πριέόαλε,
1682 2421 1803 2473 τότε

222 2513 320 2567 καὶ
345 2513 444 2582 τὴν
476 2511 775 2565 πανοπλίαν
816 2510 981 2564 absab
1011 2510 1282 2588 ἀφείλετο,
1322 2511 1406 2578 ἐφ’
1503 2509 1801 2574 ἐπεποίθει,

222 2605 323 2658 καὶ
345 2604 415 2657 τά
458 2602 632 2657 σκῦλα
661 2600 824 2656 absab
858 2601 1108 2674 ἀρπάσας
1130 2601 1367 2655 διέδωκε.
1407 2598 1714 2653 Πανοπλίαν
1748 2600 1804 2653 δὲ

218 2695 389 2750 absab
422 2694 521 2767 τὴν
565 2695 674 2748 τῶν
718 2694 988 2766 δαιμόνων
1027 2692 1285 2747 πολύθεον
1317 2692 1526 2764 πλάνην
1564 2691 1801 2763 ῂνίξατο.

222 2786 407 2840 Ὅπλα
434 2786 542 2857 γὰρ
578 2785 822 2838 διαϐόλου
855 2786 906 2837 ai
949 2781 1223 2854 πανταχοῦ
1259 2784 1361 2854 γῆς
1389 2783 1662 2854 ἱδρυμένοι
1692 2782 1808 2835 δαί-

223 2894 389 2948 μονες
426 2875 820 2946 συνεργοῦντες
858 2875 1024 2929 αὐτοῦ
1066 2877 1132 2945 τῇ
1178 2863 1319 2927 κατά
1360 2874 1466 2927 τῶν
1505 2874 1805 2944 ἀνθρώπων

218 2966 528 3040 τυραννίδι·
576 2964 746 3019 σκῦλα
785 2965 842 3018 δὲ
874 2961 1015 3042 ἦσαν
1059 2963 1225 3018 absab
1264 2966 1319 3018 αἱ
1353 2964 1461 3017 τῶν
1504 2963 1806 3035 ἀνθρώπων

214 3058 393 3130 ψυχαὶ
461 3058 567 3111 ὑπὸ
625 3059 724 3127 τῆς
758 3056 1071 3127 διαδολικῆς
1131 3054 1430 3119 πανοπλίας
1472 3056 1807 3126 αἰχμάλωτοι

216 3149 559 3221 ἀπηγμέναι.
579 3146 738 3201 Ἀλλὰ
780 3148 871 3201 τὸν
902 3148 1000 3218 μὲν
1032 3147 1203 3201 δεινὸν
1243 3150 1448 3201 ἐκεῖνον
1486 3147 1746 3219 τύραννον
1778 3147 1809 3199 ὁ

1912 1968 2202 2022 ostendens
2228 1968 2410 2021 aiebat
2436 1984 2449 2019 :
2480 1966 2610 2021 ιιωο
2641 1969 2819 2021 omnia
2846 1967 2940 2021 tibi
2963 1969 3121 2032 dabo,
3143 1970 3189 2022 si
3217 1971 3493 2038 procidem

1910 2060 2213 2113 adoraveris
2236 2075 2316 2112 me
2332 2059 2401 2124 ⁸⁸,
2429 2072 2621 2129 nempe
2648 2073 2772 2113 cum
2810 2059 2862 2112 in
2891 2057 3107 2112 excelso
3137 2068 3321 2113 monte
3357 2075 3495 2113 cun—

1911 2159 1996 2205 cla
2028 2150 2102 2204 illi
2147 2151 2333 2204 mundi
2368 2165 2533 2220 regna
2584 2148 2917 2220 gloriamque
2951 2148 3190 2219 ejusdem
3233 2150 3487 2204 ostende-

1910 2241 2021 2295 bat.
2062 2238 2168 2295 Sed
2206 2241 2331 2294 olim
2365 2241 2584 2310 quidem
2618 2241 2701 2293 hae
2732 2240 3107 2306 possessiones
3134 2240 3251 2309 ejus
3284 2242 3336 2293 in
3365 2256 3496 2309 pace

1911 2338 2087 2395 erant,
2124 2331 2404 2386 auferente
2435 2332 2669 2387 nemine.
2702 2330 2809 2386 Sed
2845 2346 2967 2385 cum
3000 2331 3195 2387 fortior
3215 2347 3280 2388 eo
3305 2347 3495 2401 super-

1912 2422 2156 2489 veniens,
2192 2439 2427 2492 eumque
2469 2438 2786 2495 oppugnatis
2810 2423 3041 2480 vinculis
3080 2423 3340 2494 alligavit,
3368 2434 3494 2479 tunc

1910 2522 1965 2569 et
1983 2514 2224 2583 ejusdem
2247 2524 2577 2570 armaturam
2601 2517 2824 2572 abstulit
2843 2516 2926 2572 cui
2947 2515 3273 2579 conﬁdebat,
3290 2525 3346 2570 et
3372 2533 3497 2585 spo-

1910 2604 1982 2659 lia
2016 2606 2225 2674 direpta
2252 2605 2553 2661 distribuit.
2588 2606 2758 2664 Porro
2781 2621 3070 2665 armatura:
3118 2609 3495 2668 nomine-ditt.-

1910 2696 2069 2751 bolici
2100 2695 2442 2767 polytheismi
2479 2712 2727 2753 errorem
2761 2701 2959 2755 innuit.
3002 2701 3167 2755 Arma
3204 2704 3349 2757 enim
3380 2704 3497 2757 dia-

1910 2788 2020 2843 boli
2053 2796 2179 2843 sunt
2212 2788 2485 2845 daemones
2516 2791 2713 2859 ubique
2751 2801 3019 2847 terrarum
3064 2796 3369 2856 constituti,
3401 2810 3497 2849 au-

1912 2880 2133 2936 xiliares
2179 2878 2294 2949 ejus
2339 2883 2605 2938 adversus
2654 2882 2904 2938 homines
2953 2886 3278 2955 tyrannidis.
3314 2887 3495 2955 Spolia

1912 2972 2129 3041 quidem
2169 2980 2327 3027 erant
2367 2974 2632 3042 ejusdem,
2665 2975 2941 3029 hominum
2991 2976 3182 3030 anima:
3213 2977 3497 3035 diabolicis

1915 3063 2082 3117 armis
2104 3063 2156 3117 in
2196 3065 2563 3134 captivitatem
2590 3066 2868 3130 abductae;
2892 3067 2986 3122 sed
3013 3069 3156 3122 enim
3187 3069 3334 3123 illum
3358 3086 3499 3139 quo.

1914 3167 2021 3221 que
2070 3152 2382 3208 horribilem
2435 3163 2725 3225 tyrannum
2775 3156 3030 3211 Cbristus
3072 3158 3303 3213 vinculis
3355 3160 3497 3215 irre-

218 3240 457 3314 Χριστὸς
488 3240 705 3309 δεσμοῖς
732 3236 1062 3309 περιῦαλὼν,
1088 3239 1267 3291 πᾶσαν
1299 3236 1464 3291 absab
1493 3238 1805 3291 διεσκέδασε

1914 3246 2072 3308 tiens,
2098 3246 2408 3301 universam
2443 3247 2560 3313 ejus
2590 3255 2924 3301 armaturam
2959 3248 3262 3319 dissipavit.
3298 3250 3499 3305 damo-

215 3336 320 3406 τὴν
369 3333 688 3409 πανοπλίαν,
722 3332 848 3393 τοὺς
890 3329 1147 3400 δαίμονας
1182 3329 1379 3401 δηλαδὴ
1413 3331 1508 3384 καὶ
1538 3331 1605 3384 τὰ
1645 3332 1807 3386 πνεύ-

224 3443 372 3499 ματα
402 3426 470 3478 si
504 3424 807 3496 ἀκάθαρτα,
841 3422 940 3485 τὰς
968 3422 1224 3492 δυνάμεις
1252 3440 1310 3475 τε
1344 3421 1442 3485 τάς
1493 3424 1803 3493 ἀντικειμέ-

220 3532 357 3579 νας·
403 3517 471 3569 τὰ
503 3515 560 3567 δὲ
606 3513 775 3567 σκῦλα
809 3512 994 3575 absab,
1028 3511 1096 3565 τά
1134 3512 1301 3565 πάλαι
1340 3512 1714 3584 δεδουλωμένα
1736 3515 1803 3583 τῇ

219 3604 496 3677 τυραννίδι
538 3602 727 3666 absab,
781 3601 906 3673 ἔθνη
950 3601 1091 3672 φημὶ
1132 3602 1309 3655 πάντα
1342 3604 1808 3673 -μεταστησάμενα

220 3695 323 3767 τῆς
369 3695 603 3757 παλαιᾶς
644 3693 906 3758 δουλείας,
942 3692 1257 3746 διαδέδωκεν
1304 3692 1524 3755 οἰκείοις
1554 3692 1808 3763 ,ἡγεμόσι

222 3788 323 3842 καὶ
352 3789 576 3859 ἄρχουσι
605 3789 717 3849 τοῖς
753 3786 843 3838 ὑπ’
870 3786 1030 3839 αὑτὸν
1058 3782 1414 3857 στρατιώταις
1441 3784 1540 3855 τῆς
1575 3783 1685 3837 τῶν
1716 3785 1808 3836 ab-

224 3879 407 3952 ρανῶν
438 3878 731 3949 βασιλείας,
758 3878 1075 3941 ἀποστόλοις
1111 3876 1310 3948 δηλαδὴ
1343 3878 1438 3931 καὶ
1464 3878 1577 3940 τοῖς
1602 3875 1808 3929 τούτων

220 3970 503 4041 διαδόχοις.
534 3970 668 4041 Περὶ
694 3962 769 4022 ὧν
793 3968 1002 4022 σκύλων
1027 3968 1356 4039 θαυμαστῶς
1380 3972 1811 4040 προανεφωνείτο

224 4065 284 4116 ἐν
335 4062 640 4135 προφητείᾳ
686 4062 999 4131 φασκούσῃ·
1043 4061 1096 4112 '0
1144 4060 1443 4127 ,βασιλεὺς
1471 4058 1591 4113 τῶν
1626 4059 1809 4114 δυνά-

217 4168 386 4223 μεων
433 4151 540 4207 τοῦ
602 4151 957 4221 Ἀγαπητοῦ,
1008 4150 1083 4219 τῇ
1134 4152 1442 4220 ὠραιότητι
1498 4151 1605 4206 τοῦ
1642 4152 1810 4206 οῖκου

224 4241 531 4296 διελέσθαι
568 4242 789 4295 σκῦλα.
853 4242 1141 4311 Τεκμήρια
1178 4240 1235 4293 δὲ
1266 4239 1438 4294 ταῦτα
1472 4239 1675 4311 ἐναργῆ
1712 4241 1810 4310 τῆς

222 4332 324 4387 τοῦ
390 4332 525 4387 Θεοῦ
577 4331 852 4403 βασιλείας
895 4330 1265 4403 καθαιρούσης
1322 4331 1415 4385 καὶ
1452 4330 1811 4402 ταπεινούσης

225 4426 410 4478 πᾶσαν
442 4422 614 4496 ἀρχὴν
650 4425 749 4476 καὶ
792 4421 1039 4486 ἐξουσίαν
1073 4422 1169 4476 καὶ
1208 4421 1455 4492 δύναμιν,
1486 4420 1580 4474 καὶ
1632 4422 1813 4474 πᾶσαν

225 4515 327 4587 τὴν
360 4514 622 4567 πολύθεον
656 4514 751 4567 καὶ
788 4512 1103 4584 δαιμονικὴν
1135 4512 1447 4584 τυραννίδα,
1492 4511 1600 4565 τῶν
1640 4510 1684 4563 δ’
1719 4511 1812 4563 ἐπὶ

1908 3350 2005 3389 nes
2055 3335 2307 3391 videlicet
2361 3346 2417 3391 et
2462 3337 2701 3407 impuros
2748 3340 3006 3407 spiritus,
3052 3352 3107 3395 et
3155 3343 3499 3398 adversaria:

1907 3434 2225 3495 potestates.
2249 3429 2429 3497 Spolia
2453 3444 2585 3484 vero
2615 3429 2767 3497 ejus‘,
2798 3439 2988 3499 gentes
3043 3432 3259 3501 inquam
3311 3444 3499 3504 tyran-

1909 3518 2034 3573 nide
2052 3519 2221 3589 ipsius
2246 3522 2517 3588 quondam
2547 3536 2856 3591 oppressas,
2889 3531 3069 3578 vetere
3104 3526 3362 3579 servitute
3378 3540 3498 3578 oln-

1907 3625 2007 3664 nes
2029 3620 2266 3679 ereptas,
2287 3613 2512 3667 ducibus
2536 3615 2648 3668 suis
2680 3614 3188 3678 tradidit,videlicet
3221 3623 3350 3670 nutu
3383 3616 3499 3685 ejus

1910 3714 2009 3771 pro
2032 3703 2295 3756 caelorum
2333 3718 2502 3773 regno
2529 3706 2907 3770 militantibus,
2952 3706 3002 3761 id
3034 3717 3118 3760 est
3148 3706 3412 3776 apostolis
3442 3717 3501 3761 et

1909 3791 2102 3845 borum
2139 3795 2565 3850 successoribus.
2599 3797 2673 3851 De
2717 3798 2913 3865 quibus
2952 3797 3142 3866 spoliis
3184 3800 3320 3852 mire
3369 3814 3499 3867 pro-

1910 3884 2201 3938 clamatum
2244 3887 2421 3941 fuerat
2465 3888 2518 3941 in
2546 3889 2829 3959 prapbelia
2878 3890 3093 3944 dicente
3135 3889 3292 3943 :Rea:
3333 3892 3497 3945 virtu—

1914 3982 2025 4028 tum
2057 3975 2271 4040 Dilecti,
2319 3980 2505 4047 speciei
2539 3980 2724 4033 domus
2768 3981 2996 4034 dividere
3032 3983 3197 4049 spolia
3222 3982 3288 4035 ⁸⁸.
3333 3983 3497 4052 Signa

1911 4081 2042 4120 vero
2081 4067 2193 4120 haec
2223 4078 2352 4121 sunt
2380 4067 2663 4122 manifesta
2704 4070 2871 4123 divini
2925 4072 3072 4139 regni
3108 4075 3499 4140 pr05ternentis

1913 4170 1976 4210 ac
2006 4156 2331 4211 destruentis
2372 4157 2668 4226 quemlibet
2715 4160 3112 4228 principatum,
3172 4170 3497 4228 potestatem

1914 4259 1979 4300 ac
2007 4248 2139 4307 vim.
2170 4258 2223 4301 et
2262 4248 2583 4301 diabolicam
2615 4263 2832 4303 onmem
2874 4249 3220 4321 polytheisnii
3256 4254 3501 4322 tyranni-

1913 4337 2033 4390 dem
2056 4338 2230 4406 :quod
2262 4353 2486 4407 regnum
2520 4338 2631 4408 jam
2670 4339 2721 4393 in
2749 4342 2882 4394 orbe
2913 4341 3058 4395 inter
3083 4340 3332 4396 homines
3365 4357 3501 4411 pra:-

1913 4426 2094 4481 valere
2124 4429 2437 4498 incipiebat.
2467 4431 2672 4486 Idcirco
2702 4432 2776 4485 ait
2797 4418 3059 4486 Servalor
3085 4449 3098 4484 :
3138 4434 3290 4497 Quod
3318 4434 3363 4487 si
3405 4449 3499 4503 ego

1912 4515 1967 4569 in
1997 4515 2198 4584 Spiritu
2227 4520 2324 4572 Dei
2348 4521 2506 4589 ejicio
2553 4521 2835 4588 daemonia,
2867 4524 3041 4591 utique
3071 4524 3295 4591 pervenit
3326 4525 3381 4576 in
3410 4540 3498 4576 vos

225 4606 334 4678 γῆς
361 4605 660 4677 ἀνθρώπων
685 4606 1000 4675 ἐπικρατεῖν
1027 4604 1352 4675 ἀρχομένης.
1397 4603 1487 4656 Διό
1516 4619 1650 4673 φησι
1708 4603 1816 4655 Σω-
1845 4598 1889 4653 D
1918 4622 2133 4675 regnum
2162 4608 2260 4663 Dei
2294 4612 2361 4663 ⁸⁷.

224 4703 367 4773 τηρ·
397 4703 467 4755 Et
496 4699 683 4769 δ’ἑτὼ
720 4700 789 4753 ὲν
822 4700 1119 4768 Πνεύματι
1168 4697 1316 4752 Θεοῦ
1369 4696 1645 4751 ἐκϐάλλω
1702 4695 1773 4749 τὰ
1823 4696 2117 4769 δαιμόνια,
2174 4702 2288 4772 ἄρα
2330 4705 2596 4774 ἔφθασεν
2631 4706 2725 4774 ἐφ’
2768 4704 2921 4775 ὑμᾶς
2968 4706 3007 4772 ἡ
3054 4705 3345 4769 ,Βασιλεία
3391 4704 3500 4756 τοῦ

230 4794 403 4850 Θεοῦ.

230 4811 305 4848 σε
348 4812 403 4850 υ.

228 4811 420 4939 Ὄξον
446 4885 515 4938 δὲ
540 4885 961 4955 προσφέρωσιν
984 4883 1139 5006 diuit;
1180 4882 1276 4937 ἐπὶ
1307 4881 1414 4949 τὰς
1431 4884 1805 4954 συναγωγὰς,

914 4972 967 5006 κ.
991 4972 1041 5006 τ.
1110 4993 1123 5005 .

302 5046 462 5100 Οὕτω
488 5045 621 5116 δῆτα
671 5048 1013 5118 φρονήματος
1045 5045 1242 5107 αὐτοὺς
1280 5042 1515 5116 ἐπλήρου
1548 5045 1643 5098 καὶ
1674 5043 1807 5115 θάρ-

228 5153 359 5201 σους
385 5136 473 5191 διά
492 5137 586 5190 τοῦ
623 5137 862 5207 μεθέξειν
881 5138 1075 5200 αὐτοὺς
1108 5136 1250 5190 θείου
1285 5135 1599 5205 Πνεύματος
1636 5137 1810 5204 ἐπαγ-

226 5228 548 5297 γέλλεσθαι·
579 5230 647 5281 δι’
687 5228 847 5281 absab
883 5229 989 5299 γὰρ
1032 5228 1124 5282 καὶ
1166 5225 1530 5297 δυναμοῦσθαι
1562 5226 1707 5290 εἰκὸς
1738 5221 1807 5298 ἦν

227 5318 446 5381 αὐτούς.
479 5319 587 5373 Καὶ
616 5314 734 5380 πῶς
764 5317 872 5389 γὰρ
896 5319 995 5370 οὐκ
1020 5316 1240 5388 ἔμελλον
1264 5316 1689 5387 παραστήματος
1714 5315 1808 5367 καὶ

228 5407 469 5481 θάρσους
498 5411 590 5462 καὶ
624 5408 928 5481 προθυμίας
970 5407 1389 5479 ἐμπίμπλασθαι
1418 5405 1661 5477 ἀγαθῆς;
1693 5406 1809 5469 πῶς

225 5500 287 5554 δὲ
328 5502 405 5573 μὴ
428 5502 737 5573 θαρσαλέως
771 5505 968 5572 χωρεῖν
1001 5502 1086 5570 ἐφ’
1110 5499 1411 5572 ήγεμονικὰ
1433 5500 1526 5553 καὶ
1558 5497 1809 5569 βασιλικὰ

2022 4883 2069 4914 ³⁸
2096 4884 2228 4939 Cum
2252 4894 2427 4938 autem
2456 4885 2707 4939 inducent
2733 4901 2821 4939 vos
2860 4885 2915 4938 in
2946 4898 3260 4953 synagogas,
3284 4891 3387 4935 etc.

1987 5040 2081 5098 Sic
2108 5056 2238 5113 ergo
2286 5042 2409 5097 illos
2447 5043 2589 5097 bono
2629 5044 2813 5097 animo
2858 5058 2980 5097 esse
3022 5040 3249 5110 jubebat
3298 5047 3351 5093 et
3385 5035 3496 5090 ala-

1915 5134 2112 5187 critate
2143 5134 2406 5204 replebat,
2432 5133 2561 5187 dum
2590 5134 2753 5188 divini
2792 5134 3084 5202 participes
3113 5130 3349 5200 Spiritus
3376 5142 3498 5182 esse

1914 5223 2235 5282 aliinnabat.
2261 5224 2457 5291 Qnidni
2505 5228 2647 5280 enim
2675 5224 2869 5279 ﬁducia
2914 5240 3031 5287 eos,
3059 5220 3405 5282 conﬁdentia,
3440 5228 3498 5271 et

1914 5314 2193 5371 alacritate
2216 5317 2405 5386 plenos
2426 5332 2547 5372 esse
2568 5316 2888 5385 oportebat?
2917 5315 3114 5384 Quidni
3142 5312 3397 5367 audacter
3425 5308 3492 5359 ad

1910 5408 2151 5476 iudicum
2190 5424 2487 5479 regumque
2540 5409 2828 5463 tribunalia
2882 5410 2980 5474 ire,
3033 5422 3153 5459 cum
3190 5400 3491 5473 pnenioniti

1914 5499 2146 5556 fuissent
2176 5516 2281 5554 non
2312 5502 2510 5556 debere
2543 5516 2637 5556 eos
2678 5502 2940 5556 meditato
2984 5499 3161 5553 studio
3188 5495 3329 5564 apud
3377 5507 3495 5545 ma-

302 5616 352 5649 “
382 5616 513 5673 CAP.
540 5634 611 5680 xI.
644 5619 735 5673 2|.
806 5618 854 5651 ⁸⁵
887 5617 1078 5674 Matth.
1119 5633 1194 5681 tv,
1218 5619 1270 5674 9.
1342 5612 1552 5671 "Psal.
1586 5628 1754 5679 Lavit,
1789 5612 1875 5669 l3.
1949 5613 1994 5645 ⁸⁷
2028 5612 2215 5668 Matth.
2244 5628 2340 5680 xu,
2368 5613 2459 5670 28.
2553 5613 2598 5646 ⁸⁸
2624 5613 2752 5670 Cn.
2804 5628 2908 5678 xu,
2952 5611 3035 5664 ii.

302 5758 416 5832 (Ξῖ)
455 5758 531 5832 De
569 5756 949 5832 forti__a_rmato,
980 5754 1033 5810 id
1058 5763 1140 5809 est
1191 5754 1425 5820 diabolo,
1461 5753 1552 5824 qni
1589 5767 1617 5807 a
1651 5747 1869 5806 Christo
1928 5746 2026 5804 fuit
2084 5747 2398 5816 debellatus,
2457 5749 2693 5805 breviter
2737 5750 2933 5805 dicitur
2974 5749 3138 5804 etiam
3196 5748 3249 5800 in
3321 5744 3492 5800 Thea-

228 5825 447 5904 p’cunio,
474 5827 568 5881 Ιώ.
590 5841 672 5891 ιιι,
700 5825 787 5879 57.

517 5917 787 5979 Parnm.
834 5916 953 5977 Gn.
1000 5913 1230 5975 XXIV.

3134 5902 3208 5972 18
