4062 6422
234 376 343 431 55³1

1399 367 1902 429 ΟΟΜΜΕΝΤΑΒΙΔ
1942 372 2008 427 ΙΝ
2048 373 2305 432 LUCAM.

3366 375 3474 434 551

226 496 542 562 metu;
581 496 837 568 ἄσπαρτα
889 496 985 553 καὶ
1033 497 1272 568 ἀνήροτα
1326 494 1395 549 τὰ
1435 496 1570 566 πρὸς
1608 495 1801 567 τροφὴν

1915 493 2074 552 Patre
2112 497 2365 553 nimirum
2406 507 2591 555 vestro
2631 497 2801 555 vitam
2848 498 2954 554 illis
3001 497 3159 554 simul
3190 513 3478 569 escamque

224 590 529 661 ⁴πορίζεται,
560 588 655 641 τοῦ
690 588 952 658 ὑμετέρου
988 585 1203 659 Πατρδς
1233 584 1370 654 ὁμοῦ
1406 586 1499 638 καὶ
1532 584 1678 655 ζωὴν
1710 583 1807 636 αὑ-

226 681 346 744 τοῖς
374 679 469 735 καὶ
497 678 701 750 τροφὴν
727 677 1090 748 δωρουμένου.
1126 676 1338 748 Σφόδρα
1364 675 1408 728 δ’
1450 673 1693 745 ἀκριϐῶς
1714 675 1807 727 tati

226 773 512 842 προτροπῇ
548 769 656 824 τῶν
699 768 862 823 αὑτοῦ
897 767 1156 840 μαθητῶν
1190 768 1288 837 οὐχ
1342 765 1499 835 ἁπλῷ
1547 764 1805 836 παραδεί-

223 878 398 933 γματι
436 861 515 933 τῷ
544 861 655 915 τῶν
676 862 883 929 ἀλόγων
904 862 1173 932 ἐχρήσατο
1210 857 1383 923 ζώωνο
1408 858 1507 910 οὐκ
1526 852 1619 910 οὖν
1642 859 1806 927 ἑρπε-

219 952 335 1005 τῶν
363 952 483 1006 οὑδὲ
507 952 721 1028 κτηνῶν
742 951 863 1005 οὐδὲ
889 952 994 1022 μὴν
1021 949 1218 1020 ἰχθύων
1240 948 1664 1019 ἐμνημόνευσεν,
1687 948 1803 1001 ἀλλ’

220 1044 335 1099 οὐδ’
375 1043 579 1116 ὀρνέων
610 1044 796 1109 ἁπλῶς
824 1041 975 1098 εἶπεν
989 1043 1011 1108 ,’
1040 1043 1226 1112 ἐπειδὴ
1260 1044 1352 1097 καὶ
1379 1043 1583 1097 τούτων
1607 1043 1676 1096 τὰ
1707 1041 1805 1113 μὲν

223 1137 600 1209 σαρκοφαγεῖ,
627 1136 696 1189 τὰ
733 1135 790 1188 δὲ
821 1136 925 1207 γῆν
952 1137 1202 1196 σιτεῖται,
1230 1133 1302 1186 τὰ
1332 1134 1376 1187 δ’
1424 1132 1801 1203 ἀλληλοφαγεῖ.

221 1225 319 1279 Διὸ
367 1224 476 1277 τῶν
519 1224 860 1296 νεκροὸόρων
910 1225 1005 1277 καὶ
1052 1223 1401 1295 σαρκοὸόρων
1443 1222 1709 1293 ἀφορίσας
1737 1222 1807 1288 τὰ

222 1315 592 1388 σπιρμοφάγα
624 1313 735 1369 τῶν
777 1314 1062 1377 πετεινῶν,
1101 1315 1198 1367 καὶ
1226 1313 1402 1367 ταῦτα
1446 1312 1693 1384 δηλώσας
1718 1312 1807 1366 διὰ

217 1405 320 1461 τοῦ
355 1406 553 1474 φάναι·
594 1408 676 1459 οὐ
708 1406 1070 1473 σπείρουσιν
1105 1404 1249 1458 οὐδὲ
1286 1401 1618 1472 θερίζουσιν
1663 1401 1806 1457 οὐδὲ

218 1496 602 1567 συνάγουσιν
646 1498 734 1561 είς
792 1492 1119 1561 ἀποθήκας,
1180 1494 1280 1548 καὶ
1316 1498 1350 1549 ό
1394 1494 1598 1563 Πατὴρ
1631 1491 1801 1563 ὑμῶν

222 1588 261 1642 ὁ
297 1586 578 1655 οὐράνιος
606 1586 804 1655 τρέφει
818 1583 991 1639 αὐτά·
1021 1586 1225 1639 τούτων
1262 1601 1321 1638 τε
1343 1585 1521 1639 αὐτῶν
1560 1588 1805 1657 ἐμφήνας

220 1675 292 1731 τά
320 1676 634 1749 ὑψηλοπετῆ
669 1675 759 1730 διὰ
791 1675 885 1729 τοῦ
920 1680 1239 1746 προσειπεῖν
1278 1677 1417 1731 αὐτὰ
1447 1676 1675 1748 οὐρανοῦ
1709 1695 1806 1731 πε-

220 1768 394 1832 τεινά,
438 1770 565 1829 τοὺς
617 1766 784 1821 αὑτοῦ
833 1767 1081 1840 μαθητὰς
1125 1768 1217 1821 ἐπὶ
1263 1769 1358 1839 τὴν
1410 1769 1668 1839 ὁμοίωσιν
1702 1770 1805 1839 τῆς

1908 586 2214 657 largiente?
2237 588 2605 647 Solertissime
2635 599 2817 646 autem
2863 591 2916 646 in
2946 586 3050 646 hac
3075 586 3141 644 ad
3184 587 3482 659 discipulos

1905 690 2037 732 suos
2081 678 2478 746 adhortatione.
2512 680 2654 736 haud
2687 678 2927 751 generali
2969 678 3150 752 aliquo
3187 680 3479 737 irrationa.

1908 765 2036 821 lium
2068 768 2426 824 animantium
2479 770 2731 840 exemplo
2770 784 2903 826 usus
2947 779 3052 834 est,
3106 782 3283 838 neque
3336 769 3472 828 item

1905 856 2239 924 serpentium
2285 867 2381 913 aut
2427 859 2687 922 ferarum,
2741 874 2918 929 neque
2960 857 3333 931 iumentorum
3385 865 3482 917 aut

1906 947 2132 1017 piscium
2159 951 2425 1016 meminit,
2460 966 2637 1021 neque
2669 952 2847 1006 avium
2878 950 3482 1025 simpliciter,qusndo~

1907 1038 2123 1107 quidem
2182 1047 2238 1095 et
2293 1040 2487 1096 horum
2515 1042 2708 1114 aliquae
2740 1041 3046 1099 carnivorat
3090 1052 3236 1109 sunt,
3271 1039 3392 1097 alia
3420 1041 3476 1103 in
3520 1116 3521 1119 η

1906 1136 2050 1183 terra
2097 1140 2412 1200 pascuntur,
2463 1130 2585 1187 alia
2630 1146 2690 1187 se
2740 1130 2970 1188 invicem
3006 1140 3221 1187 vorant.
3270 1130 3395 1189 Ideo
3446 1146 3480 1190 α

1906 1219 2230 1275 cadaverum
2264 1223 2620 1293 carniumque
2646 1224 2951 1291 voracibus,
2978 1223 3280 1279 seminibus
3329 1223 3480 1293 pasci

1904 1310 2090 1366 solitas
2117 1324 2411 1367 secernens
2438 1313 2704 1378 volucres,
2734 1321 2897 1382 atque
2929 1318 3028 1367 has
3063 1311 3151 1366 his
3181 1310 3358 1368 verbis
3382 1314 3482 1367 de-

1906 1401 2134 1471 signans
2182 1401 2327 1472 quod
2399 1417 2593 1473 nempe
2644 1419 2808 1473 neque
2854 1412 3037 1457 serant
3094 1418 3253 1467 neque
3281 1408 3482 1457 instant

1904 1507 2068 1561 neque
2102 1491 2157 1545 in
2199 1493 2389 1546 horrea
2433 1501 2771 1564 congregant,
2825 1502 2877 1548 et
2921 1503 3095 1548 tamen
3126 1489 3290 1548 Pater
3315 1501 3482 1550 uester

1905 1582 2123 1637 caelestis
2150 1582 2317 1650 pascit
2345 1582 2473 1648 illa;
2503 1585 2831 1654 easdemque
2864 1583 2974 1639 alte
3011 1583 3242 1639 volitare
3270 1582 3481 1655 εἰσιιίοο

1904 1687 2057 1735 cans,
2088 1676 2212 1728 dum
2262 1674 2405 1729 sicut
2452 1673 2575 1731 coeli
2628 1673 2865 1730 volatilia
2921 1674 3217 1749 discipulos
3247 1688 3378 1731 suos
3409 1674 3480 1730 ad

1906 1764 2083 1820 simile
2151 1764 2397 1819 alimenti
2445 1779 2615 1835 genus
2658 1767 3051 1836 capessendum
3124 1765 3478 1831 hortabatur;

220 1859 430 1916 τούτων
450 1858 659 1930 τροφῆς
681 1857 974 1930 παρώρμαο
998 1857 1134 1928 ὁμοῦ
1167 1859 1262 1911 καὶ
1285 1860 1376 1912 ἐπὶ
1402 1859 1500 1930 τὴν
1528 1859 1801 1927 ἀπόδειξιν

1903 1855 2064 1911 simul
2090 1855 2236 1924 ipsos
2263 1855 2334 1911 ad
2362 1856 2833 1927 contemplandam
2863 1857 3186 1917 universalis
3209 1860 3481 1913 curatoris

219 1953 325 2024 τῆς
366 1953 580 2007 πάντων
615 1952 811 2024 ἐφόρου
851 1952 1111 2023 προνοίας
1159 1952 1547 2021 παραπέμπων
1580 1952 1796 2015 αὐτοὺς,

217 2042 298 2107 ὡς
326 2042 392 2097 ἂν
418 2043 807 2114 τεκμαίρεσθαι
840 2043 1171 2112 δυναμένους
1204 2045 1269 2095 ὲκ
1296 2041 1388 2095 τοῦ
1428 2040 1800 2112 παραδείγμα-

218 2150 339 2198 τος,
370 2135 452 2188 δτι
478 2135 613 2188 πολὺ
645 2135 845 2207 μᾶλλον
873 2134 1053 2188 αὐτῶν
1085 2132 1117 2203 ἢ
1153 2133 1260 2187 τῶν
1290 2133 1551 2186 πετεινῶν
1575 2132 1669 2185 τοῦ
1704 2134 1797 2187 οὐ-

222 2223 390 2298 ρανοῦ
420 2228 520 2296 τῆς
545 2228 753 2297 τροφῆς
780 2229 1023 2298 φροντιεῖ
1043 2228 1072 2280 ὁ
1098 2226 1349 2297 οὐράνιος
1376 2226 1555 2281 αὐτῶν
1584 2226 1793 2296 Πατήρ.

124 2350 127 2353 λ
221 2316 442 2387 Πατέρα
472 2317 527 2371 δὲ
561 2318 742 2371 καλῶν
777 2319 1046 2388 οὐράνιον,
1083 2317 1261 2388 δόγμα
1291 2318 1544 2389 μέγιστον
1580 2315 1797 2383 ἐξεπαί-

216 2407 395 2463 διυεν.
434 2410 624 2472 Ὄντος
658 2408 768 2481 γὰρ
794 2410 1009 2480 Πατρὸς
1054 2410 1322 2481 σωμάτων
1358 2408 1454 2463 τοῦ
1490 2409 1587 2480 τὴν
1620 2408 1798 2478 σάρκα

218 2499 541 2568 σπείραντος
565 2499 799 2571 ἑκάστῳ,
823 2498 975 2563 δντος
997 2500 1054 2554 δὲ
1074 2500 1168 2555 καὶ
1192 2496 1403 2571 nam;
1431 2499 1678 2568 οὐρανίου
1702 2500 1797 2552 τοῦ

215 2588 321 2660 τὴν
360 2587 582 2661 λογικὴν
618 2590 715 2643 καὶ
744 2590 935 2660 νοεράν
965 2588 1194 2660 δύναμιν
1226 2590 1285 2641 ὲν
1318 2590 1449 2658 ἡμῖν
1492 2588 1799 2658 ὑποστησα-

219 2679 408 2751 μένου,
450 2680 504 2733 τί
541 2678 649 2753 χρὴ
699 2681 1001 2751 μεριμνᾷνς
1036 2680 1172 2749 Οὐχὶ
1208 2678 1454 2749 exples;
1484 2679 1794 2741 πεπεῖσθαι,

212 2774 302 2828 δτι
338 2773 470 2828 πολὺ
514 2774 779 2845 πρότερον
807 2775 963 2844 ἡμῶν
992 2776 1021 2827 ὁ
1049 2773 1192 2826 κατὰ
1218 2772 1379 2841 φύσιν
1413 2775 1506 2826 καὶ
1537 2774 1798 2843 κρείττων

215 2862 406 2934 πατὴρ
439 2864 798 2934 προνοήσεται
831 2862 865 2931 ἢ
912 2861 1021 2914 τῶν
1057 2861 1314 2915 πετεινῶν
1356 2861 1449 2913 τοῦ
1484 2860 1734 2931 οὐρανοῦ,
1762 2862 1799 2915 ἃ

222 2950 317 3005 διὰ
340 2951 439 3022 τὴν
466 2950 631 3004 αὑτοῦ
668 2951 926 3022 πρόνοιαν
962 2949 1121 3020 μέχρι
1156 2950 1250 3002 καὶ
1288 2948 1464 3002 αὐτῶν
1492 2950 1798 3020 ἐκτεινομέ-

216 3059 340 3115 νην,
380 3042 651 3113 τοσαύτης
689 3042 749 3106 ἐξ
788 3043 1007 3111 ἑτοίμου
1053 3043 1259 3111 τροφῆς
1303 3042 1545 3112 εὐπορεῖ,
1578 3041 1654 3105 ὡς
1704 3042 1796 3093 εὐ-

214 3134 401 3204 τραφῆ
445 3133 538 3186 καὶ
590 3132 785 3202 ισχυρὰ
830 3133 924 3185 καὶ
956 3130 1245 3202 ὲρῤωμένα
1285 3130 1604 3201 τυγχάνειν;
1640 3130 1798 3183 Κατὰ

215 3190 275 3277 δέ
444 3190 676 3277 Λουκᾶν⁸
693 3190 866 3291 λέγων
887 3223 915 3275 ὁ
946 3190 1176 3291 ιέύιριος·
1206 3190 1631 3288 Κατανοήσαεε
1657 3220 1798 3287 τοὺς
1825 3190 1869 3251 C

218 3315 483 3383 κόρακας
509 3313 645 3385 (59),
674 3314 859 3368 πλεῖόν
876 3330 929 3365 τι
952 3312 1230 3384 ἐμφαίνει.
1256 3314 1383 3374 Τοῖς
1396 3314 1493 3382 μὲν
1507 3312 1613 3382 γὰρ
1628 3329 1797 3381 σπερ-

224 3403 473 3476 μολόγοις
517 3402 626 3456 τῶν
660 3402 879 3470 πτηνῶν
924 3403 1241 3475 ὲτοιμοτέρα
1286 3404 1402 3456 ἐστὶ
1435 3403 1642 3474 τροφὴ,
1686 3405 1798 3465 τοῖς

218 3497 279 3551 δὲ
318 3494 704 3568 σαρκοϐόροις,
738 3494 927 3566 ῶσπερ
971 3497 1020 3548 οἰ
1056 3495 1322 3566 κόρακες,
1361 3493 1794 3565 δυσχερεστέρα’

219 3585 339 3641 ἀλλ’
367 3586 517 3656 ὅμως
555 3584 675 3639 οὐδὲ
723 3584 791 3637 τὰ
834 3583 1060 3638 τοιαῦτα
1098 3585 1303 3655 τροφῆς
1344 3585 1541 3655 ἀπορεῖ
1576 3584 1664 3636 διὰ
1701 3583 1799 3657 τὴν

219 3673 499 3743 annexa?»
540 3672 907 3745 ἐπιτεταμένην
938 3672 1215 3744 Πρόνοιαν.
1256 3675 1364 3726 Καὶ
1402 3674 1570 3745 τρίτῳ
1613 3673 1799 3726 συλλο-

216 3764 405 3835 γισμῷ
433 3764 514 3826 εἰς
541 3763 603 3817 τὸ
640 3763 773 3817 αὐτὸ
822 3763 1020 3834 ἐχρῆτο
1049 3763 1260 3832 λέγων·
1305 3764 1401 3832 Τίς
1438 3762 1491 3815 δ’
1531 3764 1601 3827 ἐξ
1634 3760 1802 3831 ὑμῶν

213 3854 518 3927 μεριμνῶν
562 3854 811 3909 δύναται
855 3853 1203 3921 προσθεῖναι
1256 3855 1356 3908 ἐπὶ
1400 3854 1525 3931 τὴν.
1558 3855 1801 3923 ἡλικίαν

218 3946 410 4002 αὐτοῦ
458 3946 664 4016 πῆχυν
703 3947 841 4010 (ira;
888 3948 956 3999 Ei
996 3942 1111 4000 οὖν
1155 3947 1279 4001 οὔτ’
1332 3945 1660 4016 ἐλάχιστον
1701 3944 1802 3999 δύ-

219 4040 434 4103 νασθε,
454 4038 585 4106 περὶ
611 4036 731 4091 τῶν
757 4035 986 4091 λοιπῶν
1008 4038 1065 4090 τί
1078 4037 1430 4109 μεριμνᾶτε;
1463 4037 1601 4093 Ἀλλ’
1626 4039 1675 4092 εί
1706 4055 1802 4115 μηο

218 4130 337 4193 δεὶς
367 4128 545 4198 οἰκείᾳ
577 4127 817 4197 φροντίδι
858 4127 1079 4181 πώποτε
1118 4128 1440 4200 προσθήκην
1482 4130 1660 4199 ἐαυτῷ
1704 4122 1800 4181 τοῦ

223 4218 479 4290 σώματος
509 4218 831 4289 ἐπενόησεν,
862 4217 976 4271 ἀλλ’
1000 4219 1121 4273 οὐδὲ
1148 4222 1214 4290 τῇ
1249 4218 1555 4291 προθεσμίᾳ
1582 4218 1674 4272 τοῦ
1703 4222 1801 4290 τῆς

224 4311 374 4381 ζωῆς
418 4311 633 4382 χρόνου,
670 4312 1011 4384 μεριμνήσας
1040 4327 1123 4375 τις
1150 4306 1260 4376 οἷός
1280 4311 1329 4364 τ’
1364 4311 1429 4366 ἂν
1456 4310 1541 4381 εἴη
1572 4309 1706 4382 πρὸς
1732 4314 1798 4382 τῇ

221 4402 447 4472 τελευτῇ
484 4400 578 4454 τοῦ
624 4401 741 4471 βίου
774 4403 1083 4473 γενόμενος,
1110 4402 1323 4473 ἡμέρας
1359 4403 1488 4472 μιᾶς
1525 4401 1801 4471 διάστημα

222 4493 259 4564 ἢ
317 4492 507 4563 καιρὸν
557 4491 889 4562 βραχύτατον
937 4492 1086 4562 ὥρας
1127 4491 1304 4561 ἑαυτῷ
1355 4492 1703 4561 περινοῆσαι’
1746 4487 1798 4542 τί

223 4583 333 4654 χρὴ
372 4583 641 4653 περιττῶς
678 4585 966 4654 μεριμνᾷν,
998 4584 1115 4636 δέον
1148 4582 1542 4654 ἐπιτρέψαντας
1569 4581 1647 4651 τῷ
1678 4580 1797 4651 Θεῷ

222 4676 328 4748 τὴν
354 4672 517 4727 αὐτοῦ
560 4674 752 4744 βουλὴν
781 4674 1123 4745 περιμένειν;
1158 4673 1517 4743 Βουληθέντος
1555 4673 1664 4743 γὰρ
1702 4670 1799 4724 αὐ-

224 4765 322 4821 τοῦ
369 4764 552 4831 αὔξειν
588 4766 757 4835 ἡμᾶς,
804 4764 1060 4835 αὔξομεν,
1109 4767 1273 4836 μηδὲν
1329 4765 1795 4835 μεριμνήσαντεςο

227 4856 323 4910 καὶ
352 4852 703 4924 βουληθέντος
733 4856 878 4924 ἡμᾶς
912 4854 1010 4925 ζῆν
1040 4856 1133 4908 καὶ
1164 4853 1489 4925 μακροϐίους
1520 4849 1676 4916 εἷναι,
1706 4854 1800 4925 ζη-

227 4941 437 5013 σόμεθα
466 4943 561 4995 καὶ
600 4941 879 5004 πολυετεῖς
920 4943 1289 5013 γενησόμεθα,
1330 4942 1494 5013 μηδὲν
1526 4943 1797 5012 μεριμνή-

226 5051 450 5097 σαντες·
487 5034 562 5105 μὴ
608 5032 929 5104 βουλομένου
976 5034 1034 5085 δὲ
1076 5033 1241 5088 αὑτοῦ
1292 5036 1630 5103 παραμένειν
1674 5032 1797 5086 τινὰ

224 5125 337 5180 τῶν
365 5125 517 5195 βίων,
556 5124 761 5195 ματαία
786 5125 935 5176 πᾶσα
965 5126 1185 5196 φροντὶς
1209 5123 1516 5194 ἀνθρώπου.

304 5232 419 5305 (59)
452 5233 654 5305 Nempe
700 5232 832 5290 Luc.
876 5250 974 5302 xu,
1003 5236 1095 5289 αι.
1154 5235 1291 5289 Hinc
1344 5249 1530 5291 rursus
1558 5234 1803 5290 videmur

228 5303 559 5375 cognouere
588 5303 876 5375 Eusebium
902 5309 1257 5375 commentari
1281 5307 1362 5361 vel
1392 5307 1692 5374 generatim
1726 5306 1793 5359 ad

232 5373 666 5444 Ev'angeliapvel
697 5385 844 5429 certe
891 5376 944 5427 in
977 5373 1345 5442 superioribus
1378 5373 1798 5429 commentatum

231 5442 499 5525 fui-mead
531 5442 719 5525 blatt‘li.
752 5458 825 5505 vl,
858 5444 928 5525 253'
970 5458 1112 5524 seq”
1137 5453 1202 5525 _ut
1246 5446 1411 5525 etiam
1441 5446 1601 5497 verba
1638 5460 1803 5525 evan-

232 5513 404 5637 gelica
430 5513 591 5567 citata
615 5514 683 5567 τὰ
716 5514 937 5567 πετεινὰ
968 5513 1063 5567 τοῦ
1097 5514 1351 5635 οὐὲανοῦ,
1383 5524 1515 5577 etc.,
1548 5514 1797 5571 suadent,

283 5583 454 5637 icetas
497 5583 663 5637 igitur
705 5586 937 5637 traxisse
976 5587 1088 5637 haec
1120 5600 1148 5635 a
1222 5596 1469 5637 catenam
1502 5584 1554 5637 in
1597 5582 1797 5636 Lucam

233 5582 454 5638 Nicetas
497 5583 663 5652 igitur
705 5586 937 5638 traxisse
976 5587 1088 5638 haec
1120 5582 1187 5635 ad
1222 5596 1469 5638 catenam
1502 5584 1554 5637 in
1597 5582 1799 5636 Lucam

232 5653 473 5716 videtur,
501 5656 568 5705 de
608 5667 709 5720 qna
750 5669 806 5706 re
838 5653 948 5720 jam
986 5654 1038 5711 in
1073 5653 1497 5720 praecedentibus
1540 5652 1795 5707 diximus.

233 5722 489 5776 Attamen
556 5722 955 5789 qualescunque
1030 5724 1111 5777 Ine
1182 5734 1380 5777 nosu'a
1433 5724 1798 5777 dubitationes

236 5804 398 5861 sunt;
434 5792 541 5851 duo
566 5801 691 5852 sunt
725 5792 922 5868 alioqui
969 5792 1269 5851 certissima
1298 5808 1309 5842 :
1346 5792 1598 5865 primum,
1630 5802 1796 5849 mate-

1906 1945 2299 2014 providentiam
2329 1946 2575 2008 mittens,
2602 1946 2845 2014 subjecto
2866 1947 3115 2016 exemplo
3141 1946 3285 2019 quod
3309 1947 3469 2003 mulu-

1881 2036 2079 2106 .magls
2111 2036 2349 2105 ipsorum
2399 2054 2562 2109 quam
2594 2038 2888 2096 volatilium
2937 2039 3250 2097 alendorum
3286 2053 3475 2095 curam

1906 2137 2056 2197 geret
2079 2130 2314 2186 caelestis
2338 2128 2518 2185 Pater.
2555 2131 2691 2186 Dum
2738 2142 2917 2188 autem
2950 2133 3225 2190 caelestem
3256 2131 3477 2187 Patrem

1906 2217 2159 2287 appellat,
2195 2222 2485 2275 maximum
2515 2238 2612 2278 nos
2647 2223 2839 2294 dogma
2868 2224 3046 2279 docet.
3084 2221 3218 2276 Nam
3252 2236 3374 2277 cum
3404 2220 3478 2275 sit

1907 2318 2149 2363 nostrum
2178 2309 2442 2383 cujusque
2473 2312 2633 2369 Pater
2662 2313 2707 2369 is
2744 2315 2837 2384 qui
2867 2328 3085 2369 carnem
3122 2323 3360 2369 nostram
3386 2327 3477 2367 se-

1906 2397 2016 2462 vit;
2049 2413 2172 2452 cum
2216 2400 2285 2453 sit
2330 2401 2460 2455 item
2512 2403 2750 2458 caelestis
2793 2401 2977 2467 Pater,
3013 2404 3103 2473 qui
3154 2400 3474 2458 rationalem

1906 2487 2430 2559 intellectualemque
2465 2493 2573 2546 vim
2604 2493 2760 2547 nobis
2797 2492 3028 2556 indidit,
3060 2493 3291 2561 curiam
3322 2490 3475 2547 solli-

1904 2577 1997 2632 citi
2023 2579 2227 2634 simus?
2264 2579 2457 2637 Nonne
2488 2582 2715 2637 firmiter
2760 2584 3088 2638 credendum
3134 2593 3219 2638 est
3251 2593 3477 2637 natura-

1906 2668 2009 2726 lem
2046 2684 2286 2725 nostrum
2334 2673 2724 2742 melioremque
2771 2673 3007 2744 (animm)
3054 2683 3262 2742 patrem
3319 2672 3477 2728 nobis

1905 2762 2078 2832 magis
2100 2763 2494 2830 consulturum,
2524 2780 2685 2833 quam
2720 2764 2842 2818 caeli
2880 2762 3221 2828 volatilibus,
3254 2778 3375 2835 quae
3404 2764 3477 2823 ob

1906 2853 2002 2908 Dei
2028 2855 2419 2924 providentiam
2452 2856 2517 2909 ad
2550 2854 2640 2909 illa
2669 2870 2839 2925 usque
2877 2863 3209 2924 protensam,
3249 2866 3396 2909 tanta
3422 2866 3478 2919 et

1906 2954 2014 2998 tam
2043 2943 2188 2999 facili
2218 2960 2343 2999 esca
2370 2945 2665 3011 abundant,
2696 2947 2767 2999 ita
2795 2954 2854 3000 ut
2886 2946 2996 3003 sint
3023 2947 3240 3018 pinguia
3284 2957 3338 3000 et
3365 2945 3477 3002 for-

1909 3037 1981 3088 tia
2011 3044 2065 3091 et
2085 3036 2287 3105 optima
2335 3036 2561 3103 praedita
2609 3035 2954 3089 valetudine?
2999 3035 3117 3091 iam
3176 3038 3474 3097 secundum

1906 3126 2108 3181 Lucam
2152 3127 2337 3181 dicens
2379 3126 2660 3192 Dominus,
2708 3124 3055 3180 Considerate
3104 3142 3304 3189 corvos,
3358 3129 3476 3196 plus

1901 3220 2101 3287 aliquid
2148 3219 2437 3288 significat.
2482 3218 2616 3271 Nam
2669 3234 2791 3289 quae
2837 3217 3135 3273 seminibus
3180 3228 3475 3286 pascuntur

1902 3310 2165 3373 volucres,
2214 3309 2387 3379 magis
2419 3308 2633 3363 obviam
2660 3324 2845 3364 escam
2891 3308 3121 3374 habent;
3169 3310 3472 3363 carnivorae

1901 3408 2117 3466 autem,
2160 3400 2461 3469 cujusmodi
2516 3400 2665 3455 corvi
2707 3409 2862 3463 sunt,
2911 3400 3289 3455 diliieiliorem.
3364 3398 3473 3454 Sed

1900 3501 2078 3551 tamen
2108 3505 2176 3546 ne
2223 3493 2276 3545 hi
2308 3491 2523 3561 quidem
2574 3490 2832 3547 alimento
2877 3501 3087 3555 carent,
3141 3500 3359 3560 propter
3405 3492 3475 3545 ad

1898 3581 2082 3635 omnia
2132 3581 2492 3653 pertinentem
2539 3577 2959 3636 Providentiam.
3025 3578 3209 3634 Tertio
3258 3596 3477 3649 quoque

1899 3681 2222 3741 argumento
2264 3671 2332 3725 ad
2381 3671 2519 3725 idem
2576 3686 2705 3725 usus
2734 3680 2819 3726 est
2849 3672 3080 3733 dicens;
3116 3668 3249 3735 Quis
3295 3680 3475 3725 autem

1900 3770 2125 3814 uestrum
2154 3763 2436 3831 cogitando
2462 3772 2629 3832 potest
2657 3762 2888 3832 adjicere
2916 3762 2985 3815 ad
3025 3771 3289 3816 staturam
3318 3778 3476 3817 suasu

1900 3852 2130 3905 cubitum
2162 3853 2366 3907 unum?
2421 3852 2483 3906 Si
2532 3868 2655 3922 ergo
2706 3868 2869 3920 neque
2905 3853 3045 3924 quod
3092 3854 3365 3906 minimum
3395 3863 3474 3905 est

1898 3943 2136 4009 potestis,
2165 3957 2259 3996 cur
2285 3942 2352 3997 de
2374 3944 2576 3997 caeteris
2612 3942 2831 3996 solliciti
2860 3944 3029 4000 estis?
3066 3942 3123 3997 Si
3157 3958 3314 3997 nemo
3345 3957 3472 4012 pro-

1901 4032 2019 4101 prio
2068 4033 2248 4087 studio
2281 4032 2708 4088 additamentum
2753 4034 2969 4105 corpori
3018 4048 3116 4087 suo
3164 4035 3345 4088 facere
3378 4048 3475 4103 po—

1904 4134 2038 4189 test;
2066 4125 2110 4179 si
2146 4139 2339 4195 neque,
2382 4133 2585 4179 statuto
2612 4124 2828 4179 vivendi
2877 4126 3073 4198 spatio,
3123 4129 3474 4193 quantumvis

1901 4217 2120 4286 cogitet,
2160 4226 2337 4285 potest
2377 4219 2663 4287 quisquam
2711 4218 2835 4272 vitae
2877 4217 2971 4271 lini
3020 4217 3333 4285 proximus,
3392 4218 3479 4277 vel

1901 4308 2061 4362 unius
2093 4308 2198 4363 diei
2251 4307 2595 4362 intervallum
2642 4318 2736 4371 aut
2769 4306 3149 4364 brevissimum
3182 4307 3329 4361 hora:
3361 4323 3478 4362 mo-

1902 4406 2141 4450 mentum
2170 4396 2272 4451 sibi
2296 4410 2632 4466 comparare,
2662 4410 2760 4450 cur
2786 4394 2988 4448 frustra
3014 4393 3475 4456 sollicitudinibus

1901 4489 2169 4555 angimur,
2200 4502 2324 4543 cum
2350 4502 2485 4561 opus
2500 4486 2571 4545 sit
2602 4487 2696 4541 Dei
2734 4486 3060 4541 voluntatem
3097 4496 3479 4555 exspectantes

1903 4579 2191 4649 perstare?
2240 4578 2376 4633 Nam
2426 4578 2473 4634 si
2524 4579 2569 4631 is
2605 4578 2835 4632 voluerit
2881 4592 2980 4633 nos
3028 4592 3248 4649 augere,
3292 4579 3479 4647 utique

1906 4671 2219 4740 augebimur
2248 4669 2381 4725 nihil
2420 4670 2723 4738 cogitantes
2756 4684 2771 4721 :
2799 4679 2855 4723 et
2893 4669 2937 4723 si
2970 4666 3203 4723 voluerit
3244 4684 3342 4723 nos
3386 4672 3479 4724 diu

1904 4763 2110 4827 vivere,
2133 4777 2264 4817 sane
2288 4761 2572 4831 permultis
2596 4762 2753 4817 annis
2784 4762 2903 4817 sine
2926 4762 3031 4817 ulla
3055 4777 3184 4816 cura
3211 4759 3474 4815 fruemur.

1904 4851 2132 4907 Nolente
2155 4862 2334 4907 autem
2366 4866 2432 4908 eo
2453 4852 2505 4906 in
2535 4853 2648 4906 vita
2679 4852 2914 4923 aliquem
2938 4868 3308 4925 perseverare,
3340 4866 3476 4914 vana

1906 4944 2159 5019 quaelibet
2186 4944 2422 5007 hominis
2453 4958 2585 5000 cura
2610 4953 2712 5000 est.

1904 5230 2038 5282 riam
2073 5237 2235 5287 totam
2278 5243 2397 5283 esse
2425 5228 2638 5293 Eusebii
2663 5273 2678 5296 ,
2716 5232 2870 5299 cujus
2918 5246 3115 5286 nomen
3156 5241 3476 5288 constanter

1902 5299 2162 5370 incitatis
2182 5300 2437 5353 omnibus
2460 5302 2703 5370 codicum
2730 5303 2864 5355 locis
2889 5301 3083 5368 legitur
3109 5319 3123 5356 :
3153 5308 3475 5370 secundum,

1901 5369 2152 5421 debuisse
2199 5382 2317 5430 nos,
2351 5377 2409 5421 ut
2452 5368 2704 5433 fecimus,
2754 5373 3207 5425 eounncntarium
3242 5373 3386 5425 hunc
3421 5368 3476 5434 in

1900 5435 2463 5508 Lucatuinscriltere,
2511 5441 2637 5507 quia
2686 5451 2879 5493 cuncta
2936 5442 3051 5493 haec
3080 5443 3413 5508 deprehensa
3444 5456 3477 5505 δ

1902 5507 2057 5561 nobis
2105 5506 2322 5563 fuerunt
2348 5508 2400 5560 iu
2434 5506 2667 5576 quatuor
2710 5510 2944 5563 diversis
2979 5511 3044 5561 ad
3081 5506 3278 5565 Lucam
3326 5522 3479 5567 cate-

1901 5578 2155 5648 nis,_nou
2193 5591 2324 5648 vero
2369 5578 2420 5631 in
2449 5578 2678 5632 aliorum
2716 5580 3169 5648 evangelistarum
3219 5585 3479 5647 explana:

1910 5646 2163 5717 tionibus.
2211 5646 2323 5700 Hoc
2354 5661 2484 5717 ergo
2524 5658 2757 5716 quatuor
2798 5646 3048 5702 codicum
3112 5646 3479 5714 testintuuium

1906 5731 2005 5793 pro
2060 5715 2287 5799 Eusebii
2347 5715 2751 5774 commentario
2799 5720 2852 5779 in
2905 5717 3104 5781 Lucam
3167 5728 3484 5799 perempti;-

1906 5800 2041 5845 num
2073 5798 2311 5862 apparet,
