4062 6398
646 396 751 452 ω

1340 380 1607 439 EUSEBII
1640 373 2120 434 C.'LS\RIENSIS
2159 374 2306 431 OPP.
2352 372 2531 427 PARS
2569 370 2727 425 lll.—
2766 366 3174 422 EXEGETICA.

3744 361 3849 420 560

712 502 888 571 Atque
920 499 1030 557 haec
1076 497 1141 553 de
1190 496 1460 551 alimentis
1507 494 1835 553 disserebat;
1883 484 2187 560 pariterque

2356 488 2464 541 Καὶ
2509 485 2682 539 ταῦτα
2720 485 2817 554 μὲν
2870 482 2998 551 περὶ
3030 479 3235 551 τροφῆς
3277 479 3610 531 διιταττετω
3661 477 3850 530 ὡσαύ-

645 596 713 652 de
770 589 1095 647 indumentis
1137 586 1387 642 monebat
1412 584 1596 640 dicens
1625 601 1640 637 :
1673 581 2007 636 Coasidetate
2044 580 2181 645 lilia,

2281 596 2386 641 τως
2419 579 2474 631 δὲ
2521 578 2617 629 καὶ
2662 575 2789 644 περὶ
2826 571 3118 641 ἐνδύματος
3150 569 3380 640 παρῄνει
3416 568 3590 636 λέγων
3611 584 3625 598 ·
3660 572 3854 622 Κατο-

646 680 899 752 qaomodo
930 686 1185 740 crescunt,
1236 683 1289 730 et
1338 673 1561 740 reliqua.
1608 670 1814 725 Rursus
1843 668 1925 723 hir
1973 681 2183 737 quoque

2304 669 2539 737 micare
2581 667 2654 720 τὰ
2699 665 2871 733 κρίνα
2914 662 3038 728 πῶς
3087 660 3356 725 αὐξάνει,
3388 678 3442 715 κ.
3475 677 3527 715 τ.
3569 660 3623 711 λ.
3680 658 3859 712 Πάλιν

645 766 1065 839 argumentando
1108 761 1393 824 concludit,
1436 759 1666 814 suadens
1705 770 1764 813 ut
1807 759 2183 813 indumentum

644 879 856 934 quoque
903 876 935 915 a
970 861 1075 914 Deo
1105 856 1231 925 ipsis
1255 856 1441 909 datum
1487 854 1553 907 iri
1596 861 1930 922 exspectent.
1973 851 2106 906 Nam
2139 849 2185 906 si

643 954 764 1024 quis
795 960 881 1007 est
907 951 1042 1020 apud
1074 948 1319 1009 homines
1362 945 1612 1015 pretiosa:
1642 943 1804 998 vestis
1833 951 1993 1013 atque
2034 955 2189 996 orna-

645 1044 811 1098 menti
868 1041 1164 1105 studiosus;
1215 1046 1476 1107 spectate,
1528 1036 1723 1102 inquit,
1760 1033 2027 1102 quomodo
2060 1033 2184 1085 uni-

645 1134 784 1189 versi
828 1141 1015 1186 auctor
1064 1129 1202 1183 Deus
1246 1140 1411 1195 usque
1450 1125 1517 1179 ad
1562 1134 1749 1179 enatos
1800 1123 1987 1177 tellure
2031 1122 2189 1177 flores

647 1222 987 1292 multiplicem
1024 1233 1175 1273 suam
1212 1216 1527 1286 sapientiam
1555 1213 1868 1278 extendens,
1918 1214 2061 1267 omni
2094 1227 2186 1272 co-

648 1314 817 1368 lorum
866 1322 1023 1379 atque
1056 1319 1340 1364 ornatuum
1386 1322 1579 1377 genere
1605 1306 1722 1361 illos
1768 1305 1947 1369 vestit,
1988 1314 2185 1359 lenam

649 1400 1059 1462 transformans,
1094 1399 1469 1467 pulveremque
1514 1398 1630 1466 ejus
1673 1397 1985 1461 inanimem,
2038 1409 2189 1449 eus-

649 1492 874 1560 demque
950 1489 1178 1559 speciem
1260 1486 1580 1549 immutans,
1654 1485 1960 1539 melioribus
2020 1483 2189 1537 nullo

652 1581 899 1635 tincturis
930 1594 1087 1647 quam
1131 1577 1378 1631 videntur
1421 1591 1651 1646 purpura
1680 1585 1734 1630 et
1782 1590 1990 1635 aurum,
2017 1584 2071 1628 et
2104 1584 2177 1628 te-

653 1673 844 1728 nuibus
873 1672 1091 1743 philyris
1113 1670 1446 1738 ﬂoridisque,
1477 1682 1629 1722 suam
1662 1665 2048 1735 quodammodo
2078 1665 2188 1719 for-

654 1764 951 1819 mositatem
1017 1761 1071 1814 in
1134 1759 1213 1815 eis
1266 1758 1532 1814 collocans
1574 1775 1589 1811 :
1639 1767 1697 1810 ut
1735 1757 1931 1811 nullius
1978 1753 2187 1810 delicati

2284 756 2559 811 κάνταῦθα
2583 753 2722 825 μετὰ
2753 749 3110 821 συλλογισμοῦ
3136 749 3377 817 συνάγει,
3404 748 3606 801 πείθων
3629 748 3863 817 προσδο-

2283 852 2386 921 κᾷν
2433 849 2646 909 πάντως
2697 844 2900 915 ἔνδυμα
2952 841 3099 912 παρὰ
3151 839 3243 893 τοῦ
3289 840 3423 893 Θεοῦ
3468 842 3653 902 αὐτοῖς
3698 838 3862 909 δοθή-

2287 940 2503 993 σεσθαι·
2543 938 2589 990 εί
2628 936 2736 1005 γάρ
2768 935 2852 997 τίς
2898 936 3014 987 ἐστι
3052 931 3329 1001 φιλότιμος
3372 930 3501 1002 παρ’
3543 928 3862 1000 ἀνθρώποις

2285 1030 2470 1101 ἐσθῆτι
2495 1026 2773 1081 πολυτελεῖ
2796 1027 2890 1080 καὶ
2916 1023 3219 1095 φιλοκαλίᾳ,
3244 1021 3529 1084 θεάσασθε,
3557 1022 3717 1090 φησὶ,
3745 1022 3862 1082 τοῖς

2285 1120 2597 1188 ὀφθαλμοῖς,
2626 1117 2701 1179 ὡς
2729 1118 2758 1168 ὁ
2784 1115 2877 1168 τοῦ
2917 1114 3113 1177 παντὸς
3136 1112 3362 1183 ποιητὴς
3384 1112 3536 1174 Θεὸς,
3568 1113 3737 1181 μέχρι
3766 1112 3863 1164 καὶ

2286 1211 2393 1263 τῶν
2429 1210 2529 1279 γῆς
2566 1208 2846 1277 φυομένων
2876 1207 3081 1259 ἀνθέων
3119 1204 3216 1275 τὴν
3262 1202 3642 1256 πολυποίκιλον
3688 1202 3863 1255 αὑτοῦ

2321 1302 2477 1368 οφίαν
2506 1298 2747 1359 ἐκτείνας
2768 1335 2783 1359 ,
2815 1296 3087 1358 παντοίοις
3120 1292 3371 1365 χρώμασί
3402 1308 3460 1345 τε
3500 1291 3595 1344 καὶ
3644 1291 3865 1358 κοσμή-

2291 1410 2423 1457 μασι
2465 1391 2839 1459 κατεκόσμησε
2874 1388 3062 1451 ταῦτα,
3110 1381 3592 1456 μετασχηματίσας
3627 1382 3729 1451 μὲν
3763 1381 3867 1450 τὴν

2300 1482 2410 1550 (ἦν,
2450 1480 2543 1531 καὶ
2578 1478 2676 1549 τὴν
2704 1477 2850 1529 κόνιν
2884 1476 3053 1545 αὐτὴν
3080 1475 3178 1543 τὴν
3209 1474 3413 1542 ἄψυχον
3434 1511 3448 1534 ,
3475 1471 3537 1523 τό
3564 1487 3625 1522 τε
3654 1470 3869 1540 ταύτης

2293 1570 2608 1642 μεταϐαλὼν
2656 1565 2826 1631 εἶδος,
2877 1565 3190 1636 άλουργίδος
3227 1581 3286 1615 τε
3330 1565 3423 1617 καὶ
3468 1560 3674 1633 χρυσοῦ
3725 1561 3865 1614 πολύ

2289 1662 2557 1732 κρείττοσι
2601 1660 2900 1730 βάμμασιν,
2936 1661 2994 1712 ἐν
3024 1657 3184 1727 ὑμέσι
3228 1656 3441 1717 lett-col;
3478 1654 3573 1707 καὶ
3604 1652 3865 1707 εύανθὲσι

2289 1754 2380 1806 τὸν
2409 1752 2467 1817 ἐξ
2492 1751 2655 1806 αὑτοῦ
2686 1751 2883 1822 κόσμον
2908 1751 2965 1803 ἐν
2987 1750 3122 1820 αὐτῇ
3165 1743 3531 1818 καταθέμενος
3549 1765 3562 1776 ·
3591 1747 3669 1809 ὡς
3706 1745 3871 1817 μηδε-

658 1855 828 1924 regis,
886 1865 1057 1920 neque
1103 1851 1272 1919 ipsius
1316 1846 1649 1912 Salomonis,
1688 1847 1777 1915 qui
1820 1846 1957 1915 apud
1990 1854 2196 1900 veteres

2304 1846 2381 1909 νὸς
2421 1845 2691 1916 τρυφηλοῦ
2729 1844 3007 1914 βασιλέως,
3047 1843 3165 1914 μηδ’
3204 1842 3368 1896 αὑτοῦ
3422 1840 3740 1911 Σολομῶνος
3770 1837 3870 1893 τοῦ

655 1942 932 2013 sapientia,
969 1942 1157 2011 opibus
1187 1940 1491 2009 deliciisque
1520 1937 1818 1992 celebratus
1849 1946 1953 2002 est,
1991 1946 2193 1988 tantum

655 2032 1065 2105 pulchritudinis
1113 2029 1398 2084 artiﬁcium
1427 2036 1753 2096 compertum
1797 2025 1983 2089 fuerit,
2011 2033 2071 2079 ut
2103 2024 2195 2078 uni

655 2140 722 2179 ex
762 2124 848 2179 his
885 2122 1121 2193 pulchris
1169 2119 1388 2175 ﬂoribus
1434 2134 1532 2189 par
1575 2119 1939 2171 indumentum
2000 2114 2198 2169 habere

658 2216 911 2286 potuerit.
940 2212 1077 2281 Quid
1099 2226 1226 2279 ergo
1253 2211 1465 2273 mirum,
1502 2209 1547 2263 si
1583 2209 1673 2277 qui
1706 2209 1819 2277 agri
1856 2208 2035 2262 fenum
2065 2206 2196 2259 nulli

659 2306 737 2361 rei
769 2305 921 2365 utile,
961 2304 1101 2369 quod
1154 2303 1275 2373 igne
1337 2308 1712 2368 consumptum
1759 2298 1916 2368 perit,
1961 2298 2033 2351 ita
2074 2311 2202 2351 con-

661 2397 838 2463 vestit,
852 2396 1001 2450 vobis
1014 2409 1225 2465 quoque
1243 2391 1513 2448 sensibilia
1538 2390 1843 2446 indumenta
1872 2391 1923 2444 in
1943 2400 2201 2456 pmsente

659 2488 767 2541 vita
840 2484 1173 2556 providentia
1232 2498 1330 2537 sua
1386 2480 1754 2550 comparabit?
1808 2507 1882 2521 —
1932 2479 2021 2533 Sic
2072 2494 2202 2548 ergo

658 2578 836 2631 omnia
873 2575 1174 2645 negligere,
1221 2573 1388 2627 solum
1418 2586 1547 2625 vero
1596 2585 1813 2639 regnum
1847 2569 1982 2640 (Dei)
2017 2571 2203 2639 exqui-

660 2681 781 2722 rere
826 2666 1184 2736 praacipiebat.
1234 2662 1365 2717 Nam
1413 2677 1632 2731 regnum
1688 2675 2019 2731 nequaquam
2049 2676 2200 2731 qua:-

664 2756 923 2821 rentibus,
956 2769 1053 2809 nec
1073 2755 1287 2808 virtutis
1318 2768 1501 2807 curam
1533 2752 1859 2821 gerentibus,
1899 2751 2030 2805 nihil
2061 2766 2199 2819 pra:-

662 2844 924 2898 dictorum
978 2841 1421 2911 suppeditabitur.
1484 2838 1624 2894 Solis
1661 2847 1837 2893 autem
1886 2838 2000 2894 haec
2046 2837 2205 2893 facile

663 2934 911 2997 aderunt,
937 2933 1028 3002 qui
1058 2945 1175 3000 qua:
1197 2940 1322 2985 sunt
1348 2929 1441 2984 Dei
1470 2938 1684 2991 curant,
1717 2938 1877 2996 atque
1914 2936 1973 2981 ut
2005 2927 2053 2983 ei
2087 2926 2203 2996 pla-

663 3012 821 3079 ceant
866 3031 1147 3094 satagunt,
1213 3030 1267 3077 et
1311 3019 1588 3075 meliorqu
1632 3032 1809 3073 rerum
1857 3018 2033 3072 studio
2077 3019 2207 3072 dant

663 3129 898 3184 operam.
946 3113 1078 3167 Nam
1125 3113 1233 3168 Deo
1273 3120 1421 3184 grata
1452 3110 1785 3177 curantibus,
1830 3110 2068 3165 vicissim
2113 3123 2208 3163 cu-

666 3219 779 3259 ram
808 3204 1075 3273 impendet
1108 3202 1266 3257 Deus.

666 3296 713 3329 ’³
742 3291 837 3347 Ubi
882 3294 1019 3347 enim
1053 3292 1511 3363 thesaurusuester
1540 3300 1639 3357 ut,
1673 3291 1745 3346 ibi
1774 3300 1822 3346 et
1855 3307 1947 3345 cor
1986 3298 2211 3345 vestrum

1377 3366 1493 3417 erit.

737 3452 934 3508 Natura
961 3453 1155 3523 quippe
1202 3463 1565 3522 comparatum
1608 3462 1690 3508 est
1710 3492 1726 3517 ,
1757 3461 1817 3505 ut
1848 3450 2023 3506 omnis
2054 3448 2211 3506 homo

670 3560 805 3609 rem,
848 3544 932 3597 cui
974 3544 1190 3608 studet,
1241 3544 1419 3598 animo
1464 3542 1871 3612 complectatur,
1922 3550 2085 3610 atque
2140 3540 2210 3595 ibi

670 3645 899 3688 mentem
935 3632 1147 3703 deligat,
1178 3634 1319 3689 unde
1351 3634 1630 3688 utilitatem
1660 3648 1719 3688 se
1744 3648 1938 3701 capere
1981 3632 2213 3687 arbitra-

671 3735 779 3779 tur.
813 3726 987 3790 Quare
1010 3722 1168 3779 Jesus
1190 3724 1507 3779 sententiam
1546 3725 1716 3788 addit,
1762 3739 1830 3779 ne
1859 3722 2128 3777 struendis
2157 3723 2213 3777 in

674 3823 814 3868 terra
846 3815 1036 3881 opibus
1085 3815 1459 3869 inbaereamus.
1508 3814 1610 3881 Qui
1651 3814 1817 3879 enim,
1866 3814 1959 3876 ait,
2013 3814 2066 3867 in
2113 3814 2213 3867 hac

672 3903 882 3958 mortali
912 3905 1019 3957 vita
1050 3902 1327 3958 facultates
1365 3904 1732 3979 bonorumque
1780 3903 2047 3957 cumulum
2083 3904 2212 3958 ade-

671 4002 793 4063 ptus
817 4001 920 4056 est,
947 4007 1206 4061 suamque
1238 4007 1387 4061 spem
1418 3993 1471 4046 in
1500 3986 1777 4063 praesentis
1820 3993 1942 4045 vita:
1989 3994 2214 4064 negotiis

672 4084 979 4150 collocavit,
1030 4097 1251 4137 necesse
1277 4091 1359 4137 est
1387 4097 1507 4137 eum
1553 4095 1658 4136 tam
1707 4084 1961 4152 gravibus
1991 4083 2215 4137 vinculis

672 4173 1042 4243 prapeditum,
1075 4181 1299 4225 cunctas
1338 4185 1464 4225 suas
1492 4171 1842 4240 cogitationes
1872 4180 2216 4238 mentemque

673 4276 909 4326 onmem,
935 4276 1094 4332 quam
1145 4259 1302 4314 Jesus
1345 4275 1439 4315 cor
1466 4260 1765 4330 appellavit,
1817 4260 1961 4314 humi
1999 4261 2217 4327 depres-

673 4368 787 4406 sam
814 4353 1026 4415 habere,
1077 4358 1237 4419 atque
1268 4351 1460 4404 ibidem
1508 4360 1814 4405 concretam
1858 4350 2204 4405 volutantem.

675 4456 799 4511 que,
848 4442 931 4495 ubi
982 4442 1289 4496 thesaurum
1322 4455 1478 4495 suum
1522 4443 1793 4513 possidere
1820 4459 1879 4499 se
1912 4454 2081 4513 putat.
2116 4442 2217 4509 Qui

676 4546 804 4585 vero
828 4532 1138 4585 cmicstihus
1168 4532 1424 4585 doctrinis
1454 4533 1685 4587 nutritus
1732 4549 2052 4604 magnopere
2082 4546 2219 4587 sata-

676 4622 773 4689 git,
806 4630 865 4673 ut
894 4632 1013 4673 vota
1062 4636 1155 4674 sua
1189 4637 1399 4677 sursum
1430 4622 1623 4691 erigat,
1674 4637 1923 4693 spemque
1971 4624 2023 4676 in
2061 4623 2220 4678 cmic-

676 4710 845 4765 stihns
874 4712 1148 4778 promissis
1181 4722 1371 4781 ponat;
1424 4712 1619 4781 quique
1650 4714 1842 4767 Omissa
1875 4715 2221 4767 cumulanda-

679 4817 795 4854 rnm
836 4802 887 4855 in
918 4812 1060 4855 terra
1094 4817 1249 4871 opum
1276 4803 1651 4865 sollicitudine,
1691 4819 1949 4858 summam
1983 4818 2220 4859 sectatur

676 4897 1066 4958 paupertatem,
1099 4899 1312 4958 totoque
1358 4891 1536 4944 animo
1567 4893 1634 4943 ad
1685 4894 1903 4946 meliora
1933 4908 2215 4956 converso,

678 4996 828 5033 suam
853 4996 962 5034 rem
992 4996 1204 5035 omnem
1230 4982 1281 5034 in
1306 4982 1444 5036 caelo
1476 4981 1667 5037 sistere
1697 4985 1892 5049 studet,
1914 4995 2075 5055 atque
2100 4985 2221 5039 illuc

678 5072 945 5125 fortunam
980 5071 1280 5125 universam
1312 5073 1663 5141 praemittere;
1695 5074 1883 5127 merito
1908 5076 1951 5127 is
1973 5074 2218 5142 equidem

677 5175 825 5228 spem
860 5161 1127 5230 egregiam
1174 5162 1298 5215 inde
1348 5162 1605 5227 iucratur,
1647 5163 1769 5230 quia
1803 5173 2028 5217 mentem
2068 5180 2220 5217 suam

680 5261 838 5320 atque
864 5250 1083 5305 consilia
1117 5250 1423 5307 cmlestibus
1454 5254 1615 5307 rebus
1660 5250 1911 5321 implicat.
1948 5253 2044 5307 Ubi
2076 5254 2217 5307 enim

682 5340 983 5395 thesaurum
1016 5342 1196 5407 habet,
1241 5343 1315 5397 ibi
1356 5358 1510 5398 mens
1553 5344 1670 5413 ejus
1719 5344 2010 5399 consistet:
2048 5347 2119 5399 ita
2164 5356 2221 5399 ut

681 5444 900 5497 corpore
939 5441 1141 5486 tantum
1189 5434 1392 5488 versari
1441 5434 1496 5488 in
1551 5435 1712 5487 terris
1761 5449 1879 5487 cum
1916 5436 2218 5490 hominibus

680 5520 941 5583 videatur,
970 5521 1132 5575 animi
1158 5532 1333 5576 autem
1363 5523 1413 5576 vi
1447 5524 1691 5577 cmlestes
1742 5524 1895 5579 sedes
1919 5526 2024 5596 jam
2053 5542 2217 5582 occu-

624 5652 633 5661 .
679 5620 831 5676 pare.
877 5609 1013 5678 Ergo
1054 5626 1486 5683 unumquemque
1540 5614 1806 5669 hominem
1854 5628 2061 5686 oportet
2092 5632 2217 5691 spec

747 5724 792 5755 “
822 5722 946 5777 Car.
982 5740 1074 5791 an,
1106 5727 1193 5780 ει.

2295 1935 2446 2007 παρὰ
2464 1938 2575 1995 τοῖς
2601 1934 2852 1997 παλαιοῖς
2889 1935 2981 1986 ἐπὶ
3012 1932 3173 2002 σοφίᾳ.
3200 1931 3295 1983 καὶ
3320 1931 3535 2001 πλούτῳ
3566 1932 3662 1984 καὶ
3685 1933 3869 2001 τρυφῇ

2297 2027 2575 2097 βοηθέντσς
2600 2024 2867 2095 τοσαύτην
2896 2023 3183 2094 εὑρεθῆναι
3219 2022 3505 2091 φιλόκαλον
3535 2023 3764 2092 τέχνην,
3794 2020 3875 2082 ὡς

2297 2118 2377 2171 έν).
2423 2116 2529 2169 τῶν
2564 2116 2672 2169 ἀπὸ
2717 2117 2820 2186 γῆς
2860 2114 3075 2184 ὡραίων
3113 2113 3318 2166 ἀνθέων
3350 2113 3667 2183 ὁμοιότατον
3707 2112 3873 2182 περί-

2298 2208 2476 2277 ϐλημα
2511 2206 2834 2275 κτήσασθαι.
2879 2206 2946 2257 Τί
2987 2199 3080 2257 οῦν
3119 2203 3224 2274 χρὴ
3255 2203 3576 2275 θαυμάζειν,
3622 2204 3672 2255 εἰ
3711 2204 3742 2256 ό
3780 2203 3878 2257 τὸν

2298 2300 2483 2370 χόρτον
2512 2298 2602 2350 ’οὖ
2629 2297 2798 2367 ἀγροῦ
2830 2297 2920 2349 τὸν
2946 2299 3025 2360 είς
3056 2296 3205 2350 οὐδὲν
3231 2298 3519 2367 χρήσιμον,
3551 2290 3612 2349 οὗ
3639 2295 3795 2359 τέλος
3835 2297 3873 2366 ἡ
3938 2312 3947 2319 ·

2298 2386 2383 2440 διὰ
2418 2385 2584 2457 πυρὸς
2620 2385 2816 2454 φθορὰ,
2848 2385 3031 2439 τοῦτον
3069 2386 3341 2455 ἀμφιέσας
3381 2386 3472 2438 τὸν
3502 2386 3725 2458 τρόπον,
3776 2387 3876 2440 καὶ

2303 2475 2428 2544 ὑμῖν
2462 2475 2642 2537 αὐτοῖς
2680 2474 2989 2543 ἐνδυμάτων
3033 2473 3303 2543 αἰσθητῶν
3342 2474 3435 2526 ἐπὶ
3472 2473 3566 2527 τοῦ
3602 2475 3876 2544 παρόντος

2303 2567 2415 2637 βίου
2456 2569 2779 2638 προνοήσας
2822 2599 2889 2607 -
2932 2566 3116 2630 Οὕτως
3147 2561 3238 2619 οὖν
3277 2568 3532 2620 ἁπάντων
3560 2568 3872 2638 ὀλιγωρεῖν,

2304 2658 2469 2729 μόνης
2505 2658 2561 2711 δὲ
2596 2662 2693 2729 τῆς
2740 2658 3010 2727 βασιλείας
3047 2658 3452 2728 μετατοιεῖσθαι
3494 2658 3828 2729 προσέταττε
3851 2674 3868 2688 ⁸

2304 2750 2378 2819 μὴ
2408 2749 2516 2819 γὰρ
2544 2749 2762 2820 ζητοῦσι
2786 2750 2883 2817 τὴν
2913 2750 3157 2819 βασιλεία
3224 2751 3346 2821 μηδ’
3383 2750 3585 2821 ἀρετῆς
3612 2751 3877 2821 πρόνοιαν

2301 2840 2642 2908 ποιουμένοις
2684 2840 2835 2892 οὐδὲν
2872 2841 2980 2894 τῶν
3010 2843 3173 2911 ἐπηγε
3190 2841 3425 2911 ελμένων
3467 2841 3620 2894 ἔσται
3645 2858 3659 2871 ”
3695 2842 3877 2911 μόνοις

2302 2928 2359 2981 δὲ
2395 2929 2545 2982 ταῦτ’
2592 2929 2651 2993 ἐξ
2696 2932 2912 3000 ἑτοίμου
2954 2932 3285 3003 παρέσεσθαι
3312 2936 3423 2997 τοῖς
3464 2935 3769 3004 μεριμνῶσι
3808 2933 3878 2988 τά

2304 3019 2397 3071 τοῦ
2430 3018 2585 3085 Θεοῦ,
2607 3021 2754 3083 ὅπως
2793 3020 2857 3074 ἂν
2882 3023 3133 3093 άρέσαιεν
3159 3023 3329 3093 αύτῷ,
3358 3024 3452 3076 καὶ
3478 3027 3591 3087 τοῖς
3627 3025 3758 3095 περὶ
3780 3024 3879 3095 τὴν

2235 3158 2278 3215 C
2309 3110 2532 3215 ζητησιν
2573 3112 2688 3215 τῶν
2727 3114 3048 3183 κρειττόνων
3092 3115 3509 3185 ὴσχολημένοις’
3565 3119 3876 3188 μεριμνῶσι

2309 3198 2416 3269 γὰρ
2440 3198 2511 3252 τά
2538 3198 2618 3268 τῷ
2648 3198 2766 3269 Θεῷ
2790 3200 2938 3268 φίλα,
2969 3202 3449 3274 ἀντιμεριμνήσειν
3480 3205 3572 3258 τὸν
3611 3206 3769 3259 Θεόν.

2312 3286 2502 3340 Ὅπου
2538 3287 2649 3356 γὰρ
2675 3291 2707 3340 ό
2750 3291 3051 3367 θησαυρός
3087 3290 3275 3367 fuitin»,
3308 3292 3431 3345 ἐκεῖ
3459 3294 3559 3347 καὶ
3599 3296 3638 3362 ἠ
3664 3294 3880 3354 καρδία

2896 3360 3062 3427 ὑμῶν
3082 3360 3274 3416 ἔσται.

2377 3445 2623 3511 Φυσικῶς
2653 3447 2761 3519 γὰρ
2786 3450 2894 3512 πᾶς
2924 3450 3207 3521 ἄνθρωπος
3241 3453 3368 3522 περὶ
3389 3452 3418 3505 ὃ
3437 3454 3726 3519 σπουδάζει
3765 3456 3881 3510 διά-

2311 3553 2518 3603 κειται,
2558 3538 2719 3590 κὰκεῖ
2750 3539 2926 3592 πάντα
2966 3541 3055 3594 τὸν
3092 3541 3213 3595 νοῦν
3257 3541 3370 3613 ἔχει
3409 3542 3538 3595 ἔνθα
3580 3546 3883 3617 κεκτῆσθαι

2309 3627 2405 3699 τὴν
2434 3628 2701 3697 ὠφέλειαν
2736 3630 2984 3702 νενόμικε
3009 3650 3022 3661 ·
3066 3632 3153 3687 διὰ
3181 3631 3337 3687 τοῦτο
3369 3637 3464 3689 καὶ
3495 3635 3587 3688 τὸν
3620 3636 3881 3708 λογισμὸν

2312 3721 2506 3788 ἐπάγει
2532 3720 2624 3773 τοῦ
2654 3720 2729 3792 μὴ
2753 3722 2859 3775 δεῖν
2889 3724 2980 3776 ἐπὶ
3005 3725 3107 3793 γῆς
3137 3724 3501 3798 θησαυρίζειν.
3530 3729 3593 3781 Ei
3626 3730 3728 3798 μὲν
3770 3730 3886 3801 γάρ

2310 3827 2413 3873 τις,
2442 3810 2624 3879 φησὶν,
2650 3814 2710 3865 ἐν
2734 3811 2811 3882 τῷ
2840 3812 3017 3885 θνητῷ
3052 3815 3153 3885 βίῳ
3185 3818 3283 3880 τὰς
3313 3820 3533 3888 κτήσεις
3570 3822 3663 3873 καὶ
3693 3824 3877 3876 πᾶσαν

2313 3898 2545 3971 ὕπαρξιν
2569 3900 2898 3972 συνείληχεν,
2926 3905 3234 3975 ἀναρτήσας
3269 3906 3433 3959 αὑτοῦ
3460 3907 3557 3979 τὴν
3584 3912 3764 3965 πᾶσαν
3792 3913 3882 3965 ἐλ-

2314 3990 2440 4043 πίδα
2477 3993 2570 4044 ἐπὶ
2612 3992 2679 4046 τά
2710 3995 2950 4065 παρόντα
2990 3993 3086 4047 τοῦ
3128 3997 3241 4065 βίου
3271 3998 3592 4069 πράγματα,
3621 4002 3680 4067 ἐξ
3710 4005 3884 4073 ἀνάγ-

2313 4098 2416 4151 κης
2463 4079 2551 4137 οἷα
2594 4083 2657 4155 δὴ
2699 4084 2912 4155 δεσμοῖς
2951 4087 3222 4153 τοσούτοις
3263 4090 3654 4161 πεπεδημένος,
3704 4096 3884 4152 πάντα

2313 4176 2405 4246 τὸν
2432 4176 2595 4229 αὐτοῦ
2626 4177 2879 4247 λογισμὸν
2910 4179 3002 4231 καὶ
3050 4181 3226 4234 πᾶσαν
3270 4181 3369 4251 τὴν
3407 4181 3677 4247 διάνοιαν,
3716 4187 3781 4257 ἣν
3817 4185 3884 4258 δὴ

2316 4266 2541 4336 καρδίαν
2568 4266 2834 4336 ὠνόμασε,
2884 4267 3033 4321 κάτω
3074 4286 3177 4323 που
3221 4271 3354 4341 πρὸς
3385 4275 3449 4344 τῇ
3496 4276 3565 4345 γῇ
3598 4273 3880 4347 κέκτηται,

2320 4358 2480 4409 κάκεῖ
2509 4357 2735 4427 φύρεται
2768 4358 2862 4411 καὶ
2902 4359 3246 4425 καλινδεῖται,
3288 4362 3416 4416 ἔνθα
3456 4364 3751 4435 κεκτῆσθαι
3788 4366 3885 4422 τὸν

2247 4484 2292 4541 D
2319 4448 2481 4501 αὑτοῦ
2510 4448 2778 4522 θησαυρὸν
2807 4452 3086 4522 νενόμικεν
3106 4470 3120 4483 ·
3152 4455 3202 4506 εἰ
3233 4454 3290 4507 δὲ
3330 4459 3445 4518 τοῖς
3476 4457 3745 4529 οὐρανίοις
3774 4476 3882 4530 μα-

2326 4543 2558 4613 θήμασιν
2584 4547 2865 4617 ἐντραφεὶς
2897 4548 3072 4600 πάντα
3099 4549 3346 4619 πράττοι,
3374 4551 3466 4603 τὸν
3490 4551 3655 4604 αὑτοῦ
3682 4550 3886 4605 σκοπὸν

2324 4634 2433 4687 ἄνω
2466 4638 2933 4706 προσαναρτήσας,
2970 4638 3066 4690 καὶ
3101 4639 3200 4707 τὴν
3238 4639 3427 4693 ἐλπίδα
3465 4640 3626 4710 ῥίψας
3654 4642 3747 4694 ἐπὶ
3783 4640 3885 4705 τὰς

2322 4725 2601 4795 οὐρανίους
2636 4727 2984 4795 ἐπαγγελίας,
3015 4727 3109 4780 τοῦ
3142 4728 3242 4797 μὲν
3274 4729 3524 4797 συνάγειν
3545 4731 3637 4783 ἐπὶ
3656 4730 3762 4801 γῆς
3794 4732 3887 4785 σὺ·

2324 4816 2509 4886 δεμίαν
2545 4818 2864 4889 ποιούμενος
2903 4821 3189 4891 φροντίδα,
3224 4823 3321 4893 τὴν
3367 4822 3541 4893 ἄκραν
3577 4822 3635 4876 δὲ
3684 4823 3890 4893 μετιὼν

2323 4906 2720 4977 ἁκτημοσύνην,
2750 4909 2841 4960 καὶ
2878 4907 2995 4972 ὅλος
3025 4911 3302 4981 γινόμενος
3332 4911 3465 4982 πρὸς
3496 4914 3609 4974 τοῖς
3642 4913 3890 4984 κρείττο·

2328 5012 2429 5059 σιν,
2465 4998 2522 5049 ἐν
2560 4998 2773 5069 οὐρανῷ
2800 5016 2857 5051 τε
2897 4999 3071 5053 πάντα
3109 5001 3377 5070 συνάγειν,
3404 5003 3574 5055 -κὰκεῖ
3601 5003 3691 5055 τὸν
3716 5004 3886 5059 αὐτοῦ

2326 5085 2546 5139 πλοῦτον
2594 5088 2979 5159 ταμιεύεσθαι,
3016 5092 3108 5144 καὶ
3143 5094 3322 5145 πᾶσαν
3349 5092 3447 5163 τὴν
3489 5092 3722 5163 ὓπαρξιν
3770 5096 3890 5149 ἐκεῖ

2327 5176 2664 5246 προπέμπειν
2694 5178 3004 5243 σπουδάζων
3024 5196 3037 5210 ·
3066 5181 3284 5243 εἰκότως
3311 5183 3339 5233 ό
3367 5182 3603 5242 τοιοῦτος
3635 5182 3793 5234 ὄναιτ’
3818 5181 3891 5237 ἂν

2324 5265 2567 5321 ἐντεῦθεν
2594 5269 2694 5339 τῆς
2715 5269 2923 5339 ἀγαθῆς
2946 5271 3177 5336 ἐλπίδος,
3201 5272 3279 5344 τῷ
3300 5274 3399 5342 τὴν
3422 5273 3656 5326 διάνοιαν
3679 5274 3890 5328 καὶτὸν

2322 5354 2575 5427 λογισμὸν
2615 5359 2845 5412 οἰκειοῦν
2887 5362 3077 5415 ἑαυτοῦ
3106 5366 3227 5426 ’τοῖς
3272 5362 3574 5434 οὐρανίοις·
3611 5363 3738 5417 ἔνθα
3778 5366 3890 5436 γὰρ

2324 5444 2433 5514 ἔχει
2456 5447 2544 5500 τὸν
2573 5448 2862 5521 θησαυρὸν,
2887 5453 3000 5505 ἐκεῖ
3031 5453 3123 5505 καὶ
3153 5454 3252 5523 τὴν
3273 5454 3511 5507 διάνοιαν
3537 5454 3644 5519 ἔξει
3663 5472 3675 5485 ’
3703 5455 3779 5519 ὡς
3802 5456 3891 5510 δο-

2322 5538 2434 5588 κεῖν
2470 5540 2565 5607 μὲν
2584 5541 2676 5593 ἐπὶ
2703 5542 2805 5612 γῆς
2835 5544 3248 5614 παρεπιδημεῖν,
3278 5546 3371 5599 καὶ
3403 5546 3481 5616 τῷ
3504 5546 3713 5617 σώματι
3742 5548 3893 5619 μόνῳ

2327 5631 2558 5683 συνεῖναι
2605 5632 2931 5703 ἀνθρώποις,
2980 5638 3047 5708 τῇ
3094 5638 3150 5690 δὲ
3191 5636 3415 5707 δυνάμει
3461 5638 3560 5702 τὰς
3603 5638 3889 5711 οὐρανίους
