4062 6410
1363 360 1863 421 COMMENTARIA
1898 358 1968 416 IN
2006 357 2264 415 LUCAII.

3352 343 3458 402 562

202 482 308 553 ἢδη
340 482 622 555 διατριϐὰς
657 484 928 554 μετιέναι·
964 485 1105 538 ὥστε
1147 484 1261 539 ἄνω
1300 485 1520 555 βλέπειν
1552 486 1648 547 δεῖ,
1685 483 1779 536 καὶ⁸

1893 472 2028 536 :tare
2058 492 2312 547 superna,
2366 487 2539 543 eoque
2567 484 2717 540 spem
2774 463 3043 537 dirigere‘.
3092 462 3185 519 ubi
3240 461 3457 517 thesau-

202 574 306 639 τὰς
360 577 579 641 ἐλπίδας
631 575 795 647 ἔχειν,
832 578 965 631 ὅπου
1024 578 1118 631 καὶ
1158 578 1248 632 τὸν
1294 578 1566 649 θησαυρὸν
1613 576 1777 630 αὐτοῦ

205 670 559 738 συναγήοχεν.

202 760 317 814 Kal
355 760 518 827 ὑμεῖς
551 760 738 829 ὅμοιοι
778 760 1111 830 ἀνθρώποις
1141 760 1648 830 προσδεχομένοις
1675 758 1782 812 τὸν

251 830 464 896 κύριον
495 830 743 895 ἑαυτῶν,
782 829 927 885 πότε
950 833 1243 885 ἀναλύσει
1272 831 1341 884 ἐκ
1366 829 1483 883 τῶν
1511 829 1732 900 γάμων.

290 917 380 970 Ἐν
408 917 615 987 ἐτέροις
653 920 750 991 ἥδη
792 919 1000 983 ἐδίδαξε
1040 918 1169 991 περὶ
1205 920 1312 973 τῶν
1349 920 1544 989 γάμων
1578 916 1780 970 είπώνο

216 1008 500 1078 Ὡμοιώθη
533 1013 570 1078 ἡ
590 1011 879 1075 βασιλεία
911 1009 1029 1064 τῶν
1057 1010 1329 1080 οὐρανῶν
1354 1008 1642 1077 ἀνθρώπῳ
1667 1008 1785 1071 ,βα-

202 1102 384 1160 (nisi.
425 1103 493 1169 ὃς
526 1104 773 1171 ἐποίησε
823 1104 1051 1173 γάμους
1085 1102 1165 1169 τῷ
1190 1101 1299 1168 υἱῷ
1334 1101 1539 1157 αὑτοῦ.
1579 1101 1663 1162 Ὧς
1694 1094 1786 1152 οὗν

203 1192 308 1263 ἤδη
361 1192 468 1245 τῶν
511 1195 703 1265 γάμων
742 1194 1119 1264 γεγενημένων
1145 1232 1160 1255 ,
1189 1192 1295 1246 ικαὶ
1339 1191 1433 1244 τοῦ
1486 1190 1785 1260 συμποσίου

201 1281 593 1347 τελεσθέντος,
644 1285 920 1338 ἐπάνεισιν
976 1285 1005 1335 6
1053 1282 1243 1355 κύριος
1291 1283 1384 1335 ἐπὶ
1437 1282 1563 1343 τοὺς
1622 1282 1787 1350 ἐγρη-

201 1374 439 1443 γορότας
493 1374 744 1438 δούλους,
799 1375 881 1437 οἱ,
940 1374 1158 1427 ἐπειδὰν
1216 1373 1479 1443 ἀφίκηται
1538 1371 1697 1434 αὐτὸς
1760 1370 1789 1421 6

202 1463 441 1533 νυμφίος
509 1463 607 1534 τὴν
683 1463 996 1535 παράληψιν
1050 1463 1150 1533 τῆς
1216 1460 1433 1532 νύμφης
1497 1460 1791 1531 ποιησόμε-

203 1570 334 1615 νος,
378 1551 671 1622 κρούσαντι
711 1552 859 1623 αὐτῷ
908 1553 1009 1622 τὴν
1057 1552 1156 1622 τῆς
1193 1544 1374 1622 ψυχῆς
1412 1550 1611 1622 θύραν,
1653 1552 1790 1601 ἐτοι-

209 1648 423 1717 μότατα
472 1646 842 1700 ὑπακούσουσι
906 1646 1001 1700 καὶ
1059 1644 1328 1709 ἀνοίξουσι
1353 1685 1367 1708 ,
1440 1643 1531 1696 διὰ
1589 1643 1788 1705 παντὸς

204 1738 570 1810 ἐγρηγορότες
595 1778 607 1801 ι
666 1741 757 1793 καὶ
826 1739 922 1810 τὴν
973 1737 1139 1793 αὐτοῦ
1202 1736 1501 1809 παρουσίαν
1569 1734 1787 1803 ἐκδεχό-

1888 587 2005 626 rum
2034 584 2190 625 suum
2218 568 2328 639 jam
2364 580 2521 620 acerv
2536 561 2660 616 ινὶι.

1882 749 1929 780 ⁸³
1960 748 2025 802 Et
2061 763 2147 802 vos
2182 745 2375 799 similes
2404 740 2702 796 horninibus
2742 734 3159 808 exspectantibus
3187 732 3459 786 dominum

2154 831 2305 870 suum
2335 813 2546 885 quando
2584 804 2873 864 reuertatur
2900 823 2935 860 a
2962 804 3177 873 nuptiis.

1954 906 2071 960 Jam
2113 905 2240 959 alibi
2276 902 2459 965 docuit
2495 915 2618 954 cum
2650 900 2716 952 de
2750 895 2955 973 nuptiis
2991 894 3240 947 diceret:
3277 887 3459 944 Simile

1884 1010 1957 1053 est
1992 1012 2207 1063 regnum
2247 992 2494 1047 caelorum
2544 988 2745 1041 homini
2792 986 2932 1055 regi,
2963 983 3053 1053 qui
3096 981 3216 1049 [ecit
3253 979 3461 1046 nuptias

1890 1089 2001 1159 ﬁlio
2038 1102 2136 1141 suo
2156 1088 2225 1137 ".
2260 1082 2541 1152 Tanquam
2574 1078 2738 1148 igitur
2786 1075 3021 1145 peractis
3066 1070 3287 1141 nuptiis,
3329 1083 3461 1124 con-

1887 1181 2138 1248 vivioque
2166 1175 2432 1239 absoluto,
2464 1172 2606 1227 redit
2642 1169 2894 1224 dominus
2927 1167 2993 1219 ad
3027 1178 3216 1218 servos
3247 1160 3462 1231 vigiles,

1887 1272 1979 1342 qui
2021 1282 2220 1337 sponso
2250 1267 2315 1321 ad
2350 1263 2666 1343 sumendam
2697 1260 2799 1313 sibi
2840 1270 3093 1327 sponsam
3124 1252 3461 1316 adventanti,

1886 1371 1943 1418 et
1979 1374 2122 1415 nunc
2164 1359 2277 1427 jam
2313 1355 2509 1411 anima:
2559 1352 2706 1407 iores
2740 1348 3006 1419 pulsanti,
3059 1344 3466 1416 promptissime

1889 1453 2367 1523 morigerabuntur
2424 1458 2587 1515 atque
2623 1442 2907 1512 aperient,
2966 1448 3254 1507 propterea
3321 1436 3466 1504 quod

1889 1553 2151 1614 perpetuo
2182 1538 2393 1609 vigiles,
2426 1536 2718 1590 adventum
2748 1531 2865 1602 ejus
2895 1529 3189 1599 praestolati
3227 1526 3464 1582 fuerant.

1888 1640 1978 1692 Ait
2012 1636 2217 1703 igitur:
2254 1630 2408 1684 Beati
2456 1627 2591 1682 servi
2642 1624 2753 1689 illi,
2798 1638 2929 1691 quos
2970 1622 3177 1673 veniens
3212 1620 3469 1673 invenerit

1889 1727 2163 1798 vigilantes
2186 1725 2252 1778 ".
2285 1721 2483 1789 Quidni
2512 1733 2642 1771 vero
2678 1717 2731 1769 hi
2768 1712 2929 1775 beati,
2957 1712 3048 1780 qui
3086 1720 3287 1765 tantum
3327 1723 3469 1764 mer-

206 1804 379 1901 pelio};
419 1804 694 1900 iEﬂt‘AéYu
727 1831 856 1899 γοῦν
876 1804 891 1861 ί
913 1830 1199 1899 Μακάριοι
1240 1804 1294 1884 ol
1319 1830 1527 1883 δοῦλοι
1549 1829 1787 1889 ἐκεῖνοι,

1893 1823 2075 1875 cedem
2111 1816 2337 1872 relaturi
2373 1809 2574 1868 erant?
2600 1809 2768 1879 Igitur
2797 1821 2922 1862 cum
2961 1804 3302 1859 sacramento
3337 1816 3469 1856 con-

204 1921 318 1986 οῡς
355 1921 548 1975 ἐλθὼν
578 1920 823 1990 εὑρήσει
854 1923 1312 1991 γρηγοροῦντας.
1365 1922 1474 1974 Καὶ
1524 1921 1640 1983 πῶς
1676 1920 1784 1991 γὰρ

202 2013 268 2065 οὐ
302 2014 558 2082 μακάριοι
585 2015 633 2066 οἱ
663 2013 932 2083 τοσαύτης
969 2013 1253 2082 μέλλοντες
1280 2012 1677 2084 ἀξιωθήσεσθαι
1705 2029 1785 2064 τι-

210 2104 353 2175 μῆς;
402 2105 727 2174 Ἐπόμνυται
760 2104 889 2172 γοῦν
918 2106 1101 2168 αὐτοῖς
1130 2106 1353 2173 φάσκων
1373 2123 1385 2135 ·
1429 2104 1613 2175 Ἀμὴν
1633 2106 1788 2173 λέγω

205 2195 371 2263 ὑμῖν,
401 2194 491 2251 ὅτι
523 2193 898 2264 περιζώσεται
934 2197 1032 2249 καὶ
1063 2197 1379 2250 ἀνακλινεῖ
1402 2196 1625 2261 αὐτοὺς
1646 2236 1660 2257 ,
1688 2195 1788 2248 καί

204 2286 523 2354 παρελθὼν
559 2288 909 2353 διακονήσει
941 2288 1163 2354 αὐτοῖς.
1199 2289 1377 2341 Νυκτὶ
1407 2288 1463 2341 δὲ
1506 2288 1789 2358 παραϐάλ-

205 2383 317 2435 λων
347 2383 439 2434 τὸν
488 2380 827 2452 ἀνθρώπινον
864 2380 995 2449 βίον,
1042 2378 1118 2442 ὼς
1167 2378 1383 2448 ἀληθῶς
1433 2380 1657 2443 σκότους
1695 2380 1790 2431 καὶ

204 2476 431 2545 ἀγνοίας
453 2477 672 2536 οἰκεῖον,
698 2474 971 2543 διαφόροις
998 2472 1284 2540 φυλακαῖς,
1316 2471 1593 2523 τουτέστιν
1620 2469 1792 2540 ὥραις

203 2570 303 2623 καὶ
324 2572 533 2639 καιροῖς
552 2568 649 2637 τῆς
676 2566 888 2629 νυκτὸς,
911 2566 999 2618 τὸν
1019 2565 1114 2635 τῆς
1130 2564 1473 2635 ἀνθρωπίνης
1489 2562 1634 2632 ζωῆς
1654 2577 1794 2633 παρ-

204 2658 417 2722 εικάζει
456 2657 676 2727 χρόνον·
714 2659 771 2709 ἐν
809 2650 854 2723 ᾧ
896 2656 1021 2718 τοὺς
1064 2655 1150 2708 διὰ
1196 2654 1394 2717 παντὸς
1426 2652 1792 2724 ἐγρηγορότας

201 2749 295 2803 διὰ
326 2748 387 2799 τὸ
420 2747 615 2817 ἄδηλον
643 2747 743 2817 τῆς
771 2747 1001 2799 ἑκάστου
1026 2745 1281 2814 τελευτῆς
1321 2744 1623 2815 μακαρίους
1658 2745 1795 2795 ἁπο-

206 2838 425 2907 φαίνει·
474 2837 681 2907 ταύτης
728 2838 786 2889 δὲ
834 2838 933 2906 τῆς
975 2836 1291 2907 προτροπῆς
1344 2836 1429 2897 τίς
1485 2836 1551 2887 ἂν
1594 2834 1791 2902 γένοιτ’

203 2930 492 3000 ἀνωτέρα,
543 2929 578 2999 ἡ
630 2929 722 2981 τὸν
772 2927 1038 2997 δεσπότην
1093 2926 1427 2994 ἐπήγγελται
1476 2927 1638 2979 αὑτὸν
1681 2928 1795 2988 τοῖς

202 3021 415 3084 δούλοις
429 3022 787 3091 διακονήσειν,
804 3021 930 3084 τοὺς
944 3020 1001 3073 δὲ
1020 3018 1241 3081 δούλους
1262 3018 1713 3089 ἀνακλιθήσεσθαι
1738 3019 1794 3070 ἐν

207 3116 277 3184 τῇ
310 3112 551 3183 βασιλείᾳ
576 3111 761 3175 αὑτοῦ,
787 3111 1036 3164 τουτέστι
1057 3110 1515 3165 διαναπαύσεσθαι
1540 3128 1555 3173 ;
1583 3111 1794 3180 Προϊὼν

1891 1914 2107 1966 ﬁrmat:
2143 1909 2309 1961 Amen
2339 1908 2455 1959 dico
2491 1904 2652 1967 vobis,
2683 1900 3087 1971 prtccincturunt
3122 1911 3195 1955 se,
3239 1895 3468 1948 discunt-

1891 2002 2125 2056 bentibus
2160 1999 2291 2064 illis,
2322 2006 2373 2050 et
2406 2001 2763 2049 transeuntem
2790 1989 2983 2044 eisdem
3014 1985 3462 2039 ministraturum.

1890 2093 2045 2149 Nocti
2094 2101 2276 2145 autem
2317 2101 2640 2158 comparans
2682 2088 2975 2157 humanam
3010 2086 3208 2148 vitam,
3256 2096 3352 2135 ceu
3387 2095 3472 2133 re-

1891 2200 2021 2255 apse
2050 2184 2286 2239 tenebris
2312 2192 2366 2237 et
2414 2181 2625 2236 inscitia
2668 2176 3081 2239 circumfusam,
3127 2172 3359 2229 diversis
3389 2173 3474 2224 vi-

1891 2279 2068 2348 giliis,
2112 2260 2165 2331 id
2198 2283 2283 2330 est
2327 2273 2480 2329 horis
2524 2268 2964 2339 temporibusque
3012 2265 3318 2329 nocturnis,
3367 2262 3472 2317 hn-

1894 2384 2065 2425 manaa
2094 2368 2217 2423 vitae
2259 2360 2490 2436 spatium
2523 2361 2830 2422 assimilat:
2866 2363 2919 2412 in
2971 2365 3079 2429 quo
3126 2357 3169 2410 si
3210 2354 3302 2425 qui
3350 2354 3473 2407 sine

1892 2462 2082 2533 requie
2122 2459 2380 2530 vigilant,
2442 2464 2668 2527 propter
2714 2451 2893 2507 obitus
2953 2450 3219 2503 incertum
3263 2460 3475 2506 casum,

1892 2556 2081 2610 beatos
2109 2567 2203 2608 eos
2235 2549 2489 2621 appellat.
2517 2545 2636 2602 Jam
2668 2545 2773 2603 hac
2816 2544 3196 2599 adhortatione
3224 2553 3473 2607 quamam

1893 2645 2174 2701 sublimior
2219 2657 2339 2697 esse
2390 2640 2602 2711 potest‘,
2645 2653 2751 2709 qua
2787 2636 3042 2691 nimirum
3097 2634 3350 2687 dominus
3383 2630 3469 2685 di-

1893 2740 2035 2793 citur
2066 2734 2238 2790 servis
2276 2718 2856 2795 suis'ministraturus,
2890 2728 2942 2782 hi
2995 2735 3177 2780 autem
3230 2724 3281 2776 in
3333 2722 3479 2776 illius

1896 2843 2062 2897 regno
2102 2824 2435 2887 recubituri,
2484 2824 2537 2877 id
2586 2830 2670 2877 est
2723 2820 2909 2889 requie
2964 2816 3225 2889 potituri?
3276 2813 3477 2868 Deinde

1896 2932 2083 2971 rursus
2135 2914 2461 2984 promissum
2509 2912 2651 2967 idem
2694 2910 2967 2974 ﬁrmavit,
3017 2924 3139 2963 cum
3196 2904 3481 2975 discipuli;

1896 3009 2076 3064 dixit:
2124 3005 2239 3077 Ego
2290 3015 2466 3059 autent
2497 3005 2553 3057 in
2607 3004 2778 3057 media
2828 3001 2987 3055 vestri
3030 3017 3146 3054 sum
3198 2998 3337 3052 sicut
3385 2997 3479 3066 qui

1898 3102 2182 3155 ministrat.
2224 3096 2327 3152 Vos
2365 3098 2553 3167 quippe
2585 3099 2710 3150 estis
2749 3094 2839 3165 qui
2879 3091 3247 3160 permansistis
3277 3104 3480 3144 mecum

201 3181 441 3268 δίαῦθις
473 3181 573 3275 την
614 3203 781 3274 αὐτὴν
810 3203 1265 3274 ἐπισφραγίξεται
1312 3203 1644 3272 ἐπαγγελίαν
1673 3204 1790 3265 τοῖς

1895 3194 1951 3245 in
1996 3190 2373 3244 tentationibus
2414 3190 2541 3243 meis
2578 3204 2598 3242 :
2633 3198 2682 3241 et
2727 3202 2818 3258 ego
2857 3186 3087 3255 dispono-
3127 3183 3303 3248 vobis,
3343 3181 3483 3234 sicut

210 3297 489 3368 μαθηταῖς
510 3296 680 3365 λέγων
700 3312 713 3325 ·
762 3296 903 3364 Ἐγὼ
938 3294 990 3348 δ’
1032 3296 1104 3349 ἐν
1124 3294 1294 3365 μέσῳ
1324 3294 1491 3365 ὑμῶν
1513 3298 1630 3364 εἰμι
1652 3295 1731 3359 ὠς
1761 3296 1794 3347 ό

205 3388 526 3444 διακονῶν.
564 3387 757 3456 Ὑμεῖς
776 3387 845 3441 δέ
871 3388 1013 3441 ἐστε
1053 3389 1107 3442 οἱ
1150 3386 1644 3457 διαμεμενηκότες
1665 3384 1791 3455 μετ’

208 3480 358 3551 ἐμοῦ
375 3481 445 3533 ἐν
460 3479 585 3546 τοῖς
596 3486 947 3549 πειρασμοῖς
958 3496 1097 3547 μου’
1117 3478 1276 3548 κάγὼ
1289 3478 1612 3548 διατίθεμαι
1632 3478 1790 3547 ὑμῖν,

210 3575 343 3628 καθ’
377 3571 417 3627 ἁ
460 3572 701 3628 διέθετό
723 3590 825 3642 μοι
850 3578 882 3627 ὀ
904 3571 1107 3639 Πατήρ
1128 3589 1265 3641 μου,
1310 3571 1639 3635 ,ϐασιλείαν
1660 3587 1671 3600 ·
1714 3571 1793 3622 ἵν’

209 3662 455 3729 ἐσθίητε
484 3664 581 3716 καί
620 3663 831 3730 πίνητε
865 3662 963 3716 ἐπὶ
996 3661 1105 3729 τῆς
1148 3659 1435 3730 τραπέζης
1456 3679 1575 3729 μου
1603 3660 1673 3713 ἐν
1718 3658 1794 3728 τῇ

203 3756 501 3821 ,ϐασιλείᾳ
523 3772 661 3826 μου.
696 3754 962 3824 Τοιαύτης
993 3753 1270 3819 τεύξονται
1302 3752 1702 3824 μακαριότητος
1745 3753 1793 3804 οί

209 3844 411 3910 δοῦλοι,
452 3845 545 3909 οὒς
577 3845 746 3898 ἐλθὼν
783 3843 815 3898 '6
858 3845 1061 3918 Κύριος
1088 3846 1308 3917 εὑρήσει
1349 3843 1755 3917 γρηγοροῦντας
1777 3860 1791 3873 ⁸

211 3938 361 3996 κατὰ
380 3939 490 4010 γὰρ
512 3938 603 3991 τὸν
632 3938 824 4009 θνητὸν
856 3937 1041 3991 τοῦτον
1076 3937 1209 4008 βίον,
1246 3937 1339 3991 ἆτε
1380 3937 1568 4000 παῖδες
1601 3936 1680 3989 ἐτι
1704 3937 1794 3989 δν-

209 4048 309 4094 τες
336 4031 429 4085 καὶ
469 4032 671 4101 νήπιοι,
703 4031 796 4084 καὶ
827 4033 992 4101 μήπω
1029 4031 1121 4083 τοῦ
1157 4029 1443 4100 νυμφῶνος
1480 4028 1792 4100 ἠξιωμένοι,

211 4124 303 4176 ἐπ’
335 4122 639 4191 ἀλλοδαπῆς
682 4122 726 4175 δ’
764 4121 1040 4185 οίκοῦντες
1059 4161 1074 4185 ,
1104 4122 1196 4176 ἆτε
1227 4120 1365 4186 ξένοι
1399 4120 1507 4173 τῶν
1540 4119 1792 4184 ἐνταῦθα,

212 4212 312 4266 καὶ
345 4211 736 4282 παρεπίδημοι,
768 4212 860 4264 καὶ
892 4211 996 4264 ὑπὸ
1039 4211 1406 4281 τιαιδαγωγοῖς
1452 4212 1546 4265 καὶ
1581 4212 1797 4281 ἐπιτρό-

213 4322 342 4367 ποις
381 4304 829 4375 ἁνατρεφόμενοι,
855 4304 954 4356 οὐκ
988 4298 1132 4373 εἶχον
1169 4304 1401 4358 πάντοτε
1437 4302 1527 4355 τὸν
1564 4302 1796 4373 νυμφίον

217 4396 339 4467 μεθ’
379 4397 605 4449 ἑαυτῶν.
656 4396 749 4449 Διὸ
792 4396 887 4449 καὶ
928 4397 1245 4467 ἐνήστευον,
1282 4394 1463 4458 καθὼς
1511 4389 1663 4447 εἶπεν
1713 4394 1796 4446 ὅτι

211 4487 512 4559 ἀρθήσεται
559 4488 656 4540 ἀπ’
702 4486 880 4540 αὐτῶν
929 4488 957 4540 6
992 4485 1241 4557 νυμφίος,
1272 4486 1365 4538 καὶ⁸
1408 4484 1529 4537 τότε
1568 4484 1795 4554 νηστεύ-

216 4594 423 4632 σουσιν.
492 4577 630 4630 Ἀλλ’
691 4578 783 4629 ἐπὶ
832 4577 977 4630 τέλει
1036 4576 1373 4645 αὐξήσαντας
1439 4576 1637 4638 αὐτοὺς
1703 4574 1798 4627 καὶ

211 4668 600 4733 τελειωθέντας
633 4667 1050 4740 παραλήψεσθαι
1083 4666 1517 4735 ἐπαγγέλλεται,
1572 4667 1665 4719 καὶ
1717 4667 1795 4729 είς

210 4762 307 4815 τὸν
338 4760 504 4814 αὑτοῦ
550 4761 887 4827 συνεισάξειν
920 4760 1214 4831 νυμφῶνα’
1253 4760 1342 4811 ὅτε
1374 4759 1465 4811 καὶ
1503 4756 1795 4819 ἀνακλίνας

1894 3284 2151 3353 disposuit
2195 3284 2323 3335 mihi
2360 3280 2515 3334 Pater
2556 3296 2729 3343 meus,
2763 3294 3015 3348 regnum;
3056 3286 3112 3331 ut
3153 3274 3483 3329 manducetis

1894 3387 2048 3445 atque
2096 3375 2284 3429 bibatis
2332 3374 2396 3427 de
2434 3388 2549 3425 mea
2586 3386 2765 3424 mensa
2807 3371 2862 3422 in
2905 3384 3064 3438 regno
3109 3383 3223 3421 meo
3245 3364 3315 3420 “.
3366 3362 3483 3418 llac

1895 3469 2169 3537 potientur
2217 3465 2477 3521 beatitate
2504 3461 2671 3525 servi,
2718 3476 2857 3531 quos
2890 3458 3153 3514 Dominus
3200 3456 3482 3525 vigilantes

1896 3558 2183 3612 invenerit.
2216 3556 2459 3625 Namque
2498 3554 2551 3607 in
2601 3552 2704 3607 hac
2737 3551 2951 3607 mortali
3003 3550 3142 3615 vita,
3192 3564 3290 3603 ceu
3329 3546 3482 3625 pueri

1895 3649 2071 3704 adhuc
2116 3660 2171 3705 et
2201 3623 2436 3703 infant—es
2460 3654 2517 3700 et
2546 3645 2784 3698 nondum
2823 3643 3049 3711 nuptiali
3102 3623 3372 3695 conclavi
3401 3639 3484 3692 di-

1896 3742 2014 3812 gni,
2057 3743 2151 3796 sed
2185 3741 2417 3794 alienam
2452 3737 2618 3791 veluti
2658 3735 2933 3805 regionem
2972 3733 3294 3797 incolentes,
3326 3730 3482 3800 quasi

1896 3832 2163 3902 peregrini
2197 3831 2415 3900 quidam
2442 3842 2497 3883 et
2521 3828 2764 3891 advena),
2790 3834 2843 3879 et
2874 3824 2973 3878 sub
3008 3824 3277 3877 tutoribus
3303 3823 3486 3876 adhuc

1897 3935 1951 3982 et
1992 3923 2340 3979 curatoribus
2390 3920 2651 3983 enutriti,
2693 3931 3037 3988 nequaquam
3087 3916 3269 3986 sponsi
3318 3914 3480 3985 pleno

1896 4016 2173 4072 consortio
2218 4013 2525 4069 utebantur.
2572 4010 2752 4077 Quare
2797 4010 3135 4079 ieiunabant,
3190 4018 3479 4077 propterea

1897 4110 2040 4181 quod
2092 4109 2223 4179 ipsis
2260 4108 2463 4162 dictum
2516 4092 2695 4168 esset,
2741 4103 2857 4156 fore
2907 4112 2965 4155 ut
3012 4116 3247 4170 sponsus
3282 4099 3368 4155 ab
3417 4100 3483 4153 iis

1897 4202 2224 4265 auferretur,
2262 4210 2318 4255 et
2355 4210 2467 4253 tum
2513 4196 2826 4268 jejunarent
2847 4196 2914 4248 ".
2962 4196 3349 4250 Verumtamen
3390 4191 3481 4246 ubi

1897 4295 1951 4351 in
1987 4294 2281 4363 perlectam
2324 4302 2540 4347 aetatem
2573 4292 2866 4354 creverint,
2914 4294 3255 4357 recepturum
3301 4300 3361 4339 se
3388 4300 3484 4339 eos

1897 4386 2162 4457 spondet,
2212 4393 2373 4454 atque
2425 4385 2478 4439 in
2526 4400 2686 4438 suum
2730 4383 2989 4437 conclave
3026 4382 3317 4436 ducturum
3366 4396 3380 4432 :
3420 4393 3486 4433 ac

1903 4487 2013 4532 tum
2048 4480 2114 4534 iis
2163 4476 2629 4533 discumbentihus
2667 4476 3100 4529 ministraturum
3146 4489 3162 4526 :
3213 4472 3305 4542 qui
3356 4486 3483 4540 pcr-

1903 4577 2059 4639 petua
2096 4568 2489 4625 consuetudine
2513 4568 2631 4638 ejus
2656 4564 2769 4635 jam
2802 4566 2979 4635 potiti,
3009 4563 3215 4618 diutius
3263 4578 3369 4617 non
3399 4561 3487 4632 je-

1896 4661 2199 4730 junabunt,
2228 4661 2324 4715 sed
2353 4659 2630 4715 laboribus
2654 4657 2906 4725 relaxati,
2934 4655 3250 4711 celestibus
3278 4652 3486 4708 deliciis

1901 4754 2266 4825 perfruentur.

212 4856 429 4919 αὐτοὺς,
463 4855 769 4925 διακονήσει
801 4855 1014 4917 αὐτοῖς⁸
1038 4855 1087 4906 οἰ
1113 4853 1194 4917 δὲ,
1228 4852 1473 4914 συνόντες
1507 4851 1653 4922 αὐτῷ
1678 4850 1785 4914 ἀεὶ,
1816 4846 2000 4900 οὐκέτι
2047 4844 2454 4916 νηστεύσουσιν,
2495 4842 2631 4896 ἀλλὰ
2679 4841 3109 4911 ὀιαπαυσάμενοι
3139 4838 3249 4892 τῶν
3308 4840 3491 4910 καμά-

209 4967 342 5014 των,
372 4948 474 5019 τῆς
506 4951 755 5019 οὐρανίου
787 4950 999 5019 τρυφῆς
1032 4946 1443 5001 ἀπολαύσουσιν.

203 5050 277 5102 El
307 5047 434 5118 ᾔδει
476 5050 507 5102 ό
540 5046 970 5113 οίκοδεσπότης
1000 5048 1142 5113 ποίᾳ
1177 5044 1297 5113 ὥρᾳ
1325 5048 1357 5099 ό
1385 5043 1648 5112 κλέπτης
1687 5042 1781 5111 ἕρ-

906 5134 1087 5183 χετιιι.

284 5209 383 5262 Διὰ
416 5209 674 5263 πλειόνων
708 5208 895 5279 νήφειν
927 5209 1020 5260 καὶ
1053 5206 1413 5279 ἐγρηγορέναι
1445 5206 1575 5275 ἡμῖν
1614 5218 1793 5274 παρα-

210 5300 525 5365 κελεύεται,
553 5300 615 5353 οὐ
649 5299 806 5371 μόνον
843 5298 931 5351 διὰ
963 5300 1062 5368 τὴν
1096 5299 1297 5368 ἀθρόαν
1327 5299 1421 5352 καὶ
1454 5296 1793 5367 ἀπροσδόκη-

209 5407 306 5443 τον
351 5390 529 5458 ἇφιξιν
569 5390 671 5461 τῆς
716 5391 933 5462 ἡμέρας
979 5390 1216 5460 Κυρίου,
1264 5389 1402 5443 ἀλλὰ
1435 5390 1529 5442 καὶ
1568 5387 1657 5440 διὰ
1700 5388 1795 5439 τὸν

212 5480 455 5551 κλέπτην
486 5480 575 5534 τὸν
619 5484 734 5544 τοῖς
776 5482 914 5535 κατὰ
973 5482 1103 5535 Θεὸν
1150 5480 1423 5543 πλουσίοις
1464 5478 1559 5532 καὶ
1597 5478 1795 5531 οἰκοδε-

216 5573 444 5637 σπόταις
490 5574 865 5646 ἐφεδρεύοντα.
914 5572 1082 5639 Οὗτος
1127 5574 1185 5629 δέ
1229 5577 1378 5631 ἐστιν
1418 5577 1446 5627 6
1480 5563 1669 5646 καιρὸς
1694 5573 1794 5644 τῆς

287 5706 500 5834 “agar.
527 5724 628 5775 ιιι,
660 5709 747 5764 36.
820 5712 867 5743 ⁸⁸
907 5709 1095 5766 Matth.
1129 5726 1272 5778 un,
1302 5712 1355 5765 9..

287 5794 319 5834 ι.
425 5816 439 5832 .

218 5794 319 5847 xu,
352 5794 439 5834 ou.

1437 5712 1484 5744 "
1517 5711 1650 5766 Luc.
1679 5727 1752 5766 xit
1774 5720 1873 5776 '57.
1947 5710 1995 5743 "
2033 5707 2165 5768 Luc.
2197 5725 2339 5777 mi,
2368 5707 2560 5771 27-50.
2625 5711 2671 5744 ’τ
2711 5710 2903 5767 Matth.
2954 5724 3042 5778 rx,
3072 5710 3158 5765 l5.

1888 5039 1934 5071 "
1958 5037 2019 5094 Si
2048 5038 2199 5092 sciret
2226 5032 2617 5106 paterfamilias
2646 5049 2751 5104 qua
2774 5034 2906 5087 liora
2941 5031 3030 5100 fur
3056 5041 3305 5088 venturus
3332 5043 3488 5106 esset.

1966 5198 2149 5254 Multis
2190 5198 2255 5252 de
2286 5196 2468 5253 causis
2514 5195 2653 5267 frugi
2702 5195 2858 5251 nobis
2890 5195 3100 5265 agitare
3134 5195 3297 5249 vitam
3338 5195 3478 5265 vigi-

1895 5292 2118 5361 lareque
2164 5292 2405 5352 mandat,
2447 5303 2556 5345 non
2602 5288 2775 5344 solum
2805 5286 2877 5341 ob
2912 5287 3150 5342 subitum
3184 5286 3490 5356 inopinum-

1898 5398 2002 5454 que
2030 5383 2132 5438 diei
2166 5381 2373 5437 Domini
2402 5379 2836 5447 adventum,~sed
2862 5381 3025 5434 etiam
3059 5390 3279 5450 propter
3307 5377 3483 5432 iurent

1901 5476 2202 5531 divinorum
2240 5473 2505 5528 bonorum
2549 5472 2810 5527 divitibus
2836 5486 2901 5526 ac
2940 5470 3105 5524 veluti
3154 5467 3485 5539 patribusl'a-

1903 5571 2080 5626 milias
2130 5568 2499 5624 insidiantem.
2550 5566 2601 5623 ls
2666 5574 2847 5622 autem
2905 5574 2989 5621 est
3055 5563 3485 5634 uniuscujusque

3258 5706 3308 5741 "
3345 5706 3476 5765 Cn.
