4062 6394
628 378 733 437 ωδ

1284 370 1550 434 EUSEBII
1588 376 2058 434 CAESAI'HENSIS
2092 375 2245 434 OPP.
2286 375 2464 431 PARS
2500 373 2584 429 Ill.
2624 403 2692 416 -
2734 369 3142 427 EXEGETICA.

3725 366 3839 424 56.

627 502 821 562 obitus.
856 494 940 554 vel
980 497 1137 553 etiam
1188 496 1407 567 angelus
1453 497 1542 566 qui
1593 496 1851 566 cujusque
1898 499 2166 553 morientis

2274 497 2501 549 ἑκάστου
2530 492 2804 562 τελευτῆς,
2837 490 2871 559 ἢ
2903 489 2998 542 καὶ
3028 488 3058 539 δ
3086 486 3291 558 μέλλων
3331 462 3431 556 (ἦν
3473 483 3704 537 ἑκάστου
3729 483 3834 553 ψυ-

627 589 859 644 animam
896 595 1220 657 excepturus
1248 596 1351 639 est.
1383 586 1439 639 Si
1474 601 1602 655 ergo
1644 588 1904 643 sciremus
1932 603 2164 658 quonam

626 683 862 747 tempore
897 677 983 733 fur
1009 677 1097 732 ille
1132 685 1386 732 venturus
1414 684 1579 740 esset,
1607 677 1818 731 unicam
1864 677 2007 731 illam
2032 692 2167 747 opus

627 769 763 822 foret
792 767 979 821 horam
1008 767 1313 827 observare,
1342 778 1409 817 ne
1442 774 1653 820 nostras
1685 775 1989 835 pateremur
2027 766 2170 822 ades

624 853 826 923 perfodi
854 871 867 907 :
901 868 1040 907 nunc
1060 853 1180 920 quia
1205 851 1318 906 huic
1357 851 1515 915 latet,
1546 863 1803 922 perpetuo
1827 864 2169 921 experrectus

624 958 745 999 esse
770 943 1030 1013 oportebit
1055 959 1069 995 :
1102 956 1272 1010 neque
1296 943 1439 996 enim
1470 944 1716 999 novimus
1746 959 1850 1014 qua
1875 944 1963 998 ille
1991 944 2169 1014 vigilia

625 1035 985 1090 incursionem
1016 1030 1198 1087 faciet.
1228 1031 1403 1098 Quare
1435 1048 1655 1100 prorsus
1684 1033 2006 1101 vigilandum
2052 1045 2165 1099 est,

622 1121 875 1189 omnique
920 1120 1183 1183 custodia,
1228 1130 1284 1173 ut
1322 1120 1395 1173 ait
1432 1120 1843 1175 Proverbiorum
1887 1131 2077 1176 auctor
2098 1123 2166 1184 ",

622 1210 938 1266 servandum
964 1223 1086 1269 cor;
1115 1208 1462 1277 universaque
1490 1210 1604 1264 haec
1637 1210 1883 1265 mortalis
1912 1212 2033 1266 vitae
2061 1227 2167 1266 nox

621 1301 880 1356 insomnis
926 1300 1298 1369 transigenda,
1341 1315 1407 1353 ne
1454 1299 1591 1355 forte
1641 1301 2027 1370 direptionibus
2074 1317 2169 1371 pa-

2268 586 2368 654 χὴν
2405 581 2848 653 παραλαμόάνειν
2878 577 3107 646 ἄγγελος
3139 575 3279 629 κατὰ
3314 573 3502 645 καιρὸν
3535 571 3629 625 τοῦ
3663 571 3832 625 θανά-

2265 691 2357 727 του
2400 674 2531 743 (60).
2583 674 2646 725 El
2683 672 2783 742 μιν
2830 666 2921 724 οὖν
2942 668 3163 738 ᾔδειμεν
3218 666 3311 718 τὸν
3360 664 3548 735 καιρὸν
3590 662 3692 733 τῆς
3735 660 3835 715 τοῦ

2267 763 2496 816 κλέπτου
2538 762 2862 831 παρουσίας,
2902 762 3002 830 τὴν
3036 756 3184 827 ὥραν
3219 755 3629 825 έχρῆννέκείνην
3663 752 3837 822 μόνην

2268 855 2563 923 ἐπιτηρεῖν,
2595 851 2731 921 πρὸς
2756 852 2817 903 τὸ
2849 849 2922 920 μὴ
2957 848 3170 916 ἀφιέναι
3202 846 3511 916 διορυγῆναι
3548 844 3704 914 ἡμῶν
3740 842 3838 895 τὸν

2268 941 2414 997 οἷκον
2434 961 2447 973 ·
2482 944 2604 995 ἐπεὶ
2643 942 2700 995 δὲ
2731 941 2922 1011 ἄδηλός
2951 942 3097 993 ἔστιν
3136 929 3309 1015 οὗτος,
3344 935 3523 1005 δεήσει
3549 935 3636 988 ἀεὶ
3660 937 3836 1006 ἐγρη-

2268 1035 2483 1103 γορέναι
2500 1050 2514 1063 ·
2540 1033 2601 1084 οὐ
2636 1031 2743 1101 γάρ
2767 1031 2924 1099 ῐσμεν
2950 1028 3110 1097 ὁποίᾳ
3134 1027 3347 1096 φυλακῇ
3371 1024 3706 1093 ἐπιθήσεται.
3741 1024 3837 1078 Διδ

2267 1123 2631 1193 γρηγορητέον
2669 1120 2760 1173 διὰ
2806 1120 3027 1183 παντὸς,
3068 1120 3162 1172 καὶ
3208 1116 3359 1187 πάσῃ
3403 1115 3613 1186 φυλακῇ
3662 1132 3840 1187 τηρη-

2266 1217 2385 1267 τέον
2412 1214 2507 1283 τὴν
2538 1212 2761 1283 καρδίαν
2801 1211 2943 1264 κατὰ
2972 1212 3063 1264 τὸν
3091 1208 3508 1281 παροιμιαστὴν,
3541 1208 3636 1260 καὶ
3662 1208 3840 1276 ἀγρυ-

2268 1303 2494 1373 πνητέον
2513 1301 2600 1355 διὰ
2624 1302 2803 1371 πάσης
2828 1301 2928 1369 τῆς
2952 1300 3046 1352 τοῦ
3074 1299 3268 1369 θνητοῦ
3299 1298 3415 1368 βίου
3443 1295 3657 1359 νυκτὸς,
3687 1296 3841 1358 ὅπως

624 1400 852 1457 teamus,
901 1404 1036 1445 neve
1082 1390 1270 1443 anima:
1311 1399 1507 1445 nostrae
1547 1392 1828 1445 thesauros
1858 1391 2017 1446 effodi
2050 1406 2166 1461 per-

2268 1393 2451 1447 άσυλοι
2478 1393 2842 1463 διαμένωμεν,
2878 1392 2951 1461 μὴ
2981 1390 3177 1453 έῶντες
3203 1388 3513 1461 διορυγῆναι
3531 1386 3691 1457 ἡμῶν
3709 1386 3842 1448 τοὺς

623 1483 915 1537 mittamus.
948 1480 1039 1537 Sic
1063 1482 1202 1535 enim
1230 1466 1483 1550 utrinque
1504 1491 1649 1538 recte
1673 1483 2017 1549 habebimus;
2053 1492 2166 1537 tum

2267 1484 2364 1554 τῆς
2393 1482 2569 1553 ψυχῆς
2601 1481 2905 1553 θησαυρούς
2933 1494 2945 1511 ’
2976 1480 3117 1533 οὕτω
3138 1479 3247 1551 γάρ
3279 1478 3428 1531 ἔσται
3459 1477 3590 1547 ἡμῖν
3623 1472 3683 1529 εὖ
3713 1476 3841 1545 κατ’

620 1573 748 1642 quia
790 1572 1027 1642 proprias
1050 1584 1178 1641 opes
1212 1571 1329 1625 tuiti
1376 1571 1661 1637 fuerimus,
1690 1581 1802 1626 tum
1829 1573 1957 1641 quia
1992 1571 2166 1626 Domi-

2267 1573 2571 1643 ἀμφότερα,
2623 1574 2706 1625 ὅτι
2765 1588 2826 1625 τε
2887 1570 3031 1624 σώαν
3090 1570 3431 1640 ὲφυλάξαμεν
3481 1570 3581 1636 τὴν
3629 1566 3841 1620 ἑαυτῶν

623 1677 750 1727 num
804 1671 1072 1727 nostrum,
1116 1653 1486 1717 cum'venerit
1529 1672 1585 1719 et
1633 1664 1929 1732 pulsaverit
1977 1664 2166 1718 anima

2268 1662 2517 1733 ὓπαρξιν,
2560 1664 2654 1716 καὶ
2698 1664 2781 1715 δτι
2817 1664 2908 1716 τὸν
2945 1662 3147 1733 Κύριον
3195 1661 3349 1731 ήμῶν
3395 1661 3691 1713 ἐπιστάντα
3746 1658 3841 1712 καὶ

624 1761 822 1806 nostra
848 1752 1007 1815 fores,
1034 1761 1277 1823 prompte
1301 1752 1650 1819 excipiemus,
1677 1752 1890 1824 copiosa
1921 1751 2164 1823 lampade

2270 1753 2572 1823 κρούσαντα
2602 1753 2701 1821 τῆς
2727 1752 2902 1821 ψυχῆς
2928 1752 3083 1822 ήμῶν
3110 1750 3208 1821 τὴν
3242 1749 3430 1820 θύραν,
3469 1750 3699 1817 ἑτοίμως
3737 1748 3842 1801 ὐπ-

623 1842 893 1909 iustructi,
918 1820 1236 1913 lumbosque
1262 1842 1541 1899 succincti.
1743 1820 1759 1824 ⁷
2031 1820 2047 1823 ’

2268 1820 2595 1912 εδεξάμεθα,
2639 1820 2832 1911 τέολλῴί
2862 1820 3120 1912 Ῠτῷηφωτὶ
3170 1820 3708 1913 παρεσκευασμένοι,
3743 1839 3843 1893 καὶ

2267 1932 2364 1994 τὰς
2388 1931 2591 1999 ὀσφύας
2622 1931 2939 2000 έζωσμένοι.

2266 2017 2411 2075 Εἷπε
2444 2021 2496 2073 δ’
2525 2024 2557 2074 d
2590 2023 2828 2089 Κύριος·
2886 2022 2975 2087 Τίς
3006 2020 3118 2088 ἄρα
3147 2018 3317 2074 ἐστίν
3359 2023 3391 2074 ό
3421 2021 3638 2086 πιστὸς
3689 2022 3843 2075 011w-

2717 2092 2899 2159 νόμος
2931 2090 3029 2143 καὶ
3060 2090 3380 2158 φρόνιμα

2340 2179 2484 2249 Πρὸς
2514 2178 2613 2249 τὴν
2638 2177 2903 2247 ἐρώτησιν
2934 2177 3138 2247 Πέτρου
3178 2177 3528 2247 ἀποκρίνεται
3573 2176 3843 2231 διδάσκων

2271 2266 2535 2336 ἀορίστως
2566 2266 2700 2336 πρὸς
2726 2267 2903 2322 πάντα
2954 2266 3203 2337 είρῆσθαι
3246 2266 3315 2319 τὰ
3338 2266 3658 2336 λελεγμένα.
3700 2267 3844 2321 Ἀλλ’

2267 2359 2450 2414 ἐκεῖνα
2484 2359 2580 2428 μὲν
2611 2358 2822 2429 ιῖρηται
2844 2356 2972 2429 περὶ
3011 2356 3106 2408 τοῦ
3137 2356 3228 2409 διὰ
3260 2357 3457 2420 παντὸς
3482 2357 3844 2429 ἐγρηγορέναι

2265 2449 2447 2502 ἕνεκεν
2478 2450 2576 2520 τῆς
2600 2447 2691 2502 τοῦ
2716 2448 2942 2502 κλέπτω
2981 2446 3224 2517 φυλακῆς
3249 2448 3342 2501 καὶ
3375 2448 3473 2517 τῆς
3507 2447 3671 2501 αὑτοῦ
3697 2463 3846 2518 παρ-

618 2545 857 2591 ventum.
884 2534 1052 2599 Nunc,
1078 2550 1196 2604 qua:
1228 2535 1341 2589 ﬁeri
1371 2535 1510 2588 inter
1548 2535 1867 2601 vigilandum
1897 2543 2164 2603 oporteat,

2267 2541 2445 2604 ουσίας
2463 2558 2476 2572 ο
2504 2541 2555 2593 τί
2587 2540 2645 2593 δὲ
2668 2539 2771 2611 χρὴ
2797 2540 3053 2610 πράττειν
3086 2537 3507 2610 γρηγοροῦντας,
3544 2537 3636 2591 νῦν
3665 2540 3843 2607 ἀναγ-

618 2627 926 2682 necessario
968 2625 1154 2689 addit;
1204 2640 1391 2692 nempe
1435 2625 1679 2678 hortatur
1721 2633 1780 2678 ut
1814 2638 1880 2677 ne
1924 2633 2164 2678 nostram

2272 2630 2439 2692 καίως
2492 2628 2831 2701 προστίθησι,
2879 2627 3157 2698 παραινῶν
3205 2628 3278 2699 μὴ
3318 2627 3380 2679 τὸ
3419 2627 3626 2682 ἑαυτῶν
3680 2628 3845 2697 μόνον

621 2716 1009 2778 tantummodo,
1039 2730 1221 2768 verum
1264 2714 1423 2768 etiam
1465 2713 1692 2767 alienam
1731 2727 1983 2768 curemus
2023 2712 2166 2766 salu-

2270 2720 2513 2778 σκοπεῐν,
2538 2717 2675 2772 άλλά
2704 2717 2796 2770 καὶ
2820 2719 2917 2787 τῆς
2960 2718 3162 2787 ἑτέρων
3212 2717 3483 2787 σωτηρίας
3512 2716 3841 2787 φροντίζειν.

596 2812 751 2864 ‘teui.
778 2804 907 2861 Nam
939 2805 1146 2859 lumbos
1176 2803 1494 2873 prcciugere
1529 2812 1582 2857 et
1623 2802 1917 2871 lampadem
1963 2799 2166 2857 inﬂam-

2267 2809 2341 2862 Τὸ
2395 2809 2491 2877 μὲν
2539 2808 2647 2877 γάρ
2678 2806 2979 2870 άνιζῶσθαι
3010 2807 3106 2869 τὰς
3156 2806 3379 2874 ὀσφύας,
3410 2807 3505 2859 καὶ
3528 2806 3620 2858 τὸν
3651 2806 3845 2877 λύχνον

619 2912 809 2960 mare,
861 2896 1131 2966 propriam
1197 2893 1456 2961 cujusque
1520 2894 1802 2947 utilitatem
1879 2894 2164 2962 signiticat.

2267 2898 2520 2969 ὰνῆφθαι,
2553 2898 2653 2969 τὴν
2685 2897 2847 2951 αὐτοῦ
2886 2915 3030 2961 τινος
3076 2898 3155 2960 είς
3191 2898 3380 2950 ἑαυτὸν
3418 2898 3683 2967 ὠφέλειαν
3718 2900 3846 2970 ἐδήι-

619 2983 869 3043 Scientia
909 2986 1051 3041 enim
1080 2983 1365 3038 luminibus
1390 2992 1601 3052 oportet
1629 2997 1841 3053 semper
1874 2984 2161 3049 illustrari;

2267 2990 2357 3042 λου
2378 3007 2391 3019 ·
2434 2988 2685 3056 γνώσεώς
2717 3005 2774 3040 τε
2824 2988 2932 3059 γάρ
2963 2989 3100 3056 φωτὶ
3140 2988 3228 3041 διὰ
3274 2989 3470 3051 παντὸς
3501 2990 3848 3057 καταυγάζσ-

619 3085 734 3131 tum
761 3079 922 3132 etiam
950 3077 1201 3147 pudicitia
1226 3074 1475 3142 omnique
1497 3074 1693 3129 virtute
1729 3073 1938 3128 lumbos
1968 3074 2166 3131 mentis

2269 3080 2391 3133 σθαι
2421 3081 2735 3147 ἀναγκαῖον,
2772 3080 3091 3149 σωφροσύνῃ
3124 3095 3183 3130 τε
3216 3078 3309 3131 καὶ
3353 3080 3502 3150 πάσῃ
3546 3081 3714 3152 ἀρετῇ
3746 3081 3844 3134 τοῦ

622 3168 986 3237 pracingere;
1040 3167 1270 3235 itemque
1318 3173 1577 3233 perpetuo
1625 3164 1846 3235 vigilare
1894 3164 2166 3233 furemque

2271 3168 2531 3240 λογισμοῦ
2561 3170 2656 3240 τὴν
2679 3170 2847 3236 ὀσφὺν
2878 3167 3259 3239 περιεζῶσθαι,
3290 3168 3646 3241 έγρηγορέναι
3670 3189 3729 3224 τι
3750 3172 3844 3227 διὰ

620 3270 830 3321 cavere,
872 3271 939 3311 ne
977 3255 1113 3310 clam
1142 3253 1355 3308 ell‘ediat
1388 3253 1582 3308 mentis
1612 3255 1883 3320 aerarium,
1922 3264 1978 3309 et
2019 3269 2166 3308 acer-

2267 3260 2466 3323 παντὸς
2486 3260 2577 3313 καὶ
2605 3260 2695 3311 τὸν
2727 3260 2964 3327 κλέπτην
2985 3257 3379 3325 διαφυλάττειν,
3417 3258 3493 3329 μὴ
3540 3259 3731 3314 λαθὼν
3757 3260 3840 3314 δι-

623 3358 772 3402 vatas
814 3347 887 3402 ibi
932 3360 1062 3415 opes
1101 3344 1357 3413 diripiat:
1389 3354 1645 3414 praeterea
1693 3346 1977 3397 Dominum
2022 3344 2166 3399 omni

2269 3351 2482 3421 ορύξειε
2510 3352 2571 3404 τὸ
2597 3352 2695 3420 τῆς
2720 3350 2895 3419 ψυχῆς
2922 3354 3161 3422 ταμεῖον,
3199 3352 3555 3421 ἀποσυλήσειέ
3579 3369 3639 3405 τε
3684 3353 3753 3406 τὰ
3784 3355 3846 3407 ἐν

620 3426 744 3491 vitae
795 3446 1029 3504 tempore
1075 3434 1396 3505 praestolari.
1451 3431 1557 3487 Sed
1609 3432 1853 3486 illatenus
1914 3446 2020 3485 non
2090 3440 2166 3485 est

2268 3440 2415 3510 αύτῷ
2440 3440 2776 3509 συνηγμένα·
2808 3442 2884 3493 ἐτι
2916 3458 2979 3508 γε
3010 3442 3108 3511 μὲν
3153 3443 3245 3495 καὶ
3273 3443 3364 3496 τὸν
3407 3442 3599 3497 ἑαυτοῦ
3637 3444 3848 3516 Κύριον

621 3525 1015 3583 subsistendum
1045 3543 1057 3579 :
1097 3540 1217 3579 nam
1245 3539 1342 3579 ceu
1392 3524 1583 3594 pignus
1618 3522 1907 3589 quoddam,
1952 3535 2166 3576 conser-

2270 3532 2447 3586 πάντα
2483 3532 2573 3585 τὸν
2612 3534 2711 3601 τῆς
2756 3530 2900 3601 ζωῆς
2943 3534 3130 3604 χρόνον
3178 3533 3512 3605 ἐκδέχεσθαι.
3556 3534 3715 3588 ’Δλλά
3768 3536 3846 3605 μὴ

622 3635 809 3677 verum
843 3632 1027 3672 curam
1074 3630 1103 3668 a
1151 3614 1376 3669 Domino
1420 3626 1607 3667 nostro
1648 3612 1988 3681 accipientes,
2032 3625 2166 3679 prai-

2280 3621 2437 3690 μέχρι
2472 3621 2675 3674 τούτων
2706 3622 2923 3675 ἑστάναι
2944 3640 2957 3654 ·
2992 3623 3319 3695 παραθήκην
3348 3624 3394 3676 δ’
3434 3624 3621 3696 ῶσπερ
3652 3626 3846 3679 {madv

622 3722 769 3766 stare
802 3708 959 3763 iidem
984 3714 1209 3774 oportet,
1232 3713 1286 3758 et
1322 3705 1401 3758 sic
1434 3702 1616 3757 lldeles
1638 3718 1702 3756 ac
1732 3704 2021 3770 prudentes
2046 3716 2166 3757 eva-

2271 3710 2535 3779 ξαμένους
2568 3710 2720 3782 παρὰ
2750 3711 2843 3763 τοῦ
2879 3712 3083 3765 ἑαυτῶν
3114 3714 3384 3767 Δεσπότου
3434 3714 3532 3785 τὴν
3576 3715 3685 3769 τῶν
3719 3732 3847 3769 συν-

619 3802 787 3866 dere;
831 3816 899 3854 ne
948 3812 1180 3867 unquam
1224 3797 1611 3865 intempestive,
1659 3796 1755 3849 sed
1795 3794 1986 3849 idoneo
2033 3803 2166 3848 tem-

2269 3800 2469 3853 δούλων
2497 3800 2651 3870 ἡμῶν
2678 3800 3017 3869 κηδεμονίαν,
3044 3803 3331 3870 φυλάττειν
3360 3804 3457 3875 την
3476 3804 3657 3858 πίστιν
3676 3822 3847 3877 προσ-

624 3911 790 3966 pore,
838 3896 1114 3951 conservis
1164 3894 1361 3948 nostris
1426 3890 1733 3944 alimoniam
1785 3888 2166 3958 prabeamus:

2273 3894 2417 3961 ήκει,
2460 3891 2601 3944 οὕτω
2645 3908 2703 3943 τε
2744 3894 2966 3956 πιστοὺς
3015 3894 3265 3961 γενέσθαι
3297 3898 3392 3948 καὶ
3448 3896 3738 3967 φρονίμους

625 4004 799 4056 neque
833 3990 969 4041 hanc
999 3986 1327 4054 negligenter
1350 3994 1440 4039 aut
1467 3998 1608 4047 sero,
1640 3995 1761 4035 cum
1797 3994 1882 4033 res
1908 3974 2166 4044 postulat;

2276 3985 2483 4053 μήποτε
2517 3984 2778 4053 ἀκαίρως,
2802 3984 2961 4037 ἀεὶδὲ
2992 3986 3069 4055 τῷ
3122 3988 3448 4057 προσήκοντι
3507 3982 3704 4057 καιρῷ,
3731 3992 3849 4052 τοῖς

629 4094 804 4150 neque
837 4092 1024 4134 rursus
1069 4076 1354 4148 immodice
1398 4076 1484 4129 ubi
1533 4064 1634 4127 non
1681 4079 1762 4125 est
1794 4082 1949 4137 opus.
1994 4065 2086 4120 sed
2120 4073 2166 4118 el

2275 4070 2557 4143 ἡμετέροις
2585 4073 2882 4136 συνδούλοις
2926 4076 2987 4127 τὸ
3021 4078 3324 4147 σιτηρέσιον
3378 4076 3671 4145 διανέμειν,
3707 4081 3848 4149 μήτε

624 4186 721 4225 suo
752 4178 991 4237 tempore
1014 4176 1070 4220 et
1103 4180 1206 4219 non
1235 4164 1351 4218 sine
1380 4161 1612 4216 modulo.
1640 4156 1696 4213 id
1729 4171 1858 4211 vero
1889 4153 2166 4222 dupliciter

2274 4160 2627 4232 παρορῶντας
2670 4162 2762 4214 καὶ⁵
2810 4164 3281 4235 ύπερτιθεμένους,
3316 4166 3403 4217 ὅτε
3450 4165 3550 4227 δεῖ,
3596 4167 3723 4235 μήτ’
3781 4168 3845 4219 ού

624 4258 925 4316 faciendum
958 4264 1067 4319 est,
1114 4268 1305 4315 nempe
1347 4262 1403 4306 et
1443 4248 1689 4304 rationali
1726 4246 2017 4314 juvamiue,
2046 4243 2166 4297 dum

2275 4252 2543 4321 δεομένοις
2569 4252 2898 4322 παρέχοντας
2929 4254 3193 4324 ἀκαίρως,
3220 4254 3359 4307 ἀλλὰ
3406 4255 3497 4307 καὶ
3546 4256 3724 4326 καιρῷ
3765 4256 3848 4326 τῷ

624 4365 809 4406 eorum
853 4347 1062 4400 animas
1100 4344 1362 4400 doctrina:
1406 4338 1598 4411 pabulo
1626 4337 1871 4396 meliores
1912 4334 2166 4397 facimus;

2277 4344 2624 4413 προσήκοντι,
2661 4344 2754 4395 καὶ
2781 4342 2853 4413 μὴ
2880 4344 3130 4415 ἀμέτρως
3154 4344 3309 4398 τοῦτο
3340 4349 3541 4399 ποιεῖν·
3588 4346 3741 4402 τοῦτο
3784 4348 3846 4401 δὲ

625 4450 682 4496 et
737 4437 996 4493 materiali
1041 4436 1200 4491 etiam
1243 4447 1378 4501 ope,
1418 4445 1545 4497 erga
1610 4442 1703 4483 eos
1765 4428 1854 4495 qui
1914 4424 2166 4491 ejusmodi

2279 4432 2531 4500 πράττειν
2558 4430 2694 4483 κατὰ
2724 4431 2816 4483 δύο
2844 4432 3094 4501 τρόπους,
3125 4432 3213 4485 διά
3245 4450 3302 4485 τε
3344 4434 3442 4503 τῆς
3478 4433 3849 4506 λογικωτέρας

627 4530 865 4587 subsidio
899 4535 1076 4596 egent.
1123 4528 1299 4593 Atque
1348 4522 1481 4585 haec,
1518 4522 1755 4587 inquam,
1783 4518 1960 4572 omnia
2006 4515 2166 4571 conti-

2280 4523 2541 4588 ὡφελείας
2566 4522 2662 4584 τὰς
2685 4522 2860 4590 ψυχὰς
2887 4522 3065 4574 αὐτῶν
3086 4523 3422 4591 βελτιοῦντας
3452 4529 3570 4589 ταῖς
3608 4526 3697 4580 διὰ
3735 4527 3849 4580 τῶν

627 4633 817 4679 nenter
859 4618 1093 4674 curanda
1124 4623 1281 4679 sunt,
1325 4624 1385 4667 ut
1423 4611 1467 4665 si
1517 4608 1657 4663 forte
1703 4607 1954 4661 Dominus
1995 4615 2166 4659 noster

2289 4611 2621 4681 μαθημάτων
2645 4614 2888 4682 τροφαῖς,
2915 4610 3001 4664 διά
3033 4630 3093 4663 τε
3117 4612 3216 4681 τῆς
3234 4614 3340 4667 τῶν
3370 4613 3639 4684 αίσθητῶν
3678 4616 3852 4687 ὑπαρ-

628 4716 805 4770 subito
840 4714 1142 4767 adventans
1185 4707 1485 4775 demigrare
1528 4715 1709 4756 secum
1741 4713 1839 4754 nos
1880 4698 2085 4767 jubeat,
2120 4695 2166 4749 iu

2281 4699 2480 4766 χόντων
2510 4694 2642 4766 πρὸς
2670 4701 2793 4761 τοὺς
2826 4697 3021 4758 ἐνδεεῖς
3060 4698 3402 4768 ἐπικουρίας·
3438 4699 3609 4753 ταῦτα
3650 4700 3707 4752 δὲ
3756 4701 3850 4758 διὰ

625 4803 895 4872 praedictis
943 4808 1220 4855 versantes
1266 4812 1362 4851 nos
1412 4790 1814 4862 deprehendat,
1870 4798 2166 4855 sortemque

2283 4788 2475 4848 παντὸς
2505 4788 2765 4855 ἐνεργεῖν,
2803 4786 2907 4848 ἵνα,
2940 4787 3139 4838 εἴποτε
3172 4786 3379 4857 ἀθρόως
3408 4788 3631 4851 ἐπιστὰς
3669 4789 3700 4839 ὁ
3732 4790 3856 4841 Κύ-

628 4903 773 4950 rccte
802 4892 974 4963 agenti
1005 4890 1201 4944 tribuat
1230 4888 1406 4956 priore
1438 4884 1601 4937 multo
1635 4880 1909 4947 majorem.
1936 4877 2166 4944 Namque

2288 4894 2396 4945 ριος
2422 4877 2573 4947 ἡμῶν
2600 4878 2696 4946 τὴν
2722 4876 3031 4947 παράληψιν
3061 4882 3091 4945 ἡ
3101 4877 3213 4946 μῶν
3232 4881 3451 4941 ποιοῖτο,
3476 4878 3654 4948 εὑρεῖν
3671 4878 3851 4933 ταῦτα

627 4987 697 5039 ub
720 4984 929 5052 vigilias
954 4983 1141 5050 suique
1169 4979 1427 5033 adventus
1451 4972 1895 5041 exspectationem
1924 4967 2166 5036 spondet,

2282 4967 2608 5033 πράττοντας
2642 4964 2807 5034 ἡμᾶς,
2837 4966 3161 5033 ἐπαγγελίαν
3186 4983 3242 5018 τε
3270 4967 3345 5035 τῷ
3371 4968 3462 5019 καὶ
3492 4966 3662 5019 ταῦτα
3697 4985 3837 5020 κατ-

628 5077 736 5131 illis
764 5072 1237 5134 discumbentibus,
1264 5069 1593 5123 succinctum
1624 5076 1681 5116 se
1711 5060 2133 5114 ministratnrum
2156 5072 2166 5107 :

2279 5054 2517 5122 (ιρθοῦντι
2558 5053 2649 5105 τοῦ
2698 5056 2956 5125 προτέρου
2997 5055 3420 5109 πολλαπλασίονα
3452 5056 3680 5107 δίδωσιν.
3725 5058 3859 5114 Ἐπὶ

627 5171 700 5224 οι)
727 5166 933 5222 ﬁdelem
966 5178 1091 5218 vero
1120 5176 1181 5215 ac
1213 5160 1524 5229 prudentem
1561 5152 1931 5206 villicationem
1974 5157 2166 5213 tempe-

2285 5148 2379 5211 μέν
2412 5148 2517 5215 γάρ
2540 5145 2614 5213 τῷ
2651 5146 3027 5215 ἐγρηγορέναι,
3078 5148 3169 5198 κα)⁵
3195 5146 3289 5215 τὴν
3322 5147 3485 5199 αὑτοῦ
3523 5147 3611 5199 διὰ
3647 5164 3856 5218 παπ-ος

630 5262 935 5326 stivamque
980 5253 1215 5307 demensi
1246 5248 1699 5307 distributionem,
1744 5242 1864 5310 quia
1897 5240 2008 5292 vult
2048 5239 2166 5291 bea-

2285 5238 2593 5304 ττεριμὲνειν
2653 5236 2973 5305 παρουσίαν,
3026 5237 3329 5288 ἀνακλίνειν
3380 5240 3716 5307 ἐπήγγελται
3756 5248 3856 5297 καὶ

635 5352 868 5405 tissimus
904 5347 1198 5408 declarare,
1229 5356 1330 5395 non
1362 5339 1517 5393 alicui
1550 5337 1684 5405 parti
1713 5335 1803 5387 sed
1836 5332 2166 5385 facultatibus

2283 5326 2592 5395 διακονῆσαι
2628 5326 2786 5388 αὐτὸς
2812 5326 3249 5396 περιζωσάμενος
3274 5344 3287 5356 ο
3333 5330 3424 5379 ἐπὶ
3465 5328 3523 5383 δὲ
3574 5336 3636 5402 τῇ
3681 5339 3851 5407 πιστῇ

634 5435 894 5488 universis
924 5448 981 5487 se
1019 5430 1389 5499 praefecturum
1422 5425 1636 5479 felicem
1677 5422 1821 5474 illum
1844 5427 2166 5474 sacramentc

2284 5420 2374 5474 καὶ
2404 5420 2624 5489 ἔμφρονι
2650 5419 2924 5487 οἰκονομίᾳ
2946 5420 3115 5487 καὶτῇ
3150 5418 3288 5470 κατὰ
3318 5420 3510 5491 καιρὸν
3538 5424 3854 5495 διανεμήσει

668 2022 753 2075 Ait
788 2019 1075 2075 Dominus:
1108 2016 1486 2143 animi;
1506 2018 1674 2086 ﬁdelia
1721 2017 1923 2074 villicus
1962 2028 2009 2073 et
2042 2034 2167 2089 pru-

1349 2104 1437 2143 ειη

686 2178 851 2235 Petro
882 2180 1087 2250 roganti
1118 2179 1199 2234 sic
1239 2177 1547 2247 respondet.
1578 2186 1638 2233 ut
1671 2178 1866 2233 doceat
1910 2191 1969 2232 se
2016 2177 2169 2233 inde-

620 2269 768 2325 ﬁnite
811 2270 1084 2325 universos
1116 2268 1400 2323 allocutum
1432 2266 1616 2322 fuisse.
1664 2266 2042 2323 Verumtamen
2074 2282 2166 2322 suo

621 2359 829 2428 periura
858 2358 943 2412 illa
970 2359 1110 2414 dicta
1141 2358 1375 2421 fuerunt,
1402 2367 1458 2411 ut
1485 2366 1795 2413 constanter
1820 2358 2164 2427 vigilaremus

619 2457 836 2516 propter
886 2447 1055 2501 furem
1101 2447 1393 2503 cavendum
1439 2456 1493 2499 et
1540 2455 1757 2515 propter
1804 2445 2016 2501 Domini
2061 2448 2160 2502 ad-

548 5572 549 5575 η
630 5552 678 5583 ⁹⁹
720 5551 873 5603 Prov.
904 5565 973 5615 tv,
1000 5550 1091 5602 ‘23.
1166 5550 1182 5579 ⁸
1221 5547 1346 5601 CAP.
1377 5562 1474 5607 xu,
1506 5544 1593 5596 Ω.

705 5643 817 5709 (60)
857 5642 1118 5696 Notabilis
1152 5642 1387 5695 uloctriua
1430 5638 1669 5698 Eusebii.
1701 5636 2067 5709 antiquissimi
2087 5651 2178 5687 au-
2288 5635 2479 5709 ubique
2510 5633 2804 5709 cernimus;
2834 5631 3081 5709 Ecclesia:
3127 5630 3397 5707 hodierna:
3442 5636 3717 5693 εαιιιυιίοω
3763 5636 3828 5693 δα

635 5702 821 5781 cteris,
846 5714 914 5769 de
944 5712 1247 5781 angelorum
1302 5724 1427 5777 erga
1478 5709 1714 5763 hUIlllllt‘S
1750 5702 1899 5761 cura.
1943 5705 2188 5760 Profecto
2295 5706 2523 5759 ctrinam
2552 5704 2740 5771 prmi:
2773 5702 3018 5757 I'ttlflllllb'
3048 5704 3305 5760 innixam.
