  <div class='ocr_page' id='page_1' title='image "/cluster/home/n/w/nwhite01/storage/ocr_20150623/24/ien.35556001660497/294.png"; bbox 0 0 4062 6410; ppageno 0'>
   <div class='ocr_carea' id='block_1_1' title="bbox 282 298 3517 382">
    <p class='ocr_par' dir='ltr' id='par_1_1' title="bbox 282 298 3517 382">
     <span class='ocr_line' id='line_1_1' title="bbox 282 298 3517 382; baseline -0.008 0"><span class='ocrx_word' id='word_1_1' title='bbox 282 322 397 382; x_wconf 69' lang='grc'><strong>5⁸5</strong></span> <span class='ocrx_word' id='word_1_2' title='bbox 1443 315 1636 374; x_wconf 73' lang='lat' dir='ltr'><strong>COMM</strong></span> <span class='ocrx_word' id='word_1_3' title='bbox 1646 314 1949 371; x_wconf 73' lang='lat' dir='ltr'><strong>ENTARIA</strong></span> <span class='ocrx_word' id='word_1_4' title='bbox 1981 312 2050 369; x_wconf 80' lang='lat' dir='ltr'><strong>IN</strong></span> <span class='ocrx_word' id='word_1_5' title='bbox 2089 311 2324 369; x_wconf 72' lang='lat' dir='ltr'><strong>LUCAM</strong></span> <span class='ocrx_word' id='word_1_6' title='bbox 2333 354 2345 365; x_wconf 95' lang='lat'><strong>.</strong></span> <span class='ocrx_word' id='word_1_7' title='bbox 3410 298 3517 356; x_wconf 73' lang='lat'><strong>566</strong></span> 
     </span>
    </p>
   </div>
   <div class='ocr_carea' id='block_1_2' title="bbox 277 417 1836 509">
    <p class='ocr_par' dir='ltr' id='par_1_2' title="bbox 277 434 1836 509">
     <span class='ocr_line' id='line_1_2' title="bbox 277 434 1836 509; baseline -0.002 -18"><span class='ocrx_word' id='word_1_8' title='bbox 277 437 384 509; x_wconf 85' lang='grc' dir='ltr'>τῆς</span> <span class='ocrx_word' id='word_1_9' title='bbox 407 438 634 509; x_wconf 52' lang='lat' dir='ltr'><strong>weeping,</strong></span> <span class='ocrx_word' id='word_1_10' title='bbox 667 436 1097 509; x_wconf 73' lang='grc' dir='ltr'>τρεσμακαρίους</span> <span class='ocrx_word' id='word_1_11' title='bbox 1125 435 1340 507; x_wconf 81' lang='grc' dir='ltr'>ἀληθῶς</span> <span class='ocrx_word' id='word_1_12' title='bbox 1366 434 1703 502; x_wconf 87' lang='grc' dir='ltr'>ἀποφαίνων,</span> <span class='ocrx_word' id='word_1_13' title='bbox 1757 436 1836 488; x_wconf 73' lang='lat' dir='ltr'><strong>ob:</strong></span> 
     </span>
    </p>
   </div>
   <div class='ocr_carea' id='block_1_3' title="bbox 1932 417 3512 509">
    <p class='ocr_par' dir='ltr' id='par_1_3' title="bbox 1932 417 3512 509">
     <span class='ocr_line' id='line_1_3' title="bbox 1932 417 3512 509; baseline -0.01 -22"><span class='ocrx_word' id='word_1_14' title='bbox 1932 432 2264 507; x_wconf 59' lang='lat' dir='ltr'><strong>confirmat.</strong></span> <span class='ocrx_word' id='word_1_15' title='bbox 2318 428 2451 485; x_wconf 78' lang='lat' dir='ltr'><strong>Hinc</strong></span> <span class='ocrx_word' id='word_1_16' title='bbox 2496 428 2660 483; x_wconf 85' lang='lat' dir='ltr'><strong>etiam</strong></span> <span class='ocrx_word' id='word_1_17' title='bbox 2712 424 2955 481; x_wconf 87' lang='lat' dir='ltr'><strong>eruditus</strong></span> <span class='ocrx_word' id='word_1_18' title='bbox 3002 420 3162 477; x_wconf 83' lang='lat' dir='ltr'><strong>divus</strong></span> <span class='ocrx_word' id='word_1_19' title='bbox 3200 417 3512 509; x_wconf 77' lang='lat' dir='ltr'><strong>Apostolus.</strong></span> 
     </span>
    </p>
   </div>
   <div class='ocr_carea' id='block_1_4' title="bbox 276 507 1836 609">
    <p class='ocr_par' dir='ltr' id='par_1_4' title="bbox 276 507 1836 599">
     <span class='ocr_line' id='line_1_4' title="bbox 276 507 1836 599; baseline -0.002 -19"><span class='ocrx_word' id='word_1_20' title='bbox 276 507 376 581; x_wconf 67' lang='lat' dir='ltr'><strong>hri</strong></span> <span class='ocrx_word' id='word_1_21' title='bbox 488 507 671 599; x_wconf 72' lang='grc' dir='ltr'>μέρος,</span> <span class='ocrx_word' id='word_1_22' title='bbox 694 507 808 581; x_wconf 56' lang='grc' dir='ltr'>ἀλλ⁴</span> <span class='ocrx_word' id='word_1_23' title='bbox 840 528 933 580; x_wconf 68' lang='grc' dir='ltr'><strong>ἰπὶ</strong></span> <span class='ocrx_word' id='word_1_24' title='bbox 952 507 1173 581; x_wconf 82' lang='grc' dir='ltr'>πάντων</span> <span class='ocrx_word' id='word_1_25' title='bbox 1204 526 1313 579; x_wconf 84' lang='grc' dir='ltr'><strong>τῶν</strong></span> <span class='ocrx_word' id='word_1_26' title='bbox 1364 526 1716 599; x_wconf 80' lang='grc' dir='ltr'><strong>ὑπαρχόντων</strong></span> <span class='ocrx_word' id='word_1_27' title='bbox 1748 542 1836 577; x_wconf 89' lang='grc' dir='ltr'>κα-</span> 
     </span>
    </p>
   </div>
   <div class='ocr_carea' id='block_1_5' title="bbox 1932 507 3517 609">
    <p class='ocr_par' dir='ltr' id='par_1_5' title="bbox 1954 507 3517 609">
     <span class='ocr_line' id='line_1_5' title="bbox 1954 507 3517 609; baseline -0.012 -32"><span class='ocrx_word' id='word_1_28' title='bbox 1954 521 2223 593; x_wconf 88' lang='lat' dir='ltr'><strong>perfectos</strong></span> <span class='ocrx_word' id='word_1_29' title='bbox 2248 518 2544 576; x_wconf 88' lang='lat' dir='ltr'><strong>secundum</strong></span> <span class='ocrx_word' id='word_1_30' title='bbox 2584 516 2776 580; x_wconf 89' lang='lat' dir='ltr'><strong>Deum,</strong></span> <span class='ocrx_word' id='word_1_31' title='bbox 2807 514 3037 569; x_wconf 74' lang='lat' dir='ltr'><strong>hwredes</strong></span> <span class='ocrx_word' id='word_1_32' title='bbox 3070 507 3517 609; x_wconf 39' lang='lat' dir='ltr'><strong>Dci,~Cltriatiq.tte</strong></span> 
     </span>
    </p>
   </div>
   <div class='ocr_carea' id='block_1_6' title="bbox 274 599 1836 690">
    <p class='ocr_par' dir='ltr' id='par_1_6' title="bbox 274 614 1836 690">
     <span class='ocr_line' id='line_1_6' title="bbox 274 614 1836 690; baseline -0.001 -20"><span class='ocrx_word' id='word_1_33' title='bbox 274 619 573 689; x_wconf 80' lang='grc' dir='ltr'>ταστήσειν</span> <span class='ocrx_word' id='word_1_34' title='bbox 603 619 695 671; x_wconf 81' lang='grc' dir='ltr'>τὸν</span> <span class='ocrx_word' id='word_1_35' title='bbox 740 616 1174 690; x_wconf 78' lang='grc' dir='ltr'><strong>μακαριζόμενον</strong></span> <span class='ocrx_word' id='word_1_36' title='bbox 1220 617 1357 689; x_wconf 88' lang='grc' dir='ltr'><strong>μετά</strong></span> <span class='ocrx_word' id='word_1_37' title='bbox 1398 616 1715 690; x_wconf 80' lang='grc' dir='ltr'>προσθήκης</span> <span class='ocrx_word' id='word_1_38' title='bbox 1754 614 1836 669; x_wconf 81' lang='grc' dir='ltr'>τοί</span> 
     </span>
    </p>
   </div>
   <div class='ocr_carea' id='block_1_7' title="bbox 1932 599 3516 690">
    <p class='ocr_par' dir='ltr' id='par_1_7' title="bbox 1950 599 3516 677">
     <span class='ocr_line' id='line_1_7' title="bbox 1950 599 3516 677; baseline -0.011 -8"><span class='ocrx_word' id='word_1_39' title='bbox 1950 612 2273 677; x_wconf 74' lang='grc' dir='ltr'>εοΙιωι-εάεε,</span> <span class='ocrx_word' id='word_1_40' title='bbox 2324 611 2555 666; x_wconf 84' lang='lat' dir='ltr'><strong>vocabat</strong></span> <span class='ocrx_word' id='word_1_41' title='bbox 2578 611 2637 675; x_wconf 77' lang='grc'>³,</span> <span class='ocrx_word' id='word_1_42' title='bbox 2681 606 2971 674; x_wconf 88' lang='lat' dir='ltr'><strong>aiebatque</strong></span> <span class='ocrx_word' id='word_1_43' title='bbox 3010 619 3027 659; x_wconf 90' lang='lat'><strong>:</strong></span> <span class='ocrx_word' id='word_1_44' title='bbox 3060 599 3322 659; x_wconf 57' lang='grc' dir='ltr'><strong>εἰωθυῖα</strong></span> <span class='ocrx_word' id='word_1_45' title='bbox 3345 639 3360 663; x_wconf 93' lang='grc'><strong>,</strong></span> <span class='ocrx_word' id='word_1_46' title='bbox 3407 599 3516 653; x_wconf 72' lang='lat' dir='ltr'><strong>sive</strong></span> 
     </span>
    </p>
   </div>
   <div class='ocr_carea' id='block_1_8' title="bbox 274 690 1836 789">
    <p class='ocr_par' dir='ltr' id='par_1_8' title="bbox 274 706 1836 781">
     <span class='ocr_line' id='line_1_8' title="bbox 274 706 1836 781; baseline -0.001 -21"><span class='ocrx_word' id='word_1_47' title='bbox 274 708 427 779; x_wconf 75' lang='grc' dir='ltr'>ἀμὴν</span> <span class='ocrx_word' id='word_1_48' title='bbox 484 708 837 762; x_wconf 64' lang='grc' dir='ltr'>ὀπιστώσατο.</span> <span class='ocrx_word' id='word_1_49' title='bbox 871 709 1062 762; x_wconf 81' lang='grc' dir='ltr'>Ἔνθεν</span> <span class='ocrx_word' id='word_1_50' title='bbox 1116 710 1209 763; x_wconf 78' lang='grc' dir='ltr'>καὶ</span> <span class='ocrx_word' id='word_1_51' title='bbox 1253 711 1283 762; x_wconf 92' lang='grc' dir='ltr'><strong>ὀ</strong></span> <span class='ocrx_word' id='word_1_52' title='bbox 1338 710 1480 781; x_wconf 79' lang='grc' dir='ltr'>ἱερὸς</span> <span class='ocrx_word' id='word_1_53' title='bbox 1522 706 1836 770; x_wconf 82' lang='grc' dir='ltr'>Ἀπόστολος</span> 
     </span>
    </p>
   </div>
   <div class='ocr_carea' id='block_1_9' title="bbox 1932 690 3515 789">
    <p class='ocr_par' dir='ltr' id='par_1_9' title="bbox 1952 690 3515 789">
     <span class='ocr_line' id='line_1_9' title="bbox 1952 690 3515 789; baseline -0.011 -32"><span class='ocrx_word' id='word_1_54' title='bbox 1952 719 2121 767; x_wconf 82' lang='lat' dir='ltr'><strong>mou,</strong></span> <span class='ocrx_word' id='word_1_55' title='bbox 2167 703 2276 756; x_wconf 77' lang='lat' dir='ltr'><strong>sive</strong></span> <span class='ocrx_word' id='word_1_56' title='bbox 2323 699 2638 770; x_wconf 64' lang='lat' dir='ltr'><strong>pauentia,</strong></span> <span class='ocrx_word' id='word_1_57' title='bbox 2681 697 2787 752; x_wconf 74' lang='lat' dir='ltr'><strong>sive</strong></span> <span class='ocrx_word' id='word_1_58' title='bbox 2836 695 3052 764; x_wconf 74' lang='lat' dir='ltr'><strong>latura,</strong></span> <span class='ocrx_word' id='word_1_59' title='bbox 3096 690 3281 746; x_wconf 80' lang='lat' dir='ltr'><strong>omnia</strong></span> <span class='ocrx_word' id='word_1_60' title='bbox 3328 697 3515 789; x_wconf 70' lang='lat' dir='ltr'><strong>nostra</strong></span> 
     </span>
    </p>
   </div>
   <div class='ocr_carea' id='block_1_10' title="bbox 273 782 1836 868">
    <p class='ocr_par' dir='ltr' id='par_1_10' title="bbox 273 798 1836 868">
     <span class='ocr_line' id='line_1_10' title="bbox 273 798 1836 868; baseline 0.001 -18"><span class='ocrx_word' id='word_1_61' title='bbox 273 798 645 868; x_wconf 65' lang='grc' dir='ltr'>ὠφελημένος,</span> <span class='ocrx_word' id='word_1_62' title='bbox 684 801 810 863; x_wconf 84' lang='grc' dir='ltr'>τοὺς</span> <span class='ocrx_word' id='word_1_63' title='bbox 842 802 980 854; x_wconf 82' lang='grc' dir='ltr'><strong>κατά</strong></span> <span class='ocrx_word' id='word_1_64' title='bbox 1011 800 1142 853; x_wconf 86' lang='grc' dir='ltr'>Θεὸν</span> <span class='ocrx_word' id='word_1_65' title='bbox 1164 800 1399 863; x_wconf 83' lang='grc' dir='ltr'><strong>τελείους</strong></span> <span class='ocrx_word' id='word_1_66' title='bbox 1432 801 1836 868; x_wconf 71' lang='grc' dir='ltr'><strong>κληρονόμους</strong></span> 
     </span>
    </p>
   </div>
   <div class='ocr_carea' id='block_1_11' title="bbox 1932 782 3514 868">
    <p class='ocr_par' dir='ltr' id='par_1_11' title="bbox 1950 782 3514 862">
     <span class='ocr_line' id='line_1_11' title="bbox 1950 782 3514 862; baseline -0.013 -13"><span class='ocrx_word' id='word_1_67' title='bbox 1950 807 2074 849; x_wconf 88' lang='lat' dir='ltr'><strong>esse</strong></span> <span class='ocrx_word' id='word_1_68' title='bbox 2106 792 2148 846; x_wconf 85' lang='grc'>³.</span> <span class='ocrx_word' id='word_1_69' title='bbox 2204 790 2348 862; x_wconf 90' lang='lat' dir='ltr'><strong>Opes</strong></span> <span class='ocrx_word' id='word_1_70' title='bbox 2395 800 2574 845; x_wconf 87' lang='lat' dir='ltr'><strong>autem</strong></span> <span class='ocrx_word' id='word_1_71' title='bbox 2621 788 2766 842; x_wconf 89' lang='lat' dir='ltr'><strong>illius</strong></span> <span class='ocrx_word' id='word_1_72' title='bbox 2813 782 3154 856; x_wconf 84' lang='lat' dir='ltr'><strong>intelligenda</strong></span> <span class='ocrx_word' id='word_1_73' title='bbox 3189 786 3315 837; x_wconf 88' lang='lat' dir='ltr'><strong>sunt</strong></span> <span class='ocrx_word' id='word_1_74' title='bbox 3365 782 3514 848; x_wconf 84' lang='lat' dir='ltr'><strong>regni</strong></span> 
     </span>
    </p>
   </div>
   <div class='ocr_carea' id='block_1_12' title="bbox 275 875 1836 960">
    <p class='ocr_par' dir='ltr' id='par_1_12' title="bbox 275 887 1836 960">
     <span class='ocr_line' id='line_1_12' title="bbox 275 887 1836 960; baseline -0.002 -17"><span class='ocrx_word' id='word_1_75' title='bbox 275 890 430 944; x_wconf 74' lang='grc' dir='ltr'>Θεοῦ</span> <span class='ocrx_word' id='word_1_76' title='bbox 456 887 553 944; x_wconf 68' lang='grc' dir='ltr'><strong>καί</strong></span> <span class='ocrx_word' id='word_1_77' title='bbox 583 892 1107 960; x_wconf 72' lang='grc' dir='ltr'>Τυγκληρονόμους</span> <span class='ocrx_word' id='word_1_78' title='bbox 1132 891 1385 959; x_wconf 83' lang='grc' dir='ltr'><strong>Χριστοῦ</strong></span> <span class='ocrx_word' id='word_1_79' title='bbox 1403 890 1605 952; x_wconf 75' lang='grc' dir='ltr'>ἐκάλει,</span> <span class='ocrx_word' id='word_1_80' title='bbox 1622 890 1715 944; x_wconf 66' lang='grc' dir='ltr'>καὶ</span> <span class='ocrx_word' id='word_1_81' title='bbox 1732 888 1836 941; x_wconf 74' lang='grc' dir='ltr'>ελε-</span> 
     </span>
    </p>
   </div>
   <div class='ocr_carea' id='block_1_13' title="bbox 1932 875 2798 960">
    <p class='ocr_par' dir='ltr' id='par_1_13' title="bbox 1946 875 2798 953">
     <span class='ocr_line' id='line_1_13' title="bbox 1946 875 2798 953; baseline -0.011 -14"><span class='ocrx_word' id='word_1_82' title='bbox 1946 883 2109 950; x_wconf 86' lang='lat' dir='ltr'><strong>bona,</strong></span> <span class='ocrx_word' id='word_1_83' title='bbox 2139 895 2259 953; x_wconf 65' lang='lat' dir='ltr'><strong>qua</strong></span> <span class='ocrx_word' id='word_1_84' title='bbox 2284 880 2476 936; x_wconf 86' lang='lat' dir='ltr'><strong>oculus</strong></span> <span class='ocrx_word' id='word_1_85' title='bbox 2505 894 2612 933; x_wconf 90' lang='lat' dir='ltr'><strong>non</strong></span> <span class='ocrx_word' id='word_1_86' title='bbox 2641 875 2798 931; x_wconf 83' lang='lat' dir='ltr'><strong>vidit.</strong></span> 
     </span>
    </p>
   </div>
   <div class='ocr_carea' id='block_1_14' title="bbox 272 959 3514 1049">
    <p class='ocr_par' dir='ltr' id='par_1_14' title="bbox 272 959 3514 1049">
     <span class='ocr_line' id='line_1_14' title="bbox 272 959 3514 1049; baseline -0.007 -15"><span class='ocrx_word' id='word_1_87' title='bbox 272 997 392 1049; x_wconf 74' lang='grc' dir='ltr'>γενο</span> <span class='ocrx_word' id='word_1_88' title='bbox 418 983 556 1035; x_wconf 77' lang='grc' dir='ltr'>Ετιιε</span> <span class='ocrx_word' id='word_1_89' title='bbox 593 959 724 1049; x_wconf 58' lang='grc' dir='ltr'>ζωὴ,</span> <span class='ocrx_word' id='word_1_90' title='bbox 755 983 877 1037; x_wconf 74' lang='lat' dir='ltr'><strong>alte</strong></span> <span class='ocrx_word' id='word_1_91' title='bbox 920 959 1193 1047; x_wconf 60' lang='grc' dir='ltr'>θάνατος,</span> <span class='ocrx_word' id='word_1_92' title='bbox 1233 981 1338 1034; x_wconf 76' lang='grc' dir='ltr'>εἴτ’</span> <span class='ocrx_word' id='word_1_93' title='bbox 1368 979 1685 1043; x_wconf 78' lang='grc' dir='ltr'><strong>ἐνεστῶτα,</strong></span> <span class='ocrx_word' id='word_1_94' title='bbox 1732 979 1852 1033; x_wconf 70' lang='lat' dir='ltr'><strong>alte</strong></span> <span class='ocrx_word' id='word_1_95' title='bbox 1896 974 2221 1047; x_wconf 71' lang='grc' dir='ltr'>μέλλοντα,</span> <span class='ocrx_word' id='word_1_96' title='bbox 2292 972 2472 1026; x_wconf 82' lang='grc' dir='ltr'>πάντα</span> <span class='ocrx_word' id='word_1_97' title='bbox 2516 969 2673 1041; x_wconf 73' lang='grc' dir='ltr'>ἡμῶν</span> <span class='ocrx_word' id='word_1_98' title='bbox 2737 963 2898 1021; x_wconf 78' lang='grc' dir='ltr'>εἶναι.</span> <span class='ocrx_word' id='word_1_99' title='bbox 2944 964 3285 1037; x_wconf 84' lang='grc' dir='ltr'>Ὑπάρχοντα</span> <span class='ocrx_word' id='word_1_100' title='bbox 3324 962 3370 1016; x_wconf 88' lang='grc' dir='ltr'>δ’</span> <span class='ocrx_word' id='word_1_101' title='bbox 3417 959 3514 1013; x_wconf 84' lang='grc' dir='ltr'>αὐ-</span> 
     </span>
    </p>
   </div>
   <div class='ocr_carea' id='block_1_15' title="bbox 270 1063 2152 1145">
    <p class='ocr_par' dir='ltr' id='par_1_15' title="bbox 270 1063 2152 1145">
     <span class='ocr_line' id='line_1_15' title="bbox 270 1063 2152 1145; baseline -0.004 -19"><span class='ocrx_word' id='word_1_102' title='bbox 270 1071 372 1126; x_wconf 76' lang='grc' dir='ltr'><strong>τοῦ</strong></span> <span class='ocrx_word' id='word_1_103' title='bbox 403 1085 474 1126; x_wconf 71' lang='grc' dir='ltr'><strong>τα</strong></span> <span class='ocrx_word' id='word_1_104' title='bbox 510 1075 568 1126; x_wconf 74' lang='grc' dir='ltr'>ὲν</span> <span class='ocrx_word' id='word_1_105' title='bbox 620 1076 686 1145; x_wconf 82' lang='grc' dir='ltr'>τῇ</span> <span class='ocrx_word' id='word_1_106' title='bbox 732 1073 978 1145; x_wconf 75' lang='grc' dir='ltr'><strong>βασιλείᾳ</strong></span> <span class='ocrx_word' id='word_1_107' title='bbox 1019 1074 1237 1145; x_wconf 83' lang='grc' dir='ltr'>νοητέον</span> <span class='ocrx_word' id='word_1_108' title='bbox 1281 1073 1480 1141; x_wconf 85' lang='grc' dir='ltr'>ἀγαθά,</span> <span class='ocrx_word' id='word_1_109' title='bbox 1508 1073 1545 1128; x_wconf 77' lang='grc' dir='ltr'><strong>ά</strong></span> <span class='ocrx_word' id='word_1_110' title='bbox 1568 1071 1842 1143; x_wconf 79' lang='grc' dir='ltr'>ὀφθαλμὸς</span> <span class='ocrx_word' id='word_1_111' title='bbox 1866 1068 1966 1123; x_wconf 86' lang='grc' dir='ltr'><strong>οὐκ</strong></span> <span class='ocrx_word' id='word_1_112' title='bbox 1993 1063 2152 1120; x_wconf 82' lang='grc' dir='ltr'>εἶδεν.</span> 
     </span>
    </p>
   </div>
   <div class='ocr_carea' id='block_1_16' title="bbox 468 1167 1670 1236">
    <p class='ocr_par' dir='ltr' id='par_1_16' title="bbox 468 1167 1670 1236">
     <span class='ocr_line' id='line_1_16' title="bbox 468 1167 1670 1236; baseline 0.002 -16"><span class='ocrx_word' id='word_1_113' title='bbox 468 1167 600 1221; x_wconf 74' lang='grc' dir='ltr'><strong>Ἐὰν</strong></span> <span class='ocrx_word' id='word_1_114' title='bbox 630 1167 682 1221; x_wconf 75' lang='grc' dir='ltr'>δ’</span> <span class='ocrx_word' id='word_1_115' title='bbox 707 1168 848 1236; x_wconf 74' lang='grc' dir='ltr'>εἴπῃ</span> <span class='ocrx_word' id='word_1_116' title='bbox 870 1172 903 1223; x_wconf 85' lang='lat' dir='ltr'><strong>d</strong></span> <span class='ocrx_word' id='word_1_117' title='bbox 928 1168 1148 1235; x_wconf 72' lang='grc' dir='ltr'>δοῦλος</span> <span class='ocrx_word' id='word_1_118' title='bbox 1172 1168 1419 1235; x_wconf 76' lang='grc' dir='ltr'>ἐκεῖνος,</span> <span class='ocrx_word' id='word_1_119' title='bbox 1454 1187 1510 1223; x_wconf 90' lang='grc' dir='ltr'><strong>κ.</strong></span> <span class='ocrx_word' id='word_1_120' title='bbox 1533 1186 1583 1221; x_wconf 88' lang='grc' dir='ltr'><strong>τ.</strong></span> <span class='ocrx_word' id='word_1_121' title='bbox 1619 1169 1670 1222; x_wconf 93' lang='grc' dir='ltr'>λ.</span> 
     </span>
    </p>
   </div>
   <div class='ocr_carea' id='block_1_17' title="bbox 359 1256 1844 1331">
    <p class='ocr_par' dir='ltr' id='par_1_17' title="bbox 359 1256 1844 1331">
     <span class='ocr_line' id='line_1_17' title="bbox 359 1256 1844 1331; baseline 0 -20"><span class='ocrx_word' id='word_1_122' title='bbox 359 1257 425 1311; x_wconf 85' lang='lat'><strong>&#39;0</strong></span> <span class='ocrx_word' id='word_1_123' title='bbox 454 1256 551 1328; x_wconf 72' lang='grc' dir='ltr'>μὲν</span> <span class='ocrx_word' id='word_1_124' title='bbox 578 1259 765 1322; x_wconf 79' lang='grc' dir='ltr'>πιστὸς</span> <span class='ocrx_word' id='word_1_125' title='bbox 796 1259 890 1313; x_wconf 77' lang='grc' dir='ltr'>καὶ</span> <span class='ocrx_word' id='word_1_126' title='bbox 923 1260 1184 1331; x_wconf 84' lang='grc' dir='ltr'>φρόνιμος</span> <span class='ocrx_word' id='word_1_127' title='bbox 1208 1259 1464 1313; x_wconf 79' lang='grc' dir='ltr'>τοιούτων</span> <span class='ocrx_word' id='word_1_128' title='bbox 1486 1258 1761 1324; x_wconf 81' lang='grc' dir='ltr'>τεύξεται·</span> <span class='ocrx_word' id='word_1_129' title='bbox 1815 1259 1844 1311; x_wconf 93' lang='grc' dir='ltr'><strong>ὀ</strong></span> 
     </span>
    </p>
   </div>
   <div class='ocr_carea' id='block_1_18' title="bbox 272 1349 1843 1422">
    <p class='ocr_par' dir='ltr' id='par_1_18' title="bbox 272 1349 1843 1422">
     <span class='ocr_line' id='line_1_18' title="bbox 272 1349 1843 1422; baseline 0 -19"><span class='ocrx_word' id='word_1_130' title='bbox 272 1350 322 1403; x_wconf 76' lang='grc' dir='ltr'>δ’</span> <span class='ocrx_word' id='word_1_131' title='bbox 369 1350 607 1413; x_wconf 65' lang='grc' dir='ltr'>ἐναντίος</span> <span class='ocrx_word' id='word_1_132' title='bbox 638 1350 811 1419; x_wconf 83' lang='grc' dir='ltr'>τούτῳ</span> <span class='ocrx_word' id='word_1_133' title='bbox 834 1350 1007 1420; x_wconf 79' lang='grc' dir='ltr'>ὀργῆς</span> <span class='ocrx_word' id='word_1_134' title='bbox 1036 1350 1303 1405; x_wconf 84' lang='grc' dir='ltr'>Δεσπότου</span> <span class='ocrx_word' id='word_1_135' title='bbox 1336 1350 1739 1422; x_wconf 82' lang='grc' dir='ltr'>πειραθήσεται,</span> <span class='ocrx_word' id='word_1_136' title='bbox 1768 1349 1843 1403; x_wconf 87' lang='grc' dir='ltr'>δι-</span> 
     </span>
    </p>
   </div>
   <div class='ocr_carea' id='block_1_19' title="bbox 271 1438 1844 1511">
    <p class='ocr_par' dir='ltr' id='par_1_19' title="bbox 271 1438 1844 1511">
     <span class='ocr_line' id='line_1_19' title="bbox 271 1438 1844 1511; baseline 0.001 -19"><span class='ocrx_word' id='word_1_137' title='bbox 271 1438 599 1509; x_wconf 72' lang='grc' dir='ltr'>χοτομηθεὶς</span> <span class='ocrx_word' id='word_1_138' title='bbox 628 1440 721 1493; x_wconf 77' lang='grc' dir='ltr'>καὶ</span> <span class='ocrx_word' id='word_1_139' title='bbox 741 1440 1178 1511; x_wconf 77' lang='grc' dir='ltr'>ἀποτεμνόμενος</span> <span class='ocrx_word' id='word_1_140' title='bbox 1204 1440 1303 1503; x_wconf 82' lang='grc' dir='ltr'>τοῦ,</span> <span class='ocrx_word' id='word_1_141' title='bbox 1324 1440 1571 1511; x_wconf 86' lang='grc' dir='ltr'>σώματος</span> <span class='ocrx_word' id='word_1_142' title='bbox 1584 1439 1693 1493; x_wconf 84' lang='grc' dir='ltr'><strong>τῶν</strong></span> <span class='ocrx_word' id='word_1_143' title='bbox 1713 1441 1844 1507; x_wconf 86' lang='grc' dir='ltr'>ἀγα-</span> 
     </span>
    </p>
   </div>
   <div class='ocr_carea' id='block_1_20' title="bbox 272 1527 1840 1604">
    <p class='ocr_par' dir='ltr' id='par_1_20' title="bbox 272 1527 1840 1604">
     <span class='ocr_line' id='line_1_20' title="bbox 272 1527 1840 1604; baseline 0.001 -21"><span class='ocrx_word' id='word_1_144' title='bbox 272 1527 388 1583; x_wconf 70' lang='grc' dir='ltr'><strong>θῶν</strong></span> <span class='ocrx_word' id='word_1_145' title='bbox 418 1529 638 1595; x_wconf 84' lang='grc' dir='ltr'>δούλων,</span> <span class='ocrx_word' id='word_1_146' title='bbox 672 1530 872 1601; x_wconf 83' lang='grc' dir='ltr'>κλῆρόν</span> <span class='ocrx_word' id='word_1_147' title='bbox 917 1548 977 1584; x_wconf 92' lang='grc' dir='ltr'><strong>τε</strong></span> <span class='ocrx_word' id='word_1_148' title='bbox 1022 1533 1115 1586; x_wconf 76' lang='grc' dir='ltr'>καὶ</span> <span class='ocrx_word' id='word_1_149' title='bbox 1155 1532 1346 1603; x_wconf 81' lang='grc' dir='ltr'>μερίδα</span> <span class='ocrx_word' id='word_1_150' title='bbox 1382 1532 1670 1604; x_wconf 88' lang='grc' dir='ltr'>λαμϐάνων</span> <span class='ocrx_word' id='word_1_151' title='bbox 1702 1530 1840 1603; x_wconf 77' lang='grc' dir='ltr'><strong>μετά</strong></span> 
     </span>
    </p>
   </div>
   <div class='ocr_carea' id='block_1_21' title="bbox 270 1611 1840 1687">
    <p class='ocr_par' dir='ltr' id='par_1_21' title="bbox 270 1611 1840 1687">
     <span class='ocr_line' id='line_1_21' title="bbox 270 1611 1840 1687; baseline 0.004 -20"><span class='ocrx_word' id='word_1_152' title='bbox 270 1613 389 1667; x_wconf 78' lang='grc' dir='ltr'><strong>τῶν</strong></span> <span class='ocrx_word' id='word_1_153' title='bbox 420 1614 727 1686; x_wconf 76' lang='grc' dir='ltr'>ὑποκριτῶν</span> <span class='ocrx_word' id='word_1_154' title='bbox 759 1618 791 1687; x_wconf 80' lang='grc' dir='ltr'>ἢ</span> <span class='ocrx_word' id='word_1_155' title='bbox 821 1617 929 1671; x_wconf 86' lang='grc' dir='ltr'><strong>τῶν</strong></span> <span class='ocrx_word' id='word_1_156' title='bbox 961 1619 1231 1672; x_wconf 86' lang='grc' dir='ltr'>ἀπίστων·</span> <span class='ocrx_word' id='word_1_157' title='bbox 1267 1611 1341 1673; x_wconf 78' lang='grc' dir='ltr'>ὧν</span> <span class='ocrx_word' id='word_1_158' title='bbox 1394 1621 1456 1674; x_wconf 83' lang='grc' dir='ltr'>τὸ</span> <span class='ocrx_word' id='word_1_159' title='bbox 1498 1620 1650 1683; x_wconf 81' lang='grc' dir='ltr'>τέλος</span> <span class='ocrx_word' id='word_1_160' title='bbox 1676 1621 1840 1674; x_wconf 88' lang='grc' dir='ltr'>κλαυ-</span> 
     </span>
    </p>
   </div>
   <div class='ocr_carea' id='block_1_22' title="bbox 268 1701 1838 1780">
    <p class='ocr_par' dir='ltr' id='par_1_22' title="bbox 268 1701 1838 1780">
     <span class='ocr_line' id='line_1_22' title="bbox 268 1701 1838 1780; baseline 0.004 -26"><span class='ocrx_word' id='word_1_161' title='bbox 268 1701 415 1772; x_wconf 75' lang='grc' dir='ltr'>θμὸς</span> <span class='ocrx_word' id='word_1_162' title='bbox 432 1703 538 1755; x_wconf 79' lang='grc' dir='ltr'>καὶ</span> <span class='ocrx_word' id='word_1_163' title='bbox 564 1703 803 1774; x_wconf 79' lang='grc' dir='ltr'>βρυγμὸς</span> <span class='ocrx_word' id='word_1_164' title='bbox 822 1703 931 1758; x_wconf 86' lang='grc' dir='ltr'><strong>τῶν</strong></span> <span class='ocrx_word' id='word_1_165' title='bbox 961 1706 1204 1760; x_wconf 81' lang='grc' dir='ltr'>ὀδόντων.</span> <span class='ocrx_word' id='word_1_166' title='bbox 1229 1707 1366 1761; x_wconf 87' lang='grc' dir='ltr'><strong>Ὅσα</strong></span> <span class='ocrx_word' id='word_1_167' title='bbox 1396 1710 1504 1780; x_wconf 82' lang='grc' dir='ltr'><strong>γάρ</strong></span> <span class='ocrx_word' id='word_1_168' title='bbox 1527 1711 1637 1772; x_wconf 81' lang='grc' dir='ltr'>τοῖς</span> <span class='ocrx_word' id='word_1_169' title='bbox 1661 1708 1838 1761; x_wconf 82' lang='grc' dir='ltr'>ὀδοῦσι</span> 
     </span>
    </p>
   </div>
   <div class='ocr_carea' id='block_1_23' title="bbox 272 1792 1840 1871">
    <p class='ocr_par' dir='ltr' id='par_1_23' title="bbox 272 1792 1840 1871">
     <span class='ocr_line' id='line_1_23' title="bbox 272 1792 1840 1871; baseline 0.006 -26"><span class='ocrx_word' id='word_1_170' title='bbox 272 1792 558 1864; x_wconf 73' lang='grc' dir='ltr'>κατήσθιε,</span> <span class='ocrx_word' id='word_1_171' title='bbox 589 1796 681 1847; x_wconf 78' lang='grc' dir='ltr'>καὶ</span> <span class='ocrx_word' id='word_1_172' title='bbox 706 1795 803 1847; x_wconf 81' lang='grc' dir='ltr'>ὅσα</span> <span class='ocrx_word' id='word_1_173' title='bbox 834 1797 1231 1867; x_wconf 80' lang='grc' dir='ltr'>μεθυσκόμενος</span> <span class='ocrx_word' id='word_1_174' title='bbox 1281 1799 1639 1871; x_wconf 73' lang='grc' dir='ltr'>ἐπλημμέλει,</span> <span class='ocrx_word' id='word_1_175' title='bbox 1669 1799 1840 1854; x_wconf 87' lang='grc' dir='ltr'>ταῦτα</span> 
     </span>
    </p>
   </div>
   <div class='ocr_carea' id='block_1_24' title="bbox 270 1882 1839 1960">
    <p class='ocr_par' dir='ltr' id='par_1_24' title="bbox 270 1882 1839 1960">
     <span class='ocr_line' id='line_1_24' title="bbox 270 1882 1839 1960; baseline 0.006 -25"><span class='ocrx_word' id='word_1_176' title='bbox 270 1882 676 1937; x_wconf 77' lang='grc' dir='ltr'>ἀποκλαύσεται</span> <span class='ocrx_word' id='word_1_177' title='bbox 699 1902 712 1915; x_wconf 89' lang='grc'><strong>·</strong></span> <span class='ocrx_word' id='word_1_178' title='bbox 743 1886 900 1955; x_wconf 87' lang='grc' dir='ltr'>δίκην</span> <span class='ocrx_word' id='word_1_179' title='bbox 924 1888 1025 1958; x_wconf 82' lang='grc' dir='ltr'><strong>τὴν</strong></span> <span class='ocrx_word' id='word_1_180' title='bbox 1056 1890 1434 1960; x_wconf 83' lang='grc' dir='ltr'>προσήκουσαν</span> <span class='ocrx_word' id='word_1_181' title='bbox 1459 1890 1635 1955; x_wconf 79' lang='grc' dir='ltr'>διδοὺς</span> <span class='ocrx_word' id='word_1_182' title='bbox 1662 1891 1762 1960; x_wconf 78' lang='grc' dir='ltr'>τῆς</span> <span class='ocrx_word' id='word_1_183' title='bbox 1780 1908 1839 1944; x_wconf 90' lang='grc' dir='ltr'><strong>τε</strong></span> 
     </span>
    </p>
   </div>
   <div class='ocr_carea' id='block_1_25' title="bbox 271 1975 1840 2052">
    <p class='ocr_par' dir='ltr' id='par_1_25' title="bbox 271 1975 1840 2052">
     <span class='ocr_line' id='line_1_25' title="bbox 271 1975 1840 2052; baseline 0.006 -24"><span class='ocrx_word' id='word_1_184' title='bbox 271 1975 416 2029; x_wconf 87' lang='grc' dir='ltr'><strong>κατά</strong></span> <span class='ocrx_word' id='word_1_185' title='bbox 436 1975 542 2029; x_wconf 84' lang='grc' dir='ltr'><strong>τῶν</strong></span> <span class='ocrx_word' id='word_1_186' title='bbox 572 1976 870 2030; x_wconf 85' lang='grc' dir='ltr'>συνδούλων</span> <span class='ocrx_word' id='word_1_187' title='bbox 894 1980 1254 2051; x_wconf 84' lang='grc' dir='ltr'>παρανομίας,</span> <span class='ocrx_word' id='word_1_188' title='bbox 1278 1982 1371 2035; x_wconf 80' lang='grc' dir='ltr'>καὶ</span> <span class='ocrx_word' id='word_1_189' title='bbox 1398 1981 1499 2052; x_wconf 82' lang='grc' dir='ltr'>τῆς</span> <span class='ocrx_word' id='word_1_190' title='bbox 1541 1982 1840 2037; x_wconf 81' lang='grc' dir='ltr'>ἀκολάστου</span> 
     </span>
    </p>
   </div>
   <div class='ocr_carea' id='block_1_26' title="bbox 270 2068 1841 2146">
    <p class='ocr_par' dir='ltr' id='par_1_26' title="bbox 270 2068 1841 2146">
     <span class='ocr_line' id='line_1_26' title="bbox 270 2068 1841 2146; baseline 0.006 -27"><span class='ocrx_word' id='word_1_191' title='bbox 270 2068 504 2139; x_wconf 77' lang='grc' dir='ltr'>τρυφῆς,</span> <span class='ocrx_word' id='word_1_192' title='bbox 528 2069 976 2141; x_wconf 84' lang='grc' dir='ltr'>καταφρονήσεώς</span> <span class='ocrx_word' id='word_1_193' title='bbox 1008 2087 1067 2123; x_wconf 92' lang='grc' dir='ltr'><strong>τε</strong></span> <span class='ocrx_word' id='word_1_194' title='bbox 1095 2071 1192 2142; x_wconf 83' lang='grc' dir='ltr'>τῆς</span> <span class='ocrx_word' id='word_1_195' title='bbox 1233 2074 1316 2137; x_wconf 88' lang='grc' dir='ltr'><strong>είς</strong></span> <span class='ocrx_word' id='word_1_196' title='bbox 1353 2074 1445 2139; x_wconf 81' lang='grc' dir='ltr'>τὸν</span> <span class='ocrx_word' id='word_1_197' title='bbox 1462 2074 1756 2146; x_wconf 76' lang='grc' dir='ltr'>Δεσπότην,</span> <span class='ocrx_word' id='word_1_198' title='bbox 1782 2075 1841 2128; x_wconf 83' lang='grc' dir='ltr'>ὃν</span> 
     </span>
    </p>
   </div>
   <div class='ocr_carea' id='block_1_27' title="bbox 268 2153 1841 2237">
    <p class='ocr_par' dir='ltr' id='par_1_27' title="bbox 268 2153 1841 2237">
     <span class='ocr_line' id='line_1_27' title="bbox 268 2153 1841 2237; baseline 0.007 -30"><span class='ocrx_word' id='word_1_199' title='bbox 268 2153 538 2225; x_wconf 67' lang='grc' dir='ltr'>ὡμολόγει</span> <span class='ocrx_word' id='word_1_200' title='bbox 574 2156 671 2225; x_wconf 80' lang='grc' dir='ltr'>μὲν</span> <span class='ocrx_word' id='word_1_201' title='bbox 718 2157 792 2228; x_wconf 80' lang='grc' dir='ltr'>μὴ</span> <span class='ocrx_word' id='word_1_202' title='bbox 819 2158 1053 2225; x_wconf 88' lang='grc' dir='ltr'>ἀγνοεῖν,</span> <span class='ocrx_word' id='word_1_203' title='bbox 1092 2161 1185 2213; x_wconf 72' lang='grc' dir='ltr'>καὶ</span> <span class='ocrx_word' id='word_1_204' title='bbox 1232 2161 1347 2232; x_wconf 73' lang='grc' dir='ltr'>ᾔδει</span> <span class='ocrx_word' id='word_1_205' title='bbox 1387 2163 1463 2227; x_wconf 82' lang='grc' dir='ltr'><strong>ὡς</strong></span> <span class='ocrx_word' id='word_1_206' title='bbox 1503 2164 1610 2235; x_wconf 77' lang='grc' dir='ltr'>ἄρα</span> <span class='ocrx_word' id='word_1_207' title='bbox 1639 2164 1841 2237; x_wconf 82' lang='grc' dir='ltr'>Κύριον</span> 
     </span>
    </p>
   </div>
   <div class='ocr_carea' id='block_1_28' title="bbox 270 2244 1840 2326">
    <p class='ocr_par' dir='ltr' id='par_1_28' title="bbox 270 2244 1840 2326">
     <span class='ocr_line' id='line_1_28' title="bbox 270 2244 1840 2326; baseline 0.008 -29"><span class='ocrx_word' id='word_1_208' title='bbox 270 2244 408 2315; x_wconf 60' lang='grc' dir='ltr'>ἔχει,</span> <span class='ocrx_word' id='word_1_209' title='bbox 436 2245 826 2301; x_wconf 85' lang='grc' dir='ltr'>ἀναϐάλλεσθαι</span> <span class='ocrx_word' id='word_1_210' title='bbox 851 2248 908 2301; x_wconf 75' lang='grc' dir='ltr'>δι</span> <span class='ocrx_word' id='word_1_211' title='bbox 938 2250 1099 2303; x_wconf 78' lang='grc' dir='ltr'>αὐτὸν</span> <span class='ocrx_word' id='word_1_212' title='bbox 1133 2251 1233 2322; x_wconf 84' lang='grc' dir='ltr'><strong>τὴν</strong></span> <span class='ocrx_word' id='word_1_213' title='bbox 1272 2253 1449 2322; x_wconf 86' lang='grc' dir='ltr'>κρίσιν</span> <span class='ocrx_word' id='word_1_214' title='bbox 1488 2256 1569 2317; x_wconf 84' lang='grc' dir='ltr'><strong>είς</strong></span> <span class='ocrx_word' id='word_1_215' title='bbox 1599 2257 1840 2326; x_wconf 80' lang='grc' dir='ltr'>μακροὺς</span> 
     </span>
    </p>
   </div>
   <div class='ocr_carea' id='block_1_29' title="bbox 268 2338 1381 2415">
    <p class='ocr_par' dir='ltr' id='par_1_29' title="bbox 268 2338 1381 2415">
     <span class='ocr_line' id='line_1_29' title="bbox 268 2338 1381 2415; baseline 0.012 -26"><span class='ocrx_word' id='word_1_216' title='bbox 268 2338 498 2409; x_wconf 85' lang='grc' dir='ltr'>χρόνους</span> <span class='ocrx_word' id='word_1_217' title='bbox 516 2340 931 2412; x_wconf 86' lang='grc' dir='ltr'>ὑπολαμϐάνων,</span> <span class='ocrx_word' id='word_1_218' title='bbox 960 2344 1151 2398; x_wconf 77' lang='grc' dir='ltr'>ἑαυτὸν</span> <span class='ocrx_word' id='word_1_219' title='bbox 1176 2347 1381 2415; x_wconf 72' lang='grc' dir='ltr'>ἠπάτα.</span> 
     </span>
    </p>
   </div>
   <div class='ocr_carea' id='block_1_30' title="bbox 275 2427 1842 2507">
    <p class='ocr_par' dir='ltr' id='par_1_30' title="bbox 275 2427 1842 2507">
     <span class='ocr_line' id='line_1_30' title="bbox 275 2427 1842 2507; baseline 0.008 -27"><span class='ocrx_word' id='word_1_220' title='bbox 275 2427 403 2481; x_wconf 77' lang='grc' dir='ltr'>Τίνι</span> <span class='ocrx_word' id='word_1_221' title='bbox 452 2427 717 2498; x_wconf 80' lang='grc' dir='ltr'>ὁμοιώσω</span> <span class='ocrx_word' id='word_1_222' title='bbox 758 2429 888 2507; x_wconf 47' lang='grc' dir='ltr'><strong>τὴν·</strong></span> <span class='ocrx_word' id='word_1_223' title='bbox 911 2432 1240 2507; x_wconf 62' lang='grc' dir='ltr'>,βασιλείαν</span> <span class='ocrx_word' id='word_1_224' title='bbox 1286 2435 1394 2507; x_wconf 68' lang='grc' dir='ltr'><strong>τοῦ</strong></span> <span class='ocrx_word' id='word_1_225' title='bbox 1440 2436 1623 2501; x_wconf 82' lang='grc' dir='ltr'>Θεοῦ;</span> <span class='ocrx_word' id='word_1_226' title='bbox 1669 2438 1842 2507; x_wconf 78' lang='grc' dir='ltr'>ὁμοία</span> 
     </span>
    </p>
   </div>
   <div class='ocr_carea' id='block_1_31' title="bbox 760 2498 1335 2571">
    <p class='ocr_par' dir='ltr' id='par_1_31' title="bbox 760 2498 1335 2571">
     <span class='ocr_line' id='line_1_31' title="bbox 760 2498 1335 2571; baseline 0.009 -19"><span class='ocrx_word' id='word_1_227' title='bbox 760 2499 892 2553; x_wconf 77' lang='grc' dir='ltr'>ἐστι</span> <span class='ocrx_word' id='word_1_228' title='bbox 918 2498 1086 2571; x_wconf 75' lang='grc' dir='ltr'>ζύμῃ,</span> <span class='ocrx_word' id='word_1_229' title='bbox 1119 2521 1172 2557; x_wconf 93' lang='grc' dir='ltr'><strong>κ.</strong></span> <span class='ocrx_word' id='word_1_230' title='bbox 1207 2520 1257 2561; x_wconf 87' lang='grc' dir='ltr'>τ.</span> <span class='ocrx_word' id='word_1_231' title='bbox 1287 2502 1335 2557; x_wconf 91' lang='grc' dir='ltr'>λ.</span> 
     </span>
    </p>
   </div>
   <div class='ocr_carea' id='block_1_32' title="bbox 344 2583 1840 2665">
    <p class='ocr_par' dir='ltr' id='par_1_32' title="bbox 344 2583 1840 2665">
     <span class='ocr_line' id='line_1_32' title="bbox 344 2583 1840 2665; baseline 0.007 -25"><span class='ocrx_word' id='word_1_232' title='bbox 344 2583 531 2657; x_wconf 84' lang='grc' dir='ltr'>Ζύμην</span> <span class='ocrx_word' id='word_1_233' title='bbox 552 2588 651 2659; x_wconf 81' lang='grc' dir='ltr'>τὴν</span> <span class='ocrx_word' id='word_1_234' title='bbox 676 2588 783 2642; x_wconf 82' lang='grc' dir='ltr'><strong>ἀπὺ</strong></span> <span class='ocrx_word' id='word_1_235' title='bbox 811 2588 906 2642; x_wconf 91' lang='grc' dir='ltr'><strong>τοῦ</strong></span> <span class='ocrx_word' id='word_1_236' title='bbox 935 2591 1133 2662; x_wconf 81' lang='grc' dir='ltr'>σπόρου</span> <span class='ocrx_word' id='word_1_237' title='bbox 1168 2593 1704 2665; x_wconf 84' lang='grc' dir='ltr'>τελεσιουργηθεῖσαν</span> <span class='ocrx_word' id='word_1_238' title='bbox 1727 2595 1840 2649; x_wconf 85' lang='grc' dir='ltr'>’δύ-</span> 
     </span>
    </p>
   </div>
   <div class='ocr_carea' id='block_1_33' title="bbox 267 2678 1839 2756">
    <p class='ocr_par' dir='ltr' id='par_1_33' title="bbox 267 2678 1839 2756">
     <span class='ocr_line' id='line_1_33' title="bbox 267 2678 1839 2756; baseline 0.008 -28"><span class='ocrx_word' id='word_1_239' title='bbox 267 2692 437 2747; x_wconf 87' lang='grc' dir='ltr'>ναμιν</span> <span class='ocrx_word' id='word_1_240' title='bbox 464 2679 493 2731; x_wconf 91' lang='grc' dir='ltr'><strong>ὀ</strong></span> <span class='ocrx_word' id='word_1_241' title='bbox 517 2678 707 2749; x_wconf 81' lang='grc' dir='ltr'>Σωτὴρ</span> <span class='ocrx_word' id='word_1_242' title='bbox 730 2680 1003 2750; x_wconf 74' lang='grc' dir='ltr'>ὀνομάζει,</span> <span class='ocrx_word' id='word_1_243' title='bbox 1036 2683 1097 2735; x_wconf 80' lang='grc' dir='ltr'>τὸ</span> <span class='ocrx_word' id='word_1_244' title='bbox 1125 2682 1348 2753; x_wconf 81' lang='grc' dir='ltr'>Πνεῦμα</span> <span class='ocrx_word' id='word_1_245' title='bbox 1376 2685 1436 2738; x_wconf 81' lang='grc' dir='ltr'>τὸ</span> <span class='ocrx_word' id='word_1_246' title='bbox 1467 2685 1621 2756; x_wconf 67' lang='grc' dir='ltr'>ἀγιογ</span> <span class='ocrx_word' id='word_1_247' title='bbox 1651 2685 1839 2739; x_wconf 83' lang='grc' dir='ltr'>τοῦτον</span> 
     </span>
    </p>
   </div>
   <div class='ocr_carea' id='block_1_34' title="bbox 268 2765 1840 2846">
    <p class='ocr_par' dir='ltr' id='par_1_34' title="bbox 268 2765 1840 2846">
     <span class='ocr_line' id='line_1_34' title="bbox 268 2765 1840 2846; baseline 0.006 -25"><span class='ocrx_word' id='word_1_248' title='bbox 268 2765 619 2839; x_wconf 79' lang='grc' dir='ltr'>αἰνιξάμενος</span> <span class='ocrx_word' id='word_1_249' title='bbox 643 2769 733 2823; x_wconf 84' lang='grc' dir='ltr'>τὸν</span> <span class='ocrx_word' id='word_1_250' title='bbox 759 2771 983 2841; x_wconf 87' lang='grc' dir='ltr'>τρόπον.</span> <span class='ocrx_word' id='word_1_251' title='bbox 1025 2773 1084 2826; x_wconf 86' lang='lat'><strong>&#39;0</strong></span> <span class='ocrx_word' id='word_1_252' title='bbox 1104 2773 1233 2842; x_wconf 89' lang='grc' dir='ltr'>γοῦν</span> <span class='ocrx_word' id='word_1_253' title='bbox 1265 2774 1365 2843; x_wconf 81' lang='grc' dir='ltr'>τῆς</span> <span class='ocrx_word' id='word_1_254' title='bbox 1408 2776 1659 2846; x_wconf 83' lang='grc' dir='ltr'>οὐρανίου</span> <span class='ocrx_word' id='word_1_255' title='bbox 1688 2776 1840 2846; x_wconf 86' lang='grc' dir='ltr'>βασι-</span> 
     </span>
    </p>
   </div>
   <div class='ocr_carea' id='block_1_35' title="bbox 266 2858 1839 2941">
    <p class='ocr_par' dir='ltr' id='par_1_35' title="bbox 266 2858 1839 2941">
     <span class='ocr_line' id='line_1_35' title="bbox 266 2858 1839 2941; baseline 0.008 -29"><span class='ocrx_word' id='word_1_256' title='bbox 266 2858 421 2922; x_wconf 81' lang='grc' dir='ltr'>λείας</span> <span class='ocrx_word' id='word_1_257' title='bbox 444 2860 632 2927; x_wconf 87' lang='grc' dir='ltr'>Λόγος,</span> <span class='ocrx_word' id='word_1_258' title='bbox 667 2859 803 2931; x_wconf 80' lang='grc' dir='ltr'>μετὰ</span> <span class='ocrx_word' id='word_1_259' title='bbox 854 2862 953 2932; x_wconf 82' lang='grc' dir='ltr'>τὴν</span> <span class='ocrx_word' id='word_1_260' title='bbox 998 2864 1219 2936; x_wconf 86' lang='grc' dir='ltr'>πρώτην</span> <span class='ocrx_word' id='word_1_261' title='bbox 1270 2868 1329 2918; x_wconf 79' lang='grc' dir='ltr'>ὲν</span> <span class='ocrx_word' id='word_1_262' title='bbox 1361 2867 1605 2937; x_wconf 79' lang='grc' dir='ltr'>οὐρανοῖς</span> <span class='ocrx_word' id='word_1_263' title='bbox 1634 2868 1839 2941; x_wconf 80' lang='grc' dir='ltr'>σπορὰν</span> 
     </span>
    </p>
   </div>
   <div class='ocr_carea' id='block_1_36' title="bbox 266 2949 1837 3029">
    <p class='ocr_par' dir='ltr' id='par_1_36' title="bbox 266 2949 1837 3029">
     <span class='ocr_line' id='line_1_36' title="bbox 266 2949 1837 3029; baseline 0.008 -28"><span class='ocrx_word' id='word_1_264' title='bbox 266 2949 549 3018; x_wconf 74' lang='grc' dir='ltr'>αὐξηθεὶς,</span> <span class='ocrx_word' id='word_1_265' title='bbox 602 2952 695 3007; x_wconf 75' lang='grc' dir='ltr'>καὶ</span> <span class='ocrx_word' id='word_1_266' title='bbox 758 2953 969 3023; x_wconf 81' lang='grc' dir='ltr'>καρπὸν</span> <span class='ocrx_word' id='word_1_267' title='bbox 1020 2955 1252 3021; x_wconf 83' lang='grc' dir='ltr'>ἀποδοὺς</span> <span class='ocrx_word' id='word_1_268' title='bbox 1301 2957 1511 3029; x_wconf 72' lang='grc' dir='ltr'>ἐντελῆ,</span> <span class='ocrx_word' id='word_1_269' title='bbox 1540 2960 1634 3012; x_wconf 80' lang='grc' dir='ltr'><strong>τοῦ</strong></span> <span class='ocrx_word' id='word_1_270' title='bbox 1682 2961 1837 3029; x_wconf 82' lang='grc' dir='ltr'>ἁγίου</span> 
     </span>
    </p>
   </div>
   <div class='ocr_carea' id='block_1_37' title="bbox 266 3037 1837 3128">
    <p class='ocr_par' dir='ltr' id='par_1_37' title="bbox 266 3037 1837 3128">
     <span class='ocr_line' id='line_1_37' title="bbox 266 3037 1837 3128; baseline 0.006 -34"><span class='ocrx_word' id='word_1_271' title='bbox 266 3037 588 3108; x_wconf 81' lang='grc' dir='ltr'>Πνεύματος</span> <span class='ocrx_word' id='word_1_272' title='bbox 639 3040 737 3110; x_wconf 79' lang='grc' dir='ltr'>τὴν</span> <span class='ocrx_word' id='word_1_273' title='bbox 774 3041 1128 3128; x_wconf 72' lang='grc' dir='ltr'>ὲπιχορηγίαν</span> <span class='ocrx_word' id='word_1_274' title='bbox 1170 3049 1282 3110; x_wconf 91' lang='grc' dir='ltr'>τοῖς</span> <span class='ocrx_word' id='word_1_275' title='bbox 1336 3046 1422 3100; x_wconf 75' lang='grc' dir='ltr'>διὰ</span> <span class='ocrx_word' id='word_1_276' title='bbox 1466 3047 1573 3101; x_wconf 85' lang='grc' dir='ltr'><strong>τῶν</strong></span> <span class='ocrx_word' id='word_1_277' title='bbox 1606 3048 1837 3120; x_wconf 85' lang='grc' dir='ltr'>πρώτων</span> 
     </span>
    </p>
   </div>
   <div class='ocr_carea' id='block_1_38' title="bbox 2270 1149 3216 1224">
    <p class='ocr_par' dir='ltr' id='par_1_38' title="bbox 2270 1149 3216 1224">
     <span class='ocr_line' id='line_1_38' title="bbox 2270 1149 3216 1224; baseline -0.008 -12"><span class='ocrx_word' id='word_1_278' title='bbox 2270 1157 2424 1224; x_wconf 80' lang='lat' dir='ltr'><strong>Quod</strong></span> <span class='ocrx_word' id='word_1_279' title='bbox 2450 1156 2496 1211; x_wconf 82' lang='lat' dir='ltr'><strong>si</strong></span> <span class='ocrx_word' id='word_1_280' title='bbox 2529 1155 2722 1209; x_wconf 74' lang='lat' dir='ltr'><strong>dixerit</strong></span> <span class='ocrx_word' id='word_1_281' title='bbox 2756 1166 2931 1207; x_wconf 77' lang='lat' dir='ltr'><strong>servus</strong></span> <span class='ocrx_word' id='word_1_282' title='bbox 2972 1149 3086 1215; x_wconf 77' lang='lat' dir='ltr'><strong>ille,</strong></span> <span class='ocrx_word' id='word_1_283' title='bbox 3108 1158 3216 1206; x_wconf 88' lang='lat' dir='ltr'><strong>etc.</strong></span> 
     </span>
    </p>
   </div>
   <div class='ocr_carea' id='block_1_39' title="bbox 2011 1240 3507 1319">
    <p class='ocr_par' dir='ltr' id='par_1_39' title="bbox 2011 1240 3507 1319">
     <span class='ocr_line' id='line_1_39' title="bbox 2011 1240 3507 1319; baseline -0.009 -12"><span class='ocrx_word' id='word_1_284' title='bbox 2011 1250 2209 1307; x_wconf 81' lang='lat' dir='ltr'><strong>Fidelis</strong></span> <span class='ocrx_word' id='word_1_285' title='bbox 2243 1248 2461 1319; x_wconf 78' lang='lat' dir='ltr'><strong>quidem</strong></span> <span class='ocrx_word' id='word_1_286' title='bbox 2501 1253 2557 1301; x_wconf 89' lang='lat' dir='ltr'><strong>et</strong></span> <span class='ocrx_word' id='word_1_287' title='bbox 2588 1243 2826 1316; x_wconf 80' lang='lat' dir='ltr'><strong>prudens</strong></span> <span class='ocrx_word' id='word_1_288' title='bbox 2872 1242 2985 1297; x_wconf 70' lang='lat' dir='ltr'><strong>haec</strong></span> <span class='ocrx_word' id='word_1_289' title='bbox 3029 1240 3168 1297; x_wconf 82' lang='lat' dir='ltr'><strong>bona</strong></span> <span class='ocrx_word' id='word_1_290' title='bbox 3208 1254 3507 1310; x_wconf 51' lang='lat' dir='ltr'><strong>conseque.</strong></span> 
     </span>
    </p>
   </div>
   <div class='ocr_carea' id='block_1_40' title="bbox 1942 1332 3503 1402">
    <p class='ocr_par' dir='ltr' id='par_1_40' title="bbox 1942 1332 3503 1402">
     <span class='ocr_line' id='line_1_40' title="bbox 1942 1332 3503 1402; baseline -0.008 -4"><span class='ocrx_word' id='word_1_291' title='bbox 1942 1353 2069 1398; x_wconf 88' lang='lat' dir='ltr'><strong>tur:</strong></span> <span class='ocrx_word' id='word_1_292' title='bbox 2112 1342 2237 1396; x_wconf 86' lang='lat' dir='ltr'><strong>huic</strong></span> <span class='ocrx_word' id='word_1_293' title='bbox 2279 1336 2557 1396; x_wconf 80' lang='lat' dir='ltr'><strong>dissimilis</strong></span> <span class='ocrx_word' id='word_1_294' title='bbox 2600 1337 2737 1391; x_wconf 87' lang='lat' dir='ltr'><strong>iram</strong></span> <span class='ocrx_word' id='word_1_295' title='bbox 2773 1332 2986 1389; x_wconf 88' lang='lat' dir='ltr'><strong>Domini</strong></span> <span class='ocrx_word' id='word_1_296' title='bbox 3034 1332 3377 1402; x_wconf 71' lang='lat' dir='ltr'><strong>experietur;</strong></span> <span class='ocrx_word' id='word_1_297' title='bbox 3420 1332 3503 1386; x_wconf 86' lang='lat' dir='ltr'><strong>di-</strong></span> 
     </span>
    </p>
   </div>
   <div class='ocr_carea' id='block_1_41' title="bbox 1938 1421 3508 1496">
    <p class='ocr_par' dir='ltr' id='par_1_41' title="bbox 1938 1421 3508 1496">
     <span class='ocr_line' id='line_1_41' title="bbox 1938 1421 3508 1496; baseline -0.006 -11"><span class='ocrx_word' id='word_1_298' title='bbox 1938 1433 2154 1487; x_wconf 77' lang='lat' dir='ltr'><strong>videtur</strong></span> <span class='ocrx_word' id='word_1_299' title='bbox 2192 1428 2421 1495; x_wconf 75' lang='lat' dir='ltr'><strong>scilicet,</strong></span> <span class='ocrx_word' id='word_1_300' title='bbox 2470 1442 2532 1482; x_wconf 88' lang='lat' dir='ltr'><strong>ac</strong></span> <span class='ocrx_word' id='word_1_301' title='bbox 2566 1424 2910 1496; x_wconf 85' lang='lat' dir='ltr'><strong>separabltur</strong></span> <span class='ocrx_word' id='word_1_302' title='bbox 2939 1438 2969 1477; x_wconf 87' lang='lat' dir='ltr'><strong>a</strong></span> <span class='ocrx_word' id='word_1_303' title='bbox 3006 1421 3268 1478; x_wconf 91' lang='lat' dir='ltr'><strong>bonorum</strong></span> <span class='ocrx_word' id='word_1_304' title='bbox 3319 1434 3508 1477; x_wconf 84' lang='lat' dir='ltr'><strong>servo-</strong></span> 
     </span>
    </p>
   </div>
   <div class='ocr_carea' id='block_1_42' title="bbox 1946 1512 3509 1591">
    <p class='ocr_par' dir='ltr' id='par_1_42' title="bbox 1946 1512 3509 1591">
     <span class='ocr_line' id='line_1_42' title="bbox 1946 1512 3509 1591; baseline -0.006 -13"><span class='ocrx_word' id='word_1_305' title='bbox 1946 1538 2063 1578; x_wconf 91' lang='lat' dir='ltr'><strong>rum</strong></span> <span class='ocrx_word' id='word_1_306' title='bbox 2090 1534 2336 1591; x_wconf 89' lang='lat' dir='ltr'><strong>corpore,</strong></span> <span class='ocrx_word' id='word_1_307' title='bbox 2379 1528 2691 1586; x_wconf 78' lang='lat' dir='ltr'><strong>sortemque</strong></span> <span class='ocrx_word' id='word_1_308' title='bbox 2726 1531 2879 1571; x_wconf 85' lang='lat' dir='ltr'><strong>suam</strong></span> <span class='ocrx_word' id='word_1_309' title='bbox 2923 1524 2978 1571; x_wconf 91' lang='lat' dir='ltr'><strong>et</strong></span> <span class='ocrx_word' id='word_1_310' title='bbox 3007 1521 3213 1585; x_wconf 87' lang='lat' dir='ltr'><strong>partem</strong></span> <span class='ocrx_word' id='word_1_311' title='bbox 3243 1526 3369 1569; x_wconf 87' lang='lat' dir='ltr'><strong>cum</strong></span> <span class='ocrx_word' id='word_1_312' title='bbox 3405 1512 3509 1581; x_wconf 82' lang='lat' dir='ltr'><strong>by-</strong></span> 
     </span>
    </p>
   </div>
   <div class='ocr_carea' id='block_1_43' title="bbox 1943 1602 3505 1683">
    <p class='ocr_par' dir='ltr' id='par_1_43' title="bbox 1943 1602 3505 1683">
     <span class='ocr_line' id='line_1_43' title="bbox 1943 1602 3505 1683; baseline -0.009 -13"><span class='ocrx_word' id='word_1_313' title='bbox 1943 1612 2166 1683; x_wconf 85' lang='lat' dir='ltr'><strong>pocritis</strong></span> <span class='ocrx_word' id='word_1_314' title='bbox 2198 1612 2314 1667; x_wconf 91' lang='lat' dir='ltr'><strong>sive</strong></span> <span class='ocrx_word' id='word_1_315' title='bbox 2354 1608 2662 1667; x_wconf 84' lang='lat' dir='ltr'><strong>inﬁdelibus</strong></span> <span class='ocrx_word' id='word_1_316' title='bbox 2700 1606 2944 1676; x_wconf 84' lang='lat' dir='ltr'><strong>recipiet,</strong></span> <span class='ocrx_word' id='word_1_317' title='bbox 2986 1619 3215 1675; x_wconf 86' lang='lat' dir='ltr'><strong>quorum</strong></span> <span class='ocrx_word' id='word_1_318' title='bbox 3268 1602 3394 1658; x_wconf 79' lang='lat' dir='ltr'><strong>ﬁnis</strong></span> <span class='ocrx_word' id='word_1_319' title='bbox 3424 1602 3505 1656; x_wconf 86' lang='lat' dir='ltr'><strong>lu-</strong></span> 
     </span>
    </p>
   </div>
   <div class='ocr_carea' id='block_1_44' title="bbox 1941 1692 3509 1766">
    <p class='ocr_par' dir='ltr' id='par_1_44' title="bbox 1941 1692 3509 1766">
     <span class='ocr_line' id='line_1_44' title="bbox 1941 1692 3509 1766; baseline -0.008 -8"><span class='ocrx_word' id='word_1_320' title='bbox 1941 1712 2061 1758; x_wconf 88' lang='lat' dir='ltr'><strong>ctus</strong></span> <span class='ocrx_word' id='word_1_321' title='bbox 2103 1711 2160 1757; x_wconf 88' lang='lat' dir='ltr'><strong>et</strong></span> <span class='ocrx_word' id='word_1_322' title='bbox 2200 1702 2399 1757; x_wconf 87' lang='lat' dir='ltr'><strong>stridor</strong></span> <span class='ocrx_word' id='word_1_323' title='bbox 2439 1700 2699 1754; x_wconf 82' lang='lat' dir='ltr'><strong>dentium.</strong></span> <span class='ocrx_word' id='word_1_324' title='bbox 2756 1696 2890 1755; x_wconf 84' lang='lat' dir='ltr'><strong>Nam</strong></span> <span class='ocrx_word' id='word_1_325' title='bbox 2946 1705 3206 1766; x_wconf 88' lang='lat' dir='ltr'><strong>quantum</strong></span> <span class='ocrx_word' id='word_1_326' title='bbox 3260 1692 3509 1749; x_wconf 85' lang='lat' dir='ltr'><strong>dentibus</strong></span> 
     </span>
    </p>
   </div>
   <div class='ocr_carea' id='block_1_45' title="bbox 1869 1770 3510 1858">
    <p class='ocr_par' dir='ltr' id='par_1_45' title="bbox 1869 1770 3510 1858">
     <span class='ocr_line' id='line_1_45' title="bbox 1869 1770 3510 1858; baseline -0.007 -9"><span class='ocrx_word' id='word_1_327' title='bbox 1869 1770 1911 1825; x_wconf 76' lang='grc' dir='ltr'><strong>Β</strong></span> <span class='ocrx_word' id='word_1_328' title='bbox 1940 1793 2215 1848; x_wconf 81' lang='lat' dir='ltr'><strong>devoravit</strong></span> <span class='ocrx_word' id='word_1_329' title='bbox 2255 1802 2310 1848; x_wconf 88' lang='lat' dir='ltr'><strong>et</strong></span> <span class='ocrx_word' id='word_1_330' title='bbox 2337 1791 2599 1846; x_wconf 85' lang='lat' dir='ltr'><strong>ebrietate</strong></span> <span class='ocrx_word' id='word_1_331' title='bbox 2644 1789 2909 1858; x_wconf 84' lang='lat' dir='ltr'><strong>peccavit,</strong></span> <span class='ocrx_word' id='word_1_332' title='bbox 2958 1787 3292 1846; x_wconf 72' lang='lat' dir='ltr'><strong>tantumdem</strong></span> <span class='ocrx_word' id='word_1_333' title='bbox 3330 1785 3510 1854; x_wconf 54' lang='lat' dir='ltr'><strong>plora.</strong></span> 
     </span>
    </p>
   </div>
   <div class='ocr_carea' id='block_1_46' title="bbox 1939 1877 3509 1950">
    <p class='ocr_par' dir='ltr' id='par_1_46' title="bbox 1939 1877 3509 1950">
     <span class='ocr_line' id='line_1_46' title="bbox 1939 1877 3509 1950; baseline -0.003 -14"><span class='ocrx_word' id='word_1_334' title='bbox 1939 1882 2047 1948; x_wconf 92' lang='lat' dir='ltr'><strong>bit;</strong></span> <span class='ocrx_word' id='word_1_335' title='bbox 2077 1881 2250 1950; x_wconf 87' lang='lat' dir='ltr'><strong>justas</strong></span> <span class='ocrx_word' id='word_1_336' title='bbox 2294 1881 2428 1936; x_wconf 89' lang='lat' dir='ltr'><strong>dans</strong></span> <span class='ocrx_word' id='word_1_337' title='bbox 2485 1894 2673 1949; x_wconf 74' lang='lat' dir='ltr'><strong>poenas</strong></span> <span class='ocrx_word' id='word_1_338' title='bbox 2735 1877 3037 1948; x_wconf 85' lang='lat' dir='ltr'><strong>iniquitatis</strong></span> <span class='ocrx_word' id='word_1_339' title='bbox 3091 1892 3202 1934; x_wconf 75' lang='lat' dir='ltr'><strong>sua:</strong></span> <span class='ocrx_word' id='word_1_340' title='bbox 3246 1878 3509 1933; x_wconf 88' lang='lat' dir='ltr'><strong>adversus</strong></span> 
     </span>
    </p>
   </div>
   <div class='ocr_carea' id='block_1_47' title="bbox 1936 1968 3506 2039">
    <p class='ocr_par' dir='ltr' id='par_1_47' title="bbox 1936 1968 3506 2039">
     <span class='ocr_line' id='line_1_47' title="bbox 1936 1968 3506 2039; baseline -0.001 -13"><span class='ocrx_word' id='word_1_341' title='bbox 1936 1986 2255 2036; x_wconf 80' lang='lat' dir='ltr'><strong>conservos,</strong></span> <span class='ocrx_word' id='word_1_342' title='bbox 2318 1970 2837 2039; x_wconf 89' lang='lat' dir='ltr'><strong>intemperantisque</strong></span> <span class='ocrx_word' id='word_1_343' title='bbox 2908 1970 3170 2033; x_wconf 73' lang='lat' dir='ltr'><strong>luxuriae,</strong></span> <span class='ocrx_word' id='word_1_344' title='bbox 3219 1978 3275 2024; x_wconf 89' lang='lat' dir='ltr'><strong>et</strong></span> <span class='ocrx_word' id='word_1_345' title='bbox 3327 1968 3506 2038; x_wconf 82' lang='lat' dir='ltr'><strong>spreti</strong></span> 
     </span>
    </p>
   </div>
   <div class='ocr_carea' id='block_1_48' title="bbox 1937 2056 3497 2129">
    <p class='ocr_par' dir='ltr' id='par_1_48' title="bbox 1937 2056 3497 2129">
     <span class='ocr_line' id='line_1_48' title="bbox 1937 2056 3497 2129; baseline -0.001 -16"><span class='ocrx_word' id='word_1_346' title='bbox 1937 2059 2172 2125; x_wconf 89' lang='lat' dir='ltr'><strong>Domini,</strong></span> <span class='ocrx_word' id='word_1_347' title='bbox 2208 2073 2369 2129; x_wconf 86' lang='lat' dir='ltr'><strong>quem</strong></span> <span class='ocrx_word' id='word_1_348' title='bbox 2412 2058 2512 2114; x_wconf 83' lang='lat' dir='ltr'><strong>sibi</strong></span> <span class='ocrx_word' id='word_1_349' title='bbox 2564 2073 2671 2113; x_wconf 92' lang='lat' dir='ltr'><strong>non</strong></span> <span class='ocrx_word' id='word_1_350' title='bbox 2720 2056 3050 2127; x_wconf 83' lang='lat' dir='ltr'><strong>incognitum</strong></span> <span class='ocrx_word' id='word_1_351' title='bbox 3094 2056 3390 2112; x_wconf 80' lang='lat' dir='ltr'><strong>fatebatur.</strong></span> <span class='ocrx_word' id='word_1_352' title='bbox 3428 2057 3497 2112; x_wconf 83' lang='lat' dir='ltr'><strong>Et</strong></span> 
     </span>
    </p>
   </div>
   <div class='ocr_carea' id='block_1_49' title="bbox 1937 2147 3501 2219">
    <p class='ocr_par' dir='ltr' id='par_1_49' title="bbox 1937 2147 3501 2219">
     <span class='ocr_line' id='line_1_49' title="bbox 1937 2147 3501 2219; baseline 0.002 -16"><span class='ocrx_word' id='word_1_353' title='bbox 1937 2163 2069 2205; x_wconf 89' lang='lat' dir='ltr'><strong>sane</strong></span> <span class='ocrx_word' id='word_1_354' title='bbox 2125 2149 2290 2219; x_wconf 87' lang='lat' dir='ltr'><strong>probe</strong></span> <span class='ocrx_word' id='word_1_355' title='bbox 2335 2158 2562 2205; x_wconf 80' lang='lat' dir='ltr'><strong>noverat</strong></span> <span class='ocrx_word' id='word_1_356' title='bbox 2609 2163 2668 2204; x_wconf 87' lang='lat' dir='ltr'><strong>se</strong></span> <span class='ocrx_word' id='word_1_357' title='bbox 2718 2147 2947 2203; x_wconf 90' lang='lat' dir='ltr'><strong>Domino</strong></span> <span class='ocrx_word' id='word_1_358' title='bbox 2988 2162 3094 2202; x_wconf 89' lang='lat' dir='ltr'><strong>non</strong></span> <span class='ocrx_word' id='word_1_359' title='bbox 3140 2162 3364 2213; x_wconf 85' lang='lat' dir='ltr'><strong>carere,</strong></span> <span class='ocrx_word' id='word_1_360' title='bbox 3408 2152 3501 2206; x_wconf 80' lang='lat' dir='ltr'><strong>sed</strong></span> 
     </span>
    </p>
   </div>
   <div class='ocr_carea' id='block_1_50' title="bbox 1937 2235 3504 2309">
    <p class='ocr_par' dir='ltr' id='par_1_50' title="bbox 1937 2235 3504 2309">
     <span class='ocr_line' id='line_1_50' title="bbox 1937 2235 3504 2309; baseline 0 -16"><span class='ocrx_word' id='word_1_361' title='bbox 1937 2239 2062 2293; x_wconf 91' lang='lat' dir='ltr'><strong>dum</strong></span> <span class='ocrx_word' id='word_1_362' title='bbox 2085 2237 2347 2309; x_wconf 82' lang='lat' dir='ltr'><strong>judicium</strong></span> <span class='ocrx_word' id='word_1_363' title='bbox 2379 2239 2446 2294; x_wconf 91' lang='lat' dir='ltr'><strong>ab</strong></span> <span class='ocrx_word' id='word_1_364' title='bbox 2476 2252 2543 2293; x_wconf 90' lang='lat' dir='ltr'><strong>eo</strong></span> <span class='ocrx_word' id='word_1_365' title='bbox 2573 2235 2877 2293; x_wconf 87' lang='lat' dir='ltr'><strong>diutissime</strong></span> <span class='ocrx_word' id='word_1_366' title='bbox 2909 2236 3136 2291; x_wconf 87' lang='lat' dir='ltr'><strong>dilatum</strong></span> <span class='ocrx_word' id='word_1_367' title='bbox 3165 2236 3231 2291; x_wconf 87' lang='lat' dir='ltr'><strong>iri</strong></span> <span class='ocrx_word' id='word_1_368' title='bbox 3262 2238 3504 2293; x_wconf 83' lang='lat' dir='ltr'><strong>arbitra-</strong></span> 
     </span>
    </p>
   </div>
   <div class='ocr_carea' id='block_1_51' title="bbox 1940 2328 2643 2400">
    <p class='ocr_par' dir='ltr' id='par_1_51' title="bbox 1940 2328 2643 2400">
     <span class='ocr_line' id='line_1_51' title="bbox 1940 2328 2643 2400; baseline 0.003 -17"><span class='ocrx_word' id='word_1_369' title='bbox 1940 2339 2049 2395; x_wconf 88' lang='lat' dir='ltr'><strong>tur,</strong></span> <span class='ocrx_word' id='word_1_370' title='bbox 2078 2339 2252 2386; x_wconf 87' lang='lat' dir='ltr'><strong>semet</strong></span> <span class='ocrx_word' id='word_1_371' title='bbox 2284 2330 2398 2400; x_wconf 90' lang='lat' dir='ltr'><strong>ipse</strong></span> <span class='ocrx_word' id='word_1_372' title='bbox 2433 2328 2643 2385; x_wconf 81' lang='lat' dir='ltr'><strong>fefellit.</strong></span> 
     </span>
    </p>
   </div>
   <div class='ocr_carea' id='block_1_52' title="bbox 1937 2416 3504 2544">
    <p class='ocr_par' dir='ltr' id='par_1_52' title="bbox 1937 2416 3504 2544">
     <span class='ocr_line' id='line_1_52' title="bbox 1937 2416 3504 2544; baseline -0.004 -68"><span class='ocrx_word' id='word_1_373' title='bbox 1937 2422 1959 2453; x_wconf 84' lang='grc'>⁸</span> <span class='ocrx_word' id='word_1_374' title='bbox 1988 2420 2084 2476; x_wconf 81' lang='lat' dir='ltr'><strong>Cui</strong></span> <span class='ocrx_word' id='word_1_375' title='bbox 2111 2420 2284 2475; x_wconf 74' lang='lat' dir='ltr'><strong>simile</strong></span> <span class='ocrx_word' id='word_1_376' title='bbox 2308 2421 2577 2476; x_wconf 74' lang='lat' dir='ltr'><strong>cstimabo</strong></span> <span class='ocrx_word' id='word_1_377' title='bbox 2610 2416 3000 2544; x_wconf 45' lang='lat' dir='ltr'><strong>regnum‘cbei?</strong></span> <span class='ocrx_word' id='word_1_378' title='bbox 3037 2416 3227 2473; x_wconf 77' lang='lat' dir='ltr'><strong>Simile</strong></span> <span class='ocrx_word' id='word_1_379' title='bbox 3269 2429 3345 2475; x_wconf 80' lang='lat' dir='ltr'><strong>est</strong></span> <span class='ocrx_word' id='word_1_380' title='bbox 3394 2419 3504 2480; x_wconf 79' lang='lat' dir='ltr'><strong>fer-</strong></span> 
     </span>
     <span class='ocr_line' id='line_1_53' title="bbox 2557 2504 2886 2544; baseline 0.003 -1"><span class='ocrx_word' id='word_1_381' title='bbox 2557 2504 2673 2543; x_wconf 69' lang='lat' dir='ltr'><strong>um:</strong></span> <span class='ocrx_word' id='word_1_382' title='bbox 2702 2505 2753 2544; x_wconf 90' lang='grc' dir='ltr'><strong>ο.</strong></span> <span class='ocrx_word' id='word_1_383' title='bbox 2780 2504 2811 2543; x_wconf 89' lang='lat' dir='ltr'><strong>e</strong></span> <span class='ocrx_word' id='word_1_384' title='bbox 2872 2526 2886 2543; x_wconf 91' lang='lat'><strong>.</strong></span> 
     </span>
    </p>
   </div>
   <div class='ocr_carea' id='block_1_53' title="bbox 2557 2504 2886 2553">
    <p class='ocr_par' dir='ltr' id='par_1_53' title="bbox 2557 2504 2886 2553">
     <span class='ocr_line' id='line_1_54' title="bbox 2557 2504 2886 2553; baseline 0 -10"><span class='ocrx_word' id='word_1_385' title='bbox 2557 2504 2753 2553; x_wconf 76' lang='lat' dir='ltr'><strong>mento,</strong></span> <span class='ocrx_word' id='word_1_386' title='bbox 2780 2504 2886 2544; x_wconf 84' lang='lat' dir='ltr'><strong>etc.</strong></span> 
     </span>
    </p>
   </div>
   <div class='ocr_carea' id='block_1_54' title="bbox 2005 2577 3501 2650">
    <p class='ocr_par' dir='ltr' id='par_1_54' title="bbox 2005 2577 3501 2650">
     <span class='ocr_line' id='line_1_55' title="bbox 2005 2577 3501 2650; baseline 0.001 -15"><span class='ocrx_word' id='word_1_387' title='bbox 2005 2579 2278 2635; x_wconf 86' lang='lat' dir='ltr'><strong>Fermenti</strong></span> <span class='ocrx_word' id='word_1_388' title='bbox 2332 2579 2553 2635; x_wconf 88' lang='lat' dir='ltr'><strong>nomine</strong></span> <span class='ocrx_word' id='word_1_389' title='bbox 2627 2579 2859 2650; x_wconf 81' lang='lat' dir='ltr'><strong>appellat</strong></span> <span class='ocrx_word' id='word_1_390' title='bbox 2914 2579 3171 2635; x_wconf 84' lang='lat' dir='ltr'><strong>Servator</strong></span> <span class='ocrx_word' id='word_1_391' title='bbox 3226 2577 3501 2637; x_wconf 79' lang='lat' dir='ltr'><strong>eﬂicacem</strong></span> 
     </span>
    </p>
   </div>
   <div class='ocr_carea' id='block_1_55' title="bbox 1938 2671 3502 2743">
    <p class='ocr_par' dir='ltr' id='par_1_55' title="bbox 1938 2671 3502 2743">
     <span class='ocr_line' id='line_1_56' title="bbox 1938 2671 3502 2743; baseline 0.002 -17"><span class='ocrx_word' id='word_1_392' title='bbox 1938 2671 2161 2728; x_wconf 87' lang='lat' dir='ltr'><strong>seminis</strong></span> <span class='ocrx_word' id='word_1_393' title='bbox 2216 2671 2360 2739; x_wconf 87' lang='lat' dir='ltr'><strong>vim,</strong></span> <span class='ocrx_word' id='word_1_394' title='bbox 2412 2680 2659 2726; x_wconf 84' lang='lat' dir='ltr'><strong>sanctum</strong></span> <span class='ocrx_word' id='word_1_395' title='bbox 2715 2671 2974 2740; x_wconf 86' lang='lat' dir='ltr'><strong>Spiritum</strong></span> <span class='ocrx_word' id='word_1_396' title='bbox 3031 2673 3104 2726; x_wconf 86' lang='lat' dir='ltr'><strong>ita</strong></span> <span class='ocrx_word' id='word_1_397' title='bbox 3170 2672 3502 2743; x_wconf 78' lang='lat' dir='ltr'><strong>signiﬁcans.</strong></span> 
     </span>
    </p>
   </div>
   <div class='ocr_carea' id='block_1_56' title="bbox 1936 2762 3506 2835">
    <p class='ocr_par' dir='ltr' id='par_1_56' title="bbox 1936 2762 3506 2835">
     <span class='ocr_line' id='line_1_57' title="bbox 1936 2762 3506 2835; baseline 0.002 -18"><span class='ocrx_word' id='word_1_398' title='bbox 1936 2762 2102 2835; x_wconf 86' lang='lat' dir='ltr'><strong>Igitur</strong></span> <span class='ocrx_word' id='word_1_399' title='bbox 2128 2762 2366 2818; x_wconf 78' lang='lat' dir='ltr'><strong>cmlestis</strong></span> <span class='ocrx_word' id='word_1_400' title='bbox 2396 2763 2548 2832; x_wconf 87' lang='lat' dir='ltr'><strong>regni</strong></span> <span class='ocrx_word' id='word_1_401' title='bbox 2579 2762 2811 2817; x_wconf 83' lang='lat' dir='ltr'><strong>Verbum</strong></span> <span class='ocrx_word' id='word_1_402' title='bbox 2841 2771 2961 2833; x_wconf 88' lang='lat' dir='ltr'><strong>post</strong></span> <span class='ocrx_word' id='word_1_403' title='bbox 3003 2763 3233 2832; x_wconf 86' lang='lat' dir='ltr'><strong>primam</strong></span> <span class='ocrx_word' id='word_1_404' title='bbox 3268 2765 3323 2820; x_wconf 90' lang='lat' dir='ltr'><strong>in</strong></span> <span class='ocrx_word' id='word_1_405' title='bbox 3350 2764 3506 2822; x_wconf 70' lang='lat' dir='ltr'><strong>cmlis</strong></span> 
     </span>
    </p>
   </div>
   <div class='ocr_carea' id='block_1_57' title="bbox 1938 2852 3503 2925">
    <p class='ocr_par' dir='ltr' id='par_1_57' title="bbox 1938 2852 3503 2925">
     <span class='ocr_line' id='line_1_58' title="bbox 1938 2852 3503 2925; baseline 0.002 -17"><span class='ocrx_word' id='word_1_406' title='bbox 1938 2856 2203 2908; x_wconf 85' lang='lat' dir='ltr'><strong>sationem</strong></span> <span class='ocrx_word' id='word_1_407' title='bbox 2251 2862 2491 2917; x_wconf 84' lang='lat' dir='ltr'><strong>auctum,</strong></span> <span class='ocrx_word' id='word_1_408' title='bbox 2533 2852 2873 2924; x_wconf 78' lang='lat' dir='ltr'><strong>fructumque</strong></span> <span class='ocrx_word' id='word_1_409' title='bbox 2912 2855 3205 2924; x_wconf 89' lang='lat' dir='ltr'><strong>perfectum</strong></span> <span class='ocrx_word' id='word_1_410' title='bbox 3252 2857 3503 2925; x_wconf 71' lang='lat' dir='ltr'><strong>reddens,</strong></span> 
     </span>
    </p>
   </div>
   <div class='ocr_carea' id='block_1_58' title="bbox 1940 2944 3508 3015">
    <p class='ocr_par' dir='ltr' id='par_1_58' title="bbox 1940 2944 3508 3015">
     <span class='ocr_line' id='line_1_59' title="bbox 1940 2944 3508 3015; baseline -0.001 -12"><span class='ocrx_word' id='word_1_411' title='bbox 1940 2944 2113 3003; x_wconf 78' lang='lat' dir='ltr'><strong>sancti</strong></span> <span class='ocrx_word' id='word_1_412' title='bbox 2147 2945 2379 3015; x_wconf 87' lang='lat' dir='ltr'><strong>Spiritus</strong></span> <span class='ocrx_word' id='word_1_413' title='bbox 2411 2944 2871 2999; x_wconf 86' lang='lat' dir='ltr'><strong>ministrationem</strong></span> <span class='ocrx_word' id='word_1_414' title='bbox 2908 2945 2973 3000; x_wconf 91' lang='lat' dir='ltr'><strong>iis</strong></span> <span class='ocrx_word' id='word_1_415' title='bbox 3017 2945 3109 3015; x_wconf 89' lang='lat' dir='ltr'><strong>qui</strong></span> <span class='ocrx_word' id='word_1_416' title='bbox 3140 2960 3169 3001; x_wconf 91' lang='lat' dir='ltr'><strong>a</strong></span> <span class='ocrx_word' id='word_1_417' title='bbox 3202 2947 3393 3015; x_wconf 83' lang='lat' dir='ltr'><strong>primis</strong></span> <span class='ocrx_word' id='word_1_418' title='bbox 3424 2948 3508 3002; x_wconf 88' lang='lat' dir='ltr'><strong>in-</strong></span> 
     </span>
    </p>
   </div>
   <div class='ocr_carea' id='block_1_59' title="bbox 1939 3034 3507 3106">
    <p class='ocr_par' dir='ltr' id='par_1_59' title="bbox 1939 3034 3507 3106">
     <span class='ocr_line' id='line_1_60' title="bbox 1939 3034 3507 3106; baseline -0.001 -14"><span class='ocrx_word' id='word_1_419' title='bbox 1939 3037 2286 3096; x_wconf 81' lang='lat' dir='ltr'><strong>etitutoribus</strong></span> <span class='ocrx_word' id='word_1_420' title='bbox 2342 3036 2533 3092; x_wconf 85' lang='lat' dir='ltr'><strong>imbuti</strong></span> <span class='ocrx_word' id='word_1_421' title='bbox 2583 3034 2804 3091; x_wconf 91' lang='lat' dir='ltr'><strong>fuerunt</strong></span> <span class='ocrx_word' id='word_1_422' title='bbox 2849 3037 3084 3106; x_wconf 56' lang='lat' dir='ltr'><strong>praebet,</strong></span> <span class='ocrx_word' id='word_1_423' title='bbox 3132 3036 3383 3093; x_wconf 88' lang='lat' dir='ltr'><strong>fermenti</strong></span> <span class='ocrx_word' id='word_1_424' title='bbox 3420 3038 3507 3093; x_wconf 81' lang='lat' dir='ltr'><strong>in-</strong></span> 
     </span>
    </p>
   </div>
   <div class='ocr_carea' id='block_1_60' title="bbox 266 3106 1836 3221">
    <p class='ocr_par' dir='ltr' id='par_1_60' title="bbox 266 3106 1836 3221">
     <span class='ocr_line' id='line_1_61' title="bbox 266 3106 1836 3221; baseline 0.009 -23"><span class='ocrx_word' id='word_1_425' title='bbox 266 3106 639 3200; x_wconf 69' lang='grc' dir='ltr'>ὠφελήμινοις</span> <span class='ocrx_word' id='word_1_426' title='bbox 689 3106 945 3204; x_wconf 52' lang='lat' dir='ltr'><strong>mea};</strong></span> <span class='ocrx_word' id='word_1_427' title='bbox 983 3106 1160 3206; x_wconf 62' lang='grc' dir='ltr'>ἓῦμης</span> <span class='ocrx_word' id='word_1_428' title='bbox 1184 3106 1605 3221; x_wconf 29' lang='grc' dir='ltr'>δίέηνκφύραμα</span> <span class='ocrx_word' id='word_1_429' title='bbox 1637 3106 1836 3211; x_wconf 68' lang='grc' dir='ltr'>ξυμού-</span> 
     </span>
    </p>
   </div>
   <div class='ocr_carea' id='block_1_61' title="bbox 1932 3106 3504 3221">
    <p class='ocr_par' dir='ltr' id='par_1_61' title="bbox 1938 3127 3504 3197">
     <span class='ocr_line' id='line_1_62' title="bbox 1938 3127 3504 3197; baseline 0.003 -13"><span class='ocrx_word' id='word_1_430' title='bbox 1938 3142 2055 3185; x_wconf 87' lang='lat' dir='ltr'><strong>star</strong></span> <span class='ocrx_word' id='word_1_431' title='bbox 2108 3144 2341 3185; x_wconf 84' lang='lat' dir='ltr'><strong>massam</strong></span> <span class='ocrx_word' id='word_1_432' title='bbox 2418 3127 2816 3184; x_wconf 87' lang='lat' dir='ltr'><strong>fermentantis.</strong></span> <span class='ocrx_word' id='word_1_433' title='bbox 2876 3128 3068 3185; x_wconf 75' lang='lat' dir='ltr'><strong>Mulier</strong></span> <span class='ocrx_word' id='word_1_434' title='bbox 3138 3138 3354 3197; x_wconf 88' lang='lat' dir='ltr'><strong>autem,</strong></span> <span class='ocrx_word' id='word_1_435' title='bbox 3407 3129 3504 3189; x_wconf 83' lang='lat' dir='ltr'><strong>Dei</strong></span> 
     </span>
    </p>
   </div>
   <div class='ocr_carea' id='block_1_62' title="bbox 269 3220 1833 3303">
    <p class='ocr_par' dir='ltr' id='par_1_62' title="bbox 269 3220 1833 3303">
     <span class='ocr_line' id='line_1_63' title="bbox 269 3220 1833 3303; baseline 0.008 -30"><span class='ocrx_word' id='word_1_436' title='bbox 269 3236 392 3291; x_wconf 77' lang='grc' dir='ltr'>σης.</span> <span class='ocrx_word' id='word_1_437' title='bbox 426 3220 567 3291; x_wconf 83' lang='grc' dir='ltr'>Γυνὴ</span> <span class='ocrx_word' id='word_1_438' title='bbox 598 3221 654 3274; x_wconf 77' lang='grc' dir='ltr'>δὲ</span> <span class='ocrx_word' id='word_1_439' title='bbox 687 3222 913 3294; x_wconf 87' lang='grc' dir='ltr'>ταύτην,</span> <span class='ocrx_word' id='word_1_440' title='bbox 945 3227 978 3296; x_wconf 79' lang='grc' dir='ltr'>ἡ</span> <span class='ocrx_word' id='word_1_441' title='bbox 1009 3227 1169 3294; x_wconf 86' lang='grc' dir='ltr'>σοφία</span> <span class='ocrx_word' id='word_1_442' title='bbox 1193 3228 1284 3280; x_wconf 88' lang='grc' dir='ltr'><strong>τοῦ</strong></span> <span class='ocrx_word' id='word_1_443' title='bbox 1314 3228 1469 3294; x_wconf 89' lang='grc' dir='ltr'>Θεοῦ,</span> <span class='ocrx_word' id='word_1_444' title='bbox 1498 3233 1578 3293; x_wconf 89' lang='grc' dir='ltr'><strong>είς</strong></span> <span class='ocrx_word' id='word_1_445' title='bbox 1607 3230 1833 3303; x_wconf 83' lang='grc' dir='ltr'>ἀλεύρου</span> 
     </span>
    </p>
   </div>
   <div class='ocr_carea' id='block_1_63' title="bbox 270 3310 1835 3391">
    <p class='ocr_par' dir='ltr' id='par_1_63' title="bbox 270 3310 1835 3391">
     <span class='ocr_line' id='line_1_64' title="bbox 270 3310 1835 3391; baseline 0.007 -26"><span class='ocrx_word' id='word_1_446' title='bbox 270 3310 411 3367; x_wconf 70' lang='grc' dir='ltr'>σάτα</span> <span class='ocrx_word' id='word_1_447' title='bbox 464 3311 589 3382; x_wconf 90' lang='grc' dir='ltr'>τρία</span> <span class='ocrx_word' id='word_1_448' title='bbox 629 3312 947 3383; x_wconf 70' lang='grc' dir='ltr'>ἐγκρύπτει.</span> <span class='ocrx_word' id='word_1_449' title='bbox 1002 3317 1126 3381; x_wconf 88' lang='grc' dir='ltr'>Τοῖς</span> <span class='ocrx_word' id='word_1_450' title='bbox 1154 3318 1283 3386; x_wconf 87' lang='grc' dir='ltr'>γοῦν</span> <span class='ocrx_word' id='word_1_451' title='bbox 1330 3321 1712 3391; x_wconf 79' lang='grc' dir='ltr'>πορισαμένοις</span> <span class='ocrx_word' id='word_1_452' title='bbox 1771 3324 1835 3377; x_wconf 69' lang='grc' dir='ltr'>ἐκ</span> 
     </span>
    </p>
   </div>
   <div class='ocr_carea' id='block_1_64' title="bbox 267 3399 1835 3481">
    <p class='ocr_par' dir='ltr' id='par_1_64' title="bbox 267 3399 1835 3481">
     <span class='ocr_line' id='line_1_65' title="bbox 267 3399 1835 3481; baseline 0.008 -29"><span class='ocrx_word' id='word_1_453' title='bbox 267 3399 471 3469; x_wconf 78' lang='grc' dir='ltr'>πολλῆς</span> <span class='ocrx_word' id='word_1_454' title='bbox 517 3402 831 3470; x_wconf 63' lang='grc' dir='ltr'>ἐπιμελείας</span> <span class='ocrx_word' id='word_1_455' title='bbox 885 3402 979 3457; x_wconf 73' lang='grc' dir='ltr'>καὶ</span> <span class='ocrx_word' id='word_1_456' title='bbox 1022 3406 1121 3475; x_wconf 85' lang='grc' dir='ltr'>τῆς</span> <span class='ocrx_word' id='word_1_457' title='bbox 1169 3405 1262 3460; x_wconf 92' lang='grc' dir='ltr'><strong>τοῦ</strong></span> <span class='ocrx_word' id='word_1_458' title='bbox 1318 3408 1517 3480; x_wconf 84' lang='grc' dir='ltr'>σπόρου</span> <span class='ocrx_word' id='word_1_459' title='bbox 1562 3410 1835 3481; x_wconf 85' lang='grc' dir='ltr'>γεωργίας</span> 
     </span>
    </p>
   </div>
   <div class='ocr_carea' id='block_1_65' title="bbox 266 3489 1834 3573">
    <p class='ocr_par' dir='ltr' id='par_1_65' title="bbox 266 3489 1834 3573">
     <span class='ocr_line' id='line_1_66' title="bbox 266 3489 1834 3573; baseline 0.007 -28"><span class='ocrx_word' id='word_1_460' title='bbox 266 3489 501 3561; x_wconf 80' lang='grc' dir='ltr'>ἀλεύρου</span> <span class='ocrx_word' id='word_1_461' title='bbox 531 3492 667 3545; x_wconf 83' lang='grc' dir='ltr'>σάτα</span> <span class='ocrx_word' id='word_1_462' title='bbox 713 3493 861 3564; x_wconf 89' lang='grc' dir='ltr'>τρία,</span> <span class='ocrx_word' id='word_1_463' title='bbox 909 3494 1151 3566; x_wconf 86' lang='grc' dir='ltr'>δόγματα</span> <span class='ocrx_word' id='word_1_464' title='bbox 1202 3496 1320 3551; x_wconf 87' lang='grc' dir='ltr'>θεῖα</span> <span class='ocrx_word' id='word_1_465' title='bbox 1360 3500 1454 3552; x_wconf 74' lang='grc' dir='ltr'>καὶ</span> <span class='ocrx_word' id='word_1_466' title='bbox 1490 3501 1688 3568; x_wconf 84' lang='grc' dir='ltr'>γνῶσιν</span> <span class='ocrx_word' id='word_1_467' title='bbox 1736 3501 1834 3573; x_wconf 82' lang='grc' dir='ltr'>τὴν</span> 
     </span>
    </p>
   </div>
   <div class='ocr_carea' id='block_1_66' title="bbox 268 3580 1831 3662">
    <p class='ocr_par' dir='ltr' id='par_1_66' title="bbox 268 3580 1831 3662">
     <span class='ocr_line' id='line_1_67' title="bbox 268 3580 1831 3662; baseline 0.009 -29"><span class='ocrx_word' id='word_1_468' title='bbox 268 3580 403 3652; x_wconf 82' lang='grc' dir='ltr'>περὶ</span> <span class='ocrx_word' id='word_1_469' title='bbox 436 3581 647 3653; x_wconf 85' lang='grc' dir='ltr'>Πατρὸς</span> <span class='ocrx_word' id='word_1_470' title='bbox 677 3584 770 3636; x_wconf 70' lang='grc' dir='ltr'>καὶ</span> <span class='ocrx_word' id='word_1_471' title='bbox 800 3583 928 3638; x_wconf 88' lang='grc' dir='ltr'>Υἱοῦ</span> <span class='ocrx_word' id='word_1_472' title='bbox 953 3586 1046 3639; x_wconf 79' lang='grc' dir='ltr'>καὶ</span> <span class='ocrx_word' id='word_1_473' title='bbox 1075 3586 1230 3655; x_wconf 87' lang='grc' dir='ltr'>ἀγίου</span> <span class='ocrx_word' id='word_1_474' title='bbox 1268 3587 1601 3659; x_wconf 82' lang='grc' dir='ltr'>Πνεύματος,</span> <span class='ocrx_word' id='word_1_475' title='bbox 1656 3592 1690 3662; x_wconf 76' lang='grc' dir='ltr'>ἡ</span> <span class='ocrx_word' id='word_1_476' title='bbox 1734 3592 1831 3647; x_wconf 84' lang='grc' dir='ltr'><strong>τοῦ</strong></span> 
     </span>
    </p>
   </div>
   <div class='ocr_carea' id='block_1_67' title="bbox 266 3670 1832 3755">
    <p class='ocr_par' dir='ltr' id='par_1_67' title="bbox 266 3670 1832 3755">
     <span class='ocr_line' id='line_1_68' title="bbox 266 3670 1832 3755; baseline 0.009 -32"><span class='ocrx_word' id='word_1_477' title='bbox 266 3670 407 3724; x_wconf 87' lang='grc' dir='ltr'>Θεοῦ</span> <span class='ocrx_word' id='word_1_478' title='bbox 454 3673 615 3741; x_wconf 89' lang='grc' dir='ltr'>σοφία</span> <span class='ocrx_word' id='word_1_479' title='bbox 652 3672 714 3726; x_wconf 84' lang='grc' dir='ltr'><strong>τὺ</strong></span> <span class='ocrx_word' id='word_1_480' title='bbox 751 3673 903 3743; x_wconf 75' lang='grc' dir='ltr'>ἅγιον</span> <span class='ocrx_word' id='word_1_481' title='bbox 958 3675 1184 3751; x_wconf 87' lang='grc' dir='ltr'>Πνεῦμα</span> <span class='ocrx_word' id='word_1_482' title='bbox 1230 3684 1483 3749; x_wconf 83' lang='grc' dir='ltr'>χορηγεῖ·</span> <span class='ocrx_word' id='word_1_483' title='bbox 1537 3682 1571 3751; x_wconf 76' lang='grc' dir='ltr'><strong>η</strong></span> <span class='ocrx_word' id='word_1_484' title='bbox 1602 3683 1649 3737; x_wconf 79' lang='grc' dir='ltr'>δ’</span> <span class='ocrx_word' id='word_1_485' title='bbox 1696 3682 1832 3755; x_wconf 78' lang='grc' dir='ltr'>αὐτὴ</span> 
     </span>
    </p>
   </div>
   <div class='ocr_carea' id='block_1_68' title="bbox 265 3762 1832 3845">
    <p class='ocr_par' dir='ltr' id='par_1_68' title="bbox 265 3762 1832 3845">
     <span class='ocr_line' id='line_1_69' title="bbox 265 3762 1832 3845; baseline 0.008 -30"><span class='ocrx_word' id='word_1_486' title='bbox 265 3762 395 3816; x_wconf 82' lang='grc' dir='ltr'>καθ’</span> <span class='ocrx_word' id='word_1_487' title='bbox 440 3763 633 3834; x_wconf 63' lang='grc' dir='ltr'>ἑτέραν</span> <span class='ocrx_word' id='word_1_488' title='bbox 660 3764 897 3820; x_wconf 87' lang='grc' dir='ltr'>διάνοιαν</span> <span class='ocrx_word' id='word_1_489' title='bbox 926 3767 1103 3821; x_wconf 88' lang='grc' dir='ltr'>πάντα</span> <span class='ocrx_word' id='word_1_490' title='bbox 1139 3769 1230 3823; x_wconf 81' lang='grc' dir='ltr'><strong>τὸν</strong></span> <span class='ocrx_word' id='word_1_491' title='bbox 1265 3770 1359 3823; x_wconf 87' lang='grc' dir='ltr'><strong>τοῦ</strong></span> <span class='ocrx_word' id='word_1_492' title='bbox 1391 3771 1523 3824; x_wconf 77' lang='grc' dir='ltr'>Θεοῦ</span> <span class='ocrx_word' id='word_1_493' title='bbox 1550 3772 1832 3845; x_wconf 79' lang='grc' dir='ltr'>ἄνθρωπον</span> 
     </span>
    </p>
   </div>
   <div class='ocr_carea' id='block_1_69' title="bbox 264 3854 1830 3939">
    <p class='ocr_par' dir='ltr' id='par_1_69' title="bbox 264 3854 1830 3939">
     <span class='ocr_line' id='line_1_70' title="bbox 264 3854 1830 3939; baseline 0.008 -32"><span class='ocrx_word' id='word_1_494' title='bbox 264 3854 334 3908; x_wconf 65' lang='lat' dir='ltr'><strong>lx</strong></span> <span class='ocrx_word' id='word_1_495' title='bbox 357 3854 600 3925; x_wconf 82' lang='grc' dir='ltr'>σώματος</span> <span class='ocrx_word' id='word_1_496' title='bbox 625 3858 719 3910; x_wconf 76' lang='grc' dir='ltr'>καὶ</span> <span class='ocrx_word' id='word_1_497' title='bbox 742 3857 918 3930; x_wconf 77' lang='grc' dir='ltr'>ψυχῆς</span> <span class='ocrx_word' id='word_1_498' title='bbox 937 3860 1032 3913; x_wconf 79' lang='grc' dir='ltr'>καὶ</span> <span class='ocrx_word' id='word_1_499' title='bbox 1062 3860 1367 3932; x_wconf 82' lang='grc' dir='ltr'>πνεύματος</span> <span class='ocrx_word' id='word_1_500' title='bbox 1400 3864 1725 3931; x_wconf 83' lang='grc' dir='ltr'>συνεστῶτα,</span> <span class='ocrx_word' id='word_1_501' title='bbox 1762 3869 1830 3939; x_wconf 73' lang='grc' dir='ltr'><strong>τῇ</strong></span> 
     </span>
    </p>
   </div>
   <div class='ocr_carea' id='block_1_70' title="bbox 264 3945 1831 4026">
    <p class='ocr_par' dir='ltr' id='par_1_70' title="bbox 264 3945 1831 4026">
     <span class='ocr_line' id='line_1_71' title="bbox 264 3945 1831 4026; baseline 0.008 -29"><span class='ocrx_word' id='word_1_502' title='bbox 264 3945 526 4016; x_wconf 64' lang='grc' dir='ltr'>ἐπιχορηγ</span> <span class='ocrx_word' id='word_1_503' title='bbox 538 3946 593 4017; x_wconf 79' lang='grc' dir='ltr'><strong>ίᾳ</strong></span> <span class='ocrx_word' id='word_1_504' title='bbox 610 3948 710 4018; x_wconf 89' lang='grc' dir='ltr'>τῆς</span> <span class='ocrx_word' id='word_1_505' title='bbox 725 3947 876 4012; x_wconf 88' lang='grc' dir='ltr'>θείας</span> <span class='ocrx_word' id='word_1_506' title='bbox 889 3950 1235 4020; x_wconf 74' lang='grc' dir='ltr'>ὲμπνεύσεως</span> <span class='ocrx_word' id='word_1_507' title='bbox 1251 3952 1430 4023; x_wconf 79' lang='grc' dir='ltr'>ζυμοῖ,</span> <span class='ocrx_word' id='word_1_508' title='bbox 1454 3955 1831 4026; x_wconf 73' lang='grc' dir='ltr'>ἑγκρύπτουσα</span> 
     </span>
    </p>
   </div>
   <div class='ocr_carea' id='block_1_71' title="bbox 263 4035 1833 4117">
    <p class='ocr_par' dir='ltr' id='par_1_71' title="bbox 263 4035 1833 4117">
     <span class='ocr_line' id='line_1_72' title="bbox 263 4035 1833 4117; baseline 0.009 -30"><span class='ocrx_word' id='word_1_509' title='bbox 263 4035 367 4105; x_wconf 81' lang='grc' dir='ltr'>τὴν</span> <span class='ocrx_word' id='word_1_510' title='bbox 392 4035 451 4099; x_wconf 80' lang='grc' dir='ltr'><strong>ιε</strong></span> <span class='ocrx_word' id='word_1_511' title='bbox 476 4036 646 4106; x_wconf 84' lang='grc' dir='ltr'>αὐτῆς</span> <span class='ocrx_word' id='word_1_512' title='bbox 682 4037 948 4107; x_wconf 80' lang='grc' dir='ltr'>ὠφέλειαν</span> <span class='ocrx_word' id='word_1_513' title='bbox 977 4042 1055 4104; x_wconf 86' lang='grc' dir='ltr'><strong>είς</strong></span> <span class='ocrx_word' id='word_1_514' title='bbox 1083 4041 1309 4113; x_wconf 83' lang='grc' dir='ltr'>ἀλεύρου</span> <span class='ocrx_word' id='word_1_515' title='bbox 1344 4045 1479 4098; x_wconf 79' lang='grc' dir='ltr'>σάτα</span> <span class='ocrx_word' id='word_1_516' title='bbox 1505 4046 1630 4117; x_wconf 86' lang='grc' dir='ltr'>τρία</span> <span class='ocrx_word' id='word_1_517' title='bbox 1654 4046 1723 4101; x_wconf 86' lang='grc' dir='ltr'><strong>τά</strong></span> <span class='ocrx_word' id='word_1_518' title='bbox 1747 4064 1833 4101; x_wconf 87' lang='grc' dir='ltr'>νε-</span> 
     </span>
    </p>
   </div>
   <div class='ocr_carea' id='block_1_72' title="bbox 263 4122 1827 4211">
    <p class='ocr_par' dir='ltr' id='par_1_72' title="bbox 263 4122 1827 4211">
     <span class='ocr_line' id='line_1_73' title="bbox 263 4122 1827 4211; baseline 0.01 -35"><span class='ocrx_word' id='word_1_519' title='bbox 263 4125 527 4196; x_wconf 76' lang='grc' dir='ltr'>νοημένα,</span> <span class='ocrx_word' id='word_1_520' title='bbox 552 4127 656 4192; x_wconf 74' lang='grc' dir='ltr'>ἕως</span> <span class='ocrx_word' id='word_1_521' title='bbox 686 4122 747 4181; x_wconf 80' lang='grc' dir='ltr'>οὖ</span> <span class='ocrx_word' id='word_1_522' title='bbox 775 4126 997 4203; x_wconf 77' lang='grc' dir='ltr'>ζυμωθῇ</span> <span class='ocrx_word' id='word_1_523' title='bbox 1022 4131 1160 4186; x_wconf 79' lang='grc' dir='ltr'>ὅλον.</span> <span class='ocrx_word' id='word_1_524' title='bbox 1185 4133 1338 4187; x_wconf 81' lang='grc' dir='ltr'>Οὕτω</span> <span class='ocrx_word' id='word_1_525' title='bbox 1374 4135 1501 4204; x_wconf 88' lang='grc' dir='ltr'>γοῦν</span> <span class='ocrx_word' id='word_1_526' title='bbox 1532 4139 1597 4208; x_wconf 80' lang='grc' dir='ltr'>τῇ</span> <span class='ocrx_word' id='word_1_527' title='bbox 1632 4140 1827 4211; x_wconf 71' lang='grc' dir='ltr'>μετοχῇ</span> 
     </span>
    </p>
   </div>
   <div class='ocr_carea' id='block_1_73' title="bbox 261 4214 1831 4300">
    <p class='ocr_par' dir='ltr' id='par_1_73' title="bbox 261 4214 1831 4300">
     <span class='ocr_line' id='line_1_74' title="bbox 261 4214 1831 4300; baseline 0.01 -33"><span class='ocrx_word' id='word_1_528' title='bbox 261 4214 369 4285; x_wconf 73' lang='grc' dir='ltr'>τῆς</span> <span class='ocrx_word' id='word_1_529' title='bbox 392 4216 642 4287; x_wconf 75' lang='grc' dir='ltr'>οὐρανίου</span> <span class='ocrx_word' id='word_1_530' title='bbox 665 4216 842 4288; x_wconf 74' lang='grc' dir='ltr'>ζύμης</span> <span class='ocrx_word' id='word_1_531' title='bbox 865 4220 1108 4291; x_wconf 72' lang='grc' dir='ltr'>ποιηθεὶς</span> <span class='ocrx_word' id='word_1_532' title='bbox 1141 4224 1235 4276; x_wconf 68' lang='grc' dir='ltr'>καὶ</span> <span class='ocrx_word' id='word_1_533' title='bbox 1264 4223 1554 4296; x_wconf 80' lang='grc' dir='ltr'>ζυμωθεὶς,</span> <span class='ocrx_word' id='word_1_534' title='bbox 1585 4228 1831 4300; x_wconf 87' lang='grc' dir='ltr'>οὐράνιος</span> 
     </span>
    </p>
   </div>
   <div class='ocr_carea' id='block_1_74' title="bbox 263 4306 1830 4387">
    <p class='ocr_par' dir='ltr' id='par_1_74' title="bbox 263 4306 1830 4387">
     <span class='ocr_line' id='line_1_75' title="bbox 263 4306 1830 4387; baseline 0.008 -28"><span class='ocrx_word' id='word_1_535' title='bbox 263 4306 365 4360; x_wconf 74' lang='grc' dir='ltr'>καὶ</span> <span class='ocrx_word' id='word_1_536' title='bbox 392 4309 760 4377; x_wconf 72' lang='grc' dir='ltr'>πνευματικὸς</span> <span class='ocrx_word' id='word_1_537' title='bbox 786 4311 1110 4382; x_wconf 84' lang='grc' dir='ltr'>χρηματίσει</span> <span class='ocrx_word' id='word_1_538' title='bbox 1136 4312 1438 4385; x_wconf 78' lang='grc' dir='ltr'>ἄνθρωπος,</span> <span class='ocrx_word' id='word_1_539' title='bbox 1467 4318 1562 4371; x_wconf 73' lang='grc' dir='ltr'>καὶ</span> <span class='ocrx_word' id='word_1_540' title='bbox 1590 4319 1707 4371; x_wconf 80' lang='grc' dir='ltr'>νέον</span> <span class='ocrx_word' id='word_1_541' title='bbox 1731 4317 1830 4387; x_wconf 87' lang='grc' dir='ltr'>φύ-</span> 
     </span>
    </p>
   </div>
   <div class='ocr_carea' id='block_1_75' title="bbox 263 4398 1905 4502">
    <p class='ocr_par' dir='ltr' id='par_1_75' title="bbox 263 4398 1905 4502">
     <span class='ocr_line' id='line_1_76' title="bbox 263 4398 1905 4502; baseline 0.01 -54"><span class='ocrx_word' id='word_1_542' title='bbox 263 4412 441 4502; x_wconf 64' lang='grc' dir='ltr'>ραμα,</span> <span class='ocrx_word' id='word_1_543' title='bbox 465 4398 632 4502; x_wconf 60' lang='grc' dir='ltr'><strong>ὡςάν</strong></span> <span class='ocrx_word' id='word_1_544' title='bbox 902 4402 1148 4502; x_wconf 83' lang='grc' dir='ltr'>κράσεως</span> <span class='ocrx_word' id='word_1_545' title='bbox 1186 4406 1500 4502; x_wconf 68' lang='grc' dir='ltr'>γενομένης,</span> <span class='ocrx_word' id='word_1_546' title='bbox 1524 4408 1631 4461; x_wconf 84' lang='grc' dir='ltr'><strong>τῶν</strong></span> <span class='ocrx_word' id='word_1_547' title='bbox 1663 4408 1829 4479; x_wconf 85' lang='grc' dir='ltr'>τριῶν</span> <span class='ocrx_word' id='word_1_548' title='bbox 1860 4445 1905 4502; x_wconf 74' lang='lat' dir='ltr'><strong>D</strong></span> 
     </span>
    </p>
   </div>
   <div class='ocr_carea' id='block_1_76' title="bbox 262 4485 1831 4568">
    <p class='ocr_par' dir='ltr' id='par_1_76' title="bbox 262 4485 1831 4568">
     <span class='ocr_line' id='line_1_77' title="bbox 262 4485 1831 4568; baseline 0.01 -31"><span class='ocrx_word' id='word_1_549' title='bbox 262 4485 510 4556; x_wconf 77' lang='grc' dir='ltr'>ἀλεύρων</span> <span class='ocrx_word' id='word_1_550' title='bbox 547 4488 969 4561; x_wconf 73' lang='grc' dir='ltr'>ἀποδεδομένων,</span> <span class='ocrx_word' id='word_1_551' title='bbox 1016 4493 1109 4545; x_wconf 77' lang='grc' dir='ltr'>καὶ</span> <span class='ocrx_word' id='word_1_552' title='bbox 1151 4493 1249 4564; x_wconf 83' lang='grc' dir='ltr'>τῆς</span> <span class='ocrx_word' id='word_1_553' title='bbox 1281 4496 1339 4547; x_wconf 73' lang='grc' dir='ltr'>ὲν</span> <span class='ocrx_word' id='word_1_554' title='bbox 1373 4498 1556 4560; x_wconf 85' lang='grc' dir='ltr'>αὐτοῖς</span> <span class='ocrx_word' id='word_1_555' title='bbox 1597 4499 1831 4568; x_wconf 74' lang='grc' dir='ltr'>ἐμπνεύ-</span> 
     </span>
    </p>
   </div>
   <div class='ocr_carea' id='block_1_77' title="bbox 263 4579 1827 4660">
    <p class='ocr_par' dir='ltr' id='par_1_77' title="bbox 263 4579 1827 4660">
     <span class='ocr_line' id='line_1_78' title="bbox 263 4579 1827 4660; baseline 0.01 -31"><span class='ocrx_word' id='word_1_556' title='bbox 263 4593 421 4640; x_wconf 82' lang='grc' dir='ltr'>σεως.</span> <span class='ocrx_word' id='word_1_557' title='bbox 460 4579 567 4639; x_wconf 69' lang='grc' dir='ltr'><strong>Καὶ</strong></span> <span class='ocrx_word' id='word_1_558' title='bbox 588 4581 653 4653; x_wconf 79' lang='grc' dir='ltr'>δὴ</span> <span class='ocrx_word' id='word_1_559' title='bbox 678 4582 796 4646; x_wconf 83' lang='grc' dir='ltr'>νέος</span> <span class='ocrx_word' id='word_1_560' title='bbox 829 4583 991 4655; x_wconf 77' lang='grc' dir='ltr'>ἄρτος</span> <span class='ocrx_word' id='word_1_561' title='bbox 1017 4586 1111 4637; x_wconf 81' lang='grc' dir='ltr'>καὶ</span> <span class='ocrx_word' id='word_1_562' title='bbox 1139 4589 1500 4656; x_wconf 83' lang='grc' dir='ltr'>πνευματικὸς</span> <span class='ocrx_word' id='word_1_563' title='bbox 1530 4589 1827 4660; x_wconf 87' lang='grc' dir='ltr'>γενόμενοι,</span> 
     </span>
    </p>
   </div>
   <div class='ocr_carea' id='block_1_78' title="bbox 261 4667 1833 4747">
    <p class='ocr_par' dir='ltr' id='par_1_78' title="bbox 261 4667 1833 4747">
     <span class='ocr_line' id='line_1_79' title="bbox 261 4667 1833 4747; baseline 0.011 -28"><span class='ocrx_word' id='word_1_564' title='bbox 261 4667 407 4721; x_wconf 82' lang='grc' dir='ltr'><strong>κατά</strong></span> <span class='ocrx_word' id='word_1_565' title='bbox 439 4670 528 4722; x_wconf 78' lang='grc' dir='ltr'><strong>τὸν</strong></span> <span class='ocrx_word' id='word_1_566' title='bbox 559 4670 894 4738; x_wconf 79' lang='grc' dir='ltr'>’Δπόστολον,</span> <span class='ocrx_word' id='word_1_567' title='bbox 938 4674 999 4738; x_wconf 80' lang='grc' dir='ltr'>ὃς</span> <span class='ocrx_word' id='word_1_568' title='bbox 1045 4693 1229 4747; x_wconf 87' lang='grc' dir='ltr'>φησιν,</span> <span class='ocrx_word' id='word_1_569' title='bbox 1266 4675 1370 4743; x_wconf 81' lang='grc' dir='ltr'><strong>Εἷς</strong></span> <span class='ocrx_word' id='word_1_570' title='bbox 1411 4678 1588 4745; x_wconf 77' lang='grc' dir='ltr'>ἄρτος</span> <span class='ocrx_word' id='word_1_571' title='bbox 1627 4682 1723 4735; x_wconf 78' lang='grc' dir='ltr'>καὶ</span> <span class='ocrx_word' id='word_1_572' title='bbox 1763 4681 1833 4736; x_wconf 63' lang='grc' dir='ltr'><strong><em>ἓν</em></strong></span> 
     </span>
    </p>
   </div>
   <div class='ocr_carea' id='block_1_79' title="bbox 259 4754 1832 4841">
    <p class='ocr_par' dir='ltr' id='par_1_79' title="bbox 259 4754 1832 4841">
     <span class='ocr_line' id='line_1_80' title="bbox 259 4754 1832 4841; baseline 0.011 -35"><span class='ocrx_word' id='word_1_573' title='bbox 259 4754 436 4824; x_wconf 76' lang='grc' dir='ltr'>σῶμά</span> <span class='ocrx_word' id='word_1_574' title='bbox 457 4757 643 4825; x_wconf 76' lang='grc' dir='ltr'>ἐσμεν</span> <span class='ocrx_word' id='word_1_575' title='bbox 672 4762 726 4813; x_wconf 81' lang='grc' dir='ltr'>οὶ</span> <span class='ocrx_word' id='word_1_576' title='bbox 755 4762 990 4827; x_wconf 72' lang='grc' dir='ltr'>πολλοὶ,</span> <span class='ocrx_word' id='word_1_577' title='bbox 1018 4765 1198 4818; x_wconf 73' lang='grc' dir='ltr'>εἰκόνα</span> <span class='ocrx_word' id='word_1_578' title='bbox 1230 4768 1324 4819; x_wconf 79' lang='grc' dir='ltr'>καὶ</span> <span class='ocrx_word' id='word_1_579' title='bbox 1347 4768 1599 4836; x_wconf 87' lang='grc' dir='ltr'>ὁμοίωσιν</span> <span class='ocrx_word' id='word_1_580' title='bbox 1635 4770 1832 4841; x_wconf 84' lang='grc' dir='ltr'>ἀναλη-</span> 
     </span>
    </p>
   </div>
   <div class='ocr_carea' id='block_1_80' title="bbox 257 4845 1830 4926">
    <p class='ocr_par' dir='ltr' id='par_1_80' title="bbox 257 4845 1830 4926">
     <span class='ocr_line' id='line_1_81' title="bbox 257 4845 1830 4926; baseline 0.011 -29"><span class='ocrx_word' id='word_1_581' title='bbox 257 4845 474 4917; x_wconf 81' lang='grc' dir='ltr'>ψόμεθα</span> <span class='ocrx_word' id='word_1_582' title='bbox 494 4847 589 4901; x_wconf 86' lang='grc' dir='ltr'><strong>τοῦ</strong></span> <span class='ocrx_word' id='word_1_583' title='bbox 617 4848 877 4911; x_wconf 83' lang='grc' dir='ltr'>ζωοποιοῦ</span> <span class='ocrx_word' id='word_1_584' title='bbox 901 4854 1008 4909; x_wconf 85' lang='grc' dir='ltr'>τῶν</span> <span class='ocrx_word' id='word_1_585' title='bbox 1036 4856 1171 4909; x_wconf 79' lang='grc' dir='ltr'>ὅλων</span> <span class='ocrx_word' id='word_1_586' title='bbox 1215 4857 1401 4926; x_wconf 85' lang='grc' dir='ltr'>άρτου,</span> <span class='ocrx_word' id='word_1_587' title='bbox 1431 4857 1490 4920; x_wconf 82' lang='grc' dir='ltr'>ὃς</span> <span class='ocrx_word' id='word_1_588' title='bbox 1525 4861 1588 4912; x_wconf 83' lang='grc' dir='ltr'>ὲκ</span> <span class='ocrx_word' id='word_1_589' title='bbox 1619 4860 1712 4913; x_wconf 84' lang='grc' dir='ltr'><strong>τοῦ</strong></span> <span class='ocrx_word' id='word_1_590' title='bbox 1742 4862 1830 4914; x_wconf 88' lang='grc' dir='ltr'>οὐ-</span> 
     </span>
    </p>
   </div>
   <div class='ocr_carea' id='block_1_81' title="bbox 262 4936 1829 5022">
    <p class='ocr_par' dir='ltr' id='par_1_81' title="bbox 262 4936 1829 5022">
     <span class='ocr_line' id='line_1_82' title="bbox 262 4936 1829 5022; baseline 0.011 -34"><span class='ocrx_word' id='word_1_591' title='bbox 262 4936 429 5007; x_wconf 89' lang='grc' dir='ltr'>ρανοῦ</span> <span class='ocrx_word' id='word_1_592' title='bbox 458 4938 848 5011; x_wconf 72' lang='grc' dir='ltr'>καταϐέϐηκεν,</span> <span class='ocrx_word' id='word_1_593' title='bbox 877 4945 1050 5015; x_wconf 74' lang='grc' dir='ltr'>ἑαυτῷ</span> <span class='ocrx_word' id='word_1_594' title='bbox 1094 4948 1500 5017; x_wconf 84' lang='grc' dir='ltr'>παραπλησίους</span> <span class='ocrx_word' id='word_1_595' title='bbox 1556 4952 1652 5003; x_wconf 78' lang='grc' dir='ltr'>καὶ</span> <span class='ocrx_word' id='word_1_596' title='bbox 1681 4954 1829 5022; x_wconf 79' lang='grc' dir='ltr'>ἡμᾶς</span> 
     </span>
    </p>
   </div>
   <div class='ocr_carea' id='block_1_82' title="bbox 262 5024 1830 5109">
    <p class='ocr_par' dir='ltr' id='par_1_82' title="bbox 262 5024 1830 5109">
     <span class='ocr_line' id='line_1_83' title="bbox 262 5024 1830 5109; baseline 0.01 -32"><span class='ocrx_word' id='word_1_597' title='bbox 262 5024 738 5105; x_wconf 79' lang='grc' dir='ltr'>ἀπεργασάμενος.</span> <span class='ocrx_word' id='word_1_598' title='bbox 778 5025 851 5083; x_wconf 82' lang='grc' dir='ltr'><strong>Εὖ</strong></span> <span class='ocrx_word' id='word_1_599' title='bbox 891 5032 947 5083; x_wconf 72' lang='grc' dir='ltr'>δὲ</span> <span class='ocrx_word' id='word_1_600' title='bbox 985 5036 1202 5099; x_wconf 74' lang='grc' dir='ltr'>γυναικὶ</span> <span class='ocrx_word' id='word_1_601' title='bbox 1236 5036 1559 5107; x_wconf 83' lang='grc' dir='ltr'>ἀφωμοίωσε</span> <span class='ocrx_word' id='word_1_602' title='bbox 1602 5040 1700 5109; x_wconf 82' lang='grc' dir='ltr'>τὴν</span> <span class='ocrx_word' id='word_1_603' title='bbox 1743 5058 1830 5093; x_wconf 84' lang='grc' dir='ltr'>σο-</span> 
     </span>
    </p>
   </div>
   <div class='ocr_carea' id='block_1_83' title="bbox 261 5113 1827 5200">
    <p class='ocr_par' dir='ltr' id='par_1_83' title="bbox 261 5113 1827 5200">
     <span class='ocr_line' id='line_1_84' title="bbox 261 5113 1827 5200; baseline 0.012 -35"><span class='ocrx_word' id='word_1_604' title='bbox 261 5113 391 5182; x_wconf 83' lang='grc' dir='ltr'>φίαν</span> <span class='ocrx_word' id='word_1_605' title='bbox 416 5115 510 5168; x_wconf 89' lang='grc' dir='ltr'><strong>τοῦ</strong></span> <span class='ocrx_word' id='word_1_606' title='bbox 544 5116 678 5170; x_wconf 86' lang='grc' dir='ltr'>Θεοῦ</span> <span class='ocrx_word' id='word_1_607' title='bbox 713 5119 771 5171; x_wconf 85' lang='grc' dir='ltr'>ὲν</span> <span class='ocrx_word' id='word_1_608' title='bbox 810 5121 1017 5185; x_wconf 84' lang='grc' dir='ltr'>τούτοις</span> <span class='ocrx_word' id='word_1_609' title='bbox 1039 5138 1054 5155; x_wconf 85' lang='grc'><strong>·</strong></span> <span class='ocrx_word' id='word_1_610' title='bbox 1093 5126 1326 5195; x_wconf 79' lang='grc' dir='ltr'>Χριστὸς</span> <span class='ocrx_word' id='word_1_611' title='bbox 1380 5128 1435 5179; x_wconf 82' lang='grc' dir='ltr'>δέ</span> <span class='ocrx_word' id='word_1_612' title='bbox 1480 5130 1625 5181; x_wconf 75' lang='grc' dir='ltr'>ἐστιν</span> <span class='ocrx_word' id='word_1_613' title='bbox 1654 5132 1686 5200; x_wconf 79' lang='grc' dir='ltr'>ἡ</span> <span class='ocrx_word' id='word_1_614' title='bbox 1733 5131 1827 5185; x_wconf 88' lang='grc' dir='ltr'><strong>τοῦ</strong></span> 
     </span>
    </p>
   </div>
   <div class='ocr_carea' id='block_1_84' title="bbox 258 5200 1828 5286">
    <p class='ocr_par' dir='ltr' id='par_1_84' title="bbox 258 5200 1828 5286">
     <span class='ocr_line' id='line_1_85' title="bbox 258 5200 1828 5286; baseline 0.01 -33"><span class='ocrx_word' id='word_1_615' title='bbox 258 5200 397 5255; x_wconf 82' lang='grc' dir='ltr'>Θεοῦ</span> <span class='ocrx_word' id='word_1_616' title='bbox 429 5202 654 5274; x_wconf 84' lang='grc' dir='ltr'>δύναμις</span> <span class='ocrx_word' id='word_1_617' title='bbox 697 5207 790 5259; x_wconf 70' lang='grc' dir='ltr'>καὶ</span> <span class='ocrx_word' id='word_1_618' title='bbox 826 5204 970 5261; x_wconf 75' lang='grc' dir='ltr'>Θεοῦ</span> <span class='ocrx_word' id='word_1_619' title='bbox 1004 5200 1163 5278; x_wconf 85' lang='grc' dir='ltr'>σοφία</span> <span class='ocrx_word' id='word_1_620' title='bbox 1204 5212 1546 5283; x_wconf 77' lang='grc' dir='ltr'>καταλλήλως</span> <span class='ocrx_word' id='word_1_621' title='bbox 1594 5214 1670 5284; x_wconf 83' lang='grc' dir='ltr'>τῷ</span> <span class='ocrx_word' id='word_1_622' title='bbox 1728 5216 1828 5286; x_wconf 83' lang='grc' dir='ltr'>τῆς</span> 
     </span>
    </p>
   </div>
   <div class='ocr_carea' id='block_1_85' title="bbox 260 5290 1828 5379">
    <p class='ocr_par' dir='ltr' id='par_1_85' title="bbox 260 5290 1828 5379">
     <span class='ocr_line' id='line_1_86' title="bbox 260 5290 1828 5379; baseline 0.006 -31"><span class='ocrx_word' id='word_1_623' title='bbox 260 5290 441 5361; x_wconf 71' lang='grc' dir='ltr'>ζύμης</span> <span class='ocrx_word' id='word_1_624' title='bbox 466 5293 840 5366; x_wconf 84' lang='grc' dir='ltr'>ὑποδείγματι.</span> <span class='ocrx_word' id='word_1_625' title='bbox 873 5299 1081 5369; x_wconf 82' lang='grc' dir='ltr'>Ὠσπερ</span> <span class='ocrx_word' id='word_1_626' title='bbox 1110 5301 1217 5372; x_wconf 82' lang='grc' dir='ltr'>γὰρ</span> <span class='ocrx_word' id='word_1_627' title='bbox 1260 5304 1351 5355; x_wconf 78' lang='grc' dir='ltr'><strong>ἐπὶ</strong></span> <span class='ocrx_word' id='word_1_628' title='bbox 1378 5306 1475 5373; x_wconf 79' lang='grc' dir='ltr'>τῆς</span> <span class='ocrx_word' id='word_1_629' title='bbox 1514 5306 1828 5379; x_wconf 78' lang='grc' dir='ltr'>παραϐολῆς</span> 
     </span>
    </p>
   </div>
   <div class='ocr_carea' id='block_1_86' title="bbox 259 5382 1830 5464">
    <p class='ocr_par' dir='ltr' id='par_1_86' title="bbox 259 5382 1830 5464">
     <span class='ocr_line' id='line_1_87' title="bbox 259 5382 1830 5464; baseline 0.009 -28"><span class='ocrx_word' id='word_1_630' title='bbox 259 5382 360 5437; x_wconf 87' lang='grc' dir='ltr'><strong>τοῦ</strong></span> <span class='ocrx_word' id='word_1_631' title='bbox 401 5385 603 5455; x_wconf 84' lang='grc' dir='ltr'>σπόρου</span> <span class='ocrx_word' id='word_1_632' title='bbox 640 5389 910 5457; x_wconf 77' lang='grc' dir='ltr'>γεωργίου</span> <span class='ocrx_word' id='word_1_633' title='bbox 953 5390 1240 5460; x_wconf 86' lang='grc' dir='ltr'>πρόσωπον</span> <span class='ocrx_word' id='word_1_634' title='bbox 1289 5395 1383 5447; x_wconf 67' lang='grc' dir='ltr'>καὶ</span> <span class='ocrx_word' id='word_1_635' title='bbox 1425 5396 1670 5464; x_wconf 81' lang='grc' dir='ltr'>σπορέως</span> <span class='ocrx_word' id='word_1_636' title='bbox 1727 5400 1830 5450; x_wconf 78' lang='grc' dir='ltr'>εἱσ-</span> 
     </span>
    </p>
   </div>
   <div class='ocr_carea' id='block_1_87' title="bbox 258 5472 1828 5556">
    <p class='ocr_par' dir='ltr' id='par_1_87' title="bbox 258 5472 1828 5556">
     <span class='ocr_line' id='line_1_88' title="bbox 258 5472 1828 5556; baseline 0.01 -32"><span class='ocrx_word' id='word_1_637' title='bbox 258 5472 415 5544; x_wconf 83' lang='grc' dir='ltr'>ῆγεν,</span> <span class='ocrx_word' id='word_1_638' title='bbox 444 5472 542 5526; x_wconf 85' lang='grc' dir='ltr'><strong>οὐκ</strong></span> <span class='ocrx_word' id='word_1_639' title='bbox 561 5473 625 5529; x_wconf 81' lang='grc' dir='ltr'><strong>ἀν</strong></span> <span class='ocrx_word' id='word_1_640' title='bbox 642 5476 875 5546; x_wconf 87' lang='grc' dir='ltr'>εὐλόγως</span> <span class='ocrx_word' id='word_1_641' title='bbox 901 5481 959 5548; x_wconf 66' lang='grc' dir='ltr'><strong>εν</strong></span> <span class='ocrx_word' id='word_1_642' title='bbox 984 5482 1209 5545; x_wconf 78' lang='grc' dir='ltr'>ἐκείνοις</span> <span class='ocrx_word' id='word_1_643' title='bbox 1234 5484 1697 5556; x_wconf 71' lang='grc' dir='ltr'>μνημονευθείσης</span> <span class='ocrx_word' id='word_1_644' title='bbox 1730 5504 1828 5554; x_wconf 77' lang='grc' dir='ltr'>γυ-</span> 
     </span>
    </p>
   </div>
   <div class='ocr_carea' id='block_1_88' title="bbox 1937 3219 3502 3291">
    <p class='ocr_par' dir='ltr' id='par_1_88' title="bbox 1937 3219 3502 3291">
     <span class='ocr_line' id='line_1_89' title="bbox 1937 3219 3502 3291; baseline 0.002 -17"><span class='ocrx_word' id='word_1_645' title='bbox 1937 3236 2127 3291; x_wconf 82' lang='lat' dir='ltr'><strong>nempe</strong></span> <span class='ocrx_word' id='word_1_646' title='bbox 2159 3220 2447 3291; x_wconf 81' lang='lat' dir='ltr'><strong>sapientia,</strong></span> <span class='ocrx_word' id='word_1_647' title='bbox 2488 3220 2543 3275; x_wconf 92' lang='lat' dir='ltr'><strong>in</strong></span> <span class='ocrx_word' id='word_1_648' title='bbox 2593 3219 2785 3276; x_wconf 77' lang='lat' dir='ltr'><strong>farina:</strong></span> <span class='ocrx_word' id='word_1_649' title='bbox 2818 3222 2951 3276; x_wconf 85' lang='lat' dir='ltr'><strong>satis</strong></span> <span class='ocrx_word' id='word_1_650' title='bbox 2995 3220 3168 3275; x_wconf 86' lang='lat' dir='ltr'><strong>tribus</strong></span> <span class='ocrx_word' id='word_1_651' title='bbox 3200 3220 3502 3277; x_wconf 85' lang='lat' dir='ltr'><strong>abscondit.</strong></span> 
     </span>
    </p>
   </div>
   <div class='ocr_carea' id='block_1_89' title="bbox 1934 3311 3505 3383">
    <p class='ocr_par' dir='ltr' id='par_1_89' title="bbox 1934 3311 3505 3383">
     <span class='ocr_line' id='line_1_90' title="bbox 1934 3311 3505 3383; baseline 0 -16"><span class='ocrx_word' id='word_1_652' title='bbox 1934 3311 2043 3369; x_wconf 91' lang='lat' dir='ltr'><strong>lllis</strong></span> <span class='ocrx_word' id='word_1_653' title='bbox 2087 3314 2270 3383; x_wconf 87' lang='lat' dir='ltr'><strong>itaque</strong></span> <span class='ocrx_word' id='word_1_654' title='bbox 2297 3313 2387 3382; x_wconf 90' lang='lat' dir='ltr'><strong>qui</strong></span> <span class='ocrx_word' id='word_1_655' title='bbox 2420 3312 2587 3367; x_wconf 89' lang='lat' dir='ltr'><strong>multa</strong></span> <span class='ocrx_word' id='word_1_656' title='bbox 2624 3327 2753 3368; x_wconf 88' lang='lat' dir='ltr'><strong>cura</strong></span> <span class='ocrx_word' id='word_1_657' title='bbox 2799 3322 2857 3368; x_wconf 92' lang='lat' dir='ltr'><strong>et</strong></span> <span class='ocrx_word' id='word_1_658' title='bbox 2886 3312 3111 3367; x_wconf 86' lang='lat' dir='ltr'><strong>seminis</strong></span> <span class='ocrx_word' id='word_1_659' title='bbox 3140 3311 3350 3367; x_wconf 86' lang='lat' dir='ltr'><strong>cultura</strong></span> <span class='ocrx_word' id='word_1_660' title='bbox 3384 3322 3505 3368; x_wconf 86' lang='lat' dir='ltr'><strong>sata</strong></span> 
     </span>
    </p>
   </div>
   <div class='ocr_carea' id='block_1_90' title="bbox 1935 3402 3500 3473">
    <p class='ocr_par' dir='ltr' id='par_1_90' title="bbox 1935 3402 3500 3473">
     <span class='ocr_line' id='line_1_91' title="bbox 1935 3402 3500 3473; baseline 0.001 -17"><span class='ocrx_word' id='word_1_661' title='bbox 1935 3403 2123 3459; x_wconf 64' lang='lat' dir='ltr'><strong>farina</strong></span> <span class='ocrx_word' id='word_1_662' title='bbox 2150 3406 2250 3459; x_wconf 86' lang='lat' dir='ltr'><strong>tria</strong></span> <span class='ocrx_word' id='word_1_663' title='bbox 2279 3403 2597 3468; x_wconf 88' lang='lat' dir='ltr'><strong>obtulerint,</strong></span> <span class='ocrx_word' id='word_1_664' title='bbox 2622 3404 2804 3459; x_wconf 91' lang='lat' dir='ltr'><strong>divina</strong></span> <span class='ocrx_word' id='word_1_665' title='bbox 2830 3418 3026 3473; x_wconf 86' lang='lat' dir='ltr'><strong>nempe</strong></span> <span class='ocrx_word' id='word_1_666' title='bbox 3043 3402 3286 3472; x_wconf 79' lang='lat' dir='ltr'><strong>dogmata</strong></span> <span class='ocrx_word' id='word_1_667' title='bbox 3304 3402 3500 3469; x_wconf 87' lang='lat' dir='ltr'><strong>Patris,</strong></span> 
     </span>
    </p>
   </div>
   <div class='ocr_carea' id='block_1_91' title="bbox 1932 3492 3504 3567">
    <p class='ocr_par' dir='ltr' id='par_1_91' title="bbox 1932 3492 3504 3567">
     <span class='ocr_line' id='line_1_92' title="bbox 1932 3492 3504 3567; baseline 0 -18"><span class='ocrx_word' id='word_1_668' title='bbox 1932 3492 2055 3549; x_wconf 86' lang='lat' dir='ltr'><strong>Filii</strong></span> <span class='ocrx_word' id='word_1_669' title='bbox 2084 3493 2365 3563; x_wconf 85' lang='lat' dir='ltr'><strong>sanctique</strong></span> <span class='ocrx_word' id='word_1_670' title='bbox 2393 3494 2627 3565; x_wconf 88' lang='lat' dir='ltr'><strong>Spiritus</strong></span> <span class='ocrx_word' id='word_1_671' title='bbox 2655 3494 2929 3561; x_wconf 90' lang='lat' dir='ltr'><strong>notitiam,</strong></span> <span class='ocrx_word' id='word_1_672' title='bbox 2960 3493 3227 3566; x_wconf 85' lang='lat' dir='ltr'><strong>sapientia</strong></span> <span class='ocrx_word' id='word_1_673' title='bbox 3260 3495 3352 3551; x_wconf 88' lang='lat' dir='ltr'><strong>Dei</strong></span> <span class='ocrx_word' id='word_1_674' title='bbox 3387 3492 3504 3567; x_wconf 82' lang='lat' dir='ltr'><strong>Spi-</strong></span> 
     </span>
    </p>
   </div>
   <div class='ocr_carea' id='block_1_92' title="bbox 1934 3585 3501 3657">
    <p class='ocr_par' dir='ltr' id='par_1_92' title="bbox 1934 3585 3501 3657">
     <span class='ocr_line' id='line_1_93' title="bbox 1934 3585 3501 3657; baseline 0.003 -18"><span class='ocrx_word' id='word_1_675' title='bbox 1934 3585 2098 3640; x_wconf 88' lang='lat' dir='ltr'><strong>ritum</strong></span> <span class='ocrx_word' id='word_1_676' title='bbox 2137 3596 2384 3642; x_wconf 83' lang='lat' dir='ltr'><strong>sanctum</strong></span> <span class='ocrx_word' id='word_1_677' title='bbox 2432 3586 2741 3656; x_wconf 84' lang='lat' dir='ltr'><strong>suppeditat</strong></span> <span class='ocrx_word' id='word_1_678' title='bbox 2777 3602 2793 3641; x_wconf 93' lang='lat'><strong>:</strong></span> <span class='ocrx_word' id='word_1_679' title='bbox 2836 3588 3154 3657; x_wconf 83' lang='lat' dir='ltr'><strong>eademque,</strong></span> <span class='ocrx_word' id='word_1_680' title='bbox 3202 3588 3501 3645; x_wconf 87' lang='lat' dir='ltr'><strong>secundum</strong></span> 
     </span>
    </p>
   </div>
   <div class='ocr_carea' id='block_1_93' title="bbox 1932 3675 3501 3749">
    <p class='ocr_par' dir='ltr' id='par_1_93' title="bbox 1932 3675 3501 3749">
     <span class='ocr_line' id='line_1_94' title="bbox 1932 3675 3501 3749; baseline 0.003 -19"><span class='ocrx_word' id='word_1_681' title='bbox 1932 3675 2095 3730; x_wconf 91' lang='lat' dir='ltr'><strong>alium</strong></span> <span class='ocrx_word' id='word_1_682' title='bbox 2140 3691 2391 3742; x_wconf 89' lang='lat' dir='ltr'><strong>sensum,</strong></span> <span class='ocrx_word' id='word_1_683' title='bbox 2433 3677 2726 3748; x_wconf 81' lang='lat' dir='ltr'><strong>quemlibet</strong></span> <span class='ocrx_word' id='word_1_684' title='bbox 2775 3679 2870 3735; x_wconf 86' lang='lat' dir='ltr'><strong>Dei</strong></span> <span class='ocrx_word' id='word_1_685' title='bbox 2904 3680 3214 3746; x_wconf 85' lang='lat' dir='ltr'><strong>hominem,</strong></span> <span class='ocrx_word' id='word_1_686' title='bbox 3250 3694 3501 3749; x_wconf 89' lang='lat' dir='ltr'><strong>corpore,</strong></span> 
     </span>
    </p>
   </div>
   <div class='ocr_carea' id='block_1_94' title="bbox 1932 3768 3503 3840">
    <p class='ocr_par' dir='ltr' id='par_1_94' title="bbox 1932 3768 3503 3840">
     <span class='ocr_line' id='line_1_95' title="bbox 1932 3768 3503 3840; baseline 0.002 -18"><span class='ocrx_word' id='word_1_687' title='bbox 1932 3768 2113 3823; x_wconf 88' lang='lat' dir='ltr'><strong>anima</strong></span> <span class='ocrx_word' id='word_1_688' title='bbox 2150 3769 2449 3839; x_wconf 89' lang='lat' dir='ltr'><strong>spirituque</strong></span> <span class='ocrx_word' id='word_1_689' title='bbox 2501 3777 2879 3835; x_wconf 87' lang='lat' dir='ltr'><strong>constantem,</strong></span> <span class='ocrx_word' id='word_1_690' title='bbox 2921 3770 3101 3825; x_wconf 89' lang='lat' dir='ltr'><strong>divina</strong></span> <span class='ocrx_word' id='word_1_691' title='bbox 3150 3770 3503 3840; x_wconf 89' lang='lat' dir='ltr'><strong>inspiratione</strong></span> 
     </span>
    </p>
   </div>
   <div class='ocr_carea' id='block_1_95' title="bbox 1931 3859 3500 3926">
    <p class='ocr_par' dir='ltr' id='par_1_95' title="bbox 1931 3859 3500 3926">
     <span class='ocr_line' id='line_1_96' title="bbox 1931 3859 3500 3926; baseline 0.001 -11"><span class='ocrx_word' id='word_1_692' title='bbox 1931 3860 2239 3926; x_wconf 88' lang='lat' dir='ltr'><strong>fermentat,</strong></span> <span class='ocrx_word' id='word_1_693' title='bbox 2280 3861 2615 3917; x_wconf 88' lang='lat' dir='ltr'><strong>abscondens</strong></span> <span class='ocrx_word' id='word_1_694' title='bbox 2657 3862 2942 3915; x_wconf 86' lang='lat' dir='ltr'><strong>utilitatem</strong></span> <span class='ocrx_word' id='word_1_695' title='bbox 2984 3876 3137 3917; x_wconf 90' lang='lat' dir='ltr'><strong>suam</strong></span> <span class='ocrx_word' id='word_1_696' title='bbox 3186 3861 3238 3915; x_wconf 92' lang='lat' dir='ltr'><strong>in</strong></span> <span class='ocrx_word' id='word_1_697' title='bbox 3289 3859 3500 3917; x_wconf 75' lang='lat' dir='ltr'><strong>intelie-</strong></span> 
     </span>
    </p>
   </div>
   <div class='ocr_carea' id='block_1_96' title="bbox 1934 3950 3501 4010">
    <p class='ocr_par' dir='ltr' id='par_1_96' title="bbox 1934 3950 3501 4010">
     <span class='ocr_line' id='line_1_97' title="bbox 1934 3950 3501 4010; baseline -0.002 0"><span class='ocrx_word' id='word_1_698' title='bbox 1934 3954 2205 4010; x_wconf 85' lang='lat' dir='ltr'><strong>ctualibua</strong></span> <span class='ocrx_word' id='word_1_699' title='bbox 2242 3953 2429 4009; x_wconf 68' lang='lat' dir='ltr'><strong>farinae</strong></span> <span class='ocrx_word' id='word_1_700' title='bbox 2460 3953 2595 4009; x_wconf 87' lang='lat' dir='ltr'><strong>satis</strong></span> <span class='ocrx_word' id='word_1_701' title='bbox 2630 3951 2801 4007; x_wconf 90' lang='lat' dir='ltr'><strong>tribus</strong></span> <span class='ocrx_word' id='word_1_702' title='bbox 2849 3953 3018 4008; x_wconf 90' lang='lat' dir='ltr'><strong>donec</strong></span> <span class='ocrx_word' id='word_1_703' title='bbox 3060 3961 3228 4007; x_wconf 88' lang='lat' dir='ltr'><strong>totum</strong></span> <span class='ocrx_word' id='word_1_704' title='bbox 3260 3950 3501 4007; x_wconf 83' lang='lat' dir='ltr'><strong>fermen—</strong></span> 
     </span>
    </p>
   </div>
   <div class='ocr_carea' id='block_1_97' title="bbox 1934 4041 3500 4118">
    <p class='ocr_par' dir='ltr' id='par_1_97' title="bbox 1934 4041 3500 4118">
     <span class='ocr_line' id='line_1_98' title="bbox 1934 4041 3500 4118; baseline -0.001 -19"><span class='ocrx_word' id='word_1_705' title='bbox 1934 4054 2094 4099; x_wconf 89' lang='lat' dir='ltr'><strong>tetur.</strong></span> <span class='ocrx_word' id='word_1_706' title='bbox 2147 4042 2238 4100; x_wconf 88' lang='lat' dir='ltr'><strong>Sic</strong></span> <span class='ocrx_word' id='word_1_707' title='bbox 2288 4058 2417 4113; x_wconf 84' lang='lat' dir='ltr'><strong>ergo</strong></span> <span class='ocrx_word' id='word_1_708' title='bbox 2465 4042 2702 4098; x_wconf 68' lang='lat' dir='ltr'><strong>caelestis</strong></span> <span class='ocrx_word' id='word_1_709' title='bbox 2754 4041 3003 4118; x_wconf 78' lang='lat' dir='ltr'><strong>fermenti</strong></span> <span class='ocrx_word' id='word_1_710' title='bbox 3055 4042 3500 4111; x_wconf 88' lang='lat' dir='ltr'><strong>participatione,</strong></span> 
     </span>
    </p>
   </div>
   <div class='ocr_carea' id='block_1_98' title="bbox 1930 4130 3500 4201">
    <p class='ocr_par' dir='ltr' id='par_1_98' title="bbox 1930 4130 3500 4201">
     <span class='ocr_line' id='line_1_99' title="bbox 1930 4130 3500 4201; baseline -0.001 -15"><span class='ocrx_word' id='word_1_711' title='bbox 1930 4131 2167 4187; x_wconf 64' lang='lat' dir='ltr'><strong>caelestis</strong></span> <span class='ocrx_word' id='word_1_712' title='bbox 2212 4131 2303 4185; x_wconf 84' lang='lat' dir='ltr'><strong>fiet</strong></span> <span class='ocrx_word' id='word_1_713' title='bbox 2343 4130 2709 4201; x_wconf 77' lang='lat' dir='ltr'><strong>spiritalisque</strong></span> <span class='ocrx_word' id='word_1_714' title='bbox 2758 4130 2953 4195; x_wconf 85' lang='lat' dir='ltr'><strong>homo,</strong></span> <span class='ocrx_word' id='word_1_715' title='bbox 2990 4145 3234 4201; x_wconf 84' lang='lat' dir='ltr'><strong>novaque</strong></span> <span class='ocrx_word' id='word_1_716' title='bbox 3282 4146 3458 4187; x_wconf 87' lang='lat' dir='ltr'><strong>massa</strong></span> <span class='ocrx_word' id='word_1_717' title='bbox 3483 4171 3500 4199; x_wconf 90' lang='lat'><strong>,</strong></span> 
     </span>
    </p>
   </div>
   <div class='ocr_carea' id='block_1_99' title="bbox 1931 4221 3502 4289">
    <p class='ocr_par' dir='ltr' id='par_1_99' title="bbox 1931 4221 3502 4289">
     <span class='ocr_line' id='line_1_100' title="bbox 1931 4221 3502 4289; baseline 0.002 -15"><span class='ocrx_word' id='word_1_718' title='bbox 1931 4235 2093 4289; x_wconf 87' lang='lat' dir='ltr'><strong>parva</strong></span> <span class='ocrx_word' id='word_1_719' title='bbox 2124 4223 2284 4275; x_wconf 88' lang='lat' dir='ltr'><strong>veluti</strong></span> <span class='ocrx_word' id='word_1_720' title='bbox 2330 4221 2473 4277; x_wconf 87' lang='lat' dir='ltr'><strong>facta</strong></span> <span class='ocrx_word' id='word_1_721' title='bbox 2502 4223 2641 4276; x_wconf 80' lang='lat' dir='ltr'><strong>crasi</strong></span> <span class='ocrx_word' id='word_1_722' title='bbox 2684 4237 2750 4277; x_wconf 82' lang='lat' dir='ltr'><strong>ex</strong></span> <span class='ocrx_word' id='word_1_723' title='bbox 2790 4223 2981 4277; x_wconf 90' lang='lat' dir='ltr'><strong>farinis</strong></span> <span class='ocrx_word' id='word_1_724' title='bbox 3021 4222 3215 4286; x_wconf 87' lang='lat' dir='ltr'><strong>tribus,</strong></span> <span class='ocrx_word' id='word_1_725' title='bbox 3246 4232 3303 4278; x_wconf 84' lang='lat' dir='ltr'><strong>et</strong></span> <span class='ocrx_word' id='word_1_726' title='bbox 3336 4223 3502 4289; x_wconf 73' lang='lat' dir='ltr'><strong>insita</strong></span> 
     </span>
    </p>
   </div>
   <div class='ocr_carea' id='block_1_100' title="bbox 1931 4311 3503 4384">
    <p class='ocr_par' dir='ltr' id='par_1_100' title="bbox 1931 4311 3503 4384">
     <span class='ocr_line' id='line_1_101' title="bbox 1931 4311 3503 4384; baseline 0.002 -18"><span class='ocrx_word' id='word_1_727' title='bbox 1931 4311 2035 4368; x_wconf 88' lang='lat' dir='ltr'><strong>illis</strong></span> <span class='ocrx_word' id='word_1_728' title='bbox 2071 4313 2444 4381; x_wconf 87' lang='lat' dir='ltr'><strong>inspiratione.</strong></span> <span class='ocrx_word' id='word_1_729' title='bbox 2487 4312 2672 4369; x_wconf 84' lang='lat' dir='ltr'><strong>Novus</strong></span> <span class='ocrx_word' id='word_1_730' title='bbox 2708 4314 2965 4368; x_wconf 85' lang='lat' dir='ltr'><strong>nimirum</strong></span> <span class='ocrx_word' id='word_1_731' title='bbox 3016 4329 3116 4377; x_wconf 85' lang='lat' dir='ltr'><strong>nos</strong></span> <span class='ocrx_word' id='word_1_732' title='bbox 3162 4314 3289 4368; x_wconf 87' lang='lat' dir='ltr'><strong>facti</strong></span> <span class='ocrx_word' id='word_1_733' title='bbox 3338 4315 3503 4384; x_wconf 17' lang='lat' dir='ltr'><strong>spiri-A</strong></span> 
     </span>
    </p>
   </div>
   <div class='ocr_carea' id='block_1_101' title="bbox 1931 4403 3496 4475">
    <p class='ocr_par' dir='ltr' id='par_1_101' title="bbox 1931 4403 3496 4475">
     <span class='ocr_line' id='line_1_102' title="bbox 1931 4403 3496 4475; baseline 0.002 -19"><span class='ocrx_word' id='word_1_734' title='bbox 1931 4403 2054 4457; x_wconf 85' lang='lat' dir='ltr'><strong>talis</strong></span> <span class='ocrx_word' id='word_1_735' title='bbox 2079 4404 2252 4471; x_wconf 88' lang='lat' dir='ltr'><strong>panis,</strong></span> <span class='ocrx_word' id='word_1_736' title='bbox 2279 4404 2431 4474; x_wconf 80' lang='lat' dir='ltr'><strong>juxta</strong></span> <span class='ocrx_word' id='word_1_737' title='bbox 2456 4403 2767 4473; x_wconf 83' lang='lat' dir='ltr'><strong>Apostolum</strong></span> <span class='ocrx_word' id='word_1_738' title='bbox 2797 4405 3063 4461; x_wconf 84' lang='lat' dir='ltr'><strong>dicentem</strong></span> <span class='ocrx_word' id='word_1_739' title='bbox 3088 4407 3131 4473; x_wconf 84' lang='grc'>⁸,</span> <span class='ocrx_word' id='word_1_740' title='bbox 3163 4404 3309 4469; x_wconf 72' lang='lat' dir='ltr'><strong>Unus</strong></span> <span class='ocrx_word' id='word_1_741' title='bbox 3344 4408 3496 4475; x_wconf 65' lang='lat' dir='ltr'><strong>panis</strong></span> 
     </span>
    </p>
   </div>
   <div class='ocr_carea' id='block_1_102' title="bbox 1934 4493 3499 4565">
    <p class='ocr_par' dir='ltr' id='par_1_102' title="bbox 1934 4493 3499 4565">
     <span class='ocr_line' id='line_1_103' title="bbox 1934 4493 3499 4565; baseline 0.001 -20"><span class='ocrx_word' id='word_1_742' title='bbox 1934 4508 2195 4562; x_wconf 75' lang='lat' dir='ltr'><strong>unamque</strong></span> <span class='ocrx_word' id='word_1_743' title='bbox 2222 4509 2411 4555; x_wconf 80' lang='lat' dir='ltr'><strong>corpus</strong></span> <span class='ocrx_word' id='word_1_744' title='bbox 2452 4509 2630 4546; x_wconf 78' lang='lat' dir='ltr'><strong>sumus</strong></span> <span class='ocrx_word' id='word_1_745' title='bbox 2658 4493 2835 4558; x_wconf 78' lang='lat' dir='ltr'><strong>multi,</strong></span> <span class='ocrx_word' id='word_1_746' title='bbox 2875 4494 3160 4565; x_wconf 84' lang='lat' dir='ltr'><strong>imaginem</strong></span> <span class='ocrx_word' id='word_1_747' title='bbox 3192 4494 3499 4550; x_wconf 82' lang='lat' dir='ltr'><strong>similitudi-</strong></span> 
     </span>
    </p>
   </div>
   <div class='ocr_carea' id='block_1_103' title="bbox 1934 4581 3503 4655">
    <p class='ocr_par' dir='ltr' id='par_1_103' title="bbox 1934 4581 3503 4655">
     <span class='ocr_line' id='line_1_104' title="bbox 1934 4581 3503 4655; baseline 0.001 -21"><span class='ocrx_word' id='word_1_748' title='bbox 1934 4596 2165 4651; x_wconf 89' lang='lat' dir='ltr'><strong>nemque</strong></span> <span class='ocrx_word' id='word_1_749' title='bbox 2195 4583 2579 4637; x_wconf 83' lang='lat' dir='ltr'><strong>contrahemus</strong></span> <span class='ocrx_word' id='word_1_750' title='bbox 2611 4581 2934 4641; x_wconf 80' lang='lat' dir='ltr'><strong>vivificantis</strong></span> <span class='ocrx_word' id='word_1_751' title='bbox 2978 4587 3157 4639; x_wconf 90' lang='lat' dir='ltr'><strong>omnia</strong></span> <span class='ocrx_word' id='word_1_752' title='bbox 3188 4586 3365 4655; x_wconf 87' lang='lat' dir='ltr'><strong>panis,</strong></span> <span class='ocrx_word' id='word_1_753' title='bbox 3408 4584 3503 4655; x_wconf 83' lang='lat' dir='ltr'><strong>qui</strong></span> 
     </span>
    </p>
   </div>
   <div class='ocr_carea' id='block_1_104' title="bbox 1931 4673 3503 4742">
    <p class='ocr_par' dir='ltr' id='par_1_104' title="bbox 1931 4673 3503 4742">
     <span class='ocr_line' id='line_1_105' title="bbox 1931 4673 3503 4742; baseline 0.003 -15"><span class='ocrx_word' id='word_1_754' title='bbox 1931 4674 1997 4728; x_wconf 91' lang='lat' dir='ltr'><strong>de</strong></span> <span class='ocrx_word' id='word_1_755' title='bbox 2023 4673 2161 4728; x_wconf 68' lang='lat' dir='ltr'><strong>caelo</strong></span> <span class='ocrx_word' id='word_1_756' title='bbox 2188 4673 2485 4735; x_wconf 83' lang='lat' dir='ltr'><strong>descendit,</strong></span> <span class='ocrx_word' id='word_1_757' title='bbox 2517 4688 2722 4742; x_wconf 90' lang='lat' dir='ltr'><strong>nosque</strong></span> <span class='ocrx_word' id='word_1_758' title='bbox 2746 4674 2847 4730; x_wconf 89' lang='lat' dir='ltr'><strong>sibi</strong></span> <span class='ocrx_word' id='word_1_759' title='bbox 2880 4674 3083 4730; x_wconf 80' lang='lat' dir='ltr'><strong>similes</strong></span> <span class='ocrx_word' id='word_1_760' title='bbox 3107 4674 3305 4731; x_wconf 82' lang='lat' dir='ltr'><strong>effecit.</strong></span> <span class='ocrx_word' id='word_1_761' title='bbox 3334 4676 3503 4731; x_wconf 82' lang='lat' dir='ltr'><strong>Recte</strong></span> 
     </span>
    </p>
   </div>
   <div class='ocr_carea' id='block_1_105' title="bbox 1929 4764 3499 4833">
    <p class='ocr_par' dir='ltr' id='par_1_105' title="bbox 1929 4764 3499 4833">
     <span class='ocr_line' id='line_1_106' title="bbox 1929 4764 3499 4833; baseline 0.003 -16"><span class='ocrx_word' id='word_1_762' title='bbox 1929 4779 2058 4819; x_wconf 87' lang='lat' dir='ltr'><strong>vero</strong></span> <span class='ocrx_word' id='word_1_763' title='bbox 2106 4765 2313 4818; x_wconf 88' lang='lat' dir='ltr'><strong>mulieri</strong></span> <span class='ocrx_word' id='word_1_764' title='bbox 2358 4765 2693 4833; x_wconf 89' lang='lat' dir='ltr'><strong>comparavit</strong></span> <span class='ocrx_word' id='word_1_765' title='bbox 2727 4764 2828 4827; x_wconf 90' lang='lat' dir='ltr'><strong>hoc</strong></span> <span class='ocrx_word' id='word_1_766' title='bbox 2863 4765 2980 4821; x_wconf 90' lang='lat' dir='ltr'><strong>loco</strong></span> <span class='ocrx_word' id='word_1_767' title='bbox 3019 4767 3337 4833; x_wconf 85' lang='lat' dir='ltr'><strong>sapientiam</strong></span> <span class='ocrx_word' id='word_1_768' title='bbox 3374 4767 3499 4831; x_wconf 88' lang='lat' dir='ltr'><strong>Dei;</strong></span> 
     </span>
    </p>
   </div>
   <div class='ocr_carea' id='block_1_106' title="bbox 1928 4853 3501 4926">
    <p class='ocr_par' dir='ltr' id='par_1_106' title="bbox 1928 4853 3501 4926">
     <span class='ocr_line' id='line_1_107' title="bbox 1928 4853 3501 4926; baseline 0.001 -17"><span class='ocrx_word' id='word_1_769' title='bbox 1928 4864 2011 4909; x_wconf 88' lang='lat' dir='ltr'><strong>est</strong></span> <span class='ocrx_word' id='word_1_770' title='bbox 2034 4855 2178 4909; x_wconf 88' lang='lat' dir='ltr'><strong>enim</strong></span> <span class='ocrx_word' id='word_1_771' title='bbox 2206 4853 2454 4909; x_wconf 87' lang='lat' dir='ltr'><strong>Christus</strong></span> <span class='ocrx_word' id='word_1_772' title='bbox 2488 4862 2597 4908; x_wconf 87' lang='lat' dir='ltr'><strong>tum</strong></span> <span class='ocrx_word' id='word_1_773' title='bbox 2628 4855 2722 4909; x_wconf 90' lang='lat' dir='ltr'><strong>Dei</strong></span> <span class='ocrx_word' id='word_1_774' title='bbox 2753 4856 2946 4919; x_wconf 88' lang='lat' dir='ltr'><strong>virtus,</strong></span> <span class='ocrx_word' id='word_1_775' title='bbox 2998 4865 3109 4911; x_wconf 92' lang='lat' dir='ltr'><strong>tum</strong></span> <span class='ocrx_word' id='word_1_776' title='bbox 3152 4855 3247 4913; x_wconf 88' lang='lat' dir='ltr'><strong>Dei</strong></span> <span class='ocrx_word' id='word_1_777' title='bbox 3282 4857 3501 4926; x_wconf 86' lang='lat' dir='ltr'><strong>sapien-</strong></span> 
     </span>
    </p>
   </div>
   <div class='ocr_carea' id='block_1_107' title="bbox 1928 4943 3501 5014">
    <p class='ocr_par' dir='ltr' id='par_1_107' title="bbox 1928 4943 3501 5014">
     <span class='ocr_line' id='line_1_108' title="bbox 1928 4943 3501 5014; baseline 0 -15"><span class='ocrx_word' id='word_1_778' title='bbox 1928 4945 2023 5010; x_wconf 87' lang='lat' dir='ltr'><strong>tia,</strong></span> <span class='ocrx_word' id='word_1_779' title='bbox 2054 4943 2300 5001; x_wconf 86' lang='lat' dir='ltr'><strong>fermenti</strong></span> <span class='ocrx_word' id='word_1_780' title='bbox 2342 4946 2589 5014; x_wconf 78' lang='lat' dir='ltr'><strong>exemplo</strong></span> <span class='ocrx_word' id='word_1_781' title='bbox 2626 4958 3062 5014; x_wconf 61' lang='lat' dir='ltr'><strong>representatus.</strong></span> <span class='ocrx_word' id='word_1_782' title='bbox 3098 4946 3230 5001; x_wconf 80' lang='lat' dir='ltr'><strong>Nam</strong></span> <span class='ocrx_word' id='word_1_783' title='bbox 3260 4949 3401 5001; x_wconf 88' lang='lat' dir='ltr'><strong>sicut</strong></span> <span class='ocrx_word' id='word_1_784' title='bbox 3448 4946 3501 5007; x_wconf 75' lang='lat' dir='ltr'><strong>in</strong></span> 
     </span>
    </p>
   </div>
   <div class='ocr_carea' id='block_1_108' title="bbox 1927 5034 3501 5105">
    <p class='ocr_par' dir='ltr' id='par_1_108' title="bbox 1927 5034 3501 5105">
     <span class='ocr_line' id='line_1_109' title="bbox 1927 5034 3501 5105; baseline 0.001 -15"><span class='ocrx_word' id='word_1_785' title='bbox 1927 5034 2149 5090; x_wconf 86' lang='lat' dir='ltr'><strong>seminis</strong></span> <span class='ocrx_word' id='word_1_786' title='bbox 2199 5034 2485 5104; x_wconf 83' lang='lat' dir='ltr'><strong>parabola,</strong></span> <span class='ocrx_word' id='word_1_787' title='bbox 2533 5038 2783 5105; x_wconf 69' lang='lat' dir='ltr'><strong>agricolae</strong></span> <span class='ocrx_word' id='word_1_788' title='bbox 2836 5052 3122 5105; x_wconf 89' lang='lat' dir='ltr'><strong>personam</strong></span> <span class='ocrx_word' id='word_1_789' title='bbox 3190 5036 3501 5105; x_wconf 88' lang='lat' dir='ltr'><strong>satorisque</strong></span> 
     </span>
    </p>
   </div>
   <div class='ocr_carea' id='block_1_109' title="bbox 1928 5125 3501 5196">
    <p class='ocr_par' dir='ltr' id='par_1_109' title="bbox 1928 5125 3501 5196">
     <span class='ocr_line' id='line_1_110' title="bbox 1928 5125 3501 5196; baseline 0.002 -18"><span class='ocrx_word' id='word_1_790' title='bbox 1928 5125 2159 5191; x_wconf 77' lang='lat' dir='ltr'><strong>induxit,</strong></span> <span class='ocrx_word' id='word_1_791' title='bbox 2190 5141 2367 5196; x_wconf 91' lang='lat' dir='ltr'><strong>neque</strong></span> <span class='ocrx_word' id='word_1_792' title='bbox 2398 5128 2541 5182; x_wconf 89' lang='lat' dir='ltr'><strong>enim</strong></span> <span class='ocrx_word' id='word_1_793' title='bbox 2572 5128 2679 5183; x_wconf 91' lang='lat' dir='ltr'><strong>illic</strong></span> <span class='ocrx_word' id='word_1_794' title='bbox 2709 5130 2993 5185; x_wconf 90' lang='lat' dir='ltr'><strong>commode</strong></span> <span class='ocrx_word' id='word_1_795' title='bbox 3023 5127 3265 5183; x_wconf 89' lang='lat' dir='ltr'><strong>mulieris</strong></span> <span class='ocrx_word' id='word_1_796' title='bbox 3296 5129 3501 5181; x_wconf 88' lang='lat' dir='ltr'><strong>mentio</strong></span> 
     </span>
    </p>
   </div>
   <div class='ocr_carea' id='block_1_110' title="bbox 1929 5215 3501 5280">
    <p class='ocr_par' dir='ltr' id='par_1_110' title="bbox 1929 5215 3501 5280">
     <span class='ocr_line' id='line_1_111' title="bbox 1929 5215 3501 5280; baseline -0.001 -10"><span class='ocrx_word' id='word_1_797' title='bbox 1929 5217 2068 5271; x_wconf 88' lang='lat' dir='ltr'><strong>facta</strong></span> <span class='ocrx_word' id='word_1_798' title='bbox 2104 5215 2327 5280; x_wconf 88' lang='lat' dir='ltr'><strong>fuisset,</strong></span> <span class='ocrx_word' id='word_1_799' title='bbox 2371 5218 2444 5271; x_wconf 86' lang='lat' dir='ltr'><strong>ita</strong></span> <span class='ocrx_word' id='word_1_800' title='bbox 2477 5220 2576 5273; x_wconf 86' lang='lat' dir='ltr'><strong>hoc</strong></span> <span class='ocrx_word' id='word_1_801' title='bbox 2617 5218 2735 5273; x_wconf 82' lang='lat' dir='ltr'><strong>loco</strong></span> <span class='ocrx_word' id='word_1_802' title='bbox 2769 5219 2860 5273; x_wconf 87' lang='lat' dir='ltr'><strong>ubi</strong></span> <span class='ocrx_word' id='word_1_803' title='bbox 2907 5219 2972 5274; x_wconf 88' lang='lat' dir='ltr'><strong>de</strong></span> <span class='ocrx_word' id='word_1_804' title='bbox 3016 5219 3279 5274; x_wconf 86' lang='lat' dir='ltr'><strong>fermento</strong></span> <span class='ocrx_word' id='word_1_805' title='bbox 3321 5232 3501 5272; x_wconf 86' lang='lat' dir='ltr'><strong>sermo</strong></span> 
     </span>
    </p>
   </div>
   <div class='ocr_carea' id='block_1_111' title="bbox 1928 5308 3495 5379">
    <p class='ocr_par' dir='ltr' id='par_1_111' title="bbox 1928 5308 3495 5379">
     <span class='ocr_line' id='line_1_112' title="bbox 1928 5308 3495 5379; baseline 0.002 -17"><span class='ocrx_word' id='word_1_806' title='bbox 1928 5318 2011 5363; x_wconf 89' lang='lat' dir='ltr'><strong>est</strong></span> <span class='ocrx_word' id='word_1_807' title='bbox 2040 5308 2092 5362; x_wconf 91' lang='lat' dir='ltr'><strong>in</strong></span> <span class='ocrx_word' id='word_1_808' title='bbox 2131 5309 2321 5363; x_wconf 68' lang='lat' dir='ltr'><strong>farinae</strong></span> <span class='ocrx_word' id='word_1_809' title='bbox 2354 5318 2470 5363; x_wconf 85' lang='lat' dir='ltr'><strong>sata</strong></span> <span class='ocrx_word' id='word_1_810' title='bbox 2506 5309 2607 5363; x_wconf 86' lang='lat' dir='ltr'><strong>tria</strong></span> <span class='ocrx_word' id='word_1_811' title='bbox 2634 5309 2896 5379; x_wconf 81' lang='lat' dir='ltr'><strong>conjecto,</strong></span> <span class='ocrx_word' id='word_1_812' title='bbox 2934 5310 3213 5379; x_wconf 84' lang='lat' dir='ltr'><strong>aptissime</strong></span> <span class='ocrx_word' id='word_1_813' title='bbox 3238 5308 3495 5377; x_wconf 75' lang='lat' dir='ltr'><strong>parabole</strong></span> 
     </span>
    </p>
   </div>
   <div class='ocr_carea' id='block_1_112' title="bbox 1930 5399 3491 5473">
    <p class='ocr_par' dir='ltr' id='par_1_112' title="bbox 1930 5399 3491 5473">
     <span class='ocr_line' id='line_1_113' title="bbox 1930 5399 3491 5473; baseline 0.001 -21"><span class='ocrx_word' id='word_1_814' title='bbox 1930 5400 1985 5453; x_wconf 88' lang='lat' dir='ltr'><strong>in</strong></span> <span class='ocrx_word' id='word_1_815' title='bbox 2036 5399 2258 5453; x_wconf 87' lang='lat' dir='ltr'><strong>muliere</strong></span> <span class='ocrx_word' id='word_1_816' title='bbox 2297 5401 2524 5467; x_wconf 80' lang='lat' dir='ltr'><strong>paniﬁca</strong></span> <span class='ocrx_word' id='word_1_817' title='bbox 2568 5417 2690 5457; x_wconf 89' lang='lat' dir='ltr'><strong>eum</strong></span> <span class='ocrx_word' id='word_1_818' title='bbox 2727 5404 2817 5473; x_wconf 92' lang='lat' dir='ltr'><strong>qui</strong></span> <span class='ocrx_word' id='word_1_819' title='bbox 2862 5402 2970 5457; x_wconf 85' lang='lat' dir='ltr'><strong>illic</strong></span> <span class='ocrx_word' id='word_1_820' title='bbox 3005 5402 3180 5458; x_wconf 88' lang='lat' dir='ltr'><strong>dictus</strong></span> <span class='ocrx_word' id='word_1_821' title='bbox 3207 5408 3291 5456; x_wconf 89' lang='lat' dir='ltr'><strong>est</strong></span> <span class='ocrx_word' id='word_1_822' title='bbox 3324 5413 3491 5455; x_wconf 47' lang='lat' dir='ltr'><strong>semt&#39;</strong></span> 
     </span>
    </p>
   </div>
   <div class='ocr_carea' id='block_1_113' title="bbox 1932 5492 2539 5560">
    <p class='ocr_par' dir='ltr' id='par_1_113' title="bbox 1932 5492 2539 5560">
     <span class='ocr_line' id='line_1_114' title="bbox 1932 5492 2539 5560; baseline 0 -17"><span class='ocrx_word' id='word_1_823' title='bbox 1932 5498 2088 5545; x_wconf 89' lang='lat' dir='ltr'><strong>nator</strong></span> <span class='ocrx_word' id='word_1_824' title='bbox 2117 5492 2539 5560; x_wconf 64' lang='lat' dir='ltr'><strong>repraesentavit.</strong></span> 
     </span>
    </p>
   </div>
   <div class='ocr_carea' id='block_1_114' title="bbox 370 5646 1836 5735">
    <p class='ocr_par' dir='ltr' id='par_1_114' title="bbox 370 5646 1836 5731">
     <span class='ocr_line' id='line_1_115' title="bbox 370 5646 1836 5731; baseline 0.011 -28"><span class='ocrx_word' id='word_1_825' title='bbox 370 5650 390 5681; x_wconf 85' lang='grc'><strong><em>²</em></strong></span> <span class='ocrx_word' id='word_1_826' title='bbox 427 5646 581 5705; x_wconf 75' lang='lat' dir='ltr'><strong>Rom.</strong></span> <span class='ocrx_word' id='word_1_827' title='bbox 624 5666 735 5716; x_wconf 84' lang='lat' dir='ltr'><strong>\‘Ilt,</strong></span> <span class='ocrx_word' id='word_1_828' title='bbox 762 5654 840 5707; x_wconf 83' lang='grc' dir='ltr'><strong>ΓΙ.</strong></span> <span class='ocrx_word' id='word_1_829' title='bbox 921 5656 939 5687; x_wconf 90' lang='grc'><strong><em>³</em></strong></span> <span class='ocrx_word' id='word_1_830' title='bbox 975 5656 990 5711; x_wconf 93' lang='lat' dir='ltr'><strong>l</strong></span> <span class='ocrx_word' id='word_1_831' title='bbox 1026 5657 1146 5713; x_wconf 83' lang='lat' dir='ltr'><strong>Cor.</strong></span> <span class='ocrx_word' id='word_1_832' title='bbox 1176 5675 1255 5727; x_wconf 84' lang='grc' dir='ltr'>ιιι,</span> <span class='ocrx_word' id='word_1_833' title='bbox 1282 5659 1351 5713; x_wconf 67' lang='lat'><strong>22!</strong></span> <span class='ocrx_word' id='word_1_834' title='bbox 1449 5661 1464 5692; x_wconf 71' lang='grc'><strong>⁵</strong></span> <span class='ocrx_word' id='word_1_835' title='bbox 1508 5664 1632 5717; x_wconf 58' lang='lat' dir='ltr'><strong>(tu.</strong></span> <span class='ocrx_word' id='word_1_836' title='bbox 1664 5679 1757 5731; x_wconf 78' lang='lat' dir='ltr'><strong>xu,</strong></span> <span class='ocrx_word' id='word_1_837' title='bbox 1784 5664 1836 5719; x_wconf 73' lang='grc' dir='ltr'><strong>ιε</strong></span> 
     </span>
    </p>
   </div>
   <div class='ocr_carea' id='block_1_115' title="bbox 1932 5646 2907 5735">
    <p class='ocr_par' dir='ltr' id='par_1_115' title="bbox 1948 5665 2907 5735">
     <span class='ocr_line' id='line_1_116' title="bbox 1948 5665 2907 5735; baseline -0.002 -14"><span class='ocrx_word' id='word_1_838' title='bbox 1948 5665 1967 5697; x_wconf 88' lang='grc'><strong><em>⁵</em></strong></span> <span class='ocrx_word' id='word_1_839' title='bbox 2009 5666 2130 5721; x_wconf 62' lang='lat' dir='ltr'><strong>Car.</strong></span> <span class='ocrx_word' id='word_1_840' title='bbox 2164 5681 2280 5733; x_wconf 78' lang='lat' dir='ltr'><strong>xm,</strong></span> <span class='ocrx_word' id='word_1_841' title='bbox 2308 5667 2394 5723; x_wconf 60' lang='grc' dir='ltr'><strong>ευ.</strong></span> <span class='ocrx_word' id='word_1_842' title='bbox 2476 5666 2495 5698; x_wconf 82' lang='grc'>⁸</span> <span class='ocrx_word' id='word_1_843' title='bbox 2532 5665 2707 5723; x_wconf 70' lang='grc' dir='ltr'>Ηῖοτ.</span> <span class='ocrx_word' id='word_1_844' title='bbox 2741 5684 2791 5735; x_wconf 78' lang='lat' dir='ltr'><strong>x,</strong></span> <span class='ocrx_word' id='word_1_845' title='bbox 2828 5668 2907 5721; x_wconf 72' lang='lat' dir='ltr'><strong>li.</strong></span> 
     </span>
    </p>
   </div>
  </div>
