4062 6410
612 334 714 391 567

1306 332 1577 389 EUSEBII
1614 327 2083 386 CESARIENSIS
2118 325 2268 383 OPP.
2304 326 2480 381 PARS
2518 324 2605 379 Ill.
2644 353 2713 365 -
2752 320 3155 378 EXEGETICA.

3710 310 3812 365 568

611 452 812 515 ναικὸς,
864 449 1004 503 οὕτω
1048 450 1323 504 κάνταῦθα
1366 450 1456 501 ἐπὶ
1499 448 1674 517 ζύμης
1717 446 2024 517 φυρομένης
2073 446 2153 506 είς
2197 442 2422 512 ἀλεύρου
2460 441 2593 494 σάτα
2630 438 2754 508 τρία
2821 436 3122 489 οἰκειότατα
3183 436 3215 504 ἡ
3267 408 3543 502 παραϐολὴ
3597 431 3816 493 γυναικὶ

611 542 1035 643 ἀρτοποὶουᾶἐνῃ
1063 546 1152 599 τὸν
1181 548 1237 599 ἐν
1268 543 1491 605 ἐκείνοις
1522 542 1900 611 ὠνομασμένον
1932 538 2133 609 σπορέα
2160 538 2473 590 ἀπείκασεν.
2875 621 2898 643 1
2970 616 2997 643 Δ
3156 613 3267 643 mn
3565 610 3587 643 ι
3724 611 3748 643 ⁷
3770 609 3782 625 ρ

694 639 705 643 -
1096 640 1108 643 -
1154 637 1198 643 _-
1285 640 1296 643 _
1492 639 1525 643 -,
1982 634 1995 643 α
2197 639 2209 643 -
2325 631 2365 643 σοι
2454 628 2465 643 ο
2569 628 2580 643 l
2628 640 2668 643 γε
2732 639 2816 643 ___.
2850 625 2870 643 Δ
2906 635 2965 643 ..._
3006 619 3116 643 ..τι-ιι
3305 628 3555 643 υμνηιιιαη
3592 627 3693 643 ιιυιυ
3758 630 3782 643 n

678 639 787 707 Age
811 610 945 695 veri.)I
974 610 1109 706 apud
1153 637 1456 691 Matthmum
1488 639 1554 699 ⁸⁸,
1598 610 1873 704 postquam
1896 634 2150 689 calorum

2325 628 2478 682 Κατὰ
2518 628 2697 697 μέντοι
2728 639 2816 675 τον
2846 616 3116 673 Ματθαῖον
3155 613 3268 683 (61)
3305 610 3700 707 κεκρυμμένην
3724 610 3817 707 εἰς,

610 744 830 796 regnum
892 730 942 781 in
1005 729 1265 782 fermento
1296 736 1792 795 repraesentaverat,
1841 740 1946 793 quo
1991 723 2154 778 sancti

2261 737 2368 790 μην
2402 718 2498 788 τὴν
2543 714 2815 785 βασιλείαν
2864 709 2971 761 τῶν
3016 704 3257 774 οὐρανῶν
3291 699 3583 773 προειπὼν,
3633 700 3700 751 δι’
3747 695 3817 769 ἦς

610 818 843 887 Spiritus
870 822 1061 875 donum
1097 820 1370 873 denotavit
1398 858 1412 879 ,
1458 827 1514 870 et
1549 816 1874 882 evangelicae
1902 815 2159 869 doctrinae

609 911 912 977 utilitatem,
950 912 999 963 in
1031 910 1309 977 subiuncta
1346 910 1452 963 illic
1485 909 1735 977 parabola
1768 907 1909 960 idem
1934 918 2155 976 regnum

611 998 861 1052 thesauro
891 998 1062 1051 simile
1094 999 1249 1052 dixit.
1298 998 1392 1051 Est
1441 1007 1618 1050 autem
1672 1011 1892 1065 magnus
1922 995 2011 1047 hic
2040 995 2157 1047 the-

609 1102 798 1141 saurus
819 1088 1109 1141 secundum
1141 1087 1377 1140 caelestia
1411 1086 1570 1140 eﬂata
1599 1087 1618 1117 ⁷
1652 1086 1825 1156 dignis
1852 1083 2155 1154 ‘_repositus,

607 1190 764 1245 quem
796 1176 983 1230 oculus
1032 1191 1131 1230 non
1180 1178 1328 1241 vidit,
1380 1178 1579 1245 quique
1626 1176 1821 1231 multos
1852 1176 1995 1229 latet.
2056 1174 2155 1241 Qui

608 1279 737 1319 vero
786 1267 929 1319 hunc
976 1268 1140 1327 novit.
1182 1276 1363 1333 utpote
1395 1267 1485 1335 qui
1529 1266 1619 1321 Dei
1663 1266 1945 1335 imaginem
1993 1266 2042 1317 in
2098 1279 2158 1319 se

608 1357 968 1421 conservavit,
1000 1356 1190 1425 gaudio
1218 1356 1408 1421 elatus,
1427 1371 1522 1410 ceu
1554 1357 1643 1425 qui
1676 1371 1939 1410 summum
1960 1355 2155 1409 bonum

610 1446 890 1510 invenerit,
946 1446 1149 1515 reliqua
1203 1447 1381 1499 omnia
1418 1446 2039 1515 posthabendajudicat,
2100 1453 2157 1498 ut

610 1533 751 1587 hunc
792 1536 1076 1603 possideat.
1113 1532 1280 1587 Porro
1310 1535 1561 1588 thesauro
1590 1534 1746 1588 simul
1771 1548 2005 1604 agroque
2046 1549 2158 1601 me-

608 1634 850 1689 morato,
911 1626 1177 1679 hominem
1238 1626 1569 1679 inventorem
1623 1626 1906 1693 apposuit,
1963 1635 2021 1678 ut
2066 1625 2155 1678 Dei

606 1713 897 1767 studiosam
953 1716 1183 1769 hominis
1240 1726 1467 1769 mentem
1520 1715 1803 1783 signiticet.
1853 1717 2016 1785 igitur
2065 1731 2154 1769 su-

605 1805 899 1872 prascripta
946 1806 1195 1873 parabola
1228 1808 1325 1861 sub
1352 1806 1597 1860 absconsi
1649 1807 1885 1859 thesauri
1938 1806 2156 1859 nomine

604 1893 854 1947 caelestes
877 1905 1037 1962 atque
1062 1898 1285 1951 eximias
1312 1898 1528 1949 denotat
1559 1897 1977 1964 promissiones;
2020 1896 2156 1949 mul-

2257 788 2443 880 ἐδήλου
2488 809 2584 876 τὴν
2618 800 2969 873 ὲπιχορηγίαν
3016 794 3107 847 τοῦ
3154 794 3309 860 ἁγίου
3356 790 3687 880 Πνεύματος,
3721 788 3816 880 καὶ

2256 877 2350 967 τὴν
2392 897 2655 964 ὠφέλειαν
2679 893 2776 962 τὴν
2802 889 2907 943 ἀπὸ
2929 886 3021 940 τοῦ
3051 882 3399 952 εὑαγγελικοῦ
3419 880 3597 947 λόγου,
3613 879 3699 930 διὰ
3717 877 3817 945 τῆς

2258 988 2385 1057 ἑξῆς
2413 984 2725 1058 παραϐολῆς
2768 984 2865 1052 τὴν
2899 980 3063 1048 αὐτὴν
3094 974 3362 1046 βασιλείαν
3397 972 3634 1025 ἐοικέναι
3682 969 3816 1037 φησι

2257 1076 2531 1148 θησαυρῷ.
2570 1074 2667 1143 Είη
2704 1073 2747 1124 δ’
2790 1071 2855 1125 ἂν
2888 1067 3153 1139 θησαυρὸς
3183 1065 3351 1135 μέγας
3382 1062 3410 1112 6
3434 1060 3572 1113 κατά
3598 1058 3697 1122 τὰς
3724 1060 3815 1109 οὑ·-

2257 1168 2473 1238 ρανίους
2518 1161 2845 1230 ἐπαγγελίας
2872 1162 2983 1222 τοῖς
3038 1157 3203 1221 ἀξίοις
3238 1151 3675 1221 τεταμιευμένος,
3704 1149 3762 1200 ὃν
3789 1150 3817 1199 6

2254 1256 2527 1327 ὀφθαλμὸς
2560 1256 2658 1307 οὑκ
2686 1250 2843 1315 εἶδεν,
2875 1252 2932 1314 ὃς
2964 1251 3087 1311 τοὺς
3117 1246 3340 1307 πολλοὺς
3366 1242 3634 1295 λανθάνει.
3676 1241 3735 1292 '0
3762 1239 3818 1290 δὲ

2253 1349 2440 1401 τοῦτον
2469 1348 2685 1415 νοήσας,
2720 1343 2794 1405 ὡς
2818 1341 2877 1393 τὸ
2908 1342 3026 1393 κατ’
3057 1339 3239 1391 είκόνα
3268 1334 3361 1387 τοῦ
3386 1331 3521 1386 Θεοῦ
3550 1330 3738 1393 σώζων
3760 1330 3817 1380 ὲν

2256 1437 2453 1507 ἑαυτῷ,
2484 1437 2657 1505 χαρᾶς
2706 1431 2956 1503 ἔμπλεως
2986 1426 3245 1497 γεγονὼς,
3290 1425 3363 1487 ὼς
3403 1423 3466 1476 ἂν
3508 1423 3567 1474 τὸ
3614 1421 3821 1473 τέλειον

2256 1527 2364 1579 τῶν
2394 1525 2609 1594 ἀγαθῶν
2636 1520 2901 1594 εὑρηκὼς,
2926 1518 2996 1570 τὰ
3017 1517 3178 1570 λοιπά
3211 1515 3385 1568 πάντα
3418 1514 3643 1583 δεύτερα
3674 1508 3821 1562 τίθε-

2256 1635 2364 1681 ται,
2390 1616 2483 1669 καὶ
2515 1614 2701 1667 τοῦτον
2730 1610 3131 1680 ἀντιλαμϐάνει.
3160 1604 3589 1674 Καταλλήλωςὸὲ
3624 1602 3825 1671 θησαυ-

2258 1709 2348 1779 ρὸν
2379 1708 2470 1759 καὶ
2524 1706 2693 1773 ἀγρὸν
2746 1701 2934 1763 εἰπὼν,
2987 1698 3269 1785 ἄνθρωπον
3298 1696 3444 1764 αὐτῷ
3486 1693 3694 1763 συνῆψε
3732 1692 3825 1742 τὸν

2256 1798 2551 1869 εὑρηκότα’
2588 1796 2729 1848 οὕτω
2775 1793 3015 1865 δηλώσας
3058 1784 3153 1843 τὸν
3192 1792 3248 1842 ἐν
3301 1787 3569 1859 ἀνθρώπῳ
3596 1784 3822 1852 θεοφιλῆ

2254 1888 2396 1941 νοῦν.
2439 1888 2503 1939 Ἥ
2558 1887 2654 1954 μὲν
2703 1881 2793 1937 οῦν
2850 1879 3250 1955 ρηθεῖσαάῦτη
3281 1875 3563 1947 παραϐολὴ
3594 1874 3685 1926 διὰ
3729 1869 3825 1923 τοῦ

606 1998 673 2041 tte
698 1988 838 2041 enim
875 1989 1176 2043 mansiones
1222 1990 1355 2058 apud
1388 1988 1595 2043 Patrem
1625 1999 1781 2053 sunt;
1841 1987 2154 2055 divitiasque

2258 1977 2525 2048 θησαυροῦ
2549 1976 2639 2029 τοῦ
2671 1974 3049 2045 κεκρυμμένου
3079 1970 3175 2033 τὰς
3200 1968 3451 2058 οὐρανίας
3488 1962 3827 2058 ἐπαγγελίας

602 2074 717 2142 Dei,
748 2090 865 2145 quae
889 2086 1012 2131 sunt
1052 2077 1225 2132 omnis
1273 2079 1399 2133 boni
1441 2078 1758 2146 thesaurus,
1802 2079 2153 2135 demonstrat.

673 2342 800 2408 Quae
834 2359 961 2399 vero
984 2346 1227 2412 sequitur
1257 2347 1278 2379 ⁸
1309 2348 1610 2414 margaritas
1636 2345 1909 2414 parabola,
1936 2357 1999 2398 ea
2028 2343 2155 2398 mihi

602 2433 908 2501 signiﬁcare
931 2436 1139 2488 videtur
1173 2436 1539 2503 pretiosiorem
1584 2437 1955 2504 praedictarum
1993 2450 2153 2504 opum

600 2534 825 2590 partem.
884 2523 978 2576 Est
1027 2534 1201 2577 autem
1256 2527 1367 2578 haec
1396 2525 1648 2579 divinitas
1682 2524 1981 2593 Unigeniti,
2036 2540 2155 2593 quae

600 2613 807 2666 cunctis
862 2613 913 2666 in
951 2615 1202 2681 praedicto
1251 2617 1501 2669 thesauro
1537 2616 1805 2668 contentis
1838 2614 2155 2683 exquisitior

598 2710 713 2764 est;
743 2716 901 2769 quam
928 2703 1017 2769 qui
1049 2704 1411 2772 acquisiverit,
1436 2718 1664 2773 superna
1686 2703 1940 2757 beatitate
1962 2704 2154 2773 dignus

599 2800 679 2842 ut.
724 2788 1009 2859 Margarita
1038 2799 1212 2845 autem
1248 2791 1437 2845 merito
1464 2793 1771 2845 nominatur
1811 2791 2149 2847 incarnatum

599 2878 692 2933 Dei
723 2877 952 2933 Verbum
980 2898 993 2945 ;
1026 2881 1151 2950 quia
1178 2882 1291 2935 haec
1323 2882 1632 2949 margarita,
1665 2881 1720 2935 in
1755 2896 1917 2935 carne
1952 2882 2078 2935 licet
2101 2892 2154 2937 et

598 2971 832 3025 ostracio
859 2982 1017 3039 atque
1048 2972 1272 3025 humore
1304 2973 1477 3040 genita
1502 3014 1516 3036 ,
1567 2972 1857 3041 pretiosum
1887 2974 2013 3041 quid
2047 2982 2151 3037 est,

598 3069 654 3112 et
680 3075 787 3129 pra!
825 3063 1071 3115 omnibus
1101 3076 1164 3115 ex
1198 3061 1417 3114 humore
1446 3062 1583 3115 natis
1629 3061 1943 3130 corporibus
1988 3064 2153 3117 Itono-

601 3150 805 3204 rabilis.
857 3150 1017 3205 Certe
1056 3151 1343 3219 margarita
1374 3151 1583 3204 videtur
1621 3150 1896 3204 humidum
1939 3167 2149 3221 corpus,

603 3238 960 3305 splendidum,
1004 3238 1313 3293 coelestibus
1353 3238 1547 3301 simile,
1584 3237 1701 3293 luce
1730 3252 1795 3293 ac
1820 3240 2009 3307 spiritu
2040 3240 2151 3307 ple-

2262 2070 2440 2139 ἐδήλου
2486 2067 2581 2130 τὰς
2615 2063 3067 2135 ὑπρὸεὸηκυίας,
3098 2061 3287 2114 πολλαὶ
3314 2052 3420 2127 γὰρ
3470 2056 3630 2126 μοναὶ
3674 2050 3830 2123 παρὰ

2260 2162 2336 2231 τῷ
2366 2160 2554 2229 Ila-cpi,
2586 2158 2794 2209 καὶτὸν
2840 2158 2896 2207 ὲν
2939 2154 3057 2224 Θεῷ
3090 2153 3339 2214 πλοῦτον,
3378 2147 3652 2219 θησαυρὸν
3696 2146 3830 2197 ὄντα

2261 2251 2456 2314 παντὸς
2484 2250 2707 2318 ἀγαθοῦ.

2342 2342 2402 2395 Ἡ
2448 2340 2502 2393 δὲ
2540 2339 2675 2409 μετὰ
2708 2337 2909 2407 ταύτην
2941 2336 3027 2389 διὰ
3071 2335 3164 2388 τοῦ
3218 2330 3552 2403 μαργαρίτου
3597 2326 3832 2381 αἰνίττε-

2262 2434 2383 2486 σθαί
2413 2450 2500 2502 μοι
2532 2432 2679 2483 δοκεῖ
2711 2430 2772 2481 τὸ
2817 2428 3135 2497 τιμιώτερον
3185 2422 3277 2476 τοῦ
3311 2420 3639 2493 δηλωθέντος
3668 2414 3833 2468 πλού-

2259 2542 2371 2576 του.
2429 2522 2527 2592 Είη
2570 2521 2613 2573 δ’
2650 2519 2713 2572 ἂν
2762 2518 3014 2587 ἡθεότης
3062 2515 3199 2584 αὑτὴ
3254 2511 3346 2565 τοῦ
3387 2506 3748 2576 Μονογενοῦς,
3796 2506 3831 2575 ἡ

2262 2616 2474 2669 πάντων
2498 2612 2605 2665 τῶν
2635 2615 2690 2664 ὲν
2724 2609 2800 2679 τῷ
2827 2607 3138 2662 ἀποδοθέντι
3173 2602 3426 2675 θησαυρῷ
3466 2596 3831 2669 τεταμιευμέ-

2258 2724 2362 2759 νων
2390 2704 2709 2775 τιμιωτέρα,
2740 2704 2804 2772 ἣν
2844 2704 2872 2753 6
2912 2699 3247 2770 κτησάμενος
3288 2696 3386 2765 τῆς
3429 2692 3693 2746 ἀνωτάτω
3727 2706 3832 2759 μα-

2259 2797 2579 2867 καριότητος
2607 2794 2853 2861 ἠξίωται.
2905 2790 3263 2862 Μαργαρίτης
3310 2788 3366 2839 δὲ
3410 2782 3830 2853 ώνόμασταιείο

2260 2887 2427 2947 κότως
2455 2886 2484 2937 6
2518 2882 2818 2954 σαρκωθεὶς
2868 2880 2998 2943 Θεὸς
3039 2880 3235 2947 Λόγος·
3265 2876 3386 2929 ἐπεὶ
3411 2876 3503 2927 καὶ
3535 2875 3563 2925 6
3612 2887 3833 2943 μαργα-

2261 2981 2412 3051 ρίτης
2441 2976 2695 3038 τοιοῦτος,
2734 2976 2789 3027 ὲν
2815 2974 2976 3044 σαρκὶ
3012 2972 3109 3043 μὲν
3141 2971 3234 3024 καὶ
3278 2971 3334 3021 έν
3366 2965 3576 3036 ὀστρέῳ
3624 2964 3721 3017 καὶ
3772 2964 3831 3016 ἐν

2259 3072 2445 3140 ὑγροῖς
2472 3067 2829 3137 γεννώμενος,
2862 3065 3041 3135 τίμιον
3062 3063 3119 3115 δέ
3161 3079 3214 3114 τι
3248 3060 3457 3131 χρῆμα,
3488 3056 3581 3109 καὶ
3607 3056 3829 3109 πάντων

2256 3160 2362 3213 τῶν
2391 3162 2448 3211 ὲν
2475 3160 2658 3228 ὑγροῖς
2690 3155 2953 3225 σωμάτων
2981 3151 3403 3223 τιμαλφέστερον
3429 3165 3441 3177 ·
3498 3145 3643 3198 ἔοικε
3698 3143 3829 3212 γοῦν

2257 3247 2395 3303 εἶναι
2424 3251 2485 3319 τῇ
2520 3247 2676 3317 φύσει
2707 3245 2862 3315 σῶμα
2886 3244 3069 3315 ὑγρὸν,
3092 3241 3331 3308 διαυγὲς,
3365 3236 3619 3298 θεοειδὲς,
3650 3235 3831 3303 φωτὸς

604 3346 753 3383 nmn.
805 3330 895 3383 Sic
926 3332 1085 3383 etiam
1117 3331 1452 3383 incarnatum
1490 3330 1720 3383 Verbum
1746 3329 1923 3383 lumen
1954 3331 2154 3384 intelle-

2259 3343 2353 3394 καὶ
2381 3340 2687 3409 πνεύματος
2711 3337 2898 3406 γέμον.
2951 3334 3051 3403 Εἶη
3086 3333 3130 3385 δ’
3164 3331 3229 3385 ἂν
3253 3331 3347 3383 καὶ
3378 3326 3682 3399 σαρκωθεὶς
3728 3326 3830 3377 Λό-

601 3420 777 3473 ctuale
809 3430 913 3485 est,
945 3420 1009 3472 de
1044 3420 1255 3473 mortali
1289 3419 1614 3487 humidoque
1644 3434 1872 3489 corpore
1894 3423 2153 3477 emicans.

600 3507 717 3563 Jam
744 3524 862 3563 cum
900 3512 1015 3564 alia:
1052 3512 1231 3565 multa:
1264 3511 1572 3565 exstiterint
1618 3514 1922 3580 margarita:
1959 3523 2156 3568 sancta:

603 3599 817 3667 Deoque
869 3611 1053 3669 gratae,
1094 3601 1371 3670 propheta:
1407 3601 1652 3656 videlicet
1692 3602 1930 3671 justique
1978 3604 2155 3659 homi—

610 3701 725 3753 nes,
754 3691 846 3757 qui
870 3698 923 3742 et
950 3691 1046 3756 ipsi
1080 3704 1240 3744 carne
1269 3692 1549 3759 constipati
1604 3702 1760 3746 erant
1790 3702 2008 3763 pr0pter
2036 3708 2156 3748 car-

599 3791 756 3831 neam
793 3780 1068 3833 hominum
1124 3781 1310 3847 vitam,
1342 3796 1498 3835 nemo
1527 3781 1665 3847 alius
1691 3822 1707 3847 ,
1768 3795 1962 3853 praeter
2011 3784 2157 3840 hunc

601 3868 794 3931 solum,
836 3883 960 3922 vere
995 3870 1325 3939 unigenitus,
1360 3871 1825 3939 splendidissimus
1855 3888 1920 3928 ac
1958 3875 2157 3942 pretio-

602 3958 847 4014 sissimus
880 3960 1126 4015 inventus
1148 3971 1247 4016 est.
1285 3962 1436 4017 Adeo
1470 3971 1526 4015 ut
1569 3961 1741 4023 Isaias
1763 3980 1975 4034 quoque
2001 3967 2067 4021 de
2091 3979 2155 4021 eo

599 4050 923 4105 vaticinatus
957 4051 1118 4106 fuerit
1164 4052 1349 4115 dicens
1380 4068 1394 4105 :
1425 4050 1557 4106 Ecce
1604 4071 1737 4121 pono
1771 4056 1825 4108 in
1865 4055 1995 4109 Sion
2028 4056 2159 4123 lapi-

600 4143 716 4194 dem
736 4144 1041 4210 pretiosum,
1070 4142 1311 4209 electum,
1329 4144 1665 4213 “angularem,
1694 4146 2082 4212 honorabilem;
2107 4156 2156 4201 et

599 4233 689 4302 qui
734 4235 1010 4288 crediderit
1064 4236 1121 4289 in
1172 4235 1336 4299 eum,
1400 4252 1504 4288 non
1557 4238 1900 4307 confundetur
1948 4238 1987 4291 ’.
2054 4238 2156 4305 Qui

2255 3450 2348 3500 γος
2374 3431 2627 3495 τοιοῦτος,
2652 3428 2765 3496 φῶς
2797 3426 2979 3495 νοερὸν
3020 3423 3107 3477 διὰ
3141 3421 3334 3491 θνητοῦ
3381 3419 3475 3473 καὶ
3509 3417 3683 3487 ὑγροῦ
3719 3413 3825 3468 σώ-

2259 3540 2424 3593 ματος
2455 3519 2758 3589 ἐκλάμψαν.
2794 3515 3010 3569 Πολλῶν
3052 3531 3115 3583 γε
3153 3515 3258 3583 μὴν
3288 3512 3385 3565 καὶ
3416 3508 3589 3565 ἄλλων
3614 3524 3828 3578 μαργαο

2258 3613 2416 3685 ριτῶν
2454 3612 2621 3665 ὄντων
2651 3609 2819 3677 ἁγίων
2852 3607 2945 3660 καὶ
2984 3605 3263 3675 θεοφιλῶν,
3300 3600 3593 3672 προφητῶν
3639 3616 3701 3651 τε
3736 3600 3830 3652 καὶ

2253 3703 2474 3755 δικαίων
2507 3700 2735 3771 ἀνδρῶν,
2771 3700 2865 3751 καὶ
2894 3696 3070 3750 αὐτῶν
3120 3697 3179 3748 ὲν
3229 3694 3393 3766 σαρκὶ
3434 3690 3827 3760 πεπιλημένων

2254 3795 2339 3847 διὰ
2362 3794 2451 3846 τὸν
2477 3792 2735 3862 ἐνσαρκον
2760 3789 2870 3843 τῶν
2892 3785 3188 3859 ἀνθρώπιον
3229 3786 3360 3855 βίον,
3387 3783 3561 3845 οὐδεὶς
3582 3784 3769 3852 ἔτερος
3790 3781 3825 3851 ἢ

2260 3886 2417 3956 μόνος
2442 3882 2523 3948 είς
2547 3876 2702 3946 οὗτος
2739 3880 2953 3953 ἀληθῶς
2994 3878 3281 3949 μονογενὴς
3329 3876 3425 3929 καὶ
3472 3872 3827 3943 πολυφεγγης

2256 3977 2347 4029 καὶ
2392 3974 2682 4044 πολύτιμος
2711 3972 2938 4044 εὓρηται
2960 3988 2974 4001 ’
3041 3968 3117 4033 ὡς
3172 3968 3265 4021 καὶ
3302 3966 3525 4020 Ἡσαΐαν
3568 3963 3826 4017 θεσπίσαι

2260 4064 2386 4134 περὶ
2415 4062 2577 4116 αὑτοῦ
2608 4064 2699 4115 καὶ
2722 4063 2893 4114 εἰπεῖν
2915 4075 2930 4094 ⁸
2974 4058 3120 4113 Ἰδοὺ
3146 4058 3345 4126 τίθημι
3368 4056 3438 4108 ἐν
3466 4052 3619 4108 Σιὼν¹
3645 4054 3827 4108 λιθοτ-

2255 4152 2579 4219 πολυτελῆ,
2613 4150 2922 4213 ἐκλεκτὸν,
2952 4145 3390 4217 ἀκρογωνιαῒον,
3416 4144 3656 4214 ἔντιμον
3678 4160 3693 4173 ε
3725 4143 3825 4197 καὶ

2257 4244 2291 4295 ό
2324 4241 2619 4294 πιστεύων
2664 4242 2751 4305 εἰς
2791 4239 2977 4293 αὐτὸν
3002 4239 3074 4290 οὺ
3110 4234 3713 4303 καταισχυνθήσεται.
3762 4234 3824 4285 '0

498 4999 503 5007 .
600 4961 803 5017 faciens
834 4962 973 5031 quod
1016 4965 1159 5031 prior
1197 4965 1281 5017 ille
1312 4964 1422 5031 (qui
1450 4978 1633 5033 agrum
1665 4963 1749 5016 ubi
1789 4964 1983 5019 latebat
2034 4966 2148 5019 the-

602 4339 730 4393 ergo
777 4339 941 4393 regno
985 4325 1245 4381 cmlorum
1278 4326 1474 4396 dignus
1519 4326 1729 4380 futurus
1756 4337 1870 4391 est,
1900 4328 2157 4396 praeclare

601 4431 941 4486 comparatur
976 4417 1257 4472 mercatori
1308 4419 1460 4484 viro,
1520 4419 1596 4473 rei
1628 4418 1781 4473 bona:
1819 4424 2060 4479 studioso
2101 4430 2157 4477 et

2255 4332 2319 4403 δὴ
2350 4329 2441 4387 οὖν
2487 4331 2690 4403 μέλλων
2714 4331 2811 4401 τῆς
2836 4330 3110 4400 βασιλείας
3142 4326 3249 4380 τῶν
3270 4326 3511 4393 οὐρανῶν
3530 4323 3823 4389 καταξιοῦ-

2259 4422 2381 4477 σθαι
2414 4422 2706 4493 προσφυῶς
2738 4420 3145 4495 παραὸέσληται
3190 4418 3416 4489 ἐμπόρῳ
3468 4418 3620 4489 ἀνδρὶ
3666 4418 3821 4486 φιλο-

602 4508 793 4575 perito,
826 4519 880 4564 et
927 4508 1215 4562 multarum
1260 4510 1626 4564 doctrinarum
1676 4513 2154 4583 exploratori,,qui

2257 4514 2402 4583 κάλῳ
2429 4515 2532 4573 τινὶ
2556 4514 2650 4566 καὶ
2684 4512 2969 4583 φιλομαθεῖ
3000 4512 3091 4564 καὶ
3118 4510 3373 4564 ποικίλων
3401 4510 3702 4580 δοκιμαστῇ
3736 4510 3823 4564 λό-

602 4600 927 4654 circumiens
958 4600 1151 4653 multas
1185 4602 1381 4668 reperit
1433 4602 1772 4668 margaritas,
1817 4608 2153 4660 omnimodas

2257 4620 2385 4671 γων,
2430 4604 2487 4668 ὃς
2516 4604 2737 4675 περιιὼν
2768 4601 2995 4663 πολλοὺς
3054 4602 3152 4671 μὲν
3202 4601 3395 4671 ἀνεῦρε
3452 4602 3819 4671 μαργαρίτας,

601 4702 793 4757 nempe
837 4698 1147 4744 sanctorum
1197 4689 1471 4742 hominum
1504 4690 1722 4744 classes.
1772 4693 1877 4745 Sed
1918 4694 2150 4761 pretiosa

2257 4660 2534 4759 παντοίους
2564 4660 2620 4748 ὲν
2644 4693 2948 4765 ἀνθρώποις
2976 4660 3170 4761 *ἁγίους
3186 4707 3200 4721 ⁶
3228 4660 3380 4757 τέλος
3405 4660 3465 4745 δέ
3480 4660 3819 4745 coit-7:63.61;

605 4781 693 4836 illa
741 4798 949 4852 gemma
995 4785 1231 4848 inventa,
1281 4799 1438 4849 quam
1472 4783 1701 4838 Verbum
1750 4785 1961 4846 obtulit,
2014 4786 2151 4839 hanc

2261 4804 2357 4856 μον
2385 4787 2577 4857 εὑρὼν,
2610 4786 2667 4839 ὃν
2709 4788 2735 4838 6
2762 4786 2933 4853 Λόγος
2990 4787 3386 4854 παρεστήσατο,
3441 4782 3657 4836 πάντων
3708 4783 3819 4836 τῶν

599 4888 721 4925 cum
747 4874 994 4927 omnibus
1011 4876 1108 4928 sibi
1128 4887 1283 4927 antea
1312 4875 1599 4941 compertis
1622 4877 1984 4940 commutavit,
2011 4876 2150 4929 idem

2258 4878 2515 4949 πρότερον
2561 4877 2708 4945 αὑτῷ
2757 4876 3169 4946 πεπορισμένων
3199 4874 3386 4928 τοῦτον
3422 4875 3817 4946 ἀντικατηλλά-

2257 4965 2399 5032 ξατο,
2422 4968 2613 5020 ταυτὸν
2637 4966 2713 5036 τῷ
2746 4967 2989 5037 προτέρῳ
3020 4967 3225 5037 πράξας
3276 4967 3341 5037 (6
3368 4968 3543 5021 πάντα
3575 4970 3675 5022 ὅσα
3701 4964 3816 5041 εἶχε

600 5069 792 5107 saurus
821 5056 1049 5108 venditis
1075 5057 1279 5108 cunctis
1308 5054 1686 5125 comparavit).
1717 5056 1886 5121 Atque
1914 5056 2026 5109 haec
2050 5057 2153 5109 erit

2259 5059 2529 5129 πωλήσας,
2587 5058 2681 5111 καὶ
2727 5058 2998 5128 ἀγοράσας
3046 5058 3136 5111 τὸν
3184 5058 3353 5129 ἀγρὸν
3404 5061 3650 5129 ἐκεῖνον).
3706 5062 3817 5114 Καὶ

600 5159 822 5199 summa
845 5145 1114 5211 beatitatis
1140 5146 1383 5211 coronis,
1414 5159 1605 5214 nempe
1643 5146 1684 5197 si
1724 5147 1957 5213 pretiosa
2003 5160 2147 5198 mar-

2257 5150 2393 5203 τοῦτ’
2437 5151 2502 5204 ἂν
2530 5151 2615 5220 εἴη
2641 5150 2791 5212 τέλος
2828 5150 2927 5220 τῆς
2970 5150 3143 5219 ἄκρας
3178 5151 3595 5221 μακαριότητος,
3626 5152 3687 5205 τδ
3718 5170 3819 5207 κα-

601 5236 769 5301 garita
808 5224 1144 5301 ornabimur,
1196 5236 1248 5289 id
1295 5246 1377 5290 est
1418 5238 1620 5290 lumine
1652 5237 1952 5289 divinitatis
1988 5236 2145 5291 Verbi

2257 5240 2653 5311 τακοσμηθῆναι
2681 5238 2758 5307 τῷ
2787 5240 3127 5309 πολυτιμήτω
3157 5242 3485 5311 μαργαρίτῃ,
3514 5241 3709 5313 δηλαδὴ
3736 5242 3815 5313 τῷ

602 5324 880 5392 unigeniti.
912 5324 1124 5378 Initium
1158 5325 1353 5394 quippe
1384 5325 1482 5380 fuit
1506 5342 1721 5389 semen;
1756 5326 1943 5380 deinde
1972 5326 2150 5381 fructi-

2257 5330 2391 5397 φωτὶ
2422 5331 2521 5399 τῆς
2559 5329 2808 5397 θεότητος
2838 5328 2931 5381 τοῦ
2970 5330 3283 5399 μονογενοῦς
3311 5330 3509 5398 Λόγουο
3538 5332 3679 5402 ἀρχὴ
3712 5334 3814 5402 μὲν

603 5413 808 5468 licantis
855 5412 1111 5469 frumenti
1160 5417 1511 5483 germinatio;
1567 5418 1778 5470 tertium
1834 5418 2090 5472 discretio
2121 5433 2149 5470 a

2257 5422 2362 5493 γὰρ
2393 5418 2459 5492 ἦν
2483 5424 2511 5474 6
2547 5422 2743 5491 σπόρος
2767 5437 2779 5449 ·
2839 5415 2933 5473 εἶτ’
2973 5421 3206 5485 ἐπίδοσις
3245 5421 3345 5491 τῆς
3370 5423 3462 5476 τοῦ
3498 5424 3641 5477 σίτου
3670 5441 3783 5496 καρ

670 5522 710 5552 ⁸·
737 5521 925 5577 Matth.
958 5539 1089 5589 xm,
1122 5524 1209 5577 55.
1286 5526 1305 5554 ⁷
1347 5526 1473 5579 ibid.
1507 5524 1594 5577 Η.
1670 5526 1691 5556 ³
1735 5525 1860 5579 ibid.
1893 5528 1981 5581 45.
2060 5530 2080 5559 ³
2123 5527 2154 5581 l:

2268 5546 2459 5596 xxviii,
2500 5532 2587 5587 16.

830 5614 923 5701 llic
953 5631 1165 5701 quoque
1212 5632 1239 5669 a
1282 5617 1422 5671 Luca
1453 5628 1707 5686 provocat
1733 5622 1811 5701 .ad
1839 5621 2145 5677 Matthzeum
2262 5627 2563 5701 rectissime
2593 5626 2708 5680 fleri
2737 5629 2906 5701 potuit
2934 5630 3001 5681 ab
3033 5643 3096 5684 eo
3129 5628 3219 5699 qui
3251 5628 3303 5685 in
3332 5629 3810 5701 tetraet'angelium

612 5681 873 5739 Eusebius
959 5681 1246 5753 quodcum
1305 5703 1397 5757 per
1451 5681 1507 5744 Se
1561 5706 1663 5743 non
1715 5690 1973 5761 dedecet,
2040 5703 2149 5748 tum
2258 5694 2484 5754 fortasse
2516 5681 2998 5754 commentabatur.
