4062 6430
221 359 325 417 569

1360 357 1866 413 CENMENTAIUA
1905 356 1974 413 IN
2013 357 2269 416 LUCAM.

3363 365 3470 424 570

222 476 492 548 1:0;opiac
512 493 524 507 ·
559 479 652 531 καὶ
683 479 865 548 τρίτον
898 479 930 548 ἡ
959 477 1069 531 ἀπὸ
1086 479 1194 531 τῶν
1217 477 1473 543 ζιζανίων
1494 479 1764 550 διᾶκρισις
1781 496 1794 509 ·

1904 479 2158 544 zizaniis;
2220 489 2473 547 quartum
2529 478 2754 533 seminis
2804 478 2857 532 in
2911 494 3159 549 magnam
3217 481 3467 538 arborem

217 570 534 641 τὲταρτονή
564 572 656 622 ἐπὶ
688 571 828 636 μέγα
875 570 1089 640 δένδρον
1114 570 1205 622 τοῦ
1242 570 1442 640 σπόρου
1474 573 1611 640 φυή·
1663 569 1801 640 πέμ-

220 676 356 713 πτον
385 663 417 730 ὴ
443 660 532 712 διὰ
560 660 652 711 τοῦ
687 659 844 726 ἁγίου
894 660 1210 729 Πνεύματος
1240 658 1482 730 ζύμωσις
1501 676 1514 690 ·
1569 660 1727 712 ἕκτον
1770 662 1798 712 ό

221 749 498 821 θησαυρὸς
529 749 634 801 τῶν
669 750 932 819 οὐρανίων
966 748 1304 818 ἐπαγγελιῶν
1328 766 1341 779 ο
1395 749 1619 819 ἕϐδομον
1645 752 1676 819 ἡ
1704 750 1800 801 αύ-

216 841 318 894 τοῦ
347 842 537 911 κτῆσις
575 840 669 893 τοῦ
691 841 825 893 Θεοῦ
854 839 1049 909 Λόγου,
1075 843 1130 892 ἐν
1156 833 1200 906 ᾧ
1231 841 1338 904 πᾶς
1372 843 1797 910 κατακοσμεϊται

219 933 250 983 ό
281 933 384 1001 τῆς
412 930 684 999 βασιλείας
712 931 820 984 τῶν
844 931 1084 1002 οὐρανῶν
1115 931 1282 996 ἄξιος.

293 1040 478 1096 Ταῦτα
497 1042 553 1094 δέ
588 1041 694 1111 πρὸ
721 1040 826 1093 τῶν
858 1041 1032 1111 ἔργων
1059 1042 1412 1109 ἁνεφωνεῖτο’
1446 1039 1799 1110 προλέγοντος
1861 1051 1864 1057 ’

218 1135 290 1187 τὰ
327 1132 586 1201 μέλλοντα
616 1131 832 1184 ἔσεσθαι
857 1132 950 1184 τοῦ
1004 1132 1274 1202 Σωτῆρος,
1313 1130 1348 1184 ἃ
1397 1131 1458 1200 δὴ
1494 1131 1586 1183 καὶ
1612 1130 1798 1193 τέλους

218 1226 324 1277 οὐκ
351 1226 432 1285 εἰς
466 1222 673 1293 μακρὸν
702 1221 978 1291 ἐτύγχανε,
1003 1221 1141 1273 ὥστε
1184 1221 1299 1291 μετ’
1328 1221 1388 1273 ού
1421 1220 1585 1273 πολὺν
1610 1221 1797 1290 χρόνον

218 1312 520 1381 ὀφθαλμοῖς
565 1310 792 1380 ὁρᾶσθαι
843 1311 949 1362 τῶν
1005 1309 1182 1377 ἐργῶν
1232 1309 1298 1361 τὰ
1360 1309 1794 1378 ἀποτελέσματα.

221 1402 360 1455 Καθ’
394 1402 519 1471 ὅλης
547 1397 639 1453 οὖν
669 1399 727 1464 ἐξ
757 1400 965 1454 ἐκείνου
995 1401 1092 1469 τῆς
1137 1399 1245 1452 τῶν
1285 1399 1583 1470 ἀνθρώπων
1622 1403 1798 1452 οἰκου-

224 1495 398 1563 μένης
422 1495 485 1544 ἐκ
520 1492 618 1562 μὲν
652 1492 901 1543 ἁπάντων
938 1491 1045 1544 τῶν
1073 1491 1238 1542 ἐθνῶν
1267 1489 1335 1542 τὰ
1393 1491 1491 1558 τῆς
1533 1490 1627 1543 τοῦ
1660 1489 1795 1541 Θεοῦ

222 1584 499 1654 βασιλείας
519 1583 756 1652 σύμϐολα
776 1582 882 1650 (62)
901 1582 986 1635 διὰ
999 1582 1106 1635 τῶν
1122 1571 1452 1650 Ἐκκλησιῶν
1466 1580 1630 1634 αὑτοῦ
1645 1581 1798 1634 ἐθεω-

225 1683 391 1748 ρεῖτο,
420 1677 625 1747 μυρίων
661 1678 716 1728 ἐν
759 1677 950 1737 αὐταῖς
982 1674 1123 1726 κατὰ
1161 1673 1222 1725 τὸ
1254 1674 1519 1742 σωτήριον
1548 1671 1796 1739 Εὐαγγέ-

219 1769 337 1821 λιον
363 1768 640 1838 βιούντων,
684 1769 796 1829 τοῖς
831 1783 890 1818 τε
917 1764 1166 1828 παλαιοῖς
1195 1765 1498 1834 προφήταις
1525 1764 1619 1815 καὶ
1648 1761 1796 1832 αύτῷ

1902 571 2339 636 incrementum;
2371 570 2616 638 quintum
2651 585 2751 639 per
2772 565 3017 624 sanctum
3061 571 3326 642 Spiritum
3360 574 3468 629 ler-

1901 659 2200 722 mcntatio;
2235 669 2446 714 sextum
2480 660 2783 715 divinorum
2819 658 3205 730 promissorum
3251 666 3472 721 thesau-

1902 766 2033 811 rus:
2099 752 2388 820 septimum
2447 752 2558 820 ipsa
2607 753 2699 806 Dei
2761 749 2925 806 Verbi
2986 755 3308 822 aequisitio,
3361 772 3471 825 quo

1902 841 2269 911 unusquisque
2301 853 2620 909 exornatur,
2645 843 2738 913 qui
2775 859 2945 915 regno
2976 846 3239 901 (telorum
3275 849 3472 917 dignus

1899 940 2004 986 est.

1969 1020 2094 1075 llzrc
2147 1030 2271 1076 ante
2318 1035 2482 1088 opera
2529 1021 2851 1089 loquebatur
2883 1019 3159 1085 Servator,
3215 1023 3470 1077 nimirum

1898 1127 1988 1166 res
2038 1111 2246 1165 futuras
2282 1114 2570 1175 nuntians,
2621 1128 2741 1179 quae
2803 1128 2991 1182 reapse
3044 1116 3249 1167 exitum
3311 1115 3473 1182 paulo

1899 1213 2012 1278 post
2047 1213 2214 1257 nacta:
2235 1205 2475 1267 sunt,ita
2504 1213 2561 1256 ut
2595 1205 2734 1257 haud
2766 1204 2922 1273 longa
2964 1220 3110 1257 mora
3149 1206 3468 1273 interposita

1899 1305 2142 1364 spectare
2177 1295 2346 1348 oculis
2376 1309 2460 1349 res
2477 1304 2658 1364 gestas
2691 1296 2925 1350 licuerit.
2965 1295 3066 1350 Per
3097 1305 3266 1349 totum
3303 1297 3469 1366 igitur

1897 1401 1959 1440 ex
1986 1401 2050 1440 eo
2079 1395 2319 1454 tempore
2367 1387 2660 1459 mundum.
2699 1387 2846 1455 regni
2893 1385 2985 1439 Dei
3035 1384 3279 1456 symbola
3329 1386 3471 1452 apud

1898 1492 2086 1532 omnes
2126 1477 2351 1546 populos
2401 1477 2452 1529 iu
2507 1477 2706 1530 Christi
2766 1476 3028 1530 Ecclesiis
3085 1478 3471 1540 cernebantur,

1898 1570 2142 1640 plurimis
2166 1570 2274 1634 jam
2305 1569 2611 1622 hominibus
2637 1569 2702 1620 ad
2737 1569 2992 1638 salutaris
3035 1567 3308 1636 Evangelii
3347 1583 3474 1622 nor-
3560 1578 3563 1582 '
3626 1592 3632 1600 ι

1897 1676 2037 1713 mam
2086 1662 2390 1714 viventibus
2419 1700 2434 1723 ,
2499 1670 2553 1715 et
2602 1663 2892 1730 prophetas
2942 1653 3153 1714 veteres
3219 1646 3470 1729 ipsosque

1896 1750 2289 1813 Abrahamum,
2325 1751 2560 1804 lsaacum
2597 1761 2755 1818 atque
2776 1751 3035 1805 Jacobnm
3080 1752 3326 1819 religiosa
3359 1751 3467 1819 pie-

219 1817 671 1928 ;.'..:;‘Ite,;.;.
701 1817 812 1909 ςωὶι
848 1817 1044 1908 ίνισοίάκ
1094 1817 1187 1908 mli
1229 1817 1326 1924 ἐιῖί
1347 1817 1538 1907 inde
1594 1817 1794 1922 ὁμοίως

1899 1850 2004 1894 tate
2031 1842 2407 1894 :emulautibns
2435 1860 2447 1894 :
2483 1843 2750 1910 siquidem
2780 1853 2834 1894 et
2860 1843 2936 1904 hi,
2960 1851 3205 1910 tempore
3232 1857 3468 1910 prmver-

219 1949 494 2002 θεοσεϐεῖν
516 1946 976 2016 φιλοτιμουμένων
997 1963 1009 1974 ·
1042 1947 1165 1998 ἐπεὶ
1207 1946 1464 2006 κάκεῖνοι,
1496 1942 1793 2014 προλαϐόν-

219 2057 315 2101 τες
346 2041 456 2100 τοῖς
496 2040 705 2109 χρόνοις
746 2038 871 2099 τοὺς
903 2038 1176 2098 Μωῦσέως
1203 2035 1417 2104 νόμους,
1453 2035 1529 2104 τῷ
1563 2035 1703 2087 κατὰ
1734 2033 1794 2086 τὸ

222 2127 556 2194 Εὐαγγέλιον
591 2125 689 2194 βίῳ
711 2141 768 2177 τε
790 2125 882 2178 καὶ
912 2124 1097 2193 τρόπῳ
1123 2123 1438 2192 διέλαμψαν,
1473 2123 1571 2189 τῆς
1602 2122 1700 2191 μὲν
1721 2121 1795 2174 ’ἐκ

221 2215 478 2286 πατέρων
494 2214 746 2284 ἡκούσης
775 2216 852 2275 είς
882 2214 1076 2276 αὐτοὺς
1117 2213 1375 2286 πολυθέου
1410 2211 1618 2282 πλάνης
1665 2229 1796 2264 κατ-

223 2305 546 2373 εγνωκότες,
581 2302 673 2356 τοῦ
703 2304 747 2356 δ’
773 2306 866 2358 ἐπὶ
893 2307 1108 2358 πάντων
1132 2304 1266 2357 Θεοῦ
1291 2304 1390 2373 τὴν
1416 2304 1616 2372 γνῶσιν
1649 2305 1795 2360 ἀνει-

221 2394 472 2464 ληφότες.
517 2395 608 2446 Διὸ
639 2395 704 2464 δὴ
733 2394 838 2446 τῶν
869 2394 1036 2447 ἐθνῶν
1078 2397 1124 2446 oi
1183 2395 1365 2447 πολλοὶ
1397 2395 1490 2447 ἀπ’
1523 2395 1794 2448 ἀνατολῶν

222 2487 321 2538 καὶ
345 2484 561 2554 δυσμῶν
589 2484 737 2554 ἥξειν
768 2485 1029 2556 εἴρηνται,
1074 2486 1169 2538 καὶ
1200 2486 1427 2554 ἰσότιμοι
1473 2486 1794 2555 γενήσεσθαι

221 2578 338 2638 τοῖς
371 2577 513 2644 ἀμφὶ
544 2575 635 2627 τὸν
681 2575 930 2646 Ἀϐραὰμ
979 2575 1267 2647 μακαρίοις
1311 2575 1531 2647 ἀνδράσι
1576 2576 1664 2628 διὰ
1698 2575 1794 2646 τὴν

227 2663 350 2731 ἴσην
371 2663 600 2725 ἐκείνοις
627 2663 771 2732 ζωήν
797 2678 809 2692 ο
838 2665 887 2714 et
921 2663 963 2715 δ’
995 2663 1174 2715 αὐτῶν
1205 2663 1422 2716 ἐκείνων
1456 2663 1709 2730 ἁπόγονοί
1736 2679 1794 2716 τε

224 2753 320 2805 καὶ
351 2753 603 2822 διάδοχοι,
633 2754 739 2805 υἱοὶ
787 2753 902 2828 τῆς
940 2753 1217 2822 βασιλείας
1239 2747 1326 2806 διὰ
1363 2754 1488 2816 τοὺς
1519 2753 1793 2824 προπάτο-

224 2861 326 2912 ρας
355 2843 731 2912 ὠνομασμένοι
756 2861 777 2913 '_
804 2842 1028 2912 δυνάμει
1061 2842 1170 2913 γὰρ
1201 2844 1294 2896 καὶ
1322 2845 1503 2905 αὐτοῖς
1539 2846 1795 2913 μετουσία

218 2927 290 3002 ἦν
314 2930 514 3002 ὁμοίως
539 2935 649 2994 τοῖς
679 2932 1016 3002 προπάτορσι
1053 2934 1151 3003 τῆς
1195 2933 1446 3004 οὐρανίου
1479 2933 1754 3003 βασιλείας
1778 2951 1792 2965 ·

218 3020 371 3084 ὅπως
418 3021 712 3090 ἀπόϐλητοι
759 3023 864 3074 τῶν
907 3022 1245 3089 ἐπαγγελιῶν
1299 3023 1571 3090 γεγόνασι,
1600 3024 1797 3093 δεῖγμα

221 3112 451 3182 ιναργές
474 3112 575 3180 τῆς
604 3112 863 3183 πόλεωςή
891 3111 1221 3184 ἐρημία,τοῦ
1250 3113 1392 3182 ίεροῦ
1424 3114 1456 3183 ἡ
1492 3111 1792 3182 πολιορκία,

220 3199 317 3251 καὶ
350 3197 581 3268 αύτῶνή
621 3202 699 3261 είς
743 3199 918 3252 πάντα
939 3200 1007 3251 τὰ
1038 3199 1164 3268 ἔθνη
1189 3199 1474 3270 διασπορὰ,
1507 3200 1601 3253 καὶ
1631 3203 1664 3270 ἡ
1692 3201 1794 3254 ὑπὸ

220 3291 332 3350 τοῖς
361 3287 574 3357 ἐχθροῖς
603 3287 832 3348 δουλεία,
868 3290 958 3340 καὶ
981 3290 1070 3342 ἐπὶ
1093 3289 1298 3352 τούτοις
1336 3291 1367 3360 ή
1401 3290 1654 3361 στέρησις
1698 3292 1795 3361 τῆς

221 3377 364 3431 κατὰ
392 3379 460 3429 τὰ
490 3376 696 3446 νόμιμα
723 3377 899 3430 αὐτῶν
931 3377 1244 3447 θρησκείας,
1278 3378 1369 3431 τοῦ
1413 3395 1470 3430 τε
1498 3378 1732 3450 Χριστοῦ
1766 3381 1800 3449 ἡ

222 3466 486 3534 ἀγνωσία,
518 3468 612 3520 καὶ
639 3466 746 3519 τῶν
777 3466 1147 3534 εύαγγελικῶν
1181 3468 1513 3538 μαθημάτων
1555 3471 1589 3539 ἠ
1627 3469 1800 3523 ἁπαλ-

1896 1941 2068 1985 tenles
2122 1931 2286 1984 Mosis
2334 1931 2514 2000 leges,
2582 1936 2688 1984 vita
2754 1933 3067 1999 evangelica
3111 1948 3178 1986 ac
3231 1935 3473 1987 tuorihus

1895 2022 2262 2076 inclaruerunt
2291 2041 2305 2088 ;
2346 2023 2470 2093 quia
2501 2024 2760 2077 traditum
2793 2025 2895 2077 sihi
2931 2039 2959 2076 a
2988 2024 3289 2108 majoribps
3319 2024 3472 2094 poly-

1898 2116 2109 2168 theismt
2147 2130 2388 2168 errorem
2417 2116 2756 2177 damnantes,
2790 2114 3113 2166 universalis
3160 2111 3255 2166 Dei
3283 2113 3473 2182 cogni-

1897 2206 2094 2259 tionem
2157 2207 2503 2274 adoptarnnt.
2561 2207 2904 2274 Quapropter
2949 2206 3102 2258 tuulli
3151 2206 3355 2260 ethnici
3407 2221 3474 2259 ex

1895 2299 2104 2352 oriente
2165 2310 2329 2365 atque
2388 2313 2582 2352 occasu
2631 2298 2844 2350 venturi
2909 2298 3186 2362 dicuntur,
3247 2299 3475 2366 parique

1897 2389 2105 2443 honore
2139 2388 2302 2441 l'uturi
2333 2397 2495 2456 atque
2521 2390 2881 2455 Abrahamus,
2909 2390 2994 2442 vir
3019 2390 3232 2455 beatus,
3257 2402 3475 2459 propter

1895 2479 2070 2532 simile
2107 2480 2230 2531 vitae
2254 2493 2444 2548 geuus.
2493 2478 2694 2532 Horum
2728 2495 2853 2533 vero
2901 2480 3104 2548 posteri
3148 2497 3212 2535 ac
3253 2497 3472 2536 succes-

1895 2582 2066 2631 sores,
2119 2567 2212 2619 lilii
2262 2569 2411 2636 regni
2469 2569 2536 2622 ob
2589 2583 2720 2622 suos
2771 2570 3149 2638 progenitores
3204 2571 3470 2625 nominati

1895 2668 2039 2711 sunt.
2082 2656 2327 2726 Namque
2355 2659 2538 2711 intima
2575 2660 2623 2711 vi
2661 2659 2794 2728 ipsis
2818 2674 3035 2728 quoque
3075 2662 3244 2714 inerat
3272 2701 3288 2725 ,
3321 2677 3476 2730 atque

1897 2765 1959 2803 ac
1988 2750 2445 2818 progenitoribus,
2472 2752 2714 2806 cmlestis
2758 2755 2908 2823 regni
2952 2755 3318 2822 participatio.
3369 2754 3477 2810 Sed

1896 2842 2039 2895 enim
2070 2844 2211 2910 quod
2241 2859 2269 2894 ιι
2306 2858 2360 2896 re
2402 2846 2668 2910 promissa
2701 2846 3023 2909 exciderint,
3068 2847 3293 2900 evidens
3332 2846 3476 2913 judi-

1896 2931 2035 2984 cium
2061 2939 2142 2984 est
2169 2932 2316 2984 urbis
2344 2933 2587 2998 vastitas,
2629 2935 2808 3003 templi
2845 2937 3118 2998 obsessio,
3147 2947 3203 2988 et
3239 2937 3474 3004 ipsorum

1897 3038 1992 3091 per
2023 3036 2212 3075 omnes
2245 3032 2429 3089 gentes
2461 3025 2723 3092 dispersio
2745 3066 2759 3090 ,
2813 3027 3046 3080 servitus
3085 3027 3224 3095 apud
3261 3028 3464 3088 hostes.

1899 3113 2225 3181 insuperque
2261 3113 2486 3181 legitimi
2519 3114 2733 3168 illorum
2764 3117 2942 3170 cultus
2967 3119 3198 3170 cessatio
3222 3156 3236 3177 ,
3271 3117 3473 3172 Christi

1901 3204 2184 3274 ignoratio,
2218 3206 2361 3259 etab
2395 3207 2706 3275 evangelica
2736 3209 2981 3262 doctrina
3018 3210 3297 3263 alienatio.
3352 3209 3476 3264 llzec

1905 3294 2104 3358 onmia,
2170 3295 2410 3363 inquam,
2466 3298 2616 3365 signa
2671 3302 2956 3368 perspicua
3007 3310 3134 3354 Sunt
3182 3315 3368 3354 earum
3424 3303 3475 3355 iu

1906 3382 2098 3450 quibus
2123 3395 2410 3438 versantur
2440 3387 2806 3452 tenebrarum,
2835 3399 3121 3458 propterea
3150 3390 3295 3459 quod
3330 3389 3476 3445 salu-

1907 3472 2006 3525 tari
2036 3472 2224 3526 lumini
2263 3477 2528 3530 adversati
2557 3487 2702 3532 sunt.

222 3557 533 3628 λονιιρίωσις⁸
567 3559 736 3611 ταῦτα
767 3559 876 3630 γὰρ
906 3559 1118 3612 ἅπαντα
1165 3563 1365 3629 σημεῖα
1397 3562 1612 3632 ἐμφανῆ
1658 3561 1741 3633 εἴη
1800 3559 1867 3615 ἂν
1909 3563 2002 3616 τοῦ
2046 3563 2386 3630 διαλαϐόντος
2431 3569 2628 3633 αὐτοὺς
2683 3568 2927 3636 σκότους,
2959 3589 3003 3641 ῳ
3035 3572 3479 3645 περιπεπτώκασι

221 3650 312 3704 διὰ
337 3651 436 3720 τὴν
456 3650 551 3703 τοῦ
580 3651 846 3722 σωτηρίου
876 3653 1052 3720 φωτὸς
1073 3655 1410 3706 ἐναντίωσιν.

294 3769 372 3820 Δι’
402 3760 462 3820 οὗ
488 3767 633 3821 δοκεῖ
667 3784 755 3838 μοι
775 3767 884 3837 (63)
901 3768 961 3820 τὸ
983 3765 1268 3838 γνώρισμα
1287 3770 1386 3837 τῆς
1408 3768 1682 3839 βασιλείας
1696 3771 1796 3824 αύ-

220 3860 324 3928 τῆς
379 3859 729 3926 ὑποφαίνειν,
785 3859 866 3913 ὅτι
921 3859 984 3930 δὴ
1030 3858 1289 3926 βασιλέως
1347 3864 1796 3935 ἐντετυπωμένην

223 3948 409 4001 είκόνα
446 3946 539 4000 τοῦ
572 3948 825 4018 δηναρίου
863 3948 924 4000 τὸ
965 3949 1226 4020 χάραγμα
1269 3951 1540 4020 σημαίνει.
1583 3953 1795 4024 Ἐπειδὴ

222 4042 404 4094 τοίνυν
443 4040 648 4103 πάντας
689 4041 814 4104 τοὺς
849 4041 941 4093 ἐπὶ
991 4041 1080 4094 τὸν
1117 4042 1415 4110 ἀμπελῶνα
1455 4046 1547 4098 καὶ
1591 4045 1652 4097 τὸ
1695 4045 1794 4114 τῆς

224 4131 536 4194 θεοσεϐείας
568 4131 866 4201 πολίτευμα
904 4132 1289 4202 παρελθόντας,
1323 4135 1450 4203 μιᾶς
1476 4152 1536 4187 τε
1569 4137 1664 4188 καὶ
1695 4135 1792 4206 τῆς

223 4217 397 4285 αὐτῆς
457 4217 716 4286 ἐργασίας
765 4219 1105 4288 ἁψαμένους,
1143 4221 1242 4289 τῆς
1295 4222 1466 4291 αὐτῆς
1522 4222 1796 4291 βασιλείας

226 4306 517 4374 μετασχεῖν
536 4299 602 4373 ἦν
626 4303 849 4368 δίκαιον,
877 4307 1064 4360 τούτου
1093 4308 1250 4379 χάριν
1282 4310 1506 4374 εἰκότως
1533 4315 1644 4374 τοῖς
1665 4315 1796 4367 πᾶσι

225 4393 324 4464 τῆς
357 4393 630 4463 βασιλείας
663 4395 726 4448 τὸ
758 4395 1022 4466 σύμϐολον
1053 4398 1112 4450 τὸ
1145 4399 1399 4470 δηνάριον
1434 4402 1756 4456 ἀποδίδωσιν
1780 4447 1795 4471 ,

222 4476 301 4536 ὧν
326 4486 373 4537 oi
411 4485 507 4554 μὲν
534 4487 592 4538 ἐν
616 4486 834 4555 ,νεότητι
864 4487 1190 4558 ἐκλήθησαν,
1217 4494 1266 4542 οἱ
1285 4491 1340 4544 δέ
1366 4494 1491 4563 περὶ
1518 4495 1608 4547 τὸν
1637 4495 1798 4564 μέσον

1963 3770 2068 3825 Per
2102 3770 2208 3826 hoc
2243 3770 2458 3824 videtur
2488 3770 2622 3825 mihi
2671 3775 2822 3844 regni
2855 3774 3023 3844 ipsius
3058 3779 3332 3831 notionem
3360 3787 3475 3833 tra-

1891 3863 2042 3927 dere,
2071 3865 2195 3932 quia
2230 3864 2385 3945 regisc
2403 3864 2721 3933 impressam
2741 3865 3054 3936 imaginem,
3079 3870 3287 3922 denarii
3315 3886 3478 3926 cusus

1893 3962 2051 4023 typus
2083 3955 2327 4008 exhibet.
2360 3954 2496 4021 Quia
2541 3955 2704 4025 igitur
2748 3968 2980 4012 cunctos
3012 3958 3063 4011 in
3103 3959 3313 4014 vineam
3348 3977 3475 4030 pro-

1892 4043 2059 4099 fectos
2106 4056 2160 4100 et
2211 4047 2513 4116 religiosam
2545 4049 2797 4116 pietatem
2829 4051 3106 4118 amplexos
3130 4093 3145 4114 ,
3183 4067 3397 4122 unaque
3424 4065 3480 4110 et

1896 4135 2084 4190 eadem
2153 4153 2318 4204 opera
2375 4138 2688 4207 perfunctos
2725 4179 2741 4204 ,
2823 4141 3011 4195 eodem
3075 4159 3243 4213 regno
3313 4147 3474 4212 potiri

1895 4240 2106 4295 aequum
2133 4240 2274 4293 erat,
2298 4229 2417 4283 ideo
2443 4232 2654 4285 cunctis
2677 4235 2826 4302 regni
2861 4234 3189 4304 symbolum,
3221 4238 3478 4294 denarius

1897 4318 2165 4382 videlicet,
2190 4319 2315 4387 jure
2349 4321 2545 4390 datur;
2577 4339 2806 4391 quorum
2850 4326 2938 4378 alii
2992 4326 3212 4395 quidem
3249 4327 3316 4383 ab
3345 4332 3475 4384 ador

1899 4408 2157 4464 lescentia
2190 4411 2409 4465 luerunt
2438 4415 2631 4480 vocati,
2667 4415 2760 4468 alii
2788 4417 2934 4471 circa
2968 4420 3202 4472 medium
3233 4420 3481 4477 humana:

1902 4501 2024 4554 vita:
2055 4510 2290 4570 tempus,
2333 4503 2424 4555 alii
2459 4503 2512 4556 in
2560 4514 2777 4559 aetatem
2825 4507 2936 4574 jam
2989 4509 3198 4564 virilem
3255 4521 3310 4566 et
3359 4529 3480 4581 per-

223 4574 325 4643 τῆς
352 4573 638 4645 ἀνθρώπου
673 4575 818 4646 ζωῆς
847 4576 1057 4646 χρόνον,
1104 4580 1153 4629 οἱ
1187 4578 1245 4630 δέ
1280 4579 1371 4630 τὸν
1403 4580 1571 4651 ἄνδρα
1593 4583 1794 4636 τέλειον

1901 4588 2093 4642 lectam
2127 4591 2388 4657 provecti,
2419 4591 2508 4645 alii
2542 4591 2777 4663 denique
2811 4573 2923 4664 jam
2962 4612 3123 4653 senes
3174 4610 3228 4655 et
3273 4602 3324 4654 iu
3358 4573 3481 4656 vita:

228 4663 330 4735 ήδη
370 4669 462 4716 καὶ
501 4666 914 4736 ὑπερϐεϐηκότα
947 4668 1293 4738 ἀνειληφότες
1314 4709 1327 4731 ,
1361 4673 1407 4722 οί
1441 4671 1498 4724 δὲ
1534 4673 1676 4726 κατὰ
1704 4675 1796 4728 τὸν

226 4752 539 4824 πρεσϐύτην
576 4755 739 4808 αὑτὸν
773 4756 1031 4827 γηραλέοι
1074 4757 1257 4811 λοιπὸν
1306 4758 1400 4811 καὶ
1431 4761 1557 4830 περὶ
1589 4761 1796 4832 δυσμὰς

227 4844 443 4913 ἔχοντες
469 4845 563 4896 τοῦ
587 4844 722 4915 βίου.
757 4846 912 4900 Ετποι
937 4847 980 4900 δ’
1010 4847 1075 4900 ἄν
1102 4866 1187 4912 τις
1221 4851 1315 4902 καὶ
1347 4850 1549 4920 ἑτέρως
1570 4850 1797 4922 ἐξηγού-

227 4952 391 5005 μενος
420 4937 774 5006 ἐφαρμόττειν
804 4939 872 4992 τὰ
898 4939 984 4993 διὰ
1014 4940 1111 5011 τῆς
1143 4941 1454 5012 παραϐολῆς
1495 4942 1799 5014 δηλούμενα

220 5027 339 5087 τοῖς
379 5025 640 5080 ἀνέκαθεν
680 5029 744 5079 ἐκ
781 5028 1005 5100 πρώτης
1057 5029 1149 5082 τοῦ
1192 5030 1307 5097 βίου
1351 5033 1594 5096 στάσεως
1636 5034 1797 5106 μέχρι

227 5112 538 5180 συντελείας
554 5119 992 5190 καταξιουμένοις
1007 5124 1103 5191 τῆς
1123 5125 1306 5178 ἐνθέου
1330 5125 1589 5196 κλήσεως·
1611 5127 1797 5198 ὥσπερ

223 5202 345 5275 ἅμα
375 5207 517 5276 πρωῒ
539 5208 831 5278 κεκλῆσθαι
859 5211 1034 5276 λέγειν
1065 5215 1156 5266 ἐπὶ
1177 5215 1272 5285 τὴν
1298 5216 1603 5281 θεοσεϐείας
1635 5221 1797 5290 ἐργα-

226 5295 350 5348 σίαν
376 5299 501 5360 τοὺς
533 5299 671 5352 κατὰ
691 5301 788 5370 τὴν
813 5303 986 5373 ἀρχὴν
1015 5305 1108 5356 τοῦ
1139 5305 1252 5374 βίου
1293 5307 1540 5380 πρώτους
1573 5310 1794 5365 δικαιω-

227 5383 450 5447 θέντας·
483 5388 764 5462 δευτέρους
788 5392 844 5444 δὲ
864 5395 990 5457 τοὺς
1019 5395 1163 5465 ἀμφὶ
1191 5398 1281 5450 τὸν
1317 5398 1486 5470 Ἑνὼχ
1520 5403 1614 5454 καὶ
1647 5403 1790 5455 Νῶε·

293 5591 410 5676 (63)
451 5593 1103 5678 §ymhola_inte_l_liguntur
1135 5605 1432 5678 praesertim
1472 5622 1698 5671 cruces,
1736 5617 1797 5663 ut

223 5664 604 5746 paSsign_loqui
651 5668 790 5726 solet
832 5664 1168 5740 Nicephorus
1206 5676 1266 5744 iu
1306 5690 1468 5745 opere
1522 5678 1628 5732 l’ro
1680 5664 1783 5735 SS.

225 5735 563 5805 tiuagtmbus.

1898 4694 2148 4734 occasum
2184 4680 2421 4734 decidui.
2462 4681 2717 4738 Fortasse
2750 4685 2948 4754 aliquis
2993 4687 3155 4742 aliter
3179 4689 3478 4759 explanatis

1900 4773 2064 4833 dicet,
2120 4786 2423 4840 congruere
2450 4776 2721 4843 parabolae
2772 4777 3138 4846 signiﬁcatum
3176 4783 3370 4849 priscis
3409 4784 3478 4837 ab

1901 4863 2218 4919 exordientc
2256 4870 2454 4921 mundo
2495 4885 2666 4938 usque
2691 4872 2757 4924 ad
2785 4872 2904 4940 ejus
2951 4877 3474 4929 consummationem

1902 4956 2083 5008 divina
2119 4959 2399 5013 vocatione
2435 4960 2669 5029 diguatis
2700 4963 3049 5027 hominibus;
3098 4966 3170 5020 ita
3221 4979 3280 5020 ut
3317 4985 3476 5024 mane

1907 5046 2080 5098 vocati
2143 5047 2398 5102 dicantur
2454 5053 2521 5104 ad
2586 5052 2867 5120 religionis
2918 5068 3054 5124 Opus
3091 5055 3166 5108 illi
3196 5057 3286 5125 qui
3323 5059 3478 5113 initio

1903 5138 2082 5189 mundi
2121 5137 2265 5205 juste
2321 5140 2618 5194 vixerunt:
2658 5144 2893 5197 secundo
2965 5144 3085 5199 loco
3151 5145 3339 5201 Enoch
3416 5163 3480 5201 ac

1898 5223 2009 5279 Noe
2040 5244 2053 5280 :
2086 5231 2243 5282 tertia
2302 5229 2432 5283 hora
2481 5233 2825 5288 Abrahatnus
2856 5253 2870 5288 :
2907 5247 3059 5290 sexta
3121 5239 3248 5292 hora
3303 5238 3478 5292 Moses

1896 5326 1949 5371 et
2003 5315 2168 5374 Josue
2216 5338 2280 5374 ac
2330 5323 2594 5390 judices:
2639 5343 2778 5380 noua
2836 5328 2965 5381 hora
3024 5331 3271 5385 homines
3319 5342 3476 5386 mlate

1894 5411 2275 5479 prophetarum
2311 5431 2325 5466 :
2369 5415 2602 5483 denique
2655 5420 2938 5474 undecima
2969 5421 3101 5474 hora
3130 5417 3207 5473 illi
3230 5424 3322 5491 qui
3351 5435 3474 5492 post

1967 5613 2079 5700 (‘65)
2117 5615 2359 5700 §eqnens
2399 5617 2763 5700 fragmentum
2788 5639 2968 5700 usque
2986 5627 3057 5700 ad
3091 5627 3388 5700 ἀνεφέρετο
3417 5629 3468 5683 in

1893 5689 2079 5742 couice
2104 5689 2148 5741 Δ
2177 5690 2372 5744 dicitur
2396 5689 2610 5746 Eusebii
2640 5694 2800 5748 simul
2826 5689 3181 5769 et'Origcuis.
