4062 6394
1426 238 1465 290 δ

255 386 366 449 ns

1410 371 1914 435 COMIENTABIA
1951 369 2017 425 IN
2038 368 2296 427 ιυοιιιι.

3389 351 3497 427 tua

252 525 415 592 δαξιν
438 525 605 581 atmiis
623 543 639 557 ο
677 522 825 595 Ἐγώ
852 525 969 592 ειμι
990 522 1025 577 d
1052 520 1230 591 ἄρτος
1243 520 1355 589 τῆς
1387 518 1565 588 ζωῆςο
1598 518 1693 573 τοῦ
1715 518 1809 589 γάε

1929 514 2132 579 dicens,
2166 512 2277 581 Ego
2308 525 2424 564 sum
2460 505 2758 576 pauirtvita
2790 505 2852 557 “.
2898 502 3030 556 Nam
3064 515 3165 570 per
3204 499 3297 554 Dei
3333 497 3497 554 Verbi

252 623 317 677 ιν
354 622 498 692 ἀρχῇ
540 618 677 689 πρὸς
710 617 841 670 Θεὸν
884 613 1020 668 Θεοῦ
1062 614 1234 683 Λόγου
1282 612 1581 683 μεταλήψει
1613 613 1762 665 πᾶσα
1788 612 1823 682 ιι

252 712 367 765 τῶν
392 710 564 779 ἀγίων
583 706 772 777 λογικὴ
798 704 957 774 φύσις
989 704 1348 769 ζωοποιεῖται.
1376 703 1446 756 ’Δ
1475 701 1542 775 δὴ
1567 702 1715 756 δοκεῖ
1735 718 1824 771 μοι

253 802 323 855 ὲκ
368 800 646 873 προτέρων
694 796 1033 867 μαθημάτων
1085 793 1511 865 πεπαιδευμένος
1536 795 1566 847 δ
1595 810 1825 847 συνανα-

254 892 509 960 κείμενος
548 888 627 959 τῷ
669 886 844 959 Ἰησοῦ
866 887 1143 959 εἰρηκέναι
1162 902 1176 916 ⁸
1204 884 1506 953 Μακάριος
1527 882 1696 948 ὅστις
1720 880 1825 952 φάρ-

250 1000 430 1053 τηται
464 982 735 1051 ἆρτονὲν
769 979 1151 1051 τῇβασιλείᾳ
1179 978 1286 1033 τοῦ
1324 974 1507 1032 Θεοῦ]
1550 972 1683 1031 Οὐδὲ
1714 974 1823 1046 γάρ

249 1073 364 1127 τῶν
387 1072 655 1143 τυχόντων
676 1088 763 1136 τις
785 1068 854 1143 ἦν
881 1074 912 1126 δ
934 1070 1137 1140 ταύτην
1173 1069 1330 1138 ἀφεὶς
1352 1068 1451 1139 τὴν
1480 1067 1681 1137 φωνὴν,
1707 1064 1823 1119 ἀλλ’

248 1162 331 1225 ὼς
354 1157 504 1231 οἶμαι
540 1162 646 1215 τῶν
678 1161 883 1232 σφόδρα
909 1159 1158 1231 μεγάλων
1197 1160 1291 1212 καὶ
1324 1158 1475 1231 παρά
1502 1157 1582 1228 τῷ
1610 1156 1821 1227 Σωτῆρι

247 1252 417 1322 τιμῆς
442 1252 773 1323 ἠξιωμένων.
804 1251 897 1305 Διὸ
924 1251 1021 1306 καὶ
1065 1249 1503 1304 συνανακλίνεται
1527 1246 1696 1317 αὐτῷ,
1726 1247 1822 1300 καὶ

245 1346 364 1406 τοῖς
401 1343 566 1396 αὑτοῦ
586 1344 763 1409 λόγοις
790 1340 1025 1405 συνετῶς
1053 1341 1359 1412 προσεῖχεν,
1382 1339 1457 1403 ὡς
1489 1340 1581 1392 καὶ
1604 1338 1702 1408 τὴν
1726 1337 1822 1406 βα-

246 1432 457 1487 σιλείαν
480 1434 588 1486 τῶν
599 1430 841 1503 οὐρανῶν
862 1432 937 1503 μὴ
966 1428 1198 1499 ἀγνοεῖν,
1222 1428 1506 1501 γνωρίζειν
1527 1428 1585 1482 δὲ
1615 1428 1709 1481 καί
1728 1428 1821 1481 τὸν

244 1523 414 1593 ἄρτον
460 1523 561 1592 τῆς
603 1521 749 1591 ζωῆς
785 1519 877 1576 τὸν
915 1518 1205 1593 θρεπτικὸν
1246 1520 1355 1581 τῶν
1401 1520 1502 1589 τῆς
1546 1516 1821 1590 βασιλείας

244 1614 451 1679 ἀξίων⁸
478 1616 745 1686 τοσαύτην
776 1630 837 1667 τε
882 1613 1036 1682 ἄγειν
1081 1610 1423 1684 παρρησίαν,
1475 1612 1551 1675 ὡς
1596 1610 1688 1664 ἐπὶ
1724 1607 1818 1663 τοῦ

243 1697 498 1774 Συτῆρος
522 1701 792 1757 ἀνακινεῖν
810 1699 1073 1773 δόγματα,
1100 1700 1194 1755 καὶ
1226 1699 1292 1754 δι’
1327 1700 1486 1753 αὐτὸν
1511 1699 1610 1768 τὴν
1640 1700 1818 1752 πᾶσαν

241 1793 542 1882 είρηκέναιῌ
574 1793 883 1864 παραϐολὴν
940 1793 1168 1882 Σωτῆρα
1210 1790 1527 1882 διδάσκοντα
1552 1829 1566 1850 ,
1616 1790 1701 1882 τίς
1750 1788 1816 1843 ἀν
1846 1828 1887 1882 Β

1927 606 1981 660 in
2014 602 2280 673 principio
2308 601 2449 673 apud
2478 602 2644 655 Deum
2672 596 2985 651 exsistentis
3010 592 3495 665 participationem

1924 695 2174 751 universa
2227 702 2540 747 sanctorum
2588 688 2864 744 rationalis
2914 698 3107 741 natura
3154 682 3490 738 viviﬁcatur.

1922 788 2103 853 Atque
2165 784 2279 837 haec
2336 796 2466 837 sane
2527 779 2739 834 videtur
2795 777 2923 831 mihi
2988 791 3021 831 a
3056 774 3496 845 praecedentibus

1924 873 2189 927 doctrinis
2212 872 2437 925 edoctus
2482 868 2642 923 homo
2680 867 2791 931 ille,
2829 868 2922 936 qui
2956 880 3078 920 cum
3108 861 3234 919 Jcsu
3259 864 3497 917 discunt-

1922 963 2106 1025 bebat,
2144 962 2345 1015 dixisse
2376 978 2390 1014 :
2421 958 2620 1013 Beatus
2637 958 2727 1027 qui
2770 972 2956 1023 panem
2987 954 3218 1008 comedet
3251 954 3309 1005 in
3337 967 3495 1023 regno

1922 1052 2055 1108 Dei!
2118 1051 2301 1119 Neque
2351 1052 2495 1103 enim
2552 1047 2839 1117 gregarius
2891 1044 3070 1113 quivis
3124 1044 3264 1098 hanc
3312 1041 3497 1095 emisit

1924 1156 2137 1204 vocem,
2166 1120 2259 1195 sed
2282 1151 2339 1193 ut
2369 1140 2603 1193 arbitror
2629 1134 2942 1205 principalis
2987 1133 3183 1201 aliquis
3228 1132 3371 1185 inter
3395 1145 3496 1187 eos

1924 1231 2014 1300 qui
2057 1245 2084 1283 a
2123 1230 2411 1283 Servatore
2463 1225 2711 1281 honorati
2759 1224 2999 1278 fuerant.
3051 1221 3232 1288 Quare
3277 1229 3332 1275 et
3366 1235 3492 1275 eum

1922 1322 2012 1376 illo
2038 1320 2405 1382 recumbebat,
2430 1324 2484 1371 et
2503 1316 2621 1386 ejus
2643 1313 2982 1367 sermonibus
3001 1311 3294 1380 prudenter
3316 1309 3496 1362 admo-

1921 1412 2047 1464 dum
2082 1419 2315 1463 mentem
2372 1407 2717 1467 intendebat,
2748 1412 2806 1458 ut
2832 1403 2943 1469 jam
2988 1415 3089 1455 uec
3135 1415 3357 1470 regnum
3398 1397 3491 1453 Dei

1922 1502 2213 1570 ignoraret,
2268 1498 2378 1575 imo
2418 1507 2475 1553 et
2518 1497 2666 1551 illum
2718 1505 2903 1549 nosset
2958 1496 3080 1548 vitae
3130 1506 3348 1561 panem,
3398 1487 3493 1559 qui

1921 1606 2087 1660 regno
2117 1592 2308 1660 dignos
2334 1589 2543 1643 nutrit:
2572 1598 2831 1657 tantaque
2862 1586 3055 1639 ﬁducia
3078 1590 3219 1645 erat,
3250 1593 3309 1636 ut
3345 1580 3492 1651 apud

1921 1678 2093 1749 ipsum
2122 1677 2468 1732 Servatorem
2517 1676 2878 1745 dogmatieam
2927 1673 3281 1740 qna'stioneln
3340 1683 3492 1725 com-

1921 1770 2148 1824 moverit
2181 1786 2194 1821 :
2227 1784 2395 1839 quare
2416 1779 2470 1823 et
2492 1768 2611 1839 ejus
2648 1767 2817 1836 gratia
2854 1775 3020 1819 totam
3050 1764 3308 1818 Servator
3334 1762 3493 1817 insti-

240 1854 455 1952 γένοιτο
485 1854 698 1947 οὗτος-δ
733 1854 947 1953 ἀληθῶς
984 1854 1267 1954 μακάριος,
1297 1881 1355 1945 ὃς
1385 1882 1625 1952 φάγηται
1652 1881 1809 1952 ἄρτον

1919 1862 2022 1915 tuit
2070 1860 2405 1930 parabolam,
2465 1859 2689 1922 docens,
2737 1858 2986 1928 quisnam
3042 1866 3188 1911 esset
3236 1854 3325 1909 hic
3362 1867 3493 1909 vere

240 1977 305 2030 ὲν
438 1975 683 2046 βασιλείᾳ
710 1974 804 2027 τοῦ
830 1973 985 2029 Θεοῦ.

316 2066 552 2130 Πολλοὺς
585 2067 681 2137 μὲν
700 2062 793 2120 οὖν
824 2063 1122 2135 κεκλῆσθαι
1150 2064 1296 2133 λέγει
1322 2065 1409 2117 διὰ
1440 2064 1538 2133 τῆς
1573 2062 1813 2135 παραϐο-

237 2157 342 2229 λῆς
392 2158 485 2210 ἐπὶ
509 2159 570 2211 τὸ
600 2157 745 2225 μέγα
769 2158 1003 2219 δεῖπνον,
1041 2158 1135 2210 καὶ
1171 2156 1261 2209 τὸν
1291 2157 1349 2209 ὲν
1376 2154 1550 2225 τούτῳ
1580 2154 1813 2225 δεδωρη-

241 2250 408 2321 μὲνον
431 2250 613 2319 ἄρτον,
645 2248 723 2320 μὴ
756 2250 861 2319 μὴν
894 2250 1019 2311 τοὺς
1045 2248 1253 2311 πάντας
1288 2250 1386 2317 τῆς
1424 2247 1644 2317 χάριτος
1692 2248 1812 2298 ὲπι-

236 2341 527 2411 τυγχάνειν
550 2357 562 2369 ’
596 2338 1013 2409 ἀποστερεῖσθαι
1050 2337 1158 2408 γάρ
1198 2337 1368 2405 αὐτῆς
1400 2336 1506 2389 τῶν
1539 2335 1809 2405 κεκλημέ-

236 2446 348 2485 νων
378 2431 503 2493 τοὺς
536 2431 664 2502 περὶ
696 2430 881 2500 ἕτερον
926 2429 1331 2499 ἠσχολημένους
1350 2445 1364 2457 ·
1400 2428 1672 2499 περισπᾷν
1702 2426 1811 2495 γὰρ

236 2522 333 2576 καὶ
365 2522 622 2589 ἀφέλκειν
665 2516 765 2591 τῆς
809 2518 1050 2590 κλήσεως
1093 2520 1189 2582 τὰς
1214 2516 1309 2573 τοῦ
1356 2518 1471 2588 βίου
1526 2515 1810 2588 φροντίδας

232 2612 512 2667 διδάσκειο
562 2614 765 2675 ταύτας
813 2611 857 2665 δ’
912 2608 1050 2681 εἶναι
1092 2608 1475 2682 διαφόρουςυῆ
1526 2609 1634 2679 γάρ
1682 2610 1809 2680 περὶ

234 2704 495 2776 χρήματα
536 2702 631 2755 καὶ
661 2702 863 2773 ἀγροὺς
907 2700 1294 2771 ἀσχολούμενοι
1340 2697 1513 2753 ταῦτα
1545 2701 1642 2769 τῆς
1674 2698 1808 2769 κλή-

234 2810 377 2857 σεως
405 2794 885 2863 προτετιμήκασιν,
915 2788 991 2855 ὼς
1028 2790 1470 2863 παραιτήσασθαι
1510 2790 1597 2843 διὰ
1637 2788 1807 2842 ταῦτα

232 2884 337 2954 τὴν
364 2882 574 2952 κλῆσιν,
610 2882 643 2953 ἢ
679 2882 809 2951 περὶ
835 2881 934 2943 τὰς
957 2879 1050 2933 τοῦ
1084 2877 1200 2949 βίου
1234 2878 1615 2950 πραγματείας
1642 2894 1809 2931 κατα-

231 2974 563 3045 τριϐόμενοι,
592 2974 624 3042 ἢ
659 2970 841 3041 δεσμῷ
864 2971 1043 3041 γάμου
1078 2971 1172 3023 καὶ⁵
1192 2969 1399 3024 παίδων
1428 2967 1807 3039 ἐμπεπλεγμέ-

232 3079 337 3120 νοι.
372 3062 407 3133 ἢ
427 3077 567 3114 τισιν
598 3060 777 3123 ἀλλοις
798 3057 1060 3122 τοιούτοις
1087 3057 1486 3129 φροντίσμασιν
1515 3055 1807 3127 ὲνησχολη-

1915 1950 2127 2018 beatius,
2157 1952 2247 2021 qui
2274 1966 2467 2019 panem
2497 1951 2746 2005 comedet
2781 1950 2833 2003 in
2875 1964 3041 2017 regno
3069 1948 3184 2003 Dei.

1985 2042 2181 2097 Multos
2216 2056 2348 2110 ergo
2375 2042 2427 2095 in
2471 2042 2725 2111 parabola
2754 2042 2831 2095 ait
2864 2042 2929 2094 ad
2967 2056 3218 2110 n‘iaguam
3271 2054 3486 2095 canam

1913 2143 2157 2196 vocatos,
2185 2142 2347 2201 atque
2378 2133 2443 2187 ad
2478 2146 2671 2202 panem
2712 2133 2762 2186 in
2800 2132 2900 2186 hac
2933 2133 3237 2201 appositum
3267 2147 3282 2194 ;
3320 2139 3484 2185 etate-

1914 2224 2064 2292 roqui
2089 2215 2226 2276 haud
2253 2237 2444 2277 omnes
2474 2224 2646 2292 gratia
2688 2224 2923 2292 potitos;
2952 2224 3052 2277 hac
3082 2223 3225 2277 enim
3248 2221 3489 2275 caruisse

1912 2320 2131 2365 vocatos
2189 2310 2326 2374 ilius,
2361 2312 2450 2381 qui
2511 2312 2633 2368 aliis
2709 2314 2938 2381 negotiis
2985 2311 3207 2367 distenti
3246 2310 3486 2375 fuerunt,

1913 2404 2219 2459 multifariis
2240 2404 2481 2470 scilicet;
2518 2420 2640 2459 nam
2671 2406 2755 2459 vel
2808 2406 3031 2473 pecunia
3078 2404 3338 2473 agrisque
3389 2418 3487 2460 oc-

1910 2496 2108 2565 cupati,
2140 2496 2409 2550 vocationi
2443 2510 2573 2564 opes
2607 2495 2984 2563 przetuleruut,
3019 2496 3130 2548 imo
3156 2494 3292 2549 adeo
3320 2509 3486 2549 voca-

1914 2587 2112 2642 tionem
2166 2602 2277 2656 prte
2324 2587 2409 2642 his
2454 2589 2731 2655 deprecati
2773 2599 2934 2654 sunt;
2989 2587 3073 2643 vel
3104 2589 3225 2643 vitae
3254 2588 3487 2658 negotiis

1912 2677 2103 2746 pressi,
2133 2677 2214 2731 vel
2254 2678 2570 2747 nuptiarum
2626 2678 2902 2747 prolisque
2943 2678 3171 2733 vinculis
3217 2679 3483 2748 impediti,

1908 2768 1991 2822 vel
2019 2768 2139 2822 aliis
2167 2768 2401 2837 denique
2433 2770 2482 2822 id
2515 2784 2686 2839 genus
2740 2771 2888 2825 curis
2937 2770 3155 2824 irretiti.
3201 2771 3377 2838 Atque
3429 2770 3483 2826 in

1910 2856 2011 2911 bos
2040 2857 2143 2910 lata
2177 2859 2448 2912 sententia
2483 2860 2628 2914 hisce
2652 2860 2832 2914 verbis
2859 2870 2981 2914 est:
3019 2861 3146 2916 Dico
3170 2862 3346 2926 vobis.
3385 2877 3483 2918 ne-

1909 2950 2104 3003 minem
2134 2949 2346 3002 illorum
2384 2951 2651 3016 virorum,
2694 2951 2811 3019 qui,
2853 2966 2975 3005 cum
3006 2952 3183 3007 vocati
3226 2951 3485 3018 fuissent,

1908 3039 2031 3092 vitae
2055 3040 2437 3106 occupationes
2466 3050 2884 3104 excusaverunt,
2912 3055 3121 3096 canam
3172 3059 3347 3098 meam
3385 3058 3486 3114 gu-

236 3128 412 3222 μένοι.
461 3151 621 3204 Ἀλλά
652 3150 780 3221 περὶ
810 3150 907 3221 μὲν
929 3148 1134 3202 τούτων
1156 3149 1430 3217 ἀπόφασις
1460 3148 1803 3219 ἐξενήνεκται

1911 3138 2194 3184 staturum.
2232 3128 2402 3184 Porro
2434 3130 2568 3185 alios
2607 3147 2667 3186 ea
2695 3131 2952 3188 fruiturus
2987 3138 3063 3187 ait
3109 3136 3269 3189 rebus
3297 3135 3487 3204 hujus-

229 3242 497 3309 λέγουσα·
531 3241 686 3309 Λέγω
740 3242 895 3310 ὑμῖν,
935 3241 1015 3293 δτι
1060 3240 1232 3302 οὐδεὶς
1280 3240 1387 3292 τῶν
1424 3239 1631 3309 ἀνδρῶν
1667 3239 1805 3293 ὲκείς

234 3349 345 3385 νων
381 3332 491 3383 τῶν
531 3331 915 3403 κεκλημένων,
956 3332 1051 3385 καὶ
1087 3331 1176 3385 διά
1214 3331 1311 3394 τὰς
1352 3331 1606 3401 βιωτικάς
1648 3333 1808 3402 ἀσχο-

230 3422 355 3486 λίας
407 3424 902 3493 παραιτησαμένων
956 3423 1211 3493 γεύσεταί
1272 3440 1372 3493 μου
1424 3423 1517 3476 τοῦ
1556 3424 1801 3476 δείπνου·

231 3513 455 3584 ἑτέρους
493 3512 549 3567 δὲ
584 3514 697 3567 ἀντ’
727 3512 905 3567 αὐτῶν
948 3514 1347 3567 ἀπολαύσεσθαι
1396 3514 1491 3567 τοῦ
1536 3515 1804 3585 μακαρίου

228 3603 449 3657 δείπνου
480 3604 633 3671 φησὶ,
650 3602 777 3665 τοὺς
805 3602 879 3674 μὴ
908 3603 1166 3667 τοιούτοις
1196 3603 1308 3656 τισὶ
1330 3604 1803 3675 προσδεδεμένους,

230 3693 482 3764 πτωχούς
504 3711 656 3757 τινας
692 3695 785 3747 καὶ
812 3695 1147 3766 ἀναπήρους.
1179 3695 1421 3748 Τοιοῦτοι
1444 3695 1500 3748 δὲ
1528 3691 1667 3765 ἦσαν
1700 3696 1804 3749 πά-

228 3787 319 3840 λαι
362 3786 866 3857 είδωλολατροῦντες
905 3789 953 3839 οί
986 3787 1044 3852 ἐξ
1077 3786 1245 3840 ἐθνῶν
1276 3786 1379 3839 ὑπὸ
1412 3787 1680 3856 δαιμόνων
1709 3806 1805 3841 πο-

227 3875 413 3944 νηρῶν
447 3875 542 3939 τὰς
587 3874 762 3946 ψυχάς
801 3875 1198 3946 λελωϐημένον
1246 3876 1338 3939 οὓς
1394 3876 1699 3940 ἀκολούθως
1735 3880 1801 3949 τῇ

230 3966 535 4038 ἐπαγγελία
576 3966 1006 4039 προσδεξάμενος
1056 3971 1083 4020 ὁ
1134 3969 1428 4039 ἑστιάτωρ,
1478 3970 1656 4023 πᾶσαν
1701 3970 1801 4037 τὴν

229 4061 387 4112 νόσον
415 4059 522 4112 τῶν
553 4057 738 4129 ψυχῶν
764 4058 960 4122 αὐτῶν,
994 4059 1087 4113 καὶ
1120 4060 1387 4130 μαλακίαν
1428 4062 1608 4114 πᾶσαν
1652 4061 1803 4114 ίασά-

233 4154 416 4220 μενος,
463 4149 652 4202 ἔπειτα
699 4149 800 4219 τῆς
841 4151 1047 4213 οίκείας
1095 4152 1277 4212 αὐτοῖς
1325 4150 1622 4221 μεταδώσει
1670 4168 1802 4221 τρα-

230 4238 440 4307 πέζης’
474 4238 600 4291 ὥστ’
636 4240 810 4291 είπεῖν
854 4239 1082 4302 αύτούς·
1141 4241 1502 4309 ἸΙτοίμασας
1543 4239 1801 4293 ἐνώπιόν

223 4346 348 4399 μου
377 4328 664 4397 τράπεζαν
686 4330 755 4395 ἐξ
790 4331 1067 4396 ἐναντίας
1094 4330 1210 4384 τῶν
1237 4332 1561 4384 θλιϐόντων
1576 4347 1679 4400 με’
1700 4331 1799 4383 καὶ

1915 3220 2056 3274 modi
2098 3221 2318 3275 minime
2347 3224 2634 3286 obnoxios,
2668 3240 2862 3294 nempe
2914 3228 3187 3280 tenuiores
3217 3227 3479 3295 quosdam

1909 3325 1962 3367 et
1994 3314 2248 3367 membris
2295 3316 2532 3377 mutilos.
2588 3316 2761 3369 Erant
2816 3326 2993 3371 autem
3033 3318 3082 3371 bi
3139 3317 3306 3372 dediti
3353 3318 3479 3373 olim

1909 3403 2065 3457 idolis
2110 3405 2330 3467 ethnici,
2382 3421 2611 3473 quorum
2681 3408 2893 3461 animas
2945 3407 3160 3461 scelesti
3211 3408 3485 3465 demones

1908 3509 2067 3547 mane
2116 3495 2512 3550 mulctaveraut
2559 3516 2571 3551 :
2612 3514 2746 3568 quos
2776 3501 3008 3553 convivii
3044 3510 3235 3554 auctor
3264 3517 3363 3571 pro
3385 3518 3482 3557 sua

1907 3586 2311 3641 denuntiatione
2377 3599 2672 3657 exceptos,
2742 3592 2886 3644 omni
2948 3594 3114 3648 animi
3173 3597 3362 3651 morbo
3418 3610 3483 3649 ac

1906 3675 2164 3745 languore
2190 3679 2481 3745 expedivit.
2517 3679 2716 3734 Deinde
2740 3696 2870 3736 vero
2904 3698 3103 3739 mensae
3132 3700 3348 3756 quoque
3378 3688 3477 3740 ad-

1906 3768 2131 3833 hibebit,
2162 3767 2245 3822 ita
2302 3779 2360 3822 ut
2404 3769 2478 3823 illi
2529 3771 2735 3827 dicturi
2764 3775 2867 3826 sint
2894 3794 2905 3827 :
2945 3772 3161 3830 Parustt'
3191 3793 3368 3830 coram
3399 3794 3482 3833 me

1903 3874 2137 3912 mensam
2194 3863 2442 3913 adversus
2474 3878 2559 3915 eos
2589 3866 2679 3929 qui
2714 3863 2963 3918 tribulam
2996 3882 3076 3919 me
3116 3867 3181 3919 ".
3221 3866 3356 3922 Tum
3384 3884 3480 3939 pa-

1906 3962 2028 4001 nem
2081 3949 2185 4002 illis
2234 3959 2396 4019 atque
2441 3951 2753 4006 alimoniam
2812 3954 3108 4021 spiritalem
3174 3957 3477 4026 pmbebit:

1903 4049 2067 4108 atque
2100 4040 2222 4093 hinc
2274 4041 2445 4095 solido
2484 4041 2596 4109 jam
2632 4043 2754 4096 cibo
2782 4045 3054 4111 impertiet
3085 4062 3199 4113 eos,
3237 4059 3292 4103 et
3318 4049 3479 4106 intel-

1901 4128 2108 4182 lectuali
2149 4130 2481 4185 exhilarabit
2530 4134 2679 4186 vino.
2723 4135 2904 4200 Quare
2961 4138 3177 4193 dicent:
3229 4140 3296 4193 Et
3332 4141 3479 4197 calix

1903 4233 2023 4277 tuus
2072 4226 2334 4277 inebrians
2372 4240 2529 4294 quam
2586 4228 2875 4291 praeclarus
2906 4238 2984 4283 est
3009 4231 3087 4283 ιδε
3141 4232 3319 4303 Atque
3362 4236 3476 4291 hac

1903 4315 2082 4367 omnia
2114 4313 2256 4371 Deus
2286 4317 2616 4383 suppeditat,
2646 4317 2770 4369 dum
2802 4320 2932 4388 ipsis
2963 4321 3266 4376 cmlestium
3305 4324 3478 4379 bono-

228 4420 394 4492 ἄρτον
422 4423 602 4485 αὐτοῖς
627 4423 855 4492 ’παρέξει
889 4424 982 4476 καὶ
1018 4423 1239 4491 λογικὴν
1280 4423 1516 4493 τροφήν·
1548 4421 1796 4475 ἐντεῦθεν

1911 4420 2019 4458 rum
2049 4405 2241 4458 arrhas
2267 4405 2319 4458 in
2353 4407 2509 4473 hujus
2526 4410 2647 4461 vius
2677 4410 2991 4464 muneribus
3012 4412 3291 4482 elargitur.
3326 4413 3478 4470 Licet

227 4510 333 4580 ἥδη
367 4514 588 4583 στερεᾶς
634 4510 884 4583 βρώσεως
934 4510 1245 4582 μεταδιδοὺς
1292 4514 1493 4575 αὐτοῖς,
1539 4514 1633 4564 καὶ
1667 4512 1797 4582 οϊνῳ

1911 4510 2113 4564 quoque
2165 4498 2461 4549 secundum
2516 4498 2675 4550 aliam
2720 4499 3220 4567 interpretationem
3268 4505 3472 4569 dicere,

225 4599 287 4652 δὲ
314 4599 504 4662 αὐτοὺς
536 4600 795 4671 εὐφρανεί
814 4599 1013 4671 λογικῷ
1034 4619 1047 4631 '
1080 4601 1207 4654 ὥστ’
1239 4600 1303 4655 ἂν
1333 4603 1503 4653 εἰπεῖν
1531 4619 1546 4633 ·
1588 4601 1697 4654 Καὶ
1731 4602 1798 4655 τὸ

226 4688 511 4757 ποτήριόν
528 4707 643 4744 σου
654 4695 958 4760 μεθύω-κον
971 4710 1047 4761 με
1074 4692 1214 4745 ὡσεί
1240 4690 1588 4761 κράτιστον]
1616 4690 1797 4744 Ταῦτα

225 4781 284 4835 δὲ
316 4782 490 4834 πάντα
534 4783 790 4852 παρέχει,
841 4785 967 4846 τοὺς
1006 4784 1328 4854 ἀρραϐῶνας
1378 4783 1487 4836 τῶν
1533 4784 1798 4855 οὐρανίων

226 4871 447 4939 ἀγαθῶν
469 4871 557 4923 διά
589 4873 695 4924 τῶν
726 4872 867 4927 κατά
902 4873 991 4926 τὸν
1034 4871 1274 4945 παρόντα
1308 4873 1418 4943 βίον
1443 4877 1795 4945 χαρισμάτων

225 4963 409 5025 αὐτοῖς
448 4962 801 5033 δωρούμενος.
855 4965 1085 5018 Δυνατδν
1122 4966 1298 5018 δὲκαὶ
1335 4964 1454 5017 καθ’
1481 4965 1670 5037 ἑτέραν
1705 4967 1796 5018 ὲκ·-

222 5053 386 5121 δοχὴν
420 5054 612 5115 εἰπεῖν,
644 5054 724 5105 ὅτι
757 5056 802 5105 oi
838 5054 1043 5124 πρῶτοι
1075 5056 1173 5126 τῆς
1205 5055 1447 5124 κλήσεως
1475 5056 1790 5125 ἠξιωμένοι,

222 5133 369 5192 οὗτοι
411 5138 455 5191 δ’
490 5135 627 5207 ἦσαν
668 5140 717 5191 oi
755 5142 819 5192 ἐκ
864 5141 965 5208 τῆς
1011 5143 1332 5212 περιτομῆς,
1386 5143 1654 5212 προφάσει
1695 5143 1792 5211 τῆς

221 5231 357 5301 περὶ
388 5231 447 5283 τὸ
489 5235 733 5301 κρεῖττον
762 5232 1016 5303 ἀσχολίας
1058 5235 1154 5305 τὴν
1186 5235 1377 5303 κλῆσιν
1418 5235 1679 5305 ὕϐρισαν·
1717 5237 1791 5299 ὡς

220 5319 333 5391 γάρ
378 5319 587 5389 ἔχοντες
620 5322 822 5391 ἀγροὺς
859 5322 928 5374 τὰ
973 5326 1098 5395 παρ’
1131 5325 1311 5387 αὐτοῖς
1357 5324 1787 5395 ἀναγνώσματα,

220 5411 317 5466 καὶ
350 5410 427 5473 ὡς
465 5410 589 5481 βόας
638 5415 910 5485 ἀροτῆρας
956 5416 1278 5485 κεκτημένοι
1320 5418 1445 5479 τοὺς
1483 5419 1785 5487 προφήτας,

1906 4587 2108 4655 primos
2159 4588 2438 4643 vocatione
2488 4591 2772 4659 dignanter
2820 4594 3046 4648 donatos
3086 4593 3252 4650 fuisse
3289 4597 3382 4665 qui
3410 4598 3476 4654 de

1905 4678 2311 4732 circumcisione
2339 4690 2534 4744 erant;
2562 4694 2747 4733 verum
2786 4683 2838 4735 bi
2874 4682 2998 4737 dum
3039 4686 3354 4741 melioribus
3382 4704 3475 4743 oo-

1902 4776 2126 4834 cupatos
2150 4782 2206 4820 se
2236 4767 2507 4835 dictitant,
2547 4750 2881 4825 vocationem
2916 4776 3244 4830 coutumélia
3278 4777 3470 4833 allece-

1900 4866 2063 4913 runt:
2098 4859 2463 4928 babentesque
2494 4862 2658 4916 veluti
2681 4878 2842 4932 agros
2869 4868 3010 4935 apud
3042 4883 3100 4921 se
3134 4868 3466 4937 Scripturas,

1901 4960 2144 5006 aratores
2196 4951 2359 5007 boves
2408 4956 2719 5022 prophetas,
2760 4958 3143 5026 sapientiaeque
3196 4963 3470 5027 convictu,

1902 5042 2083 5095 uxoris
2120 5042 2312 5110 insuar,
2360 5054 2591 5109 utentes,
2634 5050 2999 5118 evangelicam
3036 5051 3266 5119 gratiam
3308 5051 3464 5109 ﬂocci

1899 5132 2163 5189 fecerunt.
2200 5136 2301 5202 Qui
2336 5154 2463 5192 vero
2497 5150 2618 5206 post
2652 5139 2770 5195 illos
2798 5156 2864 5195 ex
2905 5142 3227 5213 alienigenis
3254 5146 3467 5214 papulis

1898 5233 2072 5285 vocati
2111 5232 2345 5296 fuermtt,
2380 5245 2558 5289 mente
2591 5245 2746 5290 antea
2783 5237 2931 5291 surdi
2979 5238 3238 5308 caecique,
3264 5239 3459 5295 alacri-

1900 5330 1981 5376 tcr
2044 5324 2417 5381 obaudieruut.
2481 5326 2661 5393 Quare
2709 5340 2764 5384 et
2826 5329 3209 5385 beatitudinem
3260 5347 3455 5387 conse-

1895 5425 2145 5483 quentur.

219 5504 316 5556 καὶ
350 5501 427 5565 ὡς
466 5502 534 5555 ἀν
569 5504 728 5573 σοφίᾳ
759 5506 864 5557 τινὶ
896 5499 989 5558 οἷα
1015 5507 1232 5572 γυναικὶ
1266 5506 1635 5576 συμϐιοῦντες,
1680 5506 1775 5579 τὴν
1826 5506 2182 5580 εὐαγγελικῆν
2217 5509 2565 5581 ἐξηυτέλισαν
2610 5514 2798 5585 χάριν·
2848 5516 2897 5567 oi
2942 5514 2997 5569 δὲ
3050 5517 3165 5586 μετ’
3222 5513 3465 5584 ἐκείνους

293 5694 335 5725 ⁸⁸
369 5692 525 5749 Joau.
558 5709 631 5761 vt,
824 5700 861 5729 ”
895 5696 1029 5753 l‘sal.
1058 5714 1192 5768 nu,
1225 5701 1275 5755 5.
1358 5702 1395 5731 ”
1423 5701 1549 5759 ibid.
