4062 6394
578 368 684 435 875

1248 366 1515 427 EUSEBII
1552 364 2037 423 CESARIENSls
2066 362 2217 419 OPP.
2259 360 2443 416 PARS
2476 358 2677 417 ωεσ-
2714 352 3127 410 Εχεεετιωι.

3706 347 3813 404 870

579 492 646 545 ἐκ
678 484 785 539 τῶν
811 481 1121 549 ἀλλοφύλων
1146 478 1315 532 ἐθνῶν
1353 476 1658 547 κληθέντες,
1707 478 1756 529 ot
1808 476 1935 547 πρὶν
1958 474 2056 537 τὰς
2120 472 2357 535 διανοίας
2412 470 2583 539 κωφοὶ
2618 468 2711 521 καὶ⁵
2751 461 2962 528 τυφλοὶ,
3011 458 3305 531 προθύμως
3341 458 3690 528 ὑπήκουσαν
3729 456 3812 511 διὸ

583 580 677 634 καὶ
702 574 795 629 τοῦ
822 569 1170 643 μακαρισμοῦ
1198 567 1490 631 τεύξονται.

656 634 997 721 Existiinabii
1021 634 1249 714 fortasse
1276 658 1475 727 aliquis
1498 656 1738 713 eamdem
1766 670 1887 711 esse
1910 654 2139 725 parabo-

2312 652 2522 719 Δόξειεν
2558 649 2669 721 (65)
2690 648 2755 703 ἄν
2783 661 2869 710 τις
2908 642 3006 714 τὴν
3025 641 3195 712 αὐτήν
3233 634 3371 693 εἷναι
3398 636 3718 710 παραϐολήν
3742 639 3813 707 τῇ

582 758 688 812 iam
720 771 838 825 qua
882 753 1020 823 apud
1059 750 1385 813 Matthzum,
1411 750 1464 802 in
1495 763 1602 818 qua
1646 762 1740 803 rex
1768 747 1863 803 ﬁlii
1894 748 1975 802 sui
2002 760 2136 814 unp-

586 846 690 899 tias
739 845 889 909 facit,
936 857 1226 911 servosque
1271 842 1500 897 dimittit
1552 843 1835 897 invitatum
1864 842 2136 897 convivas.

592 938 967 991 Verumtamen
1005 936 1051 988 is
1070 935 1160 1002 qui
1194 949 1294 987 non
1319 934 1685 1002 perfunctorio
1715 933 1893 988 studio
1928 930 2137 1001 legerit,

587 1029 950 1094 deprehendet
976 1028 1172 1093 tuentis
1210 1026 1510 1079 attentione
1541 1024 1847 1093 parabolam
1902 1022 2041 1075 hanc
2074 1022 2140 1076 ab

588 1118 679 1173 illa
712 1133 929 1188 prorsus
963 1116 1196 1171 diﬂerre.
1225 1116 1465 1185 Namque
1496 1117 1581 1169 illa
1617 1114 1847 1168 Matthxi
1880 1114 2137 1167 caelorum

588 1222 711 1265 ante
739 1211 916 1264 omnia
945 1216 1110 1279 regno
1137 1224 1199 1262 ea
1225 1224 1347 1277 qua:
1374 1209 1627 1262 dicuntur
1669 1216 1943 1274 comparat
1987 1222 2003 1269 ;
2053 1206 2138 1257 hic

587 1302 720 1356 nihil
749 1302 1011 1367 ejusmodi
1038 1301 1114 1354 iit.
1146 1299 1257 1353 Illic
1279 1299 1511 1353 convivii
1566 1307 1754 1351 auctor
1790 1297 1990 1365 regiam
2024 1310 2142 1363 per-

586 1408 773 1448 sonam
813 1394 983 1461 gerit;
1038 1391 1123 1446 hic
1158 1392 1401 1458 privatus
1443 1391 1604 1443 homo
1638 1387 2019 1441 introducitur.
2067 1385 2140 1437 lbi

588 1485 801 1551 nuptias
830 1484 923 1537 ﬂlii
952 1499 1043 1537 rex
1071 1482 1331 1543 celebrat,
1360 1482 1445 1535 hic
1474 1482 1701 1547 simplex
1738 1494 1890 1533 coena
1924 1488 2026 1531 est.
2062 1476 2139 1531 ibi

591 1576 741 1627 multi
772 1576 1036 1645 legatione
1068 1575 1383 1642 funguntur.
1417 1573 1505 1625 hic
1536 1586 1674 1624 unus
1719 1578 1941 1623 vocator
1976 1568 2143 1620 mitti-

591 1676 697 1719 tur.
727 1666 798 1720 ibi
831 1666 1022 1733 partim
1054 1665 1307 1718 socordes
1338 1664 1522 1715 venire
1551 1661 1924 1730 neglexerunt,
1948 1657 2140 1725 partim

590 1758 751 1811 etiam
780 1771 960 1811 servos
986 1754 1327 1810 contumeliis
1355 1753 1982 1808 aﬂ'cctosinteremerunt
2006 1765 2020 1811 ;
2057 1748 2143 1801 hic

589 1850 746 1900 unice
771 1846 1063 1899 obtendunt
1092 1847 1517 1913 occupationem,
1569 1852 1627 1895 ut
1676 1857 1733 1896 se
1780 1840 1952 1894 vocati
1984 1853 2143 1891 excu-

588 1946 730 2007 sent.
768 1936 970 1988 Rursus
1005 1934 1076 1987 ibi
1114 1947 1207 1986 rex
1233 1933 1527 1985 exercitum
1558 1940 1857 1984 commovet
1888 1930 2143 1982 adversus

591 2034 866 2081 servorum
898 2039 1114 2078 suorum
1166 2022 1563 2083 interfectores.
1614 2023 1699 2075 hic
1756 2023 1916 2075 homo
1950 2037 2140 2087 quam-

592 2117 671 2169 vis
700 2117 871 2169 iratus
896 2114 1271 2169 recusantibus
1298 2114 1562 2173 invitatis,
1614 2113 1746 2164 ttihil
1772 2112 2031 2179 ejusmodi
2063 2110 2143 2163 fa-

588 2206 699 2259 cit:
732 2219 889 2259 servo
925 2216 1100 2258 tamen
1123 2218 1221 2257 suo
1250 2204 1490 2265 mandat,
1519 2213 1575 2255 ut
1601 2218 1861 2271 pauperes
1888 2214 1941 2256 et
1973 2219 2141 2256 tuem-

590 2298 703 2350 hris
729 2296 941 2349 mutilos
976 2305 1031 2350 et
1078 2308 1249 2348 caecos
1289 2304 1571 2348 convocet.
1618 2294 1689 2346 At
1719 2295 1805 2346 ille
1833 2295 1919 2361 qui
1954 2297 2017 2347 ad
2050 2295 2143 2349 ﬁlii

590 2388 802 2452 nuptias
843 2386 1023 2438 invitat
1060 2400 1171 2448 rex,
1201 2385 1413 2439 [annalis
1448 2384 1690 2453 pluribus
1725 2387 1930 2437 utitur:
1970 2400 2143 2454 neque

592 2489 869 2541 pauperes,
900 2475 1152 2527 membris
1183 2475 1424 2538 mutilos,
1478 2489 1675 2535 cat-ros,
1732 2475 1953 2528 claudos
1989 2480 2053 2529 ad
2084 2491 2144 2529 se

591 2567 771 2634 cogit:
805 2564 946 2617 haud
980 2565 1121 2617 enim
1147 2566 1304 2633 regiis
1335 2566 1535 2629 nuptiis
1570 2564 1705 2617 tales
1742 2566 2007 2619 interesse
2049 2568 2136 2619 in-

588 2656 791 2707 vitatos
830 2656 1028 2707 decuit.
1078 2653 1211 2705 Tum
1262 2668 1293 2706 e
1327 2669 1549 2707 numero
1584 2654 1932 2707 convivarum
1957 2670 2143 2722 quem-

589 2743 713 2795 dam
747 2743 961 2808 indigna
990 2742 1190 2810 nuptiis
1214 2750 1365 2795 veste
1410 2741 1652 2794 indutum
1705 2756 1795 2793 rex
1838 2745 2007 2807 punit.
2044 2744 2144 2795 De-

592 2834 752 2899 nique
777 2834 919 2900 quod
941 2843 1026 2888 est
1054 2834 1291 2886 omnium
1333 2833 1691 2903 potissimum,
1732 2832 1960 2886 Matthxi
1987 2850 2141 2898 para-

588 2921 711 2977 bola
751 2922 891 2975 intra
944 2922 1199 2991 templum
1246 2923 1389 2976 dieta
1426 2922 1549 2988 fuit,
1586 2937 1768 2975 coram
1798 2922 2141 2991 pontiﬁcibus

591 3026 657 3066 ac
685 3012 861 3079 populi
919 3013 1223 3066 senioribus
1273 3014 1635 3067 concionante
1690 3013 1953 3067 Domino:
1989 3014 2141 3067 Lucas

593 3100 845 3165 parabola
874 3103 926 3155 in
956 3100 1171 3155 Galilzea
1201 3101 1342 3154 domi
1379 3101 1657 3166 cujusdam
1716 3102 1973 3168 principis
2003 3102 2141 3155 Pha-

594 3191 733 3244 risaei
782 3192 1043 3258 privatam
1098 3205 1311 3244 caenam
1357 3190 1598 3257 exhibet,
1637 3192 1961 3245 convivante
2004 3193 2139 3260 apud

2237 746 2389 815 παρά
2416 742 2495 812 τῷ
2527 740 2809 809 Ματθαίῳ,
2841 739 2899 789 ἐν
2996 732 3247 804 βασιλεύς
3269 733 3385 784 ἐστι
3411 730 3623 798 γάμους
3642 727 3815 782 ποιῶν

2234 833 2313 903 τῷ
2345 832 2445 902 υίῷ
2472 829 2659 895 αὐτοῦ,
2690 830 2785 882 καὶ
2815 826 3030 887 δούλους
3063 820 3407 876 ἀποστέλλων
3440 818 3663 871 καλέσαι
3683 817 3815 879 τοὺς

2237 923 2626 993 κεκλημένους.
2692 920 2751 973 '0
2804 917 2860 970 δέ
2922 916 2997 987 μὴ
3053 912 3345 984 παρέργως
3394 909 3678 981 προσέχων
3745 907 3814 976 τῇ

2237 1014 2541 1083 ἀναγνώσει
2576 1011 2726 1082 εὖροι
2771 1010 2838 1062 ἂν
2866 1006 3163 1076 ἐπιστήσας
3190 1002 3280 1055 τὸν
3314 1001 3439 1055 νοῦν
3468 1000 3817 1053 παντάπασιν

2238 1104 2678 1177 ἠλλοτριωμένην
2705 1100 2907 1167 ταύτην
2936 1096 3166 1165 ἐκείνης.
3202 1094 3266 1146 Ἦ
3293 1094 3391 1163 μὲν
3419 1092 3529 1162 γὰρ
3557 1090 3709 1161 παρά
3737 1087 3817 1157 τῷ

2239 1197 2499 1263 Ματοαίῳ
2537 1193 2748 1264 πρῶτον
2783 1189 3037 1242 ἁπάντων
3063 1188 3128 1256 τῇ
3158 1184 3401 1254 βασιλείᾳ
3426 1182 3537 1234 τῶν
3566 1177 3817 1252 οὐρανῶν

2241 1284 2513 1357 παρέϐαλε
2538 1283 2606 1335 τά
2621 1280 2904 1350 λεγόμενα’
2937 1276 3094 1331 τοῦτο
3116 1276 3157 1328 δ’
3191 1273 3424 1328 ἐνταῦθα
3452 1272 3513 1324 οὐ
3541 1270 3815 1323 λέλεκται.

2240 1379 2413 1431 Κάκεῖ
2448 1374 2545 1443 μὲν
2577 1370 2855 1440 ἀφωμοίου
2889 1368 2981 1421 τὸν
3019 1365 3259 1437 κλήτορα
3300 1362 3530 1433 βασιλεῖ,
3578 1359 3821 1413 ἐνταῦθα

2239 1468 2295 1520 δέ
2339 1466 2490 1536 ψιλὸν
2522 1462 2803 1532 ἄνθρωπον
2841 1458 3081 1526 είσάγει·
3128 1457 3287 1509 κάκεῖ
3338 1456 3433 1525 μέν
3478 1454 3693 1523 γάμους
3740 1449 3820 1521 τῷ

2242 1558 2342 1626 υἱῷ
2376 1559 2403 1609 6
2438 1554 2687 1625 βασιλεὺς
2733 1551 2923 1612 ἐτέλει,
2968 1546 3198 1601 ἐνταῦθα
3234 1547 3291 1599 δὲ
3336 1544 3521 1607 ἁπλῶς
3558 1544 3816 1597 δεῖπνον·

2242 1650 2401 1701 κάκεῖ
2435 1647 2531 1716 μὲν
2565 1643 2748 1696 πολλοὶ⁸
2778 1639 3213 1700 ἀποστέλλονται,
3250 1634 3483 1689 ἐνταῦθα
3516 1634 3575 1687 δέ
3616 1629 3697 1697 εἷς

2242 1753 2327 1799 νος
2366 1736 2458 1787 ἐπὶ
2485 1735 2583 1803 τὴν
2609 1731 2802 1800 κλῆσιν
2826 1729 3165 1799 ἐκπέμπεται
3188 1742 3201 1756 ·
3239 1726 3397 1779 κάκεῖ
3414 1725 3463 1777 oi
3490 1724 3590 1793 μὲν
3612 1722 3822 1793 ἀμελή-

2245 1842 2431 1886 σαντες
2467 1823 2565 1875 οὐκ
2598 1824 2871 1892 ἀπήντων,
2912 1820 2961 1872 οί
2997 1818 3053 1871 δέ
3091 1816 3267 1870 λοιποὶ
3303 1816 3395 1867 καὶ⁵
3434 1815 3559 1876 τοὺς
3599 1812 3820 1874 δούλους

2245 1917 2468 1987 ὕϐρισαν
2494 1915 2585 1967 καὶ
2610 1914 2934 1966 ἀπέκτειναν
2952 1926 2966 1936 ’
3000 1907 3232 1963 ἐνταῦθα
3258 1907 3314 1959 δὲ
3359 1907 3515 1976 μόνον
3544 1906 3820 1975 σκήπτονο

2245 2028 2331 2063 ται
2364 2008 2635 2078 ἀσχολίαν,
2666 2004 3088 2075 παραιτούμενοι
3123 1998 3225 2068 τὴν
3250 1997 3441 2066 κλῆσιν
3461 2013 3473 2026 ·
3508 1998 3627 2047 ἐκεῖ
3659 1996 3822 2048 πάλιν

2244 2103 2273 2153 6
2315 2101 2563 2170 βασιλεὺς
2609 2099 2923 2169 στράτευμα
2964 2094 3104 2145 κινεῖ
3150 2090 3291 2142 κατὰ
3323 2087 3431 2141 τῶν
3464 2088 3826 2159 ἀνῃρηκότων

2246 2191 2365 2251 τοὺς
2384 2186 2546 2239 αὑτοῦ
2572 2185 2812 2247 δούλουςο
2846 2180 3077 2235 ἐνταῦθα
3095 2180 3151 2232 δὲ
3184 2180 3212 2231 6
3240 2177 3335 2232 ἀνθ
3345 2193 3523 2247 ρωπος
3545 2176 3827 2247 ὀργισθεὶς

2245 2282 2336 2333 ἐπὶ
2361 2282 2425 2349 τῇ
2457 2278 2779 2348 παραιτήσει
2811 2274 2917 2326 τῶν
2939 2270 3314 2341 κεκλημένων,
3336 2270 3487 2322 οὐδὲν
3508 2270 3608 2339 μὲν
3644 2267 3819 2320 τοιοῦ-

2243 2388 2333 2424 τον
2371 2374 2533 2431 ποιεῖ,
2580 2368 2656 2438 τῷ
2688 2367 2731 2418 δ’
2757 2363 2948 2418 ἐαυτοῦ
2980 2360 3149 2431 δούλῳ
3202 2360 3528 2432 προστάττει
3572 2360 3826 2429 πτωχοὺς

2245 2462 2339 2513 καὶ
2383 2460 2689 2530 ἀναπήρους
2739 2456 2831 2510 καὶ
2872 2451 3101 2522 τυφλοὺς
3150 2453 3481 2519 εἰσαγαγεῖν.
3534 2451 3594 2503 '0
3632 2450 3692 2503 δὲ
3734 2450 3828 2503 ἐπὶ

2244 2554 2370 2613 τοὺς
2418 2550 2625 2620 γάμους
2669 2546 2762 2599 τοῦ
2806 2544 2919 2597 υἱοῦ
2957 2542 3240 2611 συγκαλῶν
3286 2540 3559 2611 βασιλεὺς,
3615 2539 3827 2603 δούλοις

2246 2645 2483 2697 πλείοσιν
2515 2640 2803 2711 ὑπερέταις
2834 2636 3111 2709 χρώμενος
3131 2675 3145 2698 ,
3188 2637 3249 2688 οὐ
3283 2634 3532 2703 πτωχοὺς
3568 2636 3667 2687 καὶ
3694 2634 3828 2687 ἀνα-

2247 2738 2475 2807 πήρους,
2504 2731 2756 2786 ἀλλ’·ούδέ
2782 2729 3013 2797 τυφλοὺς
3040 2727 3133 2781 καὶ
3148 2727 3354 2809 χωλοὺς
3385 2728 3615 2794 εἰσάγειο
3638 2725 3829 2796 ἐπειδὴ

2249 2828 2369 2897 μηδ’
2397 2826 2633 2896 ἔπρεπεν
2666 2821 2947 2891 ἐπικλήσει
2992 2820 3168 2889 γάμου
3217 2817 3495 2888 βασιλικοῦ
3548 2816 3829 2880 τοιούτους

2245 2921 2531 2990 παρεῖναι·
2587 2915 2889 2984 κληθέντων
2923 2912 2979 2963 δὲ
3009 2910 3237 2973 πολλῶν,
3272 2910 3374 2963 τὸν
3408 2911 3608 2976 ἀνάξια
3643 2910 3827 2981 γάμου

2243 3007 2588 3077 ἐνδεδυμένον
2630 3007 2659 3057 6
2704 3004 2951 3075 βασιλεὺς
2992 3004 3332 3072 τιμωρεῖται.
3376 3001 3450 3054 Τὸ
3498 3001 3557 3053 δὲ
3601 3002 3830 3055 πάντων

2243 3099 2798 3170 κεφαλαιωδέστατον,
2821 3099 2901 3150 ὃτι
2938 3096 2971 3166 ή
3015 3093 3113 3164 μὲν
3145 3094 3296 3165 παρὰ
3316 3092 3393 3163 τῷ
3423 3093 3691 3164 Ματθαίῳ
3720 3112 3829 3147 πα-

2248 3190 2447 3263 ραϐολὴ
2474 3190 2618 3243 ένδον
2640 3191 2696 3241 ἐν
2724 3187 2801 3259 τῷ
2817 3186 2944 3257 ἱερῷ
2968 3185 3209 3249 λέλεκτο,
3235 3185 3369 3256 πρὸς
3386 3186 3513 3247 τοὺς
3530 3184 3831 3257 ἀρχιερέας

592 3294 712 3333 eum
746 3278 1053 3335 Servatore.
1089 3280 1225 3350 Ergo
1254 3279 1427 3334 Lucas
1456 3281 1535 3335 sic
1559 3280 1815 3349 praefatur
1845 3284 2140 3349 parabolae:

2247 3282 2339 3334 καὶ
2380 3278 2779 3350 πρεσϐυτέρους
2812 3276 2905 3330 τοῦ
2937 3274 3065 3329 λαοῦ
3104 3274 3484 3343 διαλεγομένου
3516 3273 3612 3327 τοῦ
3644 3274 3831 3344 Σωτῆ-

592 3383 780 3435 nempe
805 3365 983 3422 Jesum
1007 3370 1061 3422 in
1089 3370 1229 3423 mdes
1249 3370 1525 3438 cujusdam
1555 3384 1585 3423 e
1613 3368 1906 3424 Pharisaris
1934 3372 2143 3424 venisse

593 3467 651 3509 ut
706 3458 937 3511 Sabbato
981 3458 1157 3511 cibum
1197 3469 1478 3525 sumeret;
1528 3460 1625 3513 hos
1677 3471 1855 3514 autem
1907 3474 2140 3515 mentem

591 3548 665 3600 illi
703 3548 1013 3602 intendisse.
1046 3546 1179 3602 Tum
1220 3561 1407 3604 narrat
1453 3552 1732 3621 hydmpici
1786 3554 2021 3608 hominis
2048 3569 2146 3608 cu-

592 3639 881 3700 rationem,
908 3646 1071 3707 atque
1102 3641 1178 3694 uti
1226 3639 1385 3695 Jesus
1427 3643 1673 3698 docuerit
1718 3647 2008 3714 quominus
2036 3646 2144 3712 pri-

592 3744 707 3783 mos
742 3733 1019 3787 accubitus
1046 3733 1099 3787 in
1131 3734 1395 3789 conviviis
1422 3734 1713 3797 ambirent,
1774 3750 1948 3805 neque
2001 3736 2144 3789 invi-

591 3827 768 3873 tarent
792 3834 884 3875 eos
913 3837 941 3874 a
968 3823 1166 3891 quibus
1200 3824 1435 3877 vicissim
1488 3824 1750 3879 invitandi
1806 3826 2001 3887 forent.
2050 3826 2144 3879 sed

588 3922 686 3962 eos
710 3915 886 3978 petius
914 3914 1003 3980 qui
1045 3916 1375 3968 remunerari
1404 3914 1713 3982 nequirent.
1741 3917 1926 3981 Addit,
1956 3932 2145 3985 quem-

594 4001 714 4053 dam
744 4015 773 4055 e
799 4003 1257 4057 discumbentihus
1287 4007 1399 4058 hzec
1430 4005 1735 4058 audientem
1766 4006 1990 4073 dixisse,
2016 4005 2143 4060 Bea-

590 4102 675 4148 ιιι
702 4095 790 4162 qui
821 4110 1003 4160 partem
1030 4078 1258 4149 comedet
1288 4098 1343 4149 in
1373 4111 1528 4163 regno
1563 4095 1657 4148 Dei
1695 4096 1716 4149 .'
1754 4096 1934 4150 Jesum
1962 4107 2140 4153 autem

590 4183 669 4238 sic
690 4197 871 4237 oraum
892 4183 1031 4253 loqui
1053 4202 1066 4237 :
1089 4182 1260 4237 Homo
1289 4187 1499 4255 quidam
1523 4187 1645 4253 fecit
1664 4202 1859 4239 canant
1877 4204 2139 4255 magnam.

591 4273 766 4341 Atque
794 4273 865 4325 ita
892 4272 1065 4327 Lucas
1096 4285 1417 4343 prasentetn
1464 4278 1776 4343 parabolam
1824 4281 1985 4332 tradit
2019 4296 2143 4333 nar-

591 4372 763 4416 ratam
795 4378 823 4416 a
854 4363 1141 4420 Servatore
1171 4366 1220 4419 ei
1243 4366 1332 4435 qui
1360 4366 1589 4431 dixerat,
1617 4366 1814 4422 Beatus
1843 4372 1931 4438 qui
1957 4387 2142 4438 panem

592 4457 822 4509 comedet
861 4458 918 4509 in
950 4473 1106 4523 regno
1141 4458 1255 4511 Dei.
1289 4458 1468 4523 Quare
1496 4462 1716 4515 omnino
1750 4460 2143 4515 fateturdiver-

593 4559 706 4597 sam
736 4547 871 4599 hanc
898 4562 1017 4601 esse
1046 4563 1074 4600 a
1108 4551 1386 4615 superiore
1432 4549 1764 4616 parabolam.
1813 4550 1917 4604 Sed
1965 4563 2140 4605 tamen

2251 3391 2342 3444 ρος
2365 3390 2378 3403 ο
2405 3374 2437 3443 ή
2473 3370 2529 3423 δὲ
2730 3368 2809 3439 τῷ
2836 3369 3020 3437 Λουκᾷ
3045 3367 3137 3419 ἐπὶ
3164 3365 3265 3435 τῆς
3294 3365 3583 3428 Γαλιλαίας
3602 3367 3662 3419 ἐν
3680 3367 3833 3437 οίκίᾳ

2246 3465 2389 3527 τινος
2412 3464 2665 3533 ἄρχοντος
2683 3460 2973 3531 Φαρισαίου
2993 3458 3145 3527 ψιλὸν
3164 3458 3376 3511 δεῖπνον
3403 3460 3830 3522 κατασκευάζει,

2251 3555 2577 3625 ἐστιωμένου
2614 3552 2747 3622 παρ’
2784 3549 2933 3621 αὐτῷ
2962 3548 3055 3603 τοῦ
3096 3550 3364 3620 Σωτῆρος.
3396 3549 3663 3619 Προλέγει
3696 3550 3833 3618 γοῦν

2252 3648 2349 3717 τῆς
2386 3645 2750 3717 προκειμένης
2790 3642 3106 3715 παραϐολῆς
3149 3643 3177 3693 6
3225 3643 3440 3704 Λουκᾶς
3483 3640 3688 3694 ταῦτα·
3747 3644 3831 3695 ὅτι

2250 3736 2494 3808 εἰσῆλθεν
2522 3738 2602 3797 είς
2631 3732 2777 3788 οἶκόν
2803 3750 2947 3796 τινος
2960 3731 3250 3802 Φαρισαίου
3278 3729 3591 3800 ἐστιαθῆναι
3617 3733 3677 3783 ἐν
3696 3732 3834 3783 Σαδ-

2251 3829 2431 3899 δάτῳ·
2472 3827 2522 3880 οἱ
2548 3827 2604 3879 δέ
2637 3822 3044 3896 παρετηροῦντο
3076 3822 3257 3875 αὐτόν.
3296 3817 3431 3875 Εἶτα
3473 3820 3719 3885 διελθὼν,
3754 3824 3833 3886 ὡς

2250 3917 2553 3988 ὕδρωπικδν
2569 3914 2916 3985 ἐθεράπευσε,
2934 3915 3027 3967 καὶ
3046 3913 3121 3975 ὡς
3151 3909 3357 3976 ἐδίδαξε
3385 3912 3459 3981 μὴ
3483 3910 3581 3973 τάς
3611 3928 3832 3982 πρωτο-

2252 4006 2460 4069 κλισίας
2480 4007 2537 4057 ὲν
2552 4006 2661 4067 τοῖς
2675 4004 2908 4066 δείπνοις
2928 3999 3301 4071 μεταδιώκειν,
3330 3998 3465 4071 μηδὲ
3486 3998 3673 4052 καλεῖν
3701 4002 3831 4065 τοὺς

2248 4095 2712 4159 ἁντικαλέσοντας,
2732 4094 2867 4147 ἀλλά
2901 4094 3031 4156 τοὺς
3052 4091 3356 4145 ἀντιδοῦναι
3386 4092 3459 4164 μὴ
3475 4091 3832 4163 δυναμένους,

2259 4186 2532 4257 ἐπιφέρει,
2550 4187 2627 4240 ὅτι
2645 4184 2878 4247 ἀκούσας
2900 4200 2981 4246 τις
3008 4182 3118 4236 τῶν
3151 4182 3620 4253 συνανακειμένων
3654 4184 3832 4239 ταῦτα

2250 4274 2389 4341 εἶπε,
2406 4276 2700 4344 Μακάριος
2713 4274 2879 4340 ὅστις
2894 4273 3042 4345 φάγε
3049 4290 3141 4327 ται
3159 4272 3345 4343 ἄρτον
3357 4274 3428 4326 ἐν
3441 4272 3516 4341 τῇ
3535 4274 3831 4342 βασιλείᾳ

2254 4367 2356 4421 τοῦ
2369 4367 2515 4421 Θεοῦ
2531 4367 2549 4418 !
2578 4364 2701 4418 Ὀδὲ
2730 4361 2878 4417 εἶπεν
2910 4361 3073 4434 αὐτῷ·
3110 4365 3440 4432 Ἄνθρωπός
3464 4381 3551 4431 τις
3575 4365 3830 4433 ἐποίησε

2256 4460 2499 4513 δεῖπνον
2524 4457 2693 4527 μέγα.
2746 4456 2901 4509 Οὕτω
2928 4456 2971 4508 δ’
3007 4457 3035 4509 6
3061 4456 3273 4517 Λουκᾶς
3333 4455 3433 4525 τὴν
3468 4457 3827 4526 προτεθεῖσαν

2252 4548 2557 4623 παραϐολὴν
2573 4546 2873 4617 ἀνέγραψεν
2899 4545 3147 4616 εἰρῆσθαι
3168 4546 3274 4598 ὑπὸ
3292 4544 3385 4599 τοῦ
3410 4546 3661 4619 Σωτῆρος
3683 4550 3821 4621 πρὸς

593 4635 717 4702 quia
771 4651 837 4690 ne
892 4636 1001 4705 ipsa
1032 4640 1243 4706 quidem
1283 4655 1310 4691 τι
1345 4642 1601 4695 caelorum
1651 4656 1814 4709 regno
1868 4644 2142 4711 abhorret,

2247 4641 2335 4693 τὸν
2363 4639 2639 4711 εἰρηκότα,
2662 4636 2962 4702 Μακάριος
2990 4634 3159 4699 ὅστις
3173 4634 3417 4703 φάγεται
3436 4635 3621 4704 ἄρτον
3646 4640 3721 4692 ἐν
3746 4638 3823 4708 τῇ

592 4726 661 4780 de
695 4740 804 4796 quo
828 4731 1001 4791 omnis
1029 4729 1183 4783 nobis
1222 4731 1499 4783 institutus
1528 4747 1706 4786 sermo
1733 4742 1836 4794 est,
1870 4734 2148 4790 videamus

593 4830 754 4882 porro
778 4818 907 4887 quid
946 4819 1253 4888 signiﬁcent
1279 4824 1439 4873 etiam
1474 4836 1534 4875 ea
1573 4837 1689 4889 qua:
1725 4824 1775 4875 iu
1808 4824 1907 4876 hac
1946 4839 2145 4893 propo-

594 4918 814 4963 nuntur.
855 4909 1001 4963 Unus
1026 4910 1451 4964 recumbentium
1482 4922 1537 4965 et
1567 4914 1974 4968 convivantium
2022 4930 2146 4969 cum

593 4998 883 5055 Servatoro
934 5001 983 5051 in
1039 4999 1293 5055 Pharisaei
1371 5000 1573 5066 domo,
1638 5005 1977 5057 sermonibus
2030 5006 2147 5074 ejus

594 5100 910 5151 cummotus,
946 5090 1157 5143 beatum
1181 5091 1450 5145 exclamat
1485 5092 1630 5145 illum
1683 5095 1795 5148 fore
1827 5095 1919 5162 qui
1950 5095 2015 5147 ad
2052 5110 2147 5165 pa-

661 5227 772 5297 (65)
812 5227 1028 5297 Triplex
1077 5236 1159 5281 est
1202 5229 1304 5283 loci
1359 5228 1517 5294 hujus
1578 5229 1885 5295 Eusebiani,
1931 5234 2153 5289 mutatis

592 5296 978 5364 smpe'verhis,
1009 5310 1345 5365 excerptum.
1376 5299 1614 5351 Primum
1643 5300 1691 5351 in
1725 5303 2152 5367 praecedentibus

596 5367 835 5438 dedimus
882 5381 948 5419 ex
998 5379 1186 5420 catena
1216 5370 1470 5438 anonymi
1516 5373 1750 5421 auctoris
1781 5372 1831 5422 iu
1858 5375 2044 5423 codice
2088 5372 2148 5426 Β.

595 5436 833 5486 Alterum
867 5446 949 5489 est
1006 5438 1104 5490 hoc
1153 5436 1490 5503 excerptum,
1535 5454 1599 5491 ex
1641 5451 1825 5491 catena
1859 5440 2061 5493 Νιιτθιὲιιε
2096 5444 2148 5495 in

596 5506 779 5557 codice
800 5507 864 5558 A.
912 5505 1149 5559 Tertium
1179 5516 1259 5558 est
1292 5509 1342 5559 in
1374 5510 1559 5560 codice
1590 5508 1648 5569 E,
1687 5524 1749 5560 ex
1794 5521 1981 5563 catena
2019 5512 2146 5564 item

598 5570 811 5626 Macarii
853 5575 1295 5646 Chrysueepltali,
1352 5580 1441 5642 qui
1492 5592 1610 5629 cum
1659 5577 1837 5631 Niceta
1873 5582 2142 5646 ocugruit.

600 5651 950 5711 praeterquam
986 5644 1155 5707 initio,
1194 5647 1331 5711 quod
1358 5648 1425 5697 ita
1458 5662 1515 5697 se
1550 5644 2145 5710 Ιιτιιιιιιεῐῐολλοῖς⁷’τισιν

598 5707 739 5776 εδοξε
767 5707 863 5781 τὴν
893 5712 1058 5782 αὑτήν
1074 5707 1385 5784 παραϐολὴν
1408 5712 1542 5769 εἶναι
1566 5716 1765 5787 ταύτην
1782 5734 1838 5770 τε
1866 5707 1972 5788 τὴν
1994 5718 2147 5791 παρά

2247 4732 2531 4797 βασιλείᾳ
2547 4730 2650 4783 τοῦ
2683 4727 2849 4781 Θεοῦ·
2880 4727 3019 4780 ὥστε
3046 4726 3105 4792 ἐξ
3134 4726 3369 4791 ἅπαντος
3394 4728 3676 4799 ὁμολογεῖν
3711 4733 3829 4786 ἑτέ.

2256 4841 2351 4894 ραν
2400 4819 2536 4875 εἶναι
2570 4820 2771 4889 ταύτην
2811 4818 2958 4889 παρά
3007 4819 3104 4891 τὴν
3142 4820 3385 4892 πρώτην.
3439 4821 3591 4873 *Επεὶ
3633 4822 3690 4875 δὲ
3718 4824 3820 4880 οὐκ

2251 4915 2501 4985 ἀλλοτρία
2550 4913 2805 4983 τυγχάνει
2838 4912 2947 4964 οὐδ’
2973 4912 3110 4984 αὕτη
3139 4916 3238 4983 τῆς
3276 4912 3552 4982 βασιλείας
3577 4913 3689 4964 τῶν
3735 4915 3827 4967 ού-

2254 5006 2460 5077 ρανῶν,
2494 5006 2622 5075 περὶ
2646 5002 2711 5075 ἦς
2745 5006 2875 5073 ήμίν
2906 5005 2934 5056 6
2973 5006 3077 5067 πᾶς
3116 5004 3370 5075 ἐνέστηκε
3400 5004 3587 5071 λόγος,
3625 5005 3828 5076 ἴδωμεν

2253 5096 2302 5148 τί
2337 5097 2580 5167 βούλεται
2613 5094 2794 5147 καὶτά
2815 5092 2902 5147 διὰ
2926 5092 3125 5165 ταύτην
3152 5094 3473 5165 δηλούμενα.
3505 5093 3626 5147 Τῶν
3659 5112 3826 5149 συνα-

2253 5235 2330 5305 τῷ
2356 5235 2556 5304 Λουκᾷ,
2594 5234 2687 5305 καὶ
2716 5232 2816 5303 τήν
2847 5231 3397 5305 παράτῷ-Ματοαίῳ
3430 5234 3557 5302 περί
3595 5234 3689 5305 τονῦ
3727 5236 3825 5303 γά-

2259 5302 2357 5373 μου
2398 5302 2887 5373 διαλαμϐάνουσαν,
2932 5302 3035 5355 διὰ
3064 5303 3143 5373 τὸ
3201 5303 3293 5355 καὶ
3339 5306 3457 5355 ἐκεῖ
3490 5302 3827 5373 παραίτησιν

2254 5368 2361 5427 τῶν
2398 5368 2748 5443 κεκλημένων
2790 5372 3161 5442 εὑρίσκεσθαι.
3203 5374 3262 5424 ’0
3291 5373 3347 5425 δὲ
3378 5373 3451 5442 μὴ
3501 5368 3821 5443 παρέργως,

2252 5458 2357 5497 etc.
2395 5444 2758 5507 Compluribus
2785 5444 2949 5495 visunt
2978 5452 3075 5507 est,
3101 5445 3333 5494 eamdem
3367 5459 3479 5495 esse
3512 5447 3823 5506 parabolam

2253 5525 2362 5565 tum
2420 5529 2535 5579 quae
2582 5512 2719 5576 apud
2750 5510 2946 5563 Lucam
2996 5522 3104 5563 tum
3157 5526 3275 5579 qua:
3313 5515 3451 5577 apud
3509 5509 3825 5566 Hattlta'amt

2260 5586 2507 5635 recitatur
2540 5582 2603 5633 de
2640 5583 2853 5645 nuptiis,
2874 5582 2996 5649 quia
3026 5590 3076 5633 et
3098 5582 3150 5649 its
3181 5582 3279 5631 hac
3310 5583 3477 5633 altera
3510 5583 3815 5633 excusatio-

2264 5669 2377 5703 nem
2404 5663 2700 5702 vocatorum
2730 5648 3089 5715 comperimus.
3136 5648 3502 5705 Verumtamen
3526 5651 3617 5719 qui
3668 5651 3817 5705 haud

2268 5722 2618 5790 perfunctorie
2648 5719 2847 5785 studio,
2870 5728 2975 5775 etc.
