4062 6416
277 389 378 442 επ

1439 383 1944 441 COMMENTARIA
1982 380 2052 436 IN
2089 378 2350 436 LUCAM.

3420 379 3525 435 578

271 502 609 575 νεικειμένων
631 521 717 568 τις
748 503 826 574 τῷ
846 504 1058 574 Σωτῆρι
1086 505 1142 555 ὲν
1164 504 1231 572 τῇ
1262 500 1356 555 τοῦ
1379 500 1674 572 Φαρισαίου
1700 499 1847 569 οἰκίᾳ

1950 510 2075 551 nem
2097 492 2533 549 manducandum
2574 491 2627 545 in
2678 504 2849 562 regno
2890 489 2984 544 Dei
3028 489 3316 560 dignanter
3360 488 3527 545 fuerit

268 597 368 651 καὶ
410 596 875 666 συνεστιωμένων,
915 596 981 648 ὲκ
1021 594 1129 647 τῶν
1175 593 1336 647 αὑτοῦ
1379 592 1556 661 λόγων
1586 591 1846 663 κινηθεὶς,

270 686 569 759 μακαρίζει
599 688 689 740 τὸν
723 686 1262 757 καταξιωθησόμενον
1293 688 1484 753 φαγεῖν
1505 684 1667 755 ἄρτον
1697 686 1755 736 ὲν
1782 685 1848 754 τῇ

270 778 523 849 βασιλεία
560 778 654 831 τοῦ
704 777 858 829 Θεοῦ.
897 774 1061 847 Οἶμαι
1100 777 1145 830 δ’
1187 776 1349 829 αὑτὸν
1383 775 1539 828 τοῦτο
1573 775 1850 845 εἰρηκέναι

266 866 359 920 διὰ
400 869 463 921 τὸ
508 868 777 935 φάναιτδν
798 867 1026 939 Σωτῆρα
1057 866 1135 937 τῷ
1163 866 1451 936 κεκληκότι
1485 867 1849 935 αὐτόν-Ὅταν

267 963 433 1030 ποιῇς
481 959 718 1031 ἄριστον,
756 959 827 1031 μὴ
858 959 1142 1023 πλουσίους
1187 959 1361 1023 κάλει,
1400 958 1535 1011 ἀλλὰ
1578 959 1846 1028 πτωχοὺς,

268 1054 366 1106 καὶ
427 1054 692 1123 μακάριος
742 1052 860 1122 ἔσῃ.
903 1052 1047 1123 Πρὸς
1097 1050 1284 1103 τοῦτον
1334 1046 1425 1104 οὖν
1479 1067 1675 1121 φησιν’
1722 1052 1851 1103 Ἄν-

269 1146 503 1214 θρωπός
541 1161 632 1210 τις
657 1143 907 1211 damnive
926 1143 1171 1197 δεῖπνον
1186 1142 1360 1211 μέγα,
1395 1144 1490 1196 καὶ
1522 1144 1590 1196 τὰ
1616 1142 1762 1212 ἑξῆς.

408 1233 694 1301 Ἤρξαντο
723 1234 842 1288 ἀπὸ
866 1231 1011 1302 μιᾶς
1034 1234 1441 1301 παραιτεῖσθαι
1471 1233 1712 1297 πάντες.

361 1323 469 1377 Eni.
509 1322 571 1375 τὸ
598 1324 812 1391 λογικὸν
856 1322 1154 1393 συμπόσιον
1184 1323 1281 1375 οὐκ
1322 1323 1657 1392 ἀπήντησαν,
1692 1320 1849 1391 φιλή-

268 1415 411 1468 δονοι
447 1414 642 1484 μᾶλλον
686 1413 834 1475 ὄντες
881 1412 913 1481 ἢ
957 1412 1211 1480 φιλόθεοι,
1247 1412 1341 1464 καὶ
1368 1412 1470 1480 τῆς
1510 1410 1641 1480 ὒλης
1674 1411 1703 1479 ἢ
1756 1409 1848 1463 τοῦ

268 1504 429 1559 Θεοῦ·
462 1504 767 1575 φιληδονίας
799 1504 897 1573 μὲν
924 1503 1033 1574 γάρ
1064 1503 1259 1573 δεῖγμα
1284 1506 1441 1575 γυνή·
1476 1504 1644 1574 ἀγρὸς
1667 1504 1723 1556 δὲ
1756 1503 1850 1555 καὶ

270 1591 439 1661 ζεύγη
471 1593 569 1663 τῆς
602 1592 1091 1662 φιλοχρημοσύνης.
1127 1592 1362 1655 Πολλοὺς
1398 1592 1504 1662 μὲν,
1530 1589 1621 1645 οὖν
1650 1593 1851 1662 κεκλῆ-

269 1682 398 1736 σθαί
420 1700 550 1751 φησι
579 1684 670 1735 ἐπὶ
683 1683 745 1735 τὸ
771 1684 911 1753 μέγα
941 1683 1149 1736 δεῖπνον
1172 1684 1266 1736 καὶ
1286 1679 1346 1735 τδ
1370 1684 1489 1736 καθ’
1515 1684 1643 1754 ὅλης
1664 1684 1760 1753 τῆς
1775 1687 1851 1738 οί-

269 1792 371 1827 κου
379 1774 544 1843 μένης
561 1774 774 1841 λογικὸν
797 1775 1093 1845 συμπόσιον
1108 1775 1216 1827 τῶν
1240 1774 1399 1846 ιερῶν
1419 1776 1508 1828 καὶ
1527 1774 1683 1828 θείων
1709 1776 1849 1844 Γρα-

1951 586 2237 639 admissus.
2300 582 2437 637 Puto
2491 590 2671 635 autem
2736 580 2837 634 hoc
2892 577 3096 631 dictum
3155 574 3343 643 fuisse,
3398 576 3525 646 quia

1952 681 2212 736 Servalor
2242 677 2493 733 invitanti
2513 692 2571 733 se
2596 678 2809 730 dixerat
2837 692 2849 727 :
2878 674 3012 728 Cum
3059 671 3350 742 prandium
3381 672 3527 727 fece-

1951 774 2049 836 ris,
2077 771 2182 825 noli
2211 771 2405 824 divites
2433 781 2654 830 vocare,
2682 766 2777 821 scd
2799 780 3084 833 pauperes,
3117 774 3173 818 ut
3210 765 3403 818 beatus
3426 764 3525 818 sis.

1952 861 2089 917 Huic
2113 878 2245 933 ergo
2274 860 2605 929 respondens
2632 858 2709 911 ait
2746 873 2761 909 :
2816 854 2988 909 Homo
3013 858 3245 926 quidam‘
3256 855 3381 927 fecit
3414 870 3525 911 cc-

1950 971 2073 1007 nam
2107 968 2374 1023 magnam,
2404 960 2461 1006 et
2484 948 2713 1019 reliqua.

2202 1216 2251 1249 "
2287 1216 2566 1285 Coeperunt
2594 1214 2756 1268 simul
2776 1230 2955 1270 omnes
3004 1231 3275 1269 excusare.

2021 1306 2102 1361 Ad
2151 1307 2421 1363 rationale
2449 1307 2758 1361 convivium
2793 1323 2897 1360 non
2934 1317 3220 1373 venerunt,
3255 1309 3381 1376 quia
3430 1323 3526 1363 vo-

1950 1401 2213 1469 luptatum
2262 1400 2439 1467 potius
2468 1409 2631 1466 atque
2656 1400 2897 1453 materiae
2922 1414 3083 1467 quam
3123 1399 3217 1467 Dei
3249 1409 3543 1469 amatores

1949 1504 2126 1549 erant.
2162 1491 2295 1546 Nam
2329 1491 2625 1561 voluptatis
2653 1501 3034 1557 argumentum
3064 1505 3239 1554 uxor;
3271 1506 3402 1561 ager
3428 1505 3529 1544 au-

1953 1595 2060 1637 tem
2089 1599 2151 1637 ac
2180 1583 2368 1647 boves,
2402 1582 2664 1638 avaritite.
2697 1581 2893 1635 Multos
2938 1582 3119 1651 itaque
3148 1593 3368 1637 vocatos
3394 1582 3529 1637 dicit

1952 1676 2017 1727 ad
2077 1689 2327 1741 magnam
2386 1687 2621 1732 cmuam,
2671 1681 2725 1725 et
2774 1673 3037 1731 rationale
3083 1688 3180 1741 per
3212 1674 3524 1730 universum

1950 1763 2134 1815 orbem
2154 1761 2460 1815 convivium
2485 1774 2766 1813 sacrarum
2795 1774 2859 1812 ac
2884 1761 3192 1815 divinarum
3222 1760 3530 1831 Scriptura-

256 1864 411 1932 φῶν,
447 1865 520 1934 μὴ
564 1864 669 1934 μὴν
694 1866 821 1928 τοὺς
848 1865 1052 1929 πάντας
1076 1866 1175 1935 τῆς
1202 1866 1421 1936 χάριτος
1447 1866 1845 1936 ἐπιτυγχάνειν·

1952 1868 2093 1914 rum,
2138 1867 2243 1905 non
2300 1862 2478 1904 tamen
2524 1864 2711 1903 omnes
2750 1851 2925 1918 gratia
2972 1853 3159 1922 potiri,
3189 1869 3294 1923 qna
3347 1853 3525 1907 vocati

270 1956 690 2027 ἀποστερεῖσθαι
716 1958 825 2028 γὰρ
856 1958 1023 2026 αὐτῆς
1054 1957 1161 2010 τῶν
1188 1958 1536 2029 κεκλημένων
1567 1959 1691 2019 τοὺς
1723 1956 1849 2027 περὶ

268 2044 437 2115 ἱτερα
463 2046 884 2117 ἡσχολημένους.
914 2047 1195 2118 Περισπᾷν
1221 2046 1327 2119 γὰρ
1359 2048 1453 2100 καὶ
1473 2046 1724 2114 ἀφέλκειν
1751 2046 1850 2115 τῆς

269 2133 517 2204 κλήσεως
548 2136 645 2199 τὰς
692 2134 787 2188 τοῦ
832 2135 946 2205 βίου
994 2136 1277 2207 φροντίδας
1320 2136 1593 2189 διδάσκει·
1648 2134 1851 2197 ταύτας

267 2226 316 2279 δ’
338 2221 474 2279 εἶναι
494 2226 799 2297 διαφόρους·
822 2227 855 2296 ἢ
882 2226 990 2299 γάρ
1014 2230 1143 2299 περὶ
1161 2228 1230 2281 τά
1256 2230 1509 2299 κτήματα
1532 2228 1624 2280 καὶ
1649 2227 1851 2297 ἀγροὺς

268 2316 674 2387 ἀσχολούμενοι,
720 2316 891 2369 ταῦτα
923 2318 1021 2388 τῆς
1074 2318 1316 2389 κλήσεως
1362 2318 1874 2389 τ.ροτετιμήκασιν,.

267 2407 349 2469 ὡς
377 2408 813 2478 παραιτήσασθαι
839 2407 1109 2477 τολμῆσαι
1135 2408 1223 2462 διὰ
1246 2406 1418 2462 ταῦτα
1448 2407 1545 2478 τὴν
1572 2400 1783 2477 κλῆσινέ
1815 2409 1847 2479 ἢ

268 2499 402 2567 περὶ
446 2499 544 2561 τάς
574 2498 667 2552 τοῦ
710 2498 822 2568 βίου
869 2500 1251 2570 πραγματείας
1302 2499 1848 2572 ητατριῦόμενοιοῆ

265 2585 454 2657 δεσμῷ
496 2587 689 2657 γάμων
730 2586 825 2640 καὶ
873 2586 1079 2641 παίδων
1125 2587 1581 2658 ἐμπεπλεγμένον
1631 2589 1663 2659 ἦ
1711 2606 1851 2641 τισιν

266 2678 450 2740 ἄλλοις
496 2678 756 2742 τοιούτοις
803 2679 1195 2748 φροντίσμασιν
1223 2678 1603 2749 ήσχολημένοι.
1667 2678 1851 2732 Ταῦτα

265 2769 379 2839 γὰρ
412 2770 505 2821 καὶ
533 2768 758 2823 τοιαῦτα
789 2770 1016 2837 ἐπάγειν
1050 2769 1144 2822 καὶ
1190 2768 1494 2839 περιέλκειν
1525 2768 1684 2821 εἴωθε
1725 2770 1851 2832 τοὺς

264 2858 355 2912 διὰ
398 2858 572 2927 ταῦτα
600 2860 698 2929 τὴν
740 2860 899 2929 χάριν
945 2859 1326 2928 παραιτεῖσθαι
1372 2859 1708 2929 τολμῶντας,
1758 2861 1851 2912 καὶ

263 2948 360 3001 τὸν
386 2948 645 3019 κλήτορα,
675 2949 768 3001 καὶ
792 2948 852 3003 τὸ
879 2950 977 3019 τῆς
1009 2949 1201 3018 καινῆς
1235 2948 1497 3018 διαθήκης
1528 2949 1858 3017 συμπόσιον,

267 3039 361 3092 καὶ
386 3040 485 3107 τὴν
512 3038 734 3109 λογικὴν
760 3040 985 3110 τροφήνο
1015 3031 1087 3091 ὧν
1113 3040 1368 3092 ἁπάντων
1396 3039 1694 3109 ἐστέρησαν
1726 3041 1851 3092 ἐαυ-

263 3131 414 3191 τοὺς,
448 3129 589 3181 κατὰ
623 3130 722 3199 μὲν
754 3130 855 3200 τὴν
886 3128 1237 3182 ἀποδοθεῖσαν
1271 3130 1586 3201 ἑρμηνείαν,
1631 3131 1681 3183 οἱ
1713 3147 1845 3201 προ-

1953 1944 2233 2013 privantur
2287 1944 2413 2012 quia
2460 1942 2621 1995 rebus
2663 1940 2784 1994 aliis
2826 1956 3011 1995 curam
3056 1944 3392 2011 impendunt.
3434 1943 3528 1998 Et-

1960 2034 2103 2088 enim
2134 2035 2440 2087 distrahere
2476 2044 2640 2100 atque
2669 2042 2917 2086 avertere
2947 2049 2974 2085 a
3007 2034 3296 2089 vocatione
3325 2034 3527 2089 sollici-

1952 2126 2165 2179 tudines
2228 2125 2409 2178 mundi
2461 2125 2646 2184 docet,
2696 2138 2817 2193 qua:
2860 2124 3024 2179 variae
3065 2135 3235 2179 sunt:
3289 2142 3415 2181 nam
3442 2125 3527 2180 vel

1954 2216 2393 2284 possessionibus
2444 2216 2702 2284 agrisque
2750 2214 2966 2276 intenti,
3012 2230 3107 2270 eas
3138 2231 3224 2270 res
3250 2217 3527 2273 vocationi

1952 2308 2302 2371 anteferunt;
2340 2309 2411 2361 ita
2448 2317 2505 2360 ut
2549 2323 2818 2363 excusare
2866 2323 2925 2362 se
2975 2312 3152 2364 vocati
3190 2311 3395 2365 idcirco
3431 2299 3531 2365 au-

1954 2400 2138 2453 deant.
2173 2398 2265 2454 Vel
2302 2402 2428 2455 vitae
2486 2404 2718 2467 negotiis
2748 2412 3076 2465 atteruntur,
3101 2402 3183 2456 vel
3216 2405 3528 2473 nuptiarum

1952 2492 2336 2553 acrliberorum
2372 2493 2601 2547 vinculis
2642 2495 3013 2563 implicantur,
3049 2495 3132 2549 vel
3185 2496 3309 2549 aliis
3348 2494 3532 2565 hujus-

1953 2581 2098 2634 modi
2130 2581 2279 2634 curis
2322 2581 2489 2636 dediti
2512 2594 2660 2637 sunt.
2689 2584 2811 2637 Haec
2828 2585 2970 2638 cnim
3003 2595 3055 2639 et
3086 2586 3188 2638 alia
3221 2583 3529 2653 huiusmodi

1952 2672 2225 2725 abducere
2254 2687 2316 2726 ac
2343 2672 2651 2728 distrahere
2696 2675 2871 2729 solent
2921 2691 3013 2731 eos
3041 2678 3133 2745 qui
3175 2678 3404 2746 gratiam
3436 2692 3529 2733 re-

1959 2764 2211 2831 pudiare,
2237 2777 2660 2833 vocantemque,
2694 2782 2793 2822 nec
2842 2782 2949 2822 non
2990 2768 3113 2821 novi
3146 2766 3365 2822 fmderis
3398 2782 3529 2822 con-

1951 2852 2176 2916 vivium,
2232 2863 2287 2907 et
2329 2855 2755 2912 intellectualem
2809 2874 3021 2920 escam.
3072 2859 3291 2912 audent.
3320 2860 3531 2925 Quibus

1951 2944 2205 2998 onmibus
2237 2956 2407 2998 semet
2438 2949 2788 3011 orhavernnt,
2817 2949 3114 3004 secundum
3146 2950 3285 3003 hanc
3308 2950 3529 3018 quidem

1953 3034 2483 3102 interpretationem,
2521 3039 2556 3091 ii
2590 3039 2683 3107 qui
2715 3040 2928 3094 cmlesti
2960 3041 3232 3095 vocationi
3279 3040 3532 3110 jucundi-

1956 3136 2093 3179 tates
2146 3127 2303 3195 hujus
2347 3130 2531 3182 mundi
2573 3130 2946 3199 prmtulerunt,
2981 3112 3199 3183 divitias
3241 3131 3526 3195 nimirum,

263 3223 596 3291 τιμήσαντες
759 3194 1008 3289 οὐρανίου
1044 3222 1285 3291 κλήσεως
1302 3194 1385 3273 -τά
1403 3194 1556 3291 ⁷ἡδέα
1582 3219 1676 3272 τοῦ
1704 3194 1842 3291 πάρ-

1954 3217 2169 3284 negotia
2203 3227 2256 3269 et
2315 3220 2564 3287 nuptias;
2623 3236 2853 3287 quorum
2905 3235 3067 3273 causa
3118 3208 3347 3289 gratiam
3380 3235 3531 3275 recu-

262 3312 418 3374 ὀντος
479 3312 615 3381 βίον,
667 3313 894 3365 πλοῦτον
943 3313 1144 3383 δηλαδὴ
1190 3314 1284 3365 καὶ
1327 3313 1709 3382 πραγματείας
1757 3313 1848 3365 καὶ

264 3402 467 3472 γάμον,
520 3404 613 3455 καὶ
652 3404 740 3456 διὰ
786 3401 957 3455 ταῦτα
1002 3405 1100 3473 τὴν
1143 3403 1301 3473 χάριν
1344 3404 1844 3472 παραιτησάμενοι·

264 3493 410 3547 κατά
435 3493 479 3544 δ’
514 3494 702 3564 ἑτέραν
742 3494 966 3563 ἐκδοχὴν
990 3496 1038 3547 oi
1068 3493 1273 3564 πρῶτοι
1294 3492 1394 3561 τῆς
1419 3493 1663 3562 κλήσεως
1690 3493 1850 3561 ἠξιω-

270 3585 445 3655 μένοι,
479 3579 621 3637 οὖτοι
647 3585 691 3637 δ’
721 3579 860 3655 ἦσαν
882 3586 929 3636 oi
960 3586 1023 3637 ὲκ
1054 3583 1378 3654 περιτομῆς,
1404 3584 1453 3635 οἳ
1485 3584 1549 3653 δὴ
1582 3584 1847 3652 προφάσει

264 3675 369 3745 τῆς
395 3676 525 3745 περὶ
570 3675 632 3727 τὸ
664 3678 907 3745 κρεῖττον
955 3675 1207 3745 ἀσχολίας
1240 3673 1339 3744 τὴν
1376 3673 1565 3745 κλῆσιν
1598 3674 1844 3744 ὖὸρισαν.

276 3763 366 3825 Ὦς
394 3764 501 3833 γὰρ
541 3762 753 3833 ἔχοντες
797 3765 997 3835 ἀγροὺς
1042 3765 1112 3818 τά
1159 3766 1285 3835 παρ’
1330 3765 1510 3827 αὐτοῖς
1559 3763 1846 3834 ἀμφιλαφῆ

263 3854 688 3924 ἀναγνώσματα,
713 3857 807 3908 καὶ
829 3855 903 3919 ὡς
928 3854 1053 3925 βόας
1077 3856 1348 3926 ἀροτῆρας
1372 3855 1697 3925 κεκτημένοι
1724 3855 1849 3917 τοὺς

264 3946 398 4016 παρ’
432 3945 613 4009 αὐτοῖς
642 3946 945 4017 προφήτας,
975 3946 1069 4000 καὶ
1105 3945 1179 4007 ὡς
1218 3944 1283 3998 ἂν
1318 3946 1479 4016 σοφίᾳ
1520 3945 1626 3999 τινὶ
1654 3939 1741 3997 οἷα
1782 3944 1846 4017 δὴ

264 4038 489 4105 γυναικὶ
538 4036 913 4106 συμϐιοῦντες,
960 4038 1059 4107 τὴν
1096 4036 1457 4106 εὐαγγελικὴν
1492 4029 1847 4104 έξευτέλισαν

264 4128 445 4198 χάριν.
469 4158 538 4168 -
584 4129 801 4199 Ἐπειδὴ
831 4129 889 4181 δὲ
914 4125 1054 4199 ἦσαν
1083 4128 1225 4183 οὕτω
1250 4133 1441 4199 παχεῖς
1469 4130 1567 4200 τὴν
1597 4130 1844 4201 καρδίαν,

264 4219 539 4287 ἐξυφαίνει
574 4220 886 4293 παραϐολὴν
909 4221 1273 4292 ἀποχρώντως
1299 4222 1526 4292 ἔχουσαν
1554 4224 1633 4286 είς
1666 4223 1845 4293 παρά-

261 4310 429 4375 δειξιν
462 4311 562 4380 τῆς
589 4314 673 4365 ἐπ’
705 4314 887 4376 αὐτοῖς
913 4313 1174 4384 ἐσομένης
1195 4313 1505 4382 οἰκονομίας
1532 4330 1545 4342 ο
1580 4313 1714 4385 πρὸς
1736 4314 1847 4385 γὰρ

262 4402 327 4456 τὸ
352 4402 640 4472 μακάριος
662 4406 774 4472 ἐστι
804 4404 1145 4468 ἀποϐλέπων,
1193 4405 1289 4457 καὶ
1334 4405 1466 4475 πρὸς
1496 4404 1558 4457 τὸ
1588 4405 1845 4458 ἀνταπο-

263 4492 585 4559 δοθήσεται
611 4510 709 4549 σοι
749 4498 818 4549 ὲν
850 4495 924 4564 τῇ
962 4494 1296 4550 ἀναστάσει
1340 4495 1459 4549 τῶν
1499 4496 1764 4559 δικαίων,
1813 4498 1841 4549 6

264 4586 714 4656 συνανακείμενος
741 4587 1031 4658 μακαρίζει
1052 4588 1143 4640 τὸν
1170 4586 1438 4656 μέλλοντα
1455 4586 1838 4653 καταξιώσθαι

262 4676 359 4731 τοῦ
392 4679 449 4730 ὲν
474 4681 539 4749 τῇ
572 4677 814 4751 βασιλείᾳ
863 4681 1048 4751 άρτου.
1098 4675 1264 4743 οὗτος
1301 4678 1357 4731 δὲ
1398 4674 1467 4748 ἦν
1495 4680 1523 4731 6
1555 4680 1673 4732 κατ’
1721 4680 1846 4730 ἀντ-

262 4765 517 4821 απόδοσιν
549 4767 648 4837 τῆς
680 4769 759 4831 είς
786 4769 911 4832 τοὺς
938 4770 1184 4838 πτωχοὺς
1230 4766 1656 4838 φιλανθρωπίας,
1690 4768 1747 4819 ὲν
1774 4770 1839 4837 τῇ

262 4856 553 4910 ἀναστάσει
578 4857 686 4911 τῶν
712 4858 934 4911 δικαίων
967 4858 1429 4927 ἁποδοθησὸμενος
1476 4856 1553 4926 τῷ
1605 4874 1844 4928 μακαρι-

262 4946 496 5017 ζομένῳ,
521 4946 623 5016 τῆς
654 4949 998 5013 ἀναστάσεως
1026 4950 1119 5002 καὶ
1146 4950 1246 5019 τῆς
1260 4946 1365 5001 «οὗ
1393 4947 1527 5000 Θεοῦ
1562 4947 1833 5016 βασιλείας

264 5038 395 5109 μιᾶς
438 5038 655 5107 καὶτῆς
687 5038 855 5107 αὐτῆς
888 5039 1197 5108 νοουμένης.
1232 5038 1375 5108 Πρὸς
1422 5033 1515 5090 οὖν
1547 5038 1637 5090 τδν
1683 5039 1834 5108 εἰρη-

1950 3319 2159 3362 Sarunt.
2209 3306 2517 3362 Secmnlum
2587 3310 2749 3363 aliam
2821 3326 2952 3363 vero
2998 3310 3525 3379 interpretationem,

1950 3402 2159 3467 priores
2194 3400 2265 3451 illi
2302 3401 2590 3469 dignanter
2608 3402 2805 3462 vocati,
2841 3402 2891 3453 id
2919 3411 2995 3455 est
3030 3401 3261 3468 populus
3284 3400 3528 3453 circ-um-

1949 3490 2115 3551 cisus,
2148 3491 2237 3557 qui
2291 3491 2537 3545 melioris
2592 3492 2820 3546 instituti
2876 3501 3137 3561 praetextu
3186 3492 3527 3545 vocationem

1948 3592 2294 3648 spreverunt.
2351 3580 2484 3634 Nam
2537 3584 2694 3651 quasi
2748 3596 2910 3652 agros
2974 3583 3237 3637 haberent
3279 3582 3528 3650 copiosas

1948 3688 2075 3727 suas
2100 3672 2435 3741 Scripturas,
2457 3683 2513 3727 et
2545 3674 2705 3727 boum
2731 3675 3002 3727 arantium
3030 3674 3203 3726 instar
3233 3673 3524 3741 prophetas

1949 3778 2094 3823 suos,
2125 3774 2180 3818 et
2212 3780 2332 3816 cum
2361 3765 2635 3835 sapientia
2682 3781 2780 3819 sua
2816 3765 2984 3820 veluti
3032 3780 3204 3820 uxore
3234 3767 3526 3820 conviven-

1950 3865 2051 3919 tes,
2080 3856 2446 3923 evangelicum
2479 3856 2708 3925 gratiam
2738 3858 3096 3926 despueruut.
3126 3888 3197 3897 -
3222 3857 3359 3922 Quia
3398 3871 3530 3911 vero

1956 3956 2239 4014 tantopere
2287 3948 2406 4001 rudi
2450 3948 2613 4001 corde
2659 3958 2837 4011 erant,
2880 3948 3383 4016 nectitparabulam
3416 3947 3528 4003 ido-

1953 4052 2113 4090 neam
2147 4037 2575 4092 demonstrando
2631 4036 2867 4091 futuram
2903 4039 3042 4107 apud
3089 4039 3235 4109 ipsos
3259 4040 3526 4108 gerenda-

1950 4144 2067 4182 rum
2098 4145 2277 4183 rerum
2304 4131 2592 4185 rationem.
2625 4128 2869 4197 Namque
2912 4130 2977 4184 ad
3013 4130 3101 4183 illa
3128 4132 3291 4184 verba
3339 4130 3525 4185 beatus

1946 4220 2050 4271 eris
2098 4230 2261 4287 atque
2296 4220 2361 4273 ad
2415 4220 2504 4273 illa
2537 4221 2855 4274 retribuetur
2890 4222 2987 4276 tibi
3040 4222 3096 4274 in
3139 4221 3527 4275 resurrectione

1938 4309 2224 4377 justorum,
2267 4311 2563 4380 respiciens
2592 4313 2839 4378 conviva,
2877 4313 3103 4381 [beatum
3136 4310 3375 4382 appellat
3398 4326 3523 4367 eum

1944 4401 2036 4469 qui
2076 4401 2129 4453 in
2160 4417 2322 4472 regno
2349 4402 2543 4471 dignus
2575 4404 2845 4459 eritvesci
2891 4418 3049 4471 pane.
3090 4402 3260 4457 Porro
3320 4403 3411 4459 hic
3446 4403 3525 4458 iu-

1947 4492 2211 4560 teiiigitur
2245 4492 2336 4559 qui
2368 4493 2580 4547 dandus
2599 4493 2702 4547 erit
2735 4494 3116 4548 remunerandi
3161 4509 3324 4549 causa
3370 4495 3525 4549 beni-

1946 4585 2206 4653 gnitatem
2238 4586 2566 4657 pauperibus
2612 4586 2909 4640 exhibitam
2948 4606 2963 4653 ;
2998 4590 3203 4657 quique
3242 4589 3295 4641 in
3345 4603 3521 4644 resur-

1946 4676 2185 4731 rectione
2216 4676 2488 4745 justorum
2528 4676 2909 4731 retribuendus
2929 4685 3011 4733 est
3036 4679 3200 4734 beato
3222 4679 3341 4734 illi:
3394 4694 3519 4735 nam

1944 4768 2275 4823 resurrectio
2323 4768 2464 4823 idem
2507 4782 2628 4822 esse
2681 4766 3001 4837 intelligitur
3040 4785 3105 4825 ac
3148 4785 3372 4840 regnum
3402 4772 3516 4826 Dei.

1945 4858 2154 4912 Dicenti
2184 4874 2333 4929 ergo,
2370 4860 2567 4914 Beatus
2606 4864 2696 4935 qui
2732 4864 3015 4916 manducet
3042 4878 3230 4924 partem
3262 4863 3316 4916 in
3359 4878 3521 4933 regno

1942 4946 2063 5008 Dei,
2115 4952 2422 5016 parabolaun
2472 4955 2697 5024 exponit
2728 4955 2987 5009 Servator
3023 4956 3230 5008 docens
3266 4954 3519 5022 quisnam

1941 5038 2013 5091 sit
2045 5039 2134 5093 ille
2163 5043 2374 5097 beatus.

260 5129 416 5191 κότα,
440 5127 734 5197 Μακάριος
764 5128 927 5194 ὅστις
963 5130 1205 5198 φάγεται
1238 5129 1421 5196 ἄρτον
1462 5128 1532 5181 ἐν
1566 5126 1642 5197 τῇ
1673 5129 1962 5196 βασιλείᾳ
2000 5132 2105 5186 τοῦ
2131 5134 2300 5199 Θεοῦ,
2352 5136 2435 5199 τίς
2466 5137 2531 5191 ἂν
2561 5138 2773 5207 γένοιτο
2822 5128 2978 5201 οὗτος
3015 5139 3044 5193 6
3094 5137 3383 5209 μακάριος,
3427 5129 3519 5195 διὰ

257 5221 362 5290 τῆς
390 5219 700 5290 παραϐολῆς
724 5221 752 5273 6
784 5220 971 5291 Σωτὴρ
1005 5222 1351 5292 παρίστησιν.

343 5312 561 5382 Ἐπειδὴ
608 5313 788 5366 τοίνυν
832 5313 1135 5383 ικλήθησαν
1191 5313 1375 5365 πολλοὶ
1422 5314 1502 5375 είς
1539 5313 1599 5365 τὸ
1654 5312 1833 5366 πάντα

256 5405 451 5474 ῑτοιμα
481 5403 643 5475 φέρον
682 5404 892 5457 δεῖπνον
923 5404 1057 5474 (τῆς
1082 5404 1187 5474 γάρ
1219 5405 1491 5473 βασιλείας
1514 5404 1679 5469 ἀξίως
1700 5407 1729 5457 6
1756 5406 1834 5457 οἰ-

2008 5314 2273 5381 Quoniam
2318 5314 2501 5384 itaque
2552 5316 2727 5367 vocati
2769 5325 2897 5370 sunt
2943 5318 3097 5371 multi
3144 5318 3211 5371 ad
3263 5328 3513 5387 paratam

1940 5419 2149 5460 casnam
2208 5407 2355 5473 (nam
2392 5422 2489 5474 pro
2516 5408 2780 5476 dignitate
2813 5409 2965 5476 regni
3001 5410 3083 5463 sui
3122 5408 3515 5475 paterfamilias

256 5496 588 5566 κοδεσπότης
616 5496 675 5549 τὸ
706 5496 945 5549 τοιοῦτον
979 5499 1123 5548 ποιεῖ
1148 5496 1418 5567 δεῖπνον),
1450 5496 1833 5567 παρῃτήσαντο

1950 5511 2149 5552 ῑωηςιιη
2180 5498 2488 5566 bujusmodi
2520 5499 2700 5565 facit),
2730 5501 2821 5555 sed
2854 5502 3091 5570 gratiam
3126 5501 3512 5570 repudiarunt,

253 5588 313 5643 δὲ
338 5588 437 5660 τὴν
463 5588 641 5659 χάριν,
671 5589 798 5660 περὶ
825 5588 922 5660 μὲν
942 5586 1146 5642 τούτων
1176 5588 1449 5657 ἀπόφασις
1486 5587 1834 5659 ἐξενήνεκται

1950 5588 2007 5649 de
2032 5588 2117 5645 his
2144 5588 2253 5643 lata
2282 5590 2553 5645 sententia
2607 5590 2711 5646 fuit
2757 5591 3023 5675 dicendo:
3052 5588 3338 5647 Neminem
3367 5592 3519 5648 viro-

329 5791 374 5823 "
403 5789 534 5846 Luc.
569 5803 676 5857 xtv,
709 5789 793 5845 18.
