4062 6412
609 390 714 467 s’n

1289 393 1558 454 EUSEBII
1593 381 2065 448 CESARIENSIS
2098 371 2250 439 OPP.
2290 372 2471 433 PARS
2506 372 2596 430 111.
2635 404 2706 415 -
2741 366 3149 427 EXEGETICA.

616 544 734 586 rum
761 526 973 583 illorum
999 519 1088 591 qui
1116 517 1291 581 vocati
1322 515 1491 577 fuere,
1521 519 1577 566 et
1608 510 1677 565 ob
1698 523 1762 564 au
1774 522 1834 562 as
1858 503 2155 561 mundanas

2261 499 2289 568 ή
2346 496 2563 567 φήσασα
2611 493 2728 546 δτι·
2774 488 2961 551 Οὐδεὶς
3011 486 3120 540 τῶν
3175 482 3386 556 ἀνδρῶν
3438 480 3665 536 ἑκείνων
3718 480 3834 534 τιῖιν

612 615 1000 688 occupationes
1044 610 1379 671 recu'savere,
1429 614 1638 683 caenam
1693 612 1867 653 meam
1914 600 2156 665 gustatu-

612 678 773 766 rum':
808 706 945 761 alios
973 678 1175 765 autem,
1212 700 1403 753 borum
1445 678 1580 756 loco,
1628 692 1751 745 vita:
1804 686 2037 757 negotiis
2062 682 2155 737 mi-

610 800 755 857 nime
777 796 1086 867 implicitos,
1110 791 1299 861 dignos
1331 784 1575 841 habitum
1607 782 1671 834 iri
1693 780 1769 834 ait
1789 780 1942 834 beata
1970 787 2153 838 cana,

610 901 802 955 nempe
832 862 1088 956 pauperes
1117 876 1374 947 quosdam
1403 883 1458 926 et
1489 885 1659 925 caecos
1692 877 1745 921 et
1783 865 2017 927 mutilos,
2063 862 2153 930 qui

609 955 878 1032 vocationi
929 986 1030 1026 non
1082 967 1392 1021 restiterunt
1430 976 1445 1025 ;
1490 960 1617 1029 quia
1664 955 2152 1028 nequeemebant,

612 1081 787 1139 neque
831 1061 1154 1119 vendebant,
1201 1068 1375 1120 neque
1421 1052 1622 1119 nuptiis
1666 1061 1886 1117 Operam
1930 1044 2151 1107 dabant,

614 1132 785 1226 nerine
840 1153 946 1209 alio
991 1147 1231 1219 quolibet
1290 1142 1507 1213 negotio
1553 1138 2014 1197 distrahebantur,
2061 1132 2155 1187 sed

611 1220 860 1317 prompte
904 1238 1257 1317 expediteque
1325 1231 1557 1303 gratiam
1602 1227 1951 1281 admiserunt.
2009 1220 2156 1289 Quos

612 1304 890 1397 invita-tor,
922 1304 1095 1397 primo
1124 1304 1337 1393 quidem
1368 1318 1667 1373 incolumes
1695 1314 1878 1375 faciet,
1901 1312 2025 1381 quia
2076 1309 2155 1364 ra-

608 1425 711 1481 cile
739 1436 951 1479 omnem
972 1419 1211 1473 morbum
1226 1424 1385 1481 atque
1412 1413 1718 1479 languorem
1747 1415 1923 1460 sanat.
1957 1401 2158 1457 Deinde

608 1527 716 1571 etc.
758 1516 887 1581 Qua:
929 1510 1107 1566 omnia
1157 1505 1257 1560 sibi
1309 1502 1703 1557 interdixerunt
1731 1501 2044 1550 recusantes
2080 1488 2155 1544 illi

608 1605 847 1661 Iudaica:
882 1614 1161 1673 synagoga-
1205 1596 1470 1665 principes
1519 1611 1533 1658 ;
1575 1602 1803 1660 quorum
1852 1586 1972 1640 loco
2008 1581 2157 1651 plebs

611 1698 880 1767 morigera
908 1670 1027 1759 run,
1054 1706 1173 1761 quae
1196 1689 1251 1741 in
1292 1686 1485 1755 plateis
1509 1683 1679 1745 urbis,
1703 1691 1893 1745 nempe
1924 1675 1977 1729 in
2002 1670 2159 1745 legali

614 1762 820 1859 politis,
852 1784 1083 1838 vivebat.
1117 1809 1186 1821 --
1206 1778 1457 1833 Fortasse
1508 1783 1684 1827 autem
1710 1769 1796 1823 his
1823 1762 2155 1828 hominibus,

610 1853 855 1935 ethnicos
892 1876 1147 1933 denotare
1174 1869 1406 1934 volabat,
1428 1866 1518 1935 qui
1557 1864 1622 1916 ad
1651 1860 1766 1931 ejus
1794 1853 2156 1926 magisterium

608 1982 762 2027 erant
791 1965 1085 2022 aceessuri.
1119 1961 1183 2016 lli
1216 1970 1372 2015 antea
1406 1955 1701 2013 idololatra
1724 1962 1901 2014 erant,
1930 1959 2161 2017 quorum

611 2050 819 2115 animas
839 2056 963 2111 mali
978 2056 1245 2109 demones
1266 2051 1592 2103 vitiaverant
1610 2060 1624 2108 ;
1641 2054 1776 2111 quos
1796 2044 2161 2093 consentanee

611 2149 910 2207 imitationi
928 2161 1035 2201 sua!
1049 2142 1345 2212 suscipiens
1358 2138 1693 2196 convivator,
1707 2132 1933 2201 primum
1945 2127 2161 2197 quidem

621 2254 784 2298 sanos
796 2237 1191 2303 incolumesque
1209 2227 1683 2290 eﬂiciet,coelorum
1696 2220 1879 2276 oculos
1892 2230 2161 2280 reserans,

609 2328 779 2388 omini
810 2326 996 2381 morbo
1032 2324 1284 2390 omnique
1318 2318 1557 2388 languori
1594 2314 1888 2366 animarqu
1927 2309 2161 2377 ipsorum

611 2421 856 2484 medens;
887 2414 1281 2472 deindeiisdem
1313 2408 1606 2479 spiritalem
1636 2416 1843 2458 canam
1869 2397 2159 2454 exhibebit.

611 2508 776 2565 Primi
808 2509 988 2576 itaque
1030 2504 1202 2559 vocati
1242 2509 1368 2556 sunt
1414 2493 1742 2557 circumcisi,
1775 2492 1863 2560 qui
1907 2490 2163 2543 adversus

612 2600 841 2671 gratiam
880 2592 1250 2651 contumeliosi
1289 2590 1525 2645 luerunt.
1574 2583 1803 2639 Secundi
1850 2580 2163 2649 alienigenas

612 2688 838 2753 ethnici,
866 2687 954 2756 qui
1001 2693 1155 2738 antea
1186 2694 1325 2734 caeca
1363 2687 1539 2731 mente
1580 2683 1755 2737 erant,
1785 2681 1841 2726 et
1886 2671 2084 2734 mutili,
2109 2675 2165 2720 et

611 2782 805 2843 claudi.
837 2795 903 2835 ac
935 2776 1088 2840 muti,
1116 2775 1205 2845 qui
1232 2774 1391 2828 etiam
1429 2772 1680 2825 alacriter
1700 2767 2158 2836 obtemperarunt.

610 2872 729 2929 ιω
773 2872 826 2925 in
868 2869 1056 2940 plateis
1098 2875 1395 2926 versantes,
1430 2863 1462 2915 ii
1489 2859 1740 2915 credendi
1788 2864 1913 2911 sunt
1940 2853 2030 2922 qui
2057 2852 2163 2905 lata

611 2962 928 3035 perditionis
959 2960 1040 3013 via
1080 2959 1348 3019 incedunt,
1387 2961 1442 3007 et
1475 2952 1591 3007 sine
1624 2948 1872 3003 doctrina
1906 2943 2165 3014 dogmati-

610 3033 779 3112 busve
804 3054 1009 3105 vivunt.
1042 3046 1177 3102 Tum
1207 3047 1433 3099 latentes
1461 3044 1512 3096 in
1546 3041 1774 3110 angulis,
1808 3038 1843 3091 ii
1884 3038 1975 3105 qui
2020 3033 2165 3088 mali-

2253 586 2630 657 κεκλημένων,
2670 582 2765 637 καὶ
2799 580 2884 634 διά
2921 580 3019 643 τὰς
3068 577 3327 648 βιωτικάς
3377 573 3633 645 ἀσχολίας
3682 590 3836 643 παρ-

2252 676 2659 748 αιτησαμένων,
2716 670 3135 742 γεύσεταίἹμου
3180 667 3276 722 τοῦ
3322 666 3570 721 δείπνου·
3603 663 3834 734 ἑτέρους

2251 768 2296 822 δ’
2338 767 2458 821 ἀντὶ
2500 765 2702 819 τούτων
2736 764 2864 826 τοὺς
2902 761 2976 831 μὴ
3006 757 3545 832 περιπεπλεγμένους
3575 755 3705 818 ταῖς
3733 752 3834 807 τοδ

2254 858 2369 929 βίου
2408 855 2798 929 πραγματίαις,
2829 849 3326 921 κατοξιωθήσεσθαί
3353 864 3485 918 φησι
3515 844 3609 899 τοῦ
3641 862 3797 915 μακα
3820 876 3833 886 -

2255 951 2374 1022 ρίου
2398 948 2635 1011 δείπνου,
2670 943 2915 1017 πτωχούς
2951 958 3102 1006 τινας
3124 940 3220 995 καὶ
3240 939 3474 1008 τυφλοὺς
3495 936 3593 990 καὶ⁸
3616 936 3834 1005 ἀναπήο

2258 1057 2403 1112 ρους,
2447 1040 2573 1103 τοὺς
2605 1037 2869 1109 μηδαμῶς
2903 1032 3417 1107 παραιτησαμένους
3462 1030 3561 1100 τῆν
3607 1026 3827 1096 κλῆσιν,

2252 1131 2341 1187 διά
2361 1132 2421 1185 τὸ
2447 1132 2585 1201 μήτε
2610 1128 2921 1201 ἀγοράζειν,
2960 1127 3092 1197 μήτε
3111 1123 3464 1195 πιπράσκειν,
3495 1121 3634 1191 μήτε
3660 1117 3835 1187 γάμῳ

2256 1222 2554 1295 σχολάζειν,
2587 1219 2713 1290 μήθ’
2741 1219 2831 1287 ὑφ’
2870 1217 3071 1288 ἑτέρων
3109 1211 3273 1267 τινῶν
3308 1210 3567 1265 τοιούτων
3606 1206 3829 1279 περιέλ-

2254 1313 2462 1378 κεσθαι,
2496 1310 2788 1382 προθύμως
2814 1308 2871 1363 δὲ
2906 1308 3001 1361 καὶ
3038 1304 3269 1377 ἑτοίμως
3298 1300 3696 1371 καταδέχεσθαι
3726 1300 3833 1369 τὴν

2255 1402 2433 1475 χάριν·
2462 1400 2555 1464 οὓς
2585 1400 2614 1452 ό
2646 1396 2879 1459 καλέσας
2906 1394 3120 1466 πρῶτον
3145 1393 3245 1464 μιν
3269 1393 3438 1460 ὑγιεῐς
3465 1390 3829 1458 καταστήσει,

2254 1490 2367 1558 οἷός
2396 1510 2457 1546 τε
2483 1491 2558 1545 ὢν
2589 1489 2785 1563 ῥᾳδίως
2816 1489 2996 1541 πᾶσαν
3027 1486 3179 1541 νόσον
3208 1484 3304 1538 καὶ
3332 1485 3511 1536 πᾶσαν
3549 1479 3833 1551 μαλακίαν

2256 1583 2595 1656 θεραπεύειν·
2632 1581 2839 1645 ἒπειτα,
2876 1588 2983 1633 etc.
3021 1576 3103 1647 (ut
3126 1574 3229 1629 col.
3252 1574 3402 1640 573).
3433 1566 3532 1624 Ὧν
3568 1568 3834 1624 ἁπάντων

2257 1676 2554 1745 ἐστέρησαν
2582 1671 2805 1733 ἑαυτοὺς
2830 1670 2879 1721 oi
2907 1664 3393 1738 παραιτησάμενοι,
3416 1658 3516 1731 τῆς
3557 1659 3834 1714 Ἰουδαίων

2260 1762 2580 1833 συναγωγῆς
2606 1764 2655 1815 oi
2686 1761 2959 1831 ἄρχοντες·
2998 1756 3114 1826 μεθ’
3149 1756 3244 1819 οὓς
3276 1755 3310 1825 η
3340 1752 3548 1824 πληθὺς
3580 1749 3832 1823 ὑπήκουέ

2187 1826 2232 1881 Β
2260 1874 2373 1920 σεν,
2532 1826 2812 1915 πλατείαις
2844 1848 3049 1912 πόλεως
3082 1848 3149 1917 τῇ
3185 1844 3326 1899 κατὰ
3370 1845 3533 1914 νόμον
3579 1842 3833 1912 πολιτεία

2260 1946 2427 2010 ζῶσα.
2457 1976 2525 1985 -
2545 1943 2697 2013 Τάχα
2717 1941 2775 1995 δὲ
2794 1938 2885 1993 διὰ
2908 1937 3111 1991 τούτων
3136 1936 3263 1999 τοὺς
3282 1933 3342 1999 ἐξ
3368 1933 3537 1987 ἐθνῶν
3557 1934 3831 2003 ᾐνίττετο,

2257 2038 2335 2109 τῷ
2376 2034 2558 2090 ,αὐτοῦ
2614 2034 2755 2102 λόγῳ
2805 2029 3083 2101 προσιέναι
3132 2026 3441 2098 μέλλοντας.
3494 2023 3743 2078 Τοιοῦτοι
3774 2024 3833 2077 δὲ

2261 2129 2506 2200 ὑπῆρχον
2532 2129 2580 2179 οἱ
2600 2126 2730 2195 πρὶν
2756 2121 3135 2191 εἰδωλολάτραι
3157 2117 3261 2171 ὑπὸ
3282 2116 3550 2186 δαιμόνων
3576 2116 3835 2187 πονηριῖιν

2259 2220 2357 2283 τάς
2385 2215 2561 2287 ψυχὰς
2601 2212 2984 2282 λελωσημὲνοι·
3032 2208 3127 2272 οὓς
3157 2205 3463 2268 ἀκολούθως
3486 2208 3553 2275 τῇ
3585 2207 3833 2273 ἐπαγγε-

2260 2311 2349 2381 λίᾳ
2379 2307 2772 2378 ὑποδεξάμενος
2797 2308 2825 2357 ό
2859 2301 3145 2370 ἑστιάτωρ,
3179 2296 3371 2369 πρῶτα
3403 2297 3501 2366 μὲν
3534 2295 3711 2359 σώους
3740 2295 3835 2349 καὶ

2262 2404 2430 2469 ὑγιεῖς
2473 2398 2929 2466 ἀποκαταστήσει,
2968 2392 3186 2457 ἀνοίξας
3231 2386 3446 2455 τυφλῶν
3490 2386 3833 2457 ὀφθαλμοὺς.

2262 2492 2441 2545 πᾶσάν
2462 2508 2520 2543 τε
2545 2491 2697 2543 νόσον
2716 2488 2811 2542 καὶ
2830 2487 3011 2539 πᾶσαν
3030 2486 3299 2557 μαλακίαν
3314 2484 3422 2539 τῶν
3438 2480 3629 2551 ψυχῶν
3649 2479 3836 2533 αὐτῶν

2267 2582 2571 2651 ἰασάμενος·
2600 2581 2788 2632 ἔπειτα
2818 2575 2879 2629 τὸ
2908 2574 3274 2644 πνευματικὸν
3303 2574 3487 2633 αὐτοῖς
3516 2568 3835 2640 παραθήσει

2262 2672 2496 2725 δεῖπνον.
2522 2670 2738 2741 Πρῶτοι
2775 2669 2872 2739 μὲν
2903 2663 2996 2720 οὖν
3022 2664 3327 2736 ἐκλήθησαν
3345 2665 3391 2717 οἱ
3419 2664 3484 2716 εκ
3503 2659 3835 2732 περιτομῆς,

2261 2766 2309 2819 οἳ
2344 2765 2437 2819 καὶ
2467 2764 2564 2833 τὴν
2598 2763 2756 2833 χάριν
2783 2757 3139 2831 καθύϐρισαν·
3177 2754 3420 2824 δεύτεροι
3444 2753 3501 2806 δὲ
3535 2752 3655 2823 μετ’
3691 2747 3839 2804 ὲκεί-

2262 2876 2383 2920 νους
2410 2859 2457 2908 οἱ
2480 2858 2542 2907 ὲκ
2561 2855 2668 2907 τῶν
2692 2852 3001 2920 ἀλλοφύλων
3024 2849 3212 2909 ἐθνῶν,
3240 2851 3288 2901 οἱ
3316 2847 3443 2917 πρὶν
3468 2844 3570 2907 τὰς
3592 2841 3839 2903 διανοίας

2261 2949 2449 3017 τυφλοὶ
2490 2948 2583 3000 καὶ
2626 2944 2893 3015 ἀνάπηροι
2935 2941 3029 2996 καὶ
3065 2940 3226 3010 χωλοὶ
3258 2938 3353 2991 καὶ
3399 2936 3593 3004 κωφοὶ,
3643 2935 3696 2988 οἱ
3741 2932 3840 2987 καὶ

2267 3041 2556 3113 προθύμως
2602 3035 2934 3108 ὑπήκουσαν·
2991 3028 3097 3086 εἷεν
3133 3033 3177 3085 δ’
3212 3031 3277 3085 ἀν
3322 3033 3378 3083 ὲν
3408 3028 3693 3091 πλατείαις
3732 3024 3838 3095 μὶν

613 3149 740 3201 tiam
772 3144 1010 3213 quolibet
1035 3148 1290 3209 praetextu
1318 3136 1509 3190 velant.
1550 3130 1981 3210 lieliquidemum
2007 3125 2162 3179 tertio

2264 3132 2311 3181 oi
2346 3130 2443 3199 τὴν
2470 3125 2776 3197 εὐρύχωρον
2801 3125 2899 3194 τῆς
2928 3122 3197 3184 ἀπωλείας
3225 3117 3342 3174 ὁδὸν
3377 3118 3709 3190 βαδίζοντες,
3738 3116 3837 3170 καὶ

612 3237 731 3293 loco
770 3201 836 3290 de
876 3234 977 3286 viis
1012 3201 1346 3298 sapibusque
1390 3224 1597 3285 vocati,
1641 3223 1834 3275 anima:
1880 3201 2165 3272 iu'lnieris

612 3330 862 3384 detenta.
927 3322 1088 3376 Huita
1153 3320 1298 3374 enim
1358 3323 1482 3371 sunt
1525 3314 1733 3368 illarum
1812 3311 2003 3363 itinera
2048 3320 2167 3377 qua:

614 3422 741 3475 binc
800 3416 999 3469 abeunt
1052 3411 1245 3481 quibus
1294 3417 1414 3477 post
1485 3404 1726 3474 corporis
1782 3400 2166 3471 depositionem

614 3507 922 3578 pradicavit
969 3501 1243 3557 Servator.
1274 3497 1575 3553 Clementer
1622 3509 1748 3549 vero
1777 3494 1841 3546 iis
1870 3493 2033 3546 etiam
2072 3504 2167 3543 ne-

613 3595 917 3651 cessitatem
947 3590 1193 3659 imponit,
1219 3588 1308 3657 qui
1340 3585 1570 3640 nondum
1614 3596 1708 3637 sua
1748 3580 2021 3634 voluntate
2060 3592 2168 3632 mo-

613 3695 829 3740 ventur.
858 3680 1008 3735 Talis
1041 3690 1121 3735 est
1143 3693 1294 3734 caena
1325 3692 1444 3745 quae
1479 3674 1566 3731 hic
1592 3674 1830 3727 invitatis
1856 3681 2037 3739 parata
2062 3680 2163 3723 est.

615 3775 775 3832 Tales
801 3774 960 3829 etiam
1000 3772 1197 3833 vocati,
1226 3783 1454 3838 quorum
1504 3765 1593 3819 alii
1623 3775 1989 3824 contumaces,
2022 3762 2167 3815 ideo-

614 3883 719 3939 que
742 3867 947 3938 jejuni;
978 3864 1065 3917 alii
1096 3848 1367 3932 morigeri,
1398 3859 1624 3925 ideoque
1650 3855 1911 3909 admissi.
1937 3852 2013 3906 Tu
2040 3868 2167 3907 vero

616 3957 743 4013 mihi
770 3960 893 4011 ltinc
920 3964 1148 4009 mentem
1181 3950 1428 4013 transfer,
1447 3960 1553 4004 etc.
1571 3942 1732 4001 ‘Beati
1760 3962 1886 4015 ergo
1907 3946 1995 4015 qui
2028 3959 2167 3998 nunc

619 4051 866 4105 csuriunt
912 4055 966 4101 et
996 4046 1183 4099 sitiunt
1221 4042 1504 4109 justitiam.
1533 4041 1656 4108 quia
1687 4048 1811 4092 tunc
1846 4037 2168 4091 saturabun-

620 4150 729 4205 tur,
759 4152 910 4193 coena
943 4133 1089 4204 regia
1133 4132 1432 4202 epulantes,
1458 4140 1511 4183 et
1543 4130 1668 4183 vita:
1712 4143 1901 4196 panem
1947 4127 2167 4196 partici-

618 4240 828 4295 pantes,
877 4228 1107 4295 novique
1150 4224 1335 4277 calicis
1403 4220 1659 4273 lastitiam.
1704 4218 1940 4283 Quarum
1990 4232 2167 4271 rerum

618 4320 857 4394 symbola
907 4327 1030 4371 ante
1088 4315 1392 4383 passionem
1433 4310 1695 4380 peragens
1724 4307 2013 4362 Servator:
2048 4304 2171 4361 Non

2269 3219 2505 3288 βιοῦντες
2531 3218 2655 3270 ἄνευ
2688 3215 2906 3284 διδαχῆς
2933 3212 3026 3266 καὶ
3056 3210 3338 3282 δογμάτων
3358 3227 3370 3238 ·
3413 3210 3471 3260 ὲν
3516 3208 3574 3261 δὲ
3609 3206 3835 3275 ῥύμαις.

2265 3312 2313 3362 oi
2365 3307 2735 3369 συστέλλοντες
2770 3304 2865 3375 τὴν
2913 3304 3110 3356 κακίαν
3149 3303 3238 3373 οἵᾳ
3276 3302 3475 3371 δήποτε
3527 3299 3833 3370 προφάσει·

2265 3402 2313 3453 οἱ
2339 3400 2392 3452 δὲ
2423 3400 2615 3459 λοιποὶ,
2660 3399 2707 3449 oi
2745 3396 2803 3462 ἐξ
2835 3397 3075 3466 ἐσχάτων
3108 3394 3216 3448 ἀπὸ
3254 3392 3361 3444 τῶν
3398 3390 3532 3444 όδῶν
3562 3390 3660 3443 καὶ
3691 3406 3835 3461 (ppa-

2265 3492 2420 3565 γμῶν
2463 3489 2779 3559 καλούμενοι
2823 3484 3016 3559 τρίτοι,
3049 3486 3105 3540 αἱ
3151 3485 3208 3536 ὲν
3241 3482 3365 3555 ᾅδου
3404 3482 3594 3551 ψυχαί·
3642 3479 3839 3535 πολλαὶ

2265 3583 2373 3654 γὰρ
2410 3583 2519 3635 ὁδοὶ
2563 3583 2671 3634 τῶν
2706 3578 3023 3643 ἐξελθόντων
3064 3578 3154 3630 τὸν
3190 3577 3303 3647 βίον
3334 3575 3541 3629 τοῦτον·
3578 3568 3669 3637 αῖς
3702 3577 3838 3645 ὲκή-

2270 3675 2394 3744 ρυξε
2426 3672 2562 3743 μετὰ
2594 3670 2691 3741 τὴν
2722 3670 2978 3724 ἀπόθεσιν
3005 3668 3098 3721 τοῦ
3137 3666 3385 3738 σώματος
3415 3666 3443 3720 ὁ
3484 3662 3712 3738 θυτήρ·
3752 3682 3839 3734 φι-

2267 3764 2601 3836 λανθρώπως
2636 3762 2679 3815 δ’
2721 3762 2965 3832 ἀνάγκην
2997 3760 3260 3831 προσάγει
3286 3762 3401 3821 τοῖς
3431 3757 3616 3811 οὐκέτι
3644 3756 3832 3823 αὐτεξ-

2269 3858 2490 3919 ουσίοις.
2523 3854 2771 3909 Τοιοῦτον
2806 3855 2902 3924 μὲν
2931 3853 2994 3924 δὴ
3040 3852 3097 3906 τὸ
3132 3851 3365 3915 δεῖπνον,
3408 3851 3545 3919 ὅπερ
3600 3846 3839 3902 ἐνταῦθα

2267 3952 2379 4011 τοῖς
2406 3946 2716 4016 δαιτυμόσιν
2745 3945 3086 4016 ἡτοίμασται·
3115 3944 3209 3997 καὶ
3237 3940 3466 3999 τοιοῦτοί
3491 3956 3637 4004 τινες
3657 3943 3707 3994 oi
3739 3958 3840 3994 κα·-

2268 4038 2535 4108 λούμενοι,
2559 4037 2605 4090 οἱ
2635 4036 2731 4108 μὲν
2758 4036 3020 4099 ἀπειθεῖς,
3050 4035 3144 4089 καὶ
3170 4035 3258 4091 διὰ
3288 4032 3446 4087 τοῦτο
3470 4032 3839 4103 ἀπομένοντες

2270 4129 2519 4198 ἄγευστοι
2543 4145 2557 4157 ·
2593 4131 2641 4180 οἱ
2676 4126 2732 4179 δὲ
2767 4125 3058 4190 εὐπειθεῖς,
3090 4127 3182 4180 καὶ
3211 4124 3299 4205 διὰ
3327 4122 3485 4179 τοῦτο
3514 4125 3839 4197 προλαμϐα-

2269 4222 2498 4291 νόμενοι.
2534 4220 2605 4272 Σὺ
2642 4220 2697 4271 δέ
2733 4236 2821 4289 μοι
2852 4216 3095 4272 ἐντεῦθεν
3125 4216 3333 4287 μτάὸα
3373 4220 3442 4287 τῇ
3467 4216 3699 4287 διανοίᾳ,
3728 4225 3835 4271 etc.

2272 4310 2351 4379 (ut
2368 4310 2468 4365 col.
2487 4308 2633 4379 572).
2652 4310 2925 4379 Μακάριοι
2956 4307 3165 4376 γοῦνόἱ
3193 4304 3286 4360 νῦν
3318 4308 3610 4371 πεινῶντες
3638 4307 3734 4361 καὶ
3758 4306 3837 4360 δι-

620 4412 810 4472 bibam,
839 4408 1028 4476 inquit.
1065 4404 1252 4457 «modo
1283 4417 1349 4457 ex
1374 4402 1470 4453 hoc
1494 4402 1749 4470 genimine
1786 4400 1905 4452 vitis
1931 4414 2089 4467 usque
2116 4400 2162 4449 in

2271 4401 2475 4467 ψῶντες
2494 4401 2590 4470 τὴν
2610 4399 2969 4470 δικαιοσύνην,
2987 4401 3068 4453 ὅτι
3090 4400 3208 4455 τότε
3234 4398 3721 4471 χορτασθήσονται,
3742 4397 3838 4451 τοῦ

620 4504 755 4556 diem
785 4462 956 4563 ξἰιιωῖ,
987 4462 1089 4566 quo
1116 4496 1248 4548 illud
1284 4462 1543 4548 υοιεεειιῖη
1572 4506 1757 4544 novum
1805 4491 1974 4542 bibam
2004 4462 2059 4542 ὲη
2090 4505 2162 4542 re-

2272 4462 2481 4543 δείπνου
2509 4462 2600 4543 τοῦ
2634 4462 2919 4560 βασιλικοῦ.
2942 4462 3335 4560 ἐμφορούμενοι
3368 4490 3461 4542 καὶ
3489 4462 3841 4559 μεταλαμϐά-

621 4608 721 4664 gno
750 4589 926 4643 Patria
959 4589 1056 4641 mei
1083 4588 1149 4640 '°.
1175 4585 1335 4640 Plena
1366 4594 1446 4639 est
1474 4587 1733 4638 bonarum
1758 4596 1938 4635 rerum
1965 4596 2166 4644 mensa,

623 4700 726 4754 qua
760 4692 1043 4737 vescentur
1080 4680 1114 4734 ii
1149 4680 1465 4747 quibuscum
1505 4676 1679 4730 lmdus
1723 4674 2005 4743 disposuit,
2053 4689 2171 4741 pro-

622 4783 803 4844 pterea
839 4774 977 4843 quod
1007 4786 1185 4826 secum
1232 4770 1284 4823 in
1338 4766 1719 4825 tentationibus
1757 4764 2169 4833 permanserint,

623 4874 683 4919 ut
724 4866 1044 4934 manducent
1083 4878 1147 4917 ac
1186 4861 1372 4916 bibant
1413 4859 1465 4912 in
1499 4873 1681 4912 mensa
1728 4857 1864 4925 ejus,
1898 4870 2036 4926 pane
2061 4869 2172 4910 cm-

622 4956 741 5012 lesti
792 4956 1088 5009 animarum
1120 4960 1428 5006 sanctarum
1474 4950 1734 5001 nutritore
1770 4948 1922 5016 pasti,
1965 4947 2173 4999 vinum-

622 5046 916 5120 que’novi
987 5043 1267 5114 geniminis
1334 5053 1477 5095 verm
1544 5040 1667 5093 vitis
1735 5039 2119 5109 participantes
2153 5076 2169 5101 ,

626 5154 785 5210 quam
817 5137 930 5206 ipse
954 5134 1192 5189 omnium
1232 5133 1371 5187 Deus
1406 5147 1468 5185 ac
1500 5140 1650 5199 pater
1676 5131 1943 5197 excolens,
1972 5146 2169 5186 novum

623 5244 688 5282 ex
718 5230 828 5295 ipsa
859 5226 1088 5279 fructum
1123 5224 1302 5293 dignis
1336 5223 1660 5290 propinabit.

2271 4598 2448 4645 νοντες
2478 4582 2569 4651 τοῦ
2608 4584 2772 4654 ἄρτου
2804 4583 2902 4654 τῆς
2932 4580 3095 4651 ζωῆς,
3126 4581 3217 4633 καὶ
3243 4579 3343 4649 τῆς
3380 4579 3720 4651 εὐφροσύνης
3743 4579 3839 4634 τοῦ

2274 4674 2455 4726 καινοῦ
2491 4674 2766 4745 ποτηρίου.
2799 4666 2899 4726 Ὧν
2926 4671 2995 4727 τά
3029 4670 3273 4741 σύμϐολα
3304 4671 3569 4724 ἐπιτελῶν
3600 4670 3709 4742 πρὸ
3743 4671 3839 4725 τοῦ

2272 4766 2468 4829 πάθους
2501 4769 2528 4819 ὁ
2566 4766 2773 4835 Σωτὴρ,
2821 4767 2902 4818 Οὐ
2949 4763 3035 4834 μὴ
3087 4765 3220 4826 πίω,
3268 4762 3395 4833 ἔφη,
3442 4764 3544 4816 ἀπ’
3590 4762 3724 4831 ἄρτι
3770 4762 3841 4816 ἐκ

2269 4859 2482 4911 τούτου
2503 4856 2608 4909 τοῦ
2630 4856 2998 4924 γεννήματος
3011 4854 3121 4924 τῆς
3140 4854 3411 4924 ἀμπέλου
3431 4854 3540 4921 ἓως
3561 4852 3671 4921 τῆς
3696 4853 3842 4921 ἠμέ-

2262 4968 2376 5018 ρας
2413 4951 2666 5016 ἐκείνης,
2703 4947 2849 5000 ὅταν
2895 4947 3039 5001 αὐτὸ
3070 4947 3220 4999 πίνω
3256 4945 3384 5015 μεθ’
3420 4945 3588 5015 ὑμῶν
3624 4947 3841 5000 καινὸν

2270 5045 2339 5098 ἐν
2362 5042 2434 5110 τῇ
2467 5041 2752 5107 ,ϐασιλείᾳ
2775 5039 2883 5093 τοῦ
2917 5037 3145 5105 Πατρός
3175 5037 3340 5107 ἐμοῦ·
3376 5037 3590 5110 πλήρης
3617 5038 3850 5106 ἀγαθῶν

2273 5135 2533 5205 τράπεζα,
2565 5129 2633 5205 ἦς
2665 5130 3059 5203 μεταλήψονται
3085 5122 3165 5191 οἷς
3189 5127 3287 5198 τὴν
3321 5128 3587 5199 διαθήκην
3613 5128 3840 5188 διέθετο.

2274 5224 2359 5281 διὰ
2385 5225 2445 5277 τὸ
2486 5222 2847 5293 μεμενηκέναι
2884 5221 2997 5292 μετ’
3032 5217 3197 5273 αὑτοῦ
3228 5220 3288 5271 ὲν
3320 5221 3432 5282 τοῖς
3482 5221 3839 5291 πειρασμοῖς,

625 5321 691 5376 ἕν’
722 5319 939 5417 ὲσθίωσι
1109 5317 1331 5417 πίνωσιν
1377 5314 1469 5414 ἐπὶ
1507 5314 1613 5417 τῆς,
1649 5313 1919 5417 τραπέζης
1968 5316 2151 5381 αὐτοῦ,
2209 5318 2356 5389 ἄρτῳ
2404 5315 2502 5385 μὲν
2540 5315 2775 5383 οὐρανίῳ
2802 5312 2987 5383 ψυχῶν
3017 5314 3187 5381 ἀγίων
3245 5310 3520 5381 θρεπτικῷ
3565 5319 3846 5381 τραφησό-

630 5430 801 5486 μενοι,
838 5410 983 5464 οίνου
1015 5410 1072 5463 δὲ
1112 5407 1206 5461 τοῦ
1251 5405 1437 5461 καινοῦ
1464 5406 1797 5474 γεννήματος
1825 5406 1920 5475 τῆς
1946 5406 2201 5477 ἀληθινῆς
2232 5405 2476 5486 ἀμπέλου
2519 5403 2968 5476 μεταληψόμενοι,
3006 5402 3073 5474 ῆν
3107 5401 3267 5465 αὐτὸς
3291 5402 3321 5453 δ
3352 5400 3460 5454 τῶν
3517 5400 3655 5453 δλων
3710 5400 3843 5466 Θεὸς

626 5508 720 5561 καὶ
743 5504 933 5575 Πατὴρ
952 5499 1209 5573 γεωργῶν
1236 5500 1295 5555 τὸ
1319 5499 1500 5555 καινὸν
1519 5498 1574 5563 ἐξ
1603 5499 1770 5566 αὐτῆς
1788 5500 2027 5572 γέννημα
2052 5506 2163 5570 τοῖς
2187 5503 2305 5557 τότε
2332 5499 2499 5568 ἀξίοις
2525 5498 2767 5573 παρέξει.

764 5598 805 5629 ’⁸
835 5594 988 5660 Quod
1013 5593 1060 5646 si
1092 5594 1146 5645 in
1168 5603 1215 5645 te
1245 5593 1529 5660 peccaverit
1559 5590 1720 5657 frater
1752 5600 1894 5644 tuus.

698 5686 797 5742 Hic
822 5685 936 5739 vult
963 5698 1077 5749 eos,
1113 5683 1203 5752 qui
1253 5682 1465 5752 injuriis
1508 5680 1739 5734 lacessiti
1778 5680 2013 5751 filerunt,
2040 5697 2170 5755 erga

698 5783 748 5817 ”
782 5779 973 5836 Hattb.
1000 5793 1152 5845 ιινι,
1188 5776 1278 5832 29.
1376 5778 1418 5809 "
1446 5775 1577 5832 Luc.
1615 5791 1745 5843 xvn,
1770 5775 1822 5829 3.

2449 5592 2591 5647 Ἐὰν
2621 5591 2690 5645 δὲ
2719 5588 2945 5659 ἁμάρτῃ
2974 5590 3061 5654 εις
3088 5587 3163 5641 σὲ
3194 5590 3227 5642 ὀ
3255 5586 3515 5656 ἀδελφός
3543 5603 3681 5640 σου.

2359 5683 2621 5739 Ἐνταῦθα
2662 5683 2786 5745 τοὺς
2814 5683 2871 5736 ὲν
2917 5682 3167 5752 προκοπῇ
3200 5678 3525 5755 γενομένους
3559 5694 3846 5759 συγχωρηρ
