4062 6430
1424 376 1947 436 COMMENTARIA
1986 375 2052 432 IN
2089 376 2347 435 LUCAII.

246 501 433 564 τικοδς
466 494 608 553 εῖναι
641 500 756 563 τοῖς
784 497 1039 552 πταίουσι
1071 496 1343 568 βούλεται,
1374 493 1699 565 θεραπεύων
1732 493 1829 546 δει-

1942 490 2239 549 offensum
2276 506 2408 547 suos
2436 490 2825 563 lndulgentiam
2860 505 3184 561 expromere
3217 500 3525 562 :sanatque

245 596 347 667 νὴν
372 593 529 649 νόσον
551 594 610 646 ἐν
633 592 820 654 αὐτοῖς
846 588 1105 652 πολλάκις
1147 586 1521 658 ἐμφυομένην,
1549 584 1832 638 ἐκκόπτων

243 687 347 757 τὴν
394 685 535 742 κατά
570 682 680 737 τῶν
708 680 1011 735 πταιόντων
1040 679 1340 749 ἀποτομήν.
1388 675 1833 747 Κατεπαίρεσθαι

244 776 381 847 γοῦν
413 773 705 843 εἰώθαμεν,
740 771 816 834 ὡς
848 768 985 841 μήτε
1026 767 1401 841 παρακλήσεις
1436 766 1545 819 τῶν
1583 768 1835 837 ἡμαρτη-

244 870 444 932 κότων,
472 868 610 938 μήτε
632 863 740 917 τῶν
764 864 903 934 ὑπὲρ
924 862 1102 915 αὐτῶν
1120 860 1526 931 πρεσϐευόντων
1555 859 1835 929 ἱκετηρίας

246 958 670 1034 παραδέχεσθαι·
714 954 849 1028 μηδὲ
897 954 1002 1025 μὴν
1052 950 1468 1017 ὑπολογίζεσθαι
1504 950 1605 1002 ὅσα
1634 947 1698 1018 δὴ
1739 948 1835 1001 καὶ

244 1052 405 1105 αὐτοὶ
448 1051 498 1103 oi
530 1047 807 1117 ἄνθρωποι
855 1044 1139 1105 πταίοντες
1176 1037 1503 1109 συγγνώμης
1545 1038 1643 1108 τῆς
1681 1035 1832 1107 παρὰ

245 1141 344 1196 τοῦ
376 1140 612 1213 μεγάλου
651 1135 839 1209 κριτοῦ
877 1131 1129 1203 δεόμεθα.
1171 1130 1409 1194 Εἰκότως
1437 1124 1530 1182 οῦν
1576 1127 1725 1197 παρά
1754 1125 1833 1196 τῷ

249 1233 513 1302 Ματθαίῳ
553 1230 647 1284 καὶ
671 1232 736 1300 τῇ
768 1224 1049 1297 παραϐολῇ
1082 1224 1371 1294 κέχρηται,
1399 1224 1456 1273 ἐν
1555 1219 1832 1289 ὀφειλέται

246 1326 579 1393 εἰσάγονται,
629 1322 659 1374 ό
712 1320 809 1390 μέν
856 1315 1025 1389 μυρία
1067 1315 1304 1375 τάλαντα
1351 1314 1602 1381 ὀφείλων,
1650 1311 1687 1364 ά
1739 1309 1834 1363 καὶ

248 1416 451 1487 ἀφείθη
479 1414 626 1484 αὐτῷ
662 1409 1040 1483 προσπεσόντι·
1074 1409 1103 1461 ό
1145 1406 1202 1459 δὲ
1232 1406 1424 1458 ἑκατὸν
1453 1404 1701 1476 δηνάρια,
1746 1402 1833 1469 ἐφ’

245 1502 332 1573 οἷς
366 1508 700 1575 ἀπεπνίγετο
732 1502 881 1573 παρά
908 1500 1002 1554 τοῦ
1035 1498 1329 1567 ἀφεθέντος
1354 1496 1423 1549 τά
1456 1495 1627 1547 πολλὰ
1652 1496 1833 1546 ἐκεῖνα

246 1599 507 1653 τάλαντα.
534 1596 612 1649 Δι’
637 1590 705 1667 ἦς
732 1593 993 1654 διδάσκει,
1027 1592 1107 1644 ὅτι
1158 1589 1231 1660 μὴ
1267 1587 1444 1650 ἄλλως
1467 1588 1649 1656 τυχεῖν
1678 1584 1830 1638 δυνα-

245 1686 343 1740 τόν
369 1688 485 1739 ἐστι
512 1684 613 1754 τῆς
640 1682 931 1753 βασιλείας,
962 1680 1064 1733 κᾶν
1090 1677 1259 1732 πολλά
1280 1694 1361 1739 τις
1387 1674 1729 1745 κατορθώσῃ,
1757 1673 1832 1745 μὴ

248 1780 345 1833 τὸν
380 1776 582 1847 ἀγαθὸν
605 1776 737 1829 Θεὸν
771 1773 1150 1846 μιμησάμενος
1179 1768 1319 1823 κατὰ
1344 1768 1403 1820 τὸ
1431 1767 1829 1838 άμνησίκακον·

1942 582 2117 638 dirum
2170 582 2414 636 morbum
2460 594 2838 647 saepenumero
2888 579 3099 636 illorum
3134 580 3330 637 animis
3367 582 3523 640 inua-

1938 681 2204 736 scentem,
2231 681 2394 741 atque
2417 671 2601 725 odium
2628 685 2736 740 quo
2750 671 2854 725 sibi
2884 670 3159 727 maleficos
3186 687 3525 744 prosequun-

1890 804 1893 805 ν
1936 772 2026 819 tur
2057 774 2288 821 resecat.
2340 764 2548 836 Quippe
2592 766 2727 819 adeo
2783 763 3102 819 exacerbari
3159 763 3418 830 solemus,
3464 779 3525 826 ιιι

1936 872 2110 925 neque
2158 859 2499 927 peccantium
2552 858 2986 920 obtestationes.
3027 871 3203 925 neque
3248 855 3525 926 supplices

1937 947 2362 1001 intercessurum
2413 963 2605 1015 preces
2650 949 3017 1009 adtnittamus,
3078 961 3253 1013 neque
3308 957 3527 1018 reputo-

1937 1054 2059 1093 mus
2108 1051 2311 1103 quanta
2364 1049 2418 1093 et
2468 1055 2568 1093 nos
2618 1042 2868 1093 humanae
2924 1039 3260 1093 conditionis
3301 1049 3523 1106 pet-cata

1937 1131 2143 1198 ignosci
2186 1131 2345 1183 nobis
2381 1145 2411 1183 a
2445 1146 2639 1199 magno
2662 1130 2846 1195 judice
2876 1145 3153 1199 egeamus.
3187 1131 3327 1199 Apte
3360 1130 3527 1200 igitur

1935 1221 2073 1289 apud
2100 1220 2405 1275 Hattltaeutn
2426 1223 2471 1254 "
2500 1224 2757 1290 parabola
2800 1220 3063 1277 Servatur
3116 1222 3306 1284 utitur,
3340 1221 3392 1275 in
3414 1235 3522 1289 qua

1936 1314 2217 1369 debitores
2240 1314 2666 1371 introducuntur
2696 1330 2927 1386 quorum
2962 1314 3105 1369 alter
3130 1314 3316 1369 decem
3348 1313 3524 1368 millia

1938 1395 2262 1459 talentorum
2308 1406 2557 1470 debebat,
2603 1420 2725 1475 quae
2778 1405 2879 1476 ipsi
2932 1404 3163 1473 supplici
3216 1405 3524 1459 condonata

1936 1494 2121 1559 fuere;
2158 1499 2293 1549 alter
2325 1508 2503 1549 autem
2528 1506 2744 1549 centum
2793 1496 3067 1559 denarios,
3092 1510 3323 1564 quorum
3356 1510 3521 1550 causa

1935 1585 2306 1640 suﬂ'ocabatur
2350 1588 2416 1639 ab
2453 1601 2537 1649 eo,
2581 1586 2667 1639 cui
2702 1595 2884 1638 tantus
2920 1586 3011 1638 ille
3052 1585 3378 1641 talentorum
3418 1603 3523 1640 nu-

1941 1692 2125 1730 merus
2171 1677 2433 1731 remissus
2474 1675 2668 1731 fuerat.
2699 1680 2814 1743 Qua
2856 1676 3116 1745 parabole
3164 1676 3345 1740 docet.
3378 1677 3523 1733 baud

1943 1768 2113 1822 licere
2164 1783 2392 1837 regnum
2445 1768 2695 1837 adipisci,
2748 1782 3060 1836 quanquam
3111 1768 3312 1837 alioqui
3353 1768 3523 1824 multa

249 1870 555 1942 ἐπειδήπερ
587 1871 620 1940 ή
659 1866 923 1938 βασιλεία,
950 1863 1126 1935 κρίσει
1168 1864 1293 1925 τοὺς
1324 1858 1505 1924 ἀξίους
1536 1848 1829 1929 παραδεχο-

1941 1869 2085 1912 recte
2107 1857 2307 1926 aliquis
2339 1857 2549 1922 fecerit,
2587 1858 2688 1911 nisi
2728 1857 2820 1913 Dei
2854 1859 3150 1913 bonitatem
3193 1859 3520 1927 iujuriarum

252 1962 414 2035 μόνη,
442 1964 570 2025 τοὺς
600 1958 674 2032 μὴ
718 1956 1161 2029 συγχωρητικοὺς
1203 1953 1296 2006 καὶ
1341 1951 1432 2004 τὸν
1479 1948 1681 2018 ἀγαθὸν
1724 1947 1834 2000 τῶν

247 2054 390 2109 δλων
433 2050 624 2125 κριτὴν
655 2050 797 2104 κατά
840 2046 998 2102 τοῦτο
1026 2044 1394 2116 μιμουμένους
1436 2042 1495 2095 οὐ
1544 2039 1835 2112 παραδέχε-

248 2162 362 2200 ται.
394 2145 470 2198 Οὐ
498 2143 607 2214 γάρ
629 2140 695 2197 ἂν
727 2140 840 2213 ἔχει
866 2156 951 2203 τις
977 2139 1149 2191 εἰπεῖν
1178 2134 1414 2189 τοσαῦτά
1436 2149 1556 2186 τινα
1582 2130 1835 2201 πεπλημ-

258 2238 554 2310 μεληκέναι
585 2236 666 2297 είς
690 2234 901 2296 ἐαυτὸν,
926 2233 1025 2285 ὅσα
1051 2246 1158 2301 περ
1203 2228 1362 2291 αὐτὸς
1382 2227 1473 2279 τὸν
1499 2224 1677 2277 πάντα
1703 2222 1832 2293 χρό-

252 2346 344 2383 νον
363 2330 461 2399 τῆς
479 2327 642 2381 αὺτοῦ
664 2326 807 2402 ζωῆς
821 2324 972 2396 παρά
994 2324 1054 2377 τὸ
1078 2322 1321 2393 βούλημα
1342 2318 1434 2371 τοῦ
1457 2316 1593 2370 Θεοῦ
1622 2314 1832 2387 πράξας

258 2413 537 2490 sqitng
560 2418 695 2471 ἐστί·
725 2416 855 2470 ποτέ
882 2416 979 2487 μὲν
1003 2414 1113 2484 γάρ
1134 2412 1223 2466 διὰ
1242 2410 1334 2464 τοῦ
1358 2410 1517 2477 λόγου
1540 2408 1827 2477 πταίομεν,

250 2512 384 2566 ποτέ
416 2511 472 2564 δέ
511 2510 578 2563 δι’
610 2507 848 2579 αἰσχρῶν
881 2508 975 2561 καλ⁸
1020 2503 1272 2575 πονηρῶν
1306 2498 1738 2571 ἐπιθυμημάτων
1772 2514 1830 2550 τε

247 2606 349 2658 καὶ⁵
398 2602 669 2675 πράξεων.
717 2600 865 2671 Πλὴν
905 2600 1055 2669 ὅμως
1106 2590 1344 2649 τοσαῦτα
1377 2592 1682 2653 πταίοντες,
1731 2590 1831 2643 οὐκ

246 2692 696 2762 ἀπογινώσκομεν
719 2690 818 2753 τὰς
840 2688 993 2758 παρά
1019 2687 1097 2758 τῷ
1125 2687 1245 2758 Θεῷ
1270 2685 1507 2747 ἐλπίδας,
1535 2683 1621 2736 διὰ
1646 2682 1707 2733 τὸ
1746 2698 1832 2749 φι-

247 2780 568 2852 λάνθρωπον
596 2779 689 2832 κιιί⁸
713 2776 1033 2843 ἀνεξίκακον
1054 2776 1178 2845 ἐλεη
1188 2773 1405 2845 μονικόν
1428 2788 1486 2825 τε
1509 2771 1601 2823 καὶ
1629 2786 1831 2839 συγχω-

250 2869 477 2942 ρητικὸν
508 2867 603 2922 τοῦ
636 2866 793 2921 Θεοῦ.
839 2866 1047 2919 Οὐκοῦν
1085 2865 1275 2917 ἕπεται
1319 2862 1397 2931 τῷ
1443 2858 1591 2929 αὑτῷ
1624 2859 1826 2929 μέτρῳ,

248 2960 347 3015 καὶ
377 2961 523 3031 ἡμᾶς
566 2961 782 3032 μετρεῖν
814 2960 927 3021 τοῖς
960 2959 1039 3018 εἰς
1070 2956 1220 3026 ἡμᾶς
1265 2952 1658 3023 ἁμαρτάνουσι·
1694 2949 1828 3020 μηδέ

250 3051 395 3106 κατά
437 3050 528 3104 τὸν
571 3050 775 3122 Πέτρον
808 3046 1273 3119 ἀκριϐολογεῖσθαι
1313 3047 1378 3114 τῇ
1427 3041 1825 3111 φιλανθρωπίᾳ,

247 3140 344 3195 καὶ
390 3138 583 3210 μέχρις
615 3137 839 3208 ἐϐδόμου
871 3134 1102 3207 ἀριθμοῦ
1139 3136 1249 3197 τοῖς
1279 3135 1357 3194 εἰς
1403 3133 1549 3201 ἡμᾶς
1574 3133 1826 3199 ἡμαρτή-

1938 1951 2218 2006 oblivione
2260 1952 2526 2005 imitetur.
2563 1950 2696 2004 Nam
2749 1966 2972 2020 regnum
3007 1951 3150 2020 quod
3189 1951 3405 2006 nonnisi
3438 1949 3523 2020 ju-

1937 2043 2079 2096 dicio
2125 2044 2381 2113 probatos
2433 2042 2647 2111 recipit,
2684 2042 2877 2096 alienis
2922 2056 2951 2095 a
3000 2042 3292 2097 clementia
3341 2057 3522 2112 neque

1935 2123 2176 2188 omnium
2200 2134 2444 2201 iudicem
2483 2135 2585 2189 bac
2616 2134 2815 2187 virtute
2849 2133 3187 2188 imitantibus
3233 2134 3519 2205 haudqua-

1934 2239 2094 2293 quam
2138 2235 2304 2294 patet.
2349 2224 2534 2294 Neque
2577 2226 2721 2278 enim
2765 2224 3077 2293 quempiam
3123 2233 3272 2280 tanta
3314 2225 3369 2279 in
3412 2240 3515 2283 nos

1934 2329 2187 2385 peccasse
2216 2313 2631 2379 aﬂirmabitnus,
2662 2326 2863 2383 quanta
2894 2326 3103 2369 nosmet
3124 2331 3221 2386 per
3247 2316 3518 2372 universa

1934 2408 2057 2461 vitae
2104 2418 2316 2476 tempus
2358 2408 2624 2462 adversus
2658 2408 2750 2461 Dei
2782 2408 3115 2462 voluntatem
3146 2409 3507 2475 patravintus.

1935 2499 2165 2569 ideoque
2205 2500 2480 2553 debitores
2540 2501 2835 2555 evasimus.
2895 2498 3028 2554 Nam
3055 2500 3220 2555 modo
3267 2514 3522 2557 sermone

1932 2589 2274 2653 olettdimus,
2306 2590 2465 2645 modo
2507 2592 2752 2661 turpibus
2785 2592 3103 2660 vitiosisque
3132 2590 3518 2660 cupiditatibus

1930 2691 2093 2751 atque
2130 2683 2359 2736 actibus.
2398 2680 2763 2737 Nihilominus
2808 2683 2899 2752 qui
2951 2692 3100 2737 tanta
3127 2681 3514 2751 delinquimus,

1933 2773 2179 2827 ﬁduciam
2226 2772 2473 2842 placandi
2526 2772 2617 2827 Dci
2667 2788 2773 2826 non
2804 2773 3130 2837 omittimus,
3158 2787 3317 2842 quem
3351 2770 3517 2827 bette-

1932 2863 2109 2917 volum
2155 2864 2493 2923 hominibus.
2541 2865 2839 2932 patientem
2874 2878 2937 2918 ac
2984 2864 3391 2919 misericordem
3421 2878 3519 2919 ve—

1931 2955 2141 3023 niaeque
2195 2970 2423 3021 pronum
2471 2955 2694 3009 scimus.
2751 2954 3191 3011 Consentaneum
3226 2965 3309 3009 est
3348 2955 3519 3025 igitur
3586 3007 3603 3014 -

1930 3054 1989 3097 ut
2016 3049 2201 3117 eadem
2247 3060 2505 3099 mensura
2556 3046 2643 3108 iis,
2670 3061 2901 3112 quorum
2942 3045 3163 3101 oﬂ’eusa:
3203 3047 3256 3099 iu
3290 3061 3391 3100 nos
3420 3060 3517 3103 ett-

1930 3135 2206 3194 stiterunt,
2252 3134 2553 3203 largiamur
2585 3152 2596 3187 :
2626 3150 2823 3203 neque,
2855 3145 2911 3188 ut
2940 3136 3067 3189 olitu
3104 3134 3298 3190 Petrus
3313 3135 3384 3203 ",
3416 3136 3517 3192 ηιίο

247 3229 371 3283 κόσι
400 3230 697 3300 συγχωρεῖν
718 3246 730 3257 ·
772 3227 912 3281 κατὰ
942 3226 998 3279 δέ
1030 3225 1122 3277 τὸν
1150 3222 1408 3294 συμπαθῆ
1443 3222 1537 3275 καὶ
1563 3220 1829 3290 ἐλεήμονα

1935 3234 2058 3277 nuta
2099 3225 2471 3279 benevolentia
2518 3226 2709 3289 simus,
2755 3241 2929 3295 neque
2960 3225 3277 3294 iniuriarum
3318 3228 3516 3282 remis-

246 3316 481 3389 Σωτῆρα
511 3318 668 3390 μέχρι
694 3317 787 3371 τοῦ
824 3314 1285 3386 ἑϐδομηκοντάκις
1326 3312 1487 3367 ἐπτά’
1524 3314 1584 3365 οὐ
1615 3313 1831 3375 πάντως

246 3410 319 3465 τά
331 3409 568 3464 τοσαῦτα
583 3406 1110 3481 περιεργαζομένους
1126 3408 1344 3477 ἀμαρτή
1354 3424 1518 3475 ματα,
1538 3406 1629 3458 καὶ
1644 3403 1831 3475 ῶσπερ

246 3500 571 3575 ἀναγραφὴν
592 3500 769 3555 αὐτῶν
802 3500 1155 3570 ποιουμένους
1184 3496 1305 3551 καθ’
1331 3499 1570 3566 ἑκάστην
1596 3497 1829 3567 ἡμέραν,

246 3596 315 3647 ἐκ
343 3594 401 3647 δέ
440 3593 629 3647 τούτου
670 3591 730 3646 τὸ
770 3591 1149 3663 άπεριόριστον
1180 3589 1626 3659 διδασκομένους.
1658 3588 1831 3641 Πυθο-

251 3684 415 3755 μένου
440 3682 549 3755 γάρ
571 3682 664 3735 τοῦ
689 3682 896 3753 Πέτρου
923 3682 1014 3734 ἐπὶ
1037 3680 1221 3743 πόσοις
1244 3682 1355 3741 τοῖς
1375 3680 1455 3742 είς
1482 3680 1630 3749 ἡμᾶς
1653 3679 1833 3748 ἀμαρ-

246 3774 566 3844 τανομένοις
609 3774 909 3844 συγχωρεῖν
967 3771 1095 3833 δέοι,
1143 3770 1236 3823 καὶ
1274 3768 1507 3839 ἀριθμὸν
1551 3767 1830 3839 ὁρίσαντος

246 3866 340 3920 τὸν
384 3866 489 3930 ῑως
528 3866 776 3929 ἑπτάκις,
811 3866 840 3918 ό
872 3864 1063 3934 Σωτὴρ
1101 3863 1191 3915 τὸν
1233 3861 1337 3923 ἕως
1372 3860 1831 3931 ἑϐδομηκοντάκις

247 3960 391 4015 ἐπτά
417 3960 700 4030 εἰσήγαγε,
734 3957 853 4011 καθ’
880 3957 938 4009 ὃν
960 3956 1038 4009 δεῖ
1063 3955 1157 4008 καί
1182 3955 1331 4025 ἡμᾶς
1358 3953 1595 4021 ἀφιέναι,
1624 3951 1830 4014 εἰδότας

247 4051 344 4103 καὶ
372 4048 789 4121 πεπεισμένους,
814 4047 889 4111 ὡς
921 4047 1071 4100 ἔσται
1101 4044 1292 4115 καιρὸς
1322 4045 1443 4098 καθ’
1474 4044 1531 4097 δν
1560 4042 1830 4114 συναρθή-

250 4157 404 4195 σεται
444 4141 578 4211 πρὸς
625 4141 771 4210 ἡμᾶς
804 4139 961 4207 λόγος
996 4138 1101 4191 ὑπὸ
1133 4136 1229 4190 τοῦ
1284 4137 1500 4190 πάντων
1551 4133 1739 4205 κριτοῦ
1759 4145 1829 4185 ’τε

247 4232 345 4287 καὶ
376 4229 657 4301 βασιλέως,
686 4230 905 4284 ἐπειδάν
934 4230 982 4283 οί
1012 4229 1210 4293 πάντες
1236 4228 1605 4299 παραστῶμεν
1634 4224 1711 4295 τῷ
1742 4223 1833 4296 βή-

250 4338 383 4395 ματι
406 4320 593 4385 αὐτοῦ,
622 4323 709 4376 ὅτε
735 4314 780 4390 ᾧ
811 4322 995 4394 μέτρῳ
1024 4320 1351 4393 μετροῦμεν,
1377 4318 1832 4389 ἀντιμετρηθήσε-

245 4427 340 4467 ται
366 4414 517 4485 ἡμῖν.
566 4414 624 4467 '0
672 4413 770 4484 μέν
809 4412 916 4485 γὰρ
954 4413 1127 4484 μέγας
1168 4412 1422 4482 βασιλεὺς
1449 4410 1697 4465 ἐντεῦθεν
1725 4411 1826 4480 ήδη

246 4506 417 4560 πᾶσιν
434 4508 569 4577 ήμῖν
592 4508 703 4569 τοῖς
723 4503 1141 4577 χρεωφειλέταις
1167 4500 1377 4555 πολλῶν
1398 4500 1671 4555 ταλάντων
1688 4500 1828 4553 κατά

1934 3316 2137 3369 sionem
2178 3319 2494 3385 septenario
2538 3332 2763 3373 numero
2811 3329 3183 3385 coarctetuus;
3235 3318 3345 3372 imo
3384 3332 3516 3373 vero

1933 3408 2241 3475 septuagies
2291 3411 2495 3477 septies
2541 3424 2664 3463 cum
2722 3410 2991 3464 clemente
3064 3409 3517 3479 misericorditu

1935 3496 2225 3553 Servatore
2296 3514 2608 3567 parcamus.
2685 3501 2863 3567 Quare
2928 3499 3163 3555 oﬂ'eusas
3221 3517 3289 3555 ne
3323 3500 3514 3555 sedqu

1932 3589 2273 3654 ventiletuus,
2310 3606 2485 3658 neque
2532 3593 2723 3645 harum
2766 3592 2926 3647 veluti
2974 3592 3425 3647 commentarium
3458 3594 3512 3648 iu

1933 3680 2049 3735 dies
2074 3681 2445 3737 conficiamus.
2475 3682 2628 3736 Nunc
2652 3684 2796 3736 enim
2823 3682 3215 3752 indulgentiam
3257 3685 3375 3739 sine
3406 3684 3517 3739 line

1938 3770 2474 3826 docemur.~Eteuim
2523 3774 2896 3843 interrogante
2943 3773 3105 3827 Petro
3138 3775 3353 3843 quoties
3382 3788 3515 3843 pec-

1932 3863 2188 3915 eantibus
2232 3865 2494 3918 adversus
2541 3879 2640 3917 nos
2673 3864 2950 3933 indulgere
2988 3875 3293 3934 oporteret,
3323 3847 3513 3920 nume-

1938 3968 2167 4021 rumque
2205 3955 2572 4025 septenariutn
2610 3955 2925 4021 deliuieute,
2958 3954 3220 4011 Servatur
3243 3971 3412 4027 usque
3440 3956 3511 4011 ad

1934 4046 2252 4115 septuagies
2297 4047 2497 4115 septies
2544 4048 2801 4116 produxit
2849 4048 3020 4103 venia
3079 4048 3271 4101 danda:
3300 4065 3329 4101 ιι
3357 4049 3515 4105 nobis

1934 4150 2253 4201 numerum;
2282 4136 2449 4205 probe
2496 4138 2752 4191 uituirutn
2796 4140 3055 4201 consciis,
3084 4149 3297 4208 tempus
3342 4137 3515 4196 aﬂ'oro

1932 4241 2039 4294 quo
2070 4228 2309 4283 rationes
2329 4230 2608 4283 uobiscum
2632 4240 2903 4298 ponentur
2919 4230 2986 4283 ab
3008 4230 3301 4284 universali
3330 4230 3514 4299 judice

1930 4333 1993 4372 ac
2022 4333 2167 4389 rege,
2197 4336 2318 4373 cum
2354 4336 2543 4375 omnes
2592 4332 2718 4375 ante
2761 4322 2881 4389 ejus
2923 4322 3160 4375 tribunal
3212 4323 3514 4377 constitue-

1934 4425 2074 4469 mur.
2097 4420 2152 4464 et
2183 4426 2287 4480 qua
2337 4427 2591 4465 mensura
2631 4414 2803 4466 mensi
2851 4412 3136 4475 fuerimus,
3191 4416 3513 4471 remetietur

1932 4502 2107 4555 nobis.
2132 4500 2341 4555 Etenim
2372 4517 2514 4557 nunc
2555 4518 2784 4572 magnus
2811 4519 2903 4559 rex
2941 4505 3157 4559 cunctis
3183 4506 3338 4559 nobis
3373 4508 3513 4560 mul-

245 4598 311 4650 τὸ
336 4596 545 4669 πρέπον
565 4595 726 4650 αὐτοῦ
753 4599 819 4666 τῇ
843 4593 1226 4666 φιλανθρωπίᾳ
1248 4593 1308 4645 τὸ
1326 4594 1433 4645 πᾶν
1452 4594 1622 4662 άνῆκε
1645 4592 1821 4661 χρέος,

1932 4602 2107 4645 torum
2138 4593 2465 4647 talentorum
2503 4596 2862 4662 debitoribus,
2892 4606 3047 4666 prout
3082 4610 3236 4650 suam
3262 4596 3511 4651 clemen-

243 4686 373 4750 δοὺς
417 4686 610 4756 ἄφεσιν
658 4686 1067 4756 ἁμαρτημάτων
1116 4684 1210 4736 καὶ
1261 4681 1544 4749 ἐξαλείψας
1592 4680 1650 4733 τὸ
1700 4680 1822 4733 καθ’

244 4777 407 4849 ήμῶν
432 4777 807 4849 χειρόγραφονο
850 4780 1011 4847 ἡμεῖς
1043 4776 1087 4828 δ’
1126 4776 1219 4828 ἐπὶ
1261 4773 1486 4846 βραχέσι
1518 4772 1823 4841 πταίσμασι

244 4871 375 4932 τοῦς
417 4868 733 4931 συνδούλους
776 4868 1171 4937 ἀποπνίγομεν,
1207 4868 1299 4919 καὶ
1344 4863 1824 4935 παρακαλούμενοι

241 4960 310 5014 οὐ
360 4958 748 5032 συγχωροῦμεν
778 4958 845 5011 τὰ
873 4961 952 5022 εἰς
999 4960 1146 5029 ἡμᾶς
1190 4956 1547 5026 ἐπταισμένα,
1600 4954 1672 5024 μὴ
1703 4954 1824 5006 ἐπι-

246 5049 573 5123 μετροῦντες
611 5050 681 5104 τά
711 5048 801 5103 ἰσα
839 5044 920 5111 οἷς
953 5049 1102 5121 παρά
1143 5048 1276 5102 Θεοῦ
1309 5048 1686 5117 τετυχήκαμεν
1715 5047 1827 5108 τοῖς

243 5142 533 5216 ήμετέροις
577 5141 835 5203 οἰκέταις.
869 5140 1118 5208 Εὑὶόγως
1160 5134 1253 5192 οὖν
1284 5138 1666 5207 ἀγανάκτησις
1701 5134 1824 5189 καθ’

242 5235 403 5307 ήμῶν
424 5233 850 5306 ἐξενεχθήσεταιο
894 5233 986 5286 καὶ
1022 5235 1051 5285 ό
1088 5232 1186 5303 τὴν
1216 5234 1395 5285 πᾶσαν
1430 5232 1561 5301 ἡμῖν
1604 5227 1824 5299 ὀφειλὴν

240 5330 405 5398 ἀφεὶς
433 5328 709 5397 Δεσπότης
747 5325 923 5379 οὐκέτ’
965 5324 1166 5395 ἀφήσει
1212 5325 1362 5394 ἡμῖν·
1398 5321 1513 5376 ἀλλ’
1559 5312 1604 5387 ᾧ
1644 5319 1825 5391 μέτρῳ

246 5422 675 5494 μεμετρήκαμεν
702 5416 1019 5489 ἀσυμπαθεῖ
1042 5416 1137 5470 καὶ
1168 5414 1377 5469 ἀνελεεῖ
1410 5412 1506 5467 καὶ
1538 5410 1820 5483 ἀποτόμῳ,

241 5511 601 5583 ἐπιμετρήσει
642 5510 793 5580 ἡμῖν’
825 5508 1037 5563 καὶτὸν
1068 5505 1131 5572 ἐξ
1165 5504 1319 5577 ἡμῶν
1366 5507 1509 5560 κατά
1534 5503 1644 5557 τῶν
1684 5505 1823 5574 ήμε-

240 5601 419 5675 τέρων
447 5598 745 5655 συνδούλων
767 5601 891 5673 ὅρον
919 5598 1044 5654 καθ’
1068 5597 1227 5670 ήμῶν
1262 5597 1581 5669 ἐπαρτήσει.
1629 5594 1822 5665 Ἐφεύο

319 5786 571 5845 “lauit.
606 5804 761 5859 xvttt,
790 5788 882 5845 24.
957 5790 1005 5824 ³³
1032 5787 1189 5857 ibid.,
1214 5788 1306 5845 Si.

1922 4684 2053 4738 tiam
2100 4682 2346 4747 decebat,
2386 4684 2628 4737 debitum
2670 4687 2901 4751 remisit,
2942 4688 3077 4739 deus
3122 4686 3364 4756 peccatis
3419 4700 3511 4740 ve-

1926 4774 2115 4838 niam,
2161 4772 2454 4843 delensque
2507 4776 2769 4843 scriptum
2828 4786 3014 4832 contra
3070 4793 3167 4832 nos
3232 4778 3511 4846 chirogra-

1926 4865 2088 4936 phum
2123 4880 2137 4917 :
2166 4880 2263 4919 nos
2294 4876 2474 4920 autem
2510 4867 2655 4921 leves
2693 4870 2763 4923 ob
2790 4870 2979 4938 culpas
3013 4883 3305 4924 conservos
3334 4867 3507 4929 ευπο-

1928 4971 2136 5020 camus,
2161 4965 2325 5025 atque
2359 4957 2629 5012 obsecrati
2677 4960 2899 5013 minime
2933 4962 3259 5015 remtttimus
3288 4975 3408 5029 quae
3449 4962 3505 5016 in

1932 5061 2032 5101 nos
2053 5056 2273 5115 peccata
2311 5046 2541 5113 fuerint;
2578 5048 2937 5104 familiaribus
2977 5052 3178 5106 nostris
3226 5051 3365 5105 haud
3405 5065 3506 5119 pa-

1930 5142 2008 5192 ria
2054 5137 2317 5194 facientes
2349 5140 2436 5203 iis,
2484 5156 2605 5211 qum
2647 5157 2749 5197 nos
2774 5157 2803 5195 a
2838 5141 2953 5198 Deo
2983 5144 3262 5198 consecuti
3292 5158 3503 5201 sumus.

1928 5228 2124 5286 Merito
2165 5231 2349 5297 itaque
2390 5233 2547 5285 nobis
2574 5233 2845 5287 irascetur
2875 5234 2921 5289 is
2946 5235 3035 5302 qui
3066 5248 3227 5287 omne
3258 5232 3503 5289 debitum

1927 5322 2083 5376 nobis
2134 5323 2542 5378 condonaverat
2591 5324 2847 5379 Dominus
2891 5343 2905 5379 ε
2948 5339 3123 5394 neque
3166 5324 3282 5394 jam
3345 5325 3507 5380 nobis

1925 5425 2144 5485 parcet;
2210 5416 2300 5470 sed
2342 5431 2447 5485 qua
2504 5433 2761 5473 mensura
2819 5418 2992 5473 mensi
3038 5418 3327 5483 fuerimus,
3366 5418 3505 5477 dura

1926 5504 2196 5574 videlicet,
2225 5506 2659 5564 immisericorde
2690 5517 2745 5563 et
2763 5522 2980 5578 aspera,
3006 5510 3193 5564 eadem
3230 5508 3387 5565 nobis
3416 5526 3504 5566 re-

1926 5596 2162 5665 tribuet;
2218 5596 2490 5671 latamque
2520 5614 2551 5655 a
2583 5598 2739 5656 nobis
2784 5601 3044 5657 adversus
3081 5612 3375 5658 conservos
3402 5596 3504 5659 no-
