4062 6394
630 408 736 463 583
1293 397 1557 455 EUSEBII
1594 390 2062 452 CESARIENSIS
2099 389 2251 446 OPP.
2292 387 2473 443 PARS
2508 386 2592 440 Ill.
2632 415 2701 424 —
2734 379 3140 437 EXEGETICA.
3744 365 3849 423 581

630 533 772 577 stros
815 518 1160 581 sententiam,
1192 514 1259 569 de
1290 512 1554 566 nobismet
1588 507 1793 577 pariter
1819 505 1978 559 dicet.
2008 502 2177 557 Secus

2295 520 2361 555 σοι
2392 504 2447 554 δέ
2478 519 2559 564 τις
2586 498 2762 569 ἐαυτῷ
2797 495 3014 567 μέθοδον
3037 492 3246 562 ἀγαθῆς
3275 489 3601 557 amasso);
3624 485 3729 559 τῆς
3759 470 3853 538 επὶ

628 576 763 666 τοτοῖ
790 611 916 665 licet
954 576 1157 677 cuique
1186 582 1342 659 bona
1376 576 1651 655 sententiae
1691 610 1858 665 genus
1893 594 1996 649 sibi
2044 593 2180 661 apud

2295 595 2372 647 τοῦ
2412 592 2786 661 δικαιωτηρίου
2819 586 3328 656 ὲξενεχθησομένης,
3358 584 3405 633 εί
3440 576 3731 650 προλαϐὼν
3760 588 3855 643 γε·

631 702 759 757 illud
802 700 1036 754 tribunal
1062 666 1414 761 comparare,
1464 682 1508 742 sl
1542 688 1657 755 ipse
1704 695 1858 737 antea
1910 685 1981 737 sit
2029 682 2181 737 beni-

2295 702 2419 739 iotro
2450 683 2824 753 φιλάνθρωπος
2870 680 2963 732 καὶ
3003 676 3109 728 τῶν
3145 676 3225 737 είς
3260 673 3421 726 αὐτὸν
3464 666 3858 740 ἁμαρτανομέ-

630 806 788 861 gnus,
827 799 881 843 et
910 789 1099 842 alienis
1121 792 1311 839 contra
1334 794 1390 833 se
1415 778 1650 848 peccatis
1682 774 1970 843 indulgeat.

2295 795 2383 830 ρων
2415 773 2839 843 συιαωρητικίός.

806 882 853 914 ³⁸
878 880 944 933 Et
990 880 1158 931 dicent
1188 874 1333 927 vobis
1356 888 1374 925 :
1399 870 1533 923 Ecce
1560 871 1665 933 hic,
1698 868 1773 923 vel
1802 882 1915 919 ecce
1945 865 2071 917 illic.

2381 867 2489 920 Καὶ
2519 865 2763 934 ἐροῦσιν
2789 863 2959 932 ὑμῖν-⁸
3004 858 3147 914 Ἰδοὺ
3181 851 3318 920 ὦδε,
3363 856 3399 923 ἢ
3433 853 3558 907 ίόοὺ
3592 849 3742 905 ἐκεῖ.

703 972 830 1028 Hac
860 969 1151 1025 secundum
1201 960 1505 1016 Mattheum
1554 959 1694 1011 dicta
1734 963 1855 1009 sunt
1895 956 1961 1008 de
1994 952 2181 1005 Hiero-

2350 954 2532 1007 Ταῦτα
2573 952 2711 1005 κατά
2754 953 2851 1021 μὲν
2898 951 2989 1002 τὸν
3026 946 3299 1002 Ματθαῖον
3341 944 3558 1009 ἐλέγετο
3596 937 3859 1009 περὶτῆς

634 1063 961 1132 solymornm
1007 1056 1240 1111 excidio.
1291 1052 1470 1117 Quare
1521 1048 1628 1101 illic
1671 1045 2010 1099 addebatur:
2040 1040 2181 1093 Tunc

2295 1042 2611 1116 impubem);
2674 1040 3025 1110 Ἰερουσαλήμ
3056 1037 3166 1106 (66)
3190 1052 3204 1065 ⁸
3254 1035 3335 1087 διὸ
3368 1034 3461 1086 καὶ
3493 1030 3853 1103 προσέκειτο·

628 1119 806 1223 ᾳκίίι
852 1147 1045 1203 Indica
1076 1156 1219 1209 sunt,
1244 1142 1451 1212 fugiant
1479 1138 1545 1191 od
1578 1146 1781 1189 montes
1804 1134 1870 1186 “.
1898 1134 2183 1185 Verumta-

2295 1135 2422 1187 Τότε
2450 1136 2501 1185 ol
2527 1133 2597 1185 ἐγ
2633 1130 2706 1199 τῇ
2757 1131 3014 1195 Ἰουδαίᾳ
3057 1124 3441 1196 φευγέτωσαν
3467 1125 3555 1185 είς
3596 1123 3670 1174 τὰ
3718 1119 3854 1189 ὄρη·

636 1208 755 1299 men
793 1243 878 1297 hic
910 1242 975 1295 de
1002 1208 1323 1292 Antichristi
1360 1229 1692 1301 temporibus
1718 1227 1974 1281 Servator
2010 1223 2183 1293 prolo-

2295 1222 2511 1275 ἐνταῦθα
2539 1222 2596 1275 δὲ
2613 1222 2739 1291 περὶ
2767 1220 2873 1272 τῶν
2907 1220 3111 1290 καιρῶν
3136 1218 3229 1270 τοῦ
3263 1214 3629 1283 Ἀντιχρίστου
3656 1208 3858 1282 προλέ-

634 1334 847 1404 quitur;
884 1330 1109 1398 ideoque
1136 1328 1296 1382 verba
1330 1322 1417 1377 illa
1447 1338 1555 1375 non
1583 1320 1975 1389 adjunguntur.

2295 1332 2394 1384 γει·
2429 1314 2509 1367 διὸ
2534 1314 2595 1365 ού
2635 1312 2950 1382 πρόσκειται
2982 1311 3156 1364 τοῦτο.

773 1424 818 1455 ⁸⁸
842 1393 1080 1474 Printein
1110 1424 1307 1486 oportet
1335 1414 1485 1468 illurn
1516 1412 1681 1465 multa
1706 1412 1834 1478 pati.

2526 1402 2763 1471 Πρῶτον
2800 1401 2891 1454 δεῖ
2920 1402 3105 1455 αὑτὸν
3143 1396 3341 1451 πολλὰ
3365 1393 3577 1449 παθεῖν

706 1514 801 1569 His
828 1513 1007 1567 verbis
1031 1482 1264 1564 futuram
1299 1520 1509 1575 quoque
1544 1503 1830 1570 aliquando
1863 1500 2184 1569 apostasiam

2351 1496 2649 1549 Αίνίττεται
2669 1494 2724 1546 δὲ
2757 1493 2849 1545 καὶ
2871 1494 2927 1544 έν
2954 1491 3165 1552 τούτοις
3190 1491 3287 1559 τήν
3314 1503 3443 1539 ποτε
3475 1482 3855 1553 γενησομένην

636 1606 817 1659 innuit
842 1604 965 1656 dum
1000 1601 1077 1654 ait
1107 1615 1121 1651 :
1158 1572 1395 1651 Primum
1426 1572 1643 1663 oportet
1677 1590 1823 1643 illum
1864 1589 2025 1643 multa
2053 1588 2180 1657 pati,

2295 1587 2615 1640 ἀποστασίαν
2653 1583 2851 1637 εἰπών’
2888 1582 3109 1653 Πρῶτον
3143 1580 3200 1632 δὲ
3228 1579 3307 1630 δεῖ
3335 1576 3497 1629 αὑτὸν
3532 1572 3706 1626 πολλὰ
3742 1588 3854 1623 πα-

635 1705 693 1746 et
729 1690 1001 1761 reprobsri
1048 1702 1077 1739 a
1122 1662 1481 1755 generatione,
1509 1683 1629 1743 bac,
1658 1693 1847 1746 nempe
1885 1677 2182 1731 hominum.

2295 1679 2394 1729 δεῖν
2426 1677 2518 1729 κα)⁵
2550 1672 3045 1743 ἀποδοκιμασθῆναι
3090 1670 3197 1723 ἀπὸ
3244 1669 3339 1737 τῆς
3382 1666 3573 1733 γενεᾶς
3617 1662 3851 1730 ταύτης,

638 1751 1086 1849 Nam-repulsum
1125 1751 1286 1843 atque
1330 1773 1691 1841 improbatum
1737 1770 1802 1823 iri
1838 1766 2182 1836 Evangelium

2295 1769 2517 1838 Βηλονότι
2562 1767 2662 1835 τῆς
2705 1766 2812 1817 τῶν
2846 1762 3173 1833 ἀνθρώπων
3206 1757 3573 1827 ἀποϐληθῆναι
3613 1753 3725 1822 γὰρ
3758 1751 3856 1804 καὶ

637 1870 774 1939 ejus,
803 1844 1160 1937 populumque
1186 1862 1424 1929 ejusdem
1454 1871 1778 1928 magnopere
1819 1854 2068 1909 amictum
2096 1854 2182 1917 iri,

2295 1859 2781 1929 ἀποδοκιμασθῆναι
2829 1856 2919 1908 τὸν
2963 1855 3092 1923 περὶ
3141 1850 3302 1904 αὑτοῦ
3344 1849 3521 1915 λόγον,
3572 1844 3749 1897 πολλά
3791 1858 3853 1894 τε

636 1933 960 2012 vaticinatus
990 1964 1104 2021 est;
1137 1956 1251 2007 sive
1277 1954 1330 2005 ln
1359 1950 1666 2005 consecutis
1696 1948 1891 2002 deinde
1930 1959 2184 2014 persecu-

2295 1953 2470 2005 παθεῖν
2495 1951 2584 2002 τὸν
2608 1950 2770 2001 αὑτοῦ
2796 1947 2942 2009 λαὸν,
2976 1944 3291 1996 ἐθέσπισενο
3320 1941 3429 1993 εἴτε
3477 1941 3535 1991 ὲν
3569 1940 3684 1999 τοῖς
3714 1933 3856 2004 μετὰ

638 2048 897 2111 tionibus,
923 2048 1120 2116 quibus
1154 2042 1458 2097 furentibus
1492 2046 1746 2094 sexcenta
1780 2038 1896 2105 ipse
1928 2035 2185 2089 Servator

636 2154 826 2208 passus
846 2148 948 2203 est,
983 2135 1287 2190 maledictis
1314 2133 1591 2187 hominum
1618 2130 1920 2201 appetitus;
1947 2129 2059 2181 sive
2086 2126 2186 2180 Ec-

637 2227 798 2282 clesia
828 2228 946 2295 ejus
973 2235 1133 2294 atque
1163 2222 1405 2276 doctrina
1451 2233 1575 2273 cum
1624 2218 1993 2285 exagitaretur
2022 2223 2186 2281 atque

637 2324 1064 2387 oppugnaretur;
1123 2312 1237 2367 sive
1302 2310 1356 2364 in
1415 2308 1651 2363 universi
1706 2305 2185 2370 consummatione,

637 2422 760 2462 cum
790 2403 1135 2473 Evangelium
1170 2399 1287 2468 ejus
1327 2399 1548 2452 omnino
1586 2395 1997 2465 improbabitur,
2028 2405 2188 2465 atque

636 2509 706 2549 ex
733 2492 1007 2548 hominum
1034 2500 1177 2544 cmtu
1204 2487 1675 2542 exterminabitur.

792 2581 835 2615 ⁸⁷
862 2579 927 2633 Et
949 2581 1079 2634 sicut
1104 2579 1294 2631 accidit
1336 2574 1541 2629 Noaclsi
1572 2575 1906 2643 temporibus,
1933 2579 2036 2629 etc.

710 2673 801 2729 Sic
831 2672 992 2741 igitur
1024 2666 1255 2737 repulso,
1290 2666 1365 2719 uti
1385 2665 1583 2720 dictum
1610 2672 1714 2728 est,
1744 2679 1839 2731 per
1865 2664 2187 2733 apostasiam

640 2776 887 2820 sermone
929 2759 1262 2829 evangelico,
1319 2770 1470 2809 more
1520 2755 1784 2809 malorum
1832 2768 1949 2823 quae
2003 2753 2186 2809 diluvii

638 2865 876 2923 tempore
901 2850 1258 2918 contigerunt,
1282 2846 1479 2914 impiis,
1512 2845 1703 2913 inquit,
1741 2844 2049 2900 hominibus
2075 2844 2190 2898 exi-

642 2947 769 3000 tium
791 2944 1149 3013 superveniet.
1174 2939 1239 2993 Et
1267 2938 1479 3007 quidem
1516 2938 1655 2990 sicut
1683 2950 1870 2989 omnes
1901 2948 2025 2991 tunc
2062 2951 2188 3005 per—

2281 2041 2451 2094 ταῦτα
2480 2039 2758 2108 διωγμοῖς,
2805 2034 2925 2089 καθ’
2955 2031 3047 2095 οὓς
3090 2030 3257 2101 μυρία
3295 2026 3561 2081 πέπονθεν
3592 2024 3757 2085 αὑτός
3792 2037 3854 2075 τε

2286 2130 2763 2201 βλασφημούμενος
2786 2130 2815 2179 ὁ
2840 2125 3026 2195 Σωτὴρ
3055 2121 3205 2194 παρὰ
3228 2123 3340 2183 τοῖς
3370 2116 3699 2189 ἀνθρώποις,
3727 2115 3763 2183 ἦ
3788 2130 3851 2166 τε

2296 2221 2589 2291 Ἐκκλησία
2631 2216 2794 2271 αὐτοῦ
2824 2218 2916 2269 καὶ
2947 2219 2976 2269 ὁ
3000 2214 3153 2281 λόγος
3186 2211 3537 2279 ἐλαυνόμενος
3561 2208 3657 2259 καὶ
3686 2205 3853 2258 πολε-

2289 2313 2579 2383 μούμενοςο
2614 2310 2723 2363 εἴτε
2755 2309 2890 2379 πρὸς
2934 2305 3011 2376 τῷ
3056 2306 3271 2358 πάντων
3307 2302 3471 2363 τέλει,
3504 2300 3625 2352 καθ’
3655 2298 3685 2350 ὃ
3714 2300 3856 2351 ἀπο-

2284 2401 2737 2471 δοκιμασθήσεται
2761 2398 2990 2469 πάμπαν
3011 2392 3337 2463 ἀποϐληθεὶς
3364 2391 3472 2444 ἀπὸ
3494 2391 3591 2457 τῆς
3621 2388 3733 2441 τῶν
3760 2389 3858 2440 ἀν·-

2286 2494 2514 2564 θρίὓπων
2540 2494 2751 2561 γενεᾶςι

2286 2584 2393 2639 Καὶ
2408 2582 2599 2648 καθὼς
2617 2580 2849 2651 ἐγένετο
2868 2594 2937 2631 εν
2955 2572 3083 2641 ταῖς
3099 2573 3345 2644 ἡμέραις
3368 2571 3473 2625 τοῦ
3492 2570 3641 2634 Νῶε,
3662 2586 3717 2622 κ.
3731 2586 3783 2621 τ.
3799 2568 3854 2623 λ.

2354 2674 2514 2727 Οῦτω
2553 2672 2751 2735 τοίνυν,
2797 2670 2871 2732 ὡς
2917 2668 3152 2739 εἴρηται,
3206 2663 3560 2733 ἐκϐληθέντος
3612 2660 3702 2713 διά
3756 2660 3861 2730 τὴν

2288 2764 2618 2819 ἀποστασίαν
2652 2762 2743 2815 τοῦ
2796 2762 2956 2829 λόγου
3006 2756 3100 2812 τοῦ
3144 2754 3520 2824 εὐαγγελικοῦ,
3569 2752 3714 2805 κατά
3758 2751 3860 2821 τὴν

2287 2857 2541 2926 ὁμοίωσιν
2582 2853 2690 2906 τῶν
2728 2851 2821 2905 ἐπὶ
2848 2850 2941 2903 τοῦ
2991 2845 3372 2915 κατακλυσμοῦ
3406 2841 3860 2913 συμϐεϐηκότων,

2288 2948 2317 2998 ὁ
2342 2945 2479 2997 κατά
2508 2944 2617 2995 τῶν
2642 2940 2852 2996 ἀσεϐῶν
2877 2940 3094 3009 δλεθρος
3124 2938 3493 3007 ἐπιστήσεται,
3518 2933 3673 3004 φησί.
3717 2932 3861 2984 Ἀλλ’

640 3038 855 3100 ierunt,
894 3034 1133 3101 exceptis
1174 3032 1435 3085 duntaxat
1460 3031 1550 3098 qui
1580 3044 1703 3085 cum
1729 3028 1949 3083 Noacbo
1980 3030 2031 3081 in
2063 3042 2188 3081 arca

2295 3034 2365 3096 ὡς
2386 3034 2506 3085 τότε
2537 3033 2742 3093 πάντας
2778 3032 2874 3100 μὲν
2902 3028 3198 3091 ἀπώλεσεν,
3233 3028 3293 3081 οὐ
3319 3026 3424 3096 μὴν
3452 3025 3549 3078 καὶ
3574 3026 3703 3087 τοὺς
3738 3040 3863 3075 συν-

638 3128 1033 3189 constiterant;
1062 3122 1136 3177 ita
1169 3122 1224 3175 in
1252 3121 1463 3175 Domini
1495 3122 1750 3186 adventu,
1779 3120 1991 3173 scelesti
2017 3119 2190 3171 bomi-

2295 3124 2561 3195 ηγμένους
2600 3123 2715 3191 ἅμα
2767 3120 2844 3190 τῷ
2886 3121 3007 3174 Νῶε
3054 3122 3110 3172 ὲν
3168 3120 3235 3189 τῇ
3284 3116 3522 3186 κιϐωτῷ,
3576 3115 3721 3169 οὔτω
3765 3116 3863 3170 καὶ

642 3232 739 3271 nes
780 3231 875 3285 per
907 3214 1191 3283 apostasia:
1230 3220 1438 3279 tempus
1479 3211 1692 3264 luxuria
1738 3218 1793 3264 et
1842 3209 2192 3264 ebrietatibus

2295 3215 2385 3267 ὲπὶ
2420 3214 2522 3283 τῆς
2565 3213 2729 3266 αὐτοῦ
2768 3211 3064 3283 παρουσίας
3110 3213 3159 3263 οί
3211 3209 3305 3279 μὲν
3339 3208 3556 3271 ἀσεϐεῖς
3587 3207 3733 3261 κατὰ
3768 3208 3861 3261 τὸν

640 3316 699 3362 et
736 3306 933 3375 nuptiis
965 3311 1019 3359 et
1054 3304 1260 3358 caeteris
1298 3304 1419 3354 vitae
1447 3300 1807 3370 voluptatibus
1833 3300 2097 3367 occupati,
2130 3314 2193 3354 ea

2295 3302 2478 3373 καιρὸν
2508 3302 2606 3370 τῆς
2642 3300 2973 3362 ἀποστασίας
3010 3301 3239 3370 τρυφαῖς
3278 3299 3372 3351 καὶ
3412 3297 3604 3368 μέθαις
3634 3297 3729 3373 καὶ
3763 3297 3863 3364 γά-

647 3370 854 3449 ratione
882 3393 1133 3461 peribunt
1159 3405 1262 3459 qua
1292 3389 1365 3443 illi
1404 3389 1605 3444 Noachi
1630 3400 1788 3444 aetate
1826 3391 2033 3444 diluvio
2064 3391 2187 3445 sub-

2296 3370 2413 3462 μοις
2439 3392 2530 3444 καὶ
2552 3394 2671 3452 ταῖς
2693 3390 2783 3443 τοῦ
2811 3389 2922 3459 βίου
2949 3389 3159 3460 ἡδοναῖς
3186 3386 3635 3459 κατατριϐόμενοι
3657 3370 3861 3456 ὁμοίως

648 3485 829 3540 mersi.
857 3483 933 3536 Ne
966 3483 1086 3551 quis
1108 3490 1283 3534 autem
1309 3480 1643 3534 existimaret
1670 3479 1767 3532 bos
1805 3492 2016 3547 quoque
2041 3478 2193 3545 aquis

2295 3488 2398 3547 τοῖς
2436 3486 2527 3536 ἐπὶ
2551 3483 2641 3535 τοῦ
2666 3481 2789 3534 Νῶε
2820 3480 3280 3541 κατακλυσθέντες
3304 3476 3649 3531 ἀπολοῦνται.
3689 3478 3862 3547 ’Υπὲρ

644 3579 889 3629 obrutum
926 3571 1012 3635 iri,
1044 3584 1263 3625 necesse
1296 3568 1397 3623 l'uit
1446 3568 1558 3622 Loti
1618 3569 1923 3637 exemplum
1956 3581 2192 3622 comme-

2295 3577 2346 3628 δὲ
2377 3576 2471 3628 τοῦ
2507 3576 2581 3645 μή
2610 3592 2728 3627 τινα
2760 3574 2975 3644 νομίσαι
3006 3572 3073 3625 δι’
3101 3572 3289 3633 ὕδατος
3314 3571 3407 3624 καὶ
3438 3570 3661 3633 τούτους
3687 3587 3861 3623 κατα⁴

644 3681 855 3722 morare
880 3683 895 3731 ;
929 3664 1097 3727 Sicut,
1129 3663 1324 3730 inquit,
1354 3659 1470 3713 Lati
1500 3671 1724 3728 tempore
1745 3660 1962 3712 edebant
1984 3667 2034 3711 et
2056 3658 2193 3711 bibe-

2295 3666 2707 3735 κλυσθήσεσθαι.
2743 3665 3053 3733 ἀναγκαίως
3080 3663 3158 3731 τῷ
3196 3664 3288 3715 ἐπὶ
3314 3662 3408 3714 τοῦ
3438 3661 3563 3715 Λὼτ
3594 3662 3862 3732 κέχρηται

645 3759 791 3818 bant,
839 3764 893 3808 et
939 3752 1189 3821 reliqua:
1223 3748 1392 3802 Porro
1449 3750 1534 3803 die
1584 3766 1687 3818 qua
1740 3746 1901 3801 Lotus
1955 3748 2192 3801 Sodomis

2295 3757 2723 3829 παραδείγματι,
2753 3754 2956 3819 Καθὼς
2976 3753 3232 3820 ἐγένετο,
3262 3751 3455 3821 λέγων,
3479 3752 3548 3804 ἐν
3570 3752 3701 3817 ταῖς
3729 3751 3864 3819 ἠμέ-

644 3859 876 3913 egressus
911 3849 1010 3902 est,
1036 3842 1168 3909 ignis
1201 3840 1325 3893 caelo
1351 3838 1479 3907 pluit
1512 3848 1824 3908 cunctosque
1846 3838 2043 3891 incolas
2075 3854 2193 3905 per-

2295 3863 2422 3914 ραις
2439 3844 2587 3908 Λὼτ,
2605 3844 3076 3911 ἦσθιον,ἕπινον,
3102 3842 3196 3893 καὶ
3223 3840 3289 3893 τά
3303 3841 3449 3909 ἑξῆς·
3470 3835 3551 3912 ᾟ
3576 3840 3644 3892 δὲ
3673 3840 3864 3908 ἡμέρα

646 3932 799 3985 elidit.
835 3930 1176 4001 Hujusmodi,
1206 3930 1398 3997 inquit,
1430 3930 1542 3982 dies
1564 3928 1661 3981 erit
1688 3944 1792 3997 qua
1826 3926 1996 3980 Filius
2023 3928 2193 3980 homi-

2295 3934 2513 4002 ἐξῆλσε
2556 3931 2684 3987 Λὼτ
2722 3931 2841 3986 ἀπὸ
2881 3929 3156 3999 Σοδόμων
3180 3930 3380 3998 ἔϐρεξε
3414 3929 3532 3997 πῦρ
3558 3930 3659 3981 ἀπ’
3688 3933 3863 3998 οὐρα-

648 4026 729 4078 nis
758 4021 1158 4106 "celabitur".
1190 4020 1394 4087 Quibus
1422 4022 1599 4076 verbis
1650 4022 1873 4091 mystice
1908 4024 2193 4075 admodum

2296 4023 2407 4076 νοῦ
2442 4023 2539 4076 καὶ
2579 4021 2852 4075 ἀπώλεσε
2898 4021 3145 4086 πάντας.
3192 4020 3354 4074 Κατὰ
3390 4020 3462 4073 τὰ
3495 4020 3647 4072 αὐτὰ
3690 4019 3866 4073 ἕσται

647 4126 711 4166 ac
735 4110 1047 4164 terribiliter
1077 4110 1251 4173 docet,
1291 4110 1405 4162 fore
1434 4119 1491 4160 ut
1541 4109 1663 4176 igne
1701 4122 1768 4161 ac
1797 4110 2004 4162 sulfure
2047 4108 2193 4163 cmlis

2296 4109 2335 4184 ᾖ
2376 4115 2566 4183 ἡμέρᾳ
2603 4116 2635 4167 ό
2676 4114 2805 4179 Υἱὸς
2846 4113 2951 4169 τοῦ
2990 4112 3302 4181 ἀνθρώπου
3348 4112 3860 4166 ἀποκαλύπτεται·

649 4202 815 4258 misso
840 4200 1033 4270 impios
1061 4214 1247 4254 orunes
1276 4200 1355 4253 ira
1401 4198 1495 4253 Dei
1534 4199 1819 4265 corripiat.
1845 4200 2049 4252 Idcirco
2094 4200 2193 4251 im-

2301 4207 2502 4277 σφόδρα
2536 4206 2857 4276 ἀπορρήτως
2900 4206 2994 4258 καὶ
3039 4203 3284 4274 φοϐερῶς
3315 4202 3578 4256 διδάσκων
3611 4205 3696 4257 ὅτι
3732 4204 3866 4274 πυρὶ

647 4292 766 4362 pios
795 4290 933 4344 hanc
978 4291 1118 4343 diem
1161 4290 1349 4342 adesse
1392 4300 1611 4342 orantes
1650 4288 1956 4358 prophetica
1985 4303 2085 4340 vox
2118 4288 2193 4340 in-

2300 4298 2392 4348 καὶ
2429 4298 2557 4367 θείῳ
2586 4299 2679 4349 ἀπ’
2710 4296 2936 4366 οὐρανοῦ
2970 4296 3448 4365 καταπεμπομένῳ
3481 4296 3608 4358 τοὺς
3649 4294 3866 4357 ἀσεϐεῖς

650 4390 834 4450 crepat
903 4382 1132 4435 dicens:
1167 4377 1259 4433 Va:
1302 4380 1718 4433 desiderantibus
1764 4382 1899 4432 diem
1954 4378 2193 4431 Domini.l

2302 4388 2505 4451 πάντας
2546 4389 2578 4456 ἡ
2626 4388 2761 4457 ὀργὴ
2800 4386 3207 4457 μετελεύσεται⁸
3245 4386 3325 4438 διὸ
3364 4388 3474 4448 τοῖς
3526 4386 3623 4453 μὲν
3651 4386 3867 4456 ἡμέραν

654 4469 802 4525 Car?
841 4467 990 4521 Vobis
1015 4470 1124 4521 lucc
1152 4469 1281 4534 dies,
1312 4470 1536 4522 tenebras
1564 4480 1611 4522 et
1639 4484 1743 4521 non
1772 4467 1887 4531 lux,
1917 4470 2025 4522 dies
2064 4480 2193 4520 tene-

2300 4478 2500 4547 ταύτην
2532 4477 2816 4546 ἐπιστῆναι
2849 4475 3160 4546 εὐχομένοις
3207 4473 3458 4527 ἀσεϐέσιν
3484 4475 3518 4543 ὴ
3551 4474 3866 4545 προφητικὴ

652 4563 864 4653 ἀνεῖναι
888 4570 934 4612 et
963 4559 1227 4628 caliginis,
1247 4562 1355 4614 dies
1389 4560 1705 4612 calamitatis
1736 4568 1786 4612 et
1808 4562 2108 4612 dexterminii
2132 4558 2196 4617 ”.

656 4649 855 4707 Sedulo
880 4661 1059 4704 autem
1086 4649 1344 4703 Servator
1374 4651 1462 4704 bic
1490 4664 1701 4719 quoque
1730 4651 1890 4713 cavit,
1915 4649 2200 4717 quominus

653 4746 859 4801 diceret
912 4745 1086 4813 ignem
1120 4753 1175 4798 et
1210 4744 1381 4797 sulfur
1424 4753 1584 4797 antea
1617 4743 1755 4797 celo
1783 4742 1983 4811 pluisse
2016 4741 2069 4793 in
2096 4740 2198 4793 im-

656 4839 773 4908 pios
819 4836 1179 4891 Sodomorum
1222 4836 1391 4897 cives,
1423 4850 1582 4903 quam
1630 4834 1796 4889 Lotus
1826 4848 2073 4902 egressus
2108 4847 2198 4885 eov

656 4945 773 4986 rum
800 4938 941 4982 ctetu
968 4936 1333 4994 separarctur.
1368 4924 1457 4978 Sic
1481 4924 1735 4978 diluvium
1774 4939 1945 4993 neque
1978 4924 2201 4977 inunda-

657 5019 756 5085 vit,
810 5033 979 5086 neqne
1032 5016 1217 5073 mersit
1262 5015 1543 5069 universos
1577 5014 1721 5066 orbis
1770 5014 1992 5079 incolas,
2022 5014 2201 5081 prius-

658 5125 817 5180 quam
872 5107 1114 5163 Noachus
1167 5111 1217 5160 in
1268 5122 1449 5159 arcam
1489 5106 1753 5158 introiret.
1786 5104 1863 5157 lia
1902 5119 2120 5173 prorsus
2151 5104 2201 5156 in

659 5204 844 5259 mundi
885 5201 1342 5257 consununatione
1390 5200 1527 5253 haud
1560 5209 1681 5251 ante
1724 5210 2041 5251 eventurum
2082 5212 2201 5265 per-

660 5298 898 5351 euntium
933 5295 1211 5363 iinpiorum
1244 5293 1501 5344 diluvium
1554 5290 1651 5349 ait,
1683 5304 1839 5356 quam
1892 5290 1941 5340 in
1990 5286 2197 5340 cwlesti

663 5403 787 5441 arca
823 5396 1212 5455 congregentur
1253 5384 1545 5437 incolumes
1594 5382 1916 5448 quicumque
1964 5390 2090 5431 tunc
2128 5378 2197 5445 p'ti

664 5479 906 5533 homines
932 5486 1107 5541 erunt,
1142 5489 1363 5545 prorsus
1396 5482 1450 5525 ut
1476 5471 1678 5525 Noaclii
1723 5469 2019 5539 exemplum
2054 5482 2201 5521 reno-

2304 4568 2451 4638 φωνῆ
2478 4567 2881 4621 ὲπανατείνεται
2909 4566 3164 4633 λέγουσα’
3193 4564 3336 4618 Οὐαί
3358 4567 3410 4617 ot
3434 4563 3869 4631 ἐπιθυμοῦντες

2302 4658 2414 4725 τὴν
2442 4657 2669 4726 ἡμέραν
2718 4657 2974 4725 Κυρίου]
3016 4657 3142 4711 Ἵνα
3185 4656 3278 4719 tl;
3309 4654 3477 4723 Ὑμῖν
3508 4655 3661 4721 αὕτη
3695 4658 3867 4709 ἔσται

2302 4748 2535 4812 σκότος,
2570 4746 2665 4799 καὶ
2702 4749 2773 4800 οὐ
2804 4745 2949 4815 φῶς,
2978 4745 3168 4814 ἡμέρα
3192 4746 3451 4810 σκότους
3483 4744 3580 4798 καὶ
3610 4748 3862 4814 γνόφου,

2300 4839 2486 4909 ⁴ιἰμέρα
2521 4839 2919 4905 ταλαιπωρίας
2974 4836 3070 4890 καὶ
3133 4836 3491 4906 ἀφανισμοῦ.
3551 4836 3766 4907 Σφόδρα
3807 4836 3864 4899 δὲ

2302 4932 2538 5003 ἀκριϐῶς
2573 4933 2663 4984 καὶ
2691 4928 2921 4982 ἐνταῦθα
2953 4931 3215 4999 ἐτήρησεν
3237 4932 3264 4983 ὁ
3288 4928 3478 5003 Σωτὴρ
3514 4929 3575 4981 οὐ
3604 4920 3869 4998 πρότερον

2302 5020 2362 5073 τὸ
2395 5020 2504 5090 πῦρ
2546 5019 2713 5071 είπὼν
2744 5018 2839 5071 ἀπ’
2877 5018 3103 5089 ούρανοῦ
3150 5019 3245 5071 καὶ
3289 5018 3350 5070 τὸ
3398 5018 3537 5070 θεῖον
3569 5016 3868 5088 κατεληλυ-

2307 5110 2451 5163 θέναι
2484 5112 2573 5162 ἐπὶ
2601 5112 2723 5172 τοὺς
2750 5112 2806 5161 ὲν
2833 5108 3083 5177 Σοδόμοις
3113 5108 3349 5170 ἀσεϐεῖς,
3380 5107 3413 5176 ἦ
3446 5108 3537 5159 τὸν
3569 5106 3691 5159 Λὼτ
3723 5108 3869 5174 ἐξελ-

2304 5197 2433 5261 θεῖν,
2469 5200 2562 5251 καὶ
2599 5196 2929 5267 χωρισθῆναι
2978 5195 3035 5262 ἐξ
3074 5196 3271 5249 αὐτῶν.
3317 5194 3471 5250 Οῦτω
3504 5196 3598 5247 καλ⁴
3637 5196 3731 5247 ἐπὶ
3772 5196 3866 5249 τοῦ

2304 5288 2680 5358 κατακλυσμοῦ
2712 5288 2772 5340 οὐ
2801 5288 3061 5358 πρότερον
3091 5287 3323 5356 ἐπῆλθεν
3348 5283 3501 5349 οὗτος
3535 5286 3628 5339 καὶ
3659 5288 3867 5350 πάντας

2302 5380 2544 5433 ἀπώλεσε
2574 5382 2697 5443 τοὺς
2728 5380 2864 5433 κατά
2896 5381 2997 5449 γῆν
3023 5379 3325 5441 οἰκοῦντας,
3356 5379 3389 5448 ῆ
3425 5379 3515 5430 τὸν
3545 5376 3667 5429 Νῶε
3698 5378 3867 5429 εἰσελ-

2304 5471 2414 5524 θεῖν
2453 5475 2531 5535 εἱς
2568 5471 2664 5539 τὴν
2707 5470 2955 5523 κιϐωτόν.
3001 5470 3157 5523 Κατὰ
3184 5468 3251 5521 τὰ
3284 5469 3421 5521 αὐτὰ
3452 5469 3622 5520 τοίνυν
3648 5468 3744 5521 καὶ
3775 5468 3866 5521 ἐπὶ

732 5659 779 5692 ’⁵
801 5659 927 5713 Luc.
958 5674 1085 5724 xvii,
1112 5657 1200 5714 23.
1240 5658 1284 5688 "
1308 5656 1492 5710 Matth.
1523 5647 1779 5717 xxiv,l6.
1855 5653 1899 5683 "
1930 5651 2319 5707 Luc.xvn.25.
2392 5654 2434 5685 ³⁷
2471 5654 2601 5707 ibid.
2638 5650 2727 5705 26.
2800 5648 2991 5705 "Luc.
3027 5664 3155 5714 xvn,
3184 5646 3369 5702 98-50.
3446 5649 3490 5680 "
3511 5650 3674 5701 Amos
3700 5662 3754 5711 v,
3780 5645 3864 5702 18.

732 5752 842 5825 (66)
874 5751 1069 5808 Confer
1100 5753 1457 5823 Theophania:
1490 5752 1842 5820 fragmentum
1872 5763 1923 5815 κ,
1943 5748 2045 5803 col.
2066 5746 2196 5802 653.
