4062 6414
264 410 372 472 E83

1467 411 1978 474 COMMENTABIA
2010 415 2078 472 IN
2115 415 2368 474 LUCAM.

3416 426 3522 485 586

259 528 361 598 τῆς
389 527 701 592 συντελείας
726 526 789 581 οὐ
818 524 1083 601 πρότερον
1108 524 1327 584 ῑσεσθαι
1350 527 1443 584 τὸν
1466 529 1835 602 κατακλυσμὸν

1954 538 2127 589 retur.
2157 530 2365 597 Quibus
2390 532 2555 589 etiam
2580 538 2863 595 commode
2902 540 3115 597 dicetur
3144 545 3525 615 propheticum

258 618 363 689 τῆς
408 618 685 683 ἀπωλείας
714 618 824 675 τῶν
854 620 1067 674 ἀσεϐῶν
1100 636 1286 693 φησιν,
1320 620 1354 691 ἢ
1400 620 1728 692 συναχθῆναι
1762 624 1843 685 είς

258 710 363 783 τήν
404 713 727 784 ἐπουράνιον
775 711 871 767 τοῦ
917 713 1053 767 Θεοῦ
1089 712 1342 776 κιϐωτὸν,
1386 715 1479 767 καὶ
1511 713 1842 784 διασωθῆναι

254 805 386 867 τοὺς
410 803 530 865 τότε
554 804 1017 876 εὐρεθησομένους
1037 806 1132 859 τοῦ
1157 804 1294 859 Θεοῦ
1326 805 1667 877 ἀνθρώπους,
1700 806 1842 860 κατά

254 892 320 947 τὸ
348 895 701 968 παράδειγμα
725 894 790 949 τὸ
816 897 911 951 ἐπὶ
956 896 1050 951 τοῦ
1085 896 1209 950 Νῶε
1230 914 1243 927 ’
1277 893 1359 962 οἷς
1386 899 1479 951 καὶ
1519 898 1841 971 λεχθήσεται

254 985 404 1039 κατά
444 985 634 1057 καιρὸν
682 987 745 1040 τὸ
793 988 1131 1061 προφητικὸν
1178 989 1380 1043 ἐκεῖνοδ
1423 984 1651 1056 Βὰδιζε,
1687 991 1839 1056 λαός

247 1093 393 1146 μου,
424 1076 665 1132 εἴσελθε
699 1080 787 1143 εις
808 1078 877 1133 τὸ
897 1079 1139 1149 ταμεῖόν
1162 1091 1302 1145 σου,
1336 1080 1431 1134 καὶ
1454 1075 1700 1155 τάηὲξῆς,
1725 1079 1837 1146 ἕως

251 1160 331 1222 οὗ
378 1165 663 1235 παρέλθοι
700 1168 746 1236 ἡ
788 1169 937 1242 ὀργὴ
984 1172 1237 1239 Κυρίου’
1272 1168 1462 1242 ὥσπερ
1498 1170 1594 1224 καὶ
1622 1170 1715 1223 ἐπὶ
1742 1170 1836 1225 τοῦ

250 1254 380 1309 Λὼτ
405 1257 679 1329 εποίησεν,
713 1261 799 1314 ἵνα
841 1240 915 1332 μῆ
953 1262 1003 1313 oi
1047 1258 1245 1314 δίκαιοι
1290 1240 1695 1316 συναπόλωνται
1725 1262 1841 1325 τοῖς

250 1347 538 1402 ἀσεϐέσινο
572 1349 745 1415 οὕτως
776 1352 869 1405 καὶ
918 1352 1010 1404 ἐπὶ
1039 1352 1139 1422 τῆς
1182 1351 1493 1417 συντελείας
1522 1351 1615 1405 τοῦ
1641 1352 1840 1417 αἰῶνος

250 1438 314 1491 οὐ
350 1438 614 1511 πρότερον
642 1440 779 1512 αὕτη
815 1440 987 1507 ἔσται,
1017 1440 1050 1512 ἢ
1096 1441 1309 1505 πάντας
1356 1444 1483 1506 τοὺς
1511 1443 1605 1495 ἐπὶ
1632 1442 1735 1513 γῆς
1761 1442 1841 1497 δι-

249 1530 442 1595 καίους
482 1533 577 1586 καὶ
617 1532 889 1597 θεοσεϐεῖς
920 1534 1281 1605 ἀφορισθῆναι
1319 1533 1430 1588 τῶν
1464 1533 1700 1598 ἀσεϐῶν,
1744 1534 1839 1589 καὶ

248 1625 585 1697 συναχθῆναι
622 1630 701 1691 είς
748 1627 847 1699 τὴν
896 1629 1217 1701 ἐπουράνιον
1247 1614 1343 1684 τοῦ
1396 1630 1533 1684 Θεοῦ
1595 1628 1828 1685 κιϐωτόν
1848 1646 1865 1664 ’

1950 622 2080 677 illud
2111 638 2125 675 :
2162 621 2330 688 Vade,
2370 624 2560 693 popula
2579 643 2745 692 meus,
2776 631 2918 685 intra
2935 632 2990 686 in
3013 635 3318 691 cubiculum
3351 646 3525 707 tuum,

1949 724 2005 770 et
2054 714 2290 785 reliqua;
2343 717 2506 772 donec
2542 728 2776 773 transeat
2832 722 3126 794 indignatio
3179 725 3394 783 Domini
3416 730 3512 786 ”:

1947 822 2046 863 ceu
2098 807 2235 863 Loto
2288 810 2506 873 accidit,
2538 826 2607 866 ne
2659 814 2788 869 boni
2840 830 2963 871 cum
3021 817 3281 888 improbis
3336 832 3512 878 morte

1947 899 2287 955 irretiantur.
2328 899 2405 955 Ita
2446 903 2634 959 seculi
2676 909 3078 964 consummatio
3101 926 3208 966 non
3241 922 3370 968 ante
3397 928 3526 970 eve-

1948 990 2077 1057 niet,
2111 1006 2272 1061 quam
2298 992 2428 1063 justi
2456 1004 2725 1066 quotquot
2751 996 2803 1051 in
2835 998 2967 1053 orbe
2994 1010 3159 1053 erunt
3186 1015 3251 1057 ac
3281 1002 3521 1073 religiosi

1948 1080 2015 1135 ab
2035 1081 2295 1151 improbis
2324 1084 2734 1153 discernantur,
2763 1097 2928 1156 atque
2956 1088 3010 1142 in
3036 1091 3244 1146 caelesti
3270 1091 3363 1148 Dei
3395 1109 3526 1150 arca

1946 1173 2361 1229 concludantur.
2382 1175 2536 1232 Tunc
2562 1178 2707 1232 enim
2734 1182 3081 1252 neminejam
3107 1183 3250 1239 inter
3273 1184 3525 1244 homines

1941 1261 2089 1333 justo
2138 1268 2457 1335 superstite,
2511 1268 2606 1324 sed
2669 1269 2987 1341 irreligiosis
3044 1274 3296 1330 omnibus
3356 1286 3522 1348 atque

1946 1356 2194 1412 scelestis
2237 1360 2338 1413 sub
2372 1359 2695 1417 Antichristi
2741 1364 2939 1419 vexillo
2977 1366 3319 1436 degentibus,
3348 1377 3515 1439 atque

1947 1447 2220 1515 apostasia
2265 1457 2376 1501 toto
2415 1448 2548 1505 orbe
2595 1450 2812 1517 diffusa,
2840 1452 2923 1508 ira
2957 1454 3174 1510 demum
3213 1456 3307 1513 Dei
3334 1457 3525 1526 plenos

1946 1536 2244 1593 sceleribus
2275 1539 2520 1597 homines
2549 1542 2787 1598 invadet.

1937 1631 2080 1687 οὕτω
2125 1634 2235 1705 γὰρ
2296 1636 2491 1708 μηκέτι
2547 1637 2779 1709 μηδενὸς
2828 1641 3037 1695 δικαίου
3101 1644 3161 1698 ἐν
3218 1644 3527 1716 ἀνθρώποις

248 1718 661 1789 εὑρισκομένου.
695 1720 913 1775 πάντων
942 1721 999 1774 δὲ
1024 1721 1199 1776 ἀθέων
1224 1722 1438 1795 ἀσεϐῶν
1467 1721 1576 1775 τῶν
1596 1720 1701 1777 ὑπὸ
1726 1722 1823 1777 τοῦ
1874 1724 2238 1797 ’Δντιχρίστου
2266 1730 2584 1796 γεγονότων,
2611 1729 2713 1801 τῆς
2752 1749 2812 1785 τε
2839 1734 3177 1801 ἀποστασίας
3214 1739 3335 1793 καθ’
3398 1739 3529 1811 ὅλης

248 1808 352 1880 τῆς
383 1811 707 1883 οἰκουμένης
750 1813 1124 1885 κρατησόωης,
1168 1817 1203 1886 ἡ
1239 1813 1335 1868 τοῦ
1365 1813 1501 1869 Θεοῦ
1526 1814 1665 1888 ὀργὴ
1704 1818 1833 1881 τοὺς
1870 1816 2087 1882 ἀσεϐεῖς
2128 1819 2531 1890 μετελεύσεται.

370 1902 474 1956 Ἐν
510 1902 712 1973 ἐκείνῃ
750 1903 845 1991 τῇ,
862 1904 1053 1975 ἡμέρᾳ
1083 1905 1151 1972 ὃς
1183 1902 1465 1991 dav-fata;
1490 1905 1591 1961 ἐπὶ
1619 1906 1727 1962 τοῦ

776 1973 1061 2044 δώματος,
1094 1992 1149 2029 κ.
1185 1992 1236 2029 τ.
1270 1974 1320 2028 λ.

324 2065 587 2135 Σημαίνει
618 2064 677 2118 δὲ
720 2064 810 2120 me
840 2066 1042 2121 τούτων
1086 2066 1178 2121 τὸν
1220 2067 1365 2121 κατά
1412 2066 1522 2121 τῶν
1565 2066 1836 2122 θεοσεϐῶν

246 2156 745 2227 ἐπενεχθησόμενον
762 2157 1002 2230 διωγμὸν
1022 2157 1127 2212 ὑπὸ
1149 2157 1245 2212 τοῦ
1266 2157 1383 2211 υίοῦ
1404 2159 1507 2230 τῆς
1537 2159 1831 2225 ἀπωλείας.

256 2247 507 2320 Ἥμέραν
527 2249 585 2302 δὲ
612 2249 828 2321 εκείνην
857 2248 1113 2321 ὀνομάζει
1141 2247 1234 2304 τὸν
1264 2250 1453 2322 χρόνον
1487 2249 1581 2304 τὸν
1608 2251 1714 2324 πρὸ
1735 2251 1835 2322 τῆς

248 2340 583 2404 συντελείας,
616 2343 675 2395 ὲν
705 2333 751 2409 ᾧ
775 2356 939 2413 φησιν
957 2357 971 2372 ο
1013 2341 1077 2395 '0
1104 2342 1342 2412 φεύγων
1370 2341 1459 2412 μὴ
1490 2341 1837 2412 ἐπιστρεφέ-

246 2449 349 2496 τω,
399 2431 556 2502 μηδὲ
595 2430 860 2502 μιμητὴς
903 2431 1159 2500 γινέσθω
1198 2431 1313 2501 τῆς
1356 2434 1644 2503 γυναικὸς
1682 2432 1834 2501 Λὼτ,

245 2524 372 2593 ἥτις
403 2522 543 2594 μετά
571 2523 634 2576 τὸ
663 2525 854 2594 φυγεῖν
882 2524 978 2578 καὶ
1001 2522 1108 2589 ἔξω
1127 2523 1383 2593 γενέσθαι
1407 2525 1507 2596 τῆς
1529 2525 1835 2597 Σοδομιτῶν

248 2613 458 2685 χώρας.
491 2616 792 2686 στραφεῖσα
822 2616 904 2678 είς
927 2613 996 2668 τὰ
1031 2614 1227 2679 ὀπίσω,
1258 2614 1638 2689 ἀπενεκρώθη,
1664 2617 1831 2689 στήλη

252 2706 382 2769 ἁλὸς
430 2704 717 2778 γενομένη.
779 2706 1041 2776 Ἀφειδεῖν
1091 2706 1201 2780 γάρ
1248 2706 1373 2760 τότε
1424 2709 1692 2780 προσήκει
1736 2708 1834 2780 οὐχ

248 2797 606 2870 ὑπαρχόντων
637 2797 816 2869 μόνον,
838 2796 975 2852 ἀλλά
997 2798 1089 2852 καὶ
1118 2799 1219 2870 τῆς
1252 2798 1461 2853 ἑαυτῶν
1489 2800 1633 2871 ζωῆς
1659 2817 1718 2853 τε
1738 2800 1836 2855 καὶ

245 2888 427 2960 ψυχῆς
465 2888 591 2952 τοὺς
633 2888 692 2941 ιν
731 2888 882 2959 μέσῳ
914 2888 1013 2960 τῆς
1052 2890 1387 2954 ἀποστασίας
1417 2889 1833 2961 καταληφθησο-

252 2978 472 3050 μὲνους,
504 2980 733 3049 μήποτε,
765 2978 1115 3051 βουληθέντες
1158 2982 1260 3052 τῆς
1299 2980 1510 3035 ἑαυτῶν
1548 2982 1834 3054 περιποιής

248 3070 451 3129 θῆσθαι
482 3069 815 3142 προσκαίρου
845 3069 1013 3142 ζωῆς,
1044 3071 1142 3125 σὺν
1168 3068 1343 3145 ταύτῃ
1371 3071 1465 3124 καὶ
1491 3070 1591 3143 τήν
1616 3069 1835 3125 αἰώνιον

247 3158 398 3231 ζωὴν
466 3158 807 3225 ἀπολέσειαν,
874 3160 941 3230 τῇ
992 3158 1299 3231 ἀποστασία
1357 3159 1585 3223 ἑαυτοὺς
1651 3174 1835 3231 παρα-

246 3251 453 3315 δόντες.

252 3343 448 3409 Ταύτῃ
466 3338 542 3407 τῇ
554 3339 727 3394 νυκτί
747 3338 989 3395 ἔσονται
1004 3338 1113 3393 δύο
1130 3338 1231 3393 ἐπὶ
1246 3340 1463 3408 κλίνης
1470 3338 1633 3409 μιᾶς,
1646 3358 1682 3394 κ
1714 3357 1767 3394 τ.
1779 3339 1829 3393 λ.

319 3430 535 3500 Σφόδρα
560 3429 619 3484 δὲ
646 3428 973 3500 θαυμαστῶς
1007 3428 1101 3483 τὸν
1143 3430 1242 3500 τῆς
1277 3428 1612 3493 ἀποστασίας
1644 3428 1835 3501 καιρὸν

247 3522 347 3575 καὶ
372 3521 474 3592 τήν
520 3520 778 3592 στέρησιν
818 3518 913 3591 τοῦ
955 3518 1144 3593 νοεροῦ
1185 3519 1401 3589 λογικοῦ
1445 3519 1624 3590 φωτὸς
1662 3518 1835 3574 νύκτα

246 3620 530 3689 ὠνόμασε·
565 3616 758 3680 νυκτὸς
783 3614 892 3687 γὰρ
919 3616 1014 3669 καὶ
1041 3614 1265 3679 σκάτους
1297 3614 1496 3686 χείρων
1522 3616 1558 3686 ὴ
1580 3613 1702 3667 τότε
1727 3613 1835 3668 τῶν

248 3707 557 3781 ἀνθρώπων
585 3706 739 3761 ἔσται
764 3705 1098 3770 κατάστασις
1136 3705 1226 3759 διά
1254 3706 1354 3776 τὴν
1384 3705 1833 3777 ἐπικρατήσασαν

247 3799 431 3856 αὐτῶν
464 3796 647 3852 ἀνοιάν
672 3813 734 3850 τε
756 3798 852 3851 καὶ
893 3795 1121 3868 πλάνην.
1149 3795 1239 3848 Διό
1272 3809 1426 3866 φησι·
1458 3793 1622 3865 Λέγω
1654 3793 1830 3864 ῠμῒνο

247 3890 367 3944 Δύο
393 3888 640 3942 ἔσονται
667 3885 767 3941 ἐπὶ
794 3885 1009 3954 κλίνης
1033 3884 1131 3939 καὶ
1159 3883 1268 3939 δύο
1292 3883 1389 3938 ἐπὶ
1410 3882 1711 3954 μυλῶνος,
1745 3877 1834 3950 εἷς

244 3977 858 4049 παρα-λαμϐανόμενος
888 3976 969 4040 ὡς
999 3975 1315 4044 ἀλλότριος
1348 3972 1463 4042 τῆς
1496 3972 1699 4045 ὁρτῆς.
1730 3972 1832 4027 και

244 4066 351 4138 σις’
370 4069 705 4139 ἀφιέμενος.
736 4066 893 4122 ὥστε
934 4064 1011 4136 τῆ
1054 4064 1202 4137 dmi
1237 4064 1833 4136 «Wconwumc.

248 4167 285 4219 ὁ
324 4162 700 4231 θησαυρίσας
721 4157 915 4226 ἑαυτῷ
941 4157 1129 4229 ὀργὴν
1164 4158 1236 4212 ἐν
1270 4157 1461 4227 ἡμέρᾳ
1497 4156 1682 4229 ὁρτῆς
1696 4175 1710 4188 ·
1763 4158 1831 4211 δι’

246 4246 327 4309 ῶν
358 4252 650 4323 παρίστησι
676 4250 767 4305 τὸν
798 4249 1077 4321 χωρισμὸν
1097 4247 1207 4303 τῶν
1233 4247 1404 4317 ἀγιων
1450 4249 1544 4302 καὶ
1567 4246 1832 4317 θεοφιλῶν

244 4342 440 4416 ψυχῶν
473 4342 564 4395 τδν
591 4340 699 4396 ἀπὸ
719 4340 825 4393 τῶν
851 4338 1087 4395 ἀσεϐῶν.
1118 4338 1235 4392 Ἵνα
1267 4337 1377 4411 γὰρ
1408 4336 1483 4410 μὴ
1506 4336 1833 4409 ἀδιακρίτως

246 4432 549 4491 ἀπελθοῦσα
599 4435 633 4505 ἡ
687 4432 825 4505 ὀργὴ
862 4432 957 4486 καὶ
995 4430 1105 4485 τῶν
1152 4430 1376 4485 δικαίων
1422 4430 1828 4502 παραλήψεται,

246 4523 537 4597 προλαϐὼν
572 4524 601 4576 ὁ
638 4523 772 4588 Θεὸς
805 4522 993 4595 ῶσπερ
1031 4521 1123 4575 τὸν
1167 4519 1292 4576 Λὼτ
1333 4520 1676 4591 προεξήγαγε
1727 4520 1831 4588 τῆς

2073 1908 2117 1941 ⁸⁸
2147 1909 2457 1983 Quicunque
2487 1912 2581 1969 illa
2608 1913 2698 1969 die
2724 1916 2885 1986 fuerit
2908 1918 2963 1972 in
2991 1930 3149 1989 tecto,
3169 1934 3276 1980 etc.

2015 2061 2129 2118 Hoc
2153 2063 2301 2120 dicto
2330 2066 2606 2137 signiﬁcat
2640 2075 3078 2141 persecutionem
3128 2093 3290 2148 quam
3335 2082 3529 2138 adver-

1946 2168 2041 2207 sus
2073 2153 2246 2211 bonos
2280 2159 2583 2215 concitabit
2629 2165 2953 2231 perditionis
3005 2168 3170 2225 filius.
3225 2170 3340 2227 Diei
3390 2188 3523 2230 vero

1944 2243 2088 2299 illius
2112 2247 2333 2303 nomine
2369 2251 2609 2319 appellat
2653 2262 2888 2324 tempus,
2929 2261 3074 2329 quod
3102 2266 3525 2320 consummatio-

1943 2348 2067 2389 nem
2116 2338 2368 2407 proxime
2401 2344 2703 2410 praecedet;
2738 2360 2847 2414 quo
2898 2358 3165 2416 tempore,
3217 2353 3314 2412 ait.
3358 2369 3520 2411 nemo

1944 2427 2223 2497 respiciat,
2252 2446 2430 2500 neque
2460 2434 2581 2489 Loti
2611 2452 2837 2491 uxorem
2870 2440 3137 2508 imitetur,
3160 2458 3283 2513 qua:
3313 2445 3367 2499 in
3391 2444 3521 2516 fuga

1942 2530 2226 2591 postquam
2274 2522 2679 2584 Sodomitarum
2731 2529 2869 2586 fines
2904 2547 3235 2603 excesserat,
3274 2551 3397 2592 cum
3435 2554 3524 2595 re-

1942 2613 2156 2681 spicere
2210 2615 2489 2683 voluisset,
2522 2620 2576 2674 in
2620 2632 2850 2677 mortem
2898 2624 3112 2693 incidit,
3169 2635 3350 2683 statua
3388 2630 3523 2687 salis

1942 2702 2157 2761 etI'ecta.
2209 2705 2473 2780 Prodigos
2505 2713 2652 2767 enim
2690 2723 2819 2771 tunc
2846 2731 2969 2772 esse
3008 2728 3226 2789 oportet
3279 2736 3388 2776 non
3439 2724 3523 2781 rei

1940 2792 2229 2854 familiaris
2264 2804 2665 2870 tantummodo,
2693 2820 2881 2861 verum
2916 2809 3078 2865 etiam
3110 2812 3234 2867 vita:
3254 2827 3369 2868 suae
3402 2814 3523 2869 ani-

1941 2902 2152 2957 mmque
2184 2888 2319 2961 (67),
2357 2906 2452 2946 eos
2481 2894 2573 2962 qui
2631 2895 2685 2948 in
2737 2900 3026 2965 apostasia:
3064 2912 3279 2957 aetatem
3329 2904 3521 2959 incur-

1942 2991 2097 3048 rent;
2126 2995 2193 3036 ne
2224 2982 2353 3036 dum
2403 2985 2643 3039 animam
2677 3002 2832 3042 suam
2878 2988 3219 3049 conservare
3241 3003 3520 3065 tempora-

1941 3068 2087 3140 lique
2119 3073 2241 3127 vita!
2273 3088 2499 3143 parcere
2543 3078 2780 3141 student,
2808 3081 2948 3135 hanc
2979 3082 3143 3137 simul
3173 3094 3228 3139 et
3254 3095 3516 3141 aeternam

1940 3163 2111 3217 vitam
2142 3165 2413 3231 amittant,
2445 3166 2572 3222 dum
2614 3184 2676 3225 se
2715 3172 3002 3241 apostasia
3058 3174 3235 3231 victos
3281 3180 3515 3248 permit-

1863 3265 1907 3323 ο
1942 3261 2080 3307 ιυηι.

2100 3345 2144 3378 ³²
2173 3344 2277 3401 Illa
2307 3358 2456 3403 nocte
2480 3351 2585 3405 duo
2607 3362 2759 3407 erunt
2793 3356 2850 3408 in
2883 3355 3015 3411 lecto
3038 3375 3164 3420 uno,
3203 3368 3312 3416 etc:

2004 3435 2232 3492 ilriiice
2260 3439 2546 3495 admodum
2578 3446 2864 3513 apostasia:
2902 3458 3111 3519 tempus
3140 3465 3204 3505 ac
3236 3454 3521 3515 rationalis

1936 3524 2221 3582 orbitatem
2267 3528 2489 3588 luminis
2528 3545 2744 3591 noctem
2800 3540 3109 3608 appellavit.
3151 3542 3321 3602 Nocte
3369 3549 3516 3606 enim

1938 3619 2289 3690 tenebrisque
2311 3623 2583 3681 deteriora
2615 3640 2776 3684 erunt
2805 3640 2932 3686 tunc
2972 3632 3255 3691 hominum
3294 3637 3514 3709 ingenia

1933 3720 2154 3780 propter
2178 3712 2403 3769 oausam
2432 3716 2498 3772 iis
2524 3719 2817 3776 amentiam
2862 3733 3023 3793 atque
3042 3740 3306 3789 errorem.
3322 3730 3515 3799 ‘Quare

1934 3802 2009 3855 ait
2040 3817 2055 3857 :
2093 3801 2231 3860 Dico
2265 3806 2417 3862 vobis
2446 3823 2460 3860 :
2502 3809 2617 3866 Duo
2640 3822 2802 3867 erunt
2832 3815 2885 3868 in
2919 3815 3077 3883 lecto,
3108 3829 3162 3872 et
3196 3819 3302 3876 duo
3337 3823 3390 3876 in
3425 3824 3515 3893 pi-

1934 3889 2146 3959 strino;
2177 3909 2316 3950 unus
2354 3902 2736 3965 assumendus,
2764 3904 2891 3973 quia
2938 3905 3033 3961 ire
3065 3908 3394 3979 immerens;
3425 3889 3512 3969 al-

1936 3990 2021 4035 ter
2051 3983 2459 4054 relinquendus,
2490 3999 2679 4059 utpote
2716 3994 2901 4050 ultrici
2941 3995 3038 4052 ira:
3082 3999 3388 4067 obnoxius,
3421 4006 3518 4075 qui

1934 4071 2037 4128 sibi
2067 4075 2317 4134 videlicet
2336 4078 2475 4136 iram
2504 4082 2894 4142 thesaurizavit
2920 4088 2972 4143 in
3004 4090 3146 4145 diem
3170 4090 3284 4148 iraa.
3310 4071 3515 4161 Quam-

1934 4164 2123 4220 obrem
2159 4167 2306 4223 sistit
2340 4182 2655 4229 sanctarum
2697 4176 2917 4249 Deoque
2967 4181 3261 4237 chararum
3300 4187 3513 4241 anima-

1932 4268 2054 4310 rum
2098 4257 2168 4314 ab
2211 4258 2474 4333 improbis
2521 4266 2866 4325 divisionem.
2919 4272 3133 4329 Etenim
3192 4290 3263 4332 ne
3309 4288 3516 4336 temere

1931 4351 2323 4419 superveniens
2357 4355 2492 4411 ultio
2513 4357 2691 4428 justus
2728 4373 2946 4433 quoque
2974 4365 3225 4424 homines
3267 4372 3511 4441 corripe-

1933 4446 2039 4507 ret,
2065 4441 2215 4498 dedit
2248 4457 2461 4503 mature
2485 4464 2701 4519 operam
2735 4453 2877 4535 Deus
2907 4464 2967 4510 ut
3007 4454 3203 4513 Lotum
3242 4457 3512 4517 Sodomo-

1932 4542 2054 4581 rum
2076 4531 2244 4587 exitio
2272 4536 2618 4596 subduceret.
2682 4531 2945 4599 Similiter
2992 4544 3336 4618 impendente
3370 4565 3509 4609 con-

248 4617 499 4688 Σοδόμων
535 4613 937 4687 καταστροφῆς.
993 4611 1097 4667 Τὸν
1142 4611 1307 4667 αὐτὸν
1340 4612 1541 4713 τρόπον
1577 4611 1673 4664 καὶ
1718 4611 1828 4713 πρὸ

1938 4624 2337 4690 summatione,
2364 4631 2678 4701 priusquam
2735 4635 2933 4707 impios
2978 4601 3111 4695 ulti-0
3158 4643 3411 4713 invadat,
3441 4662 3512 4703 ne

244 4709 350 4780 τῆς
376 4706 699 4770 συντελείας,
732 4707 861 4779 πρὶν
888 4704 1134 4759 επελθεῖν
1161 4703 1259 4776 τὴν
1294 4702 1436 4756 κατά
1463 4702 1571 4755 τῶν
1612 4702 1823 4757 ἀσεϐῶν

246 4800 441 4872 ὀργήν,
458 4800 547 4853 ἴνα
570 4798 645 4871 μὴ
666 4799 761 4853 σὺν
786 4796 865 4870 τῷ
886 4798 1076 4869 κόσμῳ
1098 4794 1503 4869 κατακριθῶσιν
1528 4796 1578 4847 οἱ
1600 4796 1821 4861 δίκαιοι,

247 4891 525 4965 χωρισμὸς
550 4891 701 4944 ἔσται
727 4889 834 4945 τῶν
856 4888 1119 4961 θεοφιλῶν
1144 4887 1349 4960 ψυχῶν,
1376 4887 1623 4957 ἀγγέλων
1652 4888 1823 4952 αὐτὰς

244 4982 780 5055 διαχωριζόντωνμαὶ
794 4979 1280 5055 παραληψομένων·
1300 4977 1442 5032 ὥστε
1464 4981 1523 5032 ὲν
1543 4980 1638 5050 μιᾷ
1659 4995 1825 5051 στρω-

248 5076 359 5148 μνῇ
384 5074 528 5128 δυοῖν
570 5072 975 5143 κατακειμένων
1010 5072 1106 5126 ἕνα
1152 5070 1250 5142 μὲν
1280 5068 1370 5124 τὸν
1403 5070 1495 5124 τοῦ
1514 5068 1648 5123 Θεοῦ
1674 5071 1822 5135 ἀξιον

246 5163 789 5236 παραλαμϐάνεσθαι,
825 5164 916 5217 τὸν
941 5164 998 5217 δὲ
1034 5164 1221 5234 ἕτερον
1270 5162 1715 5227 καταλείπεσθαι,
1741 5162 1819 5225 ὡς

244 5258 398 5323 ἀξιον
438 5258 536 5327 τῆς
569 5257 689 5309 τότε
722 5255 1169 5327 καταληψομὲνης
1213 5256 1339 5320 τοὺς
1366 5255 1585 5316 ἀσεϐεῖς
1626 5252 1816 5325 ὀργῆς.

243 5350 359 5403 Καὶ
381 5349 473 5401 επὶ
492 5347 599 5400 τῶν
624 5347 711 5417 ὑφ’
736 5347 816 5401 ἑνὶ
840 5346 1040 5418 μυλῶνι
1066 5346 1399 5417 ἀληθουσῶν,
1429 5348 1459 5398 ὁ
1481 5347 1642 5409 αὐτὸς
1662 5347 1820 5416 λόγος

244 5437 424 5495 ἔσται.
474 5438 801 5510 ’Δληθούσας
845 5439 905 5493 δὲ
948 5438 1194 5509 ὠνόμασε
1238 5437 1338 5503 τὰς
1377 5438 1469 5493 τὸν
1502 5438 1692 5509 εὐτελῆ
1726 5442 1818 5491 καὶ

1933 4730 2054 4769 cum
2087 4718 2289 4773 mundo
2318 4718 2450 4788 justi
2481 4723 2829 4793 damnentur,
2857 4728 3151 4787 discrimen
3177 4733 3270 4789 fiet
3294 4737 3506 4793 anima-

1930 4818 2049 4857 rum
2087 4804 2194 4862 Deo
2215 4808 2528 4877 chararum,
2568 4817 2777 4886 angelis
2805 4831 2905 4888 eas
2944 4820 3310 4880 dividentibus
3335 4836 3501 4897 atque

1928 4900 2329 4957 assumentihus
2359 4919 2374 4956 :
2414 4905 2487 4959 ita
2518 4915 2578 4960 ut
2608 4923 2639 4962 e
2668 4909 2879 4966 duobus
2920 4912 2974 4966 in
3015 4918 3205 4970 eodem
3238 4917 3379 4974 lecto
3413 4922 3505 4990 ja-

1928 4991 2199 5061 centibus,
2226 5011 2365 5052 unus
2392 4999 2584 5070 dignus
2616 5013 2947 5073 assumatur,
2980 5007 3121 5063 alter
3149 5010 3499 5083 derelinquun-

1932 5092 2047 5147 tur,
2074 5094 2262 5155 utpote
2309 5088 2529 5149 ultionis
2575 5108 2696 5163 qua
2743 5107 2871 5154 tunc
2915 5101 2983 5156 de
3031 5102 3213 5173 impiis
3261 5116 3508 5161 sumetur

1929 5190 2165 5232 merens.
2198 5177 2455 5252 Idemque
2480 5186 2691 5242 accidet
2717 5188 2925 5245 duabus
2950 5208 3170 5264 quoque
3193 5194 3245 5248 in
3269 5195 3503 5264 pistrino

1927 5270 2398 5329 commolentibus.
2432 5276 2695 5334 Molentes
2736 5291 2915 5337 autem
2960 5285 3089 5339 dicit
3142 5286 3407 5353 feminas,
3446 5298 3505 5343 ut

1927 5361 2190 5428 signiticet
2216 5365 2357 5431 vilis,
2378 5369 2740 5439 pauperrima:
2759 5384 2925 5442 atque
2953 5375 3153 5432 infima
3172 5380 3502 5434 conditionis

1926 5442 2193 5503 homines.
2217 5447 2472 5510 Jacentes
2496 5466 2679 5511 autem
2708 5458 2760 5512 in
2790 5459 2946 5517 lectis
2980 5462 3136 5529 dicit,
3168 5480 3269 5534 pro
3300 5466 3502 5523 libera-

326 5619 374 5654 ³⁸
404 5620 509 5676 Isa.
537 5636 687 5688 xm,
709 5618 802 5679 20.
878 5621 922 5653 ⁸¹
954 5620 1086 5678 Luc.
1116 5637 1253 5688 aut,
1290 5622 1383 5678 3!.
1420 5640 1425 5645 ·
1458 5622 1504 5655 ³⁸
1548 5622 1683 5679 Luc.
1708 5639 1844 5693 xvtt,
1864 5628 1956 5683 δι.

320 5756 575 5853 (θηρίῳ
605 5774 767 5853 sensu
804 5761 1276 5853 animaeAqugqne
1317 5780 1429 5823 ante
1472 5766 1729 5838 prodigus
1777 5768 1977 5840 aliquis
2036 5786 2159 5833 esse
2196 5778 2390 5848 possit,
2446 5780 2644 5839 videsis
2684 5783 2825 5853 apud
2858 5783 3150 5839 Eusebium
3198 5785 3250 5839 in
3299 5787 3500 5843 nostris

252 5823 601 5899 Tumidum
626 5827 962 5901 fragmentis,
992 5823 1097 5889 col'.
1135 5823 1260 5889 671.

567 5922 838 5988 Panos.
883 5924 1002 5992 Gs.
1047 5926 1277 5991 XXIV.

3106 5940 3183 6000 19
