4062 6420
617 462 731 528 ιςτ
1279 452 1540 510 EUSEBII
1576 449 2036 507 CESABIENSIS
2071 448 2221 505 OPP.
2261 448 2437 503 PARS
2475 449 2564 504 lli.
2604 478 2674 490 -
2710 445 3123 504 EXEGETICA.
3733 447 3835 504 588

629 580 696 639 lis
746 588 798 635 et
840 578 995 632 lauta
1040 574 1162 630 vite
1219 573 1555 628 mortalibus.
1612 569 1759 625 Hanc
1800 570 1967 639 ipsam
2022 569 2169 624 locu-
2196 574 2233 630 Α

2226 588 2241 629 ι
2270 569 2520 639 πενιχρὸν
2547 568 2637 621 καὶ
2664 568 2886 638 ἔσχατον
2915 573 2973 618 εν
2997 565 3301 637 ἀνθρώποις
3321 565 3675 629 δωντλοῦσας
3702 567 3830 637 βίον·

630 671 828 725 tionem
856 667 1011 720 habet
1047 663 1244 731 Hoysis
1272 660 1577 731 Scriptura,
1600 658 1690 713 ubi
1718 658 1915 712 dicitur
1945 672 2168 727 perven-

2265 655 2356 705 ἐπὶ
2395 655 2579 723 κλίνης
2603 655 2659 707 δὲ
2673 657 2797 716 τοὺς
2825 653 2915 705 τὸν
2954 653 3235 723 ἐλεύθερον
3259 656 3353 706 καὶ
3376 656 3563 708 άνετον
3584 653 3700 724 βίον
3722 672 3838 725 μετ-

628 768 749 814 tura
793 755 1029 809 vindicta
1071 767 1100 804 a
1144 750 1441 804 Pharaonis
1483 749 1838 820 primogenita
1888 762 2058 815 usque
2102 747 2167 799 ad

2266 744 2606 815 ερχομένους.
2636 744 2803 796 Τοῦτο
2822 744 2875 795 δὲ
2900 746 3238 813 παραστήσει
3260 747 3291 813 ἡ
3312 744 3590 806 Μωῦσέως
3652 747 3837 817 γραφὴ

626 842 1348 911 molentempinsentemque
1381 839 1435 892 in
1468 840 1716 908 pistrino.
1758 837 1991 891 Extremi
2023 837 2166 892 enim

2266 834 2323 885 ἐν
2420 850 2580 903 φησιν
2608 835 2638 885 6
2664 833 2820 900 λόγος
2853 832 3002 902 ἥξειν
3042 834 3143 902 τὴν
3165 834 3331 904 ὀργὴν
3359 834 3466 886 ἀπὸ
3491 836 3840 905 πρωτοτόκου

627 936 873 991 humana:
901 930 1221 986 conditionis
1252 928 1486 994 termini,
1513 930 1796 996 opulentus
1819 927 2091 992 videlicet,
2116 936 2171 981 et

2266 926 2483 996 Φαραὼ,
2535 926 2627 979 καὶ
2658 925 2762 987 ἕως
2795 926 2890 994 τῆς
2939 924 3241 994 ὰληθούσης
3290 926 3383 978 καὶ
3428 926 3739 995 πεσσούσης
3782 928 3842 980 ἐν

627 1024 846 1081 humilis
872 1032 1028 1088 atque
1053 1018 1318 1085 abiectus,
1353 1018 1437 1073 bis
1466 1018 1644 1073 verbis
1685 1019 2039 1088 attinguntur.
2078 1019 2170 1073 Sic

2268 1016 2345 1086 τῷ
2380 1016 2596 1086 μυλῶνι.
2632 1015 2712 1065 Τὰ
2741 1014 2847 1085 γὰρ
2873 1015 3016 1085 ἄκρα
3044 1014 3149 1066 τῶν
3181 1014 3299 1067 κατ’
3332 1014 3655 1085 ἀνθρώπους
3684 1015 3840 1084 βίων,

627 1132 769 1171 nunc
820 1125 1027 1183 quoque
1083 1111 1213 1163 duos
1251 1110 1306 1162 in
1349 1107 1490 1165 lecto
1539 1124 1648 1164 uno
1673 1109 1988 1175 memoravit
2022 1108 2171 1163 Scri-

2268 1106 2359 1158 106
2402 1122 2459 1158 τε
2506 1104 2712 1168 ἐνδόξου
2757 1106 2848 1157 τοῦ
2889 1104 3299 1177 ἀπερῤιμμένου
3337 1106 3429 1157 καὶ
3467 1107 3723 1175 ἐσχάτου,
3752 1106 3843 1159 διὰ

628 1218 782 1275 ptura
802 1245 818 1268 ,
848 1210 903 1258 ut
936 1201 1173 1257 liberalis
1202 1200 1321 1252 vitae
1344 1200 1586 1254 homines
1619 1201 1866 1254 innueret
1894 1216 1909 1265 ;
1945 1215 2169 1269 quorum

2269 1198 2470 1250 τούτων
2512 1198 2539 1248 6
2570 1196 2724 1264 λόγος
2751 1198 3088 1266 παρέστησεν
3111 1212 3124 1224 ·
3157 1193 3329 1257 οὕτως
3356 1191 3448 1247 οὖν
3477 1197 3571 1247 καὶ
3598 1196 3841 1250 ἐνταῦθα

627 1310 766 1349 unus
810 1300 1144 1353 assumetur,
1192 1290 1278 1357 qui
1329 1288 1419 1342 Dei
1469 1290 1735 1343 electione
1774 1290 2001 1359 dignus;
2037 1289 2171 1342 alter

2269 1284 2362 1340 δύο
2404 1287 2494 1339 ἐπὶ
2537 1285 2719 1355 κλίνης
2763 1287 2889 1354 μιᾶς
2934 1287 3214 1354 εἰσήγαγε,
3254 1284 3377 1346 τοὺς
3418 1284 3516 1353 τὴν
3549 1284 3845 1355 ἐλευθέραν

627 1385 977 1452 relinquetur,
1001 1383 1089 1449 qui
1110 1393 1293 1449 poena
1325 1388 1407 1433 est
1433 1378 1624 1434 allinis.
1670 1378 1933 1433 Similiter
1968 1379 2167 1432 molen-

2270 1376 2415 1447 ζωὴν
2450 1376 2725 1446 μετιόντας
2759 1374 3131 1443 αἰνιξάμενος·
3170 1376 3197 1424 6
3226 1368 3304 1436 εἷς
3329 1374 3842 1445 παραληφθήσεται,

627 1480 709 1523 tes
736 1470 853 1523 duae
904 1469 1275 1532 intelliguntur
1301 1481 1419 1535 qua:
1444 1467 1586 1520 inter
1617 1468 1862 1521 homines
1885 1466 2166 1521 obscuram

2270 1469 2299 1518 6
2324 1467 2469 1531 ἄξιος
2494 1466 2592 1534 τῆς
2618 1465 2722 1517 ἀπὸ
2748 1466 2839 1516 τοῦ
2884 1464 3017 1516 Θεοῦ
3048 1464 3302 1533 ἐκλογῆς·
3332 1466 3361 1516 6
3382 1464 3437 1516 δὲ
3475 1464 3662 1534 ἕτερος
3708 1466 3848 1534 ἀφε-

624 1570 681 1613 et
735 1572 1020 1627 pauperem
1070 1558 1231 1610 vitam
1286 1558 1496 1621 agitant
1539 1573 1552 1609 :
1592 1572 1818 1626 quarum
1869 1558 1998 1612 item
2052 1572 2171 1627 qua:

2271 1556 2510 1626 θήσεται,
2538 1555 2776 1625 δηλονότι
2812 1557 2841 1608 ό
2874 1557 2970 1623 τῆς
2998 1554 3164 1623 ὀργῆς
3187 1556 3383 1617 οἰκεῖος
3403 1571 3415 1583 ·
3446 1553 3709 1619 ὡσαύτως
3748 1555 3848 1608 δύο

622 1648 767 1718 iusta
793 1657 896 1713 est,
923 1645 1241 1711 as'sumetur,
1270 1645 1438 1701 altera
1467 1645 1815 1714 relinquetur.

2269 1647 2564 1717 ἀλήθουσαι
2596 1641 2704 1697 εἷεν
2737 1644 2802 1697 ἂν
2844 1646 2899 1696 ai
2944 1645 3004 1696 ἐν
3031 1643 3335 1713 ἀνθρώποις
3376 1642 3466 1696 τὸν
3508 1645 3700 1715 ἄτιμον
3747 1646 3846 1699 καὶ

2269 1736 2521 1805 πενιχρὸν
2549 1736 2660 1805 βίον
2688 1732 2965 1804 μετιοῦσαι
2982 1750 2995 1763 ·
3024 1727 3100 1786 ὧν
3121 1734 3280 1786 πάλιν
3306 1736 3338 1805 ἡ
3366 1734 3631 1805 κρείττων
3658 1752 3843 1807 παρα-

2270 1826 2624 1895 ληφθήσεται,
2653 1827 2685 1893 ὴ
2713 1826 2768 1877 δὲ
2792 1824 2953 1893 ἑτέρα
2977 1822 3329 1895 ἀφεθήσεται.

625 1908 672 1945 ⁸³
696 1910 887 1981 Dicunt
918 1910 1000 1963 ei:
1022 1907 1270 1981 Ubinam,
1298 1906 1682 1981 Dontinei_Qui
1711 1907 2015 1981 respondit;
2035 1906 2078 1961 ι]
2086 1906 2135 1977 bi
2200 1890 2229 1945 Ἐ

2238 1896 2243 1940 ⁵
2272 1890 2564 1981 Λέγουσιν
2587 1890 2774 1981 αὐτῷ·
2811 1890 2954 1975 Ποῦ,
2989 1890 3197 1979 Κύριε;
3237 1914 3299 1965 Ὀ
3331 1912 3399 1965 δὲ
3423 1905 3591 1966 εἶπεν
3614 1914 3842 1981 αὐτοῖς·

717 1979 872 2049 fuerit
905 1993 1119 2049 corpus,
1157 1977 1285 2030 illuc
1306 1975 1749 2045 congregabantur
1779 1986 1825 2029 et
1850 1976 2062 2044 aquilis.
2131 1975 2135 1977 ’
2306 1984 2321 2001 “

2306 1975 2494 2035 Ὅπου
2517 1982 2581 2034 τὸ
2604 1975 2792 2050 σῶμα,
2806 1982 2926 2035 ἐκεῖ
2946 1975 3433 2049 συναχθήσονται
3452 1984 3548 2035 καὶ
3569 1986 3622 2035 οὶ
3639 1975 3824 2035 ἀετοί.

695 2068 1099 2126 Sciscitantibus
1143 2066 1411 2134 discipulis
1451 2081 1466 2119 :
1505 2062 1746 2128 Ubinam,
1778 2063 2037 2118 Domine?
2072 2080 2170 2121 vo-

2350 2072 2764 2143 Ἐρωτησάντων
2809 2073 2917 2124 τῶν
2966 2070 3248 2142 μαθητῶν·
3281 2072 3495 2139 Κύριε,
3549 2071 3700 2135 ποῦ;
3751 2073 3850 2125 καὶ

624 2163 965 2230 lentlbusque
987 2173 1307 2229 cognoscere
1331 2196 1348 2222 ,
1385 2158 1598 2212 ubinam
1636 2156 1773 2210 alter
1816 2171 1883 2209 ex
1920 2156 2023 2211 illis
2057 2172 2162 2211 non

2272 2162 2631 2233 βουληθέντων
2678 2161 2865 2231 μαθεῖν
2911 2160 3015 2213 ποῦ
3065 2162 3555 2233 καταλειφθήσεται
3586 2165 3614 2215 6
3655 2164 3850 2233 ἕτερος

629 2252 920 2320 assumptis
954 2249 1315 2317 relinquetur:
1352 2244 1491 2311 Ubi,
1520 2246 1721 2314 inquit,
1757 2245 1917 2314 fuerit
1960 2263 2169 2314 corpus,

2269 2252 2373 2304 τῶν
2405 2251 2525 2321 (μὴ)
2565 2249 3053 2320 παραληφθέντων·
3106 2251 3318 2313 Ὅπου,
3351 2252 3507 2320 φησὶ,
3544 2250 3612 2303 τὸ
3649 2249 3848 2318 σῶμα,

627 2340 711 2395 vel
749 2341 998 2402 cadaver,
1030 2346 1088 2391 ut
1122 2338 1195 2390 ait
1224 2335 1532 2403 Matthaeus,
1554 2334 1682 2388 illuc
1720 2337 2175 2404 congregabantur

2271 2342 2303 2412 ἢ
2339 2341 2404 2393 τὸ
2446 2339 2652 2408 πτῶμα
2700 2341 2839 2392 κατὰ
2870 2340 3166 2406 Ματθαῖον,
3190 2340 3316 2393 ἐκεῖ
3346 2340 3851 2409 συναχθήσονται

628 2441 677 2487 et
705 2431 893 2503 aquin
917 2430 962 2461 “
994 2444 1013 2484 :
1057 2444 1123 2483 ex
1160 2429 1348 2482 avibus
1398 2426 1582 2481 nescio
1612 2425 1808 2494 quibus
1849 2426 2171 2482 cadaverum

2272 2433 2369 2485 καὶ
2398 2436 2451 2485 οἱ
2480 2432 2665 2485 ἀετοί·
2691 2434 2878 2502 ὥσπερ
2898 2431 3119 2495 οἰωνούς
3141 2448 3291 2495 τινας
3314 2432 3695 2503 νεκροόόρους,
3716 2433 3852 2495 τοὺς

628 2522 914 2577 voracibus
958 2518 1227 2589 principes
1270 2516 1428 2587 hujus
1477 2515 1657 2571 saeculi
1704 2516 1863 2570 ducta
1898 2531 2173 2587 compara-

2271 2523 2531 2595 ἄρχοντας
2566 2523 2658 2576 τοῦ
2692 2523 2882 2586 αἰῶνος
2911 2523 3102 2576 τούτου
3142 2521 3507 2593 αίνιξάμενος,
3550 2526 3677 2587 τοὺς
3725 2524 3851 2577 τότε

631 2616 776 2670 tione
806 2611 1114 2684 signiﬁcans
1133 2649 1148 2674 ,
1179 2610 1268 2679 qui
1300 2616 1515 2664 sanctos
1545 2608 1638 2661 Dei
1687 2616 1811 2662 tunc
1840 2622 2174 2678 persequen-

2270 2613 2553 2676 διώκοντας
2584 2615 2708 2676 τοὺς
2734 2615 2919 2682 ἁγίους
2942 2614 3033 2667 τοῦ
3050 2609 3181 2667 Θεοῦ
3203 2632 3215 2645 ·
3238 2611 3312 2668 ὧν
3335 2616 3431 2667 ἐπὶ
3458 2615 3520 2667 τὸ
3550 2616 3683 2669 αὐτὸ
3716 2632 3847 2668 συν-

631 2718 761 2763 tur:
799 2707 991 2776 quibus
1040 2718 1147 2757 uno
1204 2704 1258 2756 in
1317 2702 1434 2756 loco
1483 2702 1705 2767 coactis,
1755 2701 1943 2755 eodem
1972 2702 2174 2770 pariter

2272 2703 2540 2774 αχθέντων
2563 2744 2578 2769 ,
2651 2707 2767 2756 ἐκεῖ
2817 2704 2909 2756 καὶ
2964 2706 3092 2776 παρ’
3141 2707 3323 2768 αὐτοῖς
3372 2704 3769 2775 συναχθήσεται
3819 2707 3854 2760 6

630 2796 977 2866 oompelletur
1002 2794 1091 2848 ille
1117 2793 1206 2861 qui
1239 2792 1487 2860 indignus
1514 2790 1720 2845 delectu
1743 2798 1846 2844 est.
1873 2787 1969 2844 Est
1994 2799 2173 2846 autem

2272 2793 2485 2857 ἀνάξιος
2516 2794 2611 2863 τῆς
2638 2792 3018 2863 παραλήψεως.
3054 2787 3161 2847 Ἦν
3192 2794 3237 2846 δ’
3267 2791 3422 2858 οὗτος
3461 2794 3570 2847 τῶν
3607 2795 3701 2848 ἐπὶ
3736 2795 3850 2849 ad}.

623 2889 916 2961 iacentium
970 2886 1019 2939 in
1069 2885 1241 2947 lecto,
1290 2884 1462 2949 alter;
1504 2883 1589 2935 vel
1626 2882 1934 2937 molentium
1959 2921 1977 2948 ,
2017 2898 2119 2935 una
2156 2901 2169 2935 :

2272 2902 2369 2953 νης
2395 2883 2753 2937 καθευδόντων
2784 2886 2813 2935 ό
2840 2884 3050 2954 ἔτερος·
3160 2884 3266 2936 τῶν
3296 2884 3612 2955 άληθουσῶν
3638 2889 3674 2958 ή
3712 2881 3812 2957 μία
3833 2903 3850 2917 ·

629 2979 718 3050 qui
772 2979 934 3031 etiam
981 2974 1257 3028 tradentur
1306 2969 1646 3039 congregatis
1696 2968 1981 3023 adversum
2031 2968 2173 3036 ipsos

2272 2975 2320 3027 οἳ
2350 2976 2443 3028 καὶ
2472 2973 2935 3049 παραδοθήσονται
2960 2975 3072 3036 τοῖς
3095 2972 3502 3043 ἐπισυναχθεῖσι
3524 2978 3645 3028 κατ’
3668 2976 3855 3029 αὐτῶν

627 3068 842 3138 aquilis.
866 3065 1087 3135 Aquilas
1110 3076 1260 3127 vero,
1295 3060 1785 3130 Hierosolymorum
1831 3074 2045 3129 quoque
2075 3061 2174 3113 ob-

2274 3065 2469 3127 ἀετοῖς.
2514 3066 2728 3126 Ἀετοὺς
2755 3064 2811 3115 δὲ
2838 3064 3077 3125 καὶτοὺς
3107 3064 3208 3133 τῆς
3246 3064 3601 3137 Ἰερουσαλὴμ
3630 3067 3854 3138 πολιορ-

628 3170 871 3214 sessores
895 3154 1235 3225 prOpheticus
1278 3165 1456 3204 sermo
1502 3149 1822 3217 appellavit;
1861 3149 2023 3203 veluti
2053 3164 2171 3203 cum
2198 3201 2232 3257 C

2275 3154 2444 3224 κητὰς
2471 3158 2499 3207 6
2524 3149 2855 3226 «poenmcdq
2880 3154 3036 3221 λόγος
3058 3154 3364 3224 ὠνόμασεν·
3388 3150 3464 3218 ὠς
3480 3157 3570 3209 ὅτε
3596 3174 3726 3228 ’περι
3754 3156 3853 3211 τοῦ

630 3244 1214 3301 Nabuchodonosorum
1275 3239 1405 3291 dicit
1458 3239 1708 3305 grandem
1767 3247 1814 3290 et
1869 3239 2234 3307 magnarum“

2275 3246 2738 3315 Ναϐουχοδονόσορ
2792 3244 2957 3313 λέγει·
3006 3246 3067 3298 '0
3105 3245 3277 3309 ἀετὸς
3321 3250 3353 3300 ό
3382 3246 3569 3315 μέγας
3603 3244 3638 3301 ὀ
3661 3267 3852 3320 μετα-

631 3339 836 3390 alarum
859 3333 1087 3399 aquilam
1109 3330 1175 3383 ³⁵.
1222 3328 1331 3381 Nisi
1387 3328 1523 3381 forte
1571 3328 1676 3380 alio
1730 3342 1886 3381 sensu
1939 3327 2176 3380 vindices

2274 3332 2668 3400 λοπτέρυτος·
2703 3332 2777 3401 μή
2824 3334 2939 3409 ποτ’
2968 3329 3060 3387 οῦν
3103 3334 3223 3386 καθ’
3268 3334 3465 3403 ἑτέραν
3511 3335 3755 3390 διάνοιαν
3790 3338 3856 3393 αι

631 3426 959 3492 ultricesque
1008 3426 1327 3489 potestates,
1364 3431 1481 3486 quae
1534 3418 1728 3485 impios
1778 3417 2047 3480 invadent,
2095 3415 2179 3470 his

2275 3419 2638 3489 τιμωρητικαὶ
2670 3420 2768 3470 καὶ
2797 3420 3110 3473 κολαστικαὶ
3140 3420 3415 3491 δυνάμεις,
3449 3425 3505 3475 αἱ
3552 3427 3677 3489 τοὺς
3720 3430 3853 3480 ἀσε-

631 3515 808 3569 verbis
832 3514 1191 3566 denotantur:
1226 3506 1417 3575 quibus
1454 3520 1519 3559 ne
1552 3504 1694 3559 forte
1735 3507 2037 3569 tradamur,
2065 3520 2179 3559 mo-

2276 3502 2389 3569 ϐεῖς
2442 3507 2911 3576 μετελευσόμεναι,
2958 3509 3045 3561 διὰ
3094 3509 3201 3561 τῶν
3255 3511 3487 3564 ἐνταῦθα
3536 3511 3857 3583 λεγομένων

630 3612 723 3659 net
748 3600 936 3657 deinde
954 3598 1214 3653 'Servator
1247 3607 1304 3648 ut
1331 3594 1584 3661 precibus
1615 3607 1831 3663 operam
1862 3593 2071 3649 demus.

2277 3598 2448 3650 ἀετῶν
2480 3594 2823 3669 ἐδηλώθησαν
2842 3615 2855 3629 ·
2887 3595 2971 3663 αἷς
3005 3601 3089 3653 ἵνα
3116 3601 3189 3671 μὴ
3224 3602 3640 3673 παραδοθῶμεν,
3672 3605 3801 3677 ἑξῆς
3826 3610 3858 3660 6

2277 3690 2465 3759 Σωτὴρ
2495 3692 2745 3759 παραινεῖ
2769 3691 2949 3760 εὐχαῖς
2984 3692 3292 3761 σχολάζειν.

721 3784 765 3815 ⁸⁸
791 3782 961 3835 Index
990 3779 1198 3849 quidam
1231 3785 1341 3827 erat
1360 3814 1373 3837 ,
1404 3774 1494 3843 qui
1522 3772 1685 3825 Deum
1715 3789 1813 3825 non
1854 3774 2086 3827 timebat.

2418 3781 2626 3847 Ιιζριτής
2660 3798 2747 3845 τις
2780 3776 2855 3845 ἧι·
2888 3782 2990 3833 τὸν
3022 3782 3167 3835 Θεὸν
3192 3784 3278 3851 μὴ
3311 3784 3704 3851 φοϐούμενος.

702 3873 861 3927 Addit
892 3872 1052 3925 etiam
1084 3866 1384 3936 parabolam
1416 3865 1481 3918 de
1502 3863 1681 3931 judice
1719 3865 2034 3932 iniquitatis,
2073 3880 2179 3935 quo

2361 3870 2741 3923 Ἐπισυνάπτει
2781 3870 2909 3939 γοῦν
2953 3872 3046 3923 καὶ
3094 3873 3405 3944 παραϐολὴν
3438 3872 3537 3944 τὴν
3583 3876 3715 3946 περῒ
3759 3877 3855 3929 τοῦ

633 3964 915 4019 conllrmet
942 3962 1202 4015 orandum
1251 3972 1462 4025 semper
1514 3956 1763 4024 nullaque
1804 3958 2013 4026 ignavia
2062 3973 2180 4013 ces-

2280 3961 2463 4033 κριτοῦ
2484 3964 2581 4032 τῆς
2596 3961 2825 4027 ἀδικίας,
2848 3962 2979 4033 πρὸς
3000 3960 3059 4015 τὸ
3074 3963 3183 4016 δεῖν
3204 3965 3429 4017 πάντοτε
3451 3966 3856 4035 προσεύχεσθαι

622 4055 880 4109 ἐιηόιιω.
913 4050 1064 4116 Quod
1108 4058 1280 4101 autem
1321 4048 1397 4100 ait
1426 4047 1465 4077 ³⁷
1500 4045 1672 4099 :Ntnn
1718 4045 1882 4100 Filius
1929 4048 2176 4114 hominis,

2280 4044 2371 4105 καὶ
2400 4053 2474 4122 μὴ
2521 4055 2794 4105 ἐκκακεῖν.
2841 4052 2912 4103 Τὸ
2958 4053 3014 4103 δὲ
3047 4054 3239 4105 εἰπεῖν·
3268 4048 3412 4124 τΔριι
3452 4053 3622 4107 ἐλθὼν
3656 4056 3684 4105 ὁ
3724 4055 3858 4117 Υἱὸς

633 4160 758 4201 cum
811 4143 1039 4209 venerit,
1103 4140 1256 4193 iidem
1303 4140 1355 4191 in
1404 4140 1538 4192 orbe
1588 4137 1868 4191 inveniet?
1914 4137 2177 4191 defectum

2278 4142 2371 4193 τοῦ
2398 4140 2680 4212 ἀνθρώπου
2709 4143 2926 4211 εὑρήσει
2953 4142 3051 4213 τὴν
3076 4144 3258 4196 πίστιν
3279 4140 3372 4196 ἐπὶ
3392 4144 3491 4213 τῆς
3514 4142 3616 4215 γῆς
3638 4162 3651 4208 ;
3680 4144 3860 4199 ἔκλειο

635 4235 761 4291 ﬁdei
801 4234 1039 4287 futurum
1073 4231 1326 4293 ostendit,
1355 4230 1426 4282 ita
1462 4239 1519 4282 ut
1549 4243 1705 4282 nemo
1733 4228 1899 4281 ﬁdelis
1929 4228 2177 4297 supersit,

2278 4230 2369 4301 ψιν
2396 4232 2543 4303 δηλοῖ
2573 4232 2668 4301 τῆς
2699 4232 2950 4296 πίστεως,
2975 4232 3049 4295 ὼς
3079 4233 3281 4303 μηδένα
3320 4234 3509 4287 πιστὸν
3560 4234 3860 4307 εὑρεθήσιο

634 4334 730 4378 aut
777 4322 867 4375 vix
915 4334 1069 4373 rarus
1117 4320 1332 4389 aliquis,
1390 4319 1532 4372 circa
1585 4319 1831 4371 secunda:
1865 4317 1977 4384 ejus
2010 4319 2182 4372 mani-

2282 4323 2422 4385 σθαι,
2450 4322 2481 4391 ἢ
2516 4323 2695 4374 εῐ·που
2729 4315 2839 4391 ἄρα
2864 4316 3086 4375 σπάνιόν
3116 4340 3233 4375 τινα
3260 4323 3400 4377 κατά
3423 4325 3514 4376 τὸν
3541 4326 3641 4395 τῆς
3667 4326 3858 4381 δευτε-

634 4412 936 4467 festationis
980 4418 1211 4464 aetatem.
1258 4409 1312 4462 ld
1366 4423 1526 4476 porro
1581 4408 1865 4477 apostatici
1924 4408 2180 4475 temporis

2285 4428 2380 4483 ρας
2412 4411 2573 4465 αὑτοῦ
2608 4412 2919 4480 θεοφανείας
2951 4410 3348 4483 χρόνον.”οπερ
3382 4416 3520 4484 μέγα
3554 4417 3858 4487 τεκμήριον

633 4517 882 4570 magnum
912 4500 1119 4568 signum
1146 4499 1282 4565 erit,
1310 4514 1431 4551 cum
1462 4511 1585 4550 raro
1613 4504 1860 4549 occurret
1892 4494 1983 4565 qui
2022 4495 2179 4550 ﬁdem
2211 4521 2237 4576 Ι

2283 4503 2530 4572 τυγχάνει
2572 4501 2665 4555 τοῦ
2708 4501 2897 4573 καιροῦ
2926 4502 3026 4570 τῆς
3067 4504 3419 4566 ἀποστασίας,
3471 4506 3525 4556 ἐν
3555 4499 3599 4571 ᾧ
3631 4508 3862 4571 σπάνιος

636 4594 867 4647 retineat
893 4607 906 4644 :
936 4590 1047 4644 imo
1072 4602 1199 4643 vero
1230 4603 1296 4641 ne
1326 4601 1465 4641 unus
1512 4586 1724 4654 quidem
1778 4584 2010 4639 fortasse
2055 4586 2181 4649 erit,

2285 4592 2432 4644 ἔσται
2456 4594 2483 4644 6
2507 4591 2929 4662 εὑρεθησόμενος
2957 4593 3168 4653 πιστός·
3191 4593 3333 4661 τάχα
3358 4593 3411 4644 δὲ
3433 4594 3555 4646 οὐδέ
3577 4588 3659 4657 εἷς
3680 4595 3858 4660 ἔσται,

638 4689 916 4750 propterea
964 4678 1104 4746 quod
1154 4678 1242 4730 alii
1282 4676 1539 4744 assumpti
1587 4674 1821 4737 fuerint,
1858 4673 1949 4727 alii
1983 4673 2195 4747 relicti,

2282 4682 2369 4735 διὰ
2396 4682 2455 4734 τὸ
2502 4684 2625 4746 τοὺς
2674 4683 2774 4752 μὲν
2821 4682 3366 4753 παραληφθήσεσθαι,
3401 4686 3526 4747 τοὺς
3571 4684 3629 4737 δὲ
3681 4704 3860 4742 κατα-

638 4771 828 4841 aquilis
860 4784 1049 4839 nempe
1079 4768 1343 4821 tradendi.
1377 4766 1471 4821 Sic
1499 4779 1625 4835 ergo
1673 4765 1841 4819 deleta
1894 4766 2039 4818 inter
2087 4763 2183 4817 bo-

2284 4770 2664 4844 λειφθήσεσθαι
2687 4776 2798 4835 τοῖς
2824 4773 3001 4835 ἀετοῖς
3026 4771 3567 4845 παραδοθησομένους
3584 4791 3595 4804 ·
3630 4775 3779 4831 οὕτω
3800 4793 3860 4832 τε

636 4863 809 4917 mines
842 4862 967 4925 ﬁde,
996 4862 1109 4930 ipse
1144 4859 1515 4929 superveniet,
1571 4867 1783 4912 sanctos
1810 4871 1938 4913 suos
1990 4857 2079 4925 qui
2116 4856 2183 4909 ab

2286 4861 2343 4927 ἐξ
2378 4862 2673 4933 ἀνθρώπων
2715 4861 3073 4933 ἐκλειπούσης
3111 4861 3213 4932 τῆς
3252 4863 3507 4927 πίστεως,
3540 4866 3708 4929 αὐτὸς
3749 4867 3864 4920 λοι-

636 4953 816 5022 impils
839 4952 945 5006 leto
974 4950 1135 5005 dediti
1166 4950 1382 5012 fuerint,
1408 4949 1791 5003 vindicaturus.
1819 4946 1974 5003 Brevi
2005 4936 2183 5000 autem

2286 4953 2384 5004 πὺν
2405 4954 2751 5023 ἐπιστήσεται
2774 4952 2873 5022 τὴν
2893 4952 3167 5022 ἐκδίκησιν
3184 4953 3539 5025 ποιησόμενος
3560 4956 3670 5009 τῶν
3687 4957 3864 5025 ἁγίων

635 5046 893 5099 ultionem
919 5042 1174 5113 patrabit,
1204 5050 1487 5111 propterea
1511 5041 1652 5110 quod
1684 5041 1735 5093 hi
1781 5040 1871 5093 diu
1918 5048 2186 5107 noctuque

2289 5042 2449 5095 αὑτοῦ
2476 5042 2583 5095 τῶν
2626 5044 2729 5095 ὑπὸ
2768 5043 2875 5095 τῶν
2905 5042 3114 5096 ἀσεϐῶν
3154 5036 3527 5115 ἀνῃρημένων.
3577 5048 3667 5101 Ἐν
3703 5050 3863 5120 τάχει

637 5138 704 5190 ad
735 5150 854 5189 eum
883 5135 1135 5188 clamant.
1164 5132 1229 5185 Et
1256 5133 1467 5201 quidem
1509 5142 1565 5185 ut
1594 5132 1659 5184 ad
1693 5147 1750 5186 se
1790 5130 2056 5193 clament,
2084 5131 2183 5184 do-

2288 5128 2344 5181 δέ
2392 5132 2604 5200 ποιήσει
2649 5130 2745 5201 τὴν
2791 5131 3083 5201 ἐκδίκησιν,
3111 5130 3200 5184 διὰ
3237 5132 3299 5185 16
3341 5132 3467 5202 βοᾷν
3511 5135 3648 5205 πρὸς
3690 5137 3864 5190 αὑτὸν

637 5228 749 5280 cuit
776 5239 868 5279 eos
895 5239 990 5293 per
1022 5223 1333 5292 parabolam
1363 5221 1428 5275 de
1451 5218 1631 5288 judice
1661 5219 1977 5287 iniquitatis.

2289 5221 2479 5283 νυκτὸς
2510 5222 2604 5273 καὶ
2637 5221 2844 5290 ἡμέρας
2868 5239 2881 5252 ·
2918 5221 3044 5293 βοᾷν
3086 5222 3140 5275 δέ
3167 5222 3302 5293 πρὸς
3340 5222 3503 5276 αὑτὸν
3537 5225 3745 5290 ἐδίδαξε
3772 5227 3864 5280 διὰ

2290 5314 2384 5384 τῆς
2417 5314 2727 5384 παραϐολῆς
2759 5316 2851 5367 τοῦ
2882 5314 3066 5385 κριτοῦ
3095 5317 3193 5385 τῆς
3235 5316 3463 5379 ἀδικίας.

638 5402 684 5433 ⁸⁸
699 5400 867 5454 Homo
879 5402 1088 5478 quidam
1108 5399 1294 5480 nobilis
1318 5400 1443 5451 abiit
1487 5400 1539 5450 in
1563 5398 2183 5480 regionemlonginquam

2293 5404 2621 5480 Ἄνθρωπός
2647 5422 2743 5480 τις.
2768 5406 3017 5480 εὐγενῂς
3046 5407 3335 5480 ἐπορεύθη
3376 5410 3462 5480 εἰς
3504 5407 3705 5480 χώραν
3739 5427 3861 5479 μα-

933 5474 1161 5536 accipere
1189 5472 1283 5523 sibi
1325 5483 1560 5537 regnum,
1601 5478 1646 5520 et
1677 5472 1878 5520 reverti.
2325 5474 2474 5541 κρὰν
2498 5479 2534 5527 λ

2325 5474 2474 5541 «pd?
2498 5474 2703 5527 λαϐεῖν
2720 5472 2907 5540 ἐαυτῷ
2921 5472 3263 5540 βασιλείαν,
3295 5477 3392 5529 καὶ
3418 5472 3824 5547 ὑποστρέψᾶι.

710 5561 786 5613 En
811 5576 926 5629 qua:
956 5560 1007 5613 in
1040 5562 1137 5614 hac
1171 5559 1417 5629 parabole
1450 5558 1773 5612 edovemur:
1810 5557 2045 5613 futurum
2081 5557 2185 5612 sci-

2360 5565 2605 5618 Τοσαῦτα
2655 5566 2743 5619 διὰ
2794 5566 2891 5636 τῆς
2945 5566 3254 5637 παραϐολῆς
3304 5568 3707 5639 διδασκόμεθα,
3755 5572 3863 5643 τὴν

712 5798 754 5827 ⁸³
776 5795 902 5850 Luc.
932 5808 1058 5859 xvn,
1078 5793 1163 5846 37.
1238 5794 1279 5824 ³⁸
1321 5793 1505 5849 Matth.
1533 5810 1677 5859 xxxv,
1704 5795 1791 5853 '28.
1868 5796 1909 5828 "
1936 5794 2127 5848 Ezech.
2159 5809 2315 5859 xvm,

2255 5809 2315 5859 ιι,
2338 5794 2391 5846 5.
2496 5792 2537 5823 ³⁸
2572 5791 2702 5847 an.
2732 5793 2957 5857 xvm,2.
3038 5793 3078 5823 "
3104 5794 3229 5846 ibid.
3260 5793 3309 5847 8.
3390 5792 3581 5845 “Luc.
3606 5808 3718 5853 xix.
3755 5792 3856 5848 £2.
