4062 6430
245 438 349 503 539

1425 429 1927 493 COMMENTABIA
1961 428 2028 486 IN
2060 428 2320 488 ιυοΑιι.

247 553 541 623 μέλλουσαν
564 552 728 608 αὐτοῦ
752 551 846 605 καὶ
871 551 1094 624 μηδέπω
1118 550 1394 624 παροῦσαν
1411 550 1684 622 βασιλείαν
1695 545 1806 619 (68)

1935 543 2063 601 licet
2087 544 2290 601 Christi
2340 547 2691 618 nondumque
2736 562 2978 618 praesens
3029 564 3276 623 regnum,
3325 568 3502 625 quan-

246 645 348 701 κᾶν
375 644 636 716 αἰσθητὴν
659 644 864 714 ταύτην
883 643 1029 706 τινὲς
1053 641 1435 712 ἐφαντάζοντο,
1471 641 1569 713 τὴν
1593 639 1699 693 ἀπὸ
1721 639 1825 708 γῆς

242 737 322 798 είς
341 736 568 806 οὐρανὸν
595 735 924 806 μετάστασίν
946 752 1006 788 τε
1025 736 1119 788 καὶ
1132 732 1420 803 ἀνάληψιν,
1443 732 1542 803 τὴν
1568 731 1828 802 δευτέραν

241 829 338 882 καὶ
377 827 583 890 ἔνδοξον
629 826 795 879 αὑτοῦ
827 821 1166 894 θεοφάνειαν,
1194 824 1292 896 τὴν
1318 822 1570 896 κριτικὴν
1603 822 1699 874 καὶ
1732 819 1825 875 τοῦ

241 920 362 975 κατ’
394 917 552 980 ἀξίαν
584 915 799 986 ἑκάστῳ
835 916 1225 986 διανεμητικὴν
1270 914 1539 980 ἐξουσίαν,
1584 911 1683 983 τὴν
1717 910 1826 964 τῶν

240 1009 459 1063 οἰκείων
481 1005 645 1060 αὐτοῦ
670 1007 765 1059 καὶ
791 1007 996 1060 πιστῶν
1025 1004 1433 1077 θεραπευόντων
1453 1001 1823 1073 εὐδοκίμησιν,

238 1099 337 1171 τὴν
382 1097 490 1150 τῶν
533 1097 606 1167 μὴ
638 1097 896 1149 τοιούτων
926 1097 1290 1165 κατάγνωσιν,
1320 1093 1418 1166 τὴν
1448 1093 1556 1147 τῶν
1592 1091 1827 1145 πολιτῶν

234 1187 336 1244 τοῦ
370 1185 630 1257 βασιλέως
663 1189 783 1241 κατ’
817 1185 980 1239 αὑτοῦ
1025 1186 1313 1256 συσκευὴν,
1359 1186 1459 1256 τὴν
1504 1183 1826 1253 μετελευσο-

241 1278 414 1350 μένην
438 1279 634 1340 αὐτοὺς
663 1277 898 1346 ἐπαξίως
921 1271 996 1330 ὧν
1024 1277 1255 1347 ἔδρασαν
1292 1275 1448 1346 δίκην
1473 1291 1486 1305 ο
1519 1272 1691 1326 ταῦτα
1715 1274 1823 1343 γὰρ

236 1369 378 1439 ὁμοῦ
424 1368 599 1422 πάντα
632 1369 720 1421 δια
758 1367 866 1420 τῶν
899 1365 1220 1419 ὲκτεθεισῶν
1259 1364 1452 1434 φωνῶν
1478 1364 1684 1435 ἐδήλου.
1713 1363 1825 1415 Καὶ

240 1455 459 1525 πρῶτον
492 1454 591 1524 μὲν
623 1455 917 1525 ἄνθρωπον
939 1454 1099 1518 αὐτὸς
1125 1452 1314 1508 ἑαυτὸν
1342 1452 1589 1523 ὠνόμαζε
1614 1451 1702 1505 διὰ
1726 1451 1823 1522 τὴν

240 1546 384 1600 κατὰ
414 1547 590 1617 σάρκα
613 1545 883 1616 γέννησιν,
913 1546 1012 1615 τὴν
1039 1544 1182 1598 κατά
1221 1544 1503 1633 ἄνθρωπον
1536 1544 1683 1614 αὑτῷ
1732 1559 1825 1596 συ-

238 1637 484 1690 στᾶσανο
536 1637 723 1689 ἔπειτα
769 1636 985 1704 εὐγενῆ,
1015 1635 1127 1688 ἀλλ’
1175 1633 1330 1687 οὔπω
1363 1633 1583 1704 βασιλέα
1635 1633 1823 1687 ἑαυτὸν

238 1727 444 1790 ἐκάλει,
481 1727 571 1780 διὰ
620 1728 681 1779 τὸ
727 1727 951 1797 μηδέπω
978 1729 1044 1796 τῇ
1078 1725 1327 1796 βασιλικῇ
1371 1725 1498 1796 ἀξίᾳ
1544 1725 1683 1779 κατὰ
1721 1726 1822 1795 τὴν

237 1816 460 1887 πρώτην
498 1815 814 1884 θεοφάνειαν
851 1813 1171 1884 κεχρῆσθαι.
1207 1813 1321 1883 Τῆς
1348 1813 1393 1865 δ’
1422 1813 1702 1881 εὐγενείας
1725 1814 1821 1864 αὑ-

1930 650 2092 704 quam
2146 636 2200 691 id
2246 639 2500 693 sensibile
2550 638 2793 694 nonnulli
2847 649 3052 697 temere
3096 643 3501 713 opinabantur;

1931 727 2340 785 translationem
2368 746 2398 786 e
2426 730 2652 787 terrain
2679 731 2911 798 caelum,
2946 733 3001 790 id
3039 745 3123 790 est
3171 740 3500 808 assumptio-

1929 836 2090 886 nem;
2138 823 2433 878 secundam
2470 824 2589 895 ejus
2633 825 2928 895 gloriosam
2971 827 3500 900 manifestationem;

1923 905 2268 975 iudiciariam
2295 919 2352 965 et
2381 926 2539 967 suum
2567 915 2761 985 cuique
2783 914 2872 983 jus
2903 917 3218 973 reddentem
3255 931 3501 991 patesta-

1928 1005 2073 1063 tem;
2104 998 2449 1056 familiarium
2476 1017 2696 1072 suorum
2715 1006 3062 1076 ﬁdeliumque
3089 1023 3366 1066 servorum
3387 1013 3504 1070 eol-

1927 1086 2332 1157 laudationem;
2366 1107 2554 1148 eorum
2580 1097 2674 1166 qui
2729 1111 2892 1153 secus
2944 1114 3004 1153 se
3051 1103 3319 1171 gesserint
3365 1119 3498 1162 con-

1927 1177 2365 1246 demnationem;
2400 1184 2599 1239 civium
2631 1187 2695 1241 in
2727 1202 2909 1258 regem
2950 1204 3108 1244 suum
3133 1193 3500 1262 conspiratio-

1925 1281 2050 1320 nem
2081 1277 2136 1324 et
2167 1271 2491 1339 condignam
2515 1274 2674 1330 lactis
2702 1292 2918 1346 pmnam
2959 1297 2974 1334 :
3006 1279 3123 1335 hare
3154 1285 3298 1338 enim
3334 1286 3496 1340 simul

1923 1362 2104 1414 omnia
2133 1362 2408 1430 praedictis
2436 1366 2619 1421 verbis
2646 1370 3008 1437 signiﬁcabat.
3051 1374 3118 1429 Et
3159 1376 3338 1444 primo
3375 1379 3498 1447 qui-

1925 1447 2046 1502 dem
2075 1451 2347 1507 hominem
2378 1467 2436 1508 se
2466 1457 2795 1525 appellavit,
2826 1471 3047 1528 propter
3083 1465 3358 1521 carnalem
3392 1482 3494 1523 na—

1926 1536 2191 1593 tivitatem
2214 1578 2231 1605 ,
2257 1555 2378 1608 qua:
2404 1542 2507 1611 ipsi
2542 1554 2600 1598 ut
2634 1546 2839 1603 homini
2879 1551 3124 1622 contigit.
3154 1552 3360 1610 Deinde
3393 1571 3494 1611 no-

1921 1626 2086 1683 bilem
2135 1642 2196 1684 se
2249 1631 2428 1698 dixit,
2478 1649 2584 1689 non
2637 1653 2842 1707 regem,
2888 1643 3012 1708 quia
3057 1644 3203 1712 regia
3250 1646 3491 1702 nondum

1921 1714 2184 1785 dignitate
2246 1719 2300 1773 in
2355 1722 2530 1789 prima
2577 1739 2677 1779 sua
2733 1729 3170 1787 manil'estatione
3216 1733 3492 1789 utebatur.

1921 1805 2233 1865 Nobilitatis
2265 1823 2442 1867 autem
2475 1815 2591 1882 ejus
2623 1825 2790 1873 testes
2830 1822 2887 1885 ii,
2917 1824 3009 1892 qui
3042 1839 3209 1894 genus
3244 1826 3389 1881 illius
3424 1843 3492 1882 ac

237 1879 330 1962 τοῦ
361 1879 630 1979 μάρτυρες
659 1907 707 1958 οἱ
732 1905 827 1958 τοῦ
854 1879 1043 1973 γένους
1069 1906 1163 1979 καὶ
1186 1879 1287 1973 τῆς
1310 1906 1375 1957 ὲκ
1403 1879 1680 1974 προγόνων
1703 1904 1812 1957 δια-

1920 1898 2118 1952 seriem
2148 1903 2554 1971 progenitorum
2578 1908 2796 1976 scriptis
2827 1912 3106 1969 historicis
3138 1919 3488 1973 commcnda-

237 1996 396 2067 δοχῆς
420 1997 516 2067 τὴν
551 1997 788 2067 ἱστορίαν
811 1998 994 2066 γραφῇ
1023 1993 1490 2066 παραδεδωκότες·
1530 1989 1604 2048 ὧν
1647 1997 1675 2048 ὁ
1720 1996 1817 2066 μέν

235 2102 340 2148 τις,
367 2089 467 2156 τὴν
493 2087 633 2140 κατὰ
674 2085 992 2157 ἀνθρώπους
1024 2084 1300 2152 εὐγένειαν
1331 2085 1494 2138 αὑτοῦ
1524 2085 1813 2155 παριστὰς,

235 2177 389 2229 ἔνθεν
408 2178 470 2248 δή
497 2178 658 2230 ποθεν
683 2176 1060 2246 εὐηγγελίζετο
1074 2176 1268 2244 λέγων’
1291 2177 1506 2241 Βίϐλος
1526 2177 1816 2244 γενέσεως

245 2254 454 2333 Ἰησοῦ
496 2265 752 2333 Χριστοῦ
770 2256 917 2318 ὐὶοῦ
961 2264 1157 2330 Δαϐὶδ,
1222 2263 1355 2317 υιοῦ
1413 2263 1675 2332 Ἁϐραάμθ
1717 2261 1814 2317 εἷθ’

235 2358 368 2427 ἑξῆς
401 2357 611 2420 τούτοις
669 2355 768 2428 τὴν
803 2356 1150 2426 γενεαλογίαν
1188 2356 1254 2408 δι’
1289 2356 1566 2427 ἐπιδήμων
1609 2356 1816 2427 ἀνδρῶν

233 2449 332 2503 καὶ
361 2447 452 2500 διὰ
494 2445 772 2518 βασιλικοῦ
812 2447 1002 2515 γένους
1046 2446 1132 2498 ἐπ’
1163 2446 1324 2497 αὐτὸν
1360 2449 1614 2514 κατάγων
1661 2447 1814 2517 ἵστη-

235 2555 353 2593 σιν’
382 2541 409 2592 ὁ
434 2538 490 2590 δὲ
535 2536 633 2607 τὴν
665 2537 926 2589 ἀνωτάτω
968 2536 1061 2589 καὶ
1102 2535 1209 2605 πρὸ
1247 2534 1462 2588 πάντων
1500 2536 1710 2589 αίώνων
1751 2539 1816 2590 ἐκ

233 2629 372 2683 Θεοῦ
416 2628 664 2697 γέννησιν
703 2629 866 2681 αὐτοῦ
892 2627 1177 2691 διδάσκων,
1212 2629 1313 2698 τὴν
1353 2627 1564 2698 άληθῶς
1592 2628 1814 2699 πρώτην

231 2715 330 2768 καὶ
360 2714 526 2784 μόνην
559 2714 834 2782 εὐγένειαν
865 2715 1149 2785 παρεδίδου
1187 2714 1386 2784 λέγων·
1431 2718 1527 2770 Ἐν
1553 2716 1708 2785 ἀρχῇ
1737 2717 1816 2786 ἦν

232 2808 270 2858 ὁ
302 2806 512 2876 Λόγος,
533 2806 632 2858 καὶ
658 2806 896 2874 όΛόγος
919 2801 998 2874 ἦν
1028 2805 1179 2873 πρὸς
1210 2805 1317 2859 τὸν
1348 2807 1512 2872 Θεὸν,
1541 2809 1640 2861 καί
1671 2809 1816 2875 Θεὸς

230 2893 313 2966 ἦν
346 2900 380 2950 ό
411 2897 620 2965 Λόγος.
646 2894 848 2950 Πάντα
879 2895 952 2949 δι’
987 2897 1170 2950 αὐτοῦ
1203 2897 1455 2966 ἑγὲιιοετο.

318 2987 479 3040 una
501 2987 610 3058 γὰρ
631 2981 784 3050 οὗτος
809 2989 839 3039 ὁ
869 2987 973 3058 πρὸ
1002 2987 1215 3040 πάντων
1239 2988 1447 3041 αἰώνων
1470 2989 1598 3054 Θεὸς
1619 2993 1808 3062 Λόγος,

231 3080 524 3150 γενόμενος
549 3078 832 3150 ἄνθρωπος
865 3078 1107 3149 εὐγενὴς,
1147 3081 1239 3132 καὶ
1270 3080 1361 3132 τὸν
1389 3081 1484 3134 σὺν
1506 3081 1812 3154 ἀνθρώποις

230 3170 517 3237 διεξελθὼν
578 3171 688 3241 βίον
735 3171 826 3224 τὸν
881 3171 1250 3241 ἐμψερὸμενον
1295 3173 1416 3234 ταῖς
1466 3175 1595 3244 περὶ
1645 3175 1809 3228 αὑτοῦ
1838 3213 1879 3269 C

231 3266 615 3334 εὐαγγελικαῖς
647 3265 905 3336 γραφαῖς,
969 3264 1104 3334 μετὰ
1156 3265 1254 3334 τὴν
1298 3265 1449 3337 παρὰ
1501 3266 1806 3336 ἀνθρώποις

230 3356 484 3428 αὐτάρκη
534 3355 834 3427 διατριϐὴν,
874 3355 1108 3408 ἐπανιὼν
1151 3357 1285 3426 πρὸς
1321 3359 1411 3410 τὸν
1458 3360 1650 3412 ἑαυτοῦ
1692 3363 1804 3414 ll:-

227 3447 388 3518 τέρα,
420 3445 690 3517 ἐπορεύθη
719 3449 797 3509 είς
829 3448 1011 3518 χώραν
1054 3448 1269 3518 μακρὰν
1302 3449 1484 3504 λαϐεῖν
1507 3453 1682 3522 ἑαυτῷ
1714 3456 1806 3522 βα·-

229 3538 437 3592 σιλείαν
467 3540 560 3590 καὶ
592 3539 948 3609 ὑποστρέψαι.
982 3538 1180 3609 Χῶραν
1216 3540 1270 3592 δὲ
1312 3543 1527 3613 μακρὰν
1558 3545 1654 3615 τὴν
1696 3546 1805 3599 ἀπὺ

229 3628 338 3696 γῆς
366 3629 444 3689 είς
473 3629 698 3698 οὐρανὸν
719 3630 902 3684 ἄνοδον
934 3629 1118 3699 ἐδήλου
1136 3631 1271 3700 (69)°
1291 3633 1473 3686 λαϐεῖν
1502 3653 1559 3688 τε
1589 3640 1686 3706 τὴν
1709 3639 1804 3706 βα-

233 3719 437 3772 σιλείαν
471 3721 638 3790 αὐτὴν
666 3722 880 3792 εκείνην
911 3724 1095 3791 φησὶν,
1128 3724 1196 3793 ἣν
1222 3727 1250 3776 ὁ
1288 3729 1572 3797 προφήτης
1606 3730 1802 3800 Δανιὴλ

228 3812 474 3882 ᾐνίττετο
509 3813 712 3881 λέγων·
748 3815 857 3869 Καὶ
909 3815 1036 3867 ιδοὺ
1074 3815 1207 3881 Υἱὸς
1240 3817 1550 3885 ἀνθρώπου
1578 3820 1674 3872 ἐπὶ
1711 3839 1803 3874 νε-

228 3902 437 3974 φελῶν
472 3905 792 3973 ἐρχόμενος
836 3902 947 3975 ἦν·
992 3906 1090 3959 καὶ
1134 3908 1293 3972 αὐτῷ
1337 3910 1512 3977 ἐδόθη
1557 3913 1595 3978 ὴ
1644 3914 1799 3982 ἁρχὴ

229 3994 334 4048 καὶ
359 3995 398 4060 ἡ
429 3996 588 4064 τιμὴ,
621 3997 718 4050 καὶ
764 3998 802 4064 ἠ
835 3998 1144 4060 βασιλεία.
1184 3995 1256 4052 Εὖ
1297 4001 1355 4053 δὲ
1393 4004 1484 4054 καὶ
1513 4005 1572 4054 τὸ
1593 4007 1802 4059 λαϐεῖν

226 4083 446 4156 εἴρηται
469 4103 481 4115 ·
507 4088 722 4150 πάντως
752 4088 860 4159 γάρ
887 4089 978 4142 τοῦ
1012 4091 1224 4160 Πατρὸς
1251 4092 1479 4158 διδόντος
1505 4095 1796 4166 ἐλάμϐανε,

227 4177 372 4231 κατὰ
394 4179 454 4229 τό
483 4194 496 4206 ³
523 4179 774 4246 Αἷτησαι
815 4181 948 4249 παρ’
978 4182 1143 4250 ἐμοῦ,
1179 4185 1277 4236 καὶ
1317 4183 1486 4238 δώσω
1525 4204 1621 4240 σοι
1653 4191 1797 4258 ἔθνη

226 4267 346 4335 τὴν
365 4272 765 4337 κληρονομίαν
789 4288 924 4324 σου·
952 4272 987 4324 ἃ
1017 4273 1080 4344 δὴ
1112 4273 1332 4329 δοθέντα
1358 4278 1502 4347 αὐτῷ
1533 4281 1681 4351 παρὰ
1705 4283 1797 4334 τοῦ

227 4360 466 4413 Παλαιοῦ
493 4362 599 4416 τῶν
632 4364 852 4434 ἡμερῶν
882 4365 1291 4436 ὑποδεξάμενος,
1328 4365 1479 4433 αὖθις
1517 4371 1795 4442 ἐπανήξει.

225 4451 320 4504 Διό
361 4468 492 4522 φησι
526 4453 710 4508 λαϐεῖν
748 4456 925 4525 ἐαυτῷ
970 4456 1245 4526 βασιλείαν
1287 4463 1380 4513 καὶ
1425 4463 1792 4534 ὑποστρέψαιο

224 4545 320 4597 καὶ
345 4546 490 4607 ὅπως
513 4545 567 4598 δὲ
595 4548 879 4617 ποιήσεται
902 4548 999 4618 τὴν
1025 4552 1298 4615 ἐπάνοδον,
1326 4554 1354 4604 ὁ
1382 4553 1521 4617 θεῖος
1538 4555 1796 4609 Ἀπὸστο-
1831 4566 1878 4624 D

224 4637 317 4701 λος
355 4637 607 4706 διασαφεῖ
639 4638 838 4706 λέγων’
895 4641 1014 4694 Ὅτι
1055 4642 1237 4708 αὐτὸς
1272 4648 1305 4696 ό
1343 4647 1555 4712 Κύριος
1590 4649 1660 4699 ἐν
1702 4666 1796 4701 κε-

221 4730 536 4797 λεύσματι,
560 4732 629 4783 ἐν
650 4731 821 4799 φωνῇ
852 4733 1248 4802 ἀρχαγγέλου,
1281 4737 1378 4790 καὶ
1411 4738 1480 4789 ἑν
1506 4738 1793 4809 σάλπιγγι

223 4820 376 4874 Θεοῦ
400 4821 797 4888 καταϐήσεται
845 4825 962 4877 ἀπὸ
1002 4827 1282 4892 οὐρανοῦ.
1328 4829 1392 4879 Ἡ
1421 4828 1477 4881 δὲ
1516 4831 1794 4902 ἀποδημία

220 4913 318 4967 καὶ
357 4913 454 4984 τὴν
500 4915 873 4986 μακροθυμίαν
922 4916 1087 4986 δηλοῖ.
1141 4919 1286 4970 Ἔδει
1328 4918 1385 4971 δὲ
1434 4921 1592 4972 αὐτὸν
1631 4923 1796 4990 ἀναγ-

221 5005 396 5068 καίως
456 5007 535 5068 εἰς
591 5007 688 5076 τὴν
747 5009 1076 5077 δηλωθεῖσαν
1129 5011 1342 5080 μακρὰν
1397 5011 1578 5081 χώραν
1646 5017 1792 5067 στεί-

218 5097 438 5160 λασθαι,
471 5100 631 5152 κάκεῖ
657 5099 844 5170 χρόνον
868 5099 1142 5170 διατρίψαι
1174 5101 1381 5154 πολλῶν
1407 5103 1569 5156 ἕνεκα
1590 5121 1602 5132 ·
1635 5106 1709 5167 ὡς
1730 5106 1794 5157 ἃν

218 5191 280 5242 ὲν
303 5188 384 5260 τῷ
414 5191 614 5259 μεταξὺ
639 5193 686 5244 oi
711 5191 873 5244 αὑτοῦ
899 5191 1225 5262 θεράποντες
1264 5195 1356 5265 τῆς
1400 5196 1605 5248 ἑαυτῶν
1631 5199 1796 5267 ἐργα-

220 5281 343 5344 σίας
365 5280 462 5351 τὴν
482 5281 709 5353 δοκιμὴν
742 5283 896 5335 δοῖεν.

292 5512 337 5542 ³⁸
358 5509 546 5564 Matth.
591 5528 628 5578 I,
656 5515 704 5568 l.
781 5516 825 5545 ⁸⁸
855 5515 1009 5570 Joan.
1039 5533 1074 5580 ι,
1108 5516 1155 5567 1.

291 5725 418 5805 (68)Δ
453 5725 751 5805 sequentia
793 5727 1118 5805 conferenda
1177 5736 1302 5782 sunt
1360 5745 1486 5805 cun;
1553 5732 1769 5805 Eusebii

1236 5519 1274 5547 δ’
1303 5516 1437 5571 Dan.
1465 5535 1560 5583 vn,
1586 5520 1674 5572 l5.
1751 5523 1792 5553 δ’
1817 5523 1960 5578 Psal.
1987 5539 2047 5589 tt,
2071 5527 2122 5580 8.

1916 1998 2140 2055 verunt;
2185 2006 2321 2060 quos
2355 1994 2495 2047 inter
2519 1997 2736 2063 quidam
2775 2001 2901 2055 dum
2959 2005 3249 2061 humanam
3280 2007 3488 2066 Christi

1917 2079 2260 2137 nobilitatem
2313 2087 2567 2152 exhibet,
2614 2092 2692 2146 sic
2734 2092 3080 2163 Evangelium
3135 2115 3295 2157 orsus
3355 2113 3486 2160 est:

1918 2168 2074 2224 Liber
2120 2179 2472 2242 generationis
2525 2181 2653 2235 Jesu
2701 2183 2897 2239 Christi
2933 2189 3032 2256 lilii
3083 2191 3337 2259 Davidis,
3381 2196 3488 2264 ﬁlii

1916 2260 2202 2315 Abrahami
2248 2266 2311 2318 ³⁸.
2369 2266 2570 2324 Deinde
2600 2275 2911 2346 genealogia
2943 2295 3041 2348 per
3068 2283 3354 2351 populares
3381 2260 3485 2341 ho-

1918 2349 2093 2404 mines
2144 2368 2420 2422 gennsque
2473 2360 2678 2428 regium
2734 2379 2905 2434 usque
2957 2369 3022 2422 ad
3073 2349 3349 2427 Christum
3392 2377 3486 2431 de-

1918 2441 2073 2494 ducta
2096 2483 2112 2508 ,
2156 2444 2210 2497 in
2247 2445 2347 2499 hoc
2380 2458 2654 2515 postremo
2698 2457 2965 2512 consistit.
2993 2460 3146 2517 Alius
3172 2473 3354 2520 autem
3389 2482 3483 2522 su-

1916 2624 2135 2692 docens,
2167 2629 2498 2686 nobilitatem
2542 2635 2681 2702 ejus,
2724 2655 2844 2706 quae
2883 2657 3012 2696 vere
3044 2645 3217 2711 prima
3257 2649 3485 2719 solaque

1915 2723 2018 2777 est,
2062 2718 2284 2771 tradidit
2313 2721 2500 2777 dicens
2529 2738 2542 2775 :
2586 2723 2649 2779 In
2673 2729 2933 2799 principio
2974 2744 3085 2786 erat
3133 2733 3354 2789 Verbum
3374 2718 3409 2802 ,γ
3433 2750 3484 2792 et

1924 2799 2146 2857 Verbum
2191 2817 2307 2859 erat
2354 2813 2494 2875 apud
2531 2811 2728 2880 Deum,
2773 2827 2828 2872 et
2886 2820 3028 2878 Deus
3071 2839 3186 2880 erat
3230 2799 3480 2882 Verbum.

1918 2889 2108 2947 Omnia
2133 2908 2222 2964 per
2244 2899 2414 2965 ipsum
2443 2901 2587 2967 facta
2619 2920 2736 2961 sunt
2765 2909 2829 2962 ⁸ο.

1981 2982 2150 3041 Porro
2198 2988 2286 3044 hic
2345 3002 2471 3046 ante
2526 2999 2705 3051 omnia
2761 3004 2958 3058 saecula
3024 3007 3164 3063 Deus
3219 3010 3482 3081 Verbum,

1915 3073 2092 3132 factus
2119 3080 2279 3136 homo
2311 3083 2525 3150 nobilis,
2559 3103 2928 3162 peragensque
2969 3097 3109 3153 inter
3140 3101 3386 3158 homines
3415 3073 3481 3159 il;

1913 3165 2001 3222 lud
2030 3171 2153 3224 vitae
2181 3189 2371 3240 genus,
2402 3181 2545 3246 quod
2580 3181 2633 3233 in
2665 3187 2976 3254 evangelica
3010 3192 3211 3260 scripta
3243 3194 3479 3253 relatum

1913 3269 2016 3320 est.
2049 3271 2330 3332 postquam
2367 3269 2501 3322 satis
2529 3284 2653 3323 cum
2709 3278 3026 3333 mortalibus
3069 3293 3314 3339 versatus
3354 3287 3479 3353 fuit,

1911 3350 1977 3402 ad
2002 3350 2218 3408 Patrem
2250 3371 2402 3411 suum
2440 3363 2672 3429 rediens,
2703 3367 2974 3434 prolectus
3006 3383 3086 3426 est
3118 3374 3171 3426 in
3200 3377 3478 3444 regionem

1910 3440 2283 3514 longinquam,
2322 3460 2378 3503 ut
2442 3468 2608 3521 regno
2658 3473 2756 3513 suo
2809 3475 3032 3532 accepto
3089 3478 3478 3525 reverteretur.

1909 3531 2027 3587 Jaim
2059 3538 2335 3605 regionem
2371 3545 2718 3616 longinquam
2766 3551 2895 3607 dicit
2931 3531 3030 3622 pro
3080 3558 3253 3612 reditu
3287 3559 3340 3613 in
3369 3575 3483 3615 cm-

1910 3623 2016 3676 hnn
2055 3644 2067 3678 :
2107 3644 2328 3698 regnum
2367 3648 2494 3688 vero
2526 3650 2802 3707 acceptum
2837 3643 2965 3698 illud
2999 3647 3180 3714 ipsum
3210 3649 3304 3715 ait,
3335 3654 3482 3720 quod

1909 3719 2171 3784 propheta
2219 3722 2407 3779 Daniel
2457 3728 2717 3785 innuebat
2765 3735 2949 3790 dicens
2995 3754 3011 3791 :
3056 3740 3120 3792 Et
3162 3756 3291 3796 ecce
3311 3719 3481 3800 Filius

1909 3807 2144 3865 hominis
2172 3813 2225 3867 in
2261 3817 2493 3873 nubibus
2522 3823 2878 3890 adventabat;
2922 3827 3132 3898 ipsique
3167 3832 3350 3885 datum
3393 3844 3481 3889 est

1909 3901 2196 3970 imperium
2262 3919 2315 3960 et
2369 3910 2542 3965 honor
2583 3924 2638 3968 et
2694 3931 2915 3986 regnum
2971 3921 3033 3973 ".
3101 3921 3266 3979 Recte
3311 3929 3478 3983 etiam

1909 3993 2109 4046 dictum
2139 4007 2220 4050 est
2249 4001 2485 4068 accipere
2502 4019 2522 4067 ;
2546 4017 2768 4070 prorsus
2804 4010 2947 4062 enim
2976 4027 3005 4063 a
3043 4010 3204 4069 Patre
3237 4015 3288 4068 id
3315 4019 3478 4072 dante

1908 4089 2136 4154 accepit,
2167 4093 2461 4145 secundum
2503 4094 2631 4150 illud
2654 4097 2700 4128 "
2729 4115 2743 4154 :
2779 4098 3001 4155 Postula
3042 4117 3074 4156 a
3115 4121 3216 4170 me,
3252 4118 3298 4160 et
3337 4111 3476 4163 dabo

1909 4178 2003 4228 tibi
2027 4191 2200 4245 gentes
2220 4182 2572 4240 hereditatem
2599 4201 2741 4242 tuam
2765 4207 2784 4243 :
2805 4206 2968 4260 quam
3001 4196 3161 4249 simul
3184 4212 3248 4252 ac
3271 4200 3338 4252 ab
3358 4201 3474 4254 An-

1907 4269 2060 4338 tiquo
2085 4272 2293 4327 dierum
2327 4281 2594 4346 acceperit
2615 4321 2629 4343 ,
2661 4285 2844 4336 statim
2895 4299 3216 4344 revertetur.
3264 4289 3476 4348 Idcirco

1907 4363 2007 4426 ait,
2038 4367 2103 4418 ad
2138 4370 2511 4438 accipiendum
2545 4375 2646 4428 sibi
2696 4392 2918 4446 regnum
2967 4392 3022 4435 et
3071 4387 3470 4441 revertendum.

1906 4451 2144 4517 Quanam
2180 4470 2360 4512 autem
2403 4464 2612 4518 ratiOne
2635 4466 2864 4522 reditum
2890 4468 3143 4527 Christus
3171 4474 3361 4541 l’aciet,
3393 4479 3475 4529 di-

1906 4557 2003 4598 vus
2027 4548 2312 4616 Apostolus
2333 4554 2671 4610 demonstrat
2700 4559 2782 4613 his
2807 4563 2986 4614 verbis
3021 4582 3032 4616 :
3068 4563 3332 4628 Quoniam
3361 4569 3471 4632 ipse

1905 4637 2158 4694 Dominus
2201 4643 2255 4694 in
2293 4644 2478 4712 jussu,
2527 4650 2579 4700 in
2621 4667 2742 4704 voce
2790 4655 3129 4724 archangeli,
3174 4671 3219 4712 et
3258 4661 3312 4713 in
3346 4667 3473 4714 tuba

1907 4732 2000 4785 Dei
2039 4733 2308 4789 descendet
2333 4744 2398 4792 de
2434 4741 2560 4794 coelo
2593 4742 2659 4798 ⁸³.
2686 4743 2805 4799 Jam
2827 4746 2914 4802 ille
2940 4751 3118 4804 abitus
3149 4754 3469 4822 patientiam

1899 4838 2113 4893 quoque
2157 4833 2504 4896 exspectandi
2535 4835 2826 4903 signiﬁcat.
2867 4840 2930 4894 Et
2967 4843 3182 4910 quidem
3218 4861 3470 4900 necessa-

1902 4914 2039 4967 rium
2091 4926 2210 4970 erat
2268 4929 2323 4971 ut
2373 4921 2488 4989 ipse
2541 4923 2646 4978 iter
2703 4928 2754 4980 in
2798 4929 3145 5000 longinquam
3193 4936 3465 5004 regionem

1899 5006 2227 5074 susciperet,
2261 5010 2444 5079 ibique
2482 5015 2572 5068 diu
2603 5031 2886 5083 maneret,
2918 5037 3082 5091 quum
3123 5026 3244 5080 aliis
3287 5027 3469 5082 multis

1898 5093 1962 5146 de
1995 5098 2192 5162 causis,
2225 5108 2334 5151 tum
2369 5112 2429 5155 ut
2463 5103 2677 5160 interim
2708 5110 2850 5164 servi
2892 5113 3007 5179 ejus
3042 5113 3318 5171 industria:
3357 5133 3468 5171 suae

1900 5187 2283 5246 documentum
2308 5193 2546 5250 ederent.

2219 5527 2263 5558 ⁸³
2285 5526 2302 5578 l
2328 5527 2522 5585 Thess.
2577 5533 2771 5604 “~15.
2874 5617 2878 5621 .

1888 5751 1998 5788 non
2025 5738 2190 5812 semel
2215 5739 2266 5792 in
2301 5740 2714 5812 Theophaninm.
2742 5745 2824 5799 vel
2856 5747 2970 5799 vice
2998 5761 3148 5801 versa
3170 5789 3183 5812 ,
3221 5750 3460 5804 animad-

220 5795 571 5859 Tbeoplianite
614 5799 754 5877 apud
795 5813 897 5885 nos
940 5799 1244 5885 fragmento
1268 5814 1398 5885 ml.
1446 5799 1512 5853 Et
1553 5804 1767 5885 quidem
1876 5795 3420 5885 vent‘it‘ch‘Leusinsitajrlieoplianimanglis;cci-ilione:

217 5867 507 5920 Eusebium
536 5881 653 5932 quae
678 5867 729 5920 in
762 5867 880 5921 abis
907 5869 1159 5936 operibus
1193 5868 1436 5933 dixerat,
1471 5867 1768 5928 con—tulisse

1946 5877 2055 5948 (69)
2095 5877 2175 5932 Cf.
2202 5881 2340 5945 apud
2373 5884 2469 5937 n05
2495 5877 2903 5952 Tltcopltauiam,
2941 5877 3040 5942 covl.
3073 5887 3196 5952 687,
3236 5889 3330 5944 litt.
3364 5889 3455 5964 48,
