4062 6396
624 430 744 497 τω

759 550 805 584 ⁸³
850 544 1054 601 Vacalis
1078 552 1257 609 autent
1282 543 1455 596 decent
1478 540 1634 596 aereis
1651 538 1782 603 suis,
1821 538 1966 591 dedit
1986 538 2061 593 eis

1230 610 1403 665 decens
1421 622 1592 663 muas.

714 711 815 764 Per
844 709 945 763 hos
981 696 1163 773 itaque
1208 702 1301 771 qui
1333 713 1485 755 muas
1520 706 1877 767 acceperunt,
1901 698 2193 770 discipulos

640 814 767 857 suos
799 794 1097 858 denotavit,
1130 792 1327 863 quibus
1347 787 1587 858 singulas
1625 801 1781 842 mnas
1812 789 2034 843 tradens
2055 827 2072 852 ,
2097 802 2193 857 pa-

636 904 860 961 remque
912 897 966 943 et
990 885 1217 943 similem
1263 880 1784 935 administrationem
1828 880 2188 945 committens,

634 978 899 1050 negotiari
937 970 1231 1041 eosjussit,
1254 970 1425 1025 donec
1454 969 1568 1039 ipse
1608 968 1676 1024 de
1709 968 2000 1040 longinqua
2031 982 2190 1039 perc-

636 1070 940 1143 grinatione
986 1063 1205 1119 rediret.
1230 1058 1530 1131 Negotiatio
1548 1068 1727 1114 autem
1758 1058 1897 1113 nulla
1926 1058 2029 1113 alia
2049 1068 2187 1123 erat,

636 1162 741 1217 nisi
772 1157 921 1229 regni
951 1154 1071 1225 ejus
1090 1150 1401 1223 praedicatio
1438 1150 1505 1204 ad
1532 1163 1723 1205 omnes
1752 1148 1997 1204 homines
2039 1164 2067 1202 a
2107 1149 2190 1203 di-

633 1250 853 1321 scipulis
873 1246 986 1301 suis
1010 1241 1331 1313 peragenda.
1358 1238 1529 1295 Porro
1554 1254 1717 1293 unum
1747 1238 1875 1308 quid
1904 1238 2006 1293 hoc
2044 1248 2186 1301 erat,

632 1340 757 1410 quia
786 1351 951 1392 unum
981 1335 1221 1391 omnium
1246 1330 1647 1399 magisterium,
1680 1344 1787 1383 una
1827 1328 1961 1385 ﬁdes
1983 1371 1999 1393 ,
2024 1332 2186 1385 unum

1305 418 1572 478 EUSEBII
1608 412 2081 476 οιιεεΑῐιιεΝειε
2116 411 2268 475 OPP.
2300 414 2489 475 PARS
2524 414 2614 476 111.
2642 447 2713 460 -
2748 412 3163 476 EXEGETICA.

2226 541 2273 598 Δ
2297 538 2575 603 Καλέσας
2600 536 2671 591 δὲ
2691 536 2837 591 δέκα
2867 535 3126 598 δούλους
3153 532 3397 603 ἑαυτοῦ,
3422 525 3651 588 rem
3671 534 3882 602 αὐτοῖς

2904 604 3049 658 δέκα
3089 602 3273 673 μνᾶς.

2379 698 2670 769 Ἔσήμαινε
2700 698 2877 751 τοίνυν
2900 694 2988 749 διὰ
3014 694 3123 748 τῶν
3161 694 3439 749 λαϐόντων
3462 694 3562 759 τὰς
3592 695 3735 765 μνᾶς
3751 695 3883 761 τοὺς

2296 790 2490 843 ἑαυτοῦ
2528 788 2792 861 μαθητὰς,
2818 786 2899 853 οἷς
2924 786 3026 842 ἀνὰ
3070 786 3199 859 μίαν
3231 788 3371 857 μνᾶν
3415 786 3718 859 παραδοὺς.
3756 786 3883 856 ῐσην

2295 898 2354 934 τε
2376 881 2467 934 καὶ
2480 880 2667 951 ὁμοίαν
2693 882 2858 935 πᾶσιν
2884 878 3189 951 ἐγχειρίσας
3216 879 3320 951 τήν
3347 879 3658 949 οίκονομίαν
3676 917 3695 943 ,
3731 894 3879 950 πρα-

2296 970 3167 1045 γματεύσασθαιπαρεκελιύσατο,
3204 969 3313 1034 ἕως
3358 968 3470 1042 (70)
3500 968 3567 1023 ἂν
3602 966 3882 1041 ὁπανυὲλθῃ

2295 1066 2393 1136 τῆς
2423 1066 2635 1137 μακρᾶς
2660 1064 2986 1136 ἀποδημίας.
3025 1063 3089 1117 Ἠ
3122 1063 3179 1115 δὲ
3202 1060 3559 1133 πραγματεία
3597 1061 3701 1114 οὐκ
3737 1059 3879 1132 ἄλλη

2294 1175 2377 1221 τις
2395 1153 2463 1229 ἦν
2483 1157 2616 1211 ἀλλὰ
2637 1158 2699 1210 τὸ
2729 1160 2989 1229 κήρυγμα
3009 1155 3070 1209 τὸ
3095 1155 3222 1224 περὶ
3248 1154 3350 1225 τῆς
3381 1153 3550 1207 αὑτοῦ
3595 1152 3881 1222 βασιλείας

2293 1250 2375 1311 είς
2401 1251 2605 1313 πάντας
2639 1248 2957 1319 ἀνθρώπους
2989 1245 3093 1301 ὑπὸ
3135 1245 3246 1299 τῶν
3278 1244 3460 1299 αὐτῶν
3490 1243 3659 1297 αὐτοῦ
3694 1246 3883 1317 μαθη-

2292 1340 2402 1393 τῶν
2427 1340 2881 1412 κατηγγελμένον.
2919 1340 3056 1394 Ἀλλ’
3085 1339 3142 1393 ἓν
3167 1338 3263 1410 μὲν
3294 1334 3364 1408 ἦν
3395 1334 3577 1401 τοῦτο,
3614 1338 3741 1390 ἐπεὶ
3780 1339 3883 1393 καὶ

627 1431 893 1501 baptisma
916 1466 932 1491 ,
964 1441 1068 1481 una
1097 1422 1339 1479 doctrina
1380 1421 1446 1477 “.
1494 1420 1785 1491 Propterea
1819 1437 1920 1474 una
1970 1423 2170 1492 quideu

2295 1432 2394 1503 μία
2416 1432 2521 1487 τῶν
2554 1434 2768 1487 πάντων
2791 1432 3125 1495 διδασκαλία,
3156 1431 3250 1484 καὶ
3288 1429 3387 1500 μία
3438 1428 3644 1492 πίστις,
3686 1428 3787 1483 καὶ
3816 1428 3882 1483 ἓν

629 1521 952 1587 mna,varia
982 1527 1158 1571 tamen
1207 1529 1368 1584 opera
1409 1514 1583 1569 evasit
1608 1554 1623 1579 ,
1668 1513 1963 1582 negotiatio
2003 1512 2170 1583 splen-

2293 1524 2572 1596 βάπτισμα
2603 1525 2695 1578 καὶ
2714 1527 2743 1578 ὁ
2766 1525 2926 1590 αὐτὸς
2954 1524 3110 1594 λόγος
3132 1524 3244 1594 (71)
3265 1539 3278 1553 ·
3313 1522 3395 1576 διὸ
3422 1521 3517 1575 καὶ
3541 1521 3641 1591 μία
3673 1523 3712 1593 ἠ
3740 1523 3879 1593 μνᾶ,

627 1616 773 1678 (lida,
811 1623 866 1667 et
897 1609 1014 1678 ejus
1047 1608 1121 1663 rei
1156 1606 1365 1663 fructus
1391 1606 1564 1661 dives.
1588 1606 1766 1673 Atque
1791 1604 1987 1659 horum
2018 1620 2170 1660 causa

2290 1614 2545 1687 διάφορος
2570 1615 2626 1669 δὲ
2650 1616 2833 1679 αὐτοῖς
2852 1618 2885 1687 ἠ
2904 1617 3137 1688 ἐργασία
3162 1615 3402 1685 ἐγένετο,
3420 1613 3515 1667 καὶ
3542 1616 3577 1685 ἠ
3610 1630 3886 1685 πραγμα-

628 1705 973 1773 longinquam
1005 1697 1489 1769 peregrinationem
1535 1694 1729 1749 nobilis
1768 1694 1857 1750 ille
1888 1696 1969 1748 vir
2005 1709 2170 1749 susce

2287 1707 2407 1760 τεία
2427 1706 2671 1778 λαμπρὰ,
2712 1708 2741 1759 δ
2778 1708 2825 1759 τ’
2854 1707 2947 1760 ἐπὶ
2990 1706 3165 1780 ταύτῃ
3209 1706 3379 1777 ⁴ιιρόρος
3422 1704 3702 1770 πλούσιος.
3760 1706 3883 1761 Καὶ

627 1801 725 1868 pit.
776 1795 927 1851 Unde
975 1790 1175 1847 dictum
1213 1802 1297 1845 est
1336 1788 1388 1843 ei
1416 1802 1447 1842 a
1496 1786 1701 1842 Patre:
1748 1784 1881 1842 Sede
1921 1803 1953 1840 α
1985 1786 2170 1840 dextri:

2287 1794 2461 1849 ταῦτα
2482 1795 2580 1864 μὲν
2610 1791 2677 1865 ἦν
2710 1788 2785 1848 ὧν
2822 1794 2983 1849 ἕνεκα
3005 1794 3103 1866 τήν
3126 1794 3343 1867 μακρὰν
3382 1794 3609 1865 πορείαν
3644 1794 3674 1845 ὁ
3708 1794 3880 1863 εὐγε-

625 1888 774 1954 uset's,
809 1885 969 1938 donec
1008 1897 1198 1948 ponam
1228 1878 1464 1933 inimicos
1514 1886 1631 1931 tuos
1667 1876 1949 1932 scutellum
1989 1877 2170 1944 pedum

2278 1886 2375 1957 νὴς
2406 1888 2685 1941 ἐστέλλετο
2726 1887 3031 1959 ἄνθρωπος.
3077 1885 3238 1940 ’Ὅθεν
3287 1886 3507 1955 ἐλέγετο
3556 1885 3712 1956 αὐτῷ
3765 1887 3883 1940 ὑπὸ

622 1991 829 2033 tuorum
844 1976 910 2030 “.
939 1973 1165 2041 Quinam
1190 1985 1318 2026 vero
1346 1971 1455 2025 sint
1476 1968 1530 2023 hi
1559 1968 1783 2035 inimici,
1812 1968 1857 2022 si
1890 1968 2011 2037 quis
2033 1968 2170 2022 scire

2280 1975 2377 2028 τοῦ
2423 1976 2633 2046 Πατρός
2666 1992 2679 2005 ·
2710 1974 2907 2030 Κάθου
2953 1976 3023 2030 ἐκ
3068 1974 3281 2039 δοειιῖιν
3315 1991 3460 2043 μου,
3509 1974 3624 2038 ἕως
3674 1974 3756 2028 ἂν
3788 1972 3885 2028 θῶ

621 2072 766 2127 avet,
799 2059 1070 2133 parabolas
1095 2066 1380 2115 contextus
1424 2057 1667 2121 docebit,
1701 2057 1788 2111 ubi
1832 2058 1979 2111 cives
2021 2058 2170 2111 indu-

2280 2068 2423 2132 τοὺς
2467 2068 2718 2137 ἐχθρούς
2760 2082 2878 2122 σου
2920 2065 3255 2121 ὑποπόδιον
3298 2065 3421 2119 ιπῶο⁴
3462 2065 3670 2119 ποδῶν⁹
3725 2078 3879 2120 σου.

618 2166 817 2212 cuntur
846 2152 987 2223 regis
1012 2164 1226 2214 osores,
1260 2150 1482 2219 ejusque
1528 2148 1813 2217 imperium
1862 2147 2170 2204 detrectan-

2280 2163 2471 2225 Ποίους
2490 2162 2568 2227 δὲ,
2592 2162 2756 2227 εἴτις
2794 2162 3017 2216 πύθοιτο
3053 2160 3244 2232 μαθεῖν
3286 2160 3509 2227 ἐθέλων,
3546 2159 3810 2232 ἐχθροὺς,
3847 2159 3885 2212 6

616 2259 723 2311 tes.
755 2244 1045 2302 eteﬂronti
1094 2242 1320 2297 audacia
1367 2239 1665 2310 ellreniquc
1722 2255 1817 2295 ore
1880 2241 2170 2297 dicentes:

2280 2252 2367 2305 διὰ
2400 2253 2499 2322 τῆς
2552 2253 2866 2324 παραϐολῆς
2903 2250 3103 2317 διδάξει
3136 2251 3325 2319 λόγος,
3373 2250 3721 2320 συμπολίτας
3756 2251 3887 2304 sia-

614 2339 876 2395 Nolumus
916 2335 1058 2390 hunc
1086 2345 1310 2403 regnare
1342 2344 1503 2400 super
1552 2346 1671 2386 nos.
1732 2329 1835 2386 Sed
1866 2332 1918 2386 hi
1943 2373 1959 2396 ,
2007 2348 2170 2402 quan-

2283 2344 2431 2412 άγων
2454 2343 2547 2396 τοῦ
2583 2343 2845 2413 βασιλέως
2876 2341 3163 2414 μισοῦντας
3178 2343 3340 2395 αὐτὸν
3367 2341 3461 2395 καὶ
3490 2341 3889 2413 παραιτουμό-

615 2447 775 2502 quam
805 2430 972 2491 cives,
1014 2440 1195 2495 regem
1246 2424 1520 2489 abnuunt;
1559 2424 1675 2492 ipse
1725 2435 1904 2479 autem
1948 2440 1980 2480 a
2014 2424 2170 2481 Patre

2280 2452 2403 2497 νους
2433 2434 2597 2488 αὑτοῦ
2630 2435 2726 2506 τὴν
2764 2434 2957 2505 ἀρχὴν,
2982 2436 3162 2504 γυμνῇ
3184 2450 3243 2486 τε
3271 2434 3337 2503 τῇ
3371 2431 3583 2502 κεφαλῇ
3607 2431 3885 2499 λέγοντας

614 2523 769 2577 audit
803 2518 985 2577 :Sede
1034 2530 1063 2570 a
1097 2515 1299 2570 dextris
1316 2514 1469 2576 meis,
1510 2514 1680 2570 donec
1730 2515 1824 2569 tibi
1866 2516 2048 2570 hostes
2085 2530 2170 2584 pe-

2278 2526 2370 2579 καὶ
2390 2525 2629 2598 ἀχαλίνῳ
2652 2528 2881 2598 στόματι
2900 2541 2914 2557 ³
2940 2526 3014 2580 Οὐ
3050 2523 3276 2595 θέλομεν
3320 2508 3512 2578 τοῦτον
3554 2522 3882 2594 βασιλεύειν

614 2611 773 2688 dibus
810 2616 1211 2679 supponantur;
1245 2608 1479 2677 itemque
1515 2622 1531 2660 :
1576 2605 1855 2661 Dominar.
1896 2608 1953 2660 in
1998 2607 2169 2661 medio

2275 2616 2363 2685 ἐφ’
2400 2618 2565 2686 ἡμᾶς.
2628 2617 2766 2670 Ἀλλ’
2794 2618 2845 2670 oi
2883 2616 3002 2688 μὲν,
3049 2615 3253 2685 καίπερ
3289 2612 3444 2677 ὅντες
3487 2612 3731 2679 πολῖται,
3773 2614 3881 2667 τὸν

612 2686 945 2757 ἱιῖῗιηίι-οηιηι
978 2708 1189 2753 (eorum
1211 2698 1278 2751 ".
2274 2700 2496 2769 βασιλέα
2528 2702 2805 2774 ἠρνοῦντο,
2838 2704 2867 2755 ὁ
2886 2686 2955 2756 δὲ
2986 2701 3091 2755 ὑπὸ
3120 2701 3215 2756 τοῦ
3250 2702 3463 2773 Πατρδς
3506 2702 3721 2755 ἀκούει·
3749 2702 3881 2757 Κάι-

614 2791 708 2845 θου
740 2792 805 2844 ὲκ
840 2786 1027 2852 δεξιῶν
1069 2803 1190 2858 μου,
1226 2786 1329 2850 ἕως
1374 2786 1439 2839 ἂν
1480 2786 1585 2840 ὑπὸ
1632 2787 1797 2851 πόδας
1851 2787 2079 2841 τεθῶσιν
2123 2788 2174 2842 oi
2210 2788 2396 2862 ἐχθροί
2447 2808 2561 2847 σου·
2599 2796 2713 2846 καί·
2742 2793 3142 2862 Κατακυρίευε
3177 2793 3249 2846 ἐν
3275 2790 3447 2862 μέσῳ
3482 2788 3606 2843 τῶν
3627 2790 3880 2860 ἐχθρῶν

610 2903 747 2941 σου.

678 2980 801 3035 lam
832 2980 955 3049 quia
988 2991 1211 3049 regnum
1246 2976 1362 3046 ejus
1398 2978 1705 3032 abnuerunt
1749 2979 2165 3049 inimici‘ipsins

609 3072 778 3136 cives,
812 3072 1004 3125 merito
1035 3069 1119 3125 eis
1142 3067 1361 3122 aiebat:
1394 3068 1681 3136 Auferetur
1707 3086 1739 3122 a
1771 3070 1910 3125 vobis
1952 3086 2168 3139 regnum

2274 3071 2458 3143 ἐχθροὶ
2489 3071 2654 3125 αὐτοῦ
2689 3072 2924 3135 πολῖται,
2957 3071 3182 3135 εἰκότως
3207 3066 3345 3141 πρὸς
3367 3070 3565 3132 αὐτοὺς
3591 3068 3867 3137 ἔφασκεν·

608 3164 729 3227 Dei,
762 3173 811 3218 et
840 3165 1050 3217 dabitur
1085 3164 1221 3232 genti
1264 3163 1479 3231 facienti
1529 3163 1731 3220 {ructus
1765 3164 1881 3233 ejus
1902 3165 1967 3220 ⁸³.
2009 3165 2169 3233 ρυε-

2288 3161 2621 3232 Ἆρθήσεται
2659 3162 2761 3231 ἀφ’
2788 3160 2958 3232 ὑμῶν
2996 3160 3037 3229 ἠ
3076 3162 3368 3226 ,βασιλεία
3399 3161 3504 3215 τοῦ
3542 3160 3721 3225 Θεοῦ,
3760 3162 3871 3216 καὶ

609 3269 735 3309 nam
766 3267 892 3309 vero
913 3262 1060 3308 esset
1096 3267 1229 3323 gens
1257 3267 1423 3323 regno
1465 3253 1624 3322 digna
1647 3293 1665 3318 ,
1707 3254 2032 3324 signiﬁcavit
2077 3258 2168 3326 qui

2269 3254 2589 3321 δοθήσεται
2634 3255 2791 3310 ἔθνει
2834 3253 3105 3309 ποιοῦντι
3147 3252 3292 3319 τοὺς
3334 3255 3605 3324 καρποὺς
3639 3255 3867 3327 αὐτῆς.

610 3346 750 3400 dixit
790 3360 806 3397 :
843 3341 1062 3399 Postulo
1099 3360 1269 3408 ante,
1307 3354 1354 3397 et
1387 3344 1522 3397 dabo
1546 3346 1642 3397 tibi
1672 3352 1847 3414 gentes
1884 3347 2169 3401 lueredila-

2270 3346 2427 3401 Ποῖον
2449 3346 2507 3399 δι
2533 3342 2603 3417 ἦν
2632 3344 2693 3399 τὸ
2723 3343 2874 3408 ἔθνος
2902 3344 2964 3399 τὸ
2995 3344 3097 3413 τῆς
3142 3344 3421 3416 βασιλείας
3455 3345 3629 3413 ἄξιον,
3664 3347 3870 3421 ἐδήλου

608 3446 711 3488 tem
730 3444 895 3488 tuam.
930 3433 1339 3489 Demonstrabat
1362 3443 1565 3497 autem,
1586 3437 1733 3489 cives
1756 3434 2007 3492 inimicos
2029 3437 2167 3504 ejus,

2269 3438 2295 3490 6
2322 3437 2521 3493 εἰπών·
2555 3437 2811 3507 Αίτησαι
2842 3438 2979 3505 παρ’
3009 3437 3178 3505 ἐμοῦ,
3217 3438 3319 3492 καί
3359 3438 3536 3491 δώσω
3562 3454 3667 3493 σοι
3704 3440 3867 3512 ἔθνη

608 3527 751 3580 haud
777 3524 911 3585 alios
930 3539 1051 3580 esse
1090 3538 1252 3593 quam
1285 3524 1591 3581 Iudaeorum
1624 3534 1863 3596 gentem,
1886 3527 1977 3596 qui
2006 3527 2167 3594 primi

2269 3527 2381 3596 τὴν
2407 3527 2811 3596 κληρονομίαν
2832 3540 2969 3580 σου.
3018 3526 3239 3597 Ἐδήλου
3266 3528 3324 3581 δὲ
3360 3528 3587 3589 πολίτας
3623 3527 3867 3601 ἐχθροὺς

608 3629 638 3667 a
670 3614 970 3670 Servatoris
990 3616 1162 3685 gratia
1205 3616 1462 3684 praeventi
1499 3614 1774 3670 contraria
1815 3616 1862 3669 ei
1900 3617 2166 3672 retribue-

2269 3613 2429 3669 αὑτοῦ
2449 3615 2547 3685 οὐχ
2567 3616 2787 3687 ἑτέρους
2808 3614 2902 3668 τοῦ
2939 3613 3204 3669 Ἰουδαίων
3242 3614 3449 3680 ἔθνους,
3483 3617 3534 3669 οἳ
3566 3614 3653 3686 δὴ,
3690 3616 3863 3687 πρῶ-

604 3714 756 3760 runt.
795 3703 918 3759 Ideo
951 3705 1017 3759 de
1045 3704 1178 3773 ipsis
1220 3704 1532 3773 prophetice
1589 3702 1815 3759 aiebat:
1856 3702 1990 3758 Mala
2030 3705 2165 3759 milii

2269 3721 2347 3758 τοι
2377 3704 2477 3775 τῆς
2504 3702 2602 3757 τοῦ
2639 3706 2887 3776 Σωτῆρος
2926 3704 3147 3776 χάριτος
3176 3704 3490 3775 ἠξιωμένοι,
3532 3708 3647 3769 τοῖς
3696 3709 3865 3761 ἔναν-

604 3796 978 3851 retribuerunt
1006 3810 1021 3847 :
1056 3810 1156 3866 pro
1188 3809 1255 3850 eo
1280 3804 1337 3849 ut
1363 3808 1449 3849 me
1472 3794 1783 3865 diligerent,
1812 3794 2166 3851 detrahebant

2269 3795 2398 3858 τίοις
2429 3794 2591 3848 αὐτὸν
2634 3793 2926 3866 ἠμύναντο.
2974 3795 3066 3848 Διὸ
3104 3796 3231 3867 περὶ
3275 3795 3455 3849 αὐτῶν
3496 3797 3870 3867 προφητικῶς

2266 3886 2476 3957 ελεγεψ
2520 3884 3016 3942 Ἆγταπεδίδοσάν
3030 3904 3135 3957 μοι
3162 3887 3415 3956 πονηρά·
3441 3887 3576 3941 ἀντὶ
3608 3887 3868 3957 ἀγαπᾷν

2259 3996 2359 4049 με,
2392 3977 2782 4033 ἐνδιέσαλλόν
2801 3994 2899 4047 με,
2928 3978 3027 4033 και
3052 3976 3448 4047 ἐπολέμησαν
3468 3977 3721 4046 δωρεὰν,
3748 3980 3859 4035 καὶ

2263 4059 2578 4137 ἐλάλησὰ
2615 4070 2744 4122 κατ’
2792 4067 2939 4139 ἐμοῦ
2986 4068 3237 4139 γλώσσῃ
3276 4067 3476 4136 δολία,
3518 4068 3619 4122 καὶ
3639 4070 3861 4141 ,ιότοις

2259 4162 2484 4230 μίσους
2529 4160 2923 4214 ἐκύκλωσαν·
2954 4158 3022 4213 δι’
3059 4150 3136 4213 ὧν
3181 4158 3582 4230 προϐάλλεσθαι
3619 4159 3857 4216 εἰώθασι

2355 2978 2510 3033 Ἐπεὶ
2532 2980 2589 3033 δὲ
2623 2978 2837 3051 ἔξαρνοι
2874 2979 2977 3050 τῆς
3007 2978 3282 3050 βασιλείας
3317 2977 3485 3032 admit
3523 2978 3781 3046 ἐγένοντο
3817 2980 3872 3033 oi

606 3887 772 3953 mihi,
808 3895 865 3941 et
917 3889 1087 3957 gratis
1136 3892 1598 3956 oppugnaverunt,
1646 3884 1938 3954 dolosaque
1984 3884 2165 3954 lingua

606 3986 797 4033 contra
822 3992 908 4033 me
932 3986 1055 4032 sunt
1080 3977 1238 4033 locuti
1260 4018 1276 4041 ,
1302 3987 1359 4033 et
1386 3975 1731 4031 sermonibus
1774 3974 1884 4028 odii
1929 3974 2164 4029 circnm-

607 4070 868 4124 dederunt
893 4084 978 4122 me
998 4068 1081 4133 ";
1138 4082 1330 4137 nempe
1372 4066 1701 4137 blasphemis
1750 4079 1890 4136 quos
1940 4065 1997 4119 in
2040 4079 2165 4120 eum

600 4160 829 4231 jaculari
871 4158 1045 4215 solent
1069 4160 1426 4224 sermonibus,
1456 4158 1812 4227 imprecantes
1838 4156 1914 4223 ei,
1943 4156 2167 4226 ipsoque

604 4266 769 4322 opere
788 4250 1173 4320 propemodum
1195 4249 1434 4305 dicentes
1462 4264 1476 4301 :
1504 4248 1759 4304 Nolumus
1780 4248 1921 4303 hunc
1941 4262 2167 4317 regnare

608 4356 773 4413 super
796 4354 915 4396 nos.
945 4338 1234 4409 Propterea
1262 4356 1367 4395 non
1397 4352 1563 4408 regno
1609 4348 1814 4394 tantum
1856 4337 2167 4409 spoliabun-

607 4444 731 4499 tur,
766 4449 949 4490 verum
981 4435 1145 4489 etiam
1186 4432 1424 4488 debitam
1478 4430 1738 4501 lmpietati
1789 4445 1900 4485 sum
1946 4443 2166 4499 pmnam

2266 4249 2388 4302 κατ’
2416 4247 2582 4303 αὑτοῦ
2625 4247 2959 4320 βλασφήμων
2986 4246 3183 4317 λόγων,
3220 4248 3610 4319 κατευχόμενοί
3640 4266 3703 4303 τε
3744 4250 3856 4305 αὑ-

2266 4337 2383 4400 τοῦ,
2411 4338 2507 4391 καὶ
2540 4335 2696 4406 μόνον
2728 4338 2827 4391 οὐκ
2855 4338 3038 4401 αὐτοῖς
3074 4336 3326 4406 λέγοντες
3372 4339 3485 4400 τοῖς
3518 4336 3707 4406 ἔργοις
3726 4356 3741 4369 ·
3770 4339 3856 4395 οο

2268 4427 2493 4499 θέλομεν
2516 4426 2702 4481 τοῦτον
2732 4425 3047 4498 βασιλεῦσαι
3072 4428 3156 4496 ἐφ’
3177 4428 3343 4497 ἡμᾶς.
3374 4427 3468 4478 Διὸ
3486 4426 3553 4497 δὴ
3584 4429 3647 4481 οὐ
3682 4430 3857 4500 μόνον

606 4525 864 4581 referent.
914 4524 1072 4579 Cives
1132 4538 1259 4579 vero
1308 4522 1427 4577 illos
1482 4520 1537 4575 in
1602 4519 1853 4589 parabole
1904 4518 2163 4589 appellat,

2269 4520 2366 4589 τῆς
2390 4519 2659 4590 βασιλείας
2683 4519 3126 4592 στερηθήσονται,
3155 4517 3291 4571 ἀλλὰ
3331 4516 3427 4571 καὶ
3460 4519 3741 4574 πείσονται
3778 4523 3855 4577 τὰ

607 4619 805 4687 quippe
830 4631 895 4671 ex
918 4616 1107 4670 eadem
1134 4614 1461 4685 cognatione
1494 4611 1755 4666 oriundus
1777 4649 1793 4675 ,
1816 4611 2073 4680 quoniam
2109 4618 2167 4663 et

606 4711 723 4780 ipse
746 4724 813 4764 ex
839 4708 1026 4763 iisdem
1062 4705 1499 4777 progenitoribus
1520 4717 1690 4773 genus
1710 4702 1941 4758 ducebat
1974 4717 2165 4757 secun-

604 4804 731 4859 dum
759 4802 937 4857 carnis
963 4800 1322 4865 nativitatem,
1344 4810 1399 4855 et
1418 4799 1543 4868 quin
1566 4811 1718 4864 atque
1741 4795 1840 4851 sub
1862 4795 1977 4866 lege
2000 4794 2164 4849 vitam

606 4894 856 4966 degebat.
898 4894 1073 4961 Atque
1117 4894 1229 4946 haec
1272 4890 1429 4961 primi
1474 4887 1592 4957 eius
1634 4888 1891 4943 adventus
1949 4886 2163 4956 propria

607 4996 753 5041 sunt.
810 4984 939 5051 Quae
977 4998 1098 5038 cum
1138 4984 1393 5037 Servator
1439 4981 1514 5034 ita
1571 4979 1881 5041 docuisset,
1914 4978 2164 5044 deinceps

603 5079 837 5132 reditum
874 5076 1036 5131 suum
1076 5076 1367 5145 gloriosum
1410 5082 1573 5141 atque
1603 5070 1829 5139 regalem
1879 5068 2041 5129 sistit,
2085 5074 2165 5120 te-

606 5181 757 5224 stans
802 5167 917 5221 fore
968 5174 1027 5219 ut
1072 5166 1139 5219 de
1187 5164 1437 5219 omnibus
1486 5171 1615 5215 tunc
1650 5158 1851 5227 justum
1902 5158 2164 5227 judicium

607 5268 876 5314 exerceat.
909 5258 1041 5312 Nam
1076 5258 1141 5311 iis
1165 5258 1255 5327 qui
1286 5257 1423 5311 bene
1445 5267 1507 5307 ac
1533 5252 1760 5307 ﬁdeliter
1796 5266 1976 5304 mnam
2024 5249 2161 5302 mul-

608 5350 1000 5418 tiplicaverint,
1039 5363 1334 5417 congruum
1381 5345 1657 5417 praemium
1709 5343 2023 5404 conferens,
2058 5341 2156 5395 do-

608 5443 802 5496 minari
832 5456 1013 5497 secum
1040 5449 1094 5496 et
1119 5452 1452 5508 conregnare
1474 5434 1731 5491 concedet
1772 5453 1786 5489 :
1832 5434 1881 5488 ei
1916 5448 2041 5488 vero
2064 5431 2155 5500 qui

607 5546 705 5601 per
731 5534 1029 5588 socordiam
1069 5540 1231 5601 atque
1268 5528 1536 5597 ignaviam
1571 5525 1894 5581 dominicum
1936 5523 2155 5577 manda-

673 5692 723 5723 “
750 5689 880 5745 Luc.
908 5690 1131 5755 111,13.

676 5812 787 5883 (το)
810 5812 941 5869 Cod.
980 5812 1107 5865 ἐστ’.

2263 4612 2513 4685 ἐπίχειρα
2541 4613 2641 4682 τῆς
2667 4612 2848 4665 αὐτῶν
2882 4609 3217 4672 δυσσεϐείας.
3264 4608 3497 4674 Πολίτας
3537 4611 3596 4663 δὲ
3643 4613 3851 4677 αὐτοὺς

2260 4702 2349 4755 διὰ
2381 4704 2477 4773 τῆς
2512 4700 2827 4773 παραϐολῆς
2866 4698 3170 4770 ὠνόμαζεν,
3204 4700 3299 4753 ἅτε
3330 4700 3395 4771 δὴ
3436 4702 3501 4755 ἐκ
3531 4702 3635 4771 τῆς
3668 4704 3850 4774 αὐτῆς

2260 4791 2608 4862 ὁρμωμένους
2631 4789 2782 4860 αὐτῷ
2810 4788 3149 4857 συγγενείας·
3178 4790 3301 4842 ἐπεὶ
3331 4790 3425 4842 καὶ
3452 4790 3617 4854 αὐτὸς
3644 4794 3713 4845 ὲκ
3736 4794 3849 4847 τῶν

2260 4883 2437 4937 αὐτῶν
2461 4884 2683 4954 ὡρμᾶτο
2710 4881 3070 4953 προπατόρων
3097 4881 3239 4935 κατὰ
3257 4883 3355 4953 τὴν
3382 4881 3647 4954 ἐνσαρκον
3673 4885 3847 4939 αὐτοῦ

2260 4973 2489 5042 γένεσιν,
2522 4974 2613 5027 καὶ
2641 4972 2868 5042 ἐπείπερ
2898 4970 2998 5041 τῆς
3026 4973 3256 5043 νομίμου
3285 4973 3484 5043 ὁμοίως
3506 4975 3694 5039 αὐτοῖς
3717 4994 3847 5048 μετ-

2259 5065 2343 5135 ῄει
2379 5064 2666 5127 πολιτείας.
2715 5063 2899 5116 Ταῦτα
2946 5064 3042 5133 μὲν
3082 5059 3175 5117 οὖν
3220 5066 3606 5135 παραστατικὰ
3652 5067 3721 5121 ἂν
3755 5070 3841 5140 εἴη

2259 5157 2357 5226 τῆς
2390 5156 2608 5226 πρώτης
2637 5153 2801 5207 αὐτοῦ
2826 5153 3081 5222 ἀφίξεως.
3121 5154 3273 5207 Ἐπεὶ
3299 5154 3355 5207 δὲ
3382 5153 3556 5209 ταῦτα
3587 5158 3617 5208 6
3642 5157 3839 5230 Σωτὴρ

2265 5245 2449 5299 τοῦτον
2483 5245 2684 5311 ἐδίδαξε
2715 5244 2806 5297 τὸν
2828 5244 3047 5313 τρόπον,
3087 5244 3393 5308 ἀκολούθως
3439 5244 3539 5315 τὴν
3577 5246 3840 5301 ἐπάνοδον

2266 5337 2428 5391 αὑτοῦ
2447 5339 2545 5408 τήν
2572 5336 2779 5401 ἔνδοξον
2810 5337 2902 5389 καὶ
2931 5336 3215 5409 βασιλικὴν
3261 5338 3520 5407 παρίστη,
3559 5341 3837 5413 μαρτυρό-

2266 5448 2420 5502 μενος
2458 5430 2649 5482 ὁποίαν
2694 5429 2813 5483 τότε
2852 5430 3133 5498 ποιήσεται
3174 5430 3271 5500 τὴν
3316 5430 3457 5483 κατὰ
3498 5431 3720 5485 πάντων
3758 5434 3837 5487 δι-

2261 5519 2631 5591 καιοκρισίαν·
2664 5522 2775 5582 τοίς
2812 5520 2906 5589 μὲν
2941 5520 3048 5591 γὰρ
3079 5516 3139 5573 εὖ
3183 5522 3277 5574 καὶ
3318 5521 3521 5585 πιστῶς
3558 5524 3658 5595 τήν
3697 5527 3838 5595 μνᾶν

1206 5691 1249 5723 ⁵⁸
1276 5690 1468 5759 pres.
1498 5703 1569 5755 tv,
1593 5688 1646 5743 5.
1721 5687 1765 5719 “
1791 5686 1928 5744 Psal.
1953 5704 2062 5753 cu,
2090 5688 2137 5742 l.
2217 5688 2259 5719 ⁸⁷
2291 5688 2417 5749 ibid,
2443 5688 2499 5743 ‘3.
2576 5687 2621 5719 "
2649 5686 2833 5745 Matth.
2857 5704 2969 5756 ut,
2994 5690 3087 5745 ιδ.
3161 5690 3205 5724 δ’
3228 5688 3367 5745 Psal.
3388 5704 3542 5756 cvm,
3564 5688 3624 5745 2.

2336 5807 2445 5878 (71)
2467 5806 2543 5863 lta
2572 5807 2692 5863 cod.
