4062 6410
1404 389 1905 448 COMMENTARIA
1942 390 2011 447 ΙΝ
2050 389 2307 451 ιυσΑιι.

3374 394 3485 452 598

224 513 691 569 πολυπλασιάσασι
723 511 820 581 τὴν
865 511 1182 583 πρέπουσαν
1225 509 1510 573 ἀποδιδοὺς
1547 508 1791 580 ἀμοιϐὴν,

1911 516 2022 563 tum
2051 508 2375 580 neglexerit,
2416 518 2473 564 et
2503 506 2663 563 otiari
2707 506 3002 578 feriarique
3032 506 3359 577 pratulerit,
3382 524 3481 565 ne-

223 605 509 677 συνάρχειν
554 603 702 673 αὐτῷ
740 603 832 656 καὶ
881 600 1299 673 συμϐασιλεύειν
1348 600 1665 672 ἐπιτρέψει·
1719 598 1798 670 τῷ

217 697 277 753 ει
301 699 422 752 κατ’
450 700 603 751 δκνον
632 696 726 750 καὶ
756 694 1023 767 ρᾳθυμίαν
1047 692 1343 763 ήμεληκότι
1369 692 1470 763 τῆς
1491 692 1582 745 τοῦ
1602 694 1801 746 Δεσπό-

1906 614 2011 668 que
2047 601 2359 671 negotiandi
2392 600 2635 656 laborem
2678 599 2922 670 perferre
2944 600 3198 665 voluerit,
3223 603 3481 657 acerbam

1909 704 2127 759 pmnam
2152 692 2410 759 imponet.

216 804 312 843 του
358 786 832 859 παρακελεύσεως,
875 784 1071 856 ἀργίαν
1146 801 1206 836 τε
1282 786 1375 836 καὶ
1457 783 1652 854 σχολὴν
1713 782 2052 852 ἠγαπηκότι,
2108 783 2243 856 μηδὲ
2296 784 2606 857 βουληθέντι
2660 784 2753 839 τὸν
2807 785 2968 839 πόνον
3022 783 3311 856 ὑπομεῖναι
3376 778 3482 855 τῆς

218 880 623 954 πραγματείας,
656 880 857 950 πικρὰν
881 880 1181 949 ἐπαρτήσει
1207 878 1381 949 δίκην.

326 974 476 1027 ἰσθι
500 970 791 1035 ἐξουσίαν
826 970 984 1040 ἔχων
1010 968 1210 1023 ἐπάνω
1246 968 1393 1023 δέκα
1425 972 1679 1025 πόλεων.

286 1061 565 1117 Βασιλεῖαι
588 1061 697 1135 γὰρ
722 1055 905 1126 αὗται,
923 1061 1225 1133 πρέπουσαι
1258 1061 1601 1134 προαγωγαὶ,
1632 1060 1805 1131 ἀρχὰς

212 1153 519 1225 ἀνθρώπων
547 1153 642 1207 καὶ
667 1154 965 1225 ἡγεμονίας
1006 1152 1116 1205 τῶν
1172 1152 1536 1224 ἀτελεστέρων
1570 1150 1651 1204 ἔτι
1696 1150 1800 1218 ψυ-

211 1246 325 1318 χῶν
354 1248 467 1309 τοῖς
510 1248 567 1298 ἐν
595 1246 760 1315 ὀλίγῳ
793 1245 890 1315 τὴν
924 1244 1154 1315 δοκιμὴν
1192 1243 1650 1315 παρεσχημένοις,
1702 1245 1801 1295 ἐπ-

210 1336 381 1403 αξίως
428 1330 501 1389 ὧν
546 1335 1069 1408 ἐπραγματεύσαντο
1095 1334 1233 1389 κατά
1268 1334 1361 1387 τὸν
1406 1334 1620 1405 πρῶτον
1659 1333 1793 1403 βίον,

209 1426 587 1500 χαριζόμεναι.
612 1427 819 1491 Μάθοις
850 1428 893 1480 δ’
930 1427 997 1481 ἂν
1022 1427 1130 1480 τῶν
1162 1426 1468 1498 εἰρημένων
1503 1425 1705 1479 δούλων
1734 1424 1797 1477 τὸ

209 1522 454 1591 γνήσιον,
489 1520 584 1574 καὶ
607 1520 668 1573 τὸ
699 1520 891 1573 πιστὸν
926 1521 1023 1590 τῆς
1052 1517 1435 1590 πραγματείας
1478 1516 1660 1589 ἔργοις
1693 1516 1793 1568 αὑ-

210 1614 325 1675 τοῖς
354 1610 715 1682 παραλαϐών·
767 1611 842 1674 ὡς
879 1613 966 1676 είς
998 1610 1206 1666 πᾶσαν
1238 1608 1354 1677 τὴν
1382 1607 1498 1678 γῆν
1533 1606 1795 1675 ἐξῆλθεν

210 1708 243 1757 ό
270 1704 535 1773 φθόγγος
556 1701 774 1769 αὐτῶν,
812 1702 908 1757 καί
937 1706 1024 1767 είς
1064 1702 1137 1756 τὰ
1180 1702 1407 1769 πέρατα
1445 1699 1557 1768 τῆς
1593 1702 1791 1753 οἰκου-

1942 968 1986 1000 ¹⁶
2026 965 2153 1020 Esto
2196 975 2501 1035 potestatem
2540 966 2736 1021 habena
2771 981 2930 1035 super
2968 965 3142 1019 decem
3181 965 3438 1020 civitates.

1974 1061 2157 1130 Regna
2192 1058 2442 1115 videlicet
2482 1060 2598 1115 haec
2627 1069 2775 1123 sunt,
2809 1059 3133 1129 decoraque
3169 1061 3478 1128 provectio-

1899 1168 2018 1219 nes,
2054 1168 2176 1221 qua:
2219 1153 2502 1221 imperium
2546 1152 2599 1206 in
2642 1150 2912 1215 homines,
2940 1160 2993 1206 et
3030 1150 3476 1220 imperfectarum

1898 1245 2071 1299 adhuc
2103 1244 2403 1298 animarum
2430 1243 2684 1298 ducatum
2706 1282 2721 1307 ,
2756 1242 2826 1298 iis
2853 1244 2945 1312 qui
2980 1243 3037 1312 in
3072 1257 3131 1297 re
3174 1242 3278 1297 levi
3309 1257 3474 1312 expe-

1899 1336 2187 1391 rimentum
2229 1334 2575 1411 przbuerint,
2610 1349 2707 1404 pro
2748 1333 3045 1404 superioris
3078 1334 3200 1387 vita:
3239 1333 3469 1397 meritis,

1897 1427 2216 1482 attribuunt.
2290 1426 2597 1496 Cognosces
2660 1437 2840 1481 autem
2906 1426 3286 1494 praedictorum
3355 1438 3477 1479 ser-

1895 1533 2085 1572 vorum
2138 1516 2492 1587 probitatem,
2552 1526 2606 1572 et
2651 1517 2958 1588 negotiandi
3019 1516 3356 1579 fidelitatem,
3404 1529 3475 1571 ex

1895 1608 2146 1679 operibus
2189 1608 2321 1677 ipsis
2371 1622 2638 1677 arguens;
2720 1622 2912 1676 nempe
2972 1606 3114 1675 quod
3160 1607 3217 1660 in
3269 1621 3477 1661 omnem

1896 1708 2090 1753 terram
2134 1700 2261 1752 exiit
2313 1715 2472 1752 sonus
2523 1715 2723 1763 eorum,
2787 1709 2833 1752 el
2884 1701 2938 1752 in
2963 1698 3094 1767 ﬁnes
3123 1706 3279 1752 terra:
3321 1696 3476 1751 verba

204 1791 402 1862 μένης
430 1793 503 1846 τὰ
531 1793 771 1861 ῥήματα
797 1790 1014 1846 αὐτῶν.
1058 1792 1134 1844 Δι’
1179 1790 1358 1845 αὐτῶν
1412 1790 1522 1861 γὰρ
1572 1789 1791 1843 ἐκείνων

1893 1790 2126 1858 ipsorum
2161 1790 2228 1843 ".
2299 1789 2404 1844 Per
2464 1789 2583 1845 illos
2654 1791 2796 1844 enim
2852 1792 3161 1844 Servatoris
3219 1789 3470 1854 comites,

208 1884 318 1937 τῶν
343 1883 437 1937 τοῦ
460 1884 710 1953 Σωτῆρος
746 1884 1059 1954 γνωρίμων,
1092 1882 1185 1935 καὶ
1204 1881 1292 1935 διὰ
1321 1882 1429 1936 τῶν
1452 1882 1591 1954 μετά
1617 1882 1793 1936 ταῦτα

206 1978 299 2031 τὸν
323 1978 506 2047 ὅμοιον
525 1978 753 2040 ἐκείνοις
781 1976 1217 2052 ἐπανῃρημένων
1244 1976 1423 2046 ζῆλον,
1450 1976 1509 2041 ἐξ
1537 1976 1792 2030 ἁπάντων

206 2066 316 2120 τῶν
349 2066 517 2120 ἐθνῶν
543 2066 909 2138 ἀφορισθεῖσα
930 2067 1007 2138 τῷ
1034 2064 1154 2136 Θεῷ
1202 2066 1517 2137 Ἐκκλησία,
1539 2068 1595 2118 ἐν
1627 2065 1791 2135 ὀλίγῳ

206 2160 385 2231 χρόνῳ
415 2159 516 2231 τὴν
544 2158 837 2229 σύμπασαν
860 2158 1183 2231 οἰκουμένην
1217 2158 1480 2229 ἐπλήρου.
1518 2158 1631 2210 Καὶ
1667 2156 1789 2209 καθ’

206 2251 393 2323 ἕτερον
416 2250 474 2305 δὲ
500 2252 701 2322 τρόπον
729 2250 826 2321 τὴν
855 2250 1119 2322 ἐργασίαν
1146 2252 1460 2321 ποιήσονται
1489 2250 1536 2301 οί
1566 2248 1655 2301 τὸν
1683 2266 1787 2302 σω-

206 2341 392 2412 τήριον
419 2341 576 2409 λόγον
590 2340 681 2393 τὸν
708 2341 1057 2409 εὐαγγελικὸν
1083 2341 1483 2402 πιστευθέντες,
1510 2338 1577 2391 δι’
1613 2338 1790 2410 ἔργων

207 2432 302 2486 καὶ
322 2431 594 2503 πράξεων,
628 2432 742 2501 βίου
772 2449 831 2485 τε
863 2433 957 2485 καὶ
985 2432 1258 2495 πολιτείας
1295 2430 1656 2502 θεοπρεποῦς,
1691 2430 1790 2492 τὰς

202 2522 299 2576 τοῦ
332 2523 490 2591 λόγου
520 2523 867 2589 διδασκαλίας
897 2523 1357 2594 ἀποπληροῦντες.
1396 2518 1494 2577 Ὧν
1531 2523 1658 2586 τοὺς
1692 2522 1789 2591 μὲν

200 2613 479 2685 διαφόρως
506 2616 939 2686 ἐργασαμένους,
971 2616 1252 2687 διαφόροις
1274 2619 1461 2686 τιμαῖς
1498 2615 1790 2685 ἀμείψεται

200 2706 463 2771 ὀδίκαιος
506 2708 717 2779 κριτὴς,
757 2708 1051 2763 ἀποδώσων
1092 2708 1305 2778 ἑκάστῳ
1342 2709 1440 2779 τήν
1481 2709 1789 2780 προσήκου-

212 2811 304 2849 σαν
337 2798 394 2849 ἐν
419 2796 647 2865 ἀγαθοῖς
672 2798 923 2869 ἀμοιϐήν·
955 2798 1036 2869 τῷ
1072 2799 1117 2851 δ’
1156 2797 1491 2870 ἐγκρύψαντι
1529 2798 1655 2860 τοὺς
1699 2798 1787 2851 λό-

202 2903 335 2954 γους
390 2887 483 2939 καὶ
530 2886 892 2957 καταδήσαντι
940 2889 1069 2957 παρ’
1122 2887 1320 2954 ἐαυτῷ,
1384 2887 1547 2956 μηδέν
1578 2904 1637 2939 τε
1675 2888 1789 2957 είρ-

202 2976 464 3047 γασμένῳ
494 2977 714 3048 πονηρῷ
742 2978 913 3047 δούλῳ
961 2980 1055 3031 καὶ
1085 2978 1321 3050 ὀκνηρῷ,
1362 2979 1655 3049 τάπίχειρα
1692 2978 1791 3047 τῆς

201 3070 472 3139 πονηρίας
494 3069 720 3121 ἐποίσει.
752 3101 821 3109 —
853 3070 925 3121 Τὸ
954 3070 1138 3123 ἐπάνω
1175 3070 1306 3123 δέκα
1335 3070 1367 3139 ἢ
1398 3070 1555 3123 πέντε
1585 3069 1789 3121 πόλεων

201 3160 383 3231 ἀρχήν
431 3177 553 3213 τινα
608 3162 700 3213 καὶ
746 3160 991 3224 ἐξουσίαν
1056 3162 1205 3232 δηλοί⁹
1256 3161 1625 3233 δοθησομένην
1679 3162 1791 3223 τοῖς

201 3253 381 3319 ἁγίοις
438 3252 582 3306 κατὰ
643 3252 1045 3325 ὑποδεεστέρων
1090 3254 1193 3309 ’καὶ
1255 3254 1347 3305 τοῦ
1419 3251 1790 3306 διευθύνεσθαι

200 3340 395 3407 ἀξίων.
1612 3350 1615 3353 ’

286 3433 448 3487 ama
477 3434 586 3504 γάρ
625 3435 736 3489 τῶν
778 3436 877 3506 μὲν
925 3432 1093 3487 αὐτοῦ
1145 3434 1492 3506 θεραπόντων
1534 3435 1791 3504 τοιαύτην

200 3526 493 3595 ποιήσεται
520 3526 617 3596 τὴν
654 3526 944 3598 διάκρισιν·
980 3524 1090 3580 τῶν
1124 3524 1181 3577 δὲ
1213 3525 1287 3596 μὴ
1324 3527 1421 3597 τῆς
1454 3528 1623 3596 αὐτῆς
1667 3526 1789 3583 δου-

198 3616 349 3679 λείας
374 3615 814 3687 κατηξιωμένων,
856 3617 1028 3679 ἄλλως
1057 3616 1114 3668 δὲ
1150 3617 1385 3671 πολιτῶν
1414 3618 1580 3671 αὑτοῦ
1618 3635 1790 3685 γεγε-

199 3707 474 3777 νημένων,
527 3709 583 3761 ἐν
627 3707 838 3779 ἐχθρῶν
866 3707 923 3761 δὲ
952 3707 1047 3761 καὶ
1093 3708 1393 3777 μισούντων
1435 3708 1596 3761 αὑτὸν
1637 3708 1791 3780 χώρᾳ

198 3801 432 3863 ἑαυτοὺς
465 3800 898 3864 καταλεξάντων,
942 3801 1237 3871 πρεσϐείαν
1276 3818 1336 3853 τε
1372 3801 1789 3855 ἀπεσταλκότων

201 3891 624 3963 ἀπαρνουμένην
654 3890 818 3943 αὐτοῦ
848 3891 945 3963 τὴν
979 3890 1277 3961 βασιλείαν,
1314 3892 1496 3944 ὁποῖον
1523 3890 1673 3943 ἐσται
1698 3892 1788 3944 τέ-

164 4006 171 4015 ·
207 3983 321 4047 λος,
356 3984 594 4054 παρίστη
629 3983 695 4035 δι’
730 3976 807 4035 ὧν
859 3981 1223 4035 ἐπανελθόντα
1263 3982 1352 4035 τὸν
1387 3980 1610 4051 βασιλέα
1650 3982 1791 4035 κατά

198 4078 303 4147 τὴν
334 4076 591 4146 δευτέραν
628 4076 720 4128 καὶ
753 4074 1031 4145 βασιλικὴν
1084 4073 1249 4127 αὐτοῦ
1305 4073 1645 4143 θεοφάνειαν,
1694 4091 1789 4143 φο-

200 4166 369 4238 ϐερὰν
415 4166 688 4235 ἀπόφασιν
731 4165 959 4229 ἐξοίσειν
1008 4157 1129 4218 κατ’
1161 4163 1339 4217 αὐτῶν
1380 4162 1646 4235 προύλεγε
1690 4163 1789 4233 τὴν

198 4260 488 4330 φήσασαν’
520 4258 667 4329 Πλὴν
700 4258 827 4321 τοὺς
866 4256 1093 4328 ἐχθρούς
1125 4273 1224 4327 μου
1260 4256 1520 4318 ἐκείνους,
1560 4256 1685 4316 τοὺς
1714 4255 1788 4325 μὴ

202 4347 541 4419 θελήσαντάς
568 4364 635 4418 με
662 4346 974 4417 βασιλεῦσαι
1014 4349 1101 4399 ἐπ’
1134 4346 1351 4411 αὐτοὺς,
1390 4345 1624 4413 ἀγάγετε
1662 4337 1786 4399 ὦδε,

199 4439 298 4494 καὶ
324 4437 709 4507 κατασφάξατε
739 4436 1044 4507 ἔμπροσθέν
1072 4452 1169 4505 μου
1190 4434 1324 4503 (72).

498 4530 594 4582 Ἐν
622 4529 765 4595 ποίᾳ
788 4527 1041 4595 ἐξουσίᾳ
1065 4527 1253 4580 ταῦτα
1278 4525 1466 4590 ποιεῖς
1488 4540 1506 4585 ;

273 4620 445 4684 Αὐτὸς
480 4619 579 4691 μὲν
610 4618 745 4691 ἔργα
794 4618 982 4688 θεῖκῆς
1024 4618 1307 4688 δυνάμεως
1362 4614 1648 4680 ἐπιτελῶν,
1694 4632 1784 4667 τε·

202 4713 429 4785 ραστίας
475 4713 567 4764 καὶ
621 4710 957 4782 παραδόξους
1005 4710 1232 4779 πράξεις
1279 4709 1632 4773 ἐνεδείκνυτο,
1678 4708 1785 4761 ἐδί-

200 4802 372 4858 δασκέ
416 4819 478 4855 τε
526 4803 751 4873 οὐράνια
803 4802 1121 4873 μαθήματα·
1183 4803 1232 4854 οἱ
1281 4802 1326 4853 δ’
1371 4802 1784 4873 ἀποθαυμάζειν

200 4896 343 4959 δέον,
376 4894 664 4966 γνωρίζειν
699 4911 759 4947 τε
805 4897 870 4948 ἐκ
898 4894 1004 4947 τῶν
1040 4895 1214 4963 λόγων
1242 4894 1337 4947 καὶ
1372 4896 1482 4947 τῶν
1512 4895 1783 4965 πράξεων,

200 4985 280 5047 ὡς
302 4984 411 5055 ἄρα
432 4984 593 5047 αὐτὸς
621 4985 705 5054 εῐη
736 4985 1017 5057 ὁΧριστὺς
1040 4988 1068 5039 ό
1103 4984 1207 5038 ὑπὸ
1241 4984 1348 5037 τῶν
1374 4985 1665 5056 προφητῶν
1689 5002 1782 5037 κε-

201 5075 570 5146 κηρυγμένος,
607 5075 763 5129 τοῦτο
797 5076 895 5146 μὲν
929 5077 1029 5129 οὐκ
1062 5075 1351 5147 ἔπραττον,
1389 5077 1475 5128 ἐπ’
1504 5078 1793 5151 ἀνατροπῇ

202 5165 263 5218 δὲ
294 5164 389 5218 τοῦ
425 5164 660 5237 πλήθους
686 5166 1004 5229 ἐπιστάντες
1026 5165 1257 5236 ἀθρόως,
1287 5166 1565 5235 ἐπετίμων
1589 5165 1788 5218 πυνθαέ

204 5255 420 5325 νόμενοι
446 5256 503 5309 ἐν
532 5256 663 5327 ποίᾳ
683 5255 900 5328 ἐξουσίᾳ
934 5256 1021 5325 εἴη
1051 5256 1223 5311 ταῦτα
1252 5257 1442 5321 ποσιῖιν,
1493 5258 1587 5309 καὶ
1635 5256 1786 5327 παρά

201 5346 348 5409 τίνος
367 5345 577 5418 εἰλήφει
607 5347 715 5419 τὴν
736 5348 831 5402 τοῦ
859 5349 928 5402 τά
948 5349 1125 5402 τοιάδε
1156 5350 1415 5420 πράττειν
1438 5348 1609 5414 ἀδεῶς
1638 5350 1787 5415 ἐξου-

206 5454 350 5491 σιαν.

538 5530 839 5599 Ἐρωτήσω
867 5531 1023 5601 ὑμᾶς
1038 5532 1217 5601 κάγὼ,
1243 5549 1297 5585 κ.
1327 5549 1377 5585 τ.
1411 5532 1461 5587 λ.

290 5617 650 5684 ’Λνεξικάκως
682 5622 777 5674 καὶ
806 5622 994 5693 πράως
1044 5622 1241 5685 αὐτοὺς
1272 5622 1561 5692 δεξάμενος
1598 5624 1626 5675 ὁ
1664 5623 1778 5676 Κύ-

284 5712 332 5747 ¹⁸
365 5712 495 5770 Luc.
522 5730 636 5779 xu,
667 5715 752 5769 i7.
831 5718 874 5748 "
911 5717 1054 5771 Psal.
1084 5734 1242 5783 xvm,
1282 5720 1335 5773 5.
1412 5720 1455 5750 ⁸²
1479 5718 1616 5773 Luc.
1648 5735 1740 5783 xx,
1784 5719 1835 5773 2.

287 5799 408 5876 (79.)
434 5806 637 5864 Confer
660 5807 1069 5881 Tlicoplianiam,
1099 5815 1236 5883 apud
1264 5828 1359 5869 nus
1392 5818 1498 5870 co'.
1532 5803 1641 5869 G90
1667 5815 1761 5869 lin.

1816 4488 1872 4546 D

1890 1897 2092 1953 perque
2132 1896 2225 1937 eos
2259 1884 2351 1952 qui
2400 1892 2585 1951 postea
2632 1897 2815 1951 parem
2864 1882 3038 1936 zelum
3097 1890 3471 1950 susceperunt,

1888 1989 1957 2030 ex
2000 1976 2207 2030 cunctis
2264 1974 2514 2044 gentibus
2559 1976 2757 2029 selecta
2816 1972 2926 2028 Dee
2985 1972 3248 2037 Ecclesia,
3318 1972 3471 2027 brevi

1890 2075 2133 2136 tempore
2183 2066 2516 2136 universum]
2552 2066 2810 2122 mundum
2859 2065 3107 2135 replevit.
3159 2063 3282 2119 Alio
3333 2078 3472 2134 quo-

1891 2170 1995 2226 que
2063 2158 2224 2212 modo
2298 2158 2573 2228 negotium
2656 2173 2814 2213 suum
2879 2157 3078 2213 facient
3150 2157 3188 2211 ii
3270 2155 3469 2227 quibus

1890 2250 2199 2319 evangelica
2218 2250 2523 2306 Servatoris
2544 2250 2799 2305 doctrina.
2813 2251 3105 2306 commissa
3130 2248 3253 2314 luit,
3273 2264 3470 2318 nempe

1892 2342 2131 2395 moribus
2157 2350 2212 2393 et
2233 2342 2352 2394 vita!
2375 2340 2605 2406 actibus,
2638 2351 2692 2395 et
2720 2341 2879 2409 digna
2902 2340 3011 2395 Deo
3034 2341 3470 2404 conversatione,

1891 2432 2151 2486 doctrina:
2190 2443 2453 2502 plu-cepta
2489 2432 2863 2501 adimplentes.
2903 2432 3051 2499 Quos
3084 2432 3300 2487 diverse
3347 2448 3473 2499 ope-

1892 2534 2093 2589 rantes,
2126 2524 2356 2579 diversis
2386 2525 2622 2594 praemiis
2654 2525 2835 2590 justus
2878 2524 3044 2593 judex
3087 2526 3471 2580 remunerabi-

1892 2627 1998 2679 tur,
2044 2617 2178 2671 dans
2224 2616 2421 2685 cuique
2455 2628 2750 2684 congruam
2802 2616 2880 2671 rei
2931 2616 3070 2671 bene
3106 2626 3271 2685 gesta:
3311 2616 3473 2670 retrio

1889 2708 2185 2762 butionem.
2226 2707 2613 2762 Verumtamen
2659 2708 2805 2761 illum
2838 2706 2929 2777 qui
2983 2709 3238 2763 traditam
3266 2706 3471 2762 doctri-

1891 2815 2016 2854 nam
2062 2799 2319 2854 celaverit
2362 2809 2523 2869 atque
2578 2800 2716 2866 apud
2772 2815 2831 2855 se
2884 2800 3206 2864 obvolverit,
3267 2798 3470 2854 malum

1892 2891 2129 2954 scilicet,
2166 2890 2414 2960 ignavum
2451 2891 2694 2958 nihilque
2722 2901 3034 2960 operantem
3082 2906 3331 2957 servum,
3376 2892 3472 2945 do-

1892 2983 1997 3035 liita
2023 2983 2272 3051 nequitia:
2301 2998 2411 3036 sua:
2445 2998 2598 3051 paena
2631 2992 3007 3051 prosequetur.
3032 3012 3102 3021 —
3128 2983 3323 3037 Decem
3379 2984 3464 3036 vel

1891 3075 2128 3142 quinque
2184 3075 2399 3128 urbium
2469 3074 2790 3141 pnefectura
2858 3074 3129 3145 significat
3182 3074 3503 3147 ἰιιιικξιῆιιιιιχ

1817 3144 1863 3204 (ἶ
1895 3167 2165 3236 quoddam
2214 3181 2274 3221 ac
2322 3172 2668 3236 potestatem,
2717 3180 2840 3236 quae
2892 3144 3096 3220 sanctis
3136 3144 3312 3220 danda
3364 3167 3471 3224 erit

1891 3273 2057 3327 super
2088 3259 2416 3312 infirmiores
2448 3268 2611 3328 atque
2641 3258 3020 3313 emendatione
3048 3256 3263 3328 dignos.

1961 3436 2092 3492 Tale
2139 3438 2319 3506 itaque
2362 3436 2430 3490 de
2484 3437 2657 3491 servis
2700 3435 2813 3491 suis
2861 3434 3122 3504 judicium
3170 3437 3463 3491 exercebit.

1891 3528 2110 3583 Illorum
2147 3540 2327 3583 autem
2359 3530 2449 3598 qui
2490 3544 2664 3598 neque
2702 3530 2754 3583 in
2785 3543 3067 3582 servorum
3096 3526 3213 3595 ejus
3239 3543 3469 3581 numero

1889 3636 2011 3674 esse
2040 3622 2361 3684 voluerunt,
2392 3634 2703 3689 quanquam
2741 3619 2887 3673 cives
2929 3618 3099 3687 ipsius
3128 3627 3342 3685 essent,
3373 3620 3466 3673 sed

1891 3714 1943 3767 i-n
1978 3714 2210 3767 hostium
2257 3724 2420 3782 atque
2462 3727 2680 3767 osorum
2725 3711 2969 3779 partibus
3014 3724 3072 3766 se
3108 3712 3465 3776 collocarunt,

1893 3803 2326 3872 legationemque
2374 3803 2639 3856 miserunt
2678 3812 2735 3854 ut
2777 3817 3004 3871 regnum
3037 3800 3154 3870 ejus
3200 3802 3468 3855 detrecta-

1893 3904 2045 3957 rent,
2072 3894 2293 3963 quinam
2322 3895 2504 3948 exitus
2536 3894 2606 3948 sit
2650 3892 2863 3948 futurus
2884 3932 2897 3956 ,
2939 3894 3179 3948 ostendit
3214 3906 3466 3956 narrans,

1892 3998 2071 4053 regem
2106 3999 2409 4047 reversum,
2442 3986 2676 4038 secunda
2702 3981 2951 4037 videlicet
2977 3983 3139 4052 regali
3169 3984 3259 4037 Dei
3289 3984 3467 4035 mani-

1891 4075 2211 4138 festatione,
2244 4076 2540 4129 terribilem
2585 4074 2907 4128 sententiam
2952 4074 3185 4127 laturum
3223 4074 3306 4128 bis
3341 4089 3465 4128 ver-

1892 4168 1975 4220 bis
2003 4185 2017 4220 :
2042 4166 2418 4221 Verumtamen
2445 4165 2692 4219 inimicos
2720 4178 2869 4218 meos
2899 4164 3020 4219 illos
3047 4202 3063 4228 .
3104 4165 3196 4232 qui
3237 4179 3322 4217 me
3370 4178 3468 4217 no-

1894 4257 2109 4310 luerunt
2141 4271 2366 4326 regnare
2402 4271 2565 4325 super
2607 4270 2697 4322 se,
2744 4256 2995 4310 adducite
3025 4256 3130 4309 buc
3165 4264 3220 4309 et
3258 4254 3466 4309 interfi-

1892 4346 1998 4399 cite
2032 4362 2214 4399 coram
2256 4362 2359 4401 tne.

2226 4533 2274 4563 "
2304 4530 2367 4585 In
2400 4550 2502 4601 qua
2540 4544 2795 4601 potestate
2827 4535 2938 4589 lucc
2978 4535 3151 4603 facis?

1961 4621 2077 4689 Ipse
2122 4623 2341 4691 quidem
2374 4624 2569 4679 divitiae
2599 4626 2816 4679 virtutis
2843 4640 3007 4694 opera
3048 4634 3309 4696 patrans,
3342 4638 3469 4693 por-

1891 4721 2037 4764 tenta
2085 4721 2142 4765 et
2184 4713 2461 4767 mirabiles
2515 4725 2669 4769 actus
2711 4716 2941 4781 edebat;
2985 4716 3255 4784 simulque
3300 4714 3466 4770 coele—

1887 4816 2022 4859 stem
2049 4806 2349 4862 doctrinam
2384 4809 2652 4864 tradebat.
2683 4810 2764 4863 llli
2798 4819 2979 4863 autem
3008 4811 3098 4879 qni
3143 4811 3257 4864 haec
3289 4810 3465 4878 suspi-

1884 4912 2008 4951 cere
2064 4898 2412 4965 debuissent,
2474 4908 2644 4968 atque
2690 4915 2756 4955 ex
2825 4902 2987 4955 dictis
3041 4902 3315 4972 gestisque
3376 4916 3468 4956 co-

1886 5002 2145 5058 gnoscere
2178 4990 2321 5045 hunc
2343 5005 2463 5045 esse
2489 4991 2765 5046 Christum
2798 4994 2864 5047 de
2893 5007 2999 5061 quo
3024 4991 3302 5062 prophetae
3333 4992 3469 5045 vali-

1889 5082 2053 5135 cinati
2104 5080 2360 5149 fuerant;
2414 5084 2638 5139 minime
2674 5099 2853 5139 rerum
2887 5085 2937 5138 id
2970 5085 3251 5152 fecerint;
3280 5074 3467 5138 verum

1888 5174 1953 5226 ad
2002 5174 2383 5229 concitandam
2426 5176 2638 5245 plebem
2685 5178 2867 5233 subito
2900 5178 3179 5242 conversi,
3222 5177 3470 5243 increpa-

1890 5266 2022 5318 bant
2052 5280 2200 5331 eum,
2250 5266 2649 5338 interrogantes
2700 5285 2935 5339 quanam
2980 5270 3305 5325 auctoritate
3354 5268 3470 5321 haec

1887 5352 2126 5419 faceret,
2181 5356 2265 5411 vel
2310 5373 2340 5411 a
2409 5374 2644 5427 quonam
2700 5369 2849 5415 tanta
2903 5361 3161 5429 praeditus
3208 5358 3468 5413 facultate

1891 5444 2105 5513 fuisset,
2145 5457 2203 5501 ut
2238 5448 2351 5504 hmc
2380 5451 2725 5506 confidenter
2759 5462 2963 5521 ageret.

2201 5540 2248 5571 "
2280 5539 2628 5611 Interro‘gabo
2668 5553 2715 5597 et
2748 5561 2843 5613 ego
2875 5561 2963 5597 vos
2984 5583 2998 5608 ,
3037 5554 3145 5598 etc.

1957 5627 2236 5684 Patientcr
2265 5646 2327 5687 ac
2356 5644 2636 5690 mansuete
2676 5638 2946 5705 postulata
2978 5650 3162 5691 eorum
3190 5635 3478 5702 excipiens.

1915 5721 1960 5753 ⁸³
1996 5723 2125 5778 ibid.
2166 5726 2220 5781 3.
