4062 6394
607 379 710 435 595
1304 376 1570 436 EUSEBll
1608 366 2083 435 CESAFUENSIS
2118 377 2211 433 0P1

2216 378 2267 433 P.
2310 376 2487 431 psns
2524 375 2609 430 ιιι.
2652 406 2723 415 -
2762 365 3165 431 εκεοεσιοιαιι.
3718 359 3820 425 '59s

607 497 881 561 Dominus,
910 496 1220 553 sciscitatur
1250 496 1361 566 ipse
1386 510 1598 566 quoque
1640 497 1704 551 de
1738 496 1940 552 Joanne
1981 497 2149 566 liapti-
2174 500 2211 557 Α

2218 540 2223 556 ,
2253 511 2364 565 ριος
2391 494 2637 563 ἀνερωτᾷ
2660 490 2784 561 περὶ
2830 490 3072 543 Ἰωάννου
3096 487 3187 541 τοῦ
3209 485 3529 547 Βαπτιοτοῦ,
3562 486 3625 538 σύ
3659 488 3822 541 πόθεν

607 595 820 654 satore;
854 602 953 643 nec
993 588 1133 642 unde
1166 587 1211 641 is
1242 596 1419 651 esset,
1450 589 1542 641 sed
1574 590 1712 642 unde
1751 588 2000 657 baptismi
2028 601 2151 641 nor-

2250 586 2335 651 εῐη
2362 584 2541 647 αὐτὸς,
2583 581 2720 635 ἀλλά
2772 580 2938 633 πόθεν
2978 579 3069 630 τὸν
3106 578 3201 633 τοῦ
3236 576 3611 646 βαπτίσματος
3657 576 3823 644 νόμον

608 692 751 731 mam
794 677 1101 746 accepisset.
1146 676 1275 737 Nam
1308 677 1411 731 sibi
1450 678 1549 745 ipsi
1579 678 1942 733 testimonium
1974 678 2152 748 perbl-

2252 674 2478 743 είλήφοι.
2519 672 2593 724 Τὸ
2624 671 2723 741 μὲν
2753 670 2861 740 γὰρ
2895 669 3056 721 αὐτὸν
3108 668 3238 737 περὶ
3272 666 3461 719 ἑαυτοῦ
3520 666 3826 737 μαρτυρεῖν

610 767 764 832 bere,
806 769 1019 838 plenum
1065 768 1173 822 odii
1204 768 1473 837 negotium
1510 769 1854 823 existimabat
1884 779 1937 822 et
1973 780 2153 823 oeten.

2253 764 2487 834 ἐπαχθὲς
2513 765 2696 831 ἠγεῖτο
2719 763 2811 813 καὶ
2845 757 3281 830 περιαυτολόγον·
3310 758 3371 809 τὸ
3408 757 3452 809 δ’
3494 758 3591 808 ἐπὶ
3638 755 3824 808 Ἰωάν-

609 857 845 913 tationis.
891 857 1189 925 Ceteroqui
1240 860 1551 926 provocatio
1602 858 1667 910 ad
1705 856 1967 911 Joannem
2022 859 2152 911 taci-

2253 876 2349 929 νην
2374 856 2719 925 ἀναπέμπειν
2749 855 3028 924 λεληθυῖαν
3050 855 3147 923 τὴν
3182 853 3309 923 περὶ
3343 850 3534 905 ἑαυτοῦ
3570 851 3829 903 διδασκα-

610 957 717 999 tam
744 946 1049 1003 continebat
1077 946 1276 1002 Christi
1306 947 1812 1002 manifestationem.
1864 947 2154 1003 Universus

2252 950 2370 1002 λίαν
2401 949 2701 1019 περιεῖχενο
2726 946 3040 1016 ὡμολόγητο
3072 945 3180 1015 γὰρ
3220 944 3369 1013 παρά
3404 942 3565 998 παντὶ
3592 941 3672 1009 τῷ
3710 939 3826 1009 λαῷ

607 1037 750 1091 enim
777 1037 1001 1106 populus
1030 1036 1303 1092 fatebatur
1332 1035 1596 1093 Joannem
1625 1039 1883 1091 divinitus
1908 1038 2149 1093 missum.

2266 1041 2514 1110 Ἰωάννης
2565 1038 2625 1102 ιε
2669 1036 2915 1108 οὐρανῶν
2965 1034 3312 1106 ὡρμημένος.
3362 1030 3526 1096 Οὗτος
3561 1033 3617 1086 δὲ
3662 1032 3831 1095 αὐτὸς

605 1124 772 1181 Porro
807 1126 894 1181 hic
923 1128 1063 1180 idem
1108 1126 1467 1183 testimonium
1495 1127 1817 1196 praebuerat,
1859 1128 1999 1182 unde
2026 1125 2153 1182 Ser-

2252 1130 2545 1202 έμαρτύρει
2581 1126 2661 1199 τῷ
2688 1128 2899 1199 Σωτῆρι
2938 1127 3101 1181 πόθεν
3134 1126 3219 1197 είη
3256 1126 3356 1195 τὴν
3407 1123 3654 1188 ἐξουσίαν
3684 1122 3833 1191 silv;-

605 1228 761 1272 vator
802 1228 1115 1286 potestatem
1144 1219 1455 1287 accepisset.
1497 1217 1631 1273 Cum
1668 1220 1811 1272 enim
1843 1218 1893 1273 ei
1938 1218 2151 1287 quidam

2253 1223 2387 1291 φώς.
2428 1222 2514 1285 Ὠς
2558 1222 2666 1291 γὰρ
2708 1218 3052 1290 ἀπήγγελλον
3098 1216 3247 1287 αὑτῷ
3290 1233 3453 1280 τινες,
3486 1217 3567 1269 ὅτι
3619 1216 3832 1285 Ἰησοῦς

606 1306 936 1363 nuntiassent
961 1307 1138 1363 Jesum
1169 1308 1462 1377 baptizare,
1497 1309 1799 1377 hujusmodi
1838 1324 2151 1378 responsum

2256 1309 2523 1380 βαπτίζει,
2559 1309 2875 1380 ἀποκριθεὶς
2901 1304 3056 1362 εἶπεν
3088 1309 3301 1371 αὐτοῖς·
3358 1306 3433 1359 Ού
3481 1305 3709 1359 δύναται
3736 1305 3836 1359 iw

605 1400 771 1454 edidit
802 1415 817 1452 :
852 1398 967 1454 Non
999 1408 1167 1467 potest
1198 1399 1356 1453 homo
1379 1414 1409 1453 a
1454 1401 1629 1469 seipso
1681 1401 1969 1471 quidquam
2016 1402 2154 1455 acci-

2254 1402 2468 1473 θρωπος
2515 1402 2809 1472 λάμὸάνειν
2866 1401 2960 1470 ἀφ’
3016 1399 3211 1453 ἑαυτοῦ
3275 1398 3445 1462 οὐδὲν,
3503 1397 3599 1451 ἐὰν
3657 1397 3735 1467 μὴ
3795 1391 3832 1466 ᾖ

608 1504 768 1558 pere,
814 1490 912 1543 nisi
958 1488 1008 1541 ei
1052 1488 1231 1541 datum
1274 1486 1438 1542 fuerit
1476 1489 1541 1543 de
1574 1489 1711 1543 caelo
1748 1488 1994 1558 desuper.
2047 1488 2154 1546 Vos

2252 1492 2533 1561 δεδομένον
2593 1491 2741 1563 αὐτῷ
2802 1493 2868 1544 ὲκ
2924 1489 3018 1543 τοῦ
3087 1488 3319 1561 ούρανοῦ
3378 1489 3606 1543 ἀνωθεν.
3665 1486 3836 1540 Αὐτοὶ

610 1580 740 1632 mihi
779 1580 906 1633 dicti
939 1578 1041 1631 mei
1080 1586 1244 1633 testes
1280 1581 1434 1643 estis,
1463 1595 1548 1634 me
1579 1580 1847 1634 Christum
1878 1596 1983 1634 non
2010 1596 2150 1647 esse,

2253 1582 2411 1650 ὑμεῖς
2467 1580 2795 1652 μαρτυρεῖτέ
2855 1597 2969 1651 μοι,
3031 1580 3114 1633 ὅτι
3143 1576 3297 1633 εἷπον
3319 1596 3335 1612 ·
3368 1580 3481 1634 Οὐκ
3507 1579 3623 1648 είμὶ
3660 1576 3773 1645 ἐγὼ
3804 1576 3836 1629 ό

610 1677 970 1721 verumtamen
1014 1669 1138 1723 huic
1167 1670 1469 1724 adventanti
1498 1672 1825 1739 praemissum
1847 1672 1919 1735 ";
1962 1680 2015 1725 et
2038 1688 2157 1726 rur-

2253 1673 2519 1743 Χριστὺς,
2578 1672 2695 1725 ἀλλ’
2746 1674 2828 1725 ὅτι
2887 1670 3297 1740 ἀπεσταλμένος
3345 1669 3464 1740 εἰμὶ
3519 1666 3836 1740 ἔμπροσθεν

608 1771 701 1811 sus
727 1775 740 1809 :
776 1757 876 1821 Qui
898 1759 1170 1812 desursum
1195 1762 1349 1821 venit,
1379 1777 1538 1828 supra
1563 1777 1737 1815 omnes
1762 1771 1837 1815 est
1856 1762 1933 1827 ";
1964 1763 2155 1816 denuo-

2255 1760 2462 1815 ἐκείνου
2488 1779 2501 1792 ο
2534 1765 2626 1814 καὶ
2670 1761 2850 1816 πάλινε
2889 1763 2944 1814 Ὀ
2990 1760 3217 1815 ἄνωθεν
3269 1760 3594 1829 ἐρχόμενος
3630 1757 3836 1811 ἐπάνω

609 1861 754 1916 que:
789 1846 949 1900 Pater
984 1848 1155 1916 diligit
1184 1847 1403 1913 Filium,
1437 1860 1487 1903 et
1517 1853 1693 1904 omnia
1728 1852 1941 1905 tradidit
1976 1854 2156 1905 manui
2187 1835 2213 1889 Ῑ

2258 1853 2497 1907 πάντων
2536 1853 2698 1905 ἐστί’
2742 1853 2837 1905 καὶ
2883 1848 3058 1914 αὖθις·
3127 1852 3181 1904 ’0
3227 1851 3431 1920 Πατὴρ
3476 1847 3683 1918 ἀταπᾷ
3724 1848 3838 1903 τὸν

607 1938 722 2005 ljtu
741 1937 807 1991 ".
841 1936 943 2002 Qui
966 1939 1124 1991 credit
1152 1940 1202 1991 in
1222 1937 1442 2003 Filium,
1470 1940 1618 1994 habet
1643 1942 1795 1994 vitam
1821 1952 2067 1996 intentant
2087 1944 2154 1999 ".

2267 1945 2420 2008 Υιύν,
2450 1944 2547 1997 καί
2579 1943 2776 1998 πάντα
2800 1944 3057 1999 δέδωκεν
3098 1944 3169 1997 ὲν
3214 1942 3289 2010 τῇ
3331 1941 3482 2011 χειρὶ
3520 1938 3731 1994 αὑτοῦ.
3776 1937 3836 1991 ⁸ο

607 2026 773 2100 Igitur
798 2044 862 2085 ex
882 2028 1105 2085 Joannis
1134 2031 1437 2087 testimonio
1466 2033 1807 2101 perspicuum
1846 2043 1961 2087 erat
1980 2073 1996 2098 ,
2023 2049 2158 2103 qua—

2259 2037 2553 2091 πιστεύων
2574 2038 2664 2100 εις
2684 2036 2789 2090 τὸν
2830 2035 2967 2089 Υιὸν
2989 2036 3112 2104 ἔχει
3148 2034 3299 2101 ζωὴν
3337 2032 3597 2087 αίώνιον.
3624 2028 3839 2085 Οὐκοῦν

609 2136 734 2177 nam
773 2131 1032 2191 potestate
1058 2122 1169 2177 haec
1200 2121 1452 2178 Senator
1484 2123 1710 2191 faceret,
1741 2135 1795 2180 et
1825 2126 2069 2197 quisnam
2107 2130 2158 2183 ei

2258 2129 2365 2181 ἀπὺ
2390 2128 2489 2197 τῆς
2525 2128 2768 2180 Ἰωάννου
2804 2128 2933 2197 περὶ
2964 2126 3128 2180 αὑτοῦ
3154 2125 3459 2196 μαρτυρίας
3486 2122 3647 2193 δῆλος
3676 2117 3747 2191 ἦν
3775 2123 3840 2173 ιν

609 2212 718 2267 vim
752 2211 1055 2277 huiusmodi
1091 2213 1393 2282 impertitus
1426 2212 1633 2269 fuisset.

2258 2218 2386 2289 ποίᾳ
2417 2218 2635 2289 ἐξουσία
2667 2218 2842 2273 ταῦτα
2868 2218 3134 2289 ἔπραττεν
3158 2219 3187 2270 ὁ
3218 2217 3427 2286 Σωτὴρ,
3458 2216 3555 2270 καὶ
3577 2214 3663 2277 τίς
3686 2211 3839 2284 αὑτῷ

2256 2310 2473 2363 δεδώκει
2492 2310 2590 2381 τὴν
2614 2310 2869 2381 τοιαύτην
2894 2312 3161 2377 ἐξουσίαν.

786 2388 831 2419 ⁸³
861 2386 1028 2442 Erunt
1056 2390 1203 2457 signa
1234 2388 1287 2442 in
1324 2388 1431 2441 sole
1464 2399 1511 2443 et
1542 2388 1666 2442 luna
1698 2406 1759 2442 ac
1792 2389 1975 2443 stellis.
2262 2403 2390 2455 Ἔσι

2262 2403 2461 2456 Ἔσται
2489 2402 2704 2470 σημεῖα
2736 2402 2805 2455 ἐν
2836 2402 2987 2469 ἡλίῳ
3022 2400 3121 2455 καὶ
3154 2399 3407 2467 σελήνῃ,
3430 2397 3529 2452 καὶ
3567 2398 3840 2467 ἄστροις.

684 2475 833 2531 Tunc
858 2478 996 2531 enim
1021 2477 1156 2531 facta
1185 2479 1294 2547 jam
1324 2481 1561 2534 mortalis
1592 2480 1745 2547 hujus
1774 2482 1893 2535 vita
1918 2496 2161 2536 consum-

2330 2494 2641 2564 Τηνικαῦτα
2671 2494 2780 2566 γὰρ
2824 2495 2924 2565 τῆς
2966 2494 3272 2556 συντελείας
3323 2491 3419 2545 τοῦ
3469 2488 3667 2562 θνητοῦ
3719 2489 3844 2560 βίον

612 2569 869 2632 matione,
889 2578 1243 2638 praetereunte
1266 2570 1417 2638 hujus
1438 2572 1618 2625 mundi
1649 2572 1837 2640 ﬁgura,
1862 2583 1918 2628 ut
1934 2573 2009 2627 ait
2026 2576 2161 2643 Apo-

2256 2585 2572 2655 γενομένης,
2607 2585 2967 2657 παρελθόντος
2992 2583 3169 2638 τετοῦ
3198 2586 3474 2654 σχήματος
3493 2581 3589 2635 τοῦ
3624 2582 3838 2652 κόσμου

611 2659 779 2715 stolas
797 2658 863 2727 ⁸⁸,
889 2673 1080 2713 novum
1107 2660 1357 2715 saculum
1380 2660 1645 2715 succedet.
1670 2661 1801 2715 Nam
1829 2678 1925 2732 pro
1950 2664 2159 2719 cunctis

2256 2675 2443 2728 τούτου
2482 2675 2621 2729 κατά
2660 2674 2752 2728 τὸν
2786 2676 3123 2737 Ἀπὸστολον,
3168 2674 3285 2735 νέος
3326 2672 3461 2726 αίὼν
3492 2671 3838 2741 διαλήψεται.

609 2751 789 2807 sensui
837 2750 1011 2805 obviis
1058 2750 1451 2815 lutninaribus,
1492 2754 1580 2821 qui
1633 2755 1868 2809 anterius
1906 2756 2156 2810 sacculum

2271 2766 2414 2817 Ἀντὶ
2459 2765 2569 2837 γὰρ
2626 2766 2843 2819 πάντων
2885 2767 2993 2841 τῶν
3040 2766 3313 2836 αἰσθητῶν
3370 2766 3674 2832 φωπήρων
3730 2762 3843 2815 τῶν

609 2841 967 2903 illustrahant,
1002 2842 1331 2911 splendescet
1361 2843 1613 2911 deinceps
1640 2843 1754 2912 ip-e
1781 2846 2159 2914 apparebitque

2260 2857 2757 2927 πρὶν.φωτιζόντων
2794 2859 2884 2911 τὸν
2930 2858 3035 2927 πρὸ
3078 2857 3267 2910 τούτου
3318 2855 3490 2909 αἰῶνα
3535 2851 3844 2922 ὲπιλάμψει

612 2930 867 2989 Servatur
892 2942 1095 2994 noster.
1128 2933 1395 3002 princeps,
1423 2943 1477 2987 et
1504 2934 1787 3001 luminare,
1822 2947 1876 2990 et
1906 2952 2001 2991 rex
2037 2938 2159 2991 novi

2259 2946 2443 2999 λοιπὸν
2499 2947 2661 3012 αὐτὸς
2734 2950 2830 3003 καὶ
2883 2950 3274 3017 ἐπιφανήσεται
3334 2948 3363 2999 ὁ
3420 2944 3608 3014 Σωτὴρ
3654 2942 3840 3015 ἡμῶν.

609 3021 788 3076 saeculi
825 3023 1248 3076 constituendus.
1303 3021 1473 3075 Tanta
1511 3038 1674 3092 porro
1712 3027 1819 3078 erit
1864 3027 2159 3083 divinitatis

2259 3038 2497 3107 ἀρχηγὸς
2535 3040 2629 3091 καὶ
2658 3039 2902 3109 φωστὴρ,
2939 3038 3032 3090 καὶ
3050 3034 3297 3107 βασιλεὺς
3335 3033 3428 3087 τοῦ
3474 3033 3595 3086 νέου
3639 3030 3842 3094 αίῶνος

609 3111 670 3167 in
708 3127 773 3165 eo
807 3113 918 3176 vis,
957 3121 1169 3179 tamque
1195 3114 1395 3167 eximia
1438 3113 1678 3182 ejusdem
1718 3115 1909 3184 gloria,
1942 3128 1998 3171 ut
2024 3135 2157 3187 pra:-

2259 3130 2750 3199 καταστησόμενος.
2783 3126 3028 3198 Τοσαύτη
3059 3126 3115 3179 δέ
3147 3143 3230 3188 τις
3275 3123 3429 3177 ἔσται
3450 3126 3483 3193 ὴ
3512 3124 3612 3193 τῆς
3650 3120 3843 3192 θεότη-

607 3210 816 3255 sentem
862 3199 1027 3255 solem
1064 3216 1126 3255 ac
1167 3204 1343 3257 lunam
1388 3214 1441 3257 et
1473 3214 1663 3260 caetera
1697 3207 1817 3261 cuzli
1854 3209 2155 3275 luminaria,
2184 3194 2211 3250 ί

2260 3233 2348 3279 τος
2410 3194 2583 3271 αὑτοῦ-
2623 3218 2869 3288 δύναμις,
3076 3218 3110 3287 ἡ
3176 3214 3585 3285 ἀνυπέρϐλητος
3664 3211 3840 3269 αὐτοῦ

610 3292 820 3359 potiore
852 3306 949 3345 suo
982 3290 1183 3346 lumine
1214 3294 1520 3347 obvelatura
1555 3298 1625 3349 sit
1651 3306 1703 3348 et
1732 3310 2007 3366 opertura.

2260 3304 2403 3370 δόξα,
2435 3308 2513 3369 ὡς
2542 3308 2633 3360 τὸν
2672 3307 2767 3360 νῦν
2818 3308 2967 3378 ἠλιον
3018 3307 3111 3359 καὶ
3150 3305 3249 3375 τὴν
3288 3305 3516 3374 σελήνην
3562 3304 3657 3356 καὶ
3709 3303 3844 3368 τοὺς

607 3385 821 3450 λοιποὺς
866 3389 924 3441 ιν
960 3388 1170 3459 οὐρανῷ
1208 3390 1497 3459 φωστῆρας
1534 3390 1621 3443 διὰ
1666 3392 1763 3462 τὴν
1802 3394 1895 3446 τοῦ
1946 3397 2255 3466 κρείττονος
2320 3402 2619 3471 παράθεσιν
2683 3401 3060 3472 ἀποκρυὸἦναι
3101 3399 3197 3453 καὶ
3234 3398 3572 3467 καλυφθῆναι
3638 3400 3706 3467 τῇ
3736 3396 3843 3450 αύ-

606 3481 701 3535 τοῦ
728 3482 970 3552 δυνάμει.

771 3636 784 3649 υ
968 3574 1011 3607 ⁸⁸
1040 3575 1169 3640 Qut:
1199 3576 1394 3629 mundo
1422 3580 1797 3646 superrenient.

2514 3582 2635 3636 Τῶν
2679 3578 3099 3648 ὑπερχομένων
3141 3577 3215 3644 τῇ
3246 3576 3584 3644 οὶχουμέιηι.

682 3664 882 3734 Nempe
926 3681 1011 3719 res
1056 3679 1342 3720 eventuras
1393 3670 1505 3736 ipse
1549 3671 1813 3737 explicat,
1867 3673 1989 3727 dum
2040 3690 2161 3727 mox

2334 3674 2469 3725 Τίνα
2515 3672 2570 3724 δὲ
2611 3671 2677 3724 τὰ
2712 3672 3069 3741 ἐπερχόμενα,
3106 3668 3396 3739 ἐρμηνεύει
3422 3667 3740 3719 συνάπτων·
3767 3667 3844 3721 ΑΙ

612 3750 795 3805 addit:
828 3752 961 3805 Nam
991 3753 1215 3807 virtutes
1243 3755 1497 3809 calorum
1524 3760 2018 3831 cptumovcbuntur.
2072 3764 2164 3817 Et-

2264 3762 2373 3830 γὰρ
2418 3759 2699 3829 δυνάμεις
2732 3758 2849 3811 τῶν
2880 3757 3148 3825 οὐρανῶν
3184 3754 3692 3820 σαλευθήσονται.
3730 3754 3841 3807 Τοῦ

615 3841 760 3894 enim
805 3857 926 3895 cum
954 3842 1041 3895 Dei
1073 3842 1239 3898 Filius
1266 3861 1386 3899 cum
1421 3848 1615 3903 virtute
1656 3849 1929 3920 gloriaque
1962 3855 2161 3925 ingenti

2263 3852 2372 3922 7&9
2418 3851 2547 3904 Υίοῦ
2579 3850 2672 3903 τοῦ
2697 3850 2829 3903 Θεοῦ
2867 3850 3000 3920 μετά
3023 3848 3302 3916 δυνάμεως
3331 3849 3425 3900 καὶ
3449 3846 3604 3916 δόξης
3634 3846 3844 3918 πολλῆς

614 3931 822 3993 vcuiet,
852 3942 1013 4000 atque
1041 3947 1106 3987 es
1148 3937 1308 4003 impia
1352 3940 1688 4006 superbaque
1719 3943 2005 4010 tyrannide
2038 3960 2162 4013 per-

2304 3944 2711 4012 πιστησρμένου.
2738 3944 2829 3995 καὶ
2858 3942 2955 4011 τὴν
2984 3942 3138 3995 ἄθεον
3163 3942 3255 3993 καὶ
3278 3940 3617 4010 μεγάλαυχον
3642 3956 3843 4009 τυραν-
3888 3988 3908 4013 ο

614 4018 831 4071 ditionis
871 4018 1035 4073 filium
1067 4022 1278 4091 dejiciet
1309 4027 1586 4092 praesentia
1615 4043 1709 4081 sua
1733 4070 1747 4093 ,
1786 4044 2018 4101 eumque
2045 4036 2159 4101 Spi—

2268 4032 2384 4083 νίδα
2424 4031 2517 4083 τοῦ
2552 4030 2666 4083 υἱοῦ
2698 4031 2794 4099 τῆς
2824 4030 3097 4094 ἀπωλείας
3131 4033 3423 4100 καταργεῖν
3455 4028 3742 4099 μέλλοντος
3772 4031 3840 4099 τῇ

614 4108 718 4160 ritu
769 4108 881 4163 oris
928 4111 1011 4163 sui
1063 4115 1325 4178 perimet;
1383 4126 1507 4169 tunc
1534 4117 1841 4173 ctelestibus
1883 4122 2161 4188 spiritibus

2269 4122 2555 4191 ἐπιφανείᾳ
2599 4121 2697 4194 τῆς
2746 4118 3043 4190 παρουσίας
3079 4119 3265 4183 αὐτοῦ,
3308 4119 3614 4172 ἀναλίσκειν
3664 4135 3724 4171 τε
3760 4117 3841 4188 τῷ

612 4203 981 4271 supremisque
1025 4214 1083 4258 ct
1114 4208 1368 4275 angelicis
1410 4210 1501 4263 Dei
1550 4212 1811 4265 ministris
1838 4212 2030 4267 Filium
2066 4214 2159 4267 Dei

2270 4214 2535 4283 πνεύματι
2586 4214 2678 4265 τοῦ
2728 4215 2989 4283 στόματος
3036 4213 3220 4275 αὑτοῦ,
3263 4213 3371 4265 τῶν
3405 4229 3461 4264 τε
3500 4211 3843 4283 ἰπουρανίων

610 4291 1060 4360 stipantibuscum
1090 4309 1264 4364 eoque
1293 4298 1719 4365 adventantibus,
1756 4310 1899 4366 tunc,
1921 4304 2159 4371 inquam,

2272 4305 2589 4373 πνευμάτων
2630 4304 2723 4356 καὶ
2747 4302 2852 4355 τῶν
2873 4303 3031 4363 θείων
3059 4304 3152 4357 καὶ
3172 4302 3476 4371 ἀγγελικῶν
3509 4302 3842 4373 λειτουργῶν

610 4384 817 4436 accidet
859 4394 913 4436 ut
952 4387 1209 4439 caelorum
1250 4389 1479 4443 virtutes
1517 4404 1975 4451 commoveantur.
2012 4395 2163 4449 Tunc
2194 4411 2214 4465 ι

2236 4430 2238 4445 .
2265 4396 2358 4448 τοῦ
2393 4396 2523 4448 Θεοῦ
2551 4396 2639 4448 τὸν
2671 4396 2797 4448 Υἰὸν
2837 4394 2931 4448 τοῦ
2964 4394 3097 4447 Θεοῦ
3131 4392 3569 4464 δορυφορούντων
3612 4393 3708 4445 καὶ
3743 4394 3840 4447 σὺν

610 4470 739 4522 illud
765 4473 924 4525 etiam
955 4476 1247 4529 veridicum
1270 4480 1460 4533 evadet
1485 4500 1496 4533 :
1532 4480 1769 4536 Attollite
1793 4496 1991 4551 portas,
2020 4489 2161 4550 prin-

2264 4486 2409 4555 αὐτῷ
2437 4486 2841 4557 παρεσομένων,
2874 4486 2931 4538 αἱ
2958 4484 3210 4554 δυνάμεις
3233 4483 3339 4535 τῶν
3367 4481 3609 4553 οὐρανῶν
3641 4483 3840 4536 σαλευ-

606 4562 774 4626 cipes,
814 4571 1045 4627 uestras,
1091 4575 1137 4617 et
1187 4568 1414 4620 introibit
1438 4567 1769 4641 Resglort’te
1800 4574 1865 4628 “.
1917 4575 2157 4640 Quonam

2263 4576 2509 4644 θήσονται
2534 4593 2545 4603 ·
2575 4575 2649 4637 ὼς
2676 4574 2796 4627 τότε
2829 4572 3168 4644 πληροῦσθαι
3191 4573 3271 4627 τόο
3301 4575 3501 4645 Ἄρατε
3524 4574 3749 4645 πύλας,
3783 4591 3860 4631 ο.-

609 4663 740 4705 vero
779 4650 1060 4717 introibit,
1100 4655 1200 4707 nisi
1246 4655 1299 4708 in
1337 4670 1525 4711 recens
1554 4661 1805 4716 saeculum
1858 4679 2161 4733 novumque

2260 4664 2565 4733 ἄρχοντες,
2591 4663 2775 4734 ὑμῶν,
2805 4664 2900 4717 καὶ
2921 4644 3383 4717 εἰσελεύσεταίό
3410 4663 3710 4730 Βασιλεὺς
3726 4663 3840 4734 τῆς

607 4738 833 4793 orbem?
891 4738 1034 4793 Sane
1074 4742 1432 4799 invisibilibus
1469 4746 1907 4820 iucorporeisque
1938 4756 2158 4807 virtuti-

2264 4755 2465 4823 δόξης.
2497 4756 2605 4808 Ποῦ
2635 4756 2689 4808 δὲ
2716 4754 3075 4811 εἰσελεύσεται
3108 4755 3142 4825 ἢ
3166 4758 3245 4818 εἰς
3278 4756 3369 4807 τὸν
3395 4756 3513 4808 νέον
3538 4755 3713 4809 αἰῶνα
3743 4755 3841 4811 καὶ

606 4827 705 4881 bus
728 4868 742 4892 ,
776 4843 893 4897 quae
922 4832 1016 4885 toti
1049 4832 1185 4886 caelo
1214 4835 1593 4899 moderantur,
1636 4854 1666 4891 e
1694 4855 1787 4893 sua
1814 4851 2014 4895 aeterna
2049 4851 2159 4896 sta-

2259 4847 2358 4915 τὴν
2385 4847 2573 4916 καινὴν
2616 4847 2972 4916 οἰκουμένην;
3007 4846 3112 4899 Καὶ
3152 4845 3216 4917 δή
3252 4846 3360 4897 τῶν
3398 4846 3679 4915 δυνάμεων
3730 4849 3839 4901 τῶν

609 4920 754 4973 tione
780 4924 1086 4986 commotis,
1116 4924 1285 4991 ipsum
1319 4926 1514 4979 caelum
1547 4930 1852 4985 universum
1886 4944 1940 4987 et
1963 4934 2045 4988 sol
2093 4950 2157 4989 ac

2262 4939 2484 5007 ἀφανῶν
2525 4940 2619 4992 καὶ
2651 4938 2975 5011 ἀσωμάτων,
3007 4939 3097 4991 ’δι’
3140 4932 3214 4991 ὧν
3264 4941 3293 4990 ὁ
3340 4938 3562 5007 σύμπας
3606 4941 3839 5011 οὐρανὸς

605 5007 727 5061 luna
761 5010 1030 5080 stellaeque
1058 5015 1380 5077 transibunt,
1419 5018 1686 5085 patefacto
1716 5029 1877 5088 caelo,
1910 5034 1963 5076 et
1983 5027 2160 5092 januis

2261 5029 2560 5094 διοικεῖται,
2586 5030 2684 5100 τῆς
2724 5027 2783 5091 ἐξ
2823 5006 3014 5091 αἰῶνος
3047 5029 3288 5091 στάσεως
3334 5026 3835 5099 παρακινηθεισῶν,

606 5113 725 5169 qua:
753 5104 820 5155 al)
848 5102 991 5157 orbe
1039 5107 1255 5159 condito
1293 5107 1488 5164 clausae
1520 5111 1765 5178 fuerant,
1802 5114 1913 5185 jam
1948 5133 2159 5172 resera-

2261 5122 2355 5172 καὶ
2380 5121 2539 5183 αὐτὸς
2560 5123 2588 5173 ὁ
2619 5121 2835 5189 σύμπας
2860 5120 3083 5190 οὐρανὸς
3103 5120 3251 5191 ἥλιός
3276 5136 3336 5172 τε
3364 5121 3457 5172 καὶ
3487 5119 3706 5189 σελήνη,
3739 5120 3838 5173 καὶ

607 5192 714 5257 tis;
762 5204 921 5259 atque
974 5198 1044 5247 ita
1104 5200 1507 5265 supercmlestia
1553 5206 1826 5270 patebunt,
1861 5218 2156 5261 aeternum-

2259 5213 2486 5283 ἀστέρες
2514 5211 2951 5282 παρελεύσονται,
2984 5211 3440 5281 ἀνοιγομένουτοῦ
3461 5210 3715 5281 ούρανοῦ,
3742 5211 3836 5264 καὶ

606 5296 710 5348 que
760 5282 853 5336 Dei
917 5300 1140 5353 regnum
1192 5292 1538 5359 conspicuum
1579 5298 1782 5349 cunctis
1826 5301 1971 5352 erit:
2017 5298 2153 5367 quod

2260 5301 2365 5353 τῶν
2421 5300 2481 5366 ἐξ
2525 5303 2717 5364 αἰῶνος
2769 5302 3163 5373 κεκλεισμένων
3201 5300 3366 5355 αὑτοῦ
3421 5301 3601 5354 πυλῶν
3634 5316 3837 5355 αναπε-

605 5386 733 5426 sane
765 5389 981 5443 regnum
1020 5386 1078 5430 ut
1124 5378 1231 5431 cito
1268 5381 1434 5445 adsit,
1471 5384 1606 5436 votis
1646 5399 1762 5441 esse
1805 5387 2153 5456 ﬂagitandum

2258 5394 2621 5463 ταννυμένων,
2668 5393 2741 5456 ὡς
2790 5392 2853 5447 ἂν
2885 5394 3095 5462 ὀφθεῖεν
3142 5392 3559 5463 τά.ύπουράνια,
3595 5394 3688 5445 καὶ
3720 5394 3833 5463 ὴὲξ

608 5462 858 5518 Servatur
900 5464 1111 5534 docuit,
1150 5470 1275 5523 dum
1314 5472 1364 5524 in
1411 5488 1567 5541 prece
1614 5475 1699 5527 illa
1744 5478 1924 5532 dicere
1952 5480 2152 5549 jussit:

2262 5462 2452 5547 αἰῶνος
2514 5484 2606 5537 τοῦ
2636 5485 2767 5538 Θεοῦ
2812 5486 3054 5555 βασιλεία
3082 5484 3343 5555 φανηθείη
3386 5462 3501 5547 τοῖς
3532 5485 3699 5536 πᾶσιν
3718 5462 3833 5555 ’γῆν

672 5625 719 5729 τδ
746 5625 1129 5729 έιέιιιι.⁶ιιιὶ9;ςί.
1152 5634 1408 5729 “ii-ibid.
1454 5640 1539 5692 5i.
1619 5642 1661 5674 ”
1689 5644 1813 5703 ibid.
1851 5646 1937 5702 35.
2046 5648 2093 5681 "
2126 5647 2251 5705 ibid.
2280 5647 2367 5705 56.
2474 5650 2518 5682 "
2544 5650 2675 5720 μω.
2714 5668 2821 5721 xm,
2861 5653 2951 5709 25.
3058 5656 3103 5687 '9
3136 5654 3149 5709 I
3179 5650 3301 5710 Cor.
3329 5666 3422 5717 \‘ll,
3455 5652 3540 5705 5|.
3623 5652 3668 5682 “
3695 5649 3837 5709 an.

605 5708 713 5759 χιι,
749 5696 834 5749 26.
913 5700 951 5729 "
978 5699 1115 5755 I‘sal.
1149 5718 1299 5770 nul,
1332 5706 1380 5758 7.
