4062 6420
256 356 362 411 597

1430 348 1929 404 COMMENTARIA
1964 349 2033 404 1N
2072 349 2328 406 LUCAM.

3407 351 3510 408 598

256 465 323 535 δὴ
350 465 445 519 καὶ
475 463 868 536 προσεύχεσθαι
954 464 1118 533 τάχος
1144 463 1460 533 ἐπιστῆναι,
1483 462 1644 525 αὐτὸς
1672 464 1700 515 ό
1730 463 1839 514 Σω-

1950 466 2192 520 Adveniat
2223 482 2437 535 regnum
2477 474 2667 529 tuum;
2716 465 2814 533 ﬁat
2842 464 3081 519 voluntas
3110 475 3203 519 tua
3224 504 3240 529 .
3282 468 3416 521 sicut
3454 470 3514 523 in

256 555 367 625 τὴρ
402 554 629 621 ἐδίδαξε,
678 554 856 620 λέγειν
898 554 956 605 ὲν
983 555 1049 623 τῇ
1078 555 1356 623 προσευχῇ
1387 552 1834 623 παρακελευόμε-

258 662 352 709 νος
374 661 389 676 ’
430 645 674 699 Ἐλθέτω
698 644 738 709 ἦ
753 644 1041 708 ,ϐασιλεία
1065 658 1202 707 σου,
1233 643 1538 713 γενηθήτω
1566 644 1630 696 τὸ
1663 645 1838 712 θέλη-

257 734 345 801 μά
379 751 497 789 σου
532 737 610 800 ὠς
642 735 711 787 ἐν
745 733 977 802 οὐρανῷ
1008 734 1105 787 καί
1137 734 1234 786 ἐπὶ
1268 733 1379 802 τῆς
1408 733 1556 803 γῆς’
1595 734 1739 786 οὕτω
1778 751 1837 786 τε

258 826 371 879 τῶν
400 825 653 897 φθαρτῶν
674 826 768 878 καὶ
798 825 1123 895 σωματικῶν
1155 824 1548 895 παρελθόντων,
1582 824 1651 879 τὰ
1676 825 1840 895 νοητὰ

259 918 359 970 καὶ
386 917 611 987 οὐράνια
639 916 991 987 ἐπιστήσεται
1015 934 1028 946 ⁸
1062 918 1151 970 ὅτε
1188 916 1282 969 καὶ
1310 918 1343 986 ἡ
1365 916 1656 980 ἀσάλευτος
1682 915 1839 985 βασι-

258 1006 381 1066 λεία
422 1007 514 1061 τοῦ
561 1007 755 1077 μηκέτι
791 1006 1257 1077 παρελευσομένου
1305 1006 1499 1070 αἰῶνος
1541 1008 1840 1077 καθηγήσεν

259 1116 375 1162 ται,
408 1097 591 1160 καινός
623 1114 681 1150 τε
723 1099 816 1151 καὶ
848 1100 967 1160 νέος
997 1098 1243 1169 οὐρανὸς,
1271 1099 1341 1169 γῆ
1361 1114 1421 1151 τε
1448 1098 1608 1168 καινὴ
1639 1099 1838 1167 συστή-

261 1206 417 1243 σεται
443 1188 581 1243 me
607 1190 697 1241 τὸν
723 1191 970 1259 φήσαντα
1000 1192 1311 1261 προφήτην·
1342 1191 1551 1243 Ἔσται
1582 1188 1840 1256 οὐρανὸς

261 1278 474 1343 καινὸς
512 1277 611 1332 καὶ
656 1278 695 1343 ἠ
726 1277 801 1346 τῆ
830 1276 1032 1346 καινὴ,
1085 1276 1125 1331 ἁ
1171 1276 1286 1347 ἐγὼ
1319 1274 1466 1330 ποιῶ
1503 1277 1710 1345 μένειν
1746 1276 1838 1329 ἐν·

258 1368 456 1429 ώπιόν
471 1386 610 1437 μου,
627 1368 789 1438 λέγει
805 1370 1038 1437 Κύριος.

300 1466 373 1519 Ai
397 1463 509 1532 γὰρ
540 1462 821 1533 δυνάμεις
852 1462 969 1518 τῶν
996 1463 1266 1535 οὐρανῶν
1300 1464 1807 1534 σαλευθήσονται.

333 1555 403 1607 Αἰ
442 1555 534 1608 τὸν
576 1556 840 1627 πρότερον
876 1556 1048 1611 αἰῶνα
1092 1556 1548 1628 διακονησάμεναι
1579 1558 1841 1629 δυνάμεις

263 1646 325 1704 ιν
358 1648 425 1717 τῇ
462 1646 714 1701 συστάσει
738 1648 835 1701 τοῦ
865 1648 1127 1720 προτέρου
1152 1647 1379 1718 κόσμου,
1407 1650 1519 1711 τοῖς
1559 1665 1618 1701 τε
1648 1647 1840 1720 αἰσθη-

263 1739 380 1800 τοῖς
428 1737 620 1807 μέρεσι
673 1737 766 1791 τοῦ
807 1739 1005 1803 παντὸς
1030 1741 1484 1810 ὲπιστατήσασαι,
1512 1738 1635 1791 τότε
1660 1738 1723 1809 δὴ
1747 1755 1843 1792 σα-

265 1827 639 1899 λευθήσονται,
695 1828 770 1894 ὡς
818 1828 885 1883 ἂν
946 1829 1253 1901 κρείττονος
1299 1829 1513 1900 τύχοιεν
1573 1830 1837 1894 στάσεως.

265 1917 421 1982 Τέως
453 1919 552 1990 μὲν
576 1920 685 1991 γὰρ
700 1919 1008 1974 δουλεύουσι
1035 1920 1293 1992 φθαρτοῖς
1326 1920 1539 1991 σώμασι
1569 1919 1843 1974 διακονούει

266 2020 449 2076 μεναι,
480 2007 619 2060 κατὰ
641 2007 699 2059 δὲ
729 2008 819 2061 τὸν
852 2008 969 2062 νέον
1000 2009 1174 2064 αἰῶνα
1198 2008 1721 2081 ἐλευθερωθήσονται
1747 2011 1842 2063 καὶ

264 2098 431 2161 αὑταὶ
472 2098 582 2152 ἀπὺ
612 2102 712 2170 τῆς
739 2098 981 2164 δουλείας
1007 2098 1107 2171 τῆς
1137 2098 1342 2169 φθορᾶς
1381 2100 1461 2162 εἰς
1489 2097 1589 2170 τὴν
1632 2098 1844 2153 ἐλευθε..

263 2184 393 2262 ρίαν
430 2183 531 2254 τῆς
561 2184 716 2257 δόξης
740 2184 848 2238 τῶν
880 2186 1085 2239 τέκνων
1115 2185 1209 2240 τοῦ
1248 2185 1406 2244 Θεοῦ.
1448 2186 1571 2240 Ἐπὶ
1610 2186 1710 2257 μὲν
1735 2187 1845 2260 γὰρ

263 2272 363 2328 τοῦ
395 2276 660 2347 παρόντος
688 2277 985 2347 στενάζειή
1018 2277 1192 2341 κτίσις
1214 2280 1281 2349 τῇ
1315 2278 1490 2349 φθορᾷ
1526 2278 1635 2333 τῶν
1662 2278 1846 2349 αἰσθη-

264 2364 379 2424 τῶν
412 2366 676 2437 σωμάτων
707 2366 1049 2433 δουλεύουσα,
1110 2367 1206 2423 καὶ
1252 2367 1352 2438 τὴν
1399 2369 1605 2423 οἰκείαν
1656 2368 1844 2422 στάσιν

269 2452 630 2523 φυλάττουσα,
692 2456 749 2509 ὲν
799 2450 835 2531 ᾖ
881 2456 1217 2528 κατέστησεν
1247 2457 1417 2529 αὐτὴν
1457 2460 1487 2512 ὁ
1516 2457 1613 2512 τοῦ
1645 2459 1845 2523 παντὸς

267 2546 475 2617 Κύριος
494 2564 508 2577 ·
542 2547 664 2601 τότε
683 2548 760 2613 δὲ,
788 2548 928 2603 κατὰ
946 2548 1045 2621 τὴν
1076 2549 1342 2620 σωτήριον
1362 2548 1677 2619 θεοφάνειαν
1697 2551 1848 2605 ἐλευ-

268 2635 569 2707 θερωθεῖσα
592 2637 689 2709 τῆς
721 2637 817 2692 νῦν
852 2637 1110 2705 στάσεως,
1140 2639 1233 2692 ἐπὶ
1250 2640 1318 2700 τὰ
1344 2638 1578 2711 κρείττω
1607 2639 1852 2713 μεταδή-

271 2741 447 2782 σεται.

276 2818 646 2891 Ἀρχομένων
679 2819 749 2891 δε
778 2822 1004 2876 τούτων
1027 2823 1321 2891 γίνεσθαι,
1362 2823 1715 2891 ἀνακύψατε
1746 2822 1848 2882 καί

398 2918 403 2921 »
622 2889 879 2959 ἐπάρατε
899 2892 1006 2955 τὰς
1019 2889 1287 2961 κεφαλὰς
1305 2892 1493 2962 ὑμῶν.

342 2980 504 3048 Λέγει
532 2980 590 3033 δὲ
616 2981 787 3035 ταῦτα
816 2981 927 3051 (75)
964 2982 1101 3052 πρὸς
1146 2984 1273 3046 τοὺς
1321 2982 1589 3054 μαθητὰς,
1638 2984 1735 3053 ούχ
1772 2984 1849 3048 ὡς

1940 558 2068 611 caelo
2095 568 2143 610 et
2190 558 2245 610 in
2286 568 2448 611 terra.
2482 558 2660 625 Atque
2706 556 2780 611 ita
2805 596 2819 620 ,
2854 556 3297 625 corruptibilibus
3323 572 3516 629 corpo-

1941 649 2161 717 reisque
2194 650 2353 702 rebus
2392 648 2712 717 praeteritis,
2749 646 3131 701 intellectualia
3176 657 3232 701 et
3267 648 3514 703 cmiestia

1940 737 2255 793 succedent.
2283 736 2438 793 Tunc
2470 739 2631 792 etiam
2669 736 3052 791 inconcussum
3110 752 3332 806 regnum
3381 753 3514 808 pra:-

1939 829 2049 883 erit
2090 829 2287 884 5:130qu
2338 844 2612 898 nunquam
2684 830 3010 891 transitum;
3076 843 3385 896 novumque
3449 843 3515 884 ac

1941 936 2131 975 recens
2185 921 2403 982 cmlum,
2462 932 2713 990 terraque
2768 935 2905 973 nova
2928 920 3187 983 exsistet;
3241 919 3379 974 sicut
3437 920 3518 976 ait

1941 1013 2199 1081 propheta
2228 1029 2241 1064 :
2272 1010 2472 1065 Caium
2520 1014 2619 1064 erit
2665 1027 2853 1064 nouunt
2874 1050 2890 1073 ,
2937 1026 3171 1080 novaque
3218 1020 3359 1064 terra
3386 1025 3406 1062 :
3433 1020 3518 1064 at-

1939 1119 2037 1170 que
2071 1103 2181 1157 Iure
2220 1119 2319 1169 ego
2360 1119 2539 1156 coram
2593 1118 2673 1154 me
2709 1116 3013 1170 permanere
3058 1099 3339 1163 mandabo,
3387 1099 3517 1152 dicit

1940 1192 2199 1247 Dominus
2223 1193 2289 1247 5’.

2104 1456 2150 1488 ⁸³
2173 1454 2317 1513 Nam
2352 1456 2568 1509 virtutes
2593 1454 2844 1510 caelorum
2875 1452 3356 1508 commovebuntur.

2013 1547 2143 1615 Quae
2197 1548 2364 1616 priori
2413 1544 2612 1600 saeculo
2657 1545 3040 1599 deserviebant
3079 1544 3338 1610 virtutes,
3390 1541 3519 1597 dum

1942 1639 2093 1707 prior
2123 1635 2217 1693 ille
2236 1636 2468 1691 mundus
2506 1636 2854 1699 subsisteret,
2894 1644 2953 1689 et
2977 1633 3206 1705 singulis
3237 1635 3356 1704 ejus
3390 1647 3522 1701 par-

1944 1723 2094 1783 tibus
2122 1728 2422 1797 praeposita;
2461 1726 2712 1789 fuerant,
2755 1737 2884 1781 tunc
2937 1726 3156 1780 demum
3203 1739 3519 1781 commove-

1868 1799 1917 1859 Β
1942 1819 2169 1885 buntur,
2198 1828 2257 1873 ut
2282 1819 2558 1873 meliorem
2597 1819 2887 1873 stationem
2926 1817 3329 1871 nanciscautur.
3365 1814 3522 1870 Nunc

1944 1911 2087 1966 enim
2137 1908 2520 1979 corruptilibus
2573 1908 2819 1964 serviunt
2872 1908 3219 1976 corporibus,
3276 1908 3370 1963 sed
3424 1906 3519 1961 illo

1942 1999 2142 2056 saeculo
2168 2000 2673 2055 vindicabuntur-et
2698 1999 2840 2069 ipsa
2865 2013 2933 2054 ex
2958 1999 3183 2054 servitio
3212 2008 3377 2067 atque
3402 2011 3524 2052 cor-

1944 2090 2152 2159 ruptela
2182 2091 2235 2145 in
2266 2089 2572 2146 libertatem
2615 2089 2799 2159 gloriae.
2830 2089 3060 2145 ﬁliorum
3094 2089 3212 2145 Dei.
3257 2088 3317 2147 in
3380 2103 3511 2159 pm-

1942 2184 2088 2238 senti
2143 2182 2291 2240 enim
2341 2191 2592 2237 creatura
2641 2179 2951 2251 ingemiscit
3001 2180 3129 2238 dum
3181 2179 3522 2236 sensibilium

1943 2288 2231 2343 corporum
2285 2275 2453 2328 servit
2508 2272 2867 2342 corruptelas,
2918 2286 3185 2341 suamque
3227 2271 3529 2327 stationem

1944 2366 2178 2431 retinet,
2215 2366 2268 2419 in
2309 2380 2415 2435 qua
2449 2380 2570 2421 eam
2617 2379 2804 2419 rerum
2840 2363 3083 2421 omnium
3122 2361 3531 2418 Dominuscoi-.

1945 2455 2160 2512 locavit.
2191 2456 2344 2512 Tunc
2373 2472 2501 2511 vero
2527 2457 2582 2511 in
2607 2454 2917 2511 Senatoris
2938 2455 3032 2510 Dei
3062 2454 3515 2519 manifestatione,

1945 2563 1986 2608 a.
2006 2550 2257 2618 praesenti
2286 2549 2539 2620 expedita
2565 2555 2736 2614 statu,
2779 2546 2832 2601 in
2867 2545 3149 2602 meliorem
3182 2545 3456 2602 transibit.

1991 2812 2037 2845 ιι
2068 2811 2165 2871 llis
2197 2820 2371 2871 autem
2404 2810 2523 2878 ﬁeri
2549 2809 2947 2893 insipientibus,
2982 2811 3223 2880 respicite
3249 2818 3300 2866 et
3328 2810 3493 2867 locis

2534 2891 2706 2947 capita
2745 2892 2938 2935 vestra.

2021 2972 2148 3027 Haec
2174 2972 2250 3027 ait
2277 2970 2578 3041 discipulis.
2606 2984 2713 3024 non
2739 2968 2885 3039 quod
2914 2968 3048 3047 ipsis
3075 2976 3221 3029 esset
3264 2982 3435 3040 usque
3456 2970 3544 3046 ad,

274 3070 568 3141 μέλλοντας
598 3072 796 3135 αὐτοὺς
825 3071 1104 3143 ζήσεσθαι,
1146 3073 1241 3129 καὶ
1272 3074 1608 3144 παραμένειν
1642 3073 1721 3144 τῷ
1748 3074 1848 3146 βίῳ

1952 3063 2134 3120 seculi
2163 3061 2694 3120 consummationem
2731 3060 2842 3113 vita
2872 3056 3245 3128 superfutura,
3274 3058 3370 3115 sed
3398 3057 3526 3129 quia

272 3162 439 3239 μέχρι
470 3161 568 3233 τῆς
597 3141 924 3227 συντελείας,
976 3162 1090 3216 ἀλλ’
1124 3162 1199 3227 ὡς
1241 3141 1366 3227 ἑνὸς»
1403 3141 1555 3228 ὄντος

1952 3156 2116 3211 iidem
2148 3154 2427 3210 nobiscum
2458 3165 2624 3205 unum
2658 3164 2856 3219 corpus
2903 3151 3275 3217 constituunt,
3318 3164 3531 3205 necnon

268 3251 453 3306 αὐτῶν
491 3269 553 3306 τε
582 3252 676 3307 καὶ
701 3253 878 3325 ἡμῶν,
916 3253 1026 3307 τῶν
1058 3270 1116 3307 τε
1154 3253 1293 3324 μετὰ
1334 3254 1509 3308 ταῦτα
1549 3254 1712 3327 μέχρι
1750 3255 1852 3325 τῆς

246 3340 580 3406 ’συντελείας
625 3346 704 3402 εἰς
738 3344 900 3397 αὑτὸν
942 3345 1405 3411 πεπιστευκότων,
1450 3346 1546 3400 καὶ
1590 3345 1657 3401 δι’
1690 3346 1851 3400 αὐτὸν

270 3424 415 3486 κατὰ
447 3433 537 3485 τὸν
560 3433 799 3505 παρόντα
830 3432 942 3503 βίον
970 3434 1480 3505 τεταπεινωμένων.
1535 3436 1669 3496 Τότε
1716 3436 1850 3505 γοῦν

267 3522 633 3586 ἀντιλαϐόντες
652 3523 751 3587 τάς
772 3525 1103 3593 ἐπαγγελίας
1133 3526 1217 3595 ἐφ’
1251 3519 1339 3589 αἷς
1366 3524 1691 3597 ἠλπίζομεν,
1715 3526 1851 3581 ἁνα-

269 3612 516 3683 κύψομεν
570 3615 619 3666 οἱ
659 3614 778 3667 τότε
811 3616 1231 3685 συγκεκυφότες,
1276 3616 1371 3669 καὶ
1410 3615 1725 3688 ἑπαροῦμεν
1752 3617 1851 3680 τὰς

272 3704 519 3775 κεφαλὰς
538 3707 573 3776 ἡ
582 3706 697 3777 μῶν
722 3706 775 3759 oi
800 3706 967 3761 πάλαι
987 3706 1463 3779 τεταπεινωμένοι.
1500 3706 1565 3761 Ἥ
1586 3706 1695 3779 γάρ
1717 3708 1853 3762 ἀπο-

271 3795 541 3868 λύτρωσις
566 3795 723 3866 ήμῶν
755 3797 788 3867 ἡ
821 3796 1237 3868 προσδοκωμένη
1273 3796 1414 3868 αὐτὴ
1452 3798 1635 3868 ἐκείνη
1673 3797 1847 3865 locat,

272 3886 341 3959 ἢν
370 3885 467 3939 καὶ⁵
495 3888 529 3955 ἡ
559 3886 706 3938 πᾶσα
721 3885 897 3949 κτίσις
927 3885 1198 3957 προσδοκᾷ
1212 3886 1351 3940 κατὰ
1378 3886 1477 3958 τὴν
1492 3887 1852 3958 ἀποστολικὴν

270 3973 641 4036 διδασκαλίαν,
674 3974 742 4045 ἣν
771 3973 865 4026 καὶ
897 3974 1107 4038 Παῦλος
1132 3976 1563 4047 ἀπεκδεχόμενος
1607 3975 1851 4040 στενάζει

271 4068 396 4128 ταῖς
438 4064 721 4135 σωτηρίοις
762 4067 965 4134 φωναῖς
1001 4065 1285 4119 δουλεύων.
1322 4068 1458 4119 Πότε
1484 4067 1541 4120 δὲ
1577 4067 1783 4136 ἐγγίζει
1814 4070 1849 4138 ἡ

274 4157 669 4229 ἀπολύτρωσις,
693 4157 933 4229 ἁκριδῶς
951 4158 1188 4225 ἐδίδαξεν
1210 4158 1398 4226 εἰπὼν,
1421 4161 1503 4213 ὅτι
1527 4158 1731 4212 τούτων
1753 4161 1855 4230 ἀρ-

273 4247 519 4318 χομένων
542 4247 806 4316 γίνεσθαι.
843 4248 936 4320 Μὴ
977 4248 1086 4321 γὰρ
1119 4250 1457 4321 ἀρχομένων,
1494 4250 1610 4304 ἀλλ’
1638 4251 1737 4321 ήδη
1773 4253 1853 4315 εἰς

274 4338 414 4409 ἔργα
439 4338 758 4410 χωρούντων
782 4338 889 4392 τῶν
921 4338 1245 4411 λεγομένων,
1284 4340 1466 4393 οὐκέτι
1500 4340 1737 4409 ἐγγίζειν
1777 4342 1855 4395 εἰ-

1954 3255 2216 3318 quotquot
2244 3258 2417 3315 usque
2444 3243 2511 3298 ad
2548 3241 3076 3299 consummationem
3103 3238 3323 3295 Christo
3345 3239 3531 3295 credi-

1954 3339 2057 3393 turi
2086 3346 2234 3403 sunt,
2259 3346 2422 3406 atque
2451 3332 2568 3403 ejus
2595 3346 2759 3388 causa
2782 3340 3107 3400 praesentem
3139 3330 3308 3384 vitam
3346 3330 3402 3385 in
3437 3330 3533 3384 hu-

1953 3429 2182 3485 militate
2206 3427 2530 3484 traducturi.
2558 3424 2711 3480 Tunc
2746 3424 2933 3495 igitur,
2965 3437 3024 3478 re
3052 3437 3216 3493 quam
3247 3437 3549 3492 speramus,

1954 3520 2262 3589 impetrata,
2298 3518 2551 3572 tollemus
2570 3514 2760 3570 oculos
2786 3515 2877 3584 qui
2900 3513 3165 3570 hactenus
3190 3513 3339 3569 humi
3369 3510 3532 3566 deﬁxi

1952 3617 2132 3673 erant,
2157 3618 2429 3677 caputque
2454 3605 2727 3675 erigemus
2753 3604 2846 3674 qui
2876 3603 3007 3659 olim
3034 3602 3275 3673 depressi
3303 3601 3527 3656 fuimus.

1953 3697 2081 3753 Haec
2105 3708 2189 3753 est
2220 3698 2364 3751 enim
2395 3711 2556 3765 quam
2588 3704 2967 3765 exspectamus
2991 3693 3332 3762 redemptio;
3367 3706 3531 3763 quam

1953 3790 2161 3859 reliqua
2202 3790 2365 3842 etiam
2411 3798 2664 3843 creatura
2711 3788 2893 3843 omnis
2939 3786 3328 3858 praestolatur,
3377 3786 3534 3854 juxta

1953 3880 2307 3951 apostolicam
2355 3880 2685 3943 doctrinam,
2728 3892 2831 3948 qua
2860 3876 3062 3932 Paulus
3092 3877 3256 3934 etiam
3299 3874 3539 3931 imbutus

1954 3973 2259 4043 ingemiscit
2275 3973 2320 4005 ⁸⁸
2347 3970 2658 4026 Servatoris
2685 3969 2911 4024 vocibus
2931 3966 3328 4026 obsecundans.
3352 3964 3558 4036 Quan—.

1954 4063 2153 4119 donam
2192 4072 2372 4115 autem
2416 4059 2909 4129 appropinquatum
2968 4058 3042 4112 sit
3079 4054 3431 4125 redemptio,
3456 4067 3541 4108 ac-

1954 4165 2140 4217 curate
2183 4156 2368 4212 docuit
2403 4155 2589 4209 dicens
2622 4170 2636 4205 :
2669 4151 2770 4207 His
2804 4153 2923 4220 ﬁeri
2969 4148 3362 4219 incipientibus.
3398 4144 3537 4221 Cum

1957 4249 2102 4304 enim
2124 4247 2237 4316 jam
2260 4247 2402 4305 dicta
2425 4260 2588 4315 opera
2622 4246 2937 4311 decurrent,
2980 4242 3127 4298 haud
3169 4240 3390 4299 videtur
3417 4252 3540 4313 pro-

1954 4338 2222 4407 pinquare
2250 4335 2572 4405 redemptio,
2609 4334 2705 4390 sed
2744 4348 2909 4405 opere
2933 4334 3051 4403 ipso
3077 4330 3361 4401 compleri.
3395 4329 3538 4399 Apo-

274 4428 373 4492 κὸς
404 4428 502 4499 τὴν
520 4429 917 4500 ἀπολύτρωσιν,
950 4430 1065 4502 ἀλλ’
1087 4430 1269 4501 ἔργοις
1294 4430 1671 4485 ἐπιτελεῖσθαι.
1714 4432 1772 4485 'U
1795 4433 1848 4485 δὲ

1961 4432 2133 4486 stolus
2156 4440 2335 4485 autem
2368 4430 2537 4484 totius
2562 4441 2779 4497 quoque
2809 4434 3074 4481 creatura:
3106 4422 3539 4492 redemptionem

274 4518 420 4582 θεῖος
462 4518 778 4583 Ἀπόστολος
804 4522 897 4573 καί
923 4520 1050 4592 ὅλης
1077 4520 1247 4590 αὐτῆς
1266 4521 1365 4591 τῆς
1399 4522 1625 4584 κτίσεως
1652 4522 1855 4575 ἀπολύ-

273 4625 480 4682 ⁴ιρωσιν
508 4608 602 4661 καὶ
632 4608 943 4679 ἐλευθερίαν
968 4610 1088 4662 τότε
1120 4609 1446 4680 γενήσεσθαι
1479 4609 1741 4674 διδάσκει,
1770 4610 1859 4666 διὰ

1960 4537 2022 4575 ac
2050 4521 2355 4580 libertatem
2390 4532 2516 4574 tunc
2549 4518 2663 4573 [ore
2693 4519 2871 4584 docet,
2905 4522 3131 4585 propter
3174 4512 3414 4572 futuram
3440 4512 3543 4567 sci-

1954 4612 2083 4667 licet
2116 4610 2235 4679 ejus
2270 4626 2486 4681 quoque
2528 4611 2581 4665 in
2618 4609 2812 4663 melius
2842 4605 3410 4662 transformationcm.
3449 4602 3539 4657 ld-

274 4699 372 4752 τὸν
415 4699 673 4770 μέλλοντα
730 4701 824 4753 καὶ
872 4701 1042 4771 αὐτῆς
1096 4701 1344 4769 γίνεσθαι
1386 4701 1479 4753 ἐπὶ
1520 4700 1581 4753 τὸ
1614 4705 1848 4773 κρεῖττον

1956 4704 2106 4759 circo
2138 4704 2255 4758 ait:
2294 4701 2360 4755 Et
2399 4703 2515 4771 ipsa
2553 4710 2800 4755 creatura
2836 4695 3191 4752 vindicabitur
3225 4713 3255 4749 e
3281 4695 3540 4749 mercium

281 4792 818 4862 μετασχηματισμόν.
872 4792 962 4846 Διό
1024 4808 1187 4862 φησιν
1244 4792 1353 4846 Καὶ
1408 4792 1561 4859 αὐτὴ
1593 4794 1632 4860 ἡ
1664 4794 1860 4859 κτίσις

274 4880 815 4948 ἐλευθερωθήσεται
843 4881 961 4935 ἀπὸ
988 4880 1099 4950 τῆς
1116 4881 1396 4947 δουλείας
1411 4880 1517 4949 τῆς
1532 4882 1758 4951 φθορᾶς
1771 4887 1858 4950 εὶς

274 4972 395 5041 τὴν
420 4971 766 5040 ἐλευθερίαν
791 4971 901 5039 τῆς
940 4972 1123 5040 δόξης
1152 4972 1271 5025 τῶν
1295 4973 1521 5025 τέκνων
1547 4973 1652 5026 τοῦ
1683 4974 1853 5028 Θεοῦ.

288 5062 607 5135 ’Δφθάρτων
630 5064 739 5134 γὰρ
769 5064 1023 5117 ἁπάντων
1068 5064 1161 5116 καὶ
1188 5064 1472 5117 ἀθανάτων
1508 5064 1617 5117 τῶν
1650 5065 1853 5119 τέκνων

274 5152 375 5207 τοῦ
416 5151 552 5206 Θεοῦ
602 5152 693 5207 τδν
731 5154 849 5206 νέον
879 5155 1213 5223 οἰκησάντων
1242 5155 1431 5217 αἰῶνα,
1476 5155 1644 5227 ἐχρῆν
1684 5155 1855 5226 δήπου

276 5244 377 5299 καὶ
414 5243 514 5315 τὴν
537 5244 713 5298 κτίσιν
754 5245 924 5316 αὐτὴν
952 5244 1050 5316 τὴν
1082 5246 1178 5299 νῦν
1209 5251 1276 5317 τῇ
1300 5247 1512 5319 φθαρτῇ
1554 5246 1714 5315 φύσει
1740 5247 1861 5301 δου-

276 5337 558 5404 λεύουσαν,
573 5338 653 5401 εἰς
671 5336 943 5407 ἄφθαρτον
971 5337 1157 5390 οὐσίαν
1180 5338 1523 5409 μεταδαλεῖν,
1540 5339 1635 5409 τῆς
1658 5339 1863 5409 παρού-

295 5443 401 5499 σης
449 5428 835 5491 καταστάσεως
876 5426 1345 5500 ὲλευθερωθεῖσαν.
1370 5429 1654 5500 Εὑκαίρως
1679 5430 1859 5499 μέντοι

276 5517 384 5591 uir
411 5518 521 5573 Kal
543 5520 677 5573 τότε
709 5519 960 5589 ὄψονται
984 5520 1092 5573 τὸν
1128 5519 1263 5573 Υίὸν
1292 5521 1399 5574 τοῦ
1424 5520 1737 5589 ἀνθμῦπου
1763 5521 1858 5588 ἐρ-

1956 4794 2305 4862 corruptionis
2366 4795 2422 4846 in
2474 4792 2765 4845 libertatem
2816 4790 3000 4858 gloria:
3054 4787 3288 4855 ﬁliorum
3347 4783 3445 4839 Dei
3469 4783 3537 4838 ⁸⁸.

1962 4882 2096 4937 Nam
2129 4897 2251 4937 cum
2292 4895 2481 4935 omnes
2528 4877 2967 4949 incorruptibiles
3000 4886 3165 4945 atque
3206 4873 3541 4930 immortales

1962 4974 2247 5040 sztnrtique
2280 4982 2335 5024 et
2382 4969 2525 5025 beati
2580 4966 2674 5023 ﬁlii
2721 4954 2818 5023 Dei
2856 4982 3055 5021 novum
3096 4964 3350 5020 sarculum
3392 4965 3541 5020 incoo

1961 5064 2093 5127 lent,
2124 5076 2254 5117 tunc
2285 5078 2421 5131 opus
2451 5065 2556 5117 erit
2584 5063 2757 5128 ipsam
2786 5074 3004 5135 quoque
3033 5056 3216 5113 mundi
3248 5054 3539 5120 fabricam,

1962 5168 2084 5223 quae
2127 5166 2270 5209 nunc
2315 5152 2652 5221 corruptibili
2686 5159 2893 5205 natura
2930 5148 3169 5204 obnoxia
3204 5157 3311 5211 est,
3351 5147 3406 5201 in
3449 5148 3543 5201 im-

1964 5241 2248 5298 mortalem
2286 5240 2533 5296 converti
2583 5240 2950 5295 substantiam
3002 5247 3164 5307 atque
3208 5251 3237 5290 n
3284 5234 3540 5306 prmsenti

1965 5333 2277 5387 conditione
2332 5330 2603 5399 expediri.
2653 5328 2997 5399 Tempestive
3051 5336 3229 5382 autem
3262 5325 3541 5380 dictioni:

1968 5424 2113 5479 Tum:
2142 5424 2383 5478 uidebunt
2418 5420 2465 5475 F
2469 5422 2619 5475 ilium
2648 5420 2878 5475 hominis
2908 5421 3193 5475 venientem
3239 5418 3293 5469 in
3321 5415 3546 5469 nubibus

1966 5535 2083 5571 cum
2125 5516 2314 5586 gloria,
2352 5528 2591 5585 appones
2620 5512 2862 5568 Danielis
2894 5509 3320 5583 prophetiam",
3358 5508 3411 5561 in
3439 5520 3547 5576 qua

354 5678 402 5712 "
429 5677 535 5732 lsa.
569 5694 692 5745 nxv,
726 5679 813 5734 ΓΙ.
889 5680 934 5711 ⁸³
962 5679 1093 5734 Luc.
1118 5696 1230 5744 xxt,
1258 5679 1345 5734 26.
1420 5680 1465 5710 “
1491 5678 1621 5733 Luc.
1654 5689 1767 5743 ut,
1795 5678 1848 5733 εξ

1950 5678 1989 5710 ⁵⁸
2032 5675 2186 5729 Rom.
2221 5688 2322 5736 vn,
2347 5671 2440 5726 ει.
2516 5670 2563 5702 ⁶⁶
2594 5669 2749 5727 Rom.
2784 5683 2900 5733 vm,
2934 5668 3026 5722 2i.
3093 5666 3135 5697 ⁸⁷
3170 5664 3303 5721 Dan.
3332 5677 3430 5726 νη,
3457 5662 3561 5727 13,

360 5771 475 5847 (75)
508 5772 750 5844 Sequens
775 5776 1132 5846 fragmentum
1168 5776 1363 5847 partim
1394 5777 1637 5845 wugnuit
1670 5792 1791 5833 cum
1827 5774 2072 5846 proxime
2108 5765 2556 5840 ptmccdcntibus.
