  <div class='ocr_page' id='page_1' title='image "/cluster/home/n/w/nwhite01/storage/ocr_20150623/24/ien.35556001660497/312.png"; bbox 0 0 4062 6450; ppageno 0'>
   <div class='ocr_carea' id='block_1_1' title="bbox 196 443 2317 503">
    <p class='ocr_par' dir='ltr' id='par_1_1' title="bbox 196 443 2317 503">
     <span class='ocr_line' id='line_1_1' title="bbox 196 443 2317 503; baseline -0 -1"><span class='ocrx_word' id='word_1_1' title='bbox 196 444 295 503; x_wconf 69' lang='grc' dir='ltr'><strong>θοι</strong></span> <span class='ocrx_word' id='word_1_2' title='bbox 1405 443 1917 501; x_wconf 73' lang='lat' dir='ltr'><strong>COMMENTARIA</strong></span> <span class='ocrx_word' id='word_1_3' title='bbox 1955 444 2023 501; x_wconf 87' lang='lat' dir='ltr'><strong>IN</strong></span> <span class='ocrx_word' id='word_1_4' title='bbox 2060 444 2317 503; x_wconf 72' lang='lat' dir='ltr'><strong>LUCAM.</strong></span> 
     </span>
    </p>
   </div>
   <div class='ocr_carea' id='block_1_2' title="bbox 3363 456 3471 514">
    <p class='ocr_par' dir='ltr' id='par_1_2' title="bbox 3363 456 3471 514">
     <span class='ocr_line' id='line_1_2' title="bbox 3363 456 3471 514; baseline 0 0"><span class='ocrx_word' id='word_1_5' title='bbox 3363 456 3471 514; x_wconf 66' lang='grc' dir='ltr'><strong>ϐω</strong></span> 
     </span>
    </p>
   </div>
   <div class='ocr_carea' id='block_1_3' title="bbox 209 559 1802 635">
    <p class='ocr_par' dir='ltr' id='par_1_3' title="bbox 209 559 1783 635">
     <span class='ocr_line' id='line_1_3' title="bbox 209 559 1783 635; baseline -0.001 -18"><span class='ocrx_word' id='word_1_6' title='bbox 209 562 399 634; x_wconf 59' lang='grc' dir='ltr'>ἠρατα</span> <span class='ocrx_word' id='word_1_7' title='bbox 429 566 725 635; x_wconf 80' lang='grc' dir='ltr'>καταργετν</span> <span class='ocrx_word' id='word_1_8' title='bbox 774 560 876 631; x_wconf 86' lang='grc' dir='ltr'>τῆς</span> <span class='ocrx_word' id='word_1_9' title='bbox 910 559 1233 629; x_wconf 72' lang='grc' dir='ltr'><strong>ἐπιφανείας</strong></span> <span class='ocrx_word' id='word_1_10' title='bbox 1263 559 1359 614; x_wconf 81' lang='grc' dir='ltr'><strong>τοῦ</strong></span> <span class='ocrx_word' id='word_1_11' title='bbox 1395 562 1669 633; x_wconf 78' lang='grc' dir='ltr'><strong>Σωτῆρος,</strong></span> <span class='ocrx_word' id='word_1_12' title='bbox 1712 562 1783 616; x_wconf 81' lang='grc' dir='ltr'><strong>τὰ</strong></span> 
     </span>
    </p>
   </div>
   <div class='ocr_carea' id='block_1_4' title="bbox 1905 559 3471 635">
    <p class='ocr_par' dir='ltr' id='par_1_4' title="bbox 1905 564 3471 633">
     <span class='ocr_line' id='line_1_4' title="bbox 1905 564 3471 633; baseline 0.007 -16"><span class='ocrx_word' id='word_1_13' title='bbox 1905 564 2136 629; x_wconf 71' lang='lat' dir='ltr'><strong>ierimet,</strong></span> <span class='ocrx_word' id='word_1_14' title='bbox 2186 566 2282 621; x_wconf 70' lang='lat' dir='ltr'><strong>ine</strong></span> <span class='ocrx_word' id='word_1_15' title='bbox 2333 564 2486 619; x_wconf 85' lang='lat' dir='ltr'><strong>initia</strong></span> <span class='ocrx_word' id='word_1_16' title='bbox 2519 565 2650 622; x_wconf 83' lang='lat' dir='ltr'><strong>hinc</strong></span> <span class='ocrx_word' id='word_1_17' title='bbox 2686 578 2866 633; x_wconf 89' lang='lat' dir='ltr'><strong>erunt,</strong></span> <span class='ocrx_word' id='word_1_18' title='bbox 2908 583 2973 624; x_wconf 83' lang='lat' dir='ltr'><strong>ex</strong></span> <span class='ocrx_word' id='word_1_19' title='bbox 3019 580 3155 625; x_wconf 59' lang='lat' dir='ltr'><strong>aestu</strong></span> <span class='ocrx_word' id='word_1_20' title='bbox 3183 568 3393 627; x_wconf 87' lang='lat' dir='ltr'><strong>scilicet</strong></span> <span class='ocrx_word' id='word_1_21' title='bbox 3414 583 3471 629; x_wconf 86' lang='lat' dir='ltr'><strong>et</strong></span> 
     </span>
    </p>
   </div>
   <div class='ocr_carea' id='block_1_5' title="bbox 202 650 1802 733">
    <p class='ocr_par' dir='ltr' id='par_1_5' title="bbox 202 650 1780 726">
     <span class='ocr_line' id='line_1_5' title="bbox 202 650 1780 726; baseline -0.001 -19"><span class='ocrx_word' id='word_1_22' title='bbox 202 652 486 726; x_wconf 67' lang='grc' dir='ltr'>τῆςοόργῆς</span> <span class='ocrx_word' id='word_1_23' title='bbox 516 654 774 725; x_wconf 90' lang='grc' dir='ltr'>προοίμια</span> <span class='ocrx_word' id='word_1_24' title='bbox 821 653 887 705; x_wconf 83' lang='grc' dir='ltr'>ὲκ</span> <span class='ocrx_word' id='word_1_25' title='bbox 945 650 1111 705; x_wconf 87' lang='grc' dir='ltr'>τῶνδε</span> <span class='ocrx_word' id='word_1_26' title='bbox 1158 650 1405 723; x_wconf 77' lang='grc' dir='ltr'>ἄρξεται.</span> <span class='ocrx_word' id='word_1_27' title='bbox 1455 654 1517 717; x_wconf 80' lang='grc' dir='ltr'>ἐξ</span> <span class='ocrx_word' id='word_1_28' title='bbox 1556 653 1780 724; x_wconf 81' lang='grc' dir='ltr'>αὐχμῶν</span> 
     </span>
    </p>
   </div>
   <div class='ocr_carea' id='block_1_6' title="bbox 1905 650 3471 733">
    <p class='ocr_par' dir='ltr' id='par_1_6' title="bbox 1908 657 3471 733">
     <span class='ocr_line' id='line_1_6' title="bbox 1908 657 3471 733; baseline 0.006 -23"><span class='ocrx_word' id='word_1_29' title='bbox 1908 657 2083 712; x_wconf 91' lang='lat' dir='ltr'><strong>narini</strong></span> <span class='ocrx_word' id='word_1_30' title='bbox 2112 659 2320 714; x_wconf 87' lang='lat' dir='ltr'><strong>sonitus</strong></span> <span class='ocrx_word' id='word_1_31' title='bbox 2353 659 2681 715; x_wconf 75' lang='lat' dir='ltr'><strong>cessatione.</strong></span> <span class='ocrx_word' id='word_1_32' title='bbox 2714 660 2832 727; x_wconf 84' lang='lat' dir='ltr'><strong>Quo</strong></span> <span class='ocrx_word' id='word_1_33' title='bbox 2858 661 3018 730; x_wconf 79' lang='lat' dir='ltr'><strong>facto,</strong></span> <span class='ocrx_word' id='word_1_34' title='bbox 3049 677 3299 732; x_wconf 82' lang='lat' dir='ltr'><strong>pressura</strong></span> <span class='ocrx_word' id='word_1_35' title='bbox 3334 677 3471 733; x_wconf 80' lang='lat' dir='ltr'><strong>gen-</strong></span> 
     </span>
    </p>
   </div>
   <div class='ocr_carea' id='block_1_7' title="bbox 193 735 1802 824">
    <p class='ocr_par' dir='ltr' id='par_1_7' title="bbox 193 735 1781 815">
     <span class='ocr_line' id='line_1_7' title="bbox 193 735 1781 815; baseline -0.002 -17"><span class='ocrx_word' id='word_1_36' title='bbox 193 742 393 815; x_wconf 78' lang='grc' dir='ltr'>ὂηλαδὴ</span> <span class='ocrx_word' id='word_1_37' title='bbox 438 744 531 797; x_wconf 77' lang='grc' dir='ltr'>καὶ</span> <span class='ocrx_word' id='word_1_38' title='bbox 576 742 811 813; x_wconf 81' lang='grc' dir='ltr'><strong>ἀπορίας</strong></span> <span class='ocrx_word' id='word_1_39' title='bbox 864 742 998 813; x_wconf 76' lang='grc' dir='ltr'>ἤχου</span> <span class='ocrx_word' id='word_1_40' title='bbox 1038 740 1345 813; x_wconf 75' lang='grc' dir='ltr'>θαλάσσηςο</span> <span class='ocrx_word' id='word_1_41' title='bbox 1390 735 1452 795; x_wconf 78' lang='grc' dir='ltr'><strong>οὗ</strong></span> <span class='ocrx_word' id='word_1_42' title='bbox 1485 744 1781 814; x_wconf 84' lang='grc' dir='ltr'><strong>γενομένου</strong></span> 
     </span>
    </p>
   </div>
   <div class='ocr_carea' id='block_1_8' title="bbox 1905 735 3473 824">
    <p class='ocr_par' dir='ltr' id='par_1_8' title="bbox 1905 750 3473 824">
     <span class='ocr_line' id='line_1_8' title="bbox 1905 750 3473 824; baseline 0.004 -21"><span class='ocrx_word' id='word_1_43' title='bbox 1905 750 2024 804; x_wconf 61' lang='lat' dir='ltr'><strong>lium</strong></span> <span class='ocrx_word' id='word_1_44' title='bbox 2068 764 2165 820; x_wconf 87' lang='lat' dir='ltr'><strong>per</strong></span> <span class='ocrx_word' id='word_1_45' title='bbox 2190 753 2377 806; x_wconf 88' lang='lat' dir='ltr'><strong>orbem</strong></span> <span class='ocrx_word' id='word_1_46' title='bbox 2421 751 2545 819; x_wconf 89' lang='lat' dir='ltr'><strong>erit,</strong></span> <span class='ocrx_word' id='word_1_47' title='bbox 2579 754 2955 809; x_wconf 75' lang='lat' dir='ltr'><strong>arescentibus</strong></span> <span class='ocrx_word' id='word_1_48' title='bbox 2994 754 3307 811; x_wconf 81' lang='lat' dir='ltr'><strong>hominibus</strong></span> <span class='ocrx_word' id='word_1_49' title='bbox 3359 771 3473 824; x_wconf 80' lang='lat' dir='ltr'><strong>pra:</strong></span> 
     </span>
    </p>
   </div>
   <div class='ocr_carea' id='block_1_9' title="bbox 195 832 1802 915">
    <p class='ocr_par' dir='ltr' id='par_1_9' title="bbox 195 832 1784 905">
     <span class='ocr_line' id='line_1_9' title="bbox 195 832 1784 905; baseline -0.001 -16"><span class='ocrx_word' id='word_1_50' title='bbox 195 835 626 905; x_wconf 70' lang='grc' dir='ltr'>δπακολουθήσει</span> <span class='ocrx_word' id='word_1_51' title='bbox 655 833 850 905; x_wconf 84' lang='grc' dir='ltr'>συνοχὴ</span> <span class='ocrx_word' id='word_1_52' title='bbox 870 832 978 886; x_wconf 90' lang='grc' dir='ltr'><strong>τῶν</strong></span> <span class='ocrx_word' id='word_1_53' title='bbox 1006 833 1099 885; x_wconf 75' lang='grc' dir='ltr'><strong>ἐπὶ</strong></span> <span class='ocrx_word' id='word_1_54' title='bbox 1121 833 1226 904; x_wconf 85' lang='grc' dir='ltr'><strong>γῆς</strong></span> <span class='ocrx_word' id='word_1_55' title='bbox 1257 832 1448 899; x_wconf 76' lang='grc' dir='ltr'>ἐθνῶν,</span> <span class='ocrx_word' id='word_1_56' title='bbox 1476 834 1784 905; x_wconf 74' lang='grc' dir='ltr'>ἀποψυχόν-</span> 
     </span>
    </p>
   </div>
   <div class='ocr_carea' id='block_1_10' title="bbox 1905 832 3472 915">
    <p class='ocr_par' dir='ltr' id='par_1_10' title="bbox 1905 841 3472 915">
     <span class='ocr_line' id='line_1_10' title="bbox 1905 841 3472 915; baseline 0.006 -22"><span class='ocrx_word' id='word_1_57' title='bbox 1905 841 2086 895; x_wconf 83' lang='lat' dir='ltr'><strong>.imore</strong></span> <span class='ocrx_word' id='word_1_58' title='bbox 2140 850 2197 896; x_wconf 87' lang='lat' dir='ltr'><strong>et</strong></span> <span class='ocrx_word' id='word_1_59' title='bbox 2242 856 2431 896; x_wconf 89' lang='lat' dir='ltr'><strong>eorum</strong></span> <span class='ocrx_word' id='word_1_60' title='bbox 2479 846 2884 914; x_wconf 78' lang='lat' dir='ltr'><strong>exspectatione</strong></span> <span class='ocrx_word' id='word_1_61' title='bbox 2922 860 3043 915; x_wconf 69' lang='lat' dir='ltr'><strong>qua:</strong></span> <span class='ocrx_word' id='word_1_62' title='bbox 3092 847 3294 902; x_wconf 89' lang='lat' dir='ltr'><strong>mundo</strong></span> <span class='ocrx_word' id='word_1_63' title='bbox 3345 848 3472 902; x_wconf 88' lang='lat' dir='ltr'><strong>sunt</strong></span> 
     </span>
    </p>
   </div>
   <div class='ocr_carea' id='block_1_11' title="bbox 193 923 1802 1006">
    <p class='ocr_par' dir='ltr' id='par_1_11' title="bbox 193 923 1784 999">
     <span class='ocr_line' id='line_1_11' title="bbox 193 923 1784 999; baseline 0 -19"><span class='ocrx_word' id='word_1_64' title='bbox 193 942 305 980; x_wconf 81' lang='grc' dir='ltr'><strong>των</strong></span> <span class='ocrx_word' id='word_1_65' title='bbox 332 924 634 998; x_wconf 78' lang='grc' dir='ltr'>ἀνθρώπων</span> <span class='ocrx_word' id='word_1_66' title='bbox 662 924 769 978; x_wconf 80' lang='grc' dir='ltr'><strong>ἀπὸ</strong></span> <span class='ocrx_word' id='word_1_67' title='bbox 800 923 965 994; x_wconf 77' lang='grc' dir='ltr'>φόϐου</span> <span class='ocrx_word' id='word_1_68' title='bbox 1002 924 1095 977; x_wconf 79' lang='grc' dir='ltr'>καὶ</span> <span class='ocrx_word' id='word_1_69' title='bbox 1128 923 1456 995; x_wconf 80' lang='grc' dir='ltr'><strong>προσδοκίας</strong></span> <span class='ocrx_word' id='word_1_70' title='bbox 1482 927 1592 980; x_wconf 87' lang='grc' dir='ltr'><strong>τῶν</strong></span> <span class='ocrx_word' id='word_1_71' title='bbox 1618 928 1784 999; x_wconf 74' lang='grc' dir='ltr'>ἐπερ-</span> 
     </span>
    </p>
   </div>
   <div class='ocr_carea' id='block_1_12' title="bbox 1905 923 3557 1006">
    <p class='ocr_par' dir='ltr' id='par_1_12' title="bbox 1905 929 3557 1006">
     <span class='ocr_line' id='line_1_12' title="bbox 1905 929 3557 1006; baseline 0.004 -23"><span class='ocrx_word' id='word_1_72' title='bbox 1905 940 2173 983; x_wconf 73' lang='lat' dir='ltr'><strong>:ventura.</strong></span> <span class='ocrx_word' id='word_1_73' title='bbox 2214 929 2472 997; x_wconf 82' lang='lat' dir='ltr'><strong>Quaenam</strong></span> <span class='ocrx_word' id='word_1_74' title='bbox 2506 947 2637 987; x_wconf 83' lang='lat' dir='ltr'><strong>vero</strong></span> <span class='ocrx_word' id='word_1_75' title='bbox 2663 934 2774 989; x_wconf 73' lang='lat' dir='ltr'><strong>tunc</strong></span> <span class='ocrx_word' id='word_1_76' title='bbox 2805 934 2935 999; x_wconf 90' lang='lat' dir='ltr'><strong>sint,</strong></span> <span class='ocrx_word' id='word_1_77' title='bbox 2970 934 3046 989; x_wconf 89' lang='lat' dir='ltr'><strong>ait</strong></span> <span class='ocrx_word' id='word_1_78' title='bbox 3075 949 3200 989; x_wconf 82' lang='lat' dir='ltr'><strong>mox</strong></span> <span class='ocrx_word' id='word_1_79' title='bbox 3241 947 3473 1006; x_wconf 78' lang='lat' dir='ltr'><strong>pergens</strong></span> <span class='ocrx_word' id='word_1_80' title='bbox 3544 946 3557 956; x_wconf 87' lang='lat'><strong>‘</strong></span> 
     </span>
    </p>
   </div>
   <div class='ocr_carea' id='block_1_13' title="bbox 195 1014 1802 1089">
    <p class='ocr_par' dir='ltr' id='par_1_13' title="bbox 195 1014 1789 1089">
     <span class='ocr_line' id='line_1_13' title="bbox 195 1014 1789 1089; baseline 0.001 -21"><span class='ocrx_word' id='word_1_81' title='bbox 195 1014 441 1086; x_wconf 86' lang='grc' dir='ltr'>χομένων</span> <span class='ocrx_word' id='word_1_82' title='bbox 466 1017 533 1085; x_wconf 76' lang='grc' dir='ltr'><strong>τῇ</strong></span> <span class='ocrx_word' id='word_1_83' title='bbox 555 1016 867 1089; x_wconf 75' lang='grc' dir='ltr'>οἰκουμένῃ.</span> <span class='ocrx_word' id='word_1_84' title='bbox 897 1014 1031 1067; x_wconf 87' lang='grc' dir='ltr'>Τίνα</span> <span class='ocrx_word' id='word_1_85' title='bbox 1057 1014 1116 1068; x_wconf 80' lang='grc' dir='ltr'>δὲ</span> <span class='ocrx_word' id='word_1_86' title='bbox 1137 1015 1207 1068; x_wconf 83' lang='grc' dir='ltr'><strong>τὰ</strong></span> <span class='ocrx_word' id='word_1_87' title='bbox 1229 1017 1591 1087; x_wconf 78' lang='grc' dir='ltr'>ἐπερχόμενα,</span> <span class='ocrx_word' id='word_1_88' title='bbox 1617 1018 1789 1087; x_wconf 79' lang='grc' dir='ltr'>ἑρμη-</span> 
     </span>
    </p>
   </div>
   <div class='ocr_carea' id='block_1_14' title="bbox 1905 1014 3471 1089">
    <p class='ocr_par' dir='ltr' id='par_1_14' title="bbox 1905 1019 3471 1082">
     <span class='ocr_line' id='line_1_14' title="bbox 1905 1019 3471 1082; baseline 0.008 -12"><span class='ocrx_word' id='word_1_89' title='bbox 1905 1020 2077 1074; x_wconf 78' lang='lat' dir='ltr'><strong>dicere</strong></span> <span class='ocrx_word' id='word_1_90' title='bbox 2123 1037 2137 1072; x_wconf 91' lang='lat'><strong>:</strong></span> <span class='ocrx_word' id='word_1_91' title='bbox 2179 1019 2315 1075; x_wconf 86' lang='lat' dir='ltr'><strong>Nam</strong></span> <span class='ocrx_word' id='word_1_92' title='bbox 2375 1022 2604 1079; x_wconf 91' lang='lat' dir='ltr'><strong>virtutes</strong></span> <span class='ocrx_word' id='word_1_93' title='bbox 2640 1024 2900 1080; x_wconf 57' lang='lat' dir='ltr'><strong>caelorum</strong></span> <span class='ocrx_word' id='word_1_94' title='bbox 2938 1026 3471 1082; x_wconf 86' lang='lat' dir='ltr'><strong>commovebuntur:</strong></span> 
     </span>
    </p>
   </div>
   <div class='ocr_carea' id='block_1_15' title="bbox 193 1106 1802 1187">
    <p class='ocr_par' dir='ltr' id='par_1_15' title="bbox 193 1106 1789 1180">
     <span class='ocr_line' id='line_1_15' title="bbox 193 1106 1789 1180; baseline 0.001 -21"><span class='ocrx_word' id='word_1_95' title='bbox 193 1106 341 1160; x_wconf 79' lang='grc' dir='ltr'>νεύει</span> <span class='ocrx_word' id='word_1_96' title='bbox 399 1108 682 1161; x_wconf 82' lang='grc' dir='ltr'><strong>συνάπτων</strong></span> <span class='ocrx_word' id='word_1_97' title='bbox 731 1107 857 1180; x_wconf 77' lang='grc' dir='ltr'><strong>ἑξῆς</strong></span> <span class='ocrx_word' id='word_1_98' title='bbox 895 1106 989 1159; x_wconf 75' lang='grc' dir='ltr'>καὶ</span> <span class='ocrx_word' id='word_1_99' title='bbox 1057 1106 1262 1175; x_wconf 82' lang='grc' dir='ltr'>λέγων·</span> <span class='ocrx_word' id='word_1_100' title='bbox 1315 1112 1384 1162; x_wconf 79' lang='grc' dir='ltr'><strong>Αἱ</strong></span> <span class='ocrx_word' id='word_1_101' title='bbox 1445 1108 1557 1178; x_wconf 79' lang='grc' dir='ltr'>γὰρ</span> <span class='ocrx_word' id='word_1_102' title='bbox 1607 1107 1789 1162; x_wconf 81' lang='grc' dir='ltr'>δυνά-</span> 
     </span>
    </p>
   </div>
   <div class='ocr_carea' id='block_1_16' title="bbox 1905 1106 3475 1187">
    <p class='ocr_par' dir='ltr' id='par_1_16' title="bbox 1905 1108 3475 1187">
     <span class='ocr_line' id='line_1_16' title="bbox 1905 1108 3475 1187; baseline 0.006 -26"><span class='ocrx_word' id='word_1_103' title='bbox 1905 1108 2031 1163; x_wconf 81' lang='lat' dir='ltr'><strong>Filio</strong></span> <span class='ocrx_word' id='word_1_104' title='bbox 2054 1110 2145 1163; x_wconf 90' lang='lat' dir='ltr'><strong>Dei</strong></span> <span class='ocrx_word' id='word_1_105' title='bbox 2176 1112 2383 1167; x_wconf 77' lang='lat' dir='ltr'><strong>scilicet</strong></span> <span class='ocrx_word' id='word_1_106' title='bbox 2417 1128 2539 1168; x_wconf 90' lang='lat' dir='ltr'><strong>cum</strong></span> <span class='ocrx_word' id='word_1_107' title='bbox 2578 1114 2746 1184; x_wconf 84' lang='lat' dir='ltr'><strong>gloria</strong></span> <span class='ocrx_word' id='word_1_108' title='bbox 2779 1114 3122 1179; x_wconf 82' lang='lat' dir='ltr'><strong>adventante,</strong></span> <span class='ocrx_word' id='word_1_109' title='bbox 3154 1114 3475 1187; x_wconf 69' lang='lat' dir='ltr'><strong>superbam.</strong></span> 
     </span>
    </p>
   </div>
   <div class='ocr_carea' id='block_1_17' title="bbox 186 1196 1802 1275">
    <p class='ocr_par' dir='ltr' id='par_1_17' title="bbox 186 1196 1785 1268">
     <span class='ocr_line' id='line_1_17' title="bbox 186 1196 1785 1268; baseline 0.001 -17"><span class='ocrx_word' id='word_1_110' title='bbox 186 1215 325 1268; x_wconf 80' lang='grc' dir='ltr'>μεις</span> <span class='ocrx_word' id='word_1_111' title='bbox 392 1196 512 1252; x_wconf 77' lang='grc' dir='ltr'><strong>τῶν</strong></span> <span class='ocrx_word' id='word_1_112' title='bbox 573 1198 839 1267; x_wconf 78' lang='grc' dir='ltr'>οὐρανῶν</span> <span class='ocrx_word' id='word_1_113' title='bbox 895 1197 1381 1265; x_wconf 75' lang='grc' dir='ltr'>σαλευθήσονται</span> <span class='ocrx_word' id='word_1_114' title='bbox 1402 1216 1415 1228; x_wconf 93' lang='grc'><strong>·</strong></span> <span class='ocrx_word' id='word_1_115' title='bbox 1480 1199 1575 1253; x_wconf 86' lang='grc' dir='ltr'>τοῦ</span> <span class='ocrx_word' id='word_1_116' title='bbox 1654 1200 1785 1253; x_wconf 82' lang='grc' dir='ltr'>Υίοῢ</span> 
     </span>
    </p>
   </div>
   <div class='ocr_carea' id='block_1_18' title="bbox 1905 1196 3479 1275">
    <p class='ocr_par' dir='ltr' id='par_1_18' title="bbox 1905 1199 3479 1275">
     <span class='ocr_line' id='line_1_18' title="bbox 1905 1199 3479 1275; baseline 0.01 -25"><span class='ocrx_word' id='word_1_117' title='bbox 1905 1215 2001 1269; x_wconf 80' lang='lat' dir='ltr'><strong>que</strong></span> <span class='ocrx_word' id='word_1_118' title='bbox 2026 1199 2118 1255; x_wconf 88' lang='lat' dir='ltr'><strong>lllii</strong></span> <span class='ocrx_word' id='word_1_119' title='bbox 2136 1201 2306 1272; x_wconf 72' lang='lat' dir='ltr'><strong>culpa:</strong></span> <span class='ocrx_word' id='word_1_120' title='bbox 2339 1204 2677 1273; x_wconf 87' lang='lat' dir='ltr'><strong>tyrannidem</strong></span> <span class='ocrx_word' id='word_1_121' title='bbox 2696 1204 2922 1275; x_wconf 81' lang='lat' dir='ltr'><strong>jamjam</strong></span> <span class='ocrx_word' id='word_1_122' title='bbox 2944 1220 3227 1272; x_wconf 80' lang='lat' dir='ltr'><strong>eversuro,</strong></span> <span class='ocrx_word' id='word_1_123' title='bbox 3246 1206 3479 1264; x_wconf 57' lang='lat' dir='ltr'><strong>coelesti-</strong></span> 
     </span>
    </p>
   </div>
   <div class='ocr_carea' id='block_1_19' title="bbox 201 1290 1788 1362">
    <p class='ocr_par' dir='ltr' id='par_1_19' title="bbox 201 1290 1788 1362">
     <span class='ocr_line' id='line_1_19' title="bbox 201 1290 1788 1362; baseline -0.003 -16"><span class='ocrx_word' id='word_1_124' title='bbox 201 1291 290 1347; x_wconf 78' lang='grc' dir='ltr'><strong>τοῦ</strong></span> <span class='ocrx_word' id='word_1_125' title='bbox 346 1290 482 1345; x_wconf 87' lang='grc' dir='ltr'><strong>Θεοῦ</strong></span> <span class='ocrx_word' id='word_1_126' title='bbox 540 1290 680 1361; x_wconf 83' lang='grc' dir='ltr'>μετὰ</span> <span class='ocrx_word' id='word_1_127' title='bbox 729 1290 886 1361; x_wconf 77' lang='grc' dir='ltr'>δόξης</span> <span class='ocrx_word' id='word_1_128' title='bbox 923 1290 1373 1362; x_wconf 81' lang='grc' dir='ltr'>ὲπιστησομένου,</span> <span class='ocrx_word' id='word_1_129' title='bbox 1416 1290 1512 1343; x_wconf 80' lang='grc' dir='ltr'>καὶ</span> <span class='ocrx_word' id='word_1_130' title='bbox 1554 1291 1657 1360; x_wconf 84' lang='grc' dir='ltr'><strong>τὴν</strong></span> <span class='ocrx_word' id='word_1_131' title='bbox 1691 1308 1788 1362; x_wconf 90' lang='grc' dir='ltr'>με-</span> 
     </span>
    </p>
   </div>
   <div class='ocr_carea' id='block_1_20' title="bbox 1894 1291 2905 1352">
    <p class='ocr_par' dir='ltr' id='par_1_20' title="bbox 1894 1291 2905 1352">
     <span class='ocr_line' id='line_1_20' title="bbox 1894 1291 2905 1352; baseline 0.004 -7"><span class='ocrx_word' id='word_1_132' title='bbox 1894 1291 1997 1346; x_wconf 91' lang='lat' dir='ltr'><strong>bus</strong></span> <span class='ocrx_word' id='word_1_133' title='bbox 2029 1307 2150 1348; x_wconf 87' lang='lat' dir='ltr'><strong>eum</strong></span> <span class='ocrx_word' id='word_1_134' title='bbox 2181 1297 2465 1351; x_wconf 83' lang='lat' dir='ltr'><strong>ordinibus</strong></span> <span class='ocrx_word' id='word_1_135' title='bbox 2497 1298 2905 1352; x_wconf 87' lang='lat' dir='ltr'><strong>comitantibus.</strong></span> 
     </span>
    </p>
   </div>
   <div class='ocr_carea' id='block_1_21' title="bbox 199 1384 3480 1466">
    <p class='ocr_par' dir='ltr' id='par_1_21' title="bbox 199 1384 3480 1466">
     <span class='ocr_line' id='line_1_21' title="bbox 199 1384 3480 1466; baseline 0.001 -25"><span class='ocrx_word' id='word_1_136' title='bbox 199 1387 469 1457; x_wconf 82' lang='grc' dir='ltr'>γάλαυχον</span> <span class='ocrx_word' id='word_1_137' title='bbox 490 1386 781 1458; x_wconf 82' lang='grc' dir='ltr'>τυραννίδα</span> <span class='ocrx_word' id='word_1_138' title='bbox 800 1384 895 1439; x_wconf 81' lang='grc' dir='ltr'>τοῦ</span> <span class='ocrx_word' id='word_1_139' title='bbox 919 1384 1035 1438; x_wconf 87' lang='grc' dir='ltr'>υίοῦ</span> <span class='ocrx_word' id='word_1_140' title='bbox 1062 1385 1162 1456; x_wconf 83' lang='grc' dir='ltr'>τῆς</span> <span class='ocrx_word' id='word_1_141' title='bbox 1222 1384 1496 1457; x_wconf 86' lang='grc' dir='ltr'>ἁμαρτίας</span> <span class='ocrx_word' id='word_1_142' title='bbox 1557 1388 1855 1457; x_wconf 85' lang='grc' dir='ltr'>καταργεῖν</span> <span class='ocrx_word' id='word_1_143' title='bbox 1897 1387 2203 1457; x_wconf 84' lang='grc' dir='ltr'>μέλλοντος,</span> <span class='ocrx_word' id='word_1_144' title='bbox 2242 1389 2352 1443; x_wconf 90' lang='grc' dir='ltr'><strong>τῶν</strong></span> <span class='ocrx_word' id='word_1_145' title='bbox 2381 1407 2439 1444; x_wconf 94' lang='grc' dir='ltr'><strong>τε</strong></span> <span class='ocrx_word' id='word_1_146' title='bbox 2483 1391 2892 1466; x_wconf 84' lang='grc' dir='ltr'>ὑπερουρανίων</span> <span class='ocrx_word' id='word_1_147' title='bbox 2926 1392 3223 1463; x_wconf 79' lang='grc' dir='ltr'><strong>ταγμάτων</strong></span> <span class='ocrx_word' id='word_1_148' title='bbox 3251 1391 3480 1464; x_wconf 84' lang='grc' dir='ltr'>δορυφο-</span> 
     </span>
    </p>
   </div>
   <div class='ocr_carea' id='block_1_22' title="bbox 199 1478 456 1551">
    <p class='ocr_par' dir='ltr' id='par_1_22' title="bbox 199 1478 456 1551">
     <span class='ocr_line' id='line_1_22' title="bbox 199 1478 456 1551; baseline -0.008 -18"><span class='ocrx_word' id='word_1_149' title='bbox 199 1478 456 1551; x_wconf 81' lang='grc' dir='ltr'>ρούντων.</span> 
     </span>
    </p>
   </div>
   <div class='ocr_carea' id='block_1_23' title="bbox 194 1567 1782 1640">
    <p class='ocr_par' dir='ltr' id='par_1_23' title="bbox 194 1567 1782 1640">
     <span class='ocr_line' id='line_1_23' title="bbox 194 1567 1782 1640; baseline -0.004 -11"><span class='ocrx_word' id='word_1_150' title='bbox 194 1572 309 1629; x_wconf 76' lang='lat' dir='ltr'><strong>Kal</strong></span> <span class='ocrx_word' id='word_1_151' title='bbox 346 1567 478 1626; x_wconf 75' lang='grc' dir='ltr'>εἶπε</span> <span class='ocrx_word' id='word_1_152' title='bbox 525 1569 877 1640; x_wconf 70' lang='grc' dir='ltr'>παραϐολὴν</span> <span class='ocrx_word' id='word_1_153' title='bbox 918 1569 1140 1640; x_wconf 81' lang='grc' dir='ltr'>αὐτοῖς·</span> <span class='ocrx_word' id='word_1_154' title='bbox 1176 1570 1353 1625; x_wconf 84' lang='grc' dir='ltr'>Ἴδετε</span> <span class='ocrx_word' id='word_1_155' title='bbox 1390 1570 1506 1640; x_wconf 80' lang='grc' dir='ltr'>τὴν</span> <span class='ocrx_word' id='word_1_156' title='bbox 1557 1570 1782 1638; x_wconf 77' lang='grc' dir='ltr'>συκῆν,</span> 
     </span>
    </p>
   </div>
   <div class='ocr_carea' id='block_1_24' title="bbox 262 1639 1782 1782">
    <p class='ocr_par' dir='ltr' id='par_1_24' title="bbox 262 1639 1782 1782">
     <span class='ocr_line' id='line_1_24' title="bbox 266 1639 1782 1711; baseline -0.001 -16"><span class='ocrx_word' id='word_1_157' title='bbox 266 1659 322 1695; x_wconf 87' lang='grc' dir='ltr'><strong>κ.</strong></span> <span class='ocrx_word' id='word_1_158' title='bbox 356 1658 405 1695; x_wconf 89' lang='grc' dir='ltr'><strong>τ.</strong></span> <span class='ocrx_word' id='word_1_159' title='bbox 428 1640 477 1694; x_wconf 88' lang='grc' dir='ltr'><strong>λ.</strong></span> <span class='ocrx_word' id='word_1_160' title='bbox 509 1639 673 1693; x_wconf 82' lang='grc' dir='ltr'>Οὕτω</span> <span class='ocrx_word' id='word_1_161' title='bbox 704 1641 802 1694; x_wconf 77' lang='grc' dir='ltr'>καὶ</span> <span class='ocrx_word' id='word_1_162' title='bbox 829 1639 1000 1710; x_wconf 83' lang='grc' dir='ltr'>ὑμεῖς</span> <span class='ocrx_word' id='word_1_163' title='bbox 1030 1640 1178 1695; x_wconf 84' lang='grc' dir='ltr'>ὅταν</span> <span class='ocrx_word' id='word_1_164' title='bbox 1212 1641 1377 1709; x_wconf 63' lang='lat' dir='ltr'><strong>tanta</strong></span> <span class='ocrx_word' id='word_1_165' title='bbox 1410 1639 1599 1695; x_wconf 85' lang='grc' dir='ltr'>ταῦτα</span> <span class='ocrx_word' id='word_1_166' title='bbox 1626 1642 1782 1711; x_wconf 80' lang='grc' dir='ltr'>γινό-</span> 
     </span>
     <span class='ocr_line' id='line_1_25' title="bbox 262 1710 652 1782; baseline -0.003 -16"><span class='ocrx_word' id='word_1_167' title='bbox 262 1727 438 1782; x_wconf 76' lang='grc' dir='ltr'>μενα,</span> <span class='ocrx_word' id='word_1_168' title='bbox 462 1728 516 1767; x_wconf 86' lang='grc' dir='ltr'><strong>κ.</strong></span> <span class='ocrx_word' id='word_1_169' title='bbox 535 1728 585 1764; x_wconf 91' lang='grc' dir='ltr'><strong>τ.</strong></span> <span class='ocrx_word' id='word_1_170' title='bbox 602 1710 652 1765; x_wconf 89' lang='grc' dir='ltr'><strong>λ.</strong></span> 
     </span>
    </p>
   </div>
   <div class='ocr_carea' id='block_1_25' title="bbox 266 1799 1789 1873">
    <p class='ocr_par' dir='ltr' id='par_1_25' title="bbox 266 1799 1789 1873">
     <span class='ocr_line' id='line_1_26' title="bbox 266 1799 1789 1873; baseline -0.001 -17"><span class='ocrx_word' id='word_1_171' title='bbox 266 1802 407 1856; x_wconf 81' lang='grc' dir='ltr'>Ποῖα</span> <span class='ocrx_word' id='word_1_172' title='bbox 434 1800 607 1855; x_wconf 81' lang='grc' dir='ltr'>ταῦτα</span> <span class='ocrx_word' id='word_1_173' title='bbox 638 1800 900 1872; x_wconf 86' lang='grc' dir='ltr'>γινόμενα</span> <span class='ocrx_word' id='word_1_174' title='bbox 932 1799 1048 1853; x_wconf 81' lang='grc' dir='ltr'>ἀλλ’</span> <span class='ocrx_word' id='word_1_175' title='bbox 1080 1801 1113 1873; x_wconf 80' lang='grc' dir='ltr'>ἢ</span> <span class='ocrx_word' id='word_1_176' title='bbox 1146 1801 1215 1855; x_wconf 86' lang='grc' dir='ltr'><strong>τὰ</strong></span> <span class='ocrx_word' id='word_1_177' title='bbox 1239 1800 1649 1873; x_wconf 77' lang='grc' dir='ltr'>προλεγόμενας</span> <span class='ocrx_word' id='word_1_178' title='bbox 1688 1802 1789 1855; x_wconf 84' lang='grc' dir='ltr'><strong>Ἰε-</strong></span> 
     </span>
    </p>
   </div>
   <div class='ocr_carea' id='block_1_26' title="bbox 1961 1569 3405 1643">
    <p class='ocr_par' dir='ltr' id='par_1_26' title="bbox 1961 1569 3405 1643">
     <span class='ocr_line' id='line_1_27' title="bbox 1961 1569 3405 1643; baseline 0.005 -21"><span class='ocrx_word' id='word_1_179' title='bbox 1961 1572 2006 1602; x_wconf 85' lang='lat'>&#39;”</span> <span class='ocrx_word' id='word_1_180' title='bbox 2033 1569 2280 1643; x_wconf 45' lang='lat' dir='ltr'><strong>Dicitque</strong></span> <span class='ocrx_word' id='word_1_181' title='bbox 2301 1573 2377 1625; x_wconf 81' lang='lat' dir='ltr'><strong>eis</strong></span> <span class='ocrx_word' id='word_1_182' title='bbox 2395 1572 2722 1639; x_wconf 86' lang='lat' dir='ltr'><strong>parabolam.</strong></span> <span class='ocrx_word' id='word_1_183' title='bbox 2752 1571 2939 1628; x_wconf 79' lang='lat' dir='ltr'><strong>Videte</strong></span> <span class='ocrx_word' id='word_1_184' title='bbox 2962 1574 3266 1643; x_wconf 78' lang='lat' dir='ltr'><strong>ﬁculneam,</strong></span> <span class='ocrx_word' id='word_1_185' title='bbox 3296 1584 3405 1632; x_wconf 92' lang='lat' dir='ltr'><strong>etc.</strong></span> 
     </span>
    </p>
   </div>
   <div class='ocr_carea' id='block_1_27' title="bbox 2106 1637 3236 1713">
    <p class='ocr_par' dir='ltr' id='par_1_27' title="bbox 2106 1637 3236 1713">
     <span class='ocr_line' id='line_1_28' title="bbox 2106 1637 3236 1713; baseline 0.004 -18"><span class='ocrx_word' id='word_1_186' title='bbox 2106 1637 2203 1695; x_wconf 78' lang='grc' dir='ltr'>Ιια</span> <span class='ocrx_word' id='word_1_187' title='bbox 2229 1650 2277 1695; x_wconf 86' lang='lat' dir='ltr'><strong>et</strong></span> <span class='ocrx_word' id='word_1_188' title='bbox 2309 1637 2403 1697; x_wconf 74' lang='lat' dir='ltr'><strong>m</strong></span> <span class='ocrx_word' id='word_1_189' title='bbox 2422 1657 2541 1695; x_wconf 85' lang='lat' dir='ltr'><strong>cum</strong></span> <span class='ocrx_word' id='word_1_190' title='bbox 2574 1644 2805 1698; x_wconf 70' lang='lat' dir='ltr'><strong>videritis</strong></span> <span class='ocrx_word' id='word_1_191' title='bbox 2830 1645 2942 1698; x_wconf 68' lang='lat' dir='ltr'><strong>hinc</strong></span> <span class='ocrx_word' id='word_1_192' title='bbox 2963 1637 3107 1713; x_wconf 69' lang='lat' dir='ltr'><strong>ﬁeri,</strong></span> <span class='ocrx_word' id='word_1_193' title='bbox 3131 1653 3236 1700; x_wconf 86' lang='lat' dir='ltr'><strong>etc.</strong></span> 
     </span>
    </p>
   </div>
   <div class='ocr_carea' id='block_1_28' title="bbox 1968 1798 3482 1872">
    <p class='ocr_par' dir='ltr' id='par_1_28' title="bbox 1968 1798 3482 1872">
     <span class='ocr_line' id='line_1_29' title="bbox 1968 1798 3482 1872; baseline 0.003 -18"><span class='ocrx_word' id='word_1_194' title='bbox 1968 1798 2227 1867; x_wconf 64' lang='lat' dir='ltr'><strong>Quaenam</strong></span> <span class='ocrx_word' id='word_1_195' title='bbox 2290 1814 2419 1855; x_wconf 87' lang='lat' dir='ltr'><strong>vero</strong></span> <span class='ocrx_word' id='word_1_196' title='bbox 2475 1798 2615 1854; x_wconf 80' lang='lat' dir='ltr'><strong>facta</strong></span> <span class='ocrx_word' id='word_1_197' title='bbox 2670 1798 2956 1869; x_wconf 79' lang='lat' dir='ltr'><strong>intelligit?</strong></span> <span class='ocrx_word' id='word_1_198' title='bbox 3000 1800 3376 1872; x_wconf 83' lang='lat' dir='ltr'><strong>Hierosolyma</strong></span> <span class='ocrx_word' id='word_1_199' title='bbox 3412 1802 3482 1858; x_wconf 92' lang='lat' dir='ltr'><strong>ab</strong></span> 
     </span>
    </p>
   </div>
   <div class='ocr_carea' id='block_1_29' title="bbox 196 1888 1802 1967">
    <p class='ocr_par' dir='ltr' id='par_1_29' title="bbox 196 1892 1789 1967">
     <span class='ocr_line' id='line_1_30' title="bbox 196 1892 1789 1967; baseline -0.002 -19"><span class='ocrx_word' id='word_1_200' title='bbox 196 1892 481 1967; x_wconf 78' lang='grc' dir='ltr'>ρουσαλὴμ</span> <span class='ocrx_word' id='word_1_201' title='bbox 505 1892 855 1963; x_wconf 83' lang='grc' dir='ltr'>πατουμένην</span> <span class='ocrx_word' id='word_1_202' title='bbox 898 1893 1004 1946; x_wconf 80' lang='grc' dir='ltr'><strong>ὑπὸ</strong></span> <span class='ocrx_word' id='word_1_203' title='bbox 1045 1892 1237 1957; x_wconf 78' lang='grc' dir='ltr'>ἐθνῶν,</span> <span class='ocrx_word' id='word_1_204' title='bbox 1263 1893 1361 1964; x_wconf 81' lang='grc' dir='ltr'>τὴν</span> <span class='ocrx_word' id='word_1_205' title='bbox 1396 1893 1789 1964; x_wconf 82' lang='grc' dir='ltr'>συμπλήρωσιν</span> 
     </span>
    </p>
   </div>
   <div class='ocr_carea' id='block_1_30' title="bbox 1905 1888 3479 1967">
    <p class='ocr_par' dir='ltr' id='par_1_30' title="bbox 1905 1888 3479 1961">
     <span class='ocr_line' id='line_1_31' title="bbox 1905 1888 3479 1961; baseline 0.001 -17"><span class='ocrx_word' id='word_1_206' title='bbox 1905 1889 2125 1944; x_wconf 68' lang='lat' dir='ltr'><strong>ethnicis</strong></span> <span class='ocrx_word' id='word_1_207' title='bbox 2180 1888 2532 1953; x_wconf 89' lang='lat' dir='ltr'><strong>conculcata,</strong></span> <span class='ocrx_word' id='word_1_208' title='bbox 2591 1898 2838 1958; x_wconf 89' lang='lat' dir='ltr'><strong>tempora</strong></span> <span class='ocrx_word' id='word_1_209' title='bbox 2891 1891 3133 1961; x_wconf 89' lang='lat' dir='ltr'><strong>gentium</strong></span> <span class='ocrx_word' id='word_1_210' title='bbox 3183 1891 3479 1961; x_wconf 88' lang='lat' dir='ltr'><strong>completa,</strong></span> 
     </span>
    </p>
   </div>
   <div class='ocr_carea' id='block_1_31' title="bbox 190 1982 1787 2057">
    <p class='ocr_par' dir='ltr' id='par_1_31' title="bbox 190 1982 1787 2057">
     <span class='ocr_line' id='line_1_32' title="bbox 190 1982 1787 2057; baseline -0.003 -18"><span class='ocrx_word' id='word_1_211' title='bbox 190 1985 304 2040; x_wconf 87' lang='grc' dir='ltr'><strong>τῶν</strong></span> <span class='ocrx_word' id='word_1_212' title='bbox 334 1984 543 2057; x_wconf 81' lang='grc' dir='ltr'>καιρῶν</span> <span class='ocrx_word' id='word_1_213' title='bbox 574 1982 682 2037; x_wconf 88' lang='grc' dir='ltr'><strong>τῶν</strong></span> <span class='ocrx_word' id='word_1_214' title='bbox 715 1983 904 2049; x_wconf 81' lang='grc' dir='ltr'>ἐθνῶν,</span> <span class='ocrx_word' id='word_1_215' title='bbox 957 1986 1085 2047; x_wconf 77' lang='grc' dir='ltr'>τοὺς</span> <span class='ocrx_word' id='word_1_216' title='bbox 1127 1984 1227 2055; x_wconf 84' lang='grc' dir='ltr'><strong>τῆς</strong></span> <span class='ocrx_word' id='word_1_217' title='bbox 1268 1984 1604 2045; x_wconf 80' lang='grc' dir='ltr'>ἀποστασίας</span> <span class='ocrx_word' id='word_1_218' title='bbox 1662 1984 1787 2054; x_wconf 85' lang='grc' dir='ltr'>χρό-</span> 
     </span>
    </p>
   </div>
   <div class='ocr_carea' id='block_1_32' title="bbox 193 2074 1786 2147">
    <p class='ocr_par' dir='ltr' id='par_1_32' title="bbox 193 2074 1786 2147">
     <span class='ocr_line' id='line_1_33' title="bbox 193 2074 1786 2147; baseline -0.002 -16"><span class='ocrx_word' id='word_1_219' title='bbox 193 2093 344 2140; x_wconf 87' lang='grc' dir='ltr'>νους,</span> <span class='ocrx_word' id='word_1_220' title='bbox 384 2076 452 2129; x_wconf 81' lang='grc' dir='ltr'>τὰ</span> <span class='ocrx_word' id='word_1_221' title='bbox 483 2077 541 2130; x_wconf 82' lang='grc' dir='ltr'>ὲν</span> <span class='ocrx_word' id='word_1_222' title='bbox 570 2077 682 2140; x_wconf 82' lang='grc' dir='ltr'>τοῖς</span> <span class='ocrx_word' id='word_1_223' title='bbox 724 2074 1009 2147; x_wconf 83' lang='grc' dir='ltr'>φωστῆρσι</span> <span class='ocrx_word' id='word_1_224' title='bbox 1045 2075 1137 2128; x_wconf 83' lang='grc' dir='ltr'><strong>καί</strong></span> <span class='ocrx_word' id='word_1_225' title='bbox 1176 2078 1287 2139; x_wconf 87' lang='grc' dir='ltr'>τοῖς</span> <span class='ocrx_word' id='word_1_226' title='bbox 1313 2076 1534 2145; x_wconf 81' lang='grc' dir='ltr'>ἄστροις</span> <span class='ocrx_word' id='word_1_227' title='bbox 1563 2077 1786 2144; x_wconf 88' lang='grc' dir='ltr'>σημεῖα,</span> 
     </span>
    </p>
   </div>
   <div class='ocr_carea' id='block_1_33' title="bbox 192 2158 1789 2239">
    <p class='ocr_par' dir='ltr' id='par_1_33' title="bbox 192 2158 1789 2239">
     <span class='ocr_line' id='line_1_34' title="bbox 192 2158 1789 2239; baseline -0.003 -18"><span class='ocrx_word' id='word_1_228' title='bbox 192 2168 297 2239; x_wconf 79' lang='grc' dir='ltr'><strong>τὴν</strong></span> <span class='ocrx_word' id='word_1_229' title='bbox 346 2166 439 2219; x_wconf 74' lang='grc' dir='ltr'><strong>ἐπὶ</strong></span> <span class='ocrx_word' id='word_1_230' title='bbox 481 2168 586 2238; x_wconf 83' lang='grc' dir='ltr'>γῆς</span> <span class='ocrx_word' id='word_1_231' title='bbox 631 2165 862 2237; x_wconf 80' lang='grc' dir='ltr'>συνοχὴν</span> <span class='ocrx_word' id='word_1_232' title='bbox 906 2164 1014 2219; x_wconf 90' lang='grc' dir='ltr'><strong>τῶν</strong></span> <span class='ocrx_word' id='word_1_233' title='bbox 1045 2166 1237 2231; x_wconf 78' lang='grc' dir='ltr'>ἐθνῶν,</span> <span class='ocrx_word' id='word_1_234' title='bbox 1273 2167 1372 2236; x_wconf 82' lang='grc' dir='ltr'>τὴν</span> <span class='ocrx_word' id='word_1_235' title='bbox 1405 2158 1647 2235; x_wconf 68' lang='grc' dir='ltr'>ἔκλειψιν</span> <span class='ocrx_word' id='word_1_236' title='bbox 1694 2165 1789 2219; x_wconf 80' lang='grc' dir='ltr'>καὶ</span> 
     </span>
    </p>
   </div>
   <div class='ocr_carea' id='block_1_34' title="bbox 195 2256 1787 2334">
    <p class='ocr_par' dir='ltr' id='par_1_34' title="bbox 195 2256 1787 2334">
     <span class='ocr_line' id='line_1_35' title="bbox 195 2256 1787 2334; baseline -0.004 -19"><span class='ocrx_word' id='word_1_237' title='bbox 195 2260 434 2331; x_wconf 77' lang='grc' dir='ltr'>ἀπορίαν</span> <span class='ocrx_word' id='word_1_238' title='bbox 480 2258 575 2313; x_wconf 81' lang='grc' dir='ltr'><strong>τοῦ</strong></span> <span class='ocrx_word' id='word_1_239' title='bbox 615 2259 747 2334; x_wconf 72' lang='grc' dir='ltr'>ηχου</span> <span class='ocrx_word' id='word_1_240' title='bbox 779 2258 873 2312; x_wconf 84' lang='grc' dir='ltr'>τοῦ</span> <span class='ocrx_word' id='word_1_241' title='bbox 906 2259 1071 2312; x_wconf 81' lang='grc' dir='ltr'>σάλου</span> <span class='ocrx_word' id='word_1_242' title='bbox 1117 2259 1217 2329; x_wconf 83' lang='grc' dir='ltr'>τῆς</span> <span class='ocrx_word' id='word_1_243' title='bbox 1248 2257 1546 2326; x_wconf 83' lang='grc' dir='ltr'>θαλάσσης.</span> <span class='ocrx_word' id='word_1_244' title='bbox 1580 2256 1787 2321; x_wconf 81' lang='grc' dir='ltr'>Ταῦτα,</span> 
     </span>
    </p>
   </div>
   <div class='ocr_carea' id='block_1_35' title="bbox 194 2347 1790 2422">
    <p class='ocr_par' dir='ltr' id='par_1_35' title="bbox 194 2347 1790 2422">
     <span class='ocr_line' id='line_1_36' title="bbox 194 2347 1790 2422; baseline -0.004 -16"><span class='ocrx_word' id='word_1_245' title='bbox 194 2348 385 2422; x_wconf 79' lang='grc' dir='ltr'>φησὶν,</span> <span class='ocrx_word' id='word_1_246' title='bbox 438 2350 652 2405; x_wconf 75' lang='grc' dir='ltr'>ἅπαντα</span> <span class='ocrx_word' id='word_1_247' title='bbox 687 2351 815 2403; x_wconf 84' lang='grc' dir='ltr'>ὅταν</span> <span class='ocrx_word' id='word_1_248' title='bbox 855 2350 1007 2419; x_wconf 77' lang='grc' dir='ltr'>ἴδητε</span> <span class='ocrx_word' id='word_1_249' title='bbox 1052 2350 1335 2419; x_wconf 87' lang='grc' dir='ltr'>γινόμενα,</span> <span class='ocrx_word' id='word_1_250' title='bbox 1376 2347 1674 2417; x_wconf 81' lang='grc' dir='ltr'>γινώσκετε</span> <span class='ocrx_word' id='word_1_251' title='bbox 1707 2348 1790 2401; x_wconf 79' lang='grc' dir='ltr'>ὅτι</span> 
     </span>
    </p>
   </div>
   <div class='ocr_carea' id='block_1_36' title="bbox 192 2435 1791 2514">
    <p class='ocr_par' dir='ltr' id='par_1_36' title="bbox 192 2435 1791 2514">
     <span class='ocr_line' id='line_1_37' title="bbox 192 2435 1791 2514; baseline -0.004 -17"><span class='ocrx_word' id='word_1_252' title='bbox 192 2444 293 2497; x_wconf 74' lang='grc' dir='ltr'><strong>ἐπὶ</strong></span> <span class='ocrx_word' id='word_1_253' title='bbox 341 2442 534 2514; x_wconf 86' lang='grc' dir='ltr'>θύραις</span> <span class='ocrx_word' id='word_1_254' title='bbox 579 2442 727 2496; x_wconf 72' lang='grc' dir='ltr'>ἐστὶν</span> <span class='ocrx_word' id='word_1_255' title='bbox 760 2443 794 2514; x_wconf 79' lang='grc' dir='ltr'>ἡ</span> <span class='ocrx_word' id='word_1_256' title='bbox 827 2440 1074 2513; x_wconf 90' lang='grc' dir='ltr'>βασιλεία</span> <span class='ocrx_word' id='word_1_257' title='bbox 1117 2440 1213 2494; x_wconf 82' lang='grc' dir='ltr'>τοῦ</span> <span class='ocrx_word' id='word_1_258' title='bbox 1248 2440 1408 2505; x_wconf 84' lang='grc' dir='ltr'>Θεοῦ,</span> <span class='ocrx_word' id='word_1_259' title='bbox 1461 2439 1624 2510; x_wconf 81' lang='grc' dir='ltr'>ἑτέρα</span> <span class='ocrx_word' id='word_1_260' title='bbox 1657 2435 1791 2492; x_wconf 79' lang='grc' dir='ltr'>οὖσα</span> 
     </span>
    </p>
   </div>
   <div class='ocr_carea' id='block_1_37' title="bbox 196 2527 1792 2607">
    <p class='ocr_par' dir='ltr' id='par_1_37' title="bbox 196 2527 1792 2607">
     <span class='ocr_line' id='line_1_38' title="bbox 196 2527 1792 2607; baseline -0.003 -19"><span class='ocrx_word' id='word_1_261' title='bbox 196 2534 353 2607; x_wconf 78' lang='grc' dir='ltr'>παρὰ</span> <span class='ocrx_word' id='word_1_262' title='bbox 390 2534 461 2587; x_wconf 82' lang='grc' dir='ltr'><strong>τὰ</strong></span> <span class='ocrx_word' id='word_1_263' title='bbox 486 2532 871 2606; x_wconf 74' lang='grc' dir='ltr'>προλεχθέντα.</span> <span class='ocrx_word' id='word_1_264' title='bbox 908 2532 990 2587; x_wconf 82' lang='grc' dir='ltr'><strong>Τὰ</strong></span> <span class='ocrx_word' id='word_1_265' title='bbox 1026 2533 1125 2604; x_wconf 82' lang='grc' dir='ltr'>μὲν</span> <span class='ocrx_word' id='word_1_266' title='bbox 1152 2533 1263 2604; x_wconf 85' lang='grc' dir='ltr'><strong>γὰρ</strong></span> <span class='ocrx_word' id='word_1_267' title='bbox 1296 2531 1556 2603; x_wconf 85' lang='grc' dir='ltr'>προοίμια</span> <span class='ocrx_word' id='word_1_268' title='bbox 1593 2527 1661 2602; x_wconf 80' lang='grc' dir='ltr'>ἦν</span> <span class='ocrx_word' id='word_1_269' title='bbox 1698 2531 1792 2585; x_wconf 76' lang='grc' dir='ltr'>καὶ</span> 
     </span>
    </p>
   </div>
   <div class='ocr_carea' id='block_1_38' title="bbox 199 2614 1793 2698">
    <p class='ocr_par' dir='ltr' id='par_1_38' title="bbox 199 2614 1793 2698">
     <span class='ocr_line' id='line_1_39' title="bbox 199 2614 1793 2698; baseline -0.003 -19"><span class='ocrx_word' id='word_1_270' title='bbox 199 2626 502 2698; x_wconf 80' lang='grc' dir='ltr'>μελλόντων</span> <span class='ocrx_word' id='word_1_271' title='bbox 532 2624 751 2695; x_wconf 79' lang='grc' dir='ltr'>ἀγαθῶν</span> <span class='ocrx_word' id='word_1_272' title='bbox 780 2614 1003 2696; x_wconf 88' lang='grc' dir='ltr'>σημεῖα,</span> <span class='ocrx_word' id='word_1_273' title='bbox 1026 2625 1103 2689; x_wconf 84' lang='grc' dir='ltr'><strong>ὡς</strong></span> <span class='ocrx_word' id='word_1_274' title='bbox 1126 2625 1220 2677; x_wconf 74' lang='grc' dir='ltr'>καὶ</span> <span class='ocrx_word' id='word_1_275' title='bbox 1251 2625 1301 2676; x_wconf 82' lang='grc' dir='ltr'>οἱ</span> <span class='ocrx_word' id='word_1_276' title='bbox 1318 2628 1417 2695; x_wconf 84' lang='grc' dir='ltr'>τῆς</span> <span class='ocrx_word' id='word_1_277' title='bbox 1446 2622 1620 2693; x_wconf 82' lang='grc' dir='ltr'>συκῆς</span> <span class='ocrx_word' id='word_1_278' title='bbox 1649 2624 1793 2676; x_wconf 83' lang='grc' dir='ltr'>ἁπα-</span> 
     </span>
    </p>
   </div>
   <div class='ocr_carea' id='block_1_39' title="bbox 195 2713 1793 2788">
    <p class='ocr_par' dir='ltr' id='par_1_39' title="bbox 195 2713 1793 2788">
     <span class='ocr_line' id='line_1_40' title="bbox 195 2713 1793 2788; baseline -0.004 -17"><span class='ocrx_word' id='word_1_279' title='bbox 195 2718 283 2771; x_wconf 59' lang='grc' dir='ltr'><strong>λον⁵</strong></span> <span class='ocrx_word' id='word_1_280' title='bbox 307 2717 494 2771; x_wconf 85' lang='grc' dir='ltr'>κλάδοι</span> <span class='ocrx_word' id='word_1_281' title='bbox 515 2718 610 2771; x_wconf 76' lang='grc' dir='ltr'>καὶ</span> <span class='ocrx_word' id='word_1_282' title='bbox 640 2716 708 2770; x_wconf 90' lang='grc' dir='ltr'>τὰ</span> <span class='ocrx_word' id='word_1_283' title='bbox 737 2716 911 2786; x_wconf 85' lang='grc' dir='ltr'>φύλλα</span> <span class='ocrx_word' id='word_1_284' title='bbox 942 2718 1142 2788; x_wconf 88' lang='grc' dir='ltr'>σημεῖα</span> <span class='ocrx_word' id='word_1_285' title='bbox 1165 2715 1258 2769; x_wconf 82' lang='grc' dir='ltr'>τοῦ</span> <span class='ocrx_word' id='word_1_286' title='bbox 1289 2715 1574 2786; x_wconf 83' lang='grc' dir='ltr'>μέλλοντος</span> <span class='ocrx_word' id='word_1_287' title='bbox 1598 2713 1793 2785; x_wconf 83' lang='grc' dir='ltr'>θέρους</span> 
     </span>
    </p>
   </div>
   <div class='ocr_carea' id='block_1_40' title="bbox 195 2808 1792 2881">
    <p class='ocr_par' dir='ltr' id='par_1_40' title="bbox 195 2808 1792 2881">
     <span class='ocr_line' id='line_1_41' title="bbox 195 2808 1792 2881; baseline -0.003 -18"><span class='ocrx_word' id='word_1_288' title='bbox 195 2812 299 2881; x_wconf 84' lang='grc' dir='ltr'>τῆς</span> <span class='ocrx_word' id='word_1_289' title='bbox 323 2827 383 2863; x_wconf 90' lang='grc' dir='ltr'><strong>τε</strong></span> <span class='ocrx_word' id='word_1_290' title='bbox 418 2809 527 2863; x_wconf 87' lang='grc' dir='ltr'><strong>τῶν</strong></span> <span class='ocrx_word' id='word_1_291' title='bbox 566 2809 770 2863; x_wconf 86' lang='grc' dir='ltr'>λοιπῶν</span> <span class='ocrx_word' id='word_1_292' title='bbox 801 2809 982 2877; x_wconf 88' lang='grc' dir='ltr'>φυτῶν</span> <span class='ocrx_word' id='word_1_293' title='bbox 1015 2808 1112 2861; x_wconf 78' lang='grc' dir='ltr'>καὶ</span> <span class='ocrx_word' id='word_1_294' title='bbox 1145 2808 1476 2880; x_wconf 84' lang='grc' dir='ltr'>σπερμάτων</span> <span class='ocrx_word' id='word_1_295' title='bbox 1510 2822 1792 2877; x_wconf 81' lang='grc' dir='ltr'>καρποφο-</span> 
     </span>
    </p>
   </div>
   <div class='ocr_carea' id='block_1_41' title="bbox 203 2899 1795 2975">
    <p class='ocr_par' dir='ltr' id='par_1_41' title="bbox 203 2899 1795 2975">
     <span class='ocr_line' id='line_1_42' title="bbox 203 2899 1795 2975; baseline -0.003 -21"><span class='ocrx_word' id='word_1_296' title='bbox 203 2902 329 2975; x_wconf 89' lang='grc' dir='ltr'>ρίας</span> <span class='ocrx_word' id='word_1_297' title='bbox 347 2918 360 2932; x_wconf 89' lang='grc'><strong>·</strong></span> <span class='ocrx_word' id='word_1_298' title='bbox 401 2901 471 2956; x_wconf 80' lang='grc' dir='ltr'><strong>τὰ</strong></span> <span class='ocrx_word' id='word_1_299' title='bbox 500 2901 557 2954; x_wconf 82' lang='grc' dir='ltr'>δὲ</span> <span class='ocrx_word' id='word_1_300' title='bbox 576 2900 670 2954; x_wconf 79' lang='grc' dir='ltr'>τοῦ</span> <span class='ocrx_word' id='word_1_301' title='bbox 705 2900 988 2971; x_wconf 90' lang='grc' dir='ltr'>μέλλοντος</span> <span class='ocrx_word' id='word_1_302' title='bbox 1010 2899 1226 2969; x_wconf 74' lang='grc' dir='ltr'>καὶτῆς</span> <span class='ocrx_word' id='word_1_303' title='bbox 1260 2901 1318 2952; x_wconf 81' lang='grc' dir='ltr'>ἐν</span> <span class='ocrx_word' id='word_1_304' title='bbox 1350 2899 1499 2970; x_wconf 81' lang='grc' dir='ltr'>αὐτῷ</span> <span class='ocrx_word' id='word_1_305' title='bbox 1532 2915 1795 2969; x_wconf 86' lang='grc' dir='ltr'>συστησο-</span> 
     </span>
    </p>
   </div>
   <div class='ocr_carea' id='block_1_42' title="bbox 203 2990 1794 3065">
    <p class='ocr_par' dir='ltr' id='par_1_42' title="bbox 203 2990 1794 3065">
     <span class='ocr_line' id='line_1_43' title="bbox 203 2990 1794 3065; baseline -0.001 -20"><span class='ocrx_word' id='word_1_306' title='bbox 203 2993 378 3065; x_wconf 86' lang='grc' dir='ltr'>μένης</span> <span class='ocrx_word' id='word_1_307' title='bbox 433 2992 709 3063; x_wconf 86' lang='grc' dir='ltr'>βασιλείας</span> <span class='ocrx_word' id='word_1_308' title='bbox 749 2991 993 3063; x_wconf 81' lang='grc' dir='ltr'>οὐρανῶν</span> <span class='ocrx_word' id='word_1_309' title='bbox 1042 2990 1303 3063; x_wconf 91' lang='grc' dir='ltr'>προοίμια</span> <span class='ocrx_word' id='word_1_310' title='bbox 1349 2992 1442 3044; x_wconf 79' lang='grc' dir='ltr'>καὶ</span> <span class='ocrx_word' id='word_1_311' title='bbox 1480 2994 1681 3061; x_wconf 81' lang='grc' dir='ltr'>σημεῖα</span> <span class='ocrx_word' id='word_1_312' title='bbox 1725 2992 1794 3044; x_wconf 84' lang='grc' dir='ltr'>τὰ</span> 
     </span>
    </p>
   </div>
   <div class='ocr_carea' id='block_1_43' title="bbox 202 3078 1791 3154">
    <p class='ocr_par' dir='ltr' id='par_1_43' title="bbox 202 3078 1791 3154">
     <span class='ocr_line' id='line_1_44' title="bbox 202 3078 1791 3154; baseline -0.001 -18"><span class='ocrx_word' id='word_1_313' title='bbox 202 3080 572 3154; x_wconf 84' lang='grc' dir='ltr'>προλεχθέντα</span> <span class='ocrx_word' id='word_1_314' title='bbox 602 3078 692 3154; x_wconf 80' lang='grc' dir='ltr'>ἦν.</span> <span class='ocrx_word' id='word_1_315' title='bbox 723 3082 873 3152; x_wconf 79' lang='grc' dir='ltr'>Αὕτη</span> <span class='ocrx_word' id='word_1_316' title='bbox 901 3082 959 3135; x_wconf 83' lang='grc' dir='ltr'>δὲ</span> <span class='ocrx_word' id='word_1_317' title='bbox 992 3084 1025 3152; x_wconf 82' lang='grc' dir='ltr'>ἡ</span> <span class='ocrx_word' id='word_1_318' title='bbox 1055 3081 1299 3151; x_wconf 85' lang='grc' dir='ltr'>βασιλεία</span> <span class='ocrx_word' id='word_1_319' title='bbox 1338 3081 1431 3134; x_wconf 80' lang='grc' dir='ltr'>καὶ</span> <span class='ocrx_word' id='word_1_320' title='bbox 1462 3082 1532 3135; x_wconf 85' lang='grc' dir='ltr'><strong>τὰ</strong></span> <span class='ocrx_word' id='word_1_321' title='bbox 1561 3084 1619 3135; x_wconf 81' lang='grc' dir='ltr'>ὲν</span> <span class='ocrx_word' id='word_1_322' title='bbox 1654 3083 1791 3154; x_wconf 76' lang='grc' dir='ltr'>αὐτῇ</span> 
     </span>
    </p>
   </div>
   <div class='ocr_carea' id='block_1_44' title="bbox 201 3172 1788 3245">
    <p class='ocr_par' dir='ltr' id='par_1_44' title="bbox 201 3172 1788 3245">
     <span class='ocr_line' id='line_1_45' title="bbox 201 3172 1788 3245; baseline -0.001 -18"><span class='ocrx_word' id='word_1_323' title='bbox 201 3173 389 3228; x_wconf 82' lang='grc' dir='ltr'>οὐκέτι</span> <span class='ocrx_word' id='word_1_324' title='bbox 427 3174 571 3245; x_wconf 85' lang='grc' dir='ltr'>λόγῳ</span> <span class='ocrx_word' id='word_1_325' title='bbox 602 3174 933 3245; x_wconf 83' lang='grc' dir='ltr'>παραδοτέα,</span> <span class='ocrx_word' id='word_1_326' title='bbox 968 3174 1091 3226; x_wconf 86' lang='grc' dir='ltr'>οὐδὲ</span> <span class='ocrx_word' id='word_1_327' title='bbox 1120 3173 1331 3244; x_wconf 88' lang='grc' dir='ltr'>θνητῶν</span> <span class='ocrx_word' id='word_1_328' title='bbox 1356 3175 1546 3237; x_wconf 83' lang='grc' dir='ltr'>ἀκοαῖς</span> <span class='ocrx_word' id='word_1_329' title='bbox 1575 3172 1788 3226; x_wconf 85' lang='grc' dir='ltr'>λεκτέα.</span> 
     </span>
    </p>
   </div>
   <div class='ocr_carea' id='block_1_45' title="bbox 203 3264 1797 3337">
    <p class='ocr_par' dir='ltr' id='par_1_45' title="bbox 203 3264 1797 3337">
     <span class='ocr_line' id='line_1_46' title="bbox 203 3264 1797 3337; baseline 0.001 -19"><span class='ocrx_word' id='word_1_330' title='bbox 203 3265 411 3337; x_wconf 83' lang='grc' dir='ltr'>Διόπερ</span> <span class='ocrx_word' id='word_1_331' title='bbox 449 3266 863 3337; x_wconf 85' lang='grc' dir='ltr'>άποσιωπητέον</span> <span class='ocrx_word' id='word_1_332' title='bbox 894 3264 1089 3319; x_wconf 77' lang='grc' dir='ltr'>ταῦτα.</span> <span class='ocrx_word' id='word_1_333' title='bbox 1155 3266 1492 3335; x_wconf 76' lang='grc' dir='ltr'>Ὀφθαλμὸς</span> <span class='ocrx_word' id='word_1_334' title='bbox 1536 3266 1647 3335; x_wconf 78' lang='grc' dir='ltr'>γὰρ</span> <span class='ocrx_word' id='word_1_335' title='bbox 1686 3268 1797 3320; x_wconf 86' lang='grc' dir='ltr'>οὐκ</span> 
     </span>
    </p>
   </div>
   <div class='ocr_carea' id='block_1_46' title="bbox 204 3353 1799 3427">
    <p class='ocr_par' dir='ltr' id='par_1_46' title="bbox 204 3353 1799 3427">
     <span class='ocr_line' id='line_1_47' title="bbox 204 3353 1799 3427; baseline -0.001 -15"><span class='ocrx_word' id='word_1_336' title='bbox 204 3353 351 3425; x_wconf 78' lang='grc' dir='ltr'>εἶδε,</span> <span class='ocrx_word' id='word_1_337' title='bbox 374 3356 473 3411; x_wconf 75' lang='grc' dir='ltr'><strong>καί</strong></span> <span class='ocrx_word' id='word_1_338' title='bbox 498 3354 609 3423; x_wconf 86' lang='grc' dir='ltr'>οὖς</span> <span class='ocrx_word' id='word_1_339' title='bbox 634 3360 746 3413; x_wconf 82' lang='grc' dir='ltr'>οὐκ</span> <span class='ocrx_word' id='word_1_340' title='bbox 769 3358 1021 3427; x_wconf 72' lang='grc' dir='ltr'>ἤκουσε,</span> <span class='ocrx_word' id='word_1_341' title='bbox 1046 3357 1145 3411; x_wconf 80' lang='grc' dir='ltr'><strong>καί</strong></span> <span class='ocrx_word' id='word_1_342' title='bbox 1167 3358 1266 3411; x_wconf 78' lang='grc' dir='ltr'><strong>ἐπὶ</strong></span> <span class='ocrx_word' id='word_1_343' title='bbox 1295 3358 1546 3427; x_wconf 80' lang='grc' dir='ltr'>καρδίαν</span> <span class='ocrx_word' id='word_1_344' title='bbox 1573 3357 1799 3427; x_wconf 84' lang='grc' dir='ltr'>ἀνθρώ-</span> 
     </span>
    </p>
   </div>
   <div class='ocr_carea' id='block_1_47' title="bbox 206 3448 1801 3520">
    <p class='ocr_par' dir='ltr' id='par_1_47' title="bbox 206 3448 1801 3520">
     <span class='ocr_line' id='line_1_48' title="bbox 206 3448 1801 3520; baseline 0.001 -17"><span class='ocrx_word' id='word_1_345' title='bbox 206 3466 332 3504; x_wconf 74' lang='grc' dir='ltr'>που</span> <span class='ocrx_word' id='word_1_346' title='bbox 386 3452 497 3504; x_wconf 83' lang='grc' dir='ltr'>οὐκ</span> <span class='ocrx_word' id='word_1_347' title='bbox 545 3450 726 3517; x_wconf 78' lang='grc' dir='ltr'>ἀνέϐη</span> <span class='ocrx_word' id='word_1_348' title='bbox 762 3448 880 3503; x_wconf 83' lang='grc' dir='ltr'>ὅσα</span> <span class='ocrx_word' id='word_1_349' title='bbox 916 3449 1251 3519; x_wconf 73' lang='grc' dir='ltr'>ἡτοίμασεν</span> <span class='ocrx_word' id='word_1_350' title='bbox 1272 3453 1304 3502; x_wconf 82' lang='grc' dir='ltr'><strong>ό</strong></span> <span class='ocrx_word' id='word_1_351' title='bbox 1335 3449 1478 3515; x_wconf 86' lang='grc' dir='ltr'><strong>Θεὸς</strong></span> <span class='ocrx_word' id='word_1_352' title='bbox 1510 3450 1636 3515; x_wconf 85' lang='grc' dir='ltr'>τοῖς</span> <span class='ocrx_word' id='word_1_353' title='bbox 1661 3451 1801 3520; x_wconf 66' lang='grc' dir='ltr'>ἁγνα-</span> 
     </span>
    </p>
   </div>
   <div class='ocr_carea' id='block_1_48' title="bbox 208 3539 1800 3613">
    <p class='ocr_par' dir='ltr' id='par_1_48' title="bbox 208 3539 1800 3613">
     <span class='ocr_line' id='line_1_49' title="bbox 208 3539 1800 3613; baseline -0.001 -18"><span class='ocrx_word' id='word_1_354' title='bbox 208 3539 411 3595; x_wconf 77' lang='grc' dir='ltr'>πῶσιν</span> <span class='ocrx_word' id='word_1_355' title='bbox 449 3544 656 3596; x_wconf 82' lang='grc' dir='ltr'>αὐτόν.</span> <span class='ocrx_word' id='word_1_356' title='bbox 684 3541 830 3613; x_wconf 85' lang='grc' dir='ltr'>Πλὴν</span> <span class='ocrx_word' id='word_1_357' title='bbox 857 3540 1046 3613; x_wconf 83' lang='grc' dir='ltr'>ὥσπερ</span> <span class='ocrx_word' id='word_1_358' title='bbox 1087 3540 1228 3593; x_wconf 85' lang='grc' dir='ltr'>κατά</span> <span class='ocrx_word' id='word_1_359' title='bbox 1260 3540 1350 3593; x_wconf 72' lang='grc' dir='ltr'><strong>τὸν</strong></span> <span class='ocrx_word' id='word_1_360' title='bbox 1386 3541 1655 3593; x_wconf 79' lang='grc' dir='ltr'>ἐνεστῶτα</span> <span class='ocrx_word' id='word_1_361' title='bbox 1688 3540 1800 3608; x_wconf 87' lang='grc' dir='ltr'>βίον</span> 
     </span>
    </p>
   </div>
   <div class='ocr_carea' id='block_1_49' title="bbox 204 3631 1798 3705">
    <p class='ocr_par' dir='ltr' id='par_1_49' title="bbox 204 3631 1798 3705">
     <span class='ocr_line' id='line_1_50' title="bbox 204 3631 1798 3705; baseline -0.003 -19"><span class='ocrx_word' id='word_1_362' title='bbox 204 3632 360 3703; x_wconf 75' lang='grc' dir='ltr'>ἣλιος</span> <span class='ocrx_word' id='word_1_363' title='bbox 382 3632 518 3704; x_wconf 86' lang='grc' dir='ltr'>μετὰ</span> <span class='ocrx_word' id='word_1_364' title='bbox 543 3632 853 3704; x_wconf 85' lang='grc' dir='ltr'>χειμερίους</span> <span class='ocrx_word' id='word_1_365' title='bbox 880 3631 1087 3705; x_wconf 84' lang='grc' dir='ltr'>τροπὰς</span> <span class='ocrx_word' id='word_1_366' title='bbox 1117 3631 1276 3702; x_wconf 80' lang='grc' dir='ltr'>ἔαρος</span> <span class='ocrx_word' id='word_1_367' title='bbox 1306 3631 1657 3700; x_wconf 77' lang='grc' dir='ltr'>ἐνισταμένου</span> <span class='ocrx_word' id='word_1_368' title='bbox 1680 3631 1798 3701; x_wconf 87' lang='grc' dir='ltr'>θερ-</span> 
     </span>
    </p>
   </div>
   <div class='ocr_carea' id='block_1_50' title="bbox 210 3722 1800 3795">
    <p class='ocr_par' dir='ltr' id='par_1_50' title="bbox 210 3722 1800 3795">
     <span class='ocr_line' id='line_1_51' title="bbox 210 3722 1800 3795; baseline -0.001 -19"><span class='ocrx_word' id='word_1_369' title='bbox 210 3724 320 3795; x_wconf 80' lang='grc' dir='ltr'>μὴν</span> <span class='ocrx_word' id='word_1_370' title='bbox 346 3726 540 3777; x_wconf 80' lang='grc' dir='ltr'>ἀκτῖνα</span> <span class='ocrx_word' id='word_1_371' title='bbox 566 3722 795 3794; x_wconf 82' lang='grc' dir='ltr'>βάλλων,</span> <span class='ocrx_word' id='word_1_372' title='bbox 817 3723 885 3776; x_wconf 85' lang='grc' dir='ltr'><strong>τὰ</strong></span> <span class='ocrx_word' id='word_1_373' title='bbox 910 3724 1016 3776; x_wconf 82' lang='grc' dir='ltr'><strong>ὑπὸ</strong></span> <span class='ocrx_word' id='word_1_374' title='bbox 1037 3725 1139 3794; x_wconf 83' lang='grc' dir='ltr'>γῆν</span> <span class='ocrx_word' id='word_1_375' title='bbox 1166 3723 1520 3793; x_wconf 84' lang='grc' dir='ltr'>κρυπτόμενα</span> <span class='ocrx_word' id='word_1_376' title='bbox 1544 3722 1800 3785; x_wconf 78' lang='grc' dir='ltr'>ζωοποιεῖ</span> 
     </span>
    </p>
   </div>
   <div class='ocr_carea' id='block_1_51' title="bbox 210 3811 1799 3883">
    <p class='ocr_par' dir='ltr' id='par_1_51' title="bbox 210 3811 1799 3883">
     <span class='ocr_line' id='line_1_52' title="bbox 210 3811 1799 3883; baseline -0.001 -16"><span class='ocrx_word' id='word_1_377' title='bbox 210 3812 526 3883; x_wconf 86' lang='grc' dir='ltr'>σπέρματα,</span> <span class='ocrx_word' id='word_1_378' title='bbox 552 3811 647 3864; x_wconf 75' lang='grc' dir='ltr'><strong>τοῦ</strong></span> <span class='ocrx_word' id='word_1_379' title='bbox 674 3812 939 3883; x_wconf 80' lang='grc' dir='ltr'>προτέρου</span> <span class='ocrx_word' id='word_1_380' title='bbox 968 3812 1337 3882; x_wconf 77' lang='grc' dir='ltr'>μεταϐαλόντα</span> <span class='ocrx_word' id='word_1_381' title='bbox 1358 3814 1652 3882; x_wconf 85' lang='grc' dir='ltr'>σχήματος,</span> <span class='ocrx_word' id='word_1_382' title='bbox 1679 3829 1799 3866; x_wconf 87' lang='grc' dir='ltr'>νεα-</span> 
     </span>
    </p>
   </div>
   <div class='ocr_carea' id='block_1_52' title="bbox 213 3902 1799 3977">
    <p class='ocr_par' dir='ltr' id='par_1_52' title="bbox 213 3902 1799 3977">
     <span class='ocr_line' id='line_1_53' title="bbox 213 3902 1799 3977; baseline 0 -20"><span class='ocrx_word' id='word_1_383' title='bbox 213 3905 283 3977; x_wconf 77' lang='grc' dir='ltr'><strong>ρὰ</strong></span> <span class='ocrx_word' id='word_1_384' title='bbox 312 3904 368 3956; x_wconf 89' lang='grc' dir='ltr'>δὲ</span> <span class='ocrx_word' id='word_1_385' title='bbox 388 3903 510 3973; x_wconf 83' lang='grc' dir='ltr'>φύει</span> <span class='ocrx_word' id='word_1_386' title='bbox 530 3903 625 3956; x_wconf 76' lang='grc' dir='ltr'>καὶ</span> <span class='ocrx_word' id='word_1_387' title='bbox 642 3902 885 3975; x_wconf 76' lang='grc' dir='ltr'>τέθηλεν,</span> <span class='ocrx_word' id='word_1_388' title='bbox 916 3904 1121 3973; x_wconf 82' lang='grc' dir='ltr'>ὡραίαν</span> <span class='ocrx_word' id='word_1_389' title='bbox 1150 3904 1243 3957; x_wconf 74' lang='grc' dir='ltr'>καὶ</span> <span class='ocrx_word' id='word_1_390' title='bbox 1274 3903 1545 3974; x_wconf 85' lang='grc' dir='ltr'>πολυανθῆ</span> <span class='ocrx_word' id='word_1_391' title='bbox 1572 3905 1669 3975; x_wconf 80' lang='grc' dir='ltr'>τὴν</span> <span class='ocrx_word' id='word_1_392' title='bbox 1690 3904 1799 3957; x_wconf 90' lang='grc' dir='ltr'><strong>τῶν</strong></span> 
     </span>
    </p>
   </div>
   <div class='ocr_carea' id='block_1_53' title="bbox 211 3994 1802 4068">
    <p class='ocr_par' dir='ltr' id='par_1_53' title="bbox 211 3994 1802 4068">
     <span class='ocr_line' id='line_1_54' title="bbox 211 3994 1802 4068; baseline -0.003 -16"><span class='ocrx_word' id='word_1_393' title='bbox 211 3998 341 4068; x_wconf 78' lang='grc' dir='ltr'>ἄρτι</span> <span class='ocrx_word' id='word_1_394' title='bbox 371 3995 615 4065; x_wconf 80' lang='grc' dir='ltr'>φυέντων</span> <span class='ocrx_word' id='word_1_395' title='bbox 646 3995 882 4067; x_wconf 83' lang='grc' dir='ltr'>βλάστην</span> <span class='ocrx_word' id='word_1_396' title='bbox 917 3996 1297 4066; x_wconf 87' lang='grc' dir='ltr'>παρεχόμενα·</span> <span class='ocrx_word' id='word_1_397' title='bbox 1342 3994 1485 4048; x_wconf 83' lang='grc' dir='ltr'>κατὰ</span> <span class='ocrx_word' id='word_1_398' title='bbox 1512 3994 1602 4048; x_wconf 83' lang='grc' dir='ltr'>τὸν</span> <span class='ocrx_word' id='word_1_399' title='bbox 1642 3995 1802 4049; x_wconf 84' lang='grc' dir='ltr'>αὐτὸν</span> 
     </span>
    </p>
   </div>
   <div class='ocr_carea' id='block_1_54' title="bbox 209 4086 1805 4160">
    <p class='ocr_par' dir='ltr' id='par_1_54' title="bbox 209 4086 1805 4160">
     <span class='ocr_line' id='line_1_55' title="bbox 209 4086 1805 4160; baseline -0.002 -18"><span class='ocrx_word' id='word_1_400' title='bbox 209 4088 416 4160; x_wconf 78' lang='grc' dir='ltr'>τρόπον</span> <span class='ocrx_word' id='word_1_401' title='bbox 445 4091 539 4141; x_wconf 76' lang='grc' dir='ltr'>καὶ</span> <span class='ocrx_word' id='word_1_402' title='bbox 573 4088 606 4157; x_wconf 83' lang='grc' dir='ltr'>ὴ</span> <span class='ocrx_word' id='word_1_403' title='bbox 635 4086 841 4151; x_wconf 79' lang='grc' dir='ltr'>ἔνδοξος</span> <span class='ocrx_word' id='word_1_404' title='bbox 874 4086 968 4140; x_wconf 78' lang='grc' dir='ltr'>τοῦ</span> <span class='ocrx_word' id='word_1_405' title='bbox 1000 4087 1337 4153; x_wconf 76' lang='grc' dir='ltr'>Μονογενοῦς</span> <span class='ocrx_word' id='word_1_406' title='bbox 1367 4087 1461 4140; x_wconf 78' lang='grc' dir='ltr'><strong>τοῦ</strong></span> <span class='ocrx_word' id='word_1_407' title='bbox 1495 4086 1631 4139; x_wconf 78' lang='grc' dir='ltr'>Θεοῦ</span> <span class='ocrx_word' id='word_1_408' title='bbox 1680 4089 1805 4157; x_wconf 79' lang='grc' dir='ltr'>ἄφι-</span> 
     </span>
    </p>
   </div>
   <div class='ocr_carea' id='block_1_55' title="bbox 219 4179 1809 4250">
    <p class='ocr_par' dir='ltr' id='par_1_55' title="bbox 219 4179 1809 4250">
     <span class='ocr_line' id='line_1_56' title="bbox 219 4179 1809 4250; baseline -0.002 -15"><span class='ocrx_word' id='word_1_409' title='bbox 219 4182 325 4249; x_wconf 79' lang='grc' dir='ltr'>ξις,</span> <span class='ocrx_word' id='word_1_410' title='bbox 359 4180 534 4250; x_wconf 82' lang='grc' dir='ltr'>φωτὸς</span> <span class='ocrx_word' id='word_1_411' title='bbox 568 4180 853 4248; x_wconf 80' lang='grc' dir='ltr'>ζωογόνοις</span> <span class='ocrx_word' id='word_1_412' title='bbox 878 4180 1060 4232; x_wconf 83' lang='grc' dir='ltr'>ἀκτῖσι</span> <span class='ocrx_word' id='word_1_413' title='bbox 1109 4180 1199 4232; x_wconf 73' lang='grc' dir='ltr'>τὸν</span> <span class='ocrx_word' id='word_1_414' title='bbox 1238 4180 1354 4233; x_wconf 84' lang='grc' dir='ltr'>νέον</span> <span class='ocrx_word' id='word_1_415' title='bbox 1398 4179 1569 4232; x_wconf 75' lang='grc' dir='ltr'>αἰῶνα</span> <span class='ocrx_word' id='word_1_416' title='bbox 1603 4196 1809 4232; x_wconf 90' lang='grc' dir='ltr'>καταυ-</span> 
     </span>
    </p>
   </div>
   <div class='ocr_carea' id='block_1_56' title="bbox 213 4264 1803 4341">
    <p class='ocr_par' dir='ltr' id='par_1_56' title="bbox 213 4264 1803 4341">
     <span class='ocr_line' id='line_1_57' title="bbox 213 4264 1803 4341; baseline -0.002 -17"><span class='ocrx_word' id='word_1_417' title='bbox 213 4272 457 4341; x_wconf 86' lang='grc' dir='ltr'>γάσασα,</span> <span class='ocrx_word' id='word_1_418' title='bbox 486 4270 554 4323; x_wconf 85' lang='grc' dir='ltr'>τὰ</span> <span class='ocrx_word' id='word_1_419' title='bbox 584 4264 1007 4340; x_wconf 63' lang='grc' dir='ltr'>ἀποκρυφθέντα</span> <span class='ocrx_word' id='word_1_420' title='bbox 1038 4268 1205 4321; x_wconf 90' lang='grc' dir='ltr'>πάλαι</span> <span class='ocrx_word' id='word_1_421' title='bbox 1225 4267 1364 4322; x_wconf 82' lang='grc' dir='ltr'>κατὰ</span> <span class='ocrx_word' id='word_1_422' title='bbox 1386 4268 1479 4320; x_wconf 87' lang='grc' dir='ltr'>τὸν</span> <span class='ocrx_word' id='word_1_423' title='bbox 1495 4267 1803 4339; x_wconf 75' lang='grc' dir='ltr'>ἔμπροσθεν</span> 
     </span>
    </p>
   </div>
   <div class='ocr_carea' id='block_1_57' title="bbox 212 4359 1808 4431">
    <p class='ocr_par' dir='ltr' id='par_1_57' title="bbox 212 4359 1808 4431">
     <span class='ocr_line' id='line_1_58' title="bbox 212 4359 1808 4431; baseline -0.004 -13"><span class='ocrx_word' id='word_1_424' title='bbox 212 4364 412 4428; x_wconf 83' lang='grc' dir='ltr'>αἰῶνα,</span> <span class='ocrx_word' id='word_1_425' title='bbox 448 4364 541 4417; x_wconf 69' lang='grc' dir='ltr'>καὶ</span> <span class='ocrx_word' id='word_1_426' title='bbox 570 4373 627 4415; x_wconf 83' lang='grc' dir='ltr'><strong>εν</strong></span> <span class='ocrx_word' id='word_1_427' title='bbox 655 4361 733 4430; x_wconf 84' lang='grc' dir='ltr'>τῷ</span> <span class='ocrx_word' id='word_1_428' title='bbox 760 4361 921 4414; x_wconf 76' lang='grc' dir='ltr'>παντὶ</span> <span class='ocrx_word' id='word_1_429' title='bbox 954 4360 1141 4431; x_wconf 84' lang='grc' dir='ltr'>κόσμῳ</span> <span class='ocrx_word' id='word_1_430' title='bbox 1157 4359 1612 4414; x_wconf 85' lang='grc' dir='ltr'>διασκεδασθέντα</span> <span class='ocrx_word' id='word_1_431' title='bbox 1639 4360 1808 4430; x_wconf 87' lang='grc' dir='ltr'>σπέρ-</span> 
     </span>
    </p>
   </div>
   <div class='ocr_carea' id='block_1_58' title="bbox 219 4450 1804 4528">
    <p class='ocr_par' dir='ltr' id='par_1_58' title="bbox 219 4450 1804 4528">
     <span class='ocr_line' id='line_1_59' title="bbox 219 4450 1804 4528; baseline -0.003 -21"><span class='ocrx_word' id='word_1_432' title='bbox 219 4471 391 4528; x_wconf 84' lang='grc' dir='ltr'>ματα,</span> <span class='ocrx_word' id='word_1_433' title='bbox 424 4454 668 4507; x_wconf 84' lang='grc' dir='ltr'>τουτέστι</span> <span class='ocrx_word' id='word_1_434' title='bbox 705 4453 829 4515; x_wconf 77' lang='grc' dir='ltr'>τοὺς</span> <span class='ocrx_word' id='word_1_435' title='bbox 870 4453 927 4503; x_wconf 79' lang='grc' dir='ltr'>ὲν</span> <span class='ocrx_word' id='word_1_436' title='bbox 961 4451 1071 4520; x_wconf 73' lang='grc' dir='ltr'>γῆς</span> <span class='ocrx_word' id='word_1_437' title='bbox 1093 4450 1309 4521; x_wconf 86' lang='grc' dir='ltr'>χώματι</span> <span class='ocrx_word' id='word_1_438' title='bbox 1348 4451 1804 4522; x_wconf 83' lang='grc' dir='ltr'>κεκοιμημένους,</span> 
     </span>
    </p>
   </div>
   <div class='ocr_carea' id='block_1_59' title="bbox 1895 1980 3483 2053">
    <p class='ocr_par' dir='ltr' id='par_1_59' title="bbox 1895 1980 3483 2053">
     <span class='ocr_line' id='line_1_60' title="bbox 1895 1980 3483 2053; baseline 0.002 -18"><span class='ocrx_word' id='word_1_439' title='bbox 1895 1981 2180 2053; x_wconf 74' lang='lat' dir='ltr'><strong>apostasia:</strong></span> <span class='ocrx_word' id='word_1_440' title='bbox 2224 1990 2463 2045; x_wconf 65' lang='lat' dir='ltr'><strong>aetatem,</strong></span> <span class='ocrx_word' id='word_1_441' title='bbox 2504 1981 2557 2034; x_wconf 89' lang='lat' dir='ltr'><strong>in</strong></span> <span class='ocrx_word' id='word_1_442' title='bbox 2595 1980 2708 2036; x_wconf 88' lang='lat' dir='ltr'><strong>sole</strong></span> <span class='ocrx_word' id='word_1_443' title='bbox 2742 1981 3021 2052; x_wconf 87' lang='lat' dir='ltr'><strong>stellisque</strong></span> <span class='ocrx_word' id='word_1_444' title='bbox 3050 1981 3228 2053; x_wconf 84' lang='lat' dir='ltr'><strong>signa,</strong></span> <span class='ocrx_word' id='word_1_445' title='bbox 3259 1983 3314 2037; x_wconf 90' lang='lat' dir='ltr'><strong>in</strong></span> <span class='ocrx_word' id='word_1_446' title='bbox 3347 1982 3483 2038; x_wconf 84' lang='lat' dir='ltr'><strong>orbe</strong></span> 
     </span>
    </p>
   </div>
   <div class='ocr_carea' id='block_1_60' title="bbox 1892 2071 3483 2143">
    <p class='ocr_par' dir='ltr' id='par_1_60' title="bbox 1892 2071 3483 2143">
     <span class='ocr_line' id='line_1_61' title="bbox 1892 2071 3483 2143; baseline 0.003 -17"><span class='ocrx_word' id='word_1_447' title='bbox 1892 2087 2200 2143; x_wconf 81' lang='lat' dir='ltr'><strong>pressuram</strong></span> <span class='ocrx_word' id='word_1_448' title='bbox 2246 2072 2506 2142; x_wconf 83' lang='lat' dir='ltr'><strong>gentium,</strong></span> <span class='ocrx_word' id='word_1_449' title='bbox 2554 2071 2825 2127; x_wconf 77' lang='lat' dir='ltr'><strong>defectum</strong></span> <span class='ocrx_word' id='word_1_450' title='bbox 2880 2075 3229 2143; x_wconf 87' lang='lat' dir='ltr'><strong>quietemque</strong></span> <span class='ocrx_word' id='word_1_451' title='bbox 3267 2074 3483 2130; x_wconf 82' lang='lat' dir='ltr'><strong>sonitus</strong></span> 
     </span>
    </p>
   </div>
   <div class='ocr_carea' id='block_1_61' title="bbox 1891 2163 3487 2235">
    <p class='ocr_par' dir='ltr' id='par_1_61' title="bbox 1891 2163 3487 2235">
     <span class='ocr_line' id='line_1_62' title="bbox 1891 2163 3487 2235; baseline 0.001 -16"><span class='ocrx_word' id='word_1_452' title='bbox 1891 2165 2191 2232; x_wconf 83' lang='lat' dir='ltr'><strong>ﬂuctusque</strong></span> <span class='ocrx_word' id='word_1_453' title='bbox 2217 2164 2436 2219; x_wconf 83' lang='lat' dir='ltr'><strong>marini.</strong></span> <span class='ocrx_word' id='word_1_454' title='bbox 2471 2163 2616 2229; x_wconf 63' lang='lat' dir='ltr'><strong>Haec,</strong></span> <span class='ocrx_word' id='word_1_455' title='bbox 2659 2165 2855 2235; x_wconf 91' lang='lat' dir='ltr'><strong>inquit,</strong></span> <span class='ocrx_word' id='word_1_456' title='bbox 2886 2166 3070 2220; x_wconf 89' lang='lat' dir='ltr'><strong>omnia</strong></span> <span class='ocrx_word' id='word_1_457' title='bbox 3105 2180 3228 2221; x_wconf 91' lang='lat' dir='ltr'><strong>cum</strong></span> <span class='ocrx_word' id='word_1_458' title='bbox 3261 2166 3378 2221; x_wconf 77' lang='lat' dir='ltr'><strong>ﬁeri</strong></span> <span class='ocrx_word' id='word_1_459' title='bbox 3401 2165 3487 2221; x_wconf 85' lang='lat' dir='ltr'><strong>vi-</strong></span> 
     </span>
    </p>
   </div>
   <div class='ocr_carea' id='block_1_62' title="bbox 1894 2255 3483 2327">
    <p class='ocr_par' dir='ltr' id='par_1_62' title="bbox 1894 2255 3483 2327">
     <span class='ocr_line' id='line_1_63' title="bbox 1894 2255 3483 2327; baseline 0.003 -18"><span class='ocrx_word' id='word_1_460' title='bbox 1894 2255 2104 2321; x_wconf 87' lang='lat' dir='ltr'><strong>deritis,</strong></span> <span class='ocrx_word' id='word_1_461' title='bbox 2146 2262 2261 2309; x_wconf 88' lang='lat' dir='ltr'><strong>tum</strong></span> <span class='ocrx_word' id='word_1_462' title='bbox 2309 2256 2525 2309; x_wconf 89' lang='lat' dir='ltr'><strong>demum</strong></span> <span class='ocrx_word' id='word_1_463' title='bbox 2570 2256 2762 2310; x_wconf 85' lang='lat' dir='ltr'><strong>adesse</strong></span> <span class='ocrx_word' id='word_1_464' title='bbox 2810 2257 2861 2309; x_wconf 93' lang='lat' dir='ltr'><strong>in</strong></span> <span class='ocrx_word' id='word_1_465' title='bbox 2892 2256 3100 2311; x_wconf 83' lang='lat' dir='ltr'><strong>foribus</strong></span> <span class='ocrx_word' id='word_1_466' title='bbox 3135 2273 3361 2327; x_wconf 91' lang='lat' dir='ltr'><strong>regnum</strong></span> <span class='ocrx_word' id='word_1_467' title='bbox 3386 2258 3483 2314; x_wconf 85' lang='lat' dir='ltr'><strong>Dei</strong></span> 
     </span>
    </p>
   </div>
   <div class='ocr_carea' id='block_1_63' title="bbox 1892 2346 3480 2418">
    <p class='ocr_par' dir='ltr' id='par_1_63' title="bbox 1892 2346 3480 2418">
     <span class='ocr_line' id='line_1_64' title="bbox 1892 2346 3480 2418; baseline 0.003 -18"><span class='ocrx_word' id='word_1_468' title='bbox 1892 2347 2122 2413; x_wconf 86' lang='lat' dir='ltr'><strong>scitote;</strong></span> <span class='ocrx_word' id='word_1_469' title='bbox 2162 2356 2226 2405; x_wconf 86' lang='lat' dir='ltr'><strong>et</strong></span> <span class='ocrx_word' id='word_1_470' title='bbox 2256 2346 2472 2415; x_wconf 88' lang='lat' dir='ltr'><strong>quidem</strong></span> <span class='ocrx_word' id='word_1_471' title='bbox 2516 2362 2546 2401; x_wconf 89' lang='lat' dir='ltr'><strong>a</strong></span> <span class='ocrx_word' id='word_1_472' title='bbox 2584 2349 2747 2402; x_wconf 91' lang='lat' dir='ltr'><strong>dictis</strong></span> <span class='ocrx_word' id='word_1_473' title='bbox 2780 2349 2942 2403; x_wconf 86' lang='lat' dir='ltr'><strong>rebus</strong></span> <span class='ocrx_word' id='word_1_474' title='bbox 2978 2348 3135 2418; x_wconf 91' lang='lat' dir='ltr'><strong>plane</strong></span> <span class='ocrx_word' id='word_1_475' title='bbox 3182 2350 3480 2406; x_wconf 89' lang='lat' dir='ltr'><strong>diversum.</strong></span> 
     </span>
    </p>
   </div>
   <div class='ocr_carea' id='block_1_64' title="bbox 1894 2439 3485 2501">
    <p class='ocr_par' dir='ltr' id='par_1_64' title="bbox 1894 2439 3485 2501">
     <span class='ocr_line' id='line_1_65' title="bbox 1894 2439 3485 2501; baseline 0.005 -8"><span class='ocrx_word' id='word_1_476' title='bbox 1894 2439 1986 2493; x_wconf 87' lang='lat' dir='ltr'><strong>illa</strong></span> <span class='ocrx_word' id='word_1_477' title='bbox 2024 2440 2169 2494; x_wconf 79' lang='lat' dir='ltr'><strong>enim</strong></span> <span class='ocrx_word' id='word_1_478' title='bbox 2223 2440 2528 2496; x_wconf 81' lang='lat' dir='ltr'><strong>futurorum</strong></span> <span class='ocrx_word' id='word_1_479' title='bbox 2574 2440 2840 2497; x_wconf 93' lang='lat' dir='ltr'><strong>bonorum</strong></span> <span class='ocrx_word' id='word_1_480' title='bbox 2890 2444 3110 2499; x_wconf 82' lang='lat' dir='ltr'><strong>exordia</strong></span> <span class='ocrx_word' id='word_1_481' title='bbox 3160 2443 3383 2500; x_wconf 84' lang='lat' dir='ltr'><strong>fuerunt</strong></span> <span class='ocrx_word' id='word_1_482' title='bbox 3426 2453 3485 2501; x_wconf 80' lang='lat' dir='ltr'><strong>et</strong></span> 
     </span>
    </p>
   </div>
   <div class='ocr_carea' id='block_1_65' title="bbox 1896 2532 3484 2604">
    <p class='ocr_par' dir='ltr' id='par_1_65' title="bbox 1896 2532 3484 2604">
     <span class='ocr_line' id='line_1_66' title="bbox 1896 2532 3484 2604; baseline 0.006 -19"><span class='ocrx_word' id='word_1_483' title='bbox 1896 2532 2135 2599; x_wconf 90' lang='lat' dir='ltr'><strong>indicia;</strong></span> <span class='ocrx_word' id='word_1_484' title='bbox 2174 2533 2332 2587; x_wconf 90' lang='lat' dir='ltr'><strong>sicuti</strong></span> <span class='ocrx_word' id='word_1_485' title='bbox 2372 2534 2543 2589; x_wconf 89' lang='lat' dir='ltr'><strong>teneri</strong></span> <span class='ocrx_word' id='word_1_486' title='bbox 2595 2534 2735 2590; x_wconf 87' lang='lat' dir='ltr'><strong>licus</strong></span> <span class='ocrx_word' id='word_1_487' title='bbox 2778 2536 2913 2590; x_wconf 89' lang='lat' dir='ltr'><strong>rami</strong></span> <span class='ocrx_word' id='word_1_488' title='bbox 2965 2545 3019 2591; x_wconf 92' lang='lat' dir='ltr'><strong>et</strong></span> <span class='ocrx_word' id='word_1_489' title='bbox 3055 2536 3203 2604; x_wconf 81' lang='lat' dir='ltr'><strong>folia,</strong></span> <span class='ocrx_word' id='word_1_490' title='bbox 3242 2548 3484 2595; x_wconf 75' lang='lat' dir='ltr'><strong>ventum</strong></span> 
     </span>
    </p>
   </div>
   <div class='ocr_carea' id='block_1_66' title="bbox 1896 2626 3487 2695">
    <p class='ocr_par' dir='ltr' id='par_1_66' title="bbox 1896 2626 3487 2695">
     <span class='ocr_line' id='line_1_67' title="bbox 1896 2626 3487 2695; baseline 0.003 -16"><span class='ocrx_word' id='word_1_491' title='bbox 1896 2628 2103 2680; x_wconf 72' lang='lat' dir='ltr'><strong>aestatis</strong></span> <span class='ocrx_word' id='word_1_492' title='bbox 2133 2626 2285 2695; x_wconf 80' lang='lat' dir='ltr'><strong>signa</strong></span> <span class='ocrx_word' id='word_1_493' title='bbox 2312 2635 2460 2691; x_wconf 91' lang='lat' dir='ltr'><strong>sunt,</strong></span> <span class='ocrx_word' id='word_1_494' title='bbox 2486 2636 2542 2681; x_wconf 89' lang='lat' dir='ltr'><strong>et</strong></span> <span class='ocrx_word' id='word_1_495' title='bbox 2564 2638 2884 2681; x_wconf 72' lang='lat' dir='ltr'><strong>creterarum</strong></span> <span class='ocrx_word' id='word_1_496' title='bbox 2907 2626 3162 2683; x_wconf 90' lang='lat' dir='ltr'><strong>arborum</strong></span> <span class='ocrx_word' id='word_1_497' title='bbox 3192 2629 3487 2684; x_wconf 86' lang='lat' dir='ltr'><strong>seminum-</strong></span> 
     </span>
    </p>
   </div>
   <div class='ocr_carea' id='block_1_67' title="bbox 1894 2717 3487 2790">
    <p class='ocr_par' dir='ltr' id='par_1_67' title="bbox 1894 2717 3487 2790">
     <span class='ocr_line' id='line_1_68' title="bbox 1894 2717 3487 2790; baseline 0.003 -19"><span class='ocrx_word' id='word_1_498' title='bbox 1894 2732 2000 2787; x_wconf 92' lang='lat' dir='ltr'><strong>que</strong></span> <span class='ocrx_word' id='word_1_499' title='bbox 2028 2717 2263 2772; x_wconf 81' lang='lat' dir='ltr'><strong>fructum</strong></span> <span class='ocrx_word' id='word_1_500' title='bbox 2290 2718 2639 2787; x_wconf 87' lang='lat' dir='ltr'><strong>portendunt.</strong></span> <span class='ocrx_word' id='word_1_501' title='bbox 2670 2717 2861 2772; x_wconf 89' lang='lat' dir='ltr'><strong>Futuri</strong></span> <span class='ocrx_word' id='word_1_502' title='bbox 2884 2728 3063 2773; x_wconf 88' lang='lat' dir='ltr'><strong>autem</strong></span> <span class='ocrx_word' id='word_1_503' title='bbox 3088 2720 3295 2785; x_wconf 77' lang='lat' dir='ltr'><strong>saeculi,</strong></span> <span class='ocrx_word' id='word_1_504' title='bbox 3320 2729 3487 2790; x_wconf 87' lang='lat' dir='ltr'><strong>atque</strong></span> 
     </span>
    </p>
   </div>
   <div class='ocr_carea' id='block_1_68' title="bbox 1896 2806 3488 2881">
    <p class='ocr_par' dir='ltr' id='par_1_68' title="bbox 1896 2806 3488 2881">
     <span class='ocr_line' id='line_1_69' title="bbox 1896 2806 3488 2881; baseline 0.003 -19"><span class='ocrx_word' id='word_1_505' title='bbox 1896 2806 1952 2861; x_wconf 88' lang='lat' dir='ltr'><strong>in</strong></span> <span class='ocrx_word' id='word_1_506' title='bbox 2000 2823 2065 2862; x_wconf 90' lang='lat' dir='ltr'><strong>eo</strong></span> <span class='ocrx_word' id='word_1_507' title='bbox 2106 2807 2471 2862; x_wconf 86' lang='lat' dir='ltr'><strong>constituendi</strong></span> <span class='ocrx_word' id='word_1_508' title='bbox 2520 2808 2779 2864; x_wconf 68' lang='lat' dir='ltr'><strong>caelorum</strong></span> <span class='ocrx_word' id='word_1_509' title='bbox 2832 2811 2983 2880; x_wconf 87' lang='lat' dir='ltr'><strong>regni</strong></span> <span class='ocrx_word' id='word_1_510' title='bbox 3017 2811 3280 2879; x_wconf 74' lang='lat' dir='ltr'><strong>procemia</strong></span> <span class='ocrx_word' id='word_1_511' title='bbox 3323 2820 3488 2881; x_wconf 86' lang='lat' dir='ltr'><strong>atque</strong></span> 
     </span>
    </p>
   </div>
   <div class='ocr_carea' id='block_1_69' title="bbox 1897 2900 3490 2972">
    <p class='ocr_par' dir='ltr' id='par_1_69' title="bbox 1897 2900 3490 2972">
     <span class='ocr_line' id='line_1_70' title="bbox 1897 2900 3490 2972; baseline 0.003 -18"><span class='ocrx_word' id='word_1_512' title='bbox 1897 2900 2094 2954; x_wconf 88' lang='lat' dir='ltr'><strong>indicia</strong></span> <span class='ocrx_word' id='word_1_513' title='bbox 2130 2900 2217 2953; x_wconf 90' lang='lat' dir='ltr'><strong>illa</strong></span> <span class='ocrx_word' id='word_1_514' title='bbox 2258 2900 2499 2954; x_wconf 81' lang='lat' dir='ltr'><strong>fuerunt.</strong></span> <span class='ocrx_word' id='word_1_515' title='bbox 2542 2901 2595 2953; x_wconf 86' lang='lat' dir='ltr'><strong>ld</strong></span> <span class='ocrx_word' id='word_1_516' title='bbox 2635 2915 2767 2955; x_wconf 85' lang='lat' dir='ltr'><strong>vero</strong></span> <span class='ocrx_word' id='word_1_517' title='bbox 2798 2915 3051 2968; x_wconf 79' lang='lat' dir='ltr'><strong>regnum,</strong></span> <span class='ocrx_word' id='word_1_518' title='bbox 3080 2902 3308 2972; x_wconf 88' lang='lat' dir='ltr'><strong>ejusque</strong></span> <span class='ocrx_word' id='word_1_519' title='bbox 3344 2905 3490 2960; x_wconf 88' lang='lat' dir='ltr'><strong>bona</strong></span> 
     </span>
    </p>
   </div>
   <div class='ocr_carea' id='block_1_70' title="bbox 1898 2989 3495 3064">
    <p class='ocr_par' dir='ltr' id='par_1_70' title="bbox 1898 2989 3495 3064">
     <span class='ocr_line' id='line_1_71' title="bbox 1898 2989 3495 3064; baseline 0.004 -21"><span class='ocrx_word' id='word_1_520' title='bbox 1898 2989 2040 3045; x_wconf 89' lang='lat' dir='ltr'><strong>haud</strong></span> <span class='ocrx_word' id='word_1_521' title='bbox 2076 2992 2186 3059; x_wconf 83' lang='lat' dir='ltr'><strong>jam</strong></span> <span class='ocrx_word' id='word_1_522' title='bbox 2224 3005 2477 3046; x_wconf 86' lang='lat' dir='ltr'><strong>sermone</strong></span> <span class='ocrx_word' id='word_1_523' title='bbox 2524 2992 2661 3046; x_wconf 90' lang='lat' dir='ltr'><strong>tradi</strong></span> <span class='ocrx_word' id='word_1_524' title='bbox 2707 3002 2933 3060; x_wconf 87' lang='lat' dir='ltr'><strong>queunt,</strong></span> <span class='ocrx_word' id='word_1_525' title='bbox 2972 3009 3148 3064; x_wconf 87' lang='lat' dir='ltr'><strong>neque</strong></span> <span class='ocrx_word' id='word_1_526' title='bbox 3181 2996 3248 3049; x_wconf 89' lang='lat' dir='ltr'><strong>ad</strong></span> <span class='ocrx_word' id='word_1_527' title='bbox 3285 3005 3495 3050; x_wconf 85' lang='lat' dir='ltr'><strong>morta-</strong></span> 
     </span>
    </p>
   </div>
   <div class='ocr_carea' id='block_1_71' title="bbox 1898 3081 3493 3151">
    <p class='ocr_par' dir='ltr' id='par_1_71' title="bbox 1898 3081 3493 3151">
     <span class='ocr_line' id='line_1_72' title="bbox 1898 3081 3493 3151; baseline 0.004 -16"><span class='ocrx_word' id='word_1_528' title='bbox 1898 3081 2028 3135; x_wconf 90' lang='lat' dir='ltr'><strong>lium</strong></span> <span class='ocrx_word' id='word_1_529' title='bbox 2057 3098 2218 3136; x_wconf 88' lang='lat' dir='ltr'><strong>aures</strong></span> <span class='ocrx_word' id='word_1_530' title='bbox 2246 3083 2555 3151; x_wconf 68' lang='lat' dir='ltr'><strong>praadicari.</strong></span> <span class='ocrx_word' id='word_1_531' title='bbox 2601 3082 2967 3149; x_wconf 84' lang='lat' dir='ltr'><strong>Quamobrem</strong></span> <span class='ocrx_word' id='word_1_532' title='bbox 3022 3088 3088 3140; x_wconf 88' lang='lat' dir='ltr'><strong>de</strong></span> <span class='ocrx_word' id='word_1_533' title='bbox 3120 3087 3206 3141; x_wconf 91' lang='lat' dir='ltr'><strong>bis</strong></span> <span class='ocrx_word' id='word_1_534' title='bbox 3250 3087 3493 3141; x_wconf 80' lang='lat' dir='ltr'><strong>reticen-</strong></span> 
     </span>
    </p>
   </div>
   <div class='ocr_carea' id='block_1_72' title="bbox 1900 3169 3491 3243">
    <p class='ocr_par' dir='ltr' id='par_1_72' title="bbox 1900 3169 3491 3243">
     <span class='ocr_line' id='line_1_73' title="bbox 1900 3169 3491 3243; baseline 0 -19"><span class='ocrx_word' id='word_1_535' title='bbox 1900 3173 2025 3225; x_wconf 91' lang='lat' dir='ltr'><strong>dum</strong></span> <span class='ocrx_word' id='word_1_536' title='bbox 2051 3181 2154 3226; x_wconf 89' lang='lat' dir='ltr'><strong>est.</strong></span> <span class='ocrx_word' id='word_1_537' title='bbox 2189 3169 2373 3241; x_wconf 85' lang='lat' dir='ltr'><strong>Neque</strong></span> <span class='ocrx_word' id='word_1_538' title='bbox 2398 3172 2537 3225; x_wconf 90' lang='lat' dir='ltr'><strong>enim</strong></span> <span class='ocrx_word' id='word_1_539' title='bbox 2567 3171 2752 3226; x_wconf 82' lang='lat' dir='ltr'><strong>oculus</strong></span> <span class='ocrx_word' id='word_1_540' title='bbox 2780 3174 2930 3237; x_wconf 86' lang='lat' dir='ltr'><strong>vidit,</strong></span> <span class='ocrx_word' id='word_1_541' title='bbox 2963 3189 3125 3243; x_wconf 85' lang='lat' dir='ltr'><strong>neque</strong></span> <span class='ocrx_word' id='word_1_542' title='bbox 3151 3173 3297 3226; x_wconf 79' lang='lat' dir='ltr'><strong>auris</strong></span> <span class='ocrx_word' id='word_1_543' title='bbox 3328 3173 3491 3226; x_wconf 84' lang='lat' dir='ltr'><strong>audi-</strong></span> 
     </span>
    </p>
   </div>
   <div class='ocr_carea' id='block_1_73' title="bbox 1903 3265 3492 3335">
    <p class='ocr_par' dir='ltr' id='par_1_73' title="bbox 1903 3265 3492 3335">
     <span class='ocr_line' id='line_1_74' title="bbox 1903 3265 3492 3335; baseline 0.001 -17"><span class='ocrx_word' id='word_1_544' title='bbox 1903 3266 1995 3330; x_wconf 80' lang='lat' dir='ltr'><strong>vit,</strong></span> <span class='ocrx_word' id='word_1_545' title='bbox 2039 3280 2200 3333; x_wconf 84' lang='lat' dir='ltr'><strong>neque</strong></span> <span class='ocrx_word' id='word_1_546' title='bbox 2245 3265 2302 3316; x_wconf 86' lang='lat' dir='ltr'><strong>in</strong></span> <span class='ocrx_word' id='word_1_547' title='bbox 2335 3280 2425 3317; x_wconf 88' lang='lat' dir='ltr'><strong>cor</strong></span> <span class='ocrx_word' id='word_1_548' title='bbox 2466 3265 2693 3318; x_wconf 73' lang='lat' dir='ltr'><strong>hominis</strong></span> <span class='ocrx_word' id='word_1_549' title='bbox 2732 3265 2991 3331; x_wconf 75' lang='lat' dir='ltr'><strong>ascendit,</strong></span> <span class='ocrx_word' id='word_1_550' title='bbox 3022 3281 3141 3335; x_wconf 69' lang='lat' dir='ltr'><strong>quae</strong></span> <span class='ocrx_word' id='word_1_551' title='bbox 3169 3267 3492 3335; x_wconf 66' lang='lat' dir='ltr'><strong>preparavit</strong></span> 
     </span>
    </p>
   </div>
   <div class='ocr_carea' id='block_1_74' title="bbox 1905 3353 3493 3427">
    <p class='ocr_par' dir='ltr' id='par_1_74' title="bbox 1905 3353 3493 3427">
     <span class='ocr_line' id='line_1_75' title="bbox 1905 3353 3493 3427; baseline 0.002 -17"><span class='ocrx_word' id='word_1_552' title='bbox 1905 3356 2045 3410; x_wconf 78' lang='lat' dir='ltr'><strong>Deus</strong></span> <span class='ocrx_word' id='word_1_553' title='bbox 2068 3356 2402 3425; x_wconf 77' lang='lat' dir='ltr'><strong>diligentibus</strong></span> <span class='ocrx_word' id='word_1_554' title='bbox 2424 3372 2541 3409; x_wconf 88' lang='lat' dir='ltr'><strong>eum</strong></span> <span class='ocrx_word' id='word_1_555' title='bbox 2561 3357 2630 3407; x_wconf 75' lang='grc' dir='ltr'><strong>τ’.</strong></span> <span class='ocrx_word' id='word_1_556' title='bbox 2665 3353 3050 3410; x_wconf 84' lang='lat' dir='ltr'><strong>Verumtamen</strong></span> <span class='ocrx_word' id='word_1_557' title='bbox 3082 3358 3239 3411; x_wconf 85' lang='lat' dir='ltr'><strong>sicuti</strong></span> <span class='ocrx_word' id='word_1_558' title='bbox 3272 3358 3325 3411; x_wconf 93' lang='lat' dir='ltr'><strong>in</strong></span> <span class='ocrx_word' id='word_1_559' title='bbox 3354 3372 3493 3427; x_wconf 66' lang='lat' dir='ltr'><strong>pra-</strong></span> 
     </span>
    </p>
   </div>
   <div class='ocr_carea' id='block_1_75' title="bbox 1906 3445 3491 3515">
    <p class='ocr_par' dir='ltr' id='par_1_75' title="bbox 1906 3445 3491 3515">
     <span class='ocr_line' id='line_1_76' title="bbox 1906 3445 3491 3515; baseline 0.001 -13"><span class='ocrx_word' id='word_1_560' title='bbox 1906 3447 2045 3502; x_wconf 88' lang='lat' dir='ltr'><strong>senti</strong></span> <span class='ocrx_word' id='word_1_561' title='bbox 2084 3460 2263 3501; x_wconf 88' lang='lat' dir='ltr'><strong>rerum</strong></span> <span class='ocrx_word' id='word_1_562' title='bbox 2309 3455 2451 3500; x_wconf 91' lang='lat' dir='ltr'><strong>statu</strong></span> <span class='ocrx_word' id='word_1_563' title='bbox 2486 3446 2566 3501; x_wconf 92' lang='lat' dir='ltr'><strong>sol</strong></span> <span class='ocrx_word' id='word_1_564' title='bbox 2608 3454 2731 3515; x_wconf 88' lang='lat' dir='ltr'><strong>post</strong></span> <span class='ocrx_word' id='word_1_565' title='bbox 2769 3445 3029 3499; x_wconf 86' lang='lat' dir='ltr'><strong>hibernas</strong></span> <span class='ocrx_word' id='word_1_566' title='bbox 3082 3448 3491 3515; x_wconf 84' lang='lat' dir='ltr'><strong>conversiones,</strong></span> 
     </span>
    </p>
   </div>
   <div class='ocr_carea' id='block_1_76' title="bbox 1906 3536 3494 3604">
    <p class='ocr_par' dir='ltr' id='par_1_76' title="bbox 1906 3536 3494 3604">
     <span class='ocr_line' id='line_1_77' title="bbox 1906 3536 3494 3604; baseline 0.003 -14"><span class='ocrx_word' id='word_1_567' title='bbox 1906 3553 2035 3592; x_wconf 80' lang='lat' dir='ltr'><strong>vere</strong></span> <span class='ocrx_word' id='word_1_568' title='bbox 2079 3539 2334 3604; x_wconf 85' lang='lat' dir='ltr'><strong>instante,</strong></span> <span class='ocrx_word' id='word_1_569' title='bbox 2374 3537 2728 3591; x_wconf 82' lang='lat' dir='ltr'><strong>calidioribus</strong></span> <span class='ocrx_word' id='word_1_570' title='bbox 2771 3536 2935 3590; x_wconf 86' lang='lat' dir='ltr'><strong>radiis</strong></span> <span class='ocrx_word' id='word_1_571' title='bbox 2970 3537 3209 3603; x_wconf 88' lang='lat' dir='ltr'><strong>emissis,</strong></span> <span class='ocrx_word' id='word_1_572' title='bbox 3265 3538 3494 3595; x_wconf 83' lang='lat' dir='ltr'><strong>latentia</strong></span> 
     </span>
    </p>
   </div>
   <div class='ocr_carea' id='block_1_77' title="bbox 1905 3626 3493 3697">
    <p class='ocr_par' dir='ltr' id='par_1_77' title="bbox 1905 3626 3493 3697">
     <span class='ocr_line' id='line_1_78' title="bbox 1905 3626 3493 3697; baseline 0 -16"><span class='ocrx_word' id='word_1_573' title='bbox 1905 3628 2006 3681; x_wconf 86' lang='lat' dir='ltr'><strong>sub</strong></span> <span class='ocrx_word' id='word_1_574' title='bbox 2033 3628 2149 3681; x_wconf 93' lang='lat' dir='ltr'><strong>solo</strong></span> <span class='ocrx_word' id='word_1_575' title='bbox 2179 3628 2387 3681; x_wconf 88' lang='lat' dir='ltr'><strong>semina</strong></span> <span class='ocrx_word' id='word_1_576' title='bbox 2419 3626 2677 3690; x_wconf 82' lang='lat' dir='ltr'><strong>viviﬁcat,</strong></span> <span class='ocrx_word' id='word_1_577' title='bbox 2710 3642 2830 3696; x_wconf 71' lang='lat' dir='ltr'><strong>qua:</strong></span> <span class='ocrx_word' id='word_1_578' title='bbox 2867 3628 3048 3695; x_wconf 91' lang='lat' dir='ltr'><strong>priore</strong></span> <span class='ocrx_word' id='word_1_579' title='bbox 3086 3626 3261 3695; x_wconf 82' lang='lat' dir='ltr'><strong>ﬁgura</strong></span> <span class='ocrx_word' id='word_1_580' title='bbox 3291 3627 3493 3697; x_wconf 83' lang='lat' dir='ltr'><strong>posita,</strong></span> 
     </span>
    </p>
   </div>
   <div class='ocr_carea' id='block_1_78' title="bbox 1908 3715 3497 3787">
    <p class='ocr_par' dir='ltr' id='par_1_78' title="bbox 1908 3715 3497 3787">
     <span class='ocr_line' id='line_1_79' title="bbox 1908 3715 3497 3787; baseline 0.001 -17"><span class='ocrx_word' id='word_1_581' title='bbox 1908 3717 2119 3772; x_wconf 77' lang='lat' dir='ltr'><strong>novella</strong></span> <span class='ocrx_word' id='word_1_582' title='bbox 2156 3726 2491 3772; x_wconf 86' lang='lat' dir='ltr'><strong>enascuntur</strong></span> <span class='ocrx_word' id='word_1_583' title='bbox 2542 3732 2605 3771; x_wconf 85' lang='lat' dir='ltr'><strong>ac</strong></span> <span class='ocrx_word' id='word_1_584' title='bbox 2652 3715 2933 3785; x_wconf 88' lang='lat' dir='ltr'><strong>pullulant,</strong></span> <span class='ocrx_word' id='word_1_585' title='bbox 2999 3716 3394 3787; x_wconf 86' lang='lat' dir='ltr'><strong>pulchrumque</strong></span> <span class='ocrx_word' id='word_1_586' title='bbox 3439 3726 3497 3772; x_wconf 88' lang='lat' dir='ltr'><strong>et</strong></span> 
     </span>
    </p>
   </div>
   <div class='ocr_carea' id='block_1_79' title="bbox 1907 3808 3494 3879">
    <p class='ocr_par' dir='ltr' id='par_1_79' title="bbox 1907 3808 3494 3879">
     <span class='ocr_line' id='line_1_80' title="bbox 1907 3808 3494 3879; baseline 0.003 -17"><span class='ocrx_word' id='word_1_587' title='bbox 1907 3808 2157 3863; x_wconf 85' lang='lat' dir='ltr'><strong>ﬂoridum</strong></span> <span class='ocrx_word' id='word_1_588' title='bbox 2214 3810 2452 3865; x_wconf 88' lang='lat' dir='ltr'><strong>recentis</strong></span> <span class='ocrx_word' id='word_1_589' title='bbox 2505 3819 2715 3864; x_wconf 69' lang='lat' dir='ltr'><strong>natura:</strong></span> <span class='ocrx_word' id='word_1_590' title='bbox 2765 3825 2987 3879; x_wconf 77' lang='lat' dir='ltr'><strong>germen</strong></span> <span class='ocrx_word' id='word_1_591' title='bbox 3038 3811 3366 3875; x_wconf 86' lang='lat' dir='ltr'><strong>ostendunt;</strong></span> <span class='ocrx_word' id='word_1_592' title='bbox 3416 3810 3494 3866; x_wconf 88' lang='lat' dir='ltr'><strong>ita</strong></span> 
     </span>
    </p>
   </div>
   <div class='ocr_carea' id='block_1_80' title="bbox 1910 3900 3497 3972">
    <p class='ocr_par' dir='ltr' id='par_1_80' title="bbox 1910 3900 3497 3972">
     <span class='ocr_line' id='line_1_81' title="bbox 1910 3900 3497 3972; baseline 0.002 -18"><span class='ocrx_word' id='word_1_593' title='bbox 1910 3901 2179 3969; x_wconf 84' lang='lat' dir='ltr'><strong>gloriosus</strong></span> <span class='ocrx_word' id='word_1_594' title='bbox 2211 3900 2484 3972; x_wconf 88' lang='lat' dir='ltr'><strong>Unigeniti</strong></span> <span class='ocrx_word' id='word_1_595' title='bbox 2514 3901 2779 3954; x_wconf 84' lang='lat' dir='ltr'><strong>adventus</strong></span> <span class='ocrx_word' id='word_1_596' title='bbox 2822 3901 3019 3955; x_wconf 86' lang='lat' dir='ltr'><strong>vivilici</strong></span> <span class='ocrx_word' id='word_1_597' title='bbox 3066 3900 3286 3956; x_wconf 91' lang='lat' dir='ltr'><strong>luminis</strong></span> <span class='ocrx_word' id='word_1_598' title='bbox 3329 3901 3497 3972; x_wconf 59' lang='lat' dir='ltr'><strong>gadiis</strong></span> 
     </span>
    </p>
   </div>
   <div class='ocr_carea' id='block_1_81' title="bbox 1912 3993 3495 4064">
    <p class='ocr_par' dir='ltr' id='par_1_81' title="bbox 1912 3993 3495 4064">
     <span class='ocr_line' id='line_1_82' title="bbox 1912 3993 3495 4064; baseline 0.002 -16"><span class='ocrx_word' id='word_1_599' title='bbox 1912 4008 2112 4048; x_wconf 87' lang='lat' dir='ltr'><strong>novum</strong></span> <span class='ocrx_word' id='word_1_600' title='bbox 2163 3994 2418 4049; x_wconf 71' lang='lat' dir='ltr'><strong>saeculum</strong></span> <span class='ocrx_word' id='word_1_601' title='bbox 2471 3993 2774 4057; x_wconf 88' lang='lat' dir='ltr'><strong>illustrans,</strong></span> <span class='ocrx_word' id='word_1_602' title='bbox 2802 3993 3009 4048; x_wconf 82' lang='lat' dir='ltr'><strong>occulta</strong></span> <span class='ocrx_word' id='word_1_603' title='bbox 3059 3995 3187 4049; x_wconf 89' lang='lat' dir='ltr'><strong>olim</strong></span> <span class='ocrx_word' id='word_1_604' title='bbox 3227 3993 3409 4064; x_wconf 89' lang='lat' dir='ltr'><strong>prio&#39;re</strong></span> <span class='ocrx_word' id='word_1_605' title='bbox 3442 3996 3495 4051; x_wconf 91' lang='lat' dir='ltr'><strong>in</strong></span> 
     </span>
    </p>
   </div>
   <div class='ocr_carea' id='block_1_82' title="bbox 1913 4086 3499 4155">
    <p class='ocr_par' dir='ltr' id='par_1_82' title="bbox 1913 4086 3499 4155">
     <span class='ocr_line' id='line_1_83' title="bbox 1913 4086 3499 4155; baseline 0.001 -15"><span class='ocrx_word' id='word_1_606' title='bbox 1913 4086 2112 4141; x_wconf 69' lang='lat' dir='ltr'><strong>smculo</strong></span> <span class='ocrx_word' id='word_1_607' title='bbox 2145 4097 2307 4155; x_wconf 90' lang='lat' dir='ltr'><strong>atque</strong></span> <span class='ocrx_word' id='word_1_608' title='bbox 2332 4087 2464 4140; x_wconf 86' lang='lat' dir='ltr'><strong>orbe</strong></span> <span class='ocrx_word' id='word_1_609' title='bbox 2494 4087 2748 4141; x_wconf 89' lang='lat' dir='ltr'><strong>universo</strong></span> <span class='ocrx_word' id='word_1_610' title='bbox 2784 4086 3026 4155; x_wconf 88' lang='lat' dir='ltr'><strong>dispersa</strong></span> <span class='ocrx_word' id='word_1_611' title='bbox 3061 4088 3291 4151; x_wconf 87' lang='lat' dir='ltr'><strong>semina,</strong></span> <span class='ocrx_word' id='word_1_612' title='bbox 3327 4088 3376 4141; x_wconf 93' lang='lat' dir='ltr'><strong>id</strong></span> <span class='ocrx_word' id='word_1_613' title='bbox 3414 4098 3499 4143; x_wconf 90' lang='lat' dir='ltr'><strong>est</strong></span> 
     </span>
    </p>
   </div>
   <div class='ocr_carea' id='block_1_83' title="bbox 1916 4178 3500 4249">
    <p class='ocr_par' dir='ltr' id='par_1_83' title="bbox 1916 4178 3500 4249">
     <span class='ocr_line' id='line_1_84' title="bbox 1916 4178 3500 4249; baseline 0.003 -18"><span class='ocrx_word' id='word_1_614' title='bbox 1916 4178 2166 4233; x_wconf 77' lang='lat' dir='ltr'><strong>homines</strong></span> <span class='ocrx_word' id='word_1_615' title='bbox 2212 4178 2266 4233; x_wconf 90' lang='lat' dir='ltr'><strong>in</strong></span> <span class='ocrx_word' id='word_1_616' title='bbox 2320 4188 2481 4233; x_wconf 72' lang='lat' dir='ltr'><strong>terra:</strong></span> <span class='ocrx_word' id='word_1_617' title='bbox 2546 4180 2808 4249; x_wconf 88' lang='lat' dir='ltr'><strong>sepulcris</strong></span> <span class='ocrx_word' id='word_1_618' title='bbox 2855 4182 3123 4243; x_wconf 88' lang='lat' dir='ltr'><strong>conditos,</strong></span> <span class='ocrx_word' id='word_1_619' title='bbox 3182 4179 3500 4235; x_wconf 87' lang='lat' dir='ltr'><strong>melioribus</strong></span> 
     </span>
    </p>
   </div>
   <div class='ocr_carea' id='block_1_84' title="bbox 1912 4269 3500 4339">
    <p class='ocr_par' dir='ltr' id='par_1_84' title="bbox 1912 4269 3500 4339">
     <span class='ocr_line' id='line_1_85' title="bbox 1912 4269 3500 4339; baseline 0.003 -19"><span class='ocrx_word' id='word_1_620' title='bbox 1912 4284 2075 4338; x_wconf 85' lang='lat' dir='ltr'><strong>quam</strong></span> <span class='ocrx_word' id='word_1_621' title='bbox 2104 4278 2263 4323; x_wconf 88' lang='lat' dir='ltr'><strong>antea</strong></span> <span class='ocrx_word' id='word_1_622' title='bbox 2304 4270 2625 4339; x_wconf 79' lang='lat' dir='ltr'><strong>corporibus</strong></span> <span class='ocrx_word' id='word_1_623' title='bbox 2659 4270 2941 4339; x_wconf 84' lang='lat' dir='ltr'><strong>formaque</strong></span> <span class='ocrx_word' id='word_1_624' title='bbox 2971 4269 3285 4339; x_wconf 81' lang='lat' dir='ltr'><strong>augustiore</strong></span> <span class='ocrx_word' id='word_1_625' title='bbox 3324 4272 3500 4325; x_wconf 82' lang='lat' dir='ltr'><strong>dona-</strong></span> 
     </span>
    </p>
   </div>
   <div class='ocr_carea' id='block_1_85' title="bbox 1915 4361 3500 4433">
    <p class='ocr_par' dir='ltr' id='par_1_85' title="bbox 1915 4361 3500 4433">
     <span class='ocr_line' id='line_1_86' title="bbox 1915 4361 3500 4433; baseline 0 -17"><span class='ocrx_word' id='word_1_626' title='bbox 1915 4373 2020 4425; x_wconf 87' lang='lat' dir='ltr'><strong>tos,</strong></span> <span class='ocrx_word' id='word_1_627' title='bbox 2066 4364 2119 4416; x_wconf 84' lang='lat' dir='ltr'><strong>in</strong></span> <span class='ocrx_word' id='word_1_628' title='bbox 2165 4361 2338 4416; x_wconf 91' lang='lat' dir='ltr'><strong>lucem</strong></span> <span class='ocrx_word' id='word_1_629' title='bbox 2367 4364 2575 4416; x_wconf 88' lang='lat' dir='ltr'><strong>emittet</strong></span> <span class='ocrx_word' id='word_1_630' title='bbox 2610 4381 2623 4415; x_wconf 87' lang='lat'><strong>:</strong></span> <span class='ocrx_word' id='word_1_631' title='bbox 2665 4364 2926 4433; x_wconf 88' lang='lat' dir='ltr'><strong>pulsaque</strong></span> <span class='ocrx_word' id='word_1_632' title='bbox 2978 4371 3173 4427; x_wconf 89' lang='lat' dir='ltr'><strong>morte,</strong></span> <span class='ocrx_word' id='word_1_633' title='bbox 3200 4362 3315 4431; x_wconf 84' lang='lat' dir='ltr'><strong>ipsa</strong></span> <span class='ocrx_word' id='word_1_634' title='bbox 3345 4361 3500 4417; x_wconf 83' lang='lat' dir='ltr'><strong>dein-</strong></span> 
     </span>
    </p>
   </div>
   <div class='ocr_carea' id='block_1_86' title="bbox 1915 4450 3099 4531">
    <p class='ocr_par' dir='ltr' id='par_1_86' title="bbox 1915 4450 3099 4531">
     <span class='ocr_line' id='line_1_87' title="bbox 1915 4450 3099 4531; baseline 0.002 -29"><span class='ocrx_word' id='word_1_635' title='bbox 1915 4465 2043 4518; x_wconf 91' lang='lat' dir='ltr'><strong>ceps</strong></span> <span class='ocrx_word' id='word_1_636' title='bbox 2068 4451 2175 4503; x_wconf 87' lang='lat' dir='ltr'><strong>vita</strong></span> <span class='ocrx_word' id='word_1_637' title='bbox 2207 4452 2330 4504; x_wconf 90' lang='lat' dir='ltr'><strong>novi</strong></span> <span class='ocrx_word' id='word_1_638' title='bbox 2354 4451 2531 4505; x_wconf 69' lang='lat' dir='ltr'><strong>smculi</strong></span> <span class='ocrx_word' id='word_1_639' title='bbox 2561 4450 2844 4518; x_wconf 87' lang='lat' dir='ltr'><strong>imperium</strong></span> <span class='ocrx_word' id='word_1_640' title='bbox 2876 4451 3099 4531; x_wconf 75' lang='lat' dir='ltr'><strong>tenebit.</strong></span> 
     </span>
    </p>
   </div>
   <div class='ocr_carea' id='block_1_87' title="bbox 219 4544 3504 4621">
    <p class='ocr_par' dir='ltr' id='par_1_87' title="bbox 219 4544 3504 4621">
     <span class='ocr_line' id='line_1_88' title="bbox 219 4544 3504 4621; baseline -0.001 -16"><span class='ocrx_word' id='word_1_641' title='bbox 219 4548 496 4621; x_wconf 86' lang='grc' dir='ltr'>κρείττοσι</span> <span class='ocrx_word' id='word_1_642' title='bbox 532 4547 778 4618; x_wconf 87' lang='grc' dir='ltr'>σώμασιν</span> <span class='ocrx_word' id='word_1_643' title='bbox 811 4547 844 4618; x_wconf 80' lang='grc' dir='ltr'>ἦ</span> <span class='ocrx_word' id='word_1_644' title='bbox 884 4546 1023 4599; x_wconf 86' lang='grc' dir='ltr'>κατὰ</span> <span class='ocrx_word' id='word_1_645' title='bbox 1051 4546 1119 4600; x_wconf 78' lang='grc' dir='ltr'><strong>τὰ</strong></span> <span class='ocrx_word' id='word_1_646' title='bbox 1148 4546 1411 4617; x_wconf 85' lang='grc' dir='ltr'>πρότερον</span> <span class='ocrx_word' id='word_1_647' title='bbox 1452 4545 1720 4617; x_wconf 88' lang='grc' dir='ltr'>θειότερόν</span> <span class='ocrx_word' id='word_1_648' title='bbox 1753 4563 1812 4600; x_wconf 87' lang='grc' dir='ltr'><strong>τε</strong></span> <span class='ocrx_word' id='word_1_649' title='bbox 1865 4546 2462 4617; x_wconf 88' lang='grc' dir='ltr'>μετεσχηματισμένοις</span> <span class='ocrx_word' id='word_1_650' title='bbox 2518 4546 2598 4609; x_wconf 85' lang='grc' dir='ltr'><strong>είς</strong></span> <span class='ocrx_word' id='word_1_651' title='bbox 2632 4544 2747 4614; x_wconf 83' lang='grc' dir='ltr'><strong>φῶς</strong></span> <span class='ocrx_word' id='word_1_652' title='bbox 2783 4544 3041 4616; x_wconf 71' lang='grc' dir='ltr'><strong>προάξει⁸</strong></span> <span class='ocrx_word' id='word_1_653' title='bbox 3083 4547 3178 4599; x_wconf 76' lang='grc' dir='ltr'>καὶ</span> <span class='ocrx_word' id='word_1_654' title='bbox 3220 4546 3315 4599; x_wconf 77' lang='grc' dir='ltr'><strong>τοῦ</strong></span> <span class='ocrx_word' id='word_1_655' title='bbox 3346 4546 3504 4602; x_wconf 88' lang='grc' dir='ltr'>θανά-</span> 
     </span>
    </p>
   </div>
   <div class='ocr_carea' id='block_1_88' title="bbox 218 4640 2342 4717">
    <p class='ocr_par' dir='ltr' id='par_1_88' title="bbox 218 4640 2342 4717">
     <span class='ocr_line' id='line_1_89' title="bbox 218 4640 2342 4717; baseline -0 -20"><span class='ocrx_word' id='word_1_656' title='bbox 218 4659 316 4698; x_wconf 88' lang='grc' dir='ltr'><strong>του</strong></span> <span class='ocrx_word' id='word_1_657' title='bbox 362 4642 821 4717; x_wconf 86' lang='grc' dir='ltr'>καταργηθέντος,</span> <span class='ocrx_word' id='word_1_658' title='bbox 877 4642 1017 4712; x_wconf 83' lang='grc' dir='ltr'>αὐτὴ</span> <span class='ocrx_word' id='word_1_659' title='bbox 1056 4641 1243 4693; x_wconf 80' lang='grc' dir='ltr'>λοιπὸν</span> <span class='ocrx_word' id='word_1_660' title='bbox 1280 4643 1313 4711; x_wconf 84' lang='grc' dir='ltr'>ἡ</span> <span class='ocrx_word' id='word_1_661' title='bbox 1358 4640 1471 4713; x_wconf 80' lang='grc' dir='ltr'><strong>ζωὴ</strong></span> <span class='ocrx_word' id='word_1_662' title='bbox 1502 4641 1808 4713; x_wconf 86' lang='grc' dir='ltr'>βασιλεύσει</span> <span class='ocrx_word' id='word_1_663' title='bbox 1845 4642 1941 4695; x_wconf 80' lang='grc' dir='ltr'>τοῦ</span> <span class='ocrx_word' id='word_1_664' title='bbox 1977 4642 2096 4695; x_wconf 85' lang='grc' dir='ltr'>νέου</span> <span class='ocrx_word' id='word_1_665' title='bbox 2127 4643 2342 4705; x_wconf 83' lang='grc' dir='ltr'>αἰῶνος.</span> 
     </span>
    </p>
   </div>
   <div class='ocr_carea' id='block_1_89' title="bbox 522 4736 1501 4806">
    <p class='ocr_par' dir='ltr' id='par_1_89' title="bbox 522 4736 1501 4806">
     <span class='ocr_line' id='line_1_90' title="bbox 522 4736 1501 4806; baseline 0 -17"><span class='ocrx_word' id='word_1_666' title='bbox 522 4738 609 4789; x_wconf 79' lang='grc' dir='ltr'><strong>Οὐ</strong></span> <span class='ocrx_word' id='word_1_667' title='bbox 627 4736 713 4806; x_wconf 82' lang='grc' dir='ltr'>μὴ</span> <span class='ocrx_word' id='word_1_668' title='bbox 749 4736 1015 4805; x_wconf 78' lang='grc' dir='ltr'>παρέλθῃ</span> <span class='ocrx_word' id='word_1_669' title='bbox 1042 4737 1081 4804; x_wconf 75' lang='grc' dir='ltr'>ἡ</span> <span class='ocrx_word' id='word_1_670' title='bbox 1116 4737 1291 4803; x_wconf 77' lang='grc' dir='ltr'>γενεὰ</span> <span class='ocrx_word' id='word_1_671' title='bbox 1328 4736 1501 4804; x_wconf 81' lang='grc' dir='ltr'>αὕτη.</span> 
     </span>
    </p>
   </div>
   <div class='ocr_carea' id='block_1_90' title="bbox 300 4826 1814 4899">
    <p class='ocr_par' dir='ltr' id='par_1_90' title="bbox 300 4826 1814 4899">
     <span class='ocr_line' id='line_1_91' title="bbox 300 4826 1814 4899; baseline 0.002 -19"><span class='ocrx_word' id='word_1_672' title='bbox 300 4826 437 4880; x_wconf 87' lang='grc' dir='ltr'>Ποία</span> <span class='ocrx_word' id='word_1_673' title='bbox 465 4826 627 4895; x_wconf 85' lang='grc' dir='ltr'>γενεὰ</span> <span class='ocrx_word' id='word_1_674' title='bbox 665 4827 779 4880; x_wconf 76' lang='grc' dir='ltr'>ἀλλ’</span> <span class='ocrx_word' id='word_1_675' title='bbox 814 4830 847 4898; x_wconf 84' lang='grc' dir='ltr'><strong>ή</strong></span> <span class='ocrx_word' id='word_1_676' title='bbox 906 4827 1065 4899; x_wconf 83' lang='grc' dir='ltr'>καινὴ</span> <span class='ocrx_word' id='word_1_677' title='bbox 1107 4828 1201 4880; x_wconf 74' lang='grc' dir='ltr'>καὶ</span> <span class='ocrx_word' id='word_1_678' title='bbox 1242 4828 1365 4891; x_wconf 87' lang='grc' dir='ltr'>νέα,</span> <span class='ocrx_word' id='word_1_679' title='bbox 1393 4828 1462 4898; x_wconf 84' lang='grc' dir='ltr'>ἢν</span> <span class='ocrx_word' id='word_1_680' title='bbox 1492 4828 1655 4893; x_wconf 82' lang='grc' dir='ltr'>αὐτὸς</span> <span class='ocrx_word' id='word_1_681' title='bbox 1687 4847 1814 4883; x_wconf 87' lang='grc' dir='ltr'>συν-</span> 
     </span>
    </p>
   </div>
   <div class='ocr_carea' id='block_1_91' title="bbox 2190 4736 3151 4807">
    <p class='ocr_par' dir='ltr' id='par_1_91' title="bbox 2190 4736 3151 4807">
     <span class='ocr_line' id='line_1_92' title="bbox 2190 4736 3151 4807; baseline -0.003 -16"><span class='ocrx_word' id='word_1_682' title='bbox 2190 4738 2235 4769; x_wconf 85' lang='grc'><strong>⁷³</strong></span> <span class='ocrx_word' id='word_1_683' title='bbox 2257 4738 2381 4792; x_wconf 76' lang='lat' dir='ltr'><strong>Non</strong></span> <span class='ocrx_word' id='word_1_684' title='bbox 2408 4738 2693 4807; x_wconf 74' lang='lat' dir='ltr'><strong>prwteribit</strong></span> <span class='ocrx_word' id='word_1_685' title='bbox 2721 4737 2986 4807; x_wconf 80' lang='lat' dir='ltr'><strong>generatio</strong></span> <span class='ocrx_word' id='word_1_686' title='bbox 3019 4736 3151 4790; x_wconf 75' lang='grc' dir='ltr'>Ιιαε.</span> 
     </span>
    </p>
   </div>
   <div class='ocr_carea' id='block_1_92' title="bbox 1991 4829 3504 4900">
    <p class='ocr_par' dir='ltr' id='par_1_92' title="bbox 1991 4829 3504 4900">
     <span class='ocr_line' id='line_1_93' title="bbox 1991 4829 3504 4900; baseline -0.001 -15"><span class='ocrx_word' id='word_1_687' title='bbox 1991 4830 2249 4897; x_wconf 65' lang='lat' dir='ltr'><strong>Qumnam</strong></span> <span class='ocrx_word' id='word_1_688' title='bbox 2310 4840 2394 4885; x_wconf 89' lang='lat' dir='ltr'><strong>est</strong></span> <span class='ocrx_word' id='word_1_689' title='bbox 2452 4831 2567 4885; x_wconf 64' lang='lat' dir='ltr'><strong>haec</strong></span> <span class='ocrx_word' id='word_1_690' title='bbox 2622 4830 2923 4900; x_wconf 75' lang='lat' dir='ltr'><strong>generatio,</strong></span> <span class='ocrx_word' id='word_1_691' title='bbox 2972 4830 3075 4884; x_wconf 94' lang='lat' dir='ltr'><strong>nisi</strong></span> <span class='ocrx_word' id='word_1_692' title='bbox 3111 4843 3249 4883; x_wconf 89' lang='lat' dir='ltr'><strong>nova</strong></span> <span class='ocrx_word' id='word_1_693' title='bbox 3295 4829 3380 4883; x_wconf 84' lang='lat' dir='ltr'><strong>illa</strong></span> <span class='ocrx_word' id='word_1_694' title='bbox 3416 4845 3504 4884; x_wconf 86' lang='lat' dir='ltr'><strong>re-</strong></span> 
     </span>
    </p>
   </div>
   <div class='ocr_carea' id='block_1_93' title="bbox 224 4914 1802 4994">
    <p class='ocr_par' dir='ltr' id='par_1_93' title="bbox 224 4914 1802 4991">
     <span class='ocr_line' id='line_1_94' title="bbox 224 4914 1802 4991; baseline 0.003 -20"><span class='ocrx_word' id='word_1_695' title='bbox 224 4918 523 4988; x_wconf 77' lang='grc' dir='ltr'>εστήσατο;</span> <span class='ocrx_word' id='word_1_696' title='bbox 552 4918 680 4990; x_wconf 72' lang='grc' dir='ltr'>περὶ</span> <span class='ocrx_word' id='word_1_697' title='bbox 699 4914 765 4990; x_wconf 75' lang='grc' dir='ltr'>ἧς</span> <span class='ocrx_word' id='word_1_698' title='bbox 794 4920 850 4971; x_wconf 84' lang='grc' dir='ltr'>ὲν</span> <span class='ocrx_word' id='word_1_699' title='bbox 880 4920 1237 4990; x_wconf 82' lang='grc' dir='ltr'>προφητείαις</span> <span class='ocrx_word' id='word_1_700' title='bbox 1271 4920 1454 4991; x_wconf 73' lang='grc' dir='ltr'>εἴρητο</span> <span class='ocrx_word' id='word_1_701' title='bbox 1472 4938 1485 4951; x_wconf 74' lang='grc' dir='ltr'><strong>ο</strong></span> <span class='ocrx_word' id='word_1_702' title='bbox 1522 4922 1802 4991; x_wconf 72' lang='grc' dir='ltr'>Γραφήτιι</span> 
     </span>
    </p>
   </div>
   <div class='ocr_carea' id='block_1_94' title="bbox 1905 4914 3505 4994">
    <p class='ocr_par' dir='ltr' id='par_1_94' title="bbox 1914 4920 3505 4994">
     <span class='ocr_line' id='line_1_95' title="bbox 1914 4920 3505 4994; baseline -0.004 -14"><span class='ocrx_word' id='word_1_703' title='bbox 1914 4939 2150 4994; x_wconf 90' lang='lat' dir='ltr'><strong>censque</strong></span> <span class='ocrx_word' id='word_1_704' title='bbox 2207 4927 2273 4977; x_wconf 86' lang='lat' dir='ltr'><strong>ab</strong></span> <span class='ocrx_word' id='word_1_705' title='bbox 2308 4938 2372 4977; x_wconf 90' lang='lat' dir='ltr'><strong>eo</strong></span> <span class='ocrx_word' id='word_1_706' title='bbox 2406 4924 2732 4978; x_wconf 81' lang='lat' dir='ltr'><strong>constituta?</strong></span> <span class='ocrx_word' id='word_1_707' title='bbox 2767 4923 2833 4978; x_wconf 89' lang='lat' dir='ltr'><strong>de</strong></span> <span class='ocrx_word' id='word_1_708' title='bbox 2872 4938 2975 4992; x_wconf 91' lang='lat' dir='ltr'><strong>qua</strong></span> <span class='ocrx_word' id='word_1_709' title='bbox 3020 4922 3073 4976; x_wconf 90' lang='lat' dir='ltr'><strong>in</strong></span> <span class='ocrx_word' id='word_1_710' title='bbox 3110 4921 3382 4975; x_wconf 88' lang='lat' dir='ltr'><strong>vaticiniis</strong></span> <span class='ocrx_word' id='word_1_711' title='bbox 3422 4920 3505 4975; x_wconf 90' lang='lat' dir='ltr'><strong>di-</strong></span> 
     </span>
    </p>
   </div>
   <div class='ocr_carea' id='block_1_95' title="bbox 225 5008 1814 5081">
    <p class='ocr_par' dir='ltr' id='par_1_95' title="bbox 225 5008 1814 5081">
     <span class='ocr_line' id='line_1_96' title="bbox 225 5008 1814 5081; baseline 0.003 -19"><span class='ocrx_word' id='word_1_712' title='bbox 225 5009 380 5075; x_wconf 82' lang='grc' dir='ltr'>αὕτη</span> <span class='ocrx_word' id='word_1_713' title='bbox 414 5008 523 5079; x_wconf 73' lang='grc'><strong>(74)</strong></span> <span class='ocrx_word' id='word_1_714' title='bbox 540 5013 627 5075; x_wconf 81' lang='grc' dir='ltr'><strong>είς</strong></span> <span class='ocrx_word' id='word_1_715' title='bbox 654 5009 866 5078; x_wconf 72' lang='grc' dir='ltr'>γενεὰν</span> <span class='ocrx_word' id='word_1_716' title='bbox 882 5010 1111 5078; x_wconf 86' lang='grc' dir='ltr'>ἑτέραν,</span> <span class='ocrx_word' id='word_1_717' title='bbox 1128 5012 1226 5064; x_wconf 80' lang='grc' dir='ltr'>καὶ</span> <span class='ocrx_word' id='word_1_718' title='bbox 1253 5012 1403 5077; x_wconf 73' lang='grc' dir='ltr'>λαὸς</span> <span class='ocrx_word' id='word_1_719' title='bbox 1420 5014 1452 5065; x_wconf 82' lang='grc' dir='ltr'><em>ὀ</em></span> <span class='ocrx_word' id='word_1_720' title='bbox 1475 5011 1814 5081; x_wconf 80' lang='grc' dir='ltr'>κτιζόμενος</span> 
     </span>
    </p>
   </div>
   <div class='ocr_carea' id='block_1_96' title="bbox 1922 5014 3506 5084">
    <p class='ocr_par' dir='ltr' id='par_1_96' title="bbox 1922 5014 3506 5084">
     <span class='ocr_line' id='line_1_97' title="bbox 1922 5014 3506 5084; baseline -0.002 -15"><span class='ocrx_word' id='word_1_721' title='bbox 1922 5024 2067 5069; x_wconf 90' lang='lat' dir='ltr'><strong>ctum</strong></span> <span class='ocrx_word' id='word_1_722' title='bbox 2102 5023 2187 5069; x_wconf 91' lang='lat' dir='ltr'><strong>est</strong></span> <span class='ocrx_word' id='word_1_723' title='bbox 2218 5033 2231 5068; x_wconf 86' lang='lat'>:</span> <span class='ocrx_word' id='word_1_724' title='bbox 2266 5014 2545 5069; x_wconf 80' lang='lat' dir='ltr'><strong>Scribatur</strong></span> <span class='ocrx_word' id='word_1_725' title='bbox 2579 5015 2691 5067; x_wconf 62' lang='lat' dir='ltr'><strong>ha&#39;c</strong></span> <span class='ocrx_word' id='word_1_726' title='bbox 2734 5015 2788 5068; x_wconf 88' lang='lat' dir='ltr'><strong>in</strong></span> <span class='ocrx_word' id='word_1_727' title='bbox 2834 5014 3171 5084; x_wconf 81' lang='lat' dir='ltr'><strong>generatione</strong></span> <span class='ocrx_word' id='word_1_728' title='bbox 3221 5014 3409 5076; x_wconf 83' lang='lat' dir='ltr'><strong>altera,</strong></span> <span class='ocrx_word' id='word_1_729' title='bbox 3457 5022 3506 5066; x_wconf 86' lang='lat' dir='ltr'><strong>et</strong></span> 
     </span>
    </p>
   </div>
   <div class='ocr_carea' id='block_1_97' title="bbox 226 5103 1802 5176">
    <p class='ocr_par' dir='ltr' id='par_1_97' title="bbox 226 5103 1802 5173">
     <span class='ocr_line' id='line_1_98' title="bbox 226 5103 1802 5173; baseline -0.002 -16"><span class='ocrx_word' id='word_1_730' title='bbox 226 5103 462 5158; x_wconf 78' lang='grc' dir='ltr'>αἰνέσει</span> <span class='ocrx_word' id='word_1_731' title='bbox 487 5105 594 5157; x_wconf 77' lang='grc' dir='ltr'>τὸν</span> <span class='ocrx_word' id='word_1_732' title='bbox 631 5105 880 5173; x_wconf 84' lang='grc' dir='ltr'>Κύριον·</span> <span class='ocrx_word' id='word_1_733' title='bbox 928 5106 1022 5157; x_wconf 75' lang='grc' dir='ltr'>καὶ</span> <span class='ocrx_word' id='word_1_734' title='bbox 1064 5104 1225 5158; x_wconf 84' lang='grc' dir='ltr'>πάλιν</span> <span class='ocrx_word' id='word_1_735' title='bbox 1248 5122 1259 5134; x_wconf 91' lang='grc'><strong>·</strong></span> <span class='ocrx_word' id='word_1_736' title='bbox 1316 5103 1802 5173; x_wconf 68' lang='grc' dir='ltr'>Ἀναγγελήσετα,</span> 
     </span>
    </p>
   </div>
   <div class='ocr_carea' id='block_1_98' title="bbox 1905 5103 3508 5176">
    <p class='ocr_par' dir='ltr' id='par_1_98' title="bbox 1919 5104 3508 5176">
     <span class='ocr_line' id='line_1_99' title="bbox 1919 5104 3508 5176; baseline -0.001 -15"><span class='ocrx_word' id='word_1_737' title='bbox 1919 5106 2142 5174; x_wconf 79' lang='lat' dir='ltr'><strong>populus</strong></span> <span class='ocrx_word' id='word_1_738' title='bbox 2198 5109 2285 5176; x_wconf 81' lang='lat' dir='ltr'><strong>qui</strong></span> <span class='ocrx_word' id='word_1_739' title='bbox 2330 5117 2541 5160; x_wconf 85' lang='lat' dir='ltr'><strong>creatur</strong></span> <span class='ocrx_word' id='word_1_740' title='bbox 2579 5106 2817 5159; x_wconf 83' lang='lat' dir='ltr'><strong>laudabit</strong></span> <span class='ocrx_word' id='word_1_741' title='bbox 2851 5104 3236 5173; x_wconf 77' lang='lat' dir='ltr'><strong>Dominum&quot;;</strong></span> <span class='ocrx_word' id='word_1_742' title='bbox 3282 5118 3508 5159; x_wconf 81' lang='lat' dir='ltr'><strong>rursus-</strong></span> 
     </span>
    </p>
   </div>
   <div class='ocr_carea' id='block_1_99' title="bbox 226 5194 1802 5267">
    <p class='ocr_par' dir='ltr' id='par_1_99' title="bbox 226 5194 1802 5266">
     <span class='ocr_line' id='line_1_100' title="bbox 226 5194 1802 5266; baseline -0.003 -15"><span class='ocrx_word' id='word_1_743' title='bbox 226 5196 313 5262; x_wconf 81' lang='grc' dir='ltr'>τῷ</span> <span class='ocrx_word' id='word_1_744' title='bbox 335 5197 530 5264; x_wconf 84' lang='grc' dir='ltr'>Κυρίῳ</span> <span class='ocrx_word' id='word_1_745' title='bbox 557 5194 733 5266; x_wconf 78' lang='grc' dir='ltr'>γενεά</span> <span class='ocrx_word' id='word_1_746' title='bbox 756 5195 794 5262; x_wconf 82' lang='grc' dir='ltr'><em>ἠ</em></span> <span class='ocrx_word' id='word_1_747' title='bbox 823 5194 1137 5264; x_wconf 75' lang='grc' dir='ltr'>ἐρχομένη.</span> <span class='ocrx_word' id='word_1_748' title='bbox 1173 5196 1373 5266; x_wconf 80' lang='grc' dir='ltr'>Διόπερ</span> <span class='ocrx_word' id='word_1_749' title='bbox 1412 5194 1697 5257; x_wconf 86' lang='grc' dir='ltr'>δεικτικῶς</span> <span class='ocrx_word' id='word_1_750' title='bbox 1740 5196 1802 5256; x_wconf 74' lang='grc' dir='ltr'><strong>εἰς</strong></span> 
     </span>
    </p>
   </div>
   <div class='ocr_carea' id='block_1_100' title="bbox 1905 5194 3509 5267">
    <p class='ocr_par' dir='ltr' id='par_1_100' title="bbox 1922 5195 3509 5267">
     <span class='ocr_line' id='line_1_101' title="bbox 1922 5195 3509 5267; baseline -0.001 -17"><span class='ocrx_word' id='word_1_751' title='bbox 1922 5213 2027 5267; x_wconf 85' lang='lat' dir='ltr'><strong>que</strong></span> <span class='ocrx_word' id='word_1_752' title='bbox 2058 5216 2071 5251; x_wconf 89' lang='lat'><strong>:</strong></span> <span class='ocrx_word' id='word_1_753' title='bbox 2100 5198 2517 5252; x_wconf 73' lang='lat' dir='ltr'><strong>Annuntiabitur</strong></span> <span class='ocrx_word' id='word_1_754' title='bbox 2541 5196 2763 5251; x_wconf 89' lang='lat' dir='ltr'><strong>Domino</strong></span> <span class='ocrx_word' id='word_1_755' title='bbox 2789 5198 3055 5266; x_wconf 85' lang='lat' dir='ltr'><strong>generatio</strong></span> <span class='ocrx_word' id='word_1_756' title='bbox 3076 5198 3377 5251; x_wconf 78' lang='lat' dir='ltr'><strong>ventura&quot;.</strong></span> <span class='ocrx_word' id='word_1_757' title='bbox 3405 5195 3509 5249; x_wconf 85' lang='lat' dir='ltr'><strong>Ita-</strong></span> 
     </span>
    </p>
   </div>
   <div class='ocr_carea' id='block_1_101' title="bbox 226 5284 1814 5354">
    <p class='ocr_par' dir='ltr' id='par_1_101' title="bbox 226 5284 1814 5354">
     <span class='ocr_line' id='line_1_102' title="bbox 226 5284 1814 5354; baseline -0.004 -11"><span class='ocrx_word' id='word_1_758' title='bbox 226 5289 360 5350; x_wconf 85' lang='grc' dir='ltr'>τοὺς</span> <span class='ocrx_word' id='word_1_759' title='bbox 389 5286 720 5348; x_wconf 84' lang='grc' dir='ltr'>ἀποστόλους</span> <span class='ocrx_word' id='word_1_760' title='bbox 747 5284 935 5349; x_wconf 79' lang='grc' dir='ltr'>αὐτοῦ,</span> <span class='ocrx_word' id='word_1_761' title='bbox 958 5285 1052 5338; x_wconf 74' lang='grc' dir='ltr'>καὶ</span> <span class='ocrx_word' id='word_1_762' title='bbox 1074 5285 1172 5354; x_wconf 80' lang='grc' dir='ltr'>τὴν</span> <span class='ocrx_word' id='word_1_763' title='bbox 1205 5284 1264 5351; x_wconf 72' lang='grc' dir='ltr'><strong>ἐξ</strong></span> <span class='ocrx_word' id='word_1_764' title='bbox 1287 5284 1467 5337; x_wconf 76' lang='grc' dir='ltr'>αὐτῶν</span> <span class='ocrx_word' id='word_1_765' title='bbox 1490 5284 1586 5337; x_wconf 76' lang='grc' dir='ltr'>καὶ</span> <span class='ocrx_word' id='word_1_766' title='bbox 1618 5284 1681 5337; x_wconf 79' lang='grc' dir='ltr'><strong>δι’</strong></span> <span class='ocrx_word' id='word_1_767' title='bbox 1713 5286 1814 5338; x_wconf 84' lang='grc' dir='ltr'><strong>αὑ-</strong></span> 
     </span>
    </p>
   </div>
   <div class='ocr_carea' id='block_1_102' title="bbox 1926 5288 3509 5361">
    <p class='ocr_par' dir='ltr' id='par_1_102' title="bbox 1926 5288 3509 5361">
     <span class='ocr_line' id='line_1_103' title="bbox 1926 5288 3509 5361; baseline 0 -18"><span class='ocrx_word' id='word_1_768' title='bbox 1926 5306 2031 5360; x_wconf 91' lang='lat' dir='ltr'><strong>que</strong></span> <span class='ocrx_word' id='word_1_769' title='bbox 2057 5292 2336 5345; x_wconf 82' lang='lat' dir='ltr'><strong>evidenter</strong></span> <span class='ocrx_word' id='word_1_770' title='bbox 2365 5292 2433 5347; x_wconf 87' lang='lat' dir='ltr'><strong>ad</strong></span> <span class='ocrx_word' id='word_1_771' title='bbox 2456 5306 2582 5347; x_wconf 88' lang='lat' dir='ltr'><strong>suos</strong></span> <span class='ocrx_word' id='word_1_772' title='bbox 2609 5290 2884 5361; x_wconf 76' lang='lat' dir='ltr'><strong>apostolos</strong></span> <span class='ocrx_word' id='word_1_773' title='bbox 2913 5299 3078 5359; x_wconf 79' lang='lat' dir='ltr'><strong>atque</strong></span> <span class='ocrx_word' id='word_1_774' title='bbox 3103 5290 3168 5344; x_wconf 91' lang='lat' dir='ltr'><strong>ad</strong></span> <span class='ocrx_word' id='word_1_775' title='bbox 3204 5288 3509 5343; x_wconf 83' lang='lat' dir='ltr'><strong>institutam</strong></span> 
     </span>
    </p>
   </div>
   <div class='ocr_carea' id='block_1_103' title="bbox 225 5376 1802 5452">
    <p class='ocr_par' dir='ltr' id='par_1_103' title="bbox 225 5376 1802 5450">
     <span class='ocr_line' id='line_1_104' title="bbox 225 5376 1802 5450; baseline -0.003 -17"><span class='ocrx_word' id='word_1_776' title='bbox 225 5379 341 5435; x_wconf 82' lang='grc' dir='ltr'><strong>τῶν</strong></span> <span class='ocrx_word' id='word_1_777' title='bbox 372 5380 491 5432; x_wconf 78' lang='grc' dir='ltr'>καθ’</span> <span class='ocrx_word' id='word_1_778' title='bbox 524 5378 651 5449; x_wconf 85' lang='grc' dir='ltr'>ὅλης</span> <span class='ocrx_word' id='word_1_779' title='bbox 678 5380 777 5450; x_wconf 82' lang='grc' dir='ltr'><strong>τῆς</strong></span> <span class='ocrx_word' id='word_1_780' title='bbox 808 5377 1129 5447; x_wconf 78' lang='grc' dir='ltr'>οἰκουμένης</span> <span class='ocrx_word' id='word_1_781' title='bbox 1173 5376 1581 5447; x_wconf 82' lang='grc' dir='ltr'>συστησομένην</span> <span class='ocrx_word' id='word_1_782' title='bbox 1625 5376 1802 5447; x_wconf 51' lang='grc' dir='ltr'>καινὴκ</span> 
     </span>
    </p>
   </div>
   <div class='ocr_carea' id='block_1_104' title="bbox 1905 5376 3510 5452">
    <p class='ocr_par' dir='ltr' id='par_1_104' title="bbox 1924 5382 3510 5452">
     <span class='ocr_line' id='line_1_105' title="bbox 1924 5382 3510 5452; baseline -0.001 -17"><span class='ocrx_word' id='word_1_783' title='bbox 1924 5397 1989 5435; x_wconf 83' lang='lat' dir='ltr'><strong>ex</strong></span> <span class='ocrx_word' id='word_1_784' title='bbox 2020 5382 2152 5450; x_wconf 91' lang='lat' dir='ltr'><strong>ipsis</strong></span> <span class='ocrx_word' id='word_1_785' title='bbox 2183 5392 2238 5437; x_wconf 90' lang='lat' dir='ltr'><strong>et</strong></span> <span class='ocrx_word' id='word_1_786' title='bbox 2268 5397 2366 5452; x_wconf 91' lang='lat' dir='ltr'><strong>per</strong></span> <span class='ocrx_word' id='word_1_787' title='bbox 2389 5382 2539 5452; x_wconf 87' lang='lat' dir='ltr'><strong>ipsos</strong></span> <span class='ocrx_word' id='word_1_788' title='bbox 2569 5382 2621 5437; x_wconf 89' lang='lat' dir='ltr'><strong>in</strong></span> <span class='ocrx_word' id='word_1_789' title='bbox 2644 5384 2777 5437; x_wconf 89' lang='lat' dir='ltr'><strong>orbe</strong></span> <span class='ocrx_word' id='word_1_790' title='bbox 2801 5382 3056 5437; x_wconf 89' lang='lat' dir='ltr'><strong>universo</strong></span> <span class='ocrx_word' id='word_1_791' title='bbox 3080 5395 3276 5435; x_wconf 89' lang='lat' dir='ltr'><strong>novam</strong></span> <span class='ocrx_word' id='word_1_792' title='bbox 3309 5388 3510 5434; x_wconf 67' lang='lat' dir='ltr'><strong>sancta:</strong></span> 
     </span>
    </p>
   </div>
   <div class='ocr_carea' id='block_1_105' title="bbox 228 5467 1808 5542">
    <p class='ocr_par' dir='ltr' id='par_1_105' title="bbox 228 5467 1808 5542">
     <span class='ocr_line' id='line_1_106' title="bbox 228 5467 1808 5542; baseline -0.001 -17"><span class='ocrx_word' id='word_1_793' title='bbox 228 5470 427 5542; x_wconf 79' lang='grc' dir='ltr'>γενεὰν</span> <span class='ocrx_word' id='word_1_794' title='bbox 452 5470 551 5540; x_wconf 84' lang='grc' dir='ltr'>τῆς</span> <span class='ocrx_word' id='word_1_795' title='bbox 580 5470 741 5539; x_wconf 81' lang='grc' dir='ltr'>ἁγίας</span> <span class='ocrx_word' id='word_1_796' title='bbox 778 5468 1102 5540; x_wconf 86' lang='grc' dir='ltr'>Ἐκκλησίας</span> <span class='ocrx_word' id='word_1_797' title='bbox 1130 5468 1293 5521; x_wconf 79' lang='grc' dir='ltr'>αὑτοῦ</span> <span class='ocrx_word' id='word_1_798' title='bbox 1318 5468 1559 5540; x_wconf 72' lang='grc' dir='ltr'>ἀφορῶν,</span> <span class='ocrx_word' id='word_1_799' title='bbox 1592 5467 1775 5536; x_wconf 77' lang='grc' dir='ltr'>ἔλεγεν</span> <span class='ocrx_word' id='word_1_800' title='bbox 1797 5488 1808 5499; x_wconf 90' lang='grc'><strong>·</strong></span> 
     </span>
    </p>
   </div>
   <div class='ocr_carea' id='block_1_106' title="bbox 240 5559 1821 5633">
    <p class='ocr_par' dir='ltr' id='par_1_106' title="bbox 240 5559 1821 5633">
     <span class='ocr_line' id='line_1_107' title="bbox 240 5559 1821 5633; baseline -0.003 -15"><span class='ocrx_word' id='word_1_801' title='bbox 240 5565 327 5618; x_wconf 87' lang='grc' dir='ltr'><strong>Οὐ</strong></span> <span class='ocrx_word' id='word_1_802' title='bbox 349 5564 435 5632; x_wconf 80' lang='grc' dir='ltr'>μὴ</span> <span class='ocrx_word' id='word_1_803' title='bbox 468 5562 739 5633; x_wconf 70' lang='grc' dir='ltr'>παρέλθῃ</span> <span class='ocrx_word' id='word_1_804' title='bbox 777 5563 815 5631; x_wconf 75' lang='grc' dir='ltr'><strong>ἠ</strong></span> <span class='ocrx_word' id='word_1_805' title='bbox 849 5561 1025 5633; x_wconf 80' lang='grc' dir='ltr'>γενεὰ</span> <span class='ocrx_word' id='word_1_806' title='bbox 1048 5561 1223 5629; x_wconf 81' lang='grc' dir='ltr'>αὕτη,</span> <span class='ocrx_word' id='word_1_807' title='bbox 1251 5561 1361 5627; x_wconf 82' lang='grc' dir='ltr'>ἕως</span> <span class='ocrx_word' id='word_1_808' title='bbox 1384 5562 1460 5615; x_wconf 85' lang='grc' dir='ltr'>ἂν</span> <span class='ocrx_word' id='word_1_809' title='bbox 1494 5559 1689 5614; x_wconf 82' lang='grc' dir='ltr'>πάντα</span> <span class='ocrx_word' id='word_1_810' title='bbox 1729 5562 1821 5632; x_wconf 66' lang='grc' dir='ltr'>γέ.</span> 
     </span>
    </p>
   </div>
   <div class='ocr_carea' id='block_1_107' title="bbox 310 5721 1983 5794">
    <p class='ocr_par' dir='ltr' id='par_1_107' title="bbox 310 5721 1983 5794">
     <span class='ocr_line' id='line_1_108' title="bbox 310 5721 1983 5794; baseline 0.001 -17"><span class='ocrx_word' id='word_1_811' title='bbox 310 5724 351 5754; x_wconf 88' lang='grc'><strong>⁷¹</strong></span> <span class='ocrx_word' id='word_1_812' title='bbox 384 5722 513 5794; x_wconf 70' lang='grc' dir='ltr'>ιιις.</span> <span class='ocrx_word' id='word_1_813' title='bbox 551 5738 663 5787; x_wconf 70' lang='grc' dir='ltr'>ιιι,</span> <span class='ocrx_word' id='word_1_814' title='bbox 710 5722 900 5777; x_wconf 66' lang='lat'><strong>29-51.</strong></span> <span class='ocrx_word' id='word_1_815' title='bbox 975 5723 1020 5753; x_wconf 83' lang='lat'><strong>&quot;</strong></span> <span class='ocrx_word' id='word_1_816' title='bbox 1050 5721 1067 5775; x_wconf 89' lang='grc' dir='ltr'><strong>Ι</strong></span> <span class='ocrx_word' id='word_1_817' title='bbox 1094 5721 1222 5777; x_wconf 85' lang='lat' dir='ltr'><strong>Cor.</strong></span> <span class='ocrx_word' id='word_1_818' title='bbox 1255 5737 1317 5785; x_wconf 89' lang='lat' dir='ltr'><strong>Il,</strong></span> <span class='ocrx_word' id='word_1_819' title='bbox 1356 5723 1409 5776; x_wconf 83' lang='lat'><strong>9.</strong></span> <span class='ocrx_word' id='word_1_820' title='bbox 1486 5724 1530 5754; x_wconf 90' lang='grc'>⁷³</span> <span class='ocrx_word' id='word_1_821' title='bbox 1564 5723 1693 5778; x_wconf 90' lang='lat' dir='ltr'><strong>Luc.</strong></span> <span class='ocrx_word' id='word_1_822' title='bbox 1736 5740 1850 5788; x_wconf 78' lang='lat' dir='ltr'><strong>nr,</strong></span> <span class='ocrx_word' id='word_1_823' title='bbox 1894 5724 1983 5779; x_wconf 73' lang='lat'><strong>52.</strong></span> 
     </span>
    </p>
   </div>
   <div class='ocr_carea' id='block_1_108' title="bbox 1926 5470 3508 5544">
    <p class='ocr_par' dir='ltr' id='par_1_108' title="bbox 1926 5470 3508 5544">
     <span class='ocr_line' id='line_1_109' title="bbox 1926 5470 3508 5544; baseline -0.005 -11"><span class='ocrx_word' id='word_1_824' title='bbox 1926 5472 2179 5539; x_wconf 60' lang='lat' dir='ltr'><strong>Esclesiae</strong></span> <span class='ocrx_word' id='word_1_825' title='bbox 2231 5474 2635 5544; x_wconf 79' lang='lat' dir='ltr'><strong>generationem</strong></span> <span class='ocrx_word' id='word_1_826' title='bbox 2675 5474 2924 5530; x_wconf 76' lang='lat' dir='ltr'><strong>Christus</strong></span> <span class='ocrx_word' id='word_1_827' title='bbox 2959 5472 3253 5541; x_wconf 87' lang='lat' dir='ltr'><strong>respiciens</strong></span> <span class='ocrx_word' id='word_1_828' title='bbox 3287 5470 3508 5526; x_wconf 88' lang='lat' dir='ltr'><strong>aiebat:</strong></span> 
     </span>
    </p>
   </div>
   <div class='ocr_carea' id='block_1_109' title="bbox 1930 5563 3506 5637">
    <p class='ocr_par' dir='ltr' id='par_1_109' title="bbox 1930 5563 3506 5637">
     <span class='ocr_line' id='line_1_110' title="bbox 1930 5563 3506 5637; baseline -0.001 -19"><span class='ocrx_word' id='word_1_829' title='bbox 1930 5564 2052 5619; x_wconf 83' lang='lat' dir='ltr'><strong>Non</strong></span> <span class='ocrx_word' id='word_1_830' title='bbox 2095 5568 2380 5635; x_wconf 76' lang='lat' dir='ltr'><strong>prwteribit</strong></span> <span class='ocrx_word' id='word_1_831' title='bbox 2424 5570 2692 5635; x_wconf 87' lang='lat' dir='ltr'><strong>generatio</strong></span> <span class='ocrx_word' id='word_1_832' title='bbox 2729 5569 2863 5634; x_wconf 66' lang='lat' dir='ltr'><strong>haec,</strong></span> <span class='ocrx_word' id='word_1_833' title='bbox 2898 5567 3069 5621; x_wconf 83' lang='lat' dir='ltr'><strong>donec</strong></span> <span class='ocrx_word' id='word_1_834' title='bbox 3121 5564 3301 5618; x_wconf 84' lang='lat' dir='ltr'><strong>omnia</strong></span> <span class='ocrx_word' id='word_1_835' title='bbox 3348 5563 3506 5637; x_wconf 52' lang='lat' dir='ltr'><strong>ﬁant.</strong></span> 
     </span>
    </p>
   </div>
   <div class='ocr_carea' id='block_1_110' title="bbox 2062 5724 3081 5791">
    <p class='ocr_par' dir='ltr' id='par_1_110' title="bbox 2062 5724 3081 5791">
     <span class='ocr_line' id='line_1_111' title="bbox 2062 5724 3081 5791; baseline -0.003 -11"><span class='ocrx_word' id='word_1_836' title='bbox 2062 5726 2252 5780; x_wconf 74' lang='lat' dir='ltr'><strong>“Psal.</strong></span> <span class='ocrx_word' id='word_1_837' title='bbox 2299 5744 2373 5791; x_wconf 83' lang='lat' dir='ltr'><strong>Cl,</strong></span> <span class='ocrx_word' id='word_1_838' title='bbox 2422 5726 2506 5780; x_wconf 67' lang='lat' dir='ltr'><strong>tl).</strong></span> <span class='ocrx_word' id='word_1_839' title='bbox 2583 5727 2629 5758; x_wconf 80' lang='grc'>⁷⁸</span> <span class='ocrx_word' id='word_1_840' title='bbox 2660 5726 2801 5781; x_wconf 84' lang='lat' dir='ltr'><strong>Psal.</strong></span> <span class='ocrx_word' id='word_1_841' title='bbox 2838 5742 2947 5787; x_wconf 71' lang='lat' dir='ltr'><strong>nt,</strong></span> <span class='ocrx_word' id='word_1_842' title='bbox 2992 5724 3081 5778; x_wconf 75' lang='grc'><strong>52.</strong></span> 
     </span>
    </p>
   </div>
   <div class='ocr_carea' id='block_1_111' title="bbox 316 5811 3503 5888">
    <p class='ocr_par' dir='ltr' id='par_1_111' title="bbox 316 5811 3503 5888">
     <span class='ocr_line' id='line_1_112' title="bbox 316 5811 3503 5888; baseline 0.003 -23"><span class='ocrx_word' id='word_1_843' title='bbox 316 5812 431 5882; x_wconf 75' lang='grc' dir='ltr'><strong>(Ἠ)</strong></span> <span class='ocrx_word' id='word_1_844' title='bbox 461 5811 704 5882; x_wconf 82' lang='lat' dir='ltr'><strong>Videtur,</strong></span> <span class='ocrx_word' id='word_1_845' title='bbox 736 5814 840 5871; x_wconf 88' lang='lat' dir='ltr'><strong>nisi</strong></span> <span class='ocrx_word' id='word_1_846' title='bbox 868 5814 1044 5885; x_wconf 78' lang='lat' dir='ltr'><strong>fallor,</strong></span> <span class='ocrx_word' id='word_1_847' title='bbox 1101 5814 1367 5872; x_wconf 85' lang='lat' dir='ltr'><strong>Eusebius</strong></span> <span class='ocrx_word' id='word_1_848' title='bbox 1406 5815 1549 5871; x_wconf 85' lang='lat' dir='ltr'><strong>haud</strong></span> <span class='ocrx_word' id='word_1_849' title='bbox 1618 5817 1935 5872; x_wconf 87' lang='lat' dir='ltr'><strong>neutraliter</strong></span> <span class='ocrx_word' id='word_1_850' title='bbox 1990 5819 2125 5881; x_wconf 69' lang='grc' dir='ltr'>αὕτη</span> <span class='ocrx_word' id='word_1_851' title='bbox 2190 5819 2510 5888; x_wconf 79' lang='lat' dir='ltr'><strong>intelligere,</strong></span> <span class='ocrx_word' id='word_1_852' title='bbox 2544 5828 2600 5875; x_wconf 90' lang='lat' dir='ltr'><strong>ut</strong></span> <span class='ocrx_word' id='word_1_853' title='bbox 2638 5819 2751 5886; x_wconf 88' lang='lat' dir='ltr'><strong>alii,</strong></span> <span class='ocrx_word' id='word_1_854' title='bbox 2784 5818 2876 5875; x_wconf 90' lang='lat' dir='ltr'><strong>sed</strong></span> <span class='ocrx_word' id='word_1_855' title='bbox 2908 5817 2973 5874; x_wconf 91' lang='lat' dir='ltr'><strong>dc</strong></span> <span class='ocrx_word' id='word_1_856' title='bbox 3002 5818 3115 5887; x_wconf 86' lang='lat' dir='ltr'><strong>ipsa</strong></span> <span class='ocrx_word' id='word_1_857' title='bbox 3145 5817 3503 5887; x_wconf 82' lang='lat' dir='ltr'><strong>generatione</strong></span> 
     </span>
    </p>
   </div>
   <div class='ocr_carea' id='block_1_112' title="bbox 239 5894 540 5945">
    <p class='ocr_par' dir='ltr' id='par_1_112' title="bbox 239 5894 540 5945">
     <span class='ocr_line' id='line_1_113' title="bbox 239 5894 540 5945; baseline -0.023 0"><span class='ocrx_word' id='word_1_858' title='bbox 239 5898 340 5945; x_wconf 72' lang='lat' dir='ltr'><strong>seu</strong></span> <span class='ocrx_word' id='word_1_859' title='bbox 363 5894 540 5940; x_wconf 73' lang='lat' dir='ltr'><strong>tetate.</strong></span> 
     </span>
    </p>
   </div>
  </div>
