4062 6436
262 406 367 463 605

798 595 1302 661 ἀστραπτούσαις.

330 686 525 757 Χαρᾶς
562 687 653 738 καὶ
704 685 939 751 γέλωτος
994 690 1195 754 σημεῖα
1228 684 1588 756 γνωρίσματά
1640 703 1699 738 τε
1742 687 1841 756 τῆς

262 778 533 847 σωτηρίου
574 776 921 839 ἀναστάσεως
968 776 1098 847 όρᾷν
1128 776 1455 850 παρέχονται
1484 778 1573 829 καὶ⁵
1616 777 1704 833 διὰ
1743 779 1841 848 τῆς

258 867 464 937 λευκῆς
488 865 800 939 περιὼλῆς,
842 864 980 918 ὥστε
1016 867 1110 918 καὶ
1137 866 1244 918 ἀπὸ
1272 864 1365 919 τοῦ
1394 868 1673 936 σχήματος¹
1697 884 1831 937 συμο

258 958 444 1013 σαλεῐν
475 956 577 1020 τὰς
608 961 868 1025 γυναῖκας
906 958 967 1011 τὸ
1010 956 1231 1025 φαιδρὸν
1267 955 1366 1024 τῆς
1399 957 1690 1027 ἐγέρσεως,
1744 960 1838 1011 καὶ

255 1050 360 1120 τῆς
386 1049 482 1102 τοῦ
511 1050 701 1117 Πάσχα
734 1048 928 1119 ὲορτῆς
956 1050 1051 1101 σὺν
1078 1050 1191 1110 τοῖς
1224 1047 1563 1117 λευχείμοσιν
1587 1049 1838 1116 ἀγγέλοις

259 1139 633 1210 ἀπάρξασθαι.
685 1125 929 1209 ’Μωῦσῆς
966 1139 1063 1209 μὲν
1104 1138 1211 1209 γὰρ
1264 1138 1474 1208 πληγὰς
1524 1140 1835 1207 Αἰγυπτίων

261 1232 474 1301 μέλλων
495 1232 855 1285 διακονεῖσθαι
888 1231 1232 1302 καταλλήλως
1261 1232 1319 1283 ὲν
1342 1223 1518 1300 φλογὶ¹
1539 1232 1711 1302 πυρὸς
1742 1231 1834 1283 τὸν

256 1320 353 1373 ἐπὶ
377 1318 482 1389 τῆς
526 1319 692 1389 βάτου
737 1320 963 1387 ἄγγελον
988 1317 1162 1389 ἐώραν
1196 1320 1227 1372 6
1256 1318 1300 1371 δ’
1342 1318 1508 1382 αὐτὸς
1543 1318 1837 1390 μοχθηροῖς

254 1409 485 1480 ἀνδράσι
510 1408 832 1480 νομοθετῶν,
866 1408 977 1479 πῦρ
1002 1408 1395 1463 καταναλίσκον
1422 1409 1514 1462 τὸν
1541 1408 1672 1463 Θεὸν
1695 1406 1832 1462 εἶναι

254 1497 465 1565 ἔλεγεν,
516 1497 891 1567 τιμωρητικὸν
931 1498 1032 1550 καὶ
1079 1497 1343 1567 κολαστὴν
1389 1499 1572 1561 αὐτοῖς
1612 1496 1831 1551 ἔσεσθαι

253 1587 422 1641 αὐτὸν
446 1586 839 1655 αἰνιττόμενος·
872 1585 952 1638 διὸ
984 1586 1077 1639 καὶ
1127 1590 1184 1639 ὲν
1218 1586 1391 1656 στόλῳ
1432 1587 1602 1657 πυρὸς
1650 1589 1832 1657 ἡγεῖτο

256 1677 442 1731 αὐτῶν
475 1679 503 1730 ό
525 1677 677 1740 Θεός.
708 1674 866 1730 Οὕτω
896 1679 1007 1739 τοῖς
1050 1677 1271 1730 ἀσεϐέσι
1296 1677 1547 1745 γενέσθαι
1577 1680 1703 1743 τοὺς
1730 1680 1832 1748 ἀγ-

253 1770 449 1839 γέλους
473 1770 645 1839 πυρὸς
676 1768 845 1838 φλόγα
869 1767 1105 1833 ἐδίδαξεν
1131 1766 1299 1821 εἰπών
1319 1787 1331 1799 ·
1379 1770 1435 1821 '0
1464 1769 1651 1824 ποιῶν
1686 1771 1832 1836 τοὺς

1290 404 1774 463 FRAGHNTUM
1829 405 1899 462 IN
1940 405 2157 464 EPIST.
2190 406 2283 462 AD
2318 406 2524 464 HEBR.

258 523 379 581 Δύο
420 522 638 593 ἄνδρες
702 524 1052 591 ἐπέστησαν
1119 524 1329 591 αὐτοῖς
1375 527 1445 579 ἐν
1503 524 1838 592 ἐσθήσεσιν
1867 534 1915 589 Α

3408 406 3513 467 ϐω

2151 528 2196 560 ⁸¹
2212 526 2330 580 Duo
2360 529 2459 581 viri
2490 536 2741 663 slelefrultu
2771 525 3056 608 secatsillas
3084 524 3139 579 in
3174 534 3315 580 uale

2636 613 2668 649 tt
2691 608 2849 663 genti.

2636 608 2849 664 utgentt.

2016 684 2236 739 Lmtitia:
2268 684 2558 755 gaudiique
2582 684 2757 750 signa.
2798 692 2853 737 et
2884 683 3191 737 Servatoris
3225 697 3515 753 resurgen-

1940 777 2011 829 tis
2048 775 2242 827 indicia
2281 776 2490 828 obtutui
2517 772 2773 828 exhibent
2802 771 3030 825 vestiqu
3060 772 3313 835 candore,
3352 771 3425 824 ita
3452 781 3514 824 ut

1938 880 2006 918 ex
2029 863 2214 918 habitu
2245 878 2461 931 quoque
2483 864 2852 928 coniectarent
2877 860 3133 915 mulieres
3156 860 3512 916 resurrectio-

1940 956 2024 1009 nis
2052 956 2403 1019 hilaritatem,
2437 952 2819 1021 Paschalisque
2851 952 2974 1005 festi
3017 967 3140 1006 cum
3176 952 3371 1006 albatis
3410 967 3514 1006 an—

1937 1046 2071 1115 gelis
2118 1045 2353 1099 initium.
2405 1045 2617 1115 Moyses
2638 1055 2828 1097 contra
2864 1042 3515 1114 Egyptiacarumplaga-

1940 1152 2057 1189 rum
2087 1134 2301 1189 futurus
2331 1135 2604 1199 minister,
2640 1134 2693 1187 iu
2723 1134 2938 1187 ﬂamma
2978 1135 3121 1203 ignis
3150 1134 3401 1204 angelum
3427 1134 3483 1187 in

1939 1236 2019 1277 Ira
2052 1224 2243 1278 rubum
2275 1234 2580 1279 versantem
2608 1225 2951 1293 spectavit”.
3000 1223 3144 1279 Idem
3200 1224 3383 1293 pravis
3412 1226 3512 1278 ho-

1937 1316 2177 1371 minibus
2224 1315 2395 1384 legem
2430 1317 2698 1378 scribens,
2737 1317 2904 1370 Deum
2945 1316 3250 1385 appellabat
3286 1314 3513 1369 edacem

1936 1408 2136 1476 ignem,
2165 1408 2469 1474 punitorem
2500 1422 2565 1461 ac
2596 1408 2863 1461 vindicem
2893 1408 3022 1475 ipsis
3048 1408 3165 1460 fore
3190 1406 3421 1462 innueus
3439 1403 3531 1483 ⁸⁸.¹

1934 1500 2119 1562 Quare
2157 1497 2209 1549 in
2255 1498 2406 1565 ignea
2441 1492 2688 1553 columna
2735 1499 3074 1567 praecedebat
3115 1497 3237 1553 illos
3281 1499 3420 1553 Deus
3440 1497 3509 1551 ⁸⁸.

1934 1589 2027 1643 Sic
2059 1589 2219 1643 etiam
2249 1590 2430 1657 impiis
2471 1589 2585 1643 fore
2636 1590 2857 1659 angelos
2883 1591 3036 1659 quasi
3072 1590 3211 1659 ignis
3237 1588 3511 1644 ﬂammam

1932 1677 2326 1732 demonstravit
2361 1678 2583 1733 dicens:
2615 1678 2717 1743 Qui
2758 1679 2883 1747 facit
2907 1678 3176 1733 ministros
3206 1694 3330 1733 suos
3348 1680 3510 1747 ﬂant-

1931 1784 2070 1822 ment
2100 1769 2236 1844 ignis
2256 1769 2326 1823 “.
2361 1769 2468 1824 Sed
2506 1785 2614 1824 non
2649 1773 2750 1825 hac
2780 1772 2963 1839 specie
2998 1770 3251 1825 viderunt
3288 1769 3512 1840 angelos

251 1857 643 1926 λειτουρτοὺς
690 1856 877 1911 αὐτοῦ
906 1856 1095 1925 πυρὸς
1123 1857 1338 1925 φλόγα.
1381 1856 1519 1910 Ἀλλ’
1549 1858 1611 1910 οὐ
1656 1858 1833 1911 τοιού-

1935 1858 1989 1911 in
2016 1844 2371 1912 monumento
2406 1858 2684 1923 mulieres,
2718 1860 2813 1914 sed
2842 1859 3041 1914 hilares
3064 1868 3231 1928 atque
3260 1872 3511 1921 serenos.

252 1967 380 2013 τους
428 1950 486 2010 αἱ
538 1953 794 2017 γυναῖκες
820 1951 945 2012 τοὺς
973 1948 1103 2005 εἴσω
1151 1949 1245 2002 τοῦ
1301 1950 1583 2021 μνήματος
1619 1950 1825 2023 ἑώρων,

253 2041 523 2111 γαληνοὺς
546 2040 602 2092 δέ
635 2057 789 2102 τινας
813 2040 906 2092 καὶ
932 2039 1205 2110 φαιδροὺς,
1230 2040 1374 2102 οἴους
1402 2042 1569 2111 ἐχρῆν
1598 2043 1689 2095 ἐπὶ
1724 2044 1827 2095 Δε..

260 2130 460 2184 σττότου
485 2132 626 2202 χαρᾷ
660 2131 754 2183 καὶ
787 2129 1029 2200 βασιλείᾳ
1057 2128 1357 2198 φαίνεσθαι.
1398 2130 1521 2183 Ἐπὶ
1573 2133 1671 2202 μὲν
1718 2131 1827 2204 γὰρ

249 2220 334 2291 τῷ
358 2221 523 2274 πάθει
551 2220 647 2274 τοῦ
679 2220 930 2290 Σωτῆρος
958 2223 987 2273 6
1008 2220 1157 2290 ἥλιος
1190 2219 1421 2285 ἐξέλιπε,
1452 2222 1642 2285 σκότος
1667 2240 1826 2294 περι-

252 2310 435 2366 ϐαλὼν
456 2310 533 2382 τῷ
561 2315 742 2374 παντὶ,
772 2310 983 2382 θρήνων
1008 2328 1067 2364 τε
1096 2313 1187 2371 καὶ
1211 2311 1439 2375 πένθους
1459 2312 1702 2382 σύμϐολα
1715 2315 1827 2378 τοϊς

255 2401 550 2473 σταυροῦσι
577 2401 669 2453 τὸν
699 2400 823 2453 Υἱὺν
843 2400 936 2453 τοῦ
960 2400 1095 2453 Θεοῦ
1127 2400 1340 2463 δεικνιῒς
1364 2417 1378 2431 ·
1411 2402 1505 2454 καὶ
1525 2402 1698 2465 οὐδεὶς
1729 2404 1828 2472 μὲν

254 2491 505 2562 ιφαίνετο
544 2492 652 2544 τῶν
694 2490 940 2560 ἀγγέλων
983 2490 1043 2544 τὸ
1073 2490 1378 2562 τηνικαῦτα
1412 2493 1489 2556 ὡς
1528 2493 1674 2556 εἰκὸς
1717 2496 1827 2557 τοῖς

260 2580 761 2653 μαθηταῖςρμοΞως
781 2584 876 2636 καὶ
903 2581 1079 2635 αὐτῶν
1098 2576 1200 2635 ὦδε
1233 2584 1395 2635 κάκεῖ
1420 2582 1828 2643 διασκεδασθέν-

249 2689 383 2726 των.
410 2673 473 2725 Εἰ
509 2672 555 2725 δ’
588 2674 697 2743 ἀρα
744 2673 837 2726 καὶ
879 2672 1112 2743 ὀφθῆναί
1149 2691 1270 2733 τινα
1312 2675 1500 2745 ἐχρῆν,
1530 2675 1671 2745 τάχα
1722 2692 1826 2728 που

249 2763 357 2836 τὴν
400 2764 647 2817 ἑναντίαν
676 2768 790 2828 τοῖς
820 2764 1159 2836 λευχειμοσιν
1206 2765 1514 2838 ἀνθρώποις
1559 2766 1658 2837 τὴν
1700 2770 1830 2821 ἀνα-

254 2852 449 2925 στολὴν
492 2854 793 2918 ἀνεδείξατο
817 2873 831 2886 ·
872 2856 1069 2909 αὐτίκα
1118 2857 1250 2925 γοῦν
1294 2858 1389 2910 ἐπὶ
1420 2856 1497 2927 τῷ
1544 2857 1706 2912 πάθει
1732 2859 1830 2930 οὐχ

251 2945 405 3015 ἥλιος
440 2944 597 3015 μόνον
639 2946 954 3013 ἑσκότασεν,
986 2944 1121 3001 ἀλλὰ
1149 2946 1243 3000 καὶ
1278 2948 1307 2998 6
1334 2948 1522 3018 Σωτὴρ
1550 2952 1701 3019 φωνῇ
1735 2966 1831 3018 με-

253 3037 401 3109 γάλῃ
422 3037 628 3108 κράξας
648 3037 825 3107 ἀφῆκε
850 3037 911 3090 τὸ
942 3038 1175 3108 πνεῦμα,
1206 3038 1269 3090 τὸ
1318 3040 1714 3111 καταπέτασμα
1732 3040 1827 3095 τοῦ

255 3129 387 3183 ναοῦ
418 3128 640 3199 ἐσχίσθη
666 3131 745 3191 εις
767 3129 879 3187 δύο,
911 3130 1190 3199 μονονουχὶ
1214 3132 1700 3202 περιρρηξαμένων
1736 3133 1831 3185 καὶ

256 3220 440 3274 αὐτῶν
458 3220 566 3273 τῶν
594 3198 759 3274 πάλαι
778 3220 839 3273 τὸ
875 3220 1016 3291 ἱερὸν
1057 3198 1404 3275 ἐνοικούντων
1425 3198 1694 3291 ἀγγέλων,
1730 3240 1828 3275 πε-
1856 3198 1904 3259 c

258 3308 635 3380 ριρρηξάντων
656 3326 715 3362 τε
758 3309 817 3362 τὺ
862 3310 1057 3379 σεμνὸν
1105 3308 1353 3379 ὕφασμα,
1384 3310 1459 3372 ὡς
1495 3312 1581 3375 ἂν,
1625 3312 1829 3381 γυμνὸς

255 3399 353 3452 καὶ
382 3400 587 3469 ἔρημος
607 3398 956 3468 ἀπολειφθεὶς
999 3401 1098 3471 τῆς
1132 3402 1310 3454 αὐτῶν
1349 3404 1613 3473 φρουρᾶς,
1652 3404 1682 3455 6
1720 3404 1829 3457 τῶν

255 3492 475 3546 ἀϐάτων
502 3494 596 3545 καὶ
619 3492 826 3546 ἀδύτων
848 3494 1031 3558 τόπος,
1065 3494 1282 3566 ἕτοιμος
1305 3495 1519 3566 ἐχθροῖς
1544 3496 1640 3549 καὶ
1673 3496 1833 3549 πολε-

259 3584 403 3652 μιοις
455 3585 776 3655 κατασταίη.
820 3586 978 3639 Ἀλλά
1029 3586 1201 3641 ταῦτα
1245 3588 1344 3658 μὲν
1388 3590 1480 3642 imi.
1524 3590 1603 3660 τῷ
1668 3588 1829 3644 πάθει

258 3670 568 3724 ωνέόαινεν
588 3689 601 3702 ·
636 3673 728 3724 ἐπὶ
772 3672 828 3726 δὲ
858 3676 925 3745 τῇ
961 3676 1213 3748 σωτηρίῳ
1234 3677 1548 3741 ἀναστάσει,
1572 3679 1647 3742 ὡς
1687 3679 1832 3750 ζωῆς

258 3753 480 3820 ἄγγελοι
526 3755 621 3807 καὶ
658 3756 757 3825 τῆς
781 3757 1128 3822 ἀναστάσεως
1156 3762 1415 3831 κήρυκες,
1439 3762 1532 3813 τὸν
1564 3762 1729 3816 τόπον
1770 3757 1832 3821 οὗ

258 3836 437 3888 ἔκειτο
461 3837 523 3889 τὸ
547 3837 703 3909 σῶμα
732 3844 1030 3911 περιεῖπον,
1071 3841 1131 3907 ἐξ
1162 3844 1330 3914 αὐτῆς
1358 3845 1545 3917 ὣσπερ
1589 3847 1688 3916 τῆς
1734 3850 1832 3900 ἐπ-

257 3926 406 3996 αφῆς
432 3928 524 3983 τοῦ
550 3930 715 3983 τόπου
762 3931 1067 4003 ἁγιωσύνης
1098 3936 1402 4004 κρείττονος
1433 3937 1466 4005 ἢ
1490 3938 1610 3989 κατ’
1638 3939 1834 4003 αὐτοὺς

262 4019 645 4089 μετασχόντες,
669 4023 763 4076 καὶ
800 4023 901 4093 τῆς
924 4024 1269 4089 ἀναστάσεως
1313 4027 1477 4080 αὑτοῦ
1520 4029 1837 4083 κοινωνοῦν-

1932 1947 2232 2013 cujusmodi
2256 1962 2351 2003 eos
2375 1949 2543 2003 videri
2574 1950 2859 2018 Oportebat
2896 1951 2949 2003 in
2991 1949 3203 2003 Domini
3233 1950 3430 2017 gaudio
3455 1956 3513 2003 et

1929 2054 2114 2109 regno.
2140 2039 2195 2092 ln
2221 2038 2528 2093 Servatoris
2554 2039 2773 2106 quidem
2812 2040 2960 2093 obitu
2994 2039 3075 2095 sol
3109 2038 3331 2102 defecit,
3362 2048 3513 2092 tene-

1929 2131 2040 2183 brae
2072 2130 2312 2198 undique
2344 2142 2405 2183 se
2429 2128 2793 2189 intendentes.
2842 2128 3204 2182 lamentorum
3245 2138 3301 2182 et
3336 2127 3514 2186 luctus

1928 2218 2168 2290 symbols
2208 2218 2654 2289 cruciﬁgentibus
2681 2219 2879 2275 Filium
2915 2220 3010 2274 Dei
3044 2220 3512 2273 demonstrarunt.

1927 2311 2218 2381 Nullusque
2248 2328 2314 2369 eo
2344 2296 2589 2381 tempore
2630 2314 2853 2382 angelus
2877 2311 3195 2381 apparuisse
3221 2308 3504 2379 discipulis

1928 2402 2162 2468 videtur,
2198 2403 2332 2471 ipsis
2361 2418 2578 2472 quoque
2616 2405 2717 2457 bac
2761 2402 2885 2457 illac
2922 2401 3265 2471 dispersione
3312 2401 3515 2455 distra-

1928 2495 2053 2549 ctis.
2089 2493 2244 2561 Quod
2278 2494 2323 2549 si
2357 2511 2519 2565 quem
2554 2509 2817 2564 apparere
2865 2508 3004 2564 opus
3046 2493 3254 2557 fuisset,
3290 2500 3515 2547 contra-

1930 2586 2089 2648 riam,
2118 2596 2177 2639 ut
2213 2587 2471 2651 arbitror,
2495 2586 2691 2642 albatis
2725 2586 3040 2640 hominibus
3080 2592 3287 2639 vestem
3314 2596 3427 2654 pra
3450 2596 3516 2638 se

1932 2676 2200 2730 tulissent.
2234 2674 2353 2731 Jam
2378 2678 2637 2745 primum,
2666 2676 2720 2731 in
2745 2677 2994 2744 passione
3032 2689 3142 2729 non
3163 2674 3244 2729 sol
3269 2683 3517 2727 tantum-

1931 2770 2091 2821 modo
2124 2767 2448 2823 obscuratus
2473 2776 2579 2831 est,
2622 2767 2718 2822 sed
2764 2774 2822 2823 et
2859 2767 3121 2822 Servatur
3157 2780 3352 2835 magna
3376 2776 3519 2818 voce

1931 2857 2243 2914 exclamans
2277 2860 2528 2926 spiritum
2558 2858 2762 2922 emisit,
2804 2857 2986 2926 templi
3030 2857 3207 2913 velum
3258 2855 3521 2912 bifariam

1932 2949 2187 3014 scissum,
2233 2950 2364 3021 ipsis
2396 2951 2781 3020 propemodum
2809 2950 3075 3019 dispersis
3116 2948 3209 3019 qui
3253 2935 3513 3017 templum

1935 3040 2242 3095 incolebant
2261 3039 2493 3107 angelis,
2523 3039 2619 3110 qui
2649 3050 2705 3095 et
2735 3040 2865 3095 illud
2892 3040 3266 3094 venerandum
3300 3048 3519 3094 textum

1933 3131 2231 3194 sciderunt,
2269 3138 2328 3182 ut
2365 3130 2540 3184 nudus
2564 3144 2641 3185 ac
2699 3133 2947 3184 desertus
2991 3128 3233 3199 ipsorum
3265 3128 3515 3184 custodia

1937 3220 2156 3274 relictus
2186 3219 2274 3275 ille
2305 3234 2629 3275 arcanarum
2680 3229 2842 3290 atque
2888 3220 3288 3274 inaccessarum
3330 3234 3515 3274 rerum

1935 3310 2106 3374 locus.
2150 3310 2592 3379 belligerantibus
2623 3310 2867 3365 hostibus
2895 3310 3116 3380 pervius
3134 3318 3362 3377 pateret.
3404 3308 3517 3365 Sed

1936 3399 2052 3460 hcc
2073 3400 2291 3470 quidem
2320 3400 2594 3471 passionis
2623 3409 2868 3470 tempore
2900 3401 3266 3471 contigerunt.
3290 3398 3517 3455 Verum-

1936 3500 2113 3545 tamen
2145 3489 2437 3546 Servatore
2469 3501 2807 3562 resurgente,
2849 3506 2947 3546 ceu
2972 3492 3094 3546 vita:
3116 3492 3314 3555 nuntii,
3343 3499 3401 3545 et
3428 3504 3519 3546 re-

1934 3578 2293 3633 surrectionis
2322 3594 2622 3649 praecones,
2672 3580 2849 3635 locum
2892 3581 2981 3636 ubi
3036 3594 3237 3649 corpus
3260 3579 3518 3650 iacuerat

1938 3671 2231 3739 stipabant,
2260 3670 2379 3740 ipso
2404 3671 2805 3739 quodammodo
2836 3670 2940 3726 loci
2966 3681 3226 3726 contactu
3251 3670 3518 3725 sanctita-

1941 3771 2047 3816 tem
2073 3761 2289 3831 propria
2330 3762 2591 3832 majorem
2638 3762 3045 3833 participantes,
3086 3777 3151 3817 ac
3185 3761 3399 3816 Domini
3428 3776 3517 3815 re-

1939 3853 2263 3908 surrectioni
2309 3853 2794 3908 communicantes.
2841 3852 2967 3907 Ideo
2995 3853 3177 3906 vultus
3210 3851 3411 3905 hilares
3448 3864 3517 3904 ac

1938 3940 2296 4009 laetabundos,
2334 3953 2390 3997 et
2424 3943 2603 3999 albam
2637 3954 2843 3998 vestem
2875 3943 3015 3999 festo
3063 3942 3370 3999 Servatoris
3406 3941 3514 3997 diei

1943 4032 2353 4088 convenientem
2384 4033 2687 4102 gestabant.

257 4125 371 4175 τες.
397 4112 487 4167 Διὸ
519 4112 717 4184 φαιδρά
749 4115 844 4166 καὶ
893 4114 1181 4184 μειδιῶντα
1217 4117 1508 4186 πρόσωπα,
1539 4120 1725 4190 σχῆμά
1747 4135 1808 4171 τε
1834 4119 2101 4191 σωτηρίου
2130 4119 2327 4193 ἑορτῆς
2345 4122 2682 4192 παρέφαινον
2703 4119 3191 4191 λευχειμονοῦντες.

300 4246 631 4269 ,ἡ

441 4322 713 4380 EUSEBH
746 4325 1223 4385 FRAGMENTUM
1266 4332 1355 4386 EX
1391 4331 1639 4388 CODICE
1678 4332 2231 4401 MEDIOLANENSI,
2270 4334 2340 4390 IN
2379 4334 2523 4402 QUO
2561 4333 2694 4389 EST
2733 4333 3012 4389 CA'PENA
3052 4332 3339 4389 PATRUM

1142 4424 1549 4483 GRECORUM
1589 4426 1658 4481 IN
1703 4427 2097 4485 EPISTOLAM
2132 4428 2225 4482 AD
2263 4426 2632 4485 HEBREOS.

1577 4541 1731 4611 (ΜΑι,
1769 4542 1928 4610 ibid.,
1959 4558 2013 4614 p.
2038 4542 2191 4613 207.)

349 4654 430 4710 Ad
470 4669 592 4724 cap.
626 4652 740 4721 XII,
772 4655 859 4709 18.
890 4655 1247 4711 ΕΥΣΕΒΙΟΥ.
1278 4658 1509 4727 Λέγεται
1533 4660 1643 4733 γάρ
1668 4661 1835 4715 κατά·-

2008 4662 2247 4717 Εοεειιιι.
2284 4661 2494 4717 Dicitur
2544 4660 2688 4715 Deus
2739 4659 2791 4712 in
2848 4665 3086 4713 montem
3132 4656 3518 4722 descendisse.

261 4746 425 4810 ϐασις
462 4744 581 4800 θεία
607 4747 699 4798 ἐπὶ
735 4746 797 4799 τὸ
826 4746 950 4822 ὅρος
975 4748 1255 4816 γεγονέναι
1281 4750 1401 4802 καθ’
1436 4750 1494 4803 ὃν
1528 4751 1837 4821 ἐνομοθέτει

264 4837 475 4909 καιρὸν,
490 4837 577 4889 ϊνα
605 4836 804 4899 πάντες
825 4837 1127 4891 θεάσωνται
1152 4838 1250 4910 τὴν
1275 4840 1553 4913 ἐνέργειαν
1570 4843 1665 4895 τοῦ
1678 4842 1833 4896 Θεοῧ’

260 4928 562 4991 κατάϐασις
587 4928 695 4998 γὰρ
721 4929 857 5001 αὕτη
885 4934 1061 5001 σαφής
1090 4935 1259 4995 ἐστιν,
1293 4934 1351 4986 οὐ
1382 4916 1456 5004 μή
1488 4935 1839 5007 τοπική.Τῶν

262 5020 397 5088 γοῦν
446 5020 730 5095 φυομένων
760 5022 900 5086 κατά
938 5022 999 5075 τὸ
1040 5022 1164 5094 ὅρος
1201 5024 1547 5094 φλεγομένων
1569 5027 1837 5099 σφοδρῶς,

262 5112 413 5165 οὐδὲν
440 5112 499 5165 τὸ
522 5112 632 5182 πῦρ
653 5110 955 5173 ὲξανάλωσε
976 5132 987 5143 ·
1049 5116 1362 5183 σαλπίγγων
1401 5134 1460 5169 τε
1513 5120 1685 5187 φωναὶ
1717 5135 1838 5187 σφο-

261 5202 517 5273 δρότερον
552 5205 932 5275 συνηκούοντο,
952 5206 1025 5277 μὴ
1048 5209 1423 5278 προκειμένων
1450 5212 1698 5283 ὀργάνων
1726 5229 1838 5266 τοι-

260 5288 455 5357 ούτων,
493 5293 627 5363 μηδὲ
651 5293 745 5346 τοῦ
771 5296 1139 5365 φωνήσαντος,
1190 5296 1324 5351 ἀλλά
1370 5298 1489 5371 θεία
1523 5304 1831 5372 κατασκευῇ

1942 4768 2054 4822 quo
2092 4762 2333 4822 tempore
2366 4752 2455 4807 lex
2490 4750 2824 4815 tradebatur,
2862 4758 2921 4802 ut
2952 4750 3134 4804 cuncti
3167 4750 3379 4804 scilicet
3423 4746 3521 4805 Dei

1943 4843 2239 4900 ellicaciam
2283 4842 2551 4897 viderent.
2593 4839 2893 4910 Ceteroqui
2929 4840 3046 4894 haec
3083 4840 3390 4905 descensio,
3423 4856 3520 4893 ea-

1943 4946 2111 4990 terna
2154 4934 2480 4990 ostensionis
2538 4932 2675 4999 fuit,
2731 4948 2836 4987 non
2889 4932 3103 4988 localis.
3153 4930 3522 4998 Quamobrem

1942 5023 2257 5079 ardentibus
2299 5022 2425 5077 licet
2466 5024 2739 5087 omnibus,
2764 5037 2886 5092 quae
2928 5023 2982 5076 in
3014 5029 3198 5076 monte
3244 5023 3521 5089 germina-

1942 5116 2108 5181 bant,
2152 5116 2285 5187 nihil
2333 5124 2511 5170 tamen
2562 5117 2686 5187 igne
2750 5117 3193 5172 consumebatur.
3244 5113 3521 5169 Tubarum

1943 5221 2159 5276 quoque
2192 5206 2409 5271 sonitus
2442 5207 2747 5277 gravissimi
2793 5206 3173 5271 audiebantur,
3203 5220 3517 5275 quanquam

1948 5296 2129 5352 nullus
2177 5298 2249 5353 ibi
2312 5313 2445 5353 usus
2504 5299 2987 5353 instrumentorum
3040 5307 3199 5360 erat,
3250 5311 3523 5366 nemoque

260 5381 565 5453 γινομένων
620 5386 894 5439 ἀπάντων.
934 5388 1097 5439 Ὥστε
1142 5390 1312 5455 σαφὲς
1358 5378 1496 5444 εἶναι
1532 5392 1619 5444 διὰ
1658 5392 1833 5446 ταῦτα

1939 5390 2209 5455 clamans,
2252 5390 2347 5445 sed
2401 5390 2495 5445 Dei
2551 5390 2926 5445 tantummodo
2966 5404 3131 5460 opera
3176 5389 3295 5443 hac
3333 5389 3520 5444 omnia

261 5475 366 5543 τὴν
407 5474 706 5529 κατάϐασιν
754 5477 902 5531 θείαν
942 5480 1241 5545 γεγονέναι,
1276 5483 1369 5533 καὶ
1406 5482 1496 5534 τὸν
1523 5482 1655 5535 Θεὸν
1704 5484 1831 5537 ἄνευ

1940 5481 2160 5535 ﬁebant.
2194 5478 2375 5547 Quare
2422 5480 2760 5551 exploratum
2808 5490 2925 5545 est,
2972 5480 3207 5533 divinam
3256 5479 3515 5547 hujusce-

260 5566 408 5629 τινὸς
461 5566 732 5619 δεικνύναι
774 5570 872 5639 τὴν
927 5570 1120 5623 ἑαυτοῦ
1151 5570 1239 5625 διὰ
1286 5573 1503 5627 πάντων
1553 5575 1833 5645 μεγαλειό-

1944 5573 2085 5627 modi
2115 5572 2281 5627 fuisse
2302 5574 2733 5637 descensionem,
2762 5570 3044 5640 Deumque
3062 5569 3268 5639 altaque
3286 5570 3400 5624 ullo
3421 5570 3520 5625 ad-

258 5673 423 5729 τητα.
1942 5664 2202 5719 miniculo
2232 5680 2385 5719 suam
2418 5664 2729 5719 inomnibus
2743 5663 3046 5719 ostendisse
3067 5661 3515 5732 magnitudinem.

362 5769 383 5801 '
407 5766 539 5825 Luc.
566 5784 713 5837 xxiv,
739 5771 791 5827 ιι.
870 5772 914 5804 ⁸³
939 5770 1109 5831 Exod.
1149 5788 1233 5841 ιιι,
1256 5775 1309 5827 2.
1391 5775 1435 5807 “
1462 5775 1616 5831 Dcut.
1658 5793 1729 5843 tv,
1755 5777 1835 5831 2i.

1935 5778 1968 5809 ⁸⁵
2012 5775 2177 5833 Exod.
2216 5793 2370 5843 txln,
2402 5776 2489 5832 2i.
2567 5778 2611 5810 “
2643 5776 2786 5833 Psal.
2814 5791 2928 5842 cm,
2962 5775 3015 5829 4.
