4062 6394
589 408 682 466 607
1288 407 1552 463 EUSEBII
1588 404 2055 463 CESARIENSIS
2090 404 2242 459 OPP.
2282 402 2461 457 PARS
2501 400 2661 456 IV.—
2699 396 3117 457 DOGMATICA.
3685 392 3789 446 608

670 763 1516 943 EUSEBII
1578 756 2293 943 OPEBA
2349 748 3687 937 DOGMATICA.

1498 1232 1697 1353 DE
1783 1220 2852 1354 ΤΗΕΟΡΗΑΝΙᾹ.

1302 1464 1525 1535 (Angela
1559 1464 1683 1531 Nu,
1721 1462 2044 1516 Bibliotheca
2081 1476 2211 1515 nova
2248 1459 2492 1526 Patrum,
2533 1461 2623 1526 Ν,
2663 1459 2766 1515 HO
2803 1471 2856 1515 et
2894 1460 3036 1527 510.)

610 546 3774 587 W

1874 1761 2493 1853 MONITUM.

649 1985 799 2039 Inter
844 1993 1033 2038 cetera
1075 1980 1284 2037 Eusebii
1316 1979 1654 2034 Ctzsariensis
1686 1996 1841 2048 opera
1883 1980 2030 2033 divus
2070 1977 2438 2048 Hieronymus,
2470 1980 2549 2035 De
2582 1980 2714 2034 viris
2754 1981 2827 2033 ill.
2864 1997 2976 2047 cap.
3003 1980 3091 2044 81,
3123 1981 3289 2034 libros
3329 1980 3553 2049 quinque
3588 1978 3802 2048 Θεοφα-

574 2076 756 2143 νείας,
803 2078 856 2130 id
897 2086 973 2129 est
1026 2075 1097 2128 De
1137 2074 1224 2127 Dei
1274 2070 1736 2135 maniiestatione,
1780 2071 2156 2123 nominaverat.
2191 2068 2323 2121 Item
2368 2069 2532 2138 Syrus
2582 2068 2868 2125 Ebediesus
2916 2072 2969 2124 in
3011 2081 3283 2125 auctorum
3328 2073 3592 2139 catalogo,
3644 2086 3801 2135 quem

578 2167 899 2223 Echellensis
932 2170 1119 2238 primo,
1148 2166 1331 2220 deinde
1358 2165 1671 2218 Assemanus
1709 2165 2011 2229 ediderunt,
2060 2164 2193 2214 idem
2234 2160 2445 2216 Eusebii
2476 2180 2606 2232 opus
2637 2174 3125 2217 commemoraverat
3162 2163 3225 2216 de
3270 2160 3455 2215 Crreca
3484 2163 3553 2214 ad
3595 2161 3796 2230 Syria-

571 2275 686 2311 cam
739 2261 973 2329 Knguam
1011 2257 1342 2310 translatum.
1390 2254 1561 2309 Cra-ci
1601 2256 1871 2323 originalis
1911 2254 2165 2322 deperditi
2212 2254 2390 2319 viginti
2432 2271 2522 2323 ego
2563 2254 2855 2323 fragmenta
2896 2256 2950 2307 in
2995 2252 3260 2308 Vaticanis
3300 2252 3564 2306 codicibus
3611 2254 3803 2305 obser-

574 2359 712 2411 vata,
739 2349 875 2403 inter
898 2345 1119 2401 Veteres
1146 2362 1281 2400 meos
1311 2347 1609 2413 Scriptores
1637 2354 1673 2396 t.
1701 2343 1752 2409 Ι,
1776 2346 1856 2397 ed.
1887 2361 2011 2408 sec.,
2039 2360 2174 2397 anno
2198 2344 2352 2408 1851,
2378 2353 2424 2396 et
2455 2354 2493 2397 t.
2534 2341 2695 2405 VIII,
2723 2361 2812 2397 an.
2838 2344 2994 2409 1855,
3020 2345 3427 2412 divulgaveram.
3454 2344 3589 2399 Ecce
3620 2355 3797 2396 autem

574 2439 925 2507 significatam
958 2439 1103 2492 nobis
1138 2440 1199 2490 ab
1229 2437 1487 2501 Ebediesu
1524 2437 1799 2506 Syriacam
1843 2437 2125 2491 Eusebiani
2162 2438 2328 2503 operis
2369 2436 2789 2499 translationem,
2837 2436 2941 2487 duo
2973 2437 3205 2504 perdocti
3235 2448 3281 2488 et
3325 2437 3553 2489 illustres
3603 2446 3802 2489 nostra

574 2532 746 2584 atatis
784 2530 937 2599 Angli
970 2545 996 2583 s
1028 2530 1244 2581 tenebris
1290 2529 1508 2597 denique
1536 2538 1800 2593 ernerunt,
1830 2527 2078 2580 Tatamus
2111 2538 2260 2595 atque
2307 2525 2473 2589 Leus;
2507 2541 2725 2594 quorum
2771 2526 2859 2578 ille
2908 2542 2972 2579 ea:
3009 2525 3326 2595 Ai'gyptiaco
3376 2528 3430 2580 in
3462 2526 3644 2580 Nitria
3683 2546 3801 2579 nm-

574 2622 803 2675 nasterio
842 2620 1076 2675 Scetensi
1112 2619 1338 2671 codicem
1380 2634 1515 2671 anno
1548 2618 1679 2673 1839
1726 2618 1778 2670 in
1813 2618 2051 2685 Angliam
2092 2617 2311 2679 detulit;
2354 2616 2487 2667 alter
2526 2624 2698 2666 autem
2748 2613 3025 2683 Syriacum
3064 2616 3201 2668 hunc
3244 2626 3437 2669 textum
3478 2634 3617 2670 anno
3658 2617 3803 2671 1842

574 2694 835 2775 Londini,
873 2717 919 2759 et
970 2718 1208 2776 sequente
1256 2723 1392 2759 anno
1433 2706 1706 2774 Anglicum
1751 2706 1978 2774 ejusdem
2033 2705 2515 2770 interpretationem
2575 2702 2931 2773 Cantabrigia:
2972 2721 3087 2757 cum
3143 2707 3365 2760 eruditis
3413 2708 3801 2776 prolegomenis

574 2803 883 2869 scholiisque
919 2801 1197 2869 impressit.
1222 2800 1289 2853 Et
1326 2800 1576 2868 Syriacus
1606 2801 1809 2869 quidem
1844 2809 2011 2852 textus
2048 2800 2279 2851 nondum
2306 2800 2371 2851 ad
2410 2814 2511 2863 me,
2552 2801 2689 2869 quod
2719 2800 2890 2865 doleo,
2934 2800 3192 2866 pervenit;
3233 2819 3348 2855 cum
3388 2814 3563 2857 tamen
3608 2806 3805 2872 Angli-

572 2912 687 2949 cum
727 2896 989 2948 desinente
1028 2908 1165 2945 anno
1200 2891 1336 2946 1846
1364 2891 1627 2944 commode
1658 2891 1863 2943 demum
1911 2904 2091 2942 nactus
2131 2890 2345 2958 fuerim,
2383 2906 2596 2957 eumque
2647 2892 2878 2944 studiose
2918 2891 3149 2960 legerim,
3202 2894 3378 2944 statim
3420 2900 3633 2961 cognovi
3680 2898 3802 2964 [ra-

573 2999 776 3057 gmeuta
810 2987 993 3043 Greca
1022 3003 1137 3055 quae
1172 3003 1261 3054 ego
1288 2985 1477 3038 multos
1509 2996 1627 3038 ante
1657 3002 1820 3038 annos
1848 2984 2135 3049 edideram,
2173 3001 2351 3051 reapse
2384 2987 2449 3037 ad
2479 2984 2695 3038 Eusebii
2726 2984 3151 3053 Theophaniam,
3183 2997 3334 3051 prout
3370 2988 3604 3051 ipsorum
3646 2991 3789 3043 tituli

572 3084 825 3149 ferebant,
864 3082 1117 3150 pertinere
1149 3081 1290 3148 (nam
1321 3080 1483 3133 sicubi
1519 3081 1717 3133 codices
1745 3081 1844 3131 mei
1877 3096 1991 3131 cum
2030 3078 2248 3147 Syriaco
2280 3096 2381 3131 non
2409 3080 2538 3133 satis
2569 3088 2886 3148 congruunt,
2928 3081 2979 3132 id
3020 3081 3127 3132 suis
3159 3080 3285 3134 locis
3316 3092 3495 3148 postea
3535 3084 3789 3155 dicetur).

577 3176 682 3232 Sed
717 3186 764 3229 et
812 3177 1018 3243 insuper
1054 3175 1309 3241 comperi,
1344 3173 1635 3241 fragmenta
1679 3172 1815 3241 alia,
1856 3190 1945 3225 nec
1976 3174 2146 3225 brevia
2190 3190 2279 3225 nec
2317 3174 2642 3241 paenitenda,
2681 3188 2797 3242 qua:
2830 3188 2921 3239 ego
2960 3173 3012 3225 in
3072 3170 3339 3227 Vaticanis
3383 3185 3690 3228 catenarum
3722 3178 3792 3229 ad

578 3271 775 3325 Lucam
818 3270 1081 3323 codicibus
1123 3269 1215 3322 sub
1263 3267 1475 3321 Eusebii
1520 3277 1719 3319 tantum
1773 3267 1977 3320 nomine
2022 3282 2356 3333 aspexeram,
2401 3268 2619 3335 ideoque
2663 3276 2911 3334 tanquam
2954 3266 3239 3319 Eusebiani
3284 3268 3352 3319 ad
3401 3266 3599 3321 Lucam
3651 3286 3798 3322 com-

576 3363 818 3416 mentarii
857 3370 1117 3431 segmenta
1149 3364 1204 3414 in
1242 3346 1488 3430 praedicto
1520 3360 1717 3429 Script.
1740 3370 1846 3415 vet.
1878 3371 2015 3413 tomo
2050 3363 2214 3429 primo
2247 3371 2605 3425 attexueram;
2632 3361 2881 3427 comperi,
2920 3364 3155 3429 inquam,
3199 3362 3309 3414 [uec
3350 3379 3555 3431 quoque
3599 3351 3799 3431 partim

575 3474 638 3511 es:
668 3457 1009 3525 Theophanis
1055 3456 1216 3524 fuisse
1254 3457 1505 3521 detracta,
1543 3457 1597 3508 id
1636 3457 1773 3525 quod
1819 3454 2064 3525 Syriacus
2117 3466 2287 3509 textus
2328 3454 2406 3509 vel
2454 3455 2622 3523 potius
2669 3454 2991 3521 Anglicanus
3036 3472 3114 3507 me
3168 3456 3336 3509 docet.
3380 3454 3511 3520 Qute
3546 3474 3628 3510 res
3677 3474 3799 3511 cum

576 3567 655 3604 me
688 3565 996 3619 magnopere
1038 3550 1420 3616 delectavisset,
1459 3551 1700 3602 constitui
1747 3553 1986 3618 protinus
2030 3550 2212 3603 Graeca
2258 3550 2436 3603 omnia
2470 3548 2834 3617 Theophanis:
2878 3565 2909 3601 a
2948 3566 3028 3602 me
3067 3550 3190 3602 olim
3250 3551 3450 3604 detecta
3498 3552 3799 3621 fragmenta

575 3657 711 3695 nunc
750 3657 1079 3710 congregare,
1113 3639 1300 3693 Latina
1329 3643 1482 3695 etiam
1514 3641 1704 3709 facere,
1733 3653 1886 3711 atque
1919 3652 1973 3693 ut
2009 3642 2249 3694 monebat
2289 3640 2523 3709 impressi
2552 3641 2771 3709 Anglice
2816 3641 2984 3707 operis
3015 3642 3204 3706 series,
3249 3641 3377 3696 locis
3410 3644 3650 3711 quodque
3684 3648 3798 3698 suis

573 3734 845 3789 collocare.
872 3733 1009 3787 Nam
1052 3733 1418 3788 Vaticanarum
1456 3746 1755 3805 catenarum
1786 3746 2022 3789 auctores
2055 3732 2268 3788 Eusebii
2309 3734 2707 3803 Theophaniam
2739 3743 2885 3786 extra
2936 3734 3052 3786 libri
3100 3735 3333 3787 ordinem
3363 3750 3458 3802 pro
3499 3752 3593 3789 suo
3640 3738 3795 3790 libita

573 3836 954 3893 excerpserunt,
991 3828 1065 3879 vel
1104 3828 1273 3895 potius
1307 3836 1457 3893 prout
1503 3825 1827 3895 evangelicte,
1865 3843 2018 3894 quam
2064 3828 2162 3893 ipsi
2207 3828 2571 3895 sequebantur,
2607 3824 2837 3877 histOriat
2878 3840 3060 3877 cursus
3106 3825 3368 3893 poscebat.
3406 3826 3663 3893 Exemplo
3724 3831 3811 3883 sit,

577 3919 809 3970 narratio
837 3917 900 3970 de
927 3918 1119 3970 Christi
1153 3917 1364 3970 Domini
1398 3926 1583 3981 morte,
1621 3932 1776 3985 quam
1808 3914 2063 3969 Eusebius
2087 3916 2232 3983 [libro
2281 3916 2433 3967 tertio
2470 3914 2637 3966 medio
2680 3917 2887 3980 scribit,
2933 3915 3145 3969 Nicetas
3188 3924 3397 3977 autem,
3446 3918 3598 3970 unius
3618 3936 3659 3987 ge
3705 3939 3799 3976 ca-

576 4010 711 4061 tenis
758 4018 964 4071 auctor,
1012 4010 1102 4061 sub
1138 4008 1292 4076 ﬁnem
1330 4024 1437 4061 suae
1488 4008 1866 4060 lucubrationis
1895 4016 1950 4059 ut
1994 4021 2089 4074 par
2134 4015 2246 4060 erat
2280 4007 2483 4075 posuit,
2530 4022 2706 4073 nempe
2741 4010 2793 4060 in
2836 4010 3030 4076 pagina
3072 4007 3268 4059 codicis
3318 4012 3674 4064 trecentesima
3713 4030 3799 4067 ιε-

574 4105 765 4169 ptima,
806 4116 922 4167 qua:
958 4115 989 4149 a
1025 4098 1128 4166 ﬁne
1159 4100 1238 4151 sui
1278 4098 1552 4151 voluminis
1595 4113 1776 4165 parum
1814 4098 1975 4149 abest.
2026 4094 2223 4151 Nicetce
2259 4097 2486 4150 codicem
2541 4099 2655 4153 Vat.
2688 4099 2815 4155 1611
2863 4100 3034 4151 littera
3065 4096 3109 4149 A
3149 4098 3381 4167 designo.
3410 4098 3641 4153 Macarii
3675 4119 3793 4157 vero

575 4192 1010 4263 Clirysocepltali,
1054 4192 1269 4245 diversa:
1320 4202 1514 4243 catenae
1566 4191 1826 4255 auctoris,
1873 4191 1959 4258 qui
2004 4190 2124 4241 item
2165 4190 2566 4258 Theoplianiam
2609 4192 2917 4244 nominatim
2973 4189 3262 4256 aliquando
3296 4191 3525 4256 expilat,
3562 4194 3795 4248 codicem

586 4280 702 4335 Vat.
744 4282 881 4336 1610
912 4284 1097 4335 denoto
1133 4282 1310 4335 littera
1352 4281 1411 4335 Ε.
1437 4281 1584 4358 alios
1626 4282 1829 4335 demum
1862 4290 2071 4333 catenas
2110 4282 2262 4342 duas,
2306 4279 2420 4333 Vat.
2466 4279 2583 4333 Pal.
2620 4281 2738 4334 Vat.
2776 4281 2844 4334 20
2879 4290 2925 4334 et
2959 4280 3136 4334 Ottob.
3177 4278 3298 4333 Vat.
3343 4281 3465 4343 100,
3499 4299 3617 4349 quae
3660 4286 3791 4339 milii

574 4375 855 4442 symbolam
894 4375 1302 4443 fragmentorum
1338 4374 1518 4427 horum
1550 4374 1907 4441 contulerunt,
1940 4375 2124 4427 litteris
2157 4374 2196 4427 Β
2222 4385 2269 4426 et
2298 4374 2336 4427 L
2365 4377 2677 4429 demonstro.
2725 4375 2947 4429 Unicum
2996 4375 3216 4443 denique
3259 4377 3485 4442 primum
3530 4377 3799 4446 fragmen-

575 4480 684 4521 tum
723 4486 785 4522 επ
812 4472 961 4521 codd.
1004 4469 1383 4523 Mediolanensi
1417 4483 1462 4523 et
1508 4470 1781 4524 Parisiaco
1814 4470 1968 4524 simul
2008 4472 2202 4541 adfuit.
2244 4469 2395 4524 Hanc
2426 4472 2595 4541 itaque
2630 4472 2933 4525 Graecorum
2980 4470 3328 4539 Tlieophania:
3373 4470 3795 4541 fragmentorum

577 4565 922 4629 tempestivam
950 4565 1121 4618 hercle
1157 4566 1433 4619 editionem
1472 4583 1604 4619 nunc
1626 4582 1781 4630 curo,
1811 4576 1919 4619 tum
1960 4577 2016 4618 ut
2051 4565 2265 4618 Eusebii
2296 4568 2521 4619 nativum
2550 4575 2768 4629 textum,
2804 4578 3058 4632 quantum
3101 4566 3185 4633 fas
3212 4573 3311 4628 est,
3359 4572 3422 4621 ab
3457 4571 3671 4623 interitu
3712 4587 3797 4625 re-

577 4670 776 4717 uocem;
800 4666 909 4706 tum
938 4666 989 4707 ut
1030 4654 1191 4724 Syrus
1229 4656 1482 4722 interpres
1526 4656 1687 4709 sicubi
1726 4667 1945 4709 mentem
1981 4657 2211 4709 auctoris
2251 4672 2353 4709 non
2385 4656 2465 4709 es?
2499 4667 2765 4709 assecutus
2800 4657 2955 4723 (quod
2985 4657 3032 4709 ei
3075 4659 3357 4713 identidem
3398 4660 3654 4712 accidisse
3680 4660 3798 4715 sine

578 4742 734 4795 dubio
781 4744 1291 4813 animadvertimus),
1342 4745 1636 4798 authentico
1681 4748 1987 4797 documento
2033 4745 2350 4797 emendetur.
2392 4743 2503 4797 Nec
2551 4760 2675 4797 sane
2724 4746 2903 4796 dubito
2951 4745 3077 4812 quin
3128 4746 3349 4814 opellam
3394 4764 3561 4801 meam
3613 4750 3691 4803 vir
3723 4751 3793 4803 cl-

578 4836 712 4891 Leus
743 4836 861 4890 boni
891 4840 1156 4905 consulat,
1199 4855 1375 4908 meque
1417 4842 1463 4892 ei
1503 4855 1809 4906 magnopere
1858 4839 2049 4907 favere,
2091 4848 2286 4891 certum
2329 4839 2532 4893 habeat.
2574 4837 2704 4891 ιιωσ
2746 4840 2989 4903 interim;
3027 4856 3247 4909 namque
3291 4853 3339 4895 et
3385 4842 3519 4895 alios
3557 4856 3667 4896 tum
3700 4847 3797 4899 abs

579 4925 704 4989 Leo,
756 4937 865 4980 tum
907 4930 970 4981 ab
1007 4928 1238 4997 ejusdem
1290 4930 1470 4999 gloria:
1509 4931 1649 4983 socio
1692 4930 1757 4985 cl.
1800 4929 1889 4984 W.
1929 4928 2207 4993 Curetono,
2244 4947 2419 4984 sacros
2463 4942 2739 4997 auctores,
2783 4932 3069 4998 praesertim
3120 4950 3365 5002 magnum
3403 4935 3797 4999 Athanasium,

579 5019 826 5087 Cyrillum
872 5033 1025 5089 atque
1073 5024 1461 5091 Ephrtrmium,
1498 5035 1883 5092 exspectamus;
1912 5042 2039 5096 quos
2071 5042 2205 5079 nunc
2246 5028 2457 5095 quidem
2498 5028 2703 5097 cupidis
2752 5030 2881 5082 votis
2922 5031 3238 5098 expetimus;
3270 5031 3448 5084 statim
3492 5048 3551 5083 ac
3586 5047 3702 5086 vero
3739 5035 3797 5087 ir.

581 5123 901 5180 conspectum
937 5116 1187 5183 venerint,
1218 5120 1655 5174 exosculabimur.
