4062 6422
1636 432 1726 495 DE
1764 428 2232 493 ΤΗΕΟΡΗᾹΝῙΛ.

3441 440 3550 497 διο

305 600 3509 637 ——-—————-——_—-‘—_‘——-—_—_——_—_

628 761 1352 888 ΕΥΣΕΒΙΟΥ
1410 758 1771 876 ΠΕΡΙ
1821 756 2125 869 ΤΗΣ
2182 673 3195 872 ΘΕΟΦΑΝΕΙΑΣ.

836 1252 843 1259 .
1096 1129 1661 1246 EUSEBII
1738 1118 2733 1240 CASSARIENSIS

723 1366 1159 1461 OPEBIS
1231 1344 1382 1456 DE
1458 1359 2260 1454 THEOPHANIA
2333 1357 3101 1451 FRAGMENTA.

983 1685 1041 1739 ιι
1073 1683 1171 1755 (ι).

353 1782 433 1858 (2)
467 1782 676 1851 Ὠσπερ
699 1778 757 1834 δὲ
782 1777 875 1831 ἐπὶ
892 1774 987 1831 τοῦ
1013 1775 1133 1830 καθ’
1158 1774 1308 1845 ἡμᾶς
1348 1773 1809 1845 παραδείγματος,
1833 1775 1864 1828 ό

282 1876 387 1947 μὲν
408 1874 636 1946 ἀόρατος
664 1869 759 1924 καὶ
785 1866 994 1939 ἀφανὴς
1020 1869 1078 1919 εν
1106 1867 1240 1937 ἡμῖν
1274 1862 1420 1931 νοῦς,
1462 1864 1521 1917 ὃν
1548 1865 1699 1928 ὅστις
1730 1863 1862 1917 ποτὲ

278 1968 377 2023 καὶ
417 1966 598 2028 ὁποῖος
639 1962 716 2016 ὢν
754 1962 859 2032 τὴν
900 1959 1090 2013 οὐσίαν
1125 1957 1381 2029 ὑπάρχει,
1416 1956 1591 2020 οὐδεὶς
1639 1956 1860 2010 πώποτε

276 2056 582 2130 ἀνθρώπων
614 2054 775 2123 ἔγνω,
808 2050 1059 2122 βασιλεὺς
1082 2048 1127 2101 δ’
1157 2042 1247 2103 οἷα
1274 2051 1331 2101 εν
1358 2049 1692 2119 ἀπορρήτοις
1729 2046 1863 2101 εῐσω

276 2152 394 2213 τοῖς
436 2144 599 2201 αὐτοῦ
637 2142 885 2214 ταμείοις
916 2139 1309 2209 καθιδρυμένος
1343 2136 1414 2191 τά
1452 2141 1726 2211 πρακτατα
1762 2138 1860 2208 (2')

278 2238 613 2311 βουλεύεταιο
640 2235 797 2305 λόγος
818 2234 864 2287 δ’
897 2232 957 2297 ἐξ
982 2230 1146 2286 αὐτοῦ
1185 2233 1421 2303 πρόεισι,
1460 2230 1752 2301 μονογενὴς
1772 2223 1860 2283 οἷα

275 2329 484 2401 πατρὸς
514 2319 819 2401 ὲξ’άδύτων
862 2322 1048 2395 μυχῶν
1089 2320 1509 2391 γεγεννημένος,
1554 2319 1613 2383 ὃς
1655 2320 1720 2392 δὴ
1765 2318 1861 2372 καὶ

274 2419 498 2492 πρῶτος
527 2418 638 2471 τῶν
667 2414 947 2487 πατρικῶν
986 2416 1101 2478 τοῖς
1133 2414 1266 2467 πᾶσι
1302 2409 1628 2465 καθίσταται
1650 2411 1859 2480 νοημάι

272 2529 385 2566 των
409 2508 659 2579 ἄγγελος,
683 2509 763 2570 εἰς
797 2504 1030 2577 φανερόν
1061 2520 1121 2557 τε
1150 2498 1409 2574 κηρύττει
1435 2501 1503 2556 τὰ
1527 2502 1587 2557 ὲν
1611 2501 1863 2573 ἀπορρή-

268 2620 390 2667 τοις
414 2602 495 2672 τῷ
533 2600 701 2673 ιιιιατρὶ⁵
736 2597 1155 2670 βεϐουλευμένα,
1198 2595 1383 2667 ἔργοις
1421 2612 1483 2650 τε
1525 2595 1764 2649 ἐπιτελεῖ
1788 2593 1860 2648 τά

274 2693 639 2765 βουλεύματα,
676 2689 882 2763 προῖὼν
909 2691 990 2753 είς
1028 2689 1129 2753 τὰς
1168 2688 1388 2742 πάντων
1428 2686 1618 2750 ἀκοάςο
1660 2684 1761 2739 εἷθ’
1808 2689 1858 2742 oi

278 2784 378 2855 μὲν
406 2782 509 2851 τῆς
535 2784 600 2835 εκ
626 2779 720 2834 τοῦ
742 2780 900 2849 λόγου
927 2778 1433 2851 μεταλαμϐάνουσιν
1453 2776 1739 2845 ὠφελείας,
1766 2777 1859 2830 τὸν

272 2873 319 2926 δ’
347 2871 540 2942 -άφανῆ
581 2871 674 2923 καὶ
714 2870 943 2941 ἀόρατον
985 2870 1109 2924 νοῦν
1152 2868 1244 2923 τὸν
1282 2866 1379 2921 τοῦ
1415 2866 1576 2936 λόγου
1618 2868 1852 2938 πατέρα,

272 2962 450 3025 οὐδεὶς
475 2960 693 3014 πώποτε
716 2960 1007 3032 ὀφθαλμῶν
1031 2956 1161 3014 sibe‘
1187 2958 1330 3012 κατὰ
1352 2956 1525 3010 ταῦτα
1545 2956 1631 3027 δὴ,
1656 2956 1855 3025 μᾶλλον

1884 1693 1935 1750 Α

1890 1553 1962 1573 ἁ

2038 1768 2196 1826 Sicut
2232 1770 2419 1836 enim,
2462 1779 2524 1824 nt
2574 1766 2886 1838 exemplum
2936 1780 2968 1820 ι
3022 1767 3181 1823 nobis
3224 1782 3547 1841 sumamus,

1964 1876 2118 1916 mens
2149 1863 2202 1916 in
2235 1862 2394 1918 nobis
2423 1859 2718 1919 invisibilis
2743 1858 3031 1928 latensque
3065 1867 3149 1915 est
3173 1898 3189 1924 ,
3239 1875 3404 1930 quam
3432 1877 3549 1918 cu-

1956 1952 2194 2022 jusmodi
2243 1953 2354 2018 sit,
2390 1953 2615 2020 cuiusve
2659 1950 3022 2017 substantia,
3070 1951 3255 2007 nullus
3305 1967 3545 2024 unquam

1963 2047 2126 2100 homo
2152 2044 2439 2113 cognovit;
2471 2043 2567 2099 sed
2598 2057 2662 2096 ea
2695 2043 2863 2097 veluti
2898 2056 2993 2096 rex
3017 2043 3241 2111 quidam
3275 2047 3328 2099 lu
3361 2059 3547 2101 secre-

1962 2138 2034 2191 tis
2057 2139 2172 2191 suis
2195 2135 2549 2191 conclavibus
2576 2134 2779 2190 sedens
2802 2174 2819 2201 ,
2846 2135 2975 2203 quid
3005 2135 3317 2193 faciendum
3349 2136 3423 2191 sit
3452 2137 3548 2193 de-

1960 2227 2187 2295 liberat;
2230 2228 2429 2283 deinde
2456 2240 2640 2281 sermo
2662 2240 2732 2280 ex
2766 2226 2883 2295 ipsa
2906 2226 3108 2294 prodit,
3160 2226 3319 2297 quasi
3352 2227 3547 2298 unige-

1960 2319 2109 2373 nitus
2138 2335 2167 2373 a
2197 2327 2353 2388 patre
2386 2319 2441 2373 in
2480 2316 2782 2373 reconditis
2809 2318 3186 2388 penetralibus
3216 2330 3544 2390 generatus;

1960 2409 2238 2479 quietiam
2287 2409 2500 2479 primus
2550 2419 2904 2480 paternarum
2956 2410 3424 2467 consultationum
3483 2402 3549 2470 lit

1959 2500 2211 2565 nuntius,
2236 2508 2400 2570 atque
2424 2500 2479 2555 in
2502 2510 2748 2570 apertum
2779 2501 3110 2573 depraedicat
3134 2517 3336 2558 arcana
3371 2506 3546 2574 patris

1957 2591 2206 2655 consilia,
2236 2600 2294 2647 et
2315 2606 2483 2661 opere
2509 2606 2623 2647 rem
2652 2593 3008 2649 deliberatam
3037 2592 3281 2664 perlicit,
3310 2597 3440 2651 dum
3473 2598 3544 2654 ad

1957 2683 2202 2735 omnium
2250 2698 2414 2740 aures
2458 2684 2708 2755 perfert;
2766 2682 2985 2738 interim
3044 2694 3228 2739 tamen
3288 2687 3543 2747 homines

1956 2772 2175 2842 quidem
2225 2775 2380 2830 verbi
2429 2774 2663 2830 utilitate
2724 2774 3004 2840 fruuntur,
3062 2778 3157 2833 sed
3209 2778 3540 2836 invisibilem

1957 2875 2196 2919 mentem
2244 2867 2397 2922 verbi
2431 2877 2713 2937 parentem
2766 2874 2991 2938 prorsus
3039 2870 3215 2926 oculis
3254 2887 3359 2927 non
3410 2888 3538 2930 cer-

1957 2964 2126 3022 nunt;
2154 2955 2278 3019 hor,
2304 2958 2548 3025 inquam,
2574 2960 2756 3023 modo,
2799 2960 2909 3015 imo
2928 2960 3098 3014 etiam
3122 2977 3287 3031 supra
3318 2978 3537 3019 omnem

273 3056 321 3109 δ’
355 3054 609 3109 ἐπέκεινα
636 3052 817 3124 πάσης
850 3052 1054 3115 εἰκόνος
1079 3051 1175 3104 καὶ
1212 3048 1677 3120 παραδείγματος,
1708 3046 1737 3098 ό
1761 3046 1854 3101 τοῦ

1959 3045 2249 3113 imaginem
2279 3055 2441 3116 atque
2473 3047 2802 3118 exemplum,
2824 3050 3062 3118 supremi
3100 3050 3196 3106 Dei
3224 3056 3540 3121 regnatoris

273 3141 665 3215 παμϐασιλέως
720 3139 855 3193 Θεοῦ
908 3138 1110 3202 τέλειος
1152 3136 1344 3205 Λόγος,
1406 3128 1494 3187 οἷα
1536 3133 1853 3204 μονογενὴς,

272 3234 337 3287 οὐ
381 3232 687 3304 προφορικῇ
725 3227 953 3298 δυνάμει
986 3224 1278 3289 συνεστὼς,
1308 3222 1419 3277 οὐδ’
1454 3222 1520 3275 ὲκ
1552 3220 1852 3285 συλλαϐῶν,

273 3323 558 3393 ὀνομάτων
598 3337 658 3378 τε
679 3320 775 3373 καὶ
809 3319 1068 3389 ῥημάτιον
1101 3316 1201 3387 τὴν
1225 3314 1388 3384 φύσιν
1413 3311 1857 3382 κατεσκευασμέ-

272 3405 387 3477 νος,
416 3411 522 3467 οὑδ’
565 3414 623 3465 ὲν
650 3412 801 3481 φωνῇ
839 3409 907 3461 δι’
949 3407 1109 3478 ἀέρος
1144 3404 1489 3476 πληττομὲνῃ
1524 3403 1856 3475 σημαινόμε-

270 3523 386 3572 νος,
411 3504 547 3558 Θεοῦ
577 3504 635 3557 δὲ
673 3502 766 3556 τοῦ
795 3501 887 3555 ἐπὶ
924 3500 1142 3553 πάντων
1178 3496 1286 3563 ζῶν
1308 3497 1404 3549 καὶ
1427 3494 1655 3567 ἐνεργὴς
1675 3494 1854 3563 ὑπάρ-

272 3614 386 3668 χων
423 3595 553 3659 Υἱὸς
588 3594 781 3663 Λόγος,
821 3593 943 3646 κατ’
981 3589 1167 3646 οὐσίαν
1209 3604 1270 3642 τε
1300 3585 1547 3657 ὑφεστὼς
1588 3581 1677 3640 οἷα
1716 3583 1853 3639 Θεοῦ

269 3688 504 3760 δύναμις
534 3686 632 3741 καὶ
657 3686 792 3739 Θεοῦ
841 3683 1024 3753 σοφία,
1054 3682 1270 3754 πρόεισι
1315 3679 1413 3751 μὲν
1434 3679 1539 3750 τῆς
1579 3676 1855 3749 πατρικῆς

272 3780 551 3852 θεότητος,
568 3775 776 3846 ἀγαθοῦ
790 3776 849 3830 δὲ
868 3773 1073 3846 πατρὸς
1088 3770 1291 3841 άγαθδν
1308 3771 1565 3841 τυγχάνει
1583 3768 1746 3838 γέννη
1756 3784 1852 3837 μα,

271 3868 544 3941 αὑτοζωὴ,
574 3866 843 3937 αὐτοφῶς,
880 3866 1128 3935 γέννημα
1173 3861 1359 3932 νοερὸν
1389 3860 1566 3931 φωτὸς
1594 3860 1850 3930 ἀλήκτου,

269 3961 362 4018 διὰ
382 3960 597 4014 πάντων
625 3956 838 4029 χωρῶν,
868 3958 926 4009 εν
954 3952 1090 4007 πᾶσι
1117 3968 1177 4005 τε
1201 3950 1278 4005 ὢν
1307 3954 1404 4005 καὶ
1451 3951 1633 4003 πάντα
1656 3950 1853 4002 ἐπιπο-

274 4053 585 4127 ρευόμενοςο
1022 4133 1079 4185 Β,

346 4232 421 4301 (5)
460 4221 629 4291 Οὗτος
654 4229 683 4280 ό
709 4225 839 4298 παρ’
862 4226 993 4296 ἡμῖν
1025 4218 1459 4293 θεολογοΰμενος,
1491 4218 1855 4290 προφητικαῖς

266 4321 477 4379 ἄνωθεν
509 4319 615 4392 πρὸ
648 4318 852 4389 μυρίων
888 4316 1095 4386 χρόνων
1130 4312 1378 4384 ἐγνώσθη
1404 4329 1465 4365 τε
1487 4311 1584 4363 καὶ
1610 4323 1853 4379 προεκη-

271 4411 449 4489 ρύχθη
490 4388 695 4480 φωναῖς
712 4425 727 4439 ο
752 4408 803 4461 οἳ
831 4407 925 4460 καὶ
948 4406 1040 4459 τὸν
1070 4406 1234 4459 τόπον
1258 4404 1361 4473 τῆς
1402 4400 1721 4470 θεοφανείας
1758 4397 1855 4453 αὑ·-
1880 4388 1923 4446 C

266 4503 390 4567 τοῦ,
413 4502 509 4555 καὶ
541 4499 893 4572 χρόνους-τῆς
929 4496 1186 4565 ἀφίξεως,
1213 4494 1310 4548 καὶ
1335 4493 1537 4564 τρόπον
1570 4490 1662 4543 τοῦ
1705 4489 1843 4559 βίου,

268 4598 368 4655 καὶ
397 4595 675 4665 δυνάμεις,
709 4591 805 4647 καὶ
845 4591 1061 4659 λόγους,
1101 4589 1197 4643 καὶ
1232 4584 1632 4657 κατορθώματα
1679 4580 1845 4636 αὐτοῦ

268 4684 657 4759 προλαϐόντες,
681 4680 883 4753 βίϐλοις
899 4680 1072 4751 ἱεραῖς
1088 4675 1441 4745 ἐγκατέθεντο
1459 4672 1554 4743 (4).
1572 4700 1638 4712 -
1654 4670 1728 4723 Τὸ
1739 4669 1847 4738 γὰρ

282 4773 495 4847 Ἰησοῦς
522 4773 715 4835 ἰάσεως
737 4770 833 4823 καὶ
858 4767 1129 4839 σωτηρίας
1155 4764 1430 4836 προσφυὲς
1456 4763 1624 4831 ὄνομα
1648 4759 1713 4813 ἂν
1736 4759 1841 4828 εἴη·

272 4868 499 4938 σωτῆρα
522 4865 633 4934 γὰρ
661 4864 754 4916 καὶ
782 4864 1048 4933 σωτήριον
1070 4861 1106 4930 ἡ
1148 4855 1415 4926 Ἐϐραίων
1440 4853 1591 4924 φωνὴ
1614 4853 1704 4905 τὸν
1746 4852 1848 4922 Ἰη-

273 4959 402 5016 σοῦν
428 4956 619 5011 εῐωθεν
644 4953 846 5007 καλεῖν.

1024 5041 1077 5094 Γ¹

344 5144 424 5215 (5)
470 5140 584 5197 Καὶ
606 5138 833 5214 θάνατος
862 5133 934 5205 (6)
968 5132 1025 5185 δὲ
1052 5134 1081 5184 ὁ
1108 5130 1397 5201 βοώμενος,
1428 5126 1486 5181 ὃν
1514 5126 1579 5197 δὴ
1606 5126 1844 5196 ὑποστῆ-

272 5256 365 5297 ναι
397 5237 461 5289 τδ
489 5233 583 5288 τοῦ
623 5232 797 5299 Λόγου
836 5226 1059 5297 ἄγαλμα
1098 5223 1259 5296 παρὰ
1288 5224 1402 5285 τοῖς
1432 5221 1598 5274 πᾶσιν
1632 5220 1845 5289 ἀνωμο-

348 5375 425 5447 (ι)
454 5372 513 5426 In
542 5370 729 5447 codice
753 5365 1138 5447 Mediolaneusi
1187 5361 1377 5447 Anthr.
1402 5360 1466 5447 Ε.
1490 5358 1617 5447 b3...
1642 5376 1693 5447 ρ.
1719 5357 1836 5447 Lingl‘.

277 5448 333 5522 ιη
353 5430 576 5498 “εέίιειιει
611 5440 781 5522 Euss-
809 5435 1089 5522 auius;
1117 5449 1167 5522 ιι
1191 5430 1843 5522 ’-ἘξΡῖῗὲἶῗῖἓῖίὲἷξῖῗῖθ

161 5550 169 5556 -
277 5498 585 5581 iﬁgmento
618 5498 818 5581 titulus
853 5503 1162 5581 summa.)
1206 5498 1844 5581 εὐαγγελικῇςηθεοερατ

273 5567 461 5645 hdie.
493 5582 587 5650 (At
616 5579 678 5650 in,
699 5576 969 5650 Parisiaco
1000 5582 1250 5650 ιιιᾼιιιιηιιεΔ
1275 5567 1444 5650 estin
1476 5571 1572 5650 ed.‘
1596 5567 1842 5650 (ξι-διηθιί

274 5637 335 5725 βξ
363 5637 780 5725 45-9,:meudese
830 5641 1189 5725 εήαγγελικὰ
1217 5637 1845 5725 Oeosadraqfil’ror‘sus

278 5708 459 5776 autem
481 5708 737 5773 Graecum
763 5719 865 5773 hoc
889 5708 1248 5783 fragmentum
1280 5708 1694 5783 quongruitucum
1743 5708 1847 5775 Sy-

278 5791 427 5845 riaca
467 5804 560 5843 seu
592 5785 813 5857 Anglica
842 5778 1192 5852 Τὴεοῖιίιαιιὶω
1226 5778 1483 5843 editione,
1514 5778 1610 5833 lib.
1649 5792 1690 5843 ι,
1722 5790 1841 5847 cap.

275 5859 374 5927 αδ,
399 5876 451 5931 p.
478 5858 563 5914 12.

1955 3136 2259 3207 perlectum
2310 3138 2546 3192 Verbum
2572 3178 2587 3201 ,
2616 3154 2713 3193 ceu
2746 3140 3087 3210 unigenitum
3110 3183 3125 3208 ,
3153 3157 3261 3198 non
3291 3160 3359 3200 ex
3406 3161 3537 3215 pro-

1956 3228 2260 3282 nuntiativa
2299 3228 2479 3297 aliqua
2514 3230 2715 3285 virtute
2745 3234 3053 3291 consistens
3077 3276 3093 3303 ,
3143 3250 3319 3304 neque
3368 3236 3538 3308 sylla-

1953 3315 2145 3374 barum
2173 3357 2190 3383 ,
2222 3318 2503 3373 nominum
2527 3359 2542 3384 ,
2572 3322 2977 3394 verborumque
3013 3335 3266 3381 naturam
3294 3342 3494 3397 gerens
3518 3369 3536 3398 ,

1955 3423 2056 3464 nec
2080 3423 2184 3480 ope
2207 3411 2357 3467 vocis
2379 3426 2445 3466 ex
2472 3413 2615 3468 aeris
2652 3417 3000 3483 percussione
3021 3419 3407 3490 signiﬁcatum,
3442 3423 3541 3478 sed

1956 3501 2051 3557 Dei
2087 3505 2327 3573 supremi
2355 3506 2545 3561 vivens
2584 3522 2931 3579 operansque
2976 3510 3149 3567 Filius
3178 3511 3417 3567 Verbum
3440 3528 3539 3570 ex-

1954 3592 2175 3660 sistens,
2203 3605 2254 3651 et
2289 3586 2507 3667 quidem
2533 3597 2991 3665 substantialiter,
3027 3611 3216 3672 utpote
3242 3603 3337 3659 Dei
3365 3604 3541 3662 virtus

1956 3694 2119 3755 atque
2146 3685 2411 3755 sapientia
2436 3726 2452 3752 ,
2480 3701 2547 3742 ex
2575 3698 2799 3757 paterna
2824 3690 3109 3748 divinitate
3149 3694 3330 3762 prodit
3355 3735 3369 3758 ,
3405 3695 3536 3751 boni

1955 3777 2128 3844 patris
2156 3776 2359 3831 bonum
2390 3792 2642 3848 germen.
2673 3781 2783 3835 vita
2815 3796 2915 3849 per
2954 3798 3048 3848 se,
3078 3798 3144 3839 ac
3174 3783 3287 3852 lux,
3319 3785 3536 3842 intele-

1954 3866 2151 3923 ctualis
2188 3878 2567 3939 perpetuaeque
2596 3871 2731 3925 lucis
2760 3874 3038 3940 genimen,
3073 3890 3171 3945 per
3202 3877 3385 3931 omnia
3416 3877 3532 3933 dis-

1953 3972 2203 4025 currens,
2244 3959 2445 4029 ubique
2482 3975 2743 4031 praesens,
2771 3973 2965 4018 cuncta
3004 3966 3335 4034 pervadens.

2712 4138 2778 4193 ll.

2025 4223 2145 4289 Hic,
2182 4240 2341 4294 quem
2379 4240 2478 4279 nos
2510 4226 2677 4281 Deum
2728 4229 2963 4283 dicimus
2988 4269 3003 4296 ,
3038 4230 3412 4297 vocibusajam
3440 4232 3536 4289 (lit:

1954 4327 2085 4371 ante
2110 4319 2389 4387 complura
2410 4320 2607 4374 saecula
2642 4322 2880 4375 innotuit
2908 4333 2965 4376 et
3006 4325 3405 4390 praenuntiatus
3432 4324 3539 4380 fuit

1956 4406 2379 4476 prophetarum,
2407 4408 2500 4477 qui
2539 4416 2596 4461 et
2627 4408 2806 4463 locum
2838 4396 3039 4463 divinae
3072 4409 3191 4478 ejus
3217 4410 3539 4467 manifesta-

1954 4495 2122 4550 tionis
2143 4535 2160 4562 ,
2192 4505 2247 4551 et
2275 4496 2533 4552 adventus
2568 4506 2811 4567 tempora
2838 4538 2854 4565 ,
2886 4508 2943 4552 et
2986 4498 3111 4552 vitae
3143 4499 3437 4563 rationem,
3480 4506 3536 4552 et

1954 4585 2238 4651 miracula,
2275 4596 2332 4640 et
2356 4601 2634 4643 sermones
2654 4628 2670 4653 ,
2707 4598 2765 4643 et
2791 4590 3010 4657 egregia
3040 4589 3307 4654 facinora,
3333 4591 3533 4645 vatici-

1956 4676 2045 4728 nio
2077 4685 2545 4746 praeoccupantes,
2578 4680 2750 4734 sacris
2792 4678 2950 4734 libris
2991 4682 3531 4736 commendaverunt.

1952 4794 2024 4805 —
2048 4766 2183 4820 Nam
2204 4765 2363 4823 Jesus
2400 4769 2671 4824 sanationi
2706 4780 2872 4840 atque
2900 4772 3061 4826 saluti
3089 4786 3391 4840 congruum
3428 4787 3533 4826 no-

1954 4872 2075 4910 men
2108 4868 2210 4910 est.
2244 4856 2578 4913 Salvatorem
2609 4859 2754 4913 enim
2808 4874 2876 4914 ac
2914 4860 3210 4916 salutarem
3256 4860 3397 4916 solet
3426 4860 3534 4914 lin-

1952 4961 2055 5016 gua
2093 4946 2444 5003 Hebraeorum
2470 4949 2656 5004 dicere
2687 4949 2897 5006 Jesum.

2690 5041 2783 5097 Ill.

2025 5129 2169 5184 Ilors
2204 5145 2420 5201 quoque
2442 5131 2531 5187 illa
2565 5132 2799 5188 celebris
2827 5170 2844 5198 ,
2875 5148 3040 5204 quam
3088 5132 3258 5190 Verbi
3306 5134 3532 5190 simula-

1952 5234 2105 5271 crum
2141 5220 2457 5285 pertulisse,
2492 5222 2544 5272 in
2573 5220 2826 5275 confesso
2853 5222 2993 5291 apud
3036 5236 3227 5276 omnes
3264 5231 3373 5288 est,
3422 5237 3529 5276 non

2019 5356 2096 5425 (*2)
2147 5356 2465 5425 Theophan.
2516 5356 2639 5428 Syr.
2674 5358 2791 5413 sive
2840 5358 3127 5428 Anglican.
3162 5359 3258 5415 lib.
3306 5374 3347 5427 t,
3404 5374 3523 5429 cap.

2020 5494 2118 5566 (2')
2140 5492 2405 5566 _Forta_§se
2434 5494 2536 5566 leg.
2565 5496 2837 5566 πρακτέα.
2874 5495 3034 5553 Eutr.

2020 5538 2419 5647 ἱῶίςξοῐῖἶεῖἷ.
2436 5538 2717 5647 ’Ᾰζεῗῖῐῗ
2729 5538 3034 5622 ΕξὰῘὶζίῘ
3054 5567 3114 5623 ε.
3147 5567 3184 5621 r.
3214 5566 3305 5625 οδ.
3333 5568 3387 5623 b.
3418 5567 3524 5626 τι.

1951 5632 2077 5705 Syr.
2105 5635 2199 5689 lib.
2230 5650 2313 5698 ιιι,
2346 5650 2466 5697 cap.
2492 5636 2586 5689 25.

2045 5705 2101 5767 4)
2129 5704 2261 5758 Cod.
2303 5705 2362 5758 E.
2400 5704 2439 5758 ι.
2473 5706 2561 5759 57.
2592 5704 2647 5758 b.
2678 5704 2783 5757 'l‘lu.
2818 5704 2942 5776 Syr.
2973 5721 3057 5768 ιιι.
3093 5707 3184 5763 40.

2023 5705 2106 5844 ξὸ)
2133 5772 2270 5844 Cod.
2300 5776 2366 5828 Δ.
2394 5774 2433 5830 ί.
2456 5774 2581 5829 507.
2609 5778 2663 5830 b.
2690 5774 2793 5844 Th.
2820 5776 2943 5844 Syr.
2972 5790 3053 5839 ιιι,
3078 5776 3168 5841 il,

2052 5774 2106 5845 5)
2133 5772 2270 5845 Qud.
2300 5776 2366 5828 Δ.
2394 5774 2433 5830 ί.
2456 5774 2581 5829 507.
2609 5778 2663 5845 ι».
2690 5774 2793 5845 Th.
2820 5772 2943 5845 S'yr.
2972 5790 3053 5839 ιιι,
3078 5776 3168 5841 il,
3190 5776 3278 5843 42,
3304 5776 3375 5831 45

2023 5815 2105 5917 ἰός
2136 5815 2271 5900 ξόἇζ
2300 5815 3168 5915 ῖιὶίἱςιὸέὲάῐὶᾶξὶιῖὅ’ὁᾶᾇέτέΞῖ
3190 5815 3278 5843 “’
3304 5815 3396 5833 ⁷⁹⁸
