4062 6408
572 456 675 519 ιιι

1268 454 1530 517 εοδευιι
1566 437 2037 511 ετεεΑιιιΕΝειε
2074 446 2126 505 0:

2263 432 2442 500 Pass
2478 442 2567 498 tv.
2607 476 2678 489 .-
2712 436 3129 497 DOGMATICA.

3701 433 3803 490 (il!

578 578 697 631 sine
745 576 945 647 ingenti
978 575 1229 645 prodigio
1264 576 1383 638 fuit,
1418 576 1656 640 nihilque
1686 584 1973 625 commune
2006 581 2126 625 cum

2231 563 2469 633 λόγηται,
2518 559 2708 614 πολλοῦ
2765 559 2979 631 μετέχει
3032 555 3127 608 τοῦ
3169 553 3465 623 θαύματος,
3513 552 3577 604 οὺ
3630 552 3805 617 κοινὸς

577 665 799 734 reliquis
827 666 1035 732 habuit.
1077 666 1260 733 Neque
1304 666 1446 717 enim
1480 666 1669 727 morbo
1707 664 2007 716 exstinctus
2046 668 2127 714 est

576 758 843 818 Christus,
869 765 963 809 aut
993 756 1201 820 laqueo.
1228 765 1321 807 aut
1345 756 1485 823 igne,
1513 768 1684 820 neque
1716 754 1768 805 in
1805 754 1920 817 ipso
1951 752 2129 806 crucis

576 858 778 912 tropa-0
811 860 963 914 eque
990 861 1051 898 ac
1067 844 1245 898 caeteri
1279 844 1505 897 malefici
1537 846 1678 897 ferro
1709 844 1951 896 succisus
1978 842 2077 893 fuit
2107 857 2122 903 ;

574 950 752 1003 neque
786 937 880 990 abs
922 936 1108 1015 quovis
1139 935 1357 988 homine
1401 922 1738 987 mortiferum
1772 932 1970 1001 aliquid
2007 947 2129 999 pas-

574 1042 690 1089 sua,
722 1028 1004 1081 violentam
1034 1027 1289 1079 sustinuit
1317 1040 1498 1077 necem
1527 1043 1541 1091 ;
1585 1025 1677 1079 sed
1728 1035 1849 1076 tunc
1897 1033 2129 1076 tantum-

576 1121 737 1173 modo
760 1132 881 1172 cum
921 1119 1033 1184 ipse
1064 1128 1255 1183 sponte
1278 1128 1537 1184 organum
1569 1124 1724 1168 suum
1751 1114 1990 1168 inimicis
2021 1125 2129 1167 tra-

575 1209 748 1272 didit;
780 1221 1010 1274 moxque
1046 1206 1173 1259 illud
1222 1208 1288 1260 de
1329 1218 1471 1259 terra
1502 1204 1808 1259 suscitavit.
1842 1203 2049 1271 Quippe
2082 1205 2127 1259 is

576 1299 751 1351 valide
797 1296 1107 1349 exclamans
1132 1336 1147 1361 ,
1191 1295 1446 1364 Patrique
1474 1296 1722 1364 spiritum
1749 1296 2129 1349 commendare

577 1404 636 1442 se
662 1388 864 1449 dicens,
894 1388 1007 1454 ipse
1038 1396 1211 1441 semet
1246 1387 1518 1439 dimittens
1554 1401 1781 1453 corpore
1812 1400 1909 1439 suo
1936 1402 2125 1440 exces-

574 1479 668 1530 sit.
701 1476 821 1529 Ideo
850 1478 1009 1528 etiam
1048 1486 1169 1527 ante
1205 1485 1455 1539 mortem,
1490 1474 1847 1529 familiaribus
1880 1478 1993 1529 suis
2027 1477 2127 1529 hoc

576 1566 974 1633 signiﬁcaverat
1002 1567 1185 1620 dicens
1217 1580 1232 1619 :
1262 1565 1430 1619 Nemo
1466 1566 1600 1618 tollit
1629 1570 1857 1619 animum
1893 1584 2058 1620 meam
2094 1585 2127 1619 α

575 1672 677 1719 me,
730 1656 817 1708 sed
865 1672 956 1723 ego
1006 1657 1215 1724 ipsemet
1249 1672 1363 1709 eam
1396 1673 1529 1721 pono
1560 1672 1577 1709 :
1607 1666 1914 1725 potestatem
1968 1659 2127 1709 habeo

578 1749 802 1814 ponendi
829 1764 941 1800 eam
964 1788 981 1813 ,
1023 1760 1069 1801 et
1100 1758 1402 1816 potestatem
1433 1750 1599 1803 habeo
1646 1751 1838 1805 iterum
1890 1752 2126 1804 sumendi

574 1853 689 1892 eoat
720 1839 785 1892 ⁸⁷.

645 2016 782 2082 Quid
810 2031 941 2086 ergo
969 2026 1091 2086 post
1117 2018 1227 2072 haec
1244 2017 1354 2085 iam
1380 2027 1626 2085 superest
1646 2058 1661 2081 ,
1708 2020 1811 2073 nisi
1844 2021 2017 2089 ipsum
2046 2030 2127 2074 to-

577 2100 685 2159 (ius
725 2106 798 2158 rei
831 2117 1010 2171 caput,
1043 2121 1331 2174 quemnam
1356 2122 1576 2160 causam
1605 2109 1871 2173 habuerit,
1905 2125 2127 2163 enarra-

576 2211 636 2250 re
662 2197 685 2248 ἲ
707 2196 1102 2265 famigeratum,
1142 2197 1377 2264 inquam,
1410 2200 1532 2251 vitae
1562 2199 1743 2261 linem,
1780 2210 1835 2252 et
1863 2201 2127 2266 passionis

574 2292 792 2341 modum
820 2305 835 2352 ;
882 2303 1087 2343 necnon
1117 2301 1239 2357 post
1264 2303 1449 2341 necem
1482 2329 1495 2351 ,
1532 2291 1947 2343 resurrectionis
1982 2291 2128 2359 ejus-

574 2382 693 2433 dem
740 2383 940 2447 grande
988 2381 1331 2436 miraculum.
1374 2382 1649 2448 Siquidem
1682 2383 1845 2451 igitur
1872 2383 1978 2437 alio
2030 2384 2129 2436 ali-

573 2485 679 2537 quo
713 2470 887 2531 modo,
924 2482 1044 2538 post
1074 2486 1222 2526 suam
1253 2487 1373 2526 cum
1418 2474 1723 2526 hominibus
1750 2475 2127 2528 conversatio-

575 2572 718 2622 nem,
747 2570 963 2626 repente
995 2561 1277 2613 invisibilis
1306 2562 1525 2615 abiisset
1546 2600 1560 2623 ,
1598 2574 1767 2623 semet
1796 2564 1909 2631 ipse
1945 2579 2128 2617 sumn-

576 2665 680 2717 que
708 2665 1022 2717 corporeum
1058 2650 1399 2702 simulacrum
1430 2650 1564 2703 clam
1601 2654 1923 2707 subtrahens
1948 2695 1961 2715 ,
2004 2653 2127 2723 fuga

576 2750 804 2792 mortem
844 2742 1014 2792 vitare
1050 2752 1333 2808 satagens;
1362 2752 1417 2795 et
1450 2744 1642 2795 deinde
1691 2746 1805 2811 ipse
1841 2746 2126 2799 mortalem

574 2838 783 2896 partem
815 2844 965 2881 suam
1017 2831 1316 2899 corruptela
1365 2840 1420 2885 et
1468 2834 1829 2888 destructione
1876 2850 2131 2889 consum-

573 2918 793 2985 psisset,
813 2933 871 2970 ea
906 2932 989 2971 res
1022 2933 1116 2987 par
1138 2919 1499 2985 pbantasmati
1523 2923 1776 2976 onmibus
1803 2925 1915 2976 visa
1946 2936 2124 2992 esset;

574 3020 747 3073 neque
793 3022 890 3075 pro
917 3020 1010 3061 sua
1040 3008 1299 3075 dignitate
1329 3010 1545 3078 egisset,
1599 3018 1686 3080 qui
1732 3023 1850 3067 erat
1875 3016 1967 3068 Dei
1995 3013 2119 3068 Ver-

573 3093 701 3148 bum
739 3096 919 3149 vivens
975 3107 1133 3163 atque
1188 3097 1391 3161 virtus;
1451 3114 1624 3166 neque
1673 3104 1935 3157 rescitum
1984 3116 2128 3159 esset

2230 657 2340 717 τοῖς
2384 654 2590 716 λοιποῖς
2632 651 3015 721 γεγενημένος·
3054 649 3115 700 οὐ
3158 647 3267 717 γάρ
3305 647 3444 715 νόσῳ
3483 643 3805 713 διαφθαρεὶς

2232 744 2354 797 οὐδὲ
2394 742 2591 813 βρόχῳ,
2617 742 2737 793 οὐδὲ
2769 741 2921 812 πυρὶ,
2969 738 3089 790 οὑδέ
3140 738 3245 807 μὴν
3287 735 3403 788 κατ’
3446 734 3581 787 αὐτὸ
3610 734 3673 785 τὸ
3708 733 3805 787 τοῦ

2230 833 2463 904 σταυροῦ
2514 832 2776 902 τρόπαιον
2822 830 3020 900 ὁμοίως
3070 832 3181 890 τοῖς
3224 828 3427 890 λοιποῖς
3475 825 3807 895 κακούργοις

2228 924 2557 995 ὑποτμηθεὶς
2592 922 2815 993 σιδήρῳ,
2849 922 2955 973 οὐδ’
2994 920 3128 981 ὅλως
3158 919 3294 990 πρός
3323 936 3466 981 τινος
3500 917 3807 990 ἀνθρώπων

2231 1015 2419 1071 παθών
2461 1032 2512 1067 τι
2549 1012 2657 1065 τῶν
2696 1015 2941 1082 ἀναιρεῖν
2978 1010 3267 1073 εἰωθότων,
3309 1010 3489 1079 βιαίαν
3543 1011 3808 1078 ὑπέμεινε

2228 1108 2498 1176 τελευτήν·
2550 1105 2665 1157 ἀλλ’
2699 1104 2774 1166 ὡς
2816 1103 2977 1166 αὐτὸς
3025 1102 3183 1171 μόνον
3226 1102 3366 1154 ἐκὼν
3410 1101 3697 1172 παρεδίδου
3744 1101 3809 1153 τὸ

2231 1194 2394 1247 αὐτοῦ
2438 1194 2660 1263 δργανον
2699 1194 2811 1254 τοῖς
2845 1190 3285 1243 ἐπιϐουλεύουσι·
3322 1189 3384 1242 τὸ
3418 1192 3518 1257 μὲν
3560 1190 3668 1242 ἀπὸ
3703 1190 3811 1259 γῆς

2228 1282 2533 1353 ἁνωρθοῧτο
2562 1281 2773 1334 αὐτίκα·
2801 1284 2829 1333 ό
2850 1281 2912 1333 δέ
2938 1284 3188 1351 φωνήσας
3216 1281 3379 1350 μέγα,
3410 1283 3505 1333 καί
3527 1281 3607 1351 τῷ
3630 1283 3743 1334 Πατ
3754 1281 3811 1350 ρὶ

2228 1366 2289 1423 τὸ
2330 1372 2543 1441 πνεῦμα
2589 1370 2983 1441 παρατίθεσθαι
3025 1370 3214 1431 εἰπὼν,
3263 1369 3463 1437 ἄφετος
3505 1370 3669 1431 αὐτὸς
3710 1371 3809 1437 ἀφ’

2231 1464 2422 1516 ἐαυτοῦ
2450 1465 2547 1532 τὴν
2574 1466 2637 1515 ἐκ
2665 1461 2758 1513 τοῦ
2792 1462 3052 1531 σώματος.
3066 1460 3409 1531 ἀναχώρησιν
3439 1464 3695 1513 ἐποιεῖτο·
3725 1460 3812 1513 διὸ

2229 1560 2291 1628 δὴ
2320 1562 2424 1628 πρὸ
2455 1560 2548 1613 τοῦ
2586 1561 2815 1613 Θανάτου
2845 1562 2957 1622 τοῖς
2984 1557 3144 1610 αὑτοῦ
3168 1558 3461 1627 γνωρίμοις
3490 1556 3651 1609 τοῦτο
3675 1555 3813 1608 αὐτὸ

2231 1653 2512 1722 παρεδίδου
2546 1652 2810 1705 διδάσκων
2858 1653 2951 1704 καί
2994 1649 3187 1715 λέγων·
3239 1649 3447 1713 Οὐδεὶς
3497 1648 3651 1714 αἴρει
3691 1646 3813 1711 τὴν

2228 1743 2439 1812 ψυχήν
2461 1763 2580 1811 μου
2608 1746 2706 1797 ἀπ’
2736 1742 2903 1811 ἐμοῦ,
2941 1744 3078 1797 ἀλλ’
3105 1742 3219 1811 ἐγὼ
3250 1742 3447 1808 τίθημι
3479 1740 3677 1806 αὐτὴν
3702 1740 3809 1791 ἀπ’

2230 1834 2506 1898 ἐμαυτοῦ·
2539 1835 2829 1898 ἐξουσίαν
2864 1835 2979 1905 ἕχῳ
3006 1832 3193 1887 θεῖναι
3234 1831 3447 1898 αὐτὴν,
3480 1831 3579 1883 καί
3619 1830 3813 1885 πάλιν

2226 1927 2515 1990 ἐξουσίαν
2537 1928 2654 1995 ἔχω
2685 1926 2891 1980 λαϐεῖν
2916 1925 3127 1989 αὐτήν.

2298 2020 2374 2089 (7)
2418 2020 2481 2071 Τί
2510 2017 2602 2072 οὖν
2627 2020 2719 2071 ἐπί
2759 2020 2968 2083 τούτοις
3006 2018 3272 2080 λείπεται,
3301 2018 3333 2087 ἢ
3361 2018 3493 2069 αὐτὸ
3520 2016 3584 2085 δὴ
3615 2016 3676 2068 τὸ
3708 2014 3809 2068 τοῦ

2228 2112 2427 2173 παντὸς
2487 2112 2781 2180 κεφάλαιον
2838 2111 3027 2163 ὁποίαν
3087 2110 3244 2178 ἔσχεν
3289 2110 3466 2161 αἰτίαν
3532 2108 3809 2171 ἐξειπεῖνς

2228 2202 2369 2269 λέγω
2410 2203 2465 2254 δὲ
2498 2203 2558 2253 τὸ
2597 2201 3029 2271 πολυθρύλ).ητον
3070 2200 3163 2252 τοῦ
3205 2198 3321 2269 βίου
3364 2199 3532 2261 τέλος,
3577 2200 3671 2251 καὶ
3708 2196 3809 2250 τοῦ

2230 2296 2432 2357 πάθους
2465 2296 2553 2347 τὸν
2596 2294 2819 2364 τρόπον,
2855 2294 3070 2364 καὶτῆς
3104 2293 3242 2363 μετὰ
3276 2293 3365 2344 τὸν
3409 2291 3637 2345 θάνατον
3674 2293 3810 2343 ἀνα-

2230 2384 2466 2447 διώσεως
2491 2384 2656 2438 αὑτοῦ
2679 2384 2739 2436 τὸ
2763 2385 2905 2453 μέγα
2928 2383 3129 2452 θαῦμα.
3157 2383 3219 2435 Εἰ
3246 2383 3342 2452 μὲν
3364 2377 3456 2434 οὖν
3483 2382 3658 2442 άλλως
3688 2400 3811 2446 πως

2234 2475 2371 2545 μετά
2404 2476 2501 2537 τὰς
2544 2478 2601 2528 ἐν
2645 2474 2952 2545 ἀνθρώποις
2991 2473 3271 2543 διατριϐάς
3309 2474 3519 2542 ἀφανὴς
3565 2472 3812 2541 γεγονὼς

2230 2568 2484 2635 ἐξαίφνης
2526 2566 2765 2637 άπέπτη,
2808 2566 3116 2634 ὑποκλέψας
3170 2565 3342 2636 λάθρα
3380 2565 3571 2618 ἑαυτὸν
3610 2565 3707 2617 καὶ
3744 2565 3812 2619 ea

2230 2660 2423 2709 οἰκεῖον
2448 2657 2691 2725 ἄγαλμα,
2728 2660 2873 2727 φυγῇ
2916 2658 3007 2709 τὸν
3046 2657 3271 2709 θάνατον
3314 2655 3593 2726 διαδράναι
3640 2672 3812 2708 σπου-

2229 2750 2417 2812 δάσας,
2438 2742 2673 2802 κᾶπειτά
2701 2766 2803 2800 που
2828 2749 2888 2800 τὸ
2912 2748 3101 2819 θνητὸν
3128 2749 3288 2812 αὐτὸς
3312 2750 3378 2801 δι’
3401 2748 3597 2801 ἐαυτοῦ
3627 2748 3812 2819 φθορᾷ

2232 2842 2324 2894 καὶ
2351 2841 2593 2911 ἀπωλείᾳ
2616 2840 2940 2910 συνεψήσας,
2966 2841 3209 2909 φάσματι
3233 2839 3299 2893 ἂν
3323 2839 3483 2908 ἐῴκει
3508 2842 3622 2901 τοῖς
3647 2842 3808 2892 πᾶσι·

2232 2934 2325 2986 καὶ
2353 2935 2451 2985 οὑκ
2478 2932 2542 2984 ἂν
2564 2931 2723 2993 αὐτὸς
2749 2932 2897 3001 αὐτῷ
2920 2932 2986 2983 τὰ
3011 2932 3289 3001 πρέποντα
3316 2930 3668 3001 διεπράξατο,
3696 2930 3809 2995 ζῶν

2235 3025 2331 3092 μὲν
2359 3024 2635 3091 τυγχάνων
2662 3024 2754 3074 καί
2786 3021 2920 3073 Θεοῦ
2954 3021 3123 3088 Λόγος
3163 3021 3255 3073 καί
3291 3020 3543 3090 δύναμις,
3584 3019 3702 3073 οὔτ’
3738 3022 3810 3075 ἂν

2231 3114 2473 3184 ἐγνώσθη
2495 3116 2601 3183 ὅπη
2625 3113 2755 3165 ποτὲ
2774 3113 2983 3182 ὑπῆρχε
3004 3113 3275 3182 χωρήσας,
3295 3110 3407 3162 οὔτ’
3432 3111 3499 3163 ἂν
3524 3110 3810 3183 ἐπιστώοη

574 3202 810 3253 quonam
846 3189 1203 3251 excessisset;
1260 3204 1431 3256 neque
1478 3192 1527 3243 id
1580 3195 1843 3247 creditum
1879 3206 2023 3249 esset
2058 3197 2125 3249 ab

2231 3208 2341 3266 τοῖς
2397 3205 2470 3274 μὴ
2513 3204 2919 3274 παρειληφόσιν,
2963 3200 3074 3253 οὔτ’
3120 3200 3187 3253 ἂν
3224 3200 3455 3253 θανάτου
3495 3201 3597 3272 τὴν
3642 3200 3811 3270 φύσιν

578 3282 687 3333 illis
714 3283 908 3347 quibus
940 3282 1297 3349 significatum
1336 3297 1439 3335 non
1467 3282 1655 3335 fuisset
1688 3301 1702 3347 ;
1754 3299 1925 3351 neque
1969 3294 2123 3339 natu-

578 3371 766 3424 raliter
796 3383 966 3424 morte
995 3373 1183 3426 fortior
1228 3374 1598 3441 apparuisset;
1641 3388 1812 3441 neque
1858 3376 2127 3442 propriam

580 3473 833 3513 naturam
863 3477 892 3513 a
930 3462 1264 3516 mortalitate
1296 3464 1669 3526 liberavisset;
1713 3477 1883 3531 neque
1929 3480 1991 3517 ea
2041 3481 2128 3519 res

575 3558 693 3601 toto
707 3552 773 3601 ab
809 3550 1113 3603 hominibus
1146 3551 1389 3603 habitata
1418 3550 1547 3601 urbe
1568 3552 1815 3602 exaudita
1836 3562 2017 3617 esset;
2044 3566 2130 3604 ne-

575 3656 681 3706 que
700 3640 978 3708 discipulis
1006 3641 1117 3692 suis
1144 3642 1331 3693 mortis
1355 3651 1717 3707 contemptum
1734 3644 2088 3709 persuasisset
2112 3660 2126 3708 ;

578 3742 752 3795 neque
780 3728 1068 3795 magisterii
1100 3728 1182 3779 sui
1218 3728 1447 3781 alumnis
1478 3730 1593 3781 vita:
1614 3742 1727 3798 poet
1757 3730 1959 3782 obitum
1989 3732 2129 3797 apud

576 3817 745 3869 Deum
802 3818 1017 3887 agenda:
1050 3832 1197 3883 spem
1246 3817 1529 3871 obtulisset
1560 3836 1576 3881 ;
1612 3834 1783 3886 neque
1818 3835 2128 3873 sermonum

577 3924 794 3962 suorum
828 3912 1088 3977 promissa
1123 3908 1556 3977 adimplevisset;
1593 3924 1765 3977 neque
1801 3914 2130 3979 propheticis

581 4002 647 4053 de
700 4015 755 4052 se
792 3999 1227 4067 pradictiouibus
1271 3984 1561 4067 cuugruuui
1608 4003 1810 4054 exitum
1850 4005 2130 4068 praestitis-

581 4100 695 4152 set;
729 4104 898 4156 neque
928 4102 1256 4157 postremum
1282 4091 1519 4143 euntium
1564 4092 1867 4145 conﬂictum
1896 4132 1910 4157 ,
1940 4096 2127 4148 videli-

580 4190 667 4233 cet
690 4180 949 4234 adversns
980 4192 1228 4245 mortem,
1260 4184 1664 4237 decertavisset.

631 4271 877 4340 tPropter
931 4274 1043 4327 haec
1108 4276 1328 4329 omnia.
1384 4278 1506 4344 quia
1569 4292 1787 4346 prorsus
1847 4280 2130 4347 oportebat

577 4362 805 4415 mortale
831 4378 1129 4430 organum,
1164 4376 1282 4431 post
1310 4366 1581 4419 sulliciens
1630 4367 1984 4420 ministerium
2022 4370 2130 4423 Deo

583 4450 756 4504 Verbo
784 4453 1103 4513 exhibitum,
1127 4466 1283 4505 linem
1320 4456 1427 4507 Deo
1444 4457 1659 4522 dignum
1689 4460 1951 4523 nancisci,
1983 4461 2124 4522 ideo,

2232 3296 2406 3365 ἐφάνη
2437 3294 2717 3365 κρείττων,
2746 3291 2857 3345 οὔτ’
2884 3292 2950 3345 ἂν
2986 3293 3046 3344 τὸ
3072 3292 3262 3359 θνητὸν
3285 3292 3384 3361 τῆς
3418 3293 3628 3354 οἰκείας
3654 3292 3814 3361 ἠλευ-

2234 3386 2392 3458 θέρου
2421 3385 2651 3454 φύσεως,
2682 3383 2797 3437 οὔτ’
2844 3384 2907 3438 ἂν
2942 3384 3061 3436 καθ’
3097 3383 3224 3454 ὅλης
3264 3386 3360 3452 τῆς
3392 3382 3699 3453 ἀνθρώπων
3728 3385 3810 3435 οἱ-

2233 3478 2501 3547 κουμένης
2522 3476 2783 3545 ἠκούσθη,
2805 3476 2916 3529 οὒτ’
2939 3474 3003 3527 ἂν
3038 3474 3267 3527 θανάτου
3296 3477 3655 3544 καταφρονεῖν
3683 3475 3812 3538 τοὺς

2232 3569 2394 3621 αὑτοῦ
2434 3568 2677 3638 μαθητὰς
2711 3568 2947 3630 ἔπεισεν,
2997 3565 3106 3619 οὔτ’
3158 3565 3224 3618 ἂν
3258 3566 3351 3635 τῆς
3402 3565 3539 3634 μετὰ
3576 3565 3811 3621 θάνατον

2236 3659 2383 3728 παρὰ
2410 3658 2527 3727 Θεῷ
2561 3657 2703 3727 ζωῆς
2735 3661 2845 3719 τοῖς
2878 3656 2974 3727 τὴν
3003 3656 3167 3709 αὑτοῦ
3192 3655 3540 3708 διδασκαλίαν
3586 3658 3811 3725 μετιοῦ-

2237 3767 2319 3802 σιν
2346 3749 2577 3821 [ἐλπίδα]
2623 3750 3019 3819 παρεστήσατο,
3054 3747 3164 3799 οὔτ’
3194 3747 3258 3799 ἂν
3291 3748 3400 3799 τῶν
3437 3749 3601 3800 αὑτοῦ
3633 3748 3812 3817 λόγων

2235 3842 2330 3904 τὰς
2372 3842 2699 3909 ἐπαγγελίας
2730 3840 2988 3909 ἐπλήρου,
3019 3838 3127 3892 οὔτ’
3172 3839 3238 3892 ἂν
3276 3842 3394 3902 ταῖς
3438 3844 3808 3910 προφητικαῖς

2236 3934 2363 4003 περὶ
2397 3932 2559 3985 αὑτοῦ
2588 3933 2916 4001 προρρήσεσι
2944 3930 3209 3999 σύμφωνα
3234 3933 3460 4000 παρεῖχε
3488 3930 3558 3983 τὰ
3603 3933 3807 3985 ἀποτε-

2236 4025 2501 4093 λέσματα.
2549 4024 2659 4075 οὔτ’
2698 4024 2762 4075 ἂν
2808 4023 2897 4074 τὸν
2926 4022 3153 4075 ὕστατον
3204 4021 3459 4074 ἁπάντων
3486 4022 3674 4089 ἀγῶνα
3697 4024 3811 4095 διη-

2237 4116 2440 4185 θλήκει·
2477 4110 2627 4177 οὗτος
2648 4116 2691 4166 δ’
2718 4110 2785 4186 ἦν
2817 4117 2845 4166 ὁ
2868 4114 3004 4168 κατὰ
3030 4114 3124 4167 τοῦ
3160 4115 3388 4167 θανάτου
3426 4115 3523 4186 (8).

2306 4294 2393 4345 Διὸ
2445 4293 2506 4363 δὴ
2547 4293 2746 4345 τούτων
2797 4295 2955 4344 ἕνεκα
3010 4292 3246 4355 πάντων,
3294 4293 3479 4362 ἐπειδὴ
3522 4293 3695 4363 ἐχρῆν
3748 4295 3810 4358 ἐξ

2237 4383 2468 4445 ἅπαντος
2496 4379 2555 4435 τὸ
2587 4382 2777 4451 θνητόν
2810 4384 3035 4451 ὄργανον
3084 4382 3221 4452 μετὰ
3263 4383 3361 4452 τὴν
3404 4384 3653 4452 αὐτάρκη
3686 4383 3805 4436 δια-

2236 4475 2416 4524 κονίαν
2460 4476 2524 4543 ἠν
2562 4474 2637 4543 τῷ
2687 4474 2806 4542 Θεῴ
2842 4474 2997 4540 Λόγῳ
3036 4474 3412 4542 διηκονήσατο,
3452 4474 3639 4537 τέλους
3689 4473 3809 4526 θεο-

578 4544 821 4611 inquam,
863 4543 966 4596 tale
1000 4546 1185 4596 mortis
1212 4560 1381 4611 genus
1408 4546 1586 4613 elegit.
1636 4547 1763 4598 Nam
1813 4564 1976 4615 quum
2016 4555 2126 4603 dna'

2237 4562 2475 4633 πρεποῦς
2506 4566 2707 4632 τυχεῖν,
2743 4561 2916 4632 ταύτῃ
2954 4580 3027 4631 πη
3062 4560 3209 4628 αὐτῷ
3236 4561 3327 4612 καὶ
3355 4561 3383 4609 ὁ
3410 4560 3637 4623 θάνατος
3664 4559 3807 4630 ᾠκο-

580 4635 1059 4686 cunsummatiouis
1116 4635 1351 4687 rationes
1417 4641 1777 4690 lantuunnudu
1836 4642 2123 4702 adessent,

580 4738 769 4789 nempe
800 4724 877 4776 vel
918 4728 1233 4793 corruptela:
1266 4738 1427 4793 atque
1477 4728 1639 4780 exitio
1674 4740 1837 4780 totum
1872 4732 2083 4783 tradere
2110 4771 2125 4793 ,

580 4824 740 4881 atque
768 4816 838 4868 ita
868 4816 1231 4881 turpissimum
1263 4818 1438 4870 facere
1474 4818 1592 4870 vita:
1636 4818 1829 4883 finem;
1867 4820 1944 4871 vel
1968 4823 2122 4872 morti

580 4905 909 4970 superiorem
945 4916 1113 4957 semet
1136 4908 1438 4969 ostendere,
1477 4908 1654 4959 divina
1686 4910 1876 4962 virtute
1906 4914 2127 4964 immur-

581 4994 689 5044 Iale
736 4990 1008 5046 efﬁciendo
1055 4997 1194 5061 quod
1252 4998 1474 5049 mortale
1524 5012 1671 5062 erat;
1726 5006 1871 5068 prior
1914 5004 2125 5069 quidem

579 5082 766 5133 modus
818 5084 1257 5148 promissionibus
1312 5089 1514 5141 alienus
1573 5102 1719 5155 erat;
1778 5109 1899 5144 nam
1958 5109 2129 5161 neque

580 5170 719 5237 ignis
746 5174 1015 5237 proprium
1058 5186 1137 5227 est
1187 5178 1501 5249 frigescere,
1536 5197 1707 5246 neque
1740 5186 1873 5237 lucis
1905 5186 2129 5239 obteste-

579 5262 760 5325 brari,
818 5279 993 5332 neque
1025 5268 1143 5319 vita:
1194 5271 1361 5331 mori,
1404 5287 1576 5338 neque
1624 5274 1816 5328 divina:
1852 5279 2129 5346 sapientia:

582 5352 895 5420 insipienter
941 5370 1115 5424 agere.
1150 5357 1256 5411 Cur
1294 5360 1434 5412 enim
1469 5362 1535 5424 is,
1581 5363 1670 5429 qui
1723 5368 1933 5420 caneris
1962 5371 2123 5424 vitam

652 5465 695 5494 ⁸⁷
724 5464 878 5517 Juan.
918 5483 969 5530 Χ,
1014 5471 1101 5522 18.

756 5578 885 5658 (god.
913 5583 971 5632 Α.
1000 5582 1037 5658 Ῐ,
1070 5584 1191 5635 502.
1293 5585 1396 5639 Th.
1426 5586 1547 5655 Syr.
1581 5603 1659 5647 ιιι,
1689 5589 1755 5643 45
1777 5607 1891 5658 seq.

654 5650 866 5726 (mullis
894 5654 1067 5703 causis
1098 5657 1283 5706 uiurtis
1322 5650 1515 5709 Christi
1563 5662 1753 5711 IlUllr'lll
1801 5650 2126 5724 iu'Anglica-

582 5720 925 5794 n:t_editiu_ne
977 5726 1182 5775 additas
1228 5727 1390 5777 fuisse
1427 5731 1724 5781 mttncralm
1756 5745 1938 5789 urnas,
1965 5720 2121 5794 quasi

584 5788 800 5840 totidem
828 5792 930 5840 sint
967 5794 1145 5858 operis
1183 5796 1432 5861 capitula.

2234 4656 2458 4717 νομεῖτο.
2500 4656 2647 4704 Δυοῖν
2674 4653 2780 4720 γὰρ
2819 4650 3154 4719 λειπομένων
3182 4648 3259 4718 τῷ
3285 4647 3445 4711 τέλει,
3479 4648 3509 4717 ἢ
3558 4648 3737 4719 φθορᾷ
3768 4649 3801 4719 ἢ

2232 4745 2471 4813 ἀπωλείᾳ
2509 4743 2840 4813 παραδοῦναι
2867 4743 2927 4793 τὸ
2960 4743 3087 4805 πᾶν,
3124 4741 3217 4793 καὶ
3254 4740 3538 4810 αἰσχίστην
3566 4742 3802 4809 ποιήσα-

2234 4834 2351 4884 σθαι
2378 4834 2471 4902 τὴν
2490 4835 2581 4885 τοῦ
2614 4834 2728 4902 βίον
2758 4834 3158 4902 καταστροφὴν,
3189 4820 3221 4899 ἢ
3256 4832 3483 4884 θανάτου
3512 4830 3803 4899 κρείττονα

2230 4923 2416 4974 ἑαυτὸν
2452 4927 2633 4991 φῆναι,
2662 4924 2815 4993 θεῖκῇ
2843 4922 3066 4991 δυνάμει
3091 4923 3149 4975 τὸ
3177 4922 3366 4992 θνητὸν
3392 4920 3657 4973 ἀθάνατον
3691 4937 3801 4973 me

2230 5016 2652 5083 ραστησάμενον·
2692 5014 2751 5065 τὸ
2790 5015 2887 5083 μὲν
2922 5014 3134 5084 πρῶτον
3175 5014 3441 5065 ἀνυίκειον
3485 5011 3584 5079 τῆς
3618 5013 3796 5079 ἐπαγ-

2227 5107 2429 5171 γελίας·
2464 5107 2523 5155 οὺ
2564 5106 2671 5175 γὰρ
2704 5104 2767 5174 δὴ
2800 5106 2967 5175 πυρὸς
3011 5107 3206 5157 οἰκεῖον
3239 5103 3299 5154 τὸ
3329 5102 3518 5170 ψύχειν
3548 5102 3646 5169 (υ),
3674 5104 3799 5155 οὐδὲ

2233 5198 2404 5264 φωτὸς
2435 5198 2494 5248 τὸ
2541 5196 2822 5259 σκοτίζειν,
2872 5197 3039 5260 οὕτως
3078 5196 3198 5249 οὐδὲ
3235 5196 3375 5263 ζωῆς
3415 5194 3473 5245 τὸ
3508 5193 3795 5255 θανατοῦν,

2232 5289 2349 5339 οὐδὲ
2390 5289 2481 5339 τοῦ
2520 5288 2653 5339 Θεοῦ
2695 5288 2852 5355 Χόγου
2890 5291 2946 5339 to
2974 5288 3294 5360 παραλόγως
3338 5288 3596 5356 ἐνεργεῖν·
3643 5288 3796 5337 ποῖον

2231 5374 2321 5431 οὖν
2358 5376 2467 5449 εἶχε
2500 5379 2654 5445 λόγον
2684 5379 2771 5430 τὸν
2802 5378 3006 5450 ἐτέροις
3044 5377 3187 5448 ζωὴν
3218 5376 3701 5445 ἐπαγγελλόμενον,
3731 5373 3795 5427 τὸ

2306 5601 2381 5665 (9)
2414 5599 2580 5651 Verba
2606 5599 2818 5669 ψύχειν,
2861 5598 3145 5663 σκοτίζειν,
3171 5600 3452 5659 θανατοῦν,
3487 5616 3591 5652 non
3618 5603 3795 5653 activo

2234 5675 2327 5719 sed
2358 5682 2548 5720 neutro
2592 5687 2753 5720 sensu
2786 5670 2871 5723 hic
2906 5683 3028 5722 esse
3070 5672 3382 5739 accipienda
3417 5673 3586 5737 Syrus
3626 5672 3794 5723 inter-

2232 5755 2352 5806 ptes
2385 5742 2739 5791 demonstrat.
