4062 6412
224 462 333 520 615

1582 454 1671 514 DE
1711 449 2177 514 ΤΠΕΟΡΗᾹΝΙᾹ.

3382 453 3497 513 ττι

221 580 426 634 οἰκεῖον
469 581 701 653 ὄργανον
744 579 1097 651 φθειρόμενον
1153 577 1432 650 παριδεῐν;
1488 576 1697 630 οὐκοῦν
1749 575 1808 628 τὸ

1913 575 2278 644 promiserat,
2327 588 2588 645 organum
2622 589 2780 629 suum
2811 575 3218 646 corruptionem
3253 577 3366 645 pati
3403 592 3500 629 ue-

223 669 476 742 δεύτερον
501 674 792 740 ἀναγκαῖον
814 669 902 742 ἦν,
931 672 1074 738 λέγω
1098 670 1154 723 δὲ
1179 670 1238 723 τὸ
1268 669 1498 722 θανάτου
1528 667 1812 738 κρείττονα

224 761 421 816 ιαυτδν
450 763 633 833 φῆναι.
667 762 790 825 Πῶς
819 759 912 829 οὖν
939 761 1110 832 ἐχρῆν
1132 758 1290 812 τοῦτο
1315 757 1676 829 ποιήσασθαις
1704 759 1813 810 Λα-

226 850 436 923 θραίως
462 854 569 924 ἄρα
591 853 684 904 καὶ
711 852 1080 923 κ),οπιμαίως;
1113 851 1145 921 ἢ
1168 854 1278 912 τοῖς
1298 853 1463 902 πᾶσιν
1488 847 1812 920 άριπρεπῶς

226 947 326 998 καὶ
359 944 651 1015 διαδήλως;
703 944 863 997 Ἀλλὰ
906 945 1118 997 σκότιον
1162 943 1261 1012 μὲν
1292 943 1386 994 καὶ
1415 941 1642 1011 κρύφιον
1681 939 1813 992 αὐτὸ

227 1035 471 1107 πραχθὲν
505 1035 567 1088 τὸ
590 1036 940 1107 κατόρθωμα,
969 1034 1156 1104 μηδενὶ
1197 1034 1253 1086 δὲ
1282 1033 1544 1100 γνωσθὲν,
1570 1032 1721 1084 οὐδὲν
1747 1033 1812 1084 ἂν

225 1127 425 1199 ὤνησεο
461 1127 651 1198 βοηθὲν
674 1128 730 1180 δὲ
761 1130 854 1180 καὶ
879 1126 1142 1180 ἀκουσθὲν
1173 1127 1254 1188 εἰς
1277 1125 1509 1189 πάντας,
1535 1126 1649 1186 τοῖς
1679 1125 1812 1175 πᾶσι

225 1221 330 1289 τὴν
369 1221 433 1273 ὲκ
470 1218 564 1273 τοῦ
609 1219 885 1290 θαύματος
931 1221 1192 1289 παρεῖχεν
1242 1217 1528 1284 ὠφέλειαν.
1573 1215 1813 1278 Εἰκότως

227 1309 358 1382 ἄρα,
387 1311 576 1381 ἐπειδὴ
623 1311 788 1380 ἐχρῆν
822 1309 882 1362 τὸ
920 1309 1086 1361 αὑτοῦ
1127 1308 1356 1378 ὄργανον
1382 1309 1625 1377 κρεῖττον
1651 1305 1814 1358 θανά-

225 1418 321 1454 του
349 1403 534 1472 φῆναι,
569 1401 664 1453 καὶ
695 1399 854 1452 τοῦτο
877 1397 1081 1470 πρᾶξαι
1112 1399 1186 1469 μὴ
1225 1400 1304 1461 εἰς
1331 1398 1392 1449 τὸ
1424 1396 1664 1466 λεληθὸς,
1697 1397 1812 1448 ἀλλ’

227 1493 314 1546 ἔπ’
344 1492 528 1560 ὄψεσιν
553 1489 877 1561 ἀνθρώπων,
908 1490 968 1542 ού
1005 1489 1195 1558 φεύγει
1226 1489 1323 1558 μὲν
1348 1488 1437 1540 τὸν
1469 1487 1717 1540 θάνατον’
1745 1483 1813 1558 ἦν

225 1582 338 1654 γὰρ
376 1583 442 1635 ἂν
466 1581 656 1643 δειλὸς,
693 1582 787 1632 καί⁵
829 1580 1057 1634 Θανάτου
1091 1579 1289 1649 χείρων
1323 1575 1604 1648 ἐνομίσθη·
1630 1578 1718 1632 διὰ
1757 1578 1814 1630 δὲ

224 1676 326 1744 τῆς
352 1674 488 1743 πρὸς
522 1673 613 1724 τὸν
657 1672 883 1725 θάνατον
919 1665 1373 1740 συμπλοκῆς,ὀῖα
1403 1670 1537 1741 πρὸς
1570 1670 1814 1737 ἀνταγω-

225 1764 414 1835 νιστὴν
449 1763 581 1832 (10),
617 1764 678 1817 τὸ
726 1763 920 1834 θνητόν
972 1763 1252 1816 ἀθάνατον.
1280 1762 1542 1834 παρίστη,
1575 1759 1815 1813 ’ὕστατον

226 1855 415 1922 ἀγῶνα
438 1854 626 1907 τοῦτον
652 1855 792 1925 ὑπὲρ
827 1855 928 1924 τῆς
954 1854 1210 1908 ἁπάντων
1247 1852 1517 1924 σωτηρίας
1551 1853 1644 1905 καὶ
1677 1853 1813 1906 ἀθα-

225 1946 421 2008 νασίας
451 1945 890 2016 ἀναδεδεγμένος.

301 2121 413 2194 (Η)
464 2122 521 2175 '0
550 2123 648 2193 μὲν
675 2122 783 2194 γὰρ
812 2123 1025 2194 πρῶτος
1048 2121 1199 2192 αὐτῷ
1223 2120 1422 2193 [ἀγὼν]
1455 2121 1599 2176 κατὰ
1619 2122 1812 2192 δαιμό-

224 2231 332 2268 νων
361 2215 642 2285 ἔνηργείτο
677 2215 768 2266 ἐπὶ
799 2214 1114 2284 καθαιρέσει
1145 2217 1244 2284 τῆς
1279 2213 1542 2266 πολυθέου
1576 2213 1811 2284 πλάνης·

225 2306 349 2358 ἐπεὶ
367 2305 426 2358 δὲ
453 2306 482 2356 ό
509 2306 644 2376 πρὸς
672 2305 858 2358 τούσδε
883 2306 1032 2368 τέλος
1055 2300 1202 2374 εἶχεν
1230 2305 1402 2372 ἀγὼν,
1438 2304 1692 2375 δεύτερος
1719 2307 1812 2357 ἐπὶ

223 2393 377 2448 λύσει
402 2395 500 2466 τῆς
520 2395 613 2447 τοῦ
641 2395 866 2449 θανάτου
893 2395 1349 2458 καταδυναστείας
1381 2395 1612 2462 ἐγένετο·
1637 2396 1686 2447 οἰ
1714 2395 1811 2465 μὲν

224 2485 336 2556 γάρ
369 2486 490 2538 κατ’
533 2486 698 2538 αὑτοῦ
747 2487 1073 2555 συνηγμένοι
1117 2485 1387 2556 δαίμονες,
1431 2487 1459 2538 ὅ
1506 2503 1566 2539 τε
1608 2485 1812 2538 τούτων

225 2576 492 2646 δξάρχων,
520 2576 590 2630 τὰ
619 2575 765 2628 νῶτα
791 2577 932 2630 κατὰ
957 2576 1058 2647 τὴν
1097 2576 1319 2649 πρώτην
1353 2576 1502 2648 αὐτῷ
1538 2577 1813 2648 συμδολὴν

225 2669 749 2738 παραχωρήσαντες,
772 2668 864 2720 τὸν
907 2667 1158 2740 δεύτερον
1199 2664 1360 2722 ἆθλον
1401 2669 1687 2731 ἐσκόπουν,
1717 2668 1812 2721 τοῦ

227 2755 346 2826 βίου
383 2756 568 2810 λοιπόν
605 2758 704 2827 τὴν
745 2757 984 2827 ὑστάτην
1026 2758 1408 2830 καταστροφὴν
1447 2759 1810 2830 ἐκδεχόμενοι,

224 2845 325 2899 καὶ
363 2843 460 2914 τὴν
499 2843 593 2897 τοῦ
630 2845 824 2916 θνητοῦ
864 2846 1122 2918 τελευτὴν
1162 2847 1354 2916 ὁμοίαν
1392 2847 1610 2900 ἔσεσθαι
1648 2850 1813 2901 πᾶσιν

222 2935 536 3007 ἀνθρώποις
561 2938 1012 3008 καραδοκοῦντες·
1048 2941 1110 2992 ού
1136 2940 1246 3010 γὰρ
1272 2939 1339 2992 ἂν
1369 2938 1590 2992 πώποτε
1613 2940 1812 3012 θνητὴν

224 3027 390 3096 φύσιν
435 3027 664 3081 θανάτου
706 3029 994 3096 κρείττονα
1070 3029 1325 3099 γενέσθαι
1378 3031 1807 3102 προσεδόκησαν·

222 3118 255 3170 ὁ
273 3117 330 3169 δὲ
358 3116 493 3186 μετὰ
520 3117 588 3169 τὰ
614 3117 805 3188 πρῶτα
834 3119 976 3171 κατά
1008 3119 1276 3189 δαιμόνων
1309 3120 1547 3192 τρόπαια
1587 3120 1689 3191 ήδη
1717 3121 1812 3173 καὶ

224 3206 372 3261 κατὰ
398 3206 490 3260 τοῦ
513 3207 741 3262 θανάτου
765 3211 1148 3280 παρετάττετο.
1179 3211 1388 3280 Ὠσπερ
1408 3209 1464 3263 δὲ
1485 3210 1632 3274 εἴτις
1649 3211 1813 3265 ἄκαυ-

226 3315 354 3352 στον
386 3300 526 3368 ,ἡμῖν
570 3302 665 3352 καὶ
710 3302 881 3371 πυρὸς
930 3305 996 3372 τῇ
1046 3302 1205 3371 φύσει
1250 3306 1494 3373 κρεῖττον
1541 3302 1711 3370 δεῖξαί
1759 3321 1812 3357 τι

229 3389 427 3452 σκεῦος
459 3389 669 3460 ἢθελεν,
694 3393 796 3445 οὐκ
824 3392 997 3456 ἄλλως
1021 3392 1086 3445 ἃν
1124 3393 1187 3445 τὸ
1213 3393 1400 3462 θαῦμα
1429 3396 1813 3464 παρεστήσατο

225 3480 262 3552 ἢ
288 3482 420 3551 πυρὶ
443 3483 716 3553 παραδοὺς
737 3485 798 3537 τὸ
826 3485 962 3554 μετὰ
990 3488 1198 3556 χεῖρας,
1225 3485 1460 3538 κᾶπειτα
1505 3485 1643 3538 σῶον
1681 3485 1812 3539 αὐτὸ

229 3572 326 3626 καὶ
357 3572 682 3643 ἀδιάφθορον
712 3573 806 3626 τοῦ
852 3575 1022 3644 πυρὸς
1063 3575 1259 3642 ἐξελὼν
1295 3579 1313 3646 (
1325 3578 1428 3646 12)·
1463 3580 1606 3632 κατὰ
1637 3579 1810 3633 ταῦτα

225 3663 294 3734 δὴ
323 3665 414 3717 καὶ
448 3665 476 3716 ὁ
509 3665 616 3716 τῶν
652 3666 788 3718 ὅλων
828 3666 1088 3731 ζωοποιὸς
1129 3667 1263 3722 Θεοῦ
1294 3671 1490 3738 Λόγος,
1525 3672 1587 3724 τὸ
1616 3671 1809 3742 θνητὸν

227 3753 478 3825 ὄργανον,
535 3747 578 3822 ᾧ
629 3755 764 3826 πρὸς
830 3754 1132 3826 ἀνθρώπων
1188 3758 1457 3829 ἐκέχρητο
1508 3761 1806 3832 σωτηρίαν,

231 3849 475 3916 κρεῖττον
509 3845 735 3899 θανάτου
770 3846 936 3915 φῆναι
979 3847 1279 3918 βουληθεὶς,
1326 3846 1386 3902 εὖ
1437 3849 1583 3920 μάλα
1615 3851 1807 3922 χρησί-

235 3955 342 4007 μην
368 3938 526 4008 ύπῄει
559 3937 656 4007 τὴν
683 3938 1010 4008 οἰκονομίαν,
1043 3939 1102 3991 τὺ
1132 3938 1292 4008 σῶμα
1325 3941 1460 4011 πρὸς
1501 3941 1674 4012 βραχὺ
1710 3959 1810 3996 κα-

233 4028 473 4081 ταλιπὼν
505 4030 636 4097 (l3),
673 4031 766 4082 καὶ
791 4031 851 4082 τὸ
878 4029 1069 4098 θνητὸν
1103 4029 1178 4100 τῷ
1209 4031 1425 4101 θανάτῳ
1453 4034 1612 4086 πάλιν
1642 4036 1807 4103 ὑφαι-

235 4118 514 4190 ρούμενος,
549 4123 628 4183 εἰς
673 4121 1013 4190 παράστασιν
1045 4121 1142 4191 τῆς
1185 4121 1368 4174 ἐνθέου
1401 4122 1700 4192 δυνάμεως.
1743 4125 1806 4176 Ἡ

231 4212 335 4282 μὲν
366 4207 458 4265 οὖν
490 4211 675 4282 πρώτη
708 4211 854 4265 αἰτία
880 4207 950 4282 ἦν
976 4211 1133 4282 αὕτη.

305 4301 414 4372 (ﬂ)
451 4303 685 4373 Δευτέρα
710 4303 767 4355 δὲ
797 4303 894 4372 τῆς
927 4303 984 4355 ὲν
1025 4301 1104 4372 τῷ
1148 4301 1360 4372 σώματι
1400 4303 1804 4374 κατοικησάσης

231 4394 414 4448 ινθέου
447 4394 723 4464 δυνάμεως
753 4393 994 4458 ἔνδειξις.
1042 4393 1259 4464 Ἐπειδὴ
1292 4394 1398 4464 γάρ
1435 4393 1497 4446 τὸ
1538 4395 1805 4466 πρότερον

231 4483 357 4546 τοὺς
387 4483 490 4536 ὑπὸ
528 4482 621 4535 τοῦ
655 4482 885 4535 θανάτου
925 4483 1308 4553 νενικημένους
1343 4483 1540 4553 ἄνδρας
1578 4483 1805 4555 θνητοὺς

231 4573 468 4644 ἀληθῶς,
512 4574 606 4626 καὶ
639 4573 812 4626 κοινδν
855 4573 1004 4636 τέλος
1047 4574 1522 4643 ὑποδεδεγμένους,
1561 4575 1804 4639 ὲθείαζον

231 4665 742 4736 ἄνθρωποι,ῆρωάς
788 4682 847 4716 τε
888 4666 982 4717 καὶ
1029 4665 1182 4728 θεοὺς
1229 4665 1529 4735 ὠνόμαζον·
1579 4669 1804 4732 εἰκότως

230 4759 470 4812 διδάσκει
518 4759 676 4828 μόνον
718 4757 906 4810 τοῦτον
937 4759 994 4810 ὲν
1029 4757 1245 4826 θανάτῳ
1285 4757 1418 4810 Θεὸν
1446 4759 1620 4830 άληθῆ
1666 4757 1803 4813 εἶναι

231 4851 531 4920 ὁμολογεῖν,
553 4852 642 4902 τὸν
662 4851 730 4902 τὰ
751 4849 976 4920 βραδεῖα
999 4851 1096 4918 τῆς
1118 4848 1260 4902 κατὰ
1281 4848 1372 4901 τοῦ
1399 4849 1628 4904 θανάτου
1650 4852 1804 4923 νίκης

231 4941 658 5013 ἀναδησάμενον.
693 4943 801 5012 (15)
835 4942 1005 5012 Τρίτη
1033 4941 1077 4993 δ’
1113 4941 1178 4995 ἂν
1207 4941 1291 5012 εῐη
1329 4942 1474 4994 αἰτία
1504 4942 1598 4995 τοῦ
1627 4960 1804 5014 σωτη-

304 5079 542 5152 (ἰθῌῐὶο
579 5079 636 5152 in
668 5080 884 5149 Anglica
919 5080 1296 5152 translatione,
1354 5096 1405 5147 p.
1440 5081 1562 5152 188,
1600 5097 1656 5137 v.
1703 5082 1793 5146 l6,

230 5149 483 5220 video'by
515 5149 617 5202 (his
640 5153 932 5220 contention
968 5149 1089 5201 with
1124 5151 1300 5210 death,
1328 5167 1385 5202 aa
1434 5150 1558 5203 with
1597 5168 1630 5204 a
1679 5167 1802 5204 cou-

231 5219 552 5289 tmporary,
584 5220 830 5286 conﬂictu
857 5219 954 5270 hoc
994 5235 1108 5272 cum
1151 5227 1339 5284 morte,
1389 5230 1637 5286 (animum
1683 5238 1801 5272 cum

231 5297 689 5358 centeniporaueo.
718 5289 994 5358 Syriacus
1019 5289 1148 5356 quid
1190 5290 1390 5358 habeat,
1419 5292 1623 5354 nescio,
1673 5293 1800 5358 quia

236 5356 375 5411 libro
407 5355 589 5411 careo.
623 5357 729 5411 Sed
781 5367 930 5410 certe
973 5355 1097 5411 vera
1153 5359 1317 5410 lectio
1362 5357 1546 5412 Graeca
1581 5355 1802 5419 est,'o?a

231 5425 371 5496 πρὸς
393 5427 815 5496 ἀνταγωνιστήν,
846 5437 1099 5497 tanquam
1119 5443 1238 5497 rum
1263 5430 1584 5481 aduersario.
1620 5429 1804 5497 Itaque

232 5494 520 5548 translatio
558 5494 889 5567 emendanda
935 5506 1039 5550 est.
1089 5494 1239 5548 Mitto
1286 5498 1421 5550 alios
1462 5498 1611 5567 locos
1641 5538 1656 5562 ,
1709 5494 1802 5567 qui

231 5579 384 5633 mque
437 5565 704 5618 interdum
737 5567 801 5618 ad
832 5564 1076 5619 Graecam
1128 5568 1411 5619 veritatem
1467 5564 1799 5621 reformandi

229 5636 518 5698 videntur;
553 5649 726 5702 neque
755 5635 897 5688 enim
937 5650 1038 5701 ego
1066 5636 1317 5688 criticum
1359 5651 1459 5702 ago
1498 5637 1592 5689 sed
1623 5639 1801 5691 edito-

231 5716 380 5776 rem:
401 5702 891 5776 Vicissimtatnen,
924 5715 986 5776 ut
1025 5719 1196 5776 nuper
1232 5705 1368 5776 dixi,
1398 5704 1660 5776 Syriacus
1694 5718 1801 5760 tex-

228 5782 319 5828 tus
341 5772 586 5828 Graecum
619 5773 903 5827 illuminat.
950 5773 1016 5827 Et
1057 5774 1271 5844 quidem
1325 5772 1566 5839 Grtecus,
1617 5785 1800 5842 utpote

230 5858 392 5913 quem
447 5852 757 5898 catenarum
810 5854 1062 5898 auctores
1125 5858 1222 5913 pro
1272 5845 1348 5898 rei
1395 5847 1799 5913 opportunitate

1914 665 2190 736 gligcret?
2239 665 2380 735 Ergo
2403 666 2679 735 posterior
2713 666 2908 721 modus
2959 668 3300 722 necessarius
3351 669 3452 722 luit
3477 707 3494 732 ,

1914 757 2096 820 morti,
2129 757 2376 827 inquam,
2439 758 2779 825 superiorem
2815 773 2876 814 se
2913 759 3312 814 demonstrare.
3339 759 3491 825 Qua-

1918 864 2043 901 nam
2079 863 2209 902 vero
2237 850 2444 904 ratione
2495 850 2549 903 id
2573 851 2799 918 exsequi
2823 865 2959 920 opus
2990 851 3159 904 crat?
3188 850 3411 905 Clamne
3431 863 3499 915 ac

1914 940 2099 994 furtim
2131 940 2155 993 ἲ
2206 955 2275 994 an
2327 956 2516 996 coram
2549 943 2806 997 omnibus
2838 944 3119 1013 splendide
3165 960 3229 1000 ac
3261 938 3497 998 manife-

1914 1041 1995 1085 ste
2026 1032 2050 1084 2
2103 1033 2265 1098 Atqui
2312 1033 2428 1088 haec
2455 1049 2542 1088 res
2569 1036 2793 1103 egregia
2841 1034 2889 1089 si
2940 1031 3176 1090 obscure
3204 1046 3257 1090 et
3283 1036 3500 1091 occulte

1915 1135 2034 1179 acta
2062 1125 2272 1188 fuisset,
2302 1127 2524 1178 conscio
2551 1128 2788 1187 nemine,
2823 1127 2958 1179 nihil
2995 1127 3290 1195 profuisset
3323 1141 3501 1182 :con-

1917 1225 1996 1269 tra
2031 1230 2157 1270 vero
2186 1214 2509 1283 fainigerata
2543 1225 2709 1284 atque
2747 1217 3000 1269 omnibus
3048 1217 3306 1269 exattdita
3335 1256 3352 1279 ,
3393 1215 3499 1268 mi-

1916 1307 2102 1361 raculo
2151 1321 2250 1361 suo
2281 1307 2527 1374 paritura
2585 1315 2706 1361 erat
2753 1307 3121 1360 univcrsalem
3177 1306 3496 1360 utilitatem.

1916 1399 2081 1451 ltecte
2130 1399 2317 1466 igitur,
2372 1399 2628 1465 quoniam
2680 1399 2969 1464 oportebat
3015 1399 3187 1465 ipsius
3229 1407 3497 1467 organum

1916 1487 2078 1540 morti
2105 1489 2357 1556 superius
2389 1500 2676 1557 apparere,
2712 1498 2874 1555 atque
2903 1487 2962 1540 id
2999 1502 3102 1539 non
3133 1487 3271 1539 clam
3307 1487 3403 1540 sed
3443 1485 3500 1539 in

1917 1589 2207 1646 conspectu
2237 1580 2515 1632 hominum
2549 1579 2690 1641 ﬁeri,
2727 1589 2957 1632 mortem
2998 1592 3103 1631 non
3152 1577 3327 1647 fugit;
3361 1576 3500 1631 alio-

1916 1668 2006 1735 qui
2044 1671 2192 1722 visus
2221 1681 2366 1724 esset
2397 1670 2642 1732 timidus,
2672 1681 2726 1722 et
2758 1680 2933 1724 morte
2961 1670 3196 1723 debilior
3218 1669 3496 1732 creditus;

1916 1761 2008 1815 sed
2033 1761 2286 1815 conﬂictu
2318 1775 2440 1815 cum
2481 1775 2679 1824 morte,
2715 1772 2970 1829 tanquam
3004 1777 3126 1816 cum
3159 1761 3519 1824 adversario,

1917 1850 2054 1907 inito
2079 1890 2093 1914 ,
2121 1852 2264 1920 quod
2293 1851 2520 1904 mortale
2559 1861 2678 1905 erat
2719 1851 2786 1904 ad
2815 1851 3282 1905 immortalitatem
3316 1861 3498 1904 trans-

1843 1923 1888 1978 Β
1933 1943 2075 2004 ιιιιξι,
2111 1953 2414 1997 extremum
2448 1943 2595 1998 hunc
2629 1932 2860 2013 agonem
2910 1957 3010 2013 pro
3049 1944 3293 1998 omnium
3322 1943 3501 2004 salute

1913 2046 1968 2089 et
1995 2034 2413 2089 immortalitate
2441 2035 2767 2103 suscipiens.

1987 2123 2121 2178 Nam
2155 2119 2388 2194 prinium
2425 2125 2502 2178 illi
2544 2135 2824 2179 certamen
2871 2123 2975 2178 fuit
2999 2134 3191 2180 contra
3227 2128 3502 2194 daemones

1913 2214 1983 2268 ob
2034 2213 2376 2284 polytbeismi
2443 2228 2686 2269 errorem
2738 2215 3171 2280 destruendum;
3219 2230 3332 2285 quo
3362 2231 3487 2286 per-

1917 2317 2038 2360 acto
2065 2346 2079 2368 ,
2136 2308 2486 2378 subsecutum
2521 2315 2605 2358 est
2636 2305 2936 2360 secundum
2972 2304 3043 2358 ob
3095 2304 3501 2359 dissolvendam

1915 2400 2104 2452 mortis
2157 2399 2607 2452 dominationem.
2660 2395 2984 2464 Conglobali
3042 2396 3187 2450 enim
3240 2395 3507 2449 adversus

1914 2505 2036 2543 eum
2065 2489 2340 2543 daemones
2366 2503 2489 2540 cum
2508 2500 2606 2540 suo
2631 2487 2790 2549 duce,
2811 2495 3097 2554 postquam
3121 2487 3294 2555 primo
3315 2483 3505 2554 praelia

1920 2590 2067 2650 terga
2102 2588 2399 2642 verterant,
2435 2578 2737 2632 secundum
2769 2575 3160 2640 observabant,
3190 2576 3321 2629 vitae
3342 2574 3506 2630 Chri-

1914 2673 1981 2726 sti
2019 2673 2275 2739 deinceps
2308 2680 2609 2725 extremam
2640 2670 3054 2734 catastropham
3091 2678 3502 2737 exspectantes.

1912 2763 2164 2818 mortalis
2193 2763 2435 2816 hominis
2485 2763 2645 2816 linem
2695 2761 2926 2832 reliquis
2973 2761 3230 2816 omnibus
3265 2758 3502 2814 similent

1915 2855 2030 2909 fere
2061 2863 2343 2922 sperantes
2378 2870 2391 2906 :
2431 2866 2609 2921 neque
2637 2853 2788 2906 enim
2821 2865 3061 2920 unquam
3083 2852 3507 2907 exlstimassent

1912 2943 2190 2998 mortalem
2220 2955 2467 2995 naturam
2500 2944 2659 2995 morti
2693 2940 2809 2995 fore
2836 2941 3204 3009 superiorem.
3245 2939 3506 2995 AtChri-

1913 3044 2028 3088 stus
2062 3041 2177 3103 post
2207 3033 2420 3101 priores
2463 3034 2532 3087 de
2565 3032 2903 3088 daemonibus
2940 3032 3147 3086 relatas
3187 3032 3502 3098 manubiae,

1908 3119 2018 3189 jam
2047 3130 2237 3175 contra
2276 3121 2449 3188 ipsam
2485 3134 2717 3174 mortem
2755 3120 2808 3173 in
2841 3120 3014 3174 aciem
3063 3119 3340 3189 prodibat.
3378 3117 3504 3174 Sic-

1921 3220 1979 3266 ut
2024 3222 2206 3266 autem
2241 3211 2286 3265 si
2319 3213 2443 3281 quis
2477 3211 2588 3280 igni
2638 3210 2960 3279 impervium
2990 3219 3161 3278 atque
3211 3210 3505 3280 insupera-

1841 3264 1887 3325 Ο
1918 3264 2027 3360 bile
2068 3264 2200 3359 vas
2235 3264 2452 3374 aliquod
2483 3264 2864 3357 demonsirare
2899 3264 3103 3366 vellet:
3151 3300 3296 3355 haud
3343 3264 3504 3356 aliter

1913 3397 2053 3453 hanc
2082 3412 2195 3452 rem
2227 3397 2424 3450 miram
2474 3391 2878 3461 comprobaret,
2904 3405 3067 3462 quam
3099 3390 3333 3446 ﬂamma:
3387 3400 3502 3445 tra-

1913 3489 2048 3542 dens
2073 3487 2219 3557 quod
2251 3502 2364 3556 pm
2397 3485 2649 3539 manibus
2672 3483 2926 3546 haberet,
2964 3497 3030 3537 ac
3067 3481 3266 3537 deinde
3290 3481 3507 3536 incolu-

1913 3594 2000 3633 me
2041 3577 2475 3645 inviblatumqne
2509 3578 2632 3645 igne
2685 3576 3000 3639 retrahens;
3040 3575 3115 3628 ita
3145 3574 3314 3630 etiam
3355 3575 3503 3645 quod

1911 3667 2093 3722 omnia
2121 3668 2364 3721 virilicat
2392 3665 2486 3720 Dei
2518 3665 2782 3731 Verbum,
2818 3665 3047 3721 mortale
3069 3679 3360 3735 organum,
3390 3681 3503 3735 quo

1913 3761 1984 3814 ad
2009 3761 2290 3815 hominum
2336 3758 2571 3814 salutem
2620 3773 2754 3812 usus
2800 3757 3019 3818 luerat.
3061 3767 3236 3811 morte
3271 3757 3505 3812 validius

1911 3854 2288 3908 demonstrare
2314 3850 2504 3906 volens
2527 3887 2541 3914 ,
2570 3849 2705 3903 utile
2758 3849 3050 3904 admodum
3083 3849 3374 3903 consilium
3403 3863 3500 3902 ce-

1911 3945 2029 4013 pit,
2081 3957 2276 4012 corpus
2330 3943 2479 3997 brevi
2541 3950 2787 4010 tempore
2842 3940 3165 4003 deserendi;
3202 3955 3499 4008 rursusque

1911 4036 2053 4102 quod
2109 4041 2380 4086 mortuum
2433 4043 2554 4086 erat
2608 4030 2766 4084 morti
2803 4027 3067 4099 eripiendi
3097 4068 3111 4092 ,
3150 4038 3208 4083 ut
3238 4029 3476 4083 divinam

1911 4127 2162 4178 virtutem
2214 4125 2544 4180 ostenderet.
2593 4125 2772 4195 Atque
2821 4125 2936 4178 haec
2969 4123 3142 4194 prima
3194 4122 3312 4194 (cur
3342 4125 3478 4180 mori

1907 4214 2164 4283 voluerit)
2195 4229 2356 4268 causa
2383 4214 2503 4268 fuit.

1981 4304 2230 4358 Secunda
2284 4304 2385 4358 fuit
2424 4319 2585 4359 causa
2615 4346 2630 4372 ,
2681 4315 2739 4358 ut
2795 4306 3201 4359 demonstraret
3249 4304 3486 4358 divinam

1908 4396 2162 4449 virtutem
2197 4397 2252 4449 in
2285 4411 2382 4449 suo
2431 4411 2659 4464 corpore
2691 4397 3048 4462 inhabitasse.
3079 4394 3214 4449 Nam
3251 4396 3381 4466 quia
3411 4396 3496 4449 vi-

1908 4497 2028 4541 ctos
2078 4497 2234 4541 antea
2269 4496 2441 4541 morte
2475 4489 2621 4541 viros
2647 4527 2662 4551 ,
2693 4503 2821 4541 vere
2864 4487 3123 4541 mortales
3152 4498 3208 4541 et
3248 4501 3494 4541 commu-

1836 4615 1880 4667 ι)
1911 4595 2030 4632 nem
2066 4580 2223 4632 linem
2256 4580 2498 4644 sortitos,
2542 4579 2827 4648 apotheosi
2853 4581 3191 4634 donaverant
3220 4578 3490 4640 homines,

1909 4680 1963 4724 et
1997 4672 2196 4724 heroas
2224 4671 2462 4738 deosque
2502 4671 2936 4733 nominaverant,
2960 4671 3154 4725 merito
3181 4685 3277 4723 nos
3311 4669 3491 4734 docet,

1913 4763 2056 4816 hunc
2089 4776 2256 4814 unum
2285 4760 2339 4813 in
2389 4768 2565 4815 morte
2614 4759 2788 4814 Deum
2823 4776 3010 4814 verum
3052 4776 3172 4816 esse
3219 4761 3489 4825 conﬁteri,

1913 4853 2006 4919 qui
2035 4851 2271 4918 prtemiis
2305 4851 2491 4904 relata:
2537 4852 2604 4905 de
2644 4862 2820 4904 morte
2848 4851 3095 4904 victoriae
3125 4861 3297 4904 semet
3329 4864 3488 4903 exor-

1914 4951 2161 4996 naverat.
2214 4941 2399 4996 Tertia
2430 4942 2693 4997 habeatur
2737 4942 2932 4996 mortis
2981 4939 3295 4995 Servatoris
3324 4954 3491 4994 causa

1905 5088 2323 5148 excerpserunt,
2359 5080 2556 5133 multas
2589 5079 2773 5149 operis
2793 5087 2977 5148 partes
3004 5077 3212 5132 amisit.

1975 5153 2088 5220 (ll)
2123 5152 2249 5220 Syr.
2283 5165 2369 5216 ιιι,
2408 5150 2497 5213 55,
2522 5151 2612 5204 57.

1976 5215 2087 5290 (12)
2141 5215 2290 5273 Hanc
2323 5220 2737 5288 similitudinem
2779 5220 2913 5273 citat
2947 5233 3012 5290 ex
3056 5215 3302 5290 Eusebio
3322 5215 3486 5270 etiam

1905 5291 1962 5346 S.
1987 5286 2234 5345 "l‘homas
2262 5286 2504 5356 Aquinas
2545 5291 2596 5343 in
2623 5300 2817 5342 catena
2846 5303 2940 5341 sua
2970 5288 3162 5340 Latina
3195 5287 3262 5340 ad
3283 5286 3484 5339 Lucam

1904 5364 1991 5415 ed.
2044 5363 2110 5415 de
2156 5359 2360 5414 Rnbeis
2409 5370 2451 5412 t.
2483 5358 2543 5420 ν.
2590 5376 2642 5427 p.
2692 5359 2816 5412 564.
2860 5356 3125 5411 Videlicet
3170 5372 3237 5409 ex
3277 5357 3488 5427 catenis

1904 5431 2128 5494 Graecis,
2155 5444 2262 5483 non
2293 5422 2636 5497 originaliter
2663 5443 2728 5484 ex
2756 5427 3116 5494 Theaplrania,
3141 5442 3304 5496 quam
3336 5422 3486 5479 Tho-

1905 5515 2022 5554 mas
2060 5514 2333 5554 nunauam
2377 5499 2529 5554 vidit.

1976 5570 2115 5640 (l5)
2188 5563 2396 5637 Nempe
2461 5568 2646 5623 anima
2705 5566 3022 5624 destitutum
3083 5580 3205 5623 esse
3255 5563 3484 5637 permit-

1905 5650 2046 5695 tens.

2008 5709 2090 5780 Η)
2126 5708 2247 5780 Syr.
2276 5725 2358 5769 ιιι,

2008 5713 2090 5780 14)
2126 5713 2247 5778 Syr.
2276 5725 2358 5769 ιιι,
2397 5713 2488 5760 58.

1978 5713 2094 5849 iw)
2126 5779 2252 5848 Syr.
2281 5795 2364 5841 ιιι,
2397 5779 2488 5832 59.
