4062 6444
262 412 366 465 617

1637 406 1726 459 DE
1760 403 2232 460 THEOPHANIA.

3424 404 3527 459 b’lS

260 534 359 586 καὶ
381 531 710 601 θεογνωσίαν
733 534 810 595 είς
845 532 1051 594 πάντας
1075 531 1464 598 καταγγέλλειν
1499 530 1612 599 (20)
1644 528 1853 599 ἀνθρώ-

1960 528 2158 595 Deique
2210 528 2496 589 notitiam,
2556 528 2766 582 cunctis
2830 526 3141 582 hominibus
3210 526 3527 582 nuntiaturi.

261 636 431 685 πουςο
460 621 553 685 οὓς
591 623 654 693 δὴ
683 626 890 691 πεῖσμα
930 622 1185 692 μέγιστον
1217 622 1399 674 λαϐεῖν
1434 622 1600 691 ἐχρῆν
1632 622 1729 692 τῆς
1758 639 1856 691 με-

258 712 334 767 τὰ
360 713 454 766 τὸν
484 712 710 766 θάνατον
737 714 903 782 ζωῆς,
938 713 1013 777 ὡς
1040 714 1107 767 ἂν
1144 714 1319 777 ἀδεεῖς
1352 716 1445 767 καὶ
1478 712 1669 782 ἄφοϐοι
1701 712 1860 767 θανά-

260 819 360 856 του
391 802 484 856 τὸν
516 802 656 856 κατά
686 804 784 873 τῆς
820 804 1080 859 πολυθέου
1115 805 1322 876 πλάνης
1346 806 1533 875 ἀγῶνα
1561 805 1855 875 προθύμως

262 893 606 960 ἀναδέξοιντο
629 911 644 924 ·
702 897 777 965 μὴ
820 896 928 967 γὰρ
974 897 1205 950 Θανάτου
1239 900 1599 968 καταφρονεῖν
1634 897 1860 968 μελετή-

264 999 483 1048 σαντες,
517 984 618 1038 οὐκ
644 986 710 1039 ἂν
743 985 963 1041 πώποτε
990 987 1126 1057 πρὸς
1150 987 1217 1039 τά
1243 987 1391 1041 δεινά
1414 986 1857 1058 παρεσκευάζον-

262 1089 347 1126 το.
389 1074 479 1127 Διὸ
507 1074 572 1146 δὴ
602 1078 918 1146 ἀναγκαίως
947 1077 1184 1142 ὁπλίζων
1218 1080 1415 1142 αὐτοὺς
1456 1078 1599 1132 κατά
1634 1079 1733 1149 τῆς
1763 1078 1857 1131 τοῦ

263 1164 498 1219 θανάτου
524 1166 842 1233 δυναστείας
879 1169 938 1221 ού
965 1166 1253 1238 ῥηματίοις
1276 1170 1369 1222 καὶ
1396 1172 1603 1238 φωναῖς
1638 1170 1860 1241 παρεδί-

260 1255 359 1309 δου
388 1254 449 1309 τδ
494 1256 741 1329 μάθημα,
775 1257 895 1311 οὐδὲ
934 1257 1112 1327 λόγοις
1143 1260 1344 1328 ὁμοίως
1382 1260 1739 1333 ἀνθρωπείοις
1767 1262 1858 1314 τὸν

264 1345 399 1416 περὶ
445 1345 623 1417 ψυχῆς
653 1346 953 1410 ἀθανασίας
991 1348 1232 1411 πιθανῶς
1272 1349 1366 1402 καὶ
1413 1348 1472 1414 ἐξ
1499 1350 1723 1405 εἰκότων
1745 1349 1859 1422 (21)

265 1435 607 1489 συντάττων·
643 1436 792 1497 αύτῷ
822 1436 879 1490 δὲ
914 1437 1061 1509 ἔργῳ
1082 1438 1151 1491 τά
1182 1440 1324 1493 κατά
1351 1440 1446 1493 τοῦ
1485 1440 1717 1495 Θανάτου
1760 1444 1860 1494 ἑπ-

264 1524 477 1587 εδείκνυ
500 1526 683 1589 αὐτοῖς
706 1526 962 1596 τρόπαια.

339 1615 451 1686 (22)
481 1610 590 1668 Ἦν
617 1617 719 1686 μὲν
745 1616 852 1688 γὰρ
882 1618 1047 1673 πάλαι
1074 1631 1337 1692 προτερον
1360 1620 1591 1694 φοϐερὸς
1616 1624 1730 1684 τοῖς
1760 1623 1862 1674 πᾶ-

264 1723 353 1760 σιν
373 1707 402 1760 ὀ
421 1705 515 1760 τοῦ
544 1707 738 1779 θνητοῦ
770 1708 958 1777 γένους
981 1710 1173 1781 όλετὴρ
1201 1710 1551 1777 θάνατος,καὶ
1575 1712 1725 1775 λύσις
1752 1714 1865 1765 ὲνο-

268 1792 459 1866 μίζετο
484 1796 583 1866 τῆς
617 1795 745 1868 ὅλης
778 1797 1064 1869 ἀνθρώπου
1101 1798 1334 1867 φύσεως,
1372 1801 1548 1873 ψυχῆς
1594 1801 1728 1872 ὁμοῦ
1766 1803 1861 1856 καὶ

267 1884 541 1957 σώματος,
594 1889 627 1958 ἡ
664 1866 853 1943 τούτου
884 1866 1217 1943 ’δυναστείω
1264 1866 1516 1957 οὐδέ-
1543 1866 1757 1964 ἧν“τῶν
1798 1893 1857 1959 ἐξ
1893 1866 1933 1919 Β

264 1977 464 2041 αἰῶνος
496 1973 607 2041 οἷός
640 1995 699 2031 τε
732 1979 881 2032 τουτὶ
919 1979 979 2032 τὸ
1023 1979 1293 2053 φόϐητρον
1328 1983 1386 2050 ἐξ
1422 1982 1722 2057 ἀνθράητων
1761 1985 1857 2038 ἀν-

262 2069 428 2123 ελεῑνο
472 2071 672 2135 πάντες
700 2071 745 2124 δ’
782 2072 1089 2143 ἑπτήχεσαν
1119 2072 1269 2145 φόϐῳ
1301 2077 1486 2146 μικροὶ
1508 2076 1603 2130 καὶ
1631 2076 1855 2147 μεγάλοι

262 2158 362 2211 τὸν
394 2157 655 2213 θάνατον·
696 2161 798 2213 οὐκ
821 2156 890 2231 ἧν
938 2177 999 2213 τε
1032 2161 1126 2215 τοῦ
1165 2164 1336 2217 κακοῦ
1385 2168 1729 2239 παραμύθιον
1764 2173 1857 2226 ἀνο

263 2248 527 2321 θρώποις,
571 2252 633 2305 οὐ
657 2252 836 2322 λόγος,
862 2256 922 2309 οὐ
953 2258 1173 2329 τρόπος,
1202 2259 1261 2311 ού
1290 2258 1424 2329 βίος,
1458 2260 1519 2313 οὐ
1556 2261 1735 2330 σοφῶν
1769 2263 1856 2318 λο-

262 2341 485 2410 γισμὸς,
507 2341 569 2395 ού
603 2342 846 2399 παλαιῶν
878 2346 1308 2418 συγγράμματα,
1342 2348 1402 2402 ού
1443 2351 1736 2419 προφητῶν
1768 2353 1855 2406 θε-

265 2431 573 2501 σπίσματα,
596 2433 688 2487 καὶ
709 2434 956 2503 ἀγγέλων
986 2438 1295 2506 ἐπιφάνειαι
1312 2456 1327 2468 ·
1357 2439 1573 2493 πάντων
1596 2441 1653 2494 δὲ
1677 2444 1855 2515 κρείτ-

262 2536 378 2573 των
402 2522 496 2575 καὶ
510 2522 782 2595 ἀνώτερος
801 2524 899 2596 τὴν
922 2526 1062 2580 κατά
1080 2529 1298 2582 πάντων
1322 2528 1479 2601 νίκην
1511 2531 1725 2601 ἐπεῖχεν
1742 2533 1854 2604 (25)

262 2613 296 2665 ό
330 2610 577 2677 Θάνατος,
616 2615 837 2685 ὑψηλὸς,
886 2619 1245 2691 μεγάλαυχος,
1292 2623 1673 2693 ὑπερήφανος·
1704 2618 1748 2693 ᾧ
1790 2625 1855 2697 δὴ

266 2702 801 2777 καταδεδουλωμένον
829 2707 890 2761 τὸ
924 2709 1116 2781 θνητὸν
1145 2713 1303 2780 γένος
1336 2715 1619 2779 παντοίαις
1637 2716 1854 2772 ἐκαλιν-

265 2790 413 2846 δεῖτο
440 2796 823 2866 παρανομίαις,
854 2802 1205 2869 μιαιφονίαις,
1242 2802 1703 2876 ἀθεμιτουργίαις,
1731 2808 1855 2862 δυσ-

268 2883 529 2951 σεϐείαις,
561 2888 879 2962 πολυπλόκῳ
899 2893 1076 2966 πλάνῃ
1098 2911 1112 2925 ’
1144 2896 1346 2949 τούτων
1370 2897 1479 2970 γὰρ
1498 2892 1568 2969 ἦν
1595 2900 1852 2955 ἀπάντων

268 2974 501 3040 θάνατος
528 2977 718 3042 αἴτιος.
764 2981 850 3043 Ὡς
876 2981 985 3054 γὰρ
1029 2984 1224 3054 μηκέτι
1248 2985 1400 3048 ὄντες
1434 2987 1572 3057 μετά
1601 2987 1851 3054 θάνατον,

266 3066 343 3119 τὰ
368 3068 576 3139 μυρίων
598 3068 843 3125 θανάτων
875 3072 1000 3139 ἀξια
1024 3073 1256 3145 δρῶντες
1288 3076 1475 3148 διῆγον
1494 3094 1507 3108 ο
1540 3079 1633 3131 καὶ
1663 3079 1740 3143 ὼς
1766 3080 1855 3132 εύ-

270 3156 460 3222 θύναις
492 3160 745 3230 οὐδαμῶς
773 3162 1119 3234 ὑποκείμενοι
1153 3164 1239 3219 διὰ
1272 3167 1372 3238 τὴν
1397 3168 1461 3220 ὲκ
1496 3168 1591 3221 τοῦ
1623 3168 1853 3223 θανάτου

268 3248 445 3313 λύσιν,
473 3249 583 3320 βίον
606 3250 742 3314 ἔζων
763 3252 1015 3309 ἀϐίωτον.
1048 3254 1153 3319 Οὓς
1176 3256 1239 3327 δὴ
1261 3258 1593 3330 κατελεήσας
1612 3263 1640 3314 ό
1659 3261 1852 3329 Λόγος,

268 3340 367 3393 ἐπὶ
401 3341 505 3411 τὴν
543 3343 753 3411 ἀμυναν
780 3345 1051 3400 ἔσπευσεν
1074 3366 1087 3379 ·
1125 3344 1225 3401 εἷθ’
1258 3343 1344 3402 οἷα
1389 3349 1639 3420 βασιλεὺς
1670 3354 1855 3422 φιλαν-

270 3430 619 3500 θρωπότατος
644 3435 739 3488 τὸν
769 3436 909 3490 κατά
938 3436 1033 3491 τοῦ
1058 3438 1287 3492 θανάτου
1316 3438 1535 3510 ἔλεγχον
1557 3441 1624 3493 δι’
1645 3442 1853 3515 ἀνθρώ-

271 3537 381 3574 που
422 3523 637 3589 φύσεως
670 3526 1001 3595 ἐμηχανᾶτο,
1048 3526 1161 3599 ζωὴ
1206 3528 1305 3598 μὲν
1348 3529 1510 3593 αὐτὸς
1547 3532 1851 3601 τυγχάνων,

270 3613 370 3666 καὶ
395 3612 529 3667 Θεοῦ
563 3616 754 3684 Λόγος,
790 3618 885 3671 καὶ
909 3619 1045 3673 Θεοῦ
1077 3620 1306 3691 δύναμις
1327 3636 1341 3652 ο
1373 3620 1485 3674 ἀλλ’
1516 3624 1578 3676 ού
1609 3624 1730 3694 δίχα
1760 3624 1853 3678 τοῦ

271 3702 637 3774 βοηθουμένου
683 3707 744 3760 τὸ
770 3708 879 3762 τῶν
918 3710 1221 3782 ἀνθρώπων
1270 3711 1540 3784 φόϐητρόν
1588 3714 1855 3783 διελέγξαι

271 3794 485 3865 κρίνας.
535 3797 627 3849 Διὸ
671 3798 735 3870 δὴ
778 3799 929 3871 ὅπλῳ
986 3802 1328 3873 χρησάμενος
1367 3803 1709 3876 ἀνθρωπείῳ,
1762 3807 1857 3860 καὶ

271 3883 453 3954 θνητῷ
473 3884 685 3955 σώματι
714 3890 741 3941 ὁ
774 3888 1084 3961 ἀσώματος,
1115 3892 1205 3945 τὸν
1246 3892 1474 3947 θάνατον
1500 3894 1585 3947 διὰ
1612 3895 1705 3949 τοῦ
1730 3896 1856 3969 θνη-

269 3972 367 4027 τοῦ
392 3978 831 4047 κατηγωνίσατοτ
870 3981 964 4034 καὶ
994 3983 1138 4052 μέγα
1168 3983 1352 4055 θαῦμα
1401 3987 1514 4047 τοῖς
1542 3987 1705 4042 πᾶσιν
1747 3990 1855 4041 ἀπ-

271 4063 463 4131 έδειξε,
503 4067 758 4138 τρόπαιον
782 4068 1080 4134 ἀθανασίας
1108 4072 1249 4125 κατὰ
1274 4072 1367 4125 τοῦ
1402 4072 1628 4128 θανάτου
1649 4073 1735 4126 διὰ
1760 4074 1855 4127 τοῦ

270 4152 470 4224 θνητοῦ
504 4157 669 4210 ὅπλου
694 4160 896 4229 στήσας
927 4160 1057 4229 (24).
1100 4162 1276 4230 Ἦφίει
1313 4163 1413 4233 μὲν
1439 4164 1546 4234 γὰρ
1576 4163 1636 4216 τὸ
1662 4165 1856 4235 θνητὸν

270 4242 355 4303 εις
384 4242 549 4314 βορὰν
571 4246 647 4316 τῷ
668 4247 841 4319 θηρίῳ
862 4248 972 4319 (25)
991 4266 1003 4279 ·
1034 4250 1095 4303 τὸ
1121 4250 1164 4302 δ’
1180 4251 1378 4305 αὐτίκα
1404 4252 1483 4322 τῷ
1507 4252 1664 4323 ίκρίῳ
1692 4270 1857 4324 προσ-

267 4332 467 4403 ηλοῦτο
515 4336 1019 4410 ἀνασταυρούμενον
1040 4357 1053 4369 ·
1103 4340 1179 4404 ὡς
1218 4340 1284 4395 ἀν
1316 4345 1432 4405 τοῖς
1476 4344 1641 4396 πᾶσιν
1685 4346 1719 4416 ὴ
1761 4341 1856 4397 τοῦ

272 4423 470 4495 θνητοῦ
489 4427 811 4499 γνωρισθείη
848 4429 1027 4498 φύσις,
1063 4431 1197 4501 μηδέ
1224 4450 1343 4485 τινα
1375 4432 1525 4486 λάθοι
1549 4434 1609 4486 τὸ
1629 4435 1858 4505 πραττό-

274 4531 456 4609 μενον,
491 4518 565 4588 μὴ
595 4518 914 4609 ἀνθρώπων,
964 4522 1037 4591 μὴ
1066 4522 1335 4593 δαιμόνων
1353 4540 1365 4552 ’
1394 4526 1561 4595 ἐχρῆν
1582 4524 1689 4597 γὰρ
1721 4527 1856 4581 πάν-
1887 4554 1932 4609 D

270 4622 373 4669 τας
402 4607 647 4677 ἀκριϐῶς
675 4610 733 4662 τὸ
760 4610 951 4682 θνητὸν
988 4612 1134 4678 ἰδεῖν,
1161 4613 1237 4676 ὡς
1281 4616 1339 4666 ὲν
1371 4617 1612 4686 μεγίστῳ
1639 4615 1853 4687 θεάτρῳ

272 4695 374 4765 τὴν
402 4698 604 4751 οἰκείαν
630 4701 925 4770 ὁμολογοῦν
952 4702 1113 4772 φύσιν
1134 4722 1147 4734 ο
1183 4705 1248 4756 ἵν’
1280 4705 1405 4775 ἑξῆς
1433 4705 1674 4759 ἐπελθὼν
1698 4707 1727 4758 ό
1752 4706 1851 4760 θά-

271 4801 453 4852 νατος,
471 4781 556 4839 οἷα
578 4787 679 4859 θὴρ
706 4790 893 4854 δεινὸς,
914 4785 1023 4854 οἷός
1052 4794 1134 4855 τίς
1161 4792 1279 4846 ποτ’
1304 4788 1393 4863 ἦν,
1416 4794 1604 4846 ἑαυτὸν
1626 4794 1818 4867 ἐλέγξῃ
1838 4810 1849 4824 ’

272 4876 514 4930 κᾶπειτα
540 4878 638 4947 τῆς
660 4879 804 4950 ζωῆς
826 4884 859 4951 ἡ
893 4882 1140 4953 δύναμις,
1176 4882 1314 4950 μετά
1347 4883 1573 4937 θάνατον
1600 4884 1855 4938 ἐπελθοῦ-

270 4983 366 5030 σα,
408 4970 524 5030 τοῖς
556 4972 719 5022 πᾶσιν
761 4968 915 5034 αὖθις
958 4973 1058 5043 τὴν
1090 4973 1231 5025 κατά
1271 4972 1366 5025 τοῦ
1409 4973 1637 5028 θανάτου
1679 4992 1857 5046 παρα-

268 5060 541 5131 στησηται
594 5062 781 5133 νίκην,
830 5064 891 5116 τὸ
946 5064 1137 5135 θνητὸν
1184 5064 1449 5120 ἀθάνατον
1500 5064 1849 5132 ἀποδείξασα.

348 5330 458 5406 (20)
477 5331 646 5406 Syrus
665 5334 876 5389 videtur
907 5335 1104 5406 legisse
1142 5337 1476 5394 ἀνατέλλειν.

347 5403 463 5477 (gl)
491 5405 727 5477 Apparet
759 5403 1181 5477 Syrum‘legisse
1213 5408 1459 5464 εἰκόνων.

348 5469 463 5542 (22)
504 5469 628 5541 sy‘r.
654 5489 737 5537 ιιι,
773 5469 861 5529 οἰ.

350 5563 463 5635 (23)
492 5562 662 5633 Syrus
692 5567 851 5636 paulo
883 5566 1043 5622 aliter
1073 5568 1355 5637 periodum
1386 5570 1596 5626 dividit.

348 5652 462 5727 (26)
503 5654 771 5727 [lactentis
797 5658 898 5712 hoc
942 5656 1299 5725 fragmentum
1336 5660 1569 5727 (nempe
1610 5659 1678 5714 ab
1736 5660 1845 5715 illis

1959 619 2258 688 Discipulos
2312 621 2497 690 itaque
2536 633 2804 672 summam
2852 619 3050 673 habere
3100 619 3348 673 fiduciam
3397 635 3535 687 opus

1958 720 2076 764 erat
2101 711 2168 764 de
2196 712 2302 766 vita
2329 720 2450 780 post
2486 711 2693 765 obitum
2728 712 3124 778 recuperanda,
3159 722 3215 765 ut
3249 713 3529 781 intrepidi,

1960 801 2163 870 absque
2188 801 2296 869 ullo
2323 801 2513 857 mortis
2538 811 2681 855 metu
2710 800 2970 855 adversus
3001 801 3351 871 polytheismi
3383 817 3529 859 erro-

1961 907 2073 945 rem
2102 902 2374 947 certamen
2412 892 2661 947 alacriter
2689 894 3045 961 susciperent.
3089 890 3226 946 Nam
3260 892 3362 947 nisi
3392 908 3543 947 mor-

1962 993 2066 1037 tem
2131 993 2476 1039 contemnere
2534 976 2936 1047 assuevissent,
3004 998 3276 1053 nunquam
3342 995 3533 1039 contra

1963 1073 2223 1133 terribilia
2272 1085 2331 1127 se
2380 1072 2762 1127 accinxissent.
2810 1072 3169 1138 Quamobrem
3220 1073 3534 1128 necessario

1961 1164 2081 1219 illos
2108 1177 2325 1217 armans
2355 1162 2618 1215 adversus
2648 1161 2838 1216 mortis
2879 1161 3198 1230 potentiam,
3244 1162 3385 1216 haud
3412 1176 3538 1231 pro-

1961 1255 2087 1309 latis
2130 1268 2227 1309 ore
2278 1251 2483 1307 voculis
2525 1252 2825 1307 doctrinam
2860 1252 3002 1306 hanc
3050 1250 3317 1315 tradebat,
3359 1265 3538 1320 neque

1962 1357 2273 1400 sermonum
2303 1358 2453 1396 more
2478 1342 2840 1397 humanorum
2881 1345 2947 1396 de
2990 1342 3183 1396 anima:
3212 1341 3532 1397 immortali-

1963 1444 2074 1489 tate
2114 1434 2483 1490 verisimiliter
2511 1433 2847 1498 disserebat,
2880 1434 2973 1487 sed
3007 1433 3124 1502 ipso
3156 1447 3320 1502 opere
3364 1434 3536 1486 relata

1962 1526 2030 1581 de
2052 1536 2227 1581 morte
2269 1536 2466 1594 tropaea
2499 1525 2603 1580 illis
2631 1525 2966 1579 ostendebat.

2033 1618 2177 1673 Sane
2239 1626 2356 1671 erat
2403 1617 2530 1671 olim
2584 1616 2792 1671 cunctis
2839 1614 3101 1670 terribilis
3149 1615 3240 1669 illa
3291 1614 3537 1669 mortalis

1966 1709 2177 1777 generis
2206 1708 2478 1778 pernicies
2510 1723 2691 1771 mors;
2728 1716 2783 1761 et
2806 1706 3088 1761 dissolutio
3123 1706 3539 1759 existimabatur

1965 1799 2232 1853 universa:
2262 1799 2501 1854 hominis
2531 1808 2758 1861 naturae,
2784 1796 2977 1850 animat
3001 1797 3160 1850 simul
3188 1806 3243 1850 et
3265 1798 3534 1863 corporis,

1964 1890 2152 1944 mortis
2191 1898 2542 1959 potentatus:
2596 1904 2861 1957 nemoque
2890 1903 2957 1941 ex
2986 1889 3132 1942 omni
3159 1902 3275 1941 aevo
3301 1890 3531 1943 exstite-

1965 1989 2067 2046 rat,
2090 1980 2181 2048 qui
2215 1980 2319 2033 hoc
2353 1980 2849 2033 terriculamentum
2882 1994 2949 2032 ex
2994 1979 3305 2033 hominibus
3342 1978 3532 2035 tollere

1963 2080 2165 2138 posset,
2212 2070 2504 2139 cunctique
2569 2088 2598 2121 ιι
2655 2084 2854 2140 magno
2902 2084 3073 2137 usque
3130 2069 3195 2123 ad
3245 2068 3530 2123 minimum

1965 2158 2155 2212 mortis
2184 2158 2376 2212 timore
2424 2158 2886 2225 pereellebantur;
2938 2159 3176 2229 nihilque
3222 2171 3340 2214 erat
3387 2162 3533 2230 quod
3576 2200 3579 2203 ς

1963 2247 2089 2302 huic
2115 2248 2256 2303 malo
2283 2249 2533 2305 solatium
2563 2251 2863 2315 conferret,
2900 2264 3003 2303 nou
3033 2265 3230 2313 sermo,
3267 2266 3374 2304 nou
3413 2269 3531 2305 ιιιυ-

1962 2338 2063 2393 dus
2087 2337 2315 2409 aliquis,
2352 2356 2459 2395 non
2505 2342 2835 2412 sapientium
2883 2342 3145 2409 consilia,
3185 2357 3291 2398 non
3323 2343 3534 2412 prisco-

1966 2444 2080 2483 rum
2114 2430 2336 2494 litteraz,
2368 2446 2473 2487 non
2505 2434 2895 2504 prophetarum
2935 2434 3158 2491 oracula
3180 2472 3198 2499 ,
3229 2448 3336 2488 non
3368 2448 3535 2503 ange-

1962 2520 2137 2576 lorum
2174 2523 2538 2593 apparitiones
2568 2540 2585 2577 :
2621 2525 2716 2581 sed
2749 2527 3007 2582 omnibus
3046 2526 3240 2581 fortior
3283 2533 3338 2580 et
3371 2540 3535 2594 supe-

1964 2614 2074 2667 rior
2097 2614 2454 2669 universalem
2484 2617 2768 2672 victoriam
2791 2618 3071 2673 obtinebat
3099 2633 3269 2683 mors,
3291 2617 3534 2681 excelsa,

1963 2702 2335 2783 gloriabunda,
2381 2707 2644 2776 superba,
2697 2708 2786 2763 cui
2833 2709 3199 2779 mancipatum
3237 2709 3533 2762 humanum

1962 2810 2153 2864 genus,
2180 2797 2235 2851 in
2260 2800 2410 2852 omni
2440 2798 2783 2853 volutabatur
2812 2801 3037 2867 scelere,
3061 2801 3322 2863 caedibus,
3356 2800 3538 2853 nefario

1960 2887 2045 2941 dis
2077 2890 2364 2957 Operibus,
2393 2891 2796 2960 irreligiositate
2819 2932 2835 2956 ,
2862 2892 3259 2961 multiplicique
3286 2907 3535 2947 errorum

1960 2992 2175 3045 genere.
2226 2980 2434 3048 Quippe
2479 2982 2674 3036 horum
2722 2984 2963 3038 omnium
3001 2998 3149 3040 mors
3179 2998 3346 3039 causa
3370 2994 3533 3039 erat:

1962 3080 2195 3134 namque
2253 3069 2520 3132 homines,
2574 3086 2672 3125 ceu
2720 3081 2844 3141 post
2897 3074 3105 3127 obitum
3157 3073 3289 3128 nihil
3351 3085 3537 3129 essent

1964 3154 2147 3221 futuri,
2216 3158 2379 3227 digna
2425 3154 2653 3216 inllnitis
2702 3162 2967 3217 mortibus
3019 3164 3535 3234 perpetrabant:ac

1957 3246 2121 3301 veluti
2151 3247 2282 3303 nulli
2300 3263 2474 3318 paenae
2498 3249 2754 3316 obnoxii,
2777 3264 2997 3322 propter
3026 3269 3143 3308 eam
3172 3270 3333 3322 quam
3362 3265 3535 3307 morte

1958 3338 2072 3393 fieri
2101 3339 2392 3394 credebant
2426 3340 2855 3405 dissolutionem,
2887 3344 3052 3397 vitam
3078 3343 3197 3399 sine
3236 3344 3341 3420 vita
3370 3345 3535 3411 dege-

1956 3425 2107 3492 bant.
2166 3426 2313 3493 Quos
2365 3430 2629 3485 miserans
2681 3430 2960 3496 Verbum,
3022 3433 3092 3488 ad
3163 3435 3533 3488 auxiliandum

1957 3516 2254 3573 festinavit.
2288 3520 2488 3575 Deinde
2523 3528 2581 3574 ut
2608 3537 2705 3576 rex
2739 3522 3199 3579 clementissimus
3238 3526 3531 3579 coercitio-

1958 3625 2078 3663 nem
2134 3612 2325 3667 mortis
2373 3628 2470 3682 per
2516 3613 2751 3670 hominis
2825 3625 3071 3670 naturam
3135 3616 3354 3672 molitus
3405 3628 3535 3684 est;

1958 3716 2188 3769 cumque
2238 3702 2285 3757 is
2330 3705 2440 3757 vita
2495 3703 2611 3773 ipsa
2667 3706 2773 3773 sit,
2826 3716 2881 3761 et
2925 3706 3019 3763 Dei
3075 3705 3339 3774 Verbum,
3371 3718 3535 3777 atque

1959 3796 2219 3863 polentia,
2275 3812 2383 3852 non
2434 3798 2553 3853 sine
2604 3807 2784 3854 tamen
2845 3799 2958 3867 ipsa
3024 3800 3383 3865 humanitate,
3444 3806 3533 3855 cui

1958 3900 2111 3954 opem
2142 3885 2368 3951 ferebat,
2400 3897 2663 3943 terrorem
2699 3890 2979 3944 hominum
3014 3891 3080 3945 de
3120 3890 3300 3945 medio
3328 3890 3523 3945 tollen-

1960 3976 2085 4029 dum
2103 3977 2387 4045 judicavit.
2420 3977 2803 4045 Quamobrem,
2826 3980 2990 4034 armis
3037 3991 3195 4034 utens
3245 3981 3519 4045 humanis,

1958 4068 2175 4122 mortali
2208 4069 2261 4122 in
2308 4085 2538 4137 corpore
2579 4072 2961 4141 incorporeum
3010 4070 3242 4126 Verbum
3303 4080 3534 4127 mortem

1959 4174 2019 4213 re
2040 4161 2257 4215 mortali
2290 4162 2597 4225 debellavit,
2629 4163 2940 4233 grandeque
2968 4164 3289 4218 miraculum
3316 4163 3529 4217 cunctis

1958 4253 2288 4314 ostentavit,
2336 4253 2759 4309 immortalitatis
2794 4264 3050 4324 tropaeum
3088 4257 3347 4310 adversus
3390 4268 3534 4309 mor-

1960 4352 2067 4397 tem
2099 4346 2421 4398 mortalibus
2449 4346 2616 4399 arrnis
2647 4356 2911 4401 statuens.
2939 4347 3150 4415 Quippe
3169 4361 3321 4400 suam
3346 4349 3528 4408 voraci

1958 4432 2150 4487 bellua:
2185 4433 2467 4487 mortalem
2501 4444 2713 4503 partem
2740 4436 2992 4501 tradidit,
3020 4450 3140 4504 quae
3173 4435 3357 4489 statim
3385 4435 3530 4503 ligno

1960 4523 2129 4577 clavis
2159 4525 2369 4579 confixa
2407 4525 2529 4592 fuit,
2560 4528 2723 4583 utsui
2756 4528 3007 4595 corporis
3045 4532 3239 4581 natura
3288 4523 3532 4579 mortalis

1959 4613 2027 4667 ab
2072 4615 2326 4669 omnibus
2352 4626 2757 4685 agnosceretur,
2798 4632 2897 4671 nec
2929 4629 3257 4685 quamquam
3294 4629 3379 4668 res
3408 4622 3527 4667 acta

1955 4699 2144 4756 lateret
2195 4703 2310 4757 sive
2362 4705 2633 4758 hominem
2701 4705 2817 4758 sive
2867 4707 3188 4758 daemonem.
3268 4704 3532 4756 Intererat

1956 4794 2100 4848 enim
2144 4805 2202 4848 ut
2240 4810 2431 4850 omnes
2464 4806 2719 4851 accurate
2759 4797 3007 4850 viderent
3030 4811 3151 4850 eum
3184 4794 3275 4863 qui
3320 4794 3523 4849 morie-

1958 4885 2136 4949 batur,
2164 4885 2435 4954 propriam
2473 4884 2819 4939 confitentem
2844 4926 2859 4950 ,
2911 4894 3165 4954 tanquam
3216 4886 3272 4937 in
3311 4893 3529 4952 specta-

1956 4976 2080 5029 culo
2124 4976 2382 5039 maximo,
2434 4983 2709 5039 naturam;
2774 4986 2834 5030 ut
2892 4975 3088 5030 deinde
3143 4976 3531 5043 Superveniens

1959 5081 2127 5131 mors,
2163 5080 2262 5119 ceu
2300 5067 2417 5119 dira
2446 5066 2625 5121 bellua
2650 5106 2666 5130 ,
2690 5081 2937 5137 quaenam
2972 5067 3203 5136 ipsamet
3234 5075 3394 5128 esset,
3433 5079 3528 5134 per

1954 5338 2021 5392 ad
2060 5338 2223 5394 Hebr.
2252 5353 2371 5406 cap.
2420 5339 2628 5403 u,-l7;
2670 5342 2762 5393 sed
2799 5347 2943 5393 recte
2973 5340 3190 5406 quidem
3241 5340 3293 5393 in
3341 5342 3530 5395 codice

1952 5408 2340 5479 Mediolanensi
2369 5424 2432 5462 ex
2466 5409 2844 5478 Εύαγγελικῆς
2876 5408 3217 5479 θεοφανείας,
3272 5411 3529 5466 mendose

1951 5477 2539 5551 autent‘itLPai-isiacq
2567 5486 2657 5551 (ut
2697 5477 2842 5551 certe
2888 5486 2973 5532 est
3014 5478 3155 5547 apud
3175 5478 3523 5535 Cramerum.

1947 5561 2001 5617 p.
2028 5546 2156 5618 426)
2209 5546 2593 5617 Εὐαγγελικῆξ
2621 5546 2970 5611 ἀποδείξεως.

2018 5659 2132 5729 (25)
2171 5658 2392 5733 Bellum,
2423 5660 2475 5713 id
2503 5663 2807 5733 estmorti,
2849 5678 2953 5719 non
2996 5661 3180 5733 belluis
3215 5671 3276 5716 ut
3328 5662 3521 5733 Syrus,

272 5720 459 5801 verbis
500 5720 568 5794 ἦν
611 5725 709 5801 μὲν
743 5720 1067 5801 γάρῃπάλσῖι
1111 5720 1375 5798 πρότερον
1417 5720 1841 5801 φοϐερός,ῌειο.)

1960 5720 2043 5786 seu
2087 5720 2231 5801 a’ngl.
2261 5720 2468 5801 pcata.
2512 5730 2714 5801 Nempe
2752 5720 2910 5801 paulo
2948 5732 3089 5787 infra
3128 5747 3273 5786 mors
3314 5720 3517 5788 diserte

277 5793 542 5848 recitatur
569 5793 636 5846 ad
659 5793 847 5849 eodem
872 5796 1057 5850 Niceta
1093 5793 1257 5851 etiam
1282 5793 1333 5853 in
1361 5793 1642 5856 cateua'ad
1667 5793 1838 5871 Epist.

520 5892 791 5948 Panos.
838 5889 958 5952 (in.
1011 5890 1242 5951 XXIV.

1951 5802 2150 5856 dicitur
2190 5800 2381 5855 bellua.

3167 5894 3246 5951 20
