4062 6426
245 437 344 493 σει

1618 440 1707 497 DE
1746 443 2211 504 TIIEOPHANIA.

3394 456 3503 511 δὶα

240 553 409 624 τητάς
434 555 728 620 ἐδίδασκον,
752 556 848 624 τῆς
871 557 1136 612 ἀθανάτου
1166 559 1308 630 ζωῆς
1347 559 1496 614 παοὰ
1523 561 1615 615 τοῦ
1642 564 1791 633 Σωτῆ

1894 617 1898 628 ,
1928 567 2083 635 pulos
2104 568 2463 634 edocuerunt,
2495 570 2933 648 quandoquidem
2970 571 3291 629 immortalis
3316 575 3439 630 vita:
3464 590 3498 631 a

245 661 337 711 ρος
357 647 636 719 εἰληφότες
658 649 727 701 τά
753 648 1012 717 ἐχέγγυα.

992 738 1065 794 Δ’.

309 834 424 904 (55)
460 833 731 899 Ἐπέδοξος
763 828 831 904 ἦν
867 851 953 899 τις
990 834 1130 905 ἀνὴρ
1166 830 1274 883 τῶν
1306 831 1366 881 ὲν
1399 831 1726 903 στρατείαις,
1753 832 1816 884 ἀ-

235 921 509 996 ξιώματος
538 927 631 979 καὶ
664 926 837 997 ἀρχῆς
873 925 1187 997 Ῥωμαῖκῆς
1224 922 1623 994 ἐπειλημμένος
1665 924 1778 993 (56)
1799 942 1811 954 ·

236 1018 425 1088 ἐπειδὴ
462 1018 522 1072 δὲ
557 1018 588 1071 6
611 1018 795 1081 δοῦλος
831 1017 997 1070 αὐτοῦ
1029 1016 1254 1087 γνήσιος
1296 1015 1530 1085 πάρετες
1567 1012 1637 1067 τὰ
1678 1014 1812 1086 μέλη

232 1109 372 1164 οἶκοι
396 1110 645 1182 βέὄλητο,
676 1110 901 1165 συνιδὼν
919 1109 1035 1173 οἵας
1062 1109 1092 1160 6
1130 1106 1320 1178 Σωτὴρ
1346 1107 1425 1169 είς
1449 1105 1668 1176 ἑτέρους
1698 1107 1815 1159 ἐπε-

230 1201 475 1256 δείκνυτο
499 1202 774 1273 δυνάμεις,
801 1200 1026 1271 ἰώμενος
1045 1200 1169 1262 τοὺς
1197 1197 1521 1268 κάμνοντας,
1550 1197 1730 1251 πᾶσάν
1752 1214 1811 1250 τε

230 1292 387 1347 νόσον
414 1294 509 1347 καὶ
536 1296 715 1348 πᾶσαν
745 1292 1014 1364 μαλακίαν
1042 1290 1363 1359 ἀκούμενος,
1414 1288 1659 1359 λογισμῷ
1688 1291 1809 1360 κρί-

229 1402 327 1448 νας
368 1384 446 1457 μὴ
474 1386 592 1440 κατ’
626 1384 911 1457 ἄνθρωπον
939 1380 1079 1438 εἶναι
1108 1382 1170 1435 τὸ
1193 1380 1397 1451 θαῦμα,
1431 1382 1713 1452 πρόσεισιν
1734 1383 1809 1446 ὡς

228 1474 369 1548 Θεῷ,
396 1478 495 1531 οὐκ
516 1479 593 1540 είς
630 1478 691 1530 τὸ
717 1475 1038 1545 φαινόμενον
1069 1472 1162 1526 τοῦ
1199 1471 1450 1542 σώματος
1485 1469 1691 1524 ἀπιδὼν
1719 1471 1810 1542 δρ-

228 1582 415 1635 γανον,
437 1570 504 1623 δι’
533 1564 593 1623 οὗ
622 1569 721 1633 τὰς
756 1568 975 1638 ὁμιλίας
1011 1564 1319 1636 ἀνθρώποις
1348 1565 1602 1626 ἐποιεῖτο,
1643 1564 1725 1626 είς
1750 1562 1808 1615 δὲ

224 1662 317 1716 τὸν
347 1663 527 1734 ἀφανῆ
553 1660 688 1715 Θεὸν
718 1661 811 1715 τὸν
849 1659 935 1715 διὰ
970 1658 1064 1711 τοῦ
1094 1654 1426 1728 θνητοῦ·τάς
1454 1654 1661 1717 οἰκείας
1681 1654 1808 1726 ἀρε-

224 1751 322 1815 τάς
357 1754 737 1822 ὑποφαίνοντα.
768 1752 858 1805 Διὸ
889 1750 1055 1804 ἐδεῖτο
1079 1749 1173 1802 καὶ
1213 1747 1375 1810 αὐτὸ..
1417 1746 1509 1799 ἐπὶ
1532 1745 1612 1817 τῷ
1654 1746 1807 1799 παιδὶ

222 1844 322 1914 τῆς
347 1844 536 1914 θεῖκῆς
566 1844 884 1915 εὐεργεσίας
923 1844 1103 1912 τυχεῖν
1130 1841 1264 1911 (57).
1298 1839 1410 1893 Καὶ
1452 1840 1501 1893 οἱ
1538 1839 1638 1909 μὲν
1670 1856 1806 1912 πρε-

224 1937 477 2009 σδύτεροι
513 1936 624 1990 τῶν
667 1936 930 1990 Ἰουδαίων
965 1932 1175 2005 μικρῶν
1203 1932 1365 1985 ἕνεκα
1390 1930 1491 2002 τὴν
1527 1931 1685 2001 χάριν
1720 1934 1803 1985 αἰ-

220 2030 396 2095 τοῦσι,
433 2029 542 2083 τῶν
572 2030 652 2093 είς
684 2029 785 2099 τὴν
822 2024 1142 2095 συναγωγὴν
1178 2022 1481 2093 γενομένων
1515 2022 1802 2094 ἀναλωμά-

219 2140 329 2176 των
351 2139 365 2151 ·
392 2125 421 2176 6
445 2121 501 2175 δὲ
532 2121 735 2193 Κύριος
768 2121 868 2173 οὐκ
891 2120 983 2171 ἐπὶ
1018 2118 1189 2187 τούτῳ
1211 2115 1423 2169 δίδωσιν
1449 2114 1660 2178 ἑαυτὸν,
1683 2115 1800 2168 ἀλλ’

219 2216 314 2268 ἰπὶ
357 2213 437 2286 τῷ
474 2213 607 2267 πολὺ
638 2210 863 2283 μείζονι,
907 2210 1088 2264 πίστιν
1118 2205 1554 2277 κατεργάσασθαι
1579 2205 1665 2259 διὰ
1701 2207 1803 2276 τῆς

216 2308 502 2378 δυνάμεως
558 2308 639 2368 εἰς
684 2305 892 2367 πάντας
939 2299 1257 2373 ἀνθρώπους
1310 2297 1659 2369 βουλόμενος·
1704 2296 1801 2350 καὶ

216 2399 545 2471 χαρίσασθαι
587 2399 688 2469 μὲν
720 2397 799 2468 τῷ
844 2396 1215 2467 ἑκατοντάρχῃ
1247 2388 1567 2463 ἐπιτηδείως
1601 2391 1794 2461 ἔχοντι,

216 2490 635 2563 καθηγήσασθαι
659 2491 715 2545 δὲ
744 2490 837 2544 καὶ
858 2492 971 2553 τοῖς
998 2487 1176 2550 ἄλλοις
1201 2483 1289 2539 διὰ
1312 2483 1502 2537 τούτου
1531 2484 1666 2555 πρὸς
1698 2484 1796 2554 τὴν

219 2585 424 2639 πίστιν.
457 2585 567 2638 Καὶ
598 2580 927 2653 οὐδήπουθεν
948 2582 1133 2649 ἀγνοεῖ
1154 2578 1214 2631 τὸ
1249 2576 1461 2649 μέλλον,
1488 2578 1571 2630 ὅτι
1614 2576 1796 2646 μέλλει

215 2676 516 2748 πυθόμενος
539 2676 567 2728 6
586 2675 976 2744 ἑκατόνταρχος
1001 2671 1220 2740 ὲφικνού
1228 2686 1386 2740 μενον
1403 2670 1481 2731 είς
1502 2668 1599 2739 τὴν
1619 2670 1795 2721 οἰκίαν

212 2768 597 2840 παραιτεῖσθαι
616 2784 629 2797 ·
656 2767 768 2820 ἀλλ’
793 2765 945 2827 εἰδὼς
969 2764 1065 2835 τὴν
1099 2762 1392 2834 μέλλουσαν
1424 2760 1483 2826 ἐξ
1510 2759 1795 2823 εὐλαῦείας

211 2860 565 2934 παραίτησιν,
604 2858 840 2913 ἐπινεύει
863 2860 929 2928 τῇ
965 2859 1125 2926 πιστῇ
1159 2854 1399 2918 ἀξιώσει,
1441 2851 1677 2922 ἑκατέρα
1704 2868 1791 2903 κι-

210 2956 363 3024 νήσει
401 2952 495 3007 τοῦ
538 2952 827 3024 ἀνθρώπου
856 2951 918 3003 τὸ
963 2952 1160 3002 οἰκεῖον
1201 2944 1559 3017 ὲφαρμόξων·
1594 2946 1659 3014 τῇ
1692 2945 1791 3014 μὲν

207 3043 434 3110 ἀξιώσει
471 3044 569 3116 τὴν
611 3042 941 3111 ἐπαγγελίαν
980 3041 1072 3094 καὶ
1103 3040 1203 3111 τὴν
1232 3037 1607 3108 ἀκολούθησιν,
1642 3039 1708 3107 τῇ
1733 3036 1790 3089 δὲ

208 3137 539 3207 παραιτήσει
561 3135 658 3207 τὴν
691 3135 937 3204 δύναμιν,
972 3133 1048 3195 ὡς
1078 3132 1172 3185 καὶ
1219 3132 1294 3203 μὴ
1348 3128 1788 3201 παραγενόμενος

1926 657 2219 717 Servatore
2242 662 2565 717 documenta
2595 673 2744 718 certa
2770 676 3142 733 perceperant.

2656 753 2747 809 IV.

1990 836 2197 895 Nobilis
2248 841 2468 910 quidam
2523 844 2605 897 vir
2659 854 2777 900 erat
2836 845 2891 899 in
2954 845 3202 903 Romano
3251 848 3494 903 exercitu

1918 928 2166 982 ordinem
2190 930 2393 986 ducens
2412 940 2470 988 et
2500 933 2816 1003 dignitatem
2864 928 3126 1006 adeptus;
3173 938 3331 1006 cujus
3366 954 3491 993 cum

1918 1017 2147 1074 dilectus
2195 1020 2431 1079 famulus
2486 1024 2720 1096 paralysi
2773 1027 3025 1084 laborans
3075 1029 3219 1085 domi
3258 1029 3485 1099 jaceret,

1916 1110 2163 1163 conscius
2191 1111 2349 1165 simul
2378 1115 2556 1183 qualia
2594 1114 2849 1172 Servator
2893 1132 3022 1189 erga
3062 1118 3196 1175 alios
3234 1135 3490 1191 exprom-

1914 1197 2111 1266 psisset
2142 1200 2408 1272 prodigia,
2458 1214 2692 1273 a~grotos
2742 1222 2963 1273 sanans,
2986 1222 3311 1279 omnemque
3340 1225 3488 1267 mor-

1915 1288 2039 1342 bum
2072 1304 2140 1345 ac
2170 1290 2483 1362 languorem
2509 1296 2807 1365 depellens,
2840 1307 3023 1353 mente
3052 1310 3309 1369 reputans
3341 1301 3487 1355 haud

1911 1393 2032 1435 esse
2059 1382 2353 1438 humanum
2375 1384 2428 1438 id
2454 1401 2625 1456 genus
2664 1388 3090 1452 miraculorum,
3128 1390 3343 1445 accedit
3373 1401 3484 1445 tau-

1909 1486 2072 1540 quam
2134 1474 2200 1529 ad
2253 1475 2455 1538 Deum,
2507 1475 2650 1533 haud
2695 1487 2946 1548 spectans
2978 1480 3189 1536 visibile
3236 1483 3486 1551 corporis

1910 1575 2208 1633 organum,
2238 1578 2348 1634 quo
2388 1581 2512 1621 cum
2570 1567 2880 1623 hominibus
2915 1584 3196 1626 sermones
3242 1573 3484 1632 serebat.

1906 1655 2005 1708 sed
2032 1653 2358 1709 invisibilem
2396 1656 2579 1725 potius
2628 1656 2797 1711 Deum
2830 1658 2921 1727 qui
2973 1659 3187 1714 mortali
3218 1659 3272 1715 in
3302 1660 3485 1729 specie

1904 1742 2178 1812 prepriam
2211 1745 2464 1801 virtutem
2488 1748 2912 1803 demonstrabat.
2936 1748 3299 1816 Quamobrem
3324 1765 3484 1822 roga-

1908 1834 2085 1891 batet
2134 1837 2249 1907 ipse
2296 1847 2355 1892 ut
2399 1851 2569 1907 puero
2621 1853 2718 1893 suo
2768 1837 3008 1894 divinam
3063 1840 3483 1897 beneﬁcentiam

1908 1929 2242 1998 impetraret.
2283 1930 2350 1985 Et
2368 1929 2678 1987 Iudaeorum
2715 1934 2932 2002 quidem
2968 1934 3235 2000 seniores,
3270 1934 3373 1988 levi
3409 1936 3481 1990 dc

1903 2035 2066 2077 causa
2097 2023 2421 2078 beneﬁcium
2452 2023 2506 2079 id
2535 2026 2908 2094 postulabant,
2956 2042 3149 2096 nempe
3184 2027 3312 2096 quia
3351 2021 3478 2081 cen-

1901 2113 2367 2184 turio,impensas
2413 2130 2542 2186 erga
2591 2117 2829 2185 ipsorum
2862 2132 3188 2189 synagogam
3218 2116 3474 2195 fecisset;

1902 2204 2160 2259 Dominus
2190 2217 2370 2261 autem
2404 2206 2545 2261 haud
2575 2208 2625 2263 ei
2664 2210 2739 2263 rei
2764 2223 2952 2265 curam
2998 2209 3331 2275 intendebat,
3376 2208 3475 2263 sed

1900 2294 2070 2350 multo
2115 2297 2341 2362 majori,
2378 2312 2573 2368 nempe
2612 2311 2673 2354 ut
2712 2302 2871 2355 [idem
2898 2302 3150 2371 potentiae
3191 2315 3303 2355 sua
3332 2301 3474 2369 apud

1899 2397 2121 2442 cunctos
2159 2388 2409 2445 homines
2463 2402 2754 2449 astrueret.
2800 2394 2931 2449 Dutn
2967 2395 3113 2448 enim
3162 2394 3469 2450 centurioni

1896 2478 2039 2534 bona
2104 2489 2285 2534 mente
2343 2481 2567 2550 pradito
2616 2482 2851 2548 favebat,
2905 2485 3119 2538 caeteris
3174 2483 3337 2539 simul
3401 2485 3470 2537 ad

1896 2571 2297 2639 Suscipiendam
2336 2572 2496 2629 Iidem
2528 2573 2634 2628 dux
2672 2574 2854 2629 ﬂebat.
2880 2574 3073 2643 Neque
3094 2589 3224 2632 sane
3249 2576 3470 2647 ignora-

1894 2659 1987 2715 bat
2029 2661 2145 2718 [ore
2188 2671 2247 2717 ut
2284 2665 2531 2719 centurio
2577 2679 2855 2721 accessum
2890 2665 3005 2734 ejus
3037 2667 3104 2721 ad
3160 2682 3286 2723 suas
3324 2667 3470 2723 mdes

1895 2750 2301 2819 deprecaretur,
2337 2755 2433 2808 sed
2470 2763 2673 2820 tamen,
2702 2756 2882 2811 sciens
2912 2756 3034 2811 licet
3085 2756 3317 2811 futuram
3346 2756 3469 2827 ejus‘

1892 2841 2198 2913 religiosam
2221 2843 2683 2913 deprecationem,
2718 2847 2964 2917 ingenuae
2990 2848 3233 2917 petitioni
3253 2850 3465 2911 annuit,

1892 2934 2110 3003 utrique
2143 2935 2380 2990 hominis
2405 2945 2532 2989 voto
2567 2951 2720 2992 suam
2752 2940 3175 2995 accommodans
3214 2942 3471 2997 volunta-

1892 3034 2034 3087 tem;
2066 3025 2315 3093 petitioni
2359 3027 2576 3096 quidem
2619 3028 3031 3096 promissionem
3082 3038 3137 3084 τι
3171 3032 3467 3101 profectio-

1890 3130 2045 3183 nem;
2082 3116 2451 3187 deprecationi
2483 3128 2690 3185 autem,
2718 3122 3009 3190 quominus
3037 3122 3177 3185 iret,
3209 3125 3466 3192 potentiae

211 3228 464 3282 ἰάσασθαι
483 3245 497 3258 ο
529 3227 668 3281 ὥστε
687 3228 785 3297 οὐχ
818 3226 904 3279 θα
928 3226 1025 3297 τὴν
1044 3221 1238 3278 ἑαυτοῦ
1258 3222 1563 3292 πρόγνωσιν
1586 3222 1788 3274 ἐπιδεί-

1894 3209 1998 3263 vim
2042 3225 2147 3280 qua
2180 3212 2299 3265 sine
2345 3213 2633 3281 praesentia
2677 3214 3002 3269 medicinam
3066 3215 3213 3271 fecit.
3274 3217 3465 3288 Neque

208 3318 299 3391 ξῃ.
330 3312 429 3391 τὴν
456 3320 663 3373 ἐκείνου
690 3319 911 3381 δικαίως
942 3317 1007 3371 ἂν
1042 3315 1367 3370 διεκώλυσεν
1404 3316 1601 3385 ἀρετήν
1626 3332 1638 3343 ’
1674 3312 1786 3366 ἀλλ’

206 3410 429 3479 ἀτύφως
452 3410 593 3464 κατὰ
606 3411 695 3464 τὸν
716 3408 1051 3480 ἀνθρώπινον
1069 3408 1287 3478 τρόπον,
1312 3406 1388 3469 ὼς
1416 3406 1479 3478 δὴ
1505 3405 1712 3474 ἀγνοῶν
1728 3406 1789 3458 τὸ

210 3501 426 3573 μέλλον,
468 3501 770 3561 ἀκολουθεῖ,
810 3501 896 3554 ἵνα
924 3499 1107 3570 χώραν
1140 3499 1239 3569 τῆς
1262 3497 1523 3562 εὐλαϐοὖς
1560 3497 1787 3569 ἀποκρί-

208 3594 347 3660 σεώς
390 3611 451 3649 τε
495 3596 589 3649 καὶ
625 3594 933 3665 προθέσεως
969 3594 1162 3663 ἐκείνῳ
1202 3590 1513 3656 καταλίποι,
1562 3591 1655 3643 καὶ
1688 3590 1786 3661 τὴν

205 3687 491 3760 πόρρωθεν
522 3688 663 3741 ῖασιν
682 3687 920 3741 αἰτοῦντι
948 3685 1237 3757 παράσχοι.

276 3863 514 3917 Τοιαῦτα
551 3864 645 3918 τοῦ
683 3864 859 3936 πράου
897 3865 1147 3934 Σωτῆρος
1182 3863 1258 3928 ὼς
1288 3864 1383 3917 καὶ
1426 3863 1533 3934 πρὸ
1563 3865 1661 3933 τῆς
1692 3879 1782 3915 τε-

207 3956 435 4029 ραστίας
466 3956 745 4026 δυνάμεως
781 3956 851 4009 τά
893 3955 1172 4025 θαυμάσια
1193 3973 1205 3985 ο
1254 3954 1555 4025 θαυμάσιος
1585 3953 1693 4023 γὰρ
1725 3955 1782 4005 ἐν

204 4044 415 4107 τούτοις
442 4044 542 4097 οὐκ
566 4042 782 4096 ἔλαττον
810 4041 842 4113 ἢ
876 4044 934 4095 ὲν
957 4043 1035 4113 τῷ
1070 4042 1168 4113 τὴν
1196 4042 1348 4095 νόσον
1378 4040 1653 4103 ἰάσασθαι,
1689 4040 1782 4092 καὶ

204 4134 299 4188 τὸν
322 4134 549 4188 θάνατον
575 4133 901 4203 ἀποστῆσαι.
938 4132 1048 4203 (38)
1080 4132 1211 4186 Μεθ’
1244 4132 1375 4203 ὅσης
1409 4131 1506 4201 μὲν
1537 4129 1781 4194 ἐξουσίας

201 4224 238 4294 ἧ
271 4222 367 4275 τοῦ
399 4222 646 4291 Σωτῆρος
690 4222 1111 4292 προσενήνεκται
1143 4219 1315 4291 φωνὴ,
1346 4218 1550 4289 ὁπόσης
1589 4235 1649 4271 τε
1684 4234 1781 4269 πε-

1888 3300 2056 3366 enim,
2097 3310 2158 3357 ut
2192 3316 2344 3357 suam
2370 3304 2746 3373 pmvisionem
2779 3309 3112 3372 ostenderet,
3142 3308 3284 3364 illius
3315 3322 3464 3367 recte

1887 3392 2140 3447 virtutem
2167 3393 2565 3464 impedirisset;
2593 3396 2684 3451 sed
2709 3396 2828 3452 sine
2843 3392 3007 3463 fastu,
3033 3402 3267 3455 htnuauo
3286 3417 3459 3465 more,

1885 3482 2037 3551 quasi
2073 3498 2183 3538 rem
2215 3484 2449 3540 futuram
2479 3488 2761 3553 ignorans,
2800 3490 3137 3558 sequebatur
3172 3494 3457 3549 centurio-

1886 3589 2031 3639 nem,
2059 3585 2117 3627 ut
2146 3574 2323 3630 locum
2348 3577 2449 3646 pia:
2477 3576 2618 3633 illius
2641 3580 2976 3648 responsioni
3011 3595 3075 3636 ac
3102 3584 3461 3651 propositioni

1886 3664 2221 3734 relinquet-et
2243 3705 2260 3731 ,
2305 3675 2360 3721 et
2392 3668 2759 3726 valetudinem
2804 3674 3018 3728 eminus
3051 3675 3215 3730 etiam
3246 3677 3459 3745 petenti

1882 3756 2167 3824 praeberet.

1952 3844 2018 3899 Hi
2048 3857 2177 3902 sunt
2211 3849 2478 3905 mansueti
2509 3847 2840 3915 Servatoris.
2866 3854 3039 3922 magis
3090 3856 3255 3910 etiam
3285 3873 3457 3927 quam

1882 3938 2247 4010 prodigiorum
2279 3942 2540 4010 potentia,
2565 3943 2869 3998 admirandi
2898 3956 3070 4001 actus.
3100 3946 3266 4003 Plane
3294 3949 3346 4002 in
3371 3951 3455 4024 bis

1882 4033 2021 4087 haud
2070 4033 2251 4088 minus
2299 4034 2401 4087 fuit
2446 4033 2746 4099 mirabilis,
2802 4050 2962 4105 quam
3022 4050 3145 4093 cum
3202 4040 3451 4094 morbum

1879 4124 2082 4188 depulit
2130 4133 2470 4194 mortemque
2518 4125 2817 4194 prohibuit.
2868 4124 3081 4193 Quanta
3132 4139 3282 4185 certe
3327 4145 3447 4185 cunv

1880 4224 2146 4285 potestate
2171 4215 2479 4270 Servatoris
2510 4230 2612 4271 vox
2643 4218 2864 4286 prodiit,
2891 4231 3204 4290 quantaque
3237 4223 3288 4276 vi
3310 4238 3454 4293 prae-

203 4313 460 4384 πλήρωτο
502 4312 813 4383 δυνάμεωςί
863 4312 986 4364 ὅσον
1037 4328 1097 4363 τε
1141 4310 1201 4363 τὸ
1252 4307 1631 4379 φιλάνθρωπον
1686 4307 1780 4361 καὶ

1894 4305 2024 4359 lita!
2079 4313 2284 4375 quanta
2318 4306 2533 4359 demum
2588 4307 2896 4376 benignitas
2932 4320 3096 4380 atque
3124 4313 3191 4366 ad
3222 4312 3409 4368 δειλοῖο

204 4400 495 4472 πρόχειρον
523 4402 603 4463 είς
629 4399 976 4470 εὐεργεσίαν,
1010 4400 1086 4461 ὡς
1118 4398 1177 4465 ἐξ
1203 4398 1418 4468 ἑτοίμου
1449 4396 1775 4464 ἐπαγγείλα-

1894 4395 2131 4449 :iendum
2156 4394 2497 4463 proclivitas,
2546 4411 2669 4451 cum
2696 4412 2756 4452 se
2780 4400 3189 4467 paratissimum
3219 4404 3286 4457 ad
3318 4404 3447 4474 pro-

204 4490 330 4545 σθαι
355 4490 452 4561 τὴν
475 4490 638 4545 αὑτοῦ
668 4490 994 4561 παρουσίανί
1028 4485 1152 4543 Οἷον
1176 4489 1233 4541 δὲ
1264 4488 1358 4541 καὶ
1381 4487 1442 4540 τὺ
1469 4486 1656 4557 θαῦμα
1677 4488 1776 4557 τῆς

1894 4486 2226 4541 iciscendum
2280 4488 2599 4542 nuntiavit!
2665 4488 2919 4545 Profecto
2985 4490 3231 4549 beneﬁcii
3288 4496 3453 4565 hujus

202 4581 542 4653 εὐεργεσίας,
569 4584 676 4635 οὐδ’
705 4583 851 4635 ἔστιν
881 4581 1116 4647 ἐπαξίως
1143 4580 1352 4649 νοῆσαι.
1383 4579 1456 4631 Τὸ
1477 4578 1584 4647 γὰρ
1615 4578 1771 4648 μόνον

1894 4575 2348 4630 idtnirabilitatetn
2374 4592 2536 4631 nemo
2567 4578 2727 4647 digne
2751 4580 3058 4634 mstimabit.
3093 4580 3225 4635 Nam
3259 4585 3444 4641 dicere

203 4672 567 4742 φθέγξασθαι,
602 4675 697 4725 καὶ
730 4674 844 4743 ἅμα
874 4672 1016 4742 λόγῳ
1058 4672 1156 4742 τὴν
1192 4669 1334 4723 ἴασιν
1380 4668 1459 4739 τῷ
1507 4669 1599 4722 τοῦ
1639 4671 1770 4722 ἑκα-

1894 4666 2271 4734 antummodo,
2305 4676 2363 4721 et
2387 4684 2493 4723 una
2524 4685 2644 4723 cum
2694 4672 2862 4725 verbo
2910 4673 3201 4728 sanitatem
3250 4687 3443 4732 centu-

201 4757 496 4827 τοντάρχου
540 4759 687 4811 παιδὶ
721 4761 1019 4829 παρασχεῖν
1040 4797 1054 4821 ,
1106 4758 1199 4811 καὶ
1232 4756 1537 4821 ἀπαλλάξαι
1591 4775 1767 4827 παρα-

1894 4758 2045 4811 ’ἰοηίε
2095 4773 2267 4827 puero
2309 4758 2519 4827 largiri,
2570 4775 2635 4813 ae
2684 4773 2906 4830 repente
2951 4766 3139 4819 morbo
3186 4770 3444 4836 expedire

200 4849 386 4919 χρῆμα
415 4846 509 4898 τοῦ
557 4851 731 4900 νοσεῖν
763 4848 852 4901 τὸν
880 4847 1031 4918 παρά
1075 4845 1246 4915 βραχὺ
1284 4842 1362 4914 τῷ
1402 4844 1613 4914 θανάτῳ
1642 4861 1771 4897 κατ-

1894 4864 1993 4904 :um
2020 4850 2112 4919 qui
2146 4850 2198 4904 in
2237 4852 2429 4905 mortis
2481 4851 2670 4906 limine
2706 4855 3047 4918 versabatur,
3084 4858 3270 4925 quidni
3315 4875 3439 4914 vere

1871 4939 2039 4995 Deum
2073 4942 2310 4996 humana
2354 4950 2487 4997 Voce
2542 4942 2849 5011 loquentem
2898 4946 3238 5002 demonstrat
3270 4950 3293 5003 ?
3326 4950 3447 5005 Non

1872 5031 2046 5096 adest,
2090 5040 2147 5086 et
2189 5031 2353 5087 veluti
2402 5049 2641 5101 praesens
2694 5046 2989 5104 operatur:
3023 5054 3144 5091 nam
3172 5040 3316 5095 inter
3348 5041 3439 5095 Dei

1872 5122 2033 5174 verba
2056 5131 2111 5175 et
2140 5136 2310 5189 opera
2331 5123 2465 5176 nihil
2496 5124 2740 5180 interest.
2775 5125 2961 5197 Neque
2983 5129 3102 5185 laus
3130 5134 3445 5187 centurioni-

1871 5212 2067 5266 tributa
2109 5212 2400 5267 verborum
2433 5225 2592 5269 tenus
2621 5216 2742 5279 fuit,
2777 5223 2871 5271 sed
2901 5230 2955 5272 et
2985 5236 3187 5291 aegrum
3213 5239 3437 5291 puerum

1869 5305 1937 5358 ob
1975 5304 2120 5359 illius
2149 5306 2305 5359 tidem
2338 5312 2570 5371 sanavit,
2608 5321 2772 5377 atque
2811 5311 2882 5365 ita
2929 5314 3269 5382 splendidum
3298 5334 3428 5388 prae-

1870 5397 2037 5450 mium
2083 5396 2335 5449 contulit.
2393 5398 2539 5452 Dixit
2578 5400 2745 5467 enim,
2797 5418 3039 5473 moxque
3088 5422 3250 5476 Opera
3299 5425 3435 5478 prm-

202 4939 493 5008 εσχημένον
517 4977 532 5001 ,
582 4938 698 5001 πῶς
727 4940 789 4992 οὑ
822 4938 952 4992 Θεὸν
984 4937 1198 5007 άληθῶς
1224 4936 1314 4989 διὰ
1356 4935 1555 5006 θνητῆς
1586 4940 1769 5007 φωνῆς

200 5028 572 5099 φθεγξάμενον
600 5030 837 5100 παρίστη
862 5027 1003 5100 (59);
1036 5029 1108 5081 Οὐ
1148 5028 1398 5098 πάρεστι,
1428 5027 1610 5090 κα“ιώς
1630 5044 1771 5099 παρ-

197 5121 274 5175 ὼν
330 5124 574 5193 ἑνεργεῦ
628 5121 802 5187 λόγων
831 5122 938 5198 γὰρ
988 5118 1125 5173 Θεοῦ
1172 5120 1265 5171 καὶ
1312 5118 1490 5189 εργων
1526 5119 1676 5172 οὐδὲν
1707 5120 1768 5173 τὸ

200 5212 426 5283 μεταξύ.
461 5213 570 5265 Καὶ
596 5212 658 5264 οὐ
689 5213 847 5282 μέχρι
872 5212 1043 5280 λόγων
1071 5214 1260 5281 γέγονε
1282 5211 1359 5282 τῷ
1386 5212 1767 5280 ἑκατοντάρχῳ

195 5308 225 5358 6
252 5304 491 5366 ἔπαινος,
512 5303 648 5356 ἀλλά
677 5304 771 5357 καὶ
800 5303 892 5355 τὸν
917 5304 1173 5356 νοσοῦντα
1206 5304 1336 5373 ὑγιῆ
1367 5303 1645 5357 ἀπέδωκεν
1675 5304 1765 5355 ἐπὶ

193 5395 294 5465 τῆς
320 5395 586 5458 πίστεως,
616 5397 710 5448 καὶ
742 5394 992 5465 λαμπρὸν
1029 5395 1176 5463 αὐτῷ
1209 5395 1396 5448 πλέκει
1434 5394 1526 5446 τὸν
1569 5394 1757 5463 στέφαο

1932 5545 2043 5618 (37)
2092 5548 2229 5627 Exin
2280 5550 2555 5627 al_iqu_anto
2601 5564 2775 5611 tractu
2828 5559 3053 5616 Graecus
3100 5570 3278 5620 textus
3314 5576 3433 5627 tan.

1863 5621 2140 5690 tantumth
2166 5620 2287 5690 sine
2312 5620 2554 5690 Syriaco.

1935 5686 2048 5767 (ﬁgi
2170 5688 2206 5740 f.
2244 5686 2375 5753 Ηιξ
2406 5690 2466 5744 ι..
2498 5691 2540 5745 f.
2571 5695 2627 5761 5,
2662 5695 2734 5761 1);
2776 5695 2997 5767 Synqv,
3026 5703 3078 5757 3,

1942 5756 2054 5839 (E9)
2088 5756 2183 5810 llic
2209 5774 2425 5839 quoque
2448 5756 2655 5839 septem
2690 5756 3023 5824 fere'versus
3056 5774 3443 5839 desideratumr

1870 5826 1924 5883 in
1956 5824 2117 5896 Syro,
2149 5824 2239 5884 veli
2265 5824 2415 5884 certe
2446 5824 2718 5891 in'Graeco
2750 5839 3047 5899 abundant.

365 5548 382 5615 )
406 5546 633 5619 goat,
665 5547 706 5603 ς.
736 5549 789 5603 ι.
819 5545 1026 5619 ιλδδτ.
1053 5548 1149 5619 lib.
1185 5563 1262 5611 ιν,
1292 5546 1350 5601 2.

288 5618 380 5690 ξοδ)
406 5616 730 5690 vocabulum
752 5615 1153 5690 ἐπειλημμένος
1174 5618 1443 5690 quomodo
1462 5615 1758 5690 explicetur

190 5703 257 5743 ex
278 5687 421 5756 Syro
444 5688 690 5756 Anglice,
706 5702 809 5741 was
838 5688 891 5741 in
914 5687 959 5740 α’
976 5698 1108 5740 atate
1134 5688 1195 5755 of
1210 5701 1599 5756 auspenu.ttou
1624 5687 1761 5739 satis

192 5704 257 5743 ex
283 5704 322 5742 δ
364 5705 421 5741 ro
444 5704 809 5756 angucemas
838 5706 891 5741 ιη
914 5704 947 5740 a
976 5704 1108 5740 uale
1134 5704 1187 5755 οι
1210 5704 1599 5753 auspensc,tton
1624 5704 1761 5739 satis

192 5704 488 5836 intelligo;
517 5757 617 5836 nisi
672 5757 810 5836 forte
845 5759 1016 5826 Syrus
1054 5757 1187 5836 legit
1220 5755 1645 5825 ἀπειλημμένος,
1708 5764 1763 5809 et

191 5830 408 5886 cuidem
442 5826 703 5881 translata
741 5827 1199 5892 interpunctioue.
