4062 6466
619 474 724 531 ωδ
1274 467 1538 526 EUSEBII
1575 464 2045 524 CESARIENSIS
2080 461 2229 518 OPP.
2269 461 2444 517 PARS
2485 461 2572 515 IV.
2612 492 2681 503 —
2720 456 3133 516 DOGMATICA.
3729 452 3830 510 ω

621 586 870 641 dictionis
928 592 1077 641 testis
1127 586 1411 641 subsecuta
1461 594 1585 652 est;
1622 598 1744 637 nam
1800 596 1933 653 puer
1981 582 2157 637 statim
2187 588 2225 641 Α

2227 627 2229 635 ,
2260 598 2365 634 vov.
2398 577 2530 633 Εῐπε
2561 580 2689 650 γὰρ,
2727 580 2822 632 καὶ
2853 576 2912 629 16
2953 574 3113 643 εργον
3145 569 3476 642 ἠκολούθησε
3522 568 3831 639 μαρτυροῦν

621 674 909 733 convaluit.
1264 676 1265 679 “

2263 675 2326 743 τῇ
2360 671 2692 743 προρρήσει’
2725 670 2818 723 καὶ
2855 666 2977 737 ίάθη
3008 668 3037 718 ὁ
3071 667 3199 727 παῖς
3230 663 3441 716 αὐτίκα.

688 766 837 833 Quod
882 764 927 819 si
974 763 1096 833 quis
1140 763 1277 817 hanc
1323 775 1437 816 rem
1490 776 1631 833 aegre
1666 763 1768 816 sibi
1822 762 1891 815 ob
1933 758 2159 831 prodigii

2345 761 2482 814 Ἀλλ’
2505 763 2553 813 εί
2582 760 2717 831 πρὸς
2741 759 2896 813 τοῦτό
2917 774 3003 820 τις
3027 755 3333 818 δυσπίστως
3360 753 3471 823 ἔχει
3500 752 3591 806 διά
3615 753 3716 823 τὴν
3739 751 3833 805 τοῦ

621 854 1040 927 magnitudinem
1067 852 1410 921 persuadeat,
1470 852 1609 905 haud
1656 860 1836 905 tamen
1867 850 1935 905 de
1980 850 2165 921 praedi-

2264 844 2565 922 θαύματος
2600 849 2931 922 ὑπερϐολὴν,
2997 845 3110 899 ἀλλ’
3177 844 3277 897 οὐκ
3333 844 3425 896 ἐπὶ
3476 844 3834 914 προρρήσεως

620 945 803 1001 ctione
834 952 981 999 recte
1012 941 1295 1007 dubitabit,
1340 956 1407 994 ex
1448 956 1551 1011 qua
1595 942 1895 996 evidentior
1926 940 2048 995 facti
2072 941 2165 994 de-

2266 942 2557 1011 σκήπτοιτο
2586 939 2651 992 ἂν
2683 940 2950 1007 εὐλόγως,
2979 937 3062 1005 ἐφ’
3156 935 3355 1005 μείζων
3387 933 3416 985 6
3450 933 3548 1002 τῆς
3582 931 3836 1002 πράξεως

622 1032 940 1089 monstratio
971 1030 1274 1092 coniicitur,
1299 1030 1343 1082 si
1375 1028 1499 1097 quis
1529 1036 1762 1097 reputet,
1788 1028 2007 1081 unicum
2053 1027 2163 1080 lio-

2263 1031 2479 1100 ἔλεγχος
2508 1028 2976 1099 ἀποδειχθήσεται,
3006 1027 3058 1079 εί
3080 1043 3165 1089 τις
3204 1028 3261 1078 ὲν
3293 1024 3369 1095 νῷ
3395 1024 3571 1088 λάϐοι,
3607 1024 3686 1086 ὡς
3715 1022 3832 1075 τότε

620 1140 836 1180 manum
863 1124 1139 1180 hominem
1179 1121 1343 1175 fuisse
1374 1120 1467 1188 qui
1499 1122 1563 1173 ad
1603 1118 1948 1173 Servatorem
1978 1132 2164 1172 acces-

2266 1120 2362 1188 μὲν
2388 1116 2467 1181 εἷς
2508 1118 2775 1187 Ῥωμαῖος
2800 1114 2868 1187 ἦν
2895 1119 2924 1170 ὁ
2947 1115 3024 1187 τῷ
3055 1116 3267 1185 Σωτῆρι
3303 1112 3722 1185 προσεληλυθὼς
3751 1128 3833 1181 χι-

618 1218 709 1283 sit,
751 1218 947 1286 quique
996 1213 1251 1281 majorem
1286 1214 1447 1267 etiam
1507 1214 1785 1283 magisque
1820 1212 2158 1277 benevolam,

2263 1208 2499 1279 λίαρχος,
2525 1207 2554 1259 6
2578 1206 2642 1277 δὴ
2667 1204 2887 1277 μείζονα
2914 1205 3007 1258 καὶ
3039 1204 3547 1274 εὐγνωμονεστέραν
3576 1202 3673 1255 τοῦ
3710 1204 3836 1255 Ἰου-

617 1321 776 1376 quam
818 1303 1039 1360 Iudaica
1089 1302 1443 1365 natio,'l‘ecit
1479 1300 1683 1356 Christi
1733 1300 2158 1365 confusionem;

2261 1299 2424 1352 δαίων
2460 1298 2643 1361 ἔθνους
2674 1297 3043 1367 ἐνδειξάμενος
3075 1296 3173 1366 τὴν
3203 1296 3283 1357 είς
3314 1294 3476 1348 αὑτὸν
3502 1294 3796 1364 ὁμολογίαν
3817 1309 3831 1324 ·

617 1404 802 1451 noster
849 1406 982 1448 vero
1023 1392 1284 1448 Servatur
1333 1392 1534 1445 multos
1588 1406 1686 1463 pro
1739 1406 1866 1454 uno,
1920 1406 2071 1458 teque
2100 1406 2162 1445 ac

2261 1392 2289 1441 6
2318 1390 2361 1441 δ’
2391 1389 2655 1461 ἡμέτερος
2687 1388 2873 1458 Σωτὴρ
2904 1387 3129 1449 πολλοὺς
3155 1385 3268 1440 ἀνθ’
3303 1385 3422 1448 ἑνὸς
3464 1384 3682 1437 ἔσεσθαι
3710 1385 3836 1447 τοὺς

615 1485 777 1551 hunc,
831 1484 897 1537 ad
947 1498 1006 1538 se
1056 1495 1367 1536 accessuros
1411 1480 1641 1534 aﬂlrmat
1692 1495 1760 1535 ex
1812 1480 2162 1535 orientalibus

2262 1482 2381 1533 κατ’
2426 1483 2628 1534 ἐκεῖνον
2669 1480 2956 1549 μέλλοντας
3003 1478 3154 1547 αὐτῷ
3202 1477 3485 1547 προσιέναι
3518 1478 3584 1529 ὲκ
3628 1475 3742 1529 τῶν
3776 1492 3836 1529 τε

616 1574 945 1646 regionibus,
973 1574 1202 1641 itemque
1226 1586 1294 1626 ex
1318 1572 1758 1637 occidentalibus,
1784 1573 1873 1640 qui
1900 1571 1969 1624 ob
2005 1586 2158 1625 suam

2262 1569 2396 1639 πρὸς
2432 1568 2504 1620 ἕω
2538 1566 2629 1621 καὶ
2678 1565 2942 1637 ἀνατολὴν
2987 1567 3287 1636 κλιμάτων,
3316 1565 3424 1618 τῶν
3456 1582 3515 1618 τε
3549 1566 3694 1619 κατά
3718 1565 3838 1619 δυό-

615 1664 811 1720 Christi
833 1663 1186 1734 cognitionem
1210 1668 1263 1715 et
1286 1660 1701 1727 confessionem,
1729 1662 1871 1717 haud
1899 1662 2159 1715 minorem

2264 1676 2423 1728 μενον
2460 1659 2609 1730 ἥλιον
2650 1658 2938 1711 οἰκούντων
2980 1655 3258 1721 θεσπίζει,
3310 1658 3434 1727 τοὺς
3470 1656 3560 1709 διὰ
3602 1659 3705 1727 τῆς
3760 1658 3836 1719 είς

616 1771 645 1810 a
695 1756 805 1810 Deo
854 1760 1249 1822 consequentur
1281 1752 1540 1807 honorem
1587 1767 1749 1821 quam
1810 1751 2158 1813 Hebraeorum

2260 1748 2421 1801 αὐτὸν
2456 1746 2799 1817 ὲπιγνώσεώς
2830 1763 2887 1799 τε
2929 1744 3025 1799 καὶ
3065 1745 3355 1815 ὁμολογίας
3393 1745 3494 1815 τῆς
3529 1747 3653 1815 ίσης
3686 1744 3837 1816 παρά

616 1854 884 1915 parentes.
914 1842 1153 1913 Namque
1169 1851 1224 1896 et
1246 1842 1440 1896 borum
1470 1842 1800 1911 patriarcha,
1829 1840 2043 1896 celeber
2073 1840 2163 1895 ille

2260 1835 2379 1905 Θεῷ
2408 1837 2573 1905 τιμῆς
2601 1839 2711 1898 τοῖς
2748 1835 3009 1903 Ἐϐραίων
3042 1835 3385 1906 προπάτορσι
3421 1834 3834 1905 καταξιωθησο-

586 1940 589 1943 ‘
615 1929 973 1991 Abrahamus,
993 1943 1061 1983 ex
1089 1929 1402 1997 irreligiosis
1438 1930 1749 1999 pereuntibus
1791 1937 1965 1996 ortus,
1994 1930 2158 1984 vitam

2264 1927 2487 1998 μένους·
2522 1928 2605 1980 ὅτι
2649 1927 2713 2000 δὴ
2755 1927 3019 1981 κάκείνων
3054 1930 3082 1981 ὁ
3124 1927 3452 1998 προπάτωρ,
3487 1926 3652 1990 αὐτὸς
3695 1925 3762 1997 δὴ
3808 1928 3838 1980 6

619 2022 990 2084 commutavit,
1014 2034 1044 2073 a
1070 2018 1412 2089 polytheismi
1447 2033 1633 2073 errore
1662 2021 1940 2085 recedens,
1969 2035 2163 2073 unum-

2265 2016 2535 2087 βοώμενος
2580 2017 2828 2088 ’Δϐραάμ
2859 2018 3199 2090 ὲκιπατέρων
3216 2019 3544 2091 ’ὁρμώμενος
3577 2019 3836 2073 δεισιδαι-

620 2125 724 2183 que
783 2110 1139 2166 universalem
1191 2110 1357 2164 Deum
1399 2109 1511 2178 ipse
1561 2110 1799 2177 agnovit.
1835 2109 1972 2176 Quin
1999 2110 2161 2164 etiam

2266 2109 2439 2179 μόνων
2472 2108 2824 2180 μετεϐάλλετο
2850 2111 2942 2163 τὸν
2978 2110 3109 2180 βίον,
3140 2111 3239 2181 τῆς
3274 2110 3371 2181 μὲν
3404 2111 3669 2165 πολυθέΟυ
3700 2110 3838 2166 πλά-

629 2203 746 2274 cjus
774 2201 899 2257 ﬁliis
925 2203 1107 2258 lsaaco
1138 2212 1297 2269 atque
1342 2199 1540 2255 Jacobo
1572 2199 1777 2256 similes
1823 2199 1968 2257 fores
2001 2200 2163 2254 innu-

2265 2216 2360 2269 νης
2386 2200 2760 2271 ἀναχωρήσας,
2802 2200 2897 2253 ἕνα
2920 2200 2978 2253 δὲ
3010 2201 3099 2255 τὸν
3146 2202 3240 2254 ἐπὶ
3291 2202 3509 2255 πάντων
3539 2202 3674 2255 Θεὸν
3710 2205 3835 2258 tm—

626 2282 806 2349 meros
830 2306 924 2362 per
941 2293 1240 2347 universum
1265 2291 1471 2355 orbem,
1506 2291 1806 2359 praesertim
1832 2305 1960 2345 vero
1983 2290 2165 2346 orien-

2264 2289 2423 2356 γνοὺς
2458 2288 2571 2342 ὁδί·
2611 2290 2846 2353 καὶτοῖς
2876 2289 3040 2344 αὑτοῦ
3082 2293 3240 2344 παισὶ
3271 2291 3349 2361 τῷ
3394 2291 3579 2344 Ἰσαάκ
3619 2294 3717 2345 καὶ
3759 2293 3838 2365 τῷ

626 2384 699 2438 tis
729 2393 783 2438 et
809 2382 1018 2438 occidui
1052 2382 1181 2437 solis
1206 2382 1454 2452 populos.
1488 2380 1757 2451 praedixit.
1788 2380 2025 2450 Denique
2052 2396 2164 2436 mo-

2277 2378 2469 2432 Ἰακὼϐ
2504 2379 2720 2450 ὁμοίους
2767 2379 2982 2434 ἔσεσθαι
3018 2382 3243 2452 μυρίους
3284 2381 3404 2434 καθ’
3445 2382 3576 2451 ὅλης
3621 2382 3724 2453 τῆς
3754 2382 3834 2436 οί·

619 2473 786 2527 menti
853 2472 1076 2525 maximi
1145 2472 1459 2541 superaddit
1534 2470 1620 2527 bis
1705 2472 2158 2541 pradictionem;

2265 2470 2555 2540 κουμένης,
2588 2471 2682 2523 καὶ
2712 2469 2916 2523 τούτων
2945 2470 3175 2541 μάλιστα
3196 2470 3267 2523 τά
3294 2470 3430 2541 πρὸς
3456 2471 3530 2523 ἔω
3558 2470 3710 2542 ἔθνη,
3742 2472 3837 2529 καὶ

622 2577 811 2632 nempe
833 2565 974 2632 quod
1010 2561 1179 2617 Judaei
1220 2562 1342 2631 ipsi,
1369 2561 1475 2618 Deo
1500 2564 1784 2619 cbarorum
1823 2562 2029 2617 illorum
2069 2578 2167 2633 po.

2263 2559 2388 2622 τοὺς
2442 2557 2583 2611 κατά
2625 2557 2880 2628 δυόμενον
2919 2560 3067 2629 ἥλιον
3111 2557 3393 2622 οικοῦντας
3435 2560 3832 2631 προαγορεύει·

621 2655 771 2715 steri,
814 2654 904 2723 qui
950 2652 1315 2708 Abrahamum
1359 2653 1653 2720 lactabant,
1700 2653 1942 2708 Isaacqu
1996 2664 2159 2724 atque

2265 2648 2587 2727 προστίθησί
2626 2665 2682 2702 τε
2715 2648 2925 2713 τούτοις
2955 2649 3017 2703 16
3048 2650 3300 2720 μέγιστον
3329 2651 3428 2721 τῆς
3458 2654 3832 2723 προρρήσεως·

619 2743 902 2807 Iacobum,
934 2752 1153 2810 prOpter
1179 2756 1330 2796 suam
1367 2743 1625 2798 adversus
1665 2742 1830 2797 Deum
1858 2743 2163 2797 vecordiam

2264 2739 2417 2792 αὐτοὶ
2455 2739 2691 2793 Ἰουδαῖοι
2716 2738 2827 2793 τῶν
2863 2740 3126 2811 θεοφιλῶν
3167 2742 3392 2796 ἐκείνων
3425 2743 3719 2810 ἀπόγονοι,
3748 2745 3837 2797 τὸν

619 2843 673 2886 et
702 2832 1152 2893 incredulitatem,
1201 2845 1299 2885 ceu
1352 2831 1591 2886 scientia
1639 2830 1843 2886 lumine
1871 2832 2076 2897 orbati,
2111 2835 2165 2885 in

2278 2829 2526 2902 Ἀϐραάμ
2556 2829 2849 2901 αὐχοῦντες
2885 2830 3095 2886 καὶτὸν
3136 2832 3320 2887 Ἰσαὰκ
3352 2832 3447 2886 καὶ
3482 2833 3575 2886 τὸν
3618 2833 3835 2898 Ἰακὼϐ,

622 2924 873 2976 tenebras
902 2921 1201 2976 exteriores
1227 2920 1525 2990 expellendi
1554 2930 1737 2977 essent
1764 2939 1778 2974 :
1810 2922 1889 2977 sic
1911 2921 2162 2975 nimirum

2264 2919 2352 2974 διά
2390 2921 2487 2993 τὴν
2532 2922 2612 2985 εις
2649 2921 2811 2976 αὑτὸν
2841 2922 3063 2991 ἀλογίαν
3108 2940 3169 2976 τε
3204 2925 3299 2979 καὶ
3329 2925 3612 2989 ἀπιστίαν,
3652 2926 3731 2989 ὡς
3774 2926 3838 2980 ἀν

620 3011 943 3079 imperitiam
977 3010 1213 3077 illorum,
1240 3024 1612 3089 summamque
1660 3010 1957 3075 inscitiam,
1987 3019 2043 3066 et
2074 3025 2164 3065 sa-

2264 3012 2359 3066 τοῦ
2397 3014 2496 3084 τῆς
2528 3013 2782 3081 γνώσεως
2813 3015 2993 3084 φωτὸς
3032 3015 3487 3087 ἀπεστερημένοι,
3539 3016 3838 3089 ἀπόϐλητα

621 3102 813 3157 lutaris
845 3101 1062 3157 luminis
1101 3086 1384 3157 orbitatem
1430 3103 1748 3172 praedicens.
1796 3100 1933 3157 Hinc
1985 3117 2164 3158 rerum

2266 3105 2580 3175 γενήσονται
2610 3107 2689 3169 είς
2723 3104 2790 3158 16
2830 3106 3017 3171 σκότος
3060 3106 3121 3161 τὸ
3165 3086 3448 3179 ἐξώτερον,
3483 3108 3583 3181 τὴν
3614 3086 3840 3179 ἄγνοιαν

621 3202 833 3262 oportet
863 3195 1065 3247 exitum
1118 3194 1570 3257 animadvertere,
1619 3203 1786 3262 atque
1833 3194 1966 3248 adeo
1995 3193 2166 3248 oculis
2194 3239 2225 3298 ε

2235 3277 2237 3294 ᾗ
2268 3196 2445 3249 αὐτῶν
2491 3198 2583 3249 καὶ
2611 3197 2711 3267 τὴν
2757 3197 2989 3298 ἐσχάτην
3022 3196 3288 3269 ἀμαθίαν,
3321 3198 3417 3252 τοῦ
3464 3216 3525 3253 τε
3570 3202 3839 3273 σωτηρίου

623 3282 997 3352 contemplari,
1049 3282 1315 3350 quomodo
1343 3281 1532 3346 Judaei,
1560 3282 1652 3351 qui
1680 3284 1943 3339 dictorum
1994 3283 2171 3338 bomi-
2196 3281 2227 3298 ν

2272 3288 2445 3355 φωτὸς
2474 3286 2570 3359 τὴν
2605 3288 2858 3359 στέρησιν
2886 3281 2989 3343 ὧδέ
3027 3306 3103 3361 πη
3144 3294 3625 3363 προαναφωνήσας.
3673 3293 3841 3349 Ἔνθα

624 3392 751 3431 num
802 3377 909 3431 Deo
938 3379 1223 3432 cbarorum
1273 3390 1440 3446 genus
1492 3390 1612 3431 esse
1652 3375 1969 3445 gloriantur,
2015 3374 2185 3443 ejecti-

2268 3379 2331 3449 δὴ
2360 3379 2644 3448 ἐπιστῆσαι
2677 3380 2790 3441 τοῖς
2820 3373 3219 3451 ἀποτελέσμασι
3265 3382 3530 3454 προσήκει
3563 3382 3658 3437 τὸν
3691 3384 3842 3449 νοῦν,

620 3466 825 3522 fuerint
857 3482 960 3523 non
990 3482 1154 3538 regno
1200 3468 1290 3522 Dei
1340 3468 1730 3534 tantummodo,
1778 3482 1968 3522 verum
2003 3468 2166 3521 etiam

2266 3469 2562 3539 ὀφθαλμοῖς
2586 3485 2645 3521 τε
2675 3471 2858 3532 αὐτοῖς
2884 3470 3237 3540 παραλαϐεῖν,
3263 3473 3339 3535 ὡς
3370 3473 3611 3528 Ἰουδαῖοι
3644 3476 3765 3545 μὲν,
3790 3478 3842 3531 οι

620 3573 774 3613 sacra
804 3559 1036 3628 ipsorum
1071 3557 1339 3628 regalique
1371 3556 1684 3626 metropoli:
1712 3557 1961 3626 exemplo
1988 3566 2166 3612 autem

2265 3558 2371 3611 τῶν
2402 3558 2521 3629 είρη
2531 3558 2704 3628 μένων
2736 3559 2997 3629 θεοφιλῶν
3029 3560 3237 3633 ἀνδρῶν
3273 3562 3429 3630 γένος
3460 3557 3601 3617 εἶναι
3638 3581 3844 3637 σεμνυ-

620 3649 798 3712 unius,
825 3647 916 3716 qui
954 3646 1080 3702 olim
1113 3648 1177 3702 ad
1214 3645 1555 3701 Servatorem
1607 3648 1862 3715 accessit,
1894 3648 2169 3703 centurio-

2266 3650 2501 3719 νόμενοι.
2537 3649 2787 3721 ἐκϐλητόι
2817 3652 3098 3720 γεγόνασιν
3140 3654 3201 3706 οὐ
3233 3653 3331 3724 τῆς
3369 3653 3464 3709 τοῦ
3502 3653 3639 3708 Θεοῦ
3685 3656 3843 3726 βασι-

618 3740 725 3803 nis,
754 3738 1164 3793 innumerabilis
1194 3738 1469 3793 hominum
1507 3739 1798 3793 multitudo
1823 3753 1889 3794 ex
1936 3738 2168 3794 nationi-

2268 3739 2417 3804 λείας
2450 3741 2630 3811 μόνον,
2660 3741 2794 3795 ἀλλὰ
2819 3744 3028 3813 καὶτῆς
3055 3743 3232 3797 αὐτῶν
3260 3746 3410 3815 ἱερᾶς
3436 3746 3528 3797 καὶ
3554 3744 3844 3820 βασιλικῆς

621 3829 724 3885 bus
762 3831 991 3894 cunctis,
1037 3844 1188 3900 aeque
1234 3846 1297 3885 ac
1341 3830 1449 3899 ille,
1502 3832 1717 3887 Christo
1774 3830 2027 3901 adjuncta
2073 3829 2167 3894 sit,

2272 3833 2670 3903 μητροπόλεωςο
2693 3833 2785 3886 ἐπὶ
2806 3834 2862 3887 δὲ
2892 3833 3007 3898 ἑνὸς
3028 3834 3123 3887 τοῦ
3150 3834 3316 3889 πάλαι
3339 3836 3415 3907 τῷ
3434 3836 3648 3907 Σωτῆρι
3671 3855 3844 3910 προσ-

621 3937 741 3991 qua
769 3923 835 3977 ab
858 3924 1154 3987 eoedocta,
1189 3924 1435 3979 eumdem
1470 3937 1627 3992 quem
1671 3922 1860 3993 inclyti
1907 3920 1982 3975 illi
2028 3921 2166 3990 apud

2269 3920 2583 3991 εληλυθότος
2648 3922 2923 3993 χιλιάρχου
2968 3924 3170 3993 ἀφατος
3220 3925 3429 3996 ἀνδρῶν
3481 3926 3713 3998 ἀριθμὸς
3782 3929 3844 3995 ἐξ

622 4010 874 4067 Hebraeos
910 4013 1030 4074 viri,
1061 4013 1226 4068 Deum
1251 4028 1561 4083 agnoscere,
1588 4029 1779 4082 parem
1808 4013 1919 4069 illis
1950 4014 2016 4067 ab
2049 4011 2169 4067 uni-

2272 4012 2524 4065 ἀπάντων
2556 4011 2664 4063 τῶν
2692 4012 2859 4065 ἐθνῶν
2884 4013 3084 4083 ὁμοίως
3113 4015 3306 4087 ἐκείνῳ
3327 4016 3404 4087 τῷ
3428 4017 3646 4089 Χριστῷ
3672 4035 3843 4091 προο-

622 4102 819 4158 versali
847 4118 968 4171 rege
1001 4106 1109 4159 Deo
1136 4107 1440 4161 mercedem
1480 4107 1716 4175 recipere
1737 4106 1895 4175 digna
1929 4104 2047 4159 fuit.

2273 4103 2478 4165 ιόντων,
2518 4103 2611 4155 καὶ
2630 4102 2721 4156 διά
2743 4104 2841 4173 τῆς
2864 4105 3024 4157 αὑτοῦ
3052 4105 3394 4172 διδασκαλίας
3433 4108 3523 4162 τὸν
3554 4110 3663 4163 τῶν
3707 4112 3842 4183 παρ’

629 4193 896 4265 Ἑϐραίοις
936 4194 1255 4265 λαμψὼηων
1293 4196 1496 4268 ἀνδρῶν
1527 4196 1846 4260 ἐπιγνόντων
1875 4196 2027 4262 Θεὸν,
2060 4194 2160 4263 τῆς
2198 4192 2319 4263 ἴσης
2355 4194 2534 4257 αὐτοῖς
2600 4194 2825 4257 ἐκείνοις
2893 4196 3146 4265 ἠξίωνται
3197 4199 3347 4270 παρά
3388 4200 3466 4270 τῷ
3508 4202 3845 4273 παμϐασιλετ

618 4290 735 4360 Θεῷ
767 4288 1021 4359 ἀμοιϐῆς.

1367 4384 1429 4439 ν.
2201 4384 2250 4441 ι)
3012 4378 3085 4430 E'.

688 4471 1068 4528 MaudatPetro
1090 4473 1342 4529 Dominus
1354 4475 1487 4527 utad
1506 4476 1736 4543 praedam
1756 4476 1887 4528 retia
1901 4475 2165 4539 demittat;

2344 4470 2454 4539 (.40)
2479 4468 2912 4539 Παρακελεύεται
2944 4470 3041 4540 μὲν
3067 4470 3145 4540 τῷ
3173 4472 3364 4543 Πέτρῳ
3393 4474 3422 4525 ὁ
3450 4473 3653 4544 Κύριος
3682 4476 3843 4545 καλά.

612 4562 703 4630 qni
726 4563 1152 4631 quidemjussutn
1175 4565 1502 4633 exsequitur.
1537 4565 1669 4619 Cum
1698 4576 1876 4619 autem
1922 4580 2167 4635 magnam

2277 4578 2365 4614 σαι
2404 4563 2481 4623 είς
2512 4560 2686 4632 ἄγραν
2714 4559 2782 4612 τὰ
2824 4560 3048 4615 δίκτυα’
3085 4564 3114 4613 ό
3157 4562 3215 4614 δὲ
3260 4562 3320 4615 τὸ
3367 4564 3843 4636 προστεταγμένον

616 4650 843 4716 piscium
866 4650 1257 4705 multitudinem
1276 4652 1685 4718 conclusissem,
1703 4663 1758 4708 et
1776 4652 1903 4707 retia
1936 4653 2169 4721 pondere

2274 4652 2467 4705 ἐποίει.
2511 4652 2597 4714 Ὠς
2625 4651 2681 4703 δὲ
2717 4651 3065 4705 συνέκλεισαν
3097 4652 3297 4723 πλῆθος
3333 4652 3529 4723 ίχθύων
3556 4655 3713 4720 πολὺ,
3746 4658 3841 4711 καὶ

618 4748 840 4805 gravata
856 4740 1310 4817 dirumpereutur,
1324 4756 1475 4810 opem
1496 4752 1682 4810 petunt
1700 4758 1727 4796 a
1743 4745 1914 4796 vicina
1945 4743 2167 4796 navicu—

2272 4744 2621 4815 διερρήγνυτο
2646 4742 2713 4794 τὰ
2740 4742 2931 4796 δίκτυα
2968 4742 3045 4812 τῷ
3090 4743 3280 4814 πλήθει
3311 4743 3639 4815 βαρούμενα,
3673 4763 3820 4818 προσ

618 4829 666 4879 la
688 4842 704 4891 ;
728 4835 886 4895 atque
900 4828 970 4880 ita
988 4829 1240 4883 extractis
1254 4829 1485 4896 piscibus
1504 4840 1780 4900 utramque
1810 4830 2059 4899 scapham
2078 4846 2169 4884 re-

2276 4834 2560 4889 καλοῦνται
2610 4836 2707 4905 μὲν
2755 4837 2835 4897 εἰς
2890 4834 3135 4905 βοήθειαν
3176 4838 3300 4901 τοὺς
3335 4837 3392 4888 ὲν
3429 4837 3506 4907 τῷ
3537 4839 3838 4906 γειτνιῶντι

619 4917 984 4984 pleverunt,in
1001 4927 1208 4971 tantum
1224 4923 1457 4988 utmergi
1486 4922 1932 4987 periclitarentur.
1965 4920 2168 4987 Quam-

2275 4926 2471 4995 πλοίῳο
2528 4920 2625 4978 εἶτ’
2680 4925 3073 4988 ἀνελκύσαντες
3119 4926 3245 4991 τοὺς
3306 4928 3512 4999 ἰχθύας,
3539 4932 3836 5003 πληροῦσιν

620 5008 802 5061 obrem
845 5007 1197 5062 admiratione
1234 5007 1423 5065 Petrus
1471 5012 1772 5079 perculsus,
1804 5013 2077 5081 indignum
2105 5027 2163 5067 se

2274 5016 2436 5085 ἄμφω
2470 5016 2539 5069 τὰ
2582 5017 2798 5087 σκάφη,
2828 5017 2903 5079 ὡς
2942 5018 3263 5072 κινδυνεύειν
3300 5020 3438 5074 αὐτὰ
3484 5020 3807 5094 βυθισθῆναι

618 5096 971 5151 conﬁtebatur
985 5108 1041 5151 ut
1057 5097 1311 5153 Servator
1327 5101 1391 5153 ad
1410 5116 1470 5155 se
1494 5104 1716 5156 veniret.
1741 5102 1832 5158 Ille
1848 5112 2049 5166 autem,
2072 5103 2163 5173 qui

2272 5109 2352 5175 ἐφ’
2386 5102 2517 5169 οἷςὸ
2544 5108 2747 5177 Πέτρος
2777 5107 3171 5177 ἀποθαυμάσας
3196 5110 3489 5183 ἐξεπλάγη,
3526 5112 3747 5180 ἀνάξιόν
3781 5132 3836 5168 τί

621 5198 870 5256 tanquam
907 5187 1070 5243 futuri
1103 5192 1357 5259 temporis
1382 5192 1666 5262 imaginem
1695 5196 1793 5261 ipsi
1830 5196 2165 5260 ostenderat,

2266 5199 2453 5251 ἑαυτὸν
2490 5200 2589 5270 τῆς
2614 5199 2885 5270 σωτηρίου
2910 5200 3212 5263 ὲπιϐάσεως
3240 5201 3673 5273 ὡμολόγει-(41).
3713 5205 3773 5260 Ὀ
3796 5206 3827 5260 δ

621 5278 1110 5345 interpretationem
1134 5293 1343 5349 quoque
1371 5279 1520 5343 facit,
1541 5282 1767 5350 aitque:
1797 5284 1923 5338 Noli
1948 5286 2164 5349 timere;

2265 5289 2449 5359 ῶσπερ
2498 5288 2771 5353 ἐπιδείξας
2829 5288 2978 5359 αὐτῷ
3022 5288 3117 5361 τὴν
3168 5291 3264 5343 τοῦ
3321 5292 3603 5362 μέλλοντος
3629 5297 3820 5352 εἰκόνα

622 5364 804 5416 abhinc
832 5366 965 5418 enim
996 5367 1097 5420 eris
1122 5367 1351 5421 homines
1372 5369 1439 5421 ad
1478 5370 1637 5423 vitam
1673 5372 1898 5439 capiens.
1944 5372 2166 5428 Cunctis

2266 5375 2515 5445 διασαφεῖ
2540 5376 2637 5448 τὴν
2671 5377 2993 5448 ἑρμηνείαν,
3024 5378 3117 5430 καί
3147 5396 3279 5450 φησι
3320 5380 3454 5451 πρὸς
3493 5384 3653 5437 αὐτόν
3679 5402 3694 5416 ·
3738 5386 3837 5446 Μὴ

621 5468 748 5510 vero
772 5455 965 5509 simul:
1008 5456 1183 5510 Venite
1208 5468 1319 5525 post
1352 5476 1450 5523 me,
1482 5458 1774 5531 faciamque
1800 5480 1885 5517 vos
1930 5464 2161 5532 piscato-

2272 5467 2456 5534 φοϐοῦ
2476 5485 2489 5497 ·
2512 5469 2630 5522 ἀπὸ
2653 5469 2757 5523 τοῦ
2785 5470 2899 5523 νῦν
2918 5471 3265 5539 ἀνθρώπους
3285 5473 3399 5544 ἔσῃ
3416 5472 3641 5543 ζωγρῶν
3662 5494 3675 5506 ·
3701 5479 3842 5549 πρὸς

625 5560 704 5599 res
730 5546 1013 5600 hominum.
1044 5546 1300 5604 Galilaeos
1346 5550 1612 5618 homines,
1661 5554 1791 5609 viles
1843 5555 2165 5619 rusticanos,

2273 5557 2329 5610 δὲ
2370 5558 2573 5623 πάντας
2597 5576 2611 5591 ο
2650 5560 2829 5614 Δεῦτε
2870 5561 3062 5615 ὀπίσω
3096 5562 3239 5631 μου,
3274 5563 3371 5617 καὶ
3408 5565 3641 5631 ποιήσω
3682 5546 3844 5635 ὑμᾶς

628 5636 759 5688 nihil
788 5649 986 5705 praeter
1011 5638 1267 5709 Syrorum
1296 5641 1591 5696 dialectum
1626 5644 1878 5711 scientes,
1911 5656 2029 5702 arte
2059 5648 2160 5701 hu-

2274 5649 2461 5716 ἁλιεῖς
2512 5651 2853 5719 ἀνθρώπων.
2913 5653 3226 5718 Γαλιλαίους
3293 5655 3521 5726 ἄνδρας,
3577 5658 3842 5727 εὐτελεῖς,

998 5754 1065 5816 Α,
1101 5753 1255 5839 12⁸85.
1288 5756 1409 5839 Syr.
1445 5757 1534 5811 lib.
1558 5773 1631 5839 tv_.
1654 5758 1708 5812 6.
1809 5829 1841 5839 Α
2064 5832 2076 5839 _
2276 5766 2403 5839 εει.
2433 5766 2542 5821 Leo
2574 5784 2628 5836 p.
2665 5767 2793 5829 216,
2833 5784 2898 5824 ex
2939 5773 3059 5825 cod.
3108 5772 3337 5827 Vindob.
3368 5772 3472 5827 Sed
3512 5775 3683 5829 multo
3717 5775 3840 5828 lon—

696 5818 807 5889 (dl)
841 5818 1103 5878 llacleuus
1130 5818 1484 5893 fragmentum
1518 5830 1777 5884 recitatur
1803 5829 1985 5889 Grece
2005 5832 2167 5889 etiam
2280 5818 2399 5903 gius
2425 5818 3071 5906 pro—sequiturvin—co‘dvicc
