4062 6408
261 384 369 441 6‘25

1642 375 1730 430 DE
1770 367 2230 429 THEOPHANIA.

263 498 579 570 ἀγροίκους,
612 497 764 552 ούδέν
799 496 957 550 πλέον
993 495 1090 567 τῆς
1118 493 1304 565 Σύρων
1335 496 1519 565 φωνῆς
1549 490 1845 562 ἐπισταμέ-

1952 486 2093 549 mili,
2131 485 2184 540 id
2212 490 2297 539 est
2324 478 2639 555 piscatoria,
2666 489 2774 530 non
2796 469 2914 527 sine
2939 479 3101 523 causa
3132 463 3391 520 Servator
3422 475 3520 516 no-

264 608 410 655 νους,
447 590 583 644 ἀλλὰ
615 591 709 643 καὶ
748 590 807 642 τὸ
844 588 1176 658 ἐπιτήδευμα
1215 585 1469 640 ταπεινὸν
1501 587 1598 655 τῆς
1639 582 1845 644 ἁλιείας

269 680 735 750 μετερχομένους,
781 679 1005 742 εἰκότως
1051 680 1081 730 ό
1126 678 1321 750 Σωτὴρ
1368 675 1529 748 ήμῶν
1579 672 1846 746 θηρευτὰς

263 768 363 820 ἀνθ
374 769 570 840 ρώπων
601 769 694 821 καὶ
726 769 973 838 κήρυκας
1000 768 1099 838 τῆς
1129 766 1294 821 αὐτοῦ
1315 764 1662 828 διδασκαλίας
1687 763 1844 833 ποιή-

265 876 381 913 σειν
423 859 807 930 ἐπηγγέλλετο,
840 861 934 913 καὶ
959 860 1257 927 πεποίηκεν
1282 859 1342 911 ού
1373 857 1713 927 ψευσάμενος
1750 853 1846 924 τὴν

265 949 580 1021 ὑπόσχεσιν,
613 948 883 1020 παριστὰς
919 949 1052 1002 Θεοῦ
1083 949 1312 1017 δύναμιν
1357 943 1714 1019 ἐνεργητικὴν
1752 940 1846 995 τοῦ

266 1040 614 1112 πράγματος.
658 1040 722 1092 Εἰ
755 1039 852 1111 μὲν
882 1039 1022 1112 γὰρ,
1056 1039 1270 1107 λογίους
1314 1039 1464 1100 τινάς
1499 1036 1592 1090 καὶ
1628 1035 1844 1102 σοφοὺς,

264 1131 300 1203 ἢ
332 1132 424 1185 καὶ
467 1131 578 1184 τῶν
625 1131 776 1203 παρὰ
817 1131 1089 1195 Ἰουδαίοις
1140 1129 1441 1199 ἀνθρώπων
1491 1126 1714 1190 ἐνδόξων
1755 1126 1849 1177 καί

266 1223 537 1276 πλουσίων
575 1223 1004 1295 προσαγόμενος,
1041 1221 1253 1284 τούτοις
1295 1221 1560 1290 ἐκέχρητο
1593 1217 1848 1271 διδασκά-

262 1313 379 1377 λοις
405 1313 514 1367 τῶν
543 1313 706 1367 αὐτοῦ
737 1313 931 1380 λόγων,
965 1311 1066 1367 κᾶν
1088 1313 1236 1377 εἰκὸς
1261 1308 1329 1382 ἦν
1363 1309 1849 1381 ἀνθρωπινώτερον

265 1403 646 1473 ἐπινενοῆσθαι
676 1402 738 1455 τὸ
780 1403 1041 1474 πρᾶγμα·
1081 1402 1223 1455 οὔτω
1256 1401 1386 1468 γοῦν
1417 1402 1464 1454 οἰ
1495 1399 1713 1461 πλείους
1743 1397 1849 1450 τῶν

265 1492 571 1564 ἀνθρώπων
606 1491 858 1544 είώθασιν
886 1489 1301 1551 ὑποτάττεσθαι,
1345 1488 1377 1559 ἢ
1428 1489 1705 1558 χρήμασιν
1746 1484 1850 1536 ὑπὸ

268 1583 538 1637 πλουσίων
581 1581 972 1652 δελεαζόμενοι,
1016 1582 1049 1651 ἢ
1084 1579 1259 1648 λόγων
1295 1578 1556 1650 περιϐολῇ
1588 1577 1680 1629 καὶ
1713 1591 1848 1643 φαν-

263 1673 428 1744 τασία
463 1672 655 1742 σοφίας
675 1671 1042 1743 ἀπατώμενοι,
1065 1671 1099 1742 ἢ
1131 1671 1403 1742 ὑπεροχάς
1431 1667 1655 1732 ἐνδόξων
1680 1681 1847 1736 προσ-

263 1761 433 1816 ώπων
485 1762 1007 1833 καταπληττόμενοι.
1047 1763 1104 1814 Ὀ
1140 1761 1196 1814 δὲ
1239 1761 1312 1831 μὴ
1344 1759 1606 1820 τοιούτοις
1642 1756 1850 1828 χρησά-

1947 586 2082 645 ster,
2117 583 2407 630 venatores
2453 571 2738 628 hominum
2765 574 2992 632 suasque
3029 557 3289 615 doctrina:
3313 567 3521 625 praeco-

1949 682 2046 722 nes
2090 681 2150 722 se
2195 664 2468 720 facturum
2513 657 2914 730 pollicebatur;
2947 651 3210 720 fecitque.
3239 646 3382 702 haud
3423 645 3518 699 fal-

1951 761 2068 815 lens
2096 758 2448 830 promissum,
2479 753 2576 810 Dei
2615 763 2811 819 nempe
2843 742 3250 830 potentiamirei
3278 737 3504 796 ell‘ectri-

1950 865 2066 904 cem
2100 829 2468 913 rexpromens.
2521 840 2658 896 Nam
2720 837 2768 892 si
2823 835 3098 890 litteratos
3122 829 3332 900 aliquos
3355 835 3410 883 et
3435 841 3526 881 sa-

1950 922 2189 1010 pientes,
2233 936 2328 992 vel‘
2362 936 2522 990 etiam
2576 945 2644 985 ex
2700 927 2904 984 Judaeis
2951 922 3159 979 nobiles
3225 921 3525 988 divitesque

1949 1032 2096 1085 viros
2119 1028 2354 1099 eligens,
2383 1026 2468 1079 bis
2486 1037 2615 1078 usus
2637 1028 2783 1076 esset
2808 1015 3082 1088 magistris
3102 1012 3362 1069 doctrinae
3388 1025 3522 1078 suae,

1950 1120 2136 1187 utique
2171 1117 2465 1171 humanum
2495 1113 2677 1182 potius
2714 1107 2989 1178 negotium
3025 1104 3078 1158 id
3109 1102 3256 1158 credi
3293 1109 3525 1170 poterat.

1951 1209 2043 1264 Sic
2068 1207 2213 1263 enim
2244 1205 2486 1274 plerique
2515 1201 2800 1256 hominum
2835 1196 3014 1252 solent
3039 1201 3210 1249 semet
3234 1189 3524 1257 subjicere,

1949 1299 2035 1355 vel
2083 1297 2312 1369 pecunia
2365 1309 2395 1348 a
2451 1292 2709 1349 divitibus
2766 1286 3033 1354 inescati,
3083 1284 3172 1338 vel
3218 1282 3526 1337 litterarum

1950 1389 2132 1458 specie
2161 1397 2213 1442 et
2245 1384 2528 1455 sapientiae
2567 1381 2843 1452 praestigio
2880 1376 3113 1445 decepti,
3158 1374 3244 1429 vel
3275 1373 3530 1429 eminen-

1949 1480 2079 1534 tiam
2110 1491 2471 1547 personarum
2508 1473 2800 1527 illustrium
2834 1469 3191 1525 admirantes.
3219 1465 3380 1522 Jesus
3423 1479 3527 1520 au-

1953 1581 2059 1626 tem
2111 1585 2231 1626 cum
2280 1568 2419 1622 haud
2473 1564 2674 1619 talibus
2718 1565 2790 1616 sit
2835 1575 2968 1616 usus
3010 1557 3313 1630 discipulis,
3365 1556 3460 1611 sed
3491 1568 3525 1610 e

1952 1662 2234 1717 contrario
2285 1656 2614 1728 pauperibus
2659 1663 2713 1708 et
2762 1652 3048 1717 obscuris,
3107 1665 3173 1704 ac
3216 1649 3529 1704 litteratura

1955 1754 2160 1817 idiotis,
2189 1751 2370 1818 lingua
2421 1746 2596 1818 Syris,
2630 1745 2821 1800 habitu
2854 1742 3063 1807 humili,
3095 1755 3372 1810 operaque
3407 1738 3528 1814 vili,

269 1871 430 1926 μενος
476 1831 765 1924 μαθηταῖς,
806 1831 1113 1906 τούναντίον
1153 1851 1210 1903 δὲ
1253 1851 1446 1920 πένησι
1486 1851 1580 1903 καὶ
1616 1846 1842 1912 ἀδόξοις,

1949 1844 2282 1914 eXploratum
2307 1849 2389 1895 est
2414 1854 2536 1893 eum
2567 1838 2803 1892 divinam
2846 1844 3054 1888 tantum
3087 1831 3399 1887 adhibuisse
3429 1845 3532 1899 po-

267 1946 362 1998 καὶ
388 1944 479 1998 τὸν
517 1944 672 2013 λόγον
700 1942 954 2008 ἰδιώταις,
990 1943 1182 2021 Σύροξς
1223 1959 1283 1993 τε
1307 1941 1404 2012 τὴν
1437 1940 1640 2011 φωνὴν,
1672 1939 1850 1992 καὶτὸ

265 2034 455 2104 σχῆμα
487 2034 782 2096 ταπεινοῖς,
815 2033 909 2085 καὶ
939 2029 1211 2084 εὐτελέσιν
1240 2029 1404 2100 ἔργῳ,
1434 2029 1590 2099 δῆλος
1616 2024 1683 2099 ἦν
1713 2028 1847 2098 μόνῃ

263 2128 333 2195 τῇ
363 2124 516 2194 θεῖκῇ
548 2124 770 2193 δυνάμει
796 2123 1094 2194 χρώμενος,
1123 2122 1188 2192 ἢν
1211 2119 1508 2186 ἐνεδείξατο
1534 2119 1724 2188 πρῶτα
1751 2118 1849 2189 μέν

265 2219 418 2287 φωνῇ
485 2217 581 2286 μιᾷ
635 2214 1148 2284 προσκαλεσάμενος
1208 2213 1406 2275 αὐτοὺς
1467 2211 1562 2265 καί
1625 2210 1848 2263 ἀκολού-

265 2307 394 2369 θους
433 2306 546 2376 (42)
577 2306 742 2359 αὐτοῦ
778 2306 1146 2375 καταστήσας,
1183 2305 1419 2358 κᾶπειτα
1446 2302 1848 2373 ἐπαγγειλάμε-

263 2413 358 2460 νος
392 2395 730 2466 σαγηνευτάς
763 2396 858 2448 καὶ
897 2395 1069 2457 ἁλιεῖς
1117 2392 1421 2466 ἀνθρώπων
1454 2393 1701 2464 ποιήσειν
1748 2393 1848 2445 αύ-

261 2488 412 2552 τοὺς,
446 2487 511 2540 ἵν’
553 2487 668 2540 ἀνθ’
710 2480 784 2540 ὧν
820 2482 961 2557 εἶχον
1009 2487 1266 2550 δικτύων,
1313 2483 1570 2546 λαϐόντες
1596 2484 1728 2553 παρ’
1755 2483 1852 2535 αὐ-

261 2577 360 2632 τοῦ
389 2580 489 2648 τὴν
519 2579 627 2631 ἀπὸ
654 2579 922 2631 παντοίων
951 2577 1123 2645 λόγων
1162 2574 1402 2646 νομικῶν
1428 2592 1487 2627 τε
1522 2575 1617 2628 καὶ
1643 2590 1851 2646 προφη-

264 2668 402 2732 τῶν,
427 2669 534 2721 τῶν
556 2686 617 2720 τε
639 2669 739 2738 τῆς
765 2667 947 2722 ἐνθέου
970 2666 1322 2729 διδασκαλίας
1357 2664 1524 2718 αὑτοῦ
1550 2663 1849 2717 πλακείσαν

1959 1934 2179 1989 tentiam
2235 1949 2250 1998 ;
2310 1945 2474 2000 quam
2514 1927 2751 1982 ostendit
2803 1925 2984 1994 primo
3016 1922 3233 1990 quidem
3269 1920 3395 1974 dum
3424 1933 3532 1973 una

1955 2025 2142 2081 vocula
2172 2039 2268 2079 eos
2301 2021 2552 2077 invitavit
2580 2019 2930 2087 asseclasque
2963 2032 3091 2072 suos
3143 2015 3297 2079 fecit,
3334 2013 3530 2069 deinde

1955 2119 2222 2187 spondens
2269 2124 2519 2185 captares
2568 2114 2982 2184 piscatoresque
3051 2109 3331 2163 hominum
3390 2121 3422 2162 ι
3469 2121 3532 2162 se

1956 2207 2155 2260 factum
2214 2207 2319 2270 iri;
2378 2214 2436 2259 ut
2475 2219 2574 2274 pro
2629 2203 2836 2257 retibus
2887 2215 3007 2271 quas
3053 2214 3197 2255 nunc
3249 2198 3529 2264 tenebant,

1955 2309 2231 2353 sumentes
2273 2300 2341 2352 ab
2383 2312 2449 2351 eo
2496 2295 2803 2350 litterarum
2851 2291 3094 2347 omnium
3153 2290 3406 2360 legaliuiri
3461 2303 3529 2344 ac

1951 2390 2385 2459 propheticarum
2420 2425 2435 2450 ,
2501 2400 2714 2441 necnon
2785 2383 2981 2438 divinae
3041 2380 3210 2451 ipsius
3264 2379 3532 2435 doctrinm

1951 2495 2228 2548 sagenam,
2260 2479 2312 2532 in
2359 2478 2609 2532 humana:
2649 2476 2776 2530 vita:
2829 2488 2980 2529 mare
3032 2472 3323 2541 jactarent,
3369 2479 3531 2540 quot-

1951 2580 2087 2640 quot
2113 2578 2467 2626 occurrerent
2516 2569 2820 2634 irretirent,
2858 2581 3055 2636 genere
3087 2564 3231 2619 omni
3281 2560 3534 2618 rationa-

1953 2662 2084 2716 lium
2117 2661 2344 2731 piscium
2383 2661 2519 2714 retia
2547 2673 2644 2713 sua
2673 2657 2956 2712 rationalia
2990 2656 3346 2724 complentes.

264 2763 512 2834 σαγήνην
555 2762 896 2832 ἐμδάλλωσιν
929 2764 1007 2824 εἰς
1040 2760 1138 2832 τὴν
1179 2759 1272 2813 τοῦ
1303 2757 1641 2830 ἀνθρωπείου
1689 2756 1805 2826 βίου
1840 2756 2130 2818 θάλατταν,
2163 2755 2258 2809 καὶ
2300 2753 2667 2824 περιϐάλωσιν
2717 2753 2873 2816 ὅσους
2902 2751 2967 2805 ἂν
2999 2749 3224 2821 εὕρωσι,
3259 2745 3533 2822 πληροῦν-

260 2871 358 2917 τες
393 2853 461 2906 τά
498 2854 704 2906 ἐαυτῶν
732 2853 924 2921 λογικά
959 2853 1148 2904 δίκτυα
1174 2852 1372 2913 παντὸς
1411 2849 1601 2918 γένους
1629 2847 1861 2916 λογικῶν
1885 2847 2106 2917 ίχθύων.

349 2947 508 3000 Ἀλλὰ
553 2947 723 3001 ταῦτα
771 2949 866 3017 μὲν
908 2947 996 2999 διὰ
1048 2946 1234 3016 φωνῆς
1283 2945 1591 3014 ἀκουόμενα
1627 2945 1844 3015 ῥήματα

2019 2944 2195 3012 Atque
2243 2941 2356 2996 hazc
2410 2956 2476 2995 ex
2533 2941 2580 2993 vi
2634 2939 2783 2994 vocis
2840 2948 3049 2992 tantum
3109 2937 3313 3000 audita,
3363 2933 3524 2990 verba

262 3039 361 3091 καὶ
405 3039 589 3108 ψόφοι,
624 3041 716 3092 καὶ
746 3039 905 3092 πλέον
937 3040 1180 3111 ὑπῆρχεν
1217 3038 1404 3091 οὐδέν·
1446 3038 1544 3107 τῆς
1588 3036 1631 3089 δ’
1660 3035 1844 3089 ἐνθέου

260 3126 547 3197 δυνάμεως
585 3129 648 3181 τὸ
694 3128 853 3199 ἔργον
894 3129 993 3182 οὐκ
1035 3131 1116 3191 είς
1167 3129 1386 3200 μακρὰν
1432 3128 1841 3198 παρεστήσατο·

262 3218 406 3272 αὐτὰ
448 3218 513 3290 δὴ
554 3219 726 3273 ταῦτα
769 3220 837 3273 τά
889 3221 977 3273 διὰ
1018 3221 1126 3274 τῶν
1168 3220 1341 3288 λόγων
1396 3219 1847 3290 προηγορευμένα

262 3312 382 3372 τοῖς
427 3308 609 3380 ἔργοις
655 3310 996 3373 ἐπιτελέσας,
1049 3311 1127 3375 ὡς
1167 3313 1225 3364 ἐν
1281 3311 1474 3382 βραχεῖ
1524 3313 1700 3382 χρόνῳ
1745 3312 1846 3382 τὴν

267 3398 565 3468 σύμπασαν
609 3399 910 3472 ἀνθρώπων
941 3403 1269 3474 οἰκουμένην
1311 3401 1478 3472 μυρία
1518 3401 1696 3473 πλήθη
1737 3401 1846 3454 τῶν

268 3489 711 3559 σαγηνευθέντων
739 3491 843 3543 ὑπὸ
863 3491 971 3544 τῶν
1003 3492 1225 3546 ἰδιωτῶν
1252 3493 1456 3546 τούτων
1482 3491 1689 3565 ἀνδρῶν
1712 3493 1843 3564 κτή-

265 3581 486 3646 σασθαι,
521 3580 626 3652 πλη
637 3582 873 3653 ρωθῆναί
904 3601 963 3636 τε
993 3583 1325 3655 Ἐκκλησιῶν
1355 3584 1534 3637 πάντα
1557 3584 1717 3636 τόπον
1734 3583 1847 3636 Ἑλ-

264 3670 443 3743 λήνων
478 3689 538 3724 τε
585 3674 680 3725 καὶ
726 3673 1049 3746 βαρϐάρων,
1083 3674 1170 3728 διὰ
1204 3674 1330 3746 μίαν
1361 3674 1577 3744 ἐκείνην
1616 3676 1846 3743 ἐπαγγε-

265 3763 392 3816 λίαν
417 3764 518 3833 τῆς
551 3765 735 3836 θεῖκῆς
765 3769 970 3837 φωνῆς,
997 3766 1063 3818 δι’
1095 3762 1165 3837 ἦς
1193 3766 1254 3818 ού
1291 3765 1521 3832 διδάξειν
1569 3766 1693 3828 τοὺς
1721 3767 1847 3818 ἐαυ-

263 3855 361 3908 τοῦ
400 3855 664 3926 μαθητὰς,
688 3856 802 3909 ἀλλ’
842 3856 1004 3918 αὐτὸς
1044 3857 1289 3925 ποιήσειν
1318 3857 1513 3918 αὐτοὺς
1540 3855 1724 3919 ἁλιέας
1754 3857 1844 3908 ἀν-

265 3945 501 4016 θρώπων
541 3947 927 4023 ἐπηγγείλατοἶ
956 3946 1106 3998 ἐστ’
1137 3947 1196 3998 οὐ
1237 3945 1487 4015 προέγνω
1531 3945 1689 4016 μόνον
1721 3945 1844 3999 οὕτε

265 4037 548 4109 προέφησε
584 4037 646 4090 τὸ
680 4037 891 4108 μέλλον,
922 4037 1058 4091 ἀλλὰ
1084 4037 1180 4090 καί⁵
1211 4038 1442 4108 ποιητὴς
1475 4036 1571 4091 τοῦ
1596 4037 1846 4108 τηλικού-

263 4143 360 4179 του
395 4125 816 4196 κατορθώματος
855 4127 1266 4196 ἀποπέφανται·
1310 4124 1432 4182 εῐπέ
1465 4145 1524 4181 τε
1563 4128 1642 4199 τῷ
1679 4129 1841 4199 λόγῳ,

266 4215 363 4268 καὶ
396 4217 660 4287 πεποίηκε
692 4217 768 4287 τῷ
799 4217 963 4288 ἔργῳ·
1003 4219 1315 4289 παρέστησέ
1354 4236 1412 4272 τε
1446 4220 1507 4271 τὸ
1538 4220 1728 4290 μέλλον
1757 4220 1844 4272 διὰ

266 4307 538 4379 συμϐόλου
567 4309 662 4362 καὶ
695 4310 919 4373 εἰκόνος,
955 4310 1048 4362 καὶ
1085 4310 1152 4362 δι’
1199 4311 1369 4380 αὐτῆς
1415 4310 1692 4382 ἐνεργείας
1733 4311 1842 4362 ἀπ-
1877 4343 1919 4397 D

264 4400 570 4470 επλήρωσε.
593 4399 716 4462 Τοῖς
741 4399 849 4469 γὰρ
877 4399 1045 4452 πάλαι
1075 4399 1336 4470 πῴτερον
1361 4401 1417 4452 ἐν
1449 4401 1638 4470 σκοτίᾳ
1665 4399 1840 4470 φωτὸς

264 4493 540 4564 ἀληθείας,
570 4495 661 4547 καὶ
688 4493 822 4546 Θεοῦ
853 4493 1103 4561 γνώσεως
1131 4495 1187 4546 ἐν
1218 4494 1370 4544 νυκτὶ
1396 4495 1836 4563 καταπονηθεῖσι,

265 4582 361 4634 καὶ
408 4584 607 4653 μηδένα
648 4583 782 4653 πρὸς
821 4584 1089 4653 σωτηρίαν
1123 4581 1384 4653 θηρεῦσαι
1426 4582 1836 4653 δεδυνημένοις,

262 4672 581 4742 ἐπιλάμψας
617 4673 676 4727 τὸ
717 4675 908 4727 ἐαυτοῦ
954 4676 1174 4743 φέγγος,
1219 4678 1275 4728 ἐν
1338 4657 1519 4747 ἡμέρᾳ
1570 4677 1663 4728 καί
1699 4679 1838 4744 φωτὶ

262 4764 572 4831 γενομένοις
601 4765 944 4834 προστάττει,
970 4767 1031 4817 ού
1060 4768 1121 4835 τῇ
1153 4765 1328 4835 οἰκείᾳ
1353 4767 1650 4838 ἐπιστήμῃ,
1677 4767 1754 4836 τῷ
1781 4768 1836 4819 δέ

262 4851 430 4904 αὐτοῦ
473 4855 674 4922 ῥήματι
713 4853 1066 4924 θαρσοῦντας,
1113 4855 1423 4908 ἐπιϐάλλειν
1463 4856 1542 4925 τῷ
1589 4857 1734 4927 βυθῷ
1771 4857 1840 4910 τά

261 4941 475 4993 δίκτυα.
517 4943 579 4994 Οἱ
607 4941 664 4993 δὲ
697 4942 930 4994 τοσαῦτα
963 4945 1264 5014 συνήγαγον
1298 4945 1495 5013 ἰχθύων
1532 4945 1731 5015 πλήθη,
1765 4947 1841 5008 ὡς

261 5029 688 5101 διαρρηγνυσθαι
720 5033 818 5102 μὲν
843 5036 910 5086 τά
943 5035 1236 5105 θηρευτικά
1262 5037 1485 5106 ὄργανα,
1517 5036 1839 5090 κινδυνεύειν

261 5118 322 5171 δὲ
356 5121 435 5181 εἰς
468 5119 626 5188 βυθὸν
656 5125 851 5198 χωρεῖν
891 5124 998 5174 ἀπὸ
1031 5124 1122 5176 τοῦ
1156 5125 1354 5194 φόρτου
1381 5125 1452 5177 τὰ
1481 5125 1659 5178 πλοῖα.

349 5210 500 5263 Ἐπεὶ
537 5213 592 5265 δὲ
624 5212 799 5266 ταῦθ’⁹
819 5214 990 5277 οὕτως
1032 5217 1473 5286 προσταττόμενα
1501 5218 1608 5271 τὸν.
1633 5219 1836 5290 Πέτρον

263 5299 346 5360 εἰς
374 5297 630 5369 ἔκπληξιν
661 5303 753 5354 καὶ
796 5303 957 5371 φόϐον
995 5304 1057 5355 ού
1095 5305 1186 5357 τὸν
1213 5307 1444 5376 τυχόντα
1486 5302 1639 5376 ἦγεν·
1680 5307 1838 5360 Ἀλλὰ

261 5386 435 5440 ταῦτά
458 5405 537 5453 σε,
578 5392 710 5460 φησί
737 5392 873 5462 πρὸς
902 5393 1061 5446 αὐτὸν
1093 5396 1120 5447 ὁ
1149 5396 1357 5466 Σωτὴρ,
1397 5399 1562 5467 μήπω
1605 5398 1838 5468 ἐκπλητ-

262 5475 430 5527 τέτω·
472 5479 680 5532 παιδιαὶ
705 5481 808 5551 γὰρ
835 5481 914 5533 ἔτι
939 5482 1110 5535 ταῦτα
1144 5485 1237 5536 καὶ
1275 5483 1573 5555 μελλόντων
1612 5489 1832 5552 εἰκόνες·

259 5569 315 5621 οἰ
339 5567 398 5621 δὲ
424 5569 520 5639 μὲν
545 5570 722 5638 ἰχθύες
744 5573 961 5627 ἄναυδοι
993 5577 1085 5627 καὶ
1107 5575 1310 5643 ἄλογοι,
1341 5579 1433 5630 καὶ
1454 5577 1626 5633 ταῦτα
1655 5581 1833 5651 σκάφη

1949 3042 2104 3088 erant
2153 3041 2209 3089 et
2256 3032 2483 3094 sonitus,
2560 3040 2935 3100 praetereaque
2991 3027 3153 3083 nihil.
3217 3026 3326 3082 Sed
3379 3028 3527 3082 enim

1949 3125 2150 3180 divinae
2176 3125 2397 3179 virtutis
2426 3123 2711 3177 ellieientia
2741 3122 2883 3176 haud
2909 3121 3078 3176 multo
3125 3132 3253 3202 post
3287 3129 3403 3175 rata
3430 3134 3528 3175 ex-

1950 3217 2131 3270 hibuit
2173 3233 2190 3280 ;
2253 3231 2375 3269 cum
2429 3215 2544 3269 haec
2593 3214 2706 3282 ipsa
2763 3212 2999 3268 verbalia
3050 3213 3318 3283 promissa
3367 3210 3531 3267 factis

1949 3308 2259 3378 complevit,
2287 3308 2361 3362 ita
2394 3317 2451 3361 ut
2477 3308 2624 3361 brevi
2660 3317 2903 3375 tempore
2929 3307 3247 3361 universum
3297 3305 3524 3360 humani

1949 3398 2225 3455 incolatus
2254 3400 2467 3462 orbem,
2499 3399 2952 3467 innumeramque
2986 3396 3387 3451 multitudinem
3430 3409 3526 3450 ca-

1950 3501 2168 3560 ptorum
2211 3489 2394 3544 abhis
2438 3489 2622 3544 idiotis
2671 3489 2977 3551 hominum,
3013 3486 3261 3542 Christus
3297 3487 3528 3555 adeptus

1948 3582 2038 3646 sit,
2088 3580 2360 3651 plenaque
2392 3581 2650 3636 Ecclesiis
2699 3580 2976 3634 evaserint
3032 3579 3147 3634 loca
3195 3579 3377 3631 omnia
3411 3585 3525 3632 tum

1948 3672 2259 3729 Graecorum
2314 3683 2426 3726 tum
2483 3673 2647 3727 etiam
2701 3673 3082 3736 barbarorum,
3128 3677 3347 3740 propter
3377 3666 3525 3723 iliam

1949 3765 2124 3820 unicae
2174 3765 2374 3820 divina:
2418 3765 2567 3820 vocis
2608 3765 3051 3835 promissionem,
3118 3777 3221 3831 qua
3274 3761 3418 3815 haud
3465 3776 3525 3815 se

1950 3857 2241 3925 discipulos
2292 3872 2422 3912 suos
2464 3857 2777 3919 docturum,
2842 3858 2935 3911 sed
2985 3869 3175 3924 reapse
3219 3855 3524 3923 piscatcres

1949 3946 2227 4000 hominum
2263 3946 2585 4001 ell‘ccturum
2634 3947 2945 4016 spopondit.
2998 3945 3365 4012 Quamobrem
3415 3959 3523 3999 non

1948 4039 2222 4104 praescivit
2255 4039 2414 4092 modo
2452 4038 2533 4092 vel
2562 4039 2817 4106 praedixit
2850 4053 2964 4092 rem
2997 4036 3256 4102 futuram,
3299 4036 3393 4091 sed
3443 4035 3525 4090 ef-

1949 4127 2122 4181 fector
2147 4126 2400 4183 facinoris
2425 4128 2560 4183 tanti
2591 4129 2881 4196 apparuit,
2940 4127 3190 4197 dixitque
3224 4126 3427 4192 verbis,
3466 4135 3523 4181 et

1947 4237 2111 4290 Opere
2136 4233 2426 4278 exsecutus
2454 4234 2571 4286 est;
2606 4224 2768 4292 idque
2798 4223 2937 4286 fore,
2969 4221 3214 4294 symbolo
3250 4221 3527 4292 portendit

1949 4323 2113 4385 atque
2140 4316 2397 4383 imagine,
2453 4314 2723 4384 simulque
2769 4316 2882 4384 ipsa
2925 4314 3164 4368 ellieacia
3209 4313 3524 4382 complevit.

1948 4405 2193 4478 Namque
2226 4409 2325 4463 hos
2355 4408 2672 4477 discipulos,
2709 4408 2799 4473 qui
2839 4417 2996 4461 antea
3029 4406 3281 4460 veritatis
3322 4404 3526 4458 lumine

1949 4500 2229 4566 carebant,
2279 4509 2336 4554 et
2383 4515 2479 4568 per
2519 4510 2728 4554 noctem
2789 4500 2970 4553 divina
3023 4497 3216 4552 notitia
3248 4506 3523 4553 carentem

1950 4588 2361 4651 laboraverant,
2394 4591 2772 4657 neminemque
2814 4589 2878 4641 ad
2924 4587 3152 4643 salutem
3192 4587 3393 4642 lucrari
3424 4602 3522 4655 po-

1949 4688 2188 4746 tuerant,
2250 4681 2366 4748 ipse
2420 4681 2623 4735 lumine
2665 4696 2762 4734 suo
2801 4679 3114 4742 illustrans,
3155 4688 3210 4733 et
3251 4680 3305 4733 in
3331 4679 3523 4733 diurna

1948 4774 2068 4826 luce
2116 4772 2470 4839 constituens,
2509 4773 2664 4841 jubet
2725 4789 2830 4827 non
2876 4773 3092 4843 propria
3153 4773 3383 4841 peritia,
3429 4775 3525 4826 sed

1946 4865 2114 4933 ipsius
2137 4865 2302 4918 verbo
2319 4865 2575 4932 conlisos,
2595 4866 2728 4918 retia
2751 4867 2801 4918 iu
2832 4866 3051 4936 pelagus
3072 4865 3276 4933 jacere.
3305 4863 3368 4917 lli
3396 4879 3526 4916 vero

1945 4963 2146 5007 tantam
2206 4954 2539 5023 collegerunt
2597 4957 2823 5024 pisvium
2881 4955 3322 5018 multitudinem,
3378 4964 3439 5006 ut
3470 4963 3526 5006 et

1948 5046 2238 5113 piscatoria
2282 5046 2645 5100 instrumenta
2679 5055 3085 5114 rumperentur,
3117 5054 3172 5100 et
3206 5046 3337 5115 ipsa:
3375 5045 3523 5098 navi-

1945 5136 2077 5188 culas
2110 5137 2349 5204 det-tergi
2382 5137 2618 5204 pondere
2657 5138 3121 5206 periclitarentur.

2016 5225 2151 5290 Quia
2200 5241 2327 5278 vero
2373 5228 2498 5279 talia
2558 5228 2840 5295 imperata,
2886 5227 3105 5282 Petrum
3156 5228 3208 5282 in
3240 5239 3514 5296 stuporem

1946 5323 2262 5383 metumque
2309 5332 2413 5369 non
2461 5318 2734 5372 modicum
2764 5318 3109 5372 abduxerant
3139 5335 3152 5384 ;
3192 5318 3345 5373 Haud
3377 5320 3515 5384 hac,

1945 5404 2119 5472 inquit
2167 5405 2215 5458 ei
2269 5405 2549 5471 Servator,
2614 5422 2945 5476 magnopere
3000 5418 3053 5463 te
3094 5420 3516 5463 commoveant:

1943 5493 2151 5549 ludicra
2183 5498 2327 5550 enim
2362 5499 2476 5552 haec
2512 5510 2640 5552 sunt
2679 5501 2880 5563 adimo,
2909 5508 2962 5554 et
2996 5501 3300 5555 futurarum
3334 5516 3517 5556 rerum

1946 5582 2210 5653 imagines
2256 5605 2270 5639 ε
2321 5589 2496 5656 pisces
2543 5589 2760 5655 quidem
2813 5591 2970 5654 muti,
3017 5600 3072 5645 et
3128 5589 3516 5656 irrationales;

335 5682 800 5775 {gi-Yofabulum
826 5687 1151 5752 ἀκολούθους
1187 5691 1358 5759 magis
1393 5693 1614 5762 proprie
1672 5693 1841 5748 vellen

1997 5696 2139 5767 Syro
2192 5699 2358 5755 fuisse
2398 5703 2686 5757 redditum.
2736 5702 2810 5757 Ita
2862 5704 3029 5758 etiam
3075 5705 3214 5774 quod
3273 5706 3519 5775 sequitur

263 5753 620 5823 σαγηνευτάς.
