  <div class='ocr_page' id='page_1' title='image "/cluster/home/n/w/nwhite01/storage/ocr_20150623/24/ien.35556001660497/327.png"; bbox 0 0 4062 6410; ppageno 0'>
   <div class='ocr_carea' id='block_1_1' title="bbox 613 426 707 478">
    <p class='ocr_par' dir='ltr' id='par_1_1' title="bbox 613 426 707 478">
     <span class='ocr_line' id='line_1_1' title="bbox 613 426 707 478; baseline -0.032 0"><span class='ocrx_word' id='word_1_1' title='bbox 613 426 707 478; x_wconf 74' lang='grc'><strong>631</strong></span> 
     </span>
    </p>
   </div>
   <div class='ocr_carea' id='block_1_2' title="bbox 1302 413 3156 475">
    <p class='ocr_par' dir='ltr' id='par_1_2' title="bbox 1302 413 3156 475">
     <span class='ocr_line' id='line_1_2' title="bbox 1302 413 3156 475; baseline 0 -4"><span class='ocrx_word' id='word_1_2' title='bbox 1302 417 1563 474; x_wconf 83' lang='lat' dir='ltr'><strong>EUSEBll</strong></span> <span class='ocrx_word' id='word_1_3' title='bbox 1604 413 2256 475; x_wconf 28' lang='lat' dir='ltr'><strong>CA&#39;ZSABIENSIQHOPP.</strong></span> <span class='ocrx_word' id='word_1_4' title='bbox 2298 417 2476 472; x_wconf 80' lang='lat' dir='ltr'><strong>PARS</strong></span> <span class='ocrx_word' id='word_1_5' title='bbox 2513 418 2599 475; x_wconf 77' lang='grc' dir='ltr'><strong>Ν.</strong></span> <span class='ocrx_word' id='word_1_6' title='bbox 2640 451 2709 460; x_wconf 94' lang='grc'><strong><em>-</em></strong></span> <span class='ocrx_word' id='word_1_7' title='bbox 2745 416 3156 473; x_wconf 80' lang='lat' dir='ltr'><strong>DOGMATICA.</strong></span> 
     </span>
    </p>
   </div>
   <div class='ocr_carea' id='block_1_3' title="bbox 3709 421 3817 474">
    <p class='ocr_par' dir='ltr' id='par_1_3' title="bbox 3709 421 3817 474">
     <span class='ocr_line' id='line_1_3' title="bbox 3709 421 3817 474; baseline 0.019 -3"><span class='ocrx_word' id='word_1_8' title='bbox 3709 421 3817 474; x_wconf 69' lang='lat'><strong>632</strong></span> 
     </span>
    </p>
   </div>
   <div class='ocr_carea' id='block_1_4' title="bbox 607 530 2160 605">
    <p class='ocr_par' dir='ltr' id='par_1_4' title="bbox 607 536 2149 603">
     <span class='ocr_line' id='line_1_4' title="bbox 607 536 2149 603; baseline -0.002 -12"><span class='ocrx_word' id='word_1_9' title='bbox 607 541 879 592; x_wconf 80' lang='lat' dir='ltr'><strong>devinctos</strong></span> <span class='ocrx_word' id='word_1_10' title='bbox 897 551 1071 602; x_wconf 59' lang='lat' dir='ltr'><strong>;.nune</strong></span> <span class='ocrx_word' id='word_1_11' title='bbox 1097 544 1273 589; x_wconf 90' lang='lat' dir='ltr'><strong>autem</strong></span> <span class='ocrx_word' id='word_1_12' title='bbox 1299 536 1472 601; x_wconf 91' lang='lat' dir='ltr'><strong>primo</strong></span> <span class='ocrx_word' id='word_1_13' title='bbox 1496 550 1561 588; x_wconf 88' lang='lat' dir='ltr'><strong>ex</strong></span> <span class='ocrx_word' id='word_1_14' title='bbox 1585 538 1788 601; x_wconf 85' lang='lat' dir='ltr'><strong>impura</strong></span> <span class='ocrx_word' id='word_1_15' title='bbox 1821 539 2149 603; x_wconf 85' lang='lat' dir='ltr'><strong>scelestaque</strong></span> 
     </span>
    </p>
   </div>
   <div class='ocr_carea' id='block_1_5' title="bbox 2259 530 3812 605">
    <p class='ocr_par' dir='ltr' id='par_1_5' title="bbox 2259 530 3812 605">
     <span class='ocr_line' id='line_1_5' title="bbox 2259 530 3812 605; baseline -0.001 -19"><span class='ocrx_word' id='word_1_16' title='bbox 2259 536 2599 605; x_wconf 68' lang='grc' dir='ltr'>καθαέρεσθαι</span> <span class='ocrx_word' id='word_1_17' title='bbox 2654 538 2716 587; x_wconf 90' lang='grc' dir='ltr'><strong>ἐκ</strong></span> <span class='ocrx_word' id='word_1_18' title='bbox 2766 535 2862 603; x_wconf 77' lang='grc' dir='ltr'>τῆς</span> <span class='ocrx_word' id='word_1_19' title='bbox 2909 534 3225 602; x_wconf 83' lang='grc' dir='ltr'>δαιμονικῆς</span> <span class='ocrx_word' id='word_1_20' title='bbox 3282 550 3372 584; x_wconf 89' lang='grc' dir='ltr'><strong>και</strong></span> <span class='ocrx_word' id='word_1_21' title='bbox 3423 530 3812 603; x_wconf 77' lang='grc' dir='ltr'>εἰδωλολάτρου</span> 
     </span>
    </p>
   </div>
   <div class='ocr_carea' id='block_1_6' title="bbox 608 626 2145 691">
    <p class='ocr_par' dir='ltr' id='par_1_6' title="bbox 608 626 2145 691">
     <span class='ocr_line' id='line_1_6' title="bbox 608 626 2145 691; baseline 0 -14"><span class='ocrx_word' id='word_1_22' title='bbox 608 631 714 678; x_wconf 85' lang='lat' dir='ltr'><strong>vita</strong></span> <span class='ocrx_word' id='word_1_23' title='bbox 750 635 1047 678; x_wconf 81' lang='lat' dir='ltr'><strong>rev0catos.</strong></span> <span class='ocrx_word' id='word_1_24' title='bbox 1101 626 1275 691; x_wconf 82' lang='lat' dir='ltr'><strong>Atque</strong></span> <span class='ocrx_word' id='word_1_25' title='bbox 1333 635 1389 677; x_wconf 92' lang='lat' dir='ltr'><strong>ut</strong></span> <span class='ocrx_word' id='word_1_26' title='bbox 1438 626 1520 678; x_wconf 83' lang='lat' dir='ltr'><strong>his</strong></span> <span class='ocrx_word' id='word_1_27' title='bbox 1569 626 1829 678; x_wconf 91' lang='lat' dir='ltr'><strong>suadeant</strong></span> <span class='ocrx_word' id='word_1_28' title='bbox 1879 627 2145 689; x_wconf 87' lang='lat' dir='ltr'><strong>admonet,</strong></span> 
     </span>
    </p>
   </div>
   <div class='ocr_carea' id='block_1_7' title="bbox 607 715 2150 785">
    <p class='ocr_par' dir='ltr' id='par_1_7' title="bbox 607 715 2150 785">
     <span class='ocr_line' id='line_1_7' title="bbox 607 715 2150 785; baseline -0.001 -16"><span class='ocrx_word' id='word_1_29' title='bbox 607 726 727 785; x_wconf 91' lang='lat' dir='ltr'><strong>post</strong></span> <span class='ocrx_word' id='word_1_30' title='bbox 790 716 1196 782; x_wconf 76' lang='lat' dir='ltr'><strong>purgationem,</strong></span> <span class='ocrx_word' id='word_1_31' title='bbox 1279 715 1485 781; x_wconf 78' lang='lat' dir='ltr'><strong>mystici</strong></span> <span class='ocrx_word' id='word_1_32' title='bbox 1554 715 1841 782; x_wconf 74' lang='lat' dir='ltr'><strong>magisterii</strong></span> <span class='ocrx_word' id='word_1_33' title='bbox 1910 716 1959 766; x_wconf 94' lang='lat' dir='ltr'><strong>vi</strong></span> <span class='ocrx_word' id='word_1_34' title='bbox 2029 729 2150 783; x_wconf 91' lang='lat' dir='ltr'><strong>per-</strong></span> 
     </span>
    </p>
   </div>
   <div class='ocr_carea' id='block_1_8' title="bbox 609 804 2151 873">
    <p class='ocr_par' dir='ltr' id='par_1_8' title="bbox 609 804 2151 873">
     <span class='ocr_line' id='line_1_8' title="bbox 609 804 2151 873; baseline -0.001 -15"><span class='ocrx_word' id='word_1_35' title='bbox 609 815 803 868; x_wconf 84' lang='lat' dir='ltr'><strong>actam,</strong></span> <span class='ocrx_word' id='word_1_36' title='bbox 833 806 971 859; x_wconf 87' lang='lat' dir='ltr'><strong>haud</strong></span> <span class='ocrx_word' id='word_1_37' title='bbox 1006 805 1111 871; x_wconf 83' lang='lat' dir='ltr'><strong>jam</strong></span> <span class='ocrx_word' id='word_1_38' title='bbox 1148 815 1407 873; x_wconf 81' lang='lat' dir='ltr'><strong>praecepta</strong></span> <span class='ocrx_word' id='word_1_39' title='bbox 1450 804 1693 865; x_wconf 85' lang='lat' dir='ltr'><strong>Judaica,</strong></span> <span class='ocrx_word' id='word_1_40' title='bbox 1740 819 1913 872; x_wconf 82' lang='lat' dir='ltr'><strong>neque</strong></span> <span class='ocrx_word' id='word_1_41' title='bbox 1955 804 2151 871; x_wconf 83' lang='lat' dir='ltr'><strong>Moysis</strong></span> 
     </span>
    </p>
   </div>
   <div class='ocr_carea' id='block_1_9' title="bbox 612 894 2149 963">
    <p class='ocr_par' dir='ltr' id='par_1_9' title="bbox 612 894 2149 963">
     <span class='ocr_line' id='line_1_9' title="bbox 612 894 2149 963; baseline 0.001 -17"><span class='ocrx_word' id='word_1_42' title='bbox 612 895 866 963; x_wconf 79' lang='lat' dir='ltr'><strong>legitima,</strong></span> <span class='ocrx_word' id='word_1_43' title='bbox 906 896 998 949; x_wconf 87' lang='lat' dir='ltr'><strong>sed</strong></span> <span class='ocrx_word' id='word_1_44' title='bbox 1047 910 1164 963; x_wconf 75' lang='lat' dir='ltr'><strong>qua:</strong></span> <span class='ocrx_word' id='word_1_45' title='bbox 1219 895 1329 961; x_wconf 91' lang='lat' dir='ltr'><strong>ipse</strong></span> <span class='ocrx_word' id='word_1_46' title='bbox 1375 895 1440 947; x_wconf 91' lang='lat' dir='ltr'><strong>iis</strong></span> <span class='ocrx_word' id='word_1_47' title='bbox 1483 898 1812 963; x_wconf 66' lang='lat' dir='ltr'><strong>praeciperet,</strong></span> <span class='ocrx_word' id='word_1_48' title='bbox 1842 894 2149 948; x_wconf 78' lang='lat' dir='ltr'><strong>observare.</strong></span> 
     </span>
    </p>
   </div>
   <div class='ocr_carea' id='block_1_10' title="bbox 606 983 2154 1053">
    <p class='ocr_par' dir='ltr' id='par_1_10' title="bbox 606 983 2154 1053">
     <span class='ocr_line' id='line_1_10' title="bbox 606 983 2154 1053; baseline -0.001 -16"><span class='ocrx_word' id='word_1_49' title='bbox 606 984 733 1037; x_wconf 77' lang='lat' dir='ltr'><strong>llaec</strong></span> <span class='ocrx_word' id='word_1_50' title='bbox 760 984 1005 1039; x_wconf 90' lang='lat' dir='ltr'><strong>videlicet</strong></span> <span class='ocrx_word' id='word_1_51' title='bbox 1028 998 1131 1037; x_wconf 91' lang='lat' dir='ltr'><strong>uno</strong></span> <span class='ocrx_word' id='word_1_52' title='bbox 1152 998 1245 1035; x_wconf 91' lang='lat' dir='ltr'><strong>ore</strong></span> <span class='ocrx_word' id='word_1_53' title='bbox 1272 983 1445 1035; x_wconf 89' lang='lat' dir='ltr'><strong>cuncti</strong></span> <span class='ocrx_word' id='word_1_54' title='bbox 1473 986 1596 1037; x_wconf 91' lang='lat' dir='ltr'><strong>dum</strong></span> <span class='ocrx_word' id='word_1_55' title='bbox 1618 1000 1711 1051; x_wconf 93' lang='lat' dir='ltr'><strong>per</strong></span> <span class='ocrx_word' id='word_1_56' title='bbox 1738 994 1929 1053; x_wconf 60' lang='lat' dir='ltr'><strong>gente.</strong></span> <span class='ocrx_word' id='word_1_57' title='bbox 1948 984 2154 1037; x_wconf 86' lang='lat' dir='ltr'><strong>discur-</strong></span> 
     </span>
    </p>
   </div>
   <div class='ocr_carea' id='block_1_11' title="bbox 606 1074 2154 1129">
    <p class='ocr_par' dir='ltr' id='par_1_11' title="bbox 606 1074 2154 1129">
     <span class='ocr_line' id='line_1_11' title="bbox 606 1074 2154 1129; baseline 0.001 -4"><span class='ocrx_word' id='word_1_58' title='bbox 606 1083 789 1128; x_wconf 89' lang='lat' dir='ltr'><strong>rerent</strong></span> <span class='ocrx_word' id='word_1_59' title='bbox 824 1075 1102 1127; x_wconf 86' lang='lat' dir='ltr'><strong>tradebant</strong></span> <span class='ocrx_word' id='word_1_60' title='bbox 1126 1075 1428 1127; x_wconf 86' lang='lat' dir='ltr'><strong>constitutis</strong></span> <span class='ocrx_word' id='word_1_61' title='bbox 1458 1074 1509 1126; x_wconf 91' lang='lat' dir='ltr'><strong>in</strong></span> <span class='ocrx_word' id='word_1_62' title='bbox 1540 1075 1787 1129; x_wconf 88' lang='lat' dir='ltr'><strong>universo</strong></span> <span class='ocrx_word' id='word_1_63' title='bbox 1811 1074 1942 1128; x_wconf 86' lang='lat' dir='ltr'><strong>orbe</strong></span> <span class='ocrx_word' id='word_1_64' title='bbox 1968 1074 2154 1128; x_wconf 87' lang='lat' dir='ltr'><strong>Eccle-</strong></span> 
     </span>
    </p>
   </div>
   <div class='ocr_carea' id='block_1_12' title="bbox 606 1164 2151 1231">
    <p class='ocr_par' dir='ltr' id='par_1_12' title="bbox 606 1164 2151 1231">
     <span class='ocr_line' id='line_1_12' title="bbox 606 1164 2151 1231; baseline -0.001 -14"><span class='ocrx_word' id='word_1_65' title='bbox 606 1165 724 1217; x_wconf 82' lang='lat' dir='ltr'><strong>siis.</strong></span> <span class='ocrx_word' id='word_1_66' title='bbox 770 1165 941 1231; x_wconf 83' lang='lat' dir='ltr'><strong>Atque</strong></span> <span class='ocrx_word' id='word_1_67' title='bbox 976 1173 1032 1215; x_wconf 88' lang='lat' dir='ltr'><strong>ut</strong></span> <span class='ocrx_word' id='word_1_68' title='bbox 1071 1179 1205 1231; x_wconf 92' lang='lat' dir='ltr'><strong>opus</strong></span> <span class='ocrx_word' id='word_1_69' title='bbox 1248 1174 1386 1226; x_wconf 88' lang='lat' dir='ltr'><strong>erat,</strong></span> <span class='ocrx_word' id='word_1_70' title='bbox 1433 1165 1698 1226; x_wconf 86' lang='lat' dir='ltr'><strong>hortatur,</strong></span> <span class='ocrx_word' id='word_1_71' title='bbox 1753 1172 1808 1217; x_wconf 89' lang='lat' dir='ltr'><strong>et</strong></span> <span class='ocrx_word' id='word_1_72' title='bbox 1867 1164 2151 1216; x_wconf 87' lang='lat' dir='ltr'><strong>alacriores</strong></span> 
     </span>
    </p>
   </div>
   <div class='ocr_carea' id='block_1_13' title="bbox 607 1252 2151 1323">
    <p class='ocr_par' dir='ltr' id='par_1_13' title="bbox 607 1252 2151 1323">
     <span class='ocr_line' id='line_1_13' title="bbox 607 1252 2151 1323; baseline -0.001 -18"><span class='ocrx_word' id='word_1_73' title='bbox 607 1252 769 1306; x_wconf 68' lang='lat' dir='ltr'><strong>efﬁcit</strong></span> <span class='ocrx_word' id='word_1_74' title='bbox 794 1254 858 1306; x_wconf 87' lang='lat' dir='ltr'><strong>ad</strong></span> <span class='ocrx_word' id='word_1_75' title='bbox 886 1255 1157 1307; x_wconf 91' lang='lat' dir='ltr'><strong>adeundas</strong></span> <span class='ocrx_word' id='word_1_76' title='bbox 1186 1265 1497 1307; x_wconf 85' lang='lat' dir='ltr'><strong>venatorum</strong></span> <span class='ocrx_word' id='word_1_77' title='bbox 1525 1268 1671 1307; x_wconf 87' lang='lat' dir='ltr'><strong>more</strong></span> <span class='ocrx_word' id='word_1_78' title='bbox 1696 1263 1904 1323; x_wconf 77' lang='lat' dir='ltr'><strong>gentes,</strong></span> <span class='ocrx_word' id='word_1_79' title='bbox 1941 1264 1992 1307; x_wconf 92' lang='lat' dir='ltr'><strong>et</strong></span> <span class='ocrx_word' id='word_1_80' title='bbox 2020 1254 2151 1306; x_wconf 88' lang='lat' dir='ltr'><strong>uni-</strong></span> 
     </span>
    </p>
   </div>
   <div class='ocr_carea' id='block_1_14' title="bbox 606 1343 2147 1415">
    <p class='ocr_par' dir='ltr' id='par_1_14' title="bbox 606 1343 2147 1415">
     <span class='ocr_line' id='line_1_14' title="bbox 606 1343 2147 1415; baseline 0.001 -20"><span class='ocrx_word' id='word_1_81' title='bbox 606 1360 817 1398; x_wconf 87' lang='lat' dir='ltr'><strong>versum</strong></span> <span class='ocrx_word' id='word_1_82' title='bbox 858 1347 1129 1399; x_wconf 89' lang='lat' dir='ltr'><strong>hominum</strong></span> <span class='ocrx_word' id='word_1_83' title='bbox 1166 1362 1329 1415; x_wconf 75' lang='lat' dir='ltr'><strong>genus</strong></span> <span class='ocrx_word' id='word_1_84' title='bbox 1364 1343 1735 1407; x_wconf 90' lang='lat' dir='ltr'><strong>erudiendum,</strong></span> <span class='ocrx_word' id='word_1_85' title='bbox 1792 1344 1970 1396; x_wconf 89' lang='lat' dir='ltr'><strong>addita</strong></span> <span class='ocrx_word' id='word_1_86' title='bbox 2027 1359 2147 1412; x_wconf 82' lang='lat' dir='ltr'><strong>pro—</strong></span> 
     </span>
    </p>
   </div>
   <div class='ocr_carea' id='block_1_15' title="bbox 606 1433 2152 1501">
    <p class='ocr_par' dir='ltr' id='par_1_15' title="bbox 606 1433 2152 1501">
     <span class='ocr_line' id='line_1_15' title="bbox 606 1433 2152 1501; baseline 0.001 -18"><span class='ocrx_word' id='word_1_87' title='bbox 606 1433 896 1486; x_wconf 84' lang='lat' dir='ltr'><strong>missione;</strong></span> <span class='ocrx_word' id='word_1_88' title='bbox 932 1433 1065 1485; x_wconf 86' lang='lat' dir='ltr'><strong>Ecce</strong></span> <span class='ocrx_word' id='word_1_89' title='bbox 1100 1450 1186 1501; x_wconf 85' lang='lat' dir='ltr'><strong>ego</strong></span> <span class='ocrx_word' id='word_1_90' title='bbox 1213 1434 1469 1485; x_wconf 80' lang='lat' dir='ltr'><strong>vobiscum</strong></span> <span class='ocrx_word' id='word_1_91' title='bbox 1496 1449 1643 1496; x_wconf 70' lang='lat' dir='ltr'><strong>sum;</strong></span> <span class='ocrx_word' id='word_1_92' title='bbox 1699 1435 1993 1486; x_wconf 86' lang='lat' dir='ltr'><strong>secundum</strong></span> <span class='ocrx_word' id='word_1_93' title='bbox 2030 1448 2152 1485; x_wconf 85' lang='lat' dir='ltr'><strong>vero</strong></span> 
     </span>
    </p>
   </div>
   <div class='ocr_carea' id='block_1_16' title="bbox 607 1521 2153 1592">
    <p class='ocr_par' dir='ltr' id='par_1_16' title="bbox 607 1521 2153 1592">
     <span class='ocr_line' id='line_1_16' title="bbox 607 1521 2153 1592; baseline 0.003 -19"><span class='ocrx_word' id='word_1_94' title='bbox 607 1521 827 1583; x_wconf 84' lang='lat' dir='ltr'><strong>Lucam,</strong></span> <span class='ocrx_word' id='word_1_95' title='bbox 852 1523 1109 1591; x_wconf 85' lang='lat' dir='ltr'><strong>Spiritum</strong></span> <span class='ocrx_word' id='word_1_96' title='bbox 1141 1526 1425 1592; x_wconf 83' lang='lat' dir='ltr'><strong>spondens.</strong></span> <span class='ocrx_word' id='word_1_97' title='bbox 1477 1524 1597 1579; x_wconf 70' lang='lat' dir='ltr'><strong>Haec</strong></span> <span class='ocrx_word' id='word_1_98' title='bbox 1634 1538 1808 1578; x_wconf 89' lang='lat' dir='ltr'><strong>autem</strong></span> <span class='ocrx_word' id='word_1_99' title='bbox 1846 1524 2153 1591; x_wconf 89' lang='lat' dir='ltr'><strong>promissio-</strong></span> 
     </span>
    </p>
   </div>
   <div class='ocr_carea' id='block_1_17' title="bbox 608 1612 2153 1680">
    <p class='ocr_par' dir='ltr' id='par_1_17' title="bbox 608 1612 2153 1680">
     <span class='ocr_line' id='line_1_17' title="bbox 608 1612 2153 1680; baseline 0.003 -19"><span class='ocrx_word' id='word_1_100' title='bbox 608 1612 693 1663; x_wconf 86' lang='lat' dir='ltr'><strong>nis</strong></span> <span class='ocrx_word' id='word_1_101' title='bbox 744 1612 905 1663; x_wconf 90' lang='lat' dir='ltr'><strong>verba</strong></span> <span class='ocrx_word' id='word_1_102' title='bbox 964 1614 1131 1680; x_wconf 88' lang='lat' dir='ltr'><strong>reipsa</strong></span> <span class='ocrx_word' id='word_1_103' title='bbox 1178 1612 1516 1665; x_wconf 85' lang='lat' dir='ltr'><strong>cumulavit:</strong></span> <span class='ocrx_word' id='word_1_104' title='bbox 1570 1629 1689 1666; x_wconf 91' lang='lat' dir='ltr'><strong>nam</strong></span> <span class='ocrx_word' id='word_1_105' title='bbox 1740 1614 1918 1666; x_wconf 85' lang='lat' dir='ltr'><strong>divina</strong></span> <span class='ocrx_word' id='word_1_106' title='bbox 1956 1613 2153 1666; x_wconf 85' lang='lat' dir='ltr'><strong>virtute</strong></span> 
     </span>
    </p>
   </div>
   <div class='ocr_carea' id='block_1_18' title="bbox 609 1702 2152 1771">
    <p class='ocr_par' dir='ltr' id='par_1_18' title="bbox 609 1702 2152 1771">
     <span class='ocr_line' id='line_1_18' title="bbox 609 1702 2152 1771; baseline 0.005 -21"><span class='ocrx_word' id='word_1_107' title='bbox 609 1702 801 1767; x_wconf 83' lang='lat' dir='ltr'><strong>cuique</strong></span> <span class='ocrx_word' id='word_1_108' title='bbox 853 1712 1060 1764; x_wconf 80' lang='lat' dir='ltr'><strong>astans,</strong></span> <span class='ocrx_word' id='word_1_109' title='bbox 1116 1703 1381 1770; x_wconf 88' lang='lat' dir='ltr'><strong>inspirans</strong></span> <span class='ocrx_word' id='word_1_110' title='bbox 1422 1704 1583 1757; x_wconf 90' lang='lat' dir='ltr'><strong>simul</strong></span> <span class='ocrx_word' id='word_1_111' title='bbox 1620 1713 1675 1758; x_wconf 88' lang='lat' dir='ltr'><strong>et</strong></span> <span class='ocrx_word' id='word_1_112' title='bbox 1708 1720 2019 1771; x_wconf 88' lang='lat' dir='ltr'><strong>cooperans,</strong></span> <span class='ocrx_word' id='word_1_113' title='bbox 2062 1718 2152 1757; x_wconf 89' lang='lat' dir='ltr'><strong>ne-</strong></span> 
     </span>
    </p>
   </div>
   <div class='ocr_carea' id='block_1_19' title="bbox 609 1792 2149 1861">
    <p class='ocr_par' dir='ltr' id='par_1_19' title="bbox 609 1792 2149 1861">
     <span class='ocr_line' id='line_1_19' title="bbox 609 1792 2149 1861; baseline 0.002 -19"><span class='ocrx_word' id='word_1_114' title='bbox 609 1793 735 1858; x_wconf 77' lang='lat' dir='ltr'><strong>gotii</strong></span> <span class='ocrx_word' id='word_1_115' title='bbox 772 1806 1075 1845; x_wconf 86' lang='lat' dir='ltr'><strong>successum</strong></span> <span class='ocrx_word' id='word_1_116' title='bbox 1104 1793 1463 1857; x_wconf 81' lang='lat' dir='ltr'><strong>conﬁrmavit,</strong></span> <span class='ocrx_word' id='word_1_117' title='bbox 1481 1808 1677 1861; x_wconf 85' lang='lat' dir='ltr'><strong>eosque</strong></span> <span class='ocrx_word' id='word_1_118' title='bbox 1707 1794 1989 1861; x_wconf 81' lang='lat' dir='ltr'><strong>magistrcs</strong></span> <span class='ocrx_word' id='word_1_119' title='bbox 2015 1792 2149 1861; x_wconf 92' lang='lat' dir='ltr'><strong>apud</strong></span> 
     </span>
    </p>
   </div>
   <div class='ocr_carea' id='block_1_20' title="bbox 608 1884 2039 1952">
    <p class='ocr_par' dir='ltr' id='par_1_20' title="bbox 608 1884 2039 1952">
     <span class='ocr_line' id='line_1_20' title="bbox 608 1884 2039 1952; baseline 0.001 -19"><span class='ocrx_word' id='word_1_120' title='bbox 608 1897 791 1935; x_wconf 88' lang='lat' dir='ltr'><strong>omnes</strong></span> <span class='ocrx_word' id='word_1_121' title='bbox 833 1894 1017 1949; x_wconf 77' lang='lat' dir='ltr'><strong>gentes</strong></span> <span class='ocrx_word' id='word_1_122' title='bbox 1050 1886 1257 1938; x_wconf 63' lang='lat' dir='ltr'><strong>tradita;</strong></span> <span class='ocrx_word' id='word_1_123' title='bbox 1287 1900 1314 1937; x_wconf 89' lang='lat' dir='ltr'><strong>a</strong></span> <span class='ocrx_word' id='word_1_124' title='bbox 1361 1899 1419 1939; x_wconf 90' lang='lat' dir='ltr'><strong>se</strong></span> <span class='ocrx_word' id='word_1_125' title='bbox 1457 1885 1723 1952; x_wconf 81' lang='lat' dir='ltr'><strong>religionis</strong></span> <span class='ocrx_word' id='word_1_126' title='bbox 1748 1884 2039 1937; x_wconf 81' lang='lat' dir='ltr'><strong>constituit.</strong></span> 
     </span>
    </p>
   </div>
   <div class='ocr_carea' id='block_1_21' title="bbox 2251 622 3813 693">
    <p class='ocr_par' dir='ltr' id='par_1_21' title="bbox 2251 622 3813 693">
     <span class='ocr_line' id='line_1_21' title="bbox 2251 622 3813 693; baseline -0.001 -17"><span class='ocrx_word' id='word_1_127' title='bbox 2251 626 2474 693; x_wconf 78' lang='grc' dir='ltr'><strong>πλάνης,</strong></span> <span class='ocrx_word' id='word_1_128' title='bbox 2518 625 2790 693; x_wconf 85' lang='grc' dir='ltr'>μιάσμασί</span> <span class='ocrx_word' id='word_1_129' title='bbox 2827 642 2885 677; x_wconf 89' lang='grc' dir='ltr'><strong>τε</strong></span> <span class='ocrx_word' id='word_1_130' title='bbox 2922 623 3194 685; x_wconf 81' lang='grc' dir='ltr'>παντοίοις</span> <span class='ocrx_word' id='word_1_131' title='bbox 3233 623 3641 693; x_wconf 77' lang='grc' dir='ltr'>ἐνισχημένους,</span> <span class='ocrx_word' id='word_1_132' title='bbox 3688 622 3813 692; x_wconf 81' lang='grc' dir='ltr'>ἀρτι</span> 
     </span>
    </p>
   </div>
   <div class='ocr_carea' id='block_1_22' title="bbox 2248 710 3813 790">
    <p class='ocr_par' dir='ltr' id='par_1_22' title="bbox 2248 710 3813 790">
     <span class='ocr_line' id='line_1_22' title="bbox 2248 710 3813 790; baseline -0.002 -25"><span class='ocrx_word' id='word_1_133' title='bbox 2248 731 2307 765; x_wconf 89' lang='grc' dir='ltr'><strong>τε</strong></span> <span class='ocrx_word' id='word_1_134' title='bbox 2336 715 2545 783; x_wconf 86' lang='grc' dir='ltr'>πρῶτον</span> <span class='ocrx_word' id='word_1_135' title='bbox 2569 714 2624 779; x_wconf 84' lang='grc' dir='ltr'><strong>ἐξ</strong></span> <span class='ocrx_word' id='word_1_136' title='bbox 2648 715 2943 767; x_wconf 81' lang='grc' dir='ltr'>ἀκολάστου</span> <span class='ocrx_word' id='word_1_137' title='bbox 2976 713 3076 790; x_wconf 54' lang='grc' dir='ltr'><strong>καλἶ</strong></span> <span class='ocrx_word' id='word_1_138' title='bbox 3093 712 3406 782; x_wconf 81' lang='grc' dir='ltr'>παρανόμου</span> <span class='ocrx_word' id='word_1_139' title='bbox 3440 710 3555 780; x_wconf 82' lang='grc' dir='ltr'>βίου</span> <span class='ocrx_word' id='word_1_140' title='bbox 3584 711 3813 780; x_wconf 77' lang='grc' dir='ltr'>μεταϐε-</span> 
     </span>
    </p>
   </div>
   <div class='ocr_carea' id='block_1_23' title="bbox 2250 802 3816 873">
    <p class='ocr_par' dir='ltr' id='par_1_23' title="bbox 2250 802 3816 873">
     <span class='ocr_line' id='line_1_23' title="bbox 2250 802 3816 873; baseline -0.001 -18"><span class='ocrx_word' id='word_1_141' title='bbox 2250 804 2563 873; x_wconf 73' lang='grc' dir='ltr'>ϐλημένους.</span> <span class='ocrx_word' id='word_1_142' title='bbox 2600 805 2830 866; x_wconf 80' lang='grc' dir='ltr'>Τούτους</span> <span class='ocrx_word' id='word_1_143' title='bbox 2856 806 2909 857; x_wconf 83' lang='grc' dir='ltr'>δὲ</span> <span class='ocrx_word' id='word_1_144' title='bbox 2942 805 3033 857; x_wconf 72' lang='grc' dir='ltr'><strong>καὶ</strong></span> <span class='ocrx_word' id='word_1_145' title='bbox 3073 803 3340 855; x_wconf 79' lang='grc' dir='ltr'><strong>διδάσκειν</strong></span> <span class='ocrx_word' id='word_1_146' title='bbox 3376 802 3632 873; x_wconf 85' lang='grc' dir='ltr'>παραινεί</span> <span class='ocrx_word' id='word_1_147' title='bbox 3677 802 3816 871; x_wconf 82' lang='grc' dir='ltr'><strong>μετά</strong></span> 
     </span>
    </p>
   </div>
   <div class='ocr_carea' id='block_1_24' title="bbox 2248 892 3818 963">
    <p class='ocr_par' dir='ltr' id='par_1_24' title="bbox 2248 892 3818 963">
     <span class='ocr_line' id='line_1_24' title="bbox 2248 892 3818 963; baseline -0.001 -18"><span class='ocrx_word' id='word_1_148' title='bbox 2248 894 2345 963; x_wconf 83' lang='grc' dir='ltr'>τὴν</span> <span class='ocrx_word' id='word_1_149' title='bbox 2369 894 2737 962; x_wconf 81' lang='grc' dir='ltr'>ἀποκάθαρσιν</span> <span class='ocrx_word' id='word_1_150' title='bbox 2778 895 2875 963; x_wconf 79' lang='grc' dir='ltr'>τὴν</span> <span class='ocrx_word' id='word_1_151' title='bbox 2906 893 2993 947; x_wconf 76' lang='grc' dir='ltr'>διὰ</span> <span class='ocrx_word' id='word_1_152' title='bbox 3031 894 3128 963; x_wconf 83' lang='grc' dir='ltr'>τῆς</span> <span class='ocrx_word' id='word_1_153' title='bbox 3161 893 3323 946; x_wconf 81' lang='grc' dir='ltr'>αὐτοῦ</span> <span class='ocrx_word' id='word_1_154' title='bbox 3362 895 3627 963; x_wconf 74' lang='grc' dir='ltr'>μυστικῆς</span> <span class='ocrx_word' id='word_1_155' title='bbox 3670 892 3818 945; x_wconf 82' lang='grc' dir='ltr'>διδα-</span> 
     </span>
    </p>
   </div>
   <div class='ocr_carea' id='block_1_25' title="bbox 2252 982 3819 1055">
    <p class='ocr_par' dir='ltr' id='par_1_25' title="bbox 2252 982 3819 1055">
     <span class='ocr_line' id='line_1_25' title="bbox 2252 982 3819 1055; baseline -0.001 -18"><span class='ocrx_word' id='word_1_156' title='bbox 2252 986 2494 1049; x_wconf 86' lang='grc' dir='ltr'>σκαλίας,</span> <span class='ocrx_word' id='word_1_157' title='bbox 2516 986 2574 1036; x_wconf 83' lang='grc' dir='ltr'><strong>οὐ</strong></span> <span class='ocrx_word' id='word_1_158' title='bbox 2597 986 2665 1037; x_wconf 88' lang='grc' dir='ltr'>τὰ</span> <span class='ocrx_word' id='word_1_159' title='bbox 2694 986 2953 1037; x_wconf 79' lang='grc' dir='ltr'>Ἰουδαϊκὰ</span> <span class='ocrx_word' id='word_1_160' title='bbox 2969 984 3415 1055; x_wconf 87' lang='grc' dir='ltr'>παραγγέλματα,</span> <span class='ocrx_word' id='word_1_161' title='bbox 3433 984 3553 1036; x_wconf 82' lang='grc' dir='ltr'>οὐδὲ</span> <span class='ocrx_word' id='word_1_162' title='bbox 3570 982 3639 1036; x_wconf 84' lang='grc' dir='ltr'>τὰ</span> <span class='ocrx_word' id='word_1_163' title='bbox 3666 982 3819 1054; x_wconf 83' lang='grc' dir='ltr'><strong>παρά</strong></span> 
     </span>
    </p>
   </div>
   <div class='ocr_carea' id='block_1_26' title="bbox 2249 1074 3819 1143">
    <p class='ocr_par' dir='ltr' id='par_1_26' title="bbox 2249 1074 3819 1143">
     <span class='ocr_line' id='line_1_26' title="bbox 2249 1074 3819 1143; baseline 0 -16"><span class='ocrx_word' id='word_1_164' title='bbox 2249 1076 2470 1127; x_wconf 80' lang='grc' dir='ltr'>Μωῦσεῖ</span> <span class='ocrx_word' id='word_1_165' title='bbox 2508 1074 2732 1143; x_wconf 90' lang='grc' dir='ltr'>νόμιμα,</span> <span class='ocrx_word' id='word_1_166' title='bbox 2764 1075 2876 1127; x_wconf 78' lang='grc' dir='ltr'>ἀλλ’</span> <span class='ocrx_word' id='word_1_167' title='bbox 2913 1078 3011 1128; x_wconf 82' lang='grc' dir='ltr'>ὅσα</span> <span class='ocrx_word' id='word_1_168' title='bbox 3045 1076 3228 1137; x_wconf 83' lang='grc' dir='ltr'>αὐτοῖς</span> <span class='ocrx_word' id='word_1_169' title='bbox 3269 1074 3570 1127; x_wconf 83' lang='grc' dir='ltr'>ἐνετείλατο</span> <span class='ocrx_word' id='word_1_170' title='bbox 3611 1074 3819 1141; x_wconf 82' lang='grc' dir='ltr'>φυλάτ-</span> 
     </span>
    </p>
   </div>
   <div class='ocr_carea' id='block_1_27' title="bbox 2249 1161 3819 1235">
    <p class='ocr_par' dir='ltr' id='par_1_27' title="bbox 2249 1161 3819 1235">
     <span class='ocr_line' id='line_1_27' title="bbox 2249 1161 3819 1235; baseline -0.001 -19"><span class='ocrx_word' id='word_1_171' title='bbox 2249 1181 2379 1216; x_wconf 88' lang='grc' dir='ltr'>τειν.</span> <span class='ocrx_word' id='word_1_172' title='bbox 2417 1163 2597 1216; x_wconf 86' lang='grc' dir='ltr'>Ταῦτα</span> <span class='ocrx_word' id='word_1_173' title='bbox 2624 1164 2668 1215; x_wconf 84' lang='grc' dir='ltr'>δ’</span> <span class='ocrx_word' id='word_1_174' title='bbox 2700 1161 2767 1233; x_wconf 77' lang='grc' dir='ltr'>ἦν</span> <span class='ocrx_word' id='word_1_175' title='bbox 2799 1166 2834 1217; x_wconf 80' lang='grc' dir='ltr'><strong>ἃ</strong></span> <span class='ocrx_word' id='word_1_176' title='bbox 2875 1166 2939 1235; x_wconf 85' lang='grc' dir='ltr'>δὴ</span> <span class='ocrx_word' id='word_1_177' title='bbox 2983 1164 3284 1235; x_wconf 82' lang='grc' dir='ltr'>συμφώνως</span> <span class='ocrx_word' id='word_1_178' title='bbox 3313 1167 3361 1216; x_wconf 84' lang='grc' dir='ltr'><strong>οἰ</strong></span> <span class='ocrx_word' id='word_1_179' title='bbox 3406 1165 3611 1227; x_wconf 84' lang='grc' dir='ltr'>πάντες</span> <span class='ocrx_word' id='word_1_180' title='bbox 3653 1167 3819 1216; x_wconf 85' lang='grc' dir='ltr'>ἐκπε-</span> 
     </span>
    </p>
   </div>
   <div class='ocr_carea' id='block_1_28' title="bbox 2254 1252 3817 1325">
    <p class='ocr_par' dir='ltr' id='par_1_28' title="bbox 2254 1252 3817 1325">
     <span class='ocr_line' id='line_1_28' title="bbox 2254 1252 3817 1325; baseline 0.003 -22"><span class='ocrx_word' id='word_1_181' title='bbox 2254 1252 2548 1321; x_wconf 85' lang='grc' dir='ltr'>ριελθόντες</span> <span class='ocrx_word' id='word_1_182' title='bbox 2590 1253 2765 1305; x_wconf 88' lang='grc' dir='ltr'>πάντα</span> <span class='ocrx_word' id='word_1_183' title='bbox 2798 1254 2865 1307; x_wconf 84' lang='grc' dir='ltr'><strong>τά</strong></span> <span class='ocrx_word' id='word_1_184' title='bbox 2908 1255 3031 1325; x_wconf 72' lang='grc' dir='ltr'>ἔθνη</span> <span class='ocrx_word' id='word_1_185' title='bbox 3086 1253 3496 1324; x_wconf 80' lang='grc' dir='ltr'>παραδεδώκασι</span> <span class='ocrx_word' id='word_1_186' title='bbox 3527 1258 3652 1316; x_wconf 85' lang='grc' dir='ltr'>ταῖς</span> <span class='ocrx_word' id='word_1_187' title='bbox 3693 1255 3817 1307; x_wconf 84' lang='grc' dir='ltr'>καθ’</span> 
     </span>
    </p>
   </div>
   <div class='ocr_carea' id='block_1_29' title="bbox 2249 1343 3821 1414">
    <p class='ocr_par' dir='ltr' id='par_1_29' title="bbox 2249 1343 3821 1414">
     <span class='ocr_line' id='line_1_29' title="bbox 2249 1343 3821 1414; baseline 0.001 -19"><span class='ocrx_word' id='word_1_188' title='bbox 2249 1343 2376 1411; x_wconf 80' lang='grc' dir='ltr'>ὅλης</span> <span class='ocrx_word' id='word_1_189' title='bbox 2403 1344 2500 1411; x_wconf 81' lang='grc' dir='ltr'>τῆς</span> <span class='ocrx_word' id='word_1_190' title='bbox 2533 1345 3226 1414; x_wconf 77' lang='grc' dir='ltr'>οἰκουμένηςἘκκλησίαις.</span> <span class='ocrx_word' id='word_1_191' title='bbox 3265 1345 3600 1412; x_wconf 85' lang='grc' dir='ltr'>Ἀναγκαίως</span> <span class='ocrx_word' id='word_1_192' title='bbox 3635 1344 3694 1397; x_wconf 82' lang='grc' dir='ltr'>δὲ</span> <span class='ocrx_word' id='word_1_193' title='bbox 3723 1346 3821 1397; x_wconf 81' lang='grc' dir='ltr'>αύ-</span> 
     </span>
    </p>
   </div>
   <div class='ocr_carea' id='block_1_30' title="bbox 2250 1431 3819 1506">
    <p class='ocr_par' dir='ltr' id='par_1_30' title="bbox 2250 1431 3819 1506">
     <span class='ocr_line' id='line_1_30' title="bbox 2250 1431 3819 1506; baseline -0.001 -21"><span class='ocrx_word' id='word_1_194' title='bbox 2250 1435 2376 1495; x_wconf 79' lang='grc' dir='ltr'>τοὺς</span> <span class='ocrx_word' id='word_1_195' title='bbox 2398 1433 2711 1504; x_wconf 78' lang='grc' dir='ltr'>προτρέπει,</span> <span class='ocrx_word' id='word_1_196' title='bbox 2746 1435 2836 1485; x_wconf 81' lang='grc' dir='ltr'><strong>καὶ</strong></span> <span class='ocrx_word' id='word_1_197' title='bbox 2864 1436 3297 1506; x_wconf 81' lang='grc' dir='ltr'>προθυμοτέρους</span> <span class='ocrx_word' id='word_1_198' title='bbox 3321 1431 3696 1503; x_wconf 75' lang='grc' dir='ltr'>ἀπεργάζεται</span> <span class='ocrx_word' id='word_1_199' title='bbox 3726 1434 3819 1484; x_wconf 71' lang='grc' dir='ltr'><strong>ἐπὶ</strong></span> 
     </span>
    </p>
   </div>
   <div class='ocr_carea' id='block_1_31' title="bbox 2249 1524 3821 1595">
    <p class='ocr_par' dir='ltr' id='par_1_31' title="bbox 2249 1524 3821 1595">
     <span class='ocr_line' id='line_1_31' title="bbox 2249 1524 3821 1595; baseline 0 -20"><span class='ocrx_word' id='word_1_200' title='bbox 2249 1524 2309 1575; x_wconf 85' lang='grc' dir='ltr'><strong>τὸ</strong></span> <span class='ocrx_word' id='word_1_201' title='bbox 2332 1524 2590 1595; x_wconf 83' lang='grc' dir='ltr'>θηρεῦσαι</span> <span class='ocrx_word' id='word_1_202' title='bbox 2620 1525 2918 1595; x_wconf 79' lang='grc' dir='ltr'>περιελθεῖν</span> <span class='ocrx_word' id='word_1_203' title='bbox 2956 1542 3015 1577; x_wconf 89' lang='grc' dir='ltr'><strong>τε</strong></span> <span class='ocrx_word' id='word_1_204' title='bbox 3040 1527 3216 1578; x_wconf 86' lang='grc' dir='ltr'>πάντα</span> <span class='ocrx_word' id='word_1_205' title='bbox 3241 1526 3307 1577; x_wconf 81' lang='grc' dir='ltr'>τὰ</span> <span class='ocrx_word' id='word_1_206' title='bbox 3329 1525 3475 1593; x_wconf 77' lang='grc' dir='ltr'>ἔθνη,</span> <span class='ocrx_word' id='word_1_207' title='bbox 3508 1526 3603 1577; x_wconf 67' lang='grc' dir='ltr'>καὶ</span> <span class='ocrx_word' id='word_1_208' title='bbox 3644 1524 3821 1595; x_wconf 82' lang='grc' dir='ltr'>μαθη-</span> 
     </span>
    </p>
   </div>
   <div class='ocr_carea' id='block_1_32' title="bbox 2248 1610 3819 1684">
    <p class='ocr_par' dir='ltr' id='par_1_32' title="bbox 2248 1610 3819 1684">
     <span class='ocr_line' id='line_1_32' title="bbox 2248 1610 3819 1684; baseline 0.001 -20"><span class='ocrx_word' id='word_1_209' title='bbox 2248 1613 2437 1667; x_wconf 79' lang='grc' dir='ltr'>τεῦσαι</span> <span class='ocrx_word' id='word_1_210' title='bbox 2476 1616 2581 1666; x_wconf 75' lang='grc' dir='ltr'><strong>πᾶν</strong></span> <span class='ocrx_word' id='word_1_211' title='bbox 2618 1616 2769 1680; x_wconf 88' lang='grc' dir='ltr'>γένος</span> <span class='ocrx_word' id='word_1_212' title='bbox 2802 1614 3119 1683; x_wconf 86' lang='grc' dir='ltr'>ἀνθρώπων,</span> <span class='ocrx_word' id='word_1_213' title='bbox 3149 1614 3213 1666; x_wconf 81' lang='grc' dir='ltr'>δι’</span> <span class='ocrx_word' id='word_1_214' title='bbox 3242 1610 3310 1684; x_wconf 87' lang='grc' dir='ltr'>ἦς</span> <span class='ocrx_word' id='word_1_215' title='bbox 3338 1614 3631 1683; x_wconf 82' lang='grc' dir='ltr'>πεποίηται</span> <span class='ocrx_word' id='word_1_216' title='bbox 3680 1615 3819 1684; x_wconf 81' lang='grc' dir='ltr'>πρὸς</span> 
     </span>
    </p>
   </div>
   <div class='ocr_carea' id='block_1_33' title="bbox 2250 1704 3819 1783">
    <p class='ocr_par' dir='ltr' id='par_1_33' title="bbox 2250 1704 3819 1783">
     <span class='ocr_line' id='line_1_33' title="bbox 2250 1704 3819 1783; baseline 0.002 -28"><span class='ocrx_word' id='word_1_217' title='bbox 2250 1705 2445 1766; x_wconf 79' lang='grc' dir='ltr'>αὐτους</span> <span class='ocrx_word' id='word_1_218' title='bbox 2485 1705 2824 1783; x_wconf 74' lang='grc' dir='ltr'>ὑποσχέσεως</span> <span class='ocrx_word' id='word_1_219' title='bbox 2866 1704 3060 1756; x_wconf 86' lang='grc' dir='ltr'>εἰπών·</span> <span class='ocrx_word' id='word_1_220' title='bbox 3111 1705 3219 1759; x_wconf 76' lang='grc' dir='ltr'><strong>Καὶ</strong></span> <span class='ocrx_word' id='word_1_221' title='bbox 3252 1705 3378 1758; x_wconf 75' lang='grc' dir='ltr'>ἰδοὺ</span> <span class='ocrx_word' id='word_1_222' title='bbox 3404 1705 3515 1773; x_wconf 72' lang='grc' dir='ltr'>ἐγώ</span> <span class='ocrx_word' id='word_1_223' title='bbox 3544 1707 3663 1772; x_wconf 83' lang='grc' dir='ltr'>εἰμι</span> <span class='ocrx_word' id='word_1_224' title='bbox 3687 1706 3819 1772; x_wconf 75' lang='grc' dir='ltr'>μεθ’</span> 
     </span>
    </p>
   </div>
   <div class='ocr_carea' id='block_1_34' title="bbox 2250 1792 3817 1863">
    <p class='ocr_par' dir='ltr' id='par_1_34' title="bbox 2250 1792 3817 1863">
     <span class='ocr_line' id='line_1_34' title="bbox 2250 1792 3817 1863; baseline 0 -18"><span class='ocrx_word' id='word_1_225' title='bbox 2250 1792 2407 1860; x_wconf 66' lang='grc' dir='ltr'>ὑμῶν</span> <span class='ocrx_word' id='word_1_226' title='bbox 2431 1811 2441 1821; x_wconf 95' lang='grc'><strong>·</strong></span> <span class='ocrx_word' id='word_1_227' title='bbox 2478 1794 2617 1845; x_wconf 83' lang='grc' dir='ltr'>κατὰ</span> <span class='ocrx_word' id='word_1_228' title='bbox 2643 1795 2697 1845; x_wconf 88' lang='grc' dir='ltr'><strong>δέ</strong></span> <span class='ocrx_word' id='word_1_229' title='bbox 2729 1797 2957 1857; x_wconf 85' lang='grc' dir='ltr'>Δουκᾶν,</span> <span class='ocrx_word' id='word_1_230' title='bbox 2988 1795 3048 1846; x_wconf 83' lang='grc' dir='ltr'><strong>τὸ</strong></span> <span class='ocrx_word' id='word_1_231' title='bbox 3081 1795 3301 1863; x_wconf 75' lang='grc' dir='ltr'>Πνεῦμα</span> <span class='ocrx_word' id='word_1_232' title='bbox 3329 1795 3817 1863; x_wconf 80' lang='grc' dir='ltr'>ἐπαγγειλάμενος.</span> 
     </span>
    </p>
   </div>
   <div class='ocr_carea' id='block_1_35' title="bbox 2179 1866 3815 1955">
    <p class='ocr_par' dir='ltr' id='par_1_35' title="bbox 2179 1866 3815 1955">
     <span class='ocr_line' id='line_1_35' title="bbox 2179 1866 3815 1955; baseline 0.002 -22"><span class='ocrx_word' id='word_1_233' title='bbox 2179 1866 2221 1919; x_wconf 81' lang='grc' dir='ltr'>Β</span> <span class='ocrx_word' id='word_1_234' title='bbox 2250 1882 2434 1951; x_wconf 82' lang='grc' dir='ltr'>Τούτῳ</span> <span class='ocrx_word' id='word_1_235' title='bbox 2455 1882 2509 1935; x_wconf 85' lang='grc' dir='ltr'>δὲ</span> <span class='ocrx_word' id='word_1_236' title='bbox 2531 1883 2605 1952; x_wconf 85' lang='grc' dir='ltr'>τῷ</span> <span class='ocrx_word' id='word_1_237' title='bbox 2620 1884 2716 1953; x_wconf 85' lang='grc' dir='ltr'>τῆς</span> <span class='ocrx_word' id='word_1_238' title='bbox 2738 1884 3060 1951; x_wconf 81' lang='grc' dir='ltr'>ἐπαγγελίας</span> <span class='ocrx_word' id='word_1_239' title='bbox 3079 1886 3219 1955; x_wconf 85' lang='grc' dir='ltr'>λόγῳ</span> <span class='ocrx_word' id='word_1_240' title='bbox 3236 1885 3391 1953; x_wconf 69' lang='grc' dir='ltr'>ἔργον</span> <span class='ocrx_word' id='word_1_241' title='bbox 3411 1886 3639 1949; x_wconf 73' lang='grc' dir='ltr'>ἐπιθεὶς,</span> <span class='ocrx_word' id='word_1_242' title='bbox 3659 1886 3815 1955; x_wconf 79' lang='grc' dir='ltr'>θεῖκῇ</span> 
     </span>
    </p>
   </div>
   <div class='ocr_carea' id='block_1_36' title="bbox 608 1973 3820 2048">
    <p class='ocr_par' dir='ltr' id='par_1_36' title="bbox 608 1973 3820 2048">
     <span class='ocr_line' id='line_1_36' title="bbox 608 1973 3820 2048; baseline 0.001 -21"><span class='ocrx_word' id='word_1_243' title='bbox 608 1991 665 2027; x_wconf 81' lang='grc' dir='ltr'><strong>τε</strong></span> <span class='ocrx_word' id='word_1_244' title='bbox 687 1973 905 2044; x_wconf 84' lang='grc' dir='ltr'>δυνάμει</span> <span class='ocrx_word' id='word_1_245' title='bbox 931 1976 1141 2046; x_wconf 82' lang='grc' dir='ltr'>ἑκάστῳ</span> <span class='ocrx_word' id='word_1_246' title='bbox 1176 1976 1365 2041; x_wconf 83' lang='grc' dir='ltr'>συνὼν,</span> <span class='ocrx_word' id='word_1_247' title='bbox 1399 1977 1683 2045; x_wconf 79' lang='grc' dir='ltr'>συμπνέων</span> <span class='ocrx_word' id='word_1_248' title='bbox 1706 1994 1761 2027; x_wconf 88' lang='grc' dir='ltr'><strong>τε</strong></span> <span class='ocrx_word' id='word_1_249' title='bbox 1786 1977 1963 2037; x_wconf 81' lang='grc' dir='ltr'>αὐτοῖς</span> <span class='ocrx_word' id='word_1_250' title='bbox 1990 1975 2080 2026; x_wconf 71' lang='grc' dir='ltr'><strong>καὶ</strong></span> <span class='ocrx_word' id='word_1_251' title='bbox 2106 1975 2397 2043; x_wconf 82' lang='grc' dir='ltr'>συνεργῶν,</span> <span class='ocrx_word' id='word_1_252' title='bbox 2439 1975 2775 2028; x_wconf 77' lang='grc' dir='ltr'>ἐπιστώσατο</span> <span class='ocrx_word' id='word_1_253' title='bbox 2802 1977 2861 2029; x_wconf 82' lang='grc' dir='ltr'><strong>τὸ</strong></span> <span class='ocrx_word' id='word_1_254' title='bbox 2887 1978 3229 2048; x_wconf 88' lang='grc' dir='ltr'>κατόρθωμα,</span> <span class='ocrx_word' id='word_1_255' title='bbox 3253 1978 3603 2041; x_wconf 84' lang='grc' dir='ltr'>διδασκάλους</span> <span class='ocrx_word' id='word_1_256' title='bbox 3628 1996 3691 2030; x_wconf 84' lang='grc' dir='ltr'><strong>τε</strong></span> <span class='ocrx_word' id='word_1_257' title='bbox 3722 1978 3820 2030; x_wconf 80' lang='grc' dir='ltr'>αύ-</span> 
     </span>
    </p>
   </div>
   <div class='ocr_carea' id='block_1_37' title="bbox 606 2064 3031 2136">
    <p class='ocr_par' dir='ltr' id='par_1_37' title="bbox 606 2064 3031 2136">
     <span class='ocr_line' id='line_1_37' title="bbox 606 2064 3031 2136; baseline 0.001 -19"><span class='ocrx_word' id='word_1_258' title='bbox 606 2065 729 2128; x_wconf 80' lang='grc' dir='ltr'>τοὺς</span> <span class='ocrx_word' id='word_1_259' title='bbox 761 2066 867 2118; x_wconf 90' lang='grc' dir='ltr'><strong>τῶν</strong></span> <span class='ocrx_word' id='word_1_260' title='bbox 890 2068 1333 2121; x_wconf 64' lang='grc' dir='ltr'>ἐθνῶννὰπάντων</span> <span class='ocrx_word' id='word_1_261' title='bbox 1374 2068 1471 2135; x_wconf 85' lang='grc' dir='ltr'>τῆς</span> <span class='ocrx_word' id='word_1_262' title='bbox 1506 2069 1593 2118; x_wconf 84' lang='grc' dir='ltr'>ὑπ’</span> <span class='ocrx_word' id='word_1_263' title='bbox 1622 2068 1781 2118; x_wconf 73' lang='grc' dir='ltr'>αὐτού</span> <span class='ocrx_word' id='word_1_264' title='bbox 1817 2066 2208 2136; x_wconf 81' lang='grc' dir='ltr'>παραδοθείσης</span> <span class='ocrx_word' id='word_1_265' title='bbox 2235 2064 2534 2128; x_wconf 77' lang='grc' dir='ltr'>θεοσεὸειας</span> <span class='ocrx_word' id='word_1_266' title='bbox 2562 2066 3031 2136; x_wconf 87' lang='grc' dir='ltr'>ἀποδεικνύμενος.</span> 
     </span>
    </p>
   </div>
   <div class='ocr_carea' id='block_1_38' title="bbox 678 2155 2154 2227">
    <p class='ocr_par' dir='ltr' id='par_1_38' title="bbox 678 2155 2154 2227">
     <span class='ocr_line' id='line_1_38' title="bbox 678 2155 2154 2227; baseline 0.001 -19"><span class='ocrx_word' id='word_1_267' title='bbox 678 2156 731 2208; x_wconf 78' lang='lat'><strong>&#39;2.</strong></span> <span class='ocrx_word' id='word_1_268' title='bbox 757 2155 865 2209; x_wconf 80' lang='lat' dir='ltr'><strong>Hac</strong></span> <span class='ocrx_word' id='word_1_269' title='bbox 890 2158 962 2210; x_wconf 91' lang='lat' dir='ltr'><strong>illi</strong></span> <span class='ocrx_word' id='word_1_270' title='bbox 984 2159 1332 2227; x_wconf 88' lang='lat' dir='ltr'><strong>promissione</strong></span> <span class='ocrx_word' id='word_1_271' title='bbox 1350 2159 1481 2221; x_wconf 79' lang='lat' dir='ltr'><strong>nixi,</strong></span> <span class='ocrx_word' id='word_1_272' title='bbox 1498 2174 1657 2225; x_wconf 92' lang='lat' dir='ltr'><strong>opere</strong></span> <span class='ocrx_word' id='word_1_273' title='bbox 1688 2160 1800 2226; x_wconf 89' lang='lat' dir='ltr'><strong>ipso</strong></span> <span class='ocrx_word' id='word_1_274' title='bbox 1832 2158 1973 2211; x_wconf 90' lang='lat' dir='ltr'><strong>illius</strong></span> <span class='ocrx_word' id='word_1_275' title='bbox 1992 2160 2154 2211; x_wconf 89' lang='lat' dir='ltr'><strong>verba</strong></span> 
     </span>
    </p>
   </div>
   <div class='ocr_carea' id='block_1_39' title="bbox 610 2248 2154 2317">
    <p class='ocr_par' dir='ltr' id='par_1_39' title="bbox 610 2248 2154 2317">
     <span class='ocr_line' id='line_1_39' title="bbox 610 2248 2154 2317; baseline -0.001 -16"><span class='ocrx_word' id='word_1_276' title='bbox 610 2248 993 2315; x_wconf 89' lang='lat' dir='ltr'><strong>complebant:</strong></span> <span class='ocrx_word' id='word_1_277' title='bbox 1036 2249 1278 2317; x_wconf 87' lang='lat' dir='ltr'><strong>protinus</strong></span> <span class='ocrx_word' id='word_1_278' title='bbox 1328 2250 1468 2301; x_wconf 91' lang='lat' dir='ltr'><strong>enim</strong></span> <span class='ocrx_word' id='word_1_279' title='bbox 1515 2248 1647 2301; x_wconf 89' lang='lat' dir='ltr'><strong>nihil</strong></span> <span class='ocrx_word' id='word_1_280' title='bbox 1687 2256 1977 2312; x_wconf 88' lang='lat' dir='ltr'><strong>morantes,</strong></span> <span class='ocrx_word' id='word_1_281' title='bbox 2012 2248 2154 2301; x_wconf 91' lang='lat' dir='ltr'><strong>omni</strong></span> 
     </span>
    </p>
   </div>
   <div class='ocr_carea' id='block_1_40' title="bbox 610 2338 2155 2408">
    <p class='ocr_par' dir='ltr' id='par_1_40' title="bbox 610 2338 2155 2408">
     <span class='ocr_line' id='line_1_40' title="bbox 610 2338 2155 2408; baseline -0.001 -18"><span class='ocrx_word' id='word_1_282' title='bbox 610 2354 729 2391; x_wconf 90' lang='lat' dir='ltr'><strong>cum</strong></span> <span class='ocrx_word' id='word_1_283' title='bbox 750 2338 1023 2392; x_wconf 86' lang='lat' dir='ltr'><strong>alacritate</strong></span> <span class='ocrx_word' id='word_1_284' title='bbox 1044 2340 1107 2391; x_wconf 91' lang='lat' dir='ltr'><strong>ad</strong></span> <span class='ocrx_word' id='word_1_285' title='bbox 1128 2340 1358 2407; x_wconf 80' lang='lat' dir='ltr'><strong>gentium</strong></span> <span class='ocrx_word' id='word_1_286' title='bbox 1384 2340 1739 2408; x_wconf 83' lang='lat' dir='ltr'><strong>magisterium</strong></span> <span class='ocrx_word' id='word_1_287' title='bbox 1761 2339 2155 2393; x_wconf 89' lang='lat' dir='ltr'><strong>discurrebant.</strong></span> 
     </span>
    </p>
   </div>
   <div class='ocr_carea' id='block_1_41' title="bbox 611 2427 2159 2499">
    <p class='ocr_par' dir='ltr' id='par_1_41' title="bbox 611 2427 2159 2499">
     <span class='ocr_line' id='line_1_41' title="bbox 611 2427 2159 2499; baseline 0.003 -19"><span class='ocrx_word' id='word_1_288' title='bbox 611 2427 744 2480; x_wconf 86' lang='lat' dir='ltr'><strong>Tum</strong></span> <span class='ocrx_word' id='word_1_289' title='bbox 774 2429 886 2495; x_wconf 89' lang='lat' dir='ltr'><strong>ipso</strong></span> <span class='ocrx_word' id='word_1_290' title='bbox 914 2431 988 2483; x_wconf 85' lang='lat' dir='ltr'><strong>rei</strong></span> <span class='ocrx_word' id='word_1_291' title='bbox 1016 2444 1206 2482; x_wconf 82' lang='lat' dir='ltr'><strong>eventu</strong></span> <span class='ocrx_word' id='word_1_292' title='bbox 1232 2433 1493 2499; x_wconf 86' lang='lat' dir='ltr'><strong>persuasi,</strong></span> <span class='ocrx_word' id='word_1_293' title='bbox 1518 2431 1791 2497; x_wconf 81' lang='lat' dir='ltr'><strong>oculisque</strong></span> <span class='ocrx_word' id='word_1_294' title='bbox 1828 2446 1948 2483; x_wconf 91' lang='lat' dir='ltr'><strong>eum</strong></span> <span class='ocrx_word' id='word_1_295' title='bbox 1978 2432 2159 2484; x_wconf 86' lang='lat' dir='ltr'><strong>viven-</strong></span> 
     </span>
    </p>
   </div>
   <div class='ocr_carea' id='block_1_42' title="bbox 612 2520 2161 2588">
    <p class='ocr_par' dir='ltr' id='par_1_42' title="bbox 612 2520 2161 2588">
     <span class='ocr_line' id='line_1_42' title="bbox 612 2520 2161 2588; baseline 0.003 -18"><span class='ocrx_word' id='word_1_296' title='bbox 612 2532 717 2573; x_wconf 83' lang='lat' dir='ltr'><strong>tem</strong></span> <span class='ocrx_word' id='word_1_297' title='bbox 746 2530 1026 2573; x_wconf 90' lang='lat' dir='ltr'><strong>cernentes</strong></span> <span class='ocrx_word' id='word_1_298' title='bbox 1050 2521 1137 2588; x_wconf 91' lang='lat' dir='ltr'><strong>qui</strong></span> <span class='ocrx_word' id='word_1_299' title='bbox 1170 2520 1326 2588; x_wconf 91' lang='lat' dir='ltr'><strong>paulo</strong></span> <span class='ocrx_word' id='word_1_300' title='bbox 1356 2531 1511 2575; x_wconf 89' lang='lat' dir='ltr'><strong>antea</strong></span> <span class='ocrx_word' id='word_1_301' title='bbox 1553 2522 1849 2576; x_wconf 77' lang='lat' dir='ltr'><strong>exstinctus</strong></span> <span class='ocrx_word' id='word_1_302' title='bbox 1882 2521 2076 2587; x_wconf 85' lang='lat' dir='ltr'><strong>fuerat,</strong></span> <span class='ocrx_word' id='word_1_303' title='bbox 2105 2530 2161 2574; x_wconf 92' lang='lat' dir='ltr'><strong>et</strong></span> 
     </span>
    </p>
   </div>
   <div class='ocr_carea' id='block_1_43' title="bbox 611 2610 2157 2679">
    <p class='ocr_par' dir='ltr' id='par_1_43' title="bbox 611 2610 2157 2679">
     <span class='ocr_line' id='line_1_43' title="bbox 611 2610 2157 2679; baseline -0.001 -18"><span class='ocrx_word' id='word_1_304' title='bbox 611 2624 769 2677; x_wconf 88' lang='lat' dir='ltr'><strong>quem</strong></span> <span class='ocrx_word' id='word_1_305' title='bbox 804 2624 923 2662; x_wconf 90' lang='lat' dir='ltr'><strong>cum</strong></span> <span class='ocrx_word' id='word_1_306' title='bbox 964 2610 1329 2676; x_wconf 83' lang='lat' dir='ltr'><strong>jurejurando,</strong></span> <span class='ocrx_word' id='word_1_307' title='bbox 1352 2621 1569 2679; x_wconf 85' lang='lat' dir='ltr'><strong>propter</strong></span> <span class='ocrx_word' id='word_1_308' title='bbox 1600 2626 1659 2664; x_wconf 93' lang='lat' dir='ltr'><strong>ea</strong></span> <span class='ocrx_word' id='word_1_309' title='bbox 1688 2624 1805 2678; x_wconf 83' lang='lat' dir='ltr'><strong>quae</strong></span> <span class='ocrx_word' id='word_1_310' title='bbox 1833 2610 2157 2674; x_wconf 88' lang='lat' dir='ltr'><strong>acciderant,</strong></span> 
     </span>
    </p>
   </div>
   <div class='ocr_carea' id='block_1_44' title="bbox 614 2699 2160 2767">
    <p class='ocr_par' dir='ltr' id='par_1_44' title="bbox 614 2699 2160 2767">
     <span class='ocr_line' id='line_1_44' title="bbox 614 2699 2160 2767; baseline 0 -17"><span class='ocrx_word' id='word_1_311' title='bbox 614 2708 937 2765; x_wconf 82' lang='lat' dir='ltr'><strong>negaverant</strong></span> <span class='ocrx_word' id='word_1_312' title='bbox 958 2714 973 2762; x_wconf 92' lang='lat'><strong>;</strong></span> <span class='ocrx_word' id='word_1_313' title='bbox 994 2700 1152 2764; x_wconf 88' lang='lat' dir='ltr'><strong>hunc,</strong></span> <span class='ocrx_word' id='word_1_314' title='bbox 1174 2699 1413 2766; x_wconf 88' lang='lat' dir='ltr'><strong>inquam,</strong></span> <span class='ocrx_word' id='word_1_315' title='bbox 1437 2708 1734 2767; x_wconf 85' lang='lat' dir='ltr'><strong>spectantes</strong></span> <span class='ocrx_word' id='word_1_316' title='bbox 1752 2699 2024 2752; x_wconf 82' lang='lat' dir='ltr'><strong>evidenter</strong></span> <span class='ocrx_word' id='word_1_317' title='bbox 2041 2713 2160 2765; x_wconf 90' lang='lat' dir='ltr'><strong>per-</strong></span> 
     </span>
    </p>
   </div>
   <div class='ocr_carea' id='block_1_45' title="bbox 615 2787 2158 2856">
    <p class='ocr_par' dir='ltr' id='par_1_45' title="bbox 615 2787 2158 2856">
     <span class='ocr_line' id='line_1_45' title="bbox 615 2787 2158 2856; baseline 0.001 -16"><span class='ocrx_word' id='word_1_318' title='bbox 615 2787 981 2853; x_wconf 91' lang='lat' dir='ltr'><strong>sonaliterque</strong></span> <span class='ocrx_word' id='word_1_319' title='bbox 1019 2798 1351 2854; x_wconf 70' lang='lat' dir='ltr'><strong>pncsentem,</strong></span> <span class='ocrx_word' id='word_1_320' title='bbox 1394 2801 1445 2843; x_wconf 90' lang='lat' dir='ltr'><strong>ct</strong></span> <span class='ocrx_word' id='word_1_321' title='bbox 1494 2805 1642 2844; x_wconf 91' lang='lat' dir='ltr'><strong>more</strong></span> <span class='ocrx_word' id='word_1_322' title='bbox 1670 2790 1830 2844; x_wconf 90' lang='lat' dir='ltr'><strong>solito</strong></span> <span class='ocrx_word' id='word_1_323' title='bbox 1883 2788 2158 2856; x_wconf 82' lang='lat' dir='ltr'><strong>alloquen-</strong></span> 
     </span>
    </p>
   </div>
   <div class='ocr_carea' id='block_1_46' title="bbox 617 2878 2156 2950">
    <p class='ocr_par' dir='ltr' id='par_1_46' title="bbox 617 2878 2156 2950">
     <span class='ocr_line' id='line_1_46' title="bbox 617 2878 2156 2950; baseline 0 -20"><span class='ocrx_word' id='word_1_324' title='bbox 617 2888 743 2940; x_wconf 91' lang='lat' dir='ltr'><strong>tem,</strong></span> <span class='ocrx_word' id='word_1_325' title='bbox 769 2888 903 2931; x_wconf 88' lang='lat' dir='ltr'><strong>etea</strong></span> <span class='ocrx_word' id='word_1_326' title='bbox 928 2893 1047 2946; x_wconf 68' lang='lat' dir='ltr'><strong>qua:</strong></span> <span class='ocrx_word' id='word_1_327' title='bbox 1078 2878 1186 2945; x_wconf 92' lang='lat' dir='ltr'><strong>jam</strong></span> <span class='ocrx_word' id='word_1_328' title='bbox 1221 2895 1318 2934; x_wconf 90' lang='lat' dir='ltr'><strong>nos</strong></span> <span class='ocrx_word' id='word_1_329' title='bbox 1344 2880 1575 2935; x_wconf 75' lang='lat' dir='ltr'><strong>diximus</strong></span> <span class='ocrx_word' id='word_1_330' title='bbox 1616 2882 2007 2950; x_wconf 85' lang='lat' dir='ltr'><strong>promittentem</strong></span> <span class='ocrx_word' id='word_1_331' title='bbox 2050 2897 2062 2931; x_wconf 94' lang='lat'>:</span> <span class='ocrx_word' id='word_1_332' title='bbox 2105 2878 2156 2931; x_wconf 90' lang='lat' dir='ltr'><strong>in</strong></span> 
     </span>
    </p>
   </div>
   <div class='ocr_carea' id='block_1_47' title="bbox 615 2970 2159 3037">
    <p class='ocr_par' dir='ltr' id='par_1_47' title="bbox 615 2970 2159 3037">
     <span class='ocr_line' id='line_1_47' title="bbox 615 2970 2159 3037; baseline -0.001 -16"><span class='ocrx_word' id='word_1_333' title='bbox 615 2975 848 3032; x_wconf 89' lang='lat' dir='ltr'><strong>tantum,</strong></span> <span class='ocrx_word' id='word_1_334' title='bbox 878 2978 933 3020; x_wconf 92' lang='lat' dir='ltr'><strong>ut</strong></span> <span class='ocrx_word' id='word_1_335' title='bbox 978 2984 1005 3021; x_wconf 91' lang='lat' dir='ltr'><strong>a</strong></span> <span class='ocrx_word' id='word_1_336' title='bbox 1041 2971 1301 3036; x_wconf 87' lang='lat' dir='ltr'><strong>promisso</strong></span> <span class='ocrx_word' id='word_1_337' title='bbox 1331 2984 1388 3023; x_wconf 89' lang='lat' dir='ltr'><strong>se</strong></span> <span class='ocrx_word' id='word_1_338' title='bbox 1417 2971 1662 3024; x_wconf 79' lang='lat' dir='ltr'><strong>excidere</strong></span> <span class='ocrx_word' id='word_1_339' title='bbox 1706 2970 1843 3022; x_wconf 89' lang='lat' dir='ltr'><strong>haud</strong></span> <span class='ocrx_word' id='word_1_340' title='bbox 1874 2983 2031 3037; x_wconf 84' lang='lat' dir='ltr'><strong>posse</strong></span> <span class='ocrx_word' id='word_1_341' title='bbox 2056 2982 2159 3022; x_wconf 92' lang='lat' dir='ltr'><strong>co—</strong></span> 
     </span>
    </p>
   </div>
   <div class='ocr_carea' id='block_1_48' title="bbox 616 3060 2157 3130">
    <p class='ocr_par' dir='ltr' id='par_1_48' title="bbox 616 3060 2157 3130">
     <span class='ocr_line' id='line_1_48' title="bbox 616 3060 2157 3130; baseline 0.001 -20"><span class='ocrx_word' id='word_1_342' title='bbox 616 3068 955 3125; x_wconf 79' lang='lat' dir='ltr'><strong>gnoscerent,</strong></span> <span class='ocrx_word' id='word_1_343' title='bbox 1005 3071 1219 3128; x_wconf 86' lang='lat' dir='ltr'><strong>propter</strong></span> <span class='ocrx_word' id='word_1_344' title='bbox 1254 3060 1484 3114; x_wconf 85' lang='lat' dir='ltr'><strong>oblatam</strong></span> <span class='ocrx_word' id='word_1_345' title='bbox 1516 3062 1683 3115; x_wconf 89' lang='lat' dir='ltr'><strong>oculis</strong></span> <span class='ocrx_word' id='word_1_346' title='bbox 1745 3062 2157 3130; x_wconf 89' lang='lat' dir='ltr'><strong>apparitionem.</strong></span> 
     </span>
    </p>
   </div>
   <div class='ocr_carea' id='block_1_49' title="bbox 617 3148 2160 3219">
    <p class='ocr_par' dir='ltr' id='par_1_49' title="bbox 617 3148 2160 3219">
     <span class='ocr_line' id='line_1_49' title="bbox 617 3148 2160 3219; baseline -0.001 -17"><span class='ocrx_word' id='word_1_347' title='bbox 617 3149 747 3214; x_wconf 74' lang='lat' dir='ltr'><strong>Quae</strong></span> <span class='ocrx_word' id='word_1_348' title='bbox 774 3150 874 3203; x_wconf 91' lang='lat' dir='ltr'><strong>nisi</strong></span> <span class='ocrx_word' id='word_1_349' title='bbox 928 3152 997 3203; x_wconf 90' lang='lat' dir='ltr'><strong>ita</strong></span> <span class='ocrx_word' id='word_1_350' title='bbox 1025 3166 1081 3204; x_wconf 94' lang='lat' dir='ltr'><strong>se</strong></span> <span class='ocrx_word' id='word_1_351' title='bbox 1107 3153 1385 3216; x_wconf 90' lang='lat' dir='ltr'><strong>haberent,</strong></span> <span class='ocrx_word' id='word_1_352' title='bbox 1430 3151 1665 3219; x_wconf 79' lang='lat' dir='ltr'><strong>profecto</strong></span> <span class='ocrx_word' id='word_1_353' title='bbox 1688 3151 1750 3202; x_wconf 92' lang='lat' dir='ltr'><strong>ad</strong></span> <span class='ocrx_word' id='word_1_354' title='bbox 1781 3159 2043 3217; x_wconf 65' lang='lat' dir='ltr'><strong>praecepta</strong></span> <span class='ocrx_word' id='word_1_355' title='bbox 2074 3148 2160 3201; x_wconf 90' lang='lat' dir='ltr'><strong>illa</strong></span> 
     </span>
    </p>
   </div>
   <div class='ocr_carea' id='block_1_50' title="bbox 620 3233 2163 3309">
    <p class='ocr_par' dir='ltr' id='par_1_50' title="bbox 620 3233 2163 3309">
     <span class='ocr_line' id='line_1_50' title="bbox 620 3233 2163 3309; baseline -0.001 -14"><span class='ocrx_word' id='word_1_356' title='bbox 620 3242 970 3309; x_wconf 89' lang='lat' dir='ltr'><strong>torpuissent,</strong></span> <span class='ocrx_word' id='word_1_357' title='bbox 1024 3233 1335 3296; x_wconf 59' lang='lat' dir='ltr'><strong>rus&#39;tieitatis</strong></span> <span class='ocrx_word' id='word_1_358' title='bbox 1383 3257 1491 3295; x_wconf 72' lang='lat' dir='ltr'><strong>sua:</strong></span> <span class='ocrx_word' id='word_1_359' title='bbox 1548 3250 1603 3295; x_wconf 91' lang='lat' dir='ltr'><strong>et</strong></span> <span class='ocrx_word' id='word_1_360' title='bbox 1676 3242 1903 3294; x_wconf 72' lang='lat' dir='ltr'><strong>idioticae</strong></span> <span class='ocrx_word' id='word_1_361' title='bbox 1943 3239 2163 3306; x_wconf 67' lang='lat' dir='ltr'><strong>loquela:</strong></span> 
     </span>
    </p>
   </div>
   <div class='ocr_carea' id='block_1_51' title="bbox 620 3331 2163 3402">
    <p class='ocr_par' dir='ltr' id='par_1_51' title="bbox 620 3331 2163 3402">
     <span class='ocr_line' id='line_1_51' title="bbox 620 3331 2163 3402; baseline -0.002 -17"><span class='ocrx_word' id='word_1_362' title='bbox 620 3333 847 3396; x_wconf 87' lang='lat' dir='ltr'><strong>conscii,</strong></span> <span class='ocrx_word' id='word_1_363' title='bbox 896 3332 1048 3402; x_wconf 77' lang='lat' dir='ltr'><strong>cujus</strong></span> <span class='ocrx_word' id='word_1_364' title='bbox 1097 3347 1255 3385; x_wconf 89' lang='lat' dir='ltr'><strong>causa</strong></span> <span class='ocrx_word' id='word_1_365' title='bbox 1305 3331 1532 3385; x_wconf 77' lang='lat' dir='ltr'><strong>omcium</strong></span> <span class='ocrx_word' id='word_1_366' title='bbox 1586 3332 1815 3385; x_wconf 82' lang='lat' dir='ltr'><strong>fortasse</strong></span> <span class='ocrx_word' id='word_1_367' title='bbox 1870 3333 2163 3385; x_wconf 82' lang='lat' dir='ltr'><strong>detrectas-</strong></span> 
     </span>
    </p>
   </div>
   <div class='ocr_carea' id='block_1_52' title="bbox 2327 2157 3814 2230">
    <p class='ocr_par' dir='ltr' id='par_1_52' title="bbox 2327 2157 3814 2230">
     <span class='ocr_line' id='line_1_52' title="bbox 2327 2157 3814 2230; baseline 0.002 -22"><span class='ocrx_word' id='word_1_368' title='bbox 2327 2157 2387 2226; x_wconf 80' lang='grc' dir='ltr'><strong>β’.</strong></span> <span class='ocrx_word' id='word_1_369' title='bbox 2413 2158 2591 2227; x_wconf 79' lang='grc' dir='ltr'>Ταύτῃ</span> <span class='ocrx_word' id='word_1_370' title='bbox 2615 2157 2743 2225; x_wconf 81' lang='grc' dir='ltr'>γοῦν</span> <span class='ocrx_word' id='word_1_371' title='bbox 2764 2159 3223 2229; x_wconf 86' lang='grc' dir='ltr'>ἐπιθαρσήσαντες</span> <span class='ocrx_word' id='word_1_372' title='bbox 3240 2164 3304 2230; x_wconf 79' lang='grc' dir='ltr'>τῇ</span> <span class='ocrx_word' id='word_1_373' title='bbox 3323 2160 3645 2230; x_wconf 75' lang='grc' dir='ltr'>ἐπαγγελίᾳ.</span> <span class='ocrx_word' id='word_1_374' title='bbox 3666 2161 3814 2229; x_wconf 75' lang='grc' dir='ltr'>ἔργῳ</span> 
     </span>
    </p>
   </div>
   <div class='ocr_carea' id='block_1_53' title="bbox 2256 2249 3821 2323">
    <p class='ocr_par' dir='ltr' id='par_1_53' title="bbox 2256 2249 3821 2323">
     <span class='ocr_line' id='line_1_53' title="bbox 2256 2249 3821 2323; baseline 0.002 -23"><span class='ocrx_word' id='word_1_375' title='bbox 2256 2249 2376 2311; x_wconf 83' lang='grc' dir='ltr'>τοὺς</span> <span class='ocrx_word' id='word_1_376' title='bbox 2404 2249 2565 2301; x_wconf 81' lang='grc' dir='ltr'>αὐτοῦ</span> <span class='ocrx_word' id='word_1_377' title='bbox 2598 2250 2788 2316; x_wconf 86' lang='grc' dir='ltr'>λόγους</span> <span class='ocrx_word' id='word_1_378' title='bbox 2822 2251 3087 2321; x_wconf 77' lang='grc' dir='ltr'>ἐπλήρουν</span> <span class='ocrx_word' id='word_1_379' title='bbox 3107 2268 3120 2281; x_wconf 92' lang='grc'><strong>·</strong></span> <span class='ocrx_word' id='word_1_380' title='bbox 3163 2252 3357 2323; x_wconf 87' lang='grc' dir='ltr'>αὐτίκα</span> <span class='ocrx_word' id='word_1_381' title='bbox 3384 2252 3547 2321; x_wconf 80' lang='grc' dir='ltr'>μηδὲν</span> <span class='ocrx_word' id='word_1_382' title='bbox 3589 2251 3821 2321; x_wconf 84' lang='grc' dir='ltr'>ὑπερθέ-</span> 
     </span>
    </p>
   </div>
   <div class='ocr_carea' id='block_1_54' title="bbox 2260 2346 3822 2417">
    <p class='ocr_par' dir='ltr' id='par_1_54' title="bbox 2260 2346 3822 2417">
     <span class='ocr_line' id='line_1_54' title="bbox 2260 2346 3822 2417; baseline 0.003 -22"><span class='ocrx_word' id='word_1_383' title='bbox 2260 2361 2427 2414; x_wconf 88' lang='grc' dir='ltr'>μενοι,</span> <span class='ocrx_word' id='word_1_384' title='bbox 2452 2348 2545 2396; x_wconf 71' lang='grc' dir='ltr'><strong>σὺν</strong></span> <span class='ocrx_word' id='word_1_385' title='bbox 2589 2361 2734 2415; x_wconf 83' lang='grc' dir='ltr'>πασῃ</span> <span class='ocrx_word' id='word_1_386' title='bbox 2782 2346 3053 2417; x_wconf 78' lang='grc' dir='ltr'>προθυμίᾳ</span> <span class='ocrx_word' id='word_1_387' title='bbox 3099 2346 3386 2415; x_wconf 79' lang='grc' dir='ltr'>περιῆλθον</span> <span class='ocrx_word' id='word_1_388' title='bbox 3435 2348 3525 2399; x_wconf 84' lang='grc' dir='ltr'><strong>ἐπί</strong></span> <span class='ocrx_word' id='word_1_389' title='bbox 3568 2348 3669 2416; x_wconf 86' lang='grc' dir='ltr'>τὴν</span> <span class='ocrx_word' id='word_1_390' title='bbox 3713 2347 3822 2400; x_wconf 81' lang='grc' dir='ltr'><strong>τῶν</strong></span> 
     </span>
    </p>
   </div>
   <div class='ocr_carea' id='block_1_55' title="bbox 2258 2436 3821 2507">
    <p class='ocr_par' dir='ltr' id='par_1_55' title="bbox 2258 2436 3821 2507">
     <span class='ocr_line' id='line_1_55' title="bbox 2258 2436 3821 2507; baseline 0.003 -19"><span class='ocrx_word' id='word_1_391' title='bbox 2258 2437 2421 2489; x_wconf 89' lang='grc' dir='ltr'>ἐθνῶν</span> <span class='ocrx_word' id='word_1_392' title='bbox 2436 2436 2795 2489; x_wconf 59' lang='grc' dir='ltr'>διδασκαλίαν</span> <span class='ocrx_word' id='word_1_393' title='bbox 2817 2437 2961 2507; x_wconf 71' lang='grc' dir='ltr'>ἔργῳ</span> <span class='ocrx_word' id='word_1_394' title='bbox 2982 2438 3076 2505; x_wconf 89' lang='grc' dir='ltr'><strong>μέν</strong></span> <span class='ocrx_word' id='word_1_395' title='bbox 3094 2437 3239 2507; x_wconf 79' lang='grc' dir='ltr'>αὐτῷ</span> <span class='ocrx_word' id='word_1_396' title='bbox 3257 2437 3662 2507; x_wconf 82' lang='grc' dir='ltr'>παραλαϐόντες</span> <span class='ocrx_word' id='word_1_397' title='bbox 3684 2438 3821 2507; x_wconf 78' lang='grc'><strong>(55),</strong></span> 
     </span>
    </p>
   </div>
   <div class='ocr_carea' id='block_1_56' title="bbox 2260 2526 3823 2598">
    <p class='ocr_par' dir='ltr' id='par_1_56' title="bbox 2260 2526 3823 2598">
     <span class='ocr_line' id='line_1_56' title="bbox 2260 2526 3823 2598; baseline 0.003 -20"><span class='ocrx_word' id='word_1_398' title='bbox 2260 2527 2349 2579; x_wconf 73' lang='grc' dir='ltr'>καὶ</span> <span class='ocrx_word' id='word_1_399' title='bbox 2371 2526 2662 2593; x_wconf 78' lang='grc' dir='ltr'>ὀφθαλμοῖς</span> <span class='ocrx_word' id='word_1_400' title='bbox 2691 2527 2923 2597; x_wconf 82' lang='grc' dir='ltr'>ὁρῶντες</span> <span class='ocrx_word' id='word_1_401' title='bbox 2946 2526 3119 2590; x_wconf 79' lang='grc' dir='ltr'>ζῶντα</span> <span class='ocrx_word' id='word_1_402' title='bbox 3146 2528 3234 2580; x_wconf 85' lang='grc' dir='ltr'><strong>τὸν</strong></span> <span class='ocrx_word' id='word_1_403' title='bbox 3261 2528 3364 2597; x_wconf 85' lang='grc' dir='ltr'><strong>πρὸ</strong></span> <span class='ocrx_word' id='word_1_404' title='bbox 3402 2527 3598 2598; x_wconf 81' lang='grc' dir='ltr'>μικροῦ</span> <span class='ocrx_word' id='word_1_405' title='bbox 3638 2528 3823 2582; x_wconf 80' lang='grc' dir='ltr'>θανόνο</span> 
     </span>
    </p>
   </div>
   <div class='ocr_carea' id='block_1_57' title="bbox 2257 2616 3823 2689">
    <p class='ocr_par' dir='ltr' id='par_1_57' title="bbox 2257 2616 3823 2689">
     <span class='ocr_line' id='line_1_57' title="bbox 2257 2616 3823 2689; baseline 0.001 -20"><span class='ocrx_word' id='word_1_406' title='bbox 2257 2634 2345 2679; x_wconf 88' lang='grc' dir='ltr'><strong>τα,</strong></span> <span class='ocrx_word' id='word_1_407' title='bbox 2377 2617 2469 2669; x_wconf 78' lang='grc' dir='ltr'>καὶ</span> <span class='ocrx_word' id='word_1_408' title='bbox 2490 2617 2547 2669; x_wconf 83' lang='grc' dir='ltr'>ὃν</span> <span class='ocrx_word' id='word_1_409' title='bbox 2574 2616 2915 2685; x_wconf 82' lang='grc' dir='ltr'>ἐξωμόσαντο</span> <span class='ocrx_word' id='word_1_410' title='bbox 2940 2618 3302 2688; x_wconf 82' lang='grc' dir='ltr'>ἀρνησάμενοι</span> <span class='ocrx_word' id='word_1_411' title='bbox 3331 2619 3417 2671; x_wconf 85' lang='grc' dir='ltr'><strong>διά</strong></span> <span class='ocrx_word' id='word_1_412' title='bbox 3448 2618 3517 2671; x_wconf 80' lang='grc' dir='ltr'><strong>τὰ</strong></span> <span class='ocrx_word' id='word_1_413' title='bbox 3542 2618 3823 2689; x_wconf 75' lang='grc' dir='ltr'>συμϐεϐη-</span> 
     </span>
    </p>
   </div>
   <div class='ocr_carea' id='block_1_58' title="bbox 2259 2706 3823 2777">
    <p class='ocr_par' dir='ltr' id='par_1_58' title="bbox 2259 2706 3823 2777">
     <span class='ocr_line' id='line_1_58' title="bbox 2259 2706 3823 2777; baseline 0 -18"><span class='ocrx_word' id='word_1_414' title='bbox 2259 2707 2409 2769; x_wconf 86' lang='grc' dir='ltr'>κότα,</span> <span class='ocrx_word' id='word_1_415' title='bbox 2435 2706 2620 2757; x_wconf 81' lang='grc' dir='ltr'>τοῦτον</span> <span class='ocrx_word' id='word_1_416' title='bbox 2648 2706 2806 2759; x_wconf 77' lang='grc' dir='ltr'>αὑτὸν</span> <span class='ocrx_word' id='word_1_417' title='bbox 2826 2706 3068 2777; x_wconf 81' lang='grc' dir='ltr'>ἐναργῶς</span> <span class='ocrx_word' id='word_1_418' title='bbox 3099 2708 3190 2759; x_wconf 75' lang='grc' dir='ltr'><strong>καὶ</strong></span> <span class='ocrx_word' id='word_1_419' title='bbox 3212 2706 3654 2777; x_wconf 87' lang='grc' dir='ltr'>αύτοπροσὼπως</span> <span class='ocrx_word' id='word_1_420' title='bbox 3689 2725 3823 2777; x_wconf 89' lang='grc' dir='ltr'>παρ-</span> 
     </span>
    </p>
   </div>
   <div class='ocr_carea' id='block_1_59' title="bbox 2258 2796 3825 2866">
    <p class='ocr_par' dir='ltr' id='par_1_59' title="bbox 2258 2796 3825 2866">
     <span class='ocr_line' id='line_1_59' title="bbox 2258 2796 3825 2866; baseline -0.001 -17"><span class='ocrx_word' id='word_1_421' title='bbox 2258 2796 2383 2849; x_wconf 85' lang='grc' dir='ltr'>όντα</span> <span class='ocrx_word' id='word_1_422' title='bbox 2416 2797 2507 2849; x_wconf 77' lang='grc' dir='ltr'>καὶ</span> <span class='ocrx_word' id='word_1_423' title='bbox 2550 2796 2790 2865; x_wconf 86' lang='grc' dir='ltr'>συνήθως</span> <span class='ocrx_word' id='word_1_424' title='bbox 2841 2796 3375 2865; x_wconf 84' lang='grc' dir='ltr'>προσδιαλεγόμενον,</span> <span class='ocrx_word' id='word_1_425' title='bbox 3423 2796 3825 2866; x_wconf 84' lang='grc' dir='ltr'>ἐπαγγελλόμε-</span> 
     </span>
    </p>
   </div>
   <div class='ocr_carea' id='block_1_60' title="bbox 2257 2885 3826 2956">
    <p class='ocr_par' dir='ltr' id='par_1_60' title="bbox 2257 2885 3826 2956">
     <span class='ocr_line' id='line_1_60' title="bbox 2257 2885 3826 2956; baseline 0.001 -19"><span class='ocrx_word' id='word_1_426' title='bbox 2257 2885 2347 2937; x_wconf 91' lang='grc' dir='ltr'><strong>νόν</strong></span> <span class='ocrx_word' id='word_1_427' title='bbox 2374 2902 2433 2937; x_wconf 89' lang='grc' dir='ltr'><strong>τε</strong></span> <span class='ocrx_word' id='word_1_428' title='bbox 2454 2885 2635 2948; x_wconf 84' lang='grc' dir='ltr'>αὐτοῖς</span> <span class='ocrx_word' id='word_1_429' title='bbox 2658 2886 2724 2937; x_wconf 79' lang='grc' dir='ltr'><strong>τὰ</strong></span> <span class='ocrx_word' id='word_1_430' title='bbox 2760 2885 3187 2956; x_wconf 86' lang='grc' dir='ltr'>προλελεγμένα·</span> <span class='ocrx_word' id='word_1_431' title='bbox 3222 2887 3321 2938; x_wconf 84' lang='grc' dir='ltr'><strong>ούκ</strong></span> <span class='ocrx_word' id='word_1_432' title='bbox 3348 2887 3561 2955; x_wconf 75' lang='grc' dir='ltr'>ἔχοντες</span> <span class='ocrx_word' id='word_1_433' title='bbox 3588 2887 3646 2938; x_wconf 78' lang='grc' dir='ltr'>δὲ</span> <span class='ocrx_word' id='word_1_434' title='bbox 3678 2888 3826 2950; x_wconf 83' lang='grc' dir='ltr'>ὅπως</span> 
     </span>
    </p>
   </div>
   <div class='ocr_carea' id='block_1_61' title="bbox 2257 2973 3820 3045">
    <p class='ocr_par' dir='ltr' id='par_1_61' title="bbox 2257 2973 3820 3045">
     <span class='ocr_line' id='line_1_61' title="bbox 2257 2973 3820 3045; baseline -0.001 -17"><span class='ocrx_word' id='word_1_435' title='bbox 2257 2977 2321 3028; x_wconf 80' lang='grc' dir='ltr'><strong>ἀν</strong></span> <span class='ocrx_word' id='word_1_436' title='bbox 2344 2976 2694 3044; x_wconf 76' lang='grc' dir='ltr'>ἀποστήσωσι</span> <span class='ocrx_word' id='word_1_437' title='bbox 2726 2974 2821 3043; x_wconf 83' lang='grc' dir='ltr'><strong>τῆς</strong></span> <span class='ocrx_word' id='word_1_438' title='bbox 2847 2976 3172 3042; x_wconf 82' lang='grc' dir='ltr'>ἐπαγγελίας</span> <span class='ocrx_word' id='word_1_439' title='bbox 3201 2975 3286 3027; x_wconf 82' lang='grc' dir='ltr'>διὰ</span> <span class='ocrx_word' id='word_1_440' title='bbox 3312 2976 3410 3044; x_wconf 81' lang='grc' dir='ltr'>τὴν</span> <span class='ocrx_word' id='word_1_441' title='bbox 3443 2973 3820 3045; x_wconf 67' lang='grc' dir='ltr'>θεωρουμένην</span> 
     </span>
    </p>
   </div>
   <div class='ocr_carea' id='block_1_62' title="bbox 2257 3061 3826 3135">
    <p class='ocr_par' dir='ltr' id='par_1_62' title="bbox 2257 3061 3826 3135">
     <span class='ocr_line' id='line_1_62' title="bbox 2257 3061 3826 3135; baseline 0.001 -18"><span class='ocrx_word' id='word_1_442' title='bbox 2257 3066 2396 3134; x_wconf 73' lang='grc' dir='ltr'>δψιν,</span> <span class='ocrx_word' id='word_1_443' title='bbox 2429 3061 2508 3117; x_wconf 85' lang='grc' dir='ltr'><strong>Ἦ</strong></span> <span class='ocrx_word' id='word_1_444' title='bbox 2539 3064 2648 3135; x_wconf 82' lang='grc' dir='ltr'>γὰρ</span> <span class='ocrx_word' id='word_1_445' title='bbox 2677 3067 2742 3118; x_wconf 79' lang='grc' dir='ltr'>ἂν</span> <span class='ocrx_word' id='word_1_446' title='bbox 2766 3067 2857 3118; x_wconf 71' lang='grc' dir='ltr'>καὶ</span> <span class='ocrx_word' id='word_1_447' title='bbox 2886 3066 3212 3134; x_wconf 83' lang='grc' dir='ltr'>ἀπώκνησαν</span> <span class='ocrx_word' id='word_1_448' title='bbox 3246 3064 3377 3133; x_wconf 86' lang='grc' dir='ltr'>πρὸς</span> <span class='ocrx_word' id='word_1_449' title='bbox 3412 3065 3472 3116; x_wconf 83' lang='grc' dir='ltr'><strong>τὸ</strong></span> <span class='ocrx_word' id='word_1_450' title='bbox 3518 3065 3826 3134; x_wconf 79' lang='grc' dir='ltr'>ἐπίταγμα,</span> 
     </span>
    </p>
   </div>
   <div class='ocr_carea' id='block_1_63' title="bbox 2260 3153 3829 3225">
    <p class='ocr_par' dir='ltr' id='par_1_63' title="bbox 2260 3153 3829 3225">
     <span class='ocr_line' id='line_1_63' title="bbox 2260 3153 3829 3225; baseline 0.001 -18"><span class='ocrx_word' id='word_1_451' title='bbox 2260 3156 2547 3225; x_wconf 88' lang='grc' dir='ltr'>ἀγροικίαν</span> <span class='ocrx_word' id='word_1_452' title='bbox 2576 3156 2784 3218; x_wconf 88' lang='grc' dir='ltr'>ἐαυτοϊς</span> <span class='ocrx_word' id='word_1_453' title='bbox 2811 3156 2903 3208; x_wconf 76' lang='grc' dir='ltr'>καὶ</span> <span class='ocrx_word' id='word_1_454' title='bbox 2930 3155 3099 3223; x_wconf 82' lang='grc' dir='ltr'>λόγων</span> <span class='ocrx_word' id='word_1_455' title='bbox 3134 3154 3396 3207; x_wconf 82' lang='grc' dir='ltr'>ἰδιωτείαν</span> <span class='ocrx_word' id='word_1_456' title='bbox 3428 3153 3829 3220; x_wconf 75' lang='grc' dir='ltr'>συγγινώσκον-</span> 
     </span>
    </p>
   </div>
   <div class='ocr_carea' id='block_1_64' title="bbox 2259 3243 3824 3316">
    <p class='ocr_par' dir='ltr' id='par_1_64' title="bbox 2259 3243 3824 3316">
     <span class='ocr_line' id='line_1_64' title="bbox 2259 3243 3824 3316; baseline -0.001 -19"><span class='ocrx_word' id='word_1_457' title='bbox 2259 3262 2369 3308; x_wconf 85' lang='grc' dir='ltr'>τες,</span> <span class='ocrx_word' id='word_1_458' title='bbox 2404 3246 2471 3298; x_wconf 84' lang='grc' dir='ltr'>δι’</span> <span class='ocrx_word' id='word_1_459' title='bbox 2500 3251 2567 3316; x_wconf 73' lang='grc' dir='ltr'>ἢν</span> <span class='ocrx_word' id='word_1_460' title='bbox 2598 3245 2735 3314; x_wconf 81' lang='grc' dir='ltr'>τάχα</span> <span class='ocrx_word' id='word_1_461' title='bbox 2764 3244 2828 3298; x_wconf 82' lang='grc' dir='ltr'><strong>ἂν</strong></span> <span class='ocrx_word' id='word_1_462' title='bbox 2851 3245 2942 3298; x_wconf 78' lang='grc' dir='ltr'><strong>καὶ</strong></span> <span class='ocrx_word' id='word_1_463' title='bbox 2969 3244 3350 3315; x_wconf 82' lang='grc' dir='ltr'>παρῃτήσαντο</span> <span class='ocrx_word' id='word_1_464' title='bbox 3373 3261 3386 3274; x_wconf 76' lang='grc' dir='ltr'><strong><em>ο</em></strong></span> <span class='ocrx_word' id='word_1_465' title='bbox 3422 3244 3648 3305; x_wconf 82' lang='grc' dir='ltr'>εἰκότως</span> <span class='ocrx_word' id='word_1_466' title='bbox 3672 3243 3824 3311; x_wconf 84' lang='grc' dir='ltr'>λογι-</span> 
     </span>
    </p>
   </div>
   <div class='ocr_carea' id='block_1_65' title="bbox 2262 3330 3827 3404">
    <p class='ocr_par' dir='ltr' id='par_1_65' title="bbox 2262 3330 3827 3404">
     <span class='ocr_line' id='line_1_65' title="bbox 2262 3330 3827 3404; baseline 0 -18"><span class='ocrx_word' id='word_1_467' title='bbox 2262 3336 2502 3403; x_wconf 88' lang='grc' dir='ltr'>σάμενοι,</span> <span class='ocrx_word' id='word_1_468' title='bbox 2527 3352 2601 3396; x_wconf 87' lang='grc' dir='ltr'><strong>ως</strong></span> <span class='ocrx_word' id='word_1_469' title='bbox 2628 3336 2722 3404; x_wconf 83' lang='grc' dir='ltr'><strong>οὐχ</strong></span> <span class='ocrx_word' id='word_1_470' title='bbox 2749 3332 2857 3387; x_wconf 76' lang='grc' dir='ltr'>οἷόν</span> <span class='ocrx_word' id='word_1_471' title='bbox 2884 3351 2943 3386; x_wconf 88' lang='grc' dir='ltr'><strong>τε</strong></span> <span class='ocrx_word' id='word_1_472' title='bbox 2972 3330 3040 3403; x_wconf 83' lang='grc' dir='ltr'>ἦν</span> <span class='ocrx_word' id='word_1_473' title='bbox 3066 3332 3269 3403; x_wconf 81' lang='grc' dir='ltr'>Σύρους</span> <span class='ocrx_word' id='word_1_474' title='bbox 3295 3333 3392 3403; x_wconf 78' lang='grc' dir='ltr'>τὴν</span> <span class='ocrx_word' id='word_1_475' title='bbox 3419 3332 3688 3399; x_wconf 89' lang='grc' dir='ltr'>γλῶτταν,</span> <span class='ocrx_word' id='word_1_476' title='bbox 3729 3336 3827 3386; x_wconf 73' lang='grc' dir='ltr'>καὶ</span> 
     </span>
    </p>
   </div>
   <div class='ocr_carea' id='block_1_66' title="bbox 620 3412 2160 3492">
    <p class='ocr_par' dir='ltr' id='par_1_66' title="bbox 620 3419 2160 3488">
     <span class='ocr_line' id='line_1_66' title="bbox 620 3419 2160 3488; baseline -0.001 -13"><span class='ocrx_word' id='word_1_477' title='bbox 620 3432 770 3485; x_wconf 89' lang='lat' dir='ltr'><strong>sent;</strong></span> <span class='ocrx_word' id='word_1_478' title='bbox 807 3432 950 3476; x_wconf 89' lang='lat' dir='ltr'><strong>recte</strong></span> <span class='ocrx_word' id='word_1_479' title='bbox 994 3423 1286 3488; x_wconf 81' lang='lat' dir='ltr'><strong>cogitantes</strong></span> <span class='ocrx_word' id='word_1_480' title='bbox 1311 3421 1423 3475; x_wconf 84' lang='lat' dir='ltr'><strong>ﬁeri</strong></span> <span class='ocrx_word' id='word_1_481' title='bbox 1469 3421 1609 3475; x_wconf 86' lang='lat' dir='ltr'><strong>haud</strong></span> <span class='ocrx_word' id='word_1_482' title='bbox 1654 3435 1810 3488; x_wconf 85' lang='lat' dir='ltr'><strong>posse</strong></span> <span class='ocrx_word' id='word_1_483' title='bbox 1836 3430 1894 3474; x_wconf 93' lang='lat' dir='ltr'><strong>ut</strong></span> <span class='ocrx_word' id='word_1_484' title='bbox 1922 3419 2160 3474; x_wconf 84' lang='lat' dir='ltr'><strong>homines</strong></span> 
     </span>
    </p>
   </div>
   <div class='ocr_carea' id='block_1_67' title="bbox 2259 3412 3831 3492">
    <p class='ocr_par' dir='ltr' id='par_1_67' title="bbox 2264 3412 3831 3492">
     <span class='ocr_line' id='line_1_67' title="bbox 2264 3412 3831 3492; baseline 0.001 -19"><span class='ocrx_word' id='word_1_485' title='bbox 2264 3423 2423 3476; x_wconf 88' lang='grc' dir='ltr'>πλέον</span> <span class='ocrx_word' id='word_1_486' title='bbox 2454 3424 2657 3485; x_wconf 87' lang='grc' dir='ltr'>ἀλιείας</span> <span class='ocrx_word' id='word_1_487' title='bbox 2690 3421 2852 3492; x_wconf 81' lang='grc' dir='ltr'>μηδὲν</span> <span class='ocrx_word' id='word_1_488' title='bbox 2869 3421 3279 3491; x_wconf 84' lang='grc' dir='ltr'>ἐπισταμένους,</span> <span class='ocrx_word' id='word_1_489' title='bbox 3311 3421 3662 3483; x_wconf 76' lang='grc' dir='ltr'>διδασκάλους</span> <span class='ocrx_word' id='word_1_490' title='bbox 3692 3412 3831 3490; x_wconf 80' lang='grc' dir='ltr'>όμοῦ</span> 
     </span>
    </p>
   </div>
   <div class='ocr_carea' id='block_1_68' title="bbox 621 3512 2167 3583">
    <p class='ocr_par' dir='ltr' id='par_1_68' title="bbox 621 3512 2167 3583">
     <span class='ocr_line' id='line_1_68' title="bbox 621 3512 2167 3583; baseline 0.001 -17"><span class='ocrx_word' id='word_1_491' title='bbox 621 3516 797 3583; x_wconf 81' lang='lat' dir='ltr'><strong>lingua</strong></span> <span class='ocrx_word' id='word_1_492' title='bbox 832 3515 975 3583; x_wconf 80' lang='lat' dir='ltr'><strong>Syri,</strong></span> <span class='ocrx_word' id='word_1_493' title='bbox 1017 3524 1070 3567; x_wconf 90' lang='lat' dir='ltr'><strong>et</strong></span> <span class='ocrx_word' id='word_1_494' title='bbox 1102 3524 1290 3581; x_wconf 64' lang='lat' dir='ltr'><strong>prmter</strong></span> <span class='ocrx_word' id='word_1_495' title='bbox 1337 3522 1506 3565; x_wconf 88' lang='lat' dir='ltr'><strong>artem</strong></span> <span class='ocrx_word' id='word_1_496' title='bbox 1558 3513 1897 3579; x_wconf 88' lang='lat' dir='ltr'><strong>piscatoriam</strong></span> <span class='ocrx_word' id='word_1_497' title='bbox 1928 3512 2167 3567; x_wconf 83' lang='lat' dir='ltr'><strong>omnium</strong></span> 
     </span>
    </p>
   </div>
   <div class='ocr_carea' id='block_1_69' title="bbox 621 3601 2167 3674">
    <p class='ocr_par' dir='ltr' id='par_1_69' title="bbox 621 3601 2167 3674">
     <span class='ocr_line' id='line_1_69' title="bbox 621 3601 2167 3674; baseline 0.001 -19"><span class='ocrx_word' id='word_1_498' title='bbox 621 3604 815 3671; x_wconf 72' lang='lat' dir='ltr'><strong>ignari,</strong></span> <span class='ocrx_word' id='word_1_499' title='bbox 854 3604 1085 3674; x_wconf 76' lang='lat' dir='ltr'><strong>magistri</strong></span> <span class='ocrx_word' id='word_1_500' title='bbox 1127 3601 2167 3658; x_wconf 66' lang='lat' dir='ltr'><strong>constituerenturCrassorumsiﬂtuLet</strong></span> 
     </span>
    </p>
   </div>
   <div class='ocr_carea' id='block_1_70' title="bbox 621 3692 2164 3763">
    <p class='ocr_par' dir='ltr' id='par_1_70' title="bbox 621 3692 2164 3763">
     <span class='ocr_line' id='line_1_70' title="bbox 621 3692 2164 3763; baseline 0.002 -17"><span class='ocrx_word' id='word_1_501' title='bbox 621 3693 1008 3756; x_wconf 73' lang='lat' dir='ltr'><strong>Romanorum,</strong></span> <span class='ocrx_word' id='word_1_502' title='bbox 1026 3692 1391 3762; x_wconf 61' lang='lat' dir='ltr'><strong>Egyptiorum</strong></span> <span class='ocrx_word' id='word_1_503' title='bbox 1422 3705 1476 3747; x_wconf 91' lang='lat' dir='ltr'><strong>et</strong></span> <span class='ocrx_word' id='word_1_504' title='bbox 1498 3693 1800 3757; x_wconf 84' lang='lat' dir='ltr'><strong>Persarum,</strong></span> <span class='ocrx_word' id='word_1_505' title='bbox 1825 3694 2164 3763; x_wconf 88' lang='lat' dir='ltr'><strong>aliarumque</strong></span> 
     </span>
    </p>
   </div>
   <div class='ocr_carea' id='block_1_71' title="bbox 622 3782 2163 3855">
    <p class='ocr_par' dir='ltr' id='par_1_71' title="bbox 622 3782 2163 3855">
     <span class='ocr_line' id='line_1_71' title="bbox 622 3782 2163 3855; baseline -0.002 -16"><span class='ocrx_word' id='word_1_506' title='bbox 622 3787 854 3855; x_wconf 78' lang='lat' dir='ltr'><strong>gentium</strong></span> <span class='ocrx_word' id='word_1_507' title='bbox 886 3784 1253 3845; x_wconf 86' lang='lat' dir='ltr'><strong>barbararum,</strong></span> <span class='ocrx_word' id='word_1_508' title='bbox 1278 3784 1523 3853; x_wconf 74' lang='lat' dir='ltr'><strong>legesque</strong></span> <span class='ocrx_word' id='word_1_509' title='bbox 1551 3782 1754 3838; x_wconf 83' lang='lat' dir='ltr'><strong>ferrent</strong></span> <span class='ocrx_word' id='word_1_510' title='bbox 1782 3799 1961 3838; x_wconf 83' lang='lat' dir='ltr'><strong>coram</strong></span> <span class='ocrx_word' id='word_1_511' title='bbox 1991 3785 2163 3852; x_wconf 79' lang='lat' dir='ltr'><strong>legum</strong></span> 
     </span>
    </p>
   </div>
   <div class='ocr_carea' id='block_1_72' title="bbox 622 3878 2167 3949">
    <p class='ocr_par' dir='ltr' id='par_1_72' title="bbox 622 3878 2167 3949">
     <span class='ocr_line' id='line_1_72' title="bbox 622 3878 2167 3949; baseline -0.002 -16"><span class='ocrx_word' id='word_1_512' title='bbox 622 3880 881 3935; x_wconf 87' lang='lat' dir='ltr'><strong>latoribus</strong></span> <span class='ocrx_word' id='word_1_513' title='bbox 942 3881 1293 3949; x_wconf 75' lang='lat' dir='ltr'><strong>regibusque,</strong></span> <span class='ocrx_word' id='word_1_514' title='bbox 1356 3879 1656 3933; x_wconf 88' lang='lat' dir='ltr'><strong>contrarias</strong></span> <span class='ocrx_word' id='word_1_515' title='bbox 1707 3880 1771 3931; x_wconf 85' lang='lat' dir='ltr'><strong>iis</strong></span> <span class='ocrx_word' id='word_1_516' title='bbox 1828 3878 2167 3946; x_wconf 88' lang='lat' dir='ltr'><strong>opinionibus</strong></span> 
     </span>
    </p>
   </div>
   <div class='ocr_carea' id='block_1_73' title="bbox 622 3966 2164 4035">
    <p class='ocr_par' dir='ltr' id='par_1_73' title="bbox 622 3966 2164 4035">
     <span class='ocr_line' id='line_1_73' title="bbox 622 3966 2164 4035; baseline -0.003 -14"><span class='ocrx_word' id='word_1_517' title='bbox 622 3984 740 4035; x_wconf 61' lang='lat' dir='ltr'><strong>quae</strong></span> <span class='ocrx_word' id='word_1_518' title='bbox 778 3970 842 4021; x_wconf 92' lang='lat' dir='ltr'><strong>de</strong></span> <span class='ocrx_word' id='word_1_519' title='bbox 866 3968 1131 4035; x_wconf 88' lang='lat' dir='ltr'><strong>primariis</strong></span> <span class='ocrx_word' id='word_1_520' title='bbox 1158 3968 1259 4021; x_wconf 90' lang='lat' dir='ltr'><strong>diis</strong></span> <span class='ocrx_word' id='word_1_521' title='bbox 1291 3982 1355 4020; x_wconf 90' lang='lat' dir='ltr'><strong>ex</strong></span> <span class='ocrx_word' id='word_1_522' title='bbox 1386 3967 1527 4019; x_wconf 91' lang='lat' dir='ltr'><strong>omni</strong></span> <span class='ocrx_word' id='word_1_523' title='bbox 1560 3980 1673 4020; x_wconf 63' lang='lat' dir='ltr'><strong>avo</strong></span> <span class='ocrx_word' id='word_1_524' title='bbox 1698 3966 2032 4019; x_wconf 81' lang='lat' dir='ltr'><strong>exstiterant.</strong></span> <span class='ocrx_word' id='word_1_525' title='bbox 2062 3966 2164 4018; x_wconf 83' lang='lat' dir='ltr'><strong>Sed</strong></span> 
     </span>
    </p>
   </div>
   <div class='ocr_carea' id='block_1_74' title="bbox 624 4055 2165 4124">
    <p class='ocr_par' dir='ltr' id='par_1_74' title="bbox 624 4055 2165 4124">
     <span class='ocr_line' id='line_1_74' title="bbox 624 4055 2165 4124; baseline -0.003 -13"><span class='ocrx_word' id='word_1_526' title='bbox 624 4059 737 4111; x_wconf 58' lang='lat' dir='ltr'><strong>haec</strong></span> <span class='ocrx_word' id='word_1_527' title='bbox 767 4072 980 4111; x_wconf 86' lang='lat' dir='ltr'><strong>versare</strong></span> <span class='ocrx_word' id='word_1_528' title='bbox 1011 4058 1189 4111; x_wconf 91' lang='lat' dir='ltr'><strong>animo</strong></span> <span class='ocrx_word' id='word_1_529' title='bbox 1222 4072 1323 4110; x_wconf 91' lang='lat' dir='ltr'><strong>non</strong></span> <span class='ocrx_word' id='word_1_530' title='bbox 1355 4057 1549 4109; x_wconf 85' lang='lat' dir='ltr'><strong>licebat</strong></span> <span class='ocrx_word' id='word_1_531' title='bbox 1586 4056 1712 4117; x_wconf 85' lang='lat' dir='ltr'><strong>illis,</strong></span> <span class='ocrx_word' id='word_1_532' title='bbox 1740 4057 1829 4124; x_wconf 87' lang='lat' dir='ltr'><strong>qui</strong></span> <span class='ocrx_word' id='word_1_533' title='bbox 1853 4072 2036 4109; x_wconf 90' lang='lat' dir='ltr'><strong>vocem</strong></span> <span class='ocrx_word' id='word_1_534' title='bbox 2074 4055 2165 4108; x_wconf 90' lang='lat' dir='ltr'><strong>Dei</strong></span> 
     </span>
    </p>
   </div>
   <div class='ocr_carea' id='block_1_75' title="bbox 624 4146 2163 4215">
    <p class='ocr_par' dir='ltr' id='par_1_75' title="bbox 624 4146 2163 4215">
     <span class='ocr_line' id='line_1_75' title="bbox 624 4146 2163 4215; baseline 0.002 -18"><span class='ocrx_word' id='word_1_535' title='bbox 624 4146 853 4200; x_wconf 90' lang='lat' dir='ltr'><strong>dicentis</strong></span> <span class='ocrx_word' id='word_1_536' title='bbox 877 4146 1356 4200; x_wconf 80' lang='lat' dir='ltr'><strong>audierant:Ecce</strong></span> <span class='ocrx_word' id='word_1_537' title='bbox 1403 4162 1493 4215; x_wconf 78' lang='lat' dir='ltr'><strong>ego</strong></span> <span class='ocrx_word' id='word_1_538' title='bbox 1535 4146 1788 4199; x_wconf 76' lang='lat' dir='ltr'><strong>vobiscum</strong></span> <span class='ocrx_word' id='word_1_539' title='bbox 1840 4163 1984 4209; x_wconf 80' lang='lat' dir='ltr'><strong>sum;</strong></span> <span class='ocrx_word' id='word_1_540' title='bbox 2027 4161 2163 4214; x_wconf 81' lang='lat' dir='ltr'><strong>quo-</strong></span> 
     </span>
    </p>
   </div>
   <div class='ocr_carea' id='block_1_76' title="bbox 624 4236 2163 4305">
    <p class='ocr_par' dir='ltr' id='par_1_76' title="bbox 624 4236 2163 4305">
     <span class='ocr_line' id='line_1_76' title="bbox 624 4236 2163 4305; baseline -0.002 -16"><span class='ocrx_word' id='word_1_541' title='bbox 624 4237 766 4289; x_wconf 86' lang='lat' dir='ltr'><strong>niam</strong></span> <span class='ocrx_word' id='word_1_542' title='bbox 810 4237 1085 4291; x_wconf 85' lang='lat' dir='ltr'><strong>evidenter</strong></span> <span class='ocrx_word' id='word_1_543' title='bbox 1130 4246 1449 4305; x_wconf 74' lang='lat' dir='ltr'><strong>aSpexerant</strong></span> <span class='ocrx_word' id='word_1_544' title='bbox 1505 4236 1772 4303; x_wconf 88' lang='lat' dir='ltr'><strong>loquentis</strong></span> <span class='ocrx_word' id='word_1_545' title='bbox 1832 4236 2163 4289; x_wconf 89' lang='lat' dir='ltr'><strong>divinitatem</strong></span> 
     </span>
    </p>
   </div>
   <div class='ocr_carea' id='block_1_77' title="bbox 625 4326 2169 4396">
    <p class='ocr_par' dir='ltr' id='par_1_77' title="bbox 625 4326 2169 4396">
     <span class='ocr_line' id='line_1_77' title="bbox 625 4326 2169 4396; baseline 0 -15"><span class='ocrx_word' id='word_1_546' title='bbox 625 4327 783 4381; x_wconf 88' lang='lat' dir='ltr'><strong>morti</strong></span> <span class='ocrx_word' id='word_1_547' title='bbox 803 4328 1131 4396; x_wconf 86' lang='lat' dir='ltr'><strong>superiorem</strong></span> <span class='ocrx_word' id='word_1_548' title='bbox 1162 4326 1487 4394; x_wconf 80' lang='lat' dir='ltr'><strong>apparuisse.</strong></span> <span class='ocrx_word' id='word_1_549' title='bbox 1520 4326 1650 4379; x_wconf 85' lang='lat' dir='ltr'><strong>Hinc</strong></span> <span class='ocrx_word' id='word_1_550' title='bbox 1678 4341 1769 4380; x_wconf 91' lang='lat' dir='ltr'><strong>eos</strong></span> <span class='ocrx_word' id='word_1_551' title='bbox 1799 4326 2169 4381; x_wconf 73' lang='lat' dir='ltr'><strong>inobedientite</strong></span> 
     </span>
    </p>
   </div>
   <div class='ocr_carea' id='block_1_78' title="bbox 624 4418 2163 4487">
    <p class='ocr_par' dir='ltr' id='par_1_78' title="bbox 624 4418 2163 4487">
     <span class='ocr_line' id='line_1_78' title="bbox 624 4418 2163 4487; baseline -0.002 -15"><span class='ocrx_word' id='word_1_552' title='bbox 624 4420 788 4473; x_wconf 86' lang='lat' dir='ltr'><strong>timor</strong></span> <span class='ocrx_word' id='word_1_553' title='bbox 818 4421 1052 4483; x_wconf 87' lang='lat' dir='ltr'><strong>incessit,</strong></span> <span class='ocrx_word' id='word_1_554' title='bbox 1081 4419 1304 4487; x_wconf 85' lang='lat' dir='ltr'><strong>ideoque</strong></span> <span class='ocrx_word' id='word_1_555' title='bbox 1340 4418 1587 4487; x_wconf 84' lang='lat' dir='ltr'><strong>periculis</strong></span> <span class='ocrx_word' id='word_1_556' title='bbox 1618 4432 1674 4471; x_wconf 89' lang='lat' dir='ltr'><strong>se</strong></span> <span class='ocrx_word' id='word_1_557' title='bbox 1694 4418 2057 4483; x_wconf 75' lang='lat' dir='ltr'><strong>obiectabant,</strong></span> <span class='ocrx_word' id='word_1_558' title='bbox 2078 4432 2163 4470; x_wconf 85' lang='lat' dir='ltr'><strong>ac-</strong></span> 
     </span>
    </p>
   </div>
   <div class='ocr_carea' id='block_1_79' title="bbox 625 4511 2163 4579">
    <p class='ocr_par' dir='ltr' id='par_1_79' title="bbox 625 4511 2163 4579">
     <span class='ocr_line' id='line_1_79' title="bbox 625 4511 2163 4579; baseline -0.001 -16"><span class='ocrx_word' id='word_1_559' title='bbox 625 4522 775 4577; x_wconf 88' lang='lat' dir='ltr'><strong>cepta</strong></span> <span class='ocrx_word' id='word_1_560' title='bbox 808 4525 835 4561; x_wconf 90' lang='lat' dir='ltr'><strong>a</strong></span> <span class='ocrx_word' id='word_1_561' title='bbox 867 4512 1119 4579; x_wconf 79' lang='lat' dir='ltr'><strong>magistro</strong></span> <span class='ocrx_word' id='word_1_562' title='bbox 1152 4511 1309 4562; x_wconf 78' lang='lat' dir='ltr'><strong>arrlia</strong></span> <span class='ocrx_word' id='word_1_563' title='bbox 1333 4511 1456 4563; x_wconf 66' lang='lat' dir='ltr'><strong>vitae</strong></span> <span class='ocrx_word' id='word_1_564' title='bbox 1487 4518 1602 4577; x_wconf 89' lang='lat' dir='ltr'><strong>post</strong></span> <span class='ocrx_word' id='word_1_565' title='bbox 1634 4520 1855 4562; x_wconf 89' lang='lat' dir='ltr'><strong>mortem</strong></span> <span class='ocrx_word' id='word_1_566' title='bbox 1896 4511 2163 4573; x_wconf 63' lang='lat' dir='ltr'><strong>vivendte;</strong></span> 
     </span>
    </p>
   </div>
   <div class='ocr_carea' id='block_1_80' title="bbox 626 4600 2166 4668">
    <p class='ocr_par' dir='ltr' id='par_1_80' title="bbox 626 4600 2166 4668">
     <span class='ocr_line' id='line_1_80' title="bbox 626 4600 2166 4668; baseline 0.001 -16"><span class='ocrx_word' id='word_1_567' title='bbox 626 4613 925 4667; x_wconf 80' lang='lat' dir='ltr'><strong>magnoque</strong></span> <span class='ocrx_word' id='word_1_568' title='bbox 947 4600 1133 4652; x_wconf 83' lang='lat' dir='ltr'><strong>animo</strong></span> <span class='ocrx_word' id='word_1_569' title='bbox 1180 4609 1401 4652; x_wconf 91' lang='lat' dir='ltr'><strong>cunctas</strong></span> <span class='ocrx_word' id='word_1_570' title='bbox 1430 4612 1613 4668; x_wconf 81' lang='lat' dir='ltr'><strong>gentes</strong></span> <span class='ocrx_word' id='word_1_571' title='bbox 1651 4600 1890 4659; x_wconf 84' lang='lat' dir='ltr'><strong>obibant,</strong></span> <span class='ocrx_word' id='word_1_572' title='bbox 1924 4601 2166 4667; x_wconf 80' lang='lat' dir='ltr'><strong>magistri</strong></span> 
     </span>
    </p>
   </div>
   <div class='ocr_carea' id='block_1_81' title="bbox 2276 3512 3830 3585">
    <p class='ocr_par' dir='ltr' id='par_1_81' title="bbox 2276 3512 3830 3585">
     <span class='ocr_line' id='line_1_81' title="bbox 2276 3512 3830 3585; baseline -0.001 -20"><span class='ocrx_word' id='word_1_573' title='bbox 2276 3513 2659 3585; x_wconf 70' lang='grc' dir='ltr'>Ἑλλήνων·κώ</span> <span class='ocrx_word' id='word_1_574' title='bbox 2708 3513 3009 3585; x_wconf 82' lang='grc' dir='ltr'>Ῥωμαίων,</span> <span class='ocrx_word' id='word_1_575' title='bbox 3038 3512 3347 3579; x_wconf 79' lang='grc' dir='ltr'>Αἰγυπτίων</span> <span class='ocrx_word' id='word_1_576' title='bbox 3384 3529 3443 3563; x_wconf 90' lang='grc' dir='ltr'><strong>τε</strong></span> <span class='ocrx_word' id='word_1_577' title='bbox 3478 3514 3572 3564; x_wconf 65' lang='grc' dir='ltr'><strong>καὶ</strong></span> <span class='ocrx_word' id='word_1_578' title='bbox 3598 3514 3830 3582; x_wconf 86' lang='grc' dir='ltr'>Περσῶν</span> 
     </span>
    </p>
   </div>
   <div class='ocr_carea' id='block_1_82' title="bbox 2265 3601 3833 3676">
    <p class='ocr_par' dir='ltr' id='par_1_82' title="bbox 2265 3601 3833 3676">
     <span class='ocr_line' id='line_1_82' title="bbox 2265 3601 3833 3676; baseline -0.001 -21"><span class='ocrx_word' id='word_1_579' title='bbox 2265 3604 2356 3655; x_wconf 73' lang='grc' dir='ltr'>καὶ</span> <span class='ocrx_word' id='word_1_580' title='bbox 2397 3604 2504 3656; x_wconf 89' lang='grc' dir='ltr'><strong>τῶν</strong></span> <span class='ocrx_word' id='word_1_581' title='bbox 2538 3603 2737 3656; x_wconf 90' lang='grc' dir='ltr'>λοιπῶν</span> <span class='ocrx_word' id='word_1_582' title='bbox 2766 3603 3051 3676; x_wconf 80' lang='grc' dir='ltr'>βαρὸάρων</span> <span class='ocrx_word' id='word_1_583' title='bbox 3083 3602 3248 3656; x_wconf 83' lang='grc' dir='ltr'>ἐθνῶν</span> <span class='ocrx_word' id='word_1_584' title='bbox 3291 3601 3645 3665; x_wconf 67' lang='grc' dir='ltr'>καταστῆναι,</span> <span class='ocrx_word' id='word_1_585' title='bbox 3680 3606 3833 3656; x_wconf 84' lang='grc' dir='ltr'>ἀντι-</span> 
     </span>
    </p>
   </div>
   <div class='ocr_carea' id='block_1_83' title="bbox 2265 3693 3830 3764">
    <p class='ocr_par' dir='ltr' id='par_1_83' title="bbox 2265 3693 3830 3764">
     <span class='ocr_line' id='line_1_83' title="bbox 2265 3693 3830 3764; baseline 0.003 -18"><span class='ocrx_word' id='word_1_586' title='bbox 2265 3695 2617 3763; x_wconf 62' lang='grc' dir='ltr'>ωμοθετῆσαί</span> <span class='ocrx_word' id='word_1_587' title='bbox 2657 3712 2716 3747; x_wconf 88' lang='grc' dir='ltr'><strong>τε</strong></span> <span class='ocrx_word' id='word_1_588' title='bbox 2761 3698 2872 3758; x_wconf 80' lang='grc' dir='ltr'>τοῖς</span> <span class='ocrx_word' id='word_1_589' title='bbox 2905 3693 3212 3764; x_wconf 84' lang='grc' dir='ltr'>ἁπανταχοῦ</span> <span class='ocrx_word' id='word_1_590' title='bbox 3259 3694 3362 3763; x_wconf 83' lang='grc' dir='ltr'>γῆς</span> <span class='ocrx_word' id='word_1_591' title='bbox 3407 3695 3728 3764; x_wconf 83' lang='grc' dir='ltr'>νομοθέταις</span> <span class='ocrx_word' id='word_1_592' title='bbox 3770 3715 3830 3750; x_wconf 83' lang='grc' dir='ltr'><strong>τε</strong></span> 
     </span>
    </p>
   </div>
   <div class='ocr_carea' id='block_1_84' title="bbox 2265 3784 3832 3855">
    <p class='ocr_par' dir='ltr' id='par_1_84' title="bbox 2265 3784 3832 3855">
     <span class='ocr_line' id='line_1_84' title="bbox 2265 3784 3832 3855; baseline 0.002 -19"><span class='ocrx_word' id='word_1_593' title='bbox 2265 3787 2357 3838; x_wconf 72' lang='grc' dir='ltr'><strong>καὶ</strong></span> <span class='ocrx_word' id='word_1_594' title='bbox 2392 3784 2685 3853; x_wconf 79' lang='grc' dir='ltr'>βασιλεῦσι,</span> <span class='ocrx_word' id='word_1_595' title='bbox 2720 3786 2978 3838; x_wconf 85' lang='grc' dir='ltr'>τάναντία</span> <span class='ocrx_word' id='word_1_596' title='bbox 3010 3788 3119 3847; x_wconf 81' lang='grc' dir='ltr'>τοῖς</span> <span class='ocrx_word' id='word_1_597' title='bbox 3143 3786 3268 3855; x_wconf 75' lang='grc' dir='ltr'>περὶ</span> <span class='ocrx_word' id='word_1_598' title='bbox 3293 3784 3400 3837; x_wconf 90' lang='grc' dir='ltr'><strong>τῶν</strong></span> <span class='ocrx_word' id='word_1_599' title='bbox 3430 3784 3661 3855; x_wconf 86' lang='grc' dir='ltr'>πρώτων</span> <span class='ocrx_word' id='word_1_600' title='bbox 3690 3786 3832 3839; x_wconf 88' lang='grc' dir='ltr'>θεῶν</span> 
     </span>
    </p>
   </div>
   <div class='ocr_carea' id='block_1_85' title="bbox 2264 3871 3831 3944">
    <p class='ocr_par' dir='ltr' id='par_1_85' title="bbox 2264 3871 3831 3944">
     <span class='ocr_line' id='line_1_85' title="bbox 2264 3871 3831 3944; baseline 0 -15"><span class='ocrx_word' id='word_1_601' title='bbox 2264 3879 2328 3929; x_wconf 84' lang='grc' dir='ltr'><strong>ἐκ</strong></span> <span class='ocrx_word' id='word_1_602' title='bbox 2369 3876 2460 3929; x_wconf 80' lang='grc' dir='ltr'>τοῦ</span> <span class='ocrx_word' id='word_1_603' title='bbox 2502 3876 2700 3937; x_wconf 80' lang='grc' dir='ltr'>παντὸς</span> <span class='ocrx_word' id='word_1_604' title='bbox 2745 3875 2935 3939; x_wconf 84' lang='grc' dir='ltr'>αἰῶνος</span> <span class='ocrx_word' id='word_1_605' title='bbox 2979 3871 3339 3944; x_wconf 80' lang='grc' dir='ltr'>δεδογμένοις.</span> <span class='ocrx_word' id='word_1_606' title='bbox 3382 3875 3521 3927; x_wconf 79' lang='grc' dir='ltr'>Ἀλλ’</span> <span class='ocrx_word' id='word_1_607' title='bbox 3556 3876 3657 3928; x_wconf 85' lang='grc' dir='ltr'><strong>οὐκ</strong></span> <span class='ocrx_word' id='word_1_608' title='bbox 3702 3876 3831 3943; x_wconf 75' lang='grc' dir='ltr'>ἐξῆν</span> 
     </span>
    </p>
   </div>
   <div class='ocr_carea' id='block_1_86' title="bbox 2265 3950 3830 4037">
    <p class='ocr_par' dir='ltr' id='par_1_86' title="bbox 2265 3950 3830 4037">
     <span class='ocr_line' id='line_1_86' title="bbox 2265 3950 3830 4037; baseline 0 -18"><span class='ocrx_word' id='word_1_609' title='bbox 2265 3968 2443 4030; x_wconf 84' lang='grc' dir='ltr'>αὐτοῖς</span> <span class='ocrx_word' id='word_1_610' title='bbox 2467 3966 2639 4020; x_wconf 81' lang='grc' dir='ltr'>ταῦτα</span> <span class='ocrx_word' id='word_1_611' title='bbox 2668 3966 3007 4032; x_wconf 77' lang='grc' dir='ltr'>διανοεῖσθαι,</span> <span class='ocrx_word' id='word_1_612' title='bbox 3038 3966 3301 4019; x_wconf 83' lang='grc' dir='ltr'>ἀκούσασι</span> <span class='ocrx_word' id='word_1_613' title='bbox 3338 3950 3606 4037; x_wconf 19' lang='grc' dir='ltr'>μὲνΔΘεοῦ</span> <span class='ocrx_word' id='word_1_614' title='bbox 3645 3968 3830 4037; x_wconf 79' lang='grc' dir='ltr'>φωνῆς</span> 
     </span>
    </p>
   </div>
   <div class='ocr_carea' id='block_1_87' title="bbox 2264 4056 3829 4129">
    <p class='ocr_par' dir='ltr' id='par_1_87' title="bbox 2264 4056 3829 4129">
     <span class='ocr_line' id='line_1_87' title="bbox 2264 4056 3829 4129; baseline 0 -20"><span class='ocrx_word' id='word_1_615' title='bbox 2264 4056 2525 4127; x_wconf 82' lang='grc' dir='ltr'>λεγούσης</span> <span class='ocrx_word' id='word_1_616' title='bbox 2550 4058 2749 4119; x_wconf 83' lang='grc' dir='ltr'>αὐτοῖς,</span> <span class='ocrx_word' id='word_1_617' title='bbox 2787 4057 2937 4111; x_wconf 84' lang='grc' dir='ltr'>Ἰδοὺ</span> <span class='ocrx_word' id='word_1_618' title='bbox 2973 4056 3086 4125; x_wconf 64' lang='grc' dir='ltr'><strong>ἐγὼ</strong></span> <span class='ocrx_word' id='word_1_619' title='bbox 3128 4058 3255 4126; x_wconf 70' lang='grc' dir='ltr'>μεθ’</span> <span class='ocrx_word' id='word_1_620' title='bbox 3293 4057 3459 4126; x_wconf 77' lang='grc' dir='ltr'>ὑμῶν</span> <span class='ocrx_word' id='word_1_621' title='bbox 3482 4060 3599 4126; x_wconf 81' lang='grc' dir='ltr'>εἰμι</span> <span class='ocrx_word' id='word_1_622' title='bbox 3618 4096 3634 4121; x_wconf 87' lang='grc'><strong>,</strong></span> <span class='ocrx_word' id='word_1_623' title='bbox 3659 4058 3829 4129; x_wconf 82' lang='grc' dir='ltr'>δρῶσι</span> 
     </span>
    </p>
   </div>
   <div class='ocr_carea' id='block_1_88' title="bbox 2264 4147 3832 4219">
    <p class='ocr_par' dir='ltr' id='par_1_88' title="bbox 2264 4147 3832 4219">
     <span class='ocr_line' id='line_1_88' title="bbox 2264 4147 3832 4219; baseline 0 -19"><span class='ocrx_word' id='word_1_624' title='bbox 2264 4149 2321 4200; x_wconf 85' lang='grc' dir='ltr'>δὲ</span> <span class='ocrx_word' id='word_1_625' title='bbox 2356 4148 2559 4218; x_wconf 82' lang='grc' dir='ltr'>ἐναργῆ</span> <span class='ocrx_word' id='word_1_626' title='bbox 2592 4148 2687 4218; x_wconf 82' lang='grc' dir='ltr'><strong>τὴν</strong></span> <span class='ocrx_word' id='word_1_627' title='bbox 2718 4147 2810 4200; x_wconf 81' lang='grc' dir='ltr'>τοῦ</span> <span class='ocrx_word' id='word_1_628' title='bbox 2840 4148 3121 4211; x_wconf 82' lang='grc' dir='ltr'>λαλοῦντος</span> <span class='ocrx_word' id='word_1_629' title='bbox 3150 4147 3375 4217; x_wconf 85' lang='grc' dir='ltr'>θεότητα</span> <span class='ocrx_word' id='word_1_630' title='bbox 3418 4148 3701 4219; x_wconf 86' lang='grc' dir='ltr'>κρείττονα</span> <span class='ocrx_word' id='word_1_631' title='bbox 3737 4151 3832 4201; x_wconf 84' lang='grc' dir='ltr'>θα-</span> 
     </span>
    </p>
   </div>
   <div class='ocr_carea' id='block_1_89' title="bbox 2266 4238 3829 4309">
    <p class='ocr_par' dir='ltr' id='par_1_89' title="bbox 2266 4238 3829 4309">
     <span class='ocr_line' id='line_1_89' title="bbox 2266 4238 3829 4309; baseline -0.001 -17"><span class='ocrx_word' id='word_1_632' title='bbox 2266 4241 2427 4293; x_wconf 83' lang='grc' dir='ltr'>νάτου</span> <span class='ocrx_word' id='word_1_633' title='bbox 2462 4239 2779 4307; x_wconf 83' lang='grc' dir='ltr'>φανθεῖσαν·</span> <span class='ocrx_word' id='word_1_634' title='bbox 2819 4238 2899 4291; x_wconf 92' lang='grc' dir='ltr'><strong>διὸ</strong></span> <span class='ocrx_word' id='word_1_635' title='bbox 2931 4240 3024 4292; x_wconf 78' lang='grc' dir='ltr'>καὶ</span> <span class='ocrx_word' id='word_1_636' title='bbox 3044 4239 3158 4303; x_wconf 85' lang='grc' dir='ltr'>δέος</span> <span class='ocrx_word' id='word_1_637' title='bbox 3203 4240 3384 4303; x_wconf 78' lang='grc' dir='ltr'>αὐτοῖς</span> <span class='ocrx_word' id='word_1_638' title='bbox 3419 4239 3516 4308; x_wconf 81' lang='grc' dir='ltr'><strong>τῆς</strong></span> <span class='ocrx_word' id='word_1_639' title='bbox 3538 4238 3829 4309; x_wconf 81' lang='grc' dir='ltr'>παρακοῆς</span> 
     </span>
    </p>
   </div>
   <div class='ocr_carea' id='block_1_90' title="bbox 2267 4329 3831 4401">
    <p class='ocr_par' dir='ltr' id='par_1_90' title="bbox 2267 4329 3831 4401">
     <span class='ocr_line' id='line_1_90' title="bbox 2267 4329 3831 4401; baseline 0.001 -20"><span class='ocrx_word' id='word_1_640' title='bbox 2267 4330 2435 4399; x_wconf 69' lang='grc' dir='ltr'>εἰσῄει</span> <span class='ocrx_word' id='word_1_641' title='bbox 2462 4329 2592 4398; x_wconf 74' lang='grc'>(54).</span> <span class='ocrx_word' id='word_1_642' title='bbox 2624 4330 2811 4381; x_wconf 88' lang='grc' dir='ltr'>Ἔνθεν</span> <span class='ocrx_word' id='word_1_643' title='bbox 2833 4330 2996 4399; x_wconf 83' lang='grc' dir='ltr'>ὁμόσε</span> <span class='ocrx_word' id='word_1_644' title='bbox 3016 4332 3127 4393; x_wconf 77' lang='grc' dir='ltr'>τοῖς</span> <span class='ocrx_word' id='word_1_645' title='bbox 3155 4329 3416 4393; x_wconf 83' lang='grc' dir='ltr'>κινδύνοις</span> <span class='ocrx_word' id='word_1_646' title='bbox 3449 4329 3713 4401; x_wconf 84' lang='grc' dir='ltr'>ἐχώρουν,</span> <span class='ocrx_word' id='word_1_647' title='bbox 3734 4332 3831 4401; x_wconf 84' lang='grc' dir='ltr'>τῆς</span> 
     </span>
    </p>
   </div>
   <div class='ocr_carea' id='block_1_91' title="bbox 2271 4420 3831 4492">
    <p class='ocr_par' dir='ltr' id='par_1_91' title="bbox 2271 4420 3831 4492">
     <span class='ocr_line' id='line_1_91' title="bbox 2271 4420 3831 4492; baseline 0.001 -19"><span class='ocrx_word' id='word_1_648' title='bbox 2271 4422 2407 4490; x_wconf 86' lang='grc' dir='ltr'><strong>μετά</strong></span> <span class='ocrx_word' id='word_1_649' title='bbox 2430 4421 2653 4473; x_wconf 84' lang='grc' dir='ltr'>θάνατον</span> <span class='ocrx_word' id='word_1_650' title='bbox 2684 4420 2825 4489; x_wconf 82' lang='grc' dir='ltr'>ζωῆς</span> <span class='ocrx_word' id='word_1_651' title='bbox 2852 4420 3001 4492; x_wconf 82' lang='grc' dir='ltr'>παρὰ</span> <span class='ocrx_word' id='word_1_652' title='bbox 3021 4420 3115 4473; x_wconf 80' lang='grc' dir='ltr'>τοῦ</span> <span class='ocrx_word' id='word_1_653' title='bbox 3140 4421 3455 4473; x_wconf 84' lang='grc' dir='ltr'>διδασκάλου</span> <span class='ocrx_word' id='word_1_654' title='bbox 3480 4421 3737 4484; x_wconf 73' lang='grc' dir='ltr'>λαϐόντες</span> <span class='ocrx_word' id='word_1_655' title='bbox 3766 4422 3831 4475; x_wconf 80' lang='grc' dir='ltr'>τὰ</span> 
     </span>
    </p>
   </div>
   <div class='ocr_carea' id='block_1_92' title="bbox 2270 4509 3829 4581">
    <p class='ocr_par' dir='ltr' id='par_1_92' title="bbox 2270 4509 3829 4581">
     <span class='ocr_line' id='line_1_92' title="bbox 2270 4509 3829 4581; baseline 0.001 -19"><span class='ocrx_word' id='word_1_656' title='bbox 2270 4510 2534 4578; x_wconf 72' lang='grc' dir='ltr'>ἐχέγγυαο</span> <span class='ocrx_word' id='word_1_657' title='bbox 2569 4509 2833 4577; x_wconf 82' lang='grc' dir='ltr'>προῆλθόν</span> <span class='ocrx_word' id='word_1_658' title='bbox 2861 4528 2920 4562; x_wconf 93' lang='grc' dir='ltr'><strong>τε</strong></span> <span class='ocrx_word' id='word_1_659' title='bbox 2956 4510 3232 4581; x_wconf 74' lang='grc' dir='ltr'>εὐθαρσῶς</span> <span class='ocrx_word' id='word_1_660' title='bbox 3260 4512 3351 4562; x_wconf 70' lang='grc' dir='ltr'><strong>ἐπὶ</strong></span> <span class='ocrx_word' id='word_1_661' title='bbox 3386 4509 3484 4579; x_wconf 83' lang='grc' dir='ltr'>τὴν</span> <span class='ocrx_word' id='word_1_662' title='bbox 3517 4512 3627 4563; x_wconf 89' lang='grc' dir='ltr'><strong>τῶν</strong></span> <span class='ocrx_word' id='word_1_663' title='bbox 3654 4513 3829 4565; x_wconf 81' lang='grc' dir='ltr'>ἀπάν-</span> 
     </span>
    </p>
   </div>
   <div class='ocr_carea' id='block_1_93' title="bbox 2267 4599 3833 4669">
    <p class='ocr_par' dir='ltr' id='par_1_93' title="bbox 2267 4599 3833 4669">
     <span class='ocr_line' id='line_1_93' title="bbox 2267 4599 3833 4669; baseline 0.001 -16"><span class='ocrx_word' id='word_1_664' title='bbox 2267 4617 2373 4653; x_wconf 89' lang='grc' dir='ltr'><strong>των</strong></span> <span class='ocrx_word' id='word_1_665' title='bbox 2407 4599 2572 4653; x_wconf 84' lang='grc' dir='ltr'>ἐθνῶν</span> <span class='ocrx_word' id='word_1_666' title='bbox 2613 4601 2876 4669; x_wconf 79' lang='grc' dir='ltr'>περίοδον,</span> <span class='ocrx_word' id='word_1_667' title='bbox 2907 4600 3001 4652; x_wconf 80' lang='grc' dir='ltr'><strong>τοῦ</strong></span> <span class='ocrx_word' id='word_1_668' title='bbox 3040 4617 3188 4668; x_wconf 77' lang='grc' dir='ltr'>σφων</span> <span class='ocrx_word' id='word_1_669' title='bbox 3228 4599 3541 4652; x_wconf 79' lang='grc' dir='ltr'>διδασκάλου</span> <span class='ocrx_word' id='word_1_670' title='bbox 3572 4600 3673 4665; x_wconf 77' lang='grc' dir='ltr'>τὰς</span> <span class='ocrx_word' id='word_1_671' title='bbox 3704 4603 3833 4654; x_wconf 73' lang='grc' dir='ltr'>ὑπο-</span> 
     </span>
    </p>
   </div>
   <div class='ocr_carea' id='block_1_94' title="bbox 627 4684 2160 4786">
    <p class='ocr_par' dir='ltr' id='par_1_94' title="bbox 627 4688 2160 4758">
     <span class='ocr_line' id='line_1_94' title="bbox 627 4688 2160 4758; baseline 0.002 -19"><span class='ocrx_word' id='word_1_672' title='bbox 627 4688 706 4739; x_wconf 90' lang='lat' dir='ltr'><strong>sui</strong></span> <span class='ocrx_word' id='word_1_673' title='bbox 753 4691 1133 4755; x_wconf 86' lang='lat' dir='ltr'><strong>promissiones</strong></span> <span class='ocrx_word' id='word_1_674' title='bbox 1173 4705 1336 4758; x_wconf 90' lang='lat' dir='ltr'><strong>opere</strong></span> <span class='ocrx_word' id='word_1_675' title='bbox 1376 4690 1757 4745; x_wconf 83' lang='lat' dir='ltr'><strong>conlirmantes</strong></span> <span class='ocrx_word' id='word_1_676' title='bbox 1790 4688 1898 4758; x_wconf 85' lang='lat'><strong>(55)</strong></span> <span class='ocrx_word' id='word_1_677' title='bbox 1931 4707 1944 4741; x_wconf 90' lang='lat'>:</span> <span class='ocrx_word' id='word_1_678' title='bbox 1974 4690 2160 4757; x_wconf 83' lang='lat' dir='ltr'><strong>quibus</strong></span> 
     </span>
    </p>
   </div>
   <div class='ocr_carea' id='block_1_95' title="bbox 2259 4684 3830 4786">
    <p class='ocr_par' dir='ltr' id='par_1_95' title="bbox 2274 4684 3830 4761">
     <span class='ocr_line' id='line_1_95' title="bbox 2274 4684 3830 4761; baseline 0.003 -20"><span class='ocrx_word' id='word_1_679' title='bbox 2274 4690 2481 4759; x_wconf 87' lang='grc' dir='ltr'>σχέσεις</span> <span class='ocrx_word' id='word_1_680' title='bbox 2508 4689 2695 4759; x_wconf 61' lang='grc' dir='ltr'>ἔργοις</span> <span class='ocrx_word' id='word_1_681' title='bbox 2738 4690 3112 4759; x_wconf 81' lang='grc' dir='ltr'>πιστούμενοι’</span> <span class='ocrx_word' id='word_1_682' title='bbox 3149 4684 3227 4752; x_wconf 73' lang='grc' dir='ltr'>οἷς</span> <span class='ocrx_word' id='word_1_683' title='bbox 3261 4691 3351 4743; x_wconf 65' lang='grc' dir='ltr'><strong>καὶ</strong></span> <span class='ocrx_word' id='word_1_684' title='bbox 3374 4691 3476 4759; x_wconf 70' lang='grc' dir='ltr'><strong>ἐφη</strong></span> <span class='ocrx_word' id='word_1_685' title='bbox 3498 4707 3510 4721; x_wconf 74' lang='grc' dir='ltr'><strong>ο</strong></span> <span class='ocrx_word' id='word_1_686' title='bbox 3549 4692 3739 4761; x_wconf 80' lang='grc' dir='ltr'>Ὑμεῖς</span> <span class='ocrx_word' id='word_1_687' title='bbox 3775 4692 3830 4745; x_wconf 79' lang='grc' dir='ltr'><strong>δέ</strong></span> 
     </span>
    </p>
   </div>
   <div class='ocr_carea' id='block_1_96' title="bbox 625 4778 2170 4842">
    <p class='ocr_par' dir='ltr' id='par_1_96' title="bbox 625 4778 2170 4842">
     <span class='ocr_line' id='line_1_96' title="bbox 625 4778 2170 4842; baseline 0.002 -12"><span class='ocrx_word' id='word_1_688' title='bbox 625 4780 784 4831; x_wconf 86' lang='lat' dir='ltr'><strong>etiam</strong></span> <span class='ocrx_word' id='word_1_689' title='bbox 808 4781 1050 4833; x_wconf 82' lang='lat' dir='ltr'><strong>dixerat:</strong></span> <span class='ocrx_word' id='word_1_690' title='bbox 1084 4778 1189 4833; x_wconf 82' lang='lat' dir='ltr'><strong>Vos</strong></span> <span class='ocrx_word' id='word_1_691' title='bbox 1224 4781 1350 4833; x_wconf 83' lang='lat' dir='ltr'><strong>estis</strong></span> <span class='ocrx_word' id='word_1_692' title='bbox 1382 4781 1570 4834; x_wconf 85' lang='lat' dir='ltr'><strong>horum</strong></span> <span class='ocrx_word' id='word_1_693' title='bbox 1598 4789 1779 4842; x_wconf 87' lang='lat' dir='ltr'><strong>testes,</strong></span> <span class='ocrx_word' id='word_1_694' title='bbox 1815 4781 2000 4836; x_wconf 87' lang='lat' dir='ltr'><strong>mortis</strong></span> <span class='ocrx_word' id='word_1_695' title='bbox 2026 4781 2170 4833; x_wconf 88' lang='lat' dir='ltr'><strong>vide-</strong></span> 
     </span>
    </p>
   </div>
   <div class='ocr_carea' id='block_1_97' title="bbox 627 4868 1291 4923">
    <p class='ocr_par' dir='ltr' id='par_1_97' title="bbox 627 4868 1291 4923">
     <span class='ocr_line' id='line_1_97' title="bbox 627 4868 1291 4923; baseline 0 -3"><span class='ocrx_word' id='word_1_696' title='bbox 627 4868 751 4923; x_wconf 89' lang='lat' dir='ltr'><strong>licet</strong></span> <span class='ocrx_word' id='word_1_697' title='bbox 776 4884 837 4922; x_wconf 91' lang='lat' dir='ltr'><strong>ac</strong></span> <span class='ocrx_word' id='word_1_698' title='bbox 862 4870 1291 4922; x_wconf 85' lang='lat' dir='ltr'><strong>resurrectionis.</strong></span> 
     </span>
    </p>
   </div>
   <div class='ocr_carea' id='block_1_98' title="bbox 696 4961 2173 5029">
    <p class='ocr_par' dir='ltr' id='par_1_98' title="bbox 696 4961 2173 5029">
     <span class='ocr_line' id='line_1_98' title="bbox 696 4961 2173 5029; baseline 0.001 -14"><span class='ocrx_word' id='word_1_699' title='bbox 696 4962 748 5015; x_wconf 76' lang='lat'><strong>3.</strong></span> <span class='ocrx_word' id='word_1_700' title='bbox 780 4961 908 5014; x_wconf 88' lang='lat' dir='ltr'><strong>Cum</strong></span> <span class='ocrx_word' id='word_1_701' title='bbox 938 4976 1065 5029; x_wconf 78' lang='lat' dir='ltr'><strong>ergo</strong></span> <span class='ocrx_word' id='word_1_702' title='bbox 1104 4961 1269 5013; x_wconf 92' lang='lat' dir='ltr'><strong>semel</strong></span> <span class='ocrx_word' id='word_1_703' title='bbox 1324 4961 1649 5015; x_wconf 85' lang='lat' dir='ltr'><strong>declarasset</strong></span> <span class='ocrx_word' id='word_1_704' title='bbox 1694 4971 1937 5029; x_wconf 88' lang='lat' dir='ltr'><strong>oportere</strong></span> <span class='ocrx_word' id='word_1_705' title='bbox 1984 4962 2037 5014; x_wconf 92' lang='lat' dir='ltr'><strong>in</strong></span> <span class='ocrx_word' id='word_1_706' title='bbox 2074 4978 2173 5017; x_wconf 84' lang='lat' dir='ltr'><strong>no-</strong></span> 
     </span>
    </p>
   </div>
   <div class='ocr_carea' id='block_1_99' title="bbox 630 5052 2177 5122">
    <p class='ocr_par' dir='ltr' id='par_1_99' title="bbox 630 5052 2177 5122">
     <span class='ocr_line' id='line_1_99' title="bbox 630 5052 2177 5122; baseline 0.002 -19"><span class='ocrx_word' id='word_1_707' title='bbox 630 5054 772 5106; x_wconf 86' lang='lat' dir='ltr'><strong>mine</strong></span> <span class='ocrx_word' id='word_1_708' title='bbox 803 5054 916 5120; x_wconf 89' lang='lat' dir='ltr'><strong>ejus</strong></span> <span class='ocrx_word' id='word_1_709' title='bbox 958 5052 1232 5120; x_wconf 67' lang='lat' dir='ltr'><strong>prmdicari</strong></span> <span class='ocrx_word' id='word_1_710' title='bbox 1273 5054 1643 5120; x_wconf 58' lang='lat' dir='ltr'><strong>paenitentiam</strong></span> <span class='ocrx_word' id='word_1_711' title='bbox 1677 5057 1726 5106; x_wconf 93' lang='lat' dir='ltr'><strong>in</strong></span> <span class='ocrx_word' id='word_1_712' title='bbox 1760 5055 1965 5108; x_wconf 87' lang='lat' dir='ltr'><strong>cunctis</strong></span> <span class='ocrx_word' id='word_1_713' title='bbox 2002 5055 2177 5122; x_wconf 79' lang='lat' dir='ltr'><strong>genti—</strong></span> 
     </span>
    </p>
   </div>
   <div class='ocr_carea' id='block_1_100' title="bbox 630 5143 2172 5209">
    <p class='ocr_par' dir='ltr' id='par_1_100' title="bbox 630 5143 2172 5209">
     <span class='ocr_line' id='line_1_100' title="bbox 630 5143 2172 5209; baseline 0 -13"><span class='ocrx_word' id='word_1_714' title='bbox 630 5146 761 5205; x_wconf 83' lang='lat' dir='ltr'><strong>bus;</strong></span> <span class='ocrx_word' id='word_1_715' title='bbox 803 5144 901 5196; x_wconf 89' lang='lat' dir='ltr'><strong>nisi</strong></span> <span class='ocrx_word' id='word_1_716' title='bbox 924 5144 1060 5195; x_wconf 78' lang='lat' dir='ltr'><strong>facta</strong></span> <span class='ocrx_word' id='word_1_717' title='bbox 1094 5143 1271 5195; x_wconf 80' lang='lat' dir='ltr'><strong>verbis</strong></span> <span class='ocrx_word' id='word_1_718' title='bbox 1302 5153 1480 5209; x_wconf 83' lang='lat' dir='ltr'><strong>postea</strong></span> <span class='ocrx_word' id='word_1_719' title='bbox 1504 5145 1912 5207; x_wconf 84' lang='lat' dir='ltr'><strong>consensissent,</strong></span> <span class='ocrx_word' id='word_1_720' title='bbox 1939 5160 2003 5197; x_wconf 87' lang='lat' dir='ltr'><strong>ne</strong></span> <span class='ocrx_word' id='word_1_721' title='bbox 2026 5145 2172 5197; x_wconf 88' lang='lat' dir='ltr'><strong>illum</strong></span> 
     </span>
    </p>
   </div>
   <div class='ocr_carea' id='block_1_101' title="bbox 630 5236 2173 5303">
    <p class='ocr_par' dir='ltr' id='par_1_101' title="bbox 630 5236 2173 5303">
     <span class='ocr_line' id='line_1_101' title="bbox 630 5236 2173 5303; baseline 0 -15"><span class='ocrx_word' id='word_1_722' title='bbox 630 5237 844 5303; x_wconf 89' lang='lat' dir='ltr'><strong>quidem</strong></span> <span class='ocrx_word' id='word_1_723' title='bbox 872 5252 899 5287; x_wconf 87' lang='lat' dir='ltr'><strong>a</strong></span> <span class='ocrx_word' id='word_1_724' title='bbox 925 5237 1149 5288; x_wconf 90' lang='lat' dir='ltr'><strong>mortuis</strong></span> <span class='ocrx_word' id='word_1_725' title='bbox 1174 5236 1434 5289; x_wconf 85' lang='lat' dir='ltr'><strong>revixisse</strong></span> <span class='ocrx_word' id='word_1_726' title='bbox 1457 5236 1819 5288; x_wconf 86' lang='lat' dir='ltr'><strong>crederemus.</strong></span> <span class='ocrx_word' id='word_1_727' title='bbox 1868 5236 1962 5289; x_wconf 89' lang='lat' dir='ltr'><strong>Sin</strong></span> <span class='ocrx_word' id='word_1_728' title='bbox 1999 5238 2173 5303; x_wconf 83' lang='lat' dir='ltr'><strong>potius</strong></span> 
     </span>
    </p>
   </div>
   <div class='ocr_carea' id='block_1_102' title="bbox 635 5326 2172 5395">
    <p class='ocr_par' dir='ltr' id='par_1_102' title="bbox 635 5326 2172 5395">
     <span class='ocr_line' id='line_1_102' title="bbox 635 5326 2172 5395; baseline -0.003 -16"><span class='ocrx_word' id='word_1_729' title='bbox 635 5327 699 5379; x_wconf 89' lang='lat' dir='ltr'><strong>ad</strong></span> <span class='ocrx_word' id='word_1_730' title='bbox 730 5328 863 5381; x_wconf 88' lang='lat' dir='ltr'><strong>hanc</strong></span> <span class='ocrx_word' id='word_1_731' title='bbox 900 5340 1066 5395; x_wconf 87' lang='lat' dir='ltr'><strong>usque</strong></span> <span class='ocrx_word' id='word_1_732' title='bbox 1098 5327 1234 5379; x_wconf 91' lang='lat' dir='ltr'><strong>diem</strong></span> <span class='ocrx_word' id='word_1_733' title='bbox 1262 5336 1470 5379; x_wconf 88' lang='lat' dir='ltr'><strong>etnunc</strong></span> <span class='ocrx_word' id='word_1_734' title='bbox 1495 5327 1653 5379; x_wconf 81' lang='lat' dir='ltr'><strong>etiam</strong></span> <span class='ocrx_word' id='word_1_735' title='bbox 1679 5326 1952 5392; x_wconf 59' lang='lat' dir='ltr'><strong>prmdictio</strong></span> <span class='ocrx_word' id='word_1_736' title='bbox 1982 5326 2033 5377; x_wconf 92' lang='lat' dir='ltr'><strong>in</strong></span> <span class='ocrx_word' id='word_1_737' title='bbox 2064 5341 2172 5378; x_wconf 87' lang='lat' dir='ltr'><strong>rem</strong></span> 
     </span>
    </p>
   </div>
   <div class='ocr_carea' id='block_1_103' title="bbox 707 5496 2180 5565">
    <p class='ocr_par' dir='ltr' id='par_1_103' title="bbox 707 5496 2180 5565">
     <span class='ocr_line' id='line_1_103' title="bbox 707 5496 2180 5565; baseline 0.005 -22"><span class='ocrx_word' id='word_1_738' title='bbox 707 5498 815 5565; x_wconf 70' lang='lat'><strong>(35)</strong></span> <span class='ocrx_word' id='word_1_739' title='bbox 841 5497 1007 5548; x_wconf 83' lang='lat' dir='ltr'><strong>Aliter</strong></span> <span class='ocrx_word' id='word_1_740' title='bbox 1030 5497 1113 5548; x_wconf 89' lang='lat' dir='ltr'><strong>hic</strong></span> <span class='ocrx_word' id='word_1_741' title='bbox 1134 5496 1471 5564; x_wconf 76' lang='lat' dir='ltr'><strong>interpungit,</strong></span> <span class='ocrx_word' id='word_1_742' title='bbox 1498 5506 1990 5564; x_wconf 87' lang='lat' dir='ltr'><strong>c0nsequenterque</strong></span> <span class='ocrx_word' id='word_1_743' title='bbox 2016 5499 2180 5550; x_wconf 88' lang='lat' dir='ltr'><strong>inter-</strong></span> 
     </span>
    </p>
   </div>
   <div class='ocr_carea' id='block_1_104' title="bbox 635 5566 1307 5636">
    <p class='ocr_par' dir='ltr' id='par_1_104' title="bbox 635 5566 1307 5636">
     <span class='ocr_line' id='line_1_104' title="bbox 635 5566 1307 5636; baseline -0.003 -19"><span class='ocrx_word' id='word_1_744' title='bbox 635 5577 871 5636; x_wconf 81' lang='lat' dir='ltr'><strong>pretatur</strong></span> <span class='ocrx_word' id='word_1_745' title='bbox 899 5567 1069 5619; x_wconf 88' lang='lat' dir='ltr'><strong>editor</strong></span> <span class='ocrx_word' id='word_1_746' title='bbox 1090 5566 1307 5632; x_wconf 82' lang='lat' dir='ltr'><strong>Anglus.</strong></span> 
     </span>
    </p>
   </div>
   <div class='ocr_carea' id='block_1_105' title="bbox 714 5634 2180 5703">
    <p class='ocr_par' dir='ltr' id='par_1_105' title="bbox 714 5634 2180 5703">
     <span class='ocr_line' id='line_1_105' title="bbox 714 5634 2180 5703; baseline 0.001 -20"><span class='ocrx_word' id='word_1_747' title='bbox 714 5635 822 5699; x_wconf 66' lang='grc'><strong>(54)</strong></span> <span class='ocrx_word' id='word_1_748' title='bbox 847 5636 968 5687; x_wconf 83' lang='lat' dir='ltr'><strong>Abit</strong></span> <span class='ocrx_word' id='word_1_749' title='bbox 996 5637 1043 5686; x_wconf 89' lang='lat' dir='ltr'><strong>in</strong></span> <span class='ocrx_word' id='word_1_750' title='bbox 1074 5637 1233 5687; x_wconf 84' lang='lat' dir='ltr'><strong>alium</strong></span> <span class='ocrx_word' id='word_1_751' title='bbox 1263 5650 1476 5699; x_wconf 80' lang='lat' dir='ltr'><strong>prorsus</strong></span> <span class='ocrx_word' id='word_1_752' title='bbox 1510 5650 1723 5686; x_wconf 78' lang='lat' dir='ltr'><strong>sensum</strong></span> <span class='ocrx_word' id='word_1_753' title='bbox 1760 5635 1969 5701; x_wconf 62' lang='lat' dir='ltr'><strong>Anglice</strong></span> <span class='ocrx_word' id='word_1_754' title='bbox 1998 5651 2059 5685; x_wconf 78' lang='lat' dir='ltr'><strong>cx</strong></span> <span class='ocrx_word' id='word_1_755' title='bbox 2087 5634 2180 5703; x_wconf 85' lang='lat' dir='ltr'><strong>Sy-</strong></span> 
     </span>
    </p>
   </div>
   <div class='ocr_carea' id='block_1_106' title="bbox 638 5703 2178 5770">
    <p class='ocr_par' dir='ltr' id='par_1_106' title="bbox 638 5703 2178 5770">
     <span class='ocr_line' id='line_1_106' title="bbox 638 5703 2178 5770; baseline -0.001 -15"><span class='ocrx_word' id='word_1_756' title='bbox 638 5707 783 5757; x_wconf 86' lang='lat' dir='ltr'><strong>riaco</strong></span> <span class='ocrx_word' id='word_1_757' title='bbox 841 5706 1205 5769; x_wconf 79' lang='lat' dir='ltr'><strong>interpretatio</strong></span> <span class='ocrx_word' id='word_1_758' title='bbox 1244 5721 1255 5754; x_wconf 88' lang='lat'><strong>:</strong></span> <span class='ocrx_word' id='word_1_759' title='bbox 1296 5703 1593 5769; x_wconf 77' lang='lat' dir='ltr'><strong>Respectiug</strong></span> <span class='ocrx_word' id='word_1_760' title='bbox 1641 5704 1763 5754; x_wconf 75' lang='lat' dir='ltr'><strong>wich</strong></span> <span class='ocrx_word' id='word_1_761' title='bbox 1803 5705 2029 5756; x_wconf 79' lang='lat' dir='ltr'><strong>however</strong></span> <span class='ocrx_word' id='word_1_762' title='bbox 2062 5706 2178 5770; x_wconf 80' lang='lat' dir='ltr'><strong>they</strong></span> 
     </span>
    </p>
   </div>
   <div class='ocr_carea' id='block_1_107' title="bbox 638 5774 2176 5831">
    <p class='ocr_par' dir='ltr' id='par_1_107' title="bbox 638 5774 2176 5831">
     <span class='ocr_line' id='line_1_107' title="bbox 638 5774 2176 5831; baseline 0.001 -6"><span class='ocrx_word' id='word_1_763' title='bbox 638 5775 741 5827; x_wconf 71' lang='lat' dir='ltr'><strong>had</strong></span> <span class='ocrx_word' id='word_1_764' title='bbox 764 5775 1078 5826; x_wconf 76' lang='lat' dir='ltr'><strong>entertained</strong></span> <span class='ocrx_word' id='word_1_765' title='bbox 1108 5774 1234 5826; x_wconf 67' lang='lat' dir='ltr'><strong>fear.</strong></span> <span class='ocrx_word' id='word_1_766' title='bbox 1277 5774 1517 5831; x_wconf 60' lang='lat' dir='ltr'><strong>(Syriaco</strong></span> <span class='ocrx_word' id='word_1_767' title='bbox 1550 5782 1694 5825; x_wconf 80' lang='lat' dir='ltr'><strong>textu</strong></span> <span class='ocrx_word' id='word_1_768' title='bbox 1730 5788 1812 5824; x_wconf 86' lang='lat' dir='ltr'><strong>me</strong></span> <span class='ocrx_word' id='word_1_769' title='bbox 1840 5789 2025 5827; x_wconf 79' lang='lat' dir='ltr'><strong>carere</strong></span> <span class='ocrx_word' id='word_1_770' title='bbox 2073 5788 2176 5827; x_wconf 89' lang='lat' dir='ltr'><strong>non</strong></span> 
     </span>
    </p>
   </div>
   <div class='ocr_carea' id='block_1_108' title="bbox 2278 4779 3834 4852">
    <p class='ocr_par' dir='ltr' id='par_1_108' title="bbox 2278 4779 3834 4852">
     <span class='ocr_line' id='line_1_108' title="bbox 2278 4779 3834 4852; baseline 0.001 -19"><span class='ocrx_word' id='word_1_771' title='bbox 2278 4784 2398 4834; x_wconf 84' lang='grc' dir='ltr'>ἐστε</span> <span class='ocrx_word' id='word_1_772' title='bbox 2442 4781 2711 4851; x_wconf 87' lang='grc' dir='ltr'>μάρτυρες</span> <span class='ocrx_word' id='word_1_773' title='bbox 2756 4781 2978 4843; x_wconf 88' lang='grc' dir='ltr'>τούτων,</span> <span class='ocrx_word' id='word_1_774' title='bbox 3009 4780 3101 4831; x_wconf 80' lang='grc' dir='ltr'>τοῦ</span> <span class='ocrx_word' id='word_1_775' title='bbox 3123 4779 3348 4833; x_wconf 88' lang='grc' dir='ltr'>θανάτου</span> <span class='ocrx_word' id='word_1_776' title='bbox 3380 4781 3579 4851; x_wconf 76' lang='grc' dir='ltr'>δηλαδὴ</span> <span class='ocrx_word' id='word_1_777' title='bbox 3609 4783 3704 4834; x_wconf 76' lang='grc' dir='ltr'><strong>καὶ</strong></span> <span class='ocrx_word' id='word_1_778' title='bbox 3736 4782 3834 4852; x_wconf 83' lang='grc' dir='ltr'>τῆς</span> 
     </span>
    </p>
   </div>
   <div class='ocr_carea' id='block_1_109' title="bbox 2277 4873 2633 4933">
    <p class='ocr_par' dir='ltr' id='par_1_109' title="bbox 2277 4873 2633 4933">
     <span class='ocr_line' id='line_1_109' title="bbox 2277 4873 2633 4933; baseline -0.003 -9"><span class='ocrx_word' id='word_1_779' title='bbox 2277 4873 2633 4933; x_wconf 85' lang='grc' dir='ltr'>ἀναστάσεως.</span> 
     </span>
    </p>
   </div>
   <div class='ocr_carea' id='block_1_110' title="bbox 2347 4958 3835 5034">
    <p class='ocr_par' dir='ltr' id='par_1_110' title="bbox 2347 4958 3835 5034">
     <span class='ocr_line' id='line_1_110' title="bbox 2347 4958 3835 5034; baseline 0.016 -20"><span class='ocrx_word' id='word_1_780' title='bbox 2347 4962 2551 5031; x_wconf 79' lang='lat'><strong>(55-56)</strong></span> <span class='ocrx_word' id='word_1_781' title='bbox 2580 4969 2645 5029; x_wconf 90' lang='grc' dir='ltr'><strong>γ’.</strong></span> <span class='ocrx_word' id='word_1_782' title='bbox 2681 4962 2859 5027; x_wconf 68' lang='grc' dir='ltr'>Ἅπαξ</span> <span class='ocrx_word' id='word_1_783' title='bbox 2882 4958 2972 5015; x_wconf 78' lang='grc' dir='ltr'>οὖν</span> <span class='ocrx_word' id='word_1_784' title='bbox 2988 4962 3412 5032; x_wconf 70' lang='grc' dir='ltr'>ἀποφηναμένου</span> <span class='ocrx_word' id='word_1_785' title='bbox 3430 4964 3538 5015; x_wconf 77' lang='grc' dir='ltr'>δεῖν</span> <span class='ocrx_word' id='word_1_786' title='bbox 3555 4964 3835 5034; x_wconf 68' lang='grc' dir='ltr'><strong>κηριηιθῆ⁸</strong></span> 
     </span>
    </p>
   </div>
   <div class='ocr_carea' id='block_1_111' title="bbox 2278 5052 3831 5123">
    <p class='ocr_par' dir='ltr' id='par_1_111' title="bbox 2278 5052 3831 5123">
     <span class='ocr_line' id='line_1_111' title="bbox 2278 5052 3831 5123; baseline 0.003 -20"><span class='ocrx_word' id='word_1_787' title='bbox 2278 5052 2369 5103; x_wconf 73' lang='grc' dir='ltr'><strong>ἐπὶ</strong></span> <span class='ocrx_word' id='word_1_788' title='bbox 2386 5052 2461 5120; x_wconf 83' lang='grc' dir='ltr'>τῷ</span> <span class='ocrx_word' id='word_1_789' title='bbox 2484 5052 2701 5121; x_wconf 82' lang='grc' dir='ltr'>ὀνόματι</span> <span class='ocrx_word' id='word_1_790' title='bbox 2722 5052 2881 5105; x_wconf 75' lang='grc' dir='ltr'>αὑτοῦ</span> <span class='ocrx_word' id='word_1_791' title='bbox 2904 5054 3183 5121; x_wconf 82' lang='grc' dir='ltr'>μετάνοιαν</span> <span class='ocrx_word' id='word_1_792' title='bbox 3210 5053 3300 5104; x_wconf 70' lang='grc' dir='ltr'><strong>ἐπὶ</strong></span> <span class='ocrx_word' id='word_1_793' title='bbox 3324 5054 3501 5106; x_wconf 88' lang='grc' dir='ltr'>πάντα</span> <span class='ocrx_word' id='word_1_794' title='bbox 3528 5054 3595 5106; x_wconf 87' lang='grc' dir='ltr'>τὰ</span> <span class='ocrx_word' id='word_1_795' title='bbox 3615 5054 3765 5123; x_wconf 79' lang='grc' dir='ltr'>ἔθνη,</span> <span class='ocrx_word' id='word_1_796' title='bbox 3785 5057 3831 5107; x_wconf 88' lang='grc' dir='ltr'><strong>εἰ</strong></span> 
     </span>
    </p>
   </div>
   <div class='ocr_carea' id='block_1_112' title="bbox 2276 5140 3831 5214">
    <p class='ocr_par' dir='ltr' id='par_1_112' title="bbox 2276 5140 3831 5214">
     <span class='ocr_line' id='line_1_112' title="bbox 2276 5140 3831 5214; baseline 0.002 -20"><span class='ocrx_word' id='word_1_797' title='bbox 2276 5160 2361 5194; x_wconf 87' lang='grc' dir='ltr'><strong>ναι</strong></span> <span class='ocrx_word' id='word_1_798' title='bbox 2381 5142 2451 5211; x_wconf 83' lang='grc' dir='ltr'>μὴ</span> <span class='ocrx_word' id='word_1_799' title='bbox 2468 5140 2555 5195; x_wconf 78' lang='grc' dir='ltr'><strong>τού</strong></span> <span class='ocrx_word' id='word_1_800' title='bbox 2565 5160 2689 5212; x_wconf 91' lang='grc' dir='ltr'>ργον</span> <span class='ocrx_word' id='word_1_801' title='bbox 2720 5144 3116 5214; x_wconf 82' lang='grc' dir='ltr'>ἐπηκολούθηκε</span> <span class='ocrx_word' id='word_1_802' title='bbox 3134 5142 3210 5212; x_wconf 83' lang='grc' dir='ltr'>τῷ</span> <span class='ocrx_word' id='word_1_803' title='bbox 3225 5143 3384 5213; x_wconf 83' lang='grc' dir='ltr'>λόγῳ,</span> <span class='ocrx_word' id='word_1_804' title='bbox 3411 5144 3543 5214; x_wconf 81' lang='grc' dir='ltr'>μηδέ</span> <span class='ocrx_word' id='word_1_805' title='bbox 3572 5144 3639 5197; x_wconf 81' lang='grc' dir='ltr'>τὰ</span> <span class='ocrx_word' id='word_1_806' title='bbox 3654 5146 3753 5213; x_wconf 83' lang='grc' dir='ltr'><strong>τῆς</strong></span> <span class='ocrx_word' id='word_1_807' title='bbox 3771 5148 3831 5197; x_wconf 78' lang='grc' dir='ltr'><strong>ἐκ</strong></span> 
     </span>
    </p>
   </div>
   <div class='ocr_carea' id='block_1_113' title="bbox 2277 5232 3832 5303">
    <p class='ocr_par' dir='ltr' id='par_1_113' title="bbox 2277 5232 3832 5303">
     <span class='ocr_line' id='line_1_113' title="bbox 2277 5232 3832 5303; baseline 0.001 -19"><span class='ocrx_word' id='word_1_808' title='bbox 2277 5233 2479 5303; x_wconf 86' lang='grc' dir='ltr'>νεκρῶν</span> <span class='ocrx_word' id='word_1_809' title='bbox 2517 5233 2856 5295; x_wconf 78' lang='grc' dir='ltr'>ἀναδιώσεως</span> <span class='ocrx_word' id='word_1_810' title='bbox 2891 5233 3050 5287; x_wconf 81' lang='grc' dir='ltr'>αὐτοῦ</span> <span class='ocrx_word' id='word_1_811' title='bbox 3098 5235 3463 5287; x_wconf 75' lang='grc' dir='ltr'>πιστευέσθωο</span> <span class='ocrx_word' id='word_1_812' title='bbox 3495 5235 3542 5285; x_wconf 82' lang='grc' dir='ltr'><strong>εἰ</strong></span> <span class='ocrx_word' id='word_1_813' title='bbox 3577 5232 3633 5285; x_wconf 85' lang='grc' dir='ltr'>δὲ</span> <span class='ocrx_word' id='word_1_814' title='bbox 3668 5234 3832 5285; x_wconf 78' lang='grc' dir='ltr'>εἰσέτι</span> 
     </span>
    </p>
   </div>
   <div class='ocr_carea' id='block_1_114' title="bbox 2279 5322 3832 5394">
    <p class='ocr_par' dir='ltr' id='par_1_114' title="bbox 2279 5322 3832 5394">
     <span class='ocr_line' id='line_1_114' title="bbox 2279 5322 3832 5394; baseline 0.001 -19"><span class='ocrx_word' id='word_1_815' title='bbox 2279 5325 2369 5375; x_wconf 79' lang='grc' dir='ltr'><strong>καί</strong></span> <span class='ocrx_word' id='word_1_816' title='bbox 2397 5322 2503 5375; x_wconf 73' lang='grc' dir='ltr'>’νῦν</span> <span class='ocrx_word' id='word_1_817' title='bbox 2537 5325 2606 5376; x_wconf 85' lang='grc' dir='ltr'>τὰ</span> <span class='ocrx_word' id='word_1_818' title='bbox 2649 5325 2747 5393; x_wconf 82' lang='grc' dir='ltr'>τῆς</span> <span class='ocrx_word' id='word_1_819' title='bbox 2790 5325 3139 5394; x_wconf 73' lang='grc' dir='ltr'>προρρήσεως</span> <span class='ocrx_word' id='word_1_820' title='bbox 3174 5327 3252 5388; x_wconf 84' lang='grc' dir='ltr'><strong>εἰς</strong></span> <span class='ocrx_word' id='word_1_821' title='bbox 3294 5324 3451 5394; x_wconf 74' lang='grc' dir='ltr'>ἔργον</span> <span class='ocrx_word' id='word_1_822' title='bbox 3495 5326 3683 5393; x_wconf 87' lang='grc' dir='ltr'>χωρεῖ,</span> <span class='ocrx_word' id='word_1_823' title='bbox 3713 5325 3742 5375; x_wconf 82' lang='grc' dir='ltr'>ὅ</span> <span class='ocrx_word' id='word_1_824' title='bbox 3776 5340 3832 5377; x_wconf 84' lang='grc' dir='ltr'><strong>τε</strong></span> 
     </span>
    </p>
   </div>
   <div class='ocr_carea' id='block_1_115' title="bbox 2287 5499 2787 5567">
    <p class='ocr_par' dir='ltr' id='par_1_115' title="bbox 2287 5499 2787 5567">
     <span class='ocr_line' id='line_1_115' title="bbox 2287 5499 2787 5567; baseline 0.004 -16"><span class='ocrx_word' id='word_1_825' title='bbox 2287 5499 2445 5551; x_wconf 86' lang='lat' dir='ltr'><strong>semel</strong></span> <span class='ocrx_word' id='word_1_826' title='bbox 2471 5499 2593 5551; x_wconf 85' lang='lat' dir='ltr'><strong>alibi</strong></span> <span class='ocrx_word' id='word_1_827' title='bbox 2634 5499 2787 5567; x_wconf 83' lang='lat' dir='ltr'><strong>dixi.)</strong></span> 
     </span>
    </p>
   </div>
   <div class='ocr_carea' id='block_1_116' title="bbox 2355 5566 3832 5637">
    <p class='ocr_par' dir='ltr' id='par_1_116' title="bbox 2355 5566 3832 5637">
     <span class='ocr_line' id='line_1_116' title="bbox 2355 5566 3832 5637; baseline 0 -17"><span class='ocrx_word' id='word_1_828' title='bbox 2355 5568 2563 5634; x_wconf 82' lang='lat'><strong>(55-56)</strong></span> <span class='ocrx_word' id='word_1_829' title='bbox 2590 5569 2684 5621; x_wconf 87' lang='lat' dir='ltr'><strong>llic</strong></span> <span class='ocrx_word' id='word_1_830' title='bbox 2718 5566 3186 5637; x_wconf 57' lang='lat' dir='ltr'><strong>pliclermittitura</strong></span> <span class='ocrx_word' id='word_1_831' title='bbox 3214 5566 3392 5619; x_wconf 83' lang='lat' dir='ltr'><strong>Niceta</strong></span> <span class='ocrx_word' id='word_1_832' title='bbox 3412 5568 3681 5633; x_wconf 70' lang='lat' dir='ltr'><strong>eciogario</strong></span> <span class='ocrx_word' id='word_1_833' title='bbox 3709 5584 3832 5635; x_wconf 81' lang='lat' dir='ltr'><strong>pars</strong></span> 
     </span>
    </p>
   </div>
   <div class='ocr_carea' id='block_1_117' title="bbox 2286 5638 3831 5705">
    <p class='ocr_par' dir='ltr' id='par_1_117' title="bbox 2286 5638 3831 5705">
     <span class='ocr_line' id='line_1_117' title="bbox 2286 5638 3831 5705; baseline 0.001 -17"><span class='ocrx_word' id='word_1_834' title='bbox 2286 5638 2549 5705; x_wconf 89' lang='lat' dir='ltr'><strong>aliquanta</strong></span> <span class='ocrx_word' id='word_1_835' title='bbox 2583 5640 2863 5691; x_wconf 72' lang='lat' dir='ltr'><strong>Euseliiani</strong></span> <span class='ocrx_word' id='word_1_836' title='bbox 2890 5649 3081 5699; x_wconf 82' lang='lat' dir='ltr'><strong>textus,</strong></span> <span class='ocrx_word' id='word_1_837' title='bbox 3111 5652 3228 5703; x_wconf 73' lang='lat' dir='ltr'><strong>quae</strong></span> <span class='ocrx_word' id='word_1_838' title='bbox 3249 5638 3437 5705; x_wconf 70' lang='lat' dir='ltr'><strong>legitur</strong></span> <span class='ocrx_word' id='word_1_839' title='bbox 3459 5638 3508 5688; x_wconf 88' lang='lat' dir='ltr'><strong>in</strong></span> <span class='ocrx_word' id='word_1_840' title='bbox 3536 5638 3831 5705; x_wconf 67' lang='lat' dir='ltr'><strong>Anglican:</strong></span> 
     </span>
    </p>
   </div>
   <div class='ocr_carea' id='block_1_118' title="bbox 2285 5706 3646 5778">
    <p class='ocr_par' dir='ltr' id='par_1_118' title="bbox 2285 5706 3646 5778">
     <span class='ocr_line' id='line_1_118' title="bbox 2285 5706 3646 5778; baseline -0.002 -18"><span class='ocrx_word' id='word_1_841' title='bbox 2285 5708 2533 5775; x_wconf 82' lang='lat' dir='ltr'><strong>editione,</strong></span> <span class='ocrx_word' id='word_1_842' title='bbox 2555 5725 2605 5771; x_wconf 87' lang='lat' dir='ltr'><strong>p.</strong></span> <span class='ocrx_word' id='word_1_843' title='bbox 2638 5707 2760 5763; x_wconf 70' lang='grc'><strong>227.</strong></span> <span class='ocrx_word' id='word_1_844' title='bbox 2795 5706 3033 5778; x_wconf 82' lang='lat' dir='ltr'><strong>Theoplt.</strong></span> <span class='ocrx_word' id='word_1_845' title='bbox 3069 5721 3141 5773; x_wconf 87' lang='lat' dir='ltr'><strong>tv,</strong></span> <span class='ocrx_word' id='word_1_846' title='bbox 3168 5708 3219 5760; x_wconf 84' lang='lat'><strong>9.</strong></span> <span class='ocrx_word' id='word_1_847' title='bbox 3251 5706 3403 5776; x_wconf 74' lang='lat' dir='ltr'><strong>Attgl.</strong></span> <span class='ocrx_word' id='word_1_848' title='bbox 3439 5724 3487 5774; x_wconf 76' lang='grc' dir='ltr'><strong>ν.</strong></span> <span class='ocrx_word' id='word_1_849' title='bbox 3520 5706 3646 5760; x_wconf 65' lang='grc' dir='ltr'><strong>ἳᾶὃ.</strong></span> 
     </span>
    </p>
   </div>
  </div>
