4062 6420
237 420 342 478 633

1570 401 1659 455 DE
1697 396 2165 454 THEOPIIANIA.

3368 363 3476 434 σει

238 531 391 600 λόγος
421 526 583 582 αὐτοῦ
612 527 720 592 ζῶν
750 525 841 578 καὶ
865 520 1106 595 ἐνεργῶν
1133 519 1254 573 καθ’
1276 517 1404 586 ὅλης
1435 515 1535 584 τῆς
1556 510 1819 580 οἰκουμέ-’

1928 507 2273 571 :onvertitur;
2309 505 2534 575 ejusque
2569 499 2822 561 verbum,
2858 498 3041 550 vivum
3070 502 3126 546 et
3155 489 3339 548 enicas
3380 507 3477 562 per

239 639 338 693 νης
368 620 660 690 ὀφθαλμοῖς
691 618 902 687 ὁρᾶται,
941 613 1060 682 ῶρα
1094 610 1229 681 μηδὲ
1253 607 1329 677 τῷ
1356 606 1448 658 τὸν
1480 603 1638 670 λόγον
1682 617 1809 693 προ-

239 690 418 783 εμένῳ
452 709 715 764 άπιστεῖν.
749 697 823 757 Οὗ
847 704 954 773 γὰρ
983 700 1254 772 ήδύναμις
1282 696 1431 760 ζῶσα
1459 694 1554 747 καὶ
1581 690 1809 783 ἐνεργὴς

238 778 453 876 ὁρᾶται,
477 799 667 854 τοῦτον
701 798 912 867 ἀνάγκη
943 796 1092 847 πᾶσα
1114 791 1249 843 πολὺ
1277 789 1539 860 πρότερον
1567 783 1687 852 ζῇν,
1717 778 1808 832 καὶ

237 873 376 947 θεοῦ
413 892 556 961 ζωὴν
597 889 783 942 τοῦτον
816 885 1050 940 ἐκτελεῖν
1095 882 1229 953 (57),
1268 877 1329 934 οὗ
1359 878 1534 942 ζῶντα
1569 875 1638 928 τά
1676 873 1810 942 ἔργα

240 987 508 1057 σύμφωνα
532 985 648 1044 ταῖς
665 982 865 1048 φωναῖς
880 976 1278 1030 ἀποδείκνυται.
1301 971 1484 1022 Πᾶσαν
1496 964 1629 1034 γοῦν
1641 961 1810 1032 ἀκοὴν

240 1052 510 1132 παντοίων
543 1070 710 1123 ὲθνῶν
727 1069 835 1135 (εδ)
853 1070 901 1120 οἱ
916 1065 1077 1120 αὐτοῦ
1092 1064 1239 1130 λόγοι
1258 1059 1470 1129 διῆλθον
1487 1052 1812 1126 μεταϐαλλό-

242 1183 398 1236 μενοι
442 1162 539 1215 xui.
581 1157 1109 1232 μεθερμηνευόμενοι
1156 1155 1236 1216 είς
1271 1147 1528 1205 παντοίαν
1567 1143 1812 1236 γλῶτταν

254 1231 668 1324 Ἑλληνικήνντε
707 1251 801 1303 καὶ
839 1247 1141 1319 βάρόαρον·
1176 1244 1252 1306 ὡς
1285 1239 1608 1306 ἐξάκουστον
1647 1231 1811 1288 αὑτοῦ

239 1345 340 1416 τὴν
359 1329 702 1397 διδασκαλίαν
725 1342 858 1392 πᾶσι
886 1340 997 1400 τοῖς
1033 1334 1208 1387 ἔθνεσι
1229 1330 1545 1401 γενομένην,
1582 1328 1660 1387 είς
1695 1327 1815 1377 ἑπι-

241 1414 481 1505 στροςρὴν
538 1432 628 1484 καὶ
680 1430 965 1500 μετάνοιαν
1017 1426 1240 1493 ἀγαγεῖν
1287 1420 1454 1490 μυρία
1499 1416 1676 1486 πλήθη
1706 1414 1814 1466 τῶν

243 1526 510 1596 πρότερον
542 1523 598 1574 ὲν
630 1520 871 1587 πολυθέῳ
892 1516 1068 1585 πλάνῃ
1094 1513 1185 1567 καὶ
1202 1509 1612 1580 είδωλολάτρείᾳ
1645 1507 1817 1575 πλημ-

246 1613 422 1683 μελῶς
456 1613 548 1665 καὶ
581 1611 830 1679 άσέμνως
850 1608 1122 1678 βιούντων.
1157 1606 1238 1659 os.
1254 1603 1516 1673 πρότερον
1532 1600 1587 1651 δὲ
1604 1599 1814 1666 ἄφεσιν,

243 1702 365 1758 εἶτα
383 1706 683 1774 μετάνοιαν,
697 1700 832 1755 ἀλλὰ
843 1699 1128 1770 μετάνοιαν
1145 1695 1378 1768 πρῶτον,
1393 1692 1507 1746 εἶτα
1519 1691 1615 1762 τὴν
1628 1691 1816 1758 ἄφεσιν

243 1797 535 1864 κηρύττειν
559 1792 1006 1866 παρακελεύεται.
1026 1789 1150 1850 Τοῖς
1169 1786 1278 1856 γὰρ
1293 1784 1533 1855 γνησίοις
1556 1781 1817 1852 πρότερον

245 1883 432 1935 κακῶν
467 1885 754 1952 μετάνοιαν
783 1877 1176 1947 ὲνδειξαμένοις
1193 1880 1225 1946 ή
1247 1877 1512 1946 σωτήριος
1536 1873 1698 1943 χάρις
1716 1870 1814 1939 τὴν

247 1973 593 2044 συγχώρησιν
638 1972 746 2024 τῶν
798 1968 1194 2041 πεπραγμένων
1246 1967 1588 2036 ἐδωρήσατο·
1629 1963 1694 2015 δι’
1724 1960 1816 2024 οὒς

247 2067 343 2118 καὶ
391 2066 482 2116 τὸν
527 2064 750 2116 θάνατον
785 2061 1086 2125 ἀνεδέξατο,
1121 2057 1314 2129 λύτρον
1357 2054 1548 2107 ἑαυτὸν
1604 2051 1818 2111 ἐπιδοὺς

246 2157 345 2207 καὶ
385 2155 674 2223 άντίψυχον
712 2153 818 2205 τῶν
855 2152 1148 2222 μελλόντων
1171 2149 1235 2200 δι’
1262 2145 1424 2199 αὑτοῦ
1457 2139 1816 2212 σωθήσεσθαι.

247 2241 406 2294 Οὕτω
443 2241 577 2311 δῆτα
606 2243 654 2293 οἱ
682 2240 843 2294 αὑτοῦ
879 2239 1137 2309 μαθηταὶ,
1170 2238 1361 2307 ἄνδρες
1401 2233 1615 2302 ἄπειροι
1649 2231 1820 2298 λόγων

246 2329 401 2394 δντες
432 2330 524 2383 καὶ
565 2331 794 2400 πάμπαν
830 2329 1055 2392 ίδιῶται,
1109 2326 1338 2398 πένητές
1381 2342 1439 2378 τε
1465 2325 1557 2376 καὶ
1586 2321 1821 2382 εὐτελεῖς

247 2419 313 2471 τὺ
341 2420 525 2490 σχῆμα
546 2418 679 2490 (59),
713 2421 778 2489 τῇ
802 2419 1024 2488 δυνάμει
1050 2416 1142 2469 τοῦ
1173 2414 1311 2486 μετὰ
1341 2413 1566 2466 θάνατον
1588 2409 1823 2478 θεωρου-

252 2510 418 2579 μένου
454 2511 549 2562 καὶ¹
581 2509 836 2580 ἐμφανῶς
880 2509 1063 2570 αὐτοῖς
1108 2503 1560 2574 συναυλιξομένου
1594 2500 1822 2571 ἐπιθαρ-

252 2605 534 2674 σήσαντες.
552 2603 657 2656 ἀπὸ
672 2604 768 2671 τῆς
781 2601 1133 2673 Ἰερουσαλὴμ
1150 2599 1356 2661 πόλεως
1375 2596 1668 2667 ἀρξάμενοι
1684 2591 1825 2646 κατὰ

248 2695 356 2756 τὰς
380 2693 542 2748 αὐτοῦ
577 2693 1026 2765 παρακελεύσεις,
1065 2694 1150 2745 ἵνα
1192 2689 1572 2758 ἀναπολόγητα
1598 2685 1683 2756 εἴη
1714 2686 1824 2746 τοῖς

265 2785 538 2849 Ἰουδαίοις
559 2787 938 2856 ἀπιστήσασιν,
971 2785 1063 2836 ἐπὶ
1081 2785 1256 2837 πάντα
1286 2778 1555 2853 προῆλθον
1570 2778 1638 2830 τὰ
1671 2775 1822 2845 ἔθνη,

253 2874 352 2927 καὶ
385 2873 454 2926 τά
491 2875 933 2944 προστεταγμένα
967 2874 1213 2938 ἐποίουν,
1248 2871 1606 2941 κηρύττοντες
1658 2863 1825 2935 μετά-

251 2981 404 3018 νοιαν
436 2968 548 3027 τοῖς
579 2967 734 3030 πᾶσι,
766 2966 861 3018 καὶ
893 2965 1044 3018 λύσιν
1070 2963 1177 3017 τῶν
1209 2961 1470 3033 πρότερον
1515 2957 1615 3027 τῆς
1651 2955 1827 3026 ψυχῆς

254 3055 734 3127 ἀμπλακημάτων.

237 3321 240 3324 ’
332 3321 443 3391 (60)
469 3321 830 3392 Συνηγμένων
861 3321 957 3391 μὲν
1123 3321 1216 3373 ἐπὶ
1243 3318 1304 3374 τὸ
1337 3317 1470 3371 αὐτὸ
1503 3317 1559 3369 ὲν
1586 3316 1698 3378 τοῖς
1737 3313 1835 3365 Ἱε-

259 3412 576 3486 ροσολύμοις
601 3412 710 3466 τῶν
760 3413 1034 3484 ἀρχόντων
1065 3411 1160 3464 τοῦ
1201 3409 1465 3464 Ἰουδαίων
1490 3407 1695 3469 ἔθνους,
1731 3405 1832 3474 ἀρ-

257 3505 491 3576 χιερέων
518 3521 576 3557 τε
620 3504 714 3557 καὶ
764 3503 1251 3575 νομοδιδασκάλων,
1296 3503 1352 3556 ὲν
1390 3498 1540 3570 αὑτῷ
1575 3496 1652 3567 τῷ
1704 3489 1834 3566 legi?)

208 3629 215 3635 -
257 3593 584 3663 ποιούμενος
616 3594 714 3658 τὰς
749 3594 1054 3666 διατριϐὰς,
1083 3594 1153 3647 τὰ
1200 3591 1461 3663 μέλλοντα
1487 3591 1669 3652 αὐτοῖς
1713 3590 1832 3640 κατ’

259 3682 429 3737 αὐτοῦ
456 3681 776 3753 τολμᾶσθαι,
795 3684 889 3736 καὶ
919 3682 1008 3735 τὸν
1037 3682 1129 3734 ἐπὶ
1148 3685 1213 3753 τῇ
1244 3681 1418 3752 τόλμῃ
1449 3676 1833 3748 καταληψόμε-

259 3789 354 3828 νον
379 3775 574 3837 αὐτοὺς
589 3773 806 3845 ὄλεθρον
839 3773 1283 3844 ὲπεσκιασμένως
1302 3773 1490 3826 τοῦτον
1513 3771 1606 3823 τὸν
1635 3769 1836 3839 τρόπον

257 3862 351 3918 διὰ
377 3864 478 3934 τῆς
522 3865 835 3938 παραϐολῆς
885 3857 1290 3935 προηγόρευσεν
1315 3881 1328 3892 ·
1363 3862 1698 3928 Ἄνθρωπός
1743 3877 1835 3925 τις

261 3951 344 4026 ἦν
390 3957 839 4024 οἰκοδεσπότης,
893 3956 1063 4020 ὅστις
1119 3955 1454 4023 ἐφύτευσεν
1489 3949 1833 4020 ἀμπελῶνα,

261 4045 364 4101 καὶ
388 4046 655 4115 φραγμὸν
675 4045 834 4111 αὐτῷ
857 4046 1185 4114 περιέθηκε,
1214 4044 1314 4098 καὶ
1334 4042 1563 4112 ὤρυξεν
1586 4043 1656 4096 ἑν
1677 4040 1837 4106 αὺτῷ

261 4137 480 4206 ληνὸν,
511 4137 610 4190 καὶ
647 4136 997 4206 ᾠκοδόμησε
1040 4139 1290 4206 πύρνον,
1336 4136 1438 4190 καὶ
1462 4135 1706 4199 ἐξέδοτο
1732 4137 1840 4188 αὑ-

264 4230 374 4282 τὸν
399 4229 695 4298 γεωργοῖς,
725 4232 823 4283 καὶ
846 4229 1251 4298 ἀπεδήμησεν.
1292 4229 1422 4282 Ὅτε
1468 4225 1535 4281 δὲ
1584 4227 1839 4297 ἤγγισεν

266 4323 302 4373 ὀ
334 4320 536 4387 καιρὸς
582 4319 699 4373 τῶν
736 4319 997 4388 καρπῶν,
1032 4321 1352 4374 ἀπέστειλε
1394 4319 1536 4385 τοὺς
1578 4318 1840 4384 δούλους

265 4414 454 4468 αὐτοῦ
485 4413 798 4482 πρόςτοὺς
824 4414 1118 4482 γεωργοὺς
1161 4414 1369 4468 λαϐεῖν
1396 4414 1539 4479 τοὺς
1568 4415 1836 4481 καρποὺς

1909 597 2216 660 universum
2249 596 2434 650 orbem
2467 589 2859 660 conspicimus,
2883 587 3127 652 sequitur
3147 593 3296 638 utne
3329 586 3478 640 verbi

1907 688 2126 755 quidem
2181 685 2386 739 auctori
2437 682 2600 737 ﬁdem
2637 683 2977 750 derogemus.
3031 675 3166 730 Nam
3197 676 3350 746 cujus
3397 679 3481 730 vis

1909 778 2095 831 vivens
2144 784 2200 829 et
2247 772 2495 828 en‘ectrix
2544 769 2814 831 cernitur,
2851 767 2995 820 hunc
3042 780 3268 819 necesse
3304 774 3388 818 est
3427 775 3482 818 et

1910 868 2078 922 multo
2113 867 2292 934 potius
2321 865 2524 924 vivere,
2575 869 2630 914 et
2668 857 2760 912 Dei
2793 858 2962 910 vitam
3015 855 3158 909 hunc
3200 865 3478 924 prmstare,

1911 959 2064 1026 cujus
2094 960 2212 1011 viva
2249 970 2411 1024 opera
2458 952 2642 1008 verbis
2673 949 3031 1004 consonantia
3089 957 3480 1000 monstrantur.

1911 1050 1991 1102 Ad
2023 1047 2264 1102 omnium
2297 1044 2478 1109 itaque
2510 1038 2909 1110 quantumlibet
2940 1036 3212 1089 variarum
3239 1035 3484 1105 gentium

1911 1137 2152 1192 auditum
2221 1146 2501 1188 sermones
2551 1130 2669 1198 ejus
2706 1130 3060 1190 devenerunt,
3121 1124 3366 1178 translati
3431 1126 3483 1177 in

1914 1227 2207 1299 quamlibet
2257 1227 2491 1294 linguam
2544 1231 2708 1288 atque
2735 1217 3029 1286 explanati,
3069 1216 3185 1270 sive
3211 1215 3482 1278 Graecam,

1915 1323 2030 1376 sive
2079 1318 2459 1373 barbaricam:
2495 1323 2553 1365 ut
2589 1326 2782 1380 nempe
2823 1311 3065 1363 doctrina
3115 1309 3232 1378 ejus
3275 1309 3487 1362 cunctis

1917 1395 2128 1481 populis
2174 1410 2560 1467 innotesceret,
2591 1417 2698 1470 quo
2731 1409 3178 1453 converterentur
3226 1413 3287 1451 ac
3346 1399 3487 1450 resi-

1916 1501 2185 1567 piscerent
2220 1495 2515 1545 innumerae
2551 1490 2943 1550 multitudines,
2971 1503 3090 1554 quae
3113 1497 3272 1540 antea
3304 1487 3356 1539 in
3394 1503 3490 1554 po-

1916 1589 2187 1662 lytbeismi
2219 1600 2406 1640 errore
2449 1593 2502 1637 et
2541 1583 2804 1636 idolorum
2839 1580 2986 1634 cultu
3025 1581 3189 1647 impie
3235 1588 3491 1646 turpiter—

1917 1698 2021 1753 que
2085 1681 2358 1734 vivebant.
2429 1676 2615 1744 Neque
2670 1684 2827 1727 antea
2881 1673 3016 1726 dixit
3088 1671 3487 1734 remissionem,

1918 1783 2102 1844 postea
2131 1768 2528 1841 paenitentiam,
2578 1766 2674 1820 sed
2705 1764 3082 1833 paenitentiam
3140 1763 3316 1832 primo
3345 1761 3488 1824 loco,

1921 1864 2111 1918 deinde
2139 1861 2515 1915 remissionem
2551 1857 2847 1926 praedicare
2865 1854 3046 1921 jussit.
3080 1853 3210 1907 Nam
3247 1852 3494 1907 ﬁdelibus

1918 1955 2009 2024 qui
2041 1962 2196 2007 antea
2222 1959 2569 2020 peccatorum
2605 1946 2980 2016 pmnitentiam
3023 1960 3132 2014 prae
3159 1959 3219 1999 se
3249 1945 3490 2008 tulerint,

1921 2045 2228 2099 Servatoris
2260 2042 2430 2112 gratia
2471 2041 2684 2094 veniam
2731 2038 3127 2108 praeteritorum
3169 2038 3351 2091 donat.
3403 2036 3492 2089 Et.

1919 2134 2059 2185 enim
2115 2139 2336 2199 propter
2380 2129 2499 2183 illos
2531 2137 2758 2182 mortem
2799 2128 2916 2196 ipse
2964 2127 3202 2193 excepit,
3260 2125 3493 2193 pretium

1921 2230 2089 2276 semet
2134 2221 2420 2276 conferens
2469 2219 2540 2273 ob
2573 2220 2876 2272 animarum
2920 2217 3346 2287 redemptionem
3378 2231 3498 2285 qua:

1921 2313 2190 2366 salvanda:
2238 2320 2383 2364 sunt.
2437 2307 2528 2364 Sic
2566 2309 2781 2363 demum
2810 2307 2927 2377 ejus
2948 2306 3220 2377 discipuli,
3251 2305 3500 2360 homines

1923 2404 2225 2475 linguarum
2261 2402 2434 2472 ignari
2476 2413 2530 2457 et
2561 2402 2784 2457 omnino
2824 2401 3023 2463 idiotaa,
3075 2412 3340 2468 pauperes
3379 2397 3502 2450 vili-

1923 2512 2028 2563 qne
2061 2497 2260 2565 specie,
2285 2497 2473 2548 virtuti
2507 2494 2649 2548 illius
2679 2509 2839 2562 quem
2875 2501 2994 2561 post
3027 2503 3254 2544 mortem
3283 2496 3499 2558 specta-

1924 2596 2132 2648 verant,
2159 2587 2360 2652 quique
2388 2581 2672 2636 manifeste
2702 2595 2823 2633 cum
2850 2579 2982 2648 ipsis
3003 2573 3501 2632 conversatus.fue-

1925 2688 2029 2744 rat,
2056 2678 2410 2736 confidentes.
2453 2684 2612 2745 capto
2644 2674 2740 2727 abs
2780 2671 3168 2740 Hierosolymis
3203 2669 3380 2730 initio,
3417 2674 3505 2721 se-

1926 2773 2159 2826 cundum
2189 2771 2354 2840 ipsius
2380 2769 2552 2836 jussa,
2597 2775 2655 2820 ut
2705 2764 2818 2832 jam
2851 2763 3106 2830 deinceps
3153 2758 3505 2814 excusatione

1927 2873 2179 2918 carerent
2209 2862 2377 2916 Judaei
2414 2859 2700 2923 increduli,
2741 2861 2820 2912 -ad
2846 2865 3075 2911 cunctas
3122 2863 3312 2923 gentes
3340 2840 3503 2905 de've-

1929 2964 2143 3018 nerunt,
2199 2964 2255 3008 et
2309 2952 2564 3006 mandata
2621 2951 2722 3006 sibi
2783 2948 3102 3012 effecerunt,
3151 2945 3508 3010 praedicantes

1928 3050 2176 3105 omnibus
2203 3048 2594 3117 paenitentiam,
2626 3056 2680 3101 et
2713 3045 2954 3110 priorum
2990 3042 3184 3096 animae
3216 3038 3505 3095 criminum

1855 3170 1898 3227 ο
1931 3139 2344 3196 absolutionem.

2674 3226 2766 3280 VI.

2009 3324 2144 3378 Cum
2180 3329 2370 3377 essent
2403 3319 2571 3389 igitur
2599 3315 2989 3386 Hierosolymis
3019 3311 3330 3381 congregati
3376 3323 3509 3378 gen-

1939 3416 2008 3470 tis
2031 3413 2270 3468 Judaicaa
2301 3412 2600 3482 principes,
2640 3407 2926 3478 pontiﬁces
2957 3422 3020 3461 ac
3051 3406 3186 3474 legis
3232 3403 3508 3468 doctores,

1937 3512 2220 3564 diversans
2262 3510 2314 3562 in
2354 3507 2555 3576 templo
2608 3505 2866 3560 Christus
2916 3502 3095 3557 scelus
3144 3501 3197 3554 in
3237 3514 3297 3554 se
3342 3497 3510 3552 abiis

1936 3593 2284 3666 patrandum,
2312 3605 2367 3649 et
2395 3602 2809 3649 couseculuram
2837 3591 3015 3646 scelus
3046 3602 3354 3658 supremam
3391 3600 3508 3656 pm-

1938 3703 2084 3751 nam,
2134 3702 2332 3741 arcano
2372 3687 2452 3741 sic
2481 3701 2578 3754 per
2607 3683 2916 3754 parabolam
2956 3682 3284 3736 vaticinatus
3317 3687 3396 3733 est
3425 3679 3506 3731 ”:

1942 3777 2112 3833 Homo
2163 3787 2277 3832 erat
2312 3777 2724 3846 paterfamilias,
2755 3777 2846 3841 qui
2890 3773 3145 3843 plantavit
3187 3770 3411 3835 vineam,
3458 3778 3506 3822 et

1942 3888 2112 3936 sepem
2139 3869 2489 3924 circumdedit
2519 3868 2592 3932 ei,
2622 3877 2669 3920 et
2693 3867 2827 3933 [odit
2861 3867 2914 3918 in
2940 3880 3002 3918 ea
3027 3862 3282 3925 torcular,
3319 3870 3366 3915 et
3391 3860 3495 3914 adi

1940 3962 2120 4030 ﬁcavit
2145 3963 2425 4028 turrim,et
2458 3958 2682 4011 tradidit
2731 3971 2849 4010 eam
2892 3952 3164 4023 agricolis,
3207 3959 3258 4006 et
3304 3966 3514 4019 peregre

1941 4054 2205 4123 profectus
2257 4060 2354 4106 est.
2399 4050 2532 4104 Cum
2574 4057 2746 4103 autem
2791 4057 2991 4114 tentpus
3023 4044 3293 4113 fructuum
3323 4056 3515 4106 appro-

1942 4148 2264 4215 pinquasset,
2288 4145 2429 4198 misit
2469 4158 2642 4204 servos
2667 4158 2790 4194 suos
2815 4141 2884 4193 ad
2917 4136 3180 4208 agricolas
3214 4145 3269 4188 ut
3306 4133 3513 4199 accipe-

1943 4245 2057 4289 rent
2115 4235 2320 4304 [ructus
2357 4234 2492 4303 ejus.
2545 4230 2614 4286 Et
2670 4231 2918 4301 agricola:
2965 4227 3299 4297 apprehensis
3351 4224 3523 4279 servis

1941 4329 2076 4395 ejus,
2129 4327 2291 4379 alium
2331 4328 2691 4393 pulsaverunt,
2750 4324 2914 4377 alium
2982 4321 3303 4383 occiderunt,
3347 4316 3515 4371 alium

1943 4436 2058 4472 vero
2098 4419 2487 4484 lapidaverunt.
2522 4416 2723 4469 Iterum
2762 4416 2908 4468 misit
2951 4413 3086 4466 alios
3129 4428 3301 4465 servos
3335 4409 3521 4478 plures

264 4504 474 4558 αὐτοῦ.
532 4504 641 4558 Καὶ
688 4506 976 4571 λαϐόντες
1026 4510 1078 4559 οἱ
1126 4507 1368 4574 γεωργοὶ
1404 4505 1544 4570 τοὺς
1579 4505 1825 4570 δούλους

1942 4512 2230 4578 prioribus,
2259 4520 2308 4563 et
2339 4513 2576 4577 fecerunt
2605 4509 2731 4576 ipsis
2765 4506 3031 4559 similiter.
3073 4501 3372 4557 Novissime
3408 4517 3510 4554 ast-

264 4596 475 4657 αὺτοῦ,
507 4594 579 4652 ὃν
596 4596 713 4664 μὲν
742 4597 996 4664 ἔδειραν,
1022 4596 1095 4649 ὃν
1141 4597 1208 4650 δὲ
1259 4596 1637 4660 ἀπέκτειναν,
1668 4598 1740 4651 ὃν
1769 4597 1838 4650 δὲ

263 4688 722 4753 ἐλιθοϐόλησαν.
744 4685 934 4740 Πάλιν
947 4688 1304 4742 ἀπέστειλεν
1332 4688 1560 4753 ἄλλους
1578 4687 1838 4752 δούλους

267 4776 556 4839 πλείονας
601 4774 719 4828 τῶν
772 4775 1035 4842 πρώτων,
1101 4776 1200 4828 καὶ
1267 4777 1565 4841 ἐποίησαν
1633 4776 1839 4844 αὐτοῖς

266 4863 568 4928 ὡσαύτως.
607 4866 885 4932 Ὕστερον
937 4865 1004 4917 δὲ
1047 4865 1365 4920 ἀπέστειλε
1415 4864 1565 4933 πρὸς
1617 4866 1840 4930 αὐτοὺς

267 4953 377 5007 τὸν
421 4954 554 5008 υἱὸν
607 4956 814 5019 αὑτοῦ,
869 4959 1061 5024 λέγων
1081 4972 1096 4987 ο
1156 4956 1670 5024 Ἐντραπήσονται
1734 4963 1841 5010 τόν

266 5046 405 5098 υἱόν
429 5063 568 5114 μου.
604 5049 668 5099 Ol
695 5047 762 5100 δὲ
788 5048 1053 5118 γεωργοὶ,
1084 5049 1315 5115 ιδόντες
1353 5050 1460 5103 τὸν
1492 5049 1648 5114 υἱὸν,
1671 5047 1843 5104 εἷπον

269 5135 343 5188 ἐν
375 5136 638 5202 ἑαυτοῖς·
690 5131 877 5203 Οὗτός
923 5140 1093 5193 ἐστιν
1131 5143 1164 5194 ό
1209 5144 1612 5210 κληρονόμος·
1649 5142 1841 5207 δεῦτε,

1944 4614 2044 4656 tem
2076 4603 2218 4655 misit
2248 4603 2316 4654 ad
2347 4617 2432 4654 eos
2466 4601 2636 4669 ﬁlium
2666 4615 2842 4662 suum,
2872 4598 3050 4649 dicens
3073 4611 3092 4648 :
3120 4593 3512 4648 Reoerebuntur

1947 4695 2118 4763 ﬁlium.
2144 4711 2333 4747 meum.
2356 4692 2617 4763 Agricola:
2659 4701 2831 4744 autem
2862 4689 3091 4744 videntes
3127 4685 3320 4755 ﬁlium,
3364 4683 3515 4735 dixe-

1946 4769 2065 4837 runt
2126 4786 2265 4836 intra
2311 4799 2365 4835 se
2411 4798 2429 4835 :
2469 4781 2570 4835 Hic
2622 4789 2699 4834 est
2755 4781 2940 4842 lateres,
2977 4778 3161 4839 uenite,
3211 4774 3522 4828 occidumus

1945 4892 2086 4940 eum,
2133 4885 2180 4927 et
2228 4890 2537 4940 occupemus
2573 4873 2929 4928 hereditatem
2965 4869 3098 4939 ejus.
3137 4865 3204 4920 Et
3233 4864 3517 4933 apprehen-

1946 4984 2061 5020 sum
2101 4984 2217 5020 eum
2253 4967 2515 5035 ejecerunl
2542 4979 2689 5020 extra
2712 4967 2934 5029 vineam,
2963 4971 3009 5014 et
3042 4961 3361 5015 occiderunt.
3384 4955 3516 5007 Cum

1949 5075 2070 5126 ergo
2121 5060 2317 5111 venerit
2361 5060 2606 5110 dominus
2659 5057 2840 5120 vinem,
2889 5053 3015 5121 quid
3066 5052 3220 5121 faciet
3268 5047 3515 5117 agricolis

1950 5149 2102 5202 illis.’
2132 5149 2290 5200 Aiunt
2324 5150 2414 5202 ei:
2445 5148 2615 5202 Malos
2648 5147 2785 5200 male
2829 5146 3029 5213 perdet,
3053 5153 3101 5198 et
3127 5143 3324 5194 rineam
3367 5151 3515 5190 suam

264 5227 707 5297 ἀποκτείνωμεν
733 5228 938 5294 αὐτὸν,
959 5229 1058 5283 καὶ
1084 5229 1477 5300 κατάσχωμεν
1495 5232 1611 5301 τὴν
1629 5236 1825 5302 κληρο

1955 5241 2126 5292 tradet
2173 5240 2296 5293 aliis
2327 5240 2599 5310 agricolis,
2638 5240 2727 5306 qui
2763 5237 2978 5290 reddent
3021 5235 3069 5287 ei
3119 5234 3347 5300 fructum
3387 5237 3516 5278 tem-

341 5363 389 5396 "
418 5361 604 5417 Matth.
635 5378 748 5427 ιιι,
779 5363 848 5418 35
874 5378 994 5434 seq.
1103 5383 1106 5386 ’

339 5478 451 5542 (57)
481 5478 664 5532 Potest
685 5480 849 5532 etiam
881 5481 986 5534 dici
1024 5497 1039 5534 :
1067 5493 1112 5536 et
1145 5481 1239 5536 Dei
1265 5485 1421 5536 vitam
1450 5483 1635 5542 vivere.
1676 5485 1727 5537 id
1755 5498 1838 5540 est

265 5564 447 5626 parem
480 5549 673 5626 divinae
700 5552 856 5602 vitam
887 5552 1392 5626 degere.7Ch_ristuni
1416 5555 1644 5626 scilicet.
1673 5554 1838 5609 Paulo

267 5617 430 5700 alite:
467 5616 721 5700 Anglicus
760 5616 982 5700 lesilt‘ts
1008 5625 1112 5674 and
1155 5624 1268 5674 (Ital
1309 5623 1371 5676 Ite
1416 5624 1563 5692 bring
1597 5634 1648 5677 ιο
1688 5626 1838 5694 εΙῙρει

268 5685 356 5737 the
394 5686 553 5752 living
583 5687 754 5754 things
779 5690 838 5753 of
856 5688 990 5741 God.
1092 5711 1097 5716 ·

338 5754 451 5826 (58)
479 5754 590 5810 Non
619 5759 827 5812 vdetur
849 5759 1042 5827 legisse
1071 5759 1241 5826 Syrus
1264 5776 1379 5816 νινε.
1398 5761 1587 5826 ὲθνων.
1611 5765 1842 5825 ideoque

1942 5489 2147 5557 Anglus
2178 5506 2193 5543 :
2226 5489 2388 5543 These
2417 5487 2498 5539 Itis
2537 5485 2705 5557 words
2741 5483 2861 5557 then
2881 5483 3030 5549 being
3063 5478 3256 5557 varied:

2017 5547 2129 5629 ('59)
2162 5560 2457 5624 Ambiguus
2479 5555 2613 5629 Antilti
2643 5565 2728 5606 est
2755 5547 3096 5629 aliquantum
3139 5565 3203 5601 ex
3236 5548 3375 5620 Syro
3401 5547 3516 5601 An-

1945 5622 2063 5700 glus
2094 5622 2121 5680 τ’
2142 5632 2302 5696 needy
2324 5622 2431 5700 (nsi
2447 5626 2566 5700 they
2583 5639 2726 5700 livere
2742 5623 2805 5700 in
2824 5622 2957 5700 taeir
2977 5622 3266 5676 character.

2020 5698 2134 5768 (ou)
2171 5701 2234 5754 Α.
2270 5689 2306 5755 i'.
2330 5689 2458 5751 sua.
2492 5689 2553 5750 υἱ
2577 5694 2701 5762 Syr.
2742 5689 2828 5756 tv,
2853 5689 2934 5743 ιδ.
