4062 6426
249 355 356 413 637

1583 350 1674 405 DE
1716 349 2179 408 THEOPHANIA.

3398 341 3504 400 638

251 472 416 526 Δαϐὶδ
441 472 684 550 γέγονεν,
701 473 788 523 ὅτε
825 469 1003 540 ἔκρινε
1034 469 1132 539 τὴν
1157 467 1471 540 παραϐολὴν
1501 468 1597 522 τοῦ
1621 470 1826 523 Νάθαν.

1935 471 2202 525 Nathanis
2228 468 2487 541 parabola
2513 467 2781 537 judicium
2810 464 2956 520 tulit.
3000 463 3390 518 Verumtamen
3424 458 3503 514 illi

265 562 482 632 Ἐπειδὴ
513 561 572 615 δὲ
608 560 834 630 ᾔσθοντο
868 559 974 613 τῶν
1029 557 1360 629 εἰρημένων,
1394 558 1516 610 τότε
1555 554 1707 611 εἷπον
1752 559 1827 630 μὴ

251 654 480 720 γένοιτο.
517 651 686 704 Τοῦτο
713 651 893 719 μέντοι
939 650 1038 721 ῆδη
1066 650 1244 719 τρίτον
1277 647 1425 719 παρά
1452 647 1716 718 Ματθαίῳ
1741 648 1829 701 διὰ

249 741 421 813 τριῶν
439 740 761 811 παραϐολῶν
772 740 866 793 τοῦ
883 741 1202 810 ἀμπελῶνος
1226 739 1629 810 ἐμνημόνευσεν
1645 755 1659 768 ·
1693 738 1829 793 ἀλλὰ

249 833 343 885 διὰ
393 833 489 901 μὲν
517 832 614 901 τῆς
642 831 864 902 πρώτης
892 831 1181 902 διαφόρους
1229 831 1452 901 κλήσεις
1494 829 1684 898 ἐδήλου
1721 829 1828 882 τῶν

251 925 346 976 ἐπὶ
373 923 473 993 τὴν
515 924 773 994 ἐργασίαν
808 924 902 976 τοῦ
939 922 1258 994 ἀμπελῶνος
1309 922 1684 993 παρελθόντων
1705 939 1718 951 ·
1747 915 1828 984 οἷς

256 1018 424 1069 πᾶσιν
453 1014 514 1079 ἐξ
544 1015 657 1069 ῖσου
697 1016 888 1086 μισθὸν
936 1015 1169 1069 ἐνεδίδου
1206 1015 1270 1068 τὸ
1296 1015 1549 1086 δηνάριον
1573 1031 1587 1044 ·
1638 1014 1726 1066 διὰ
1771 1013 1830 1066 δὲ

253 1109 357 1178 τῆς
401 1107 680 1179 δευτέρας,
725 1108 819 1161 δύο
870 1107 1000 1160 υἱῶν
1047 1106 1241 1176 κλῆσιν
1272 1108 1540 1178 ᾐνίττετο·
1586 1105 1682 1159 τοῦ
1728 1107 1829 1174 μὲν

251 1197 588 1268 ἀρνουμένου
612 1198 678 1250 τὰ
718 1197 928 1268 πρῶτα,
953 1195 1044 1248 ἐπὶ
1078 1195 1221 1249 τέλει
1247 1196 1311 1249 δὲ
1354 1197 1451 1267 τὴν
1477 1195 1720 1266 ὑπακοὴν
1744 1197 1829 1248 ὲν-

247 1289 624 1356 δεικνυμένου,
651 1289 742 1341 καὶ
759 1290 840 1350 εἰς
871 1288 962 1340 τὸν
988 1287 1286 1357 ἀμπελῶνα
1314 1287 1699 1359 ἐργαζομένου·
1730 1286 1825 1339 τοῦ

242 1377 308 1430 δὲ
338 1381 407 1447 τῇ
441 1377 658 1447 ἐναντίᾳ,
703 1378 1041 1446 κεχρημένου
1091 1377 1445 1449 προαιρέσει·
1504 1377 1592 1429 διὰ
1626 1377 1682 1429 δὲ
1729 1377 1828 1444 τῆς

250 1466 536 1538 παρούσης
569 1467 886 1538 παραϐολῆς
918 1468 1206 1537 μετάθεσιν
1237 1467 1473 1536 παντελῆ
1513 1467 1606 1520 τοῦ
1650 1467 1827 1537 ἀμπε-

247 1558 420 1621 λῶνος
455 1560 485 1610 δ
515 1557 672 1626 λόγος
707 1557 944 1610 διδάσκει
988 1559 1097 1612 ἀπὸ
1130 1550 1409 1629 προτέρων
1444 1556 1706 1626 γεωργῶν
1736 1558 1828 1609 ἐπὶ

245 1648 566 1717 δευτέρους·
605 1650 697 1701 καὶ
724 1650 820 1719 τὴν
855 1651 1033 1702 αἰτίαν
1072 1648 1440 1720 σημαίνειτῆς
1464 1648 1824 1719 μεταθέσεως.

249 1737 435 1807 Κάμοὶ
460 1738 608 1790 δοκεῖ
642 1739 1048 1808 μετατεθεῖσθαι
1075 1741 1174 1810 μὲν
1221 1740 1332 1792 ἀπὸ
1361 1738 1456 1791 τοῦ
1496 1739 1828 1807 ἐπαγγειλα-

250 1826 417 1895 μένου
451 1828 549 1897 μὲν
574 1828 908 1896 ἐργάσασθαι
941 1830 1080 1891 υίοῦ,
1118 1829 1192 1900 μὴ
1229 1831 1334 1902 μὴν
1360 1830 1521 1901 ἔργον
1544 1830 1826 1894 ἐπιθέντος

245 1915 328 1985 τῷ
348 1917 491 1988 λόγῳ
513 1935 528 1949 ·
573 1919 815 1973 δεδόσθαι
849 1919 906 1972 δὲ
953 1919 1030 1990 τῷ
1063 1922 1428 1992 άρνησαμένῳ
1457 1924 1575 1974 κατ’
1626 1921 1822 1992 ἀρχὰς,

249 2008 397 2079 ἔργῳ
423 2008 480 2061 δὲ
505 2010 596 2062 ἐπὶ
627 2011 766 2063 τέλει
792 2012 854 2062 τὸ
891 2010 1139 2075 εὐπειθὲς
1165 2012 1541 2084 ὲνδειξαμένῳ.

321 2175 657 2246 Σαφέστερος
681 2177 726 2229 δ’
743 2177 808 2230 ἂν
832 2180 914 2248 εἴη
938 2180 966 2231 ό
990 2179 1167 2248 λόγος,
1200 2182 1248 2233 εἰ
1299 2179 1359 2232 τὸ
1386 2181 1634 2245 θεοσεϐὲς
1679 2182 1819 2235 πολί-

247 2283 428 2335 τευμα
468 2266 528 2318 τὸ
566 2266 665 2335 τῆς
705 2267 839 2320 Θεοῦ
877 2267 1152 2337 βασιλείας
1183 2274 1380 2324 οἰκεῖον
1410 2273 1502 2325 τὸν
1531 2274 1829 2342 ἀμπελῶνα

249 2355 391 2412 εἶναι
418 2349 768 2428 ὲκλάϐὸιμεν·
804 2361 1102 2431 προτέρους
1133 2361 1188 2415 δὲ
1225 2363 1389 2416 αὑτοῦ
1417 2365 1693 2435 γεωργοὺς
1729 2365 1827 2416 οὐκ

245 2449 429 2519 ὀρθῶς
455 2450 829 2521 κεχρημένους
857 2455 923 2521 τῇ
949 2454 1202 2525 ἐργασίᾳ,
1233 2454 1362 2517 τοὺς
1386 2455 1648 2525 πρότερον
1677 2455 1828 2527 παρά

261 2539 536 2603 Ἰουδαίοις
566 2542 663 2610 τῆς
697 2542 846 2605 θείας
899 2543 1154 2611 γνώσεως
1195 2545 1655 2616 κατηξιωμένους,
1701 2549 1828 2612 τοὺς

249 2632 452 2693 αὐτοὺς
480 2631 638 2694 ὄντας
683 2633 763 2684 ἑνὶ
805 2633 912 2686 τῶν
947 2633 1077 2688 υἱῶν
1109 2635 1188 2704 τῷ
1218 2635 1655 2707 διαϐεϐλημένῳ·
1704 2637 1825 2690 δευ-

245 2723 444 2791 τέρους
486 2723 541 2775 δὲ
577 2725 874 2793 γεωργοὺς,
904 2727 1031 2789 τοὺς
1083 2728 1174 2780 τὸν
1229 2729 1574 2800 ὀφειλόμενον
1617 2733 1828 2804 καρπὸν

249 2812 397 2866 κατά
429 2814 617 2883 καιρὸν
641 2815 1008 2880 ἀποδιδόντας,
1037 2819 1162 2879 τοὺς
1204 2816 1264 2881 ἐξ
1287 2819 1453 2872 ἐθνῶν
1476 2821 1561 2873 διὰ
1592 2820 1828 2890 Χριστοῦ

246 2904 351 2973 τὴν
385 2901 477 2954 τοῦ
504 2903 639 2955 Θεοῦ
667 2902 868 2969 γνῶσιν
893 2905 1267 2975 ἀνειληφότας,
1300 2910 1425 2970 τοὺς
1449 2911 1645 2970 αὐτοὺς
1670 2910 1828 2973 ὄντας

247 2991 330 3060 τῷ
354 2991 452 3060 υἱῷ
476 2993 554 3062 τῷ
576 2995 641 3045 τὸ
667 2993 919 3058 εὐπειθὲς
944 2996 1038 3048 καὶ
1055 2996 1293 3067 ὑπήκοον
1321 2999 1398 3068 τῷ
1425 3003 1594 3072 πατρὶ
1641 3002 1828 3073 ἔργοις

247 3083 691 3155 ὲπιδεδειγμένῳ.
720 3085 793 3137 Τὸ
822 3085 878 3138 δὲ
903 3086 1077 3140 αἴτιον
1102 3087 1196 3140 τοῦ
1227 3089 1493 3160 ληφθῆναι
1529 3095 1658 3164 παρ’
1684 3096 1828 3147 ἐκεί-

249 3192 361 3228 νων
392 3174 482 3226 τὸν
525 3175 844 3243 ἀμπελῶνα,
897 3179 1018 3228 ἐπεὶ
1063 3178 1137 3249 μὴ
1181 3179 1398 3250 εἴρηται
1446 3181 1535 3234 διὰ
1578 3185 1680 3254 τῆς
1716 3185 1827 3238 τῶν

247 3264 386 3319 υἱῶν
406 3266 740 3336 παραϐολῆς,
762 3269 1072 3335 ἀναγκαίως
1091 3269 1179 3320 διὰ
1200 3271 1297 3340 τῆς
1330 3273 1467 3340 μετὰ
1488 3277 1675 3345 χεῖρας
1693 3296 1832 3350 παρ-

254 3358 460 3425 ίστησι.
512 3356 681 3409 Τοῦτο
714 3357 758 3409 δ’
793 3355 860 3427 ῆν
887 3359 944 3410 τὸ
981 3360 1055 3430 μὴ
1104 3362 1242 3413 κατὰ
1279 3362 1372 3414 τὸν
1411 3364 1599 3418 δέοντα
1643 3371 1832 3440 καιρὸν

242 3448 544 3500 ἀποδοῦναι
595 3449 721 3511 τοὺς
777 3453 1020 3518 καρποὺς
1072 3451 1148 3520 τῷ
1195 3453 1576 3526 οἰκοδεσπότῃ·
1621 3462 1713 3512 καὶ
1768 3462 1831 3513 οὑ

249 3541 412 3591 τοῦτο
439 3542 619 3608 μόνον,
652 3540 787 3592 ἀλλά
821 3542 914 3592 καὶ
940 3542 1000 3593 τὸ
1025 3543 1410 3599 ἐπιϐουλεῦσαι
1429 3551 1540 3612 τοῖς
1570 3551 1835 3604 ἀπεσταλ-

257 3632 440 3701 μένοις
469 3633 560 3684 ὲπὶ
594 3633 753 3700 λήψει
781 3633 888 3684 τῶν
912 3634 1134 3705 καρπῶν
1171 3636 1408 3699 δούλοις·
1441 3639 1535 3692 καὶ
1567 3642 1627 3692 οὐ
1673 3642 1833 3695 τοῦτο

257 3724 442 3793 μόνον,
479 3723 616 3776 ἀλλὰ
645 3725 739 3776 καὶ
777 3725 838 3776 τὸ
865 3725 963 3794 υἱῷ
993 3729 1178 3796 χεῖρας
1210 3729 1486 3782 ἐπιϐαλεῖν
1529 3732 1826 3802 τολμῆσαι·

252 3818 317 3868 ὃν
344 3816 675 3884 ἐπιγνόντες,
710 3817 806 3868 καὶ
850 3817 1012 3868 αὐτὸν
1048 3813 1185 3870 εἶναι
1215 3819 1304 3871 τὸν
1334 3821 1447 3872 υἱὸν
1488 3821 1583 3874 τοῦ
1629 3824 1832 3875 οἰκοδε-

256 3909 460 3962 σπότου
492 3907 941 3978 ὁμολογήσαντες,
969 3909 1118 3975 ὅμως
1145 3911 1376 3972 ἀνεῖλον,
1421 3913 1609 3965 ἀσεϐεῖ
1629 3918 1833 3985 χρησά-

262 4019 413 4072 μενοι
439 3999 704 4070 λογισμῷ.
739 4001 860 4053 Τῶν
889 4003 946 4054 δὲ
966 4002 1134 4073 τριῶν
1165 4003 1490 4072 παραϐολῶν
1521 4003 1614 4056 τοῦ
1658 4006 1834 4075 ἀμπε-

259 4093 451 4155 λῶνος,
474 4093 574 4160 τὴν
607 4093 702 4160 μὲν
754 4091 976 4162 πρώτην
1016 4096 1129 4155 τοῖς
1166 4095 1331 4146 αὐτοῦ
1363 4095 1634 4166 μαθηταῖς
1661 4097 1833 4168 παρὲ-

260 4184 409 4244 θετο,
433 4184 566 4252 ὲντῇ
590 4183 849 4254 Γαλιλαία
865 4186 961 4237 σὺν
985 4186 1168 4248 αὐτοῖς
1190 4186 1511 4256 ποιούμενος
1531 4187 1831 4258 διατριϐάς·

250 4275 449 4346 διόπερ
477 4276 679 4337 πάντας
709 4275 1026 4346 ἀνθρώπους
1067 4278 1303 4347 ἐργάτας
1334 4279 1520 4348 εἰσῆγε
1563 4278 1838 4349 διαφόροις

255 4365 431 4436 ὥραις
473 4367 868 4436 κεκλημένους·
925 4369 1298 4432 ὑπακούοντάς
1345 4387 1405 4421 τε
1443 4371 1572 4433 τοὺς
1603 4372 1832 4433 πάντας,

1929 577 1989 615 re
2016 562 2230 615 demum
2281 559 2570 622 intellecta,
2615 556 2970 612 infortunium
3029 571 3061 609 a
3107 567 3167 609 se
3227 550 3502 621 deprecati

1929 662 2076 707 sunt.
2112 651 2284 706 Porro
2307 652 2446 721 apud
2481 649 2794 704 Matthzeum
2831 645 3006 700 tribus
3039 647 3106 699 de
3137 645 3296 698 vinea
3345 654 3508 711 para—

1927 744 2068 798 bolis
2121 744 2198 796 rei
2248 744 2410 810 hujus
2456 741 2666 796 mentio
2698 740 2792 793 lit:
2824 752 3136 807 quanquam
3176 735 3353 805 prima
3380 733 3507 802 qui-

1930 835 2050 889 dem
2080 834 2126 865 ⁹⁹
2162 833 2326 887 varia:
2353 833 2565 886 illorum
2602 828 2917 884 vocationes
2947 827 3353 894 exprimuntur,
3412 822 3505 889 qui

1929 927 1997 979 ad
2042 923 2213 979 vinea!
2242 923 2510 977 culturam
2539 927 2946 983 convenerunt;
2998 916 3196 986 quibus
3250 915 3508 970 omnibus

1929 1031 2029 1086 par
2066 1016 2273 1070 denarii
2309 1029 2519 1070 merces
2544 1013 2805 1068 attributa
2839 1019 2942 1064 est.
2976 1009 3158 1064 Altera
3195 1004 3452 1077 parabola
3486 1004 3506 1036 ¹

1929 1108 2158 1162 duorum
2201 1106 2413 1160 vocatio
2449 1106 2686 1159 liliorum
2721 1102 3050 1164 ostenditur,
3094 1113 3325 1170 quorum
3369 1095 3509 1150 alter

1929 1198 2106 1268 primo
2161 1197 2304 1250 haud
2356 1196 2658 1265 morigerus
2710 1193 2837 1258 fuit,
2873 1192 2968 1248 sed
3020 1192 3237 1246 demum
3269 1184 3505 1242 ofﬁcium

1929 1288 2206 1359 praestitit,
2234 1297 2396 1356 atque
2424 1286 2476 1339 in
2519 1286 2674 1340 vinea
2702 1295 2962 1354 operatus
2985 1291 3070 1337 est
3096 1300 3110 1336 :
3157 1280 3298 1335 alter
3322 1289 3505 1336 autem

1930 1382 2073 1434 [ilius
2103 1380 2440 1433 contrarium
2473 1377 2747 1447 ingenium
2780 1391 2891 1443 pra:
2929 1388 2990 1428 se
3030 1373 3173 1427 tulit.
3216 1370 3324 1425 Sed
3364 1386 3507 1442 pra:-

1927 1481 2081 1526 seute
2104 1470 2320 1524 dennnn
2351 1469 2603 1537 parabola
2641 1468 2960 1521 translatam
2992 1465 3216 1519 omnino
3246 1461 3508 1518 Servatur

1929 1562 2088 1615 docet
2135 1560 2308 1613 vinea:
2365 1558 2687 1613 locationem
2733 1571 2763 1609 a
2810 1555 3084 1624 prioribus
3134 1542 3390 1622 agricolis
3437 1553 3508 1607 ad

1928 1649 2310 1720 posteriores;
2351 1661 2682 1716 causamque
2748 1645 3125 1700 translationis
3188 1645 3382 1715 aperit.
3439 1643 3509 1698 Et

1932 1740 2061 1794 mihi
2110 1741 2326 1793 videtur
2374 1738 2637 1792 translata
2693 1737 2861 1790 vinea:
2917 1735 3118 1790 locatio
3167 1735 3237 1788 ab
3268 1749 3334 1789 eo
3373 1733 3507 1798 tilio,

1929 1833 2019 1902 qui
2055 1846 2112 1886 se
2150 1840 2498 1901 operaturum
2529 1831 2752 1898 recepit,
2780 1845 2902 1883 mox
2944 1828 3112 1882 verba
3157 1827 3211 1880 in
3245 1841 3360 1880 rem
3395 1839 3506 1880 non

1930 1922 2203 1985 contulit;
2241 1921 2438 1974 tradita
2483 1929 2664 1974 autem
2697 1919 2772 1973 illi
2813 1920 2904 1988 qui
2943 1919 3100 1973 initio
3137 1918 3357 1988 quidem
3387 1914 3507 1968 otii-

1929 2015 2072 2068 eium
2107 2013 2453 2074 detrectavit,
2484 2013 2577 2066 sed
2611 2027 2732 2064 mox
2768 2025 2934 2078 opere
2963 2009 3327 2065 obedientiam
3367 2022 3508 2076 prte-

1927 2104 2085 2159 stitit.

2005 2194 2113 2248 Sed
2150 2194 2294 2246 enim
2327 2193 2497 2263 magis
2540 2193 2861 2261 perspicuus
2907 2205 3087 2245 sermo
3133 2189 3246 2256 tiet,
3301 2187 3347 2243 si
3383 2187 3508 2242 reli-

1929 2289 2133 2358 giosam
2167 2289 2362 2352 vitam,
2385 2303 2505 2356 qua
2535 2287 2699 2341 divini
2728 2286 2877 2354 regni
2909 2285 3122 2354 propria
3158 2293 3262 2346 est,
3293 2284 3506 2335 vineam

1928 2393 2051 2432 esse
2091 2379 2439 2447 putabimus:
2489 2385 2650 2444 atque
2697 2377 2772 2427 ita
2824 2373 3035 2442 priores
3084 2370 3201 2440 ejus
3246 2368 3507 2430 cultores,

1929 2470 2020 2540 qui
2053 2470 2374 2534 nonjuslam
2398 2481 2615 2535 Operam
2642 2465 2694 2518 in
2727 2479 2790 2518 ea
2825 2461 3262 2524 collocaverunt,
3291 2457 3508 2514 Judteos

1929 2576 2052 2617 esse
2097 2560 2406 2620 credemus,
2439 2556 2530 2625 qui
2577 2555 2736 2624 primi
2790 2544 2970 2608 divina
3006 2551 3197 2606 notitia
3222 2549 3510 2620 dignanter

1932 2651 2230 2707 collustrati
2293 2649 2570 2704 fuerunt:
2629 2648 2795 2713 hique
2847 2659 3006 2714 pares
3053 2651 3178 2696 sunt
3230 2641 3308 2694 illi
3350 2637 3506 2692 alteri

1933 2742 2068 2805 lilio,
2097 2756 2259 2811 quem
2304 2737 2650 2809 evangelicus
2681 2750 2863 2791 sermo
2891 2734 3136 2788 damnat.
3171 2730 3511 2786 Posteriores

1931 2845 2111 2887 autem
2144 2832 2403 2893 cultores,
2437 2830 2529 2900 qui
2560 2829 2799 2882 debitum
2824 2825 3078 2901 _l'ruetum
3124 2837 3224 2877 suo
3262 2831 3512 2888 tempore

1931 2919 2593 2982 cxhibuerunt,ctlmicos
2621 2914 3083 2977 existimabimus,
3109 2912 3198 2980 qui
3225 2923 3324 2978 per
3351 2908 3510 2963 Chri-

1933 3024 2076 3067 stum
2129 3013 2224 3067 Dei
2277 3011 2520 3065 notitiam
2559 3015 2906 3076 receperunt,
2935 3003 3251 3071 similesque
3285 3000 3362 3055 illi
3399 3001 3512 3054 filio

1855 3137 1899 3197 ο
1934 3112 2248 3165 evaserunt,
2279 3105 2370 3171 qui
2413 3099 2551 3169 patri
2583 3097 2904 3165 obsequium
2936 3106 2992 3149 et
3019 3095 3386 3149 obedientiam
3423 3107 3513 3145 re-

1938 3197 2052 3264 ipsa
2098 3202 2326 3248 testatus
2366 3199 2476 3244 est.
2511 3189 2630 3243 1am
2671 3201 2895 3241 causam
2951 3185 3147 3238 ablatae
3183 3184 3288 3238 illis
3318 3182 3511 3244 vineae,

1933 3287 2062 3355 quia
2107 3286 2160 3339 in
2216 3283 2450 3336 ﬁliorum
2503 3280 2758 3350 parabola
2808 3278 3069 3333 Senator
3100 3291 3205 3328 non
3245 3275 3402 3338 dixit,
3431 3275 3514 3328 id-

1933 3365 2082 3428 circo
2121 3386 2346 3426 necesse
2373 3369 2473 3423 fuit
2500 3378 2557 3420 ut
2593 3368 2718 3430 hac,
2750 3381 2871 3434 qum
2900 3367 2954 3418 in
2996 3365 3249 3417 ntanibus
3284 3373 3390 3427 est,
3418 3376 3513 3431 pa.

1937 3462 2116 3518 rabula
2161 3460 2513 3531 patefaceret.
2560 3458 2734 3511 Causa
2774 3472 2904 3511 vero
2954 3453 3074 3516 fuit,
3123 3455 3246 3522 quia
3273 3469 3383 3506 non
3413 3467 3513 3506 suo

1936 3569 2181 3625 tempore
2222 3554 2431 3608 fruetus
2460 3553 2678 3606 domino
2735 3550 2946 3604 debitos
2986 3547 3342 3602 obtulerunt:
3375 3560 3514 3614 pre-

1933 3655 2192 3713 tereaque
2243 3643 2420 3697 servis
2472 3643 2537 3695 ad
2581 3640 2916 3710 colligendos
2961 3637 3172 3691 fructus
3225 3634 3513 3690 submissis

1934 3739 2162 3792 exitium
2193 3735 2363 3788 moliti
2390 3744 2508 3788 sunt
2533 3747 2549 3785 :
2578 3731 2806 3785 necdum
2834 3731 2920 3784 his
2943 3726 3512 3791 maleilciiscoutenti,

1936 3830 2043 3883 lilio
2076 3828 2176 3894 ipsi
2212 3823 2406 3879 all‘erre
2431 3838 2625 3877 manus
2667 3837 2772 3874 non
2809 3819 3163 3874 dubitarunt:
3195 3832 3355 3886 quem
3382 3830 3514 3870 sane

1936 3920 2198 3988 agnitum,
2229 3926 2392 3985 atque
2421 3913 2621 3968 demini
2647 3913 2818 3966 [ilium
2841 3927 2945 3965 non
2964 3910 3276 3971 diliitentes,
3305 3907 3509 3961 nihilo-

1937 4012 2114 4064 minus
2161 4009 2326 4077 impiu
2366 4005 2596 4060 consilio
2633 4005 3046 4058 interemerunt.
3098 4002 3278 4070 Atque
3316 4001 3512 4053 harum

1938 4105 2009 4156 de
2040 4103 2193 4153 vinea
2227 4099 2606 4168 parabolarum
2647 4098 2809 4152 trium
2841 4095 3072 4162 primam
3101 4090 3383 4159 discipulis
3404 4091 3517 4145 suis

1937 4193 2193 4246 recitavit
2229 4192 2509 4253 Servatur,
2533 4191 2657 4242 dum
2689 4190 2741 4242 in
2777 4186 2998 4242 Galilaaa
3052 4199 3175 4238 cum
3220 4183 3288 4237 iis
3330 4196 3518 4236 versa-

1940 4297 2111 4340 retur.
2148 4284 2333 4349 Quare
2371 4293 2426 4335 et
2453 4297 2641 4337 omnes
2671 4280 2917 4335 homines
2941 4275 3336 4330 dixit'diversis
3367 4273 3518 4328 horis

1939 4374 2004 4427 ad
2033 4388 2250 4442 operam
2279 4381 2496 4426 vocatos
2517 4390 2530 4436 ;
2555 4372 2645 4439 qui
2673 4369 2850 4426 cuncti
2884 4367 3285 4436 obtemperant,
3310 4377 3520 4434 parem-

259 4461 358 4515 καὶ
393 4460 579 4531 μισθὸν
600 4461 974 4530 λαμϐάνοντας
1001 4460 1093 4513 τὸν
1125 4462 1285 4515 αὐτόν
1305 4481 1317 4491 ·
1348 4462 1446 4532 τὴν
1483 4462 1540 4513 δὲ
1581 4462 1831 4532 δευτέρᾳ»

1945 4480 2050 4532 que
2081 4465 2385 4518 mercedem
2427 4465 2668 4531 capiunt.
2698 4461 3007 4515 Secundam
3045 4456 3359 4525 parabolam
3391 4454 3520 4509 Hie-

257 4554 321 4605 ὲν
360 4553 619 4622 Ἱεροσολύ
629 4569 749 4622 μοις
773 4553 1082 4621 γενόμενος,
1105 4553 1249 4608 ἔνδον
1273 4570 1330 4604 τε
1360 4555 1416 4604 ἐν
1442 4552 1587 4622 αὐτῷ
1602 4552 1678 4622 τῷ
1709 4553 1837 4623 ἱερῷ

257 4643 548 4704 διδάσκων,
574 4645 686 4705 τοῖς
717 4644 1062 4714 ἀρχιερεῦσιν
1101 4645 1296 4710 ἐπῆγε,
1333 4645 1426 4698 καὶ
1456 4648 1568 4708 τοῖς
1610 4647 1840 4715 πρεσϐυ-

260 4735 441 4803 τέροις
497 4735 592 4787 τοῦ
648 4735 799 4800 λαοῦ,
854 4735 992 4806 μετά
1033 4734 1227 4786 πολλοῦ
1266 4734 1359 4786 τοῦ
1403 4737 1835 4804 παραστήματος

262 4825 593 4892 ἐλεγκτικῶς
633 4827 808 4894 φήσας
833 4826 968 4894 πρὸς
999 4827 1216 4891 αὐτοὺς,
1246 4826 1320 4887 ὡς
1358 4827 1464 4895 ἄρα
1510 4829 1558 4878 οἰ
1610 4827 1838 4879 τελῶναι

266 4919 360 4971 καί
385 4919 441 4969 αἱ
464 4918 657 4987 πόρναι
685 4919 973 4987 προάγοιεν
999 4919 1192 4978 αὐτοὺς
1209 4920 1288 4979 είς
1312 4919 1408 4986 τὴν
1436 4919 1706 4987 βασιλείαν
1733 4919 1841 4969 τῶν

258 5006 540 5074 οὐρανῶν·
579 5006 672 5058 καὶ
699 5009 886 5076 τρίτην
920 5006 977 5059 δὲ
1002 5010 1113 5068 τοῖς
1158 5007 1339 5067 αὐτοῖς
1374 5008 1683 5072 ἀναγκαίως
1720 5025 1846 5075 προ-

341 5118 585 5172 ”Matth.
618 5135 716 5179 xx,
760 5118 904 5172 i-i6.
985 5121 1000 5149 ¹
1035 5119 1222 5172 Matth.
1273 5134 1384 5184 xxi,
1415 5118 1606 5171 228-30.

266 5249 887 5322 sime,devariisivinem
921 5253 1290 5317 paralmlis,ea
1323 5252 1574 5322 absunta
1608 5251 1834 5322 Syriaca

269 5317 891 5384 Theophania‘;ideoque
915 5335 976 5372 ex
1001 5323 1409 5375 emnmentariis
1429 5321 1606 5386 potius
1623 5317 1839 5376 Eusebii

268 5389 323 5441 in
359 5386 646 5454 Evangelia
673 5389 774 5442 huc
805 5404 927 5443 esse
969 5391 1225 5441 translata
1257 5392 1452 5455 aliquis
1487 5392 1840 5445 existimabit.

266 5456 380 5510 Sed
407 5467 554 5509 errte
588 5459 638 5509 in
679 5461 864 5511 codice
906 5460 972 5512 A.
1001 5475 1052 5525 p.
1081 5461 1207 5514 262.
1236 5460 1443 5513 b.-2ti'5.
1501 5477 1573 5518 a..
1608 5472 1666 5513 ut
1708 5463 1843 5522 dixi,

266 5525 503 5597 sineulla
526 5527 916 5597 intercapedine
955 5528 1150 5594 jacent,
1179 5545 1366 5581 nomen
1389 5545 1491 5596 que
1516 5530 1722 5584 Eusebii
1755 5549 1844 5597 ge-

274 5605 419 5667 ;uut.
457 5593 583 5648 Mihi
624 5593 801 5667 autem
840 5593 1017 5664 partes
1049 5599 1144 5649 bas
1187 5609 1289 5649 tatu
1321 5593 1467 5653 arcte
1489 5593 1846 5662 cohaerentes,

267 5666 382 5715 tum
425 5666 715 5727 sententia,
760 5675 868 5719 tum
922 5669 1055 5726 loco,
1091 5683 1347 5735 separare
1399 5683 1490 5720 aut
1531 5671 1841 5736 discerpere

267 5749 491 5792 morsus
518 5751 619 5788 uou
648 5737 857 5791 licebat.
900 5737 1005 5790 lloc
1029 5739 1132 5800 ain,
1173 5739 1293 5806 quia
1322 5741 1545 5793 credere
1590 5741 1669 5792 vel
1711 5755 1834 5808 5pc-

1943 4552 2249 4620 rosolymis,
2284 4551 2410 4603 dum
2441 4552 2577 4603 intra
2603 4549 2859 4618 templum
2890 4549 3132 4614 doceret,
3174 4560 3356 4599 coram
3389 4559 3520 4613 pon-

1944 4645 2185 4696 tilicihns
2244 4644 2529 4710 populique
2585 4642 2906 4696 senioribus
2959 4641 3143 4705 dixit;
3197 4649 3252 4693 et
3303 4637 3517 4705 quidem

1943 4734 2461 4786 emilidentissimam
2526 4733 2733 4785 addidit
2788 4732 3237 4800 increpationem,
3287 4729 3406 4783 fore
3463 4737 3521 4781 ut

1946 4825 2094 4892 ipsos
2121 4825 2395 4892 publicani
2427 4840 2488 4877 ac
2525 4825 2847 4878 meretrices
2891 4825 2943 4876 in
2994 4822 3259 4878 calorum
3299 4835 3520 4889 regnum

1946 4914 2341 4984 priecedercnt.
2376 4913 2614 4967 Tertiam
2644 4915 2878 4980 denique
2906 4913 3045 4980 apud
3075 4913 3291 4966 eosdem
3332 4925 3520 4963 neces-

1952 5008 2099 5059 sario
2152 5006 2467 5073 parabolam
2513 5009 2754 5076 protulit,
2802 5021 2996 5061 causas
3069 5005 3401 5066 edisserens,
3453 5006 3522 5057 ob

1945 5267 2067 5306 rare
2095 5253 2216 5306 licet
2236 5251 2515 5322 Syriacam
2543 5252 2932 5321 Tlteoplzaniam
2967 5252 3105 5322 apud
3125 5253 3321 5322 Syrum
3355 5253 3526 5306 inter-

1945 5334 2150 5390 pretem
2198 5325 2465 5392 integram
2521 5338 2666 5382 esse,
2715 5340 2819 5375 nun
2865 5335 3046 5377 autem
3087 5324 3377 5390 aliquando
3412 5323 3525 5376 for-

1951 5402 2091 5444 tasse
2142 5394 2439 5444 breviatam
2498 5392 2636 5460 (sive
2687 5409 2782 5458 per
2831 5394 2906 5445 rei
2948 5395 3353 5455 compendium,
3409 5396 3525 5447 sive

1950 5477 2043 5529 per
2073 5462 2470 5528 emissionem),
2493 5465 2631 5513 sicut
2664 5476 2811 5515 certe
2841 5464 3035 5514 accidit
3073 5461 3263 5529 lgnatii
3316 5475 3522 5531 marty-

1951 5532 2026 5583 ris
2053 5531 2321 5597 epistolis,
2348 5548 2488 5596 quas
2517 5531 2683 5600 Syrus
2723 5533 2987 5598 interpres
3019 5533 3290 5585 breviores
3318 5533 3524 5585 (inec-is

1952 5601 2217 5651 interdum
2257 5603 2464 5652 ret'il::l.
2515 5601 2699 5652 Nonne
2750 5617 2879 5653 vero
2927 5601 3255 5663 Qun'stioues
3307 5618 3523 5667 quoque

1953 5669 2168 5720 Eusebii
2195 5670 2540 5736 evangelium,
2577 5673 2624 5720 in
2650 5672 2835 5722 codice
2862 5671 2976 5722 Vat.
3012 5669 3255 5722 Palatino
3286 5671 3522 5724 studiose

1953 5739 2018 5791 ab
2050 5753 2318 5806 aiiouymo
2361 5749 2536 5793 vetere
2569 5741 2860 5808 breviatas,
2890 5755 2986 5794 nos
3017 5741 3113 5808 ipsi
3142 5739 3448 5794 edidimUs?
