  <div class='ocr_page' id='page_1' title='image "/cluster/home/n/w/nwhite01/storage/ocr_20150623/24/ien.35556001660497/331.png"; bbox 0 0 4062 6402; ppageno 0'>
   <div class='ocr_carea' id='block_1_1' title="bbox 584 424 690 482">
    <p class='ocr_par' dir='ltr' id='par_1_1' title="bbox 584 424 690 482">
     <span class='ocr_line' id='line_1_1' title="bbox 584 424 690 482; baseline -0.047 1"><span class='ocrx_word' id='word_1_1' title='bbox 584 424 690 482; x_wconf 77' lang='lat'><strong>639</strong></span> 
     </span>
    </p>
   </div>
   <div class='ocr_carea' id='block_1_2' title="bbox 586 525 1614 611">
    <p class='ocr_par' dir='ltr' id='par_1_2' title="bbox 586 525 1614 611">
     <span class='ocr_line' id='line_1_2' title="bbox 586 525 1614 611; baseline -0.025 -15"><span class='ocrx_word' id='word_1_2' title='bbox 586 554 721 611; x_wconf 81' lang='lat' dir='ltr'><strong>quas</strong></span> <span class='ocrx_word' id='word_1_3' title='bbox 746 535 1004 591; x_wconf 64' lang='lat' dir='ltr'><strong>caelorum</strong></span> <span class='ocrx_word' id='word_1_4' title='bbox 1052 541 1277 596; x_wconf 99' lang='lat' dir='ltr'><strong>regnum</strong></span> <span class='ocrx_word' id='word_1_5' title='bbox 1322 525 1406 579; x_wconf 86' lang='lat' dir='ltr'><strong>his</strong></span> <span class='ocrx_word' id='word_1_6' title='bbox 1463 529 1614 589; x_wconf 91' lang='lat' dir='ltr'><strong>erept</strong></span> 
     </span>
    </p>
   </div>
   <div class='ocr_carea' id='block_1_3' title="bbox 588 604 2140 685">
    <p class='ocr_par' dir='ltr' id='par_1_3' title="bbox 588 604 2140 685">
     <span class='ocr_line' id='line_1_3' title="bbox 588 604 2140 685; baseline -0.021 1"><span class='ocrx_word' id='word_1_7' title='bbox 588 604 1024 685; x_wconf 66' lang='lat' dir='ltr'><strong>transferendum</strong></span> <span class='ocrx_word' id='word_1_8' title='bbox 1055 638 1067 671; x_wconf 90' lang='lat'>:</span> <span class='ocrx_word' id='word_1_9' title='bbox 1099 628 1321 683; x_wconf 88' lang='lat' dir='ltr'><strong>tresque</strong></span> <span class='ocrx_word' id='word_1_10' title='bbox 1350 613 1573 666; x_wconf 88' lang='lat' dir='ltr'><strong>omnino</strong></span> <span class='ocrx_word' id='word_1_11' title='bbox 1603 621 1795 662; x_wconf 78' lang='lat' dir='ltr'><strong>causas</strong></span> <span class='ocrx_word' id='word_1_12' title='bbox 1835 604 2140 667; x_wconf 83' lang='lat' dir='ltr'><strong>recensuit;</strong></span> 
     </span>
    </p>
   </div>
   <div class='ocr_carea' id='block_1_4' title="bbox 588 690 2143 789">
    <p class='ocr_par' dir='ltr' id='par_1_4' title="bbox 588 690 2143 789">
     <span class='ocr_line' id='line_1_4' title="bbox 588 690 2143 789; baseline -0.017 -15"><span class='ocrx_word' id='word_1_13' title='bbox 588 722 840 789; x_wconf 78' lang='lat' dir='ltr'><strong>primam,</strong></span> <span class='ocrx_word' id='word_1_14' title='bbox 868 716 937 767; x_wconf 88' lang='lat' dir='ltr'><strong>de</strong></span> <span class='ocrx_word' id='word_1_15' title='bbox 966 709 1233 765; x_wconf 80' lang='lat' dir='ltr'><strong>fructibus</strong></span> <span class='ocrx_word' id='word_1_16' title='bbox 1265 720 1399 773; x_wconf 86' lang='lat' dir='ltr'><strong>quos</strong></span> <span class='ocrx_word' id='word_1_17' title='bbox 1434 690 1663 771; x_wconf 87' lang='lat' dir='ltr'><strong>improbi</strong></span> <span class='ocrx_word' id='word_1_18' title='bbox 1695 698 1945 768; x_wconf 62' lang='lat' dir='ltr'><strong>agricola:</strong></span> <span class='ocrx_word' id='word_1_19' title='bbox 1975 696 2143 749; x_wconf 89' lang='lat' dir='ltr'><strong>abne-</strong></span> 
     </span>
    </p>
   </div>
   <div class='ocr_carea' id='block_1_5' title="bbox 587 785 2146 876">
    <p class='ocr_par' dir='ltr' id='par_1_5' title="bbox 587 785 2146 876">
     <span class='ocr_line' id='line_1_5' title="bbox 587 785 2146 876; baseline -0.017 -12"><span class='ocrx_word' id='word_1_20' title='bbox 587 785 893 876; x_wconf 67' lang='lat' dir='ltr'><strong>gaverunt:</strong></span> <span class='ocrx_word' id='word_1_21' title='bbox 923 815 1096 869; x_wconf 89' lang='lat' dir='ltr'><strong>neque</strong></span> <span class='ocrx_word' id='word_1_22' title='bbox 1123 798 1266 854; x_wconf 90' lang='lat' dir='ltr'><strong>enim</strong></span> <span class='ocrx_word' id='word_1_23' title='bbox 1293 796 1558 861; x_wconf 91' lang='lat' dir='ltr'><strong>imperata</strong></span> <span class='ocrx_word' id='word_1_24' title='bbox 1587 792 1849 850; x_wconf 80' lang='lat' dir='ltr'><strong>fecerunt,</strong></span> <span class='ocrx_word' id='word_1_25' title='bbox 1880 788 1974 841; x_wconf 87' lang='lat' dir='ltr'><strong>sed</strong></span> <span class='ocrx_word' id='word_1_26' title='bbox 2003 785 2146 853; x_wconf 88' lang='lat' dir='ltr'><strong>leges</strong></span> 
     </span>
    </p>
   </div>
   <div class='ocr_carea' id='block_1_6' title="bbox 584 876 2144 954">
    <p class='ocr_par' dir='ltr' id='par_1_6' title="bbox 584 876 2144 954">
     <span class='ocr_line' id='line_1_6' title="bbox 584 876 2144 954; baseline -0.019 0"><span class='ocrx_word' id='word_1_27' title='bbox 584 901 665 954; x_wconf 81' lang='lat' dir='ltr'><strong>eis</strong></span> <span class='ocrx_word' id='word_1_28' title='bbox 715 898 856 951; x_wconf 85' lang='lat' dir='ltr'><strong>latas</strong></span> <span class='ocrx_word' id='word_1_29' title='bbox 908 894 1264 947; x_wconf 89' lang='lat' dir='ltr'><strong>violaverunt.</strong></span> <span class='ocrx_word' id='word_1_30' title='bbox 1308 884 1540 939; x_wconf 83' lang='lat' dir='ltr'><strong>Causam</strong></span> <span class='ocrx_word' id='word_1_31' title='bbox 1602 880 1853 938; x_wconf 85' lang='lat' dir='ltr'><strong>alteram,</strong></span> <span class='ocrx_word' id='word_1_32' title='bbox 1903 876 2144 929; x_wconf 84' lang='lat' dir='ltr'><strong>facinora</strong></span> 
     </span>
    </p>
   </div>
   <div class='ocr_carea' id='block_1_7' title="bbox 588 966 2147 1053">
    <p class='ocr_par' dir='ltr' id='par_1_7' title="bbox 588 966 2147 1053">
     <span class='ocr_line' id='line_1_7' title="bbox 588 966 2147 1053; baseline -0.017 -9"><span class='ocrx_word' id='word_1_33' title='bbox 588 992 850 1044; x_wconf 86' lang='lat' dir='ltr'><strong>adversus</strong></span> <span class='ocrx_word' id='word_1_34' title='bbox 874 984 1161 1053; x_wconf 76' lang='lat' dir='ltr'><strong>prophetas</strong></span> <span class='ocrx_word' id='word_1_35' title='bbox 1192 976 1364 1031; x_wconf 75' lang='lat' dir='ltr'><strong>dixit:</strong></span> <span class='ocrx_word' id='word_1_36' title='bbox 1395 976 1447 1028; x_wconf 91' lang='lat' dir='ltr'><strong>hi</strong></span> <span class='ocrx_word' id='word_1_37' title='bbox 1476 972 1673 1042; x_wconf 85' lang='lat' dir='ltr'><strong>quippe</strong></span> <span class='ocrx_word' id='word_1_38' title='bbox 1713 967 1982 1039; x_wconf 67' lang='lat' dir='ltr'><strong>praemissi</strong></span> <span class='ocrx_word' id='word_1_39' title='bbox 2031 966 2147 1019; x_wconf 84' lang='lat' dir='ltr'><strong>fue-</strong></span> 
     </span>
    </p>
   </div>
   <div class='ocr_carea' id='block_1_8' title="bbox 589 1058 2148 1133">
    <p class='ocr_par' dir='ltr' id='par_1_8' title="bbox 589 1058 2148 1133">
     <span class='ocr_line' id='line_1_8' title="bbox 589 1058 2148 1133; baseline -0.017 0"><span class='ocrx_word' id='word_1_40' title='bbox 589 1090 714 1133; x_wconf 87' lang='lat' dir='ltr'><strong>rant</strong></span> <span class='ocrx_word' id='word_1_41' title='bbox 746 1077 891 1132; x_wconf 80' lang='lat' dir='ltr'><strong>servi</strong></span> <span class='ocrx_word' id='word_1_42' title='bbox 914 1074 1026 1127; x_wconf 85' lang='lat' dir='ltr'><strong>Dei.</strong></span> <span class='ocrx_word' id='word_1_43' title='bbox 1068 1068 1304 1123; x_wconf 86' lang='lat' dir='ltr'><strong>Tertiam</strong></span> <span class='ocrx_word' id='word_1_44' title='bbox 1335 1064 1565 1132; x_wconf 86' lang='lat' dir='ltr'><strong>denique</strong></span> <span class='ocrx_word' id='word_1_45' title='bbox 1589 1075 1806 1116; x_wconf 85' lang='lat' dir='ltr'><strong>causam</strong></span> <span class='ocrx_word' id='word_1_46' title='bbox 1838 1058 2019 1111; x_wconf 94' lang='lat' dir='ltr'><strong>attulit</strong></span> <span class='ocrx_word' id='word_1_47' title='bbox 2055 1073 2148 1126; x_wconf 88' lang='lat' dir='ltr'><strong>pa-</strong></span> 
     </span>
    </p>
   </div>
   <div class='ocr_carea' id='block_1_9' title="bbox 591 1150 2149 1222">
    <p class='ocr_par' dir='ltr' id='par_1_9' title="bbox 591 1150 2149 1222">
     <span class='ocr_line' id='line_1_9' title="bbox 591 1150 2149 1222; baseline -0.013 0"><span class='ocrx_word' id='word_1_48' title='bbox 591 1167 931 1222; x_wconf 84' lang='lat' dir='ltr'><strong>trisfamilias</strong></span> <span class='ocrx_word' id='word_1_49' title='bbox 981 1162 1150 1215; x_wconf 74' lang='lat' dir='ltr'><strong>lilium</strong></span> <span class='ocrx_word' id='word_1_50' title='bbox 1182 1172 1400 1214; x_wconf 70' lang='lat' dir='ltr'><strong>caesum.</strong></span> <span class='ocrx_word' id='word_1_51' title='bbox 1432 1154 1792 1220; x_wconf 84' lang='lat' dir='ltr'><strong>Quamobrem</strong></span> <span class='ocrx_word' id='word_1_52' title='bbox 1829 1150 1929 1203; x_wconf 79' lang='lat' dir='ltr'><strong>fusi</strong></span> <span class='ocrx_word' id='word_1_53' title='bbox 1973 1150 2149 1203; x_wconf 88' lang='lat' dir='ltr'><strong>omnis</strong></span> 
     </span>
    </p>
   </div>
   <div class='ocr_carea' id='block_1_10' title="bbox 590 1239 2150 1328">
    <p class='ocr_par' dir='ltr' id='par_1_10' title="bbox 590 1239 2150 1328">
     <span class='ocr_line' id='line_1_10' title="bbox 590 1239 2150 1328; baseline -0.013 -15"><span class='ocrx_word' id='word_1_54' title='bbox 590 1256 867 1328; x_wconf 78' lang='lat' dir='ltr'><strong>sanguinis</strong></span> <span class='ocrx_word' id='word_1_55' title='bbox 915 1268 1089 1320; x_wconf 66' lang='lat' dir='ltr'><strong>paenae</strong></span> <span class='ocrx_word' id='word_1_56' title='bbox 1137 1251 1204 1305; x_wconf 90' lang='lat' dir='ltr'><strong>ab</strong></span> <span class='ocrx_word' id='word_1_57' title='bbox 1253 1249 1317 1303; x_wconf 87' lang='lat' dir='ltr'><strong>iis</strong></span> <span class='ocrx_word' id='word_1_58' title='bbox 1380 1255 1754 1313; x_wconf 83' lang='lat' dir='ltr'><strong>reposcemur,</strong></span> <span class='ocrx_word' id='word_1_59' title='bbox 1805 1256 1834 1294; x_wconf 86' lang='lat' dir='ltr'><strong>a</strong></span> <span class='ocrx_word' id='word_1_60' title='bbox 1892 1239 2150 1307; x_wconf 82' lang='lat' dir='ltr'><strong>sanguine</strong></span> 
     </span>
    </p>
   </div>
   <div class='ocr_carea' id='block_1_11' title="bbox 586 1333 1931 1417">
    <p class='ocr_par' dir='ltr' id='par_1_11' title="bbox 586 1333 1931 1417">
     <span class='ocr_line' id='line_1_11' title="bbox 586 1333 1931 1417; baseline -0.012 -17"><span class='ocrx_word' id='word_1_61' title='bbox 586 1349 720 1417; x_wconf 84' lang='lat' dir='ltr'><strong>justi</strong></span> <span class='ocrx_word' id='word_1_62' title='bbox 764 1345 951 1401; x_wconf 87' lang='lat' dir='ltr'><strong>Abelis</strong></span> <span class='ocrx_word' id='word_1_63' title='bbox 980 1357 1152 1413; x_wconf 79' lang='lat' dir='ltr'><strong>usque</strong></span> <span class='ocrx_word' id='word_1_64' title='bbox 1184 1342 1248 1394; x_wconf 87' lang='lat' dir='ltr'><strong>ad</strong></span> <span class='ocrx_word' id='word_1_65' title='bbox 1286 1338 1603 1409; x_wconf 87' lang='lat' dir='ltr'><strong>sanguinem</strong></span> <span class='ocrx_word' id='word_1_66' title='bbox 1638 1333 1931 1387; x_wconf 78' lang='lat' dir='ltr'><strong>Zachariae.</strong></span> 
     </span>
    </p>
   </div>
   <div class='ocr_carea' id='block_1_12' title="bbox 665 1597 2152 1679">
    <p class='ocr_par' dir='ltr' id='par_1_12' title="bbox 665 1597 2152 1679">
     <span class='ocr_line' id='line_1_12' title="bbox 665 1597 2152 1679; baseline -0.011 -13"><span class='ocrx_word' id='word_1_67' title='bbox 665 1612 789 1667; x_wconf 58' lang='lat' dir='ltr'><strong>llaec</strong></span> <span class='ocrx_word' id='word_1_68' title='bbox 831 1606 1172 1679; x_wconf 82' lang='lat' dir='ltr'><strong>pontiﬁcibus</strong></span> <span class='ocrx_word' id='word_1_69' title='bbox 1200 1614 1363 1671; x_wconf 87' lang='lat' dir='ltr'><strong>atque</strong></span> <span class='ocrx_word' id='word_1_70' title='bbox 1396 1600 1699 1656; x_wconf 86' lang='lat' dir='ltr'><strong>senioribus</strong></span> <span class='ocrx_word' id='word_1_71' title='bbox 1736 1600 1784 1652; x_wconf 92' lang='lat' dir='ltr'><strong>in</strong></span> <span class='ocrx_word' id='word_1_72' title='bbox 1819 1599 2008 1653; x_wconf 82' lang='lat' dir='ltr'><strong>faciem</strong></span> <span class='ocrx_word' id='word_1_73' title='bbox 2047 1597 2152 1650; x_wconf 88' lang='lat' dir='ltr'><strong>ob-</strong></span> 
     </span>
    </p>
   </div>
   <div class='ocr_carea' id='block_1_13' title="bbox 589 1691 2153 1771">
    <p class='ocr_par' dir='ltr' id='par_1_13' title="bbox 589 1691 2153 1771">
     <span class='ocr_line' id='line_1_13' title="bbox 589 1691 2153 1771; baseline -0.011 -13"><span class='ocrx_word' id='word_1_74' title='bbox 589 1704 753 1771; x_wconf 70' lang='lat' dir='ltr'><strong>lecta,</strong></span> <span class='ocrx_word' id='word_1_75' title='bbox 801 1718 905 1755; x_wconf 75' lang='lat' dir='ltr'><strong>non</strong></span> <span class='ocrx_word' id='word_1_76' title='bbox 941 1698 1207 1753; x_wconf 89' lang='lat' dir='ltr'><strong>mediocre</strong></span> <span class='ocrx_word' id='word_1_77' title='bbox 1242 1696 1326 1749; x_wconf 90' lang='lat' dir='ltr'><strong>his</strong></span> <span class='ocrx_word' id='word_1_78' title='bbox 1373 1695 1626 1763; x_wconf 87' lang='lat' dir='ltr'><strong>probrum</strong></span> <span class='ocrx_word' id='word_1_79' title='bbox 1668 1693 1942 1745; x_wconf 88' lang='lat' dir='ltr'><strong>creabant.</strong></span> <span class='ocrx_word' id='word_1_80' title='bbox 1976 1691 2153 1755; x_wconf 82' lang='lat' dir='ltr'><strong>Quare</strong></span> 
     </span>
    </p>
   </div>
   <div class='ocr_carea' id='block_1_14' title="bbox 596 1784 2154 1849">
    <p class='ocr_par' dir='ltr' id='par_1_14' title="bbox 596 1784 2154 1849">
     <span class='ocr_line' id='line_1_14' title="bbox 596 1784 2154 1849; baseline -0.011 -4"><span class='ocrx_word' id='word_1_81' title='bbox 596 1790 853 1845; x_wconf 85' lang='lat' dir='ltr'><strong>admirari</strong></span> <span class='ocrx_word' id='word_1_82' title='bbox 877 1789 997 1841; x_wconf 88' lang='lat' dir='ltr'><strong>licet</strong></span> <span class='ocrx_word' id='word_1_83' title='bbox 1038 1785 1407 1847; x_wconf 87' lang='lat' dir='ltr'><strong>Servatorem,</strong></span> <span class='ocrx_word' id='word_1_84' title='bbox 1438 1784 1529 1849; x_wconf 93' lang='lat' dir='ltr'><strong>qui</strong></span> <span class='ocrx_word' id='word_1_85' title='bbox 1558 1790 1751 1849; x_wconf 75' lang='lat' dir='ltr'><strong>praeter</strong></span> <span class='ocrx_word' id='word_1_86' title='bbox 1782 1789 1973 1833; x_wconf 78' lang='lat' dir='ltr'><strong>caetera</strong></span> <span class='ocrx_word' id='word_1_87' title='bbox 2005 1788 2154 1846; x_wconf 88' lang='lat' dir='ltr'><strong>pote-</strong></span> 
     </span>
    </p>
   </div>
   <div class='ocr_carea' id='block_1_15' title="bbox 596 1873 2153 1950">
    <p class='ocr_par' dir='ltr' id='par_1_15' title="bbox 596 1873 2153 1950">
     <span class='ocr_line' id='line_1_15' title="bbox 596 1873 2153 1950; baseline -0.011 -12"><span class='ocrx_word' id='word_1_88' title='bbox 596 1894 791 1938; x_wconf 84' lang='lat' dir='ltr'><strong>statem</strong></span> <span class='ocrx_word' id='word_1_89' title='bbox 841 1894 1057 1950; x_wconf 90' lang='lat' dir='ltr'><strong>quoque</strong></span> <span class='ocrx_word' id='word_1_90' title='bbox 1107 1876 1375 1933; x_wconf 84' lang='lat' dir='ltr'><strong>sermonis</strong></span> <span class='ocrx_word' id='word_1_91' title='bbox 1414 1888 1603 1942; x_wconf 87' lang='lat' dir='ltr'><strong>magna</strong></span> <span class='ocrx_word' id='word_1_92' title='bbox 1659 1887 1779 1925; x_wconf 91' lang='lat' dir='ltr'><strong>cum</strong></span> <span class='ocrx_word' id='word_1_93' title='bbox 1829 1873 2153 1923; x_wconf 84' lang='lat' dir='ltr'><strong>auctoritate</strong></span> 
     </span>
    </p>
   </div>
   <div class='ocr_carea' id='block_1_16' title="bbox 595 1962 2157 2039">
    <p class='ocr_par' dir='ltr' id='par_1_16' title="bbox 595 1962 2157 2039">
     <span class='ocr_line' id='line_1_16' title="bbox 595 1962 2157 2039; baseline -0.011 -11"><span class='ocrx_word' id='word_1_94' title='bbox 595 1974 903 2035; x_wconf 79' lang='lat' dir='ltr'><strong>exserebat,</strong></span> <span class='ocrx_word' id='word_1_95' title='bbox 940 1982 1102 2039; x_wconf 87' lang='lat' dir='ltr'><strong>atque</strong></span> <span class='ocrx_word' id='word_1_96' title='bbox 1148 1972 1319 2021; x_wconf 82' lang='lat' dir='ltr'><strong>instar</strong></span> <span class='ocrx_word' id='word_1_97' title='bbox 1369 1967 1567 2035; x_wconf 85' lang='lat' dir='ltr'><strong>judicis</strong></span> <span class='ocrx_word' id='word_1_98' title='bbox 1601 1978 1812 2031; x_wconf 63' lang='lat' dir='ltr'><strong>prunam</strong></span> <span class='ocrx_word' id='word_1_99' title='bbox 1850 1962 2036 2015; x_wconf 81' lang='lat' dir='ltr'><strong>iisdem</strong></span> <span class='ocrx_word' id='word_1_100' title='bbox 2074 1975 2157 2012; x_wconf 86' lang='lat' dir='ltr'><strong>sa-</strong></span> 
     </span>
    </p>
   </div>
   <div class='ocr_carea' id='block_1_17' title="bbox 596 2052 2157 2131">
    <p class='ocr_par' dir='ltr' id='par_1_17' title="bbox 596 2052 2157 2131">
     <span class='ocr_line' id='line_1_17' title="bbox 596 2052 2157 2131; baseline -0.011 -12"><span class='ocrx_word' id='word_1_101' title='bbox 596 2064 931 2131; x_wconf 82' lang='lat' dir='ltr'><strong>pientissime</strong></span> <span class='ocrx_word' id='word_1_102' title='bbox 960 2071 1140 2116; x_wconf 76' lang='lat' dir='ltr'><strong>ceram</strong></span> <span class='ocrx_word' id='word_1_103' title='bbox 1178 2059 1524 2113; x_wconf 89' lang='lat' dir='ltr'><strong>decernebat.</strong></span> <span class='ocrx_word' id='word_1_104' title='bbox 1570 2053 1704 2109; x_wconf 87' lang='lat' dir='ltr'><strong>Huic</strong></span> <span class='ocrx_word' id='word_1_105' title='bbox 1749 2062 1926 2107; x_wconf 89' lang='lat' dir='ltr'><strong>autem</strong></span> <span class='ocrx_word' id='word_1_106' title='bbox 1954 2052 2157 2105; x_wconf 88' lang='lat' dir='ltr'><strong>Serva-</strong></span> 
     </span>
    </p>
   </div>
   <div class='ocr_carea' id='block_1_18' title="bbox 598 2141 2151 2220">
    <p class='ocr_par' dir='ltr' id='par_1_18' title="bbox 598 2141 2151 2220">
     <span class='ocr_line' id='line_1_18' title="bbox 598 2141 2151 2220; baseline -0.01 -11"><span class='ocrx_word' id='word_1_107' title='bbox 598 2157 729 2211; x_wconf 91' lang='lat' dir='ltr'><strong>toris</strong></span> <span class='ocrx_word' id='word_1_108' title='bbox 767 2154 931 2208; x_wconf 81' lang='lat' dir='ltr'><strong>nostri</strong></span> <span class='ocrx_word' id='word_1_109' title='bbox 974 2152 1243 2220; x_wconf 66' lang='lat' dir='ltr'><strong>parabolae</strong></span> <span class='ocrx_word' id='word_1_110' title='bbox 1273 2157 1558 2213; x_wconf 87' lang='lat' dir='ltr'><strong>consonat,</strong></span> <span class='ocrx_word' id='word_1_111' title='bbox 1604 2148 1677 2199; x_wconf 90' lang='lat' dir='ltr'><strong>uti</strong></span> <span class='ocrx_word' id='word_1_112' title='bbox 1703 2146 1902 2198; x_wconf 89' lang='lat' dir='ltr'><strong>dictum</strong></span> <span class='ocrx_word' id='word_1_113' title='bbox 1928 2152 2033 2205; x_wconf 89' lang='lat' dir='ltr'><strong>est,</strong></span> <span class='ocrx_word' id='word_1_114' title='bbox 2065 2141 2151 2196; x_wconf 86' lang='lat' dir='ltr'><strong>illa</strong></span> 
     </span>
    </p>
   </div>
   <div class='ocr_carea' id='block_1_19' title="bbox 597 2234 2157 2311">
    <p class='ocr_par' dir='ltr' id='par_1_19' title="bbox 597 2234 2157 2311">
     <span class='ocr_line' id='line_1_19' title="bbox 597 2234 2157 2311; baseline -0.008 -12"><span class='ocrx_word' id='word_1_115' title='bbox 597 2247 767 2300; x_wconf 63' lang='lat' dir='ltr'><strong>lsaize.</strong></span> <span class='ocrx_word' id='word_1_116' title='bbox 798 2245 900 2300; x_wconf 88' lang='lat' dir='ltr'><strong>Sed</strong></span> <span class='ocrx_word' id='word_1_117' title='bbox 940 2255 1118 2298; x_wconf 87' lang='lat' dir='ltr'><strong>tamen</strong></span> <span class='ocrx_word' id='word_1_118' title='bbox 1146 2245 1401 2311; x_wconf 85' lang='lat' dir='ltr'><strong>propheta</strong></span> <span class='ocrx_word' id='word_1_119' title='bbox 1443 2243 1655 2294; x_wconf 85' lang='lat' dir='ltr'><strong>vineam</strong></span> <span class='ocrx_word' id='word_1_120' title='bbox 1691 2239 1973 2307; x_wconf 74' lang='lat' dir='ltr'><strong>obiurgat,</strong></span> <span class='ocrx_word' id='word_1_121' title='bbox 2014 2234 2157 2288; x_wconf 89' lang='lat' dir='ltr'><strong>nulla</strong></span> 
     </span>
    </p>
   </div>
   <div class='ocr_carea' id='block_1_20' title="bbox 598 2328 2159 2391">
    <p class='ocr_par' dir='ltr' id='par_1_20' title="bbox 598 2328 2159 2391">
     <span class='ocr_line' id='line_1_20' title="bbox 598 2328 2159 2391; baseline -0.006 0"><span class='ocrx_word' id='word_1_122' title='bbox 598 2338 863 2391; x_wconf 91' lang='lat' dir='ltr'><strong>cultorum</strong></span> <span class='ocrx_word' id='word_1_123' title='bbox 913 2336 1051 2389; x_wconf 87' lang='lat' dir='ltr'><strong>facta</strong></span> <span class='ocrx_word' id='word_1_124' title='bbox 1096 2337 1368 2387; x_wconf 89' lang='lat' dir='ltr'><strong>mentione</strong></span> <span class='ocrx_word' id='word_1_125' title='bbox 1396 2355 1406 2387; x_wconf 88' lang='lat'><strong>:</strong></span> <span class='ocrx_word' id='word_1_126' title='bbox 1435 2341 1489 2385; x_wconf 86' lang='lat' dir='ltr'><strong>at</strong></span> <span class='ocrx_word' id='word_1_127' title='bbox 1519 2346 1646 2384; x_wconf 88' lang='lat' dir='ltr'><strong>vero</strong></span> <span class='ocrx_word' id='word_1_128' title='bbox 1673 2328 1929 2384; x_wconf 88' lang='lat' dir='ltr'><strong>Servator</strong></span> <span class='ocrx_word' id='word_1_129' title='bbox 1960 2329 2159 2382; x_wconf 82' lang='lat' dir='ltr'><strong>vinito-</strong></span> 
     </span>
    </p>
   </div>
   <div class='ocr_carea' id='block_1_21' title="bbox 600 2419 2163 2492">
    <p class='ocr_par' dir='ltr' id='par_1_21' title="bbox 600 2419 2163 2492">
     <span class='ocr_line' id='line_1_21' title="bbox 600 2419 2163 2492; baseline -0.006 -11"><span class='ocrx_word' id='word_1_130' title='bbox 600 2442 684 2481; x_wconf 96' lang='lat' dir='ltr'><strong>res</strong></span> <span class='ocrx_word' id='word_1_131' title='bbox 703 2442 884 2481; x_wconf 88' lang='lat' dir='ltr'><strong>coram</strong></span> <span class='ocrx_word' id='word_1_132' title='bbox 921 2426 1167 2492; x_wconf 74' lang='lat' dir='ltr'><strong>obiurgat</strong></span> <span class='ocrx_word' id='word_1_133' title='bbox 1190 2435 1350 2491; x_wconf 84' lang='lat' dir='ltr'><strong>atque</strong></span> <span class='ocrx_word' id='word_1_134' title='bbox 1395 2432 1701 2489; x_wconf 69' lang='lat' dir='ltr'><strong>prmsentes.</strong></span> <span class='ocrx_word' id='word_1_135' title='bbox 1727 2419 1788 2472; x_wconf 85' lang='lat' dir='ltr'><strong>Hi</strong></span> <span class='ocrx_word' id='word_1_136' title='bbox 1819 2430 1980 2487; x_wconf 87' lang='lat' dir='ltr'><strong>porro</strong></span> <span class='ocrx_word' id='word_1_137' title='bbox 2007 2428 2163 2472; x_wconf 89' lang='lat' dir='ltr'><strong>erant</strong></span> 
     </span>
    </p>
   </div>
   <div class='ocr_carea' id='block_1_22' title="bbox 602 2510 2162 2585">
    <p class='ocr_par' dir='ltr' id='par_1_22' title="bbox 602 2510 2162 2585">
     <span class='ocr_line' id='line_1_22' title="bbox 602 2510 2162 2585; baseline -0.004 -17"><span class='ocrx_word' id='word_1_138' title='bbox 602 2519 870 2585; x_wconf 89' lang='lat' dir='ltr'><strong>principes</strong></span> <span class='ocrx_word' id='word_1_139' title='bbox 902 2518 1173 2584; x_wconf 87' lang='lat' dir='ltr'><strong>ducesque</strong></span> <span class='ocrx_word' id='word_1_140' title='bbox 1211 2516 1427 2585; x_wconf 84' lang='lat' dir='ltr'><strong>pepuli:</strong></span> <span class='ocrx_word' id='word_1_141' title='bbox 1463 2514 1599 2580; x_wconf 84' lang='lat' dir='ltr'><strong>apud</strong></span> <span class='ocrx_word' id='word_1_142' title='bbox 1632 2528 1766 2581; x_wconf 87' lang='lat' dir='ltr'><strong>quos</strong></span> <span class='ocrx_word' id='word_1_143' title='bbox 1789 2513 1951 2565; x_wconf 87' lang='lat' dir='ltr'><strong>etiam</strong></span> <span class='ocrx_word' id='word_1_144' title='bbox 1986 2510 2162 2565; x_wconf 88' lang='lat' dir='ltr'><strong>scelus</strong></span> 
     </span>
    </p>
   </div>
   <div class='ocr_carea' id='block_1_23' title="bbox 599 2600 2163 2676">
    <p class='ocr_par' dir='ltr' id='par_1_23' title="bbox 599 2600 2163 2676">
     <span class='ocr_line' id='line_1_23' title="bbox 599 2600 2163 2676; baseline -0.008 -9"><span class='ocrx_word' id='word_1_145' title='bbox 599 2616 859 2667; x_wconf 79' lang='lat' dir='ltr'><strong>adversus</strong></span> <span class='ocrx_word' id='word_1_146' title='bbox 894 2627 951 2666; x_wconf 90' lang='lat' dir='ltr'><strong>se</strong></span> <span class='ocrx_word' id='word_1_147' title='bbox 980 2611 1046 2663; x_wconf 83' lang='lat' dir='ltr'><strong>ab</strong></span> <span class='ocrx_word' id='word_1_148' title='bbox 1084 2609 1167 2663; x_wconf 91' lang='lat' dir='ltr'><strong>bis</strong></span> <span class='ocrx_word' id='word_1_149' title='bbox 1201 2606 1520 2676; x_wconf 70' lang='lat' dir='ltr'><strong>patrandum</strong></span> <span class='ocrx_word' id='word_1_150' title='bbox 1564 2605 2050 2657; x_wconf 87' lang='lat' dir='ltr'><strong>commemoravit:</strong></span> <span class='ocrx_word' id='word_1_151' title='bbox 2084 2600 2163 2655; x_wconf 79' lang='lat' dir='ltr'><strong>fo-</strong></span> 
     </span>
    </p>
   </div>
   <div class='ocr_carea' id='block_1_24' title="bbox 602 2694 2164 2771">
    <p class='ocr_par' dir='ltr' id='par_1_24' title="bbox 602 2694 2164 2771">
     <span class='ocr_line' id='line_1_24' title="bbox 602 2694 2164 2771; baseline -0.007 -14"><span class='ocrx_word' id='word_1_152' title='bbox 602 2719 767 2771; x_wconf 88' lang='lat' dir='ltr'><strong>reque</strong></span> <span class='ocrx_word' id='word_1_153' title='bbox 796 2703 869 2755; x_wconf 84' lang='lat' dir='ltr'><strong>ait</strong></span> <span class='ocrx_word' id='word_1_154' title='bbox 897 2713 953 2755; x_wconf 90' lang='lat' dir='ltr'><strong>ut</strong></span> <span class='ocrx_word' id='word_1_155' title='bbox 988 2703 1141 2753; x_wconf 88' lang='lat' dir='ltr'><strong>vinea</strong></span> <span class='ocrx_word' id='word_1_156' title='bbox 1178 2700 1242 2753; x_wconf 91' lang='lat' dir='ltr'><strong>iis</strong></span> <span class='ocrx_word' id='word_1_157' title='bbox 1278 2698 1743 2763; x_wconf 83' lang='lat' dir='ltr'><strong>auferatur,atque</strong></span> <span class='ocrx_word' id='word_1_158' title='bbox 1766 2696 1883 2749; x_wconf 89' lang='lat' dir='ltr'><strong>aliis</strong></span> <span class='ocrx_word' id='word_1_159' title='bbox 1922 2694 2164 2747; x_wconf 83' lang='lat' dir='ltr'><strong>tradatur</strong></span> 
     </span>
    </p>
   </div>
   <div class='ocr_carea' id='block_1_25' title="bbox 602 2787 2161 2853">
    <p class='ocr_par' dir='ltr' id='par_1_25' title="bbox 602 2787 2161 2853">
     <span class='ocr_line' id='line_1_25' title="bbox 602 2787 2161 2853; baseline -0.007 -5"><span class='ocrx_word' id='word_1_160' title='bbox 602 2792 918 2848; x_wconf 80' lang='lat' dir='ltr'><strong>Cultoribus.</strong></span> <span class='ocrx_word' id='word_1_161' title='bbox 976 2790 1108 2844; x_wconf 75' lang='lat' dir='ltr'><strong>Exin</strong></span> <span class='ocrx_word' id='word_1_162' title='bbox 1161 2788 1505 2849; x_wconf 84' lang='lat' dir='ltr'><strong>enucleabat,</strong></span> <span class='ocrx_word' id='word_1_163' title='bbox 1551 2801 1791 2853; x_wconf 73' lang='lat' dir='ltr'><strong>quaenam</strong></span> <span class='ocrx_word' id='word_1_164' title='bbox 1831 2787 1955 2837; x_wconf 89' lang='lat' dir='ltr'><strong>vitis</strong></span> <span class='ocrx_word' id='word_1_165' title='bbox 1978 2795 2161 2846; x_wconf 83' lang='lat' dir='ltr'><strong>esset;</strong></span> 
     </span>
    </p>
   </div>
   <div class='ocr_carea' id='block_1_26' title="bbox 604 2874 2162 2949">
    <p class='ocr_par' dir='ltr' id='par_1_26' title="bbox 604 2874 2162 2949">
     <span class='ocr_line' id='line_1_26' title="bbox 604 2874 2162 2949; baseline -0.005 -14"><span class='ocrx_word' id='word_1_166' title='bbox 604 2894 795 2949; x_wconf 89' lang='lat' dir='ltr'><strong>nempe</strong></span> <span class='ocrx_word' id='word_1_167' title='bbox 818 2880 906 2933; x_wconf 89' lang='lat' dir='ltr'><strong>Dei</strong></span> <span class='ocrx_word' id='word_1_168' title='bbox 930 2894 1147 2948; x_wconf 81' lang='lat' dir='ltr'><strong>regnum</strong></span> <span class='ocrx_word' id='word_1_169' title='bbox 1167 2878 1337 2930; x_wconf 65' lang='lat' dir='ltr'><strong>vinea:</strong></span> <span class='ocrx_word' id='word_1_170' title='bbox 1356 2876 1567 2930; x_wconf 90' lang='lat' dir='ltr'><strong>nomine</strong></span> <span class='ocrx_word' id='word_1_171' title='bbox 1583 2874 1803 2941; x_wconf 74' lang='lat' dir='ltr'><strong>intelligi</strong></span> <span class='ocrx_word' id='word_1_172' title='bbox 1826 2874 2162 2928; x_wconf 82' lang='lat' dir='ltr'><strong>declarabat:</strong></span> 
     </span>
    </p>
   </div>
   <div class='ocr_carea' id='block_1_27' title="bbox 606 2966 2165 3042">
    <p class='ocr_par' dir='ltr' id='par_1_27' title="bbox 606 2966 2165 3042">
     <span class='ocr_line' id='line_1_27' title="bbox 606 2966 2165 3042; baseline -0.004 -17"><span class='ocrx_word' id='word_1_173' title='bbox 606 2974 743 3042; x_wconf 84' lang='lat' dir='ltr'><strong>quod</strong></span> <span class='ocrx_word' id='word_1_174' title='bbox 769 2972 980 3040; x_wconf 85' lang='lat' dir='ltr'><strong>quidem</strong></span> <span class='ocrx_word' id='word_1_175' title='bbox 1016 2970 1105 3023; x_wconf 88' lang='lat' dir='ltr'><strong>Dei</strong></span> <span class='ocrx_word' id='word_1_176' title='bbox 1133 2984 1354 3037; x_wconf 91' lang='lat' dir='ltr'><strong>regnum</strong></span> <span class='ocrx_word' id='word_1_177' title='bbox 1399 2983 1495 3035; x_wconf 89' lang='lat' dir='ltr'><strong>per</strong></span> <span class='ocrx_word' id='word_1_178' title='bbox 1526 2968 1665 3035; x_wconf 88' lang='lat' dir='ltr'><strong>piam</strong></span> <span class='ocrx_word' id='word_1_179' title='bbox 1702 2966 2007 3035; x_wconf 77' lang='lat' dir='ltr'><strong>religionem</strong></span> <span class='ocrx_word' id='word_1_180' title='bbox 2038 2966 2165 3019; x_wconf 92' lang='lat' dir='ltr'><strong>olim</strong></span> 
     </span>
    </p>
   </div>
   <div class='ocr_carea' id='block_1_28' title="bbox 605 3056 2167 3133">
    <p class='ocr_par' dir='ltr' id='par_1_28' title="bbox 605 3056 2167 3133">
     <span class='ocr_line' id='line_1_28' title="bbox 605 3056 2167 3133; baseline -0.004 -18"><span class='ocrx_word' id='word_1_181' title='bbox 605 3064 941 3133; x_wconf 65' lang='lat' dir='ltr'><strong>principibus</strong></span> <span class='ocrx_word' id='word_1_182' title='bbox 966 3060 1164 3129; x_wconf 90' lang='lat' dir='ltr'><strong>prioris</strong></span> <span class='ocrx_word' id='word_1_183' title='bbox 1212 3060 1392 3128; x_wconf 88' lang='lat' dir='ltr'><strong>populi</strong></span> <span class='ocrx_word' id='word_1_184' title='bbox 1433 3057 1799 3113; x_wconf 89' lang='lat' dir='ltr'><strong>concreditum</strong></span> <span class='ocrx_word' id='word_1_185' title='bbox 1827 3057 2021 3111; x_wconf 81' lang='lat' dir='ltr'><strong>fuerat.</strong></span> <span class='ocrx_word' id='word_1_186' title='bbox 2063 3056 2167 3109; x_wconf 85' lang='lat' dir='ltr'><strong>Sed</strong></span> 
     </span>
    </p>
   </div>
   <div class='ocr_carea' id='block_1_29' title="bbox 1295 360 2165 461">
    <p class='ocr_par' dir='ltr' id='par_1_29' title="bbox 1295 386 2165 461">
     <span class='ocr_line' id='line_1_29' title="bbox 1295 386 2165 461; baseline -0.022 -2"><span class='ocrx_word' id='word_1_187' title='bbox 1295 400 1563 461; x_wconf 73' lang='lat' dir='ltr'><strong>EUSEBN</strong></span> <span class='ocrx_word' id='word_1_188' title='bbox 1600 390 2079 453; x_wconf 67' lang='lat' dir='ltr'><strong>CAESARIENSIS</strong></span> <span class='ocrx_word' id='word_1_189' title='bbox 2114 386 2165 442; x_wconf 67' lang='lat'><strong>0!</strong></span> 
     </span>
    </p>
   </div>
   <div class='ocr_carea' id='block_1_30' title="bbox 2269 360 3174 461">
    <p class='ocr_par' dir='ltr' id='par_1_30' title="bbox 2304 360 3174 435">
     <span class='ocr_line' id='line_1_30' title="bbox 2304 360 3174 435; baseline -0.025 1"><span class='ocrx_word' id='word_1_190' title='bbox 2304 379 2488 435; x_wconf 74' lang='lat' dir='ltr'><strong>PARS</strong></span> <span class='ocrx_word' id='word_1_191' title='bbox 2526 376 2616 433; x_wconf 79' lang='lat' dir='ltr'><strong>IV.</strong></span> <span class='ocrx_word' id='word_1_192' title='bbox 2654 402 2725 417; x_wconf 91' lang='grc'><strong><em>-</em></strong></span> <span class='ocrx_word' id='word_1_193' title='bbox 2760 360 3174 423; x_wconf 68' lang='grc' dir='ltr'><strong>ῺΟΕΜΑΤΙΟΛ.</strong></span> 
     </span>
    </p>
   </div>
   <div class='ocr_carea' id='block_1_31' title="bbox 1619 466 2165 581">
    <p class='ocr_par' dir='ltr' id='par_1_31' title="bbox 1619 514 2144 581">
     <span class='ocr_line' id='line_1_31' title="bbox 1619 514 2144 581; baseline -0.025 -9"><span class='ocrx_word' id='word_1_194' title='bbox 1619 535 1728 581; x_wconf 93' lang='lat' dir='ltr'><strong>um,</strong></span> <span class='ocrx_word' id='word_1_195' title='bbox 1760 517 1825 569; x_wconf 90' lang='lat' dir='ltr'><strong>ad</strong></span> <span class='ocrx_word' id='word_1_196' title='bbox 1866 514 1999 567; x_wconf 84' lang='lat' dir='ltr'><strong>alios</strong></span> <span class='ocrx_word' id='word_1_197' title='bbox 2027 516 2144 563; x_wconf 88' lang='lat' dir='ltr'><strong>erat</strong></span> 
     </span>
    </p>
   </div>
   <div class='ocr_carea' id='block_1_32' title="bbox 2269 466 3821 581">
    <p class='ocr_par' dir='ltr' id='par_1_32' title="bbox 2269 466 3821 569">
     <span class='ocr_line' id='line_1_32' title="bbox 2269 466 3821 569; baseline -0.023 -16"><span class='ocrx_word' id='word_1_198' title='bbox 2269 501 2401 569; x_wconf 74' lang='lat' dir='ltr'><strong>&gt;épst</strong></span> <span class='ocrx_word' id='word_1_199' title='bbox 2445 497 2543 558; x_wconf 77' lang='grc' dir='ltr'>τὰς</span> <span class='ocrx_word' id='word_1_200' title='bbox 2589 490 2769 552; x_wconf 79' lang='grc' dir='ltr'><strong>αἰτίας</strong></span> <span class='ocrx_word' id='word_1_201' title='bbox 2816 480 3107 554; x_wconf 71' lang='grc' dir='ltr'>παριστὰς,</span> <span class='ocrx_word' id='word_1_202' title='bbox 3140 477 3204 528; x_wconf 82' lang='grc' dir='ltr'>δι’</span> <span class='ocrx_word' id='word_1_203' title='bbox 3240 474 3303 536; x_wconf 73' lang='grc' dir='ltr'>ἃς</span> <span class='ocrx_word' id='word_1_204' title='bbox 3331 470 3555 541; x_wconf 75' lang='grc' dir='ltr'>ἔμελλεν</span> <span class='ocrx_word' id='word_1_205' title='bbox 3586 468 3667 529; x_wconf 83' lang='grc' dir='ltr'>εἰς</span> <span class='ocrx_word' id='word_1_206' title='bbox 3713 466 3821 519; x_wconf 68' lang='grc' dir='ltr'>δτι-</span> 
     </span>
    </p>
   </div>
   <div class='ocr_carea' id='block_1_33' title="bbox 3713 348 3820 404">
    <p class='ocr_par' dir='ltr' id='par_1_33' title="bbox 3713 348 3820 404">
     <span class='ocr_line' id='line_1_33' title="bbox 3713 348 3820 404; baseline 0.009 -1"><span class='ocrx_word' id='word_1_207' title='bbox 3713 348 3820 404; x_wconf 73' lang='grc' dir='ltr'><strong>οιο</strong></span> 
     </span>
    </p>
   </div>
   <div class='ocr_carea' id='block_1_34' title="bbox 2251 560 3820 663">
    <p class='ocr_par' dir='ltr' id='par_1_34' title="bbox 2251 560 3820 663">
     <span class='ocr_line' id='line_1_34' title="bbox 2251 560 3820 663; baseline -0.024 -16"><span class='ocrx_word' id='word_1_208' title='bbox 2421 584 2796 661; x_wconf 82' lang='grc' dir='ltr'><strong>μετατίθεσθαι</strong></span> <span class='ocrx_word' id='word_1_209' title='bbox 2844 573 3219 646; x_wconf 80' lang='grc' dir='ltr'><strong>ἀφαιρουμένη</strong></span> <span class='ocrx_word' id='word_1_210' title='bbox 3254 570 3312 634; x_wconf 76' lang='grc' dir='ltr'>ἐξ</span> <span class='ocrx_word' id='word_1_211' title='bbox 3350 564 3543 663; x_wconf 44' lang='grc' dir='ltr'>αὐτῶν.</span> <span class='ocrx_word' id='word_1_212' title='bbox 3578 563 3614 631; x_wconf 88' lang='grc' dir='ltr'><strong>ή</strong></span> <span class='ocrx_word' id='word_1_213' title='bbox 3671 560 3820 630; x_wconf 85' lang='grc' dir='ltr'>βασι-</span> 
     </span>
    </p>
   </div>
   <div class='ocr_carea' id='block_1_35' title="bbox 2249 652 3820 748">
    <p class='ocr_par' dir='ltr' id='par_1_35' title="bbox 2249 652 3820 748">
     <span class='ocr_line' id='line_1_35' title="bbox 2249 652 3820 748; baseline -0.023 -11"><span class='ocrx_word' id='word_1_214' title='bbox 2249 652 2371 737; x_wconf 79' lang='grc' dir='ltr'>λεία</span> <span class='ocrx_word' id='word_1_215' title='bbox 2388 652 2494 735; x_wconf 82' lang='grc' dir='ltr'><strong>τῶν</strong></span> <span class='ocrx_word' id='word_1_216' title='bbox 2529 675 2795 748; x_wconf 82' lang='grc' dir='ltr'>οὐρανῶν.</span> <span class='ocrx_word' id='word_1_217' title='bbox 2824 671 2983 740; x_wconf 84' lang='grc' dir='ltr'>Τρεῖς</span> <span class='ocrx_word' id='word_1_218' title='bbox 3006 667 3061 717; x_wconf 78' lang='grc' dir='ltr'><strong>δὲ</strong></span> <span class='ocrx_word' id='word_1_219' title='bbox 3087 663 3185 725; x_wconf 76' lang='grc' dir='ltr'><strong>τὰς</strong></span> <span class='ocrx_word' id='word_1_220' title='bbox 3223 660 3401 718; x_wconf 86' lang='grc' dir='ltr'>πάσας</span> <span class='ocrx_word' id='word_1_221' title='bbox 3432 652 3617 714; x_wconf 79' lang='grc' dir='ltr'>αἰτίας</span> <span class='ocrx_word' id='word_1_222' title='bbox 3648 666 3820 703; x_wconf 76' lang='grc' dir='ltr'>κατα-</span> 
     </span>
    </p>
   </div>
   <div class='ocr_carea' id='block_1_36' title="bbox 2250 744 3824 843">
    <p class='ocr_par' dir='ltr' id='par_1_36' title="bbox 2250 744 3824 843">
     <span class='ocr_line' id='line_1_36' title="bbox 2250 744 3824 843; baseline -0.025 -14"><span class='ocrx_word' id='word_1_223' title='bbox 2250 777 2415 843; x_wconf 80' lang='grc' dir='ltr'><strong>λέγει·</strong></span> <span class='ocrx_word' id='word_1_224' title='bbox 2450 744 2673 841; x_wconf 24' lang='grc' dir='ltr'>πρώτῂην</span> <span class='ocrx_word' id='word_1_225' title='bbox 2709 766 2829 835; x_wconf 79' lang='grc' dir='ltr'>μὲν,</span> <span class='ocrx_word' id='word_1_226' title='bbox 2858 763 2954 829; x_wconf 77' lang='grc' dir='ltr'><strong>τὴν</strong></span> <span class='ocrx_word' id='word_1_227' title='bbox 2984 756 3107 825; x_wconf 73' lang='grc' dir='ltr'>περὶ</span> <span class='ocrx_word' id='word_1_228' title='bbox 3132 753 3258 814; x_wconf 77' lang='grc' dir='ltr'>τοὺς</span> <span class='ocrx_word' id='word_1_229' title='bbox 3300 747 3545 843; x_wconf 79' lang='grc' dir='ltr'>καρποὺς</span> <span class='ocrx_word' id='word_1_230' title='bbox 3570 744 3824 843; x_wconf 47' lang='grc' dir='ltr'>ἀγνωμο-</span> 
     </span>
    </p>
   </div>
   <div class='ocr_carea' id='block_1_37' title="bbox 2254 834 3826 935">
    <p class='ocr_par' dir='ltr' id='par_1_37' title="bbox 2254 834 3826 935">
     <span class='ocr_line' id='line_1_37' title="bbox 2254 834 3826 935; baseline -0.024 -16"><span class='ocrx_word' id='word_1_231' title='bbox 2254 834 2417 935; x_wconf 70' lang='grc' dir='ltr'>σύνην</span> <span class='ocrx_word' id='word_1_232' title='bbox 2444 834 2551 914; x_wconf 84' lang='grc' dir='ltr'><strong>τῶν</strong></span> <span class='ocrx_word' id='word_1_233' title='bbox 2572 834 2831 927; x_wconf 83' lang='grc' dir='ltr'>γεωργῶν</span> <span class='ocrx_word' id='word_1_234' title='bbox 2848 872 2859 883; x_wconf 95' lang='grc'><strong>·</strong></span> <span class='ocrx_word' id='word_1_235' title='bbox 2894 853 2952 905; x_wconf 91' lang='grc' dir='ltr'><strong>οὐ</strong></span> <span class='ocrx_word' id='word_1_236' title='bbox 2987 850 3095 918; x_wconf 83' lang='grc' dir='ltr'>γὰρ</span> <span class='ocrx_word' id='word_1_237' title='bbox 3132 845 3395 914; x_wconf 75' lang='grc' dir='ltr'><strong>ἔπραττον</strong></span> <span class='ocrx_word' id='word_1_238' title='bbox 3420 836 3561 891; x_wconf 86' lang='grc' dir='ltr'><strong>κατά</strong></span> <span class='ocrx_word' id='word_1_239' title='bbox 3579 834 3652 887; x_wconf 86' lang='grc' dir='ltr'><strong>τά</strong></span> <span class='ocrx_word' id='word_1_240' title='bbox 3680 849 3826 932; x_wconf 66' lang='lat' dir='ltr'><strong>mg:</strong></span> 
     </span>
    </p>
   </div>
   <div class='ocr_carea' id='block_1_38' title="bbox 2251 922 3829 1026">
    <p class='ocr_par' dir='ltr' id='par_1_38' title="bbox 2251 922 3829 1026">
     <span class='ocr_line' id='line_1_38' title="bbox 2251 922 3829 1026; baseline -0.025 -15"><span class='ocrx_word' id='word_1_241' title='bbox 2251 922 2560 1026; x_wconf 77' lang='grc' dir='ltr'>ηγγελμένα</span> <span class='ocrx_word' id='word_1_242' title='bbox 2585 922 2786 1009; x_wconf 61' lang='grc' dir='ltr'>αὐτοῖς</span> <span class='ocrx_word' id='word_1_243' title='bbox 2815 944 2952 1015; x_wconf 76' lang='lat'><strong>(65),</strong></span> <span class='ocrx_word' id='word_1_244' title='bbox 2985 935 3298 1009; x_wconf 75' lang='grc' dir='ltr'>παραϐάται</span> <span class='ocrx_word' id='word_1_245' title='bbox 3327 931 3381 982; x_wconf 81' lang='grc' dir='ltr'>δὲ</span> <span class='ocrx_word' id='word_1_246' title='bbox 3403 930 3704 1026; x_wconf 77' lang='grc' dir='ltr'>ἐτύγχανον</span> <span class='ocrx_word' id='word_1_247' title='bbox 3732 922 3829 1025; x_wconf 63' lang='grc' dir='ltr'><strong>τρῦ</strong></span> 
     </span>
    </p>
   </div>
   <div class='ocr_carea' id='block_1_39' title="bbox 2251 1014 3832 1109">
    <p class='ocr_par' dir='ltr' id='par_1_39' title="bbox 2251 1014 3832 1109">
     <span class='ocr_line' id='line_1_39' title="bbox 2251 1014 3832 1109; baseline -0.025 -6"><span class='ocrx_word' id='word_1_248' title='bbox 2251 1014 2491 1109; x_wconf 65' lang='grc' dir='ltr'>δοθέντος</span> <span class='ocrx_word' id='word_1_249' title='bbox 2548 1043 2729 1103; x_wconf 70' lang='grc' dir='ltr'>αὐτοῖς</span> <span class='ocrx_word' id='word_1_250' title='bbox 2772 1014 2967 1106; x_wconf 82' lang='grc' dir='ltr'>νόμου’</span> <span class='ocrx_word' id='word_1_251' title='bbox 2999 1029 3252 1099; x_wconf 82' lang='grc' dir='ltr'>δευτέραν</span> <span class='ocrx_word' id='word_1_252' title='bbox 3285 1024 3361 1087; x_wconf 82' lang='grc' dir='ltr'><strong>δὲ,</strong></span> <span class='ocrx_word' id='word_1_253' title='bbox 3394 1021 3488 1091; x_wconf 83' lang='grc' dir='ltr'><strong>τὴν</strong></span> <span class='ocrx_word' id='word_1_254' title='bbox 3538 1016 3685 1071; x_wconf 79' lang='grc' dir='ltr'><strong>κατά</strong></span> <span class='ocrx_word' id='word_1_255' title='bbox 3722 1014 3832 1109; x_wconf 79' lang='grc' dir='ltr'><strong>τῶν</strong></span> 
     </span>
    </p>
   </div>
   <div class='ocr_carea' id='block_1_40' title="bbox 2256 1105 3834 1209">
    <p class='ocr_par' dir='ltr' id='par_1_40' title="bbox 2256 1105 3834 1209">
     <span class='ocr_line' id='line_1_40' title="bbox 2256 1105 3834 1209; baseline -0.025 -16"><span class='ocrx_word' id='word_1_256' title='bbox 2256 1105 2545 1209; x_wconf 84' lang='grc' dir='ltr'>προφητῶν</span> <span class='ocrx_word' id='word_1_257' title='bbox 2576 1105 2895 1197; x_wconf 74' lang='grc' dir='ltr'>ἐπιϐουλήν·</span> <span class='ocrx_word' id='word_1_258' title='bbox 2921 1118 3063 1177; x_wconf 73' lang='grc' dir='ltr'>οὐτοι</span> <span class='ocrx_word' id='word_1_259' title='bbox 3092 1120 3200 1189; x_wconf 82' lang='grc' dir='ltr'><strong>γὰρ</strong></span> <span class='ocrx_word' id='word_1_260' title='bbox 3218 1114 3355 1187; x_wconf 79' lang='grc' dir='ltr'>ἦσαν</span> <span class='ocrx_word' id='word_1_261' title='bbox 3374 1114 3423 1165; x_wconf 81' lang='grc' dir='ltr'>οἱ</span> <span class='ocrx_word' id='word_1_262' title='bbox 3456 1105 3834 1209; x_wconf 44' lang='grc' dir='ltr'>προαπεσταὶῑ</span> 
     </span>
    </p>
   </div>
   <div class='ocr_carea' id='block_1_41' title="bbox 2259 1194 3835 1300">
    <p class='ocr_par' dir='ltr' id='par_1_41' title="bbox 2259 1194 3835 1300">
     <span class='ocr_line' id='line_1_41' title="bbox 2259 1194 3835 1300; baseline -0.023 -18"><span class='ocrx_word' id='word_1_263' title='bbox 2259 1230 2406 1300; x_wconf 89' lang='grc' dir='ltr'>μένοι</span> <span class='ocrx_word' id='word_1_264' title='bbox 2444 1227 2536 1278; x_wconf 85' lang='grc' dir='ltr'><strong>τοῦ</strong></span> <span class='ocrx_word' id='word_1_265' title='bbox 2585 1221 2719 1277; x_wconf 91' lang='grc' dir='ltr'>Θεοῦ</span> <span class='ocrx_word' id='word_1_266' title='bbox 2767 1218 2975 1272; x_wconf 89' lang='grc' dir='ltr'>δοῦλοι·</span> <span class='ocrx_word' id='word_1_267' title='bbox 3026 1212 3120 1264; x_wconf 71' lang='grc' dir='ltr'><strong>καὶ</strong></span> <span class='ocrx_word' id='word_1_268' title='bbox 3160 1208 3371 1279; x_wconf 82' lang='grc' dir='ltr'>τρίτην,</span> <span class='ocrx_word' id='word_1_269' title='bbox 3414 1202 3516 1271; x_wconf 80' lang='grc' dir='ltr'>τὴν</span> <span class='ocrx_word' id='word_1_270' title='bbox 3552 1197 3697 1252; x_wconf 64' lang='grc' dir='ltr'>κατὰ</span> <span class='ocrx_word' id='word_1_271' title='bbox 3742 1194 3835 1247; x_wconf 88' lang='grc' dir='ltr'><strong>τοῦ</strong></span> 
     </span>
    </p>
   </div>
   <div class='ocr_carea' id='block_1_42' title="bbox 2256 1290 3823 1375">
    <p class='ocr_par' dir='ltr' id='par_1_42' title="bbox 2256 1290 3823 1375">
     <span class='ocr_line' id='line_1_42' title="bbox 2256 1290 3823 1375; baseline -0.021 -3"><span class='ocrx_word' id='word_1_272' title='bbox 2256 1290 2369 1371; x_wconf 69' lang='grc' dir='ltr'>υίοῦ</span> <span class='ocrx_word' id='word_1_273' title='bbox 2394 1318 2486 1369; x_wconf 80' lang='grc' dir='ltr'><strong>τοῦ</strong></span> <span class='ocrx_word' id='word_1_274' title='bbox 2517 1310 2895 1368; x_wconf 75' lang='grc' dir='ltr'>οἰκοδεσπότου</span> <span class='ocrx_word' id='word_1_275' title='bbox 2942 1300 3272 1375; x_wconf 73' lang='grc' dir='ltr'>μιαιφονίαν,</span> <span class='ocrx_word' id='word_1_276' title='bbox 3297 1297 3361 1349; x_wconf 76' lang='grc' dir='ltr'>δι’</span> <span class='ocrx_word' id='word_1_277' title='bbox 3384 1296 3450 1364; x_wconf 79' lang='grc' dir='ltr'>ἣν</span> <span class='ocrx_word' id='word_1_278' title='bbox 3475 1290 3823 1359; x_wconf 76' lang='grc' dir='ltr'>ὲκδικηθήσε-</span> 
     </span>
    </p>
   </div>
   <div class='ocr_carea' id='block_1_43' title="bbox 2255 1379 3839 1475">
    <p class='ocr_par' dir='ltr' id='par_1_43' title="bbox 2255 1379 3839 1475">
     <span class='ocr_line' id='line_1_43' title="bbox 2255 1379 3839 1475; baseline -0.021 -12"><span class='ocrx_word' id='word_1_279' title='bbox 2255 1428 2344 1462; x_wconf 81' lang='grc' dir='ltr'><strong>ται</strong></span> <span class='ocrx_word' id='word_1_280' title='bbox 2378 1410 2434 1475; x_wconf 77' lang='grc' dir='ltr'>ἐξ</span> <span class='ocrx_word' id='word_1_281' title='bbox 2460 1406 2637 1461; x_wconf 88' lang='grc' dir='ltr'>αὐτῶν</span> <span class='ocrx_word' id='word_1_282' title='bbox 2675 1404 2783 1455; x_wconf 78' lang='grc' dir='ltr'><strong>πᾶν</strong></span> <span class='ocrx_word' id='word_1_283' title='bbox 2831 1393 2992 1467; x_wconf 77' lang='grc' dir='ltr'>αἷμα,</span> <span class='ocrx_word' id='word_1_284' title='bbox 3021 1394 3128 1448; x_wconf 74' lang='grc' dir='ltr'>ἀπὸ</span> <span class='ocrx_word' id='word_1_285' title='bbox 3174 1390 3403 1459; x_wconf 78' lang='grc' dir='ltr'>αἵματος</span> <span class='ocrx_word' id='word_1_286' title='bbox 3426 1383 3592 1436; x_wconf 78' lang='grc' dir='ltr'>Ἀὅελ</span> <span class='ocrx_word' id='word_1_287' title='bbox 3624 1381 3721 1432; x_wconf 84' lang='grc' dir='ltr'><strong>τοῦ</strong></span> <span class='ocrx_word' id='word_1_288' title='bbox 3761 1379 3839 1431; x_wconf 85' lang='grc' dir='ltr'>δι-</span> 
     </span>
    </p>
   </div>
   <div class='ocr_carea' id='block_1_44' title="bbox 2260 1485 3220 1567">
    <p class='ocr_par' dir='ltr' id='par_1_44' title="bbox 2260 1485 3220 1567">
     <span class='ocr_line' id='line_1_44' title="bbox 2260 1485 3220 1567; baseline -0.02 -14"><span class='ocrx_word' id='word_1_289' title='bbox 2260 1501 2413 1552; x_wconf 86' lang='grc' dir='ltr'>καίου</span> <span class='ocrx_word' id='word_1_290' title='bbox 2454 1498 2641 1567; x_wconf 85' lang='grc' dir='ltr'>μέχρις</span> <span class='ocrx_word' id='word_1_291' title='bbox 2669 1494 2895 1562; x_wconf 79' lang='grc' dir='ltr'>αἵματος</span> <span class='ocrx_word' id='word_1_292' title='bbox 2933 1485 3220 1555; x_wconf 83' lang='grc' dir='ltr'>Ζαχαρίου.</span> 
     </span>
    </p>
   </div>
   <div class='ocr_carea' id='block_1_45' title="bbox 2330 1558 3843 1653">
    <p class='ocr_par' dir='ltr' id='par_1_45' title="bbox 2330 1558 3843 1653">
     <span class='ocr_line' id='line_1_45' title="bbox 2330 1558 3843 1653; baseline -0.022 -12"><span class='ocrx_word' id='word_1_293' title='bbox 2330 1558 2595 1641; x_wconf 65' lang='grc' dir='ltr'>Ταῦταδὲ</span> <span class='ocrx_word' id='word_1_294' title='bbox 2620 1587 2697 1647; x_wconf 84' lang='grc' dir='ltr'><strong>είς</strong></span> <span class='ocrx_word' id='word_1_295' title='bbox 2720 1558 3009 1653; x_wconf 84' lang='grc' dir='ltr'>πρόσωπον</span> <span class='ocrx_word' id='word_1_296' title='bbox 3027 1578 3135 1637; x_wconf 87' lang='grc' dir='ltr'>τοῖς</span> <span class='ocrx_word' id='word_1_297' title='bbox 3152 1567 3463 1642; x_wconf 80' lang='grc' dir='ltr'>ἀρχιερεῦσι</span> <span class='ocrx_word' id='word_1_298' title='bbox 3479 1564 3576 1616; x_wconf 80' lang='grc' dir='ltr'>καὶ</span> <span class='ocrx_word' id='word_1_299' title='bbox 3598 1558 3843 1630; x_wconf 69' lang='grc' dir='ltr'>πρεσϐυ.</span> 
     </span>
    </p>
   </div>
   <div class='ocr_carea' id='block_1_46' title="bbox 2258 1651 3837 1752">
    <p class='ocr_par' dir='ltr' id='par_1_46' title="bbox 2258 1651 3837 1752">
     <span class='ocr_line' id='line_1_46' title="bbox 2258 1651 3837 1752; baseline -0.021 -18"><span class='ocrx_word' id='word_1_300' title='bbox 2258 1682 2437 1752; x_wconf 78' lang='grc' dir='ltr'>τέροις</span> <span class='ocrx_word' id='word_1_301' title='bbox 2487 1678 2751 1745; x_wconf 84' lang='grc' dir='ltr'>λεγόμενα</span> <span class='ocrx_word' id='word_1_302' title='bbox 2792 1674 2850 1725; x_wconf 86' lang='grc' dir='ltr'><strong>οὐ</strong></span> <span class='ocrx_word' id='word_1_303' title='bbox 2890 1668 3114 1741; x_wconf 66' lang='grc' dir='ltr'>μικροὺς</span> <span class='ocrx_word' id='word_1_304' title='bbox 3152 1664 3336 1723; x_wconf 87' lang='grc' dir='ltr'>αὐτοῖς</span> <span class='ocrx_word' id='word_1_305' title='bbox 3372 1655 3637 1727; x_wconf 85' lang='grc' dir='ltr'>παρεῖχεν</span> <span class='ocrx_word' id='word_1_306' title='bbox 3678 1651 3837 1717; x_wconf 73' lang='grc' dir='ltr'>ἐλέγ-</span> 
     </span>
    </p>
   </div>
   <div class='ocr_carea' id='block_1_47' title="bbox 2260 1743 3842 1841">
    <p class='ocr_par' dir='ltr' id='par_1_47' title="bbox 2260 1743 3842 1841">
     <span class='ocr_line' id='line_1_47' title="bbox 2260 1743 3842 1841; baseline -0.02 -16"><span class='ocrx_word' id='word_1_307' title='bbox 2260 1743 2404 1841; x_wconf 74' lang='grc' dir='ltr'>χους.</span> <span class='ocrx_word' id='word_1_308' title='bbox 2435 1772 2523 1821; x_wconf 78' lang='grc' dir='ltr'>Διὸ</span> <span class='ocrx_word' id='word_1_309' title='bbox 2547 1743 2640 1820; x_wconf 75' lang='grc' dir='ltr'><strong>τοῦ</strong></span> <span class='ocrx_word' id='word_1_310' title='bbox 2666 1768 2913 1833; x_wconf 82' lang='grc' dir='ltr'>Σωτῆρος</span> <span class='ocrx_word' id='word_1_311' title='bbox 2936 1759 3186 1828; x_wconf 74' lang='grc' dir='ltr'>θαυμάσα</span> <span class='ocrx_word' id='word_1_312' title='bbox 3203 1755 3336 1805; x_wconf 73' lang='grc' dir='ltr'>ιέστι</span> <span class='ocrx_word' id='word_1_313' title='bbox 3368 1750 3505 1821; x_wconf 83' lang='grc' dir='ltr'><strong>μετά</strong></span> <span class='ocrx_word' id='word_1_314' title='bbox 3524 1748 3633 1800; x_wconf 84' lang='grc' dir='ltr'><strong>τῶν</strong></span> <span class='ocrx_word' id='word_1_315' title='bbox 3661 1743 3842 1798; x_wconf 78' lang='grc' dir='ltr'>ἄλλων</span> 
     </span>
    </p>
   </div>
   <div class='ocr_carea' id='block_1_48' title="bbox 2256 1837 3838 1931">
    <p class='ocr_par' dir='ltr' id='par_1_48' title="bbox 2256 1837 3838 1931">
     <span class='ocr_line' id='line_1_48' title="bbox 2256 1837 3838 1931; baseline -0.019 -16"><span class='ocrx_word' id='word_1_316' title='bbox 2256 1837 2347 1915; x_wconf 69' lang='grc' dir='ltr'>καὶ</span> <span class='ocrx_word' id='word_1_317' title='bbox 2368 1861 2463 1931; x_wconf 82' lang='grc' dir='ltr'>τὴν</span> <span class='ocrx_word' id='word_1_318' title='bbox 2496 1859 2741 1925; x_wconf 76' lang='grc' dir='ltr'>ἐξουσίαν</span> <span class='ocrx_word' id='word_1_319' title='bbox 2778 1856 2871 1907; x_wconf 82' lang='grc' dir='ltr'><strong>τοῦ</strong></span> <span class='ocrx_word' id='word_1_320' title='bbox 2917 1853 3074 1918; x_wconf 82' lang='grc' dir='ltr'>λόγου</span> <span class='ocrx_word' id='word_1_321' title='bbox 3121 1846 3257 1917; x_wconf 84' lang='grc' dir='ltr'><strong>μετά</strong></span> <span class='ocrx_word' id='word_1_322' title='bbox 3304 1843 3501 1911; x_wconf 81' lang='grc' dir='ltr'>πολλῆς</span> <span class='ocrx_word' id='word_1_323' title='bbox 3545 1837 3838 1899; x_wconf 81' lang='grc' dir='ltr'>αὐθεντίας</span> 
     </span>
    </p>
   </div>
   <div class='ocr_carea' id='block_1_49' title="bbox 2255 1930 3841 2021">
    <p class='ocr_par' dir='ltr' id='par_1_49' title="bbox 2255 1930 3841 2021">
     <span class='ocr_line' id='line_1_49' title="bbox 2255 1930 3841 2021; baseline -0.018 -15"><span class='ocrx_word' id='word_1_324' title='bbox 2255 1950 2692 2021; x_wconf 77' lang='grc' dir='ltr'>ἀποφηναμένου,</span> <span class='ocrx_word' id='word_1_325' title='bbox 2731 1948 2822 1999; x_wconf 74' lang='grc' dir='ltr'><strong>καί</strong></span> <span class='ocrx_word' id='word_1_326' title='bbox 2848 1944 3035 2015; x_wconf 83' lang='grc' dir='ltr'>κριτοῦ</span> <span class='ocrx_word' id='word_1_327' title='bbox 3068 1942 3221 2009; x_wconf 86' lang='grc' dir='ltr'>δίκην</span> <span class='ocrx_word' id='word_1_328' title='bbox 3256 1937 3351 2007; x_wconf 81' lang='grc' dir='ltr'>τὴν</span> <span class='ocrx_word' id='word_1_329' title='bbox 3379 1936 3499 1987; x_wconf 84' lang='grc' dir='ltr'>κατ’</span> <span class='ocrx_word' id='word_1_330' title='bbox 3544 1930 3729 1985; x_wconf 80' lang='grc' dir='ltr'>αὐτῶν</span> <span class='ocrx_word' id='word_1_331' title='bbox 3760 1946 3841 1980; x_wconf 87' lang='grc' dir='ltr'>τι-</span> 
     </span>
    </p>
   </div>
   <div class='ocr_carea' id='block_1_50' title="bbox 2259 2024 3845 2115">
    <p class='ocr_par' dir='ltr' id='par_1_50' title="bbox 2259 2024 3845 2115">
     <span class='ocr_line' id='line_1_50' title="bbox 2259 2024 3845 2115; baseline -0.017 -17"><span class='ocrx_word' id='word_1_332' title='bbox 2259 2045 2466 2115; x_wconf 78' lang='grc' dir='ltr'>μωρίαν</span> <span class='ocrx_word' id='word_1_333' title='bbox 2498 2046 2578 2104; x_wconf 87' lang='grc' dir='ltr'><strong>είς</strong></span> <span class='ocrx_word' id='word_1_334' title='bbox 2607 2041 2666 2092; x_wconf 78' lang='grc' dir='ltr'><strong>τὸ</strong></span> <span class='ocrx_word' id='word_1_335' title='bbox 2698 2037 2875 2090; x_wconf 84' lang='grc' dir='ltr'>αὐτῶν</span> <span class='ocrx_word' id='word_1_336' title='bbox 2910 2034 3193 2105; x_wconf 86' lang='grc' dir='ltr'>πρόσωπον</span> <span class='ocrx_word' id='word_1_337' title='bbox 3240 2027 3374 2098; x_wconf 84' lang='grc' dir='ltr'><strong>μετά</strong></span> <span class='ocrx_word' id='word_1_338' title='bbox 3404 2024 3714 2094; x_wconf 79' lang='grc' dir='ltr'>βαθυτάτης</span> <span class='ocrx_word' id='word_1_339' title='bbox 3753 2036 3845 2072; x_wconf 86' lang='grc' dir='ltr'>σο-</span> 
     </span>
    </p>
   </div>
   <div class='ocr_carea' id='block_1_51' title="bbox 2258 2112 3842 2207">
    <p class='ocr_par' dir='ltr' id='par_1_51' title="bbox 2258 2112 3842 2207">
     <span class='ocr_line' id='line_1_51' title="bbox 2258 2112 3842 2207; baseline -0.017 -17"><span class='ocrx_word' id='word_1_340' title='bbox 2258 2112 2385 2207; x_wconf 28' lang='grc' dir='ltr'>φία-ς</span> <span class='ocrx_word' id='word_1_341' title='bbox 2414 2132 2805 2200; x_wconf 78' lang='grc' dir='ltr'>ὲξενεγκόντος.</span> <span class='ocrx_word' id='word_1_342' title='bbox 2850 2127 2928 2197; x_wconf 83' lang='grc' dir='ltr'><strong>Τῇ</strong></span> <span class='ocrx_word' id='word_1_343' title='bbox 2963 2124 3211 2194; x_wconf 77' lang='grc' dir='ltr'>παρούσῃ</span> <span class='ocrx_word' id='word_1_344' title='bbox 3243 2122 3335 2174; x_wconf 84' lang='grc' dir='ltr'><strong>τοῦ</strong></span> <span class='ocrx_word' id='word_1_345' title='bbox 3380 2120 3633 2186; x_wconf 84' lang='grc' dir='ltr'>Σωτῆρος</span> <span class='ocrx_word' id='word_1_346' title='bbox 3680 2112 3842 2182; x_wconf 90' lang='grc' dir='ltr'>ήμῶν</span> 
     </span>
    </p>
   </div>
   <div class='ocr_carea' id='block_1_52' title="bbox 2258 2206 3844 2300">
    <p class='ocr_par' dir='ltr' id='par_1_52' title="bbox 2258 2206 3844 2300">
     <span class='ocr_line' id='line_1_52' title="bbox 2258 2206 3844 2300; baseline -0.015 -19"><span class='ocrx_word' id='word_1_347' title='bbox 2258 2226 2534 2300; x_wconf 78' lang='grc' dir='ltr'>παραϐολῇ</span> <span class='ocrx_word' id='word_1_348' title='bbox 2568 2224 2776 2294; x_wconf 75' lang='grc' dir='ltr'>συνᾴδει</span> <span class='ocrx_word' id='word_1_349' title='bbox 2799 2225 2831 2292; x_wconf 89' lang='grc' dir='ltr'><strong>ή</strong></span> <span class='ocrx_word' id='word_1_350' title='bbox 2853 2220 3003 2291; x_wconf 79' lang='grc' dir='ltr'>παρὰ</span> <span class='ocrx_word' id='word_1_351' title='bbox 3027 2218 3103 2287; x_wconf 79' lang='grc' dir='ltr'>τῷ</span> <span class='ocrx_word' id='word_1_352' title='bbox 3118 2212 3417 2281; x_wconf 79' lang='grc' dir='ltr'>Ἡσαῖᾳ,ὼς</span> <span class='ocrx_word' id='word_1_353' title='bbox 3437 2210 3654 2279; x_wconf 80' lang='grc' dir='ltr'>εἴρηται</span> <span class='ocrx_word' id='word_1_354' title='bbox 3679 2206 3844 2274; x_wconf 80' lang='grc'><strong>(65⁵).</strong></span> 
     </span>
    </p>
   </div>
   <div class='ocr_carea' id='block_1_53' title="bbox 2259 2298 3849 2392">
    <p class='ocr_par' dir='ltr' id='par_1_53' title="bbox 2259 2298 3849 2392">
     <span class='ocr_line' id='line_1_53' title="bbox 2259 2298 3849 2392; baseline -0.019 -17"><span class='ocrx_word' id='word_1_355' title='bbox 2259 2298 2405 2392; x_wconf 71' lang='grc' dir='ltr'>Πλην</span> <span class='ocrx_word' id='word_1_356' title='bbox 2438 2321 2471 2389; x_wconf 87' lang='grc' dir='ltr'><strong>ή</strong></span> <span class='ocrx_word' id='word_1_357' title='bbox 2503 2319 2603 2388; x_wconf 81' lang='grc' dir='ltr'>μὲν</span> <span class='ocrx_word' id='word_1_358' title='bbox 2632 2316 2725 2368; x_wconf 90' lang='grc' dir='ltr'><strong>τοῦ</strong></span> <span class='ocrx_word' id='word_1_359' title='bbox 2756 2314 3031 2385; x_wconf 75' lang='grc' dir='ltr'>προφήτου</span> <span class='ocrx_word' id='word_1_360' title='bbox 3051 2309 3141 2360; x_wconf 84' lang='grc' dir='ltr'><strong>τὸν</strong></span> <span class='ocrx_word' id='word_1_361' title='bbox 3161 2303 3456 2374; x_wconf 74' lang='grc' dir='ltr'>ἀμπελῶνα</span> <span class='ocrx_word' id='word_1_362' title='bbox 3482 2298 3634 2367; x_wconf 81' lang='grc' dir='ltr'>διεμὲ</span> <span class='ocrx_word' id='word_1_363' title='bbox 3646 2312 3849 2367; x_wconf 77' lang='grc' dir='ltr'>μφετο,</span> 
     </span>
    </p>
   </div>
   <div class='ocr_carea' id='block_1_54' title="bbox 2259 2387 3847 2479">
    <p class='ocr_par' dir='ltr' id='par_1_54' title="bbox 2259 2387 3847 2479">
     <span class='ocr_line' id='line_1_54' title="bbox 2259 2387 3847 2479; baseline -0.018 -14"><span class='ocrx_word' id='word_1_364' title='bbox 2259 2387 2374 2465; x_wconf 36' lang='grc' dir='ltr'>τῶν.</span> <span class='ocrx_word' id='word_1_365' title='bbox 2411 2387 2670 2479; x_wconf 84' lang='grc' dir='ltr'>γεωργῶν</span> <span class='ocrx_word' id='word_1_366' title='bbox 2718 2407 2937 2477; x_wconf 85' lang='grc' dir='ltr'>μνήμην</span> <span class='ocrx_word' id='word_1_367' title='bbox 2978 2398 3223 2470; x_wconf 80' lang='grc' dir='ltr'>οὐδαμῶς</span> <span class='ocrx_word' id='word_1_368' title='bbox 3271 2392 3655 2462; x_wconf 80' lang='grc' dir='ltr'>πεποιημένη”</span> <span class='ocrx_word' id='word_1_369' title='bbox 3712 2392 3741 2441; x_wconf 84' lang='grc' dir='ltr'><strong>ό</strong></span> <span class='ocrx_word' id='word_1_370' title='bbox 3788 2387 3847 2438; x_wconf 78' lang='grc' dir='ltr'>δὲ</span> 
     </span>
    </p>
   </div>
   <div class='ocr_carea' id='block_1_55' title="bbox 2262 2479 3840 2574">
    <p class='ocr_par' dir='ltr' id='par_1_55' title="bbox 2262 2479 3840 2574">
     <span class='ocr_line' id='line_1_55' title="bbox 2262 2479 3840 2574; baseline -0.018 -16"><span class='ocrx_word' id='word_1_371' title='bbox 2262 2506 2452 2574; x_wconf 84' lang='grc' dir='ltr'>Σωτὴρ</span> <span class='ocrx_word' id='word_1_372' title='bbox 2473 2503 2599 2564; x_wconf 82' lang='grc' dir='ltr'>τοὺς</span> <span class='ocrx_word' id='word_1_373' title='bbox 2627 2498 2902 2569; x_wconf 80' lang='grc' dir='ltr'>γεωργοὺς</span> <span class='ocrx_word' id='word_1_374' title='bbox 2930 2494 3235 2563; x_wconf 85' lang='grc' dir='ltr'>ἁπήλεγχεν</span> <span class='ocrx_word' id='word_1_375' title='bbox 3259 2491 3335 2550; x_wconf 87' lang='grc' dir='ltr'>εἰς</span> <span class='ocrx_word' id='word_1_376' title='bbox 3360 2486 3649 2556; x_wconf 88' lang='grc' dir='ltr'>πρόσωπον</span> <span class='ocrx_word' id='word_1_377' title='bbox 3674 2479 3840 2533; x_wconf 79' lang='grc' dir='ltr'>ἑστῶ-</span> 
     </span>
    </p>
   </div>
   <div class='ocr_carea' id='block_1_56' title="bbox 2260 2572 3849 2662">
    <p class='ocr_par' dir='ltr' id='par_1_56' title="bbox 2260 2572 3849 2662">
     <span class='ocr_line' id='line_1_56' title="bbox 2260 2572 3849 2662; baseline -0.019 -12"><span class='ocrx_word' id='word_1_378' title='bbox 2260 2615 2358 2659; x_wconf 86' lang='grc' dir='ltr'><strong>τας</strong></span> <span class='ocrx_word' id='word_1_379' title='bbox 2406 2572 2509 2648; x_wconf 75' lang='grc' dir='ltr'>καὶ</span> <span class='ocrx_word' id='word_1_380' title='bbox 2557 2592 2848 2662; x_wconf 88' lang='grc' dir='ltr'>παρόντας.</span> <span class='ocrx_word' id='word_1_381' title='bbox 2900 2582 3057 2639; x_wconf 71' lang='grc' dir='ltr'>Οὗτοι</span> <span class='ocrx_word' id='word_1_382' title='bbox 3091 2584 3134 2635; x_wconf 78' lang='grc' dir='ltr'>δ’</span> <span class='ocrx_word' id='word_1_383' title='bbox 3174 2578 3314 2651; x_wconf 79' lang='grc' dir='ltr'>ἦσαν</span> <span class='ocrx_word' id='word_1_384' title='bbox 3356 2579 3405 2629; x_wconf 86' lang='grc' dir='ltr'><strong>οί</strong></span> <span class='ocrx_word' id='word_1_385' title='bbox 3439 2577 3703 2644; x_wconf 81' lang='grc' dir='ltr'>ἄρχοντες</span> <span class='ocrx_word' id='word_1_386' title='bbox 3754 2572 3849 2623; x_wconf 77' lang='grc' dir='ltr'>καὶ</span> 
     </span>
    </p>
   </div>
   <div class='ocr_carea' id='block_1_57' title="bbox 2262 2662 3849 2758">
    <p class='ocr_par' dir='ltr' id='par_1_57' title="bbox 2262 2662 3849 2758">
     <span class='ocr_line' id='line_1_57' title="bbox 2262 2662 3849 2758; baseline -0.019 -17"><span class='ocrx_word' id='word_1_387' title='bbox 2262 2687 2553 2758; x_wconf 77' lang='grc' dir='ltr'>ἡγούμενοι</span> <span class='ocrx_word' id='word_1_388' title='bbox 2578 2683 2671 2737; x_wconf 88' lang='grc' dir='ltr'><strong>τοῦ</strong></span> <span class='ocrx_word' id='word_1_389' title='bbox 2700 2681 2829 2733; x_wconf 88' lang='grc' dir='ltr'>λαοῦ</span> <span class='ocrx_word' id='word_1_390' title='bbox 2854 2698 2866 2709; x_wconf 89' lang='grc'><strong>·</strong></span> <span class='ocrx_word' id='word_1_391' title='bbox 2901 2674 2980 2739; x_wconf 75' lang='grc' dir='ltr'>οἷς</span> <span class='ocrx_word' id='word_1_392' title='bbox 3008 2674 3141 2746; x_wconf 85' lang='grc' dir='ltr'>ὁμοῦ</span> <span class='ocrx_word' id='word_1_393' title='bbox 3170 2672 3264 2725; x_wconf 69' lang='grc' dir='ltr'><strong>καὶ</strong></span> <span class='ocrx_word' id='word_1_394' title='bbox 3297 2671 3363 2738; x_wconf 77' lang='grc' dir='ltr'>ἣν</span> <span class='ocrx_word' id='word_1_395' title='bbox 3388 2670 3705 2736; x_wconf 77' lang='grc' dir='ltr'>ποιήσονται</span> <span class='ocrx_word' id='word_1_396' title='bbox 3725 2662 3849 2714; x_wconf 76' lang='grc' dir='ltr'>κατ’</span> 
     </span>
    </p>
   </div>
   <div class='ocr_carea' id='block_1_58' title="bbox 2264 2754 3850 2844">
    <p class='ocr_par' dir='ltr' id='par_1_58' title="bbox 2264 2754 3850 2844">
     <span class='ocr_line' id='line_1_58' title="bbox 2264 2754 3850 2844; baseline -0.02 -11"><span class='ocrx_word' id='word_1_397' title='bbox 2264 2754 2425 2833; x_wconf 80' lang='grc' dir='ltr'>αὐτοῦ</span> <span class='ocrx_word' id='word_1_398' title='bbox 2458 2775 2744 2844; x_wconf 77' lang='grc' dir='ltr'>ἐπιϐουλὴν</span> <span class='ocrx_word' id='word_1_399' title='bbox 2788 2773 3004 2840; x_wconf 77' lang='grc' dir='ltr'>ἐδήλου·</span> <span class='ocrx_word' id='word_1_400' title='bbox 3051 2767 3143 2819; x_wconf 71' lang='grc' dir='ltr'><strong>καὶ</strong></span> <span class='ocrx_word' id='word_1_401' title='bbox 3174 2764 3247 2825; x_wconf 84' lang='grc' dir='ltr'>ὡς</span> <span class='ocrx_word' id='word_1_402' title='bbox 3283 2759 3585 2831; x_wconf 83' lang='grc' dir='ltr'>ἀρθήσεται</span> <span class='ocrx_word' id='word_1_403' title='bbox 3618 2756 3715 2808; x_wconf 81' lang='grc' dir='ltr'>ἀπ’</span> <span class='ocrx_word' id='word_1_404' title='bbox 3756 2754 3850 2805; x_wconf 82' lang='grc' dir='ltr'>αὐ-</span> 
     </span>
    </p>
   </div>
   <div class='ocr_carea' id='block_1_59' title="bbox 2265 2847 3851 2939">
    <p class='ocr_par' dir='ltr' id='par_1_59' title="bbox 2265 2847 3851 2939">
     <span class='ocr_line' id='line_1_59' title="bbox 2265 2847 3851 2939; baseline -0.02 -14"><span class='ocrx_word' id='word_1_405' title='bbox 2265 2872 2369 2923; x_wconf 90' lang='grc' dir='ltr'><strong>τῶν</strong></span> <span class='ocrx_word' id='word_1_406' title='bbox 2413 2873 2440 2924; x_wconf 87' lang='grc' dir='ltr'><strong>ό</strong></span> <span class='ocrx_word' id='word_1_407' title='bbox 2498 2866 2775 2939; x_wconf 87' lang='grc' dir='ltr'>ἀμπελὼν,</span> <span class='ocrx_word' id='word_1_408' title='bbox 2835 2864 2925 2917; x_wconf 68' lang='grc' dir='ltr'>καὶ</span> <span class='ocrx_word' id='word_1_409' title='bbox 2971 2861 3249 2928; x_wconf 83' lang='grc' dir='ltr'>δοθήσεται</span> <span class='ocrx_word' id='word_1_410' title='bbox 3284 2852 3491 2920; x_wconf 77' lang='grc' dir='ltr'>ἑτέροις</span> <span class='ocrx_word' id='word_1_411' title='bbox 3553 2847 3851 2915; x_wconf 60' lang='grc' dir='ltr'>γεωργοῖς,</span> 
     </span>
    </p>
   </div>
   <div class='ocr_carea' id='block_1_60' title="bbox 2266 2936 3848 3030">
    <p class='ocr_par' dir='ltr' id='par_1_60' title="bbox 2266 2936 3848 3030">
     <span class='ocr_line' id='line_1_60' title="bbox 2266 2936 3848 3030; baseline -0.018 -16"><span class='ocrx_word' id='word_1_412' title='bbox 2266 2936 2550 3030; x_wconf 57' lang='grc' dir='ltr'><strong>προύλεγεἐ</strong></span> <span class='ocrx_word' id='word_1_413' title='bbox 2577 2956 2850 3023; x_wconf 82' lang='grc' dir='ltr'>διασαφῶν</span> <span class='ocrx_word' id='word_1_414' title='bbox 2886 2952 3083 3021; x_wconf 80' lang='grc' dir='ltr'>ἐφεξῆς</span> <span class='ocrx_word' id='word_1_415' title='bbox 3105 2948 3186 3009; x_wconf 85' lang='grc' dir='ltr'><strong>τίς</strong></span> <span class='ocrx_word' id='word_1_416' title='bbox 3218 2962 3343 2998; x_wconf 86' lang='grc' dir='ltr'>ποτε</span> <span class='ocrx_word' id='word_1_417' title='bbox 3379 2945 3461 3010; x_wconf 76' lang='grc' dir='ltr'><strong>εἴη</strong></span> <span class='ocrx_word' id='word_1_418' title='bbox 3492 2944 3519 2993; x_wconf 80' lang='grc' dir='ltr'><strong>ό</strong></span> <span class='ocrx_word' id='word_1_419' title='bbox 3558 2936 3848 3007; x_wconf 85' lang='grc' dir='ltr'>ἀμπελὼν,</span> 
     </span>
    </p>
   </div>
   <div class='ocr_carea' id='block_1_61' title="bbox 2270 3028 3855 3117">
    <p class='ocr_par' dir='ltr' id='par_1_61' title="bbox 2270 3028 3855 3117">
     <span class='ocr_line' id='line_1_61' title="bbox 2270 3028 3855 3117; baseline -0.017 -12"><span class='ocrx_word' id='word_1_420' title='bbox 2270 3028 2362 3105; x_wconf 68' lang='grc' dir='ltr'>καὶ</span> <span class='ocrx_word' id='word_1_421' title='bbox 2389 3051 2653 3103; x_wconf 83' lang='grc' dir='ltr'>διδάσκων</span> <span class='ocrx_word' id='word_1_422' title='bbox 2684 3048 2782 3117; x_wconf 79' lang='grc' dir='ltr'>τὴν</span> <span class='ocrx_word' id='word_1_423' title='bbox 2816 3043 3091 3114; x_wconf 79' lang='grc' dir='ltr'>βασιλείαν</span> <span class='ocrx_word' id='word_1_424' title='bbox 3136 3038 3229 3090; x_wconf 88' lang='grc' dir='ltr'><strong>τοῦ</strong></span> <span class='ocrx_word' id='word_1_425' title='bbox 3272 3034 3405 3087; x_wconf 82' lang='grc' dir='ltr'>Θεοῦ</span> <span class='ocrx_word' id='word_1_426' title='bbox 3440 3028 3575 3083; x_wconf 78' lang='grc' dir='ltr'>εἶναι</span> <span class='ocrx_word' id='word_1_427' title='bbox 3615 3028 3709 3117; x_wconf 33' lang='grc' dir='ltr'>τηὸν</span> <span class='ocrx_word' id='word_1_428' title='bbox 3748 3028 3855 3096; x_wconf 82' lang='grc' dir='ltr'>άμ-</span> 
     </span>
    </p>
   </div>
   <div class='ocr_carea' id='block_1_62' title="bbox 610 3108 2165 3219">
    <p class='ocr_par' dir='ltr' id='par_1_62' title="bbox 610 3108 2165 3217">
     <span class='ocr_line' id='line_1_62' title="bbox 610 3108 2155 3133; baseline -0.005 -2"><span class='ocrx_word' id='word_1_429' title='bbox 610 3108 939 3133; x_wconf 76' lang='lat' dir='ltr'><strong>r&#39;&quot;&quot;&quot;r&quot;&quot;“&#39;</strong></span> <span class='ocrx_word' id='word_1_430' title='bbox 967 3108 1163 3129; x_wconf 75' lang='lat' dir='ltr'><strong>l’&quot;&quot;&quot;</strong></span> <span class='ocrx_word' id='word_1_431' title='bbox 1214 3108 1392 3128; x_wconf 62' lang='lat' dir='ltr'><strong>r‘r—&quot;</strong></span> <span class='ocrx_word' id='word_1_432' title='bbox 1438 3108 1681 3113; x_wconf 55' lang='lat'>&quot;“&quot;&quot;”</span> <span class='ocrx_word' id='word_1_433' title='bbox 1722 3108 1798 3110; x_wconf 54' lang='lat'><strong><em>&quot;&quot;</em></strong></span> <span class='ocrx_word' id='word_1_434' title='bbox 1854 3108 1957 3111; x_wconf 59' lang='lat'>&quot;&quot;</span> <span class='ocrx_word' id='word_1_435' title='bbox 2079 3108 2089 3109; x_wconf 41' lang='grc' dir='ltr'>ί</span> <span class='ocrx_word' id='word_1_436' title='bbox 2146 3108 2155 3109; x_wconf 42' lang='grc' dir='ltr'><strong>ί</strong></span> 
     </span>
     <span class='ocr_line' id='line_1_63' title="bbox 610 3149 2165 3217; baseline -0.005 -9"><span class='ocrx_word' id='word_1_437' title='bbox 610 3157 750 3209; x_wconf 76' lang='lat' dir='ltr'><strong>enim</strong></span> <span class='ocrx_word' id='word_1_438' title='bbox 792 3170 909 3204; x_wconf 78' lang='lat' dir='ltr'><strong>cum</strong></span> <span class='ocrx_word' id='word_1_439' title='bbox 962 3153 1013 3204; x_wconf 93' lang='lat' dir='ltr'><strong>hi</strong></span> <span class='ocrx_word' id='word_1_440' title='bbox 1047 3167 1220 3217; x_wconf 86' lang='lat' dir='ltr'><strong>neque</strong></span> <span class='ocrx_word' id='word_1_441' title='bbox 1247 3152 1456 3205; x_wconf 87' lang='lat' dir='ltr'><strong>debitos</strong></span> <span class='ocrx_word' id='word_1_442' title='bbox 1500 3149 1709 3202; x_wconf 85' lang='lat' dir='ltr'><strong>fructus</strong></span> <span class='ocrx_word' id='word_1_443' title='bbox 1743 3150 2069 3213; x_wconf 88' lang='lat' dir='ltr'><strong>redderent,</strong></span> <span class='ocrx_word' id='word_1_444' title='bbox 2116 3156 2165 3201; x_wconf 90' lang='lat' dir='ltr'><strong>et</strong></span> 
     </span>
    </p>
   </div>
   <div class='ocr_carea' id='block_1_63' title="bbox 2269 3108 3854 3219">
    <p class='ocr_par' dir='ltr' id='par_1_63' title="bbox 2271 3108 3854 3210">
     <span class='ocr_line' id='line_1_64' title="bbox 2271 3108 3854 3210; baseline -0.016 -17"><span class='ocrx_word' id='word_1_445' title='bbox 2271 3142 2486 3194; x_wconf 90' lang='grc' dir='ltr'>πελῶνα</span> <span class='ocrx_word' id='word_1_446' title='bbox 2506 3158 2523 3172; x_wconf 72' lang='grc'>⁸</span> <span class='ocrx_word' id='word_1_447' title='bbox 2552 3141 2672 3210; x_wconf 76' lang='grc' dir='ltr'>ἥτις</span> <span class='ocrx_word' id='word_1_448' title='bbox 2706 3108 2950 3208; x_wconf 75' lang='grc' dir='ltr'>βασίλεία</span> <span class='ocrx_word' id='word_1_449' title='bbox 2981 3129 3115 3185; x_wconf 82' lang='grc' dir='ltr'>Θεοῦ</span> <span class='ocrx_word' id='word_1_450' title='bbox 3148 3128 3235 3181; x_wconf 85' lang='grc' dir='ltr'>διὰ</span> <span class='ocrx_word' id='word_1_451' title='bbox 3256 3125 3350 3177; x_wconf 90' lang='grc' dir='ltr'><strong>τοῦ</strong></span> <span class='ocrx_word' id='word_1_452' title='bbox 3381 3108 3670 3181; x_wconf 69' lang='grc' dir='ltr'>θεοσεὸοῦξ</span> <span class='ocrx_word' id='word_1_453' title='bbox 3702 3118 3854 3169; x_wconf 86' lang='grc' dir='ltr'>πολι-</span> 
     </span>
    </p>
   </div>
   <div class='ocr_carea' id='block_1_64' title="bbox 608 3208 2165 3309">
    <p class='ocr_par' dir='ltr' id='par_1_64' title="bbox 608 3238 2165 3309">
     <span class='ocr_line' id='line_1_65' title="bbox 608 3238 2165 3309; baseline -0.005 -14"><span class='ocrx_word' id='word_1_454' title='bbox 608 3252 805 3309; x_wconf 53' lang='lat' dir='ltr'><strong>pater</strong></span> <span class='ocrx_word' id='word_1_455' title='bbox 841 3241 970 3308; x_wconf 85' lang='lat' dir='ltr'><strong>legis</strong></span> <span class='ocrx_word' id='word_1_456' title='bbox 1018 3240 1396 3301; x_wconf 88' lang='lat' dir='ltr'><strong>violatiouem,</strong></span> <span class='ocrx_word' id='word_1_457' title='bbox 1452 3238 1685 3293; x_wconf 58' lang='lat' dir='ltr'><strong>caedibus</strong></span> <span class='ocrx_word' id='word_1_458' title='bbox 1733 3251 1947 3307; x_wconf 86' lang='lat' dir='ltr'><strong>quoque</strong></span> <span class='ocrx_word' id='word_1_459' title='bbox 1993 3245 2165 3290; x_wconf 88' lang='lat' dir='ltr'><strong>semet</strong></span> 
     </span>
    </p>
   </div>
   <div class='ocr_carea' id='block_1_65' title="bbox 2269 3208 3857 3309">
    <p class='ocr_par' dir='ltr' id='par_1_65' title="bbox 2269 3208 3857 3303">
     <span class='ocr_line' id='line_1_66' title="bbox 2269 3208 3857 3303; baseline -0.018 -17"><span class='ocrx_word' id='word_1_460' title='bbox 2269 3234 2532 3303; x_wconf 85' lang='grc' dir='ltr'>τεύματος</span> <span class='ocrx_word' id='word_1_461' title='bbox 2562 3208 2729 3283; x_wconf 84' lang='grc' dir='ltr'>πάλαι</span> <span class='ocrx_word' id='word_1_462' title='bbox 2762 3228 3023 3298; x_wconf 88' lang='grc' dir='ltr'>πρότερον</span> <span class='ocrx_word' id='word_1_463' title='bbox 3048 3222 3158 3279; x_wconf 83' lang='grc' dir='ltr'>τοῖς</span> <span class='ocrx_word' id='word_1_464' title='bbox 3184 3218 3410 3287; x_wconf 78' lang='grc' dir='ltr'>ἄρχουσι</span> <span class='ocrx_word' id='word_1_465' title='bbox 3448 3212 3541 3264; x_wconf 90' lang='grc' dir='ltr'><strong>τοῦ</strong></span> <span class='ocrx_word' id='word_1_466' title='bbox 3583 3208 3857 3280; x_wconf 84' lang='grc' dir='ltr'>προτέρου</span> 
     </span>
    </p>
   </div>
   <div class='ocr_carea' id='block_1_66' title="bbox 612 3326 2169 3399">
    <p class='ocr_par' dir='ltr' id='par_1_66' title="bbox 612 3326 2169 3399">
     <span class='ocr_line' id='line_1_67' title="bbox 612 3326 2169 3399; baseline -0.003 -16"><span class='ocrx_word' id='word_1_467' title='bbox 612 3330 1007 3399; x_wconf 76' lang='lat' dir='ltr'><strong>iiupiavissent,</strong></span> <span class='ocrx_word' id='word_1_468' title='bbox 1035 3327 1225 3381; x_wconf 89' lang='lat' dir='ltr'><strong>merito</strong></span> <span class='ocrx_word' id='word_1_469' title='bbox 1266 3327 1521 3380; x_wconf 87' lang='lat' dir='ltr'><strong>Servator</strong></span> <span class='ocrx_word' id='word_1_470' title='bbox 1556 3328 1691 3380; x_wconf 87' lang='lat' dir='ltr'><strong>hanc</strong></span> <span class='ocrx_word' id='word_1_471' title='bbox 1719 3326 1771 3379; x_wconf 93' lang='lat' dir='ltr'><strong>in</strong></span> <span class='ocrx_word' id='word_1_472' title='bbox 1809 3327 1925 3379; x_wconf 90' lang='lat' dir='ltr'><strong>illos</strong></span> <span class='ocrx_word' id='word_1_473' title='bbox 1961 3333 2169 3379; x_wconf 86' lang='lat' dir='ltr'><strong>senten-</strong></span> 
     </span>
    </p>
   </div>
   <div class='ocr_carea' id='block_1_67' title="bbox 614 3417 2169 3486">
    <p class='ocr_par' dir='ltr' id='par_1_67' title="bbox 614 3417 2169 3486">
     <span class='ocr_line' id='line_1_68' title="bbox 614 3417 2169 3486; baseline -0.005 -12"><span class='ocrx_word' id='word_1_474' title='bbox 614 3426 740 3474; x_wconf 90' lang='lat' dir='ltr'><strong>tiam</strong></span> <span class='ocrx_word' id='word_1_475' title='bbox 770 3423 907 3484; x_wconf 91' lang='lat' dir='ltr'><strong>tulit,</strong></span> <span class='ocrx_word' id='word_1_476' title='bbox 939 3423 1124 3474; x_wconf 88' lang='lat' dir='ltr'><strong>dicens</strong></span> <span class='ocrx_word' id='word_1_477' title='bbox 1154 3438 1166 3472; x_wconf 91' lang='lat'><strong>:</strong></span> <span class='ocrx_word' id='word_1_478' title='bbox 1202 3417 1483 3486; x_wconf 76' lang='lat' dir='ltr'><strong>Propterea</strong></span> <span class='ocrx_word' id='word_1_479' title='bbox 1532 3419 1649 3470; x_wconf 80' lang='lat' dir='ltr'><strong>dico</strong></span> <span class='ocrx_word' id='word_1_480' title='bbox 1699 3418 1860 3479; x_wconf 77' lang='lat' dir='ltr'><strong>vobis,</strong></span> <span class='ocrx_word' id='word_1_481' title='bbox 1901 3418 2169 3484; x_wconf 78' lang='lat' dir='ltr'><strong>auferetur</strong></span> 
     </span>
    </p>
   </div>
   <div class='ocr_carea' id='block_1_68' title="bbox 613 3506 2168 3578">
    <p class='ocr_par' dir='ltr' id='par_1_68' title="bbox 613 3506 2168 3578">
     <span class='ocr_line' id='line_1_69' title="bbox 613 3506 2168 3578; baseline -0.003 -13"><span class='ocrx_word' id='word_1_482' title='bbox 613 3533 644 3564; x_wconf 78' lang='grc' dir='ltr'><strong>ιι</strong></span> <span class='ocrx_word' id='word_1_483' title='bbox 678 3514 816 3565; x_wconf 75' lang='lat' dir='ltr'><strong>vobis</strong></span> <span class='ocrx_word' id='word_1_484' title='bbox 855 3527 1073 3578; x_wconf 85' lang='lat' dir='ltr'><strong>regnum</strong></span> <span class='ocrx_word' id='word_1_485' title='bbox 1115 3508 1249 3572; x_wconf 84' lang='lat' dir='ltr'><strong>Dei,</strong></span> <span class='ocrx_word' id='word_1_486' title='bbox 1290 3519 1335 3560; x_wconf 84' lang='lat' dir='ltr'><strong>et</strong></span> <span class='ocrx_word' id='word_1_487' title='bbox 1382 3508 1591 3560; x_wconf 78' lang='lat' dir='ltr'><strong>dabitur</strong></span> <span class='ocrx_word' id='word_1_488' title='bbox 1632 3508 1771 3575; x_wconf 83' lang='lat' dir='ltr'><strong>genti</strong></span> <span class='ocrx_word' id='word_1_489' title='bbox 1811 3523 1928 3575; x_wconf 75' lang='lat' dir='ltr'><strong>qua:</strong></span> <span class='ocrx_word' id='word_1_490' title='bbox 1966 3506 2168 3575; x_wconf 75' lang='lat' dir='ltr'><strong>{ructus</strong></span> 
     </span>
    </p>
   </div>
   <div class='ocr_carea' id='block_1_69' title="bbox 614 3598 2172 3669">
    <p class='ocr_par' dir='ltr' id='par_1_69' title="bbox 614 3598 2172 3669">
     <span class='ocr_line' id='line_1_70' title="bbox 614 3598 2172 3669; baseline -0.001 -16"><span class='ocrx_word' id='word_1_491' title='bbox 614 3604 726 3669; x_wconf 75' lang='lat' dir='ltr'><strong>ejus</strong></span> <span class='ocrx_word' id='word_1_492' title='bbox 747 3600 1363 3666; x_wconf 54' lang='lat' dir='ltr'><strong>exhibebit—Quoniam</strong></span> <span class='ocrx_word' id='word_1_493' title='bbox 1403 3614 1531 3653; x_wconf 88' lang='lat' dir='ltr'><strong>vero</strong></span> <span class='ocrx_word' id='word_1_494' title='bbox 1568 3599 1703 3652; x_wconf 73' lang='lat' dir='ltr'><strong>dixit</strong></span> <span class='ocrx_word' id='word_1_495' title='bbox 1731 3600 2029 3651; x_wconf 80' lang='lat' dir='ltr'><strong>occiderunt</strong></span> <span class='ocrx_word' id='word_1_496' title='bbox 2056 3598 2172 3668; x_wconf 87' lang='lat' dir='ltr'><strong>(do-</strong></span> 
     </span>
    </p>
   </div>
   <div class='ocr_carea' id='block_1_70' title="bbox 617 3687 2173 3759">
    <p class='ocr_par' dir='ltr' id='par_1_70' title="bbox 617 3687 2173 3759">
     <span class='ocr_line' id='line_1_71' title="bbox 617 3687 2173 3759; baseline -0.001 -18"><span class='ocrx_word' id='word_1_497' title='bbox 617 3692 744 3743; x_wconf 93' lang='lat' dir='ltr'><strong>mini</strong></span> <span class='ocrx_word' id='word_1_498' title='bbox 777 3690 988 3759; x_wconf 84' lang='lat' dir='ltr'><strong>lllium),</strong></span> <span class='ocrx_word' id='word_1_499' title='bbox 1021 3705 1124 3743; x_wconf 91' lang='lat' dir='ltr'><strong>non</strong></span> <span class='ocrx_word' id='word_1_500' title='bbox 1145 3691 1252 3759; x_wconf 86' lang='lat' dir='ltr'><strong>jam</strong></span> <span class='ocrx_word' id='word_1_501' title='bbox 1272 3690 1541 3743; x_wconf 86' lang='lat' dir='ltr'><strong>videretur</strong></span> <span class='ocrx_word' id='word_1_502' title='bbox 1569 3688 1833 3755; x_wconf 76' lang='lat' dir='ltr'><strong>parabola:</strong></span> <span class='ocrx_word' id='word_1_503' title='bbox 1856 3688 2022 3742; x_wconf 88' lang='lat' dir='ltr'><strong>series</strong></span> <span class='ocrx_word' id='word_1_504' title='bbox 2045 3687 2173 3756; x_wconf 89' lang='lat' dir='ltr'><strong>pati,</strong></span> 
     </span>
    </p>
   </div>
   <div class='ocr_carea' id='block_1_71' title="bbox 618 3779 2172 3850">
    <p class='ocr_par' dir='ltr' id='par_1_71' title="bbox 618 3779 2172 3850">
     <span class='ocr_line' id='line_1_72' title="bbox 618 3779 2172 3850; baseline -0.001 -17"><span class='ocrx_word' id='word_1_505' title='bbox 618 3782 789 3848; x_wconf 87' lang='lat' dir='ltr'><strong>ipsum</strong></span> <span class='ocrx_word' id='word_1_506' title='bbox 836 3780 952 3835; x_wconf 81' lang='lat' dir='ltr'><strong>fore</strong></span> <span class='ocrx_word' id='word_1_507' title='bbox 997 3791 1316 3848; x_wconf 65' lang='lat' dir='ltr'><strong>praesentem</strong></span> <span class='ocrx_word' id='word_1_508' title='bbox 1350 3796 1545 3850; x_wconf 61' lang='lat' dir='ltr'><strong>poenae,</strong></span> <span class='ocrx_word' id='word_1_509' title='bbox 1582 3796 1685 3850; x_wconf 90' lang='lat' dir='ltr'><strong>qua</strong></span> <span class='ocrx_word' id='word_1_510' title='bbox 1732 3780 1852 3833; x_wconf 90' lang='lat' dir='ltr'><strong>mali</strong></span> <span class='ocrx_word' id='word_1_511' title='bbox 1904 3779 2172 3846; x_wconf 68' lang='lat' dir='ltr'><strong>agricolae,</strong></span> 
     </span>
    </p>
   </div>
   <div class='ocr_carea' id='block_1_72' title="bbox 620 3872 2173 3939">
    <p class='ocr_par' dir='ltr' id='par_1_72' title="bbox 620 3872 2173 3939">
     <span class='ocr_line' id='line_1_73' title="bbox 620 3872 2173 3939; baseline -0.002 -13"><span class='ocrx_word' id='word_1_512' title='bbox 620 3873 819 3926; x_wconf 90' lang='lat' dir='ltr'><strong>domini</strong></span> <span class='ocrx_word' id='word_1_513' title='bbox 875 3874 954 3926; x_wconf 91' lang='lat' dir='ltr'><strong>sui</strong></span> <span class='ocrx_word' id='word_1_514' title='bbox 1002 3873 1413 3939; x_wconf 82' lang='lat' dir='ltr'><strong>interfectores,</strong></span> <span class='ocrx_word' id='word_1_515' title='bbox 1445 3874 1635 3927; x_wconf 90' lang='lat' dir='ltr'><strong>merito</strong></span> <span class='ocrx_word' id='word_1_516' title='bbox 1685 3872 1947 3939; x_wconf 87' lang='lat' dir='ltr'><strong>plectendi</strong></span> <span class='ocrx_word' id='word_1_517' title='bbox 1996 3880 2173 3925; x_wconf 89' lang='lat' dir='ltr'><strong>erant.</strong></span> 
     </span>
    </p>
   </div>
   <div class='ocr_carea' id='block_1_73' title="bbox 618 3963 2174 4033">
    <p class='ocr_par' dir='ltr' id='par_1_73' title="bbox 618 3963 2174 4033">
     <span class='ocr_line' id='line_1_74' title="bbox 618 3963 2174 4033; baseline 0 -17"><span class='ocrx_word' id='word_1_518' title='bbox 618 3963 781 4033; x_wconf 85' lang='lat' dir='ltr'><strong>Atqui</strong></span> <span class='ocrx_word' id='word_1_519' title='bbox 812 3979 991 4018; x_wconf 85' lang='lat' dir='ltr'><strong>revera</strong></span> <span class='ocrx_word' id='word_1_520' title='bbox 1019 3982 1136 4020; x_wconf 84' lang='lat' dir='ltr'><strong>esse</strong></span> <span class='ocrx_word' id='word_1_521' title='bbox 1164 3966 1416 4021; x_wconf 85' lang='lat' dir='ltr'><strong>eumdem</strong></span> <span class='ocrx_word' id='word_1_522' title='bbox 1451 3974 1683 4019; x_wconf 80' lang='lat' dir='ltr'><strong>constat.</strong></span> <span class='ocrx_word' id='word_1_523' title='bbox 1715 3965 1837 4032; x_wconf 85' lang='lat' dir='ltr'><strong>quia</strong></span> <span class='ocrx_word' id='word_1_524' title='bbox 1872 3965 1985 4031; x_wconf 87' lang='lat' dir='ltr'><strong>ipse</strong></span> <span class='ocrx_word' id='word_1_525' title='bbox 2010 3963 2174 4030; x_wconf 79' lang='lat' dir='ltr'><strong>iudex</strong></span> 
     </span>
    </p>
   </div>
   <div class='ocr_carea' id='block_1_74' title="bbox 620 4064 725 4107">
    <p class='ocr_par' dir='ltr' id='par_1_74' title="bbox 620 4064 725 4107">
     <span class='ocr_line' id='line_1_75' title="bbox 620 4064 725 4107; baseline -0.019 0"><span class='ocrx_word' id='word_1_526' title='bbox 620 4064 725 4107; x_wconf 86' lang='lat' dir='ltr'><strong>est.</strong></span> 
     </span>
    </p>
   </div>
   <div class='ocr_carea' id='block_1_75' title="bbox 2268 3305 3856 3383">
    <p class='ocr_par' dir='ltr' id='par_1_75' title="bbox 2268 3305 3856 3383">
     <span class='ocr_line' id='line_1_76' title="bbox 2268 3305 3856 3383; baseline -0.019 -4"><span class='ocrx_word' id='word_1_527' title='bbox 2268 3326 2395 3379; x_wconf 85' lang='grc' dir='ltr'>λαοῦ</span> <span class='ocrx_word' id='word_1_528' title='bbox 2424 3324 2801 3376; x_wconf 79' lang='grc' dir='ltr'>ἐπεπίστευτο.</span> <span class='ocrx_word' id='word_1_529' title='bbox 2858 3313 3075 3383; x_wconf 81' lang='grc' dir='ltr'>Ἐπειδὴ</span> <span class='ocrx_word' id='word_1_530' title='bbox 3125 3311 3257 3381; x_wconf 81' lang='grc' dir='ltr'>μηδὲ</span> <span class='ocrx_word' id='word_1_531' title='bbox 3298 3308 3422 3367; x_wconf 72' lang='grc' dir='ltr'>τοὺς</span> <span class='ocrx_word' id='word_1_532' title='bbox 3457 3305 3680 3364; x_wconf 76' lang='grc' dir='ltr'>δέοντας</span> <span class='ocrx_word' id='word_1_533' title='bbox 3714 3316 3856 3372; x_wconf 67' lang='grc' dir='ltr'>καρο</span> 
     </span>
    </p>
   </div>
   <div class='ocr_carea' id='block_1_76' title="bbox 2271 3392 3858 3479">
    <p class='ocr_par' dir='ltr' id='par_1_76' title="bbox 2271 3392 3858 3479">
     <span class='ocr_line' id='line_1_77' title="bbox 2271 3392 3858 3479; baseline -0.018 -8"><span class='ocrx_word' id='word_1_534' title='bbox 2271 3419 2405 3479; x_wconf 78' lang='grc' dir='ltr'>ποὺς</span> <span class='ocrx_word' id='word_1_535' title='bbox 2433 3414 2773 3475; x_wconf 86' lang='grc' dir='ltr'>ἀπεδίδοσαν,</span> <span class='ocrx_word' id='word_1_536' title='bbox 2817 3409 2951 3479; x_wconf 76' lang='grc' dir='ltr'>πρὸς</span> <span class='ocrx_word' id='word_1_537' title='bbox 2987 3405 3044 3458; x_wconf 80' lang='grc' dir='ltr'>δὲ</span> <span class='ocrx_word' id='word_1_538' title='bbox 3088 3405 3155 3471; x_wconf 84' lang='grc' dir='ltr'>τῇ</span> <span class='ocrx_word' id='word_1_539' title='bbox 3199 3399 3293 3452; x_wconf 83' lang='grc' dir='ltr'><strong>τοῦ</strong></span> <span class='ocrx_word' id='word_1_540' title='bbox 3337 3398 3500 3466; x_wconf 88' lang='grc' dir='ltr'>νόμου</span> <span class='ocrx_word' id='word_1_541' title='bbox 3543 3392 3858 3461; x_wconf 72' lang='grc' dir='ltr'>παραϐάσει</span> 
     </span>
    </p>
   </div>
   <div class='ocr_carea' id='block_1_77' title="bbox 2274 3484 3858 3579">
    <p class='ocr_par' dir='ltr' id='par_1_77' title="bbox 2274 3484 3858 3579">
     <span class='ocr_line' id='line_1_78' title="bbox 2274 3484 3858 3579; baseline -0.019 -16"><span class='ocrx_word' id='word_1_542' title='bbox 2274 3506 2601 3579; x_wconf 84' lang='grc' dir='ltr'>μιαιφονίαις</span> <span class='ocrx_word' id='word_1_543' title='bbox 2630 3504 2852 3564; x_wconf 75' lang='grc' dir='ltr'>ἑαυτοὺς</span> <span class='ocrx_word' id='word_1_544' title='bbox 2881 3498 3290 3568; x_wconf 85' lang='grc' dir='ltr'>περιέσπειραν,</span> <span class='ocrx_word' id='word_1_545' title='bbox 3324 3489 3548 3549; x_wconf 84' lang='grc' dir='ltr'>είκότως</span> <span class='ocrx_word' id='word_1_546' title='bbox 3593 3485 3694 3553; x_wconf 78' lang='grc' dir='ltr'>τὴν</span> <span class='ocrx_word' id='word_1_547' title='bbox 3736 3484 3858 3535; x_wconf 80' lang='grc' dir='ltr'>κατ’</span> 
     </span>
    </p>
   </div>
   <div class='ocr_carea' id='block_1_78' title="bbox 2276 3573 3859 3665">
    <p class='ocr_par' dir='ltr' id='par_1_78' title="bbox 2276 3573 3859 3665">
     <span class='ocr_line' id='line_1_79' title="bbox 2276 3573 3859 3665; baseline -0.02 -12"><span class='ocrx_word' id='word_1_548' title='bbox 2276 3573 2453 3653; x_wconf 77' lang='grc' dir='ltr'>αὐτῶν</span> <span class='ocrx_word' id='word_1_549' title='bbox 2492 3599 2520 3649; x_wconf 88' lang='grc' dir='ltr'>ὁ</span> <span class='ocrx_word' id='word_1_550' title='bbox 2561 3595 2752 3665; x_wconf 84' lang='grc' dir='ltr'>Σωτὴρ</span> <span class='ocrx_word' id='word_1_551' title='bbox 2798 3591 3118 3657; x_wconf 75' lang='grc' dir='ltr'>ἐξενέγκατο</span> <span class='ocrx_word' id='word_1_552' title='bbox 3159 3583 3432 3651; x_wconf 85' lang='grc' dir='ltr'>ἀπόφασιν</span> <span class='ocrx_word' id='word_1_553' title='bbox 3457 3619 3474 3642; x_wconf 89' lang='grc'><strong>,</strong></span> <span class='ocrx_word' id='word_1_554' title='bbox 3517 3575 3709 3628; x_wconf 81' lang='grc' dir='ltr'>εἰπών·</span> <span class='ocrx_word' id='word_1_555' title='bbox 3758 3573 3859 3626; x_wconf 80' lang='grc' dir='ltr'><strong>Διὰ</strong></span> 
     </span>
    </p>
   </div>
   <div class='ocr_carea' id='block_1_79' title="bbox 2275 3666 3859 3757">
    <p class='ocr_par' dir='ltr' id='par_1_79' title="bbox 2275 3666 3859 3757">
     <span class='ocr_line' id='line_1_80' title="bbox 2275 3666 3859 3757; baseline -0.018 -13"><span class='ocrx_word' id='word_1_556' title='bbox 2275 3692 2451 3744; x_wconf 77' lang='grc' dir='ltr'>τοῦτο</span> <span class='ocrx_word' id='word_1_557' title='bbox 2483 3688 2637 3757; x_wconf 72' lang='grc' dir='ltr'>λέγω</span> <span class='ocrx_word' id='word_1_558' title='bbox 2673 3684 2835 3754; x_wconf 80' lang='grc' dir='ltr'>ὑμῖν,</span> <span class='ocrx_word' id='word_1_559' title='bbox 2871 3680 3193 3748; x_wconf 78' lang='grc' dir='ltr'>ἀρθήσεται</span> <span class='ocrx_word' id='word_1_560' title='bbox 3237 3674 3337 3741; x_wconf 64' lang='grc' dir='ltr'><strong>ἀφ’</strong></span> <span class='ocrx_word' id='word_1_561' title='bbox 3384 3668 3550 3739; x_wconf 78' lang='grc' dir='ltr'><strong>ὑμῶν</strong></span> <span class='ocrx_word' id='word_1_562' title='bbox 3595 3668 3633 3732; x_wconf 82' lang='grc' dir='ltr'><strong>ή</strong></span> <span class='ocrx_word' id='word_1_563' title='bbox 3671 3666 3859 3757; x_wconf 73' lang='grc' dir='ltr'>,ϐασι-</span> 
     </span>
    </p>
   </div>
   <div class='ocr_carea' id='block_1_80' title="bbox 2277 3756 3858 3837">
    <p class='ocr_par' dir='ltr' id='par_1_80' title="bbox 2277 3756 3858 3837">
     <span class='ocr_line' id='line_1_81' title="bbox 2277 3756 3858 3837; baseline -0.018 -3"><span class='ocrx_word' id='word_1_564' title='bbox 2277 3781 2412 3833; x_wconf 74' lang='grc' dir='ltr'>λεία</span> <span class='ocrx_word' id='word_1_565' title='bbox 2469 3778 2574 3830; x_wconf 86' lang='grc' dir='ltr'><strong>τοῦ</strong></span> <span class='ocrx_word' id='word_1_566' title='bbox 2631 3774 2800 3837; x_wconf 83' lang='grc' dir='ltr'>Θεοῦ,</span> <span class='ocrx_word' id='word_1_567' title='bbox 2855 3772 2953 3824; x_wconf 78' lang='grc' dir='ltr'><strong>καί</strong></span> <span class='ocrx_word' id='word_1_568' title='bbox 3008 3766 3331 3832; x_wconf 82' lang='grc' dir='ltr'>δοθήσεται</span> <span class='ocrx_word' id='word_1_569' title='bbox 3372 3763 3528 3815; x_wconf 69' lang='grc' dir='ltr'>ἔθνει</span> <span class='ocrx_word' id='word_1_570' title='bbox 3581 3756 3858 3809; x_wconf 73' lang='grc' dir='ltr'>ποιοῦντι</span> 
     </span>
    </p>
   </div>
   <div class='ocr_carea' id='block_1_81' title="bbox 2276 3843 3857 3939">
    <p class='ocr_par' dir='ltr' id='par_1_81' title="bbox 2276 3843 3857 3939">
     <span class='ocr_line' id='line_1_82' title="bbox 2276 3843 3857 3939; baseline -0.02 -12"><span class='ocrx_word' id='word_1_571' title='bbox 2276 3873 2417 3938; x_wconf 85' lang='grc' dir='ltr'>τοὺς</span> <span class='ocrx_word' id='word_1_572' title='bbox 2451 3870 2715 3939; x_wconf 77' lang='grc' dir='ltr'>καρποὺς</span> <span class='ocrx_word' id='word_1_573' title='bbox 2740 3864 2926 3932; x_wconf 77' lang='grc' dir='ltr'>αὐτῆς</span> <span class='ocrx_word' id='word_1_574' title='bbox 2958 3862 3089 3933; x_wconf 65' lang='grc'><strong>(64).</strong></span> <span class='ocrx_word' id='word_1_575' title='bbox 3111 3889 3183 3898; x_wconf 92' lang='grc'><strong><em>-</em></strong></span> <span class='ocrx_word' id='word_1_576' title='bbox 3205 3857 3317 3927; x_wconf 72' lang='lat'><strong>(65)</strong></span> <span class='ocrx_word' id='word_1_577' title='bbox 3347 3851 3562 3920; x_wconf 82' lang='grc' dir='ltr'>Ἐπειδὴ</span> <span class='ocrx_word' id='word_1_578' title='bbox 3596 3849 3653 3901; x_wconf 86' lang='grc' dir='ltr'><strong>δὲ</strong></span> <span class='ocrx_word' id='word_1_579' title='bbox 3684 3843 3857 3907; x_wconf 82' lang='grc' dir='ltr'>εἶπεν,</span> 
     </span>
    </p>
   </div>
   <div class='ocr_carea' id='block_1_82' title="bbox 2278 3939 3859 4023">
    <p class='ocr_par' dir='ltr' id='par_1_82' title="bbox 2278 3939 3859 4023">
     <span class='ocr_line' id='line_1_83' title="bbox 2278 3939 3859 4023; baseline -0.016 -7"><span class='ocrx_word' id='word_1_580' title='bbox 2278 3965 2361 4016; x_wconf 86' lang='grc' dir='ltr'>ὅτι</span> <span class='ocrx_word' id='word_1_581' title='bbox 2389 3962 2763 4022; x_wconf 76' lang='grc' dir='ltr'>ἀπέκτειναν,</span> <span class='ocrx_word' id='word_1_582' title='bbox 2800 3954 2975 4009; x_wconf 79' lang='grc' dir='ltr'>οὐκέθ’</span> <span class='ocrx_word' id='word_1_583' title='bbox 3004 3956 3038 4023; x_wconf 83' lang='grc' dir='ltr'>ἡ</span> <span class='ocrx_word' id='word_1_584' title='bbox 3071 3948 3359 4004; x_wconf 79' lang='grc' dir='ltr'>ἀκολουθία</span> <span class='ocrx_word' id='word_1_585' title='bbox 3394 3944 3494 4013; x_wconf 80' lang='grc' dir='ltr'>τῆς</span> <span class='ocrx_word' id='word_1_586' title='bbox 3543 3939 3859 4011; x_wconf 74' lang='grc' dir='ltr'>παραϐολῆς</span> 
     </span>
    </p>
   </div>
   <div class='ocr_carea' id='block_1_83' title="bbox 2280 4033 3853 4124">
    <p class='ocr_par' dir='ltr' id='par_1_83' title="bbox 2280 4033 3853 4124">
     <span class='ocr_line' id='line_1_84' title="bbox 2280 4033 3853 4124; baseline -0.017 -18"><span class='ocrx_word' id='word_1_587' title='bbox 2280 4054 2423 4124; x_wconf 76' lang='grc' dir='ltr'>ἔχειν</span> <span class='ocrx_word' id='word_1_588' title='bbox 2456 4052 2675 4105; x_wconf 78' lang='grc' dir='ltr'>δύναται</span> <span class='ocrx_word' id='word_1_589' title='bbox 2699 4050 2859 4104; x_wconf 79' lang='grc' dir='ltr'>αὐτὸν</span> <span class='ocrx_word' id='word_1_590' title='bbox 2885 4045 3023 4100; x_wconf 81' lang='grc' dir='ltr'>εἶναι</span> <span class='ocrx_word' id='word_1_591' title='bbox 3054 4045 3144 4096; x_wconf 81' lang='grc' dir='ltr'><strong>τὸν</strong></span> <span class='ocrx_word' id='word_1_592' title='bbox 3167 4038 3534 4111; x_wconf 78' lang='grc' dir='ltr'>παρεσόμενον</span> <span class='ocrx_word' id='word_1_593' title='bbox 3569 4033 3664 4084; x_wconf 72' lang='grc' dir='ltr'><strong>ἐπὶ</strong></span> <span class='ocrx_word' id='word_1_594' title='bbox 3689 4047 3853 4099; x_wconf 81' lang='grc' dir='ltr'>τιμω-</span> 
     </span>
    </p>
   </div>
   <div class='ocr_carea' id='block_1_84' title="bbox 620 4118 3859 4219">
    <p class='ocr_par' dir='ltr' id='par_1_84' title="bbox 620 4118 3859 4219">
     <span class='ocr_line' id='line_1_85' title="bbox 620 4118 3859 4219; baseline -0.01 -18"><span class='ocrx_word' id='word_1_595' title='bbox 620 4144 741 4219; x_wconf 71' lang='grc' dir='ltr'>ρίᾳ,</span> <span class='ocrx_word' id='word_1_596' title='bbox 772 4146 838 4216; x_wconf 76' lang='grc' dir='ltr'>ἢν</span> <span class='ocrx_word' id='word_1_597' title='bbox 871 4141 1006 4217; x_wconf 82' lang='grc' dir='ltr'>ἦσαν</span> <span class='ocrx_word' id='word_1_598' title='bbox 1030 4147 1225 4201; x_wconf 86' lang='grc' dir='ltr'>δίκαιοι</span> <span class='ocrx_word' id='word_1_599' title='bbox 1259 4146 1512 4215; x_wconf 81' lang='grc' dir='ltr'>ὑποσχεῖν</span> <span class='ocrx_word' id='word_1_600' title='bbox 1541 4144 1699 4197; x_wconf 75' lang='grc' dir='ltr'>κακοὶ</span> <span class='ocrx_word' id='word_1_601' title='bbox 1729 4144 1961 4213; x_wconf 72' lang='grc' dir='ltr'>γεωργοὶ</span> <span class='ocrx_word' id='word_1_602' title='bbox 1990 4143 2085 4195; x_wconf 77' lang='grc' dir='ltr'><strong>καὶ</strong></span> <span class='ocrx_word' id='word_1_603' title='bbox 2118 4118 2449 4211; x_wconf 47' lang='grc' dir='ltr'>φονεῖςητοῦ</span> <span class='ocrx_word' id='word_1_604' title='bbox 2485 4141 2759 4195; x_wconf 73' lang='grc' dir='ltr'>δεσπότου.</span> <span class='ocrx_word' id='word_1_605' title='bbox 2800 4141 2920 4190; x_wconf 77' lang='grc' dir='ltr'>Ὀτι</span> <span class='ocrx_word' id='word_1_606' title='bbox 2966 4135 3021 4187; x_wconf 80' lang='grc' dir='ltr'>δὲ</span> <span class='ocrx_word' id='word_1_607' title='bbox 3084 4131 3246 4193; x_wconf 86' lang='grc' dir='ltr'>αὐτός</span> <span class='ocrx_word' id='word_1_608' title='bbox 3280 4128 3416 4191; x_wconf 75' lang='grc' dir='ltr'>ἐστι,</span> <span class='ocrx_word' id='word_1_609' title='bbox 3463 4121 3622 4193; x_wconf 79' lang='grc' dir='ltr'>δῆλον</span> <span class='ocrx_word' id='word_1_610' title='bbox 3642 4137 3654 4148; x_wconf 92' lang='grc'><strong>·</strong></span> <span class='ocrx_word' id='word_1_611' title='bbox 3697 4118 3859 4180; x_wconf 69' lang='grc' dir='ltr'>αὐτὸς</span> 
     </span>
    </p>
   </div>
   <div class='ocr_carea' id='block_1_85' title="bbox 620 4239 970 4310">
    <p class='ocr_par' dir='ltr' id='par_1_85' title="bbox 620 4239 970 4310">
     <span class='ocr_line' id='line_1_86' title="bbox 620 4239 970 4310; baseline -0.003 -17"><span class='ocrx_word' id='word_1_612' title='bbox 620 4239 731 4310; x_wconf 77' lang='grc' dir='ltr'>γάρ</span> <span class='ocrx_word' id='word_1_613' title='bbox 761 4240 970 4309; x_wconf 84' lang='grc' dir='ltr'>κριτής.</span> 
     </span>
    </p>
   </div>
   <div class='ocr_carea' id='block_1_86' title="bbox 693 4275 2165 4399">
    <p class='ocr_par' dir='ltr' id='par_1_86' title="bbox 693 4275 2165 4399">
     <span class='ocr_line' id='line_1_87' title="bbox 693 4275 2098 4310; baseline -0.001 -19"><span class='ocrx_word' id='word_1_614' title='bbox 693 4275 730 4310; x_wconf 63' lang='grc' dir='ltr'><strong>τ.</strong></span> <span class='ocrx_word' id='word_1_615' title='bbox 763 4275 970 4309; x_wconf 44' lang='lat' dir='ltr'><strong>qm”...</strong></span> <span class='ocrx_word' id='word_1_616' title='bbox 2086 4275 2098 4289; x_wconf 55' lang='grc' dir='ltr'><strong>ι</strong></span> 
     </span>
     <span class='ocr_line' id='line_1_88' title="bbox 693 4332 2165 4399; baseline -0.004 -15"><span class='ocrx_word' id='word_1_617' title='bbox 693 4332 851 4399; x_wconf 84' lang='lat' dir='ltr'><strong>Lapis</strong></span> <span class='ocrx_word' id='word_1_618' title='bbox 882 4334 1079 4386; x_wconf 87' lang='lat' dir='ltr'><strong>dicitur</strong></span> <span class='ocrx_word' id='word_1_619' title='bbox 1122 4332 1377 4386; x_wconf 86' lang='lat' dir='ltr'><strong>Dominus</strong></span> <span class='ocrx_word' id='word_1_620' title='bbox 1402 4338 1618 4399; x_wconf 82' lang='lat' dir='ltr'><strong>pmpter</strong></span> <span class='ocrx_word' id='word_1_621' title='bbox 1642 4337 1912 4382; x_wconf 88' lang='lat' dir='ltr'><strong>terrenum</strong></span> <span class='ocrx_word' id='word_1_622' title='bbox 1933 4339 2126 4393; x_wconf 86' lang='lat' dir='ltr'><strong>corpus</strong></span> <span class='ocrx_word' id='word_1_623' title='bbox 2158 4343 2165 4378; x_wconf 92' lang='lat'>:</span> 
     </span>
    </p>
   </div>
   <div class='ocr_carea' id='block_1_87' title="bbox 2269 4275 3852 4399">
    <p class='ocr_par' dir='ltr' id='par_1_87' title="bbox 2351 4298 3852 4389">
     <span class='ocr_line' id='line_1_89' title="bbox 2351 4298 3852 4389; baseline -0.016 -18"><span class='ocrx_word' id='word_1_624' title='bbox 2351 4318 2459 4389; x_wconf 83' lang='grc'><strong>(66)</strong></span> <span class='ocrx_word' id='word_1_625' title='bbox 2480 4318 2633 4379; x_wconf 83' lang='grc' dir='ltr'>Λίθος</span> <span class='ocrx_word' id='word_1_626' title='bbox 2656 4318 2683 4367; x_wconf 85' lang='grc' dir='ltr'>ὁ</span> <span class='ocrx_word' id='word_1_627' title='bbox 2699 4315 2900 4386; x_wconf 83' lang='grc' dir='ltr'>Κύριος</span> <span class='ocrx_word' id='word_1_628' title='bbox 2916 4312 3130 4380; x_wconf 83' lang='grc' dir='ltr'>λέγεται</span> <span class='ocrx_word' id='word_1_629' title='bbox 3148 4307 3259 4378; x_wconf 82' lang='lat'><strong>(67)</strong></span> <span class='ocrx_word' id='word_1_630' title='bbox 3274 4303 3363 4357; x_wconf 85' lang='grc' dir='ltr'><strong>διὰ</strong></span> <span class='ocrx_word' id='word_1_631' title='bbox 3376 4303 3437 4355; x_wconf 79' lang='grc' dir='ltr'><strong>τδ</strong></span> <span class='ocrx_word' id='word_1_632' title='bbox 3452 4300 3655 4369; x_wconf 81' lang='grc' dir='ltr'>γεῶδες</span> <span class='ocrx_word' id='word_1_633' title='bbox 3675 4298 3852 4368; x_wconf 80' lang='grc' dir='ltr'>σῶμαο</span> 
     </span>
    </p>
   </div>
   <div class='ocr_carea' id='block_1_88' title="bbox 623 4418 2179 4491">
    <p class='ocr_par' dir='ltr' id='par_1_88' title="bbox 623 4418 2179 4491">
     <span class='ocr_line' id='line_1_90' title="bbox 623 4418 2179 4491; baseline -0.004 -17"><span class='ocrx_word' id='word_1_634' title='bbox 623 4422 760 4491; x_wconf 86' lang='lat' dir='ltr'><strong>lapis</strong></span> <span class='ocrx_word' id='word_1_635' title='bbox 811 4425 1013 4490; x_wconf 86' lang='lat' dir='ltr'><strong>absque</strong></span> <span class='ocrx_word' id='word_1_636' title='bbox 1061 4438 1311 4475; x_wconf 89' lang='lat' dir='ltr'><strong>manumn</strong></span> <span class='ocrx_word' id='word_1_637' title='bbox 1365 4422 1664 4475; x_wconf 88' lang='lat' dir='ltr'><strong>ministerio</strong></span> <span class='ocrx_word' id='word_1_638' title='bbox 1706 4418 1964 4482; x_wconf 81' lang='lat' dir='ltr'><strong>excisus,</strong></span> <span class='ocrx_word' id='word_1_639' title='bbox 2022 4425 2179 4483; x_wconf 89' lang='lat' dir='ltr'><strong>prout</strong></span> 
     </span>
    </p>
   </div>
   <div class='ocr_carea' id='block_1_89' title="bbox 2278 4390 3857 4483">
    <p class='ocr_par' dir='ltr' id='par_1_89' title="bbox 2278 4390 3857 4483">
     <span class='ocr_line' id='line_1_91' title="bbox 2278 4390 3857 4483; baseline -0.016 -20"><span class='ocrx_word' id='word_1_640' title='bbox 2278 4410 2422 4472; x_wconf 77' lang='grc' dir='ltr'>λίθος</span> <span class='ocrx_word' id='word_1_641' title='bbox 2446 4409 2767 4478; x_wconf 84' lang='grc' dir='ltr'>τεμνόμενος</span> <span class='ocrx_word' id='word_1_642' title='bbox 2795 4406 2922 4459; x_wconf 81' lang='grc' dir='ltr'>ἄνευ</span> <span class='ocrx_word' id='word_1_643' title='bbox 2947 4401 3169 4473; x_wconf 84' lang='grc' dir='ltr'>χειρῶν,</span> <span class='ocrx_word' id='word_1_644' title='bbox 3194 4396 3335 4483; x_wconf 73' lang='grc' dir='ltr'>κατὰ</span> <span class='ocrx_word' id='word_1_645' title='bbox 3360 4394 3457 4465; x_wconf 82' lang='grc' dir='ltr'>τὴν</span> <span class='ocrx_word' id='word_1_646' title='bbox 3490 4390 3694 4459; x_wconf 82' lang='grc' dir='ltr'>Δανιὴλ</span> <span class='ocrx_word' id='word_1_647' title='bbox 3728 4390 3857 4458; x_wconf 85' lang='grc' dir='ltr'>ὅρα-</span> 
     </span>
    </p>
   </div>
   <div class='ocr_carea' id='block_1_90' title="bbox 627 4479 2165 4579">
    <p class='ocr_par' dir='ltr' id='par_1_90' title="bbox 627 4508 2165 4579">
     <span class='ocr_line' id='line_1_92' title="bbox 627 4508 2165 4579; baseline -0.006 -14"><span class='ocrx_word' id='word_1_648' title='bbox 627 4514 794 4566; x_wconf 82' lang='lat' dir='ltr'><strong>l&#39;ertur</strong></span> <span class='ocrx_word' id='word_1_649' title='bbox 822 4515 871 4565; x_wconf 86' lang='lat' dir='ltr'><strong>in</strong></span> <span class='ocrx_word' id='word_1_650' title='bbox 903 4512 1131 4567; x_wconf 85' lang='lat' dir='ltr'><strong>Danielis</strong></span> <span class='ocrx_word' id='word_1_651' title='bbox 1150 4514 1350 4565; x_wconf 85' lang='lat' dir='ltr'><strong>visione</strong></span> <span class='ocrx_word' id='word_1_652' title='bbox 1370 4515 1413 4573; x_wconf 83' lang='grc'><strong>²,</strong></span> <span class='ocrx_word' id='word_1_653' title='bbox 1450 4522 1666 4579; x_wconf 87' lang='lat' dir='ltr'><strong>propter</strong></span> <span class='ocrx_word' id='word_1_654' title='bbox 1702 4524 1853 4561; x_wconf 88' lang='lat' dir='ltr'><strong>suam</strong></span> <span class='ocrx_word' id='word_1_655' title='bbox 1887 4508 1951 4561; x_wconf 86' lang='lat' dir='ltr'><strong>de</strong></span> <span class='ocrx_word' id='word_1_656' title='bbox 1980 4508 2165 4575; x_wconf 76' lang='lat' dir='ltr'><strong>virgim</strong></span> 
     </span>
    </p>
   </div>
   <div class='ocr_carea' id='block_1_91' title="bbox 2269 4479 3859 4579">
    <p class='ocr_par' dir='ltr' id='par_1_91' title="bbox 2287 4479 3859 4567">
     <span class='ocr_line' id='line_1_93' title="bbox 2287 4479 3859 4567; baseline -0.015 -15"><span class='ocrx_word' id='word_1_657' title='bbox 2287 4518 2391 4561; x_wconf 90' lang='grc' dir='ltr'>σιν,</span> <span class='ocrx_word' id='word_1_658' title='bbox 2423 4498 2511 4550; x_wconf 86' lang='grc' dir='ltr'>διὰ</span> <span class='ocrx_word' id='word_1_659' title='bbox 2540 4496 2635 4567; x_wconf 78' lang='grc' dir='ltr'><strong>τὴν</strong></span> <span class='ocrx_word' id='word_1_660' title='bbox 2663 4500 2725 4549; x_wconf 81' lang='grc' dir='ltr'>ὲκ</span> <span class='ocrx_word' id='word_1_661' title='bbox 2758 4491 3025 4564; x_wconf 84' lang='grc' dir='ltr'>παρθένου</span> <span class='ocrx_word' id='word_1_662' title='bbox 3065 4479 3347 4557; x_wconf 57' lang='grc' dir='ltr'>γέννησιν</span> <span class='ocrx_word' id='word_1_663' title='bbox 3395 4484 3455 4533; x_wconf 80' lang='grc' dir='ltr'><strong>οὐ</strong></span> <span class='ocrx_word' id='word_1_664' title='bbox 3506 4479 3615 4549; x_wconf 78' lang='grc' dir='ltr'><strong>γὰρ</strong></span> <span class='ocrx_word' id='word_1_665' title='bbox 3639 4479 3859 4549; x_wconf 73' lang='grc' dir='ltr'>ἐδέησεν</span> 
     </span>
    </p>
   </div>
   <div class='ocr_carea' id='block_1_92' title="bbox 626 4599 2183 4671">
    <p class='ocr_par' dir='ltr' id='par_1_92' title="bbox 626 4599 2183 4671">
     <span class='ocr_line' id='line_1_94' title="bbox 626 4599 2183 4671; baseline -0.006 -14"><span class='ocrx_word' id='word_1_666' title='bbox 626 4605 956 4657; x_wconf 87' lang='lat' dir='ltr'><strong>nativitatem</strong></span> <span class='ocrx_word' id='word_1_667' title='bbox 988 4622 1000 4655; x_wconf 76' lang='grc' dir='ltr'>ε</span> <span class='ocrx_word' id='word_1_668' title='bbox 1039 4618 1209 4671; x_wconf 87' lang='lat' dir='ltr'><strong>neque</strong></span> <span class='ocrx_word' id='word_1_669' title='bbox 1242 4604 1383 4656; x_wconf 85' lang='lat' dir='ltr'><strong>enim</strong></span> <span class='ocrx_word' id='word_1_670' title='bbox 1419 4603 1492 4653; x_wconf 95' lang='lat' dir='ltr'><strong>illi</strong></span> <span class='ocrx_word' id='word_1_671' title='bbox 1522 4615 1655 4667; x_wconf 92' lang='lat' dir='ltr'><strong>opus</strong></span> <span class='ocrx_word' id='word_1_672' title='bbox 1689 4599 1787 4651; x_wconf 87' lang='lat' dir='ltr'><strong>fuit</strong></span> <span class='ocrx_word' id='word_1_673' title='bbox 1832 4601 2065 4651; x_wconf 87' lang='lat' dir='ltr'><strong>humano</strong></span> <span class='ocrx_word' id='word_1_674' title='bbox 2100 4613 2183 4649; x_wconf 85' lang='lat' dir='ltr'><strong>se-</strong></span> 
     </span>
    </p>
   </div>
   <div class='ocr_carea' id='block_1_93' title="bbox 629 4691 2181 4762">
    <p class='ocr_par' dir='ltr' id='par_1_93' title="bbox 629 4691 2181 4762">
     <span class='ocr_line' id='line_1_95' title="bbox 629 4691 2181 4762; baseline -0.005 -14"><span class='ocrx_word' id='word_1_675' title='bbox 629 4696 793 4758; x_wconf 87' lang='lat' dir='ltr'><strong>mine,</strong></span> <span class='ocrx_word' id='word_1_676' title='bbox 820 4696 1023 4748; x_wconf 81' lang='lat' dir='ltr'><strong>euelesti</strong></span> <span class='ocrx_word' id='word_1_677' title='bbox 1049 4695 1242 4747; x_wconf 85' lang='lat' dir='ltr'><strong>virtute</strong></span> <span class='ocrx_word' id='word_1_678' title='bbox 1263 4695 1562 4762; x_wconf 81' lang='lat' dir='ltr'><strong>genituram</strong></span> <span class='ocrx_word' id='word_1_679' title='bbox 1590 4692 1707 4761; x_wconf 89' lang='lat' dir='ltr'><strong>ejus</strong></span> <span class='ocrx_word' id='word_1_680' title='bbox 1738 4691 2147 4743; x_wconf 84' lang='lat' dir='ltr'><strong>administrante</strong></span> <span class='ocrx_word' id='word_1_681' title='bbox 2166 4731 2181 4755; x_wconf 90' lang='lat'><strong>,</strong></span> 
     </span>
    </p>
   </div>
   <div class='ocr_carea' id='block_1_94' title="bbox 630 4780 2182 4852">
    <p class='ocr_par' dir='ltr' id='par_1_94' title="bbox 630 4780 2182 4852">
     <span class='ocr_line' id='line_1_96' title="bbox 630 4780 2182 4852; baseline -0.006 -13"><span class='ocrx_word' id='word_1_682' title='bbox 630 4796 963 4852; x_wconf 84' lang='lat' dir='ltr'><strong>matremque</strong></span> <span class='ocrx_word' id='word_1_683' title='bbox 994 4785 1179 4838; x_wconf 84' lang='lat' dir='ltr'><strong>habuit</strong></span> <span class='ocrx_word' id='word_1_684' title='bbox 1233 4784 1538 4851; x_wconf 90' lang='lat' dir='ltr'><strong>nuptiarmn</strong></span> <span class='ocrx_word' id='word_1_685' title='bbox 1591 4793 1867 4850; x_wconf 81' lang='lat' dir='ltr'><strong>expertem</strong></span> <span class='ocrx_word' id='word_1_686' title='bbox 1915 4780 2182 4847; x_wconf 85' lang='lat' dir='ltr'><strong>puellam,</strong></span> 
     </span>
    </p>
   </div>
   <div class='ocr_carea' id='block_1_95' title="bbox 2284 4572 3859 4667">
    <p class='ocr_par' dir='ltr' id='par_1_95' title="bbox 2284 4572 3859 4667">
     <span class='ocr_line' id='line_1_97' title="bbox 2284 4572 3859 4667; baseline -0.015 -22"><span class='ocrx_word' id='word_1_687' title='bbox 2284 4593 2431 4661; x_wconf 84' lang='grc' dir='ltr'>αὐτῷ</span> <span class='ocrx_word' id='word_1_688' title='bbox 2475 4590 2678 4667; x_wconf 80' lang='grc' dir='ltr'>σπορᾶς</span> <span class='ocrx_word' id='word_1_689' title='bbox 2728 4586 3093 4655; x_wconf 83' lang='grc' dir='ltr'>ἀνθρωπίνης,</span> <span class='ocrx_word' id='word_1_690' title='bbox 3144 4578 3397 4649; x_wconf 84' lang='grc' dir='ltr'>οὐρανίου</span> <span class='ocrx_word' id='word_1_691' title='bbox 3452 4574 3737 4641; x_wconf 79' lang='grc' dir='ltr'>δυνάμεως</span> <span class='ocrx_word' id='word_1_692' title='bbox 3794 4572 3859 4625; x_wconf 81' lang='grc' dir='ltr'>τὰ</span> 
     </span>
    </p>
   </div>
   <div class='ocr_carea' id='block_1_96' title="bbox 2289 4663 3860 4747">
    <p class='ocr_par' dir='ltr' id='par_1_96' title="bbox 2289 4663 3860 4747">
     <span class='ocr_line' id='line_1_98' title="bbox 2289 4663 3860 4747; baseline -0.017 -10"><span class='ocrx_word' id='word_1_693' title='bbox 2289 4685 2408 4737; x_wconf 79' lang='grc' dir='ltr'>κατ’</span> <span class='ocrx_word' id='word_1_694' title='bbox 2437 4666 2596 4735; x_wconf 70' lang='grc' dir='ltr'>αὐτὸν</span> <span class='ocrx_word' id='word_1_695' title='bbox 2622 4676 3078 4747; x_wconf 85' lang='grc' dir='ltr'>οίκονομουμένης</span> <span class='ocrx_word' id='word_1_696' title='bbox 3098 4690 3111 4702; x_wconf 90' lang='grc'><strong>·</strong></span> <span class='ocrx_word' id='word_1_697' title='bbox 3138 4672 3233 4723; x_wconf 72' lang='grc' dir='ltr'><strong>καὶ</strong></span> <span class='ocrx_word' id='word_1_698' title='bbox 3268 4670 3448 4738; x_wconf 88' lang='grc' dir='ltr'>μήτηρ</span> <span class='ocrx_word' id='word_1_699' title='bbox 3472 4664 3621 4733; x_wconf 84' lang='grc' dir='ltr'><strong>αὐτῴ</strong></span> <span class='ocrx_word' id='word_1_700' title='bbox 3649 4663 3860 4734; x_wconf 74' lang='grc' dir='ltr'>ἀπειρόι</span> 
     </span>
    </p>
   </div>
   <div class='ocr_carea' id='block_1_97' title="bbox 2290 4758 3861 4847">
    <p class='ocr_par' dir='ltr' id='par_1_97' title="bbox 2290 4758 3861 4847">
     <span class='ocr_line' id='line_1_99' title="bbox 2290 4758 3861 4847; baseline -0.015 -15"><span class='ocrx_word' id='word_1_701' title='bbox 2290 4795 2461 4847; x_wconf 87' lang='grc' dir='ltr'>γαμος</span> <span class='ocrx_word' id='word_1_702' title='bbox 2513 4776 2669 4844; x_wconf 83' lang='grc' dir='ltr'>κόρη,</span> <span class='ocrx_word' id='word_1_703' title='bbox 2712 4772 2895 4826; x_wconf 74' lang='grc' dir='ltr'>καινὸν</span> <span class='ocrx_word' id='word_1_704' title='bbox 2943 4766 3207 4838; x_wconf 85' lang='grc' dir='ltr'>τρόπονῆ</span> <span class='ocrx_word' id='word_1_705' title='bbox 3249 4762 3370 4815; x_wconf 82' lang='grc' dir='ltr'>καθ’</span> <span class='ocrx_word' id='word_1_706' title='bbox 3406 4762 3551 4831; x_wconf 77' lang='grc' dir='ltr'>ήμᾶς</span> <span class='ocrx_word' id='word_1_707' title='bbox 3607 4758 3667 4821; x_wconf 79' lang='grc' dir='ltr'>ἐξ</span> <span class='ocrx_word' id='word_1_708' title='bbox 3707 4758 3861 4825; x_wconf 81' lang='grc' dir='ltr'>ἁγίου</span> 
     </span>
    </p>
   </div>
   <div class='ocr_carea' id='block_1_98' title="bbox 629 4847 2165 4947">
    <p class='ocr_par' dir='ltr' id='par_1_98' title="bbox 629 4874 2165 4947">
     <span class='ocr_line' id='line_1_100' title="bbox 629 4874 2165 4947; baseline -0.003 -20"><span class='ocrx_word' id='word_1_709' title='bbox 629 4894 748 4947; x_wconf 78' lang='lat' dir='ltr'><strong>quae</strong></span> <span class='ocrx_word' id='word_1_710' title='bbox 800 4894 939 4931; x_wconf 83' lang='lat' dir='ltr'><strong>novo</strong></span> <span class='ocrx_word' id='word_1_711' title='bbox 978 4878 1117 4931; x_wconf 90' lang='lat' dir='ltr'><strong>inter</strong></span> <span class='ocrx_word' id='word_1_712' title='bbox 1155 4876 1400 4929; x_wconf 83' lang='lat' dir='ltr'><strong>homines</strong></span> <span class='ocrx_word' id='word_1_713' title='bbox 1452 4888 1600 4926; x_wconf 88' lang='lat' dir='ltr'><strong>more</strong></span> <span class='ocrx_word' id='word_1_714' title='bbox 1647 4876 1709 4927; x_wconf 89' lang='lat' dir='ltr'><strong>de</strong></span> <span class='ocrx_word' id='word_1_715' title='bbox 1758 4874 1960 4941; x_wconf 80' lang='lat' dir='ltr'><strong>Spiritu</strong></span> <span class='ocrx_word' id='word_1_716' title='bbox 1997 4882 2165 4925; x_wconf 74' lang='lat' dir='ltr'><strong>sancu</strong></span> 
     </span>
    </p>
   </div>
   <div class='ocr_carea' id='block_1_99' title="bbox 2269 4847 3857 4947">
    <p class='ocr_par' dir='ltr' id='par_1_99' title="bbox 2293 4847 3857 4939">
     <span class='ocr_line' id='line_1_101' title="bbox 2293 4847 3857 4939; baseline -0.016 -15"><span class='ocrx_word' id='word_1_717' title='bbox 2293 4871 2601 4939; x_wconf 81' lang='grc' dir='ltr'>Πνεύματος</span> <span class='ocrx_word' id='word_1_718' title='bbox 2640 4868 2861 4919; x_wconf 83' lang='grc' dir='ltr'>κύουσα.</span> <span class='ocrx_word' id='word_1_719' title='bbox 2914 4861 3073 4923; x_wconf 85' lang='grc' dir='ltr'>Λίθος</span> <span class='ocrx_word' id='word_1_720' title='bbox 3120 4855 3207 4929; x_wconf 84' lang='grc' dir='ltr'>ἦν,</span> <span class='ocrx_word' id='word_1_721' title='bbox 3260 4857 3370 4909; x_wconf 79' lang='grc' dir='ltr'>ἀλλ’</span> <span class='ocrx_word' id='word_1_722' title='bbox 3413 4854 3474 4905; x_wconf 87' lang='grc' dir='ltr'><strong>οὐ</strong></span> <span class='ocrx_word' id='word_1_723' title='bbox 3514 4851 3715 4921; x_wconf 79' lang='grc' dir='ltr'>χρυσὸς</span> <span class='ocrx_word' id='word_1_724' title='bbox 3758 4847 3857 4901; x_wconf 63' lang='grc' dir='ltr'><strong>οὐδ</strong></span> 
     </span>
    </p>
   </div>
   <div class='ocr_carea' id='block_1_100' title="bbox 632 4968 2175 5037">
    <p class='ocr_par' dir='ltr' id='par_1_100' title="bbox 632 4968 2175 5037">
     <span class='ocr_line' id='line_1_102' title="bbox 632 4968 2175 5037; baseline -0.008 -15"><span class='ocrx_word' id='word_1_725' title='bbox 632 4970 897 5037; x_wconf 83' lang='lat' dir='ltr'><strong>concepit.</strong></span> <span class='ocrx_word' id='word_1_726' title='bbox 934 4968 1091 5036; x_wconf 82' lang='lat' dir='ltr'><strong>Lapis</strong></span> <span class='ocrx_word' id='word_1_727' title='bbox 1129 4977 1277 5029; x_wconf 82' lang='lat' dir='ltr'><strong>erat,</strong></span> <span class='ocrx_word' id='word_1_728' title='bbox 1317 4982 1419 5019; x_wconf 89' lang='lat' dir='ltr'><strong>non</strong></span> <span class='ocrx_word' id='word_1_729' title='bbox 1454 4981 1641 5018; x_wconf 88' lang='lat' dir='ltr'><strong>aurum</strong></span> <span class='ocrx_word' id='word_1_730' title='bbox 1680 4977 1853 5031; x_wconf 84' lang='lat' dir='ltr'><strong>neque</strong></span> <span class='ocrx_word' id='word_1_731' title='bbox 1876 4973 2175 5031; x_wconf 69' lang='lat' dir='ltr'><strong>argentum,</strong></span> 
     </span>
    </p>
   </div>
   <div class='ocr_carea' id='block_1_101' title="bbox 636 5054 2161 5129">
    <p class='ocr_par' dir='ltr' id='par_1_101' title="bbox 636 5054 2161 5129">
     <span class='ocr_line' id='line_1_103' title="bbox 636 5054 2161 5129; baseline -0.005 -16"><span class='ocrx_word' id='word_1_732' title='bbox 636 5075 807 5129; x_wconf 84' lang='lat' dir='ltr'><strong>neque</strong></span> <span class='ocrx_word' id='word_1_733' title='bbox 834 5076 922 5113; x_wconf 82' lang='lat' dir='ltr'><strong>rex</strong></span> <span class='ocrx_word' id='word_1_734' title='bbox 947 5060 1137 5126; x_wconf 86' lang='lat' dir='ltr'><strong>aliquis</strong></span> <span class='ocrx_word' id='word_1_735' title='bbox 1162 5058 1443 5126; x_wconf 84' lang='lat' dir='ltr'><strong>gloriosus,</strong></span> <span class='ocrx_word' id='word_1_736' title='bbox 1484 5058 1548 5111; x_wconf 89' lang='lat' dir='ltr'><strong>iis</strong></span> <span class='ocrx_word' id='word_1_737' title='bbox 1587 5055 1780 5110; x_wconf 88' lang='lat' dir='ltr'><strong>similis</strong></span> <span class='ocrx_word' id='word_1_738' title='bbox 1804 5054 1891 5122; x_wconf 88' lang='lat' dir='ltr'><strong>qui</strong></span> <span class='ocrx_word' id='word_1_739' title='bbox 1924 5068 2017 5122; x_wconf 88' lang='lat' dir='ltr'><strong>per</strong></span> <span class='ocrx_word' id='word_1_740' title='bbox 2044 5054 2161 5121; x_wconf 83' lang='lat' dir='ltr'><strong>ejus</strong></span> 
     </span>
    </p>
   </div>
   <div class='ocr_carea' id='block_1_102' title="bbox 716 5175 1112 5237">
    <p class='ocr_par' dir='ltr' id='par_1_102' title="bbox 716 5175 1112 5237">
     <span class='ocr_line' id='line_1_104' title="bbox 716 5175 1112 5237; baseline -0.005 -6"><span class='ocrx_word' id='word_1_741' title='bbox 716 5180 735 5207; x_wconf 90' lang='lat'><strong>’</strong></span> <span class='ocrx_word' id='word_1_742' title='bbox 779 5179 907 5230; x_wconf 88' lang='lat' dir='ltr'><strong>Dan.</strong></span> <span class='ocrx_word' id='word_1_743' title='bbox 939 5192 996 5237; x_wconf 92' lang='grc' dir='ltr'><strong>ιι,</strong></span> <span class='ocrx_word' id='word_1_744' title='bbox 1021 5175 1112 5229; x_wconf 75' lang='grc'><strong>45.</strong></span> 
     </span>
    </p>
   </div>
   <div class='ocr_carea' id='block_1_103' title="bbox 715 5285 1321 5357">
    <p class='ocr_par' dir='ltr' id='par_1_103' title="bbox 715 5285 1321 5357">
     <span class='ocr_line' id='line_1_105' title="bbox 715 5285 1321 5357; baseline -0.008 -15"><span class='ocrx_word' id='word_1_745' title='bbox 715 5290 825 5357; x_wconf 72' lang='lat' dir='ltr'><strong>(es)</strong></span> <span class='ocrx_word' id='word_1_746' title='bbox 856 5288 1095 5357; x_wconf 62' lang='lat' dir='ltr'><strong>coma.</strong></span> <span class='ocrx_word' id='word_1_747' title='bbox 1131 5286 1167 5339; x_wconf 84' lang='lat' dir='ltr'><strong>r.</strong></span> <span class='ocrx_word' id='word_1_748' title='bbox 1193 5285 1321 5340; x_wconf 73' lang='lat' dir='ltr'><strong>ess.</strong></span> 
     </span>
    </p>
   </div>
   <div class='ocr_carea' id='block_1_104' title="bbox 717 5349 2203 5423">
    <p class='ocr_par' dir='ltr' id='par_1_104' title="bbox 717 5349 2203 5423">
     <span class='ocr_line' id='line_1_106' title="bbox 717 5349 2203 5423; baseline -0.008 -12"><span class='ocrx_word' id='word_1_749' title='bbox 717 5349 848 5423; x_wconf 66' lang='grc'><strong>(65⁵)</strong></span> <span class='ocrx_word' id='word_1_750' title='bbox 878 5356 1140 5410; x_wconf 80' lang='lat' dir='ltr'><strong>Nimirum</strong></span> <span class='ocrx_word' id='word_1_751' title='bbox 1171 5358 1268 5408; x_wconf 84' lang='lat' dir='ltr'><strong>sub</strong></span> <span class='ocrx_word' id='word_1_752' title='bbox 1294 5355 1461 5408; x_wconf 89' lang='lat' dir='ltr'><strong>initiis</strong></span> <span class='ocrx_word' id='word_1_753' title='bbox 1493 5352 1649 5418; x_wconf 88' lang='lat' dir='ltr'><strong>hujus</strong></span> <span class='ocrx_word' id='word_1_754' title='bbox 1683 5362 1946 5423; x_wconf 77' lang='lat' dir='ltr'><strong>enarraue</strong></span> <span class='ocrx_word' id='word_1_755' title='bbox 1983 5349 2203 5423; x_wconf 85' lang='lat' dir='ltr'><strong>parabo-</strong></span> 
     </span>
    </p>
   </div>
   <div class='ocr_carea' id='block_1_105' title="bbox 648 5422 2203 5495">
    <p class='ocr_par' dir='ltr' id='par_1_105' title="bbox 648 5422 2203 5495">
     <span class='ocr_line' id='line_1_107' title="bbox 648 5422 2203 5495; baseline -0.007 -18"><span class='ocrx_word' id='word_1_756' title='bbox 648 5428 733 5484; x_wconf 77' lang='lat' dir='ltr'><strong>lze.</strong></span> <span class='ocrx_word' id='word_1_757' title='bbox 775 5429 861 5479; x_wconf 87' lang='lat' dir='ltr'><strong>ubi</strong></span> <span class='ocrx_word' id='word_1_758' title='bbox 894 5437 1041 5479; x_wconf 87' lang='lat' dir='ltr'><strong>certe</strong></span> <span class='ocrx_word' id='word_1_759' title='bbox 1087 5428 1257 5495; x_wconf 82' lang='lat' dir='ltr'><strong>Syrus</strong></span> <span class='ocrx_word' id='word_1_760' title='bbox 1304 5424 1654 5495; x_wconf 81' lang='lat' dir='ltr'><strong>congruebat.</strong></span> <span class='ocrx_word' id='word_1_761' title='bbox 1676 5422 1823 5495; x_wconf 82' lang='lat' dir='ltr'><strong>_E_rgo</strong></span> <span class='ocrx_word' id='word_1_762' title='bbox 1854 5422 2203 5495; x_wconf 56' lang='lat' dir='ltr'><strong>totumhoc,</strong></span> 
     </span>
    </p>
   </div>
   <div class='ocr_carea' id='block_1_106' title="bbox 653 5489 2209 5563">
    <p class='ocr_par' dir='ltr' id='par_1_106' title="bbox 653 5489 2209 5563">
     <span class='ocr_line' id='line_1_108' title="bbox 653 5489 2209 5563; baseline -0.005 -16"><span class='ocrx_word' id='word_1_763' title='bbox 653 5497 860 5548; x_wconf 81' lang='lat' dir='ltr'><strong>etiamsi</strong></span> <span class='ocrx_word' id='word_1_764' title='bbox 903 5498 955 5548; x_wconf 93' lang='lat' dir='ltr'><strong>in</strong></span> <span class='ocrx_word' id='word_1_765' title='bbox 984 5489 1144 5563; x_wconf 60' lang='lat' dir='ltr'><strong>Syro&#39;</strong></span> <span class='ocrx_word' id='word_1_766' title='bbox 1170 5489 1526 5557; x_wconf 87' lang='lat' dir='ltr'><strong>desideretur,</strong></span> <span class='ocrx_word' id='word_1_767' title='bbox 1573 5493 1639 5546; x_wconf 73' lang='lat' dir='ltr'><strong>ad</strong></span> <span class='ocrx_word' id='word_1_768' title='bbox 1674 5492 1814 5545; x_wconf 82' lang='lat' dir='ltr'><strong>idem</strong></span> <span class='ocrx_word' id='word_1_769' title='bbox 1853 5489 2209 5557; x_wconf 72' lang='lat' dir='ltr'><strong>Theophaniaz</strong></span> 
     </span>
    </p>
   </div>
   <div class='ocr_carea' id='block_1_107' title="bbox 656 5566 1409 5631">
    <p class='ocr_par' dir='ltr' id='par_1_107' title="bbox 656 5566 1409 5631">
     <span class='ocr_line' id='line_1_109' title="bbox 656 5566 1409 5631; baseline -0.009 -13"><span class='ocrx_word' id='word_1_770' title='bbox 656 5582 850 5629; x_wconf 82' lang='lat' dir='ltr'><strong>corpus</strong></span> <span class='ocrx_word' id='word_1_771' title='bbox 885 5566 1153 5631; x_wconf 86' lang='lat' dir='ltr'><strong>pertinere</strong></span> <span class='ocrx_word' id='word_1_772' title='bbox 1180 5566 1409 5620; x_wconf 84' lang='lat' dir='ltr'><strong>videtur,</strong></span> 
     </span>
    </p>
   </div>
   <div class='ocr_carea' id='block_1_108' title="bbox 727 5627 2194 5701">
    <p class='ocr_par' dir='ltr' id='par_1_108' title="bbox 727 5627 2194 5701">
     <span class='ocr_line' id='line_1_110' title="bbox 727 5627 2194 5701; baseline -0.003 -17"><span class='ocrx_word' id='word_1_773' title='bbox 727 5627 837 5701; x_wconf 18' lang='lat' dir='ltr'><strong>(Gri)</strong></span> <span class='ocrx_word' id='word_1_774' title='bbox 871 5627 1149 5701; x_wconf 63' lang='lat' dir='ltr'><strong>[lucusque</strong></span> <span class='ocrx_word' id='word_1_775' title='bbox 1183 5635 1296 5685; x_wconf 83' lang='lat' dir='ltr'><strong>sine</strong></span> <span class='ocrx_word' id='word_1_776' title='bbox 1342 5634 1443 5684; x_wconf 72' lang='lat' dir='ltr'><strong>ulla</strong></span> <span class='ocrx_word' id='word_1_777' title='bbox 1480 5630 1887 5701; x_wconf 79' lang='lat' dir='ltr'><strong>interruptione.</strong></span> <span class='ocrx_word' id='word_1_778' title='bbox 1923 5627 1991 5680; x_wconf 82' lang='lat' dir='ltr'><strong>ab</strong></span> <span class='ocrx_word' id='word_1_779' title='bbox 2037 5628 2194 5680; x_wconf 89' lang='lat' dir='ltr'><strong>initio</strong></span> 
     </span>
    </p>
   </div>
   <div class='ocr_carea' id='block_1_109' title="bbox 659 5699 2190 5769">
    <p class='ocr_par' dir='ltr' id='par_1_109' title="bbox 659 5699 2190 5769">
     <span class='ocr_line' id='line_1_111' title="bbox 659 5699 2190 5769; baseline -0.004 -18"><span class='ocrx_word' id='word_1_780' title='bbox 659 5699 957 5769; x_wconf 66' lang='lat' dir='ltr'><strong>parabolze,</strong></span> <span class='ocrx_word' id='word_1_781' title='bbox 986 5699 1148 5755; x_wconf 75' lang='lat' dir='ltr'><strong>codex</strong></span> <span class='ocrx_word' id='word_1_782' title='bbox 1185 5704 1245 5753; x_wconf 84' lang='lat' dir='ltr'><strong>A.</strong></span> <span class='ocrx_word' id='word_1_783' title='bbox 1289 5701 1569 5769; x_wconf 70' lang='lat' dir='ltr'><strong>Reliquum</strong></span> <span class='ocrx_word' id='word_1_784' title='bbox 1622 5715 1747 5753; x_wconf 87' lang='lat' dir='ltr'><strong>vero</strong></span> <span class='ocrx_word' id='word_1_785' title='bbox 1790 5699 2143 5765; x_wconf 77' lang='lat' dir='ltr'><strong>fragmentum</strong></span> <span class='ocrx_word' id='word_1_786' title='bbox 2178 5737 2190 5755; x_wconf 90' lang='lat'><strong>,</strong></span> 
     </span>
    </p>
   </div>
   <div class='ocr_carea' id='block_1_110' title="bbox 656 5769 2191 5840">
    <p class='ocr_par' dir='ltr' id='par_1_110' title="bbox 656 5769 2191 5840">
     <span class='ocr_line' id='line_1_112' title="bbox 656 5769 2191 5840; baseline -0.003 -17"><span class='ocrx_word' id='word_1_787' title='bbox 656 5788 805 5840; x_wconf 84' lang='lat' dir='ltr'><strong>a-que</strong></span> <span class='ocrx_word' id='word_1_788' title='bbox 828 5772 925 5826; x_wconf 82' lang='lat' dir='ltr'><strong>sub</strong></span> <span class='ocrx_word' id='word_1_789' title='bbox 949 5774 1158 5827; x_wconf 87' lang='lat' dir='ltr'><strong>nomine</strong></span> <span class='ocrx_word' id='word_1_790' title='bbox 1197 5772 1407 5827; x_wconf 77' lang='lat' dir='ltr'><strong>Eusebii</strong></span> <span class='ocrx_word' id='word_1_791' title='bbox 1440 5773 1489 5825; x_wconf 88' lang='lat' dir='ltr'><strong>in</strong></span> <span class='ocrx_word' id='word_1_792' title='bbox 1512 5770 1693 5825; x_wconf 80' lang='lat' dir='ltr'><strong>codice</strong></span> <span class='ocrx_word' id='word_1_793' title='bbox 1717 5770 1899 5825; x_wconf 82' lang='lat' dir='ltr'><strong>codcm</strong></span> <span class='ocrx_word' id='word_1_794' title='bbox 1926 5769 2191 5824; x_wconf 85' lang='lat' dir='ltr'><strong>laudatur.</strong></span> 
     </span>
    </p>
   </div>
   <div class='ocr_carea' id='block_1_111' title="bbox 2295 4938 3862 5031">
    <p class='ocr_par' dir='ltr' id='par_1_111' title="bbox 2295 4938 3862 5031">
     <span class='ocr_line' id='line_1_113' title="bbox 2295 4938 3862 5031; baseline -0.019 -15"><span class='ocrx_word' id='word_1_795' title='bbox 2295 4938 2547 5031; x_wconf 76' lang='grc' dir='ltr'>ἄργυρος,</span> <span class='ocrx_word' id='word_1_796' title='bbox 2583 4958 2702 5011; x_wconf 81' lang='grc' dir='ltr'>οὐδὲ</span> <span class='ocrx_word' id='word_1_797' title='bbox 2739 4953 2988 5025; x_wconf 86' lang='grc' dir='ltr'>βασιλεύς</span> <span class='ocrx_word' id='word_1_798' title='bbox 3028 4968 3110 5013; x_wconf 90' lang='grc' dir='ltr'><strong>τις</strong></span> <span class='ocrx_word' id='word_1_799' title='bbox 3142 4945 3365 5010; x_wconf 73' lang='grc' dir='ltr'>ἔνδοξος,</span> <span class='ocrx_word' id='word_1_800' title='bbox 3415 4945 3597 5011; x_wconf 81' lang='grc' dir='ltr'>ὅμοιος</span> <span class='ocrx_word' id='word_1_801' title='bbox 3626 4942 3740 4999; x_wconf 87' lang='grc' dir='ltr'>τοῖς</span> <span class='ocrx_word' id='word_1_802' title='bbox 3782 4938 3862 4990; x_wconf 67' lang='grc' dir='ltr'>διὰ</span> 
     </span>
    </p>
   </div>
   <div class='ocr_carea' id='block_1_112' title="bbox 2296 5029 3877 5116">
    <p class='ocr_par' dir='ltr' id='par_1_112' title="bbox 2296 5029 3877 5116">
     <span class='ocr_line' id='line_1_114' title="bbox 2296 5029 3877 5116; baseline -0.016 -10"><span class='ocrx_word' id='word_1_803' title='bbox 2296 5029 2403 5105; x_wconf 84' lang='grc' dir='ltr'><strong>τῶν</strong></span> <span class='ocrx_word' id='word_1_804' title='bbox 2444 5052 2659 5105; x_wconf 78' lang='grc' dir='ltr'>τοιῶνδε</span> <span class='ocrx_word' id='word_1_805' title='bbox 2698 5047 2979 5116; x_wconf 75' lang='grc' dir='ltr'>συμϐόλων</span> <span class='ocrx_word' id='word_1_806' title='bbox 3015 5033 3164 5114; x_wconf 83' lang='grc' dir='ltr'>παρὰ</span> <span class='ocrx_word' id='word_1_807' title='bbox 3206 5038 3284 5098; x_wconf 78' lang='grc' dir='ltr'>τῷ</span> <span class='ocrx_word' id='word_1_808' title='bbox 3332 5033 3525 5103; x_wconf 80' lang='grc' dir='ltr'>Δανιὴλ</span> <span class='ocrx_word' id='word_1_809' title='bbox 3564 5029 3877 5099; x_wconf 77' lang='grc' dir='ltr'>δεδηλωμέ-⁸“</span> 
     </span>
    </p>
   </div>
   <div class='ocr_carea' id='block_1_113' title="bbox 2308 5268 3126 5343">
    <p class='ocr_par' dir='ltr' id='par_1_113' title="bbox 2308 5268 3126 5343">
     <span class='ocr_line' id='line_1_115' title="bbox 2308 5268 3126 5343; baseline -0.01 -15"><span class='ocrx_word' id='word_1_810' title='bbox 2308 5276 2399 5330; x_wconf 80' lang='lat' dir='ltr'><strong>sed</strong></span> <span class='ocrx_word' id='word_1_811' title='bbox 2426 5278 2477 5327; x_wconf 90' lang='lat' dir='ltr'><strong>in</strong></span> <span class='ocrx_word' id='word_1_812' title='bbox 2514 5277 2705 5343; x_wconf 78' lang='lat' dir='ltr'><strong>pagina</strong></span> <span class='ocrx_word' id='word_1_813' title='bbox 2731 5270 3047 5343; x_wconf 46' lang='grc' dir='ltr'>νοτίδα-265.</span> <span class='ocrx_word' id='word_1_814' title='bbox 3075 5268 3126 5320; x_wconf 87' lang='lat' dir='ltr'><strong>b.</strong></span> 
     </span>
    </p>
   </div>
   <div class='ocr_carea' id='block_1_114' title="bbox 2374 5340 3023 5413">
    <p class='ocr_par' dir='ltr' id='par_1_114' title="bbox 2374 5340 3023 5413">
     <span class='ocr_line' id='line_1_116' title="bbox 2374 5340 3023 5413; baseline -0.011 -16"><span class='ocrx_word' id='word_1_815' title='bbox 2374 5345 2484 5413; x_wconf 82' lang='lat'><strong>(65)</strong></span> <span class='ocrx_word' id='word_1_816' title='bbox 2514 5340 2642 5399; x_wconf 73' lang='lat' dir='ltr'><strong>Cod.</strong></span> <span class='ocrx_word' id='word_1_817' title='bbox 2671 5346 2733 5395; x_wconf 74' lang='grc' dir='ltr'><strong>Α.</strong></span> <span class='ocrx_word' id='word_1_818' title='bbox 2760 5342 2794 5413; x_wconf 80' lang='grc' dir='ltr'><strong>ι.</strong></span> <span class='ocrx_word' id='word_1_819' title='bbox 2822 5340 2945 5413; x_wconf 64' lang='lat' dir='ltr'><strong>eos,</strong></span> <span class='ocrx_word' id='word_1_820' title='bbox 2975 5340 3023 5413; x_wconf 80' lang='lat' dir='ltr'><strong>b_.</strong></span> 
     </span>
    </p>
   </div>
   <div class='ocr_carea' id='block_1_115' title="bbox 2375 5402 3332 5481">
    <p class='ocr_par' dir='ltr' id='par_1_115' title="bbox 2375 5402 3332 5481">
     <span class='ocr_line' id='line_1_117' title="bbox 2375 5402 3332 5481; baseline -0.015 -14"><span class='ocrx_word' id='word_1_821' title='bbox 2375 5402 2486 5481; x_wconf 56' lang='grc' dir='ltr'>(θοῇ</span> <span class='ocrx_word' id='word_1_822' title='bbox 2510 5416 2642 5469; x_wconf 74' lang='lat' dir='ltr'><strong>Cod.</strong></span> <span class='ocrx_word' id='word_1_823' title='bbox 2667 5414 2729 5464; x_wconf 76' lang='grc' dir='ltr'><strong>Α.</strong></span> <span class='ocrx_word' id='word_1_824' title='bbox 2770 5412 2806 5462; x_wconf 86' lang='grc' dir='ltr'>ι.</span> <span class='ocrx_word' id='word_1_825' title='bbox 2836 5410 2962 5461; x_wconf 70' lang='lat' dir='ltr'><strong>est.</strong></span> <span class='ocrx_word' id='word_1_826' title='bbox 2990 5407 3213 5477; x_wconf 85' lang='lat' dir='ltr'><strong>Syr.tv,</strong></span> <span class='ocrx_word' id='word_1_827' title='bbox 3244 5402 3332 5481; x_wconf 71' lang='grc' dir='ltr'>ιι.</span> 
     </span>
    </p>
   </div>
   <div class='ocr_carea' id='block_1_116' title="bbox 2379 5463 3864 5555">
    <p class='ocr_par' dir='ltr' id='par_1_116' title="bbox 2379 5463 3864 5555">
     <span class='ocr_line' id='line_1_118' title="bbox 2379 5463 3864 5555; baseline -0.018 -17"><span class='ocrx_word' id='word_1_828' title='bbox 2515 5463 2585 5535; x_wconf 75' lang='lat' dir='ltr'><strong>De</strong></span> <span class='ocrx_word' id='word_1_829' title='bbox 2627 5463 2725 5555; x_wconf 69' lang='lat' dir='ltr'><strong>hoc</strong></span> <span class='ocrx_word' id='word_1_830' title='bbox 2756 5482 2983 5555; x_wconf 84' lang='lat' dir='ltr'><strong>mystico</strong></span> <span class='ocrx_word' id='word_1_831' title='bbox 3027 5463 3166 5555; x_wconf 62' lang='lat' dir='ltr'><strong>saxo</strong></span> <span class='ocrx_word' id='word_1_832' title='bbox 3202 5463 3363 5555; x_wconf 72' lang='lat' dir='ltr'><strong>verba</strong></span> <span class='ocrx_word' id='word_1_833' title='bbox 3404 5468 3603 5555; x_wconf 69' lang='lat' dir='ltr'><strong>partim</strong></span> <span class='ocrx_word' id='word_1_834' title='bbox 3652 5463 3864 5555; x_wconf 53' lang='lat' dir='ltr'><strong>(linitur</strong></span> 
     </span>
    </p>
   </div>
   <div class='ocr_carea' id='block_1_117' title="bbox 2310 5537 3863 5618">
    <p class='ocr_par' dir='ltr' id='par_1_117' title="bbox 2310 5537 3863 5618">
     <span class='ocr_line' id='line_1_119' title="bbox 2310 5537 3863 5618; baseline -0.015 -12"><span class='ocrx_word' id='word_1_835' title='bbox 2310 5537 2639 5617; x_wconf 52' lang='lat' dir='ltr'><strong>Theon/mnia</strong></span> <span class='ocrx_word' id='word_1_836' title='bbox 2691 5537 2911 5618; x_wconf 71' lang='lat' dir='ltr'><strong>Syriaca</strong></span> <span class='ocrx_word' id='word_1_837' title='bbox 2975 5544 3219 5618; x_wconf 30' lang='lat' dir='ltr'><strong>IVLH;</strong></span> <span class='ocrx_word' id='word_1_838' title='bbox 3272 5541 3364 5618; x_wconf 79' lang='lat' dir='ltr'><strong>sed</strong></span> <span class='ocrx_word' id='word_1_839' title='bbox 3421 5537 3641 5618; x_wconf 65' lang='lat' dir='ltr'><strong>Graccus</strong></span> <span class='ocrx_word' id='word_1_840' title='bbox 3696 5544 3863 5618; x_wconf 42' lang='lat' dir='ltr'><strong>te‘xtns</strong></span> 
     </span>
    </p>
   </div>
   <div class='ocr_carea' id='block_1_118' title="bbox 2313 5602 3861 5676">
    <p class='ocr_par' dir='ltr' id='par_1_118' title="bbox 2313 5602 3861 5676">
     <span class='ocr_line' id='line_1_120' title="bbox 2313 5602 3861 5676; baseline -0.017 0"><span class='ocrx_word' id='word_1_841' title='bbox 2313 5626 2411 5676; x_wconf 83' lang='lat' dir='ltr'><strong>sub</strong></span> <span class='ocrx_word' id='word_1_842' title='bbox 2699 5602 2916 5671; x_wconf 70' lang='lat' dir='ltr'><strong>nomine</strong></span> <span class='ocrx_word' id='word_1_843' title='bbox 2965 5630 3000 5665; x_wconf 68' lang='grc' dir='ltr'>τι</span> <span class='ocrx_word' id='word_1_844' title='bbox 3036 5602 3222 5667; x_wconf 77' lang='lat' dir='ltr'><strong>Niceta</strong></span> <span class='ocrx_word' id='word_1_845' title='bbox 3269 5612 3473 5662; x_wconf 84' lang='lat' dir='ltr'><strong>relatus</strong></span> <span class='ocrx_word' id='word_1_846' title='bbox 3508 5604 3683 5658; x_wconf 91' lang='lat' dir='ltr'><strong>multo</strong></span> <span class='ocrx_word' id='word_1_847' title='bbox 3717 5602 3861 5669; x_wconf 83' lang='lat' dir='ltr'><strong>plura</strong></span> 
     </span>
    </p>
   </div>
   <div class='ocr_carea' id='block_1_119' title="bbox 2309 5679 3862 5757">
    <p class='ocr_par' dir='ltr' id='par_1_119' title="bbox 2309 5679 3862 5757">
     <span class='ocr_line' id='line_1_121' title="bbox 2309 5679 3862 5757; baseline -0.013 -14"><span class='ocrx_word' id='word_1_848' title='bbox 2309 5694 2528 5757; x_wconf 76' lang='lat' dir='ltr'><strong>recitat,</strong></span> <span class='ocrx_word' id='word_1_849' title='bbox 2592 5695 2705 5745; x_wconf 85' lang='lat' dir='ltr'><strong>sive</strong></span> <span class='ocrx_word' id='word_1_850' title='bbox 2764 5704 2828 5742; x_wconf 80' lang='lat' dir='ltr'><strong>ex</strong></span> <span class='ocrx_word' id='word_1_851' title='bbox 2890 5684 3221 5755; x_wconf 76' lang='lat' dir='ltr'><strong>TheOphunia</strong></span> <span class='ocrx_word' id='word_1_852' title='bbox 3268 5681 3383 5733; x_wconf 74' lang='lat' dir='ltr'><strong>sive</strong></span> <span class='ocrx_word' id='word_1_853' title='bbox 3424 5691 3491 5732; x_wconf 77' lang='lat' dir='ltr'><strong>cx</strong></span> <span class='ocrx_word' id='word_1_854' title='bbox 3538 5679 3862 5729; x_wconf 82' lang='lat' dir='ltr'><strong>commenta-</strong></span> 
     </span>
    </p>
   </div>
   <div class='ocr_carea' id='block_1_120' title="bbox 2316 5764 2429 5815">
    <p class='ocr_par' dir='ltr' id='par_1_120' title="bbox 2316 5764 2429 5815">
     <span class='ocr_line' id='line_1_122' title="bbox 2316 5764 2429 5815; baseline -0.009 0"><span class='ocrx_word' id='word_1_855' title='bbox 2316 5764 2429 5815; x_wconf 80' lang='lat' dir='ltr'><strong>riis.</strong></span> 
     </span>
    </p>
   </div>
  </div>
