4062 6416
286 394 388 450 Ml

1597 385 1686 441 DE
1722 384 2191 443 THEOPHANIA.

3456 384 3566 447 643

287 528 420 576 νοις.
452 523 591 565 αμα
604 526 686 572 τις
708 505 933 578 γυμνὸς,
954 504 1049 557 καὶ
1069 503 1289 572 εὐτελὴς
1316 503 1410 555 καὶ
1438 502 1858 575 ἀπερριμμένος

1981 505 2126 560 modi
2153 504 2398 575 symbolo
2452 522 2482 559 a
2513 505 2735 561 Danie.e
2763 505 3126 560 demonstrati
3172 497 3424 569 fuerunt;
3461 520 3566 558 uu-

280 602 368 657 διδ
395 602 490 657 καὶ
524 602 671 664 λίθος
715 596 1161 667 προσκόμματος,
1217 595 1310 647 καὶ
1363 594 1540 665 πέτρα
1575 595 1869 649 σκανδάλου

284 693 681 766 ἀπηγόρευται,
742 690 801 743 '0
853 689 951 759 μὲν
1000 683 1093 741 οὖν
1142 686 1226 750 τίς
1266 702 1449 756 φησιν·
1506 687 1669 740 Οὕτω
1706 687 1869 757 λέγει

286 787 502 855 Κύριος
517 802 530 814 ·
578 781 722 837 Ἰδοὺ
742 781 856 851 ἐγὼ
873 780 1148 850 ἐμϐάλλω
1171 782 1260 845 είς
1286 778 1392 833 τὸν
1419 778 1695 848 θεμέλιον
1717 778 1871 834 Σιὼν

281 875 457 928 λίθον
471 868 777 938 πολυτελῆ
784 910 799 929 .
817 865 1122 929 ἐκλεκτὸν,
1140 865 1584 934 ἀκροτωνιαῖον,
1605 866 1863 933 ἔντιμον·

282 965 382 1018 καί
427 968 460 1018 ό
500 963 800 1015 πιστεύων
829 960 922 1013 ἐπ’
951 958 1139 1011 αὐτὸν
1186 958 1259 1010 οὐ
1299 955 1387 1025 μὴ
1431 955 1863 1025 καταισχυνθῇ·

276 1055 307 1107 ό
329 1054 387 1107 δὲ
418 1054 535 1125 βοᾷ·
584 1052 768 1106 Λίθον
798 1050 870 1103 δν
898 1048 1353 1116 ἀπεδοκίμασαν
1388 1051 1441 1100 οι
1490 1046 1869 1116 οἰκοδομοῦν-

278 1162 399 1212 τες·
428 1147 524 1199 καὶ
563 1147 746 1200 Λίθον
774 1143 841 1197 δὲ
867 1142 1328 1210 προσκόμματος
1356 1139 1729 1205 κεκλήκασιν
1757 1142 1867 1193 αὑ-

276 1239 411 1291 τόν.
463 1238 689 1300 Ἡσαΐας
730 1235 787 1288 δὲ
845 1232 1147 1303 ἀποτολμᾷ,
1195 1232 1286 1286 καὶ
1322 1232 1414 1285 τὸν
1463 1231 1667 1302 Κύριον
1705 1230 1867 1283 αὑτὸν

277 1324 419 1382 εῖναι
454 1331 544 1381 τὸν
572 1327 717 1380 λίθον
754 1324 1015 1387 διδάσκει,
1050 1316 1269 1393 dide-1:1]
1314 1322 1617 1387 θεσπίζων·
1644 1324 1867 1391 Κύριον

274 1420 469 1475 αὐτὸν
490 1419 777 1490 ἁγιάσατε
793 1434 805 1447 ·
834 1416 933 1469 καὶ
962 1414 1145 1480 αὐτὸς
1169 1413 1345 1468 ἔσται
1364 1430 1482 1468 σου
1511 1416 1718 1483 φόϐος.
1738 1414 1865 1467 Κᾶν

272 1514 373 1566 ἐπ’
407 1510 567 1576 αὐτῷ
604 1507 900 1573 πεποιθὼς
936 1502 1032 1579 ᾗς,
1085 1508 1256 1561 ἔσται
1300 1521 1399 1561 σοι
1437 1509 1526 1573 είς
1576 1507 1860 1576 ἀτίασμα,

276 1603 380 1658 καί
418 1605 529 1671 οὐχ
576 1602 655 1666 ὼς
691 1600 865 1654 λίθου
910 1600 1321 1667 προσκόμματι
1362 1598 1860 1665 συναντήσεσθε,

272 1696 406 1749 οὐδ’
430 1697 509 1761 ὡς
541 1692 759 1760 πέτρας
778 1690 1060 1761 πτώματι.
1116 1690 1169 1743 '0
1193 1688 1261 1743 δὲ
1299 1685 1465 1756 οἶκος
1509 1689 1748 1759 Ἰσραὴλ
1792 1692 1862 1744 ἐν

270 1786 506 1857 stag-lat,
538 1781 642 1838 καί
688 1785 759 1839 ἐν
791 1782 1149 1854 κοιλάσματι
1194 1785 1247 1837 οί
1293 1782 1615 1851 καθήμενοι
1648 1783 1720 1835 ἐν
1774 1783 1863 1836 Ἰε-

1978 600 2102 663 dus,
2130 600 2374 667 inquam,
2408 609 2561 665 eral,
2600 598 2721 653 vilis
2764 607 2929 667 atque
2970 596 3253 664 abiectus;
3302 610 3475 665 quare
3508 606 3565 651 et

1976 689 2114 758 lapis
2148 688 2466 744 oﬂensionis
2499 705 2565 744 ac
2613 700 2766 759 petra
2798 688 3045 744 scandali
3075 688 3254 741 dictus
3288 694 3392 744 e'st.
3430 688 3534 756 Qui

1976 784 2099 837 dam
2128 798 2257 852 ergo
2279 783 2454 837 dicit'
2489 801 2501 836 :
2538 782 2629 837 Sic
2669 784 2743 837 ait
2781 782 3062 846 Dominus,
3095 781 3233 836 Ecce
3259 798 3354 851 ego
3410 784 3563 836 mitto

1971 871 2028 923 in
2054 870 2453 938 fundamentum
2485 871 2665 925 Sionis
2706 872 2939 939 lapidem
2980 874 3291 938 pretiosum,
3315 875 3560 936 electum,

1972 964 2303 1032 angularem,
2331 965 2716 1017 honorabilem.
2771 962 2838 1016 Et
2861 965 2952 1032 qui
2988 964 3273 1016 crediderit
3318 963 3375 1015 in
3409 978 3552 1028 eum,

1973 1073 2078 1109 non
2108 1056 2479 1122 confundetur.
2515 1058 2633 1127 Ipse
2680 1070 2813 1109 vero
2836 1056 3037 1108 clamat
3069 1074 3082 1109 :
3121 1054 3375 1125 Lapidem
3405 1073 3561 1125 quent

1974 1150 2377 1217 reprobaverunt
2401 1149 2724 1217 ardi/icantes
2748 1148 2791 1203 ⁸.
2826 1148 2913 1214 Ει,
2950 1148 3207 1217 Lapidem
3246 1148 3560 1216 offensionis

1969 1256 2089 1295 eum
2129 1243 2457 1309 appellarunt
2492 1242 2532 1296 '.
2570 1240 2744 1295 Isaias
2774 1256 2901 1295 Vero
2924 1242 3083 1293 audet
3109 1242 3290 1294 dicere
3328 1239 3560 1309 lapidem

1973 1334 2137 1397 hunc,
2164 1334 2337 1402 ipsum
2352 1348 2472 1387 esse
2499 1334 2810 1397 Dmninum,
2832 1333 2909 1387 ita
2935 1332 3202 1387 deﬁniens
3235 1349 3249 1385 :
3275 1330 3561 1383 Dominum

1972 1428 2143 1495 ipsum
2176 1427 2545 1494 sanctiﬁcate;
2576 1438 2623 1481 et
2643 1428 2755 1493 ipse
2797 1427 2896 1479 erit
2930 1441 3096 1494 pavor
3126 1435 3271 1478 tuus.
3326 1422 3397 1476 Et
3436 1422 3487 1477 si
3512 1414 3563 1474 ei

1971 1517 2202 1585 conﬁsus
2226 1518 2414 1587 fueris,
2438 1519 2541 1570 erit
2572 1519 2668 1571 tibi
2689 1518 2747 1571 in
2779 1517 3280 1585 sanctiﬁcationem,
3306 1530 3472 1582 neque
3499 1520 3561 1568 ut

1970 1610 2024 1662 in
2069 1610 2294 1677 lapidem
2337 1610 2649 1679 oﬂ'endiculi
2692 1610 3011 1678 impingetis,
3056 1624 3223 1678 neque
3259 1609 3315 1661 in
3353 1620 3559 1677 petram

1970 1698 2171 1766 lapsus.
2210 1697 2411 1752 Domus
2444 1711 2620 1752 autem
2658 1697 2882 1752 Israelis
2904 1700 2960 1752 in
2989 1696 3199 1766 laqueo,
3233 1697 3559 1750 lia‘bitatores

1975 1789 2306 1843 Hierusalem
2334 1791 2389 1843 in
2439 1790 2626 1859 fouea;
2657 1801 2933 1859 propterea
2984 1792 3297 1859 impotentes
3324 1798 3478 1843 erunt
3508 1789 3555 1846 ⁸.

269 1862 628 1947 ρουσαλήμ·
670 1876 769 1931 διὰ
820 1876 995 1930 τοῦτο
1035 1871 1554 1939 άδυνατήσουσιν.
1612 1874 1751 1926 Ἀνθ’
1805 1868 1858 1927 οὗ

1965 1881 2072 1936 Pro
2103 1884 2303 1952 quibus
2331 1884 2501 1953 magis
2554 1882 2841 1952 perspicue
2883 1882 3251 1952 Symmachus
3280 1880 3556 1949 interpre-

276 1970 612 2041 σαφέσι-τερος
636 1970 665 2021 ὁ
686 1968 980 2039 Σύμμαχος
1008 1966 1342 2037 ἡρμήνευσε·
1375 1964 1595 2033 Κύριον
1620 1963 1738 2016 τῶν
1761 1964 1864 2017 δυ-

273 2060 534 2130 νάμεων,
570 2060 761 2113 αὐτὸν
791 2056 1096 2127 ἁγιάσατε·
1128 2055 1228 2109 καί
1254 2054 1437 2119 αὐτὸς
1478 2054 1649 2107 ἔσται
1684 2056 1868 2123 φόϐος

272 2150 446 2221 ὑμῶν
508 2148 608 2204 καί
672 2148 1009 2218 κραταίωμα
1080 2146 1279 2216 ὑμῶν,
1357 2146 1457 2199 καὶ
1534 2146 1709 2199 ἔσται
1777 2148 1867 2211 είς

277 2243 568 2311 άτίασμαο
597 2239 681 2304 είς
705 2237 774 2291 δὲ
820 2238 995 2291 λίθον
1012 2235 1471 2304 προσκόμματος
1506 2232 1605 2285 καί
1654 2235 1742 2298 είς
1771 2232 1867 2286 πέ-

271 2348 423 2402 τραν
466 2327 819 2383 σκανδάλου
858 2326 983 2393 τοῖς
1018 2325 1200 2381 δυσὶν
1239 2326 1428 2389 οἴκοις
1477 2324 1734 2394 Ἰσραὴλ,
1778 2326 1865 2390 είς

272 2422 499 2493 παγίδα
526 2420 624 2474 καὶ
644 2422 733 2486 εις
763 2418 1114 2473 σκάνδαλον
1139 2415 1217 2481 τῷ
1251 2416 1519 2470 οἰκοῦντι
1544 2417 1615 2469 ἐν
1655 2415 1865 2486 Ἰερου-

271 2513 503 2583 σαλήμ.
539 2513 707 2567 Ἔνθα
733 2510 1023 2581 γενόμενος
1048 2510 1345 2580 ἐπίστησον
1376 2508 1499 2561 τίνα
1538 2508 1733 2580 τρόπον
1766 2509 1865 2561 αύ-

268 2604 367 2657 τὸν
397 2604 488 2657 τὸν
518 2601 720 2674 Κύριον
739 2599 848 2653 τῶν
873 2600 1157 2670 δυνάμεων
1180 2601 1295 2661 τοῖς
1334 2597 1431 2668 μὲν
1460 2599 1547 2651 in’
1577 2596 1741 2651 αὑτὸν
1767 2614 1863 2650 πε-

273 2694 519 2749 ποιθόσιν
543 2692 762 2747 ἔσεσθαι
793 2693 873 2756 είς
895 2691 1146 2762 ἀγίασμά
1177 2706 1363 2760 φησιν,
1398 2688 1513 2743 ἀλλ’
1542 2690 1640 2759 οὐχ
1670 2687 1746 2751 ὡς
1783 2687 1862 2740 λί-

273 2787 371 2841 θον
410 2786 856 2859 προσκόμματος,
879 2783 1000 2837 οὐδὲ
1026 2782 1103 2847 ὡς
1140 2781 1346 2852 πέτραν
1388 2780 1709 2851 πτώματος·
1750 2782 1862 2843 τοῖς

269 2879 332 2934 δὲ
365 2878 440 2951 μὴ
466 2878 552 2932 ἐπ’
583 2878 742 2932 αὑτὸν
788 2875 1068 2933 πεποιθόσι
1112 2874 1259 2927 λίθον
1304 2873 1728 2943 προσκόμματος
1765 2871 1860 2925 καὶ

270 2970 482 3043 πέτραν
522 2970 816 3041 πτώματος
854 2967 1180 3039 γενήσεσθαι
1212 2966 1410 3030 δοκεῖν,
1449 2966 1711 3019 διδάσκει.
1748 2964 1859 3018 Καὶ

270 3062 419 3127 τίνες
438 3056 603 3127 οὗτοι,
634 3059 988 3133 προφητεύει,
1024 3058 1210 3129 σαφῶς
1232 3057 1479 3129 δηλώσας
1507 3059 1634 3121 τοὺς
1660 3060 1739 3121 είς
1765 3058 1857 3110 τὸν

271 3158 508 3230 Χριστὸν
556 3158 953 3227 ἐπιστήσαντας
992 3155 1099 3210 τῶν
1147 3156 1211 3208 ὲκ
1244 3154 1564 3227 περιτομῆς.
1600 3152 1762 3214 Λίθος
1800 3153 1857 3208 δὲ

271 3250 369 3302 καὶ⁵
422 3248 596 3312 άλλως
642 3247 1009 3319 ἐχρημάτιζεν
1059 3248 1088 3299 ὁ
1133 3246 1324 3319 Σωτὴρ
1372 3246 1463 3300 διὰ
1509 3246 1569 3300 τὸ
1610 3246 1856 3317 θεμέλιος

270 3340 517 3414 ἀρραγὴς
568 3340 660 3393 καὶ
693 3342 949 3411 πετραῖος
990 3338 1390 3411 ὑποσεὸλῆσθαι
1424 3342 1490 3410 τῇ
1532 3339 1681 3409 πάσῃ
1714 3340 1857 3392 οίκο-

270 3432 436 3503 δομίᾳ
468 3433 567 3502 τῆς
612 3431 752 3484 κατὰ
792 3430 925 3484 Θεὸν
968 3431 1261 3495 πολιτείας.
1313 3431 1600 3500 Θεμέλιον
1638 3431 1852 3496 ἄλλον,

273 3525 439 3597 φησὶν
480 3525 508 3577 ὁ
544 3523 683 3588 θεῖος
725 3522 1079 3587 Ἇπόστολος,
1129 3523 1329 3590 οὐδεὶς
1376 3522 1627 3577 δύναται
1668 3524 1854 3578 θεῖναι

279 3617 433 3687 παρὰ
458 3617 563 3669 τὸν
606 3616 902 3685 κείμενον,
947 3616 1015 3682 ὅς
1062 3615 1233 3669 ἐστιν
1292 3614 1525 3685 Ἰησοῦς
1571 3617 1852 3685 Χριστόςυ

272 3712 369 3764 καὶ
394 3704 565 3772 αὖθις·
614 3709 679 3764 Ἢ
702 3707 771 3761 δὲ
800 3708 985 3777 πέτρα
1010 3705 1091 3779 ἦν
1114 3711 1145 3760 ό
1162 3708 1434 3777 Χριστός.
1457 3707 1617 3771 Δίθος
1637 3724 1854 3779 τοιγαρ-

271 3799 367 3854 οῦν
402 3802 495 3855 καὶ
533 3801 709 3872 πέτρα
750 3802 845 3855 καὶ
896 3799 1148 3871 θεμέλιος
1191 3799 1289 3854 τοῦ
1337 3799 1481 3854 κατά
1515 3800 1646 3854 Θεὸν
1702 3801 1852 3854 πολι-

268 3894 538 3965 τεύματος
578 3893 739 3956 αὐτὸς
786 3887 887 3964 ἦν·
928 3895 1022 3946 καὶ
1058 3892 1204 3957 λίθος
1246 3894 1657 3965 ἀκρογωνιαῖος,
1697 3894 1851 3947 ἐκλε-

272 3984 421 4049 κτὸς,
450 3985 684 4055 ἔντιμος,
724 3985 931 4055 μηδένα
959 3986 1069 4039 τῶν
1096 3988 1176 4049 είς
1208 3984 1371 4039 αὑτὸν
1407 3984 1714 4055 ἡλπικότων
1756 3986 1850 4040 καὶ

272 4076 713 4132 πεπιστευκότων
759 4076 1046 4147 αἰσχύνων·
1078 4080 1107 4131 ό
1142 4078 1186 4131 δ’
1225 4077 1385 4141 αὐτὸς
1412 4076 1559 4141 λίθος
1585 4074 1653 4148 ἦν
1682 4079 1849 4149 προσ-

273 4171 554 4240 κόμματος
596 4168 691 4223 καὶ
743 4169 920 4241 πέτρα
964 4169 1257 4224 σκανδάλου
1308 4170 1396 4224 διά
1446 4169 1508 4223 τὸ
1558 4169 1751 4234 πάθος,
1803 4164 1848 4239 ᾧ

271 4262 638 4334 προσκόπτειν
664 4263 790 4324 τοὺς
820 4261 1182 4326 ἀπιστοῦντας
1223 4260 1530 4333 συμϐαίνει·
1578 4263 1671 4315 καὶ
1703 4261 1849 4327 λίθος

270 4351 331 4405 δν
379 4352 783 4424 ἀπεδοκίμασαν
827 4356 876 4406 οί
928 4353 1351 4425 οἰκοδομοῦντες.
1416 4354 1633 4427 Ταύτην
1685 4356 1846 4420 αὐτὸς

271 4443 726 4515 ἑπισφραγίζεται
770 4446 869 4517 τὴν
910 4447 1206 4518 ἑρμηνείαν
1250 4446 1340 4501 διὰ
1376 4448 1474 4519 τῆς
1510 4447 1843 4520 παραὸολῆς,

1938 1983 2115 2028 ιιοιυε
2142 1984 2226 2029 est
2260 1973 2585 2028 :Doininum
2618 1976 2901 2039 virtutum,
2941 1974 3115 2043 ipsum
3154 1972 3489 2040 sanctiﬁcata
3535 1988 3555 2025 :

1965 2079 2012 2121 et
2034 2070 2142 2136 ipse
2165 2069 2260 2120 erit
2297 2083 2465 2133 pavor
2490 2077 2657 2121 vester
2692 2075 2742 2121 et
2764 2067 3049 2137 fortitudo,
3075 2067 3279 2135 eritque
3318 2067 3375 2119 in
3423 2082 3549 2120 san-

1965 2160 2381 2228 ctiﬁcationem;
2418 2159 2553 2227 lapis
2596 2174 2715 2214 sero
2746 2158 3057 2229 o/fendiculi
3110 2168 3161 2213 et
3212 2168 3362 2225 petra
3396 2173 3526 2212 scan

1964 2254 2074 2307 dali
2102 2252 2309 2307 duabus
2348 2251 2592 2306 domibus
2637 2251 2882 2316 Israelis,
2918 2251 3138 2321 laqueus
3167 2260 3216 2304 et
3237 2248 3532 2303 scandalun

1962 2345 2151 2400 incola
2192 2343 2554 2401 Hierusalem.
2592 2346 2769 2411 Atque
2794 2344 2897 2399 hoc
2930 2342 3051 2398 loco
3075 2342 3389 2405 considera,
3417 2353 3557 2410 quo-

1963 2436 2123 2491 modo
2172 2436 2349 2505 ipsum
2408 2434 2697 2490 Dominum
2742 2436 3004 2489 virtutum
3059 2431 3460 2488 conlidentibus
3502 2422 3551 2485 ei

1964 2528 2201 2582 futurum
2233 2542 2355 2582 esse
2403 2528 2535 2581 dicit
2563 2529 2614 2580 in
2641 2525 3133 2581 sanctiﬁcationem
3160 2563 3177 2588 ,
3210 2538 3321 2578 non
3352 2531 3539 2576 autem

1962 2618 2016 2673 in
2042 2616 2352 2673 odendiculi
2407 2616 2637 2688 lapidem
2670 2658 2685 2681 ,
2721 2626 2777 2672 et
2811 2618 2864 2671 in
2895 2625 3103 2685 petram
3136 2614 3342 2681 lapsus.
3378 2614 3555 2667 Sectis

1961 2724 2089 2765 vero
2114 2708 2334 2763 minime
2363 2709 2413 2764 ei
2453 2708 2878 2770 conlidentibus,
2914 2706 3148 2777 lapidem
3179 2706 3424 2759 futurum
3466 2702 3553 2758 of-

1959 2799 2216 2856 fendiculi
2242 2840 2258 2864 ,
2306 2808 2363 2854 et
2392 2811 2601 2869 petram
2642 2798 2849 2869 lapsus,
2879 2798 3049 2853 videri
3098 2797 3277 2852 docet.
3314 2794 3551 2863 Quinam

1959 2901 2139 2945 autem
2193 2890 2246 2944 hi
2278 2891 2417 2954 sint,
2447 2891 2803 2953 vateinatur,
2848 2887 3137 2943 manifeste
3164 2889 3553 2944 demonstrans

1958 2981 2343 3036 circumcisum
2398 2982 2487 3049 qui
2550 2983 2815 3035 adversus
2869 2980 3147 3035 Christum
3201 2978 3555 3033 consurrexit

1958 3072 2232 3143 papulum.
2287 3072 2461 3126 Aliter
2514 3086 2731 3142 quoque
2762 3071 2901 3141 lapis
2956 3081 3038 3126 est
3068 3070 3355 3134 Servatur,
3411 3070 3543 3140 quia

1960 3179 2057 3220 ceu
2094 3163 2505 3219 fundamentum
2556 3162 2833 3219 immobile
2880 3177 2944 3217 ac
2976 3149 3269 3230 lapideum,
3301 3161 3553 3229 supposi-

1969 3268 2053 3311 tus
2105 3255 2207 3310 fuit
2251 3257 2509 3310 universo
2564 3256 2796 3310 aedilicio
2848 3249 2974 3310 uita:
3022 3254 3323 3310 secundum
3379 3254 3548 3307 Deum

1962 3349 2204 3420 agendae.
2232 3344 2665 3401 Fundamentum
2697 3346 2849 3400 aliud
2875 3388 2891 3412 ,
2923 3347 2998 3401 ait
3029 3347 3185 3400 divus
3221 3344 3549 3420 Apostolus,

1962 3455 2111 3494 nemo
2156 3448 2324 3509 potest
2370 3454 2561 3503 ponere
2594 3448 2787 3505 prater
2831 3436 2951 3506 jam
2984 3436 3211 3504 positum
3238 3475 3254 3501 ,
3288 3436 3445 3505 quod,
3470 3446 3549 3489 est

1960 3531 2201 3585 Christus
2232 3529 2387 3583 Jesus
2414 3529 2459 3585 ".
2490 3529 2553 3583 Et
2584 3543 2776 3583 rursus
2815 3545 2829 3582 :
2859 3526 3024 3581 Petra
3062 3537 3237 3580 autem
3260 3538 3372 3580 erat
3401 3525 3550 3580 Clari-

1958 3634 2069 3677 stus
2098 3622 2139 3675 ⁸.
2172 3622 2333 3690 Lapis
2385 3624 2565 3693 itaque
2603 3631 2657 3676 et
2704 3630 2859 3691 petra
2889 3630 2945 3675 et
2980 3619 3389 3674 fundamentum
3423 3621 3549 3672 vitae

1958 3716 2255 3770 secundum
2292 3714 2459 3768 Deum
2488 3712 2733 3783 agendae,
2754 3713 2868 3781 ipse
2888 3720 3043 3776 erat;
3073 3711 3211 3782 lapis
3242 3710 3543 3781 angnlaris,

1958 3807 2183 3868 electus,
2216 3805 2571 3869 honorabilis,
2600 3804 2871 3860 neminem
2906 3804 2961 3856 in
2996 3818 3060 3857 eo
3082 3804 3418 3871 sperantium
3456 3810 3545 3856 at-
3606 3872 3614 3881 γ

1958 3912 2062 3967 que
2077 3897 2459 3953 conﬁdentium
2490 3896 2850 3950 confundens.
2871 3895 3081 3949 Rursus
3108 3894 3246 3949 idem
3270 3894 3406 3961 lapis
3427 3900 3547 3947 erat

1957 3988 2267 4044 oll‘endiculi
2287 3998 2342 4043 et
2385 3996 2534 4057 petra
2561 3987 2805 4043 scandali
2852 3996 3074 4057 propter
3102 3987 3434 4055 passionem,
3488 3986 3543 4040 in

1956 4097 2119 4151 quam
2171 4078 2445 4136 oll‘endere
2491 4078 2789 4134 incredulis
2838 4079 3073 4145 accidit;
3116 4088 3168 4133 et
3219 4077 3356 4147 lapis
3382 4092 3541 4146 quem

1956 4174 2386 4240 reprobaverunt
2446 4172 2796 4229 adiﬁcantes.
2859 4172 3012 4227 Hanc
3068 4173 3184 4241 ipse
3252 4172 3542 4226 conﬁrmat

1956 4264 2458 4335 interpretationem
2482 4279 2581 4335 per
2611 4263 2920 4334 parabolam
2949 4304 2964 4328 ,
2995 4263 3209 4317 vineam
3244 4262 3542 4329 agricolas-

1954 4372 2063 4425 que
2098 4355 2384 4419 inducens.
2442 4369 2739 4425 senosque
2776 4356 2973 4410 missos
3011 4355 3216 4425 primos
3244 4365 3299 4408 et
3342 4354 3541 4409 alteros

1953 4451 2023 4502 ah
2067 4447 2323 4518 agricolis
2357 4447 2555 4514 injuria
2606 4446 2879 4502 aﬂ'ectos:
2923 4456 3308 4516 postremoque
3357 4446 3530 4500 tilium

272 4537 567 4607 ἀμπελῶνα
599 4538 691 4592 καὶ
714 4541 992 4610 γεωργοὺς
1013 4541 1247 4610 είσάγων
1264 4540 1480 4605 δούλους
1503 4559 1562 4594 τε
1585 4542 1847 4595 ἀπεσταλ-

1962 4556 1981 4591 a
2008 4552 2160 4604 patre
2192 4540 2437 4602 missum,
2480 4550 2533 4594 et
2563 4540 2632 4593 ab
2664 4539 2844 4608 impiis
2870 4538 3125 4609 agricolis
3163 4538 3536 4593 interfectum.

275 4630 468 4700 μένους
488 4631 733 4703 πρώτους
754 4633 844 4685 καὶ
869 4632 1153 4703 δευτέρους
1173 4632 1557 4705 ὑϐριζομένους
1582 4634 1717 4705 πρὸς
1742 4633 1851 4687 τῶν

270 4720 552 4792 γεωργῶνο
570 4724 662 4776 καὶ
686 4724 836 4786 τέλος
869 4724 1011 4777 ’Υίὺν
1038 4726 1319 4796 ἀγαπητὸν
1348 4726 1452 4782 ὑπὸ
1482 4727 1579 4796 μὲν
1609 4726 1705 4779 τοῦ
1736 4728 1851 4781 Πα-

278 4814 400 4883 τρος
451 4815 885 4886 ἐκπεμπόμενον,
932 4817 1036 4871 ὑπὸ
1063 4818 1119 4871 δὲ
1146 4818 1359 4871 ἀσεϐῶν
1412 4820 1673 4891 γεωργῶν
1709 4820 1844 4872 ἀπο-

1957 4630 2270 4700 Postquam
2291 4630 2607 4701 parabolam
2635 4631 2817 4696 infert,
2840 4630 2968 4699 quid
2995 4631 3085 4693 sit,
3109 4628 3359 4696 Lapidem
3383 4644 3536 4695 quem

1957 4728 2359 4793 reprobaverunt
2402 4725 2726 4793 (ediﬁcmttes
2756 4765 2772 4792 ,
2824 4725 2908 4779 hic
2962 4722 3139 4792 factus
3180 4724 3342 4777 estin
3377 4730 3537 4792 caput

1954 4817 2137 4882 anguli
2163 4816 2205 4868 '.

278 4905 640 4976 κτιννύμενον.
675 4907 806 4960 Μεθ’
840 4908 908 4978 ἢν
930 4908 1239 4979 παραϐολὴν
1267 4912 1538 4982 ὶπιφὲρει,
1572 4912 1625 4964 τί
1655 4913 1770 4965 ἐστι
1811 4910 1891 4973 τὺ,
1931 4910 2113 4963 Λίθον
2170 4908 2243 4962 δν
2279 4908 2735 4977 ἀπεδοκίμασαν
2762 4909 2813 4961 οί
2842 4904 3318 4975 οίκοδομοῦντες,
3350 4900 3533 4969 οὗτος

274 4996 523 5068 ἐγενήθη
548 5000 635 5064 είς
656 4999 931 5067 κεφαλὴν
954 5001 1191 5070 γωνίας.

1005 5092 1080 5147 Z'.

340 5178 454 5251 (68)
493 5178 709 5249 Ἐπειδὴ
739 5179 905 5234 δὲκαὶ
930 5184 1062 5253 περὶ
1093 5182 1188 5236 τοῦ
1210 5184 1378 5237 τόπου
1413 5184 1645 5256 ἔχρησεν
1682 5186 1711 5237 ὁ
1744 5182 1841 5237 τοῦ

268 5270 405 5325 Θεοῦ
430 5271 621 5339 Λόγος,
649 5272 781 5343 φέρε
806 5272 1001 5343 ἴδωμεν
1032 5274 1132 5339 τὰς
1160 5275 1324 5329 αὐτοῦ
1350 5277 1477 5347 περὶ
1510 5276 1699 5329 τούτου
1730 5294 1844 5345 φω-

268 5361 384 5423 νάς.
405 5361 479 5414 Οὐ
500 5364 755 5433 φέροντες
779 5363 945 5417 αὑτοῦ
973 5365 1073 5436 τὴν
1097 5368 1298 5438 σεμνὴν
1328 5367 1697 5431 διδασκαλίαν,
1718 5368 1840 5422 οὔτε

2688 5087 2799 5143 VII.

2021 5184 2157 5252 Quia
2179 5197 2312 5238 vero
2337 5180 2545 5238 deloco
2567 5182 2731 5236 etiam
2763 5194 3044 5234 oracumm
3082 5178 3253 5232 edidit
3282 5177 3372 5231 Dei
3403 5178 3532 5231 Ver-

1946 5275 2075 5331 bum
2098 5317 2114 5343 ,
2163 5275 2339 5345 agesis
2367 5274 2535 5343 ipsius
2581 5274 2683 5327 hac
2733 5272 2798 5326 de
2847 5284 2905 5325 re
2930 5285 3089 5325 voces
3119 5270 3524 5323 animadverta-

1949 5384 2091 5423 mus.
2122 5366 2255 5422 Cum
2286 5380 2385 5421 nec
2419 5367 2535 5433 ejus
2566 5364 2927 5419 venerandam
2974 5363 3273 5416 doctrinam
3305 5403 3321 5427 ,
3349 5376 3527 5428 neque

269 5452 369 5524 τὴν
401 5453 702 5525 πρόρρησιν
719 5454 829 5527 (69)
845 5457 1075 5520 καὶτοὺς
1092 5457 1367 5528 ἐλέγχους,
1386 5460 1436 5512 οἰ
1452 5459 1558 5513 τῶν
1574 5460 1841 5515 Ἰουδαίων

1962 5458 2290 5520 vaticinium.
2321 5471 2497 5525 neque
2519 5454 2971 5525 reprehensiones
2998 5468 3153 5522 aequo
3179 5453 3361 5505 animo
3410 5451 3523 5506 fer-

342 5568 363 5599 ³
392 5567 726 5639 Ιεοξειινιιι,
750 5568 835 5623 16.
921 5567 947 5600 ⁵
970 5567 1116 5625 Psal.
1144 5571 1423 5637 cxvnﬂﬁ.
1496 5572 1519 5606 '
1539 5572 1664 5631 lsai.
1689 5590 1806 5639 vni,
1832 5575 1857 5629 l

1999 5573 2168 5629 “ibid.
2202 5574 2291 5629 l5.
2368 5574 2389 5603 "
2412 5572 2429 5626 l
2452 5571 2579 5628 Cor.
2608 5587 2687 5638 Ill,
2709 5572 2794 5627 11.
2862 5569 2885 5601 ⁸
2914 5570 2935 5624 l
2965 5569 3094 5627 Cor.
3116 5583 3173 5634 ι,
3195 5565 3248 5620 4.
3330 5566 3352 5598 ⁸
3376 5564 3522 5621 Psal.

269 5651 439 5700 cun,
466 5636 558 5692 22.

342 5748 453 5824 (ﬂii)
474 5748 604 5824 Sed.
630 5752 694 5804 Α.
719 5750 756 5824 l.
782 5751 905 5824 199.
940 5751 1061 5824 Syr.
1089 5769 1163 5819 tv,
1198 5754 1286 5809 18.

342 5817 465 5914 (69)⁸
480 5817 701 5876 Videtur
725 5817 999 5880 declinare
1021 5838 1050 5880 a
1098 5817 1260 5881 sensu
1292 5824 1478 5892 Syrus,
1518 5826 1608 5891 qui
1660 5825 1831 5881 dirut-

1944 5758 2205 5827 gniionem
2235 5796 2251 5825 ,
2308 5769 2414 5810 non
2476 5764 2654 5811 autem
2704 5755 3137 5827 pradictionem,
3186 5762 3491 5823 interprets

1942 5840 2046 5883 llll‘.
