4062 6396
601 420 707 475 663

1294 414 1559 471 Ευδειιιι
1596 409 2069 467 CASSARIENSIS
2108 408 2257 466 OPP.
2299 408 2478 463 PARS
2515 407 2601 463 IV.
2641 441 2709 451 —
2748 404 3164 463 DOGMATICA.

2514 188 2579 213 ’/

3708 405 3816 459 ςιι

601 545 722 589 rent
749 532 1047 586 intimorum
1093 529 1361 597 principes
1393 568 1409 590 ,
1456 529 1585 581 urbe
1616 530 1760 580 illum
1816 529 1967 581 abire
1992 542 2141 581 cura-

2244 527 2529 595 ἄρχοντες,
2570 526 2670 595 τῆς
2716 525 2918 588 πόλεως
2964 521 3338 592 ἀπαλλαγῆναι
3370 520 3617 573 ἐποίουν.
3663 520 3723 570 '0
3766 501 3814 572 δ’

600 633 745 679 runt.
798 620 1086 674 Discedens
1132 631 1309 671 autem
1352 608 1734 687 Hierosolymis
1759 617 2009 669 Christus
2050 619 2144 671 has

599 714 764 767 edidit
790 710 1194 765 contra'ttrbem
1247 722 1406 760 voces
1438 727 1451 760 :
1488 706 1842 771 Hierusalem,
1887 707 2144 760 "ierun-

596 802 717 859 ιω.
756 812 1107 862 smpemmno
1146 795 1317 862 optavi
1360 795 1503 861 ﬁlios
1541 807 1656 847 tuos
1688 811 2033 863 congregare,
2065 807 2145 849 at-

598 901 770 941 tamen
797 904 881 939 ros
908 886 1170 938 rrmsistis.
1206 883 1288 935 En
1318 884 1629 953 relinquitur
1665 885 1807 938 vobis
1835 885 2021 937 domus
2064 901 2145 938 re-

598 989 707 1031 stra
734 980 937 1031 deserta
964 977 1025 1030 ¹⁶.
1051 973 1167 1028 1am
1193 988 1298 1027 non
1331 972 1420 1026 Dei
1453 974 1664 1025 domum
1703 975 1953 1039 templum
1991 974 2142 1035 illud,

598 1067 1075 1131 sanctuariumque
1106 1078 1225 1116 esse
1263 1064 1656 1126 demonstrans,
1690 1064 1782 1117 sed
1813 1062 2025 1116 illorum
2056 1064 2146 1117 do-

598 1170 766 1219 mum,
796 1164 1012 1223 propter
1038 1149 1213 1205 scelus
1236 1151 1513 1204 iniandum
1540 1151 1682 1219 quod
1709 1158 2142 1206 consecutomux

601 1257 836 1313 tempore
868 1244 1061 1296 ibidem
1092 1252 1356 1309 patratum
1390 1252 1474 1294 est
1506 1257 1519 1293 :
1552 1255 1742 1309 nempe
1789 1241 2020 1294 immane
2049 1240 2143 1295 Ju-

597 1338 831 1392 dcorum
853 1344 1041 1389 eontra
1065 1332 1405 1386 Servatorem
1434 1331 1721 1400 piaculum.
1743 1332 1909 1385 Porro
1929 1346 2144 1385 necesse

597 1436 712 1482 erat
742 1440 848 1480 non
883 1426 1032 1479 urbis
1078 1424 1246 1478 solum
1281 1422 1486 1477 incolas
1508 1461 1523 1484 ,
1570 1436 1751 1474 verum
1792 1422 1953 1475 etiam
1992 1401 2141 1490 pavi.

598 1526 837 1571 mentum
870 1515 1018 1578 illud,
1049 1528 1156 1583 quo
1186 1522 1462 1580 tantopere
1490 1512 1897 1581 gloriabantur:
1923 1512 2142 1582 dignum

598 1605 801 1659 referre
826 1604 1051 1672 pretium
1079 1601 1373 1654 facinorum
1420 1602 1488 1652 ab
1546 1601 1735 1654 incolis
1783 1610 2141 1668 patratorum.

598 1692 653 1747 Id
680 1693 823 1759 quod
856 1705 958 1744 non
1002 1691 1170 1743 multo
1200 1701 1319 1756 post
1348 1692 1569 1753 accidit,
1600 1705 1721 1743 cum
1771 1676 2001 1744 Romani
2051 1706 2142 1744 ltr-

596 1786 715 1838 bem
739 1783 908 1837 adorti
937 1822 952 1846 ,
994 1783 1135 1837 cives
1166 1782 1281 1849 eius
1324 1784 1515 1852 partim
1552 1782 1675 1836 belli
1702 1780 1824 1847 jure
1856 1782 2136 1835 intereme-

599 1884 742 1936 runt,
774 1874 967 1943 partim
1002 1875 1243 1942 captivos
1280 1874 1651 1947 abduxerunt;
1691 1882 1747 1927 et
1776 1882 1973 1941 prater
2002 1872 2140 1926 fatue

596 1974 836 2025 necatos,
888 1964 1146 2032 reliquam
1176 1964 1567 2019 multitudinem
1593 1966 1711 2019 loco
1735 1966 2060 2019 abstractam
2088 1966 2138 2019 in

592 2057 741 2110 orbis
776 2065 932 2109 terra:
976 2057 1283 2108 vastitatem
1337 2055 1744 2123 disperserunt:
1782 2054 2011 2125 denique
2047 2071 2141 2111 eo-

598 2162 713 2200 rum
764 2147 978 2200 domum
1026 2161 1120 2199 seu
1158 2145 1407 2214 templum
1445 2144 1853 2210 inﬂammantes,
1886 2148 1935 2199 in
1962 2148 2141 2202 deser-

597 2236 857 2290 tissitnam
889 2234 1231 2289 solitudinem
1285 2244 1687 2288 converterunt.
1734 2234 1878 2289 Sane
1910 2236 2021 2289 haec
2049 2250 2142 2305 po—

595 2335 739 2380 stero
807 2336 1044 2395 tempore
1106 2324 1497 2393 contigerunt;
1546 2326 1639 2377 sed
1692 2324 1833 2379 enim
1869 2325 2139 2389 Servator,

597 2416 735 2470 Deus
756 2416 961 2471 scilicet
984 2416 1232 2477 Verbum,
1262 2415 1599 2482 prmscientia
1628 2425 1801 2473 utens.
1824 2430 1942 2483 qua:
1963 2416 2139 2469 futura

594 2516 750 2559 erant
777 2506 1157 2573 suprascriptis
1188 2505 1370 2558 verbis
1404 2515 1526 2557 ante
1552 2506 1833 2559 nuntiavit.
1869 2487 2027 2559 Urbis
2047 2521 2142 2558 auo

598 2607 702 2651 tem
752 2597 889 2649 illios
923 2597 1153 2663 appellat
1184 2605 1395 2665 gentem
1433 2592 1707 2647 Judaicam
1730 2632 1745 2656 ,
1777 2596 1987 2647 domum
2013 2609 2144 2648 vero

593 2701 780 2739 eorum
814 2686 943 2738 dicit
994 2700 1092 2753 pro
1145 2684 1361 2752 templo.
1424 2683 1623 2737 Deinde
1660 2693 1886 2736 testatur
1916 2684 2033 2737 fore
2083 2694 2142 2737 ut

597 2778 828 2843 ipsorum
864 2776 1015 2844 culpa
1072 2776 1204 2828 diris
1248 2776 1459 2828 casibus
1504 2776 1849 2839 irretiantur;
1898 2774 2141 2841 quando-

593 2868 807 2935 quidem
860 2865 971 2932 ipse
1003 2865 1147 2917 haud
1190 2864 1353 2917 semel
1398 2873 1623 2917 conatus
1678 2862 1855 2918 fuerat
1903 2865 2137 2918 sobolem

592 2973 776 3012 eorum
806 2956 904 3009 sub
937 2953 1150 3023 pietatis
1176 2952 1361 3022 iugum
1396 2953 1631 3014 mittere,
1669 2952 1791 3004 dum
1823 2966 2007 3005 curam
2043 2966 2137 3006 eo-

594 3050 833 3106 rumdem
857 3056 1161 3115 perpetuam
1184 3055 1411 3113 gereret,
1444 3059 1539 3111 per
1560 3043 1800 3110 singulos
1832 3043 2128 3112 praphetas

595 3138 939 3207 singulasque
982 3145 1168 3188 aetates
1217 3149 1245 3185 a
1288 3134 1556 3202 pravitate
1606 3146 1700 3185 eos
1747 3133 2031 3185 retrahens
2074 3145 2137 3185 ac

598 3237 885 3277 revocans.
921 3219 1187 3275 Ceterum
1228 3221 1280 3273 bi
1306 3221 1516 3274 vocanti
1553 3219 1771 3273 minime
1797 3220 2137 3289 obtempera-

595 3324 819 3376 verunt;
876 3311 1395 3378 quamobrem-tulit
1449 3311 1501 3363 in
1537 3323 1631 3363 eos
1682 3310 1767 3364 his
1814 3308 1991 3364 verbis
2021 3324 2143 3364 sen-

598 3402 816 3456 tentiam
843 3419 858 3455 :
885 3400 1018 3455 Ecce
1040 3401 1346 3469 relinquitur
1367 3401 1504 3453 vobis
1524 3401 1706 3453 donttts
1723 3408 1892 3453 vestra
1918 3401 2138 3456 deserta.

597 3492 962 3547 Solertissime
996 3504 1121 3545 vero
1168 3505 1275 3544 non
1321 3490 1508 3543 urbem
1557 3489 1989 3565 desertam‘t'ore
2028 3491 2139 3554 ait,

596 3584 691 3635 sed
716 3582 929 3637 domum
958 3594 1075 3648 qua:
1109 3580 1177 3632 ibi
1204 3588 1345 3643 erat,
1376 3579 1426 3632 id
1460 3588 1541 3633 est
1568 3579 1841 3648 templum,
1865 3580 2006 3649 quod
2028 3580 2139 3646 jam

596 3686 703 3725 non
730 3685 885 3741 suum
939 3683 1113 3737 neque
1154 3668 1247 3723 Dei
1290 3668 1647 3725 habitaculum
1682 3670 1867 3724 haberi
1894 3670 2139 3734 vult,sed

597 3764 805 3817 illorum
846 3774 965 3815 esse
1006 3762 1103 3814 ait.
1154 3758 1432 3815 Desertum
1480 3774 1609 3815 vero
1649 3761 1789 3814 haud
1826 3760 1981 3815 aliter
2025 3758 2140 3816 {ore

596 3854 936 3919 vaticinatur,
957 3852 1056 3905 nisi
1084 3853 1207 3919 quia
1248 3862 1505 3905 consueta
1541 3852 1627 3905 illa
1665 3852 1757 3907 Dei
1787 3867 1914 3907 cura
1952 3868 2016 3908 ac
2053 3867 2141 3921 pa-

598 3944 826 3999 trocinio
866 3944 1197 4012 spoliandum
1240 3954 1380 3997 erat.
1430 3943 1611 3997 Mirari
1647 3954 1823 3997 autem
1854 3945 1995 3998 subit
2026 3960 2140 3999 ser-

600 4034 773 4088 monis
801 4033 1073 4098 eﬂectum,
1103 4034 1225 4101 quia
1258 4049 1524 4100 nunquam
1552 4035 1688 4087 alias
1726 4033 1793 4088 ad
1825 4043 2026 4086 tantam
2053 4048 2140 4088 so-

598 4126 875 4180 litudinem
921 4125 967 4179 is
998 4124 1146 4177 locus
1197 4126 1441 4177 redactus
1491 4124 1618 4189 fuit;
1667 4138 1734 4178 ne
1778 4132 1890 4177 tum
1924 4125 2139 4193 quidem

596 4229 718 4268 cum
750 4214 818 4268 ob
844 4214 1167 4283 impietatem
1192 4212 1486 4267 incolarum
1522 4222 1680 4280 atque
1711 4213 2063 4268 idololatriam
2086 4222 2141 4268 et

597 4305 976 4374 prophetarum
1016 4307 1226 4370 cedes,
1276 4305 1329 4358 in
1361 4290 1774 4373 Babyloniorum
1825 4312 2138 4372 petestatem

599 4396 743 4448 venit
780 4410 795 4447 :
842 4394 933 4447 illo
980 4397 1125 4447 enim
1168 4404 1407 4462 tempore
1443 4393 1849 4463 septuagenaria
1892 4391 1995 4445 fuit
2038 4393 2139 4447 loci

2244 617 2538 687 ἀναχωρῶν
2557 616 2665 669 τῶν
2716 614 2972 685 Ἱεροσολύ
2980 631 3092 683 μων
3116 613 3327 665 τοίασδε
3367 612 3651 683 προήκατο
3670 610 3812 664 κατᾶ

2242 706 2342 776 τῆς
2390 708 2592 769 πόλεως
2637 707 2837 773 φωνάς·
2885 703 3314 772 Ἰερουσαλὴμ,
3363 702 3810 769 Ἰερουσαλὴμ,

2244 796 2498 862 ποσάκις
2531 796 2799 862 ἠθέλησα
2822 792 3283 862 ἐπισυναγαγεῖν
3322 792 3506 845 τέκνα
3537 796 3689 853 σου.
3714 792 3807 844 καὶ

2243 890 2354 940 οὐκ
2382 885 2733 951 ἠθελήσατε.
2790 885 2931 938 Ἰδοὺ
2962 886 3194 952 ἀφίεται
3218 882 3359 951 ὑμῖν
3381 886 3415 935 ὀ
3443 878 3612 951 οἶκος
3645 880 3811 949 ὑμῶν

2242 978 2482 1044 ἕρημος·
2515 975 2693 1027 οὐκέτι
2728 971 2872 1027 οἷκον
2901 974 3035 1027 Θεοῦ
3066 974 3158 1024 τὸν
3188 972 3322 1027 νεὼν
3356 973 3449 1024 καὶ
3484 972 3547 1024 τὸ
3577 972 3640 1024 ἐν
3662 969 3811 1039 αὐτῷ

2242 1064 2652 1135 ἁγίασμα,άλλὰ
2686 1064 2864 1117 αὐτῶν
2893 1059 3031 1117 εἶναι
3053 1059 3198 1116 οἶκον
3212 1062 3651 1132 ἀποφηνάμενος·
3686 1061 3811 1131 μιά-

2245 1171 2445 1224 σματος
2460 1156 2567 1223 γάρ
2587 1153 2811 1220 ἐναγοῦς
2829 1154 2887 1205 ἐν
2916 1153 2993 1222 τῷ
3014 1153 3152 1223 μετὰ
3166 1150 3340 1204 ταῦτα
3356 1151 3533 1221 χρόνῳ
3544 1150 3810 1220 δρασθέν-

2241 1261 2330 1308 τος
2363 1246 2453 1297 ὑπ’
2476 1243 2669 1306 αὐτῶν,
2692 1242 2849 1297 τοῦτο
2884 1242 2930 1294 δ’
2963 1238 3031 1311 ἦν
3055 1243 3115 1295 τὸ
3144 1240 3412 1310 τολμηθὲν
3440 1241 3628 1304 αὐτοῖς
3677 1232 3811 1305 ἄγος

2242 1335 2381 1388 κατὰ
2414 1335 2507 1388 τοῦ
2540 1334 2808 1405 Σωτῆρος,
2842 1334 3008 1404 ἐχρῆν
3040 1329 3211 1404 δήπου
3252 1332 3326 1401 μή
3356 1330 3515 1400 μόνον
3548 1330 3680 1393 τοὺς
3707 1330 3806 1401 τῆς

2242 1426 2447 1489 πόλεως
2481 1426 2798 1496 οἰκήτορας.
2832 1423 2966 1476 ἀλλά
3004 1424 3096 1476 καὶ
3131 1421 3262 1475 αὖτδ
3292 1421 3352 1474 τδ
3394 1421 3609 1489 δδαῖθοςι
3646 1420 3735 1488 λῖθ’
3766 1412 3812 1485 ᾧ

2243 1515 2385 1585 μέγα
2428 1514 2703 1583 ἐφρόνουν,
2751 1511 3042 1582 τάπίχειρα
3096 1503 3171 1564 ὧν
3220 1511 3450 1580 ἔδρασαν
3499 1510 3809 1580 οἰκήτορες,

2240 1605 2430 1658 παθεῐν
2449 1620 2461 1633 ·
2497 1604 2533 1657 ἃ
2561 1603 2624 1673 δὴ
2659 1604 2750 1656 καὶ
2781 1601 3111 1654 πεπόνθασιν
3141 1601 3241 1653 ούκ
3269 1602 3349 1662 εἰς
3392 1599 3629 1669 μακρὸν,
3670 1599 3814 1651 Ῥω·

2244 1695 2417 1766 μαίων
2453 1692 2781 1746 ἐπελθόντων
2802 1695 2865 1763 τῇ
2897 1691 3068 1755 πόλει,
3099 1692 3195 1744 καὶ
3225 1690 3334 1742 τῶν
3352 1689 3653 1758 οἰκητόρων
3680 1690 3813 1750 τοὺς

2244 1786 2339 1855 μέν
2373 1784 2602 1853 πολέμου
2633 1782 2781 1853 νόμῳ
2799 1781 3274 1851 κατασφαξάντων,
3306 1782 3431 1842 τοὺς
3454 1778 3501 1831 δ’
3524 1778 3814 1848 αίχμαλὼ-

2238 1891 2361 1936 τους
2376 1873 2797 1941 οάπαγαγόντων,
2820 1872 2945 1934 τοὺς
2964 1871 3019 1924 δὲ
3042 1870 3183 1941 λιμῷ
3212 1869 3660 1940 διαφθειράντων,
3678 1869 3811 1930 τοὺς

2198 2014 2209 2029 ,
2236 1964 2280 2016 δ’
2328 1964 2709 2016 ἀπελασάντων
2762 1963 2855 2013 καὶ
2882 1964 2960 2024 είς
2998 1962 3174 2014 πάντα
3209 1961 3371 2012 τόπον
3411 1957 3810 2011 δωσκεδασὰν-

2236 2070 2341 2107 των
2368 2052 2499 2123 (70),
2530 2054 2619 2106 τὸν
2646 2038 2692 2103 δ⁴
2712 2046 2858 2104 οἷκον
2885 2050 3062 2105 αὐτῶν
3091 2052 3182 2104 καὶ
3205 2051 3294 2103 τὸν
3317 2047 3451 2103 νεὼν
3480 2050 3812 2120 ἐμπρησάν-

2235 2158 2365 2206 των,
2384 2144 2460 2207 si;
2497 2142 2697 2212 ἔσχατά
2718 2159 2775 2194 τι
2802 2141 3034 2211 ἐρημίας
3056 2140 3469 2210 περιϐαλόντων.
3508 2138 3675 2194 Ἀλλὰ
3695 2139 3809 2211 γὰρ

2235 2234 2436 2287 τούτων
2457 2236 2513 2285 ἐν
2538 2236 2651 2296 τοῖς
2679 2232 2813 2303 μετὰ
2844 2232 3013 2285 ταῦτα
3043 2232 3254 2303 χρόνοις
3283 2230 3613 2300 γενομένων,
3666 2247 3809 2300 προ-

2236 2326 2413 2380 λαϐὼν
2444 2328 2472 2377 6
2515 2326 2707 2395 Σωτὴρ
2743 2324 2803 2376 τὸ
2851 2323 3038 2393 μέλλον
3070 2326 3133 2393 τῇ
3178 2322 3502 2394 προγνώσει,
3549 2317 3639 2375 οἷα
3671 2322 3811 2387 Θεὸς

2238 2420 2426 2485 Λόγος,
2478 2416 2548 2468 τὰ
2591 2415 2976 2485 συμϐησόμενα
3010 2414 3367 2486 προαγορεύει
3397 2413 3487 2466 διὰ
3518 2414 3629 2466 τῶν
3672 2431 3810 2485 προ-

2238 2510 2520 2579 κειμένων.
2539 2506 2711 2558 Τέκνα
2730 2506 2784 2558 δὲ
2815 2506 2913 2575 τῆς
2943 2504 3147 2568 πόλεως
3168 2504 3419 2575 ὀνομάζει
3441 2504 3503 2557 τὺ
3536 2503 3811 2557 Ἰουδαίων

2242 2600 2346 2651 πᾶν
2377 2596 2527 2659 ἔθνος
2546 2612 2559 2625 ’
2592 2591 2737 2648 οἷκον
2755 2594 2812 2647 δὲ
2844 2594 3023 2647 αὐτῶν
3057 2592 3324 2647 ἀποκαλεῖ
3359 2594 3450 2647 τὸν
3480 2592 3641 2647 νεών.
3674 2589 3816 2645 Εἶτα

2240 2685 2589 2757 μαρτύρεται,
2622 2686 2701 2737 ὃτι
2719 2684 2871 2755 παρὰ
2885 2683 2981 2754 τὴν
3012 2683 3187 2737 αὐτῶν
3216 2684 3393 2737 αἰτίαν
3407 2683 3475 2735 τὰ
3504 2682 3815 2753 σκυθρωπὰ

2235 2778 2428 2840 αὐτοὺς
2453 2775 2829 2847 μετελεύσεται
2849 2792 2862 2804 ·
2898 2775 3192 2847 ἐπειδήπερ
3224 2775 3386 2838 αὐτὸς
3419 2774 3517 2845 μὲν
3546 2774 3810 2837 πολλάκις

2235 2869 2649 2935 ἐπισυναγαγεῖν
2667 2867 2844 2920 αὐτῶν
2863 2867 2931 2918 τὰ
2944 2867 3108 2919 τέκνα
3132 2864 3239 2918 ὑπὸ
3263 2865 3353 2918 τὸν
3378 2865 3475 2933 τῆς
3495 2863 3812 2926 θεοσεϐείας

2237 2959 2394 3026 ζυγὸν
2424 2958 2762 3027 βεϐούληται,
2793 2952 2881 3009 οἷα
2911 2959 2974 3009 ὲκ
3002 2955 3095 3009 τοῦ
3125 2957 3324 3018 παντὸς
3352 2956 3604 3025 πρόνοιαν
3627 2954 3813 3008 αὐτῶν

2238 3048 2620 3118 πεποιημένος,
2648 3048 2714 3099 δι’
2752 3048 2979 3100 ἑκάστου
3006 3062 3065 3098 τε
3091 3047 3370 3116 προφήτου
3406 3044 3500 3096 καὶ
3532 3044 3659 3096 καθ’
3686 3046 3815 3098 ἐκά-

2239 3155 2368 3208 στην
2384 3138 2571 3204 γενεὰν
2595 3136 2931 3206 ἐπιστρέφων
2947 3134 3141 3195 αὐτοὺς
3162 3135 3253 3186 καὶ
3268 3131 3538 3187 άνακαλού
3545 3149 3730 3203 μενος·
3754 3134 3809 3186 οἱ

2245 3225 2301 3279 δέ
2322 3227 2421 3279 οὐκ
2455 3228 2641 3295 ήθελον
2667 3222 2968 3277 ὑπακοῦσαι
2997 3222 3063 3294 τῇ
3097 3222 3285 3292 κλήσει
3302 3238 3315 3251 ’
3352 3216 3412 3275 οὗ
3432 3220 3496 3293 δὴ
3520 3222 3682 3294 χάριν
3708 3223 3812 3293 τὴν

2244 3317 2363 3371 κατ’
2400 3317 2577 3370 αὐτῶν
2631 3315 2903 3383 ἀπόφασιν
2958 3313 3342 3385 προενήνεκται
3384 3311 3555 3367 είπών
3579 3329 3594 3343 ο
3652 3311 3813 3366 Ἰδοὺ

2243 3406 2475 3476 ἀφίεται
2527 3404 2671 3474 ὑμῖν
2707 3408 2739 3457 ό
2776 3400 2941 3469 οἷκος
2981 3401 3148 3472 ὑμῶν
3196 3404 3434 3472 ἕρημος.
3483 3404 3702 3475 Σφόδρα
3752 3406 3817 3461 δέ

2242 3494 2479 3565 ἀκριϐῶς
2499 3494 2557 3546 ού
2575 3494 2671 3563 τὴν
2690 3502 2841 3545 πόλιν
2863 3491 3065 3561 ἔρημον
3089 3490 3306 3543 ἔσεσθαί
3332 3508 3515 3560 φησιν,
3548 3492 3689 3545 ἀλλὰ
3715 3492 3813 3547 τὸν

2241 3588 2301 3638 ἐν
2338 3586 2473 3654 αὐτῇ
2508 3580 2676 3647 οἷκον,
2714 3583 2911 3653 δηλαδὴ
2942 3582 3032 3636 τὸν
3062 3580 3197 3635 νεών
3218 3598 3229 3609 ⁸
3259 3582 3321 3635 δν
3348 3582 3532 3635 οὐκέτι
3575 3583 3812 3650 ἑαυτοῦ,

2242 3675 2353 3728 ἀλλ’
2378 3674 2498 3727 οὐδε
2516 3672 2609 3726 τοῦ
2642 3672 2777 3726 Θεοῦ
2820 3667 2965 3725 οἶκον
2990 3671 3231 3741 βούλεται
3259 3671 3640 3741 χρηματίζειν,
3688 3672 3807 3725 ἀλλ’

2242 3763 2419 3818 αὐτῶν
2446 3758 2581 3815 εἶναι
2602 3778 2783 3831 φησιν.
2818 3760 3057 3829 Ἐρημον
3081 3758 3139 3811 δέ
3171 3758 3331 3811 αὑτὸν
3364 3756 3582 3811 ἔσεσθαι
3611 3756 3811 3810 θεσπε-

2244 3853 2345 3917 ζει,
2378 3855 2477 3907 οὐκ
2507 3853 2731 3923 ἄλλωςῆ
2760 3837 2864 3903 ύπὺ
2877 3850 2976 3919 τῆς
3004 3849 3266 3921 πρότερον
3289 3848 3694 3918 ἐπισκοπούσης
3710 3850 3801 3902 αὐ-

2242 3948 2332 3999 τὸν
2368 3945 2621 4017 προνοίας
2656 3942 3232 4014 καταλειφθησόμενον.
3280 3941 3389 3993 Καὶ
3416 3939 3481 4011 δὴ
3527 3939 3817 4011 θαυμάσαι

2242 4038 2355 4091 ἔστι
2402 4036 2495 4090 τοῦ
2546 4035 2704 4103 λόγου
2750 4034 2811 4087 τὸ
2854 4032 3223 4102 ἀποτέλεσμα,
3257 4032 3339 4084 ὅτι
3365 4031 3428 4101 δὴ
3467 4032 3588 4100 μηδ’
3615 4032 3812 4085 ἄλλοτε

2244 4127 2461 4180 πώποτε
2498 4126 2763 4196 τοσαύτην
2801 4124 3085 4194 ὑπέμεινεν
3117 4121 3353 4193 ἐρημίαν
3393 4122 3422 4173 ὁ
3462 4121 3659 4185 τόπος,
3696 4122 3812 4175 ab?

2244 4218 2331 4271 ὅτε
2364 4218 2451 4271 διὰ
2502 4217 2599 4280 τὰς
2642 4213 3079 4287 ὑπερϐαλλούσας
3134 4211 3314 4266 αὐτῶν
3348 4210 3666 4275 δυσσεϐείας
3712 4214 3813 4266 καὶ

2245 4307 2699 4377 εἰδωλολατρείας,
2740 4306 2836 4368 τάς
2866 4321 2925 4357 τε
2953 4303 3095 4358 κατὰ
3119 4303 3226 4356 τῶν
3259 4301 3551 4374 προφητῶν
3590 4319 3811 4373 μιαιφο-

2245 4397 2381 4460 νίας,
2417 4399 2516 4450 ὑπὸ
2536 4396 2810 4450 Βαϐυλῶνι
2836 4396 2969 4466 ήλω·
3000 4394 3492 4466 ἐϐδομηκονταετὴς
3514 4393 3623 4463 γὰρ
3644 4395 3675 4444 6
3697 4396 3814 4458 πᾶς

599 4485 854 4538 solitudo.
883 4486 1059 4550 Quare
1091 4500 1155 4538 ne
1191 4484 1426 4537 fataliter
1450 4484 1663 4551 quidem
1698 4493 1827 4536 tunc
1850 4482 1916 4536 iis
1939 4482 2138 4537 dictam

2246 4488 2342 4557 τῆς
2369 4488 2696 4557 ἐρημώσεως
2730 4486 2821 4539 τοῦ
2850 4487 3013 4539 τόπου
3040 4487 3224 4555 χρόνος
3256 4484 3373 4536 κατ’
3410 4482 3651 4544 ἐκείνους
3685 4484 3810 4551 ἐγι-

600 4575 722 4638 fuit,
760 4572 1091 4643 Relinquitur
1114 4574 1255 4627 vobis
1282 4573 1462 4625 domus
1494 4584 1663 4626 vestra
1695 4573 1897 4625 deserta
1927 4588 1945 4625 ι
1974 4587 2144 4640 neque

598 4669 739 4721 enim
792 4667 1044 4719 derelicta
1076 4703 1092 4729 ,
1141 4667 1245 4719 imo
1297 4666 1656 4719 viz’tationem
1709 4662 1966 4732 opiferam
2000 4664 2145 4718 haud

602 4756 767 4810 multo
803 4763 921 4824 post
947 4764 1169 4823 experta
1197 4762 1297 4816 est,
1332 4767 1441 4820 quo
1464 4762 1703 4820 tempore
1726 4752 2142 4819 splendidiorem

601 4846 777 4914 priore
798 4855 937 4899 statu
971 4845 1405 4898 instaurationem
1444 4843 1768 4911 impetravit,
1818 4843 1890 4896 ita
1926 4854 1984 4896 ut
2010 4853 2144 4912 prae-

602 4934 1071 5002 dixeritpropheta
1107 4934 1324 5001 quidam
1352 4972 1365 4996 ,
1417 4941 1738 5000 poStremam
1766 4934 1956 4987 domus
1991 4932 2147 4998 hujus

602 5026 824 5095 gloriam
874 5025 1053 5093 priore
1099 5022 1444 5078 illustriorem
1490 5020 1606 5075 fore
1656 5023 1719 5074 “.
1770 5022 2144 5075 Verumtamen

603 5126 722 5183 post
755 5114 1058 5169 Servatoris
1090 5114 1259 5168 nostri
1291 5112 1529 5175 eil'atum,
1558 5122 1887 5182 quantopere
1904 5112 2145 5165 derclicti

600 5206 764 5263 Judaei
799 5207 1017 5271 fuerint,
1065 5216 1427 5274 quantamque
1472 5208 1522 5258 in
1571 5206 1911 5259 solitudinem
1960 5204 2149 5257 domus

603 5314 790 5351 eorum
831 5300 1081 5362 venerit,
1114 5300 1179 5351 iis
1214 5298 1427 5367 quidem
1464 5299 1554 5364 qni
1590 5298 1707 5350 loca
1747 5297 1835 5349 illa
1893 5298 2142 5360 lustrant,

603 5390 737 5442 visio
767 5388 877 5455 ipsa
915 5396 969 5441 et
999 5396 1074 5441 tot
1105 5402 1365 5441 annorum
1394 5386 1725 5440 diuturnitas
1746 5385 1947 5439 oraculi
1983 5398 2144 5436 even-

606 5488 717 5530 tum
764 5482 1095 5533 demonstrat
1144 5494 1158 5530 :
1201 5478 1399 5531 etenim
1451 5487 1657 5544 tempus
1707 5492 1809 5531 non
1867 5475 2027 5544 duplo
2057 5489 2143 5527 so-

604 5568 743 5634 lmn,
791 5584 951 5637 quam
992 5568 1456 5636 septuagenarium
1500 5567 1849 5621 desolationis
1896 5568 1994 5621 sub
2043 5564 2143 5617 Ba-

675 5682 716 5711 ¹⁰
742 5680 926 5734 Matth.
950 5678 1312 5741 ssnt,57-38.
1356 5677 1366 5746 1
1404 5679 1444 5709 ¹¹
1469 5682 1600 5747 Agg.
1624 5694 1684 5741 tt,
1718 5678 1804 5731 lO.

2247 4576 2401 4645 νήθη.
2451 4576 2541 4627 Διὸ
2588 4577 2687 4628 οὐκ
2728 4575 2795 4628 ἂν
2846 4576 3049 4646 κυρίως
3086 4572 3278 4643 ἐλέχθη
3322 4572 3503 4634 αὐτοῖς
3540 4572 3661 4623 τότε
3721 4574 3808 4636 τὺ,

2262 4666 2512 4733 Ἀφίεται
2534 4666 2673 4734 ὑμῖν
2695 4671 2726 4720 ό
2742 4664 2900 4731 οἶκος
2920 4664 3087 4734 ὑμῶν
3105 4666 3340 4732 ἕρημος·
3368 4664 3429 4715 ού
3460 4664 3804 4736 γὰράφείθηο

2249 4758 2401 4827 ἔτυχε
2445 4760 2499 4811 δὲ
2542 4761 2847 4828 ἐπισκοπῆς
2888 4761 3002 4829 μετ’
3032 4760 3090 4811 οὐ
3128 4760 3293 4811 πολὺν
3335 4758 3542 4827 χρόνον,
3586 4756 3708 4808 καθ’
3744 4756 3808 4808 ὃν

2248 4848 2588 4911 ἀνανεώσεως
2636 4836 2875 4918 μείζονος
2917 4848 2949 4917 ἢ
2983 4848 3122 4901 κατὰ
3158 4846 3253 4916 τὴν
3282 4848 3549 4917 προτέραν
3574 4844 3783 4915 ἠξιώθη

2249 4938 2322 4999 ὡς
2359 4939 2611 5009 προεῖπόν
2642 4954 2785 5000 τινες
2821 4937 2927 4989 τῶν
2956 4936 3266 5005 προφητῶν,
3296 4937 3377 4987 ὅτι
3426 4936 3491 5002 δὴ
3517 4938 3733 4988 Ἔσται
3768 4937 3810 5003 ἠ

2250 5026 2394 5091 δόξα
2420 5027 2521 5079 τοῦ
2554 5028 2719 5081 οῖκου
2744 5028 2953 5079 τούτου
2994 5027 3032 5091 ἡ
3079 5025 3303 5094 ἐσχάτη
3342 5024 3493 5092 ὑπὲρ
3523 5024 3637 5091 τὴν
3668 5040 3813 5091 προ-

2252 5116 2443 5184 τέραν.
2473 5118 2625 5170 Μετὰ
2654 5118 2710 5169 δὲ
2740 5118 2835 5187 τὴν
2852 5116 2941 5168 τοῦ
2974 5117 3217 5187 Σωτῆρος
3246 5116 3398 5185 ὑμῶν
3424 5116 3627 5185 φωνὴν,
3660 5118 3813 5178 ὅπως

2252 5209 2566 5279 ἀφείθησαν,
2615 5211 2642 5262 ὅ
2687 5226 2745 5260 τε
2788 5205 2928 5271 οἶκος
2966 5208 3141 5261 αὐτῶν
3188 5210 3267 5269 εἰς
3304 5208 3537 5277 ἔσχατον
3571 5208 3811 5276 ἐρημξας

2250 5299 2432 5368 ήλασε,
2467 5301 2575 5361 τοῖς
2627 5302 2705 5361 εἰς
2742 5300 2864 5360 τοὺς
2896 5299 3091 5360 τόπους
3135 5286 3583 5367 ἀφικνουμένοις.
3605 5299 3637 5365 ἡ
3684 5297 3810 5366 ὄψις

2248 5391 2379 5460 αὐτὴ
2412 5390 2503 5443 του
2529 5390 2684 5457 λόγου
2719 5389 2913 5457 μᾶλλον
2951 5388 3182 5441 δείκνυσι
3210 5388 3272 5440 τὸ
3302 5387 3647 5455 ἀποτέλεσμα
3666 5406 3680 5417 ·
3712 5390 3809 5439 καὶ

2246 5482 2273 5531 6
2321 5482 2505 5551 χρόνος
2548 5480 2600 5532 δὲ
2654 5479 2911 5549 πολυετὴς
2958 5478 3192 5547 γεγονὼς
3234 5479 3329 5531 καὶ
3360 5478 3585 5549 μακρὸς,
3618 5477 3694 5537 ὡς
3732 5479 3808 5549 μὴ

2251 5570 2405 5637 μόνον
2448 5570 2763 5624 διπλασίονα
2800 5567 2934 5624 εἶναι
2978 5571 3075 5639 τῆς
3114 5565 3654 5638 ἐϐδομηκονταετοῦς⁶
3680 5570 3811 5638 ἐρηη

675 5773 783 5837 (70)
842 5774 921 5825 Ab
970 5773 1066 5825 hoc
1120 5787 1275 5825 sensu
1312 5772 1565 5825 recedunt
1594 5770 1773 5837 verba,
1806 5768 1911 5823 and
1932 5772 2103 5822 others
2142 5767 2258 5833 they
2285 5764 2598 5831 prrsecuted.
