4062 6398
673 376 774 431 647

1322 374 1585 430 EUSEBIl
1626 372 2094 429 CESARIENSIS
2131 371 2282 427 OPP.
2313 370 2504 425 PARS
2543 370 2631 425 IV.
2673 402 2743 411 --
2784 371 3205 428 DOGMATICA.

556 478 561 479 γ
672 509 735 546 ac
760 490 1057 561 longinquis
1093 490 1501 558 prmdicaturus.
1549 492 1725 558 Quare
1773 503 1826 546 et
1882 492 1963 545 his
2012 491 2101 559 qui
2158 507 2197 545 si

2319 491 2479 556 σύνη
2501 492 2596 543 καὶ
2620 490 2852 555 πλῆθος
2878 489 3136 558 ειρήνης·
3161 487 3405 559 ἐληλύθει
3418 504 3478 539 τε
3496 488 3574 550 εις
3592 488 3727 540 αὐτὸ
3746 492 3902 543 τοῦτο

3800 376 3903 429 6-ιὸ

672 591 981 647 receperunt
1004 581 1078 632 ait
1114 598 1127 633 :
1162 578 1353 633 Pacens
1379 584 1613 650 relinquo
1659 585 1817 644 vobis,
1846 598 2021 645 pacem
2051 598 2197 633 mean

2327 578 2557 649 κηρῦξαι
2578 582 2806 651 είρήνην
2831 585 2942 643 τοῖς
2976 581 3141 646 ἐγγὺς
3166 582 3256 632 καὶ
3276 582 3387 641 τοῖς
3401 579 3628 649 ’μακράν
3647 596 3660 608 ·
3701 582 3815 642 τοῖς
3840 598 3897 632 τε

666 674 735 726 do
771 671 908 722 vobis
950 669 995 700 ¹⁶
1024 676 1038 723 2
1072 685 1231 738 quam
1266 685 1396 723 sane
1444 671 1613 739 ipsius
1667 686 1849 738 pacem
1897 684 2195 737 exceperuu

2321 671 2778 741 παραδεχομένους
2797 673 2955 725 αὐτόν
2983 688 3145 742 φησιν
3164 688 3177 700 ·
3208 670 3469 738 Εἰρήνην
3486 665 3705 739 ἀφιήμι
3730 671 3893 739 ὑμῖν,

662 759 861 814 ethnici
902 760 993 827 qui
1028 774 1121 827 per
1150 758 1337 813 orbem
1385 763 1696 814 universum
1751 761 1798 812 ei
1857 760 2217 813 crediderunt.

658 852 1024 905 Circumcisus
1084 865 1207 905 vero
1272 853 1541 918 populus,
1596 852 1721 905 dum
1780 852 1827 905 ei
1880 865 2217 919 nequaquam

654 936 853 1000 credit,
889 936 1025 989 haud
1053 938 1301 1006 cognovit
1366 952 1481 1005 qua
1534 939 1651 1007 paci
1703 952 1814 992 sua:
1844 938 2212 992 conferebant.

653 1025 834 1089 Quare
872 1027 1015 1081 addit
1046 1025 1306 1081 Servator
1332 1044 1347 1081 :
1380 1026 1537 1080 Nunc
1563 1038 1734 1081 autem
1765 1028 2068 1081 abscondita
2096 1039 2216 1081 sunt

651 1117 713 1166 ab
744 1118 909 1171 oculis
932 1119 1074 1179 tuis;
1100 1119 1224 1187 quia
1244 1120 1355 1172 dies
1385 1120 1476 1171 tibi
1510 1120 1885 1186 supervenient,
1904 1131 1953 1173 et
1988 1122 2213 1174 circuat-

651 1202 852 1258 dabutst
880 1215 933 1263 te
964 1207 1162 1259 inimici
1208 1209 1304 1260 tui.
1351 1207 1598 1261 Profecto
1626 1222 1745 1275 quae
1780 1208 1883 1262 illis
1915 1209 2071 1276 paulo
2096 1220 2213 1277 post

657 1308 1067 1365 superventurze
1121 1308 1279 1352 erant
1326 1297 1509 1352 clades
1563 1296 1615 1350 in
1684 1299 1833 1353 urbis
1889 1300 2210 1363 obsidione,

656 1399 937 1459 propterea
970 1392 1112 1460 quod
1150 1406 1333 1459 pacem
1366 1393 1779 1459 praznuutiatam
1824 1406 1929 1444 non
1965 1393 2210 1461 excepis-

659 1490 798 1545 sent,
852 1482 955 1545 he,
1005 1483 1245 1550 inquam,
1288 1480 1479 1535 clades.
1512 1482 1721 1535 illorum
1770 1482 1939 1535 oculis
1998 1483 2209 1536 interim

657 1572 1126 1635 subducebantur,
1182 1578 1273 1641 qul
1319 1573 1453 1626 nihil
1502 1574 1763 1642 ejusmodi
1812 1574 2205 1642 prazvidchant;

656 1664 771 1732 ipse
790 1673 967 1718 tamen
998 1665 1211 1718 easdem
1248 1664 1535 1718 manifesto
1569 1666 1823 1717 vaticinio
1863 1665 2205 1731 prmoinehat,

654 1754 887 1807 futuram
933 1753 1295 1807 Romanorum
1326 1755 1660 1809 obsidionem
1698 1758 1941 1820 innueus,
1981 1757 2207 1825 bellique

653 1844 916 1897 rationem
947 1844 1115 1912 ipsam
1146 1844 1404 1912 graphice
1435 1860 1732 1911 exponens.
1780 1844 1896 1897 Jant
1941 1850 2205 1914 quomodo

650 1944 868 2003 peracta
916 1935 1028 1988 hac
1066 1935 1284 1997 fuerint,
1329 1949 1657 2003 cognoscere
1708 1936 1837 1988 licet
1866 1950 1929 1989 ex
1987 1935 2202 2005 Iosephi

658 2027 923 2088 historiis,
955 2026 1071 2094 qui,
1099 2024 1358 2079 Hebraico
1386 2040 1581 2093 genere
1618 2036 1779 2094 atque
1819 2029 1871 2081 in
1918 2029 2027 2098 ipsa
2056 2029 2205 2083 Judie

650 2117 791 2171 tribu
817 2119 1054 2186 genitus,
1079 2117 1277 2171 nobilis
1301 2118 1429 2172 item
1456 2129 1621 2188 atque
1659 2118 1799 2172 inter
1823 2134 1949 2173 suos
1984 2123 2205 2189 popula-

648 2222 736 2262 res
779 2222 875 2276 per
923 2208 1218 2263 obsidionis
1253 2219 1489 2277 tempora
1537 2210 1737 2273 clarus,
1799 2208 1937 2265 facta
1994 2214 2200 2282 singula

647 2298 852 2353 calamo
875 2310 1187 2366 persecutus
1210 2308 1313 2361 est,
1343 2309 1732 2355 consentaneus
1757 2303 2026 2358 vaticiniis
2046 2318 2205 2360 even-

648 2398 733 2442 tus
756 2389 1039 2442 exhibens.
1086 2387 1237 2453 Quod
1287 2388 1452 2458 igitur
1491 2389 1612 2442 belli
1659 2390 1875 2445 casibus
1908 2394 2206 2449 ceciderint

648 2486 833 2531 sancta
874 2476 960 2531 illa
1002 2488 1058 2531 et
1096 2474 1300 2532 famosa
1326 2474 1716 2547 Hierosolyma,
1764 2493 1853 2533 res
1882 2480 1993 2550 ipsa
2038 2491 2206 2538 testa-

650 2576 755 2620 tur.

2318 762 2566 829 ειρήνην
2585 762 2697 829 τὴν
2709 763 2863 831 ἐμὴν
2887 761 3087 829 δίδωμι
3106 759 3275 829 ὑμῖν
3304 762 3491 830 ἥντινα
3519 763 3745 832 ιίρήνην
3772 756 3895 815 fau-

2318 853 2411 906 τοῦ
2440 853 2560 906 καθ’
2587 854 2713 922 ὅλης
2746 854 2845 923 τῆς
2874 852 3196 923 οἰκουμένης
3224 854 3306 915 είς
3334 851 3493 905 αὐτὸν
3526 852 3892 905 πιστεύσαντα

2316 943 2441 1014 ἐθνη
2472 943 2821 1012 παρεδέξατο.
2852 945 2910 996 ’0
2927 942 2982 995 δὲ
3007 944 3071 995 ἐκ
3085 944 3383 1011 περιτομῆς
3400 943 3549 1007 λαὸς,
3576 941 3654 1014 μὴ
3677 944 3893 997 πιστεύι

2318 1050 2416 1096 σας
2447 1034 2527 1095 είς
2556 1033 2734 1095 αὐτὸν,
2756 1033 2856 1085 οὐκ
2886 1034 3027 1100 ¹ιέγνω
3050 1032 3117 1085 τὰ
3144 1032 3278 1101 πρὸς
3300 1032 3523 1103 εἰρήνην
3548 1033 3766 1086 ἑαυτοῦ.
3802 1032 3891 1086 Διὺ

2316 1126 2409 1177 καὶ
2437 1124 2707 1191 ἐπιλέγει·
2739 1124 2868 1177 Νῦν
2895 1124 2963 1176 δέ
3004 1124 3220 1192 ἐκρύϐη
3252 1123 3371 1176 ἀπὸ
3408 1122 3530 1176 τῶν
3561 1125 3888 1193 ὀφθαλμῶν

2314 1230 2460 1268 σου·
2494 1214 2581 1267 ὅτι
2610 1213 2868 1281 ἥξουσιν
2896 1213 3107 1283 ἡμέραι
3134 1214 3231 1266 ἐπὶ
3266 1213 3360 1275 σὲ,
3394 1214 3492 1266 καὶ
3522 1216 3890 1282 περικυκλώ-

2312 1307 2497 1359 σουσί
2528 1319 2600 1357 σε
2636 1308 2688 1358 οὶ
2726 1305 2925 1373 ἐχθροί
2959 1320 3096 1359 σου.
3142 1304 3221 1357 Τὰ
3246 1302 3376 1371 γοῦν
3403 1304 3666 1373 μέλλοντα
3689 1309 3886 1369 αὐτοὺς

2312 1394 2714 1466 καταλήψεσθαι
2763 1394 2957 1465 μικρὸν
2992 1394 3214 1465 ὕστερον
3246 1397 3302 1447 ἐν
3330 1398 3393 1464 τῇ
3427 1396 3547 1447 κατ’
3578 1396 3764 1448 αὐτῶν
3793 1414 3888 1449 πο-

2310 1487 2541 1559 λιορκίᾳ,
2561 1487 2648 1539 διὰ
2672 1486 2731 1539 τὸ
2764 1486 2836 1556 μὴ
2871 1484 3261 1555 προσδέξασθαι
3292 1484 3487 1547 αὐτοὺς
3516 1486 3619 1556 τὴν
3648 1503 3888 1557 προκατ-

2310 1577 2662 1644 αγγελθεῖσαν
2691 1576 2871 1637 αὐτοῖς
2908 1574 3150 1644 είρήνην,
3188 1573 3392 1643 ἐκρύϐη
3418 1572 3527 1626 ἀπὸ
3554 1573 3666 1625 τῶν
3686 1575 3887 1642 ὀφθαλ-

2312 1668 2428 1737 μῶν
2448 1668 2645 1720 αὐτῶν.
2682 1668 2905 1719 Ἐκεῖνοι
2942 1664 3039 1733 μὲν
3066 1659 3157 1717 οὖν
3180 1664 3353 1716 ταῦτα
3378 1664 3439 1715 οὐ
3473 1664 3749 1735 προεῖδον·
3787 1666 3886 1719 αὑ-

2307 1760 2397 1821 τὸς
2416 1759 2471 1810 δὲ
2494 1758 2630 1810 αὐτὰ
2662 1757 2751 1809 διὰ
2771 1759 2869 1826 τῆς
2901 1757 3253 1826 προρρήσεως
3275 1752 3519 1817 θεσπίζει
3544 1755 3880 1823 σαφέστατα,

2308 1850 2405 1919 τὴν
2435 1848 2537 1901 ὑπὸ
2582 1848 2864 1916 Ῥωμαίων
2902 1846 3211 1916 πολιορκίαν
3236 1842 3648 1897 καταλασοῦσαν
3683 1845 3883 1908 αὐτοὺς

2310 1942 2683 2013 προσημάνας,
2715 1938 2807 1990 καὶ
2838 1936 3156 2004 ὑπογράψας
3174 1934 3265 1987 τὸν
3291 1934 3489 2013 τρόπον
3516 1932 3613 1986 τοῦ
3648 1934 3770 1986 κατ’
3793 1934 3885 1986 αὺ-

2307 2033 2413 2085 τῶν
2445 2030 2804 2099 γενησομένου
2838 2027 3094 2096 πολέμου.
3122 2028 3304 2088 Ὅπως
3329 2024 3385 2078 δὲ
3410 2024 3502 2077 ἐπὶ
3536 2023 3712 2094 πέρας
3737 2024 3879 2094 ἤχθη

2306 2124 2496 2186 ταῦτα,
2544 2122 2805 2191 πάρεστιν
2852 2119 2960 2171 ἀπὸ
2979 2120 3077 2187 τῆς
3117 2116 3375 2185 Ἰωσήπου
3414 2114 3636 2185 γραφῆς
3682 2113 3879 2167 ἀναλέ·

2308 2214 2522 2282 ξασθαι,
2552 2214 2610 2275 ὃς
2636 2213 2699 2281 δὴ
2735 2210 2980 2270 Ἰουδαῖος
3006 2206 3100 2271 ῶν,
3136 2208 3227 2259 καὶ
3248 2206 3510 2283 τῆςπαρ⁹
3537 2206 3721 2268 αὐτοῖς
3749 2206 3883 2257 ἰου-

2304 2306 2493 2374 δαῖκῆς
2526 2302 2693 2373 φυλῆς
2722 2297 2978 2367 γεγονὼς,
3011 2296 3117 2349 τῶν
3152 2313 3211 2348 τε
3240 2296 3525 2365 ἐπισήμων
3555 2295 3651 2347 καὶ
3678 2296 3880 2361 ἐπιφα-

2302 2398 2408 2452 νῶν
2444 2400 2501 2449 ἐν
2538 2394 2614 2464 τῷ
2648 2394 2787 2446 ἔθνει
2824 2390 2965 2442 κατὰ
3002 2390 3125 2451 τοὺς
3158 2386 3381 2457 χρόνους
3408 2385 3509 2454 τῆς
3536 2385 3876 2456 πολιορκίας,

2302 2490 2505 2542 ἕκαστα
2557 2482 2664 2535 τῶν
2706 2477 3103 2549 πεπραγμένων
3145 2474 3417 2547 ἱστόρησε,
3451 2472 3724 2543 σύμφωνα
3752 2474 3876 2537 ταῖς

2302 2576 2686 2650 προκειμέναις
2742 2570 3077 2645 προρρήσεσι
3120 2566 3189 2619 τὰ
3235 2564 3647 2637 ἀποτελέσματα
3689 2581 3873 2636 παρα-

648 2660 869 2729 στήσας.
903 2660 1025 2711 Ὅτι
1058 2658 1155 2728 μέν
1178 2653 1272 2712 οὖν
1298 2660 1414 2720 ταῖς
1441 2658 1504 2709 ἐκ
1538 2657 1631 2712 τοῦ
1664 2660 1899 2731 πολέμου
1944 2672 2249 2741 συμφοραῖς
2280 2668 2701 2741 περιπέπτωκεν
2722 2665 2757 2734 ή
2794 2661 2925 2728 ἁγία
2958 2658 3059 2711 -καὶ
3099 2656 3380 2727 διαϐόητος
3409 2654 3783 2727 Ἰερουσαλὴμ,
3810 2654 3872 2721 ἐξ

646 2752 823 2807 αὐτῶν
855 2752 1033 2807 ἔνεστι
1067 2752 1169 2805 τῶν
1195 2754 1527 2824 πραγμάτων
1560 2752 1704 2809 ἰδεῖν.

1373 2840 1464 2895 IX.

712 2928 842 2983 Cum
880 2940 1051 2985 autem
1088 2932 1317 2986 uideritis
1370 2934 1747 2988 circumaatam
1779 2938 1845 2990 ab
1886 2942 2196 2997 exercitibus

645 3018 1011 3083 Hierusalem,
1050 3030 1172 3073 tunc
1233 3024 1413 3075 scitote
1457 3025 1871 3092 appropinquare
1918 3028 2197 3082 desolatio-

3046 2838 3102 2890 8'

2374 2938 2483 3005 (74)
2519 2938 2694 2988 Ὅταν
2718 2932 2786 2986 δὲ
2823 2930 2987 2998 tanta
3014 2924 3432 2994 κυκλουμένην
3461 2922 3581 2977 ὑπὸ
3613 2938 3866 2991 etputa-

2301 3029 2495 3081 πέδων
2525 3027 2638 3093 τὴν
2675 3023 3077 3090 Ἰερουσαλὴμ,
3112 3018 3246 3070 τότε
3267 3013 3469 3085 γνῶτε,
3499 3013 3589 3066 ὅτι
3618 3014 3869 3082 ἤγγικεν

646 3125 760 3163 nent
791 3108 925 3176 ejus.
958 3108 1101 3162 Tunc
1121 3117 1213 3178 qut
1233 3112 1286 3162 in
1316 3110 1509 3163 Iudaea
1543 3122 1687 3177 sunt,
1716 3115 1916 3182 fugiant
1945 3119 2011 3168 ad
2048 3134 2196 3169 mon-

2299 3119 2589 3186 ὲρήμωσις
2611 3112 2818 3181 αὐτῆς.
2857 3112 2991 3165 Τότε
3026 3112 3077 3162 oi
3100 3109 3170 3161 ἐν
3201 3104 3276 3174 τῇ
3309 3104 3557 3171 Ἰουδαίᾳ
3579 3102 3868 3174 φευγέτω-

646 3210 756 3260 tes;
780 3208 827 3251 et
852 3200 941 3267 qui
960 3200 1013 3251 in
1034 3200 1203 3252 medio
1234 3200 1371 3266 ejus,
1388 3201 1686 3265 discedant;
1721 3214 1769 3254 et
1788 3206 1940 3271 quiin
1969 3207 2193 3273 regioni-

645 3289 761 3355 bus,
790 3304 891 3340 non
921 3289 1108 3340 intrent
1140 3288 1194 3340 in
1215 3302 1366 3350 eam;
1397 3288 1519 3355 quia
1546 3290 1655 3342 dies
1694 3290 1907 3345 ultionis
1948 3294 2001 3345 lii
2050 3304 2192 3355 sunt.

644 3389 700 3429 ut
733 3378 1050 3445 impleantur
1071 3377 1245 3431 omnia
1268 3392 1384 3445 qua
1420 3378 1609 3437 scripta
1639 3379 1872 3446 fuerunt.
1911 3379 1999 3433 Va:
2021 3394 2192 3436 autem

643 3472 1027 3538 prwgnantibus
1081 3480 1129 3523 el
1170 3470 1482 3523 lactantibus
1530 3471 1583 3523 in
1637 3472 1745 3524 illis
1799 3472 2014 3525 diebus!
2077 3475 2193 3527 Erit

642 3562 779 3613 enim
820 3576 1059 3627 pressura
1096 3576 1286 3629 magna
1331 3578 1485 3629 super
1543 3572 1732 3615 terram
1758 3602 1774 3625 ,
1836 3575 1883 3615 et
1919 3566 2001 3616 ira
2042 3582 2193 3631 super

642 3649 831 3719 populo
869 3652 984 3704 hoc.
1009 3648 1078 3702 Et
1110 3652 1221 3703 acie
1242 3652 1405 3720 gladii
1429 3657 1632 3720 cadent,
1658 3664 1703 3707 et
1726 3656 1913 3721 captivi
1942 3658 2195 3709 ducentur

642 3742 699 3793 in
722 3755 899 3793 omnes
926 3753 1121 3808 gentes.
1172 3739 1235 3793 Et
1274 3741 1603 3797 Hierusalem
1643 3745 1931 3797 calcabitur
1961 3763 1992 3797 a
2028 3750 2192 3813 genti-

643 3832 757 3897 bus,
808 3832 970 3884 donec
1014 3832 1330 3901 impleantur
1379 3844 1610 3901 tempora
1665 3838 1933 3887 nationum
1989 3837 2049 3887 ".
2099 3837 2192 3892 His

645 3921 825 3976 verbis
850 3921 1109 3976 Dominus
1141 3923 1333 3977 indicia
1362 3924 1565 3993 profert
1593 3925 1711 3993 ejus
1744 3926 1997 3994 temporis
2022 3965 2037 3989 ,
2085 3943 2191 3996 quo

645 4014 733 4066 ille
760 4014 910 4067 locus
940 4015 1010 4069 ad
1031 4015 1391 4069 omnimodam
1422 4016 1724 4070 vastitatem
1755 4020 2027 4073 vocandus
2050 4030 2186 4073 erat.

644 4100 810 4155 Nemo
846 4102 1061 4171 quippe,
1111 4104 1208 4167 ait,
1256 4113 1379 4170 post
1423 4118 1572 4167 eam,
1632 4120 1750 4173 qua:
1783 4117 2038 4161 eventura
2084 4118 2187 4172 est,

642 4192 1031 4259 obsessionem,
1060 4202 1115 4247 et
1140 4194 1243 4249 loci
1268 4195 1570 4249 vastitatem
1597 4196 1721 4250 inde
1749 4208 2185 4263 consecuturam,

642 4296 819 4347 nemo,
844 4284 1086 4351 inquam,
1110 4283 1335 4337 alteram
1383 4293 1657 4353 exspectet
1715 4286 2186 4354 instaurationem;

643 4371 1006 4439 cujuscemodi
1036 4371 1158 4442 Cyri
1196 4370 1481 4425 Persarum
1509 4372 1650 4441 regis
1680 4374 2007 4442 temporibus
2044 4377 2189 4430 accl-

2294 3224 2414 3261 σαν
2436 3211 2522 3272 εις
2547 3206 2616 3258 τὰ
2636 3206 2739 3271 ὅρη
2759 3220 2772 3232 ·
2803 3202 2897 3254 καὶ
2921 3203 2972 3253 οι
2999 3199 3068 3251 έν
3097 3197 3265 3267 μέσῳ
3289 3195 3477 3259 αὐτῆς
3507 3195 3866 3264 ἐκχωρείτω-

2294 3314 2445 3351 σαν·
2483 3295 2577 3348 καὶ
2608 3296 2661 3346 oi
2685 3293 2753 3344 ἐν
2772 3290 2900 3355 ταῖς
2932 3288 3147 3357 χώραις
3186 3288 3271 3356 μὴ
3306 3284 3747 3340 εὶσελθέτωσαν
3776 3288 3866 3351 εις

2292 3384 2517 3449 αὑτήν·
2571 3380 2660 3432 ὅτι
2702 3378 2913 3446 ἡμέραι
2952 3374 3313 3441 ἐκδικήσεως
3344 3368 3521 3425 αὗται
3564 3373 3707 3431 εισι,
3753 3368 3865 3425 τοῦ

2294 3471 2633 3540 πλησθῆναι
2663 3470 2895 3523 ἅπαντα
2921 3465 2990 3518 τὰ
3015 3461 3405 3534 τετραμμένα.
3454 3459 3598 3513 Οὐαί
3640 3458 3709 3511 δὲ
3735 3458 3866 3525 ταῖς

2292 3567 2361 3617 ἐν
2412 3562 2620 3632 γαστρὶ
2668 3560 2953 3626 ἐχούσαις
3012 3556 3110 3608 καὶ
3162 3552 3293 3618 ταῖς
3346 3551 3745 3619 θηλαζούσαις
3792 3552 3865 3605 ἐγ

2290 3658 2543 3720 ἐκείναις
2563 3652 2691 3719 ταῖς
2715 3647 2994 3719 ἡμέραις]
3017 3649 3222 3699 Ἔσται
3243 3645 3351 3714 γὰρ
3377 3642 3604 3711 ἀνάγκη
3626 3642 3863 3712 μεγάλη

2291 3747 2387 3800 ἐπὶ
2416 3746 2526 3813 τῆς
2553 3742 2685 3812 τῆς,
2716 3742 2813 3795 καὶ
2839 3738 2983 3808 ὀργὴ
3015 3738 3085 3791 ἐν
3114 3734 3193 3800 τῷ
3219 3732 3347 3799 λαῷ
3376 3734 3583 3799 τούτῳ.
3612 3732 3724 3786 Καὶ
3755 3750 3861 3786 πε-

2291 3836 2539 3891 σοῦνται
2558 3834 2627 3886 έν
2650 3834 2896 3900 στόματι
2920 3828 3238 3897 μαχαίρας,
3259 3823 3358 3877 καὶ
3377 3822 3863 3891 αἰχμαλωτισθή-

2291 3943 2500 3981 σονται
2528 3926 2614 3989 είς
2638 3922 2829 3976 πάντα
2850 3920 2923 3973 τὰ
2948 3919 3111 3984 ἔθνη.
3131 3917 3239 3971 Καὶ
3275 3912 3661 3983 Ἰερουσαλὴμ
3686 3912 3861 3966 ἔσται

2292 4015 2628 4084 πατουμένη
2677 4012 2793 4067 ὑπὸ
2842 4008 3050 4071 ἐθνῶν,
3100 4007 3239 4075 ἄχρι
3277 4000 3631 4070 πληρωθῶσι
3662 4000 3859 4069 καιροὶ

2289 4105 2497 4162 ἐθνῶν.
2551 4103 2648 4155 Διὰ
2696 4102 2800 4154 τῶν
2849 4096 3222 4167 προκειμένων
3282 4093 3483 4161 σημεῖα
3532 4088 3716 4141 δίδωσι
3762 4086 3859 4141 τοῦ

2291 4194 2508 4267 καιροῦ.
2537 4197 2631 4263 τῆς
2670 4188 2961 4251 παντελοῦς
3005 4186 3238 4259 ἐρημίας
3283 4180 3376 4235 τοῦ
3418 4181 3618 4233 τόπου.
3651 4179 3860 4261 Μηδβὶς

2289 4288 2418 4358 γὰρ,
2459 4286 2608 4354 φησὶ,
2644 4281 2993 4353 προσδοκάτω
3039 4276 3179 4348 μετὰ
3208 4275 3305 4345 τὴν
3340 4271 3605 4341 ἐσομένην
3642 4270 3862 4339 πολιορ-

2290 4378 2432 4443 κίαν,
2460 4376 2553 4429 καὶ¹
2581 4375 2679 4443 τὴν
2712 4373 2801 4425 ἐπὶ
2827 4369 3031 4440 ταύτην
3072 4364 3440 4438 γενησομένην
3479 4362 3721 4433 ἐρημίαν
3762 4360 3857 4413 τοῦ

641 4463 737 4526 dit,
770 4472 878 4515 tum
926 4463 1089 4515 etiam
1137 4463 1239 4517 sub
1288 4462 1556 4516 Antiocho
1582 4462 1798 4528 illustri,
1854 4473 1909 4516 et
1960 4466 2189 4534 denique

2299 4469 2473 4531 τόπου,
2498 4466 2688 4536 ἑτέραν
2715 4464 2882 4532 αὐτῆς
2905 4459 3121 4513 ἔσεσθαι
3153 4456 3476 4512 ἀνανέωσιν*
3508 4455 3584 4517 ὼς
3616 4455 3710 4506 ἐπὶ
3746 4454 3857 4507 τῶν

642 4554 740 4605 sub
774 4550 1049 4618 Pompeio.
1078 4548 1231 4619 Sepe
1260 4551 1401 4603 enim
1431 4551 1653 4604 bellicas
1682 4551 2015 4605 incursiones
2037 4569 2191 4621 passa

641 4645 789 4708 urbs,
822 4642 1073 4709 majorem
1098 4650 1277 4710 postea
1312 4642 1625 4709 dignitatem
1652 4644 2009 4709 recuperavit.
2043 4642 2191 4698 Nunc

644 4743 817 4786 tamen
834 4742 1127 4787 extremam
1158 4732 1276 4785 urbi
1298 4732 1597 4786 vastitatem
1620 4744 1777 4801 atque
1808 4734 2190 4786 internecivum

642 4822 904 4876 excidium
928 4823 1116 4875 adesse
1138 4821 1418 4885 creditote,
1472 4836 1595 4874 cum
1630 4837 1748 4875 eam
1776 4822 1844 4875 ab
1864 4822 2189 4876 exercitibus

640 4917 912 4968 obsessam
952 4912 1215 4967 videritis.
1239 4910 1356 4966 Jam
1385 4926 1513 4966 vero
1541 4914 1847 4967 vastitatem
1877 4913 2187 4984 Hierosoly-

642 5019 849 5058 morum
888 5004 1016 5056 dicit
1052 5003 1223 5071 ipsum
1268 5002 1449 5071 templi
1488 5005 1889 5067 exterminium,
1930 5006 2189 5058 accieri-

643 5095 970 5156 mouiarum,
1022 5109 1140 5163 qua
1182 5094 1388 5163 jamdiu
1447 5095 1522 5149 ibi
1579 5109 1644 5147 ex
1699 5096 1943 5149 instituto
1992 5094 2190 5165 Moysis

642 5183 1057 5251 peragebantur,
1097 5183 1462 5236 abolitionem.
1511 5182 1652 5237 Cave
1681 5181 1824 5239 enim
1852 5195 2006 5252 putes
2040 5186 2188 5239 urbis

645 5273 809 5337 ipsius
853 5272 1087 5327 futuram
1130 5272 1468 5327 solitudinem
1522 5272 1623 5339 his.
1652 5273 1831 5327 verbis
1868 5274 2186 5343 signiﬁcari,

644 5362 793 5427 quasi
820 5376 975 5415 nemo
1009 5362 1061 5414 in
1086 5375 1148 5415 ea
1178 5361 1427 5429 deinceps
1472 5362 1807 5417 habitaturus
1844 5374 2009 5418 esset.
2048 5365 2183 5417 Dicit

642 5450 781 5502 enim
813 5450 949 5503 iul'ra
974 5490 988 5513 ,
1030 5453 1143 5504 fore
1177 5460 1235 5504 ut
1276 5452 1410 5505 urbs
1438 5450 1576 5503 haud
1604 5451 1713 5518 jam
1743 5453 1836 5505 abs
1869 5452 2062 5507 Judaiis
2090 5455 2182 5508 sed

644 5541 711 5594 ab
742 5543 968 5598 ethnicis
994 5543 1337 5597 incoleretur.
1393 5541 1709 5596 Solitudinis
1743 5554 1919 5599 autem
1962 5546 2182 5602 nomine

714 5632 757 5662 “
787 5632 939 5686 Jonn.
971 5649 1078 5697 xlv,
1110 5633 1199 5687 27.
1268 5634 1309 5665 "
1334 5632 1463 5687 Luc.
1494 5648 1607 5687 xxi.
1633 5632 1719 5684 20.

710 5724 820 5794 (74)
848 5724 976 5778 ΟόεΙ.
1010 5728 1069 5777 Δ.
1104 5724 1141 5780 ί.
1163 5723 1287 5779 270.
1326 5724 1447 5794 Syr.
1478 5740 1547 5789 tv,
1584 5723 1773 5779 20-24.

2294 4556 2496 4627 χρόνων
2528 4556 2706 4624 Κύρου
2730 4552 2823 4605 τοῦ
2850 4549 3074 4621 Περσῶν
3105 4546 3364 4618 βασιλέως
3392 4545 3602 4613 γέγονε,
3635 4544 3732 4596 καὶ
3767 4561 3859 4615 μι-

2292 4648 2358 4699 τά
2398 4644 2570 4698 ταῦτα
2613 4645 2698 4695 ἐπ’
2738 4640 3005 4709 Ἀντιόχου
3053 4632 3398 4705 Ἐπιφανοῦς,
3448 4632 3542 4685 καὶ
3568 4632 3731 4705 πάλιν
3762 4634 3858 4685 ἐπὶ

2292 4736 2591 4806 Πομπηίου.
2617 4732 2879 4794 Πολλάκις
2899 4730 3005 4800 γὰρ
3029 4729 3127 4799 ήδη
3162 4725 3471 4797 πολιορκίας
3498 4724 3802 4792 ὑπομείνας
3826 4724 3856 4775 ό

2289 4827 2470 4889 τόπος,
2498 4825 2738 4896 μείζονος
2767 4820 2971 4892 ἠξιώθη
3006 4817 3141 4889 μετὰ
3162 4815 3330 4869 ταῦτα
3349 4814 3533 4884 τιμῆς.
3574 4812 3739 4866 Ἀλλὰ
3760 4812 3856 4867 νῦν

2289 4919 2385 4989 τήν
2415 4918 2646 4989 ἐσχάτην
2692 4917 2788 4984 τῆς
2832 4913 3035 4974 πόλεως
3073 4910 3306 4980 ἐρημίαν
3356 4907 3449 4957 καὶ
3485 4905 3577 4957 τὸν
3610 4903 3855 4973 παντελῆ

2288 5009 2588 5079 ἀφανισμὸν
2640 5001 3022 5059 ἐπελεύσεσθαι
3074 5001 3206 5069 αὐτῇ
3256 4996 3580 5067 γινώσκητε,
3632 4995 3853 5047 ἐπειδὰν

2288 5099 2433 5170 ἴδητε
2456 5098 2625 5168 αὐτὴν
2652 5098 2758 5150 ὑπὸ
2785 5092 3156 5165 στρατοπέδων
3182 5086 3663 5158 πολιορκουμένην.
3694 5085 3852 5156 Ἑρή-

2292 5204 2460 5257 μωσιν
2490 5187 2547 5239 δὲ
2586 5186 2686 5255 τῆς
2732 5180 3080 5253 Ἰερουσαλὴμ
3120 5175 3371 5247 ὀνομάζει
3418 5174 3513 5225 τοῦ
3554 5173 3703 5243 ἱεροῦ
3762 5174 3853 5226 τὸν

2288 5276 2608 5346 ἀφανισμὸν,
2643 5274 2875 5327 καὶτῶν
2920 5274 2977 5324 ἐν
3020 5269 3164 5338 αὐτῷ
3204 5268 3367 5320 πάλαι
3410 5265 3672 5335 πρότερον
3710 5265 3851 5317 κατὰ

2288 5368 2377 5419 τὸν
2406 5368 2679 5429 Μωῡσέως
2710 5368 2871 5434 νόμον
2912 5360 3335 5431 ἐπιτελουμένων
3380 5358 3476 5427 τὴν
3506 5356 3846 5427 καθαίρεσιν.

2287 5457 2377 5527 Μὴ
2403 5458 2510 5529 γὰρ
2539 5458 2603 5528 δὴ
2639 5458 2738 5526 τῆς
2766 5455 2968 5517 πόλεως
2991 5453 3160 5520 αὐτῆς
3187 5448 3421 5519 ἐρημίαν
3441 5444 3625 5515 νόμιζε
3658 5443 3848 5514 δηλοῦο

2289 5548 2409 5603 σθαι
2446 5550 2533 5603 διά
2568 5548 2791 5612 τούτων,
2816 5546 2889 5608 ὡς
2920 5543 3143 5615 μηδενὸς
3178 5542 3235 5594 ἐν
3264 5540 3399 5608 αὐτῇ
3435 5535 3632 5607 μηκέτι
3667 5549 3848 5589 κατοι-
