4062 6416
276 428 383 480 ω

276 632 311 703 ἡ
342 631 516 697 πόλις,
548 636 610 688 ού
634 636 731 703 μὲν
754 636 859 688 ὑπὸ
892 637 1179 703 Ἰουδαίων,
1206 639 1319 703 ἀλλ’
1349 640 1453 692 ὑπὸ
1466 640 1654 696 ἐθνῶν.
1696 641 1847 711 Ἐρή-

280 736 455 793 μωσιν
473 722 532 776 δὲ
563 720 731 793 αὐτῆς
758 726 1024 779 ἀποκαλεῖ
1047 728 1108 780 τὸ
1129 727 1325 798 μηκέτι
1354 729 1459 783 ὑπὸ
1476 728 1584 782 τῶν
1607 730 1842 794 οἰκείων,

279 811 413 882 μηδὲ
434 813 576 867 κατά
597 814 694 885 τὴν
723 815 954 887 νόμιμον
974 818 1226 887 λατρείαν
1256 819 1624 889 συστήσασθαι
1653 821 1841 891 αὑτήν.

278 900 461 967 ὀπως
483 904 541 957 δὲ
573 906 667 957 καὶ
690 904 863 959 ταῦτα
896 907 1032 979 ὲπλη
1042 908 1216 978 ροῦτο,
1252 909 1402 963 οὐδὲν
1422 910 1503 963 δεῖ
1526 911 1735 965 πάλλων
1761 911 1846 964 λό-

224 1040 227 1041 .
272 1007 413 1059 γωνο
440 994 670 1066 πάρεστι
698 996 807 1069 γὰρ
836 998 927 1052 ὑπ’
953 997 1138 1068 ὕψεσιν
1166 1001 1299 1071 ὀρᾷν
1331 1000 1613 1066 Ἰουδαίους
1643 1003 1741 1072 μὲν
1766 1004 1845 1066 εἰς

273 1081 451 1136 πάντα
482 1083 552 1136 τά
584 1083 712 1153 ἔθνη
753 1085 1257 1158 διεσκεδασμένους,
1311 1090 1636 1159 ἀλλοφύλους
1661 1091 1717 1145 δὲ
1748 1094 1844 1145 καὶ

271 1171 577 1241 ἀλλογενεῖς
634 1177 931 1248 οἰκήτορας¹
966 1178 1065 1247 τῆς
1112 1180 1278 1234 πάλαι
1328 1182 1425 1252 μὲν
1470 1183 1842 1254 Ἰερουσαλὴμ,

271 1262 368 1317 νῦν
388 1263 435 1317 δ’
457 1265 565 1318 ἀπὸ
584 1266 675 1320 τοῦ
699 1268 1056 1340 πολιορκητοῦ
1074 1270 1255 1324 Αἰλίου
1293 1271 1567 1342 Ἀδριανοῦ
1587 1272 1721 1344 (74⁸)
1751 1276 1846 1327 Al-

270 1355 388 1420 λίας
421 1361 931 1431 μετωνομασμένης.
966 1361 1038 1415 Τὸ
1060 1363 1189 1431 γοῦν
1216 1363 1515 1435 παράδοξον
1540 1365 1636 1419 τοῦ
1667 1365 1846 1420 θεσπί-

273 1461 477 1518 σματος
506 1449 650 1502 τοῦτ’
683 1451 751 1504 ἂν
782 1451 889 1521 εἴη,
932 1454 1013 1506 ὅτι
1045 1469 1151 1525 περ
1198 1455 1436 1509 Ἰουδαῖοι
1492 1456 1611 1527 μὲν,
1657 1459 1842 1527 φησιν.

271 1539 866 1613 αἰχμαλωτισθήσονται
896 1545 977 1606 εἰς
1005 1544 1182 1598 πάντα
1208 1546 1275 1599 τὰ
1304 1546 1429 1616 ἔθνη
1451 1564 1464 1578 ο
1492 1548 1619 1618 περὶ
1646 1547 1704 1600 δὲ
1736 1548 1844 1601 τῶν

270 1629 461 1696 ἐθνῶν,
490 1632 584 1685 καὶ⁴
624 1634 975 1707 Ἰερουσαλὴμ
1000 1636 1149 1690 ἔσται
1177 1640 1486 1711 πατουμένη
1514 1639 1606 1692 ὑπ’
1649 1639 1840 1695 ἐθνῶν.

280 1715 671 1795 Ἐκπληκτικδν
707 1725 762 1778 δὲ
787 1726 848 1778 τὸ
876 1727 1238 1797 ἀποτέλεσμα,
1262 1710 1397 1797 εἶ’γε
1441 1710 1679 1783 Ἰουδαῖοι
1708 1731 1843 1801 πλη-

269 1812 488 1884 ροῦντες
527 1814 625 1887 τήν
664 1817 956 1887 σύμπασαν
984 1818 1287 1892 ἀνθρώπων
1321 1822 1666 1893 οἰκουμένην,
1686 1821 1840 1876 -ῶστε

268 1903 362 1957 καὶ
402 1900 593 1978 μέχρις
630 1907 904 1962 Αἰθιόπων
932 1912 1175 1981 χωρῆσαι
1208 1914 1302 1965 καὶ
1344 1912 1587 1977 Σκυθῶν,
1629 1914 1723 1967 καὶ⁸
1754 1914 1844 1966 αύ-
1873 1895 1916 1953 Β

263 1992 373 2046 τῶν
392 1994 501 2047 τῶν
532 1996 783 2067 περάτων
818 1998 917 2069 τῆς
955 1999 1079 2070 γῆς,
1111 2002 1170 2054 ὲν
1200 2000 1337 2073 μόνῃ
1380 2003 1443 2072 τῇ
1473 2001 1653 2055 αὐτῶν
1684 2001 1836 2055 πόλει

265 2085 359 2138 καὶ
388 2085 466 2156 τῷ
494 2086 659 2139 πάλαι
690 2086 1112 2161 θρησκευομένῳ
1153 2092 1284 2163 παρ’
1317 2092 1502 2155 αὐτοῖς
1535 2092 1707 2163 τόπῳ,
1740 2093 1838 2164 οὐχ

263 2168 365 2228 οἷοί
394 2176 455 2230 τέ
474 2179 610 2231 εἰσιν
632 2177 947 2234 ὲπιδαίνειν.
968 2181 1077 2235 Καὶ
1110 2182 1159 2234 εἰ
1183 2182 1282 2252 μὲν
1312 2177 1381 2254 ἦν
1412 2181 1689 2246 παντελῶς
1714 2181 1841 2255 ῑρηο

267 2282 365 2336 μος
409 2270 443 2339 ή
482 2268 635 2333 πόλις
682 2271 777 2325 καὶ
819 2271 1088 2343 ἀοίκητος,
1132 2273 1235 2326 κᾶν
1268 2273 1534 2345 ὑπενόησέ
1566 2290 1650 2338 τις
1692 2273 1839 2328 τοῦτ’

264 2355 402 2413 εἶναι
433 2362 495 2415 τὸ
518 2362 718 2416 αἴτιοψ
745 2363 841 2417 νῦν
862 2364 917 2418 δὲ
941 2364 1045 2418 ύπὺ
1069 2363 1373 2434 ἀλλογενῶν
1405 2366 1499 2419 καὶ
1524 2364 1838 2435 ἀλλοφύλων

263 2451 434 2529 ἐθνῶν
493 2454 588 2507 τοῦ
651 2455 816 2509 τόπου
872 2457 1295 2527 κατοικουμένου
1321 2497 1336 2521 ,
1410 2449 1594 2529 μόνοις
1654 2458 1839 2523 αὐτοῖς

260 2528 459 2608 ἄϐατος
502 2548 783 2617 τυγχάνει,
848 2548 924 2611 ὡς
973 2548 1097 2619 μήτ’
1148 2544 1208 2612 ἐξ
1264 2528 1533 2603 αὐτόπτου
1578 2544 1837 2605 δύνασθαι

259 2634 322 2686 τὸ
379 2636 629 2709 πατρῷον
678 2637 859 2693 αὐτῶν
917 2638 1110 2709 ἔδαφος
1154 2638 1414 2710 θεωρεῖν·
1449 2640 1499 2695 ι
1538 2640 1603 2712 δὴ
1648 2639 1837 2695 τοῦτον

1611 433 1702 488 DE
1738 431 2203 488 TllEGPHANlA.

277 542 536 612 κήσοντος
556 556 571 573 ·
610 542 852 613 ἐπιλέγει
896 544 941 598 δ’
974 540 1066 600 οὖν
1096 547 1245 617 ἑξῆς,
1276 547 1358 601 ὅτι
1395 549 1848 620 κατοικηθήσεται
1878 558 1923 612 Α

3416 424 3523 483 650

1954 548 2206 618 intelligit
2229 547 2634 604 derelictionem
2664 560 2697 600 a
2722 545 2861 609 suis,
2912 555 2978 599 ac
3029 555 3308 600 sacrarum
3338 554 3523 595 rerum

1950 639 2193 709 legitimo
2225 639 2332 693 ritu
2364 640 2760 707 operandarum
2791 636 2975 690 linem.
3000 632 3156 699 Quod
3185 634 3305 687 haec
3339 641 3522 686 autem

1949 731 2021 785 ita
2039 746 2098 786 se
2117 730 2425 793 habuerint,
2450 728 2635 783 multis
2652 727 2835 783 verbis
2860 724 3190 781 conﬁrmare
3214 738 3324 778 non
3353 724 3525 777 inter-

1948 816 2278 875 est.-Palam
2344 818 2545 887 quippe
2587 816 2777 871 videre
2819 822 2905 891 est
2953 811 3164 869 Jttdteos
3210 813 3411 882 passim
3467 813 3522 866 in

1949 911 2093 967 omni
2120 919 2280 982 gente
2306 910 2613 980 dispersos,
2640 917 2933 964 extraneos
2970 920 3100 962 vero
3146 914 3310 974 alque
3343 904 3525 958 alieni-

1949 1015 2113 1072 genas
2140 1001 2345 1056 versari
2376 1001 2430 1056 in
2462 999 2617 1063 urbe,
2650 1013 2772 1068 qua:
2801 996 2932 1052 olim
2962 995 3360 1065 Hierosolyma,
3380 1010 3525 1049 nunc

1948 1092 2018 1147 ab
2052 1100 2422 1162 expugnatore
2465 1089 2610 1145 EHO
2668 1082 2913 1140 Adriano
2952 1085 3095 1143 Elia
3136 1084 3526 1141 transformata

1948 1183 2165 1238 nomine
2193 1184 2335 1238 dicta
2358 1192 2462 1238 est.
2514 1183 2656 1251 Ergo
2696 1178 2977 1236 oraculum
3017 1177 3223 1234 idcirco
3259 1177 3319 1231 ﬁt
3356 1178 3527 1230 mira-

1948 1274 2073 1341 bile,
2099 1273 2223 1345 quia
2252 1272 2441 1338 Judtei,
2473 1274 2673 1344 inquit,
2693 1272 2836 1328 inter
2857 1285 3046 1326 omnes
3065 1268 3295 1340 papulos
3324 1268 3524 1337 captivi

1948 1365 2377 1436 dispergentur:
2419 1364 2487 1419 ad
2547 1374 2737 1435 gentes
2771 1373 2953 1417 autem
3011 1372 3155 1432 quon
3202 1360 3428 1427 attinet,
3467 1366 3527 1411 et

1948 1456 2349 1527 Hierosolyma,
2416 1455 2612 1525 inquit,
2674 1453 3017 1510 ethnicorum
3075 1452 3211 1521 pede
3257 1456 3523 1505 terentur.

1945 1548 2227 1604 Terribilis
2254 1562 2387 1603 sane
2411 1548 2670 1619 eventus!
2709 1544 3147 1615 quandoquidem
3178 1537 3383 1610 Judai,
3429 1542 3527 1612 qui

1944 1642 2257 1696 universum
2298 1649 2565 1695 terrarum
2601 1639 2791 1695 orbem
2837 1644 3129 1708 occupant,
3178 1644 3341 1705 atque
3381 1633 3528 1687 inter

1943 1730 2229 1801 Ethiopes
2290 1739 2347 1786 et
2401 1730 2637 1803 Scythas
2682 1744 2851 1800 usque
2906 1729 2973 1783 ad
3040 1726 3229 1782 mundi
3287 1722 3523 1779 confinia

1943 1824 2167 1894 degunt,
2212 1821 2279 1878 ad
2313 1821 2504 1878 urbem
2550 1830 2757 1876 tantum
2804 1834 2961 1874 suam
3003 1817 3343 1889 propriaeque
3391 1814 3524 1869 olim

1945 1915 2224 1984 religionis
2256 1915 2442 1971 sedem
2486 1913 2747 1970 accedere
2776 1917 3067 1980 nequeunt.
3124 1905 3244 1962 Jam
3291 1906 3337 1962 si
3392 1905 3524 1961 urbs

1943 2013 2152 2059 vastata
2181 2014 2327 2060 esset
2370 2007 2693 2073 desertaque
2735 2001 2806 2055 ab
2842 1997 3058 2063 incolis,
3108 1998 3248 2051 hanc
3292 1993 3525 2050 fortasse

1944 2094 2139 2166 aliquis
2190 2094 2437 2169 pmdicti
2474 2093 2651 2153 exsilii
2689 2106 2911 2148 causam
2967 2088 3311 2145 existimaret
3340 2103 3354 2140 :
3382 2099 3527 2139 nunc

1948 2201 2082 2242 vero
2104 2188 2171 2243 ab
2196 2188 2471 2243 extraneis
2517 2193 2683 2255 atque
2724 2183 2791 2237 ab
2826 2178 3145 2249 alienigenis
3174 2176 3329 2231 locus
3369 2173 3526 2229 habi-

1947 2285 2115 2344 tatur,
2144 2277 2276 2332 solis
2298 2286 2482 2332 autem
2525 2274 2730 2331 Judaeis
2758 2272 3071 2327 inaccessos
3110 2274 3219 2331 est,
3255 2266 3330 2320 ita
3361 2273 3422 2317 ut
3451 2276 3524 2318 ne

1945 2368 2190 2440 aspicere
2221 2369 2437 2438 quidem
2461 2365 2693 2437 patrium
2732 2364 2906 2419 solum
2944 2358 3117 2416 oculis
3154 2357 3268 2414 suis
3289 2351 3519 2427 possint.

1943 2460 2074 2528 ρυω
2115 2443 2328 2540 scilicet
2371 2462 2517 2516 hunc
2571 2457 2776 2514 exitum
2834 2455 3168 2516 habuerunt,
3204 2459 3267 2503 ut
3303 2445 3529 2504 oraculo

1945 2552 2101 2609 ﬁeret
2153 2554 2285 2609 satis
2331 2547 2532 2609 dicenti
2580 2567 2598 2606 :
2640 2547 2710 2604 Et
2764 2544 3136 2616 Hierosolymo
3192 2540 3522 2595 ethnicorum

1942 2643 2071 2717 pede
2100 2652 2355 2700 terentur.

259 2724 681 2782 diceretdiceret
735 2729 827 2783 τὸν
890 2730 1089 2801 τρόπον
1132 2729 1437 2794 ἀκολούθως
1475 2730 1555 2802 τῷ
1605 2733 1837 2803 φήσαντι
1873 2734 2139 2807 χρησμῷο
2167 2736 2278 2792 Kal
2319 2732 2723 2805 Ἰερουσαλὴμ
2778 2732 2951 2787 ἔσται
3020 2727 3367 2799 πατουμένη
3401 2723 3527 2780 ὑπὸ

258 2816 474 2870 eam.

324 2907 435 2961 Καὶ
458 2907 689 2974 δεικνὺς,
724 2910 805 2964 δτι
854 2909 965 2965 οὔτ’
1001 2914 1360 2987 ἀναστήσεται
1405 2915 1587 2970 λοιπὸν
1629 2916 1659 2969 ὁ
1693 2915 1838 2982 ναὸς,

257 2997 372 3080 οὔτ’
402 3000 481 3064 εἰς
525 3000 626 3071 τὴν
653 3001 928 3072 προτέραν
972 3006 1337 3077 ἑπανήξουσιν
1396 3007 1637 3062 Ἰουδαῖοι
1691 3010 1841 3063 πολι-

257 3089 429 3155 τιίαν,
458 3091 784 3163 προστίθησι
820 3096 941 3158 ταῖς
998 3096 1165 3150 αὑτοῦ
1227 3099 1589 3170 προρρήσεσι,
1647 3099 1841 3171 χρόνον

256 3181 474 3255 ορίζων,
527 3183 688 3256 μέχρι
728 3184 869 3247 τίνος
907 3185 1057 3240 ἐσται
1101 3188 1455 3261 Ἰερουσαλήμ
1512 3190 1831 3264 πατουμένη

258 3274 366 3329 ὑπὸ
412 3273 611 3327 ἐθνῶν·
648 3274 798 3343 λέγει
845 3275 890 3328 δ’
920 3273 1033 3341 οὖν,
1089 3278 1229 3347 ἆχρι
1264 3279 1620 3347 πληρωθῶσι
1651 3280 1843 3350 καιροί

254 3364 478 3421 ἐθνῶν·
505 3364 648 3419 οὕτω
698 3367 943 3436 σημάνας
972 3369 1071 3440 τὴν
1102 3369 1194 3423 τοῦ
1245 3369 1360 3440 βίου
1391 3369 1714 3436 συντέλειαν,
1751 3372 1844 3426 καὶ

256 3454 349 3509 τὸν
382 3454 544 3526 μέχρι
580 3455 887 3509 συντέλειαν
913 3457 1087 3527 λέγων
1112 3460 1330 3531 χρόνον·
1368 3461 1621 3532 σημαίνει
1652 3463 1709 3516 δὲ
1748 3465 1841 3517 καὶ

256 3545 347 3599 τὸν
363 3544 468 3616 πρὸ
491 3545 589 3615 τῆς
609 3544 985 3616 αἰχμαλωσίας
1002 3547 1390 3619 (75),πόλεμον.
1416 3548 1603 3603 εἰπών’
1631 3552 1839 3607 Ἔσται

256 3633 366 3703 γὰρ
401 3631 631 3703 ἀνάγκη
659 3633 757 3686 ἐπὶ
798 3632 909 3702 τῆς
926 3634 1057 3703 m'c,
1091 3636 1188 3690 καὶ
1229 3636 1374 3706 ὁρτὴ
1392 3637 1626 3709 μεγάλη
1652 3640 1723 3694 ἐν
1758 3635 1840 3707 τῷ

254 3721 383 3787 λαῷ
407 3722 613 3787 τούτῳ,
647 3722 744 3776 καί
772 3724 1099 3780 πεσοῦνται
1118 3727 1188 3780 ἐν
1215 3731 1467 3797 στόματι
1513 3731 1833 3800 μαχαίρας.

257 3814 442 3869 Ταῦτα
492 3815 550 3868 δὲ
599 3814 748 3879 ὅπως
798 3816 938 3868 κατά
996 3816 1161 3889 μέρος
1223 3817 1495 3891 ἐπράχθη,
1537 3821 1630 3874 καὶ
1665 3821 1740 3886 ὡς
1767 3823 1836 3877 τὰ

258 3907 710 3978 προηγορευμένα
734 3907 836 3959 ὑπὸ
858 3907 951 3961 τοῦ
970 3909 1221 3980 Σωτῆρος
1241 3910 1399 3981 ήμῶν
1412 3911 1599 3977 τέλους
1622 3912 1834 3984 ἔτυχεν,

257 3997 468 4066 ἔξεστιν
500 3998 609 4052 ἀπὸ
643 4001 741 4070 τῆς
778 3999 1039 4071 Ἱστορίας
1080 4002 1343 4072 Ἰωσήπου
1377 4002 1566 4074 μαθεῖν
1596 4004 1726 4077 (76)·
1775 4006 1835 4071 ὃς

257 4089 355 4144 καὶ
403 4090 501 4161 τῆς
544 4090 796 4161 φησάσης
826 4090 918 4144 τοῦ
952 4092 1203 4164 Σωτῆρος
1234 4094 1393 4164 ήμῶν
1451 4098 1830 4169 προρρήσεως,

260 4182 407 4238 ί)ὺαί
431 4182 500 4236 δὲ
529 4184 657 4250 ταῖς
696 4182 1092 4252 θηλαζούσαις
1118 4185 1188 4238 ἐν
1218 4186 1475 4254 ἐκείναις
1521 4188 1651 4254 ταῖς
1692 4190 1833 4258 ἠμέ-

254 4272 424 4340 ραις]
452 4272 513 4326 τὸ
539 4273 886 4345 ἀποτέλεσμα
917 4274 1102 4343 σαφῶς
1122 4275 1419 4347 παρίστησι
1443 4316 1460 4340 ,
1526 4280 1830 4348 μνημονεύ-

259 4382 381 4431 σας,
404 4366 479 4430 ὠς
510 4370 788 4434 γυναῖκες,
808 4367 877 4420 τὰ
915 4368 1120 4421 ἑαυτῶν
1159 4368 1333 4441 βρέφη
1364 4369 1671 4440 ὀπτήσασαι
1698 4373 1831 4445 πυρὶ

255 4460 345 4515 διὰ
375 4460 474 4533 τὴν
495 4460 799 4534 ὑπερϐολὴν
822 4460 916 4515 τοῦ
954 4461 1315 4532 κατασχόντος
1336 4460 1495 4532 λιμοῦ
1523 4461 1622 4534 τὴν
1653 4458 1826 4531 πόλιν,

256 4555 479 4627 ἔφαγον.

2012 2935 2191 3003 Atque
2220 2941 2279 2987 ut
2308 2930 2558 2987 Christus
2587 2928 3032 2993 demonstraret,
3074 2924 3331 2996 templum
3359 2923 3525 2980 dein-

1942 3040 2068 3096 cepa
2090 3025 2232 3082 haud
2260 3032 2619 3080 instauratum
2647 3022 2737 3087 iri,
2763 3035 2941 3091 neque
2974 3018 3191 3076 Judaeos
3224 3018 3513 3089 pristinam

1941 3130 2097 3173 suam
2162 3113 2549 3185 rempublicam
2602 3118 3023 3182 recuperaturos
3047 3150 3066 3180 ,
3123 3110 3337 3167 ueteris
3404 3108 3525 3166 suis

1942 3206 2389 3279 praedictionibus
2461 3204 2671 3260 addidit
2748 3204 3012 3273 temporis
3090 3201 3460 3258 deﬁnitionem
3497 3241 3521 3269 ,

1868 3296 2203 3405 c.quamdiu
2260 3294 2471 3351 scilicet
2530 3292 2903 3363 Hierosolyma
2972 3290 3314 3347 ethnicorum
3379 3288 3520 3358 pede

1948 3388 2171 3443 terenda
2218 3382 2441 3442 essent:
2470 3386 2549 3440 ait
2584 3383 2768 3448 enim,
2800 3384 2963 3437 donec
3008 3392 3243 3451 tempora
3284 3382 3519 3451 gentium

1944 3478 2341 3546 compleantur:
2368 3475 2440 3532 ita
2486 3474 2799 3546 signiﬁcans
2844 3474 3028 3530 saeculi
3085 3474 3516 3530 consummatio-

1943 3583 2092 3634 nem,
2124 3581 2224 3624 nec
2262 3583 2370 3623 non
2396 3566 2653 3637 temporis
2686 3579 2855 3635 usque
2887 3564 2956 3620 ad
2995 3564 3518 3620 consummationem

1941 3659 2311 3716 intervallum.
2340 3657 2623 3729 Signiﬁcat
2663 3656 2831 3713 etiam
2871 3656 3068 3714 bellum
3102 3656 3247 3727 quod
3285 3657 3519 3727 captivi-

1941 3754 2107 3809 tatem
2139 3766 2535 3823 pmcessurum
2561 3760 2682 3806 erat
2712 3767 2730 3806 :
2758 3749 2970 3805 Futura
3003 3757 3100 3813 est,
3130 3748 3338 3818 inquit,
3368 3763 3512 3815 pres-

1937 3858 2063 3899 sura
2085 3844 2142 3898 in
2172 3855 2338 3911 terra,
2355 3858 2648 3913 magnaque
2671 3843 2755 3895 ira
2774 3856 2932 3908 super
2948 3840 3141 3908 populo
3167 3838 3285 3901 hoc,
3317 3847 3366 3892 et
3398 3839 3516 3892 acie

1935 3933 2102 4005 gladii
2147 3935 2354 3989 cadent.
2408 3934 2585 4004 Atque
2642 3932 2760 3988 hac
2802 3928 3013 4002 singula
3054 3926 3511 4000 quemadmodum

1935 4024 2257 4089 acciderint,
2291 4034 2454 4093 atque
2482 4032 2544 4079 ut
2587 4021 2902 4078 Senatoris
2937 4021 3107 4076 nostri
3154 4018 3372 4076 oracula
3401 4020 3513 4075 sint

1933 4116 2137 4171 exitum
2170 4126 2482 4181 consecuta,
2532 4130 2602 4170 ex
2651 4113 2876 4182 Iosephi
2904 4111 3147 4169 Historia
3182 4124 3513 4183 cognoscere

1932 4208 2081 4264 lcet.
2114 4207 2260 4264 ldem
2292 4208 2520 4262 alterum
2562 4220 2778 4276 quoque
2820 4204 3133 4261 Senatoris
3171 4203 3509 4271 vaticinium,

1932 4297 2189 4353 nimirum
2224 4294 2315 4353 νω
2337 4296 2661 4351 lactantibus
2684 4280 2737 4349 in
2760 4293 2945 4349 diebus
2969 4293 3121 4348 illis!
3159 4301 3356 4349 eventu
3382 4306 3520 4369 pef—~

1929 4390 2115 4458 spicae
2172 4389 2575 4459 comprobatum
2621 4388 2785 4442 tradit
2838 4404 2852 4440 :
2900 4386 3100 4443 etenim
3161 4394 3431 4441 memorat
3476 4398 3507 4438 a

1928 4480 2247 4537 mulieribus
2269 4479 2524 4549 parvulos
2558 4479 2807 4549 proprios
2853 4479 2977 4550 igne
3009 4486 3181 4533 tostos
3207 4475 3265 4532 in
3293 4490 3503 4531 summa

1928 4574 2081 4631 urbis
2108 4572 2250 4629 fame
2281 4570 2448 4629 fuisse
2473 4575 2784 4629 devoratos.

321 4648 435 4720 (77)
466 4646 665 4702 Τοῦτον
694 4648 803 4719 γὰρ
839 4648 1001 4702 αὐτὸν
1038 4647 1129 4700 τὸν
1160 4648 1523 4719 γενησόμενον
1543 4649 1603 4703 ὲν
1638 4651 1703 4719 τῇ
1738 4648 1828 4701 πό-

2004 4664 2155 4719 Hanc
2192 4663 2363 4735 ipsam
2403 4663 2523 4719 urbi
2576 4676 2895 4717 eventuram
2949 4661 3148 4717 famem
3198 4658 3505 4731 praevidens

254 4738 337 4793 λιι
367 4738 523 4808 λιμὸν
554 4740 938 4813 προθεωρήσας
963 4742 992 4794 ὁ
1013 4740 1221 4811 Σωτὴρ,
1255 4740 1486 4812 παρῄνει
1506 4745 1618 4805 τοῖς
1661 4741 1825 4795 αὐτοῦ

258 4831 524 4905 μαθηταῖς
560 4835 617 4885 ὲν
640 4835 709 4903 τῇ
733 4832 999 4906 μελλούσῃ
1027 4832 1169 4886 κατὰ
1204 4833 1469 4887 Ἰουδαίων
1501 4833 1825 4905 γενήσεσθαι

255 4926 560 4997 πολιορκίᾳ,
600 4927 674 4997 μὴ
698 4926 773 4990 ὡς
819 4928 904 4979 ἐπ’
942 4926 1154 4997 ἀσφαλῆ
1192 4926 1355 4980 τόπον
1413 4928 1506 4980 καὶ
1559 4926 1822 4996 φυλαττό-

257 5035 415 5090 μενον
441 5017 546 5071 ὑπὸ
574 5018 668 5071 τοῦ
694 5018 830 5071 Θεοῦ
854 5018 1216 5087 καταφεύγειν
1238 5019 1330 5072 ἐπὶ
1356 5019 1455 5089 τήν
1485 5019 1657 5087 πόλιν,
1686 5020 1823 5092 ὅπερ

253 5109 581 5164 πεπόνθασιν
609 5110 659 5163 οἰ
698 5109 901 5174 πολλοὶ,
950 5111 1064 5163 ἀλλ’
1101 5109 1309 5163 ἐκεῖθεν
1361 5110 1458 5181 μὲν
1497 5111 1821 5183 ἀναχωρεῖν,

254 5201 476 5271 φεύγειν
504 5202 561 5255 δὲ
594 5203 674 5269 εἰς
706 5202 771 5255 τά
798 5201 931 5273 ὅρη·
984 5204 1077 5255 καὶ
1116 5203 1243 5265 τοὺς
1284 5205 1342 5256 ἐν
1378 5202 1526 5274 μέσῳ
1564 5204 1660 5275 τῆς
1703 5205 1828 5257 ἰου-

252 5295 407 5359 δαίας
439 5295 700 5365 ἐκχωρεῖν
743 5296 822 5357 εἰς
864 5294 933 5348 τά
974 5293 1101 5366 ἔθνη
1137 5294 1282 5366 (78);
1332 5297 1426 5350 καὶ
1482 5296 1608 5359 τοὺς
1656 5298 1714 5349 ὲν
1756 5299 1823 5368 τῇ

322 5492 460 5563 (π’)
486 5490 855 5563 ΔΝοηᾼιειιιιειι
911 5492 1189 5547 incruenta
1239 5494 1486 5549 victoria.
1544 5496 1634 5549 Ait
1683 5497 1829 5551 enim

248 5560 455 5618 Fronto
476 5560 550 5615 De
578 5561 709 5617 bello
734 5562 1022 5616 Parthico:
1051 5581 1069 5613 ι
1110 5563 1346 5618 Adriano
1378 5565 1663 5632 imperium
1691 5567 1829 5620 obti-

249 5640 431 5699 nente,
470 5642 729 5703 quantum
764 5633 1021 5686 militum
1061 5633 1490 5703 (Romanorum)
1544 5651 1574 5689 a
1624 5634 1823 5692 Judmis

246 5702 479 5757 ursum!
510 5701 764 5771 thegesis
828 5718 1005 5755 autent
1071 5701 1371 5759 historicos
1411 5721 1441 5759 a
1491 5720 1577 5761 me
1623 5706 1821 5761 ibidem

256 5773 310 5827 in
341 5772 783 5827 adnotationibus
806 5772 1067 5828 laudatos.

1934 4755 2216 4822 Servatur,
2248 4755 2573 4811 admonebat
2598 4754 2891 4824 discipulos
2923 4769 3051 4811 suos
3085 4764 3145 4809 ut
3169 4754 3225 4810 in
3256 4756 3501 4825 proxima

1930 4844 2239 4901 Iudaeorum
2274 4844 2622 4908 obsessione,
2654 4844 2859 4899 nollent
2908 4852 3166 4914 tanquam
3214 4845 3282 4899 ad
3331 4853 3501 4899 tutum

1927 4938 2105 4993 locum
2152 4948 2209 4993 et
2246 4953 2276 4992 a
2315 4936 2427 4993 Deo
2469 4937 2797 4993 custoditum
2849 4936 2902 4992 in
2952 4941 3141 4993 urbem
3192 4936 3499 5007 confugere,

1928 5032 2071 5099 quod
2106 5029 2321 5101 plurimi
2350 5028 2615 5095 fecerunt,
2666 5029 2759 5083 sed
2808 5028 2933 5083 inde
2976 5029 3154 5098 potius
3185 5027 3503 5082 recederent

1929 5128 2090 5188 atque
2116 5120 2171 5173 in
2203 5129 2411 5174 montes
2446 5120 2730 5188 fugerent;
2775 5129 2831 5173 et
2874 5118 2968 5187 qui
3013 5127 3173 5173 erant
3220 5117 3275 5171 in
3325 5117 3499 5173 Inedia

1930 5208 2114 5265 Judtea
2139 5210 2203 5265 ad
2223 5221 2419 5280 gentes
2441 5211 2764 5279 migrarent,
2794 5216 2849 5264 et
2874 5209 2968 5279 qui
3001 5209 3054 5263 in
3079 5224 3212 5279 agro
3236 5208 3501 5278 degebant

1935 5313 2275 5369 nequaquam
2308 5300 2377 5355 ad
2408 5300 2644 5355 munitas
2684 5313 2838 5354 arces
2864 5305 3283 5364 concurrerent,
3325 5312 3499 5367 neque

1927 5513 2089 5580 sensu
2115 5509 2214 5581 ;_et
2242 5508 2504 5568 praeterea
2543 5499 2745 5555 desunt
2782 5499 2923 5571 Syro
2963 5497 3330 5569 praecedentes
3373 5507 3498 5553 octo

1926 5569 2195 5623 versiculi.
2829 5569 2837 5571 ἡ

1993 5639 2105 5706 (7(5)
2138 5637 2273 5691 Bell.
2329 5636 2463 5691 Iud.
2514 5637 2607 5691 lib.
2638 5654 2757 5701 vni,
2796 5639 2849 5695 8.

2016 5708 2104 5847 77g
2143 5708 2279 5761 Cod.
2306 5709 2369 5762 A.
2405 5709 2443 5763 f.
2470 5707 2597 5763 270.
2627 5706 2751 5778 Syr.
2786 5724 2859 5773 tv,
2888 5710 2981 5773 9.0,
3017 5708 3108 5762 2i.

2016 5778 2081 5832 78
2131 5778 2225 5835 llic
2248 5794 2356 5836 non
2393 5779 2531 5837 bene
2569 5779 2743 5847 Syrus
2768 5778 3017 5836 Graecum
3063 5781 3108 5835 vi

2016 5774 2102 5847 78)
2131 5778 2225 5835 llic
2248 5794 2356 5836 non
2393 5779 2531 5837 bene
2569 5774 2743 5849 Syrus
2768 5778 3017 5836 Graccutn
3063 5778 3278 5835 videtur
3335 5774 3497 5831 intel-

322 5841 435 5913 (75)
488 5840 589 5895 llic
641 5841 809 5912 Syrus
854 5841 1094 5899 deflectit
1152 5842 1485 5912 aliquantum
1544 5862 1574 5901 a
1624 5844 1816 5903 Graeco
1918 5840 2129 5906 texisse.

557 5942 830 6003 ΡΑτιιοι..
877 5943 995 6003 Gs.
1042 5942 1275 6005 XXIV.

3098 5942 3173 6003 21
