4062 6396
614 427 706 481 651
1268 410 1531 470 EUSEBII
1566 404 2036 466 CJESARIENSIS
2072 404 2218 460 OPP.

2214 446 2219 459 .
2260 402 2438 458 PARS
2476 400 2562 455 IV.
2603 427 2671 441 -
2705 390 3120 451 DOGMATICA.
3711 386 3818 440 652

614 538 925 609 prudentem
976 533 1256 588 crederent
1284 530 1337 585 in
1375 528 1567 599 oppida
1601 540 1899 589 secessum,
1943 524 2153 577 etiamsi
2182 527 2218 582 Α

2214 521 2404 593 ιχώρᾳ
2438 518 2513 590 μὴ
2545 513 2904 584 καταφεύγειν
2932 511 3007 575 ὡς
3050 510 3144 562 ἐπὶ
3186 505 3379 578 ὀχυρὸν
3431 500 3619 568 τόπον,
3683 504 3818 575 μηδὲ

616 595 667 686 id
693 638 899 696 tempus
923 626 1192 695 postulare
1221 595 1526 686 videretur;
1578 618 1670 674 sed
1719 624 1929 671 lucrum
1981 616 2155 685 potius

2256 611 2547 665 σπουδαίαν
2598 605 2846 678 ἡγεῖσθαι
2874 601 2971 673 τὴν
3010 601 3101 654 ἐπὶ
3136 600 3236 669 τὴν
3280 595 3430 649 πόλιν
3461 595 3817 665 ἐπιστροφὴν,

614 684 979 773 existimarent
1009 715 1209 782 (ngam,
1238 720 1456 780 propter
1482 684 1872 777 impendentem
1904 684 1997 759 Dei
2021 704 2155 757 iram

2255 703 2360 757 κᾶν
2398 702 2455 755 at
2503 702 2683 769 χρεῖαι
2720 694 2985 751 καλῶσιν
3018 692 3287 762 ἅρπαγμα
3323 688 3381 741 δὲ
3433 684 3679 740 τίθεσθαι
3721 684 3820 756 τῳ

616 822 725 863 ιυω
756 807 953 877 templo
981 815 1091 857 tum
1125 776 1353 857 civitati:
1396 798 1523 853 Haec
1560 776 1849 867 perspicue
1902 805 1958 849 et
2006 804 2157 848 extra

2257 793 2452 863 φυγὴν,
2480 790 2568 843 διὰ
2589 790 2688 859 τὴν
2715 783 3140 855 ἐπελευσομένην
3160 781 3225 834 ἐκ
3255 780 3387 833 Θεοῦ
3414 778 3584 849 ὀργὴν
3630 776 3711 847 τῷ
3756 791 3820 830 τε

619 913 835 953 onmem
853 864 1249 963 ambiguitatem
1274 864 1712 945 demonstrabant
1729 900 1945 941 causam
1974 899 2161 953 quam-

2257 884 2371 953 ναῷ
2394 884 2487 937 καὶ
2511 884 2579 951 τῇ
2613 880 2783 933 πόλει.
2814 875 2998 931 Ταῦτα
3020 872 3129 945 γὰρ
3150 873 3408 942 ἄντικρυς
3430 870 3523 922 καὶ
3548 868 3673 939 δίχα
3718 864 3820 918 πά-

618 991 804 1046 obrem
848 955 1165 1042 hortabatur
1225 984 1293 1036 ad
1346 988 1554 1036 montes
1619 977 1834 1048 fugere,
1888 989 2063 1045 neque
2107 974 2161 1029 in

2260 992 2359 1048 σης
2389 972 2715 1045 ἁμφιὸολίας
2749 964 3131 1041 παραστατικά
3159 964 3226 1019 ἂν
3262 962 3375 1034 εἴη,
3394 961 3494 1031 τῆς
3522 957 3725 1019 αἰτίας,
3757 955 3822 1010 δι’

618 1081 811 1151 oppida
846 1078 1045 1132 munita
1075 1072 1288 1128 reverti.
1332 1067 1459 1126 ideo
1507 1068 1585 1124 ait
1619 1085 1636 1125 :
1667 1068 1734 1123 Et
1774 1066 1864 1135 qui
1912 1066 1969 1121 in
2017 1062 2163 1132 agris

2259 1069 2327 1140 ἢν
2374 1065 2766 1137 παρεκελεύετο
2816 1060 3033 1132 φεύγειν
3086 1056 3179 1109 ἐπὶ
3206 1054 3277 1108 τὰ
3315 1054 3415 1125 δρη
3440 1091 3455 1117 ,
3479 1051 3575 1104 καὶ
3611 1049 3686 1121 μὴ
3710 1050 3826 1100 ἑπι-

619 1144 763 1237 εέιὶιι,
801 1174 1024 1224 caveant
1053 1164 1337 1234 quominus
1379 1159 1513 1214 urbe
1551 1173 1611 1215 se
1649 1157 1988 1212 concludant.
2022 1155 2164 1209 Sunt

2262 1156 2512 1228 στρέφειν
2554 1156 2645 1207 ἐπὶ
2675 1152 2776 1216 τὰς
2816 1152 3017 1214 πόλεις.
3048 1148 3145 1202 Διό
3175 1162 3337 1217 φησι·
3378 1145 3489 1199 Καὶ
3524 1145 3575 1197 οἱ
3612 1145 3671 1197 ὲν
3708 1144 3828 1204 ut;

619 1234 761 1312 enim
788 1257 847 1315 hi
875 1256 988 1309 dies
1020 1252 1259 1315 ultionis,
1300 1257 1354 1303 et
1387 1248 1568 1302 omnia
1608 1245 1766 1299 ﬂendi
1796 1259 1916 1314 qua:
1940 1255 2167 1312 praeser-

2263 1248 2499 1320 χώραις,
2542 1246 2616 1315 μὴ
2654 1243 3045 1298 είσελθέτωσαν
3103 1240 3181 1302 είς
3227 1236 3433 1305 αὐτήν·
3490 1236 3576 1287 ὅτι
3626 1234 3828 1303 ήμέραι

624 1350 718 1402 tim
770 1348 908 1414 apud
953 1342 1219 1397 Danielem
1264 1340 1466 1407 scripta
1512 1345 1657 1393 sunt.
1716 1335 1821 1389 Sed
1880 1343 1938 1389 et
1985 1334 2165 1397 minae,

2265 1342 2592 1411 ἐκδικήσεως
2645 1331 2805 1390 αὗταί
2851 1336 2980 1397 εἰσι,
3018 1329 3113 1383 τοῦ
3156 1326 3506 1400 πληρωθῆναι
3545 1326 3726 1379 πάντα
3762 1322 3831 1375 τά

627 1411 864 1493 Vatum:
885 1433 1247 1493 nutrientibus,
1273 1428 1537 1495 quomodo
1562 1426 1767 1480 exitum
1814 1422 1923 1478 sint
1964 1426 2169 1475 sortitur.

2266 1427 2619 1499 γεγραμμένα
2657 1427 2716 1478 ὲν
2752 1422 2828 1494 τῷ
2867 1419 3061 1491 Δανιὴλ
3101 1418 3351 1489 μάλιστα.
3403 1414 3564 1468 Ἀλλὰ
3608 1412 3705 1467 καὶ
3741 1411 3832 1478 τὸ,

624 1527 1109 1596 Hierosolymorum
1130 1522 1468 1577 obsessorum
1492 1526 1750 1583 tempore,
1778 1514 1928 1568 testis
1949 1512 2167 1567 idoneus

2270 1521 2415 1573 Οὐαί
2452 1517 2579 1583 ταῖς
2612 1515 3004 1582 θηλαζούσαις
3053 1512 3208 1573 τότε,
3234 1510 3382 1570 ὅπως
3430 1505 3621 1568 τέλους
3672 1504 3833 1573 ἔτυχε

624 1632 707 1675 est
755 1618 966 1673 Flavius
1014 1612 1295 1680 Iosephus,
1343 1609 1433 1679 qui
1467 1614 1716 1663 accurate
1760 1615 1971 1674 tempus
2016 1602 2167 1664 illud,

2271 1610 2407 1665 κατὰ
2432 1611 2523 1664 τὸν
2572 1606 2761 1677 καιρὸν
2808 1606 2913 1678 τῆς.
2939 1602 3247 1673 πολιορκίας
3287 1601 3395 1653 τῶν
3424 1596 3832 1668 Ἰεροσολύμων,

626 1720 746 1782 post
777 1704 1079 1762 Servatoris
1109 1700 1278 1757 nostri
1302 1700 1467 1762 diras,
1487 1694 1769 1759 describit;
1788 1702 1844 1747 et
1873 1690 2168 1761 quomodo,

2269 1702 2451 1765 ἱκανὸς
2478 1697 2849 1753 πιστώσασθαι
2877 1694 3103 1758 Φλάϐιος
3132 1691 3423 1763 Ἰώσηπος,
3452 1687 3700 1759 ἀκριϐῶς
3745 1687 3836 1738 τὸν

624 1778 983 1870 prementibus
1014 1794 1267 1849 Romanis
1295 1789 1587 1856 urbemque
1608 1783 1967 1852 capientibus,
1999 1778 2170 1833 maxi-

2272 1794 2410 1866 μετά
2428 1793 2526 1856 τὰς
2547 1791 2683 1863 ἀμὶς
2712 1787 2806 1841 τοῦ
2832 1788 3077 1856 Σωτῆρος
3092 1784 3247 1854 ἡμῶν
3265 1783 3498 1849 πόλεμον
3521 1780 3836 1850 ἱστορήσας·

625 1867 710 1944 iua
736 1885 1034 1942 Judaorum
1071 1882 1354 1936 multitudo
1395 1877 1572 1948 gladio
1614 1880 1932 1939 consumpta
1982 1867 2164 1930 fuerit,
2199 1870 2229 1925 Ε

2235 1881 2239 1917 ί
2267 1893 2360 1940 καὶ
2386 1884 2482 1947 ὡς,
2511 1882 2844 1935 ἐπιστάντων
2881 1874 3163 1947 Ῥωμαίων
3182 1874 3290 1928 καὶ
3307 1872 3405 1944 τήν
3424 1869 3579 1925 πόλιν
3610 1870 3839 1921 ἑλόντων

627 1977 901 2045 multoque
928 1975 1109 2043 plures
1137 1974 1274 2024 fame
1317 1982 1477 2036 quam
1512 1965 1657 2019 ferro
1698 1960 1981 2031 perierint.
2026 1957 2168 2024 Quin

2268 1973 2576 2047 πολιορκίᾳ,
2610 1971 2778 2044 μυρία
2812 1969 2909 2041 μὲν
2939 1968 3113 2039 πλήθη
3142 1966 3237 2020 τοῦ
3270 1962 3538 2019 Ἰουδαίων
3566 1960 3752 2022 ἔθνους
3782 1960 3840 2010 έν

625 2068 758 2121 adeo
784 2066 1033 2120 mulieres
1057 2075 1267 2131 quoque
1292 2056 1542 2127 parvulos
1582 2067 1711 2109 suos
1752 2052 1874 2121 igne
1917 2057 2171 2105 assantes.

2270 2069 2497 2137 στόματι
2530 2066 2796 2137 μαχαίρας
2823 2061 3093 2133 ἀνῃρέθη,
3127 2058 3343 2120 πλείους
3374 2056 3433 2110 δὲ
3458 2053 3591 2107 ’τῶν
3636 2053 3842 2125 ἀνῃρη-

625 2171 805 2212 escam
844 2156 943 2210 sibi
970 2153 1038 2207 ob
1062 2162 1353 2205 extremam
1384 2146 1659 2215 penuriam
1700 2140 1964 2195 fecerunt.
1998 2140 2172 2207 Atque

2274 2136 2449 2230 μένων
2475 2158 2552 2228 τῷ
2582 2136 2725 2226 λιμῷ
2754 2153 3149 2223 διεφθάρησαν·
3187 2149 3288 2220 ήδη
3318 2148 3374 2201 δὲ
3411 2146 3505 2199 και
3529 2143 3600 2197 τά
3632 2142 3842 2197 ἑαυτῶν

627 2246 743 2299 bare
772 2243 1110 2311 contigerunt
1144 2240 1315 2307 primo
1343 2235 1555 2304 quidem
1594 2231 1692 2287 sub
1721 2230 1841 2284 Tito
1867 2244 1930 2282 ac
1972 2226 2175 2294 Vespa-

2274 2226 2447 2321 βρέφη
2478 2226 2732 2316 γυναῖκες
2784 2245 3086 2321 ὀπτήσασαι
3135 2240 3289 2309 πυρὶ,
3332 2238 3507 2321 τροφῇ
3546 2234 3841 2305 κέχρηνται

624 2336 800 2397 siano,
828 2342 1011 2401 postea
1052 2329 1152 2384 sub
1202 2328 1462 2389 Adriano,
1495 2323 1858 2377 Romanorum
1889 2319 2176 2385 imperato-

2364 2316 2805 2410 ὕπερϐάλλουσαν
2840 2318 3069 2389 ένδειανῗ
3092 2330 3379 2385 Συνέδαινε
3410 2316 3466 2381 δὲ
3504 2325 3679 2379 ταῦτα
3717 2325 3844 2395 πρό-

626 2425 807 2489 ribus;
837 2438 938 2492 qua
966 2430 1119 2474 atate
1155 2418 1501 2472 interdictum
1554 2426 1773 2483 prorsus
1826 2407 2028 2463 Judzcis
2077 2404 2180 2459 fuit

2272 2448 2428 2501 τερον
2474 2404 2573 2500 μὲν
2605 2427 2746 2482 κατὰ
2782 2426 2939 2480 Τῖτον
2974 2424 3069 2478 καὶ
3100 2417 3535 2476 Οὐεσπασιανόν·
3599 2414 3741 2486 μετὰ
3786 2414 3843 2467 δὲ

627 2513 803 2584 patrio
827 2490 962 2574 solo,
997 2517 1053 2563 et
1077 2509 1143 2560 ab
1169 2503 1400 2558 ethnicis
1435 2497 1770 2556 Hierusalem
1817 2494 1919 2549 fuit
1957 2490 2179 2549 concul-

2273 2490 2515 2584 τοῦτους,
2561 2520 2679 2572 κατ’
2730 2516 3021 2586 Ἀδριανὸν,
3055 2515 3181 2575 τοὺς
3232 2510 3515 2580 Ῥωμαίων
3568 2506 3843 2576 αὐτοκρά-

629 2615 769 2668 cata,
832 2603 965 2656 adeo
1014 2608 1073 2652 ut
1128 2596 1298 2651 nullos
1357 2592 1555 2648 incolas
1596 2592 1743 2645 cives
1791 2587 2014 2642 baberet
2075 2585 2177 2638 nisi

2274 2627 2457 2675 τορας,
2481 2609 2723 2671 καθ’θοῦς
2748 2585 2946 2669 άδατος
2978 2605 3076 2675 μὲν
3110 2604 3167 2665 ἐς
3195 2602 3256 2654 τὸ
3281 2599 3544 2661 παντελὲς
3570 2596 3844 2658 Ἰουδαίοις

627 2703 912 2747 extraneos
943 2695 997 2741 et
1025 2685 1371 2765 alienigenas,
1407 2679 1685 2737 translatis
1713 2677 1837 2731 illuc
1873 2673 2168 2745 inquilinis,

2275 2703 2305 2757 ὁ
2334 2673 2556 2771 πάτριος
2578 2698 2755 2753 αὐτῶν
2785 2673 3018 2766 κατέστη
3050 2696 3231 2756 τόπος,
3265 2693 3454 2761 γέγονε
3479 2690 3539 2743 δὲ
3569 2688 3835 2759 Ἰερουσα-

625 2779 926 2834 έίιιοοιειι-ιιιι]
972 2777 1208 2848 priorum
1252 2774 1385 2827 loco.
1430 2770 1631 2825 Exinde
1668 2769 1810 2824 enim
1851 2768 2179 2822 circumdata

2275 2794 2389 2866 λὴμ
2418 2768 2727 2862 πατουμένη
2760 2791 2851 2843 ὑπ’
2900 2789 3089 2856 ἐθνῶν,
3118 2788 3192 2850 ὡς
3244 2783 3381 2857 μηδὲ
3429 2782 3653 2851 ἑτέρους
3700 2780 3845 2849 ἔχειν

622 2878 714 2924 est
742 2868 907 2921 armis
938 2830 1087 2927 uibs,
1119 2873 1279 2931 atque
1319 2861 1476 2930 hujus
1518 2859 1880 2916 sanctuarium
1918 2859 1987 2911 ad
2036 2871 2180 2911 sum-

2276 2830 2565 2954 οίέιέτορας
2592 2830 2811 2944 πολίτας
2842 2881 2874 2950 ἢ
2912 2830 3103 2951 μόνους
3134 2830 3459 2945 ﬁnierim;
3497 2830 3593 2925 urat
3627 2830 3846 2938 sne}:-

632 2974 771 3013 mam
802 2957 1143 3012 solitudinem
1175 2954 1445 3007 redactum
1477 2950 1579 3005 fuit
1604 2967 1618 3006 :
1648 2949 1734 3003 illa
1762 2948 1990 3016 denique
2020 2947 2178 3001 deso—

2277 2977 2409 3041 νεῖςκ
2443 2972 2705 3043 μετοίκων
2732 2970 2917 3025 αὐτόθι
2942 2966 3388 3023 κατοικισθέντων
3425 2963 3546 3017 ἀντὶ
3573 2960 3685 3014 τῶν
3714 2959 3846 3030 πρό-

623 3059 849 3114 lationis
868 3057 1212 3121 abominatio,
1242 3070 1397 3125 quam
1426 3052 1608 3108 Daniel
1637 3052 1980 3122 przedixerat,
2008 3051 2182 3103 medio

2280 3082 2435 3137 τερον
2486 3065 2803 3136 οίκητόρων.
2862 3062 2949 3129 Ἐξ
2981 3060 3187 3115 ἐκείνου
3220 3058 3277 3111 δὲ
3329 3053 3703 3124 κυκλωθείσης
3741 3050 3846 3104 ὑπὸ

632 3158 687 3213 in
717 3161 1023 3217 sanctuario
1045 3160 1333 3213 constituta
1371 3157 1499 3221 fuit,
1531 3169 1733 3210 aeneum
1786 3156 1905 3208 dico
1962 3154 2183 3208 victoris

2285 3157 2656 3227 στρατοπέδων
2684 3156 2781 3225 τῆς
2821 3150 3190 3225 Ἰερουσαλήμ,
3218 3148 3311 3202 καὶ
3337 3147 3469 3201 αὐτὸ
3502 3145 3564 3197 τὸ
3598 3143 3846 3212 ἁγίασμα

634 3252 977 3305 simulacrum
1012 3252 1152 3319 quod
1184 3251 1235 3303 in
1285 3250 1459 3301 medio
1507 3246 1704 3313 templo
1733 3244 2036 3297 dedicatum
2066 3253 2167 3297 est.
2199 3232 2238 3288 (ἶ

2273 3247 2332 3299 τὸ
2360 3248 2418 3300 ὲν
2444 3247 2581 3317 αὐτῇ
2610 3248 2689 3309 είς
2716 3246 2814 3315 τὴν
2842 3243 3073 3312 ἐσχάτην
3096 3239 3434 3311 περιετράπη
3455 3235 3692 3306 ἐρημίαν
3713 3252 3728 3264 ·
3755 3238 3846 3289 καὶ

622 3342 697 3396 τὸ
724 3342 992 3411 βδέλυγμα
1024 3340 1121 3410 τῆς
1139 3339 1460 3411 ἐρημώσεως
1486 3337 1546 3388 τὸ
1571 3334 1729 3407 ῥηθὲν
1756 3333 1841 3386 διὰ
1864 3332 2061 3402 Δανιὴλ
2083 3332 2176 3386 τοῦ
2216 3338 2489 3407 προφήτου
2518 3338 2649 3407 ἔστη
2712 3337 2770 3389 ἐν
2805 3333 2883 3405 τῷ
2944 3332 3266 3402 ἁγιάσματι,
3316 3328 3378 3381 τὸ
3426 3328 3654 3400 χάλκεόν
3705 3344 3848 3397 φημι

634 3438 995 3505 ἀπεικόνισμα
1048 3430 1143 3485 τοῦ
1209 3425 1555 3499 πολιορκητοῦ
1612 3426 1669 3477 ὲν
1714 3422 1861 3493 αὐτῷ
1904 3423 2053 3493 μέσῳ
2100 3423 2178 3493 τῷ
2220 3426 2345 3498 ἱερῷ
2375 3429 2672 3502 ἱδρυμένον,

701 3530 829 3585 Haec
861 3529 1022 3597 igitur
1054 3538 1084 3578 e
1115 3523 1354 3592 plurimis
1386 3518 1684 3573 adnotanda
1721 3530 1905 3571 curavn
1955 3524 2173 3585 propter

2352 3524 2461 3594 (79)
2492 3520 2675 3576 Ταῦτα
2709 3520 2806 3591 μὲν
2837 3512 2929 3573 οὖν
2960 3516 3067 3571 άπὸ
3102 3515 3310 3587 μυρίων
3354 3510 3575 3565 τέθεικα
3616 3508 3705 3563 διὰ
3750 3509 3848 3577 τὴν

632 3621 871 3676 divinum
902 3616 1205 3671 Servatoris
1235 3610 1404 3665 nostri
1438 3608 1747 3662 vaticinium
1784 3607 2045 3673 dicentis,
2091 3605 2177 3660 γω

2282 3613 2430 3668 θείαν
2474 3614 2568 3665 τοῦ
2625 3612 2875 3682 Σωτῆρος
2922 3607 3078 3680 ημῶν
3106 3606 3407 3676 πρόρρησιν
3427 3601 3527 3672 τὴν
3557 3605 3810 3670 φήσασαν
3830 3614 3845 3629 ·

633 3710 1022 3783 praegnantibus
1046 3715 1096 3761 et
1120 3704 1430 3759 lactantibus
1454 3703 1509 3753 in
1535 3700 1709 3753 diebus
1734 3698 1879 3751 illis!
1908 3697 2011 3753 Sed
2044 3713 2180 3767 quo-

2286 3703 2429 3756 Οὺαὶ
2456 3702 2524 3754 δὲ
2551 3701 2680 3766 ταῖς
2727 3700 2796 3752 ὲν
2828 3698 3037 3769 γαστρί
3067 3698 3351 3765 ἐχουσαις
3380 3694 3479 3747 καὶ
3509 3690 3639 3756 ταῖς
3671 3693 3850 3757 θηλα-

635 3806 779 3857 niam
819 3799 885 3854 ad
910 3809 1135 3853 exteras
1172 3792 1472 3850 Servatoris
1506 3790 1873 3860 przedictiones
1903 3790 2015 3843 haec
2044 3803 2177 3857 quo-

2284 3791 2522 3857 ζούσαις
2546 3791 2615 3845 ἐν
2640 3791 2899 3855 ἐκείναις
2923 3786 3051 3854 ταῖς
3078 3787 3324 3855 ἡμέραις
3341 3802 3355 3816 ο
3385 3783 3581 3837 eum
3612 3782 3707 3835 καὶ
3734 3778 3850 3834 τοῦ·

637 3908 740 3960 qne
779 3888 989 3945 accedit
1018 3905 1032 3941 :
1067 3886 1180 3939 Erit
1208 3897 1450 3952 pressura
1494 3896 1681 3949 magna
1712 3880 1769 3932 in
1818 3887 1979 3945 terra,
2013 3888 2060 3931 et
2099 3879 2181 3930 ira

2284 3901 2344 3936 το
2369 3885 2488 3946 ταῖς
2544 3882 2876 3952 προρρήσεσι
2922 3877 3015 3933 τοῦ
3064 3878 3315 3947 Σωτῆρος
3378 3875 3715 3946 πρόσκειται,
3766 3871 3846 3933 τὸ,

638 3958 791 4047 super
814 3977 1001 4046 populo
1033 3976 1129 4028 hoc
1146 3990 1165 4039 ;
1194 3967 1933 4030 velsecuudum-Mutilmum,
1964 3967 2182 4020 tribula-

2289 3972 2493 4025 Ἔσται
2526 3969 2754 4039 ἀνάγκη
2786 3966 3015 4037 μεγάλη
3051 3966 3150 4018 ἐπι
3173 3964 3284 4032 τῆς
3328 3963 3441 4034 τῆς
3468 3963 3566 4015 καὶ
3594 3960 3742 4029 ὀργὴ
3771 3958 3847 4022 τῷ

640 4071 765 4123 latio
792 4066 1085 4136 cujusmodi
1122 4072 1279 4117 antea
1310 4075 1574 4129 nunquam
1608 4058 1800 4126 fuit“;
1832 4071 2010 4126 operte
2059 4071 2181 4125 pre-

2285 4060 2412 4127 λαῷ
2439 4062 2623 4124 τούτῳ
2648 4076 2661 4090 ·
2687 4059 2721 4130 ἢ
2754 4060 2893 4113 κατὰ
2915 4059 3006 4111 τὸν
3029 4056 3303 4111 Ματθαῖον
3323 4097 3339 4121 ,
3379 4054 3583 4120 θλίψις
3619 4053 3731 4105 οἶα
3753 4052 3849 4104 οὑ-

642 4161 774 4213 tium
810 4166 894 4213 est
935 4156 1121 4209 audire
1140 4154 1475 4215 historicum,
1508 4150 1597 4217 qui
1632 4163 1787 4203 casus
1818 4148 1937 4203 illos
1965 4146 2042 4201 sic
2070 4146 2185 4201 fere

2286 4152 2495 4205 δέποτε
2520 4150 2778 4221 γέγονεν·
2799 4147 3097 4203 ἐπακοῦσαι
3124 4147 3284 4200 καλὸν
3313 4145 3407 4198 τοῦ
3429 4141 3703 4213 ἱστορικοῦ
3730 4140 3849 4193 τού-

640 4255 827 4302 narrat
854 4264 867 4299 :
902 4264 921 4297 ι
946 4243 1010 4298 Et
1040 4242 1349 4313 singillatim
1379 4240 1593 4309 quidem
1618 4239 1842 4293 crimina
1868 4237 2066 4291 civium
2098 4250 2184 4290 re—

2287 4260 2392 4295 των
2412 4242 2586 4295 αὐτῶν
2615 4240 2683 4294 τά
2713 4240 3118 4309 ἀποτελέσματα
3141 4231 3243 4291 ὧδέ
3259 4253 3334 4307 πη
3352 4233 3691 4306 ἱστοροῦντος
3712 4232 3846 4302 (8ο)-

639 4336 847 4392 censeri
878 4343 1174 4403 nequeunt;
1208 4332 1510 4387 summatim
1528 4341 1653 4381 vero
1684 4327 1878 4391 dicam,
1902 4340 2072 4395 neque
2099 4326 2183 4380 ul-

2294 4351 2311 4384 ι
2345 4334 2479 4386 Καθ’
2497 4334 2724 4385 ἕκαστον
2744 4334 2839 4403 μὲν
2860 4327 2951 4385 οὖν
2971 4329 3239 4394 ἐπεξιέναι
3267 4329 3363 4399 τήν
3385 4326 3729 4398 παρανομίαν
3750 4326 3846 4378 αὐ-

639 4426 745 4481 lam
772 4425 957 4480 urbem
984 4425 1129 4495 paria
1161 4422 1297 4476 mala
1331 4433 1567 4491 passam,
1598 4431 1769 4485 neque
1808 4418 1934 4471 item
1960 4432 2185 4486 genera-

2287 4425 2394 4476 τῶν
2417 4463 2431 4488 ,
2482 4424 2769 4477 ἀδύνατον⁸
2819 4421 3104 4474 συνελόντα
3156 4420 3200 4475 δ’
3230 4420 3434 4481 είπεῖν,
3498 4418 3635 4488 μήτε
3694 4415 3846 4468 πόλιν

643 4518 838 4570 tionem
866 4514 1027 4567 ullam
1050 4515 1116 4567 ab
1138 4514 1268 4566 orbe
1289 4512 1504 4565 condito
1529 4510 1789 4564 scelerum
1818 4505 2185 4561 fecundiorem

2288 4512 2451 4582 ἄλλην
2477 4510 2696 4564 τοιαῦτα
2743 4510 3094 4573 πεπονθέναι,
3139 4508 3273 4578 μήτε
3302 4504 3494 4574 γενεὰν
3548 4505 3607 4570 ἐξ
3658 4505 3846 4567 αἰῶνος

644 4606 934 4661 exstitisse.
960 4604 1025 4657 Et
1056 4605 1268 4673 quidem
1295 4603 1479 4655 urbem
1510 4601 1677 4657 Judaei
1723 4598 1823 4667 ipsi
1872 4596 2184 4663 pessumde-

2290 4602 2561 4670 γεγονέναι
2619 4602 2815 4663 κακίας
2844 4599 3233 4669 γονιμωτέραν.
3266 4596 3374 4668 Τήν
3406 4596 3504 4667 μὲν
3557 4596 3715 4649 πόλιν
3768 4597 3848 4649 ἀν-

648 4700 861 4760 derunt,
910 4694 1283 4762 Romanosque
1324 4694 1516 4746 invitos
1564 4692 1736 4745 diram
1780 4685 2059 4743 victoriam
2092 4698 2186 4752 pa-

2290 4689 2699 4761 έτρεψανναὺτοὶ
2727 4731 2741 4754 ,
2798 4688 3097 4759 Ῥωμαίους
3152 4688 3209 4740 δὲ
3255 4688 3483 4747 ἄκοντας
3536 4686 3848 4755 ἠνάγκασαν

649 4799 793 4841 trare
818 4793 1129 4856 coegerunt,
1177 4795 1335 4852 atque
1366 4783 1537 4852 ignem
1561 4780 1944 4851 propemodum
1976 4791 2189 4830 moran-
2220 4790 2253 4845 ι]

2243 4791 2264 4844 )
2291 4780 2648 4849 ἐπιγραφῆναι
2682 4777 2987 4849 σκυθρωπῷ
3013 4775 3421 4847 κατορθώματι·
3444 4773 3538 4828 καὶ
3564 4775 3726 4845 μόνον
3755 4775 3847 4843 οὐχ

645 4888 750 4931 ient
803 4877 867 4929 ad
925 4875 1177 4943 templum
1219 4878 1611 4943 pertraxerunt.
1663 4870 1824 4924 Certe
1874 4868 1929 4922 id
1978 4874 2106 4921 dum
2156 4880 2187 4920 e

2280 4869 2529 4922 εἵλκυσαν
2596 4868 2856 4940 βραδῦνον
2917 4869 3006 4919 ἐπὶ
3038 4867 3129 4920 τὸν
3197 4866 3322 4920 ναὸν
3356 4865 3419 4919 τὸ
3466 4864 3607 4935 πῦρ·
3660 4864 3847 4935 ἀμέλει

644 4972 919 5036 superiore
952 4968 1081 5020 urbe
1112 4967 1497 5019 inﬂammatum
1538 4969 1845 5026 cernerent,
1886 4970 2061 5027 neque
2093 4960 2189 5009 do-

2280 4960 2563 5031 καιόμενον
2597 4962 2660 5013 ὲκ
2687 4961 2785 5028 τῆς
2810 4958 2923 5012 ἄνω
2950 4958 3155 5021 πόλεως
3176 4958 3503 5030 ἀφορῶντες»
3527 4955 3653 5010 οὗτε
3677 4957 3844 5027 ἤλγη-

645 5059 859 5112 luerunt
894 5072 1063 5125 neque
1105 5054 1361 5127 lacrymis
1398 5052 1607 5121 dignati
1647 5060 1790 5104 sunt.
1816 5068 1834 5101 ι
1869 5050 2045 5117 Atque
2074 5046 2187 5100 haec

2282 5067 2412 5113 σαν,
2452 5050 2573 5103 οὔτε
2609 5050 2928 5121 ἐδάκρυσαν.
2969 5070 2987 5100 ι
3021 5050 3202 5103 Ταῦτα
3246 5047 3337 5103 διὰ
3378 5047 3461 5112 τὸ,
3493 5048 3701 5100 Ἔσται
3740 5048 3844 5113 γὰρ

645 5148 953 5201 acciderunt
983 5157 1197 5213 propter
1227 5144 1315 5197 illa
1347 5143 1528 5203 verba,
1570 5139 1683 5192 Erit
1730 5140 1865 5192 enim
1913 5134 2185 5188 tribulatio

2280 5142 2483 5209 θλίψις
2504 5140 2735 5209 μεγάλη
2759 5156 2774 5171 ο
2833 5140 2861 5193 ὃ
2917 5140 2980 5209 δὴ
3009 5139 3102 5193 καὶ
3130 5137 3441 5210 προρρηθὲν
3474 5137 3581 5189 ὑπὸ
3609 5137 3703 5189 τοῦ
3739 5139 3845 5189 Σωο

646 5254 831 5305 mugna
857 5252 874 5288 .'
900 5240 951 5290 id
1000 5237 1137 5305 quod
1185 5252 1214 5289 a
1252 5234 1539 5289 Servatore
1569 5232 1900 5296 praedictum,
1938 5235 2059 5295 post
2089 5241 2185 5276 au-

2266 5231 2465 5301 τῆρος,
2499 5232 2911 5303 μεμαρτύρηται
2944 5232 3046 5285 ὑπὸ
3091 5230 3186 5283 τοῦ
3220 5228 3575 5300 συγγραφέως
3602 5230 3721 5298 μεθ’
3753 5230 3844 5281 ὅλα

646 5345 770 5381 num
794 5329 1019 5395 denique
1040 5326 1525 5397 quadragesimum,
1550 5321 1873 5390 Vespasium
1888 5319 2185 5372 Romanum

2290 5320 2381 5391 ἔτη
2428 5323 2862 5392 τεσσαράκοντα,
2929 5322 3065 5375 κατὰ.
3121 5321 3216 5389 τὴν
3273 5320 3678 5373 Οὐεσπασιανοῦ
3718 5321 3845 5373 Ῥω·

647 5420 929 5486 imperium
972 5428 1206 5482 tenente,
1256 5426 1390 5470 teste
1435 5413 1715 5477 historico,
1768 5423 1955 5478 reapse
2004 5406 2187 5462 conle-

1788 5423 1955 5478 'eapse
2004 5406 2187 5462 conl'e-
2292 5412 2463 5481 μαίων
2492 5413 2914 5483 αὐτοκρατορίαν
2946 5413 3229 5484 πληρωθὲν
3260 5411 3392 5483 (81).

647 5519 789 5561 ctum
819 5520 918 5562 est.

718 5600 760 5629 ¹⁸
793 5580 973 5653 Matth.
1016 5599 1259 5667 xxxvﬁli.

719 5690 829 5757 ('19)
864 5690 994 5743 Cod.
1027 5693 1087 5743 Α.
1126 5692 1160 5743 l‘.
1192 5688 1471 5757 270.,Syr.
1506 5685 1592 5746 iV,
1622 5685 1733 5757 ‘22,
2334 5676 2835 5757 ¹(81.)Ριςιιιιειξιιιιιιιίιι
2864 5677 3191 5757 ntlamussim
3212 5682 3339 5728 sunt
3364 5672 3415 5750 in
3442 5670 3662 5750 Syriaca
3684 5668 3844 5723 Theo-

866 5739 1284 5829 idse’piius'izin.’
1304 5739 1430 5811 1nd.
1460 5739 1545 5810 lib.
1577 5739 1648 5819 in,
1680 5754 1766 5806 ll.
2289 5739 2505 5816 planitia.
2536 5747 2666 5802 llcm
2694 5751 2833 5816 quod
2871 5748 3027 5815 paulo
3068 5755 3188 5813 pust
3234 5739 3691 5810 scquiturﬁaﬁra
3731 5755 3843 5806 συγ-
