4062 6426
992 548 1049 601 l'.

318 628 455 691 Εἳτα
488 635 772 707 μεθίστησι
801 637 928 701 τοὺς
957 637 1147 705 λόγους
1170 637 1201 690 ό
1229 634 1433 708 Κύριος
1460 635 1555 688 ἐπὶ
1589 634 1679 688 τὸν
1711 635 1812 705 τῆς

248 728 556 792 συντελείας
603 728 814 799 καιρὸν,
843 728 939 783 καί
989 742 1158 800 φησι·
1211 728 1322 783 Καὶ
1368 727 1539 782 ἔσται
1596 725 1814 795 σημεῖα

244 816 489 887 υὴλιφ
530 817 629 872 καὶ
683 815 915 887 σελήνῃ
969 817 1071 872 καί
1124 816 1389 887 ἄστροις.
1436 815 1811 886 Συγηχῦσθαι

242 907 394 963 δοκεῖ
420 908 491 964 τὰ
514 909 613 980 τῆς
638 908 778 963 κατά
804 909 905 981 τὴν
933 908 1077 977 λέξιν
1102 908 1443 976 ἀκολουθίας,
1492 907 1582 962 διὰ
1623 906 1687 961 τὺ
1734 906 1810 979 μὴ

241 999 551 1055 διεστάλθαι
570 1000 963 1071 ἀφωρισμένως
989 1001 1059 1055 τά
1084 1016 1144 1054 τε
1189 1000 1319 1072 περὶ
1346 1000 1450 1071 τῆς
1495 999 1813 1072 πολιορκίας

243 1089 339 1145 τοῦ
380 1090 545 1144 τόπου
576 1090 891 1162 λελεγμένα,
922 1088 1114 1144 καὶτὰ
1162 1090 1292 1163 περὶ
1337 1091 1437 1162 τῆς
1502 1090 1811 1153 συντελείας

240 1180 337 1234 τοῦ
364 1181 579 1245 αἰῶνος.
609 1183 744 1236 Κατ’
773 1181 1080 1251 οἰκονομίαν
1104 1181 1162 1235 δὲ
1190 1180 1300 1252 ἄρα
1329 1180 1423 1234 τοῦ
1451 1180 1597 1235 θείου
1643 1180 1811 1234 Πνεύ-

246 1288 414 1343 ματος
443 1274 476 1343 ἡ
503 1271 736 1341 ἀσάφεια
774 1272 961 1341 γέγονε
985 1311 1000 1336 ,
1037 1270 1367 1343 κρύπτοντος
1420 1273 1674 1344 ἐπίτηδες
1712 1275 1809 1344 τῆς

247 1363 356 1418 τῶν
383 1363 592 1419 πολλῶν
616 1362 866 1432 γνώσεως
891 1362 959 1415 τὰ
981 1364 1038 1418 ὲν
1073 1363 1404 1435 ἀπορρήτοις
1431 1366 1535 1419 ὑπὸ
1563 1364 1657 1417 τοῦ
1705 1366 1811 1419 Σω-

244 1454 411 1527 τῆρος
441 1455 621 1526 μόνοις
662 1456 772 1517 τοὶς
827 1454 988 1507 αὐτοῦ
1047 1454 1311 1525 μαθηταῖς
1364 1455 1765 1526 παραδεδομένα
1788 1473 1803 1487 ·

240 1545 385 1600 οὕτω
434 1545 608 1598 τοίνυν
656 1542 1110 1613 ἀναγνωσόμεθα,
1133 1542 1209 1605 ὼς
1236 1544 1286 1595 εί
1338 1542 1477 1613 μετὰ
1524 1543 1809 1614 διαστολῆς

238 1639 426 1709 εἴρητο
456 1635 665 1691 τοῦτον
710 1635 801 1690 τὸν
852 1636 1078 1706 τρόπον⁸
1122 1636 1256 1706 Περὶ
1309 1635 1409 1705 μὲν
1470 1635 1566 1705 τῆς
1620 1651 1806 1688 συντε-

236 1727 389 1792 λείας
421 1728 517 1782 τοῦ
555 1726 784 1793 αἰῶνος,
825 1725 1050 1797 βλέπετε
1104 1726 1177 1797 μή
1214 1742 1300 1789 τις
1351 1726 1494 1796 ὖμᾶς
1532 1724 1803 1798 πλανήσῃ·

239 1817 427 1873 πολλοὶ
476 1817 582 1888 γὰρ
630 1815 935 1871 ἐλεύσονται
984 1815 1076 1869 ἐπὶ
1126 1813 1202 1886 τῷ
1249 1814 1471 1885 ὀνόματί
1524 1831 1653 1885 μου·
1711 1815 1806 1868 καὶ

1578 426 1667 483 DE
1704 424 2163 484 ΤΗΕΟΡΠΑΝΙΛ.

1840 558 1888 613 Α

3375 427 3480 481 6M-

2650 542 2720 598 Χ.

1983 634 2121 690 Exin
2151 634 2450 689 orationem
2479 634 2745 688 convertit
2793 631 3051 687 Servator
3108 632 3174 686 ad
3234 640 3479 700 tempora

1912 725 2419 787 consummationis,
2454 724 2641 795 aitque
2671 743 2683 777 :
2714 722 2785 777 Et
2814 735 2964 778 erant
2996 725 3150 794 signa
3178 723 3232 777 in
3260 724 3391 786 sole,
3432 734 3481 777 et

1911 816 2058 881 luna,
2110 827 2158 871 et
2194 816 2357 871 stellis
2378 818 2444 871 ".
2474 815 2745 871 Confusus
2784 815 2999 871 videtur
3031 815 3299 871 sermonis
3348 829 3477 867 cono

1913 915 2112 970 textus.
2148 908 2272 976 quia
2322 909 2545 976 praecise
2590 922 2697 962 non
2747 916 2875 963 sunt
2920 907 3199 971 distincta,
3240 920 3360 972 qua:
3412 908 3480 959 de

1911 996 2016 1053 loci
2045 996 2359 1053 obsessione
2391 997 2667 1062 dicuntur,
2693 992 2761 1052 ab
2794 997 2859 1051 iis
2889 1012 3007 1067 qua:
3036 998 3101 1051 de
3129 996 3311 1051 saeculi
3346 1011 3481 1055 con—

1911 1087 2290 1144 summatione.
2331 1086 2588 1142 Prudenti
2621 1097 2799 1142 tamen
2823 1086 2988 1141 divini
3021 1086 3256 1155 Spiritus
3287 1086 3479 1140 volun.

1914 1189 2023 1235 tate
2056 1183 2169 1236 liam
2207 1182 2513 1235 obscuritas
2548 1180 2766 1246 accidit,
2804 1188 2862 1232 ut
2893 1177 3254 1233 multitudinis
3289 1180 3478 1247 ωειιί-

1913 1269 2044 1324 tioni
2095 1280 2255 1325 caute
2304 1270 2773 1332 subtraherentur,
2809 1281 2931 1336 quin
2977 1280 3179 1320 arcano
3222 1264 3479 1319 Servatur

1910 1361 2026 1416 suis
2078 1369 2290 1414 tantum
2339 1359 2617 1431 discipulis
2661 1358 3158 1414 commendaverat.
3206 1356 3297 1411 Sic
3343 1372 3479 1426 ergo

1911 1453 2165 1521 legemus,
2202 1452 2356 1522 quasi
2403 1468 2525 1507 cuin
2570 1452 3009 1522 interpunctione
3054 1452 3258 1506 dictum
3311 1448 3477 1503 fuerit

1910 1552 1967 1597 ut
1992 1544 2235 1611 sequitur
2261 1560 2276 1597 :
2307 1542 2382 1599 De
2414 1546 2878 1600 consummatione
2912 1553 3093 1599 autem
3138 1541 3339 1607 saeculi,
3374 1556 3471 1596 ca—

1907 1644 2121 1712 vetepe
2161 1636 2283 1705 quis
2326 1650 2425 1692 vos
2464 1634 2731 1706 decipiat;
2767 1635 2919 1690 multi
2966 1634 3111 1691 enim
3144 1636 3198 1689 in
3248 1634 3467 1690 nomine

1907 1740 2027 1781 meo
2053 1725 2298 1791 venient;
2332 1732 2387 1780 et
2419 1739 2537 1794 qua:
2568 1725 2641 1779 ibi
2670 1732 2967 1792 sequuntur
2995 1723 3223 1793 reliqua.
3256 1722 3463 1781 Postre-

1910 1832 2009 1871 mm
2042 1826 2221 1872 autem
2263 1815 2365 1872 loci
2406 1816 2725 1880 obsidionis,
2748 1824 2867 1884 post
2901 1830 3063 1885 quam
3103 1814 3473 1871 restitutionis

232 1907 309 1964 τὰ
332 1907 542 1971 τούτοις
562 1906 829 1978 ἑπόμενα·
861 1905 1075 1979 περϊδὲ
1103 1906 1201 1977 τῆς
1230 1905 1542 1978 πολιορκίας
1572 1903 1666 1958 τοῦ
1714 1907 1803 1959 τό-

1907 1907 2047 1963 nulia
2076 1922 2219 1977 spes,
2243 1906 2345 1963 hoc
2374 1907 2627 1962 indicium
2656 1919 2774 1961 esse
2804 1907 2963 1961 debet
2989 1923 3003 1960 :
3030 1920 3192 1974 quum
3227 1905 3475 1961 videritis

237 2009 342 2048 που
392 1996 492 2065 τῆς
548 1993 802 2065 ὑστάτης,
838 1994 957 2065 μεθ’
1002 1996 1068 2065 ἢν
1110 1995 1211 2048 οὐκ
1255 1994 1401 2048 ἐστιν
1450 1992 1605 2058 αὖθις
1646 1995 1809 2049 αὑτὸν

236 2082 822 2155 ἀνοικοδομηθησεσθαι
859 2084 1182 2155 προσδοκᾷν,
1214 2083 1357 2137 τοῦτ’
1381 2082 1524 2154 ἔχειν
1551 2085 1807 2153 ὠφείλετε

235 2175 303 2231 τὸ
337 2178 592 2249 σημεῖονο
623 2176 749 2230 ὅταν
807 2175 958 2245 ἴδητε
983 2174 1353 2247 κυκλουμένην
1380 2175 1484 2229 ὑπὸ
1510 2174 1619 2228 τῶν
1652 2192 1815 2247 στρα-

236 2268 481 2323 τοπέδων
516 2268 615 2341 τὴν
664 2266 1013 2341 Ἰερουσαλὴμ
1036 2307 1051 2332 ,
1092 2267 1216 2322 τότε
1255 2266 1429 2338 γνῶτε
1472 2267 1554 2320 ὅτι
1585 2268 1812 2337 ἦγγικεν

234 2359 277 2431 ὴ
300 2359 580 2431 ιρήμωσις
612 2359 803 2431 αὐτῆς,
831 2360 925 2414 καὶ
948 2360 1018 2414 τὰ
1048 2358 1257 2422 τούτοις
1277 2358 1547 2412 ἀκόλουθα
1574 2361 1776 2411 ποιεῖτε
1793 2375 1807 2390 ·

234 2452 371 2524 περὶ
392 2451 451 2505 δὲ
474 2452 573 2524 τῆς
604 2451 746 2507 κατὰ
773 2452 873 2523 τὴν
914 2451 1221 2505 συντέλειαν
1250 2450 1345 2504 τοῦ
1380 2450 1577 2514 αἰῶνος
1610 2468 1813 2522 παρου-

1904 2003 2296 2056 circumdatam
2329 2000 2397 2055 ab
2430 1998 2763 2055 exercitibus
2800 1998 3159 2065 Hierusalem,
3198 2005 3329 2052 tunc
3363 1999 3475 2053 sci-

1908 2102 2015 2148 tote
2042 2092 2348 2147 vastitatem
2374 2090 2492 2161 ejus
2521 2091 2745 2154 instare,
2776 2092 3003 2159 ideoque
3027 2105 3145 2159 quae
3168 2090 3215 2144 ei
3244 2090 3319 2144 rei
3348 2098 3477 2144 sunt

1906 2180 2095 2235 idonea
2128 2178 2307 2235 facite.
2345 2178 2585 2249 Denique
2611 2179 2677 2233 de
2703 2179 3028 2235 AntidbriSti
3052 2180 3195 2233 circa
3219 2193 3477 2235 consum-

1907 2273 2199 2325 mationem
2227 2269 2406 2325 saeculi
2438 2272 2693 2335 adventu.
2728 2269 2835 2326 hoc
2856 2270 3011 2326 vobis
3038 2271 3126 2325 aio
3151 2288 3164 2324 :
3191 2267 3311 2322 Erit
3351 2278 3476 2322 tunc

1907 2360 2180 2416 tribulatio
2212 2377 2422 2432 magna.
2453 2360 2728 2418 Hactenus
2754 2365 2822 2417 de
2854 2360 3020 2434 hujus
3048 2360 3344 2431 evangelici
3370 2359 3477 2415 loci

1906 2462 2089 2523 putata
2121 2453 2460 2511 confusione.
3017 2464 3021 2468 ‘

238 2547 357 2613 σίας
388 2547 481 2602 τοῦ
526 2538 908 2620 Ἀντιχρίστου,
937 2547 1089 2603 ταῦθ’
1122 2547 1251 2619 ὑμῖν
1279 2547 1665 2617 λέγωοἜσται
1688 2550 1820 2602 τότε
1846 2550 2051 2619 θλίψις
2074 2549 2305 2621 μεγάλη
2322 2566 2338 2581 ο
2384 2549 2553 2605 ταῦτα
2593 2550 2691 2621 μὲν
2733 2548 2861 2622 περὶ
2904 2549 3002 2621 τῆς
3028 2550 3169 2603 κατὰ
3193 2547 3283 2602 τὸν
3312 2546 3480 2601 τόπον

233 2638 594 2713 νομιζομένης
616 2637 945 2709 συγχύσεως.

308 2730 423 2801 (82)
452 2731 659 2797 Ταῦτα,
696 2730 932 2801 συγγενῆ
961 2732 1088 2785 ὄντα
1112 2733 1223 2795 τοῖς
1255 2730 1407 2801 παρὰ
1442 2731 1518 2802 τῷ
1545 2732 1807 2804 Ματθαίῳ

233 2824 299 2877 ιν
321 2821 400 2894 τῷ
423 2823 538 2894 δρει
573 2822 684 2877 τῶν
713 2822 935 2876 Ἐλαιῶν
964 2822 1099 2893 πρὸς
1138 2822 1262 2885 τοὺς
1306 2821 1636 2886 ἀποστόλους
1677 2823 1807 2894 περὶ

236 2913 545 2977 συντελείας
577 2912 1048 2985 παραδεδομέναις,
1082 2913 1308 2984 φέρεται
1340 2912 1489 2984 παρὰ
1520 2913 1599 2984 τῷ
1621 2915 1804 2987 Δουκᾷ

232 3003 313 3068 ὥς
332 3003 597 3076 είρημένα
616 3002 836 3074 πρὸτῆς
866 3003 1071 3056 εἰσόδου
1099 3002 1262 3056 αὐτοῦ
1290 3003 1391 3073 τῆς
1428 3003 1802 3074 Ἰερουσαλὴμ,

234 3093 619 3167 ἑνδιατρίὸοντι
649 3092 848 3165 μεταξὺ
881 3094 1191 3166 Σαμαρείας
1215 3094 1310 3147 καὶ
1347 3093 1654 3157 Γαλιλαίας.
1714 3098 1796 3147 Δι-
1833 3140 1878 3201 C

231 3184 423 3241 δάσκει
450 3185 508 3239 δὲ
527 3183 615 3238 διὰ
631 3183 835 3239 τούτων
862 3186 937 3255 μὴ
961 3186 1072 3238 δεῖν
1090 3184 1560 3258 συναρπάζεσθαι,
1584 3186 1638 3239 si
1651 3202 1801 3246 ποτε.

235 3276 555 3341 ἑπιστάντος
587 3275 682 3330 τοῦ
712 3276 1095 3348 ’Δντιχρίστου,
1149 3276 1416 3348 διατρίχοι
1474 3277 1633 3348 φήμη
1678 3277 1807 3348 περὶ

234 3367 619 3434 αὐτοῦ,ὼςτοΰ
649 3367 884 3441 Χριστοῦ
916 3368 1190 3438 φανέντος.
1216 3369 1309 3425 Διό
1329 3386 1464 3440 φησι
1482 3386 1495 3399 ο
1543 3369 1677 3423 ἐὰν
1707 3369 1805 3423 1&-

234 3475 424 3532 τωσιν
454 3460 616 3530 ὑμῖν,
643 3452 797 3516 Ἰδοὺ
824 3454 961 3526 ὦδε,
984 3462 1025 3530 ἦ
1059 3461 1188 3516 ἰδοὺ
1216 3462 1357 3527 ἐκεῖ,
1387 3460 1472 3531 μὴ
1504 3460 1803 3528 ἐξέλθητε,

230 3548 392 3621 μηδὲ
447 3550 695 3620 διώξητε
713 3567 729 3582 ⁶
793 3550 1051 3608 ἀδύνατον
1113 3552 1222 3625 γὰρ
1280 3552 1464 3607 λοιπὸν
1518 3552 1609 3606 τὸν
1659 3553 1805 3618 ἂπαξ

233 3641 332 3695 επὶ
369 3641 471 3714 γῆς
520 3642 756 3713 φανέντα
805 3641 967 3696 πάλιν
1014 3642 1075 3697 ὲν
1127 3641 1351 3711 γωνίαις
1399 3642 1505 3713 γῆς
1554 3642 1654 3706 τὰς
1691 3643 1805 3696 δια-

231 3732 428 3806 τριϐὰς
476 3733 823 3806 ποιήσασθαι.
872 3734 936 3788 Ei
992 3728 1086 3788 οὖν
1129 3750 1215 3798 τις
1259 3734 1415 3790 ἕσται
1463 3729 1565 3789 ὦδε
1603 3734 1637 3806 ἢ
1690 3736 1807 3788 ἐκεῖ

233 3822 669 3896 θρυλλούμενος,
738 3824 813 3896 μὴ
880 3822 1175 3896 ιξέρχησθε
1238 3824 1429 3895 ὑμεῖς.
1511 3824 1648 3897 μηδὲ
1721 3843 1807 3879 πιο

234 3914 465 3987 στεύητε
521 3918 635 3979 τοῖς
699 3914 1043 3987 λεγομένοις’
1108 3914 1265 3979 ἄλλος
1333 3915 1442 3991 γὰρ
1510 3916 1663 3971 ἔσται
1717 3934 1803 3982 τις

231 3998 427 4073 οὗτος,
480 4008 578 4061 καὶ
632 4006 732 4078 οὐχ
787 4007 818 4060 ό
874 4005 1079 4078 ἀληθὴς
1139 4006 1405 4077 Χριστός·
1462 4000 1508 4075 ᾧ
1560 4008 1665 4079 χρὴ
1728 4009 1803 4079 μὴ

234 4097 541 4170 προσέχειν.
580 4096 655 4152 Τὸ
700 4096 809 4169 γὰρ
849 4097 1101 4169 μέγιστον
1152 4100 1375 4168 σημεῖον
1412 4098 1513 4163 τῆς
1548 4099 1803 4171 δευτέρας

232 4187 330 4245 τοῦ
353 4186 604 4259 Σωτῆρος
626 4187 785 4258 ἡμῶν
816 4188 1112 4260 παρουσίας
1138 4190 1213 4251 ὼς
1233 4189 1483 4261 αστραπὴ
1517 4187 1803 4260 ἐσται,οὐχ

231 4278 396 4351 ὁμοία
426 4282 546 4342 ταῖς
573 4279 795 4343 πολλαῖς
816 4279 908 4332 καὶ
938 4280 996 4334 ὲν
1028 4280 1188 4351 μέρει
1222 4278 1313 4333 τοῦ
1345 4281 1542 4344 παντὸς
1569 4281 1659 4334 ἀεὶ
1678 4298 1805 4349 φαι-

232 4369 503 4443 νομέναις,
550 4369 687 4425 ἀλλά
730 4387 813 4433 τις
842 4369 1115 4433 ίδιάζουσα
1158 4371 1253 4424 καὶ⁵
1283 4369 1430 4442 ξένη,
1485 4370 1579 4424 τὸν
1628 4371 1803 4425 πάντα

1986 2730 2133 2795 ﬁmo,
2190 2738 2415 2799 cognata
2464 2729 2569 2785 illis
2618 2745 2739 2801 quae
2794 2730 2933 2801 apud
2982 2730 3289 2786 Mattbaanm
3322 2730 3365 2763 ¹⁸
3420 2730 3477 2785 in

1908 2826 2092 2876 monte
2136 2817 2410 2873 Olivarum
2457 2819 2713 2874 dicuntur
2746 2820 3004 2886 apostolis
3024 2822 3090 2875 de
3129 2821 3311 2875 mundi
3346 2820 3477 2887 fine,

1908 2912 2047 2980 apud
2079 2911 2280 2966 Lucam
2296 2909 2340 2941 “
2375 2920 2669 2965 narrantur
2701 2926 2802 2965 ceu
2835 2912 2977 2966 dicta
3010 2920 3136 2967 ante
3171 2912 3478 2983 ingressum

1908 3004 1963 3059 in
1996 3005 2185 3059 urbem
2221 3001 2587 3065 Hierusalem,
2626 3013 2873 3058 morante
2913 3001 3038 3059 Jesu
3090 3004 3233 3059 inter
3282 2989 3477 3061 Sama-

1909 3094 2047 3148 riam
2081 3102 2137 3147 et
2186 3091 2483 3149 Galiizeam.
2534 3090 2701 3147 Docet
2745 3103 2924 3147 autem
2976 3094 3063 3150 bis
3111 3094 3313 3161 verbis,
3368 3110 3477 3151 non

1907 3194 2156 3255 oportere
2185 3199 2509 3255 quemquam
2531 3197 2717 3238 errore
2747 3185 2937 3256 abripi,
2964 3186 3009 3242 si
3043 3186 3353 3257 aliquando,
3396 3188 3479 3242 in.

1906 3286 2083 3335 stante
2112 3276 2435 3332 Antichristi
2465 3287 2727 3347 tempore,
2765 3276 2909 3331 fama
2959 3280 3025 3334 de
3056 3294 3120 3333 eo
3150 3290 3479 3350 pervagetur

1906 3368 2059 3438 quasi
2108 3368 2358 3424 Christus
2407 3370 2737 3439 apparuerit.
2793 3370 2998 3424 Idcirco
3045 3370 3119 3423 ait
3162 3388 3176 3425 :
3212 3369 3272 3425 Si
3332 3374 3478 3427 vobis

1906 3460 2155 3525 dixerint,
2192 3457 2324 3514 Ecce
2379 3461 2480 3527 hic,
2538 3470 2584 3515 et
2622 3477 2736 3517 ecce
2794 3461 2923 3526 illic,
2980 3462 3139 3516 nolite
3195 3461 3269 3511 ira
3314 3480 3478 3521 neque

1904 3553 2169 3605 seclemini
2216 3568 2235 3606 :
2290 3551 2622 3620 impossibile
2673 3553 2818 3609 enim
2856 3563 2957 3620 est,
2990 3568 3111 3610 eum
3164 3556 3255 3626 qui
3307 3557 3480 3612 semel

1905 3640 1959 3695 in
1989 3650 2134 3696 terra
2167 3643 2504 3713 apparuerit,
2539 3659 2730 3701 rursus
2761 3646 2813 3699 in
2845 3644 3055 3716 angulis
3095 3655 3258 3701 terrm
3293 3663 3477 3703 moras

1907 3733 2143 3787 trahere.
2181 3734 2239 3788 Si
2269 3748 2399 3806 ago
2439 3751 2625 3791 rumor
2672 3735 2910 3801 dicatur,
2968 3736 3097 3791 Ecce
3125 3739 3231 3802 hic,
3274 3750 3322 3793 et
3362 3757 3477 3794 ecce

1904 3825 2038 3890 illic,
2060 3840 2222 3882 nome
2246 3842 2339 3883 vos
2363 3828 2463 3894 ire,
2492 3842 2667 3897 neque
2690 3828 2852 3883 dictis
2872 3828 3128 3883 credatis.
3159 3829 3309 3886 Alius
3330 3831 3474 3885 enim

1904 3916 2133 3983 quilibet
2183 3917 2289 3971 erit
2338 3916 2464 3980 iste,
2502 3930 2608 3970 non
2644 3924 2827 3971 autem
2860 3930 3020 3972 verus
3063 3918 3341 3985 Christus;
3387 3921 3476 3974 cui

1907 4016 2191 4076 propterea
2224 4021 2328 4060 non
2351 4016 2435 4062 est
2457 4007 2870 4061 attendendum.
2895 4005 3030 4062 Nam
3054 4008 3265 4078 signum
3301 4012 3477 4065 maxi-

1905 4109 2050 4149 mum
2082 4095 2307 4149 secundi
2336 4096 2604 4151 adventus
2634 4095 2943 4153 Servatoris
2988 4100 3181 4168 nostri,
3218 4109 3476 4173 tanquam

1904 4187 2082 4255 fulgur
2111 4188 2217 4241 erit
2272 4187 2496 4243 minime
2529 4186 2706 4244 simile
2738 4190 2859 4245 aliis
2887 4193 3073 4247 multis
3116 4193 3169 4247 in
3198 4207 3352 4263 parte
3376 4195 3477 4249 ali-

1904 4294 2010 4349 qua
2041 4282 2223 4334 mundi
2252 4282 2663 4350 apparentibus,
2708 4284 2803 4340 scd
2831 4286 3109 4356 singulare
3145 4302 3207 4342 ac
3235 4288 3477 4358 peregri-

1906 4385 2035 4425 num
2079 4382 2243 4440 atque
2291 4372 2602 4428 universum
2648 4375 2833 4430 urbem
2879 4388 3102 4446 repente
3151 4382 3474 4449 pervadens.

234 4462 441 4533 κόσμον
469 4460 678 4532 ἀθρόως
703 4460 1003 4532 πληροῦσα.
1032 4461 1121 4513 Διό
1150 4479 1282 4532 φησι
1305 4478 1319 4492 °
1361 4461 1804 4529 Ἀστράπτσυσα

1907 4459 2027 4515 Ideo
2056 4461 2187 4514 dicit
2211 4476 2225 4514 :
2250 4460 2545 4517 Coruscans
2569 4466 2631 4518 de
2654 4465 2884 4518 subdiali
2906 4469 2959 4519 in
2976 4469 3278 4523 subdialem
3306 4474 3476 4538 regia-

233 4554 307 4606 ἐκ
329 4552 438 4621 τῆς
460 4554 559 4607 ὑπ’
585 4554 843 4621 οὐρανὸν
869 4556 956 4620 εις
991 4553 1106 4622 τὴν
1135 4555 1234 4609 ὑπ’
1259 4555 1517 4621 οὐρανὸν
1538 4554 1758 4623 λάμπει
1786 4573 1799 4587 ’

234 4644 423 4710 οὕτως
444 4640 557 4701 οὖν
574 4646 764 4710 ἔσται,
797 4646 981 4717 φησὶν,
1010 4649 1043 4700 ό
1084 4646 1216 4712 Υἱὸς
1238 4646 1345 4701 τοῦ
1366 4645 1678 4713 ἀνθρώπου
1702 4647 1799 4700 ἐπὶ

234 4737 538 4805 παρουσίᾳ
614 4736 800 4792 αὐτοῦ
825 4754 839 4769 ’
908 4738 1089 4792 οὐκέτι
1162 4739 1270 4809 γὰρ
1343 4737 1802 4810 περισεόλημένος

237 4826 418 4900 σάρκα
474 4826 716 4899 φθαρτὴν
769 4827 831 4894 ἐξ
888 4830 1111 4898 αἵματος
1162 4830 1257 4883 καὶ
1312 4829 1513 4884 ὀστέων
1576 4847 1798 4897 συγκει-

239 4916 411 4989 μένην
449 4915 561 4986 (85)
601 4916 832 4986 βαδίζει,
869 4917 977 4971 ουδ’
1014 4920 1108 4972 ἐπὶ
1156 4917 1261 4983 γῆς
1317 4917 1545 4988 βαδίζων
1591 4914 1682 4973 οἷά
1716 4936 1800 4984 τις

236 5006 415 5072 κοινὸς
479 5007 760 5080 ἄνθρωπος
835 5011 1129 5084 ὀφθήσεται
1157 5051 1172 5076 ,
1242 5009 1356 5066 ἀλλ’
1428 5010 1461 5070 ἢ
1535 5011 1804 5083 ὲκλάμψει

236 5096 360 5159 ὅλος
416 5096 484 5150 δι’
532 5097 652 5151 ὅλου
676 5137 693 5163 ,
741 5096 805 5151 τὸ
851 5098 967 5167 φῶς
1017 5099 1115 5170 τῆς
1166 5099 1329 5154 αὐτοῦ
1388 5099 1639 5170 θεότητος
1692 5103 1805 5161 τοῖς

239 5186 375 5241 πᾶσι
438 5185 682 5250 δεικνὺς,
742 5185 838 5240 ἅτε
896 5186 1058 5251 αὐτὸς
1118 5185 1193 5240 ὢν
1241 5185 1301 5239 τὺ
1354 5187 1590 5255 φωτίζον
1626 5189 1804 5242 πάντα

238 5275 521 5349 ἄνθρωπον
575 5275 865 5348 ἐρχόμενον
921 5278 1003 5341 είς
1054 5276 1147 5331 τὸν
1196 5277 1417 5348 κόσμον.
1469 5277 1655 5342 Οὕτως
1708 5276 1803 5335 οὖν

242 5392 434 5447 "Luc.
476 5407 589 5457 xu,
625 5392 716 5447 25.
794 5392 838 5425 ³⁸
880 5392 1225 5455 Mattlmnv,
1259 5393 1312 5447 5.
1354 5394 1399 5425 η
1426 5392 1561 5448 Luc.
1595 5410 1729 5459 xvn,
1758 5395 1850 5454 25.

238 5488 395 5569 γενῆ.
426 5496 556 5568 etc.2
587 5489 900 5569 nominatim
928 5488 1121 5571 dicitur
1148 5489 1200 5542 in
1222 5489 1408 5543 codice
1526 5488 1564 5541 f.
1590 5488 1715 5555 255,
1743 5491 1801 5570 b,

241 5576 308 5636 ex
343 5558 556 5636 Eusebii
582 5556 927 5636 Theophanis:
960 5558 1095 5636 libro
1124 5568 1340 5627 quarto.
1368 5558 1471 5625 Qut
1499 5568 1676 5636 autem
1699 5561 1802 5636 hic

243 5628 749 5698 interiacettractus
766 5623 885 5680 εἶτα
906 5623 1214 5698 μεθίστησι,
1235 5636 1366 5692 etc.,
1384 5623 1507 5682 cum
1532 5628 1584 5681 in
1614 5628 1801 5685 codice

239 5699 310 5751 Δ.
361 5695 397 5749 f.
440 5693 573 5765 οπο.
618 5698 843 5765 omnino
879 5693 1236 5752 connectatur
1284 5710 1407 5751 cum
1461 5698 1800 5765 praecedente

241 5763 857 5837 πληριυθένηείόεπιᾳυο
888 5765 1117 5821 Eusebio
1162 5763 1510 5829 inscribatur,
1545 5767 1799 5835 nullaque

243 5835 644 5905 intercapedine
666 5835 998 5907 sejungatur,
1042 5850 1268 5906 prorsus
1292 5850 1322 5892 λ
1371 5836 1527 5895 nobis
1554 5837 1645 5894 hic
1669 5840 1797 5907 poni

1909 4568 2045 4605 nent.
2082 4550 2171 4606 Sic
2198 4555 2315 4616 erit,
2342 4554 2535 4624 inquit,
2563 4552 2738 4608 Filius
2763 4558 2990 4610 hominis
3017 4559 3069 4612 in
3102 4560 3327 4613 adventu
3355 4578 3474 4619 suo.

1907 4641 2120 4697 Etenim
2168 4643 2310 4698 haud
2357 4644 2471 4715 jam
2518 4646 2859 4716 corruptibili
2918 4661 3083 4704 carne
3130 4650 3372 4718 indutus,
3421 4665 3477 4709 et

1906 4735 2168 4805 sanguine
2195 4737 2515 4805 ossibusque
2545 4748 2865 4806 compactus
2900 4742 3176 4809 procedet.
3209 4759 3389 4814 neque
3421 4746 3474 4801 in

1907 4835 2051 4880 terra
2087 4826 2371 4882 ambulans
2402 4842 2551 4882 more
2579 4831 2885 4887 communis
2917 4831 3156 4889 hominis
3181 4838 3477 4908 conspicie-

1908 4924 2017 4982 tur,
2047 4918 2141 4973 sed
2170 4919 2477 4974 coruscabit
2511 4926 2656 4975 totus
2683 4935 2778 4990 per
2804 4929 2995 4991 totum,
3021 4924 3325 4980 divinitatis
3364 4942 3476 4984 sua:

1906 5009 2088 5065 lumen
2132 5013 2344 5067 cunctis
2383 5016 2697 5080 ostendens,
2730 5030 2896 5083 quum
2932 5018 3005 5073 sit
3053 5019 3169 5089 ipse
3202 5020 3296 5090 qui
3353 5023 3476 5077 illu-

1907 5098 2076 5153 ntinat
2106 5114 2321 5155 omnem
2373 5101 2645 5156 hominem
2678 5102 2981 5173 venientem
3026 5105 3083 5159 in
3138 5106 3282 5161 hunc
3320 5124 3476 5161 mun—

1906 5187 2058 5245 dum.
2081 5189 2171 5245 Sic
2192 5191 2416 5262 itaquea
2441 5192 2594 5248 nobis
2618 5207 2680 5249 se
2717 5209 2840 5251 esse
2860 5198 3278 5266 exspectandum
3296 5199 3473 5254 docet.

1905 5279 2059 5346 Quod
2094 5281 2140 5337 si
2172 5283 2224 5337 in
2262 5292 2408 5339 terra
2444 5286 2629 5342 dicant
2661 5287 2916 5358 aliquem,
2954 5287 3043 5344 vel
3092 5289 3256 5345 fando
3286 5291 3476 5345 audia-

1900 5489 2108 5567 debnit,
2138 5488 2254 5567 sive
2294 5504 2485 5567 reapse
2533 5492 2601 5547 ad
2644 5491 3033 5567 Theophaniam
3075 5494 3367 5567 pertineat,
3412 5504 3473 5551 ut

1900 5561 2131 5620 videtur,
2158 5558 2273 5613 sive
2303 5561 2371 5613 ad
2393 5558 2872 5616 commentarium.

1966 5630 2081 5768 fg)
2107 5628 2242 5683 Cod.
2263 5629 2328 5681 Δ.
2354 5629 2397 5683 f.
2422 5630 2548 5685 253.
2578 5631 2633 5686 b.
2659 5632 2783 5711 Syr.
2820 5631 2909 5695 IV.
2936 5632 3030 5712 δῷ.

2064 5711 2102 5768 λ
2126 5696 2237 5752 Hoc
2298 5699 2532 5755 refertur
2583 5702 2649 5756 ad
2706 5702 3030 5768 Incorrupttb

1989 5698 2107 5769 83L
2126 5696 2237 5752 Hoc
2298 5699 2532 5755 refertur
2583 5702 2649 5756 ad
2702 5696 3301 5769 incorruptibilitatem;
3363 5719 3472 5760 non

1895 5770 2037 5837 quod
2072 5767 2336 5827 Eusebius
2372 5778 2528 5840 neget
2549 5770 2749 5829 Christi
2773 5767 2993 5828 carnem
3017 5772 3074 5827 in
3103 5767 3340 5831 secundo
3371 5777 3470 5831 ad.

1898 5846 2082 5897 ventu.
