4062 6412
654 339 759 396 659

1306 350 1573 410 EUSEBII
1607 353 2075 420 CESARIENSIS
2107 353 2259 414 OPP.
2295 354 2471 413 PARS
2504 352 2594 412 IV.
2630 384 2700 396 —
2737 348 3147 411 DOGIlATlCA.

655 460 795 516 rinm
833 464 1050 521 oraculo
1093 467 1258 525 fuisse
1291 473 1700 541 prmnuntiatum
1727 488 1886 547 atque
1909 493 1940 533 a
1980 477 2182 548 Spiritu

2298 476 2703 548 τροτεθέσπιστο
2747 476 2841 529 καί
2886 470 3223 545 προελαλήθη
3272 470 3351 544 τῷ
3397 469 3713 541 Πνεύματι,
3764 468 3844 531 ὡς

655 550 1002 620 praedictum,
1058 556 1175 611 lore
1228 559 1483 618 nimirum
1531 575 1589 620 ut
1623 564 1726 621 sub
1767 580 1835 626 eo
1878 574 2189 624 nasceretur

653 637 921 710 Christus,
967 646 1059 713 qui
1090 647 1318 705 humana
1364 662 1556 711 cuneta
1585 670 1743 726 regna
1774 656 2098 725 destrueret.
2136 666 2190 715 et

654 744 808 784 stinm
850 739 1215 795 tantummodo
1263 741 1461 811 ubique
1502 744 1783 810 stabiliret,
1832 748 1985 817 cujus
2014 748 2190 804 nullus

654 816 795 872 roret
826 818 965 875 linis.
1007 822 1144 893 Ergo
1167 826 1266 881 viri
1292 828 1677 889 desideriorum
1708 816 1928 890 oracula
1957 835 2057 892 hoc
2083 835 2191 891 fer-

653 921 743 961 sne
774 922 1140 980 argumentum
1180 915 1499 974 habuerunt.

726 998 1177 1065 Quemadmodum
1232 1006 1358 1061 olim
1406 1006 1632 1079 Βωιί
1667 1010 1897 1082 principi
1931 1014 2191 1084 interpres

655 1099 981 1155 somniorum
1018 1104 1226 1158 exstitit
1267 1105 1484 1175 Joseph,
1518 1107 1588 1160 ita
1615 1104 1799 1160 Daniel
1822 1104 2187 1160 Chaidaorum

652 1187 975 1245 dominatori
1042 1191 1572 1251 Nabuchodonosoro
1644 1195 1814 1250 visum
1880 1194 2182 1251 declaravit.

652 1276 854 1349 Nempe
898 1281 1041 1350 quod
1085 1291 1258 1339 statua
1291 1286 1343 1339 iu
1386 1287 1588 1342 somnis
1632 1286 1732 1357 ipsi
1755 1293 1992 1353 ostensa,
2040 1285 2189 1355 cujus

652 1378 814 1435 caput
861 1382 1111 1436 aureum,
1156 1382 1339 1442 pectus
1378 1383 1727 1443 argenteum,
1766 1383 1953 1430 venter
1988 1388 2189 1436 ancus,

654 1458 819 1523 pedes
859 1456 1041 1526 ferrei,
1083 1469 1315 1529 quatuor
1372 1464 1593 1533 imperia
1650 1463 1997 1534 signiﬁcaret.
2073 1462 2191 1531 Ipse

655 1544 870 1610 quidem
899 1555 1059 1616 caput
1084 1560 1323 1613 aureum,
1352 1561 1567 1619 propter
1594 1564 1723 1617 opes
1752 1549 2013 1603 maximas
2033 1557 2192 1617 atque

656 1636 876 1693 delicias
902 1653 1084 1708 regum
1112 1640 1544 1714 Assyriacorum.
1599 1640 1845 1711 Magnum
1876 1648 2053 1695 autem
2087 1639 2192 1694 fuit

655 1726 991 1799 Assyriorum
1039 1730 1341 1802 imperium,
1372 1732 1497 1802 quia
1529 1731 1697 1786 tenuit
1735 1728 2049 1801 Egyptum,
2095 1727 2187 1783 Li-

654 1817 836 1887 byam,
862 1825 917 1874 et
950 1801 1251 1896 universam
1288 1801 1495 1887 Asiam,
1533 1831 1589 1876 et
1623 1833 1793 1890 usque
1838 1819 1905 1874 ad
1944 1818 2188 1873 Indorum
2219 1801 2265 1863 Β

657 1908 927 1977 rcgionem
953 1908 1084 1965 lines
1111 1909 1376 1981 protulit:
1409 1909 1708 1979 mansitque
1736 1908 1909 1980 longis
1929 1921 2192 1962 annorum

657 1998 919 2067 periodis;
955 2015 1077 2054 nam
1117 2010 1275 2070 capto
1308 2016 1339 2054 a
1372 1998 1670 2056 Nembrodo
1710 1999 1885 2063 initio,
1928 2012 2099 2067 usque
2126 1998 2194 2053 ad

658 2083 1229 2145 Nabuchodonosorum
1274 2087 1486 2143 devenit
1532 2102 1547 2140 :
1592 2101 1766 2157 neque
1801 2096 1960 2142 antea
2016 2086 2192 2153 desiit,

656 2189 816 2244 quam
852 2177 938 2231 ille
961 2176 1055 2233 Dei
1087 2178 1283 2247 templo
1322 2177 1807 2249 Hierosolymitano
1843 2192 2033 2234 manus
2061 2178 2197 2248 inje-

656 2270 756 2325 cit.
790 2268 902 2326 lloc
924 2276 1066 2327 enim
1098 2281 1311 2343 patrato
1344 2270 1609 2340 facinore,
1652 2273 1837 2329 statim
1870 2272 2006 2329 Iledi
2033 2277 2197 2344 Assy-

657 2359 859 2414 riorum
902 2360 1183 2433 imperium
1225 2362 1616 2430 dissolverant;
1666 2363 1983 2435 primusque
2025 2362 2197 2434 Cyrus

634 2450 728 2505 ad
766 2449 959 2508 Persas
1001 2452 1278 2510 transtulit
1327 2461 1683 2523 potentatum.
1749 2450 1981 2509 Secundi
2036 2453 2199 2522 igitur

658 2549 782 2611 post
803 2542 1053 2615 Assyrios
1076 2543 1253 2601 Persa
1284 2544 1404 2600 orbi
1451 2545 1823 2616 imperitarunt
1842 2543 2121 2613 splendide
2143 2552 2198 2597 et

659 2630 854 2703 insigni
883 2648 1007 2707 cum
1039 2634 1209 2705 gloria
1240 2650 1255 2687 :
1282 2648 1442 2704 quam
1473 2649 1585 2690 rem
1621 2633 1993 2705 signiﬁcabant
2017 2628 2199 2705 partes

659 2720 908 2779 ucundm
966 2721 1022 2784 ie
1073 2731 1269 2788 statua,
1323 2734 1546 2795 argento
1600 2731 1924 2781 constantes.
1984 2723 2199 2781 Tertius

659 2826 791 2868 vero
809 2813 1189 2882 superveniens
1214 2812 1519 2872 Alexander
1542 2814 1758 2871 Macedo
1794 2814 2048 2886 pugnavit
2075 2829 2197 2871 cum

659 2900 823 2959 Persa
850 2900 1031 2970 Dario,
1065 2917 1237 2975 eoque
1266 2904 1429 2972 vieto,
1460 2905 1744 2977 imperiam
1780 2907 1848 2961 ad
1876 2904 2198 2963 Macedones

662 2988 894 3047 devolvit
921 3006 938 3046 :
968 2992 1132 3063 hique
1155 2992 1404 3063 gentibus
1439 2993 1648 3050 cunctis
1673 2992 1830 3064 potiti
1856 3001 2003 3060 sunt,
2053 2994 2198 3051 tertii

662 3088 786 3151 post
810 3080 1031 3151 primos.
1054 3080 1439 3153 Signiﬁcabant
1472 3091 1653 3139 autem
1697 3082 1796 3140 bos
1822 3097 2058 3154 quoque,
2093 3092 2201 3140 tes-

664 3170 755 3227 tia
797 3178 988 3230 statua:
1020 3182 1205 3244 partes
1237 3187 1305 3228 ex
1347 3186 1455 3230 ere
1481 3189 1497 3228 :
1526 3182 1612 3229 est
1647 3172 1791 3228 enim
1836 3172 1952 3229 hac
1979 3173 2202 3231 materia

663 3263 822 3323 valde
852 3266 1074 3333 vocalis,
1103 3274 1160 3323 et
1215 3267 1374 3338 longe
1422 3264 1633 3335 lateque
1680 3280 1959 3322 resonans.
2010 3264 2205 3339 Hujus-

667 3354 811 3410 modi
838 3354 939 3410 l'ult
972 3353 1317 3413 Iacedonum
1364 3355 1665 3425 imperium,
1725 3355 1822 3424 qui
1854 3354 2023 3412 αι’ιοί
2051 3364 2206 3412 erant

666 3452 722 3500 et
745 3444 1014 3502 idiomatis
1039 3446 1422 3515 exquisitioris.
1462 3444 1593 3502 Post
1622 3446 1737 3501 hec
1763 3446 1998 3503 ferreum
2037 3447 2203 3504 deno-

669 3534 878 3590 tabatur
901 3534 1207 3604 imperium,
1234 3524 1489 3602 validum,
1515 3544 1573 3592 et
1607 3549 1775 3607 super
1820 3536 1996 3592 omnia
2020 3537 2203 3608 priora

667 3623 1018 3682 fortissimum
1050 3640 1067 3682 :
1092 3642 1212 3682 nam
1236 3634 1291 3682 et
1312 3624 1439 3682 ferri
1464 3636 1654 3681 natura
1688 3625 1925 3697 reliquas
1950 3628 2207 3685 materias

666 3716 963 3787 propellere
1000 3725 1056 3774 et
1094 3731 1348 3789 superare
1390 3717 1545 3773 solet.
1590 3716 1873 3784 Quodnam
1925 3732 2054 3774 vero
2100 3719 2204 3775 hoc

668 3818 773 3873 est,
804 3808 905 3864 nisi
932 3808 1291 3865 Romanorum
1333 3808 1636 3879 imperium,
1680 3809 1822 3879 quod
1869 3808 2208 3866 Macedonico

670 3898 963 3954 successit?
1009 3896 1118 3953 Sub
1152 3899 1253 3955 hoc
1274 3897 1450 3955 ferreo
1475 3899 1700 3968 imperio
1745 3898 1993 3954 Christus
2024 3900 2205 3956 nasci-

670 3998 779 4053 tur,
814 3986 945 4057 lapis
967 3986 1032 4044 de
1057 3996 1236 4046 monte
1262 4004 1359 4045 nec
1384 3989 1534 4045 ferro
1564 4003 1666 4045 nec
1695 3990 1942 4046 manibus
1963 3991 2203 4047 excisus.

672 4074 799 4131 llaec
836 4090 964 4132 vero
1009 4076 1232 4146 imperia
1294 4078 1394 4133 sub
1446 4078 1767 4148 imaginibus
1815 4079 2204 4136 irrationalium

672 4180 1040 4237 amarumque
1065 4166 1303 4224 ferarum
1333 4176 1548 4224 ostensa
1581 4169 1851 4239 propheta:
1881 4169 2117 4226 fuerunt.

2288 568 2407 621 κατ’
2435 565 2601 636 αὑτὴν
2635 564 2911 636 μέλλοντος
2936 559 3259 633 γεννηθῆναι
3284 560 3550 640 Χρισετοιὶἱ,ι
3568 560 3629 623 δς
3650 558 3839 631 {pals

2286 661 2465 723 πάσας
2492 657 2591 722 τάς
2631 660 2690 711 έν
2732 656 3035 729 ἀνθρώποις
3083 654 3355 726 βασιλείας
3396 651 3708 723 καθαιρεῖν,
3746 648 3841 703 καὶ

2284 750 2385 821 τὴν
2425 748 2559 803 ἰδίαν
2614 747 2979 802 ἀποδεικνύειν
3026 746 3193 818 μόνην
3245 743 3462 799 πάντων
3507 738 3836 813 κρατοῦσαν»

2286 843 2381 895 καὶ
2406 840 2555 904 τέλος
2593 838 2694 892 οὐκ
2723 836 3126 909 ἰπιδεχομένην.
3156 833 3239 889 Τά
3265 850 3330 903 γε
3365 834 3473 904 μὴν
3509 830 3611 885 τοῦ
3649 827 3840 898 ἀνδρὸς

2285 930 2394 985 τῶν
2424 928 2722 1000 έπιθυμιῶν
2751 928 3087 1000 θεσπίσματα
3107 920 3211 981 ὧδέ
3235 941 3312 996 πη
3342 920 3487 993 εἶχεν
3508 919 3839 981 ὑποθέσεως.

2360 1023 2564 1091 Ὠσπερ
2604 1018 2735 1072 ποτε
2779 1016 2857 1089 τῷ
2895 1018 2996 1088 τῆς
3015 1015 3288 1085 Αἰγύπτου
3319 1012 3541 1084 ἄρχοντι
3572 1007 3845 1082 έρμηπὺς

2286 1112 2393 1165 τῶν
2420 1110 2752 1181 τεθεαμένων
2778 1111 2838 1162 έν
2877 1108 3061 1170 ὕπνοις
3090 1105 3326 1173 κατέστη
3350 1104 3381 1156 ό
3421 1100 3641 1170 Ἰωσὴφ,
3672 1097 3846 1160 οὕτως

2286 1202 2315 1253 ό
2349 1197 2541 1269 Δανιὴλ
2568 1196 2645 1268 τῷ
2672 1194 2950 1249 Χαλδαίων
2986 1195 3205 1265 ἄρχοντι
3245 1186 3723 1259 Ναϐουχοδονόσορ
3747 1184 3847 1254 τὴν

2288 1290 2408 1360 δψιν
2446 1265 2714 1358 cremet,
2756 1287 2833 1349 ὡς
2868 1285 2977 1356 ἀρα
3007 1286 3041 1355 ἡ
3087 1282 3247 1337 εἰκὼν
3286 1280 3425 1335 κατά
3468 1279 3600 1340 τοὺς
3646 1265 3862 1337 cm‘

2288 1380 2436 1452 αὐτῷ
2476 1379 2720 1451 ὀφθεῖσα,
2749 1372 2819 1449 ἧς
2863 1378 2898 1448 ἡ
2937 1373 3145 1445 κεφαλὴ
3195 1372 3393 1445 χρυσῆν
3437 1370 3499 1425 νδ
3541 1369 3602 1422 δὶ
3652 1365 3852 1437 στῆθος

2288 1472 2576 1545 ἀργύρεον,
2618 1472 2653 1542 η
2688 1470 2745 1524 δὲ
2773 1467 2947 1523 κοιλία
2972 1465 3167 1538 χαλκῆ,
3204 1464 3298 1517 καί⁸
3325 1463 3377 1516 οἰ
3420 1460 3584 1523 πόδες
3616 1457 3853 1528 σιδηροῖ,

2289 1564 2554 1633 τέσσαρας
2594 1560 2741 1631 δηλοῖ
2780 1556 3075 1629 βασιλείας·
3113 1553 3272 1617 αὐτὸς
3303 1553 3397 1624 μὲν
3437 1551 3587 1605 εστιν
3611 1550 3647 1620 ἡ
3675 1546 3854 1620 χρυσῆ

2291 1650 2495 1723 κεφαλὴ
2525 1648 2613 1703 διά
2639 1647 2700 1702 τὺ
2730 1644 3094 1719 βαθύπλουτον
3122 1641 3215 1697 καὶ
3243 1639 3514 1712 τρυφηλὺν
3544 1637 3658 1691 τῶν
3698 1634 3858 1708 παρὰ

2302 1740 2601 1811 Ἀσσυρίοις
2646 1735 3115 1810 βεϐασιλευκότων.
3158 1730 3383 1801 Μεγάλη
3425 1728 3485 1782 δι
3516 1727 3615 1782 καί
3640 1724 3783 1796 αὕτη
3815 1726 3853 1795 η

2289 1829 2399 1883 τῶν
2457 1827 2755 1898 Ἀσσυρίων
2804 1823 3073 1896 βασιλεία·
3108 1823 3369 1891 κατέσχον
3410 1818 3522 1891 γάρ
3570 1817 3856 1888 Αἰγύπτου

2292 1920 2385 1973 καὶ
2412 1916 2615 1989 Λιϐύης
2652 1915 2833 1978 Ἀσίας
2866 1932 2926 1969 τε
2969 1914 3167 1984 πάσης,
3196 1909 3407 1981 διῆλθόν
3442 1926 3504 1962 τε
3544 1908 3641 1962 καὶ
3688 1907 3857 1979 μέχρι

2289 2009 2391 2077 τῆς
2435 2005 2611 2060 Ἰνδῶν
2660 2004 3017 2075 οἰκουμένης·
3053 1999 3305 2071 διήρκεσέ
3340 2014 3401 2052 τε
3442 1998 3682 2068 μακραῖς
3714 1995 3858 2050 ἑτῶν

2291 2097 2578 2170 περιόδοις,
2607 2092 2887 2168 ἀρξαμένη
2922 2092 3022 2161 μέν
3058 2088 3167 2145 ἀπὸ
3192 2087 3287 2143 τοῦ
3313 2085 3562 2157 Νεϐρὼδ,
3592 2085 3860 2157 παρατει-

2290 2205 2424 2244 νασα
2464 2187 2521 2241 δέ
2561 2185 2654 2239 tui
2702 2183 2792 2237 τὸν
2834 2179 3331 2251 Ναϐουχοδονόσορ·
3364 2175 3426 2231 ού
3480 2176 3746 2251 πρότερον
3796 2175 3859 2231 α

2291 2277 2619 2349 ἀπεσσέσοη,
2651 2276 2686 2346 ἢ
2715 2276 2903 2347 χεῖρας
2947 2272 3041 2326 ιπι
3073 2271 3166 2326 τδν
3202 2271 3262 2325 ιν
3300 2268 3692 2342 Ἱεροσολύμοις
3720 2265 3860 2321 νεὼν

2289 2370 2384 2425 τοῦ
2416 2366 2555 2424 Θεοῦ
2588 2366 2789 2438 βαλεῖν.
2823 2362 3024 2418 Τούτου
3060 2362 3170 2434 γὰρ
3201 2360 3513 2432 γενομένου,
3540 2358 3719 2430 Μἠδοι
3748 2374 3858 2411 πα-

2293 2457 2553 2531 ραχρῆμα
2603 2454 2703 2527 τὴν
2768 2452 3066 2524 Ἀσσυρίων
3120 2449 3295 2522 ἀρχὴν
3347 2445 3741 2503 καταλύουσιν*
3779 2439 3859 2500 ὧν

2292 2548 2505 2621 πρῶτος
2535 2544 2717 2618 Κῦρος
2756 2546 2838 2607 εἰς
2866 2542 3080 2615 Πέρσας
3111 2539 3479 2612 μετεστήσατο
3519 2537 3623 2609 τὴν
3653 2538 3858 2609 ἡγεμο-

2293 2908 2653 2981 πεποιημένα.
2677 2907 2869 2980 Τρίτος
2902 2904 2959 2958 δέ
2986 2901 3222 2958 έπελθὼν
3246 2899 3588 2971 Ἀλέξανδρος
3617 2902 3647 2954 ό
3674 2900 3861 2953 Μακε-

2293 3002 2398 3057 ea»
2426 2997 2719 3072 συμϐάλλει
2753 2995 2853 3068 μὲν
2880 2993 2959 3067 τῷ
2993 2994 3177 3065 Πέρσῃ
3207 2990 3437 3064 Δαρείῳ·
3469 2989 3609 3044 mw
3648 2990 3709 3054 δὴ
3734 2989 3860 3043 τοῦ.

2298 3110 2411 3157 τον,
2442 3090 2541 3163 τὴν
2565 3088 2736 3161 ἀρχὴν
2762 3084 3165 3151 animum;
3193 3082 3582 3154 μετεστήσατοο
3606 3079 3705 3135 καὶ⁵
3725 3096 3863 3153 κρα-

2301 3184 2483 3239 τοῦσιν
2514 3176 2658 3235 οὗτοι
2704 3176 2813 3232 τῶν
2857 3175 3025 3230 ἰθνῶν
3064 3173 3318 3229 ἀπάντων
3350 3171 3523 3247 τρίτοι
3568 3172 3710 3243 μετά
3734 3170 3861 3237 τοὺς

2302 3274 2567 3348 πρώτους.
2629 3270 2916 3341 Ἔοήμαινε
2966 3266 3024 3321 δι
3058 3265 3166 3338 ἀρα
3211 3265 3307 3320 καί
3358 3262 3577 3329 τούτους
3610 3263 3684 3318 τὰ
3705 3265 3864 3336 τρίτα

2304 3364 2443 3438 μέρη
2478 3362 2579 3433 τῆς
2605 3359 2811 3422 εἰκόνος
2840 3356 2929 3413 διά
2956 3355 3049 3411 τοῦ
3077 3354 3305 3427 χαλκοῦ·
3330 3354 3569 3424 εύφωνος
3588 3353 3698 3424 γὰρ
3725 3354 3860 3425 αὕτη

2300 3455 2336 3524 ὴ
2363 3450 2462 3521 ὕλη
2494 3449 2590 3504 καὶ
2628 3446 2841 3519 μικρὸν
2866 3445 3018 3518 ὴιιιν
3044 3443 3333 3515 δυναμένη·
3364 3442 3601 3513 τοιαύτη
3629 3442 3689 3497 δι
3717 3460 3801 3506 τις
3823 3442 3861 3515 ἡ

2300 3542 2407 3597 τῶν
2437 3539 2759 3595 Μακεδόνων
2796 3535 3079 3609 ἡγεμονία,
3118 3533 3384 3605 Ἑλλήνων
3411 3532 3578 3587 όντων
3616 3533 3716 3587 καὶ
3762 3532 3865 3604 τὴν

2302 3630 2546 3701 γλῶτταν
2569 3627 2969 3698 λογικωτέρωψ
3008 3624 3102 3678 επὶ
3140 3623 3197 3678 δι
3239 3622 3449 3689 τούτοις
3484 3622 3584 3695 τὴν
3615 3623 3864 3696 σιδήρεον

2303 3720 2521 3793 ᾐνίξατο
2550 3717 2841 3789 βασιλείαν,
2871 3713 3137 3788 κραταιὰν
3175 3714 3270 3768 καὶ
3310 3714 3674 3786 διαφερόντως
3709 3714 3865 3786 παρὰ

2306 3813 2485 3874 πάσας
2529 3811 2629 3873 τὰς
2668 3807 2773 3879 πρὸ
2799 3806 2965 3877 αὐτῆς
3008 3806 3359 3877 ἰσχυροτάτην
3378 3822 3393 3836 ·
3427 3806 3550 3859 έπεὶ
3579 3806 3675 3860 καὶ
3701 3808 3737 3878 η
3767 3804 3862 3861 τοῦ

2307 3900 2523 3972 σιδήρου
2558 3899 2782 3969 δύναμις
2826 3895 3065 3949 έλαύνειν
3107 3895 3201 3949 καὶ
3242 3894 3499 3966 δαμάζειν
3538 3895 3639 3960 τὰς
3669 3896 3864 3962 tum;

2307 3992 2437 4055 ὔλας
2460 3990 2617 4059 φύσιν
2639 3989 2769 4060 εχει.
2799 3986 2894 4051 Τίς
2916 3986 2975 4041 δι
2998 3985 3159 4058 αὕτη,
3181 3987 3216 4059 ἢ
3240 3987 3349 4041 τῶν
3383 3987 3670 4057 Ῥωμαίων
3697 3987 3862 4060 ἀρχὴ,

2304 4083 2404 4155 τῆς
2431 4080 2539 4157 τῶν
2574 4077 2893 4135 Μακεδόνων
2930 4079 3245 4131 καταστᾶσα
3274 4077 3541 4147 διάδοχοςς
3588 4078 3649 4131 έν
3692 4078 3862 4150 ταύτῃ

2305 4176 2372 4245 τῇ
2402 4173 2592 4244 σιδηρᾷ
2614 4170 2855 4241 βασιλείᾳ
2873 4168 3103 4240 Χριστὸς
3120 4170 3393 4237 γεννᾶται,
3415 4170 3445 4223 ό
3462 4168 3693 4239 τμηθεὶς
3718 4169 3866 4234 λίθος

2306 4267 2364 4331 έξ
2389 4264 2562 4335 ὅρους,
2582 4262 2643 4315 ού
2665 4260 2885 4331 σιδήρῳ,
2903 4260 3014 4314 ἀλλ’
3036 4260 3163 4314 ἄνευ
3188 4259 3401 4330 χειρῶν·
3427 4260 3503 4330 τῷ
3527 4260 3583 4313 δι
3611 4262 3864 4335 προφήτῃ

2310 4352 2511 4424 θηρίων
2542 4348 2749 4418 ἀλόγων
2770 4364 2831 4402 τε
2854 4348 2948 4401 καὶ
2976 4346 3182 4417 ἀγρίων
3213 4348 3271 4399 ὲν
3307 4348 3538 4417 μορφαῖς
3568 4345 3861 4403 έδείκνυτο.

741 4436 892 4494 Sicut
930 4452 1062 4493 auro
1096 4436 1436 4508 Assyriorum
1484 4453 1615 4508 opes
1646 4441 2074 4509 repraesentavit,
2128 4443 2201 4502 sic

2353 4441 2693 4515 (90')'0m9
2710 4438 2888 4509 μέντοι
2900 4438 2984 4493 διὰ
2997 4436 3089 4490 τοῦ
3102 4434 3297 4511 χρυσοῦ
3308 4436 3368 4490 τὺ
3380 4435 3745 4508 βαθύπλουτον
3760 4436 3865 4493 τῶν

672 4528 837 4587 learns
863 4529 1220 4585 ell'eminatam
1252 4529 1460 4586 illorum
1502 4531 1823 4601 mollemque
1849 4532 2015 4588 vitam
2046 4534 2201 4592 deno-

2322 4532 2613 4603 Ἀσσυρίων
2636 4528 2954 4599 παρίστατο,
2974 4526 3115 4581 οὕτω
3139 4526 3226 4581 διὰ
3251 4526 3353 4595 τῆς
3378 4524 3594 4595 λεαίνης
3616 4524 3681 4578 τὸ
3708 4525 3866 4598 τεθη-

675 4619 829 4673 tavit.
860 4618 1140 4675 Persarum
1168 4635 1295 4675 vero
1328 4621 1631 4676 tarditatem
1660 4631 1717 4676 et
1748 4623 1957 4691 pondus
2003 4640 2099 4694 per
2127 4642 2217 4681 ur-

674 4724 809 4786 sam.
845 4709 1129 4766 Panthera:
1168 4710 1476 4781 pernicitati
1517 4710 1877 4768 Alexandrum
1936 4728 2217 4784 compara-

674 4801 771 4864 vit,
797 4810 1014 4872 propter
1060 4787 1264 4858 indolis
1306 4802 1422 4873 eius
1447 4818 1669 4859 acumen
1724 4812 1778 4859 et
1814 4805 2165 4861 mobilitatem
2196 4820 2213 4861 :

676 4892 763 4946 hic
788 4891 929 4945 enim
960 4906 1081 4947 cum
1133 4893 1385 4948 tredecim
1436 4900 1489 4948 et
1548 4893 1759 4963 quidem
1791 4894 1930 4948 haud
1989 4894 2209 4965 integris

674 4983 831 5039 annis
883 4984 1209 5053 regnaverit,
1266 4983 1521 5038 mundum
1584 4983 1891 5038 universum
1937 4984 2209 5049 decurrit,

676 5071 913 5143 qualibet
932 5086 1032 5129 ave
1066 5071 1358 5138 volucrior,
1389 5072 1656 5142 Europam
1692 5088 1881 5143 nempe
1911 5083 1968 5128 et
2002 5074 2208 5141 Asiam,

676 5165 847 5226 donec
876 5168 1045 5233 ipsum
1089 5178 1345 5219 oceanum
1382 5164 1581 5229 attigit.
1612 5163 1836 5217 Romani
1866 5176 2048 5218 autem
2105 5163 2213 5218 lla-

676 5254 909 5309 cedones
950 5252 1178 5321 imperio
1207 5250 1595 5321 spoliaverunt,
1631 5261 1957 5319 postremum
2003 5250 2211 5305 illorum

676 5344 1002 5413 deponentes
1051 5357 1228 5412 regem
1286 5341 1564 5395 Perseum.
1639 5341 1808 5411 Syros
1856 5354 2071 5409 quoque
2118 5354 2215 5409 per

675 5432 983 5504 Pompeium
1034 5442 1196 5504 atque
1251 5432 1541 5499 Gabinium
1598 5432 1761 5487 duces
1817 5432 2211 5501 subjugarunt,

678 5522 963 5593 Asiamque
1021 5538 1116 5592 per
1185 5521 1396 5579 eosdem
1449 5521 1853 5590 stipendiariam
1943 5521 2209 5577 fecerunt.

678 5638 799 5701 τοὺς
823 5638 981 5691 αὑτοῦ
1008 5638 1313 5707 κατέγραψε
1351 5638 1563 5722 νόμους,
1599 5636 1690 5689 καὶ
1720 5636 1996 5707 παρεδίδου
2027 5652 2089 5702 γε
2116 5636 2212 5759 τίὲν

679 5707 866 5759 καινὴν
887 5709 1152 5759 Διαθήκην
1176 5708 1445 5759 λογισυοις
1470 5707 1560 5759 καὶ
1586 5706 1837 5759 διανοίαις
1874 5705 2154 5759 κεκαθαομ
2190 5735 2212 5746 -

679 5707 866 5779 καινὴν
887 5705 1161 5780 Διαθήκην
1176 5705 1445 5777 λογισμοῖς
1470 5707 1560 5760 καὶ
1586 5705 1837 5769 διανοίαις
1874 5705 2213 5773 κεκαθαρμέ-

2308 4623 2533 4695 λυμένον
2559 4619 2735 4675 αὐτῶν
2760 4618 2854 4672 καὶ
2876 4616 3071 4687 χαῦνον
3101 4615 3351 4686 ἐδηλοῦτο
3368 4632 3381 4645 ·
3405 4614 3468 4668 τὺ
3486 4614 3543 4668 δι
3565 4613 3734 4685 βραδὺ
3759 4614 3865 4670 τῶν

2308 4712 2528 4785 Περσῶν
2559 4710 2653 4764 καὶ
2666 4707 3001 4777 δυσκίνητον,
3018 4706 3106 4760 διά
3133 4706 3233 4777 τῆς
3262 4706 3432 4777 ἄρκου
3449 4719 3465 4735 ⁶
3518 4706 3783 4777 παρδάλει
3806 4708 3865 4762 δέ

2308 4805 2553 4877 πτερωτῇ
2588 4800 2680 4855 τὸν
2736 4796 3077 4867 Ἀλέξανδρον
3110 4797 3388 4867 ἀφωμοίου
3415 4794 3502 4850 διὰ
3527 4796 3590 4850 τὸ
3620 4797 3722 4869 τῆς
3765 4798 3864 4867 φύ.

2309 4906 2441 4953 σεως
2471 4887 2564 4953 ὀξὺ
2599 4885 2693 4940 καὶ
2736 4882 3039 4953 εὐκίνητονο
3069 4882 3176 4937 οὐδ’
3203 4882 3344 4948 ὅλοις
3374 4882 3506 4953 γοῦν
3533 4882 3683 4937 έτεσι
3716 4884 3865 4956 τρισὶ

2308 4980 2401 5032 καὶ
2430 4978 2562 5031 δέκα
2609 4975 2705 5047 τὴν
2745 4973 2919 5045 ἀρχὴν
2963 4974 3357 5046 ἐπικρατήσας,
3402 4972 3499 5046 την
3540 4975 3865 5047 οἰκουμένην

2308 5066 2536 5138 ἐπῆλθεν
2569 5065 2809 5129 ἃπασαν,
2839 5062 3036 5125 παντὸς
3062 5062 3247 5129 ὀρνέου
3277 5062 3464 5117 θᾶττον
3488 5060 3739 5127 δωπτάς,
3765 5064 3864 5117 Εὐ-

2314 5157 2499 5227 ρώπην
2537 5155 2674 5226 ὁμοῦ
2716 5153 2810 5207 καὶ
2851 5152 3053 5217 Ἀσίαν,
3099 5153 3175 5216 ὡς
3219 5153 3409 5225 μέχρις
3448 5152 3611 5207 αὑτοῦ
3660 5153 3863 5223 ψαῦσαι

2311 5244 2577 5299 ὠκεανοῦ·
2637 5244 2895 5313 Ῥωμαῖοι
2941 5240 2999 5293 δδ
3052 5242 3364 5304 Μακεδόνας
3406 5242 3503 5312 μιν
3545 5242 3645 5313 τῆς
3690 5242 3861 5314 ἀρχῆς

2315 5335 2699 5408 ἀφαιροῦνται,
2751 5332 2983 5387 ὕστατον
3032 5332 3210 5387 αὐτῶν
3266 5330 3488 5402 βασιλέα
3551 5331 3865 5402 καθελόντες

2315 5428 2557 5501 Περσέα·
2606 5426 2807 5496 Σύρους
2851 5425 2911 5479 δὲ
2955 5424 3307 5491 ὑποτάττουσι
3344 5424 3433 5478 διὰ
3468 5423 3862 5495 Πομπηίουκαλ

2315 5519 2561 5574 Γαϐινίου
2591 5514 2926 5587 στρατηγῶν,
2958 5518 3056 5587 τήν
3084 5532 3144 5569 τε
3186 5516 3371 5569 Ἀσίαν
3398 5514 3605 5579 έλόντες
3638 5515 3729 5569 διά
3760 5514 3862 5572 νῦν

2316 5652 2529 5764 “iam
2558 5702 2689 5757 Cod.
2721 5702 2781 5756 Α.
2811 5700 2850 5757 ι.
2882 5698 2967 5767 tt,
2992 5700 3048 5757 b.
3073 5700 3205 5757 Cod.
3232 5698 3293 5754 ε.
3324 5697 3360 5752 r.
3393 5698 3483 5754 65.
