4062 6394
573 330 672 385 063

1243 317 1511 376 EUSEBll
1546 311 2017 374 CESARIENSIS
2053 309 2112 368 Ol

2244 308 2425 366 PARS
2459 307 2548 366 IV.
2587 336 2659 352 -—
2694 304 3114 364 DOGIATICA.

3688 301 3797 357 σοι

574 462 781 501 σον-ται
838 442 1125 513 ὀφθαλμοὶ
1156 438 1417 510 τυφλῶν,
1462 438 1560 493 καί
1597 433 1717 492 ὦτα
1776 433 1987 504 κωφῶν
2012 434 2367 488 ἀκούσονται
2392 448 2405 464 -
2440 431 2575 484 τότε
2628 427 2853 484 usis-at
2904 426 2983 492 ὡς
3049 426 3281 494 ἔλαφος
3322 424 3357 478 ό
3402 419 3642 513 κοιλὰς,

574 537 756 606 spari)
802 511 976 592 te...
1029 511 1291 604 γλῶσσα
1359 528 1726 608 mium-
1769 525 1858 581 ὅτι
1909 525 2124 596 ἐρράγη
2191 527 2260 580 ἐν
2327 522 2401 593 τῇ
2462 522 2660 593 ἐρήμῳ
2688 521 2864 590 ὕδωρ,
2895 519 2994 574 και
3030 518 3069 586 τι
3112 516 3350 588 φάραγξ
3371 516 3446 572 er
3503 512 3587 585 τῇ
3609 511 3793 583 διψῶ.

573 642 652 696 σῃ
681 626 815 696 (94)-

642 718 767 772 iltec
800 716 855 769 in
907 712 1077 769 sacris
1106 709 1280 772 libris,
1326 716 1579 775 tanquam
1613 704 1665 758 in
1700 702 1990 767 columnis,
2021 701 2112 756 im-

2292 707 2473 763 Ταῦτα
2505 705 2705 778 βίϐλοις
2748 707 2938 780 ίεραῐς,
2962 703 3153 776 ὥσπερ
3182 705 3243 758 ὲν
3269 701 3511 775 στήλαις,
3544 714 3790 753 τετυπω-

573 823 757 879 presss
786 806 911 861 olim
946 802 1080 872 apud
1109 815 1167 855 se
1182 799 1435 854 habentes
1465 796 1712 850 Hebraar
1727 794 1904 862 gentis
1931 794 2114 856 duces,

574 910 853 970 postquam
887 894 1017 963 ipsis
1048 889 1401 944 renuntiatum
1424 896 1513 941 est
1527 883 1785 939 Joannem
1821 884 1873 939 in
1906 884 2118 939 deserto

573 1000 627 1044 et
651 989 806 1057 juxta
834 983 1120 1038 Jordauem
1169 978 1382 1033 ﬂuvium
1433 976 1753 1046 pmdicare;
1806 974 1963 1029 lactis
1990 988 2119 1042 prte-

574 1079 835 1133 dictiones
881 1070 1241 1132 conferentes,
1294 1068 1462 1136 ipsum
1491 1080 1609 1119 esse
1651 1074 1705 1119 et
1736 1078 1841 1118 non
1869 1065 2054 1127 alium,
2085 1079 2113 1117 a

573 1165 829 1235 prepbeta
866 1162 1241 1231 signiﬁcatum,
1286 1156 1678 1225 conjiclebant;
1730 1154 2015 1222 missisque
2043 1153 2116 1208 le.

573 1256 712 1325 satis
736 1255 990 1322 mutabant
1042 1266 1167 1305 num
1217 1248 1330 1313 ipse
1354 1258 1501 1301 esset
1536 1245 1802 1301 Christus.
1852 1242 1901 1299 ls
1938 1254 2114 1299 autem

575 1347 830 1416 negabat;
885 1354 938 1399 et
984 1357 1041 1397 se
1092 1356 1194 1394 non
1238 1352 1360 1393 esse
1400 1352 1740 1393 communem
1775 1335 2115 1391 Servatorem

575 1438 840 1492 fatebatur
870 1450 886 1489 :
919 1434 1010 1490 sed
1038 1432 1177 1487 enim
1208 1440 1469 1499 praesente
1491 1430 1600 1499 jam
1625 1443 1689 1483 eo
1720 1430 1809 1497 qui
1841 1438 2118 1495 exspecta-

574 1529 758 1591 batur,
788 1524 1027 1595 ejusdem
1071 1536 1132 1577 se
1178 1534 1563 1589 pracursorem
1604 1518 1861 1573 dicebat:
1898 1532 2117 1573 verum-

575 1626 752 1670 tamen
784 1628 844 1668 se
884 1612 1018 1666 nihil
1052 1610 1192 1664 aliud
1235 1622 1397 1677 quam
1444 1621 1633 1663 vocem
1663 1607 1964 1663 Servatoris
1989 1623 2119 1666 nun-

573 1703 720 1760 tiam.
748 1712 867 1755 esse
894 1697 1141 1752 docebat.
1175 1696 1338 1765 quue
1386 1695 1662 1763 Evangelii
1692 1695 1872 1750 divina
1898 1696 2120 1762 exponit

573 1789 893 1857 Scriptum:
927 1785 1129 1844 Fassus
1164 1796 1266 1853 est,
1308 1787 1503 1856 inquit,
1534 1801 1593 1841 se
1642 1801 1748 1840 non
1797 1800 1916 1842 esse
1962 1788 2115 1843 Chri-

570 1892 733 1955 stum,
766 1880 857 1935 sed
884 1894 1068 1935 vocem
1118 1880 1171 1933 in
1207 1879 1419 1934 deserto
1466 1877 1791 1933 clamantem
1833 1895 1846 1931 :
1890 1877 2118 1948 Dirigite

572 1971 704 2024 uiam
734 1968 963 2023 Domini.
992 1969 1103 2039 Ego
1136 1984 1271 2037 aqua
1298 1968 1526 2035 baptiso,
1565 1970 1767 2022 medius
1814 1977 1989 2023 autem
2032 1985 2116 2022 ue-

2220 800 2354 871 μένα
2382 799 2549 853 πάλαι
2571 799 2700 870 παρ’
2725 798 2934 861 ἑαυτοῖς
2958 795 3172 867 ἔχοντες
3201 795 3253 849 ol
3288 791 3669 863 καθηγεμόνες
3696 786 3789 845 τοῦ

2229 889 2495 944 Ἰουδαίων
2530 888 2736 955 ῑθνους,
2766 886 2954 957 tanta}
2992 873 3253 956 ⁵Ῑῶάννης
3279 884 3466 945 αὐτοῖς
3495 879 3791 953 κηρύττειν

2216 981 2308 1033 ἐπὶ
2331 980 2431 1050 τῆς
2456 981 2662 1052 ἐρήμου
2693 980 2787 1033 καὶ
2824 979 2967 1049 ἀμφὶ
2992 977 3082 1032 τὸν
3120 972 3669 1053 Ἰορδάνηνποταμδν
3686 971 3795 1039 ἠγ·

2216 1071 2452 1140 γέλλετο,
2479 1074 2591 1134 τοῖς
2629 1070 2921 1147 πράγμασι
2947 1068 3046 1132 τὰς
3079 1067 3415 1140 προρρήσεις
3456 1062 3795 1133 συμϐάλλον-

2216 1178 2326 1224 τες,
2361 1160 2521 1215 αὐτὸν
2546 1155 2683 1213 εἶναι
2711 1158 2806 1212 καὶ
2846 1159 2948 1212 οὐκ
2969 1156 3126 1211 ἄλλον
3161 1155 3252 1209 τὸν
3277 1152 3366 1207 διὰ
3385 1151 3482 1206 τοῦ
3504 1153 3793 1222 προφήτου

2217 1253 2608 1322 σημαινόμενον
2648 1249 3029 1321 ὑπετόπησαψ
3069 1246 3295 1319 ἠρώτων
3330 1262 3393 1300 τε
3432 1244 3795 1300 timo-reﬂav-

2214 1358 2328 1406 τες,
2359 1344 2407 1394 el
2432 1342 2587 1405 αὐτὸς
2615 1342 2700 1412 εῐη
2726 1344 2755 1395 ό
2780 1340 3032 1412 Χριστός.
3081 1339 3139 1391 '0
3166 1338 3221 1392 δὲ
3248 1337 3323 1408 μὴ
3345 1331 3483 1390 εἶναι
3514 1337 3615 1407 μὲν
3645 1336 3799 1406 ὡμο-

2216 1431 2381 1498 λόγει,
2426 1432 2546 1485 ἐπεὶ
2580 1430 2702 1501 μηδ’
2731 1428 2890 1491 αὐτὸς
2911 1427 2974 1480 τὸ
3000 1426 3176 1480 κοινὸν
3202 1427 3461 1480 ἁπάντων
3497 1424 3793 1494 σωτήριον·

2217 1523 2482 1592 παρόντος
2522 1520 2581 1575 δὲ
2613 1519 2710 1592 ἢδη
2756 1516 2850 1571 τοῦ
2890 1516 3338 1589 προσδοκωμένου
3360 1553 3375 1577 ,
3421 1513 3617 1566 ἑαυτὸν
3650 1507 3798 1568 εἶναι

2216 1611 2539 1683 πρόδρομον,
2565 1610 2658 1664 καὶ
2685 1609 2781 1681 τὴν
2812 1607 2903 1662 ἐπὶ
2934 1607 3033 1678 τῆς
3074 1608 3279 1678 ἐρήμου
3312 1604 3497 1674 φωνὴν
3522 1604 3627 1674 τὴν
3663 1618 3802 1657 κατ-

2215 1701 2507 1773 αγγελικὴν
2543 1699 2637 1754 τοῦ
2689 1698 2955 1770 σωτηρίου
2976 1737 2991 1763 ,
3033 1697 3195 1759 αὐτὸς
3257 1695 3452 1748 ἑαυτὸν
3496 1692 3641 1748 εἶναι
3686 1691 3801 1749 ιδι-

2213 1791 2412 1844 δασκε·
2456 1791 2552 1843 καὶ
2584 1787 2741 1843 τοῦτο
2768 1791 2803 1860 ἡ
2840 1788 2958 1841 θεία
2995 1784 3089 1840 τοῦ
3122 1785 3454 1853 Εὑαγγελίου
3488 1783 3797 1855 παρίστησι

2222 1887 2408 1957 Γραφή
2428 1902 2442 1916 ·
2482 1884 2813 1956 Ὠμολόγησε
2833 1885 2963 1955 γὰρ,
2998 1884 3180 1955 φησὶν,
3201 1884 3282 1935 ὅτι
3310 1883 3433 1935 Οὐκ
3458 1881 3578 1949 εἰμὶ
3613 1879 3732 1951 ἐγὼ
3758 1883 3797 1936 ό

2215 1976 2483 2045 Χριστὸς.
2520 1976 2655 2031 ἀλλ’
2686 1976 2801 2045 ἐγὼ
2828 1974 2995 2045 φωνὴ
3028 1972 3295 2040 βοῶντος
3338 1973 3409 2026 ἐν
3452 1972 3529 2041 τῇ
3566 1972 3792 2041 ἐρήμῳ,

570 2071 731 2114 strut-
757 2062 919 2124 stetit,
949 2075 1097 2128 quem
1119 2076 1206 2113 vos
1229 2060 1434 2115 nescitis
1461 2060 1527 2113 ".
1557 2058 1730 2113 Lucas
1765 2061 1889 2114 item
1936 2059 2112 2115 simili-

2214 2066 2515 2119 Εὐθύνατε
2548 2063 2662 2133 τὴν
2699 2062 2843 2117 ὁδὸν
2881 2064 3132 2130 Κυρίου·
3179 2059 3292 2130 ἐγὼ
3323 2060 3593 2125 βαπτίζω
3632 2058 3796 2130 ὑμᾶς

571 2160 655 2206 ter
682 2157 886 2214 narrat,
921 2149 1382 2205 confabulantibus
1413 2150 1622 2204 cunctis
1652 2152 1793 2205 circa
1826 2149 2113 2206 Jordanem

569 2244 636 2297 de
686 2239 913 2304 Joanne,
970 2254 1094 2293 num
1148 2242 1193 2293 is
1238 2239 1486 2294 Christus
1539 2248 1699 2305 esset,
1764 2241 2107 2309 respondisse

567 2328 825 2385 Joannem
863 2344 876 2379 :
906 2326 1018 2395 Ego
1047 2327 1258 2396 quidem
1310 2343 1397 2380 eos
1428 2344 1565 2397 aqua
1608 2329 1831 2397 baptiso,
1860 2330 1994 2383 venit
2016 2347 2116 2383 au-

568 2431 671 2473 tem
695 2419 784 2487 qui
816 2433 898 2471 me
928 2417 1116 2485 fortior
1137 2425 1250 2481 est;
1302 2417 1411 2484 ipse
1456 2433 1543 2471 eos
1586 2417 1866 2485 baptisabit
1916 2416 2115 2487 Spiritu

568 2518 749 2563 scuto
782 2518 828 2560 et
853 2508 969 2574 igne
997 2506 1062 2561 ³ο.
1098 2506 1233 2572 Quid
1261 2516 1344 2560 est
1367 2516 1563 2561 .autem
1595 2507 1771 2577 ignis?
1814 2521 2001 2576 nempe
2034 2509 2113 2561 rei

566 2595 779 2651 inutilis
809 2595 1166 2664 consumptio,
1193 2605 1251 2649 et
1272 2596 1435 2649 ardor
1459 2595 1696 2664 spiritus.
1731 2596 1926 2650 Eodem
1953 2610 2113 2651 sensu

566 2683 802 2743 JOaunes
836 2700 1048 2755 quoque
1104 2684 1417 2761 (apostolus)
1468 2686 1645 2739 aiebat
1680 2704 1692 2739 :
1726 2684 1827 2739 Hic
1872 2688 2011 2740 uenit
2057 2689 2113 2741 in

567 2776 940 2841 testimonium,
975 2786 1029 2829 ut
1068 2777 1416 2830 testimonium
1458 2777 1742 2844 perhiberet
1776 2778 1840 2830 de
1892 2777 2111 2844 lumine,

567 2875 624 2919 stt
653 2882 826 2919 omnes
852 2868 1115 2919 crederent
1147 2881 1236 2933 per
1267 2868 1456 2932 ipsum.
1492 2864 1612 2919 Non
1641 2876 1753 2919 erat
1784 2867 1872 2920 ille
1910 2868 2106 2933 lumen,

567 2957 657 3010 sed
683 2966 737 3007 ut
772 2956 1121 3009 testimonium
1149 2955 1434 3024 perhiberet
1464 2957 1527 3009 de
1565 2955 1758 3011 lumine
1788 2957 1853 3009 ".
1892 2955 1997 3012 Sed
2024 2957 2112 3012 hic

567 3044 783 3112 quidem
830 3045 905 3098 ita
952 3045 1161 3098 initium
1204 3045 1598 3113 praedicationis
1645 3045 1895 3110 faciebat,
1946 3046 2114 3102 dedu-

530 3146 698 3187 'ceus
759 3135 907 3189 vocis
967 3135 1139 3188 instar
1189 3134 1461 3189 hominum
1530 3137 1737 3190 animas
1771 3137 1838 3190 ad
1886 3136 2112 3205 perfecti

567 3222 721 3278 verbi
750 3225 1159 3293 susceptionem.
1204 3224 1561 3291 Quamobrem
1592 3224 1847 3279 Joannem
1895 3226 2113 3281 inchoa-

567 3314 771 3369 tionem
798 3327 914 3370 esse
945 3313 1241 3384 Evangelii,
1269 3315 1479 3370 Marcus
1512 3316 1843 3369 demonstrat
1866 3316 1929 3368 ι’.
1957 3316 2111 3372 Post-

567 3419 728 3473 quam
753 3419 879 3459 vero
908 3420 1010 3459 vox
1035 3406 1181 3459 siluit
1205 3421 1427 3460 munere
1450 3421 1549 3461 suo
1578 3405 1856 3471 defuncta,
1880 3417 1935 3461 et
1961 3410 2114 3477 quasi

566 3493 757 3563 exigua
784 3495 1071 3563 pbosphori
1102 3496 1219 3551 luce
1252 3509 1458 3551 mentes
1491 3497 1767 3552 hominum
1814 3499 1927 3567 jam
1954 3501 2113 3555 clari-

566 3585 864 3652 ﬂcsverat,
930 3595 1058 3643 tunc
1109 3600 1321 3643 demum
1373 3590 1701 3659 unigenitum
1758 3590 1900 3659 quod
1957 3604 2111 3649 antea

566 3678 859 3732 exsistebat
888 3677 983 3734 Dei
1008 3677 1264 3747 Verbum,
1294 3682 1536 3756 praprios
1564 3696 1689 3738 caro
1716 3681 1913 3741 factum
1936 3686 2116 3743 emisit

567 3768 900 3843 splendores.

1275 4036 1410 4093 XIV.

640 4125 777 4181 Salis
838 4127 1082 4197 symbolo
1140 4130 1518 4198 discipulorum
1590 4147 1806 4186 suorum
1858 4135 2109 4189 virtutem

565 4217 743 4270 innuit
770 4217 834 4270 ³³.
890 4217 1023 4272 Nam
1050 4219 1173 4287 quia
1215 4219 1342 4273 salis
1388 4231 1579 4274 natura
1629 4237 1696 4275 ex
1732 4237 1869 4291 aqua
1896 4237 1950 4277 et
1981 4225 2109 4280 ﬂatu

564 4316 795 4372 constat,
820 4322 1008 4377 parum
1054 4310 1179 4376 quid
1216 4311 1414 4363 terreni
1462 4313 1811 4380 participans,
1844 4325 1898 4369 et
1924 4330 2111 4370 corru-

561 4399 828 4465 ptibilium
878 4414 1161 4469 corporum
1206 4399 1402 4456 ﬂuxam
1452 4414 1699 4458 naturam
1739 4410 2110 4479 conStringere

562 4488 721 4552 solet,
753 4490 825 4542 ita
857 4499 914 4543 ut
942 4492 1104 4543 etiam
1150 4492 1410 4547 cadavera
1458 4495 1775 4562 praevalente
1803 4498 1853 4551 vi
1890 4514 2110 4553 conser-

560 4589 680 4645 vet;
731 4582 1111 4637 convenienter
1173 4583 1467 4654 discipulus
1534 4602 1661 4642 suos
1726 4589 1854 4643 salis
1906 4602 2109 4644 naturae

2213 2156 2282 2207 ἐν
2309 2153 2510 2216 ὕδατω
2526 2152 2716 2223 μέσος
2752 2152 2819 2206 δὲ
2857 2150 3024 2222 ὑμῶν
3055 2151 3340 2218 εἱστήκει,
3375 2150 3447 2205 ὃν
3476 2150 3652 2219 ὑμεῖς
3679 2153 3795 2204 οὐκ

2213 2246 2425 2304 οἴδατε.
2463 2247 2571 2299 Καὶ
2602 2244 2815 2307 Λουκᾶς
2839 2242 2897 2297 δὲ
2926 2243 2996 2298 τὰ
3034 2244 3195 2314 ὃμοια
3229 2243 3468 2314 ἱστορεῖ,
3505 2242 3591 2294 ὅτι
3626 2240 3788 2295 Πάν-ι

2212 2353 2326 2393 των
2344 2332 2828 2403 διαλογιζομένων
2843 2333 2975 2403 περὶ
3008 2333 3295 2398 Ἰωάννου,
3314 2332 3400 2403 μή
3424 2349 3572 2387 ποτε
3598 2333 3787 2401 αὐτὸς

2212 2428 2302 2496 ειη
2329 2431 2360 2482 ό
2387 2428 2657 2497 Χριστὸς,
2686 2428 3042 2495 ἁπεκρίνατο
3075 2428 3109 2488 ό
3148 2424 3457 2493 Ἰωάννηςο
3500 2424 3649 2494 Ἐτὼ
3665 2424 3790 2494 μὲν

2212 2518 2381 2577 ὕδατι
2419 2517 2680 2583 βαπτίζω
2721 2514 2897 2587 ὑμᾶς,
2924 2518 3164 2586 ἔρχεται
3207 2515 3348 2571 ded
3394 2516 3788 2587 ἰσχυρότερός

2208 2626 2346 2677 μου·
2373 2610 2553 2675 αὐτὸς
2580 2606 2737 2684 ὑμᾶς
2764 2608 3052 2678 βαπτίσει
3076 2607 3147 2661 ἐγ
3173 2609 3473 2677 Πνεύματι
3503 2609 3653 2675 ἁγίῳ
3687 2606 3792 2661 καὶ

2213 2699 2373 2767 πυρί.
2414 2698 2480 2756 Τί
2512 2699 2567 2753 δὲ
2597 2698 2658 2752 τὸ
2702 2696 2844 2770 πῦρ;
2883 2699 2919 2768 ἡ
2964 2696 3065 2751 τοῦ
3111 2697 3311 2767 κούφου
3344 2698 3581 2769 δαπάνη,
3624 2700 3719 2751 καὶ
3754 2699 3791 2769 η

2213 2787 2359 2852 ζέσις
2387 2786 2479 2841 τοῦ
2515 2788 2839 2862 πνεύματος.
2871 2787 2983 2857 Τῆς
3016 2787 3187 2859 αὐτῆς
3214 2788 3395 2863 ἔχεται
3421 2788 3662 2852 διανοίας
3694 2789 3787 2841 καὶ

2211 2881 2240 2933 ὁ
2277 2881 2523 2952 Ἰωάννης
2570 2879 2740 2948 λέγων
2762 2896 2778 2910 ·
2837 2876 3024 2946 Οὗτος
3063 2876 3252 2950 ἦλθεν
3295 2882 3383 2949 εις
3424 2882 3783 2949 μαρτυρίαν,

2214 2973 2313 3026 ἵνα
2333 2970 2692 3041 μαρτυρήσῃ
2733 2970 2866 3039 περὶ
2896 2970 3003 3025 τοῦ
3041 2970 3266 3039 φωτὸς,
3300 2971 3401 3025 ινα
3439 2973 3662 3038 πάντες
3694 2988 3787 3024 πι-

2214 3063 2513 3116 στεύσωσι
2546 3061 2617 3113 δι’
2645 3061 2849 3115 αὐτοῦ’
2878 3062 2988 3115 οὐκ
3016 3057 3095 3132 ἦν
3116 3062 3347 3127 ἐκεῖνος
3371 3061 3436 3115 τὸ
3463 3062 3616 3130 φῶς,
3644 3064 3783 3118 ἀλλ’

2212 3152 2315 3205 ἵνα
2346 3148 2699 3220 μαρτυρήσῃ
2732 3151 2863 3218 περὶ
2893 3151 2999 3204 τοῦ
3039 3152 3251 3219 φωτός.
3304 3151 3443 3204 Ἀλλ’
3481 3145 3644 3217 οὗτος
3686 3153 3784 3224 μὲν

2212 3235 2313 3295 ὧδέ
2342 3259 2416 3311 πη
2446 3240 2856 3315 προκατήρχετο
2890 3239 2984 3292 τοῦ
3011 3239 3384 3312 κηρύγματος,
3407 3241 3670 3297 ὁδοποιῶν
3695 3236 3784 3295 οἷα

2141 3382 2185 3442 c
2217 3332 2365 3405 φωνὴ
2408 3331 2504 3395 τὰς
2549 3331 2654 3385 τῶν
2701 3329 3000 3401 ἀνθρώπιον
3045 3331 3223 3407 ψυχὰς
3268 3334 3346 3395 εἰς
3379 3332 3649 3405 ὑποδοχὴν
3689 3332 3783 3387 τοῦ

2214 3420 2415 3479 τελείου
2452 3421 2642 3489 λόγου·
2686 3419 2835 3473 ἐνθεν
2880 3420 3103 3484 εἰκότως
3137 3420 3392 3491 ἀπαρχὴν
3414 3420 3508 3474 τοῦ
3536 3422 3785 3493 Εὐαγγε-

2213 3512 2325 3566 λίου
2375 3512 2536 3564 αὐτὸν
2583 3508 2720 3565 εἶναι
2773 3513 2801 3566 ὁ
2846 3511 3070 3581 Μάρκος
3116 3511 3424 3565 ὲδίδασκεν·
3482 3513 3671 3584 ἐπειδὴ
3726 3513 3787 3569 δὲ

2212 3602 2419 3656 ἐσιώπα
2445 3602 2541 3671 μὲν
2567 3604 2601 3673 η
2624 3601 2773 3671 φωνὴ
2803 3601 2870 3657 τὰ
2892 3604 3064 3654 οἰκεῖα
3094 3601 3430 3679 πληρώσασα
3457 3604 3621 3675 μέρη,
3651 3621 3783 3675 σμι-

2214 3691 2331 3764 κρῷ
2365 3708 2423 3743 τε
2462 3685 2550 3743 οἶα
2578 3692 2848 3762 φωσφόρῳ
2887 3693 3027 3762 φωτὶ
3056 3693 3153 3756 τὰς
3182 3692 3290 3746 τῶν
3319 3693 3621 3764 ἀνθρώπων
3650 3712 3786 3750 κατ-

2218 3782 2501 3848 αυγάσασα
2548 3780 2813 3845 διανοίας,
2858 3783 3019 3845 αὐτὸς
3072 3783 3135 3855 δὴ
3183 3783 3365 3836 λοιπὸν
3407 3786 3434 3836 ὁ
3486 3787 3785 3861 μονογενὴς

2212 3875 2306 3926 καὶ
2348 3871 2528 3944 προὼν
2560 3873 2652 3928 τοῦ
2692 3873 2825 3927 Θεοῦ
2864 3875 3034 3943 Λόγος
3069 3874 3157 3929 διὰ
3207 3876 3406 3949 σαρκὸς
3429 3877 3528 3941 τὰς
3570 3880 3783 3945 οἰκείας

2213 3964 2484 4033 ἐξέπεμπε
2512 3965 2897 4036 μαρμαρυγός.

2863 4055 2939 4109 ιΔι
2978 4058 3111 4127 (95).

2284 4144 2378 4199 Διὰ
2408 4146 2500 4199 τοῦ
2533 4147 2641 4202 τῶν
2670 4148 2810 4202 ἁλῶν
2846 4149 3112 4218 συμϐόλου
3150 4150 3249 4221 τὴν
3284 4151 3513 4221 δύναμιν
3542 4154 3780 4210 αἰνίττε-

2211 4252 2297 4289 ται
2324 4237 2430 4289 τῶν
2465 4237 2723 4309 μαθητῶν
2760 4240 2945 4297 αὐτοῦ.
2995 4241 3147 4297 Ἐπεὶ
3172 4242 3281 4312 γὰρ
3312 4246 3362 4294 οί
3396 4244 3523 4307 ἆλες
3550 4246 3649 4317 τὴν
3675 4246 3784 4316 μιν

2209 4325 2390 4377 οὐσίαν
2430 4325 2488 4388 ἐξ
2524 4326 2711 4391 ὕδατος
2753 4331 2845 4382 καὶ
2887 4330 3195 4398 πνεύματος
3239 4336 3619 4404 συνεστήκασι,
3655 4353 3781 4407 σμι-

2209 4418 2336 4491 κρόν
2365 4435 2415 4470 τι
2437 4419 2528 4472 τοῦ
2554 4419 2784 4488 γεώδους
2820 4423 3152 4496 μετέχοντες,
3181 4424 3280 4493 τῆς
3303 4426 3361 4481 δὲ
3384 4427 3493 4481 τῶν
3516 4428 3779 4501 φθαρτῶν

2212 4509 2473 4577 σωμάτων
2508 4512 2737 4580 ῥευστῆς
2770 4513 2981 4581 φύσεως
3019 4518 3351 4570 πυκνωτικοὶ
3390 4522 3778 4591 τυγχάνουσιν,

2208 4598 2283 4661 ὡς
2320 4601 2413 4652 καὶ
2457 4601 2525 4653 τὰ
2564 4603 2731 4672 νεκρὰ
2764 4604 3070 4677 διακρατεῖν
3117 4608 3344 4680 σώματα
3373 4614 3645 4685 κρείττονι
3685 4616 3780 4671 δυ-

561 4682 858 4740 comparat,
885 4672 1138 4739 quoniam
1182 4683 1235 4728 et
1263 4676 1362 4743 ipsi
1410 4690 1474 4729 ex
1521 4692 1659 4745 aqua
1687 4689 1741 4733 et
1781 4680 1983 4749 Spiritu
2015 4698 2106 4751 ge-

2211 4689 2363 4758 νάμει
2388 4708 2400 4722 ·
2442 4694 2665 4757 εἰκότως
2694 4697 2821 4759 τοὺς
2851 4672 2998 4767 αύτῷ
3045 4672 3512 4773 μαθητευομένους
3554 4710 3621 4777 τῇ
3661 4708 3779 4767 τῶν

560 4762 660 4815 niti
706 4761 937 4826 fuerant,
973 4773 1139 4833 atque
1181 4768 1400 4821 omnino
1441 4768 1645 4837 Spiritu
1692 4772 1938 4837 animati,
1997 4790 2102 4829 non

559 4862 737 4906 autem
795 4856 1089 4913 secundum
1150 4871 1362 4912 carnem
1411 4860 1679 4925 viventes,
1745 4864 1873 4919 salis
1934 4866 2105 4920 instar

558 4940 953 5007 quodammodo
986 4952 1161 5009 erant,
1202 4948 1607 5016 corruptibilem
1640 4960 1970 5007 terrenorum
2002 4956 2115 5011 bo--

559 5030 763 5083 tninum
802 5033 965 5085 vitam
996 5035 1325 5103 corrigentes
1346 5050 1509 5107 atque
1534 5040 1892 5107 obdurantes;
1925 5054 1980 5098 et
2009 5060 2103 5102 eos

556 5120 650 5189 qui
704 5122 972 5187 probitate
1010 5140 1223 5179 morum
1262 5129 1393 5195 ipsis
1445 5131 1891 5200 propinquabant,
1941 5137 2102 5202 perii-
2142 5192 2145 5193 ν

557 5210 759 5265 cientes
786 5211 1035 5283 dulcique
1061 5218 1219 5272 veluti
1252 5235 1445 5288 sapore
1487 5222 1765 5277 donantes.
1811 5224 2101 5295 Propterea

2207 4780 2348 4833 ἁλῶν
2396 4784 2727 4854 παρασάλὶει
2766 4786 2953 4855 φύσει,
3002 4791 3124 4843 ἐπεὶ
3158 4791 3253 4847 καὶ
3286 4794 3439 4846 αὐτοὶ
3476 4794 3537 4860 ἐξ
3581 4796 3786 4864 ὕδατος

2208 4872 2301 4926 καὶ
2324 4873 2635 4945 Πνεύματός
2674 4880 2777 4930 είσι
2821 4881 3172 4952 γεγενημένοι
3219 4883 3329 4937 ὅλοι
3370 4900 3431 4939 τε
3489 4890 3774 4959 Πνεύματι

2210 4960 2431 5029 ζῶντες,
2480 4966 2574 5019 καὶ
2619 4968 2678 5021 οὐ
2722 4969 2864 5023 κατὰ
2910 4973 3085 5044 σάρκα
3138 4976 3405 5045 βιοῦντες,
3448 4980 3574 5043 ἆλες
3622 4982 3771 5048 τινὲς

2209 5054 2392 5127 ὥσπερ
2420 5058 2680 5129 ὑπῆρχον,
2711 5061 2802 5115 τὸν
2828 5062 3117 5134 φθαρτικὸν
3144 5065 3257 5137 βίον
3288 5069 3397 5122 τῶν
3415 5072 3508 5123 ἐπὶ
3534 5074 3640 5143 γῆς
3674 5076 3770 5129 ἀν-

2210 5144 2437 5217 θρώπων
2466 5150 2879 5221 ἐπιστρέφοντες
2918 5156 3009 5207 καὶ
3048 5157 3406 5227 ποκνοῦντες,
3435 5162 3512 5231 τῷ
3536 5181 3595 5216 τε
3627 5167 3772 5221 κατὰ

2208 5237 2403 5309 ἀρετὴν
2436 5239 2535 5311 βίῳ
2560 5242 2685 5305 τοὺς
2724 5244 2904 5309 αύτοίς
2930 5247 3319 5317 πλησιάζοντας
3344 5253 3636 5324 ἀρτύοντες
3672 5258 3771 5313 καὶ

556 5325 601 5357 ⁸⁸
622 5322 777 5379 Joan.
828 5342 865 5390 ι,
894 5329 983 5393 25,
1012 5327 1101 5384 26.
1176 5332 1220 5363 ³ο
1245 5331 1369 5388 Luc.
1400 5349 1480 5397 Ill,
1512 5334 1595 5389 15.
1672 5336 1713 5367 ³¹
1739 5336 1892 5391 Joan.
1926 5356 1964 5401 l,
2005 5341 2057 5394 7.

2211 5344 2363 5402 Marc.
2400 5365 2440 5413 ι,
2473 5350 2525 5404 4.
2602 5351 2646 5383 ³³
2673 5352 2860 5410 Matth.
2888 5371 2942 5421 ν,
2974 5358 3060 5413 15.

627 5418 736 5494 (Sil)
770 5420 958 5475 Totum
987 5424 1089 5480 hoc
1122 5424 1471 5494 fragmentum
1500 5430 1657 5481 unica
1705 5432 1872 5486 ferme
1910 5433 2095 5490 Graeca

2273 5442 2489 5528 (95Lln
2528 5448 2724 5528 fo‘d‘iee
2763 5452 2829 5503 Δ.
2867 5450 2917 5528 _f.
2953 5451 3080 5528 τοο.
3131 5456 3188 5510 b.
3220 5460 3540 5528 perspicuus
3578 5465 3769 5523 titulus

554 5488 773 5553 periodo
811 5500 1041 5557 constat,
1069 5488 1231 5562 quam
1272 5497 1483 5561 longam
1532 5499 1903 5555 circuitionem
1944 5488 2098 5559 valde

555 5568 861 5596 Dnnttnutnm
909 5577 1027 5596 natm
1086 5564 1312 5596 Ε’..αοῌη
1363 5569 1607 5596 ηιιοοηηιι
1671 5568 2094 5596 ιι,....ι·....-..--ε---

2211 5488 2489 5596 suggere;
2510 5488 2724 5585 5.33.:
2748 5488 3764 5596 FeaizZt“3w$.::iZ’éi"§3iui'33::

555 5568 863 5628 consuetam
909 5577 1028 5617 esse
1083 5564 1313 5619 Eusebio
1363 5569 1611 5621 observat
1670 5568 2097 5628 Montfauconius

555 5625 709 5694 prmi.
740 5644 793 5695 p.
822 5628 874 5683 6.
910 5631 974 5685 ad
1002 5632 1240 5697 eiusdem
1271 5635 1711 5693 Cammentarium
1752 5640 1805 5695 in
1850 5625 2094 5699 animi.

2206 5584 2463 5642 ordinalis
2496 5584 2749 5645 numerus
2779 5592 2831 5646 in
2867 5584 3186 5663 compendio
3219 5610 3320 5654 est.
