4062 6416
213 365 327 426 665

1550 358 1642 414 DE
1680 355 2143 415 TIIEOPHANIA.

3357 353 3463 411 666

215 489 624 561 καθηδύναντες.
656 487 840 560 Ταύτῃ
865 502 946 539 τοι
975 483 1067 539 καὶ
1098 482 1338 553 Μωῠσῆς
1364 481 1673 553 ἐνομοθέτει
1708 482 1799 536 ὁιά

1897 494 1951 540 et
1986 484 2196 555 Moyses
2247 476 2363 555 lege
2397 480 2677 539 sanciebat
2729 488 2789 535 ut
2840 477 2997 548 quasi
3029 477 3329 551 symbolum
3380 479 3464 535 sal

216 574 501 653 συμϐόλων
528 580 653 641 τοὺς
682 577 815 639 ἃλας
838 572 1167 646 προσφέρειν
1191 568 1275 639 τῷ
1293 567 1438 638 Θεῷ,
1470 562 1570 623 ὧδέ
1609 586 1681 639 πη
1709 568 1789 622 λέ.

214 687 334 741 των
357 688 372 703 ο
415 670 522 725 Καὶ
558 666 682 722 πᾶν
716 665 907 733 δῶρον
938 662 1155 727 θυσίας
1190 658 1358 730 ὑμῶν
1399 658 1500 713 ἁλὶ
1540 657 1790 726 ἁλισθή-

215 780 391 820 σεται
408 782 421 795 ·
452 762 563 818 ἀλλ’
593 762 740 832 ὅμως
771 758 837 812 δι’
863 754 1133 826 αῖσθητῶν
1160 750 1427 823 στομάτων
1448 750 1598 805 ταῦτῗ
1619 751 1793 803 ἐπιτε-

219 857 338 912 λεῖν
369 851 693 923 ἐνομοθέτει.
737 851 796 903 '0
834 849 893 902 δὲ
934 847 1042 900 τῶν
1075 843 1278 898 καινῶν
1315 842 1577 912 αὐθέντης
1612 839 1791 912 νόμων

226 947 352 1009 τοὺς
389 944 521 1005 ἀλας
565 944 698 1013 ἡμῖν
739 941 865 1003 τοὺς
909 936 1173 1005 θεοφιλεῖς
1218 933 1509 1005 διαρρήδην
1560 931 1789 996 ἐδείκνυ,

222 1035 444 1096 τούτους
470 1030 607 1087 εἶναι
628 1030 893 1104 παριστὰς
916 1029 1042 1091 τοὺς
1065 1026 1308 1095 φύλακας
1324 1024 1434 1078 τῶν
1458 1022 1623 1078 αὐτοῦ
1652 1040 1793 1095 παρ-

223 1125 582 1197 αγγελμάτων
606 1140 621 1155 ·
678 1117 762 1186 οἷς
786 1121 883 1175 καὶ
911 1122 993 1183 εἰς
1028 1119 1319 1191 πρόσωπον
1351 1115 1559 1185 ἐλεγενο
1596 1110 1791 1186 Ὑμεῖς

224 1215 371 1272 dare
403 1216 471 1272 ινὸ
497 1216 651 1282 tuac
681 1212 792 1283 τῆς
817 1210 949 1283 τῆς.
1436 1245 1445 1255 -

906 1323 986 1377 IE'
1020 1321 1152 1393 (9e).

298 1437 435 1509 Φησὶ
459 1435 567 1509 γάρ
586 1452 601 1467 ⁸
634 1435 778 1501 Πᾶς,
802 1434 869 1499 ὃς
907 1432 983 1486 ἂν
1004 1430 1351 1501 ὁμολογήσῃ
1378 1428 1447 1481 ἐν
1470 1426 1621 1497 ἐμοὶ,
1655 1428 1796 1495 ὁμου

225 1523 901 1596 λοτηθήσεταεὲνώπιον
928 1519 1045 1573 τῶν
1086 1518 1371 1588 ἀγγέλων.
1406 1517 1495 1580 Ὧς
1547 1513 1655 1587 γάρ
1702 1512 1796 1566 ἐπὶ

223 1614 511 1689 ἡγεμόνων
534 1615 628 1668 καὶ
657 1612 938 1684 βασιλέων,
968 1611 998 1664 ὁ
1033 1608 1134 1679 τῆς
1174 1608 1314 1679 ἐμῆς
1358 1605 1629 1677 βασιλείας
1660 1606 1796 1675 γνή-

227 1722 343 1769 σιος
368 1704 699 1775 στρατιώτης
720 1698 1284 1772 πεπαρρησιασμὲνως
1300 1695 1399 1767 τὴν
1416 1697 1496 1761 εις
1521 1695 1622 1767 ἐμὲ
1640 1696 1797 1765 ποιή-

230 1808 384 1847 σεται
421 1790 731 1862 ὁμολογίαν,
773 1789 913 1843 οὕτω
960 1787 1116 1856 κάγὼ
1156 1787 1247 1841 τδν
1296 1786 1533 1841 τοιοῦτον
1570 1785 1793 1857 ἀμειϐό-

231 1900 391 1954 μενος
421 1882 562 1936 κατά
591 1882 682 1935 τὸν
728 1882 827 1950 τῆς
873 1882 1014 1953 ἐμῆς
1041 1880 1317 1951 βασιλείας
1346 1879 1554 1951 καιρὸν,
1588 1878 1798 1949 μάρτυς

227 1974 377 2047 αὐτῷ
409 1976 825 2045 παραστήσομαι
881 1973 980 2043 τῆς
1032 1970 1292 2034 εὐσεϐοῦς
1337 1968 1652 2040 ὁμολογίας,
1696 1966 1798 2030 τάς

226 2067 524 2129 ἐνστάσεις,
582 2065 676 2118 καὶ
716 2062 813 2136 τὴν
856 2063 1187 2133 παρρησίαν,
1242 2061 1335 2115 καὶ
1371 2060 1468 2131 τὴν
1500 2057 1795 2129 ὑπομονὴν,

227 2155 405 2210 καὶτὸ
431 2154 632 2209 τέλειον
650 2153 750 2223 τῆς
772 2154 909 2224 πρὸς
923 2151 1054 2205 Θεὸν
1076 2152 1314 2221 ἀγάπης,
1346 2150 1470 2213 τούς
1498 2166 1554 2202 τε
1578 2148 1798 2211 λοιποὺς

226 2246 424 2309 ιθλους
448 2245 547 2316 τῆς
581 2241 826 2313 φιλοθέου
853 2242 1140 2313 στρατείας
1164 2241 1328 2295 αὐτοῦ
1357 2236 1798 2311 καταριθμούμε-

226 2354 341 2400 νος,
371 2336 467 2389 καὶ
508 2335 608 2405 τὴν
655 2332 796 2403 ὑπὲρ
842 2331 1008 2386 αὐτοῦ
1068 2330 1393 2404 συνηγορίαν
1440 2329 1799 2399 ποιησόμενος

223 2427 320 2480 ἐπὶ
342 2424 436 2479 τοῦ
466 2423 677 2495 Πατρός
705 2441 803 2492 μου
825 2421 920 2475 τοῦ
952 2424 1009 2474 ἐν
1025 2423 1271 2493 οὐρανοῖς
1287 2438 1301 2453 ο
1322 2420 1521 2491 ταύτην
1563 2418 1798 2492 ἀμοιϐὴν

223 2514 473 2569 ἐντεῦθεν
500 2513 601 2585 ἥδη
639 2512 895 2583 παρέξειν
927 2511 1326 2581 ἐπαγγέλλομαι
1356 2513 1468 2575 τοῖς
1490 2512 1642 2581 ἐμοῖς
1669 2512 1799 2579 ὁμο·

225 2604 483 2675 λογηταῖς
530 2606 625 2657 καὶ
671 2603 904 2673 μάρτυσι
956 2603 1068 2664 τοῖς
1122 2601 1214 2652 ἐπὶ
1247 2600 1461 2653 πάντων
1500 2597 1798 2670 ἀνθρώπων

224 2692 800 2767 ⁸ιηαιιντιρρησιασμένως
864 2692 966 2762 τὴν
1027 2690 1166 2761 ἐμὴν
1224 2688 1598 2760 ἀνακηρύξασι
1647 2688 1798 2758 βασι-

223 2785 396 2839 λειαν.
424 2784 533 2837 Καὶ
556 2783 609 2835 τί
640 2781 685 2836 δ’
719 2781 785 2835 ἀν
812 2781 1022 2850 γένοιτο
1052 2780 1460 2851 μακαριώτερον
1491 2780 1591 2849 τῆς
1619 2778 1800 2833 τοιαύ-

220 2891 327 2945 της
348 2872 707 2941 ἐπαγγελίαςς
756 2873 819 2926 Τί
847 2872 891 2925 δ’
931 2871 999 2925 ἂν
1040 2874 1286 2941 κρεῖττον
1328 2870 1422 2924 καὶ
1467 2870 1802 2941 ἐνδοξότερον

221 2965 323 3019 τοῦ
350 2965 454 3035 πρὸ
484 2964 576 3018 τοῦ
610 2962 752 3015 θείου
794 2962 1035 3033 βήματος
1059 2960 1220 3014 αὐτὸν
1263 2961 1355 3013 τὸν
1397 2962 1659 3032 μονογενῆ
1702 2960 1798 3014 τοῦ

223 3055 363 3110 Θεοῦ
394 3056 563 3123 Λόγον
598 3052 953 3118 ἀναδέξασθαι
976 3051 1075 3123 τὴν
1120 3051 1259 3123 ὑπὲρ
1293 3050 1449 3121 ἡμῶν
1477 3052 1798 3122 ὁμολογίαν;

1824 1834 1871 1894 Β

1888 576 2003 631 Deo
2031 574 2340 640 oﬂ'erretur,
2392 576 2473 631 sic
2521 575 2708 631 dicens
2740 591 2753 627 :
2790 568 2861 625 Et
2900 586 3050 625 omne
3086 582 3278 627 mutu
3302 572 3465 625 sacri-

1889 667 1997 736 ﬁcii
2030 667 2183 722 vestri
2222 666 2334 722 sale
2362 667 2656 721 condictum
2716 664 2781 719 Et
2823 662 2915 717 ille‘
2941 662 3158 733 quidem
3192 660 3464 717 sensibili—

1889 757 1991 813 bus
2039 755 2358 827 corporibus
2394 757 2509 811 haec
2556 754 2674 809 ﬁeri
2712 750 3029 807 mandabat.
3087 752 3159 805 At
3196 764 3460 805 murum

1890 856 2081 905 anetor
2125 849 2302 919 legum
2346 846 2457 902 sale
2495 846 2654 901 nobis
2683 842 2933 899 homines
2976 839 3088 897 Deo
3132 857 3289 897 caros
3334 858 3461 913 per—

1891 941 2078 1011 splene
2103 940 2325 995 denotat
2350 939 2418 1004 ³⁵,
2463 939 2564 994 hos
2592 936 2974 992 mandatorum
2994 942 2999 943 ί
3022 938 3246 990 suarum
3272 935 3464 989 obser-

1889 1038 2108 1087 vatores
2148 1044 2269 1085 esse
2314 1026 2609 1085 aﬂirmans.
2647 1025 2858 1094 Quibus
2897 1024 3063 1080 etiam
3096 1024 3318 1080 aiebat:
3359 1022 3461 1078 Vos

1890 1124 2015 1178 estis
2044 1122 2124 1178 sai
2150 1132 2304 1177 teme
2333 1120 2405 1176 ³⁸.

2620 1294 2738 1351 XV.

1961 1430 2057 1486 Ait
2108 1430 2290 1485 enim:
2345 1427 2655 1501 Quicunque
2697 1427 2971 1496 confessus
3024 1427 3185 1495 fuerit
3232 1426 3299 1482 de
3343 1442 3463 1492 nte,

1896 1521 2154 1590 confessio
2196 1522 2260 1575 de
2300 1538 2359 1577 eo
2402 1521 2493 1590 ﬁet
2542 1537 2722 1575 coram
2774 1520 2975 1589 angelis
3000 1520 3068 1573 ³⁸.
3110 1518 3271 1573 Sicut
3315 1518 3462 1573 enim

1897 1611 2039 1679 apud
2081 1610 2245 1666 duces
2281 1624 2544 1680 regesque
2587 1608 2683 1676 lit,
2725 1609 2815 1665 ille
2858 1608 2950 1678 qui
2992 1607 3097 1662 mei
3138 1606 3297 1676 regni
3331 1606 3466 1662 lide-

1895 1700 1962 1755 lis
1994 1701 2147 1756 miles
2178 1700 2518 1756 confidenter
2557 1700 2626 1754 de
2672 1714 2760 1755 me
2805 1698 3200 1756 confessionem
3252 1697 3465 1761 fecerit,

1897 1790 2043 1846 hunc
2066 1806 2168 1860 ego
2201 1791 2437 1847 vicissim
2472 1803 2853 1855 remunerans,
2882 1791 3033 1860 regni
3062 1790 3165 1844 mei
3199 1796 3463 1858 tempore,

1899 1883 2051 1937 testis
2071 1883 2120 1937 ei
2164 1882 2329 1937 adero
2360 1882 2623 1951 religiosas
2654 1882 3069 1946 confessionis;
3102 1895 3311 1950 pugnas
3338 1894 3467 1947 per-

1874 1984 2070 2053 actas,
2122 1973 2288 2027 animi
2335 1972 2707 2037 alacritatem,
2776 1972 3117 2041 patientiam,
3168 1969 3465 2040 perfectam

1896 2078 2023 2132 erga
2066 2062 2233 2117 Deum
2276 2063 2616 2126 cbarilatem,
2658 2072 2710 2115 et
2741 2062 2943 2131 reliqua
2977 2063 3083 2117 Deo
3108 2062 3315 2116 devota:
3349 2060 3468 2131 ejus

1897 2154 2103 2209 militia:
2146 2155 2451 2209 certamina
2505 2162 2858 2222 computans,
2911 2154 3073 2222 eique
3115 2153 3467 2221 patrocinans

1897 2244 2037 2312 apud
2088 2242 2300 2297 Patrem
2348 2257 2527 2296 meum
2582 2242 2674 2311 qui
2721 2242 2775 2295 in
2820 2242 2977 2297 Ctelis
3020 2253 3124 2296 est.
3182 2240 3336 2296 Hanc
3383 2256 3469 2295 re-

1898 2334 2247 2388 tributionem
2272 2333 2383 2401 jam
2423 2347 2567 2388 nunc
2610 2332 2855 2401 spondeo
2897 2348 2985 2389 me
3030 2332 3281 2388 daturum
3332 2346 3467 2388 con-

1898 2424 2196 2480 fessoribus
2241 2424 2578 2494 testibusque
2648 2424 2828 2489 meis,
2882 2423 2973 2492 qui
3023 2438 3209 2479 coram
3257 2425 3469 2477 cunctis

1898 2515 2209 2572 hominibus
2263 2516 2604 2571 conﬁdenter
2664 2530 2844 2572 meum
2902 2514 3321 2586 praedicaverint
3386 2530 3471 2569 re-

1898 2622 2085 2676 gnum.
2131 2606 2269 2672 Quid
2314 2622 2481 2677 porro
2531 2606 2743 2662 beatius
2798 2607 2901 2662 hac
2947 2606 3306 2675 promissione
3350 2604 3468 2661 θεῖ-ἰ

1898 2694 2120 2764 potest?
2157 2694 2296 2760 Quid
2344 2696 2537 2751 melius
2564 2697 2641 2751 vel
2672 2696 2982 2766 gloriosius,
3021 2710 3185 2767 quam
3226 2704 3355 2749 ante
3383 2694 3463 2749 dir

1898 2786 2083 2838 vinum
2124 2785 2361 2840 tribunal
2390 2786 2728 2856 unigenitum
2760 2786 2937 2857 ipsum
2980 2786 3075 2841 Dei
3111 2785 3349 2841 Verbum
3382 2785 3472 2839 fa-

1900 2875 2145 2930 ciendam
2198 2875 2475 2945 suscipere
2517 2878 2585 2932 de
2619 2877 2779 2932 nobis
2819 2876 3265 2932 confessionem?
3308 2887 3471 2947 atque

1900 2966 2035 3020 adeo
2070 2980 2235 3036 opere
2273 2966 2555 3035 premium
2600 2968 2775 3022 nostri
2820 2968 2887 3023 de
2930 2982 2996 3023 eo
3038 2968 3333 3023 testimonii
3373 2983 3471 3022 ox-

1899 3053 2105 3120 hibere,
2136 3056 2263 3109 dum
2300 3055 2355 3109 in
2392 3056 2509 3123 ipsa
2553 3058 2711 3112 testis
2749 3056 2833 3111 sui
2868 3056 3047 3110 anima
3088 3068 3364 3121 versatur,
3404 3072 3470 3112 ac

226 3148 376 3219 εργῳ
400 3164 459 3199 τε
479 3145 580 3215 τῆς
613 3144 915 3215 μαρτυρίας
943 3143 1042 3215 τὴν
1081 3142 1315 3213 ἀμοιϐὴν
1352 3143 1709 3208 ἐνδείξασθαι,
1742 3148 1801 3199 ἐν

1902 3144 2065 3198 veluti
2117 3145 2171 3199 in
2215 3156 2407 3200 sancto
2444 3146 2645 3215 templo
2684 3147 2737 3201 in
2772 3147 2960 3202 eadem
3007 3148 3257 3203 habitat?
3302 3150 3471 3219 Atqui

227 3238 368 3308 αὐτῇ
406 3236 549 3308 ψυχῇ
598 3235 692 3290 τοῦ
747 3235 1189 3308 μαρτυρουμένου
1218 3235 1526 3306 γενόμενον,
1573 3236 1663 3289 καὶ⁵
1692 3234 1803 3292 ῶσ-

230 3344 340 3399 περ
364 3328 421 3379 ἐν
452 3328 593 3397 ἁγίῳ
630 3325 745 3395 ναῷ
783 3326 842 3378 ιν
869 3322 1017 3394 αὐτῷ
1059 3326 1494 3396 κατοικήσοντας
1539 3322 1711 3378 Τοῦτο
1757 3325 1803 3378 δ’

226 3416 324 3475 οὖν
365 3418 714 3489 ἐπήγγελται,
742 3417 804 3470 οὐ
856 3415 1147 3488 παρέργως
1199 3416 1387 3469 εἰπών’
1422 3414 1802 3486 ὀμολογήσω

226 3508 392 3581 κάγὼ
421 3509 490 3562 ἐν
512 3506 697 3572 αὐτῷ·
728 3507 790 3560 οὐ
816 3507 923 3579 γάρ
962 3504 1065 3570 ἔξω
1093 3523 1194 3564 που
1216 3506 1500 3576 τυγχάνων
1528 3506 1620 3559 τοῦ
1661 3523 1801 3577 μαρ-

228 3599 587 3671 τυρουμένου,
620 3598 734 3652 ἀλλ’
766 3601 824 3652 ἐν
854 3599 1001 3669 αὐτῷ
1029 3598 1286 3663 κατοικῶ,
1319 3598 1412 3651 καὶ
1440 3597 1537 3667 τῆς
1556 3596 1803 3667 θεότητος

229 3691 395 3745 αὐτὸν
427 3690 649 3759 πληρῶν
670 3688 771 3759 τῆς
794 3690 957 3761 ἐμῆς,
986 3690 1055 3743 δι’
1084 3690 1253 3764 αὐτῆς
1280 3688 1379 3759 τῆς
1402 3689 1678 3761 ἐνεργείας
1706 3686 1803 3758 τὴν

228 3784 292 3837 ιν
318 3781 467 3853 αὐτῷ
502 3782 795 3852 ποιήσομαι
822 3780 1132 3851 ὁμολογίαν.

303 3915 452 3986 Πλὴν
501 3912 811 3986 ἐπιρρώσας
846 3914 1043 3977 αὐτοὺς
1072 3912 1283 3967 ἐλπίσιν
1311 3912 1541 3981 ἀγαθαῖς
1570 3912 1659 3965 διὰ
1706 3912 1805 3984 τῆς

228 4006 498 4075 τοσαύτης
517 4005 868 4076 ἐπαγγελίας.
904 4005 1218 4075 ἐπιστρέφει
1258 4005 1419 4057 πάλιν
1446 4006 1571 4067 τοὺς
1606 4005 1803 4069 αὐτοὺς

228 4094 301 4149 δι’
338 4094 562 4163 ἀπειλῆς
609 4092 987 4163 φοϐερωτέρας
1015 4091 1298 4160 ἐπιλέγων,
1333 4093 1435 4156 ὅτι,
1474 4092 1582 4146 Τὸν
1623 4094 1805 4159 ἀρνη-

232 4183 501 4252 σάμενον
550 4182 988 4250 ἀπαρνήσομαι.
1019 4182 1357 4249 Ἀναγκαίως
1393 4181 1449 4233 δὲ
1482 4182 1574 4234 καὶ
1600 4182 1804 4253 ταύτην

231 4276 418 4337 αὐτοῖς
451 4273 828 4327 ἐπανετείνατο
842 4272 938 4343 τὴν
968 4271 1216 4341 ἀπειλὴν,
1248 4272 1321 4334 ὼς
1350 4271 1415 4324 ἂν
1444 4272 1517 4343 μὴ
1542 4290 1806 4344 καταφρο-

230 4367 456 4436 νήσαιεν
481 4364 579 4433 τῆς
623 4366 701 4427 είς
741 4363 901 4416 αὐτὸν
948 4362 1256 4433 ὁμολογίας,
1292 4363 1525 4433 ἔμπαλιν
1561 4363 1617 4416 δὲ
1657 4364 1804 4428 ὅπως

1902 3235 2007 3292 hoc
2048 3237 2336 3304 promisit,
2398 3237 2540 3293 haud
2587 3252 2720 3293 casu
2782 3239 3015 3295 dicens:
3066 3239 3369 3308 Conﬁtebar
3419 3251 3467 3295 et

1901 3343 1997 3396 ego
2036 3343 2174 3382 eum.
2215 3327 2333 3383 Non
2382 3329 2529 3384 enim
2586 3332 2825 3399 alicubi,
2879 3342 3030 3386 extra
3072 3347 3196 3387 eum
3250 3333 3319 3388 de
3364 3347 3471 3402 quo

1902 3416 2187 3483 confiteor,
2209 3434 2350 3486 sum,
2420 3420 2517 3475 sed
2575 3420 2628 3474 in
2692 3421 2811 3492 ipso
2855 3422 3083 3487 habito,
3130 3431 3294 3492 atque
3343 3438 3467 3476 eum

1902 3507 2099 3562 deitate
2121 3522 2237 3562 mea
2269 3508 2563 3577 complens,
2595 3524 2694 3580 per
2722 3511 2893 3579 ipsam
2925 3508 3245 3576 elﬁcaciam,
3276 3524 3384 3579 qua
3414 3510 3469 3563 in

1902 3596 1995 3652 illo
2022 3613 2236 3669 operor,
2285 3600 2685 3657 confessionem
2730 3601 2798 3655 de
2829 3615 2895 3656 eo
2923 3614 3198 3672 peragam.

1975 3905 2267 3975 Postquam
2304 3906 2423 3961 illos
2466 3910 2650 3977 priore
2693 3908 2857 3964 ell‘ato
2900 3909 2954 3963 in
2987 3908 3263 3981 egregiam
3316 3922 3467 3981 spem

1904 4008 2188 4063 erexerat,
2243 4014 2436 4053 rursus
2488 4009 2726 4055 attentos
2776 4002 2909 4056 facit
2958 4016 3077 4064 eos,
3124 4001 3472 4057 terribiliorio

1904 4089 2005 4143 bus
2041 4089 2202 4143 minis
2232 4090 2529 4143 admonens
2561 4090 2677 4144 fore
2720 4103 2779 4145 ut
2810 4092 2924 4163 ipse
2959 4103 3248 4163 negantem
3282 4107 3343 4149 se
3374 4109 3474 4149 ne-

1906 4196 2013 4254 get.
2062 4182 2382 4239 Necessario
2439 4194 2619 4239 autem
2688 4187 2785 4241 has
2824 4202 3050 4257 quoque
3113 4187 3244 4257 ipsis
3294 4188 3472 4243 minas

1908 4274 2160 4337 intendit,
2194 4288 2261 4327 ne
2290 4273 2427 4328 forte
2454 4275 2746 4345 aliquando
2768 4277 3046 4347 negligant
3085 4278 3261 4345 ipsum
3303 4279 3473 4333 conﬂ-

1906 4364 2067 4430 teri,‘
2108 4364 2459 4434 vicissimque
2510 4374 2572 4419 ut
2626 4380 2825 4435 negare
2875 4380 2996 4420 eum
3045 4367 3475 4436 perhorrescant

232 4458 507 4529 φρίττοιεν
537 4455 631 4526 τὴν
658 4456 885 4527 ἄρνησιν
916 4454 1011 4524 τῆς
1044 4453 1207 4507 αὐτοῦ
1249 4455 1569 4525 μαρτυρίας,
1594 4454 1679 4508 διὰ
1704 4454 1801 4525 τὴν

1908 4465 2129 4527 prepter
2154 4469 2567 4513 consecuturam
2593 4460 2714 4530 ejus
2742 4460 2819 4513 rei
2855 4473 3092 4529 pmnam,
3127 4475 3319 4531 nempe
3344 4462 3491 4530 quia

232 4546 701 4610 ἐπακολουθοῦσαν
730 4547 865 4615 αύτῇ
898 4546 1184 4615 τιμωρίαν,
1220 4546 1340 4615 ἥτις
1363 4541 1431 4617 ἦν
1456 4547 1517 4604 τὸ
1549 4547 1685 4617 πρὸς
1705 4547 1798 4600 τοῦ

1906 4562 1935 4600 a
1971 4546 2109 4603 Filio
2140 4547 2233 4603 Dei
2268 4549 2627 4618 negabuntur.
2656 4549 2887 4603 Perinde
2932 4565 3060 4605 vero
3090 4558 3173 4604 est
3204 4550 3391 4621 negari
3440 4565 3469 4604 a

232 4638 367 4692 Υἰοῦ
386 4638 479 4691 τοῦ
510 4636 645 4691 Θεοῦ
667 4637 984 4707 ἀρνηθῆναι.
1010 4638 1233 4707 Ὀμοιον
1265 4637 1309 4689 δ’
1335 4637 1401 4691 ἂν
1431 4637 1514 4708 εἴη
1544 4639 1603 4691 τὸ
1636 4639 1802 4710 ἀρνη-

234 4730 396 4799 θῆναι
422 4728 527 4781 ὑπὸ
562 4728 654 4781 τοῦ
684 4728 917 4799 ’Πατρός
948 4728 1025 4799 τῷ
1074 4728 1373 4801 ἀρνηθῆναι
1425 4730 1529 4783 ὑπὸ
1574 4732 1673 4799 τῆς
1709 4730 1800 4783 τοῦ

234 4820 373 4873 Θεοῦ
401 4820 611 4889 σοφίας,
635 4820 727 4876 καὶ
754 4819 831 4891 τῷ
854 4822 1103 4883 ἐκπεσεῖν
1136 4820 1234 4889 τῆς
1271 4818 1434 4888 ζωῆς,
1466 4821 1559 4873 καὶ
1582 4820 1659 4891 τῷ
1688 4838 1806 4873 στε-

240 4909 472 4981 meam
496 4906 591 4960 τοῦ
613 4907 810 4974 φωτὸς,
831 4907 927 4961 καὶ
952 4906 1029 4977 τῷ
1062 4905 1277 4960 πάντων
1298 4904 1406 4959 τῶν
1431 4905 1651 4973 ἀγαθῶν
1678 4906 1807 4959 ἀπο-

1903 4638 2087 4706 Patre,
2140 4647 2303 4707 atque
2342 4654 2370 4692 a
2405 4639 2497 4693 Dei
2528 4640 2796 4708 sapientia
2840 4641 3047 4708 negari,
3093 4650 3148 4695 et
3178 4642 3291 4695 vita
3332 4641 3475 4694 exci-

1905 4727 2054 4795 dere,
2090 4726 2316 4797 luceque
2347 4728 2568 4798 privari,
2600 4738 2657 4783 et
2697 4730 2845 4783 omni
2874 4731 3015 4785 bono
3050 4730 3268 4799 depelli.
3301 4729 3472 4807 Porro

1906 4819 2021 4873 haec
2061 4819 2240 4873 omnia
2273 4834 2454 4873 coram
2508 4818 2671 4875 Patre
2706 4821 2917 4877 ctelesti
2964 4822 3195 4891 perpeti,
3244 4832 3300 4881 et
3352 4838 3474 4893 spe-

1905 4908 2180 4963 ctantibus
2210 4909 2418 4979 angelis
2450 4910 2837 4978 pmpemodum
2873 4920 2998 4964 ante
3021 4910 3261 4971 divinum
3293 4912 3469 4983 ipsum

237 4999 520 5070 ϐληθῆναι.
556 4998 630 5050 Τὸ
670 4996 727 5049 es
770 4996 1071 5051 καὶταῦτα
1122 4999 1299 5052 πάντα
1336 4996 1524 5050 παθεῖν
1574 4997 1802 5055 ἐνώπιον

1908 4999 2143 5053 tribunal
2174 5001 2547 5066 condemnari,
2582 5012 2635 5056 et
2664 5003 2809 5057 illius
2837 5018 3001 5072 regno
3034 5003 3255 5073 expelli,
3285 5004 3472 5073 quidni

236 5088 335 5143 τοῦ
357 5088 568 5157 Πατρὸς
582 5087 681 5140 τοῦ
710 5088 766 5140 ἐν
794 5090 903 5151 τοῖς
930 5090 1195 5160 οὐρανοῖς,
1224 5090 1327 5144 καὶ
1357 5088 1447 5141 ἐπὶ
1494 5089 1602 5144 τῶν
1640 5088 1802 5158 ἀγγέ-

1910 5090 2101 5157 quovis
2143 5106 2355 5145 summo
2382 5091 2650 5160 supplicio
2694 5092 2849 5164 pejus
2892 5094 3013 5148 sit?

240 5184 355 5238 λων
403 5182 679 5255 μονονουχὶ
729 5184 857 5254 παρ’
894 5183 1076 5247 αὐτοῖς
1125 5186 1233 5248 τοῖς
1280 5183 1445 5247 θείοις
1481 5183 1683 5254 βήμασι
1760 5183 2183 5255 κατακριθέντας
2235 5184 2330 5238 καὶ
2384 5185 2721 5257 ἀποϐλητους
2766 5186 3087 5259 γενομένους
3144 5188 3243 5260 τῆς
3306 5186 3474 5241 αὐτοῦ

241 5276 534 5349 βασιλείας,
570 5277 728 5341 ποίας
771 5277 871 5330 οὐκ
902 5276 967 5330 ἂν
999 5277 1207 5345 γένοιτο
1238 5278 1415 5350 χεῖρον
1460 5278 1692 5351 ἐσχάτης
1719 5279 2019 5352 τιμωρίαςς

314 5475 359 5509 ⁸⁸
390 5479 519 5533 Lev.
550 5490 613 5544 tt,
641 5474 726 5531 l3.
804 5476 852 5511 ⁸⁸
888 5476 1080 5535 Matth.
1124 5494 1179 5545 ν,
1222 5479 1310 5535 l3.
1384 5480 1430 5512 "
1458 5479 1647 5536 Matth.
1678 5496 1735 5548 ι,
1762 5480 1851 5547 32,
1877 5482 1969 5537 53.

310 5673 425 5747 (96)
458 5673 588 5757 god.
624 5676 688 5731 Α.
726 5676 763 5730 f.
811 5675 1017 5757 l6ti._b.
1054 5678 1184 5735 Cod.
1215 5678 1280 5733 L.
1312 5682 1361 5757 _l'
1408 5681 1493 5757 ‘94
1539 5680 1597 5757 In
1624 5692 1772 5757 utro-
1873 5686 1943 5750 ,8.
1976 5684 2359 5757 amentatae,
2389 5680 2510 5757 cum
2552 5686 2882 5757 compendiis
2910 5686 2964 5745 in
3016 5689 3254 5746 secunde
3314 5704 3467 5745 voca-

236 5746 345 5819 que
378 5746 562 5802 codice
589 5746 919 5817 praeponitur
937 5746 1239 5817 fragmento
1280 5750 1472 5807 titut'us
1500 5756 1794 5809 Εὑσεϐίου
1874 5746 2049 5822 ⁷ιηιιο,
2089 5746 2155 5810 ἶιῐ
2200 5756 2251 5809 in
2298 5746 2723 5823 preteedentibt'ts
2766 5757 2903 5813 dixi.
