4062 6414
302 370 409 429 σοι)

1637 368 1726 425 DE
1760 364 2223 426 TilEOPﬂANIA.

3427 360 3536 422 ατο

302 486 446 554 τέρα
480 498 598 540 σου
628 486 726 540 καί
773 501 891 554 την
909 485 1137 557 μητέρα
1168 500 1309 553 σου,
1343 486 1513 559 νόμῳ,
1549 485 1781 557 βεϐαιῶν
1812 483 1859 538 δι

1963 498 2169 555 patrem
2200 495 2349 540 tuam
2383 501 2433 541 ει
2475 494 2695 541 matrem
2726 495 2875 539 tuam
2896 484 2976 549 “';
3002 483 3113 539 imo
3148 491 3205 538 et
3249 482 3399 539 illam
3440 484 3535 541 nn-

301 577 555 635 κάκεῖνον
586 577 681 631 καὶ
735 577 1261 648 ἐπισφραγιζόμενος
1298 578 1386 633 διὰ
1418 578 1521 647 τῆς
1560 577 1869 649 κρείττονος

302 665 404 722 καὶ
415 667 793 740 εντελεστέρας
811 669 1028 741 έντολῆς
1051 670 1149 741 τῆς
1176 669 1267 723 τὸν
1294 668 1427 723 Θεὸν
1454 668 1514 734 ἐξ
1535 668 1661 737 ὅλης
1691 666 1868 737 ψυχῆς

302 758 523 829 ἀγαπᾷν
550 758 1019 830 διακελευομένης.
1040 759 1258 831 Πατέρα
1289 761 1387 832 μὲν
1402 760 1511 832 γὰρ
1541 759 1868 831 καὶμητέρα

300 850 468 920 τιμᾷν
501 848 661 901 παντί
689 866 768 920 τῳ
807 848 1035 921 νόμιμον
1065 850 1207 904 κατά
1238 850 1398 919 φύσιν
1417 865 1432 881 ⁶
1481 850 1631 914 ϐντος
1665 849 1723 904 δὲ
1753 849 1870 903 ἐτέ-

305 956 399 1011 ρου
436 940 643 1009 πατρὸς
686 939 780 994 τοῦ
818 942 911 995 καὶ
944 940 1053 995 τῶν
1094 942 1499 1013 γεγεννηκότων
1538 941 1863 1016 κρείττονος,

302 1030 501 1095 αὐτούς
528 1046 589 1084 τε
615 1030 1085 1103 ὐποστησαμένου,
1118 1027 1188 1103 ἦν
1219 1032 1278 1086 δὲ
1308 1025 1466 1097 οὗτος
1520 1033 1553 1086 ό
1589 1030 1685 1085 τοῦ
1726 1030 1865 1085 Θεοῦ

302 1122 499 1191 Λόγος,
550 1124 579 1176 ό
612 1122 680 1177 τὰ
716 1121 1485 1195 προκείμενα-διαταττόμενος
1508 1160 1524 1187 ,
1556 1121 1619 1175 οὐ
1666 1121 1866 1194 χρῆναί

300 1229 436 1285 φησι
451 1238 471 1265 r
490 1212 846 1286 ὑπερϐάλλειν
874 1216 939 1287 τῇ
961 1214 1112 1286 φιλίᾳ
1125 1216 1251 1279 τοὺς
1275 1213 1337 1269 τὸ
1368 1214 1528 1286 σῶμα
1545 1212 1867 1284 γεγεννηκό-

299 1320 400 1368 τας
450 1304 545 1358 τοῦ
583 1304 685 1367 τὴν
726 1304 949 1378 λογικὴν
1000 1305 1449 1377 ὑποστησαμένου
1493 1304 1695 1374 Λόγου·
1730 1305 1867 1361 ἀλλὰ

298 1393 570 1459 κάκείνοις
593 1394 695 1466 μὲν
709 1394 1250 1467 προσφέρεσθαιτιμῇ
1271 1398 1338 1468 τῇ
1356 1396 1525 1467 πάσῃ,
1550 1394 1786 1451 διαθέσει
1803 1412 1865 1451 τε

298 1477 365 1554 τῇ
395 1483 765 1555 προσηκούσῃ,
798 1483 947 1557 αὐτῷ
992 1484 1049 1539 δὶ
1088 1484 1532 1558 ὑπερϐαλλόντως
1561 1485 1622 1540 τὸ
1649 1486 1865 1559 πρῶτον

296 1569 593 1641 ἀπονέμειν
623 1570 804 1635 σέϐας,
837 1571 1196 1643 ὐπεραγαπᾷν
1241 1588 1300 1626 τε
1341 1572 1438 1624 καὶ
1484 1571 1658 1641 φιλεῖν
1701 1570 1865 1625 αὐτὸν

295 1658 442 1731 ὑπὲρ
470 1660 678 1725 πάντας
697 1675 715 1692 ο
744 1659 821 1723 ὡς
853 1660 928 1731 μὴ
961 1662 1242 1715 κατοκνεῖν
1256 1660 1325 1715 δι’
1356 1661 1520 1715 αὐτὸν
1544 1661 1638 1716 καὶ
1660 1661 1863 1729 γονέων

294 1747 508 1803 ἀσεϐῶν
537 1747 861 1815 διίστασθαι,
883 1748 978 1803 καὶ
1008 1747 1184 1803 ἀθέων
1215 1748 1457 1818 ἀδελφῶν
1483 1746 1860 1821 ἀφορίζεσθαι,

1968 592 2124 632 maus
2154 576 2441 649 sigilloque
2486 576 2738 632 muniens
2766 588 2863 643 per
2900 574 3093 629 melius
3132 573 3532 646 perfectiusque

1966 677 2290 737 praceptum
2331 680 2438 735 quo
2489 664 2657 720 Deum
2708 672 2820 717 tota
2880 663 3061 718 anima
3113 660 3340 731 diligere
3374 664 3533 734 jube-

1967 771 2090 811 mur
2111 756 2178 809 ”.
2212 754 2345 811 Nam
2385 765 2593 826 patrem
2637 754 2857 825 quidem
2894 760 3229 822 matremque
3261 752 3533 811 honorare

1966 846 2191 916 quilibet
2220 848 2383 904 homo
2408 848 2525 919 lege
2576 858 2783 901 natura!
2809 842 2987 900 debet.
3012 841 3120 901 Sed
3161 857 3285 898 cum
3319 853 3374 900 et
3391 844 3532 903 alius

1964 946 2119 1004 pater
2166 936 2236 991 sit
2279 937 2619 1008 gignentibus
2649 934 2859 1001 melior,
2902 933 2995 1000 qui
3046 940 3103 989 et
3152 933 3253 990 bos
3301 934 3528 1001 creavit,

1964 1041 2156 1098 nempe
2200 1027 2369 1097 ipsum
2412 1027 2502 1083 Dei
2532 1025 2791 1090 Verbum,
2826 1028 2917 1097 qui
2953 1027 3207 1097 praedicta
3249 1026 3528 1098 praecepit,

1964 1132 2070 1173 non
2102 1128 2350 1187 oportere
2391 1119 2464 1171 ait
2517 1119 2722 1188 majore
2758 1117 2950 1173 aﬂectu
2997 1117 3250 1189 prosequi
3285 1119 3529 1189 corporis

1963 1207 2257 1279 genitores,
2281 1220 2442 1277 quam
2474 1207 2601 1263 illud
2632 1209 2772 1279 quod
2801 1208 3118 1264 rationalem
3140 1215 3351 1276 partem
3372 1208 3529 1264 nobis

1963 1296 2161 1352 indidit
2196 1294 2432 1351 Verbum
2458 1313 2473 1350 :
2498 1296 2591 1351 sed
2620 1305 2673 1351 et
2702 1295 2807 1351 illis
2839 1310 3055 1351 omnem
3096 1297 3355 1351 honorem
3393 1310 3527 1352 con-

1962 1386 2385 1456 venientemque
2422 1384 2671 1441 aﬂectum
2710 1387 2991 1453 exhibere,
3023 1395 3082 1443 et
3122 1386 3231 1442 Deo
3267 1387 3529 1443 eximium

1961 1491 2028 1535 ae
2069 1477 2371 1548 principale
2424 1475 2650 1534 reddere
2692 1478 3035 1548 obsequium,
3084 1478 3369 1550 ipsumque
3417 1490 3532 1549 pra

1960 1569 2218 1624 omnibus
2256 1582 2443 1624 amare
2470 1582 2533 1623 ac
2569 1566 2826 1637 diligere;
2852 1568 2928 1624 ita
2965 1577 3025 1623 ut
3052 1568 3277 1624 minime
3307 1578 3531 1626 cuncte-

1960 1674 2109 1725 mur,
2140 1674 2305 1716 causa
2349 1658 2467 1727 ejus
2510 1674 2539 1713 a
2568 1658 2884 1728 parentibus
2931 1658 3114 1729 impiis
3160 1658 3445 1725 diuidere,
3474 1668 3531 1714 et

1963 1751 2034 1808 ab
2073 1751 2388 1821 irreligiosis
2421 1750 2678 1807 fratribus
2706 1750 2978 1822 separari,
3017 1750 3265 1821 ﬁliosque
3298 1759 3354 1805 et
3391 1748 3529 1805 illius

294 1836 446 1900 υίούς
474 1852 535 1890 τε
568 1836 660 1891 καὶ
696 1835 1001 1908 θυγατέρας
1030 1838 1487 1910 ἀποστρέφεσθαι,
1522 1852 1617 1893 και
1661 1842 1728 1911 τῇ
1766 1838 1859 1893 τοῦ

1962 1843 2223 1906 aversari,
2248 1839 2517 1912 Verbique
2552 1840 2867 1895 acutissimo
2912 1840 3091 1910 gladio
3134 1840 3376 1895 omnium
3425 1841 3526 1895 bo-

294 1922 470 1993 Λόγου
517 1924 902 1997 τμητικωτάτῃ
957 1925 1202 1999 μαχαίρᾳ
1241 1926 1446 1982 τούτων
1494 1928 1751 1984 ἀπάντων
1793 1929 1865 1984 τά

294 2012 502 2082 φυσικά
519 2012 827 2069 διακόπτειν
850 2015 1068 2087 φίλτρα,
1098 2016 1150 2069 ει
1172 2014 1424 2088 έμποδών
1451 2033 1581 2072 ποτε
1624 2017 1865 2089 γένοιντο

292 2104 362 2175 τῇ
397 2104 527 2176 περὶ
552 2104 715 2160 αὐτὸν
740 2104 953 2160 εὐσεϐεῖ
977 2106 1233 2162 διαθέσει.
1274 2106 1368 2162 Διὸ
1401 2106 1645 2183 ἀκριϐῶς
1682 2110 1744 2165 έν
1781 2107 1863 2183 τῷ

292 2192 561 2262 Ila-=04!»
591 2194 695 2266 ιφη
717 2210 733 2227 °
776 2195 831 2249 ὀ
867 2194 1062 2265 φιλῶν
1096 2196 1321 2269 πατέρα
1362 2198 1401 2269 ἢ
1440 2198 1668 2270 μητέρα
1709 2200 1862 2271 ὑπὲρ

290 2282 399 2351 ἐμὲ
426 2285 538 2339 οὐκ
565 2283 697 2340 ἔστι
716 2301 838 2355 μου
860 2284 1056 2353 dant,"
1084 2287 1269 2360 χώραν
1297 2289 1398 2360 μιν
1420 2288 1532 2361 γὰρ
1550 2289 1641 2345 διὰ
1658 2290 1862 2346 τούτων

292 2373 391 2427 καὶ
418 2375 530 2437 τοῖς
553 2374 633 2446 τῷ
652 2376 801 2444 γένει
837 2378 1169 2449 προσήκουσι
1197 2378 1487 2444 διαθέσεως
1527 2379 1863 2453 κατελίμπα-

291 2478 386 2519 νεν
402 2481 417 2495 ·
441 2464 755 2537 ὐπὶραύτδν
773 2465 831 2520 δι
856 2466 1036 2521 οὐκέτ’
1060 2469 1241 2534 αὐτοῖς
1265 2469 1559 2543 συνεχώρει
1575 2471 1858 2543 τιμᾶσθαι,

288 2554 413 2610 ob“
448 2554 539 2611 διὰ
568 2554 665 2628 τὴν
694 2556 776 2622 είς
814 2556 906 2611 τᾶν
937 2559 1153 2631 πατέρα
1184 2560 1336 2626 αίδῶ,
1380 2560 1415 2633 ἢ
1461 2562 1561 2633 τῆς
1595 2562 1860 2634 τεκούσης

292 2642 477 2709 δνααν
509 2644 544 2715 ἢ
575 2645 736 2718 χάριν
756 2646 856 2720 τῆς
898 2649 1036 2721 πρὸς
1080 2650 1149 2705 τὰ
1182 2651 1415 2721 φίλτατα
1453 2653 1707 2726 στοργῆς,
1740 2653 1860 2719 tid-

294 2734 530 2806 μνυσθαι
564 2736 668 2813 τὴν
700 2738 866 2793 αὐτοῦ
909 2740 1112 2809 φιλίαν,
1144 2741 1280 2799 ἀλλὰ
1311 2744 1483 2815 φιλεῖν
1516 2745 1617 2815 μὲν
1668 2745 1860 2802 κάκεῖ-

293 2840 439 2893 νοις,
470 2825 549 2891 ὥς
568 2828 665 2882 καὶ
691 2828 788 2884 τοῦ
835 2831 934 2904 τῆς
965 2832 1178 2902 φύσεως
1206 2834 1372 2906 νόμου
1428 2836 1523 2890 καὶ⁵
1569 2836 1665 2890 τοῦ
1710 2837 1860 2895 θείου

288 2911 619 2985 λόγοντοῦτο
640 2917 1045 2993 διαγορεύοντος
1064 2939 1080 2955 ο
1116 2925 1277 2997 μέχρι
1302 2925 1361 2981 δι
1383 2926 1636 2983 τοσούτου
1660 2930 1857 3002 φιλεῖν,

295 3006 491 3079 μέχρις
510 3007 600 3064 ὅτε
627 3011 795 3083 μηδεν
814 3012 1181 3069 καταϐλάπτει
1224 3017 1258 3087 η
1292 3016 1421 3089 περὶ
1449 3020 1647 3087 αὐτοὺς
1676 3022 1858 3077 διάθε-

1964 1938 2084 1989 nim
2126 1934 2405 1990 naturales
2444 1934 2735 2005 praecidere
2788 1931 3124 1995 affectiones,
3160 1932 3205 1987 si
3241 1929 3382 1986 forte
3425 1946 3528 1987 nos

1963 2039 1997 2081 a
2020 2025 2111 2095 pio
2134 2039 2264 2097 erga
2310 2024 2481 2083 Deum
2525 2039 2712 2081 amore
2758 2023 3077 2095 impediant.
3106 2022 3321 2079 Diserte
3343 2022 3531 2092 itaque

1962 2117 2105 2187 apud
2150 2116 2461 2173 lattbcum
2515 2117 2697 2173 dixit:
2726 2114 2833 2183 Qui
2884 2125 3029 2170 emat
3053 2123 3255 2185 patrm
3284 2122 3378 2169 aut
3410 2130 3528 2169 ma-

1961 2217 2097 2264 tram
2138 2208 2258 2280 plus
2302 2224 2463 2280 quam
2502 2224 2606 2275 ate,
2646 2223 2752 2263 non
2786 2214 2865 2263 est
2906 2222 2988 2262 me
3013 2206 3207 2277 digus
3226 2205 3296 2259 “.
3320 2203 3530 2275 Quippe

1959 2300 2050 2359 bis
2110 2298 2312 2365 verbis,
2366 2299 2547 2355 locum
2603 2298 2861 2369 relinquit
2912 2298 3085 2353 amori
3136 2311 3354 2368 quoque
3397 2309 3527 2367 erga

1959 2401 2163 2461 genere
2200 2388 2519 2459 proximos;
2550 2388 2646 2445 sed
2676 2398 2855 2444 tamen
2887 2386 3033 2443 baud
3062 2388 3235 2458 magis
3267 2393 3431 2456 quam
3467 2398 3529 2440 se

1959 2481 2214 2536 honorari
2251 2478 2537 2535 concedit:
2572 2493 2749 2549 neque
2789 2488 3013 2551 propter
3050 2478 3223 2546 patris
3265 2475 3528 2532 matrisre

1960 2568 2346 2637 reverentiam,
2393 2580 2489 2626 aut
2535 2570 2951 2627 carissimorum
2995 2568 3274 2634 allectum,
3308 2567 3526 2639 eiurare

1960 2650 2059 2721 Dei
2119 2662 2453 2729 amicitiam;
2490 2662 2586 2719 sed
2626 2668 2682 2717 et
2729 2659 2856 2717 illos
2888 2659 3136 2733 diligere,
3169 2659 3424 2729 quoniam
3470 2657 3527 2712 id

1966 2764 2079 2812 tum
2105 2752 2197 2811 lex
2227 2763 2461 2819 natura,
2479 2763 2589 2808 tum
2610 2751 2704 2808 Dei
2734 2749 2959 2807 verbum
2987 2749 3218 2819 iubent;
3250 2757 3306 2804 et
3330 2746 3528 2802 nihilo-

1958 2844 2139 2901 minus
2175 2857 2362 2899 amare
2395 2852 2645 2904 eatenus.
2682 2850 2950 2913 quatenus
2990 2854 3118 2911 erga
3170 2838 3269 2895 bos
3307 2837 3528 2894 dilectio

1958 2933 2093 2990 nihil
2132 2934 2378 3006 religioni
2413 2932 2525 2990 Deo
2564 2933 2759 2989 debita
2796 2944 2976 2989 nocet.
3014 2932 3171 3001 Quod
3205 2931 3250 2988 si
3286 2928 3428 2987 forte
3470 2930 3523 2987 lti

1957 3022 2348 3094 impedimento
2375 3022 2508 3077 ﬂant
2534 3021 2813 3093 religionis
2854 3021 3084 3092 legibus,
3116 3020 3526 3091 anteponendus

294 3110 383 3161 σις
405 3093 506 3169 τὴν
544 3096 681 3171 πρὸς
856 3099 989 3155 Θεὸν
1038 3100 1339 3157 εὐσέϐειαν.
1385 3104 1449 3159 El
1497 3105 1558 3162 δι
1613 3110 1858 3182 μέλλοιεν

1959 3093 2048 3168 est
2079 3112 2378 3169 animarum
2402 3111 2565 3168 Pater
2597 3130 2615 3170 :
2663 3122 2785 3167 erat
2822 3123 3005 3167 autem
3054 3112 3178 3177 hic,
3219 3112 3392 3181 ipsum
3430 3112 3522 3167 Dei

290 3184 544 3256 ιμποδών
575 3196 706 3241 ποτε
740 3182 885 3245 οὗτοι
914 3188 1161 3259 γίνεσθαι
1179 3195 1293 3259 τοῖς
1317 3192 1413 3269 τῆς
1447 3196 1757 3264 θεοσεϐείας
1781 3201 1862 3255 νό-

295 3290 440 3346 μας,
470 3277 835 3351 προτιμητέος
863 3280 893 3330 6
923 3280 1035 3338 τῶν
1059 3284 1246 3357 ψυχῶν
1275 3287 1501 3359 Πατήρο
1529 3282 1684 3353 οὗτος
1702 3290 1761 3345 δὲ
1790 3286 1861 3363 ἦν

291 3366 457 3431 αὐτὸς
486 3366 518 3419 6
544 3366 640 3421 τοῦ
677 3368 817 3428 Θεοῦ
850 3371 1021 3443 Λόγος
1039 3378 1069 3430 ὁ
1095 3377 1268 3432 ταῦτα
1297 3377 1738 3451 διακελευόμενος
1766 3382 1861 3437 καὶ

289 3457 613 3529 νομοθετῶν·
638 3459 746 3519 δεῖν
766 3466 893 3529 τοὺς
922 3466 1086 3523 αὑτοῦ
1120 3466 1455 3539 στρατιώτας
1487 3469 1625 3541 ὑπὲρ
1652 3471 1859 3538 πάντας

289 3554 420 3620 τοὺς
443 3554 523 3627 τῷ
543 3556 688 3625 γένει
712 3558 1083 3629 προσήκοντας
1110 3558 1269 3612 αὐτὸν
1299 3561 1539 3631 ἀγαπᾷν,
1568 3562 1703 3635 μηδὲ
1729 3580 1862 3635 προ-

289 3646 457 3716 τιμᾷν
488 3646 590 3717 τῆς
636 3646 765 3717 περὶ
797 3646 959 3699 αὑτὸν
981 3647 1273 3713 διαθέσεως
1314 3650 1513 3723 φίλτρα
1558 3652 1776 3724 σαρκῶν
1824 3654 1857 3726 ἢ

293 3739 565 3811 σωμάτων
611 3741 945 3811 συγγενείας.
1006 3742 1139 3795 Τότε
1169 3741 1229 3795 δὲ
1262 3742 1357 3796 καὶ
1398 3745 1432 3815 ή
1488 3745 1728 3818 μάχαιρα
1762 3748 1856 3801 τοῦ

292 3829 429 3884 Θεοῦ
457 3833 490 3901 ἡ
521 3832 928 3903 τμητικωτάτη,
953 3832 1081 3896 τοὺς
1124 3833 1375 3900 ἀναξίους
1408 3835 1515 3889 ἀπὸ
1562 3836 1670 3891 τῶν
1693 3838 1859 3906 ἀξίων

290 3917 676 3987 διακόπτουσα,
706 3920 867 3975 διέλοι
902 3922 968 3976 ἀν
1008 3922 1231 3983 δικαίως
1259 3922 1370 3977 τῶν
1406 3925 1480 3997 μὴ
1522 3925 1732 3983 ἀσεϐῶν
1755 3930 1854 3999 (4⁵)

290 4009 499 4078 γονέων
523 4013 649 4076 τοὺς
678 4010 919 4077 εὐσεϐεῖς
942 4011 1271 4085 ἀφορίζουσα
1309 4014 1475 4079 υίούς.
1494 4016 1761 4083 Ὡσαύτως
1780 4038 1858 4074 τι-

295 4099 496 4170 μητέον
545 4101 640 4155 καλ⁵
684 4102 991 4172 ἀγαπητέον
1022 4103 1172 4165 υίθὺς
1216 4104 1309 4156 καὶ
1346 4103 1649 4178 θυγατέρας
1669 4110 1855 4181 νόμοις

290 4190 529 4258 φύσεως,
562 4193 624 4245 οὐ
660 4193 767 4264 μὴν
814 4192 945 4247 ὥσθ’
974 4193 1160 4250 ῑνεκεν
1188 4195 1395 4249 τούτων
1425 4196 1681 4269 ἐξάρνους
1707 4202 1855 4270 γίνε-

291 4280 421 4335 σθαι
441 4281 539 4352 τῆς
586 4285 714 4355 περὶ
752 4284 915 4337 αὐτὸν
944 4284 1232 4355 ὁμολογίας
1250 4303 1265 4318 ·
1317 4287 1579 4359 μεγίστης
1601 4306 1659 4343 τε
1686 4308 1857 4363 τιμω-

292 4372 415 4444 ρίας
435 4373 785 4446 ἀπειλητικὴν
817 4376 1096 4447 προήκατο
1140 4378 1322 4450 φωνὴν
1362 4378 1529 4434 εἰπὼν
1571 4381 1710 4437 κατὰ
1754 4384 1854 4457 μὲν

1964 3200 2196 3259 Verbum
2230 3200 2344 3258 bne
2371 3199 2689 3277 praecipiens
2718 3210 2774 3257 et
2799 3200 2900 3258 bas
2929 3200 3074 3271 leges
3106 3209 3391 3257 statuens:
3423 3200 3523 3254 de-

1960 3291 2091 3348 bere
2132 3292 2344 3349 scilicet
2377 3292 2577 3349 milites
2615 3306 2745 3349 suos
2764 3306 2926 3363 supra
2953 3306 3144 3347 omnes
3168 3305 3367 3362 genere
3389 3303 3524 3345 con-

1954 3379 2173 3451 iunctos
2211 3382 2389 3454 ipsum
2429 3396 2617 3439 amare
2672 3397 2773 3438 nec
2815 3382 3090 3438 dilectioni
3127 3395 3242 3437 sum
3273 3380 3525 3436 carnales

1959 3470 2186 3528 allectus
2219 3486 2533 3543 praponere
2561 3472 2647 3529 vel
2684 3487 2970 3540 corporum
3004 3470 3520 3541 consanguinitates.

1959 3561 2115 3618 Tunc
2152 3573 2333 3618 autem
2385 3563 2595 3634 gladius
2655 3563 2749 3618 Dei
2799 3562 3147 3620 acutissimus
3202 3563 3449 3634 indignos
3489 3579 3519 3617 a

1962 3656 2141 3723 dignis
2176 3656 2521 3723 praecidenda
2566 3653 2713 3724 iuste
2752 3663 3017 3719 secernet,
3050 3654 3119 3709 ab
3152 3654 3333 3723 impiis
3364 3654 3522 3708 nimi-

1958 3759 2077 3798 rum
2124 3743 2440 3815 parentibus
2496 3744 2617 3814 pios
2653 3744 2792 3799 illius
2823 3758 3105 3813 separans.
3151 3742 3419 3799 Similiter
3464 3743 3519 3799 in

1959 3836 2134 3905 pretio
2156 3834 2389 3890 habendi
2428 3844 2556 3889 sunt
2588 3842 2755 3905 atque
2788 3834 3009 3889 amandi
3041 3832 3137 3889 lilii
3165 3832 3399 3904 liliaque
3425 3849 3509 3888 na-

1958 3938 2092 3982 tura:
2117 3925 2265 3997 lege;
2289 3940 2392 3981 non
2419 3925 2491 3979 ita
2521 3935 2719 3992 tamen,
2746 3934 2804 3979 ut
2825 3925 3018 3979 borum
3052 3938 3218 3979 causa
3245 3923 3519 3981 Christum

1956 4016 2200 4073 conﬁteri
2226 4030 2552 4072 recusemus.
2584 4014 2911 4085 Maximique
2940 4013 3186 4085 supplicii
3212 4029 3396 4071 vocem
3434 4016 3518 4070 in-

1954 4112 2126 4166 dicem
2156 4110 2539 4178 pronuntiavit,
2563 4109 2687 4162 dum
2711 4108 3095 4164 aitsecundum
3127 4107 3326 4164 Lucam
3352 4125 3367 4163 :
3396 4106 3522 4165 Non

1952 4210 2120 4271 potest
2142 4217 2285 4256 ιιιειιε
2312 4217 2421 4255 esss
2442 4200 2732 4270 discipulus
2769 4200 2848 4266 δίς
2896 4201 3188 4255 secundum
3220 4216 3347 4256 vero
3384 4200 3520 4256 llat-

1957 4292 2150 4347 tbaum
2169 4309 2183 4346 :
2205 4290 2327 4346 Non
2359 4302 2433 4345 est
2464 4306 2544 4346 me
2573 4290 2763 4361 dignus
2784 4290 2850 4348 δ’.
2869 4290 3237 4359 Siquidemqui
3271 4292 3389 4348 haec
3410 4294 3522 4347 aie-

1954 4383 2065 4447 bat,
2083 4379 2209 4436 illud
2228 4380 2397 4450 ipsum
2419 4388 2537 4435 erat
2554 4380 2882 4450 unigenitum
2898 4381 2966 4435 ab
2979 4380 3131 4435 initio
3148 4379 3241 4435 Dei
3262 4379 3516 4446 Verbum,

290 4464 526 4529 Δουκᾶν,
561 4466 643 4519 οὐ
670 4464 922 4521 δύναταί
950 4484 1070 4536 μου
1112 4464 1265 4522 εῖναι
1287 4471 1591 4540 μαθητήςο
1624 4450 1766 4530 κατά
1792 4477 1850 4530 δὲ

1959 4474 2095 4545 quod
2128 4481 2213 4528 est
2242 4472 2377 4525 vita.
2400 4470 2682 4539 sapientia,
2734 4469 2847 4535 lux,
2879 4479 2934 4524 et
2974 4471 3215 4525 omnium
3258 4470 3518 4526 bonorum

288 4552 583 4618 Ματθαῖον,
617 4556 739 4609 Οὐκ
762 4556 893 4609 ἔστι
930 4573 1047 4625 μου
1080 4557 1279 4623 ἄξιος·
1305 4560 1460 4631 εῐπερ
1489 4563 1518 4615 ό
1548 4563 1718 4617 ταῦτα
1759 4564 1849 4619 λέ-

290 4658 404 4710 γων
422 4644 582 4707 αὐτὸς
604 4646 808 4709 ἐκεῖνος
836 4641 916 4718 ἦν.
936 4648 966 4700 ό
993 4649 1049 4701 ἑν
1088 4648 1229 4720 ἀρχῇ
1262 4652 1555 4722 μονογενὴς
1582 4656 1675 4710 τοῦ
1709 4656 1846 4712 Θεοῦ

1953 4564 2223 4622 cumulus.
2253 4560 2397 4634 Ergo
2437 4562 2602 4618 dictio
2628 4580 2642 4616 :
2678 4558 2800 4616 Non
2817 4571 2893 4616 est
2920 4577 3000 4615 me
3027 4561 3238 4632 dignus,
3260 4563 3399 4617 idem
3425 4576 3487 4616 va
3508 4594 3520 4603 -

1950 4657 2199 4730 letquod,
2218 4655 2335 4711 Non
2350 4654 2453 4711 erit
2469 4654 2572 4709 vita
2590 4668 2761 4723 neque
2782 4654 2887 4709 alio
2900 4652 3137 4725 quolibet
3152 4652 3293 4710 bono
3308 4655 3520 4725 dignus.

288 4737 662 4805 Δόγος,αὑτὺς
696 4739 773 4794 ὢν
815 4742 850 4812 ἠ
900 4740 1013 4814 ζωὴ
1039 4745 1131 4797 καὶ
1162 4746 1195 4817 ἡ
1229 4745 1388 4813 σοφία
1404 4748 1498 4801 καὶ
1527 4749 1588 4803 τὸ
1619 4752 1734 4821 φῶς
1762 4759 1856 4811 καὶ
1919 4758 1981 4812 τὸ
2021 4757 2239 4813 πάντων
2290 4750 2507 4821 ἀγαθῶν
2576 4749 2877 4821 πλήρωμα·
2913 4748 2982 4803 τὸ
3030 4748 3183 4819 γοῦν,
3221 4750 3344 4803 Οὐκ
3386 4749 3523 4805 εστι

282 4848 404 4903 μου
428 4831 615 4899 ἄξιος,
636 4834 821 4905 δμοιον
850 4835 917 4892 ἂν
939 4837 1023 4910 είη
1049 4837 1146 4909 τῷ,
1197 4840 1311 4894 Οὐκ
1344 4842 1411 4895 ἀν
1457 4843 1665 4911 γένοιτο
1695 4848 1861 4921 ’ζωῆς
1897 4853 2065 4920 ἄξιος,
2091 4848 2199 4906 οὐδ’
2221 4848 2381 4903 ἄλλου
2413 4844 2558 4908 τινὸς
2582 4842 2808 4914 ἀγαθοῦ.

362 4922 673 4978 Ἐπιτείνων
697 4925 755 4979 δὲ
782 4928 907 4991 τοὺς
919 4929 1020 4999 τῆς
1035 4928 1212 5001 ψυχῆς
1231 4931 1436 4996 τόνους,
1456 4936 1672 5007 καὶτῆς,
1688 4938 1764 5003 ὡς
1788 4940 1855 4995 ἂν

286 5013 432 5068 sim
462 5032 565 5079 τις,
595 5020 987 5089 στρατιωτικῆς
1022 5021 1164 5074 κατὰ
1184 5022 1315 5076 Θεὸν
1339 5023 1589 5095 ἀνδρείας
1619 5028 1719 5099 τὴν
1749 5029 1854 5101 ῥώ-

291 5120 401 5175 μην
418 5104 806 5179 ἀναζωπυρῶν,
834 5108 1092 5177 ἰπιλέγεν
1117 5112 1227 5168 Kal
1252 5112 1319 5179 ὃς
1352 5116 1424 5168 οὐ
1444 5116 1725 5179 ,ϐαστάζει
1748 5120 1853 5173 τὸν

287 5195 553 5265 σταυρὸν
577 5197 763 5254 αὑτοῦ
791 5198 889 5254 καί
918 5201 1149 5271 ἔρχεται
1179 5205 1371 5259 ὀπίσω
1402 5223 1541 5274 μου,
1572 5211 1644 5262 οὐ
1674 5209 1854 5263 δύνα-

286 5286 387 5339 ταί
408 5303 527 5355 μου
555 5284 705 5344 εῖναι
724 5292 993 5360 μαθητής
1010 5294 1097 5346 ὀὐ
1116 5294 1223 5367 γὰρ
1242 5297 1703 5369 πατέρων,φησὶν,
1731 5301 1851 5354 οὐδὲ

294 5375 566 5448 μητέρων,
593 5379 713 5432 οὐδε
738 5382 893 5449 υῖῶν,
918 5382 1039 5437 οὐδὶ
1062 5382 1373 5457 θυγατέρων
1402 5388 1559 5458 μόνον
1584 5391 1851 5461 προτιμᾶ-

292 5464 419 5523 σθαι
451 5471 711 5543 προσήκει
731 5472 828 5545 τὴν
858 5474 995 5547 ἐμὴν
1021 5476 1219 5545 φιλίαν,
1247 5478 1381 5533 ἀλλὰ
1412 5480 1507 5533 καὶ
1536 5480 1629 5534 τοῦ
1669 5481 1850 5552 σώμα-

222 5611 229 5616 _
285 5570 380 5620 τος
402 5558 589 5626 αὑτοῦ,
624 5564 718 5617 καὶ
748 5564 918 5636 αὐτῆς
945 5565 1073 5637 ὅλης
1098 5568 1195 5640 τῆς
1220 5572 1556 5641 προσκαίρου
1584 5571 1747 5643 ζωῆς.
1776 5574 1850 5626 To

2028 4942 2146 4997 lam
2180 4953 2309 4995 vero
2352 4937 2712 4992 corroborans
2757 4935 2949 4990 animae
2990 4942 3186 4989 nostra
3216 4948 3432 4999 nervos,
3462 4930 3519 4988 ει

1958 5030 2227 5097 militaris,
2258 5037 2316 5083 ut
2342 5028 2416 5083 ita
2439 5026 2636 5092 dicam,
2669 5026 2961 5081 secundum
2998 5026 3161 5080 Deum
3187 5028 3519 5081 fortitudinis

1955 5124 2099 5179 vires
2126 5121 2416 5177 incendens
2437 5115 2654 5187 ,pergit
2689 5115 2873 5171 dicere
2898 5114 3007 5170 :‘Et
3041 5116 3133 5185 qui
3168 5131 3271 5170 non
3312 5114 3516 5185 bajttlat

1955 5228 2161 5269 eruunt
2188 5226 2340 5266 suam
2377 5219 2428 5264 et
2460 5210 2593 5263 seuit
2623 5217 2743 5276 post
2764 5223 2866 5273 nte,
2898 5223 3002 5261 non
3022 5216 3188 5277 potest
3236 5223 3380 5262 tum
3406 5222 3517 5262 esse

1953 5302 2243 5374 discipulus
2262 5301 2329 5357 “.
2359 5298 2478 5355 Non
2522 5298 2665 5354 enim
2695 5299 2943 5369 patribus
2985 5308 3189 5353 tantum
3219 5314 3283 5354 ac
3321 5298 3513 5353 matri-

1956 5397 2077 5457 bus,
2131 5393 2257 5449 iiliis
2308 5392 2627 5460 ﬁliabusque
2680 5400 3012 5461 anteponere
3060 5388 3255 5453 debet,
3303 5388 3509 5459 inquit,

1952 5498 2194 5541 amorem
2214 5484 2367 5546 .mei,
2416 5483 2511 5538 sed
2545 5492 2600 5538 et
2642 5482 2855 5551 corpori
2898 5482 3136 5552 proprio,
3164 5489 3219 5533 et
3248 5480 3516 5536 universae

1955 5574 2083 5630 huic
2115 5573 2394 5645 temporali
2429 5572 2575 5627 vitae.
2597 5571 2803 5642 Corpus
2828 5572 3011 5644 igitur,
3041 5587 3149 5643 quo
3170 5587 3313 5627 nunc
3332 5573 3514 5627 anima

359 5670 406 5704 ³⁸
429 5671 595 5730 Exod.
629 5692 718 5742 ιι,
750 5678 840 5734 ιο.
912 5681 957 5713 ⁸⁸
981 5680 1167 5737 lattb.
1199 5699 1339 5748 χιιι,
1367 5684 1458 5741 37.
1531 5686 1579 5719 “
1603 5685 1853 5755 Matth,

1959 5728 1963 5741 ,
2037 5688 2083 5721 ⁸⁸
2107 5686 2238 5744 Luc.
2262 5702 2372 5752 xiv,
2400 5686 2493 5741 26.
2562 5688 2608 5720 “
2637 5688 2828 5747 Matth.
2856 5706 2913 5759 ι,
2940 5689 3030 5748 57.
3126 5689 3173 5723 ⁵³
3202 5689 3330 5747 ibid.
3365 5689 3457 5747 38.

360 5766 469 5837 μ’)
499 5764 595 5822 Vni
622 5769 903 5827 delendum
922 5773 1020 5842 μή,
1053 5774 1134 5829 vel
1175 5773 1457 5843 legendum
1482 5776 1745 5843 εὐσεϐῶν,
1782 5780 1859 5837 uis

1963 5780 2064 5838 alis
2090 5780 2270 5851 legere
2298 5782 2421 5851 μήν.
2454 5779 2610 5835 Eon.
