4062 6402
545 374 644 429 οτι
1241 359 1506 415 EUSEBII
1546 352 2013 414 CESARIENSIS
2049 349 2197 405 OPP.
2238 345 2416 401 PARS
2454 343 2543 399 ιν.
2575 373 2645 383 -
2676 339 3091 396 DOGMATICA.
3657 328 3721 381 37

551 486 866 543 includitur.
899 477 1214 545 cruciﬁgere
1257 480 1491 541 oportet,
1519 478 1574 523 et
1616 468 1777 523 veluti
1829 465 2155 521 mortuumA

2151 467 2173 519 ι
2200 457 2331 527 γοῦν
2365 458 2542 527 σῶμα,
2576 456 2605 508 δ
2634 454 2935 524 περίκειται
2963 450 3110 521 νῦνὴ
3142 444 3307 519 ψυχὴ,
3339 441 3755 545 ἀνασταυρῶσαι

550 578 784 641 edicere,
814 572 981 628 clavis
1011 528 1339 633 coriﬂgentes
1362 562 1503 616 illius
1519 560 1836 630 cupiditates
1864 567 1919 611 et
1950 570 2097 610 mor-

2200 550 2487 617 προσήκει,
2516 546 2608 597 καὶ
2630 544 2815 613 ὥσπερ
2846 541 3036 611 νεκρὸν
3058 534 3489 610 ἀπεργάσασθαι,
3516 528 3758 636 καθηλώ-

554 619 784 641 ......,..-,
818 619 978 628 -._.-_
1017 619 1064 623 ,ρ
1153 619 1183 633 ,,
1587 619 1601 630 _

554 671 838 729 titicantes,
873 662 1006 719 adeo
1054 667 1110 711 ut
1155 670 1260 710 non
1292 654 1536 707 videatur
1567 650 1836 703 viventem
1869 647 2099 701 circum-

2199 652 2396 696 σαντας
2426 633 2589 686 αὐτοῦ
2619 633 2685 686 τά
2712 630 2857 700 πάθη
2890 632 2981 683 καὶ
3014 624 3523 699 ἀπονεκρώσαντας,
3548 619 3625 681 ὡς
3656 634 3757 686 μη·

560 761 698 814 ferre
741 711 975 817 carnem,
1000 749 1093 805 sed
1142 745 1487 812 exstinctam,
1516 753 1571 796 et
1596 741 1792 796 divinis
1822 736 2102 808 praeceptis

2198 725 2318 778 κέτι
2349 720 2520 777 δοκεῖν
2543 723 2720 786 ζῶσαν
2755 720 3066 791 περιφέρειν
3106 718 3304 787 σάρκα,
3328 711 3465 767 ἀλλά
3503 724 3762 817 νενεῖιριιν

561 844 893 901 transﬁxam.
961 798 1137 905 ,Atque
1198 834 1272 889 ita
1317 798 1525 896 anima,
1579 843 1698 899 qua:
1737 827 1840 881 alia
1891 832 2102 881 constat

2202 813 2388 883 μένην,
2419 811 2513 865 καὶ
2531 813 2645 873 τοῖς
2660 811 2822 873 θείοις
2850 806 3267 879 παραγγέλμασι
3290 798 3758 905 πεπερονημέγην*

557 932 857 989 substantia
908 887 1225 991 incorporea
1271 930 1327 975 et
1383 915 1771 980 intellectuali,
1823 910 2102 968 victoriale

2199 903 2338 958 ὥστε
2370 904 2472 974 τὴν
2496 902 2691 973 ψυχὴν,
2716 902 2903 973 ἑτέρας
2923 897 3088 953 οὖσαν
3118 897 3306 959 οὐσίας
3333 894 3435 964 τῆς
3468 887 3760 991 diuinitus)

560 1035 817 1091 tropmum
846 978 1105 1073 adversus
1128 1015 1311 1068 hostes
1340 1011 1578 1077 erigens,
1611 1019 1810 1073 corpus
1856 1018 1969 1091 ceu,
1987 1016 2103 1091 cru-

2202 995 2295 1049 καὶ
2322 995 2532 1065 νοερᾶς,
2562 993 2818 1064 τρόπαιον
2864 990 3177 1061 νικητήριον
3225 987 3344 1039 κατ’
3378 981 3591 1054 ἐχθρῶν
3629 978 3766 1091 irai:

557 1070 674 1169 cem
708 1106 1059 1166 circumferre
1085 1102 1354 1163 videatur,
1400 1106 1455 1152 et
1497 1104 1767 1149 mortuum
1809 1090 1973 1146 veluti
2018 1089 2103 1142 in-

2204 1105 2420 1159 ρουσαν,
2458 1086 2520 1139 τὸ
2561 1083 2718 1154 σῶμα
2767 1082 2995 1154 σταυρὸν
3038 1080 3211 1133 δοκεῖν
3267 1074 3607 1146 περιφέρειν,
3668 1070 3763 1169 καὶ

558 1208 914 1257 strumentum
971 1203 1188 1267 gestans
1236 1189 1599 1257 subsequatur
1647 1185 1910 1239 rationem
1970 1181 2103 1252 (seu

2202 1176 2391 1248 νεκρὸν
2406 1176 2588 1247 ὥσπερ
2610 1176 2837 1246 ὗργανον
2867 1169 3278 1244 ἀχθηφοροῦσαν
3303 1166 3535 1221 ἕπεσθαι
3557 1164 3661 1267 τῷ.
3678 1162 3767 1216 λό-

541 1254 817 1366 iam...)
874 1254 1113 1356 praeclari
1170 1282 1343 1335 instar
1378 1254 1567 1331 militis
1596 1274 1689 1344 qui
1743 1273 1984 1327 victoria
2039 1273 2106 1327 de

2204 1285 2285 1339 γῳ
2314 1269 2467 1339 δίκην
2491 1267 2736 1335 γενναίου
2769 1263 3095 1337 στρατιώτου
3133 1262 3200 1315 τὰ
3229 1258 3454 1332 βραδεῖα
3482 1257 3582 1355 τῇς
3608 1254 3767 1366 νίκης

559 1342 813 1435 hostibus
854 1342 1133 1429 manubias
1162 1378 1333 1441 gerat.
1366 1366 1477 1422 Nisi
1507 1342 1655 1419 enim
1685 1364 1790 1419 hoc
1809 1366 1988 1424 .modo
2016 1377 2105 1418 se-

2204 1359 2325 1411 κατ⁸
2355 1356 2557 1427 ἐχθρῶν
2588 1353 3059 1424 έπικομιζομένου.
3089 1352 3152 1405 Ei
3195 1350 3303 1419 γὰρ
3340 1347 3414 1418 μὴ
3449 1344 3639 1400 τοῦτον
3678 1342 3769 1395 τὸν

560 1477 756 1537 quatur
784 1480 891 1528 me,
922 1463 1112 1531 inquit,
1142 1436 1433 1527 discipulus
1469 1468 1668 1524 corpus
1708 1467 1864 1507 suum
1895 1460 1954 1505 et
1984 1466 2107 1506 car-

2204 1452 2401 1521 τρόπον
2431 1447 2776 1518 ἀκολουθήσει
2812 1464 2921 1515 μοι,
2958 1446 3141 1515 φησὶν,
3171 1446 3207 1503 ό,
3229 1444 3352 1513 ἐμοὶ
3397 1436 3772 1537 μαθητευόμεῑ

567 1521 687 1614 nem
719 1553 1068 1616 mortiﬁcans,
1092 1561 1142 1604 et
1169 1548 1320 1619 quasi
1347 1546 1646 1603 exanimem
1675 1544 1963 1613 quamdam
1994 1557 2107 1597 cru-

2206 1556 2314 1604 νος,
2340 1539 2400 1592 τὸ
2427 1536 2619 1591 ἑαυτοῦ
2655 1535 2815 1606 σῶμα
2857 1536 2951 1589 καὶ
2987 1534 3087 1605 τὴν
3120 1534 3297 1604 σάρκα
3335 1526 3638 1619 νεκρὼσας,

871 1608 1416 1710 iniporuerts,'mittime
1461 1638 1536 1690 sit
1581 1608 1755 1702 neque
1783 1649 1904 1687 esse
1936 1631 2108 1701 possit

2206 1623 2315 1681 οἷόν
2338 1645 2455 1681 τινα
2483 1624 2709 1694 σταυρὸν
2731 1625 2930 1695 ἄψυχον
2943 1620 3319 1710 περιθέμενος,
3351 1617 3452 1669 οὐκ
3476 1614 3542 1710 ἀν
3564 1608 3777 1710 γένοιῇ

566 1698 900 1802 inelignus.
946 1698 1172 1785 'Culmen
1210 1728 1391 1795 itaque
1438 1698 1789 1795 philosophici
1821 1698 1985 1779 moris
2026 1723 2107 1776 his
2140 1786 2170 1802 Ἦ

2172 1790 2181 1802 ι
2213 1736 2312 1790 μου
2349 1719 2515 1782 ἄξιος,
2540 1718 2658 1770 οὐδὲ
2679 1717 2888 1773 δύναιτο
2914 1708 3053 1767 εἶναι
3080 1710 3341 1781 μαθητής.
3380 1705 3687 1776 Ἀκρότητα
3714 1698 3776 1802 δὲ

562 1786 1153 1889 verbisurepra‘sentat,
1199 1786 1496 1884 discipulos
1525 1786 1665 1869 suos.
1688 1823 1936 1881 tanquam
1967 1812 2111 1865 viros
2140 1786 2166 1841 Ῑ

2172 1790 2182 1838 ί
2213 1786 2308 1863 καὶ
2330 1808 2419 1861 διά
2436 1807 2637 1861 τούτων
2663 1805 2947 1876 φιλοσόφου
2973 1803 3171 1875 τρόπου
3202 1796 3634 1889 παρίστη,ᾼτοὺς
3674 1791 3776 1844 σύ-

565 1880 929 1969 ιιιίιίιυιιεεάά
984 1908 1263 1980 fastigium
1298 1880 1511 1961 virtutis
1563 1880 1924 1959 conscendere
1979 1903 2116 1957 iuvi—

2214 1895 2305 1952 τοῦ
2362 1895 2608 1967 μαθητὰς
2637 1891 2725 1948 οἷα
2765 1891 3181 1965 στρατιωτικοὺς
3221 1888 3419 1958 ἀνδρας
3469 1884 3558 1936 ἐπ’
3605 1880 3780 1949 ἀκρον

566 2017 702 2062 tans.
2215 1987 2409 2059 ἀρετῆς
2431 1986 2679 2040 σπεύδειν
2705 1983 3155 2054 προκαλούμενος.

638 2097 901 2164 Quoniam
948 2108 1051 2150 non
1102 2090 1271 2147 solum
1308 2089 1427 2157 plus
1455 2103 1613 2157 quam
1664 2095 1866 2156 patrem
1906 2100 1969 2141 ac
2005 2101 2118 2140 ma-

2286 2080 2359 2151 (5)
2405 2078 2540 2131 ’Δλλ’
2587 2076 2769 2147 ἐπειδὴ
2812 2075 3013 2145 πατρὸς
3057 2072 3153 2126 καὶ
3201 2068 3404 2140 μητρὸς
3418 2064 3537 2164 ,καὶ
3570 2061 3780 2164 τέκνων

569 2152 704 2239 trein
727 2193 782 2238 et
804 2184 1022 2244 liberos,
1056 2193 1242 2233 verum
1280 2152 1441 2232 etiam
1473 2152 1600 2245 plus
1642 2152 1801 2244 quam
1842 2174 2115 2243 proprium

2216 2173 2276 2225 οὐ
2310 2171 2485 2240 μόνον,
2534 2168 2665 2222 ἀλλά
2710 2167 2803 2220 καὶ
2851 2165 2942 2218 τοῦ
2989 2163 3237 2234 σώματος
3282 2156 3449 2213 αὑτοῦ
3476 2152 3780 2245 Ῠπροτμιμᾷν

567 2291 792 2344 corpus,
818 2272 1107 2329 amicitiam
1153 2270 1319 2337 ipsius
1366 2267 1736 2323 aestimandam
1780 2280 1898 2320 esse
1924 2267 2119 2319 docue-

2216 2260 2313 2330 τὴν
2344 2258 2507 2311 αὑτοῦ
2542 2257 2717 2326 φιλίαν
2742 2254 2994 2321 ἐδίδαξεν,
3018 2252 3136 2315 ἑνὸς
3159 2251 3216 2303 δὲ
3244 2247 3429 2302 λοιπὸν
3460 2244 3541 2297 ἔτι
3568 2240 3783 2344 letatur:

570 2326 693 2431 rati;
719 2380 825 2420 uno
850 2364 1023 2419 adhuc
1067 2361 1293 2429 reliquo,
1327 2358 1501 2427 magis
1526 2357 1687 2411 etiam
1735 2372 1893 2422 quam
1925 2371 2120 2424 corpus

2218 2326 2306 2411 τος
2334 2348 2427 2400 τοῦ
2459 2346 2552 2400 καὶ
2578 2346 2687 2399 (ὧν
2733 2342 2995 2413 σωμάτων
3040 2330 3687 2431 ἀναγκαιοτέρουκτθῦτο
3718 2326 3783 2398 δὴ

570 2454 898 2515 necessario.
944 2452 999 2506 id
1048 2460 1133 2505 est
1175 2450 1391 2515 anima;
1451 2461 1753 2503 sermonem
1814 2446 2116 2511 intendens,

2215 2433 2283 2507 ἦν
2315 2438 2347 2507 ὴ
2389 2436 2560 2505 ψυχή·
2598 2434 2879 2487 ἐπιτείνων
2921 2432 3013 2485 τὸν
3055 2430 3231 2499 λόγον,
3265 2429 3361 2481 καὶ
3398 2424 3525 2495 περὶ
3572 2419 3786 2515 ταύτης

784 2507 993 2612 quoque
1022 2540 1091 2593 ita
1121 2540 1331 2593 locutus
1351 2507 1435 2592 est
1466 2555 1479 2589 :
1513 2537 1614 2602 Qui
1636 2552 1740 2589 non
1770 2535 1934 2588 oderit
1964 2507 2117 2589 etiam

2217 2526 2467 2588 τοιαύτας
2499 2525 2834 2596 προύφέρετο
2864 2522 3063 2591 φωνὰς,
3093 2522 3182 2573 ὅτι
3216 2519 3281 2571 '0
3321 2517 3408 2612 pth
3453 2511 3653 2584 μισῶν

574 2598 1003 2693 animam-suam,
1034 2645 1136 2682 non
1159 2639 1325 2697 potest
1355 2644 1497 2683 metu
1518 2598 1635 2681 esse
1679 2625 1980 2692 discipulus.
2019 2624 2116 2679 Se-

2218 2616 2329 2683 τὴν
2360 2615 2570 2669 ἑαυτοῦ
2594 2613 2895 2682 ψυχὴν-οὐ
2920 2610 3167 2665 δύναται
3177 2625 3295 2697 μοι)
3317 2603 3469 2660 εῖναι

575 2724 806 2777 cundum
844 2735 973 2773 vero
1026 2718 1332 2772 Matthaeum
1385 2734 1399 2771 :
1441 2717 1545 2780 Qui
1590 2717 1838 2769 invenerit
1890 2715 2119 2769 animum

2218 2704 2357 2759 κατά
2385 2705 2443 2758 δὲ
2463 2706 2554 2757 τὸν
2576 2703 2871 2766 Ματθαῖον,
2916 2701 2979 2754 '0
3003 2698 3193 2768 εὑρὼν
3219 2696 3336 2765 τὴν
3357 2694 3572 2764 ψυχὴν
3594 2687 3786 2747 αὑτοῦ

577 2829 747 2874 suam,
773 2814 947 2879 perdet
974 2826 1086 2862 eam
1114 2824 1131 2861 :
1158 2820 1204 2861 et
1234 2810 1323 2875 qui
1346 2824 1459 2859 eam
1482 2807 1767 2870 perdiderit
1789 2814 1998 2875 propter
2016 2821 2117 2868 me,

2218 2796 2501 2850 ἀπολέσει
2544 2794 2763 2859 αὐτήν·
2798 2791 2897 2846 καὶ
2939 2794 2972 2846 ὀ
2995 2789 3299 2853 ἀπολέσας
3342 2784 3538 2879 αὐτὴν

578 2902 795 2957 inveniet
826 2900 1021 2955 eam“.
1053 2898 1168 2952 Non
1204 2900 1346 2952 enim
1380 2898 1528 2963 mihi,
1554 2898 1746 2966 inquit,
1775 2897 1841 2951 de
1885 2898 2120 2953 exterio-

2218 2884 2383 2953 ἑμοῦ,
2404 2881 2645 2949 εὑρήσει
2676 2881 2883 2947 αὑτήν.
2918 2880 3001 2933 Οὐ
3023 2878 3131 2949 γὰρ
3164 2876 3291 2947 περὶ
3322 2874 3431 2929 τῶν
3472 2872 3629 2935 ἐκτός
3665 2885 3782 2966 pet,

578 2994 725 3046 ribus
766 3006 946 3045 sermo
986 2998 1089 3048 est.
1124 3003 1298 3057 neque
1346 2989 1413 3041 de
1462 2960 1771 3056 pareniibus
1817 2996 1873 3041 et
1915 2986 2119 3050 liberis,

2223 2975 2390 3045 φησιν
2422 2976 2449 3026 ό
2494 2973 2671 3040 λόγος,
2717 2972 2836 3024 οὐδὲ
2873 2972 3001 3040 περὶ
3046 2971 3245 3037 γονέων
3281 2966 3377 3020 καὶ
3407 2966 3633 3026 τέκνων,
3668 2960 3784 3015 ἀλλ’

577 3083 670 3137 sed
697 3096 761 3134 ne
786 3082 849 3134 de
882 3082 994 3148 ipso
1032 3053 1245 3147 quidem
1273 3053 1495 3147 corpore
1527 3086 1582 3130 et
1619 3092 1782 3131 carne
1827 3078 1927 3132 hac
1968 3075 2124 3130 facile
2151 3099 2181 3155 ε

2180 3065 2343 3154 ἒοὐδὲ
2386 3065 2511 3133 περὶ⁵
2550 3062 2711 3115 αὑτοῦ
2756 3060 2849 3113 τοῦ
2898 3060 3141 3130 σώματος
3188 3058 3279 3111 καὶ
3321 3055 3423 3125 τῆς
3476 3053 3784 3124 εὐφθάρτου

582 3144 940 3239 corruptibili,
981 3144 1100 3239 quis
1134 3183 1321 3237 parum
1356 3144 1549 3222 curare
1572 3168 1754 3238 iubeo,
1785 3167 1908 3221 dum
1936 3176 2123 3221 contra
2155 3144 2186 3155 ν

2184 3144 2192 3154 ’
2225 3156 2425 3226 ταύτης
2455 3154 2671 3224 σαρκὸς,
2684 3146 2756 3205 ὧν
2770 3152 2833 3222 δὴ
2851 3152 3065 3203 ἔλαττον
3084 3145 3387 3220 φροντίζειν
3410 3144 3788 3217 παρακελεύο-

579 3278 691 3331 prae
720 3234 969 3317 omnibus
997 3234 1069 3315 in
1117 3234 1291 3328 pretio
1325 3258 1525 3313 habere
1549 3234 1825 3313 sermones
1853 3272 2000 3311 meos
2029 3257 2124 3309 ad-

2229 3265 2345 3320 μαι,
2381 3247 2472 3299 καὶ
2502 3246 2604 3315 πρὸ
2636 3246 2848 3297 πάντων
2877 3243 3040 3313 τιμᾷν
3064 3239 3193 3303 ⁸ἑοὺς
3211 3241 3382 3312 ἐμοὺς
3422 3234 3784 3309 λόγουςπαρ-

581 3327 789 3405 hortor.
823 3349 927 3404 Sed
956 3327 1201 3416 quamvis
1228 3346 1405 3399 anima
1442 3346 1730 3413 pretiosior
1758 3346 2003 3401 omnibus
2034 3347 2123 3410 sit,

2226 3336 2391 3397 αινῷο
2430 3336 2542 3390 ἀλλ’
2572 3337 2707 3405 ὅπερ
2764 3334 2879 3387 ἐστὶ
2927 3333 3139 3387 πάντων
3178 3330 3503 3401 τιμιώτερον
3542 3329 3579 3399 ἡ
3614 3327 3790 3400 ψυχὴ,

582 3442 654 3495 ita
685 3452 742 3495 ut
769 3441 896 3494 nihil
926 3439 1115 3493 melius
1147 3437 1409 3507 quispiam
1438 3437 1652 3502 habeat,
1687 3436 1813 3491 huic
1841 3438 1936 3505 ipsi
1976 3452 2127 3492 crea-

2223 3424 2290 3501 ἧς
2314 3429 2413 3480 οὐκ
2443 3426 2506 3479 ἂν
2553 3424 2757 3493 γένοιτό
2786 3441 2840 3477 τι
2883 3426 3126 3495 κρεῖττον
3156 3422 3389 3490 ἑκάστῳ,
3436 3419 3527 3472 καὶ
3583 3417 3792 3487 ταύτης

582 3540 665 3585 tor
693 3532 809 3599 ejus
855 3529 1257 3598 anteponendus
1281 3537 1397 3593 est;
1435 3529 1507 3582 ita
1541 3536 1599 3581 ut
1652 3528 1697 3581 si
1753 3536 1959 3595 tempus
1988 3526 2126 3582 forte

2226 3520 2391 3591 αὐτῆς
2420 3518 2525 3583 δέοι
2556 3517 2619 3571 ἂν
2648 3518 2737 3570 τὸν
2779 3516 3004 3588 ποιητὴν
3050 3514 3217 3584 αὐτῆς
3262 3514 3563 3584 προτιμᾷνο
3596 3510 3694 3574 ὡς,
3742 3509 3794 3563 el

580 3623 760 3692 exigat
785 3620 909 3675 huic
938 3635 1151 3689 quoque
1176 3634 1279 3672 non
1330 3632 1570 3687 parcere,
1598 3631 1824 3684 eamque
1854 3616 2019 3671 exitio
2048 3618 2127 3687 (ut

2227 3611 2415 3681 καιρός
2445 3625 2575 3661 ποτε
2606 3607 2900 3673 καλέσειεν,
2941 3606 3226 3677 ἀφειδῆσαι
3267 3604 3359 3657 καὶ
3385 3602 3610 3672 ταύτης,
3636 3602 3793 3654 ἀπω-

579 3689 924 3782 bypothetice
959 3709 1166 3781 loquar)
1199 3724 1296 3779 pro
1338 3710 1432 3763 Dei
1462 3709 1608 3763 cultu
1638 3709 1873 3772 tradere,
1905 3708 1958 3761 id
1991 3724 2118 3776 quo-

2226 3696 2344 3766 λεία
2391 3712 2449 3747 τε
2482 3695 2667 3765 αὐτὴν,
2716 3696 2790 3758 ὡς
2830 3694 2887 3746 έν
2928 3692 3176 3747 ὑποθέσει
3207 3692 3364 3760 λόγου
3408 3693 3603 3754 εἰπεῖν,
3648 3689 3795 3761 ὑπὲρ

582 3780 686 3871 que
711 3806 824 3859 sine
848 3780 1177 3859 dubitatione
1218 3802 1478 3870 agendum
1505 3803 1596 3856 sit.
1630 3800 1839 3854 Etenim
1867 3801 1967 3855 soli
1998 3801 2124 3868 Deo,

2229 3786 2504 3848 εὐσεϐείας
2522 3784 2655 3837 Θεοῦ
2684 3784 3031 3855 παραδοῦναι,
3055 3784 3150 3837 καὶ
3172 3784 3327 3837 τοῦτο
3358 3783 3463 3854 χρὴ
3494 3780 3793 3852 προθύμως

583 3894 844 3961 perditam
891 3895 1033 3962 (dico
1078 3909 1173 3962 per
1212 3893 1570 3963 hypothesim)
1623 3892 1791 3959 ipsius
1823 3906 1983 3947 causa
2012 3894 2127 3946 ani-

2231 3878 2543 3945 ὑπομένειν’
2576 3877 2657 3929 ὅτι
2704 3877 2844 3958 μόνῳ
2886 3874 3001 3945 Θεῷ
3033 3876 3127 3928 καὶ
3156 3876 3275 3946 τὴν,
3309 3875 3385 3937 ὡς
3429 3876 3485 3928 ὲν
3518 3873 3802 3937 ὑποθέσει,

588 4000 727 4038 mam
756 4000 1069 4054 recuperare
1099 3996 1153 4039 et
1181 3984 1425 4038 invenire
1456 3983 1708 4053 possibile
1737 3994 1839 4041 est.
1876 3984 2005 4038 Nam
2039 3987 2129 4054 qui

2231 3963 2564 4019 ἀπολωλυῖαν
2582 3964 2645 4016 δι’
2669 3954 2825 4016 αύτὺν
2849 3964 3023 4034 ψυχὴν
3049 3963 3480 4017 ἀνακαλέσασθαι
3512 3964 3606 4016 καὶ
3636 3962 3800 4015 ἀνευ-

585 4089 705 4127 earn
741 4088 1000 4143 nusquam
1045 4074 1386 4127 exsistentem
1432 4073 1604 4140 primo
1654 4072 1922 4140 formavit,
1974 4083 2025 4128 et
2062 4090 2129 4128 ex

2235 4056 2342 4124 ρεῖν
2373 4054 2611 4113 δυνατόν.
2649 4053 2707 4108 Ὀ
2731 4053 2837 4124 γὰρ
2871 4054 3115 4125 μηδαμοῦ
3146 4053 3407 4124 μηδαμῶς
3431 4049 3595 4108 οὖσαν
3624 4053 3801 4123 αὐτὴν

590 4180 696 4218 non
728 4174 970 4218 exstante
1000 4164 1294 4217 subsistere
1321 4160 1471 4227 fecit,
1502 4158 1645 4214 haud
1682 4162 1851 4230 impos
1882 4164 1987 4218 erit
2011 4178 2129 4217 eam

2233 4148 2489 4216 πρότερον
2523 4145 2981 4219 ὑποστησάμενος,
3016 4146 3107 4198 καὶ
3137 4147 3201 4199 ὲκ
3228 4144 3320 4199 τοῦ
3356 4146 3430 4217 μὴ
3453 4146 3607 4210 θντος
3629 4146 3710 4209 είς
3738 4145 3803 4199 τὸ

586 4270 652 4308 ex
685 4256 955 4309 hominum
1009 4254 1281 4308 consortio
1312 4253 1541 4321 pulsam,
1584 4262 1639 4307 et
1668 4251 1739 4307 de
1777 4254 2130 4308 hac-mortali

2234 4233 2370 4290 εἶναι
2404 4234 2751 4307 παραγαγὼν,
2777 4237 2875 4289 οὐκ
2904 4235 2969 4289 ἂν
3010 4236 3093 4306 είη
3128 4236 3387 4299 ἀδύνατος
3414 4236 3800 4307 ἀπολλυμένην

590 4346 698 4398 vita
734 4346 995 4409 abactam,
1034 4358 1222 4398 rursus
1272 4342 1337 4395 ad
1382 4342 1597 4396 luminis
1655 4357 1812 4397 auras
1858 4357 2130 4401 revocare.

2233 4325 2398 4395 αὐτὴν
2427 4326 2484 4388 ἐξ
2518 4324 2830 4396 ἀνθρώπων,
2875 4325 2967 4377 καὶ
3000 4326 3062 4378 ὲκ
3104 4324 3197 4378 τοῦ
3229 4323 3419 4396 θνητοῦ
3450 4324 3563 4394 βίου
3597 4326 3802 4392 ἀφανι-

590 4435 721 4487 Nam
750 4436 887 4502 quod
922 4435 1187 4503 perditum
1217 4432 1342 4495 fuit,
1370 4433 1509 4485 haud
1534 4444 1659 4487 sane
1689 4433 1741 4487 in
1772 4433 1995 4487 nihilum
2026 4434 2133 4488 dis—
2168 4423 2194 4477 ῐ

2200 4429 2211 4471 I
2247 4417 2480 4481 σθεῖσαν,
2500 4412 2651 4478 αὖθις
2680 4419 2756 4479 είς
2772 4416 2885 4484 φῶς
2918 4408 3276 4486 παραγαγεῖν.
3302 4415 3373 4467 Τὸ
3387 4415 3493 4485 γὰρ
3520 4415 3804 4478 ἀπολωλὸς

590 4528 831 4590 solvitur,
854 4524 946 4579 sed
981 4524 1245 4585 subsistit,
1278 4533 1382 4586 est,
1408 4539 1469 4575 ac
1498 4532 1802 4590 permanet;
1839 4532 2040 4577 tantum
2076 4539 2134 4577 se

2233 4509 2329 4559 οὐκ
2375 4509 2451 4569 εἰς
2496 4507 2829 4577 ἀνυπαρξίαν
2868 4506 3203 4576 κεχώρηκεν,
3259 4504 3369 4558 ἀλλ’
3407 4506 3643 4575 ὑπάρχει
3700 4508 3803 4574 μὲν

591 4616 1136 4681 Subtrahitlatetque
1182 4614 1544 4667 destructores
1598 4628 1742 4678 suos,
1793 4628 1900 4667 non
1957 4616 2131 4667 tamen

2234 4595 2322 4648 ml.
2352 4596 2468 4647 ἐστι
2507 4597 2599 4648 κα)¹
2635 4595 2783 4665 μένει
2807 4614 2818 4625 ·
2855 4596 3156 4666 κέκρυπται
3184 4595 3241 4647 δὲ
3275 4596 3366 4647 καὶ
3392 4593 3641 4649 λανθάνει
3673 4595 3803 4659 τοὺς

592 4722 839 4773 magnum
902 4705 1110 4759 oculum
1160 4703 1315 4772 fugit.
1365 4704 1716 4770 Quamobrem
1763 4703 1894 4757 nihil
1946 4716 2133 4767 reapse

2233 4686 2665 4748 ἀπολωλεκότας,
2724 4686 2835 4738 ἀλλ’
2887 4687 3005 4739 οὐδὲ
3063 4688 3151 4739 τὸν
3208 4685 3395 4758 μέγαν.
3431 4686 3799 4757 διαδιδράσκει

589 4797 725 4865 apud
769 4797 932 4849 Deum
965 4796 1121 4863 perit.
1168 4793 1318 4858 Quod
1348 4795 1392 4845 si
1428 4793 1548 4861 quis
1580 4793 1685 4846 Deo
1734 4809 1835 4845 non
1870 4794 2128 4857 credens,

2231 4778 2501 4848 ὀφθαλμόν
2527 4796 2541 4807 ·
2578 4778 2657 4830 διὸ
2699 4779 2849 4831 οὐδὲν
2898 4778 2961 4830 ἂν
3004 4778 3254 4831 ἀπόλοιτο
3287 4780 3412 4848 παρ’
3443 4778 3610 4847 αὐτῷ.
3640 4779 3710 4841 El
3744 4778 3802 4831 δέ

589 4901 761 4957 neque
795 4901 947 4956 posse
1003 4888 1067 4940 ab
1118 4900 1182 4939 eo
1230 4886 1463 4937 animam
1496 4899 1611 4951 qua:
1642 4884 1864 4952 periisse
1890 4892 2127 4952 putetur,

2232 4885 2332 4929 τις,
2388 4870 2690 4937 ἀπιστήσας
2735 4867 2881 4934 Θεῷ,
2934 4869 3026 4921 καὶ
3066 4868 3138 4939 μὴ
3187 4868 3441 4922 δύνασθαι
3491 4869 3654 4922 αὑτὸν
3702 4870 3802 4939 τὴν

587 4979 827 5031 revocari
875 4992 937 5031 ac
980 4976 1236 5030 vivificari
1293 4976 1581 5044 judicans,
1633 4973 2024 5028 confessionem
2066 4973 2131 5025 de

2234 4958 2561 5011 ἀπολωλέναι
2584 4959 2923 5027 νομισθεῖσαν
2941 4958 3117 5030 ψυχὴν
3136 4956 3291 5022 αὖθις
3312 4962 3678 5028 ἐπαναγαγεῖν
3705 4962 3802 5014 καὶ

590 5067 697 5121 Deo
732 5066 923 5121 factam
968 5066 1312 5135 abnegaverit
1338 5106 1353 5130 ,
1390 5080 1450 5118 ac
1482 5073 1761 5133 prapterea
1816 5063 2131 5133 impenden-

2237 5046 2510 5109 ζωοποιεῖν
2539 5049 2902 5119 ἡγησάμενος,
2932 5049 3157 5120 ἔξαρνος
3186 5052 3392 5119 γένοιτο
3418 5052 3515 5121 τῆς
3550 5052 3678 5121 περὶ
3708 5052 3801 5103 τὸν

592 5170 697 5211 ιειιι
725 5157 791 5209 ab
818 5156 1125 5210 hominibus
1169 5171 1353 5210 necem
1409 5154 1627 5223 fugerit,
1669 5169 1829 5221 seque
1888 5167 2129 5209 securam

2233 5137 2362 5189 Θεὸν
2385 5139 2689 5207 ὁμολογίας,
2717 5136 2831 5191 εἶτα
2858 5140 3104 5210 διαφύγοι
3146 5142 3241 5211 μὲν
3272 5141 3361 5193 τὸν
3394 5140 3453 5205 es
3496 5141 3801 5212 ἀνθρώπων

591 5248 727 5301 inter
761 5247 1002 5302 homines
1033 5248 1189 5301 vitam
1237 5249 1483 5315 adeptum
1519 5246 1818 5315 putaverit,
1853 5256 2017 5313 atque
2060 5244 2133 5297 ita

2234 5225 2614 5297 ὲπῃωρημένον
2655 5226 2898 5291 θάνατον,
2945 5231 3003 5281 έν
3038 5230 3306 5298 ἀσφαλείᾳ
3350 5229 3407 5280 δὲ
3609 5232 3702 5283 καὶ
3746 5234 3802 5284 ὲν

592 5337 823 5389 animam
855 5352 1004 5391 suam
1033 5353 1089 5393 se
1118 5340 1389 5393 invenisse
1428 5345 1631 5406 speret,
1662 5336 1858 5405 quippe
1894 5337 1985 5403 qui
2033 5335 2133 5389 ho-

2239 5320 2519 5390 ἀμερίμνῳ
2550 5320 2650 5389 τῆς
2677 5321 2973 5391 ἀνθρώπων
3005 5323 3149 5392 ζωῆς
3190 5325 3375 5393 ἡγοῖτο
3423 5324 3615 5379 ἑαυτὸν
3644 5344 3802 5397 γεγο-

594 5427 793 5482 minum
839 5427 1057 5481 insidias
1091 5426 1590 5496 impendentemque
1642 5426 1919 5496 religionis
1973 5438 2131 5480 causa

2238 5410 2401 5475 νέναι,
2436 5414 2510 5476 ὼς
2538 5413 2711 5467 δοκεῖν
2736 5415 3021 5486 εὑρηκέναι
3046 5416 3238 5469 ἑαυτοῦ
3266 5417 3364 5487 τὴν
3386 5417 3585 5488 ψυχὴν,
3614 5420 3709 5472 ἆτε
3738 5420 3802 5491 δὴ

594 5530 775 5569 necem
816 5518 1095 5583 vitaverit;
1133 5518 1239 5583 hic,
1294 5518 1533 5589 inquam,
1586 5518 1722 5574 sciat
1767 5531 1896 5573 sera
1958 5518 2132 5587 potius

2237 5501 2514 5571 ὲκφεύγων
2541 5504 2639 5568 τὰς
2666 5505 2722 5571 ἐξ
2752 5506 3049 5576 ἀνθρώπων
3074 5508 3381 5574 επιϐουλὰς,
3405 5512 3498 5563 καὶ
3522 5510 3615 5565 τὸν
3639 5514 3802 5583 irim-

596 5609 640 5639 “
668 5607 853 5661 Matth.
883 5624 937 5675 ι,
961 5609 1047 5663 59.

665 5700 741 5765 (5)
771 5700 898 5757 Cod.
928 5704 991 5758 Δ.
1029 5702 1064 5756 ί.
1095 5702 1219 5763 204.
1252 5702 1305 5759 b.
