4062 6440
305 450 414 508 θῖδ

1645 448 1736 505 DE
1773 447 2259 506 THEOPEANIA.~

3435 456 3544 515 οτι

303 565 533 641 λημὲνον
554 566 736 620 ενεκεν
756 565 848 631 τοῦ
868 565 965 636 τῆς
984 564 1463 637 θεοσεϐείαςιλόγου
1478 564 1726 620 θάνατον’
1744 565 1851 619 tm

1975 565 2087 619 vita
2108 565 2188 621 se
2237 564 2411 634 ipsum
2454 564 2737 633 privasse.
2779 578 3048 635 suamque
3077 566 3347 633 animam,
3380 582 3544 637 quam

300 658 332 711 δ
354 656 592 722 τοιοῦτος
639 657 738 727 τῆς
770 655 1015 727 ἀληθοῦς
1045 656 1190 727 ζωῆς
1232 654 1422 710 ἑαυτὸν
1459 655 1747 727 περήσας,
1772 655 1866 710 καὶ

300 751 401 823 τὴν
428 748 619 805 ἑαυτοῦ
658 748 853 819 ψυχὴν,
896 748 965 820 ήν
1000 749 1289 819 εὑρηκέναι
1334 746 1635 817 νενόμικεν,
1676 745 1866 817 ἀληθεῖ

300 840 441 910 λόγῳ
469 839 742 911 παραδοὺς
770 838 1032 910 ἀπωλείᾳ.
1076 838 1262 909 Πάσης
1298 835 1406 906 γὰρ
1434 835 1668 908 ἐσχάτης
1711 836 1863 888 ἀπω-

298 930 450 994 λείας
479 930 672 999 γένοιτ’
703 928 770 983 ἂν
815 932 991 1000 χεῖρον
1022 929 1083 982 τὸ
1110 930 1360 982 ἐκπεσεῖν
1389 926 1545 992 Θεοῦ,
1576 927 1670 986 καὶ
1698 926 1866 997 ἀρνη-

298 1022 467 1094 θῆναι·
485 1022 590 1077 ὑπὸ
615 1020 708 1075 τοῦ
752 1021 882 1075 Υίοῧ
915 1020 1009 1074 τοῦ
1045 1019 1201 1074 Θεοῦ.
1245 1018 1311 1072 Τί
1335 1018 1395 1072 δὲ
1425 1017 1519 1071 καὶ
1546 1017 1706 1070 πλέον
1733 1019 1861 1070 ὲπο-

306 1112 510 1186 ρίισατο,
543 1113 735 1167 ἑαυτὸν
764 1113 1066 1183 ἀπατήσας,
1098 1110 1193 1167 καὶ
1227 1109 1518 1181 εὑρηκέναι
1542 1110 1641 1179 τὴν
1669 1107 1861 1161 ἑαυτοῦ

300 1202 475 1274 ψυχὴν
497 1202 799 1266 ὑπολαϐὼν,
825 1203 938 1273 ὅτε,
969 1200 1183 1270 φεύγων
1216 1198 1306 1253 τὸν
1338 1198 1585 1263 θάνατον,
1611 1198 1701 1251 τὸν
1729 1196 1861 1251 Θεὸν

294 1294 541 1365 ἠρνεῖτο]
568 1292 805 1363 Σμικροῦ
835 1291 942 1361 γάρ
966 1291 1119 1354 ὄντος
1147 1290 1238 1344 καὶ
1264 1290 1549 1362 ἐπικαίρου
1575 1288 1716 1359 βίου,
1743 1289 1859 1359 μετ’

293 1381 358 1436 οὐ
386 1382 520 1436 πολὺ
545 1384 643 1454 τῆς
665 1368 863 1453 θνητῆς
890 1381 982 1434 καὶ
1000 1379 1359 1451 ὀλιγοχρονίου
1385 1378 1529 1450 ζωῆς
1557 1379 1857 1451 στερηθεὶς,

296 1471 392 1525 καὶ⁵
418 1470 497 1543 τῷ
524 1471 736 1543 θανάτῳ
777 1471 836 1524 ὃν
870 1470 1083 1540 φεύγων
1108 1471 1198 1523 τὸν
1226 1470 1358 1524 Θεὸν
1389 1472 1602 1542 ἠρνεῖτο
1623 1469 1862 1540 ὑποϐλη-

295 1562 430 1628 θεὶς,
462 1566 527 1634 τῇ
561 1564 697 1634 μετά
725 1562 815 1616 τὸν
837 1560 1061 1615 θάνατον
1092 1561 1285 1631 αίωνίᾳ
1310 1560 1525 1638 κολάσει
1552 1558 1861 1630 παραδοθή-

297 1668 465 1719 σεται,
488 1653 755 1716 ἀπολέσας
774 1651 1000 1721 ηάληθῶς
1028 1650 1125 1722 τὴν
1149 1648 1341 1704 ἑαυτοῦ
1371 1650 1567 1720 ψυχὴν,
1596 1649 1663 1720 ἢν
1691 1649 1858 1720 εὑρη-

294 1744 447 1799 κέναι
485 1744 803 1814 ὐπειλήφει·
859 1742 935 1806 ὡς
976 1741 1240 1796 ἀνάπαλιν
1282 1740 1313 1793 ό
1343 1739 1430 1792 διὰ
1464 1740 1562 1810 τὴν
1601 1740 1679 1801 είς
1723 1738 1858 1792 Θεὸν

293 1833 487 1889 unua
505 1833 701 1888 ἑαυτὸν
726 1832 1022 1901 ἀπογνοὺς,
1040 1831 1133 1885 καὶ
1159 1830 1255 1902 τὴν
1280 1829 1473 1885 ἑαυτοῦ
1511 1828 1653 1900 ζωὴν
1680 1829 1858 1899 ἀπαρ-

1972 653 2074 711 sibi
2104 654 2374 709 invenisse
2395 654 2703 719 videbatur,
2736 655 3024 725 perditioni
3057 657 3368 713 tradidisse.
3394 658 3544 727 Quo-

1970 742 2053 798 vis
2089 741 2490 796 enimtsummo
2533 742 2706 801 exitio
2754 742 3000 799 deterius
3044 753 3129 801 est
3166 744 3262 802 Dei
3306 750 3540 817 gratiam

1970 834 2221 893 amittere
2249 844 2303 888 et
2329 849 2357 888 a
2397 833 2537 890 Filio
2567 833 2663 889 Dei
2697 834 2913 905 negari.
2940 836 3079 902 Quid
3113 852 3244 895 vero
3274 840 3539 910 quispiam
3594 830 3600 835 ’

1970 923 2205 994 proﬁcit,
2233 924 2359 979 dum
2389 940 2449 980 se
2477 925 2700 996 decipit,
2728 936 2784 983 et
2808 928 3046 985 animam
3092 943 3247 984 suam
3292 931 3540 989 invenire

1969 1014 2286 1078 arbitratur,
2317 1029 2440 1069 cum
2472 1026 2705 1071 mortem
2735 1016 2935 1083 vitans,
2968 1017 3137 1086 Deum
3171 1023 3370 1093 negati
3400 1022 3537 1079 Nam

1968 1119 2095 1159 cum
2143 1105 2217 1160 sit
2258 1115 2465 1159 arctum
2497 1114 2552 1160 et
2584 1108 2882 1175 temporale
2926 1108 3029 1163 hoc
3077 1117 3276 1176 avum,
3304 1124 3537 1182 quanto-

1968 1196 2085 1250 cius
2128 1194 2347 1249 mortali
2398 1196 2660 1265 brevique
2705 1198 2817 1252 vita
2855 1199 3101 1261 orbatus.
3154 1211 3362 1257 αξιοι·ηο
3415 1216 3539 1274 post

1968 1295 2193 1340 mortem
2231 1285 2495 1354 supplicio
2536 1287 2803 1353 tradetur,
2845 1291 3058 1358 perdita
3094 1292 3375 1348 enimvero
3411 1310 3541 1365 pro-

1964 1376 2085 1445 pria
2146 1376 2347 1441 anima,
2378 1391 2541 1446 quam
2609 1392 2668 1442 se
2739 1379 3012 1436 invenisse
3056 1383 3309 1451 putabat.
3365 1384 3537 1439 Sicuti

1967 1481 2123 1521 versa
2147 1468 2267 1522 vice
2293 1468 2383 1537 qui
2414 1470 2485 1523 ob
2517 1483 2665 1537 spem
2712 1470 2767 1524 in
2826 1470 2994 1527 Deum
3044 1476 3392 1545 semetipsum
3445 1494 3540 1532 ne-

1965 1555 2136 1623 gligit,
2170 1570 2433 1626 suamque
2461 1557 2631 1612 vitam
2662 1559 2915 1630 abnegat,
2950 1570 3006 1617 et
3028 1573 3293 1630 quantum
3344 1566 3539 1621 attinet

1965 1646 2034 1698 ad
2086 1658 2242 1699 suum
2293 1646 2653 1714 propositum,
2711 1650 2948 1711 animam
3006 1652 3289 1721 propriam
3325 1656 3530 1725 perdit,

1964 1743 2159 1789 cuncta
2189 1733 2306 1789 hzec
2334 1734 2590 1792 alacriter
2622 1748 2845 1808 propter
2871 1738 3033 1795 ﬁdem
3071 1755 3201 1811 erga
3249 1743 3417 1799 Deum
3454 1756 3539 1799 to-

1965 1824 2183 1891 lerans;
2217 1825 2305 1880 hic
2335 1825 2552 1895 inquam
2586 1837 2771 1899 erecta
2821 1829 3018 1885 ﬁducia
3058 1832 3151 1897 sit,
3204 1835 3359 1903 quasi
3399 1834 3536 1890 nihil

291 1925 496 1998 νηθεὶς,
529 1927 651 1980 ὅσον
687 1941 747 1978 τε
788 1924 881 1977 ἐπὶ
907 1926 973 1994 τῇ
1004 1920 1195 1976 ἑαυτοῦ
1229 1920 1485 1993 προθέσει
1526 1918 1624 1990 τὴν
1663 1919 1851 1972 ἑαυτοῦ

1958 1915 2278 1985 perdiderit.
2298 1918 2416 1972 Non
2434 1918 2577 1973 enim
2595 1920 2709 1990 ipse
2720 1920 2927 1987 amisit,
2943 1921 3036 1976 sed
3056 1922 3261 1977 invenit
3295 1926 3535 1983 animam

288 2016 465 2089 ψυχὴν
497 2014 871 2079 ἀπολωλεκὼς,
908 2015 1083 2068 πάντα
1124 2028 1184 2066 τε
1219 2012 1389 2065 ταῦτα
1420 2010 1701 2082 εὐθαρσῶς
1730 2010 1858 2063 ἐπο-

291 2105 482 2177 μιίνας
517 2104 605 2159 διά
637 2104 735 2173 τὴν
774 2101 986 2166 είς.τὸν
1030 2100 1161 2153 Θεὸν
1207 2101 1412 2165 πίστιν,
1444 2092 1737 2170 ’θαρρείτω
1780 2096 1857 2161 ὡς

291 2194 518 2267 μηδενὸς
538 2193 873 2255 ἀπολωλότος
900 2192 1049 2264 αὐτῷ
1071 2209 1085 2222 ·
1104 2192 1182 2257 οὐ
1209 2191 1318 2263 γάρ
1342 2188 1617 2244 ἀπόλωλεν
1636 2189 1666 2241 ό
1684 2186 1857 2241 τοιοῦ-

284 2302 399 2351 τος,
430 2286 544 2339 ἀλλ’
570 2277 695 2357 εὗρε
728 2285 827 2356 τὴν
854 2283 1046 2338 ἑαυτοῦ
1071 2284 1269 2355 ψυχήν.
1294 2283 1359 2336 El
1381 2281 1511 2351 γοῦν
1534 2280 1610 2344 ὡς
1637 2281 1696 2334 ὲν
1726 2280 1860 2332 ὐπο-

286 2376 433 2431 θᾶσσι
462 2376 617 2445 λόγου
652 2374 818 2447 θνητὴ
848 2371 982 2429 οὖσα
1007 2374 1289 2445 ἐτύγχανε,
1318 2373 1413 2427 καὶ
1437 2373 1522 2425 οἵα
1551 2388 1610 2424 τε
1641 2368 1858 2441 ἀληθῶς

285 2467 369 2530 είς
397 2465 459 2520 τὸ
484 2465 559 2537 μὴ
584 2465 643 2518 ὃν
668 2467 884 2536 χωρεῖν,
909 2463 1003 2518 καὶ
1029 2464 1078 2516 εί
1109 2462 1392 2517 ἀπώλλυτο
1415 2460 1520 2515 ὐπὸ
1547 2457 1855 2530 ἀνθρώπων

284 2557 671 2629 ἀναιρουμένη,
701 2557 849 2627 ὅμως
878 2555 978 2610 οὐκ
1009 2555 1089 2618 είς
1117 2554 1433 2608 ἀνέλπιστον
1460 2550 1565 2623 χρὴ
1596 2550 1687 2603 τὸν
1717 2549 1857 2619 ὑπὲρ

285 2647 567 2711 εὐσεϐείας
611 2647 799 2717 ἀγῶνα
848 2647 1248 2718 διακαρτερεῖν·
1284 2643 1471 2713 ἐπειδὴ
1508 2640 1588 2712 τῷ
1615 2640 1732 2711 Θεῷ
1760 2638 1855 2693 καὶ

1961 2022 2133 2061 suam.
2158 2007 2215 2063 Si
2246 2023 2377 2079 ergo
2401 2023 2498 2078 per
2525 2009 2868 2080 hypotbesim
2887 2014 3134 2071 mortalis
3162 2026 3311 2072 esset
3328 2018 3534 2081 anima,

1960 2114 2025 2153 ac
2056 2115 2182 2155 vere
2204 2100 2258 2154 in
2280 2101 2511 2156 nihilum
2547 2114 2731 2172 posset
2766 2103 3011 2173 dissolvi,
3050 2114 3108 2161 et
3137 2105 3423 2179 siperiret
3466 2112 3537 2165 ab

1961 2190 2270 2245 hominibus
2295 2194 2555 2260 extincta,
2585 2194 2940 2252 nihilominus
2965 2196 3114 2255 haud
3135 2201 3367 2270 sinespe
3393 2200 3536 2261 foret

1959 2292 2057 2347 pro
2082 2277 2343 2350 religione
2367 2280 2815 2351 depugnandum;
2842 2284 2968 2353 quia
3008 2284 3120 2341 Deo
3138 2293 3195 2343 et
3226 2285 3439 2354 perdita
3478 2295 3536 2342 et

1963 2383 2228 2436 nusquam
2263 2369 2561 2434 exstantia,
2594 2371 2661 2425 ad
2707 2372 3087 2435 exsistendum
3134 2384 3301 2445 atque
3328 2375 3397 2430 ad
3445 2377 3531 2432 vi-

1957 2464 2067 2511 tam
2094 2457 2389 2525 perducere
2417 2469 2623 2517 nonest
2640 2461 2894 2519 arduum.
2912 2462 3255 2535 Quapropter
3276 2480 3352 2528 ea,
3365 2467 3532 2529 etiam

1957 2562 2078 2617 quae
2104 2550 2368 2605 exsistere
2392 2566 2496 2607 non
2526 2554 2844 2619 creduntur,
2865 2557 2960 2610 sed
2989 2556 3112 2627 ejus
3139 2572 3303 2622 causa
3328 2572 3395 2615 ex
3426 2559 3533 2614 bo-

1962 2641 2197 2698 mimbus
2221 2652 2597 2709 excesserunt,
2623 2658 2729 2700 non
2755 2645 2864 2711 erit
2893 2646 2942 2707 ei
2964 2646 3300 2717 impossibile
3342 2665 3533 2706 rursus

283 2739 359 2795 τὰ
393 2739 705 2794 ἀπολωλότα
729 2740 821 2793 κα)⁸
856 2738 926 2793 τὰ
985 2737 1207 2811 μηδαμῆ
1244 2735 1507 2807 μηδαμῶς
1549 2734 1681 2788 ὄντα
1710 2748 1851 2803 παρ-

1961 2730 2290 2795 instaurare,
2337 2742 2394 2787 et
2436 2735 2661 2803 perdita
2694 2734 2891 2798 animm
2930 2737 3302 2795 inventionem
3330 2740 3404 2807 ei,
3439 2744 3531 2812 qui

286 2831 443 2899 άγειν
470 2830 531 2896 ὶξ
551 2831 651 2884 οὐκ
670 2830 838 2884 ὄντων
866 2831 961 2884 καὶ
976 2829 1258 2895 ζωοποιεῖν
1277 2828 1519 2882 δυνατόν.
1536 2826 1628 2880 Διὸ
1653 2826 1748 2881 καὶ
1768 2825 1860 2878 τὸν

1965 2821 2135 2891 ipsius
2166 2837 2327 2877 causa
2358 2825 2651 2889 amisisset,
2678 2827 2999 2883 concedere.

282 2923 604 2995 νομισθέντα
626 2922 822 2995 μηκέτι
841 2919 1001 2987 εἶναι,
1030 2921 1166 2976 ἀλλά
1183 2922 1252 2975 δι’
1278 2921 1440 2976 αὐτὸν
1464 2920 1522 2987 ἐξ
1548 2916 1848 2990 ἀνθρώπων
1883 2913 2217 2979 ἀπολωλότα,
2275 2916 2375 2968 οὐκ
2432 2916 2500 2969 ἂν
2524 2917 2673 2987 αὐτῷ
2692 2918 2900 2987 γένοιτο
2926 2918 3186 2974 ἀδύνατον
3213 2916 3369 2986 αὖθις
3394 2922 3501 2978 ὑπο

286 3018 607 3089 στήσασθαι,
652 3019 747 3071 καὶ
774 3016 875 3088 τήν
907 3014 1121 3088 εὕρεσιν
1166 3016 1268 3087 τῆς
1306 3013 1645 3077 ἀπολωλυίας
1674 3011 1849 3083 ψυχῆς
1880 3008 1960 3079 τῷ
1984 3008 2051 3061 δι’
2081 3008 2242 3063 αὐτὸν
2272 3009 2441 3063 αὐτὸν
2473 3009 2847 3076 ἀπολωλεκότι
2877 3016 3202 3084 παρασχεῖν.

958 3107 1039 3161 lZ'
1073 3106 1171 3177 (6).

356 3198 542 3263 οὐδεὶς
572 3197 752 3270 μέντοι
783 3196 998 3250 πώποτε
1028 3195 1321 3268 προφητῶν
1350 3195 1411 3249 τὸ
1444 3196 1704 3267 κήρυγμα
1749 3193 1849 3270 τῆς

280 3288 395 3344 τῶν
424 3284 667 3359 οὐρανῶν
701 3287 974 3357 βασιλείας
1010 3285 1229 3357 γυμνῶς
1257 3288 1337 3349 είς
1380 3285 1589 3348 πάντας
1618 3284 1848 3353 εὐηγγέ-

282 3381 460 3433 λιστο⁹
504 3379 617 3433 ἀλλ’
663 3379 860 3449 ᾔδεσαν
909 3378 1005 3447 μὲν
1043 3377 1173 3437 αὐτὸ
1218 3376 1490 3448 προφῆται
1531 3374 1751 3438 πάντες.
1784 3375 1846 3428 οὐ

286 3469 396 3541 μὴν
432 3470 526 3523 καὶ
553 3468 632 3539 τῷ
681 3468 947 3522 Ἰουδαίων
986 3466 1101 3537 λαῷ
1142 3466 1517 3536 παρεδίδοσαν,
1550 3465 1638 3519 διὰ
1666 3464 1729 3519 τδ
1754 3483 1849 3537 νη-

282 3559 498 3624 πιάζειν
522 3558 619 3623 τάς
646 3559 865 3630 φρένας,
900 3558 995 3612 καὶ
1030 3557 1333 3622 ἑξασθενεῖν
1366 3557 1503 3628 πρὸς
1530 3557 1593 3611 τὸ
1624 3556 1848 3628 μέγεθος

281 3649 377 3703 τοῦ
402 3649 748 3721 κηρύγματος
766 3665 780 3679 ⁸
814 3648 1029 3721 πρώτου
1067 3648 1124 3701 δὲ
1164 3647 1408 3701 Ἰωάννου
1432 3646 1717 3719 τηλαυγῶς
1740 3664 1845 3717 κη-

287 3740 544 3813 ρύξαντος
572 3739 855 3809 ηγγικέναι
879 3739 974 3809 τὴν
994 3737 1111 3805 τῶν
1129 3738 1372 3810 οὐρανῶν
1399 3737 1691 3808 βασιλείαν,
1712 3736 1846 3807 ἀφε-

283 3831 371 3885 σίν
394 3848 454 3883 τε
486 3830 766 3901 ἁμαρτιῶν
801 3828 888 3882 διὰ
929 3828 1153 3900 λουτροῦ
1186 3826 1603 3897 παλιγγενεσίας
1637 3843 1845 3895 καταγ-

281 3921 561 3991 γείλαντος
584 3918 906 3992 ἀνθρώποις,
940 3919 991 3973 ei
1019 3918 1096 3989 τῷ
1122 3919 1441 3990 κηρύγματι
1470 3917 1692 3981 ἑαυτοὺς
1727 3918 1847 3971 ἑπι-

280 4010 462 4074 δόντες
504 4009 905 4081 περιάρπαστον
951 4008 1119 4079 αὐτὴν
1167 4009 1480 4079 ἐσχήκασιν,
1524 4006 1583 4074 ἐξ
1624 4006 1846 4060 ἐκείνων

281 4100 392 4153 τῶν
428 4099 649 4171 ἡμερῶν
685 4099 999 4171 ἀρξάμενοι,
1041 4098 1102 4164 ἐξ
1134 4091 1210 4153 ὧν
1246 4102 1277 4153 ό
1320 4100 1570 4169 Ἰωάννης
1597 4098 1689 4152 τὸν
1718 4098 1845 4170 περὶ

282 4191 452 4261 αὐτῆς
492 4191 811 4261 κατήγγειλε
849 4190 1027 4259 λόγον.
1060 4190 1141 4244 Τά
1176 4191 1273 4261 μὲν
1308 4189 1417 4262 γὰρ
1458 4190 1734 4254 Μωῡσέως
1760 4190 1847 4243 νό-

286 4297 427 4351 μιμα
450 4280 545 4333 καὶ
568 4281 665 4351 τὴν
705 4280 996 4351 Ἰουδαῑκὴν
1016 4280 1267 4353 λατρείαν
1290 4281 1477 4351 καιρόν
1497 4298 1659 4351 φησιν
1682 4283 1845 4351 ἐσχησ-

284 4370 437 4424 κέναι
480 4372 708 4423 οἰκεῖον
741 4369 926 4424 τοῦτον
969 4370 1025 4424 δὲ
1066 4371 1499 4443 περιγράφεσθαι
1541 4373 1700 4444 μέχρι
1746 4372 1846 4443 τῆς

297 4458 539 4513 Ἰωάννου
572 4459 898 4531 παρουσίαςο
932 4460 1025 4513 καὶ
1053 4461 1181 4524 τοὺς
1225 4462 1505 4532 προφήτας
1548 4462 1605 4515 δὲ
1652 4462 1842 4533 μέχρις
1873 4458 1918 4512 D

296 4550 539 4603 Ἰωάννου
602 4547 870 4613 Ἰουδαίοις
930 4550 1255 4620 πεποιῆσθαι
1311 4550 1411 4614 τὰς
1466 4555 1841 4623 παραγγελίας

281 4639 420 4711 πρὸς
448 4638 510 4692 τὸ
540 4638 823 4707 φυλάττειν
854 4639 923 4693 τὰ
952 4641 1227 4704 Μωῦσέως
1268 4641 1471 4713 νόμιμα
1490 4660 1505 4672 ·
1538 4646 1752 4715 πρῶτον
1783 4647 1840 4701 δὲ

288 4734 543 4803 Ἰωάννην
580 4732 817 4803 ἀρχηγὸν
852 4732 1131 4801 γεγονέναι
1169 4734 1267 4804 τῆς
1296 4734 1501 4803 Καινῆς
1544 4735 1839 4809 Διαθήκης,

281 4825 379 4880 ἀτε
419 4823 718 4893 πρόδρομον
764 4822 927 4876 αὐτοῦ
974 4823 1278 4893 γενόμενον.
1313 4824 1486 4877 Αὐτοῦ
1521 4843 1582 4879 τε
1623 4826 1838 4897 πρώτου

279 4916 377 4970 καὶ
405 4913 463 4978 ἐξ
490 4912 650 4965 αὐτοῦ
688 4912 784 4983 τὴν
814 4912 1086 4982 βασιλείαν
1112 4914 1219 4966 τῶν
1248 4914 1489 4985 οὐρανῶν
1514 4916 1716 4971 ἅπασιν
1744 4920 1838 4971 ἀν-

283 5004 519 5075 θρώποις
538 5002 1011 5075 εὐηγγελισμένου,
1031 5006 1154 5067 τοὺς
1172 5006 1352 5072 ἀξίους
1377 5008 1545 5077 αὐτῆς
1570 5010 1648 5071 είς
1669 5010 1839 5081 αὐτὴν

286 5092 561 5165 βιάζεσθαι
608 5095 889 5163 νοήσομεν,
928 5096 1333 5166 ἐπιστήσαντες,
1364 5097 1440 5160 ὡς
1477 5096 1648 5169 μέγας
1688 5101 1838 5169 ἀγὼν

280 5181 536 5255 τυγχάνει
568 5188 675 5248 τοῖς
707 5186 799 5238 ἐπὶ.
835 5185 938 5255 γῆς
960 5186 1262 5258 ἀνθρώποις
1282 5190 1417 5261 πρὸς
1454 5191 1550 5261 τὴν
1582 5194 1639 5245 ὲν
1670 5194 1837 5263 οὐρα.

279 5272 390 5341 νοῖς
416 5278 615 5331 ἄνοδον.
644 5278 717 5331 Τὸ
740 5277 847 5348 γὰρ
872 5277 1187 5349 ἀνθρώπους
1213 5280 1371 5345 ὄντας
1397 5283 1491 5337 καὶ
1514 5284 1689 5353 σάρκα
1712 5286 1838 5358 θνη-

275 5370 377 5440 τὴν
413 5370 920 5440 περιδεὸλημένους,
969 5370 1075 5423 τῶν
1116 5372 1355 5440 φυσικῶν
1395 5374 1623 5444 ὀρέξεων
1656 5379 1835 5449 κρείτ-

278 5480 403 5526 τους
435 5462 693 5530 γίνεσθαι,
723 5464 914 5534 ἡδονῆς
942 5481 998 5515 τε
1028 5467 1247 5537 κρατεῖν
1278 5466 1369 5518 καὶ
1402 5467 1580 5535 πάσης
1607 5471 1837 5540 αἰσχρᾶς

278 5553 594 5623 ἀπιθυμίας,
636 5555 727 5607 καὶ
776 5553 839 5608 τὸ
881 5553 1127 5609 ἐντεῦθεν
1158 5554 1259 5627 ήδη
1305 5556 1698 5627 ἀπομιμεῖσθαι
1741 5558 1833 5613 τὸν

353 5735 430 5803 (6)
450 5734 598 5808 Huic
625 5752 836 5808 quoque
883 5738 1183 5806 fragmento
1219 5738 1273 5791 in
1319 5738 1503 5793 codice
1526 5738 1589 5793 Α.
1622 5739 1657 5792 f.
1698 5738 1827 5799 2i8.

274 5806 689 5874 superscribitur
741 5806 925 5864 titulus
974 5808 1267 5863 Εὐσεόἰυυ
1321 5808 1536 5871 ,βιϐλίῳ
1581 5809 1832 5877 τετάρτῳ

1879 3108 1926 3167 C

2656 3100 2820 3159 XVII.

2022 3189 2196 3246 Nemo
2247 3205 2484 3260 unquam
2530 3205 2598 3246 ex
2653 3193 2937 3263 prophetis
2976 3196 3313 3265 preconium
3374 3200 3531 3270 regni

1955 3281 2219 3338 cmlorum
2250 3290 2438 3352 aperte
2487 3296 2671 3338 coram
2716 3285 2916 3354 populo
2949 3284 3239 3345 fecit:sed
3278 3288 3529 3347 sciebant

1953 3370 2173 3441 quidem
2216 3373 2272 3427 id
2315 3372 2596 3444 prepbeta:
2624 3388 2839 3441 omnes,
2874 3391 3054 3446 neque
3078 3386 3270 3441 tamen
3303 3376 3527 3447 Judae-

1954 3478 2072 3518 rum
2098 3462 2293 3533 populo
2319 3465 2645 3533 prodebant,
2670 3474 2894 3536 propter
2937 3469 3139 3524 mentis
3167 3469 3388 3527 illorum
3430 3475 3525 3534 in-

1956 3554 2198 3621 fantiam,
2227 3563 2283 3609 et
2309 3555 2638 3612 sustinenda:
2673 3558 2934 3627 praeconii
2960 3562 3345 3630 magnitudinis
3374 3564 3528 3620 infir-

1953 3645 2217 3713 mitatem.
2247 3644 2381 3711 Cum
2433 3654 2613 3701 autem
2645 3648 2857 3716 primus
2877 3647 3116 3706 Joannes
3143 3652 3294 3708 clare
3325 3658 3523 3725 pradi-

1952 3736 2097 3791 cavit
2122 3736 2559 3807 appropinquare
2602 3734 2828 3811 regnum
2875 3741 3164 3810 cmlorum,
3192 3754 3248 3801 et
3278 3759 3525 3815 peccato-

1953 3843 2073 3883 rum
2130 3828 2511 3884 remissionem
2577 3844 2674 3899 per
2739 3834 3170 3903 regenerationis
3243 3836 3519 3895 lavacrum

1951 3918 2262 3976 hominibus
2288 3921 2580 3987 nuntiavit,
2610 3921 2647 3977 ii
2692 3923 2787 3993 qui
2828 3925 3204 3993 pmdicatioui
3235 3940 3522 3985 assensum

1952 4026 2109 4068 suum
2141 4012 2511 4082 praebuerunt,
2545 4029 2775 4085 regnum
2818 4016 2953 4073 illud
2996 4032 3095 4074 ceu
3126 4035 3191 4075 ex
3232 4030 3390 4092 rapto
3414 4024 3522 4079 sibi

1950 4105 2276 4172 habuerunt,
2307 4120 2376 4161 ex
2408 4120 2474 4161 eo
2512 4114 2755 4177 tempore
2781 4108 3126 4177 incipientes,
3155 4126 3266 4182 quo
3285 4112 3524 4169 Joannes

1951 4199 2019 4254 de
2058 4198 2179 4267 ipso
2214 4214 2521 4255 sermonem
2569 4199 2772 4255 intulit.
2818 4199 2956 4257 Nam
3001 4201 3202 4274 Moysis
3246 4202 3440 4275 legalis
3465 4216 3523 4263 et

1950 4286 2234 4345 Judaicum
2286 4290 2492 4346 cultum
2538 4290 2818 4363 proprium
2867 4301 3077 4364 tempus
3117 4295 3369 4351 habuisse
3406 4298 3520 4365 ait;

1951 4380 2093 4450 quod
2121 4380 2347 4437 Joannis
2391 4380 2685 4451 praesentia
2724 4384 2911 4437 linitur
2940 4401 2956 4449 ;
2981 4386 3277 4455 prophetas
3304 4402 3523 4458 quoque

1948 4485 2119 4541 usque
2152 4470 2219 4527 ad
2246 4468 2513 4526 Joannem
2543 4470 2746 4528 Iudaeis
2768 4482 3022 4531 auctores
3042 4473 3209 4531 fuisse
3234 4488 3290 4532 ut
3320 4478 3520 4551 Moysis

1947 4560 2139 4629 legalis
2188 4569 2491 4617 servarent.
2543 4561 2652 4618 Sed
2699 4564 2935 4633 primum
2982 4564 3247 4621 Joannem
3301 4569 3516 4625 initium

1946 4654 2082 4710 Novi
2132 4652 2468 4709 Testamenti
2515 4652 2732 4721 iecisse,
2761 4665 2950 4726 utpote
2995 4657 3167 4727 ipsius
3218 4676 3517 4730 praecurso-

1946 4757 2086 4798 rem.
2125 4741 2246 4812 Ipso
2284 4752 2462 4796 autem
2503 4744 2702 4812 primo,
2742 4754 2904 4800 aetate
2944 4745 3056 4813 illa,
3091 4763 3315 4817 regnum
3350 4751 3517 4805 eteiu-

1946 4850 2066 4888 rum
2115 4835 2324 4889 cunctis
2372 4834 2681 4890 hominibus
2732 4837 3042 4902 nuntiante,
3073 4841 3265 4909 dignos
3294 4842 3386 4897 illo
3419 4843 3515 4896 ho-

1944 4927 2117 4981 mines
2152 4926 2203 4980 in
2236 4926 2409 4995 ipsum
2451 4928 2502 4981 vi
2539 4924 2845 4997 irrumpere
2892 4930 3227 4998 putabimus,
3261 4933 3304 4986 si
3334 4936 3514 4987 consi-

1938 5020 2191 5075 deremus
2219 5034 2382 5088 quam
2422 5020 2607 5090 gravis
2637 5020 2709 5075 sit
2752 5032 2983 5078 conatus
3020 5023 3333 5079 hominibus
3356 5036 3512 5082 terra:

1940 5108 2137 5164 incolis
2169 5110 2273 5164 iter
2318 5110 2385 5165 ad
2425 5110 2625 5164 cmlum
2676 5112 2918 5167 tendere.
2970 5112 3215 5182 Namque
3262 5117 3510 5172 homines

1939 5209 2120 5264 natos,
2149 5210 2205 5255 et
2260 5202 2477 5257 mortali
2525 5217 2694 5257 carne
2738 5204 3131 5271 circumdatos,
3167 5207 3508 5262 naturalibus

1941 5291 2266 5361 appetitibus
2293 5292 2764 5359 ﬁerisuperiores.
2806 5304 2862 5347 et
2898 5295 3225 5364 voluptatem
3264 5312 3507 5352 omnem-

1942 5396 2047 5450 que
2074 5391 2295 5452 turpem.
2320 5386 2668 5453 cupiditatem
2714 5386 2990 5451 cohibere,
3022 5388 3300 5457 vitamque
3339 5405 3505 5462 ange-

1942 5471 2101 5525 licam
2157 5474 2403 5536 vellein
2474 5477 2634 5530 terris
2688 5477 2928 5543 imitari;
2993 5480 3066 5533 ita
3127 5489 3187 5533 ut
3239 5496 3390 5549 teque
3440 5501 3504 5537 uc

1939 5558 2141 5619 Paulus
2164 5564 2345 5621 dicere
2370 5567 2579 5637 possint
2606 5581 2620 5617 :
2656 5565 2857 5622 Nostra
2889 5578 3064 5622 autem
3096 5571 3418 5623 conversatio
3449 5573 3501 5623 in

1938 5743 2317 5866 lesogcaretac,
2353 5758 2475 5801 cum
2512 5742 2664 5815 siglis
2712 5756 2873 5813 supra
2921 5747 3212 5801 secundum
3265 5748 3497 5801 vocabu-

1958 5831 2067 5866 Ulli.

1958 5831 2067 5868 Ulli.
