4062 6426
252 429 359 483 877

1609 445 1698 502 DE
1736 446 2196 505 ΤῙΙΕΟΡῙΙΔΝΙΑ.

3387 463 3495 519 678

251 545 283 596 ὁ
314 545 410 598 τοῦ
436 548 570 601 Θεοῦ
602 552 790 620 Λόγος,
838 556 1215 631 φιλανθρωπιᾳ
1243 563 1337 615 τοῦ
1366 563 1575 635 Πατρδς
1607 565 1803 637 ἐξῆλθε

1922 568 2125 635 gnitate
2151 566 2331 624 Patris
2351 569 2540 637 exivit,
2565 585 2702 626 nova
2737 572 2944 628 semina
2967 582 3024 629 et
3044 575 3195 644 regni
3225 576 3491 636 colorum

251 637 416 690 καινά
456 641 743 711 σπέρματα
796 646 889 699 καὶ
937 647 1211 718 βασιλείας
1251 653 1493 723 οὐρανῶν
1546 657 1819 727 μυστήρια

252 727 757 801 εὐαγγελιούμενος.
780 739 891 801 τοῖς
920 755 979 791 τε
1017 744 1137 794 κατ’
1159 744 1387 815 οὐρανὸν
1421 744 1514 798 τοῦ
1548 746 1683 799 Θεοῦ
1715 747 1821 799 λει-

248 823 502 891 τουργοτς
523 822 583 874 τὸ
610 824 719 878 τῶν
740 827 1040 898 ἀνθρώπων
1075 834 1325 903 συνάψων
1356 836 1513 903 γένος
1532 853 1546 867 ·
1575 838 1667 891 ἐπὶ
1698 838 1821 892 τού-

248 927 362 976 τοις
388 909 479 967 οὖν
504 916 663 984 μόνος
682 920 843 985 αὐτὸς
866 922 962 994 τὴν
985 924 1093 977 ἀπὺ
1109 925 1218 977 τῶν
1243 928 1521 997 πατρικῶν
1538 927 1818 999 βασιλείων

247 1002 481 1057 ἱποιεϊτο
505 1004 712 1070 ἔξοδον·
741 1011 792 1063 oi
817 1011 874 1065 δὲ
895 1014 962 1067 τά
988 1015 1117 1085 παρ’
1144 1016 1306 1069 αὑτοῦ
1335 1019 1620 1089 σπέρματα
1644 1036 1817 1075 κατα-

244 1088 526 1161 διξάμινοι
569 1093 669 1159 τάς
700 1097 911 1154 ἑαυτῶν
937 1100 1118 1172 ψυχὰς
1148 1101 1238 1159 οἷα
1275 1105 1340 1176 δὴ
1372 1088 1556 1179 χώρας
1586 1108 1818 1180 γεωργῷ

245 1184 506 1252 παρεῖχον
536 1184 615 1255 τῷ
649 1187 827 1259 Λόγῳ,
872 1192 965 1246 καὶ
992 1192 1081 1246 διὰ
1106 1194 1215 1247 τῶν
1252 1195 1431 1251 ἀκοῶν
1452 1199 1542 1252 τὸν
1567 1200 1816 1271 οὐράνιον

242 1270 569 1342 ὑπεδέχοντο
607 1278 828 1349 σπόρον.

264 1432 267 1433 ν
312 1361 376 1413 Ei
425 1363 528 1433 μὲν
567 1362 659 1420 οὖν
690 1370 802 1439 (l0)
842 1372 891 1424 οί
933 1370 1361 1445 μαθητευόμενοι
1398 1380 1525 1448 μιᾶς
1572 1380 1813 1453 ὑπῆρχον

241 1454 647 1524 προαιρέσεως,
724 1458 874 1513 οὐδὲν
944 1460 1112 1533 ὲχρῆν
1166 1465 1461 1536 διακρίνειν
1521 1472 1616 1523 καὶ
1681 1473 1814 1539 ἀφο-

242 1542 415 1613 ρίζειν
456 1546 674 1611 τούτους
706 1550 802 1602 ἀπ’
845 1550 1109 1623 ἀλλήλων·
1150 1556 1336 1629 ἐπειδὴ
1371 1558 1428 1612 δὲ
1468 1561 1619 1632 παρά
1649 1563 1813 1616 πᾶσιν

239 1632 546 1705 ἀνθρώποις
595 1640 629 1708 ἡ
697 1638 792 1693 τοῦ
848 1642 1193 1709 αύτεξουσίου
1261 1649 1480 1719 ἐκράτει
1547 1652 1809 1722 δύναμις,

237 1724 389 1778 ἄλλοι
466 1746 525 1780 τε
591 1729 764 1795 ἄλλως
838 1734 1049 1799 ἑαυτοῖς
1115 1738 1206 1791 καὶ
1274 1739 1353 1809 τῷ
1422 1743 1810 1813 καταϐληθέντι

237 1820 359 1881 ταῖς
405 1818 600 1890 ψυχαῖς
645 1824 881 1895 οὐρανίῳ
933 1827 1117 1898 σπόρῳ
1164 1830 1616 1903 κατακέχρηνται,
1664 1836 1807 1889 εἰκό-

1920 660 2173 731 mysteria
2201 661 2378 718 fauste
2398 664 2773 731 nuntiaturus,
2802 676 2857 720 et
2884 668 3131 735 supernis
3159 667 3251 724 Dei
3287 670 3488 724 minis-

1920 751 2020 807 tris
2060 750 2352 808 humanum
2394 769 2563 825 genus
2604 757 3037 813 consociaturus.
3085 758 3235 814 Hane
3257 774 3387 831 ergo
3416 763 3489 818 ob

1916 854 2135 897 causam
2162 842 2309 898 solus
2338 844 2453 913 ipse
2507 858 2540 900 e
2582 855 2811 915 paterno
2853 862 3019 917 regno
3054 851 3339 917 processit.
3381 851 3486 918 Qui

1917 939 2096 986 autem
2158 933 2366 987 semina
2420 934 2540 1002 ejus
2581 947 2933 1003 exceperunt,
2992 937 3045 994 bi
3100 955 3227 996 suas
3275 944 3486 998 animas

1915 1021 2061 1078 velut
2103 1035 2262 1090 agms
2300 1022 2499 1079 cultori
2533 1022 2709 1080 Verbo
2732 1027 3114 1096 exbitiuerunt,
3156 1042 3213 1089 et
3243 1049 3373 1091 aure
3397 1036 3485 1091 la-

1913 1119 2104 1169 ventes
2123 1112 2346 1170 caeleste
2376 1128 2563 1171 semen
2591 1116 2944 1175 admiserunt.

1982 1354 2043 1408 Si
2066 1354 2281 1424 quidem
2310 1356 2492 1426 itaque
2514 1357 2821 1416 Christiana
2846 1362 3090 1418 doctrina
3124 1367 3343 1435 eruditi,
3372 1386 3483 1427 uno

1912 1445 2210 1513 eodemque
2241 1449 2523 1517 proposito
2546 1461 2748 1519 essent,
2782 1454 2915 1508 nihil
2941 1470 3076 1525 opus
3108 1467 3253 1513 esset
3279 1461 3482 1518 discer-

1912 1549 2042 1589 nere
2074 1536 2212 1590 inter
2235 1538 2380 1606 ipsos
2409 1553 2471 1594 ac
2500 1554 2775 1609 separare.
2818 1545 2969 1601 Nunc
3022 1549 3148 1616 quia
3178 1552 3231 1604 in
3266 1555 3482 1610 cunctis

1913 1624 2219 1683 hominibus
2246 1626 2402 1683 liberi
2428 1630 2647 1686 arbitrii
2680 1633 2760 1687 vis
2789 1637 3067 1703 przevalet,
3091 1638 3292 1709 aliique
3322 1642 3482 1699 aliter

1911 1714 2091 1770 indole
2113 1731 2206 1771 sua
2223 1717 2480 1787 jactoque
2502 1722 2642 1777 intra
2673 1736 2802 1779 suas
2824 1726 3036 1782 animas
3063 1730 3247 1785 divino
3272 1736 3482 1790 semine

1912 1814 2164 1875 utuntur;
2216 1808 2338 1867 ideo
2381 1822 2552 1879 recte,
2609 1823 2792 1885 utpote
2841 1819 2934 1872 Dei
3000 1820 3256 1887 Verbum,
3311 1825 3477 1880 futuri

234 1925 345 1973 τως
385 1906 474 1964 οἷα
519 1911 654 1965 Θεοῦ
700 1915 868 1984 Λόγος
920 1918 1018 1989 τήν
1065 1920 1266 1987 γνῶσιν
1317 1899 1661 1994 προειληφὼς
1700 1927 1803 1979 τῶν

1909 1899 2190 1953 scientiam
2223 1917 2626 1974 praeoccupans,
2667 1908 2797 1975 quid
2839 1912 3029 1966 semini
3058 1927 3161 1967 suo
3206 1914 3352 1970 inter
3380 1918 3476 1971 lio-

236 2001 559 2071 μελλόντων,
624 2005 783 2060 ὁποῖα
817 2006 1063 2061 πείσεται
1120 2012 1200 2074 εἰς
1251 2012 1567 2084 ἀνθρώπους
1599 2018 1628 2068 ό
1676 2018 1807 2087 παρ’

233 2092 400 2145 αὑτοῦ
434 2095 632 2166 σπόρος
664 2099 866 2160 πεσὼν,
896 2097 1158 2163 θεσπίζει.
1192 2103 1403 2156 Πτῶσιν
1435 2105 1565 2173 γοῦν
1593 2107 1809 2179 θαυμα-

233 2181 377 2241 στῶς
418 2182 518 2249 τὴν
568 2184 868 2256 καταδολὴν
898 2186 1003 2241 τῶν
1028 2189 1294 2258 οόρανίων
1336 2194 1665 2264 σπερμάτων
1710 2196 1807 2265 τὴν

231 2273 314 2336 είς
333 2273 655 2345 ἀνθρώπους
674 2276 943 2347 ὠνόμασε·
972 2279 1067 2337 καὶ
1087 2281 1151 2353 δὴ
1179 2282 1273 2336 δύο
1292 2284 1547 2354 τάγματα
1576 2287 1685 2341 τῶν
1714 2288 1806 2343 τὸν

231 2363 435 2433 σπόρον
484 2365 929 2438 καταδεξαμένων
959 2368 1196 2435 ἔσεσθαι,
1227 2372 1486 2428 διδάσκει·
1539 2379 1806 2450 πρότερον

228 2455 293 2508 τὸ
308 2455 415 2510 τῶν
443 2458 697 2523 καταξιου
706 2458 878 2528 μένων
898 2461 995 2531 μὲν
1018 2462 1119 2532 τῆς
1147 2463 1391 2534 κλήσεως
1412 2466 1510 2536 τῆς
1531 2468 1804 2538 οὐρανίου,

228 2544 298 2597 δι’
322 2545 649 2617 ἀπροσεξίαν
677 2547 734 2599 δὲ
773 2549 867 2602 καὶ
893 2549 1165 2620 ρᾳθυμίαν
1208 2552 1307 2621 τῆς
1362 2554 1581 2626 χάριτος
1620 2558 1807 2611 ἀπολι-

229 2629 577 2690 σθαινόντων·
628 2637 878 2711 δεύτερον
916 2639 975 2692 δὲ
1010 2641 1072 2693 τὸ
1111 2642 1218 2695 τῶν
1262 2643 1805 2711 πολυπλασιαζόντων

224 2724 322 2777 τὸν
367 2727 565 2797 σπόρον
611 2729 669 2781 ὲν
710 2730 940 2798 ἀγαθαῖς
986 2734 1400 2805 καρποφορίαις.
1458 2737 1617 2807 Τρεῖς
1643 2738 1700 2790 δὲ
1746 2741 1804 2793 ὲν

228 2812 478 2883 ἑκατέρῳ
516 2814 755 2885 τάγματι
810 2817 1072 2890 διαφορὰς
1101 2820 1334 2892 τίθησιν·
1384 2824 1514 2877 οἵτε
1556 2826 1665 2897 γὰρ
1711 2828 1803 2882 τὸν

225 2902 430 2971 σπόρον
460 2904 787 2969 ἀπολλύντες
826 2909 924 2980 οὐχ
951 2911 1134 2981 ὅμοιον
1165 2910 1371 2981 ἴσχουσι
1402 2915 1500 2984 τῆς
1530 2915 1803 2979 ἀπωλείας

224 2992 322 3046 τὸν
334 2993 554 3065 τρόπον·
576 2996 630 3049 οἵ
651 2998 699 3049 τ’
731 2993 799 3052 αὖ
840 2999 1211 3072 γεωργοῦντες
1240 3003 1423 3068 αὑτὸν,
1464 3005 1560 3057 καὶ
1597 3006 1687 3059 τὸν
1742 3007 1802 3071 ἐξ

224 3088 394 3141 αὑτοῦ
450 3090 794 3161 ποριζόμενοι
843 3093 1073 3164 καρπὸν,
1126 3096 1228 3148 οὐκ
1268 3096 1388 3168 ῐσην
1432 3098 1801 3170 ἀποφέρονται

221 3180 327 3250 τὴν
374 3180 657 3254 εὐπορίαν·
693 3184 773 3237 ἔτι
804 3185 939 3257 πρὸς
979 3185 1190 3251 τούτοις
1232 3188 1447 3252 καὶτὰς
1472 3190 1651 3254 αίτίας
1700 3191 1799 3262 τῆς

222 3270 597 3335 ἀποπτώσεως
627 3272 736 3326 τῶν
765 3274 859 3327 τὸν
899 3276 1097 3347 σπόρον
1120 3277 1461 3333 ἀπολλύντων
1495 3280 1797 3350 προγνώσει

222 3358 380 3431 θεῖκῇ
435 3362 782 3432 παρίστησιν·
823 3364 857 3435 ἢ
891 3364 999 3437 γὰρ
1034 3365 1123 3418 διὰ
1146 3368 1416 3439 ῥᾳθυμίας
1458 3370 1800 3437 ἀφυλάκτους

217 3451 324 3512 τὰς
369 3452 576 3507 ἑαυτῶν
634 3453 810 3525 ψυχὰς
864 3456 1238 3521 ἀπολιπόντες,
1282 3460 1350 3511 τά
1393 3460 1797 3531 καταϐληθέντα

218 3541 406 3604 αὐτοῖς
441 3544 683 3614 σωτήρια
736 3543 1026 3614 σπέρματα
1051 3545 1479 3611 ἀπολωλέκασιν,
1516 3549 1799 3620 ἁρπασάν-

218 3646 330 3683 των
383 3630 522 3685 αύτά
555 3632 622 3685 ὲκ
660 3632 759 3704 τῆς
810 3633 987 3687 αὐτῶν
1036 3632 1273 3699 διανοίας
1320 3653 1379 3688 τε
1420 3638 1511 3690 καὶ
1553 3640 1792 3710 μνήμης,

222 3718 437 3789 ἐχθρῶν
474 3737 637 3775 τινων
681 3724 774 3775 καὶ
820 3721 1120 3777 ἐπιϐούλων
1161 3724 1279 3794 ἦτοι
1338 3727 1661 3797 πνευμάτων
1702 3730 1795 3782 καὶ

216 3810 489 3879 δαιμόνων
520 3812 770 3882 πονηρῶν
803 3812 894 3866 τὸν
937 3812 1213 3884 περίγειον
1249 3814 1611 3886 διιπταμένων
1634 3820 1790 3890 ἀέρα,

216 3903 251 3972 ἢ
290 3902 495 3974 ἀνδρῶν
521 3906 731 3975 γοήτων
777 3905 871 3957 καὶ
896 3905 1207 3977 ἀπατηλῶν,
1236 3905 1270 3977 ἢ
1320 3905 1489 3973 λόγων
1536 3910 1793 3962 ἐναντίων

216 3995 287 4064 τῇ
320 3992 563 4070 ἀληθείᾳ·
587 3994 623 4048 ἀ
648 3994 710 4065 δὴ
730 3996 953 4048 πετεινά
983 3996 1213 4067 ούρανοῦ
1230 3996 1531 4067 ὠνόμασεν·
1566 3998 1598 4068 ἢ
1620 3998 1793 4053 ἃύτε-

218 4100 315 4156 ρον
353 4084 439 4137 διὰ
478 4084 839 4157 φιλαργυρίαν
880 4086 974 4139 καὶ
1000 4086 1329 4156 φιληδονίαν,
1358 4088 1447 4142 διά
1477 4106 1534 4141 τε
1567 4089 1667 4152 τὰς
1693 4088 1788 4143 τοῦ

216 4174 335 4245 βίον
357 4176 888 4247 φιλοπραγμοσύνας,
915 4178 952 4232 ἃ
981 4178 1044 4249 δή
1067 4178 1308 4242 ἀκάνθας
1345 4180 1668 4242 ἀπεκάλεσε,
1697 4182 1789 4236 τὸν

214 4268 278 4319 ὲν
304 4266 482 4328 αὐτοῖς
514 4266 715 4337 σπόρον
744 4268 1106 4339 ἀποπνιγῆναι
1136 4272 1513 4340 πεποιήκασιν·
1546 4271 1578 4341 ἢ
1607 4272 1787 4342 τρίτον

212 4357 471 4428 διωγμῶν
503 4360 597 4411 καὶ
644 4362 1014 4431 περιστάσεων
1038 4363 1163 4426 τοὺς
1198 4362 1416 4430 ἀγῶνας
1434 4365 1531 4433 ούχ
1561 4365 1786 4435 ὑπομεί-

220 4465 433 4511 ναντες.
460 4448 496 4502 ἀ
517 4449 579 4518 δὴ
613 4449 704 4501 καὶ
729 4449 981 4504 καύσωνα
1010 4451 1098 4505 διὰ
1130 4453 1228 4522 τῆς
1263 4453 1577 4525 παραϐολῆς
1616 4472 1785 4525 προσ-

1910 1990 2082 2046 mines
2101 2007 2291 2060 sparso
2312 2007 2633 2053 eventurum
2662 2000 2754 2066 sit,
2775 2005 3042 2070 praedicit.
3072 2004 3271 2061 Casum
3297 2010 3481 2081 itaque

1909 2082 2135 2138 miriﬁce
2188 2086 2421 2154 appellat
2469 2088 2774 2145 caelestium
2831 2094 3098 2149 seminum
3144 2096 3197 2159 in
3230 2098 3481 2158 homines

1905 2172 2318 2240 projectionem.
2347 2177 2601 2248 Duosque
2633 2181 2792 2237 docet
2830 2183 2948 2239 fore
2983 2187 3353 2255 recipientimu
3388 2207 3479 2247 se-

1906 2278 2028 2317 men
2050 2264 2268 2321 ordines
2306 2283 2320 2318 :
2348 2270 2584 2338 priorem
2616 2272 2827 2328 illorum
2866 2278 2956 2345 qui
2991 2280 3268 2336 caelestem
3309 2300 3474 2339 voca-

1907 2355 2108 2410 tionem
2130 2360 2329 2427 sortiti,
2358 2376 2453 2430 per
2478 2366 2982 2435 socordiam_tamen
3012 2383 3173 2441 atque
3204 2373 3472 2443 ignaviam

1904 2451 2075 2517 gratia
2116 2452 2375 2508 excidunt
2407 2471 2422 2507 :
2454 2459 2752 2513 secundum
2800 2463 3051 2518 'ordinem
3103 2465 3317 2523 illorum
3377 2474 3471 2539 qui

1903 2552 2086 2594 semen
2145 2544 2363 2614 egregio
2418 2544 2597 2601 fructu
2648 2550 3031 2620 multiplicant.
3056 2552 3193 2611 Tres
3222 2572 3384 2629 porro
3418 2561 3473 2618 in

1905 2636 2135 2700 utroque
2177 2634 2367 2690 ordine
2405 2636 2740 2696 diﬁ‘erentias
2773 2642 2980 2697 statuit.
3012 2643 3145 2701 Nam
3182 2658 3236 2702 et
3262 2651 3353 2718 qni
3384 2667 3477 2707 se-

1904 2732 2026 2772 men
2082 2724 2432 2789 pessumdant
2459 2765 2475 2788 ,
2534 2729 2678 2784 haud
2718 2733 2835 2799 pari
2871 2734 3032 2789 modo
3076 2738 3469 2808 exstinguunt:

1901 2811 2245 2884 vicissimque
2270 2817 2306 2870 ii
2337 2818 2427 2887 qui
2464 2819 2591 2875 illud
2625 2822 2905 2889 excolunt,
2935 2841 3005 2880 ex
3028 2842 3203 2897 eoque
3233 2830 3470 2888 fructum

1902 2904 2146 2973 gignunt,
2197 2906 2340 2962 baud
2376 2910 2494 2977 pari
2528 2912 2777 2968 ubertate
2814 2926 2960 2971 sunt.
3010 2917 3235 2988 Insuper
3279 2937 3474 2980 unus

1900 2995 2064 3047 etiam
2109 2994 2291 3064 lapsus
2339 3012 2526 3053 eorum
2578 3003 2671 3071 qui
2724 3017 2910 3061 semen
2968 3012 3470 3079 pessumdederunt,

1900 3086 2080 3140 divina
2110 3090 2419 3157 provisione
2452 3093 2613 3149 sistit.
2646 3094 2779 3151 Nam
2825 3097 2910 3153 vel
2945 3099 3140 3162 ignave
3170 3104 3470 3162 incustodi-

1904 3184 1985 3231 tas
2013 3178 2225 3233 animas
2246 3194 2373 3235 suas
2394 3195 2515 3237 esse
2536 3184 2794 3252 sinentes,
2844 3186 3038 3255 iniecta
3064 3192 3117 3247 in
3141 3193 3241 3249 has
3263 3198 3470 3255 semina

1901 3267 2222 3335 amiserunt,
2250 3272 2585 3340 rapientibus
2613 3275 2823 3332 scilicet
2850 3292 2915 3333 ex
2940 3280 3179 3349 ipsorum
3205 3298 3385 3344 mente
3405 3304 3471 3345 ac

1900 3360 2158 3411 memoria
2193 3359 2426 3417 inimicis
2452 3362 2774 3432 quibusdam
2809 3378 2973 3437 atque
3008 3373 3281 3431 insidiosis
3307 3379 3470 3447 spiri-

1900 3447 2043 3503 tibus
2071 3450 2341 3517 malisque
2370 3452 2727 3522 daamonibus,
2774 3460 2869 3528 qui
2901 3460 2955 3515 in
2988 3460 3091 3519 hoc
3126 3467 3271 3522 circa
3302 3470 3463 3527 tellu-

1897 3553 2009 3593 rem
2038 3554 2165 3596 aere
2189 3542 2453 3598 volitant:
2478 3545 2563 3600 vel
2582 3547 2745 3602 etiam
2770 3549 3127 3612 fraudulentls
3155 3558 3469 3619 hominibus

1895 3646 1959 3685 ac
1981 3632 2283 3699 fallacibus,
2318 3635 2403 3689 vel
2436 3639 2727 3695 contrariis
2756 3644 2972 3699 veritati
3002 3646 3303 3715 doctrinis;
3341 3669 3463 3723 quze

1892 3723 2074 3778 omnia
2107 3726 2409 3782 caelestium
2432 3729 2713 3784 volucrum
2743 3736 2961 3789 nomine
2991 3737 3317 3809 iudigitavit.
3364 3744 3463 3801 Vel

1892 3812 2055 3865 etiam
2082 3818 2317 3870 secundo
2342 3815 2463 3871 loco
2489 3820 2723 3874 avaritia
2765 3831 2821 3876 et
2873 3825 3162 3895 voluptatis
3198 3830 3461 3901 studium,

1890 3911 1945 3956 et
1990 3903 2156 3957 varias
2184 3907 2368 3961 mundi
2398 3922 2560 3974 curm,
2602 3924 2739 3979 quas
2779 3913 2963 3980 spinas
2991 3917 3147 3983 dixit,
3190 3934 3372 3977 semen
3404 3926 3460 3980 in

1892 3992 2021 4061 ipsis
2066 3995 2236 4049 emori
2277 4010 2496 4066 cogunt.
2530 3996 2625 4055 Vel
2654 4001 2885 4073 denique
2920 4008 3077 4063 tertio
3106 4008 3246 4075 loco,
3274 4027 3462 4081 perse-

1889 4084 2165 4140 cutionum
2211 4102 2274 4141 ac
2301 4102 2679 4157 pressurarum
2712 4096 3006 4152 certamina
3048 4114 3152 4155 non
3188 4105 3462 4161 sustinen‘

1890 4184 1987 4238 tes,
2018 4191 2154 4245 quas
2182 4188 2345 4234 aestus
2372 4184 2588 4238 nomine
2617 4184 2668 4237 in
2696 4184 2946 4253 parabnla
2980 4191 3287 4261 appellavit,
3310 4211 3463 4253 coar-

1884 4269 1999 4339 guti
2030 4279 2157 4324 sunt
2184 4270 2324 4326 haud
2360 4272 2466 4328 alte
2514 4274 2568 4328 in
2610 4276 2820 4334 illorum
2862 4282 3042 4336 anima
3077 4298 3260 4339 semen
3290 4286 3456 4345 fuisse

1886 4356 2204 4439 radicatum,
2226 4361 2321 4414 sed
2364 4361 2416 4415 in
2446 4363 2731 4432 superﬁcie
2760 4371 3130 4427 tantummodo
3162 4387 3226 4427 ac
3255 4377 3455 4444 specie,

1884 4434 2032 4501 brevi
2070 4456 2308 4517 tempore
2336 4448 2653 4517 eﬂloruisse,
2691 4462 2746 4509 et
2793 4470 2930 4511 vana
2979 4459 3150 4526 plebis
3195 4434 3453 4531 opinione

213 4544 395 4602 εἶπεν,
428 4540 849 4611 ἀπηλέγχθησαν
879 4542 953 4612 μὴ
986 4542 1125 4595 κατά
1153 4542 1312 4611 βάθος
1341 4542 1439 4613 τῆς
1464 4544 1643 4597 αὐτῶν
1680 4545 1781 4614 ψυ-

1902 4540 2100 4595 ιειωιοε
2125 4554 2244 4594 esse
2268 4541 2510 4597 homines
2528 4542 2700 4615 frugi;
2728 4560 2864 4614 quos
2881 4548 2969 4602 diu
2990 4548 3215 4607 latentes
3240 4554 3454 4608 demum

210 4633 314 4703 χῆς
354 4632 445 4685 τὸν
484 4632 683 4703 σπόρον
734 4632 1110 4703 ἐρριζωμένοι,
1150 4632 1265 4685 ἀλλ’
1294 4632 1352 4697 ἐξ
1394 4634 1783 4705 ἐπιπολῆςκαὶ

1902 4630 2111 4694 revelat,
2151 4631 2290 4699 ignis
2312 4632 2483 4687 instar
2512 4637 2823 4703 explorans,
2849 4648 2904 4693 et
2941 4640 3162 4696 minime
3192 4645 3454 4712 genuinos

214 4722 376 4793 μέχρι
388 4721 483 4774 τοῦ
504 4722 679 4775 δοκεῖν
704 4721 780 4788 ῶς
799 4723 933 4794 πρός
960 4739 1082 4777 τινα
1116 4724 1303 4794 καιρὸν
1336 4723 1535 4788 ἀνθεῖν,
1570 4727 1665 4779 καὶ
1712 4728 1779 4798 τῇ

1902 4739 2187 4794 :oarguens
2238 4736 2467 4793 tempus,
2518 4731 2660 4799 quod
2690 4741 2878 4787 aestum
2912 4744 3039 4804 apto
3067 4739 3329 4793 vocabulo
3354 4753 3451 4808 ap-

210 4813 322 4867 τῶν
361 4813 569 4867 πολλῶν
615 4816 884 4885 φαντασίᾳ
938 4815 1259 4878 σπουδαίους
1281 4810 1417 4867 εἶναι
1443 4816 1778 4886 νομίζεσθαι·

1902 4817 2101 4871 ιοΙΙανὶῐ
2124 4816 2400 4887 Servatur.

208 4903 306 4968 οὓς
335 4905 429 4959 καὶ
476 4905 667 4975 μακρῷ
703 4905 963 4970 λαθόντας
999 4908 1172 4978 χρόνῳ
1203 4908 1429 4971 ἐπιστὰς
1481 4907 1785 4979 ἀπήλεγξεν
1819 4910 2171 4981 όπυρωτικὸς
2202 4911 2427 4966 καὶτῶν
2485 4913 2548 4967 ού
2597 4914 2836 4983 γνησίων
2858 4915 3221 4987 διελεγκτικὸς
3239 4922 3448 4995 καιρὸς,

208 4999 270 5053 ὃν
284 4997 349 5070 δὴ
370 4997 624 5053 καύσωνα
644 4999 944 5065 εύθυϐόλως
970 5004 999 5054 ό
1031 5003 1218 5074 Σωτὴρ
1239 5004 1509 5075 ὠνόμασε.

878 5116 957 5171 18'
981 5117 1116 5188 (ll).

2595 5124 2738 5182 XIX.

292 5206 351 5259 '0
403 5206 462 5260 δὲ
496 5214 658 5269 αυτὸς
687 5206 892 5273 εδίδαξε
936 5209 1035 5279 τὴν
1066 5211 1244 5265 αἰτίαν
1295 5211 1363 5265 δι’
1402 5213 1468 5282 ἥν
1487 5215 1609 5276 τοῖς,
1645 5213 1778 5283 πλή-

1946 5214 2077 5271 ltem
2106 5214 2353 5271 Christus
2383 5232 2601 5272 causam
2628 5218 2811 5272 docuit
2832 5233 2928 5274 cur
2954 5234 3020 5273 ao
3045 5222 3445 5279 multitudinem

210 5295 328 5348 θεσι
382 5297 449 5349 δι’
482 5299 815 5369 αἰνιγμάτων
844 5300 983 5363 τοὺς
1014 5300 1203 5368 λόγους
1243 5304 1546 5374 παρεδίδου·
1595 5305 1777 5369 αὐτοῖς

1902 5321 1982 5362 non
2030 5308 2235 5375 absque
2288 5310 2572 5379 aenigmate
2626 5309 2980 5378 loqueretur:
3015 5314 3292 5383 discipulis
3333 5318 3449 5386 qui-

211 5388 313 5458 μὲν
346 5388 588 5456 ἐφεῖσθαι
624 5390 790 5444 είπὼν
818 5390 887 5443 τά
917 5394 1191 5462 μυστήρια
1218 5395 1316 5464 τῆς
1343 5394 1437 5448 τοῦ
1456 5394 1589 5449 Θεοῦ
1624 5394 1775 5464 βασι-

1902 5398 1997 5452 lem
2026 5400 2245 5455 concedi
2270 5399 2477 5463 dicens,
2503 5409 2561 5455 ut
2584 5404 2834 5472 mysteria
2861 5404 3005 5471 regni
3033 5405 3121 5458 Dei
3145 5407 3443 5473 discerent,

206 5478 358 5541 λείας
375 5479 681 5548 μανθάνειν,
712 5482 787 5553 μὴ
820 5482 1055 5537 δίδοσθαι
1073 5485 1132 5538 δὲ
1154 5486 1400 5551 ἐκείνοις,
1435 5489 1560 5551 τοὺς
1586 5488 1771 5557 ὄχλους

1902 5505 1983 5546 ιοη
2022 5500 2199 5547 tamen
2235 5491 2425 5548 turbis.
2480 5494 2570 5547 Ait
2593 5495 2739 5549 enim
2774 5510 2788 5549 :
2820 5491 2918 5549 Est
2947 5504 3123 5549 autem
3152 5498 3262 5552 hcc
3289 5512 3446 5572 parq-

307 5682 394 5768 ιρ)
423 5682 553 5740 Cod.
576 5684 641 5742 Α.
664 5685 928 5768 ἰιὲἳηὺ.
963 5687 1376 5768 sequentialiaec
1404 5703 1525 5768 cum
1560 5704 1764 5757 prmce-
1940 5694 2054 5768 (ll)
2092 5662 2226 5768 Cod.
2277 5694 2337 5750 L.
2394 5696 2558 5768 f._l6,
2600 5695 2656 5751 b.
2691 5696 3066 5768 _COllfPl‘8llllll'
3124 5698 3447 5768 sequentia,

208 5754 461 5837 dentibus
482 5763 603 5820 apte
627 5760 893 5837 connecti,
931 5754 1067 5837 quis
1092 5774 1198 5837 non
1241 5758 1428 5810 videt?
1455 5754 1764 5827 quanquam
1873 5776 1925 5820 ut
1947 5754 2073 5836 ‘jam
2099 5766 2233 5832 dixi,
2277 5783 2397 5823 cum
2436 5754 2658 5837 Syriaca
2687 5766 3039 5836 Thcophania,
3074 5781 3151 5837 Iv,
3174 5754 3265 5824 53.

208 5824 265 5879 iu
291 5824 478 5880 codice
512 5825 723 5886 nonnisi
750 5829 953 5883 nudmn
987 5827 1201 5882 Eusebii
1248 5842 1442 5883 nomen
1476 5824 1692 5898 gerunt.
