4062 6402
573 453 677 515 679
1262 430 1527 490 EUSEBH
1563 420 2032 485 CESARIENSIS
2067 416 2167 475 0P1

2265 413 2436 472 psus
2472 412 2563 468 ιν.
2603 438 2671 453 .-
2706 368 3121 464 poenarias.
3696 394 3805 450 uso

576 572 696 626 ὁσία
725 584 745 623 :
768 565 952 621 Semen
973 555 1269 613 utmbum
1296 550 1413 615 Dei,
1438 546 1604 603 etc.“
1624 570 1696 586 ο-
1719 543 1969 597 Diversus
1993 536 2110 592 ani:
2138 541 2167 598 Α

2265 554 2451 625 ιλώσας
2463 572 2476 585 ·
2490 551 2593 621 εφη
2609 549 2734 622 γάρ·
2745 549 2909 601 Ἔστι
2922 545 3153 613 decem
3173 543 3212 611 ἡ
3231 534 3561 610 παραϐολή·
3579 534 3803 626 ’ῤ’σκὸ-

578 624 784 715 marum
806 643 1100 709 habitus'in
1122 646 1187 699 iis
1216 641 1307 711 qui
1329 638 1625 695 doctrinam
1649 632 1763 701 ejus
1790 629 2120 696 subsequen-

2265 624 2321 709 ὸς
2342 641 2513 696 ἐστὶν
2533 644 2565 694 δ
2590 641 2771 708 ,κότος
2803 636 2908 691 τοῦ
2940 635 3109 699 Θεοῦ,
3140 652 3197 689 κ.
3229 624 3687 700 τ.λ.-(12)Τάς
3729 626 3803 715 tv

580 710 892 815 risi—empore
913 735 1214 807 sumpturi
1235 710 1419 795 erant,
1447 733 1592 782 recte
1612 721 1897 777 admodum
1926 715 2124 773 revelat

2265 736 2414 805 υχαῖς
2436 730 2707 803 διαφοράς
2744 728 2853 798 τίῆν
2881 727 2978 799 τὴν
3009 724 3359 779 διδασκαλίαν
3391 717 3555 775 αὐτοῦ
3580 710 3807 815 μξλλόν-

578 802 855 895 humilius.
884 832 1019 885 Tres
1049 802 1300 879 videlicet
1342 816 1562 873 ordines
1591 811 1863 869 hominum
1893 806 2122 863 fore‘di-

2350 802 2699 889 ὑποδέχεσθαι
2736 820 2794 871 ὲν
2818 819 2928 881 τοῖς
2962 815 3101 887 μετά
3130 813 3306 869 ταῦτα
3327 812 3539 885 χρόνοις
3578 802 3638 862 εὖ
3658 804 3811 877 μάλα

579 926 676 987 cit,
701 922 791 991 qui
824 917 1077 973 doctrinae
1101 924 1209 965 sua
1236 920 1417 963 semen
1442 902 1580 957 haud
1605 904 1738 955 bene
1755 898 1867 952 sint
1881 904 2126 963 receptu-

2265 911 2525 981 ιιγυμνοῖό
2542 908 2764 979 Κύριος·
2790 906 2884 961 καὶ
2905 902 3032 978 τρία
3061 904 3432 976 μὲντάγματα
3459 903 3568 956 τῶν
3595 896 3655 952 οὐ
3673 906 3813 969 γνη-

577 1016 648 1072 ri.
672 987 806 1067 Tres
825 1008 1059 1065 vicissim
1081 1001 1410 1071 egregiorum
1436 994 1710 1048 hominum
1732 990 1951 1051 choros,
1978 987 2129 1041 bona

583 1016 648 1072 ri.
666 986 806 1067 Tres
825 1008 1059 1065 vicissim
1081 1001 1410 1071 egregiorum
1436 994 1710 1048 hominum
1732 990 1951 1051 choros,
1978 987 2129 1041 bona

583 1116 741 1161 terra
785 1101 953 1156 instar
991 1091 1245 1149 doctrinae
1279 1086 1508 1140 fructum
1538 1083 1751 1137 uberem
1794 1074 2129 1143 acmultipli—

2265 1004 2354 1066 ίως
2392 1001 2482 1055 τὸν
2520 1000 2719 1071 σπόρον
2750 1001 2849 1071 τῆς
2875 996 3037 1052 αὐτοῦ
3070 996 3417 1060 διδασκαλίας
3432 986 3818 1065 1man-

2265 1115 2331 1151 ων
2377 1093 2591 1148 ἔσεσθαι
2650 1083 3031 1161 προαγορεύει·
3087 1074 3236 1159 τρεῖς
3274 1084 3559 1147 ὡσαύτως
3584 1076 3816 1149 ἀγαθῶν

2225 1115 2331 1151 νων
2377 1093 2591 1148 ἔσεσθαι
2650 1083 3031 1163 προαγορεύει·
3087 1074 3236 1159 τρεῖς
3274 1084 3559 1147 ὡσαύτως
3584 1076 3816 1149 ἀγαθῶν

584 1206 760 1251 catum
789 1190 1045 1245 edituros.
1069 1184 1208 1250 Ergo
1236 1179 1350 1234 illos
1370 1178 1461 1245 qui
1481 1173 1621 1242 iacta
1653 1173 1704 1226 in
1728 1171 1957 1225 animam
1978 1181 2129 1222 suam

2265 1186 2418 1258 ορούς
2449 1182 2555 1236 τῶν
2601 1182 2760 1252 δίκην
2790 1180 3002 1249 εὐγείου
3025 1173 3205 1250 χώρας
3225 1174 3675 1247 πολυφορούντων
3715 1171 3819 1225 καὶ

585 1286 785 1343 semina
816 1275 1186 1349 pessumdant,
1234 1281 1424 1324 causas
1452 1266 1650 1318 habere
1684 1263 1810 1317 dicit
1836 1270 1962 1330 tres.
2000 1256 2130 1311 Nam

2265 1256 2771 1335 πολυπλασιαζόντων
2812 1271 2904 1325 τὸν
2926 1270 3103 1339 λόγον.
3135 1268 3255 1322 Τῶν
3291 1267 3391 1339 μὲν
3406 1262 3500 1320 οὖν
3530 1262 3820 1318 ἀπολλύν-

584 1374 668 1429 vel
715 1369 893 1426 mundi
922 1366 1084 1429 curis,
1134 1375 1197 1415 ac
1242 1372 1425 1412 rerum
1468 1355 1685 1409 minime
1712 1350 2131 1407 necessariarum

2265 1386 2337 1421 ων
2382 1368 2451 1421 τὰ
2495 1360 2942 1435 καταϐαλλόμενα
2980 1363 3047 1435 τῇ
3097 1360 3278 1417 αὐτῶν
3320 1360 3465 1430 ψυχῇ
3520 1357 3822 1427 σπέρματα

586 1463 783 1527 studio,
830 1468 885 1515 et
921 1457 1109 1525 Opibus
1132 1448 1445 1517 deliciisque
1470 1443 1732 1514 impliciti,
1772 1455 1953 1496 semen
1980 1453 2135 1495 suum

2265 1458 2409 1521 ,ῖτίας
2458 1454 2593 1511 εἷναί
2647 1472 2777 1527 φησι
2817 1453 2989 1525 τρεῖς·
3019 1450 3053 1525 ἢ
3088 1454 3197 1525 γὰρ
3242 1452 3347 1506 ὑπὸ
3378 1449 3678 1522 φροντίδων
3724 1443 3820 1500 τοῦ

587 1557 899 1613 obruentes,
943 1543 1110 1616 spinis
1156 1536 1548 1610 quodammodo
1578 1533 1837 1590 suﬂocare
1866 1532 2135 1586 videntur.

2265 1545 2486 1611 ιίου,καὶ
2521 1549 2619 1616 τῆς
2647 1542 2797 1616 παρά
2821 1542 2890 1597 τὰ
2923 1546 2999 1615 μὴ
3018 1546 3287 1613 ἀναγκαῖα
3319 1542 3582 1613 σπουδῆς,
3629 1538 3739 1592 ὑπό
3759 1555 3823 1592 τε

595 1644 689 1697 Vel
720 1641 936 1696 minime
970 1636 1023 1690 in
1058 1631 1252 1690 mentis
1276 1643 1389 1685 sua:
1413 1624 1777 1697 penetralibus
1818 1630 2031 1691 recepto
2056 1635 2141 1674 se-

2265 1636 2469 1689 ιλούτου
2507 1638 2603 1690 καὶ
2633 1636 2864 1706 τρυφῆς,
2926 1633 3369 1704 καταχωννύντες
3402 1631 3495 1684 τὸν
3535 1631 3596 1683 ὲν
3633 1628 3825 1691 αὐτοῖς

594 1732 758 1795 mine,
799 1726 1044 1782 celeriter
1070 1721 1437 1790 esstinguunt,
1480 1714 1738 1785 angustiis
1766 1710 2019 1780 correpti.
2046 1707 2143 1762 Vel

2265 1726 2440 1797 mdpov
2469 1726 2675 1779 ἐοίκασι
2694 1728 2807 1788 τοῖς
2828 1721 2933 1778 ὑπὸ
2958 1723 3207 1777 ἀκανθῶν
3237 1717 3621 1789 ἀποπνίγουσι·
3650 1719 3686 1789 ἢ
3721 1719 3828 1771 οὐκ

597 1820 755 1875 tertio
794 1816 1025 1884 denique
1073 1824 1238 1867 causa
1281 1806 1559 1862 amittendi
1609 1803 1717 1859 dati
1763 1801 1983 1857 seminis
2042 1797 2140 1854 sibi

2265 1818 2350 1870 ιπὺ
2387 1816 2584 1886 βάθους
2623 1815 2862 1879 διανοίας
2917 1814 3081 1869 αὐτὸν
3109 1811 3579 1886 παραδεξάμενοι,
3627 1809 3827 1862 θᾶττον

593 1913 748 1974 ﬁunt,
783 1898 907 1964 dum
932 1881 1137 1976 patulas
1161 1916 1320 1957 aures
1364 1900 1602 1970 prabent
1638 1896 1948 1952 hominibus
1996 1891 2143 1948 deci-

2265 1881 2661 1962 ιποσδέννυνται
2706 1902 3080 1977 περιστάσεως
3109 1881 3551 1973 καταλαϐούσης·
3600 1898 3635 1973 ἢ
3680 1901 3829 1955 κατά

591 2000 771 2073 piendi
795 1999 1067 2063 studiosis,
1091 2004 1147 2050 et
1164 1994 1311 2065 iacta
1349 1991 1401 2046 in
1430 1990 1639 2045 illorum
1671 1987 1905 2041 animam
1936 1984 2142 2041 semina

2265 1997 2430 2068 τρίτην
2475 1997 2655 2051 αἰτίαν
2702 1995 2867 2050 αἴτιοι
2918 1994 3189 2059 ἀπωλείας
3233 1992 3587 2048 καθίστανται
3630 1991 3728 2047 τοῦ
3768 1995 3829 2045 ὲν

594 2090 901 2161 diripiendi.
931 2087 1055 2143 liae
1088 2087 1252 2159 igitur
1278 2081 1569 2139 secundum
1596 2093 1748 2134 suam
1781 2076 2141 2147 provisionem

2265 2088 2424 2150 ιύτοῖς
2461 2088 2686 2159 σπόρου,
2719 2088 2819 2151 τάς
2854 2086 3034 2140 αὐτῶν
3081 2086 3252 2149 ἀκοάς
3291 2083 3593 2147 ἐκδιδόντες
3617 2086 3830 2146 ἁνέτως

595 2197 626 2235 a
652 2178 940 2235 Servatore
964 2175 1218 2244 prodicta
1245 2172 1481 2226 fuerunt.
1508 2168 1599 2223 Sic
1619 2176 1796 2227 autem
1828 2178 1939 2219 rem
1966 2178 2024 2218 se
2046 2162 2145 2216 ha-

565 2294 569 2298 ι
597 2273 726 2325 here
746 2265 1231 2336 exploratissimum
1262 2269 1367 2317 est.
1387 2260 1540 2315 Haud
1558 2256 1713 2311 aliter
1737 2255 1878 2309 enim
1907 2251 2147 2308 nonnulli

584 2357 852 2413 excidunt
882 2352 1152 2422 religionis
1176 2350 1439 2421 doctrina,
1480 2348 1581 2402 nisi
1606 2346 1790 2416 aliquo
1822 2358 1854 2398 e
1878 2342 2148 2413 praedictis

599 2448 669 2502 ab
686 2461 755 2502 eo
775 2444 962 2503 modis.
998 2441 1253 2498 Similiter
1283 2438 1519 2493 melioris
1542 2450 1755 2506 quoque
1778 2433 2002 2498 ordinis,
2033 2430 2154 2486 illo-

600 2551 721 2589 rum
746 2532 958 2589 scilicet
985 2530 1077 2600 qui
1098 2528 1323 2584 cmieste
1348 2541 1569 2596 regnum
1604 2532 1729 2579 sunt
1750 2522 2015 2593 adepturi,
2039 2530 2151 2576 tres

602 2626 806 2680 classes
829 2621 1107 2677 Mattheus
1136 2617 1359 2675 sistit“.
1386 2614 1577 2671 Cuncti
1599 2616 1741 2669 enim
1766 2611 1833 2667 ab
1849 2626 1952 2666 uno
1978 2620 2153 2666 sutore

603 2725 660 2770 et
678 2711 911 2785 agricola
939 2711 994 2777 in
1019 2708 1298 2765 animabus
1323 2705 1455 2768 suis,
1478 2718 1579 2759 ceu
1605 2696 1867 2757 fertilibus
1892 2700 2154 2769 bonisque

603 2804 785 2871 agris,
811 2815 975 2855 unum
1003 2798 1248 2867 idemque
1276 2806 1548 2864 receptum
1580 2804 1784 2855 «meo,
1820 2805 1918 2860 pro
1950 2790 2155 2844 viribus

605 2891 890 2955 excolunt;
943 2902 1117 2959 neque
1153 2898 1328 2941 tamen
1374 2886 1491 2956 pari
1526 2898 1751 2938 numero
1780 2881 2153 2950 multiplicant,

606 2996 794 3037 verum
820 2979 1105 3050 plurimam
1155 2975 1351 3045 singuli
1397 2976 1449 3029 in
1483 2974 1637 3029 bonis
1661 2973 1773 3028 suis
1802 2970 2156 3026 dilicrentiam

606 3087 717 3144 pra
756 3086 815 3127 se
839 3070 1035 3126 ferunt.
1082 3063 1197 3122 Etsi
1222 3066 1365 3121 enim
1397 3063 1689 3119 unum-iuit
1711 3062 1767 3116 in
1796 3060 1878 3116 his
1911 3062 2161 3116 omnibus

610 3178 817 3230 semen,
848 3177 989 3217 unus
1007 3161 1135 3215 item
1164 3159 1410 3227 idemque
1433 3166 1599 3221 sator,
1636 3171 1742 3210 non
1774 3165 1951 3209 tamen
1979 3155 2162 3222 singu-

2242 2180 2354 2241 τοῖς
2380 2176 2653 2250 ἑξαπατᾷν
2683 2178 2929 2231 ἐθέλουσι
2962 2178 3056 2231 καὶ
3076 2162 3421 2247 ὑφαρπάζειν
3444 2176 3515 2228 τά
3539 2178 3599 2228 ὲν
3629 2178 3699 2247 τῇ
3730 2176 3830 2227 αὐ.

2244 2266 2350 2321 τῶν
2381 2268 2523 2339 ψυχῇ
2577 2267 2990 2339 καταδληθέντα
3025 2267 3334 2339 σπέρματα.
3378 2266 3565 2321 Ταῦτα
3606 2266 3709 2337 μὲν
3737 2262 3831 2319 οὖν

2246 2355 2387 2410 κατά
2417 2359 2725 2428 πρόγνωσιν
2751 2357 2829 2429 τῷ
2861 2359 3073 2430 Σωτῆρι
3107 2357 3458 2429 προλέλεκτο·
3494 2360 3612 2421 τοῖς
3643 2357 3703 2411 δὲ
3737 2356 3831 2429 ἐρ-

2246 2463 2364 2515 γοις
2390 2447 2561 2511 οὕτως
2580 2448 2771 2519 ἔχοντα
2802 2451 2835 2519 ή
2873 2449 3130 2520 ἐνάργεια
3151 2448 3505 2519 παρίστησιν·
3536 2447 3639 2500 οὐκ
3655 2446 3833 2509 ἄλλως

2249 2538 2354 2611 γὰρ
2386 2539 2711 2604 ἐκπίπτουσι
2730 2558 2875 2605 τινες
2894 2541 2988 2596 τού
3008 2542 3108 2611 τῆς
3140 2538 3449 2602 θεοσεϐείας
3479 2537 3645 2608 λόγου
3659 2540 3693 2608 ἢ
3711 2537 3831 2590 καθ’

2250 2632 2347 2686 ἕνα
2369 2631 2477 2685 τῶν
2509 2632 2600 2685 ὐπ’
2629 2632 2792 2687 αὐτοῦ
2826 2631 3246 2705 προρρηθέντων
3276 2631 3513 2702 τρόπων.
3560 2629 3831 2692 Ὡσαύτως

2251 2719 2310 2773 δὲ
2342 2721 2435 2773 καὶ
2470 2720 2564 2774 τοῦ
2596 2720 2900 2792 κρείττονος
2919 2719 3195 2792 τάγματος
3222 2719 3335 2772 τῶν
3356 2718 3700 2788 τευξομὲνων
3737 2716 3834 2785 τῆς

2252 2811 2498 2882 οὐρανίου
2534 2810 2814 2879 βασιλείας
2844 2815 2992 2881 τρεῖς
3024 2807 3163 2864 εῖναι
3193 2808 3379 2875 τάξεις
3421 2810 3667 2880 παρίστη
3697 2806 3834 2862 κατὰ

2254 2900 2550 2965 Ματθαῖον,
2581 2902 2795 2955 πάντων
2816 2902 2911 2971 μὲν
2938 2899 3027 2971 ὐφ’
3053 2901 3172 2963 ἑνὸς
3195 2901 3517 2972 σπορέωςτε
3542 2900 3640 2953 καὶ
3665 2916 3832 2969 γεωρ-

2255 2991 2353 3059 γοῦ
2399 2995 2518 3053 ταῖς
2556 2991 2735 3045 αὐτῶν
2763 2992 2981 3061 ψυχαῖς,
3015 2986 3104 3044 οἷα
3135 2990 3200 3061 δὴ
3230 2990 3434 3063 χώραις
3474 2990 3713 3059 εὐγείοις
3749 2990 3835 3043 καὶ

2257 3076 2505 3145 ἀγαθαῖς,
2537 3078 2634 3130 ἕνα
2672 3079 2768 3131 καὶ
2803 3076 2892 3130 τὸν
2951 3076 3112 3132 αὐτὸν
3140 3078 3584 3149 ὑποδεδεγμένων
3616 3080 3837 3152 σπόρον,

2259 3165 2690 3236 γεωργησάντων
2701 3165 2927 3219 unum
2953 3166 3093 3221 κατά
3101 3166 3351 3239 δύναμιν,
3368 3168 3822 3223 πολυπλασιασάν

612 3258 784 3309 lorum
802 3223 1066 3307 sedulitas
1094 3264 1158 3304 ac
1189 3223 1435 3304 voluntas
1462 3260 1644 3315 parem
1678 3246 1733 3298 in
1761 3245 2007 3299 omnibus
2044 3244 2157 3297 l'ru-

2265 3223 2585 3324 ὲων’έεάοχ
2607 3253 2826 3325 ὅμοίως,
2855 3253 2990 3307 ἀλλά
3039 3223 3300 3327 πλείστην
3330 3223 3577 3310 ἑκάστων
3606 3256 3835 3321 ususu-

613 3354 758 3401 ctum
790 3341 1011 3411 protulit
1043 3354 1059 3392 :
1088 3338 1433 3409 quamobrem
1467 3348 1534 3389 ne
1572 3333 1909 3402 agriculturae
1950 3332 2163 3401 quidem

619 3435 822 3494 reditus
849 3446 946 3500 par
975 3425 1300 3498 ubiquefuit
1323 3442 1338 3479 :
1363 3424 1454 3478 sed
1480 3422 1571 3476 alii
1604 3422 1816 3491 triginta
1847 3421 2162 3483 retulerunt,

617 3524 708 3578 alii
745 3520 1075 3590 trigesimum
1100 3526 1378 3569 numerum
1418 3510 1779 3579 duplicarunt,
1816 3507 1907 3561 alii
1936 3508 2167 3577 denique

618 3614 803 3668 labore
822 3608 1207 3681 praecellentes,
1232 3600 1584 3670 centuplicem
1626 3598 1854 3652 fructum
1882 3596 2162 3654 dederunt.

617 3703 773 3759 Prior
793 3715 920 3770 ergo
937 3699 1028 3754 ille
1051 3696 1185 3751 ordo
1206 3694 1347 3751 haud
1370 3692 1524 3747 aliter
1546 3691 1725 3746 divina
1756 3688 2168 3745 fructiﬁcatione

619 3793 881 3863 privatur,
920 3788 1021 3843 nisi
1050 3786 1227 3855 aliquo
1264 3797 1296 3838 e
1331 3782 1599 3853 pradictis
1629 3780 1819 3835 modis.
1850 3777 1952 3845 Qui
1989 3788 2167 3834 autem

622 3885 675 3939 in
725 3880 992 3937 contrario
1031 3876 1223 3932 ordine
1252 3881 1394 3937 sunt,
1436 3886 1565 3941 pura
1622 3871 1799 3925 anima
1845 3878 1901 3924 et
1939 3870 2170 3940 genuino

624 3973 819 4028 mentis
842 3969 1133 4039 proposito,
1173 3964 1395 4021 salutari
1433 3971 1645 4032 recepto
1682 3961 1905 4024 semine,
1936 3961 2169 4016 vicissim

624 4077 719 4132 pro
746 4076 857 4115 sua:
895 4060 1086 4113 anima:
1114 4055 1319 4112 viribus
1348 4052 1809 4109 fructiﬁcationem
1848 4068 2001 4107 suam
2032 4052 2171 4107 mul-

627 4155 886 4224 tiplicant.

2266 3341 2438 3411 μένων
2466 3343 2524 3397 ὲν
2571 3342 2794 3412 ἀγαθοῖς
2843 3342 3123 3414 διαφοράν·
3152 3346 3201 3398 εί
3227 3344 3293 3417 δὴ
3320 3340 3400 3410 εἷς
3436 3346 3537 3417 μὲν
3580 3338 3654 3418 ἦν
3682 3350 3841 3401 πᾶσιν

2263 3432 2442 3494 αὐτοῖς
2474 3433 2503 3485 ό
2547 3433 2765 3503 σπόρος,
2796 3427 2872 3496 εἷς
2902 3432 2959 3485 δὲ
2989 3434 3084 3487 καὶ
3110 3437 3139 3488 ό
3160 3431 3320 3499 αὐτὸς
3347 3435 3605 3506 σπορεὺς,
3638 3437 3701 3489 οὐ
3740 3438 3843 3508 μὴν

2262 3521 2329 3574 τὰ
2356 3524 2413 3589 ἐξ
2440 3524 2755 3592 ἐπιμελείας
2785 3525 2885 3594 τῆς
2916 3524 3149 3579 ἑκάστου
3177 3523 3567 3598 προαιρέσεως,
3598 3526 3696 3580 ῖσα
3732 3530 3843 3591 τοῖς

2268 3613 2431 3663 πᾶσιν
2461 3613 2759 3683 ἐπορίζετο·
2818 3612 2898 3665 διὸ
2939 3612 3060 3667 οὐδὲ
3106 3615 3136 3666 ό
3182 3613 3284 3682 τῆς
3318 3599 3593 3685 γεωργίας
3636 3614 3844 3682 καρπὸς

2268 3701 2449 3771 ὅμοιος
2484 3703 2636 3773 παρὰ
2661 3705 2772 3766 τοῖς
2798 3704 2961 3756 πᾶσιν
2975 3698 3063 3774 ἦν·
3087 3703 3202 3758 ἀλλ’
3217 3703 3267 3755 οἱ
3296 3702 3393 3772 μὲν
3420 3705 3848 3773 τριακοντάχουν

2270 3788 2698 3863 ἐκαρποφόρουν,
2732 3794 2779 3845 oi
2817 3792 2874 3846 δὲ
2906 3792 3057 3865 παρά
3086 3792 3309 3856 τούτους
3347 3792 3765 3855 ὲδιπλασίαζον,
3803 3796 3849 3847 oi

2271 3879 2328 3931 δὲ
2358 3881 2780 3951 ὑπερϐάλλοντες
2806 3886 2872 3954 τῇ
2892 3884 3173 3955 φιλοπονίᾳ
3198 3882 3589 3952 ἑκατοντάχουν
3608 3884 3702 3937 τὸν
3722 3902 3847 3955 καρ

2276 3970 2376 4022 πὺν
2395 3971 2731 4025 ἀπεδίδοσαν.
2772 3974 2995 4027 Ἐκεῖνοι
3025 3973 3123 4045 μὲν
3150 3968 3243 4028 οὖν
3268 3974 3367 4028 οὐκ
3388 3972 3562 4037 άλλως
3583 3974 3685 4042 τῆς
3710 3976 3850 4027 κατὰ

2274 4060 2404 4113 Θεὸν
2438 4063 2713 4134 στέρονται
2732 4065 3107 4137 καρποφορίας
3136 4063 3170 4136 ἢ
3198 4064 3318 4119 καθ’
3340 4066 3437 4117 ενα
3463 4064 3573 4117 τῶν
3592 4064 3848 4135 λελεγμέο

2274 4167 2380 4205 νων
2407 4153 2641 4224 τρόπων·
2672 4156 2789 4209 om
2825 4156 3079 4220 ἐναντίως
3103 4156 3333 4219 ἐκείνοις
3356 4156 3714 4227 διακείμενοι,
3750 4178 3850 4214 κα-

627 4246 769 4315 θαρᾷ
802 4244 944 4314 ψυχῇ
966 4258 1059 4295 και
1094 4237 1404 4311 προαιρέσει
1443 4236 1637 4309 γνησία
1670 4235 1761 4289 τὸν
1800 4236 2061 4305 σωτήριον
2111 4236 2492 4313 ὑποδεξάμενοι
2549 4248 2766 4322 σπόρον,
2810 4248 2970 4301 πάλιν
3046 4248 3187 4301 κατά
3258 4248 3485 4319 δύναμιν
3518 4250 3621 4320 τῆς
3674 4253 3852 4307 αὐτῶν

627 4338 801 4411 ψυχῆς
830 4332 1322 4397 πολυπλασιὼτουσι
1344 4331 1470 4394 τοὺς
1494 4329 1697 4385 ἑαυτῶν
1716 4328 1975 4400 καρπούς.

699 4432 920 4488 Etiamsi
965 4428 1334 4492 sacularibus,
1371 4425 1574 4497 inquit,
1649 4425 1861 4479 nonnisi
1894 4438 1989 4493 per
2022 4440 2179 4494 para-
2210 4429 2255 4483 ῐ)

631 4521 806 4577 bulam
840 4519 978 4574 facta
1004 4517 1163 4571 verba
1195 4523 1340 4577 sunt,
1372 4522 1431 4567 ut
1457 4512 1695 4566 videntes
1724 4525 1827 4565 non
1856 4512 2065 4564 videant
2085 4552 2100 4573 ,
2125 4523 2182 4567 et

636 4611 912 4667 audientes
940 4623 1044 4665 non
1076 4605 1374 4675 intelligant
1413 4612 1629 4672 propter
1655 4616 1808 4657 suam
1839 4602 2180 4659 incredulita-

636 4714 779 4769 tem;
806 4699 1153 4756 nihilominus
1174 4699 1364 4765 cuique
1385 4695 1548 4765 digno
1572 4703 1713 4750 totus
1735 4710 1913 4750 sermo
1937 4696 2040 4749 erit
2060 4711 2180 4764 per-

638 4792 872 4863 spicuus.
901 4787 1033 4844 Nam
1064 4802 1161 4841 nec
1194 4786 1407 4841 lucerna
1454 4793 1514 4838 ut
1550 4798 1617 4839 ne
1647 4784 1820 4840 luceat
1856 4784 2178 4851 incenditur,

640 4900 807 4953 neque
864 4891 923 4936 ut
958 4880 1059 4936 sub
1092 4878 1266 4932 modio
1295 4875 1377 4931 vel
1411 4876 1549 4931 lecto
1574 4876 1838 4931 condatur
1859 4878 1903 4907 5’
1924 4894 1935 4927 :
1959 4877 2030 4929 ita
2050 4875 2184 4929 nihil

639 4970 771 5025 adeo
792 4969 895 5022 erit
926 4964 1313 5027 absconditum,
1341 4971 1399 5017 ut
1428 4962 1552 5016 nulli
1597 4965 1814 5018 omnino
1860 4964 2178 5018 innotescat.

640 5060 730 5113 Sic
754 5060 915 5113 etiam
947 5056 1203 5112 caelorum
1245 5055 1393 5123 regni
1443 5055 1691 5124 mysteria
1732 5069 1829 5124 per
1874 5055 2178 5123 parabolam

641 5150 801 5213 dicta,
855 5148 953 5203 etsi
1007 5146 1126 5200 iidei
1167 5155 1451 5199 extraneos
1517 5144 1701 5210 latent,
1738 5161 1964 5215 quorum
2020 5147 2182 5200 etiam

641 5253 800 5292 causa
857 5236 1089 5290 involute
1147 5244 1272 5289 sunt
1302 5233 1528 5302 prolata,
1568 5249 1673 5288 non
1720 5245 1899 5289 tamen
1946 5238 2183 5303 impene-

2351 4426 2459 4497 (i'5)
2486 4427 2548 4479 Ei
2572 4427 2664 4480 καὶ
2684 4428 2751 4480 τὰ
2770 4428 3022 4497 μάλιστα,
3054 4429 3209 4498 φησὶ,
3238 4432 3349 4493 τοῖς
3374 4429 3478 4494 ἔξω
3497 4430 3587 4483 διά
3606 4430 3851 4502 παραδο-

2284 4516 2379 4583 λῆς
2412 4516 2623 4585 εἴρηται
2644 4517 2710 4569 τά
2744 4517 3033 4589 λεγόμενα,
3051 4520 3141 4573 ἴνα
3172 4518 3457 4588 βλέποντες
3484 4520 3559 4591 μὴ
3588 4521 3850 4590 βλέπωσι.

2288 4606 2378 4656 καὶ
2410 4605 2695 4669 ἀκούοντες
2732 4608 2805 4676 μὴ
2858 4606 3080 4660 ωνιῶσι
3121 4607 3208 4660 διὰ
3231 4608 3328 4678 τὴν
3363 4609 3621 4667 ἀπιστίαν
3650 4614 3853 4677 αὐτῶν,

2284 4693 2415 4746 ἀλλά
2443 4698 2556 4757 τοῖς
2587 4712 2651 4763 γε
2677 4695 2846 4760 ἀξίοις
2878 4698 3053 4767 σαφὴς
3075 4696 3224 4751 ἔσται
3247 4700 3352 4761 πᾶς
3376 4699 3550 4768 λόγος.
3579 4701 3720 4756 Οὔτε
3748 4706 3853 4773 γὰρ

2284 4782 2468 4851 λύχνος
2505 4785 2597 4835 ἐπὶ
2625 4783 2705 4852 τῷ
2750 4786 2827 4854 μὴ
2864 4786 3075 4853 φαίνειν
3122 4785 3437 4852 ἐξάπτεται,
3483 4790 3590 4842 οὐδ’
3646 4792 3741 4844 ἐπὶ
3779 4794 3853 4863 τῷ

2286 4873 2647 4927 καλύπτεσθαι
2686 4876 2789 4927 ὐπὸ
2818 4878 2995 4945 μόδιον
3040 4877 3073 4948 ἢ
3130 4878 3335 4948 κλίνην·
3383 4879 3565 4932 οὐκέτι
3612 4884 3854 4952 κρυπτὸν

2288 4966 2435 5019 ἔσται
2458 4967 2631 5036 πάντη
2648 4966 2930 5030 λανθάνον,
2964 4967 3039 5031 ὡς
3072 4969 3144 5040 μή
3177 4986 3288 5021 τισι
3320 4969 3451 5037 γοῦν
3470 4972 3855 5041 γνωρίζεσθαι·

2285 5054 2451 5117 οὑτως
2500 5057 2592 5107 καὶ
2642 5055 2711 5108 τὰ
2744 5057 2841 5126 τῆς
2874 5058 3144 5126 βασιλείας
3172 5058 3279 5112 τῶν
3310 5060 3552 5131 οὐρανῶν
3582 5064 3857 5135 μυστήρια

2286 5146 2370 5199 διὰ
2396 5147 2707 5219 παραϐολῆς
2730 5148 3012 5219 λεγόμενα,
3041 5151 3087 5203 εί
3116 5152 3210 5203 καὶ
3233 5152 3359 5214 τοὺς
3374 5152 3479 5219 ἔξω
3492 5154 3593 5223 τῆς
3621 5155 3859 5219 πίστεως

2288 5238 2559 5303 λανθάνει,
2584 5238 2649 5291 δι’
2682 5238 2777 5300 οὒς
2800 5242 2894 5292 καί
2916 5242 3439 5313 ἐπικεκαλυμμένως
3471 5243 3711 5315 εἴρηται,
3744 5247 3859 5300 ἀλλ’

645 5327 900 5397 trabilem,
927 5325 1172 5378 omnibus
1208 5337 1422 5375 sensum
1457 5322 1746 5377 habebunt.
1793 5324 1866 5377 ita
1906 5339 2033 5393 ergo
2064 5341 2160 5379 sun

2281 5328 2340 5379 οὐ
2377 5332 2486 5391 τοῖς
2520 5332 2683 5382 πᾶσιν
2709 5330 3017 5402 ἀπόρρητον
3044 5332 3279 5403 περιέξει
3309 5334 3400 5386 τὸν
3437 5334 3581 5387 νοῦν·
3611 5337 3860 5393 λέλεκται

647 5414 804 5477 dicta,
835 5423 942 5466 uta
965 5413 1135 5481 dignis
1158 5411 1520 5465 tantummodo
1548 5424 1958 5480 cognoscantur.
1990 5414 2167 5480 Quam

2281 5418 2411 5484 γοῦν
2440 5421 2513 5483 ὡς
2563 5420 2627 5473 ἂν
2676 5423 2861 5491 μόνοις
2908 5425 3019 5486 τοῖς
3062 5423 3234 5490 ἀξίοις
3278 5424 3615 5497 γνωρίζοιτα
3660 5431 3859 5503 Διόπερ

647 5503 825 5557 obrein
850 5518 963 5567 vos,
992 5502 1230 5571 discipuli
1267 5502 1390 5565 mei,
1417 5510 1470 5553 et
1499 5503 1718 5555 cernitis
1741 5512 1795 5556 et
1822 5504 2015 5558 auditis
2044 5520 2160 5558 men

2285 5510 2464 5579 ὑμεῖς,
2485 5514 2532 5564 οἱ
2555 5513 2677 5581 ἐμοὶ
2699 5513 2955 5583 μαθηταὶ,
2986 5517 3078 5570 καὶ⁸
3101 5516 3324 5586 βλέπετε
3350 5521 3443 5572 καὶ
3481 5522 3709 5577 ἀκούετε
3745 5502 3859 5578 δια-

648 5590 716 5642 tis
740 5589 906 5643 oculis
937 5599 1094 5658 atque
1122 5590 1339 5642 auribus
1373 5589 1665 5657 pumicatis
1707 5604 1765 5642 ea
1800 5607 1917 5659 qua:
1949 5595 2167 5647 multitu

2284 5601 2427 5664 νοίας
2457 5602 2750 5674 ὀφθαλμοῖς
2784 5607 2877 5659 καὶ
2919 5608 3022 5661 ὠσὶ
3054 5609 3485 5681 κεκαθαρμένοις
3519 5615 3587 5669 τὰ
3624 5617 3703 5686 μὴ
3745 5620 3859 5681 τοῖς

710 5634 905 5643 ’⁷“’“”’
937 5634 1094 5658 “’“¹“’“’
1122 5634 1339 5642 "'"""'
1373 5634 1665 5657 r-"~-v—--v
1709 5634 1765 5642 ν-
1840 5634 1916 5645 ιιι-.-
1949 5634 2155 5647 .........,.
2292 5634 2397 5653 ,υκ
3346 5634 3365 5650 ς
3438 5634 3447 5647 ¹
3838 5634 3857 5645 ⁸

710 5682 907 5737 “¹⁴“⁰’
932 5699 1047 5747 ν¹¹¹ι
1072 5684 1156 5737 Η·
1230 5683 1273 5714 ⁸³
1313 5683 1500 5736 Mm"-
1533 5684 1757 5747 ιιιιιῖὖο
1802 5634 1877 5717 ﬁ“
1917 5684 2170 5756 Luc.vm,
2196 5689 2283 5744 i6.
2400 5634 2424 5664 ὃ
2457 5634 2747 5674 υγυωμυιδ
2787 5634 2877 5659 Im
2919 5634 3022 5661 um
3054 5634 3485 5681 “nupp'w‘
3519 5634 3587 5669 τα
3624 5634 3703 5686 μη
3745 5634 3857 5681 τοι»

719 5776 829 5842 (is)
859 5776 985 5831 Cod.
1025 5778 1085 5830 Α.
1120 5775 1155 5829 ι.
1190 5776 1306 5828 ist.
1336 5775 1464 5831 Cod.
1498 5777 1557 5831 L.
1599 5779 1632 5831 r.
1670 5779 1752 5832 ιο.
1794 5782 1847 5835 6.

2266 5785 2377 5855 (1'5)
2404 5784 2534 5842 Cod.
2564 5786 2626 5841 A.
2660 5786 2693 5842 ι.
2734 5787 2851 5855 isi,
2881 5790 2935 5847 b.
2967 5791 3096 5849 Cod.
3138 5792 3199 5848 L.
3232 5792 3267 5847 ι.
3302 5794 3386 5849 ιδ.
