4062 6458
1681 430 1768 486 DE
1804 423 2272 488 TBEOPHANIA.
3452 424 3559 479 682

312 558 445 611 πᾶσι
476 554 817 627 καταληπτά·
855 555 983 627 ὑμῖν
1020 552 1128 627 γὰρ
1152 555 1265 617 τοῖς
1307 551 1488 624 ἔχουσι
1519 553 1618 626 τὴν
1675 553 1754 617 εἰς
1785 553 1884 624 ἐμὲ

2011 551 2098 606 lini
2150 547 2500 622 lntelliglbilia
2535 562 2641 604 non
2667 553 2811 602 sunt.
2846 540 3013 601 Vobis
3055 541 3224 611 enim,
3259 543 3353 615 qui
3382 542 3437 600 in
3473 560 3561 600 me

312 648 622 702 πίστιν-καὶ
650 648 684 717 ἠ
704 647 814 701 τῶν
832 647 1157 719 ἀπορρήτων
1194 642 1627 715 προστεθήσεται
1656 640 1877 711 γνῶσιςο

2011 640 2241 705 :reditis,
2279 653 2599 696 arcanorum
2662 651 2879 709 quoque
2930 635 3218 707 adiicietur
3258 636 3474 693 notitia.
3521 636 3561 692 li

311 740 423 801 τοῖς
444 738 505 793 δὲ
541 738 617 810 μὴ
637 737 816 792 πίστιν
834 736 1051 806 ἔχουσιν
1075 733 1360 805 εἰλικρινῆ,
1396 733 1884 805 προσποιουμένοις

2011 738 2164 784 intem
2218 728 2309 799 qui
2357 743 2547 801 puram
2601 726 2763 783 ﬁdem
2806 741 2924 785 non
2973 726 3201 792 habent,
3242 726 3339 782 sed
3392 726 3562 782 simu-

312 829 367 886 δδ
394 830 559 901 ἔχειν,
614 828 751 901 πρὸς
778 826 840 881 τὸ
872 828 1036 900 μηδὲν
1092 825 1254 880 πλέον
1300 827 1365 879 ἐκ
1404 825 1511 881 τῶν
1558 824 1884 898 παραϐολῶν

2011 828 2119 886 ant,
2139 828 2495 891 praeterquam
2518 820 2663 892 quod
2690 818 2825 875 nihil
2856 818 2921 874 de
2940 817 3215 887 parabolis
3241 816 3561 890 intelligent,

1983 926 2051 968 eo
2077 911 2239 968 etiam
2275 911 2650 982 spoliabantnr
2694 913 2837 982 quod
2874 910 3127 965 videntur
3171 909 3398 977 habere,
3439 924 3562 966 cum

1986 1004 2200 1062 illorum
2230 1003 2355 1061 ﬂeta
2382 1004 2517 1062 lldes
2553 1005 2751 1061 idoneo
2780 1012 3022 1078 tempore
3051 1012 3395 1073 coarguetur.

317 918 690 990 γινώσκεσθαι,
711 918 802 971 καὶ
830 918 1084 990 στέρησις
1101 916 1254 972 ἔσται
1268 916 1361 973 τοῦ
1394 915 1679 980 δοκοῦντος
1701 914 1885 981 αὐτοῖς

312 1010 595 1082 ὑπάρχειν,
633 1008 985 1080 ἐλεγχθείσης
1015 1007 1196 1063 αὐτῶν
1243 1009 1303 1064 ἰν
1341 1006 1520 1081 καιρῷ
1569 1006 1669 1079 τῆς
1719 1024 1887 1080 προσ-

313 1100 536 1171 ποιήτου
569 1098 824 1163 πίστεως.

400 1188 461 1242 '0
492 1187 603 1260 γὰρ
658 1188 850 1259 χρόνος
904 1186 1121 1243 πάντων
1172 1186 1411 1257 ἔλεγχος·
1467 1188 1572 1242 κᾶν
1623 1183 1718 1243 οὖν
1751 1186 1888 1261 πρὸς

2058 1191 2102 1224 ⁸³
2134 1187 2269 1246 Nam
2316 1198 2526 1261 tempus
2554 1199 2749 1245 cuncta
2804 1188 3078 1259 coarguit.
3125 1186 3351 1246 Etiamsi
3397 1186 3563 1258 igitur

313 1279 549 1351 δλίγονή
580 1281 701 1334 καθ’
739 1280 892 1352 ὑμῶν
927 1275 1119 1352 ἰσχύσῃ
1154 1279 1377 1353 διαϐολὴ
1414 1280 1507 1334 καὶ
1533 1279 1887 1350 συκοφαντία,

2012 1266 2254 1347 antisper
2282 1280 2591 1336 criminatio
2608 1279 2692 1335 vel
2717 1278 2989 1336 calumnia
3018 1279 3281 1335 adversus
3302 1292 3401 1334 vos
3423 1278 3565 1337 forte

313 1372 428 1428 ἀλλ’
481 1372 651 1425 ἐπιὼν
697 1374 727 1426 6
765 1371 974 1443 μακρὸς
1007 1373 1218 1443 χρόνος,
1254 1373 1349 1427 καὶ
1393 1373 1771 1444 διαλάμπουσα
1819 1372 1888 1426 δι’

2011 1373 2339 1440 trievaleat;
2398 1380 2456 1427 at
2512 1373 2851 1442 subsequens
2917 1370 3187 1443 prolixum
3248 1381 3461 1441 tempus
3510 1379 3564 1426 et

314 1465 346 1518 ὑ
352 1464 468 1536 μῶν
483 1466 646 1520 πᾶσιν
663 1462 968 1535 ἀνθρώποις
984 1463 1424 1536 καταϐαλλομένη
1434 1464 1800 1533 smmum
1814 1462 1887 1534 ἁ),

2011 1465 2266 1536 splendida
2296 1480 2393 1537 per
2424 1479 2521 1521 vos
2546 1466 2759 1521 cunctis
2807 1465 3117 1520 hominibus
3161 1464 3434 1535 impertita
3468 1464 3565 1520 do-

314 1557 382 1609 τὰ
434 1556 531 1611 νῦν
591 1556 729 1621 τέως
776 1556 1108 1611 λανθάνοντα
1140 1557 1267 1621 τοὺς
1331 1555 1559 1617 πολλοὺς
1612 1555 1889 1626 ἐκλάμψαι

2011 1557 2192 1623 :trina,
2220 1571 2283 1612 ea
2311 1571 2432 1628 qua:
2482 1572 2628 1613 nunc
2654 1556 2852 1613 multos
2900 1556 3091 1623 latent,
3152 1556 3464 1614 illucescere
3492 1556 3566 1612 fa-

315 1649 546 1720 ποιήσει,
579 1648 675 1701 καὶ
701 1648 828 1707 τοὺς
885 1647 1228 1717 συκοφάντας
1259 1638 1486 1717 ελέγξει.
1534 1647 1769 1700 Βλέπετε
1796 1641 1891 1700 οὖν

2011 1649 2120 1715 :iet,
2175 1657 2235 1705 et
2288 1648 2714 1705 calumniatores
2774 1648 3083 1719 redarguet.
3141 1648 3569 1705 Animadvertlte

315 1740 434 1805 πῶς
465 1739 711 1794 ἀκούετε·
741 1741 771 1793 6
791 1738 931 1810 ἔχων
972 1740 1082 1812 γὰρ
1107 1737 1404 1792 σπουδαίαν
1437 1739 1756 1811 προαίρεσιν
1796 1738 1892 1810 λή-

2013 1740 2161 1813 gitur
2198 1739 2472 1811 quomodo
2529 1739 2783 1796 audiatis.
2848 1737 2985 1793 Nam
3030 1740 3122 1809 qui
3169 1739 3337 1795 habet
3366 1740 3568 1796 bonum

315 1832 472 1902 ψεται
502 1830 817 1902 Πνεύματος
847 1831 1007 1903 χάριν
1038 1830 1133 1884 καὶ
1160 1830 1350 1900 σοφίας
1381 1831 1476 1884 καὶ
1495 1830 1769 1900 γνώσεως,
1798 1830 1891 1883 καὶ

2011 1831 2353 1903 propositum,
2395 1830 2623 1900 accipiet
2667 1829 2903 1900 Spiritus
2928 1828 3159 1900 gratiam
3193 1837 3250 1885 et
3282 1829 3563 1903 sapientia

314 1897 471 1989 άξίαν
495 1923 604 1977 τῶν
631 1897 811 1977 πόνων
973 1897 1347 1995 ἀμοιϐήνσνκαὶ
1378 1922 1436 1987 ὃς
1460 1897 1528 1977 ἂν
1546 1922 1622 1994 μὴ
1652 1922 1770 1994 ἔχῃ,
1800 1924 1895 1977 καὶ

2011 1897 2063 1979 ιο
2096 1897 2391 1989 scientia.
2430 1897 2761 1994 dignamque
2819 1897 3068 1978 laborum
3122 1897 3439 1979 mercedem
3456 1939 3473 1978 :
3516 1922 3572 1978 ei

315 2013 344 2066 6
371 2014 519 2068 δοκεῖ
537 2008 1020 2087 ἔχειν,’άρθήσεται
1044 2016 1137 2069 ἀπ’
1154 2014 1340 2069 αὐτοῦ’
1362 2014 1431 2068 τά
1456 2016 1564 2087 γὰρ
1587 2018 1650 2069 ὲκ
1682 2016 1895 2085 φύσεως

2011 2029 2126 2070 vero
2149 2016 2242 2086 qui
2274 2029 2382 2069 non
2409 2015 2596 2081 habet,
2626 2014 2789 2069 etiam
2821 2016 2874 2070 id
2901 2014 3045 2084 quod
3097 2014 3310 2070 videtur
3340 2014 3568 2079 habere.

314 2103 448 2175 ἡμῖν
478 2102 685 2167 ἐνόντα,
710 2104 743 2175 ἢ
778 2103 865 2158 διὰ
890 2103 1111 2176 χάριτος
1138 2104 1377 2170 δοθέντα,
1410 2106 1506 2159 ἐὰν
1544 2106 1618 2178 μὴ
1646 2105 1735 2159 διὰ
1767 2123 1893 2160 συν-

2011 2106 2294 2162 tuferetur.
2327 2106 2542 2163 Etenim
2568 2123 2688 2176 qua:
2721 2108 3042 2163 naturaliter
3068 2108 3226 2166 nobis
3252 2109 3460 2174 insunt,
3487 2107 3572 2166 vel

316 2194 475 2265 εχοῦς
502 2196 775 2267 προσοχῆς
804 2197 899 2249 καὶ
945 2196 1183 2267 σπουδῆς
1224 2197 1512 2266 φιλοπόνου
1550 2196 1895 2271 φυλάξωμεν,

2011 2197 2167 2269 gratis
2201 2199 2325 2254 data
2349 2206 2501 2265 sunt,
2536 2200 2638 2254 nisi
2676 2198 2973 2256 continenti
3002 2201 3327 2268 attentione,
3357 2201 3569 2257 studio-

318 2287 493 2344 ταῦτα
532 2288 1016 2361 ζημιωθησόμεθα,
1048 2289 1108 2342 οὐ
1141 2289 1301 2359 μόνον
1337 2291 1503 2361 μηδὲν
1540 2290 1895 2362 προσλαμϐά-

2011 2303 2103 2360 lue
2130 2289 2399 2368 industrio
2445 2291 2837 2356 custodiamus,
2863 2290 3199 2357 amittemus,
3257 2306 3364 2348 non
3408 2295 3572 2348 modo

316 2398 518 2446 νσντες,
562 2381 696 2435 ἀλλὰ
737 2381 1214 2454 προσαπολλύντες
1244 2384 1340 2437 καὶ
1378 2383 1415 2439 ἃ
1443 2384 1586 2461 ἔχειν
1612 2383 1891 2456 ἐδόξαμεν·

2011 2379 2136 2435 nihil
2168 2379 2391 2450 insuper
2418 2379 2768 2449 accipientes,
2817 2394 3006 2435 verum
3036 2380 3201 2435 etiam
3232 2395 3424 2438 eorum
3451 2396 3572 2453 quae

317 2474 411 2528 atat
437 2471 502 2527 αὖ
531 2473 590 2537 δς
606 2472 792 2543 ἐχειτδ
817 2472 973 2541 φύσει
1002 2473 1227 2545 εὐήκοον
1258 2475 1395 2547 πρὸς
1415 2475 1505 2527 τὸν
1530 2473 1707 2543 λόγον,
1722 2474 1897 2546 τούτῳ

2011 2466 2208 2523 habere
2266 2469 2615 2538 putabamus,
2669 2470 3053 2525 detrimentum
3096 2470 3383 2540 patientes.
3429 2471 3575 2529 Sane

319 2565 412 2618 καὶ
437 2567 465 2619 6
484 2565 641 2635 λόγος
664 2563 931 2635 ἀληθινῶς
950 2564 1171 2628 δίδοται,
1205 2567 1298 2619 καὶ
1328 2566 1680 2638 προσγίνεται
1711 2569 1779 2639 τῇ
1806 2583 1900 2635 φυ-

2011 2557 2091 2627 qui
2123 2558 2192 2612 ad
2226 2557 2537 2638 doctrinam
2574 2559 2901 2615 audiendam
2940 2561 3124 2617 alacer
3154 2571 3263 2627 est,
3316 2563 3445 2619 huic
3488 2576 3575 2619 re-

319 2658 445 2728 σικῇ
481 2656 691 2710 συνέσει
727 2655 790 2710 τὸ
832 2657 897 2709 ὲκ
930 2654 1077 2720 θείας
1104 2657 1420 2729 ἀκροάσεως
1471 2656 1652 2729 σοφόν.
1699 2661 1797 2721 Ὃς
1839 2656 1897 2710 δὲ

2011 2659 2129 2718 Ipse
2157 2646 2405 2703 doctrina
2434 2648 2686 2715 traditur,
2714 2660 2772 2706 et
2811 2650 2958 2706 illius
2989 2652 3224 2707 naturali
3260 2653 3574 2724 intelligen‘

318 2747 420 2801 οὐκ
443 2746 557 2821 ἔχει
581 2746 643 2802 τδ
684 2748 774 2803 διὰ
810 2748 911 2819 τῆς
965 2747 1025 2815 ἐξ
1050 2749 1225 2820 ἀρχῆς
1252 2749 1612 2821 δημιουργίας
1656 2750 1898 2823 ὑπάρχον

2011 2739 2090 2796 ιιι
2132 2739 2344 2796 accedit
2376 2739 2573 2796 divina:
2610 2741 2861 2798 lectionis
2903 2744 3195 2814 sapientia.
3241 2745 3345 2812 Qui
3393 2756 3575 2802 autem

319 2838 469 2912 αὐτῷ
501 2838 639 2895 σῶον
679 2836 1098 2910 φυλαττόμενον,
1132 2838 1262 2902 ἴσως
1307 2838 1368 2892 τὸ
1400 2839 1532 2910 μηδὲ
1564 2839 1689 2894 νοῦν
1723 2840 1899 2911 ἔχοντι

2011 2830 2111 2898 iam
2140 2830 2267 2887 inde
2306 2845 2338 2886 a
2378 2832 2636 2901 primaiva
2673 2834 2951 2890 creatione
2975 2834 3156 2890 datam
3204 2836 3438 2892 indolem
3470 2852 3577 2894 non

320 2930 663 2996 καθίσταται,
687 2929 1057 3001 φρενοϐλαϐὴς
1080 2930 1186 2985 ὑπὸ
1210 2929 1306 2999 τοῦ
1332 2931 1571 3003 πονηροῦ
1588 2933 1895 3003 γενόμενος’

2011 2919 2167 2977 habet
2212 2920 2561 2991 incolumem,
2618 2924 2707 2978 hic
2755 2939 2853 2993 par
2908 2936 3091 2981 mente
3154 2929 3361 2984 carenti
3396 2938 3501 2994 est,
3545 2944 3577 2983 ιι

320 3020 571 3092 καθάπερ
606 3022 700 3074 καὶ
727 3022 756 3075 6
795 3021 923 3085 τοὺς
949 3020 1260 3093 ὀφθαλμοὺς
1287 3021 1444 3093 ἔχων,
1486 3024 1535 3075 εἰ
1578 3022 1655 3096 μὴ
1688 3024 1898 3094 βλέποι.

2011 3011 2143 3069 maio
2200 3013 2446 3069 daemone
2502 3028 2694 3071 vecors
2758 3014 3007 3073 eﬂ'ectus.
3066 3018 3221 3074 Sicut
3256 3032 3313 3075 et
3362 3020 3452 3076 ille
3486 3022 3577 3089 qui

323 3109 437 3177 ἴσος
484 3110 565 3183 τῷ
612 3110 799 3183 τυφλῷ
829 3112 1139 3184 γεγένηται·
1183 3114 1277 3168 καὶ
1327 3116 1467 3185 φαίη
1517 3132 1602 3179 τις
1632 3116 1698 3170 ἂν
1738 3118 1900 3173 αὑτὸν

2011 3104 2191 3163 oculos
2221 3106 2431 3162 habens
2452 3106 2587 3162 nihil
2621 3117 2801 3163 tamen
2840 3108 3010 3176 videt,
3041 3126 3139 3181 par
3160 3126 3309 3168 cmco
3334 3123 3444 3180 est,
3474 3129 3583 3169 me-

321 3204 635 3280 ἀφῃρῆσθαι
669 3204 778 3258 τῶν
805 3205 1115 3278 ὀφθαλμῶν·
1172 3207 1345 3273 οὕτως
1374 3211 1424 3263 οί
1456 3209 1639 3265 πολλοὶ
1666 3210 1732 3264 δι’
1775 3214 1901 3267 δαυ-

2011 3195 2219 3267 ritoque
2248 3196 2460 3253 dicetur
2507 3198 2679 3254 oculis
2731 3201 2980 3257 orbatus.
3020 3201 3112 3257 Sic
3139 3203 3395 3272 nimirum
3427 3207 3581 3261 multi

321 3299 445 3361 τοὺς
462 3297 598 3369 πρὸς
624 3296 716 3350 τὸν
729 3296 884 3366 λόγον
906 3298 1175 3359 άσύνετοι·
1194 3301 1275 3354 ὅτι
1293 3302 1413 3356 οὐδὲ
1435 3304 1533 3377 τὴν
1553 3304 1725 3377 ἀρχὴν
1741 3322 1901 3378 προσ-

2011 3286 2221 3378 propria
2255 3286 2410 3356 culpa
2447 3287 2671 3344 hebetes
2699 3291 2767 3344 ad
2796 3291 3102 3347 doctrinam
3130 3306 3280 3359 sunt,
3304 3296 3431 3365 quia
3467 3295 3581 3364 jam

322 3390 538 3463 έχοντες
596 3388 925 3456 ἀκούουσιν,
974 3389 1091 3445 ἀλλ’
1157 3374 1759 3470 άπέρῤιψαντιὰμελείᾳ
1787 3374 1904 3454 ’τὸν

2011 3374 2127 3432 inde
2148 3378 2217 3432 ab
2247 3378 2402 3435 initio
2426 3379 2616 3436 audire
2659 3379 2808 3437 illam
2839 3393 3157 3453 renuerunt,
3190 3387 3284 3442 sed
3313 3388 3584 3445 socordia

330 3478 507 3549 λόγον.

999 3596 1064 3650 K'
1096 3596 1230 3667 (ιδ).

406 3704 746 3778 ’Υπογράφει
773 3722 839 3775 γε
868 3706 973 3779 μὴν
1002 3708 1238 3762 ἐνταῦθα
1272 3707 1481 3781 σπορέα
1510 3708 1707 3765 ἑαυτὸν
1732 3711 1763 3764 ό
1791 3708 1919 3777 Κύ-

325 3817 459 3873 ριος,
486 3800 661 3871 κῆπον
687 3799 745 3854 δὲ
763 3800 1017 3872 ὀνομάζει
1047 3801 1139 3856 τὸν
1155 3802 1358 3873 κόσμον
1380 3800 1510 3874 (16).
1529 3803 1906 3875 Δίνιττόμενος

324 3890 382 3945 δὲ
422 3891 522 3961 τὴν
554 3893 611 3944 ὲν
656 3889 734 3961 τῷ
766 3892 955 3964 σπόρῳ
998 3892 1229 3963 δύναμιν
1260 3892 1423 3947 ὁποία
1464 3911 1549 3959 τις
1578 3895 1686 3967 είη,
1719 3895 1907 3967 κόκκῳ

324 3983 596 4047 σινάπεως
640 3983 801 4037 αὑτὸν
838 3984 1197 4055 παραϐάλλει,
1226 3985 1286 4050 δς
1313 3986 1423 4039 τῶν
1450 3987 1580 4059 παρ’
1598 3985 1907 4059 ἀνθρώποις

326 4075 519 4143 λόγων,
548 4074 873 4145 Ἑλληνικῶν
891 4094 951 4130 τε
984 4078 1076 4131 καὶΙ
1106 4077 1474 4151 βαρϐαρικῶν,
1502 4080 1610 4133 τῶν
1633 4079 1696 4153 δὴ
1716 4082 1908 4151 σοφίαν

325 4165 446 4220 τινα
471 4166 567 4221 τοῦ
620 4167 813 4232 αἰῶνος
837 4168 1026 4223 τούτου
1062 4172 1491 4242 προϊσχομένων,
1547 4173 1910 4245 σμικρότατος

326 4257 464 4313 εἶναι
502 4258 650 4312 δοκεῖ
676 4260 770 4313 καὶ
802 4260 1206 4325 εὐτελέστατος,
1234 4262 1462 4333 δύναμιν
1487 4279 1550 4331 γε
1587 4264 1693 4335 μὴν
1716 4264 1777 4318 οὐ
1810 4263 1908 4335 τὴν

324 4350 592 4421 τυχοῦσαν
625 4351 682 4404 ὲν
731 4351 908 4423 ἑαυτῷ
940 4353 1113 4424 φέρει.
1145 4354 1256 4407 Καὶ
1295 4354 1445 4408 ἐστιν
1483 4358 1511 4408 6
1550 4356 1714 4419 αὐτὸς
1764 4359 1911 4420 σῖτος

330 4441 450 4514 μὲν,
495 4442 616 4497 καθ’
648 4442 677 4496 6
721 4443 910 4516 ψυχῶν
946 4446 1210 4517 τρόφιμός
1241 4447 1379 4510 εστι,
1412 4448 1505 4503 καὶ
1537 4447 1745 4519 τροφῆς
1807 4449 1909 4520 τῆς

2001 3482 2099 3524 sua
2122 3469 2457 3539 abiecerunt.

2738 3608 2861 3669 XX.

2082 3719 2223 3779 Dicit
2270 3737 2331 3779 se
2377 3724 2484 3781 hoc
2507 3723 3038 3785 loco"."Dominus
3084 3738 3344 3798 sutorem,
3394 3744 3583 3801 agrum

2011 3822 2192 3867 autem
2229 3822 2496 3870 terrarum
2529 3818 2741 3872 orbem.
2797 3815 2869 3873 Ut
2913 3828 3099 3875 autem
3142 3832 3347 3890 quanta
3392 3820 3586 3876 semini

2008 3904 2093 3960 vis
2121 3904 2192 3960 sit
2221 3904 2383 3961 insita
2412 3906 2627 3974 innuat,
2660 3923 2829 3978 grano
2864 3909 3069 3980 sinapis
3106 3910 3238 3965 illud
3268 3918 3586 3980 comparat:

2008 3998 2152 4068 quod
2174 3999 2409 4069 quidem,
2433 4003 2578 4055 inter
2597 3999 2876 4055 hominum
2902 4001 3205 4067 doctrinas.
3232 4003 3346 4059 sive
3369 4001 3589 4058 Graecas

2009 4091 2124 4145 sive
2158 4093 2500 4157 barbaricas,
2525 4103 2793 4163 quotquot
2824 4093 3147 4164 sapientiam
3168 4095 3405 4165 aliquam
3428 4092 3590 4163 hujus

2010 4182 2193 4238 saeculi
2228 4198 2339 4253 pra:
2377 4200 2437 4239 se
2467 4183 2672 4252 ferunt,
2709 4170 2998 4241 minimum
3034 4198 3158 4240 esse
3187 4187 3403 4242 videtur
3428 4196 3591 4259 atque

2013 4274 2362 4343 vilissimum,
2394 4292 2569 4347 neque
2595 4288 2775 4335 tamen
2812 4278 3096 4349 vulgarem
3130 4280 3391 4334 virtutem
3417 4282 3591 4336 conti-

2010 4374 2126 4420 net.
2174 4363 2271 4421 Est
2316 4375 2499 4423 autem
2543 4368 2632 4423 illa
2671 4369 2943 4437 doctrina,
2980 4368 3313 4424 frumentum
3369 4371 3591 4440 quidem

2013 4466 2282 4527 quatenus
2310 4459 2617 4515 animarum
2650 4461 2834 4516 nutrix
2861 4468 2967 4524 est,
3013 4470 3068 4516 et
3104 4460 3381 4516 alimoniae
3414 4476 3446 4516 a
3482 4460 3593 4517 Deo

327 4536 479 4608 παρὰ
534 4535 613 4607 τῷ
840 4538 1189 4608 παρεκτικός·
1247 4540 1451 4603 κόκκος
1500 4539 1555 4592 δὲ
1613 4541 1904 4607 σινάπεως,

2014 4550 2157 4604 datae
2188 4549 2474 4616 ministra;
2500 4566 2728 4622 granum
2762 4567 2896 4608 vero
2936 4553 3162 4624 sinapis,
3196 4563 3469 4623 quatenus
3498 4568 3589 4610 se»

328 4626 450 4680 καθ’
490 4627 519 4680 6
548 4627 879 4700 βραχύτατος
942 4626 1040 4699 μὲν
1092 4626 1345 4682 ἁπάντων
1400 4626 1508 4680 τῶν
1551 4628 1900 4699 σπερμάτων⁹

328 4721 448 4775 οὐδὲ
505 4722 612 4794 γάρ
669 4724 817 4775 ἐστιν
869 4721 996 4775 ἄλλο
1040 4720 1150 4774 τῶν
1202 4721 1295 4773 ἐπὶ
1352 4720 1456 4791 γῆς
1497 4719 1905 4791 καταϐαλλομὲ-

294 4842 299 4849 ~
330 4832 435 4868 νων
471 4815 801 4886 σπερμάτων
837 4814 1025 4868 τούτου
1054 4816 1119 4885 τῇ
1159 4813 1481 4887 σμικρότητι
1524 4812 1909 4885 συγκρίνεσθαι

330 4903 642 4974 δυνάμενον,
675 4902 761 4957 διὰ
788 4904 850 4957 τὸ
882 4904 1088 4976 κέντρῳ
1114 4904 1366 4964 ἑοικέναι.
1391 4905 1483 4956 καὶ
1509 4904 1690 4974 σχεδὸν
1721 4904 1909 4975 άτόμῳ

330 4994 423 5050 καὶ
449 4996 647 5066 άμερεϊ
691 4994 924 5067 σώματι·
970 4998 1119 5067 ὅμως
1168 4996 1224 5049 δὲ
1257 4999 1337 5061 εις
1385 4997 1638 5051 τοσοῦτον
1680 4998 1909 5070 μέγεθος

331 5088 653 5155 ἐπιδίδωσιν,
686 5087 763 5153 ὼς
815 5090 923 5141 πᾶν
961 5088 1022 5141 τὸ
1051 5088 1160 5142 τῶν
1186 5088 1431 5159 λαχάνων
1462 5088 1697 5160 καλύψαι
1726 5091 1902 5158 γένος.

334 5180 401 5233 '0
417 5178 483 5250 δὴ
510 5181 602 5233 καὶ
630 5180 761 5234 αὐτὸ
783 5178 1008 5233 ἔκϐασιν
1034 5180 1214 5251 ἔργοις
1229 5183 1412 5245 αὐτοῖς
1433 5182 1721 5254 σύμφωνον
1735 5182 1905 5250 ἔδειξε

336 5274 448 5335 ταῖς
497 5274 878 5345 προρρήσεσιν·
931 5273 1126 5326 αὐτίκα
1156 5273 1287 5343 γοῦν
1318 5274 1617 5346 ὀφθαλμοῖς
1672 5276 1907 5347 πάρεστι

332 5364 797 5435 παραλαμϐάνειν,
827 5366 903 5430 ὡς
934 5368 962 5419 ό
995 5366 1193 5431 σπόρος
1219 5368 1249 5419 6
1275 5366 1649 5437 εύαγγελικὸς,
1692 5368 1910 5440 σπειρό·

352 5502 420 5537 ἰο
440 5503 485 5536 ⁸³
517 5499 712 5555 Matth.
744 5515 867 5564 x-nt,
896 5498 960 5553 51
989 5496 1162 5563 ;Luc.
1194 5512 1314 5565 XIII,
1343 5499 1430 5556 i9.

364 5699 377 5717 Β
405 5627 517 5717 (i6)
540 5628 871 5717 Eongruunt
904 5631 1020 5690 hac
1071 5633 1217 5692 belle
1256 5650 1381 5693 cum
1419 5635 1763 5710 ΤπεορΙισιιὶσ
1798 5642 1904 5717 Sy-

336 5699 506 5759 riaca,
540 5698 632 5753 lib.
666 5698 736 5763 tv,
773 5703 863 5756 51.

409 5768 529 5905 ιιῦὲ
561 5769 778 5825 Grande
826 5776 929 5826 hoc
980 5772 1369 5844 fragmentum,
1420 5793 1593 5849 usque
1639 5780 1706 5835 ad
1732 5782 1897 5841 verba

409 5837 495 5893 οδε
529 5839 747 5905 αμένων
798 5841 981 5905 αὐτόν,
1033 5847 1377 5905 perwicuum
1423 5853 1563 5905 serit
1594 5850 1809 5905 titulum
1845 5854 1897 5905 in

335 5837 747 5912 ὕποδεξαμένων
798 5841 981 5907 αὐτόν,
1033 5837 1377 5915 ρὲιιερίσυυώ
1423 5837 1563 5922 gerit
1594 5837 1809 5910 titulum
1834 5837 1899 5914 ii

657 5933 931 6019 Ρλτιιοιι..
972 5936 1090 6001 Gs.
1134 5939 1371 6005 XXIV.

2018 4642 2223 4695 minum
2254 4642 2498 4698 omnium
2527 4654 2615 4699 est
2650 4644 3049 4700 tenuissimum.
3106 4645 3295 4715 Neque
3322 4647 3471 4702 enim
3508 4654 3594 4702 est

2014 4735 2163 4791 aliud
2194 4752 2261 4791 ex
2287 4737 2375 4793 his
2401 4753 2524 4808 qua
2570 4739 2623 4794 in
2688 4748 2893 4795 terram
2950 4741 3314 4810 proﬁciuntur
3363 4744 3592 4799 semini.

2017 4828 2140 4895 bus,
2183 4829 2345 4899 hujus
2385 4830 2637 4900 parvitati
2689 4834 3139 4902 comparandum,
3190 4836 3265 4890 ita
3289 4846 3347 4890 ut
3389 4845 3590 4906 punctu

2017 4919 2196 4976 simile
2226 4922 2317 4990 sit,
2347 4931 2403 4977 et
2434 4923 2576 4978 velut
2609 4934 2793 4980 atomo
2824 4935 2880 4981 et
2907 4926 3027 4981 sine
3058 4929 3306 4997 partibus
3334 4932 3593 4999 corpori;

2016 5020 2073 5066 et
2127 5020 2306 5067 tamen
2362 5013 2416 5068 in
2464 5023 2669 5069 tantam
2708 5019 2983 5072 excrescit
3028 5019 3483 5089 magnitudinem,
3537 5030 3593 5075 ut

2011 5115 2176 5156 omne
2214 5102 2422 5159 olerum
2446 5120 2618 5177 genus
2649 5115 2892 5178 superet.
2925 5106 3078 5175 Quod
3112 5108 3358 5179 profecto
3388 5112 3596 5168 habere

2018 5193 2227 5248 exitum
2305 5210 2499 5253 revera
2563 5211 2862 5254 consonum
2918 5200 3376 5269 praedictionibus
3421 5213 3579 5258 osten

2014 5283 2120 5339 dit.
2182 5286 2327 5342 Ecce
2384 5289 2534 5344 enim
2580 5290 2751 5345 oculis
2815 5301 3065 5360 spectare
3123 5292 3273 5359 licet,
3327 5296 3600 5365 quomodo

2016 5379 2390 5452 evangelicum
2441 5397 2650 5451 semen,
2698 5383 2800 5439 sub
2833 5384 2966 5455 ipsis
3017 5387 3247 5442 sationis
3286 5388 3598 5455 primordiis

2227 5652 2376 5740 Apf.
2407 5652 2541 5740 1667:
2593 5651 2784 5740 βιϐλίῳ
2804 5655 3049 5740 ¹τετάρτῳ
3084 5655 3438 5740 ρεοφανείας,
3464 5667 3590 5711 cum

2011 5722 2195 5807 solitis
2226 5722 2681 5807 t'i‘antumJt-ntn'eri
2723 5722 2877 5807 siglis
2901 5722 3064 5807 supra
3097 5724 3148 5797 β.

2083 5792 2199 5865 (i6)
2234 5792 2328 5851 Sic
2352 5794 2408 5853 in
2446 5792 2800 5865 Theophanis
2822 5792 3073 5870 Syriaca,
3098 5792 3185 5863 ἰν,
3222 5796 3315 5851 54.

3189 5948 3271 6010 22
