4062 6474
544 471 648 527 687

1260 461 1523 520 EUSEBII
1558 457 2020 517 CESABIENSIS
2054 456 2205 514 OPP.
2246 455 2426 513 PARS
2462 455 2551 512 IV.
2588 483 2659 497 --
2695 450 3109 508 DOGMATICR.

544 586 736 641 litteris
785 583 1151 654 conscriptum
1193 580 1543 655 Evangelium
1590 581 1655 635 ad
1698 594 1797 634 nos
1851 578 2077 641 devenit.

2182 572 2401 638 ἀσώτως
2439 574 2711 644 tcum.
2752 573 2911 643 Τρεῖς
2938 571 3045 641 γὰρ
3083 568 3300 631 δούλους
3344 566 3620 638 περιεῖχε,
3647 566 3741 620 τὸν

545 681 721 734 minas
766 677 887 734 illas
932 676 1079 732 haud
1126 683 1314 731 centra
1343 674 1531 736 talenti
1555 672 1962 735 oceultatorem,
1989 668 2081 725 sed

541 781 731 827 contra
755 768 1030 824 luxuriose
1055 766 1325 822 viventem
1371 763 1625 820 intendit.
1658 761 1794 819 Tres
1825 760 1981 816 enim
2009 758 2081 816 ibi

545 871 1002 933 repraesentantur
1026 860 1203 921 servi;
1227 858 1365 913 alius
1398 855 1595 912 domini
1624 854 1977 910 substantiam
1999 851 2085 906 de-

538 964 741 1005 vorans
766 964 891 1005 cum
919 945 1288 1003 meretricibus
1308 954 1363 998 et
1381 942 1727 1007 ultricibus;
1758 940 1897 996 alter
1920 951 2085 1010 opere

540 1039 936 1108 multiplicans;
965 1036 1156 1091 tertius
1172 1034 1429 1089 talentum
1446 1033 1747 1088 occultans.
1778 1030 1978 1086 Deinde
2004 1028 2084 1083 ait

539 1144 704 1183 unum
733 1128 943 1199 quidem
992 1125 1250 1181 benevole
1295 1133 1600 1193 exceptum,
1637 1122 1861 1179 alterum
1896 1135 2080 1191 repre-

540 1223 766 1277 hensum
798 1218 1188 1280 tantummodo,
1214 1217 1429 1272 tertium
1453 1217 1506 1270 in
1529 1214 1739 1270 vincula
1758 1212 2079 1283 conjectum.

537 1316 782 1386 Ambigo,
823 1328 892 1367 an
924 1311 1062 1367 forte
1094 1311 1233 1382 apud
1268 1309 1577 1365 latthaum
1610 1318 1726 1379 post
1776 1306 2079 1363 absolutum

538 1415 722 1461 contra
753 1405 998 1476 ignavum
1029 1416 1241 1458 servum
1292 1414 1623 1462 sermonem.
1670 1412 1787 1468 qua:
1836 1396 2082 1467 sequitur

534 1495 823 1561 sententia,
858 1496 995 1550 haud
1023 1494 1075 1548 in
1100 1492 1264 1555 hunc,
1308 1490 1401 1544 sed
1432 1505 1527 1558 per
1554 1487 1908 1559 epanalepsin
1937 1487 2082 1542 dicta

535 1580 697 1636 fuerit
757 1580 1012 1635 adversus
1082 1576 1448 1633 comedentem
1504 1586 1559 1630 et
1612 1577 1881 1631 bibentem
1954 1590 2080 1630 cum

534 1672 785 1727 ebriosis.

605 1760 729 1815 Haec
774 1758 937 1829 igitur
990 1758 1062 1813 ita
1095 1756 1235 1826 apud
1284 1756 1591 1811 lattheum
1660 1754 1801 1809 dicta
1864 1752 2080 1807 fuerunt

536 1850 591 1906 in
615 1858 796 1905 monte
822 1848 1091 1913 Olearum,
1112 1849 1201 1903 ubi
1222 1847 1481 1904 Senator
1501 1860 1623 1933 eum
1650 1843 2082 1913 discipuliscona

534 1941 729 1997 sistens
756 1941 820 1996 de
845 1941 1026 1995 mundi
1052 1938 1531 2009 consummatione
1572 1936 1892 1992 disserebat.
1935 1934 2079 1989 Prae-

537 2031 736 2086 dictam
772 2040 949 2085 autem
974 2032 1282 2100 parabolam
1312 2031 1459 2087 solus
1488 2028 1664 2084 Lucas
1689 2033 2078 2082 commemorat

534 2126 789 2190 tanquam
846 2122 1042 2177 dictam
1073 2136 1103 2176 a
1158 2121 1447 2177 Senators
1497 2135 1605 2191 quo
1640 2127 1885 2188 tempore
1936 2117 2078 2185 apud

536 2206 936 2264 Hierichuntem
963 2209 1189 2281 degebat
1218 2209 1287 2263 ⁸⁸.
1316 2209 1495 2278 Quare
1530 2222 1628 2263 nec
1658 2206 1903 2263 eamdem
1938 2206 2078 2261 hanc

532 2314 653 2355 cum
678 2300 765 2353 illa
792 2314 910 2355 esse
932 2301 1228 2369 putandum
1250 2309 1357 2365 est,
1385 2299 1640 2369 quoniam
1669 2311 1788 2369 quae
1821 2296 1874 2351 in
1900 2296 2079 2352 amba-

533 2392 634 2446 bus
663 2390 931 2459 leguntur,
974 2391 1115 2459 haud
1144 2391 1337 2446 similia
1386 2397 1533 2447 sunt.
1563 2388 1659 2444 ilic
1704 2389 1847 2444 enim
1894 2387 2076 2443 decem

532 2482 791 2536 dicuntur
817 2481 983 2548 servi,
1007 2480 1115 2536 illic
1137 2480 1279 2535 haud
1314 2481 1426 2549 pari
1462 2493 1704 2534 numero.
1754 2476 1854 2532 Hie
1881 2476 2075 2547 singuli

533 2571 771 2643 singulas
795 2571 969 2626 minas
990 2570 1278 2642 accipiunt,
1304 2571 1414 2626 illic
1431 2570 1569 2626 alius
1591 2570 1828 2640 quinque
1856 2570 2074 2635 talenta,

548 2663 686 2717 alter
710 2663 837 2727 duo,
870 2663 1061 2718 tertius
1078 2675 1239 2717 unum
1268 2661 1483 2732 accipit.
1527 2660 1624 2717 ilic
1655 2662 1745 2730 qui
1774 2660 2078 2730 decuplavit

539 2754 763 2820 minam,
792 2752 943 2808 audit
969 2768 986 2807 :
1019 2749 1189 2821 Euge,
1213 2763 1370 2807 serve
1404 2752 1545 2806 bone
1572 2760 1627 2805 et
1646 2749 1839 2815 fidelis,
1863 2752 1987 2820 quia
2022 2751 2074 2805 in

544 2839 767 2896 minimo
791 2839 939 2895 fuisti
963 2840 1158 2906 ﬁdelis,
1187 2850 1303 2896 esto
1327 2849 1645 2909 potestatem
1679 2841 1883 2895 habens
1920 2856 2077 2911 super

529 2934 714 2987 decem
743 2932 925 2988 urbes.
942 2930 1041 3000 Qui
1066 2942 1245 2988 autem
1276 2947 1343 2989 ex
1369 2949 1469 2989 una
1498 2932 1626 2988 fecit
1651 2932 1908 3003 quinque.
1928 2933 2076 2989 simi-

540 3021 667 3075 liter
681 3020 829 3076 audit
859 3035 877 3075 :
907 3021 986 3077 Tu
1012 3036 1224 3093 quoque
1255 3038 1413 3093 supra
1473 3022 1705 3093 quinque
1756 3025 1914 3079 urbes
1937 3032 2074 3078 esto.

531 3108 590 3165 ιιι
620 3111 943 3167 talentorum
973 3128 1101 3169 vero
1116 3115 1371 3185 parabola
1398 3115 1675 3168 dicebatur
1702 3131 1717 3170 :
1740 3127 1892 3184 euge,
1923 3129 2077 3169 serve

532 3202 700 3267 bone;
729 3204 782 3257 in
808 3204 996 3272 paucis
1019 3204 1168 3259 fuisti
1198 3203 1387 3272 ﬁdelis,
1417 3219 1579 3273 super
1609 3206 1777 3260 multa
1806 3214 1859 3260 te
1882 3204 2079 3261 consti-
2104 3242 2148 3302 ο

534 3304 680 3349 tuam
706 3313 723 3363 ;
750 3296 891 3352 intra
918 3297 975 3351 in
998 3296 1249 3367 gaudium
1281 3296 1482 3353 domini
1508 3298 1607 3352 tui.

600 3563 714 3633 Age
757 3577 886 3618 vero
928 3563 1196 3632 parabolae
1236 3564 1661 3633 explanationem
1715 3565 1780 3620 ad
1828 3579 2081 3637 compen-

526 3656 673 3711 dium
702 3654 1075 3721 conferentes,
1107 3654 1178 3709 ita
1208 3656 1462 3711 dicimus.
1496 3657 1919 3713 Arbitrabantur
1947 3672 2080 3713 non-

526 3747 675 3815 nulli,
702 3746 877 3817 primo
906 3745 1212 3802 Servatoris
1233 3748 1402 3802 nostri
1430 3747 1659 3802 adventu
1702 3762 1925 3817 regnum
1960 3748 2078 3819 ejus

524 3840 661 3906 fore,
691 3839 852 3908 idque
874 3846 1001 3892 tunc
1029 3837 1365 3906 incepturum
1400 3837 1783 3894 existimabant
1808 3840 1988 3895 statim
2014 3855 2078 3896 ac

436 3997 443 4005 _
525 3930 895 4001 Hierosolyma
954 3930 1307 3985 ascendisset.
1345 3930 1495 3984 Adeo
1549 3930 1669 3985 illos
1722 3930 2077 3988 admiratione

522 4021 871 4089 perculerant
914 4028 1124 4088 patrata
1170 4018 1239 4075 ab
1300 4020 1419 4090 ipso
1471 4020 1747 4076 miracula.
1804 4020 2077 4085 Adversus

526 4110 668 4165 hanc
682 4110 991 4179 opinionem
1019 4108 1275 4165 Senator
1300 4111 1487 4175 docet,
1527 4110 1668 4165 haud
1702 4120 1828 4166 ante
1852 4126 1882 4166 a
1917 4111 2078 4167 Patre

523 4216 585 4257 se
611 4214 835 4270 regnum
864 4208 1238 4269 accepturum,
1277 4214 1437 4268 quam
1476 4215 1701 4273 peregre
1742 4201 1811 4257 ab
1839 4203 2076 4259 homini-

524 4294 623 4348 bus
650 4294 719 4348 ad
750 4290 965 4348 Patrem
995 4292 1212 4347 abierit.
1250 4290 1305 4345 Id
1333 4307 1463 4346 vero
1496 4294 1599 4348 hac
1641 4295 1890 4362 parabola
1932 4294 2077 4350 adir-

524 4385 691 4439 mavit
721 4383 908 4439 dicens
940 4398 957 4439 :
988 4382 1160 4437 Homo
1185 4382 1401 4452 quidam
1436 4384 1623 4438 nobilis
1653 4386 1779 4439 abiit
1818 4388 1875 4440 in
1908 4388 2078 4457 regio.

523 4489 637 4527 nem
663 4472 1020 4542 longinquum,
1049 4482 1103 4525 ut
1124 4472 1377 4539 acciperet
1401 4472 1499 4526 sibi
1523 4489 1759 4543 regnum,
1783 4485 1831 4528 et
1854 4478 2041 4531 rediret
2054 4494 2075 4541 ,-

2184 668 2281 738 μιν
2325 666 2707 736 καταφαγόντα
2748 665 2845 736 τὴν
2886 661 3118 733 ὓπαρξιν
3159 657 3253 713 τοῦ
3300 656 3560 712 δεσπότου
3601 656 3742 727 μετὰ

2179 757 2393 831 πορνῶν
2433 759 2527 811 καὶ
2556 754 2885 828 αὐλητρίδων
2905 795 2920 820 ,
2958 752 3050 805 τὸν
3093 752 3149 805 δὲ
3191 745 3743 831 πολλαπλασιάσαντα

2178 829 2277 914 τὴν
2316 843 2595 915 ἐργασίαν,
2610 844 2701 897 τὸν
2721 842 2777 896 δὲ
2794 837 3215 910 κατακρύψαντα
3233 838 3294 892 τὸ
3313 837 3593 891 τάλαντονο
3621 829 3743 888 εἶτα

2178 936 2267 988 τὸν
2298 935 2396 1005 μὲν
2429 930 2919 1003 ἁποδεχθῆναι,τὸν
2948 929 3005 983 δὲ
3041 928 3356 999 μεμφθῆναι
3375 924 3662 998 μόνον,τδν
3683 924 3741 978 δὶ

2181 1024 2598 1094 συγκλασθῆναι
2652 1021 3027 1094 δεσμωτηρίῳ.
3083 1018 3417 1087 Ἑφίστημι,
3487 1019 3739 1088 μήποτε,

2179 1112 2320 1166 κατὰ
2344 1115 2435 1167 τὸν
2454 1112 2744 1173 Ματθατον,
2768 1109 2905 1181 μετὰ
2928 1109 3025 1181 τὴν
3046 1107 3437 1178 συμπληρωσιν
3461 1105 3555 1159 τοῦ
3581 1105 3740 1172 λόγου

2177 1206 2276 1277 τὴν
2302 1205 2443 1259 κατὰ
2459 1203 2552 1260 τοῦ
2584 1203 2747 1275 μηδὲν
2763 1201 3135 1275 ιργασαμένου
3167 1203 3201 1271 ή
3230 1199 3357 1271 ἑξῆς
3381 1196 3737 1269 δπιλεγομένη

2176 1295 2373 1367 ἀπειλὴ
2399 1295 2458 1348 οὐ
2484 1294 2612 1363 περὶ
2643 1292 2831 1357 αὑτοῦ,
2866 1292 3003 1346 ἀλλὰ
3035 1292 3161 1362 περὶ
3200 1289 3296 1344 τοῦ
3326 1290 3589 1361 προτέρου
3615 1286 3739 1341 κατ’

2178 1386 2510 1458 ἑπανάληψιν
2531 1384 2778 1438 λέλεκται
2800 1383 2892 1437 τοῦ
2916 1382 3181 1446 ἐσθίοντος
3210 1380 3302 1435 καὶ
3331 1381 3575 1445 πίνοντος
3602 1377 3742 1451 μετὰ

2176 1480 2283 1533 τῶν
2316 1478 2637 1549 μεθυόντων.

2246 1746 2429 1802 Ταῦτα
2485 1748 2584 1819 μὲν
2626 1742 2717 1800 οὖν
2754 1746 2927 1811 οὕτως
2958 1747 3169 1819 εἴρηται
3225 1748 3376 1819 παρὰ
3429 1744 3521 1799 τοῦ
3577 1746 3736 1801 Ματ-

2178 1838 2328 1893 θαίου
2354 1839 2447 1893 ἐπὶ
2476 1839 2569 1892 τοῦ
2594 1839 2752 1911 ὅρους
2795 1837 2903 1891 τῶν
2939 1838 3184 1902 Ἐλαιῶν,
3206 1838 3300 1892 τοῦ
3345 1839 3597 1909 Σωτῆρος
3626 1838 3740 1901 τοις

2178 1928 2338 1983 αὐτοῦ
2395 1929 2663 2001 μαθηταῖς
2704 1931 2951 1993 συνόντος
3004 1929 3099 1983 καὶ
3150 1929 3219 1983 τὰ
3252 1928 3380 2000 περὶ
3414 1928 3514 1998 τῆς
3555 1943 3739 1982 συντε-

2177 2022 2326 2086 λείας
2374 2022 2920 2094 προδιαστελλομένου
2949 2038 2963 2053 ’
3016 2022 3114 2094 τὴν
3146 2021 3205 2076 δὲ
3237 2022 3603 2094 προκειμένην
3638 2038 3740 2076 πα-

2179 2114 2409 2187 ραϐολὴν
2438 2114 2597 2184 μόνος
2618 2116 2831 2180 Λουκᾶς
2870 2115 3370 2187 ἀπεμνημόνευσεν,
3401 2115 3480 2179 ὡς
3509 2115 3602 2169 τοῦ
3630 2116 3737 2169 Σω-

2176 2203 2340 2275 τῆρος
2376 2203 2653 2276 εἰρηκότος
2678 2203 2846 2274 αὐτὴν
2860 2203 2983 2258 καθ’
3006 2205 3064 2258 δν
3090 2204 3277 2276 χρόνον
3304 2204 3363 2257 ὲν
3404 2196 3619 2276 Ἱεριχδί
3642 2202 3739 2266 τὰς

2175 2293 2454 2365 διατριϐὰς
2507 2297 2756 2348 ἐποιεῖτο.
2800 2295 3001 2368 Διόπερ
3046 2294 3166 2350 om
3210 2296 3310 2365 τὴν
3340 2295 3509 2367 αὐτὴν
3559 2295 3740 2371 ἐκείνῃ

2176 2382 2378 2454 ταύτην
2433 2378 2571 2437 εἶναι
2603 2383 2956 2455 ὑποληπτέον,
2982 2385 3105 2439 ἐπεὶ
3138 2386 3274 2458 μηδὲ
3332 2386 3399 2440 τὰ
3450 2387 3507 2440 ιν
3558 2387 3740 2450 αὐτοῖς

2178 2476 2449 2547 φερόμενα
2502 2477 2663 2545 ὃμοια
2713 2478 2988 2548 τυγχάνει.
3028 2477 3288 2533 Ἐνταῦθα
3343 2477 3447 2549 μιν
3476 2478 3586 2550 γὰρ
3608 2478 3739 2532 δέκα

2178 2567 2422 2637 λέγονται
2446 2567 2641 2633 δοῦλοι,
2676 2569 2793 2622 ἐκεῖ
2822 2567 2879 2621 δὲ
2925 2568 2989 2622 ob
3017 2568 3293 2630 τοσοῦτοι·
3328 2570 3424 2623 καὶ
3450 2568 3680 2624 ἐνταῦθα
3710 2569 3741 2623 ό

2179 2656 2363 2722 καθεὶς
2412 2656 2515 2710 ἀνὰ
2570 2656 2698 2728 μίαν
2725 2659 2862 2728 μνᾶν
2894 2658 3177 2730 λαμϐάνει,
3211 2659 3328 2712 ἐκεῖ
3376 2659 3434 2712 δὲ
3466 2661 3495 2713 ό
3529 2660 3627 2731 μέν
3658 2677 3740 2725 τις

2179 2747 2338 2802 πέντε
2364 2747 2617 2811 τάλαντα,
2641 2748 2670 2800 ὁ
2699 2747 2757 2801 δὲ
2781 2747 2893 2811 δύο,
2914 2749 2943 2802 ό
2965 2748 3021 2803 δὲ
3057 2749 3135 2803 ιν.
3171 2751 3279 2804 Καὶ
3317 2748 3546 2804 ἐνταῦθα
3565 2751 3594 2803 ό
3642 2752 3742 2823 μιν

2176 2855 2259 2905 τις
2316 2837 2751 2904 δεκαπλασιάσας
2797 2838 2895 2912 τὴν
2951 2840 3086 2911 μνᾶν
3145 2841 3351 2908 ἀκούει,
3396 2837 3508 2907 Εὖ,
3560 2841 3741 2897 δοῦλε

2177 2928 2358 2997 ἀγαθὲ
2380 2931 2477 2984 καὶ
2507 2929 2705 2995 πιστέ,
2732 2930 2821 2984 ὅτι
2844 2931 2915 2983 ἐν
2944 2932 3244 3000 ἐλαχίστῳ
3275 2933 3491 2998 ,πιστὸς
3508 2932 3739 3003 ἐτόνου,

2180 3020 2303 3074 ῖσθι
2354 3021 2640 3085 ἐξουσίαν
2684 3022 2841 3089 ἔχων
2889 3022 3088 3075 ἐπάνω
3139 3021 3285 3076 δέκα
3329 3024 3593 3077 πόλεων·
3629 3026 3657 3078 ό
3688 3024 3739 3077 δὲ

2178 3112 2277 3183 τὴν
2311 3113 2437 3182 μίαν
2469 3112 2628 3166 πέντε
2650 3114 2901 3185 ποιήσας
2938 3112 3143 3178 ἀκούει,
3167 3114 3275 3169 Καί
3300 3114 3382 3168 σὺ
3406 3115 3576 3183 γίνου
3600 3115 3739 3169 ἐπά-

2180 3219 2263 3254 νω
2288 3202 2467 3256 πέντε
2490 3204 2743 3258 πόλεων.
2795 3204 2884 3257 Ἐν
2913 3203 2971 3257 δὲ
2999 3207 3065 3275 τῇ
3098 3203 3207 3257 τῶν
3246 3205 3518 3260 ταλάντων
3560 3222 3737 3284 παρα-

2179 3293 2307 3366 ϐολῇ
2370 3295 2605 3363 ἐλέγετο,
2657 3294 2766 3361 Εὖ,
2826 3294 3008 3350 δοῦλε
3062 3296 3276 3366 ἀγαθὲ,
3316 3298 3415 3353 ἐπὶ
3458 3299 3632 3369 ὀλίγα
3666 3299 3737 3367 ἧς

2178 3386 2412 3451 πιστὸς,
2438 3385 2537 3439 ἐπὶ
2568 3384 2814 3441 πολλῶν
2846 3402 2920 3441 σε
2946 3388 3329 3457 καταστήσω·
3381 3389 3618 3446 aloe.le
3657 3394 3739 3459 εις

2177 3476 2293 3545 τὴν
2316 3476 2507 3545 χαρὰν
2530 3478 2638 3532 τοῦ
2666 3478 2888 3547 Κυρίου
2920 3494 3058 3533 σου.

2245 3567 2356 3637 Τήν
2387 3585 2451 3637 γε
2506 3568 2611 3640 μὴν
2666 3571 2746 3633 είς
2802 3569 2903 3640 τὴν
2942 3570 3255 3644 παραϐολὴν
3299 3571 3592 3644 ἑρμηνείαν
3622 3575 3732 3628 ἑπι-

2175 3658 2492 3730 τεμνόμενοί
2525 3677 2705 3731 φαμεν
2728 3677 2743 3691 ·
2786 3661 3083 3716 ’Υπέλαϐόν
3109 3679 3253 3726 τινες
3283 3663 3421 3719 κατὰ
3448 3664 3549 3737 τὴν
3591 3664 3736 3737 πρώ-

2174 3749 2382 3821 τηντοῦ
2407 3750 2657 3822 Σωτῆρος
2682 3751 2836 3822 ἡμῶν
2875 3754 3177 3825 παρουσίαν
3204 3755 3304 3825 τὴν
3337 3754 3613 3826 βασιλείαν
3645 3759 3740 3810 αὑ-

2173 3842 2268 3895 τοῦ
2299 3842 2621 3913 γενήσεσθαι
2641 3861 2654 3874 ’
2679 3845 2783 3898 -καὶ
2814 3843 2971 3898 τοῦτο
3021 3844 3267 3916 ἐνόμιζον
3292 3847 3509 3901 ἔσεσθαι
3564 3865 3743 3921 παρα-

2175 3932 2360 4004 χρῆμα
2381 3932 2502 3986 τότε
2528 3933 2744 3988 ἐπειδὰν
2776 3934 2938 4005 ἐπιϐῇ
2966 3938 3077 3999 τοῖς
3120 3936 3539 4009 Ἰεροσολύμοις·
3567 3938 3747 4004 οὕτως

2175 4022 2500 4094 ἐξέπληττον
2546 4024 2740 4087 αὐτοὺς
2777 4024 2835 4077 αί
2877 4024 3190 4096 θεοσημείαι
3239 4028 3330 4082 ὑπ’
3359 4027 3522 4082 αὐτοῦ
3555 4045 3745 4082 συντε-

2175 4111 2451 4182 λούμεναι.
2489 4114 2633 4186 Πρὸς
2655 4113 2718 4183 δὴ
2738 4109 2832 4169 οὖν
2860 4114 3064 4185 ταύτην
3092 4116 3192 4188 τὴν
3217 4118 3469 4172 ὑπόνοιαν
3486 4119 3516 4172 ὁ
3549 4119 3747 4193 Σωτὴρ

2175 4200 2433 4267 διδάσκει,
2463 4202 2539 4274 μὴ
2571 4203 2830 4276 πρότερον
2855 4202 3016 4259 αὑτὸν
3057 4206 3210 4278 παρὰ
3246 4206 3339 4261 τοῦ
3382 4208 3593 4280 Πατρδς
3641 4210 3749 4281 τὴν

2178 4291 2451 4362 βασιλείαν
2494 4294 2884 4367 ἀπολήψεσθαι,
2929 4297 2961 4368 ἢ
3021 4297 3120 4371 τὴν
3163 4298 3472 4372 ἀποδημίαν
3524 4300 3620 4373 τὴν
3681 4301 3746 4369 ιε

2175 4382 2476 4456 ἀνθρώπιον
2506 4385 2640 4459 πρὸς
2684 4386 2773 4440 τὸν
2820 4387 3039 4459 Πατέρα
3094 4389 3421 4443 στείλασθαι.
3470 4389 3641 4444 Τοῦτο
3683 4389 3746 4445 δὲ

2176 4474 2263 4529 διὰ
2303 4476 2404 4546 τῆς
2451 4477 2763 4550 παραϐολῆς
2813 4480 3085 4552 παρίστη,
3136 4480 3345 4550 λέγων·
3408 4483 3745 4550 Ἄνθρωπός

524 4562 756 4616 nobilem
786 4562 1001 4631 quidem
1027 4570 1196 4618 semet
1228 4561 1504 4631 appellans
1542 4571 1755 4633 propter
1804 4566 2073 4620 carnalem

2177 4583 2264 4632 τις
2310 4568 2561 4637 εὐγενὴς
2610 4569 2898 4638 ἐπορεύθη
2942 4572 3031 4637 εὶς
3084 4570 3285 4639 χώραν
3333 4572 3592 4640 μακρὰν,
3634 4575 3746 4627 ,ια-

524 4654 857 4708 nativitatem
911 4668 1069 4723 quam
1108 4669 1176 4709 ex
1208 4655 1544 4719 Abrahamo,
1590 4654 1795 4722 lsaaeo,
1852 4654 2076 4722 Iacobo,

524 4742 745 4811 Davide,
777 4754 939 4813 atque
967 4747 1158 4799 horum
1190 4746 1423 4815 posteris
1448 4746 1675 4802 sortitus
1714 4759 1853 4802 erat.
1897 4746 2078 4815 Quare

522 4845 577 4891 et
603 4836 871 4891 hominem
900 4851 959 4891 se
1012 4838 1325 4893 nominavit.
1358 4838 1488 4892 Dum
1519 4853 1647 4894 vero
1677 4838 1753 4893 ait
1777 4839 2075 4909 proiectum

522 4928 576 4983 in
606 4928 874 4997 regionem
907 4927 1272 4997 longinquam,
1304 4944 1458 4983 suum
1508 4928 1560 4982 iu
1596 4928 1791 4983 caelum
1835 4930 1900 4985 de
1934 4938 2073 4983 terra

524 5016 754 5068 reditum
792 5015 1139 5084 signilieavit.
1185 5016 1406 5071 Addens
1461 5016 1709 5087 denique,
1742 5032 1802 5072 se
1854 5030 2076 5091 accepto

523 5119 690 5172 regno
717 5118 1079 5169 reversurum,
1122 5107 1413 5161 secundam
1464 5121 1616 5161 suam
1663 5109 2072 5175 theophaniam,

523 5194 810 5260 gloriosam
833 5204 993 5264 atque
1015 5195 1271 5265 regalem,
1298 5196 1589 5251 denotavit.
1619 5197 1788 5254 Porro
1810 5202 2076 5269 praedictae

527 5294 767 5353 tempore
796 5285 1245 5353 peregrinationis
1272 5299 1461 5339 servos
1491 5286 1633 5342 illius
1664 5288 1793 5343 dicit
1822 5300 2074 5359 acceptas

526 5376 698 5430 minas
751 5377 965 5431 diverso
1011 5392 1263 5432 successu
1320 5376 1489 5433 fuisse
1548 5381 1848 5449 negotiatos
1878 5400 1891 5437 :
1924 5384 2075 5438 cives

526 5479 649 5522 vero
675 5468 915 5537 ejusdem
954 5469 1055 5538 ipsi
1104 5468 1363 5536 infensos,
1397 5471 1579 5526 missa.
1613 5481 1733 5542 post
1774 5488 1894 5529 eum
1930 5476 2075 5549 lega-

593 5582 637 5614 ”
666 5582 789 5639 Luc.
822 5598 936 5648 ιιι,
965 5583 1051 5637 19.

527 5678 806 5751 videatur;
857 5679 1019 5751 isque
1060 5680 1238 5751 lingua
1295 5681 1579 5739 Palaestina
1652 5690 1923 5746 contineat
1987 5707 2061 5747 ss.

526 5746 827 5827 @vaugelia,
866 5746 1059 5817 cupide
1092 5746 1332 5827 consului
1365 5769 1489 5827 num
1538 5756 1608 5811 ibi
1661 5759 1775 5815 hac
1806 5762 2061 5827 parabola

522 5814 897 5885 iuleg'eretur,
925 5814 986 5874 ut
1013 5820 1172 5877 modo
1193 5823 1270 5878 ait
1291 5823 1553 5882 Eusebius
1577 5842 1593 5893 ;
1616 5829 1708 5884 sed
1730 5814 2057 5887 contrarium

2184 4656 2309 4710 δεῖν
2368 4657 2558 4724 ἑαυτῷ
2624 4660 2949 4724 ,ϐασιλείαν
3016 4661 3113 4715 καί
3181 4661 3557 4730 ὑποστρέψαι
3575 4679 3590 4694 ο
3651 4665 3744 4719 εὑ-

2181 4751 2310 4821 γενῆ
2356 4750 2451 4821 μὲν
2488 4753 2679 4806 ἑαυτὸν
2733 4752 2911 4806 καλῶν
2957 4752 3047 4807 διὰ
3094 4751 3193 4823 τὴν
3231 4754 3371 4807 κατὰ
3429 4754 3608 4826 σάρέια
3651 4755 3745 4825 γέ-

2181 4859 2322 4895 νεσιν
2371 4843 2431 4908 ἐξ
2478 4843 2722 4916 Ἀϐραὰμ
2756 4845 2848 4899 καὶ
2892 4844 3077 4899 Ἰσαὰκ
3133 4846 3227 4899 καὶ
3284 4844 3507 4911 Ἰακὼϐ,
3566 4847 3629 4901 ἐκ
3681 4864 3743 4902 τε

2180 4934 2340 4989 Δαϐὶδ
2368 4938 2459 4990 καὶ
2489 4936 2599 4990 τῶν
2620 4937 2806 4989 τούτου
2836 4936 3091 5006 διαδόχων
3113 4939 3482 5011 γεγενημένην
3501 4956 3516 4971 ·
3543 4938 3625 4993 διδ
3649 4942 3743 4995 καὶ

2178 5025 2458 5099 ἄνθρωπον
2482 5029 2671 5082 ἑαυτὸν
2692 5026 2959 5099 ὠνόμαζε.
2992 5028 3177 5097 Δέγων
3203 5028 3278 5095 δὲ,
3312 5030 3627 5100 Ἐπορεύθη
3654 5035 3743 5099 εις

2178 5117 2374 5187 χώραν
2398 5120 2654 5190 μακρὰν,
2682 5122 2781 5193 τὴν
2808 5122 2915 5176 ἀπὸ
2934 5122 3036 5193 γῆς
3062 5125 3143 5187 είς
3164 5124 3386 5195 οὐρανὸν
3416 5123 3600 5178 ἄνοδον
3619 5125 3742 5178 tau-

2174 5210 2265 5262 τοῦ
2284 5212 2377 5283 ὲσή
2387 5229 2571 5282 μανεν.
2590 5212 2888 5285 Ἐπιφέρων
2906 5213 2963 5267 δὲ
2988 5214 3068 5279 τὸ,
3092 5210 3299 5271 λαϐεῖν
3330 5216 3545 5270 ἑαυτοῦ
3570 5214 3743 5280 ,ϐασιο

2174 5304 2477 5380 ,λείαν-καὶ
2505 5304 2902 5373 ὑποστρέψαι,
2922 5306 3021 5377 τὴν
3055 5306 3310 5377 δευτέραν
3342 5308 3509 5361 αὐτοῦ
3548 5308 3742 5382 θεοφό-

2175 5408 2337 5451 νειαν.
2358 5393 2456 5467 τὴν
2485 5392 2690 5459 ἔνδοξον
2709 5399 2801 5448 καὶ⁸
2826 5394 3126 5469 βασιλικὴν,
3153 5398 3411 5469 παρίστη.
3448 5400 3603 5455 Ἀλλὰ
3631 5402 3741 5474 γὰρ

2176 5485 2311 5539 κατὰ
2334 5486 2430 5558 τὴν
2452 5487 2725 5558 λεχθεῖσαν
2744 5488 3044 5559 ἀποδημίαν
3066 5491 3191 5553 τοὺς
3216 5490 3312 5560 μὲν
3337 5491 3501 5545 αὑτοῦ
3523 5491 3709 5548 δούλου
3724 5512 3752 5557 ς

2171 5694 2405 5764 comperi
2429 5712 2455 5775 ;_
2474 5695 2548 5751 ila
2576 5706 2631 5751 ut
2659 5694 2721 5752 de
2747 5696 2853 5752 alio
2879 5695 3177 5768 exemplari
3202 5696 3453 5767 loquatur
3476 5695 3740 5756 Eusebius

2170 5778 2390 5823 necesse
2411 5775 2507 5821 ιιι.
