4048 6406
568 411 674 463 695
1262 405 1523 464 EUSEBII
1560 395 2019 458 CESABIE‘NSIS
2054 393 2203 445 OPP.
2244 390 2419 446 PARS
2455 391 2544 447 IV.
2577 422 2646 432 —
2685 387 3096 445 DOGMATICA.
3661 384 3767 440 696

568 538 702 577 mna
734 521 939 576 lumbos
970 517 1267 590 pra‘cincti,
1307 517 1530 585 panibus
1565 514 1767 585 azymis
1795 508 2097 582 degustatis1

2210 501 2413 571 τροφῆς
2443 518 2500 553 τε
2535 500 2754 571 ἀζύμων
2799 498 2974 569 ἄρτων
3005 497 3365 567 μετίσχοντες,
3399 508 3492 546 και
3516 492 3651 590 πόας
3676 511 3767 546 πι-

568 612 765 683 intybis
788 610 1251 680 etiam_appositis,
1277 608 1343 663 de
1379 609 1495 675 loco
1532 606 1583 659 in
1613 605 1808 670 locum,
1855 603 1905 656 id
1929 611 2011 655 est
2041 600 2108 653 de

567 702 939 773 Egyptiorum
975 703 1189 771 regione
1215 700 1265 752 in
1290 699 1581 761 desertum,
1610 695 1956 757 transierunt.
1986 691 2109 745 Haec

568 792 641 844 illi
675 806 834 861 agere
884 790 937 843 in
986 788 1248 844 mandatis
1278 787 1600 848 habuerunt,
1641 798 1762 839 cum
1802 782 1945 835 caede
1991 780 2107 834 ovis

565 893 786 949 esuque.
851 877 1202 943 Quamobrem
1259 876 1345 929 illa
1410 890 1473 929 ex
1529 872 1761 945 Egypto
1809 872 2101 939 digressio,

565 981 762 1022 nomen
794 966 1067 1034 fecitapud
1096 964 1343 1019 Hebraeos
1371 964 1508 1019 festo
1531 966 1813 1019 transitus.
1840 964 2102 1018 Ca-terum

568 1056 683 1111 haec
716 1056 769 1110 in
799 1055 961 1125 figura
1002 1054 1105 1109 illis
1124 1054 1549 1125 contingebant;
1583 1055 1749 1108 nostri
1780 1064 1955 1107 autem
1982 1067 2103 1120 gra-

565 1147 636 1198 tia
668 1147 865 1213 scripta
894 1145 1108 1199 fuerunt
1137 1146 1202 1199 ‘°.
1230 1146 1403 1213 Atque
1439 1145 1510 1198 ita
1548 1143 1742 1198 Paulus
1783 1144 2104 1212 interpreta-

564 1245 670 1301 tur,
706 1236 831 1291 dum
860 1236 1220 1307 symbolorum
1245 1244 1480 1289 veterum
1515 1235 1791 1289 veritatem
1820 1234 1900 1287 bis
1929 1232 2101 1287 verbis

561 1321 729 1389 aperit
760 1338 776 1375 :
813 1336 935 1376 nam
970 1320 1175 1375 Pascha
1211 1332 1440 1375 nostrum
1475 1323 1772 1376 immolatus
1816 1332 1888 1375 est
1919 1319 2100 1375 Chris-

562 1420 642 1464 ttts
674 1410 741 1465 “.
768 1410 995 1465 Causam
1034 1426 1162 1465 vero
1198 1411 1353 1478 hujus
1394 1412 1701 1466 immolandi
1743 1412 1975 1480 Baptista
2021 1412 2102 1468 sic

558 1501 774 1553 exhibet
802 1501 985 1555 dicens
1015 1517 1028 1552 :
1067 1501 1196 1554 Ecce
1218 1502 1391 1572 Agnus
1428 1501 1545 1563 Dei,
1574 1518 1685 1555 ecce
1715 1504 1801 1570 qui
1830 1500 1958 1554 tollit
1987 1517 2103 1568 pec-

559 1600 675 1641 cata
727 1591 903 1642 mundi
941 1590 1005 1643 “.
1050 1588 1255 1658 Reapse
1300 1590 1540 1650 victima.
1568 1591 1824 1643 malorum
1866 1592 2100 1645 omnium

559 1679 886 1743 remedium,
940 1680 1053 1732 neci
1097 1679 1346 1734 traditum
1392 1680 1489 1733 fuit
1532 1680 1829 1735 Servatoris
1886 1694 2098 1748 corpus,

557 1770 697 1837 quod
756 1769 924 1822 instar
968 1770 1306 1838 expiationis,
1361 1770 1525 1825 tetius
1595 1772 1774 1824 nnmdi
1824 1780 2097 1838 peccatum

560 1858 799 1913 abstulit.
854 1858 1143 1924 Propterea
1194 1859 1361 1915 lsaias
1414 1860 1554 1913 clare
1608 1862 1970 1914 exclamavit:
2002 1858 2102 1914 Hic

555 1959 764 2017 peccata
794 1938 971 2004 nostra
1002 1948 1120 2018 fert,
1147 1961 1193 2003 et
1215 1966 1310 2018 pro
1342 1950 1489 2002 nobis
1511 1950 1707 2017 patitur
1736 1950 1800 2003 “.

624 2126 679 2185 ἰ.
718 2128 887 2200 liuius
929 2144 1057 2198 ergo
1090 2130 1339 2191 victimae,
1400 2129 1451 2182 id
1505 2139 1588 2184 cst
1648 2129 1951 2186 Servatoris
2009 2146 2098 2199 qut

553 2221 771 2289 proprio
798 2220 1057 2291 sanguine
1110 2222 1397 2274 humanum
1443 2235 1611 2289 genus
1645 2222 1889 2287 salvavit,
1944 2223 2101 2278 intel-

553 2309 866 2365 lectualibus
928 2309 1065 2378 pasti
1116 2310 1405 2373 carnibus,
1459 2310 1705 2363 videlicet
1764 2312 2099 2379 dogmatibus

551 2411 713 2469 atque
767 2398 1025 2453 doctrinis
1079 2400 1336 2454 ctelorum
1400 2414 1620 2470 regnum
1693 2402 2098 2465 nuntiantibus,

553 2490 761 2545 deliciis
792 2490 982 2544 merito
1018 2489 1216 2544 divinis
1243 2490 1576 2545 deliciamur.
1619 2488 1723 2546 Sed
1752 2501 1804 2545 et
1836 2492 1939 2545 fide
1970 2507 2097 2562 erga

552 2582 865 2651 sanguinem
911 2580 1049 2650 ejus,
1102 2596 1257 2649 quem
1294 2597 1390 2650 pro
1436 2592 1619 2636 nostra
1672 2585 1843 2637 salute
1901 2583 2096 2653 lytrum

554 2670 764 2735 obtulit,
794 2672 985 2725 animae
1019 2671 1224 2736 domos,
1265 2672 1317 2725 id
1346 2683 1430 2727 est
1460 2687 1707 2742 corpora,
1733 2674 2094 2743 obsignantes,

550 2780 709 2818 omne
741 2779 909 2833 genus
954 2764 1315 2818 insidiantium
1342 2766 1639 2819 daemonum
1657 2781 1685 2819 a
1714 2767 1864 2820 nobis
1883 2768 2098 2821 submo-

553 2869 782 2919 vcmus,
845 2856 1211 2922 transitusque
1270 2855 1660 2910 solemnitatem
1721 2857 2092 2923 celebrantes,

552 2946 781 2999 transire
834 2944 899 2997 ad
959 2946 1136 2998 divina
1193 2948 1487 3007 studemus,
1550 2945 1710 2999 veluti
1760 2947 1884 3001 olim
1926 2948 1999 3003 illi
2042 2948 2093 3000 in

548 3038 820 3088 desertum
850 3048 915 3089 ex
944 3034 1175 3104 Egypto
1192 3036 1629 3105 commigrarunt.
1666 3033 1739 3088 Ita
1771 3050 1866 3089 nos
1883 3050 2095 3107 quoque

2206 589 2398 659 κρίδων
2451 590 2895 660 προσφερόμενοι,
2950 588 3112 640 τόπον
3142 587 3209 641 ὲκ
3253 586 3415 638 τόπου
3476 582 3760 647 διέδειινσν,

2202 680 2293 733 τὸν
2313 680 2418 732 ἀπὺ
2443 681 2540 749 τῆς
2572 681 2877 748 Αἰγυπτίων
2904 680 3006 750 γῆς
3047 678 3138 732 ἐπὶ
3169 678 3265 749 τὴν
3304 678 3526 749 ἕρημον.
3572 673 3760 727 Ταῦτα

2204 772 2332 838 γοῦν
2356 772 2535 833 αὐτοῖς
2569 773 2700 841 ὁμοῦ
2722 776 2785 842 τῇ
2816 772 2907 825 τοῦ
2939 770 3208 840 προὸάτου
3232 771 3408 838 σφαγῇ
3436 784 3495 820 τε
3523 766 3617 821 καὶ
3644 781 3764 835 τρο-

2202 866 2273 933 φῇ
2305 864 2558 933 πράττειν
2602 864 2999 934 νενομοθέτητο.
3039 862 3228 915 Ἔνθεν
3276 863 3308 931 ἡ
3370 860 3428 926 ἐξ
3481 857 3755 926 Αἰγύπτου

2205 953 2501 1020 μετάὁασις
2527 953 2621 1023 τὴν
2656 955 2762 1007 τῶν
2807 952 3164 1023 διαϐατηρίων
3219 952 3400 1013 αὐτοῖς
3444 946 3757 1017 ἐπωνυμίαν

2202 1043 2457 1115 ἐπλήρου.
2525 1046 2664 1097 Ἀλλ’
2719 1047 2944 1108 ἐκείνοις
3002 1046 3098 1115 μὲν
3138 1043 3380 1106 τυπικῶς
3426 1042 3596 1095 ταῦτα
3639 1056 3760 1093 συν-

2202 1132 2431 1196 έϐαινεν,
2478 1135 2689 1206 ἐγράφη
2731 1135 2787 1188 δὲ
2834 1137 2898 1190 δι’
2941 1136 3104 1206 ἡμᾶς.
3156 1133 3263 1187 Καί
3304 1150 3367 1202 γε
3414 1129 3757 1203 διερμηνεύει

2200 1224 2407 1289 Παῦλος
2428 1224 2530 1277 τῶν
2563 1226 2805 1278 παλαιῶν
2858 1223 3135 1297 συμϐόλων
3170 1222 3462 1292 διαφαίνων
3495 1224 3591 1293 τὴν
3622 1220 3756 1290 ἀλή-

2200 1314 2348 1369 θειαν
2373 1316 2438 1368 δι’
2462 1309 2535 1369 ὧν
2561 1333 2689 1385 φησι
2708 1334 2721 1347 ’
2758 1318 2865 1370 Καὶ
2896 1318 3005 1385 γὰρ
3043 1316 3110 1369 τὸ
3133 1314 3346 1382 Πάσχα
3371 1312 3539 1383 ἡμῶν
3580 1313 3756 1379 ἐτύθη

2198 1406 2464 1471 Χριστός.
2496 1406 2635 1459 Τὸδὲ
2661 1408 2829 1459 αῐτιον
2852 1408 2944 1460 τοῦ
2966 1408 3186 1477 τυθῆναι
3212 1405 3371 1457 αὑτὸν
3396 1405 3423 1455 ό
3451 1401 3758 1472 Βαπτιοτὴς

2200 1496 2520 1565 παρίστησιν
2540 1496 2703 1551 εἰπών
2723 1513 2735 1527 '
2774 1497 2885 1551 Ἴδε
2910 1501 2942 1551 ό
2979 1497 3181 1566 Ὰμνός
3206 1494 3311 1549 τοῦ
3341 1492 3486 1548 Θεοῦ
3520 1495 3553 1545 ό
3576 1494 3759 1558 αἴρων

2199 1586 2313 1652 τὴν
2330 1590 2616 1654 ἁμαρτίαν
2637 1590 2741 1643 τοῦ
2765 1590 3009 1656 κόσμου.
3037 1590 3145 1642 Καὶ
3176 1589 3285 1659 γὰρ
3323 1587 3549 1655 σφάγιον
3572 1583 3759 1637 κακῶν

2197 1677 2449 1730 ἁπάντων
2480 1680 2840 1749 ἀποτρόπαιον
2881 1679 2942 1731 τὸ
2971 1679 3128 1748 σῶμα
3164 1678 3224 1730 τὸ
3255 1678 3517 1749 σωτήριον
3545 1674 3623 1743 τῷ
3660 1674 3755 1725 θα-

2202 1768 2345 1837 νάτῳ
2377 1770 2708 1840 παρεδίδοτο,
2734 1770 2760 1821 ὃ
2784 1769 2847 1839 δὴ
2893 1769 3184 1839 καθαρσίου
3212 1767 3363 1836 δίκην
3414 1765 3509 1819 τοῦ
3557 1762 3756 1827 παντὸς

2202 1862 2383 1931 ἀφεῖλε
2406 1864 2609 1932 κόσμου
2634 1864 2729 1934 τὴν
2760 1863 3027 1933 ἁμαρτίαν
3047 1880 3059 1893 ·
3103 1861 3339 1930 κέκραγε
3380 1858 3511 1926 γοῦν
3557 1858 3755 1935 τηλαυ-

2200 1954 2309 2021 γῶς
2352 1955 2613 2016 Ἡσαΐας·
2674 1950 2859 2018 Οὗτος
2891 1954 2995 2018 τὰς
3042 1952 3326 2021 ἁμαρτίας
3376 1948 3546 2019 ἡμῶν
3598 1947 3761 2021 φέρειν

2198 2045 2293 2098 καὶ
2315 2047 2444 2111 περὶ
2480 2044 2646 2111 ἡμῶν
2680 2043 2977 2099 ὀδυνᾶται.

2269 2136 2332 2205 β’.
2370 2136 2567 2189 Τούτου
2604 2137 2667 2206 δὴ
2707 2136 2797 2189 τοῦ
2834 2137 3093 2207 σωτηρίου
3128 2134 3363 2205 θύματος
3417 2131 3511 2185 τοῦ
3543 2130 3621 2201 τῷ
3647 2129 3759 2199 ἰδίῳ

2199 2232 2388 2301 αἵματι
2426 2230 2485 2282 τὸ
2540 2231 2752 2283 πάντων
2804 2229 3102 2299 ἀνθρώπων
3143 2225 3296 2294 γένος
3334 2222 3758 2292 ἀνασωσαμένου

2195 2324 2314 2384 ταῖς
2368 2321 2607 2387 λογικαῖς
2654 2319 2807 2391 σαρξὶ
2860 2319 3214 2390 τρεφόμενοι,
3268 2314 3551 2383 μαθήμασι
3605 2312 3761 2381 δηλα-

2196 2411 2257 2481 δὴ
2289 2412 2379 2462 καὶ
2406 2410 2580 2476 λόγοις
2604 2408 2870 2478 βασιλείας
2893 2404 3132 2476 οὐρανῶν
3156 2402 3619 2469 καταγγελτικοίς,
3660 2401 3759 2467 τὴν

2196 2501 2334 2554 κατά
2382 2500 2512 2553 Θεὸν
2562 2500 2781 2561 εἰκότως
2828 2497 3117 2568 τρυφῶμεν
3166 2494 3393 2563 τρυφήν.
3460 2490 3622 2543 Ἀλλά
3664 2490 3759 2540 καὶ

2197 2592 2371 2644 πίστει
2403 2590 2495 2643 τοῦ
2519 2592 2744 2660 αἵματος
2772 2587 2955 2649 αὑτοῦ,
2981 2588 3007 2639 ὂ
3027 2587 3088 2655 δὴ
3115 2585 3306 2654 λύτρον
3331 2582 3470 2652 ὑπὲρ
3498 2582 3598 2650 τῆς
3631 2583 3759 2651 ἡμε·

2194 2688 2358 2756 τέρας
2388 2685 2702 2738 ἀντιδέδωκε
2751 2682 3020 2752 σωτηρίας
3039 2719 3053 2742 ,
3083 2682 3208 2741 τοὺς
3237 2678 3414 2747 ψυχῆς
3470 2678 3648 2737 οἴκους
3691 2675 3759 2727 τὰ

2196 2776 2418 2845 σώματα
2442 2792 2649 2844 καταση
2660 2776 2987 2843 μαινόμενοι,
3018 2772 3123 2823 πᾶν
3149 2771 3304 2837 γένος
3336 2769 3603 2838 δαιμόνων
3636 2768 3757 2819 ἐτει-

2194 2866 2398 2918 6ούλων
2420 2865 2480 2928 ἐξ
2518 2864 2724 2917 ἑαυτῶν
2754 2862 3124 2930 ἀπελαύνομεν
3145 2876 3157 2887 ·
3193 2862 3289 2913 καὶ
3318 2860 3415 2929 τὴν
3448 2859 3557 2912 τῶν
3582 2856 3761 2911 διαϐαί-

2192 2958 2391 3027 τηρίων
2423 2958 2613 3027 ἑορτὴν
2655 2954 3040 3019 ἐπιτελοῦντες,
3094 2954 3383 3007 διαϐαίνειν
3450 2949 3759 3020 μελετῶμεν

2194 3046 2284 3098 ἐπὶ
2316 3045 2381 3097 τὰ
2414 3045 2552 3109 θεῖα,
2587 3045 2660 3107 ὼς
2690 3044 2853 3096 πάλαι
2877 3043 2975 3111 τῆς
3023 3041 3294 3109 Αἰγύπτου
3328 3037 3759 3109 μεταϐεϐηκότες

550 3127 749 3179 invium
773 3125 1039 3193 quoddam
1063 3126 1439 3192 desertumque
1468 3140 1496 3177 a
1521 3126 1701 3179 multis
1722 3126 1820 3179 iter
1844 3126 2091 3189 facimus,

2198 3136 2288 3186 ἐπὶ
2317 3136 2413 3199 τὴν
2442 3133 2663 3203 ἔρημον.
2695 3132 2874 3201 Ταύτῃ
2915 3131 3043 3198 γοῦν
3080 3130 3171 3182 καὶ
3198 3131 3358 3199 ἡμεῖς
3390 3125 3586 3197 ἀτριεῆ
3637 3141 3757 3181 τινα

553 3228 703 3270 vetus
727 3216 1009 3285 irreligiosi
1043 3217 1244 3271 erroris
1276 3215 1597 3269 fermentum
1626 3217 1801 3269 anima
1830 3216 2095 3285 expellen-

551 3323 652 3377 tes,
700 3324 934 3380 veraque
977 3310 1154 3376 intyba
1188 3324 1369 3363 amaro
1417 3317 1472 3363 et
1506 3310 1714 3362 insuavi
1762 3308 1903 3362 victu
1941 3308 2095 3363 simul

550 3411 899 3470 apponentes.
936 3399 1171 3467 Tempus
1218 3412 1434 3467 quoque
1464 3396 1820 3451 solemnitatis
1847 3406 2098 3466 opportu-

551 3508 674 3546 num
704 3498 809 3551 est,
838 3489 976 3542 haud
1012 3489 1063 3540 in
1106 3488 1337 3541 medium
1374 3488 1602 3541 hiemem
1639 3487 1937 3550 incurrens,
1979 3504 2097 3558 quas

549 3582 716 3637 tristis
776 3588 890 3645 est;
952 3594 1123 3647 neque
1172 3578 1406 3633 vicissim
1456 3580 1506 3630 in
1555 3579 1785 3631 mediam
1828 3589 2095 3643 aestatem,

548 3688 655 3741 quo
710 3682 950 3740 tempore
999 3670 1209 3725 fervens
1268 3669 1594 3733 solstitium,
1655 3671 1981 3722 vcrsantium
2042 3670 2093 3724 in

548 3766 693 3834 agris
722 3771 1054 3817 venustatem
1087 3762 1309 3823 deterit;
1351 3761 1509 3813 nimis
1551 3763 1675 3813 item
1723 3757 1940 3828 prolixae
1971 3772 2097 3817 sunt

551 3854 715 3917 bora‘,
777 3851 919 3905 haud
978 3852 1145 3918 aequis
1196 3851 1434 3918 partibus
1496 3851 1697 3904 divisas.
1756 3851 1859 3905 Sed
1926 3868 2096 3921 neque

551 3941 853 3997 autumnale
898 3943 1272 4008 aequinoctium
1313 3941 1603 4009 jucundum
1662 3954 1935 4009 aspectum
1984 3959 2095 4014 pra:

549 4048 608 4086 se
638 4031 779 4094 fert,
817 4032 1033 4084 viduato
1063 4046 1214 4098 agro,
1266 4041 1319 4084 et
1367 4032 1479 4084 suis
1530 4031 1788 4087 fructibus
1845 4045 2094 4103 tanquam

551 4122 673 4175 tiliis
734 4121 979 4189 spoliato.
1029 4121 1282 4189 Superest
1342 4138 1407 4176 ex
1454 4124 1537 4175 bis
1595 4126 1717 4178 anni
1772 4128 2096 4193 temporibus

546 4212 725 4266 laetum
758 4226 874 4276 ver,
914 4213 1053 4279 quod
1101 4211 1264 4265 totius
1312 4212 1459 4275 anni,
1503 4227 1597 4266 ccu
1647 4217 1890 4284 corporis
1937 4228 2097 4286 caput

545 4310 649 4365 est,
683 4316 804 4355 cum
846 4300 924 4355 sol
968 4303 1192 4369 primam
1244 4301 1400 4355 stadii
1455 4303 1536 4354 sui
1581 4314 1783 4370 partem
1836 4305 2092 4367 decurrit,

545 4395 671 4448 luna
710 4401 886 4446 autem
926 4394 1130 4462 pariter
1165 4392 1318 4461 pleno
1361 4393 1509 4448 orbis
1556 4395 1636 4447 sui
1687 4396 1885 4451 lmnine
1924 4399 2095 4452 noctis

545 4498 761 4537 cursum
794 4483 843 4535 in
870 4481 1101 4536 lucidum
1130 4482 1482 4534 transformat
1510 4484 1669 4537 diem.
1700 4487 1824 4549 Ver,
1856 4486 2095 4555 inquam,

546 4571 853 4626 hiemalium
910 4573 1265 4625 tonitruorum
1333 4572 1763 4629 terriculamenta
1828 4576 2094 4642 discutit,

546 4660 700 4729 longa
744 4659 1047 4729 (noctium)
1113 4663 1397 4715 interstitia
1434 4663 1591 4725 tollit,
1636 4680 1895 4732 aquarum
1926 4683 2097 4721 exun-

544 4751 786 4806 dationes
818 4751 1051 4804 cohibet.
1094 4749 1320 4821 Jamque
1368 4768 1502 4806 nova
1545 4754 1854 4820 splendente
1890 4758 2097 4810 sereni-

545 4850 673 4905 tate,
708 4842 992 4911 tranquilla
1030 4841 1158 4893 ﬁunt
1194 4844 1568 4911 navigantibus
1598 4847 1785 4908 maria,
1820 4849 2091 4914 sudusque

544 4947 636 4985 aer
663 4942 801 4985 terra
832 4935 932 4986 iter
960 4932 1301 4986 facientibus.
1333 4932 1595 5003 Regiones
1630 4936 1841 4990 interim
1872 4939 1923 4990 in
1948 4939 2091 5006 agris

539 5025 887 5093 gravidantnr
955 5025 1299 5089 seminibus,
1363 5034 1417 5079 et
1491 5026 1751 5081 fructibus
1824 5041 2091 5085 tumentes

542 5117 783 5173 arbores,
836 5113 929 5167 Dei
984 5115 1137 5167 donis
1186 5126 1493 5179 exornatae,
1547 5118 1793 5181 agricolis
1851 5120 2091 5176 laborum

540 5203 841 5255 mercedem
880 5202 930 5254 in
962 5201 1333 5257 benedictione
1358 5205 1612 5272 praebent.

2200 3226 2293 3278 καὶ
2326 3224 2419 3295 ἔρη
2431 3242 2526 3293 μον
2550 3226 2659 3286 τοῖς
2678 3223 2885 3284 πολλοῖς
2910 3220 3232 3289 πελλόμεθα
3258 3214 3759 3298 πορείανηπαλαιάν

2201 3314 2375 3385 ζύμην
2441 3315 2597 3366 ἀθέου
2651 3313 2854 3382 πλάνης
2923 3311 3020 3380 τῆς
3087 3311 3257 3379 αὐτῆς
3306 3309 3483 3379 ψυχῆς
3552 3307 3758 3377 ὲξόριον

2203 3405 2505 3474 ποιούμενοι
2526 3443 2539 3465 ,
2575 3405 2667 3456 καὶ
2700 3404 2797 3466 τὰς
2827 3401 3045 3471 ἀληθεῖς
3081 3401 3332 3471 πικρίδας
3380 3399 3468 3453 διὰ
3517 3399 3615 3468 τῆς
3665 3415 3756 3451 πι-

2201 3498 2335 3568 κρᾶς
2377 3495 2467 3547 καὶ
2512 3494 2760 3563 ἀλγεινῆς
2815 3493 3023 3562 διαίτης
3078 3491 3523 3563 προσφερόμενοι.
3572 3490 3680 3541 Kal.
3727 3490 3756 3541 ὁ

2201 3588 2383 3658 καιρὸς
2410 3587 2467 3641 δὲ
2495 3588 2591 3657 τῆς
2620 3587 2805 3657 ἑορτῆς
2838 3584 3088 3656 εὔκαιρος
3109 3624 3123 3647 ,
3155 3585 3253 3638 οὑκ
3283 3585 3339 3635 ὲν
3389 3582 3526 3652 μέσῃ
3554 3582 3758 3651 χειμῶ-

2200 3698 2286 3742 νος
2310 3680 2428 3749 ῶρᾳ
2461 3679 2808 3749 παρηγμένος
2828 3695 2841 3709 θ
2872 3677 3093 3743 στυγνὸς
3126 3676 3234 3745 γὰρ
3257 3668 3409 3737 οὗτος
3430 3691 3441 3703 °
3486 3672 3599 3726 ἀλλ’
3651 3671 3754 3724 οὐδ’

2200 3770 2255 3819 ἐν
2282 3767 2428 3836 μέσῳ
2459 3762 2604 3837 θέρει
2628 3764 2953 3834 κατάλληλος
2984 3760 3071 3835 ἦν,
3102 3764 3222 3823 καθ’
3250 3750 3306 3815 ὃν
3362 3765 3395 3832 ἡ
3443 3761 3616 3832 τροπὴ
3645 3759 3755 3827 (⁸24)

2201 3860 2619 3928 φλεγμαίνουσα,
2659 3858 2765 3911 τῶν
2818 3860 2936 3911 κατ’
2990 3857 3189 3929 ἀγροὺς
3247 3853 3610 3926 σχολαζόντων
3661 3870 3758 3903 πε-

2202 3951 2486 4019 ριαιρεῖται
2535 3947 2596 4000 τὸ
2659 3948 2880 4010 κάλλος·
2937 3946 3245 3999 πλεονεκτεῖ
3295 3944 3350 3997 δὲ
3387 3942 3479 3997 καὶ
3534 3940 3601 3993 τὰ
3648 3940 3756 3992 τῶν

2199 4039 2376 4111 ὡρῶν,
2410 4040 2509 4091 οὑκ
2541 4038 3033 4109 ἐπαμφοτερίζοντα
3052 4040 3117 4107 τῇ
3147 4034 3414 4105 ἰσομοιρίᾳ
3442 4032 3572 4102 (25)·
3630 4047 3759 4101 μετ-

2198 4130 2410 4201 οπώρου
2431 4130 2538 4200 γὰρ
2571 4129 2775 4200 τροπῆς
2808 4129 2907 4181 οὐκ
2957 4127 3254 4197 ἐπιτερπὴς
3282 4126 3315 4195 η
3347 4125 3462 4186 θέα,
3488 4121 3755 4195 χηρευού-

2202 4238 2300 4291 σης
2337 4222 2433 4289 μὲν
2466 4221 2560 4291 τῆς
2584 4218 2782 4290 χώρας,
2809 4219 2915 4271 τῶν
2959 4218 3004 4271 δ’
3038 4218 3246 4271 οἰκείων
3302 4216 3527 4287 καρπῶν
3577 4215 3653 4279 ὡς
3688 4214 3758 4267 ἂν

2198 4312 2400 4363 τέκνων
2440 4310 2897 4381 ἁπεστερημένης.
2931 4309 3070 4380 Ἔαρ
3124 4308 3188 4379 δὴ
3250 4306 3490 4359 λείπεται
3540 4306 3600 4359 τὸ
3632 4323 3760 4374 φαι-

2197 4402 2339 4471 δρὸν,
2369 4402 2395 4453 ὃ
2420 4401 2481 4469 δὴ
2502 4402 2593 4453 τοῦ
2621 4402 2816 4464 παντὸς
2844 4402 2991 4463 ἔτους
3030 4399 3237 4468 κεφαλή
3265 4415 3346 4461 τις
3377 4394 3464 4451 οἶα
3509 4397 3759 4466 σώματος

2130 4495 2172 4547 D
2202 4494 2430 4561 ἡγεῖται,
2468 4493 2615 4562 ἡλίου
2673 4492 2768 4561 μὲν
2812 4492 2875 4560 δὴ
2924 4492 3046 4562 ἄρτι
3078 4490 3138 4543 τὸ
3163 4490 3373 4562 πρῶτον
3400 4489 3592 4559 τμῆμα
3617 4488 3760 4542 διιπ-

2198 4583 2467 4645 πεύοντος,
2505 4583 2729 4653 σελήνης
2765 4582 2809 4634 δ’
2842 4585 2905 4635 ἐκ
2944 4582 3285 4651 παραλλήλου
3331 4581 3625 4649 πλησιφαεί
3677 4578 3758 4650 τῷ

2199 4674 2333 4741 φωτί
2354 4674 2451 4725 τὸν
2468 4674 2565 4742 τῆς
2593 4674 2781 4735 νυκτὸς
2806 4672 3002 4743 δρόμον
3028 4676 3103 4734 εἰς
3127 4672 3379 4742 λαμπρὰν
3416 4670 3759 4743 μεθαρμοζο-

2200 4767 2362 4837 μένης
2406 4767 2636 4837 ἡμέραν.
2695 4765 2864 4817 Τοῦτο
2910 4764 3022 4817 λύει
3066 4766 3163 4834 μὲν
3212 4764 3433 4817 κτύπων
3460 4763 3757 4833 χειμεριων

2198 4856 2436 4927 φόϐητρα
2462 4856 2594 4925 (26),
2615 4855 2727 4906 λύει
2750 4855 2805 4906 δε
2832 4852 3015 4925 μακρά
3036 4854 3393 4924 διαστήματα,
3421 4852 3767 4923 πλημμύραςΔ

2198 4942 2399 4995 ὑδάτων
2432 4940 2768 5010 μεταϐάλλει.
2810 4941 2947 5009 Ἤδη
2995 4941 3049 4992 δὲ
3095 4943 3294 5011 νεαρᾶς
3342 4939 3757 5009 ὲπιλαμπούσης

2199 5030 2429 5101 αἰθρίας,
2458 5031 2662 5101 γαλήνη
2693 5030 2788 5098 μὲν
2826 5034 2937 5093 τοῖς
2962 5030 3342 5083 θαλαττεύουσι
3377 5030 3661 5099 καθίστησι
3687 5029 3757 5082 τά

2200 5120 2427 5190 πελάγη,
2460 5121 2626 5173 εύδιον
2653 5120 2708 5173 δὲ
2734 5120 2867 5191 ἀέρα
2888 5124 2995 5185 τοῖς
3025 5121 3163 5176 κατὰ
3189 5122 3291 5191 γῆν
3334 5122 3630 5191 ὁδοιπόροις
3669 5124 3755 5174 ὲν-

2197 5211 2396 5265 δίδωσι.
2429 5212 2614 5283 Χῶραι
2642 5210 2685 5263 δ’
2715 5212 2771 5263 ὲν
2817 5211 2987 5283 τούτῳ
3034 5214 3153 5266 κατ’
3200 5213 3401 5282 ἀγροὺς
3456 5209 3756 5280 ἐγκύμονες

542 5293 885 5362 σπερμάτων,
920 5296 1012 5347 καὶ
1073 5296 1296 5364 καρπῶν
1348 5298 1670 5367 σπαργῶντα
1713 5302 1851 5367 φυτά
1892 5306 2000 5369 τοῖς
2029 5308 2091 5359 ὲκ
2129 5304 2260 5358 Θεοῦ
2326 5306 2515 5377 δώροις
2578 5305 2933 5377 ἀγαλλόμενα,
2971 5309 3231 5378 γεωργοῖς
3265 5311 3438 5359 πόνων
3462 5305 3562 5368 τάς
3595 5304 3757 5375 ἀμοι-

540 5386 637 5449 ϐὰς
665 5388 720 5439 ὲν
742 5388 1010 5456 εὐλογίαις
1036 5391 1277 5459 παρέχει.

612 5478 656 5508 ⁸⁸
693 5477 709 5529 l
740 5480 861 5532 Cor.
895 5496 951 5547 ι,
984 5483 1070 5535 ll.
1147 5485 1188 5514 ⁸¹
1222 5484 1239 5535 l
1270 5484 1394 5538 Cor.
1424 5499 1477 5547 ν,
1503 5484 1551 5537 7.
1629 5487 1671 5516 θ’
1693 5485 1842 5540 Joan.
1878 5490 2020 5554 t,29.

2197 5489 2282 5544 sai.
2310 5504 2421 5550 LIII,
2452 5486 2507 5539 4.

609 5571 718 5639 (2i)
737 5572 866 5647 Cod.
892 5575 1167 5629 evidenter
1184 5579 1376 5647 τροφή,
1404 5578 1687 5643 manifesto
1704 5590 1875 5635 tamen
1896 5584 2079 5638 IllCltth

539 5654 653 5712 pro‘
665 5646 832 5712 τροπή
842 5682 855 5695 .
1344 5646 1351 5647 “
2003 5687 2006 5690 .

608 5709 718 5776 (25)
760 5709 1012 5779 Loquitur
1045 5716 1339 5786 priscorum
1394 5731 1570 5780 more,
1615 5719 1752 5786 apud
1792 5735 1926 5786 quos
1960 5736 2082 5775 cum

538 5786 643 5832 tam
672 5790 856 5834 aestate
890 5796 1047 5840 quam
1092 5784 1266 5840 hieme
1308 5786 1421 5841 dies
1470 5784 1724 5842 duodenis
1765 5784 1911 5844 beris
1954 5805 2083 5844 con-

2196 5593 2340 5635 stare
2379 5581 2642 5642 dcberet,
2707 5579 2788 5632 hae
2833 5582 3141 5634 necessario
3202 5586 3385 5631 astate
3438 5578 3743 5646 longiores-

2192 5653 2365 5706 hieme
2396 5651 2667 5701 breviores
2693 5652 3162 5716 computabantnr.

2263 5719 2373 5788 (26)
2422 5717 2694 5791 Αέειιιοδίε
2740 5715 2881 5775 enim
2917 5720 2969 5774 itt
3014 5719 3318 5791 regionibus
3369 5718 3545 5774 bieme
3582 5715 3750 5772 etiam

2193 5793 2422 5843 tonitrua
2452 5788 2761 5843 audiuntur.
