4048 6488
271 495 371 542 097

1407 478 1497 534 DE
1536 474 2032 536 εοιειιΝιτΑτε
2071 472 2433 531 PASCllALl.

3438 463 3546 526 698

343 611 411 670 γ’.
445 597 613 667 Οὗτος
656 605 686 656 ό
719 603 818 673 τῆς
859 599 1050 671 ἑορτῆς
1106 598 1326 668 καιρὸς,
1386 597 1705 666 Αἰγυπτίοις
1761 596 1861 668 μὲν

2034 597 2090 653 5.
2146 595 2257 650 Hoc
2293 591 2654 649 solemnitatis
2702 599 2917 659 tempus
2971 585 3239 658 Egyptiis
3274 581 3549 659 quidem,

270 696 493 768 ὄλεθρον
521 698 634 758 τοῖς
664 693 930 765 δαιμόνων
981 690 1176 760 φίλοις,
1229 689 1505 761 Ἑϐραίοις
1554 689 1612 743 δὲ
1661 689 1854 760 ἑορτά-

272 788 427 853 ζουσι
487 788 566 859 τῷ
614 785 752 856 Θεῷ,
797 784 984 838 κακῶν
1042 782 1357 854 ἐλευθερίαν
1407 780 1726 852 προύξένει·
1767 774 1857 834 οὐ·

280 895 365 944 τος
393 875 632 950 (26’).ἦν
670 878 834 940 αὐτὸς
869 879 1096 939 ἐκεῖνος,
1122 876 1152 928 ό
1173 875 1236 945 δὴ
1269 873 1361 928 καὶ
1393 875 1485 927 ἐπὶ
1505 873 1604 943 τῆς
1633 871 1856 944 πρώτης

281 971 369 1026 τοῦ
404 973 599 1035 παντὸς
620 969 977 1040 κοσμογονίας
1025 965 1416 1039 τετηρημένος,
1443 955 1565 1018 κᾶθ’
1605 964 1666 1016 ὃν
1706 966 1739 1034 ἡ
1779 962 1855 1034 γῆ

283 1068 599 1135 ἐϐλάστησε,
625 1065 746 1120 καθ’
767 1065 826 1119 ὃν
850 1065 898 1117 οἰ
927 1063 1211 1133 φωστῆρες
1239 1060 1505 1128 ἐγένοντο,
1524 1058 1644 1111 καθ’
1672 1056 1730 1110 ὃν
1766 1056 1857 1109 οὐ-

283 1162 438 1230 ρανὸς
463 1159 553 1213 καί
568 1159 637 1228 γῆ
651 1157 1008 1228 παρήχθησαν
1027 1155 1119 1207 καὶ
1138 1153 1314 1206 πάντα
1336 1151 1404 1204 τὰ
1425 1153 1481 1204 ἐν
1494 1152 1697 1213 αὐτοῖς’
1717 1145 1857 1202 κατὰ

280 1250 463 1303 τοῦτον
485 1251 576 1302 καί
603 1251 630 1301 ὁ
648 1247 834 1318 Σοτὴρ
861 1245 956 1299 τοῦ
984 1244 1296 1314 σύμπαντος
1326 1242 1530 1312 κόσμου
1557 1239 1617 1294 τὸ
1651 1241 1748 1310 τῆς
1778 1241 1855 1293 οἰ-

279 1339 430 1402 κείας
451 1338 640 1409 ἐορτῆς
666 1336 938 1402 ἐξετέλεσε
959 1335 1274 1406 μυστήριον,
1303 1333 1396 1387 καί
1413 1332 1512 1403 τὴν
1532 1329 1856 1401 οἰκουμένην

282 1433 433 1503 μηδ
459 1433 630 1503 μέγας
658 1431 899 1501 φωστὴρ,
921 1427 1199 1492 εὐσεϐείας
1220 1429 1415 1494 αὐγαῖς
1439 1423 1855 1496 κατελάμπρυνε

281 1523 373 1576 καὶ
390 1521 453 1593 δὴ
468 1521 735 1590 γενέθλιον
756 1520 958 1589 κόσμου
976 1518 1004 1569 ὁ
1019 1516 1208 1586 καιρὸς
1229 1515 1508 1586 περιέχειν
1523 1513 1684 1566 ἔοικε.
1700 1511 1858 1566 Κατὰ

276 1613 463 1668 τοῦτον
492 1613 549 1666 δέ
586 1612 678 1666 τὸν
706 1611 896 1683 καιρὸν
921 1611 1016 1664 καὶ
1039 1609 1207 1672 τύπος
1238 1608 1486 1666 ἐτελεῖτο,
1516 1605 1579 1659 τὸ
1627 1603 1858 1659 παλαιὸν

277 1704 489 1774 Πάσχα,
513 1703 541 1755 ὃ
575 1705 666 1756 καὶ
697 1701 1042 1772 διαϐατήριον
1065 1698 1279 1770 εἴρηται
1305 1714 1320 1729 ο
1362 1695 1498 1750 ἀλλὰ
1525 1697 1621 1749 καὶ
1649 1694 1856 1765 προϐά-

276 1814 369 1849 του
400 1795 614 1865 σφαγῆς
642 1792 908 1864 σύμϐολον
933 1792 1126 1862 ἔφερεν
1150 1807 1161 1816 ·
1202 1789 1336 1842 ἀλλὰ
1361 1788 1456 1842 καὶ⁴
1489 1783 1698 1858 τροφῆς
1730 1783 1859 1850 ἀζύ-

281 1903 396 1956 μων
422 1885 600 1956 ἄρτων
631 1883 872 1953 ᾐνίττετο
902 1880 1105 1934 εἰκόνα.
1130 1879 1314 1932 Ταῦτα
1336 1877 1394 1930 δὲ
1425 1876 1518 1929 ἐπὶ
1540 1875 1637 1938 τὴν
1683 1874 1860 1950 σωτήι-

1958 698 2145 758 utpote
2183 687 2491 740 daemonum
2515 683 2736 745 amicis,
2764 679 3038 742 exitium;
3073 677 3316 737 Hebraeis
3360 692 3542 738 autem
3569 741 3579 754 ,ε

1957 783 2128 836 Deum
2163 779 2301 835 festo
2326 779 2435 831 ritu
2465 773 2891 836 celebrantibus,
2913 772 3178 826 malorum
3207 772 3369 828 linem
3403 783 3542 829 attu-

1955 873 2034 928 lit.
2069 871 2183 927 Hoc
2225 870 2367 925 idem
2401 877 2523 924 erat
2555 867 2681 920 anni
2715 876 2952 935 tempus,
2995 861 3138 932 quod
3172 863 3226 918 in
3271 864 3545 935 primitiva

1953 966 2120 1020 etiam
2158 962 2393 1018 universi
2431 960 2708 1015 creatione
2755 955 3109 1020 decurrebat,
3151 971 3261 1025 quo
3306 965 3548 1027 tempore

1958 1067 2104 1112 terra
2153 1053 2495 1125 germinavit,
2544 1060 2600 1105 et
2661 1048 2952 1102 luminaria
3007 1047 3335 1102 exstiterunt
3381 1065 3396 1102 :
3440 1063 3550 1117 quo

1956 1157 2203 1215 tempore
2231 1143 2449 1207 ccelum,
2485 1152 2664 1207 terra,
2705 1147 2761 1194 et
2797 1139 2982 1192 omnia
3018 1153 3142 1208 quae
3179 1139 3233 1192 in
3273 1141 3354 1196 eis
3389 1150 3546 1209 sunt,

1956 1237 2216 1308 producta
2255 1234 2498 1288 luerunt.
2531 1231 2643 1287 lloc
2671 1232 2788 1301 ipso
2821 1240 3066 1299 tempore
3099 1230 3336 1285 universi
3362 1231 3546 1287 mundi

1958 1329 2217 1385 Servator
2247 1324 2609 1380 solemnitatis
2636 1338 2747 1378 suae
2779 1322 3098 1392 mysterium
3125 1323 3355 1394 peregit;
3387 1331 3551 1394 atque

1957 1421 2143 1476 orbem
2175 1428 2444 1472 terrarum
2483 1415 2751 1470 luminare
2791 1428 3044 1479 magnum
3078 1428 3222 1469 vera:
3271 1414 3552 1486 religionis

1958 1511 2340 1583 splendorihus
2369 1507 2696 1574 illustravit,
2729 1505 3030 1574 mundique
3079 1505 3262 1561 natale
3290 1509 3553 1563 reducere

1956 1605 2132 1660 visum
2166 1611 2271 1658 est.
2324 1600 2436 1655 lloe
2470 1609 2716 1668 tempore
2753 1597 2924 1668 ﬁgura
2960 1597 3364 1666 perﬁciebatur,
3396 1610 3554 1656 vetus

1959 1696 2213 1751 nimirum
2243 1692 2452 1746 Pascha
2481 1705 2577 1745 seu
2613 1689 2878 1744 transitus
2915 1706 2928 1742 :
2964 1689 3186 1760 insuper
3216 1691 3382 1744 etiam
3413 1705 3556 1762 sym-

1958 1785 2141 1841 bolum
2171 1798 2323 1838 etesse
2347 1782 2465 1838 ovis
2498 1781 2696 1843 liebat;
2722 1779 2958 1850 denique
2996 1781 3173 1851 azymi
3206 1783 3362 1850 panis
3405 1796 3554 1846 esus,

1959 1876 2212 1945 imaginis
2240 1873 2522 1942 cujusdam
2560 1873 2735 1925 instar
2761 1881 2899 1925 erat.
2937 1871 3068 1937 Quae
3110 1873 3293 1927 omnia
3324 1873 3376 1927 in
3428 1873 3556 1928 Ser-

281 1993 395 2048 ριον
425 1976 615 2048 ἑορτὴν
662 1974 876 2027 ἅπαντα
913 1968 1349 2041 συνεπληροῦτο’
1380 1967 1440 2021 τό
1461 1983 1519 2019 τε
1558 1964 1666 2035 γὰρ
1717 1964 1852 2034 πρό-

1971 1973 2158 2026 ratoris
2209 1969 2557 2025 solemnitate
2611 1966 2882 2034 completa
2947 1975 3099 2022 sunt.
3157 1963 3406 2036 Namque
3465 1966 3554 2021 illa

278 2065 438 2118 ϐατον
463 2063 623 2126 αὐτὸς
652 2057 722 2133 ἦν
756 2060 877 2114 καθ’
915 2060 943 2113 δ
985 2059 1292 2130 περιέκειτο
1320 2057 1502 2129 σῶμα.
1540 2055 1709 2117 Αὐτὸς
1760 2052 1855 2107 καὶ

277 2157 428 2225 ἥλιος
455 2157 820 2226 δικαιοσύνης,
853 2153 1011 2225 ἔαρος
1041 2153 1177 2222 δῆτα
1221 2151 1365 2204 θείού
1429 2149 1522 2202 καὶ
1580 2147 1852 2220 σωτηρίου

278 2249 486 2321 τροπῆς
517 2248 625 2302 ἀπὸ
653 2247 910 2317 χειρόνων
940 2246 1032 2298 ἐπὶ
1063 2243 1131 2297 τὰ
1158 2245 1390 2314 κρείττω
1413 2239 1503 2293 τὸν
1528 2238 1636 2292 τῶν
1653 2235 1858 2307 ἀνθρώ-

281 2359 398 2395 πων
431 2341 542 2411 βίον
591 2337 969 2408 διαλαϐούσης.
996 2335 1312 2404 Αἰγυπτίων
1342 2333 1438 2404 μὲν
1465 2330 1712 2400 δαίμοσιν
1746 2329 1857 2380 εἰσ-

280 2437 360 2488 έτι
385 2435 478 2488 καὶ
518 2433 612 2486 νῦν
631 2431 876 2500 θεήλατοι
919 2430 1180 2502 μάστιγες
1223 2424 1690 2493 καταπέμπονται,
1735 2419 1856 2473 λαοὶ

279 2525 338 2577 δὲ
371 2522 641 2594 πανταχοῦ
670 2523 775 2593 γῆς
802 2521 1076 2582 οἰκοῦντες
1109 2518 1208 2588 τὴν
1240 2515 1388 2584 σφῶν
1413 2512 1722 2583 ἐλευθερίαν
1758 2508 1856 2579 τὴν

284 2620 348 2670 ἐκ
371 2617 469 2687 τῆς
517 2612 886 2678 πολυπλανοῦς
906 2612 1195 2687 ἀθεότητος
1228 2606 1486 2679 ἐορτάζου
1497 2623 1566 2657 σι.
1594 2604 1713 2656 Τῶν
1736 2602 1860 2654 λαο-

284 2705 500 2758 πλανῶν
527 2705 583 2757 δέ
625 2703 949 2773 πνευμάτων
1001 2698 1366 2768 πεπαυμένων
1385 2739 1400 2757 ,
1458 2695 1552 2748 καὶ
1595 2692 1861 2766 χειμῶνος

288 2797 491 2861 κακῶν,
522 2794 722 2849 καινῶν
757 2792 984 2863 καρπῶν
1028 2791 1256 2861 εὐφορία
1277 2788 1549 2860 διαφόροις
1591 2786 1864 2856 χαρίσμα-

288 2905 370 2942 σιν
401 2887 555 2956 ἁγίου
573 2885 890 2956 Πνεύματος
911 2883 1010 2955 τὴν
1062 2883 1386 2953 Ἐκκλησίαν
1427 2880 1520 2933 τοῦ
1553 2879 1689 2932 Θεοῦ
1744 2894 1866 2930 στε-

286 2979 471 3050 φανοτ’
503 2979 597 3032 καὶ
624 2976 810 3040 ἁπλῶς
843 2977 950 3030 πᾶν
979 2975 1133 3044 γένος
1159 2972 1464 3044 ἀνθρώπων
1511 2970 1603 3023 ἐπὶ
1629 2971 1691 3022 τὸ
1724 2969 1864 3040 ήμέ-

284 3087 440 3141 τερον
467 3068 863 3140 μεταϐέϐληται
883 3082 896 3095 ”
926 3065 1100 3136 χῶραι
1126 3065 1183 3118 δὲ
1207 3066 1401 3126 πᾶσαι,
1425 3062 1561 3133 πρὸς
1582 3061 1676 3114 τοῦ
1695 3077 1870 3130 γεωρ-

285 3161 385 3231 γοῦ
440 3160 607 3228 Λόγου
651 3159 750 3230 τῆς
780 3158 918 3212 κατὰ
970 3157 1148 3228 ψυχὴν
1197 3155 1472 3227 γεωργίας
1493 3153 1772 3222 τυχοῦσαι,
1801 3151 1869 3204 τὰ

285 3254 462 3325 ὡραῖα
500 3253 598 3324 τῆς
641 3250 842 3322 ἀρετῆς
882 3248 1016 3319 ἄνθη
1049 3248 1479 3319 βεϐλαστήκασιν
1505 3263 1520 3277 ο
1577 3244 1714 3299 ἀλλὰ
1775 3243 1869 3296 καί⁵

286 3324 396 3399 τῶν
417 3345 513 3399 τοῦ
560 3344 784 3405 σκότους
822 3341 1007 3395 κακῶν
1054 3340 1512 3411 ἠλευθερωμένοι,
1573 3335 1750 3408 φωτὸς
1803 3335 1863 3389 ἐν
1889 3324 1932 3380 C

287 3439 468 3511 ἡμέρα
495 3437 630 3491 Θεοῦ
655 3435 908 3506 γνώσεως
945 3433 1381 3504 κατηξιώθημεν.

365 3533 427 3585 δ’.
443 3528 678 3583 Τοιαῦτα
708 3527 778 3580 τὰ
796 3526 955 3580 καινὰ
975 3524 1272 3596 μαθήματα
1297 3523 1463 3578 πάλαι
1483 3523 1580 3595 μὲν
1607 3524 1693 3578 διὰ
1727 3541 1866 3595 νυμ-

288 3623 458 3677 δόλων
500 3619 925 3690 ἐπεσκιασμένα,
979 3617 1173 3672 νεωστὶ
1223 3617 1279 3670 δὲ
1309 3618 1390 3679 εἰς
1421 3616 1536 3685 φῶς
1596 3618 1869 3670 ἀνακεκα-

289 3714 558 3784 λυμμένα.
591 3714 700 3766 Καὶ
726 3713 790 3783 δὴ
819 3711 916 3765 καὶ⁵
942 3712 1106 3781 ἡμεῖς
1125 3708 1186 3762 τὸ
1222 3707 1514 3777 κεφάλαιον
1551 3709 1652 3778 τῆς
1676 3708 1870 3779 ἑορτῆς

291 3807 504 3860 κύκλων
537 3805 949 3878 (28)⁶περιόδοις
972 3803 1091 3856 καθ’
1108 3803 1337 3856 ἕκαστον
1354 3803 1472 3865 ἔτος
1485 3801 1872 3874 ἀναζωπυροῦ-

297 3915 415 3967 μεν,
434 3897 706 3968 προὲορτα
746 3895 844 3966 μὲν
877 3895 1337 3966 προπαραπευῆς
1357 3894 1520 3948 ἕνεκα
1539 3895 1637 3965 τὴν
1671 3910 1872 3948 τεσσα-

295 3989 527 4064 ρακονθή
537 4007 600 4060 με
609 4006 699 4060 ρον
714 3989 944 4058 ἄσκησιν
962 3986 1181 4058 παραλα
1188 3987 1480 4056 μϐάνοντες
1498 3985 1640 4038 κατὰ
1659 3985 1750 4039 τὸν
1765 3984 1873 4038 τῶν

296 4083 466 4150 ἁγίων
500 4081 658 4151 ζῆλον
690 4079 965 4142 Μωῦσέως
995 4078 1090 4133 καὶ
1130 4078 1330 4143 Ἡλίου,
1361 4079 1459 4148 τὴν
1480 4077 1535 4130 δὲ
1565 4079 1757 4149 ἐορτὴν
1779 4076 1875 4130 αὐ-

295 4177 395 4244 τὴν
416 4177 496 4238 εἰς
527 4174 756 4243 άληστον
795 4170 967 4226 αἰῶνα
996 4169 1397 4241 ἀνανεούμενοί.
1428 4168 1538 4240 Τὴν
1574 4168 1704 4238 γοῦν
1738 4167 1876 4239 πρὸς

199 4273 202 4275 “
297 4269 389 4322 τὸν
441 4265 572 4319 Θεὸν
607 4263 831 4336 πορείαν
880 4261 1248 4332 στελλόμενοι,
1291 4260 1391 4324 τὰς
1444 4261 1543 4330 μὲν
1585 4259 1756 4330 ὀσφῦς
1813 4255 1874 4314 εὖ

303 4359 448 4431 μάλα
480 4357 665 4427 δεσμῷ
726 4354 1078 4426 σωφροσύνης
1120 4352 1506 4424 περιδούμεθα,
1559 4351 1629 4406 τὰ
1675 4352 1731 4406 δὲ
1780 4352 1879 4424 τῆς

296 4451 476 4520 ψυχῆς
527 4446 830 4518 βαδίσματα
865 4447 924 4498 ἐν
955 4443 1224 4515 άαφαλεία
1271 4444 1652 4513 φυλάττοντες,
1690 4443 1880 4517 ὥσπερ

301 4545 361 4596 ἐν
389 4542 692 4612 ὑποδήμασι
744 4539 809 4610 δὴ
855 4539 945 4592 τὸν
977 4539 1176 4610 δρόμον
1223 4537 1323 4607 τῆς
1352 4537 1601 4608 οὐρανίου
1637 4537 1882 4608 κλήσεως

1956 2065 2096 2129 ovis,
2155 2063 2271 2125 ipse
2324 2071 2462 2123 erat,
2509 2069 2782 2129 quatenus
2843 2072 3046 2128 corpus
3107 2057 3555 2126 circumpositum

1958 2155 2215 2210 habebat.
2246 2154 2365 2222 Ipse
2399 2151 2565 2206 etiam
2593 2150 2675 2203 sol
2696 2148 2924 2216 justitia:
2950 2191 2966 2215 ,
3003 2163 3130 2203 cum
3160 2149 3272 2218 jam
3303 2164 3398 2202 ver
3421 2150 3558 2204 divi-

1961 2264 2044 2302 me
2072 2247 2436 2314 salutarisque
2467 2242 2851 2299 conversionis
2879 2256 2911 2295 a
2947 2241 3314 2296 deterioribus
3356 2242 3410 2295 in
3437 2257 3556 2296 me-

1960 2341 2119 2402 liora,
2159 2338 2438 2392 hominum
2485 2333 2730 2390 moribus
2773 2334 3113 2403 supervenit.
3176 2331 3556 2405 (Egyptiorum

1961 2432 2149 2499 utique
2187 2429 2525 2483 daemonibus
2583 2440 2731 2480 nunc
2763 2426 2929 2479 etiam
2972 2424 3146 2495 plagae
3173 2426 3553 2493 imponuntur,

1962 2523 2144 2593 pepuli
2171 2522 2371 2591 ubique
2404 2530 2676 2574 terrarum
2714 2517 3019 2572 incolentes
3048 2516 3361 2572 libertatem
3403 2531 3557 2571 suam

1963 2631 1991 2668 a
2044 2613 2367 2668 multiformi
2427 2610 2850 2679 irreligiositatis
2882 2622 3073 2663 errore
3127 2609 3374 2664 hilariter
3415 2609 3561 2665 cele-

1963 2708 2143 2762 brant.
2215 2705 2555 2773 Compressis
2598 2716 2730 2772 ergo
2784 2699 3170 2769 deceptorihus
3236 2701 3555 2770 populorum

1964 2799 2247 2870 spiritibus
2287 2806 2341 2850 et
2390 2795 2656 2850 malorum
2713 2793 2915 2854 hieme,
2966 2807 3227 2847 novorum
3279 2792 3556 2847 fructuum

1967 2892 2183 2943 ubertas
2205 2887 2371 2941 variis
2414 2887 2589 2941 sancti
2639 2886 2882 2955 Spiritus
2924 2884 3082 2938 donis
3120 2884 3213 2939 Dei
3254 2883 3558 2939 Ecclesiam

1967 2989 2234 3046 exornat;
2291 2988 2456 3048 atque
2509 2985 2572 3031 ut
2625 2977 2940 3032 summatim
2993 2975 3197 3040 dicam,
3244 2976 3558 3031 universum

1970 3073 2252 3128 hominum
2302 3085 2474 3139 genus
2528 3069 2596 3124 ad
2660 3077 2846 3136 partes
2922 3077 3142 3123 nostras
3224 3067 3558 3125 transilivit;

1970 3173 2180 3220 cuncta:
2212 3164 2464 3235 regiones
2488 3177 2519 3216 a
2557 3161 2737 3216 Verbo
2765 3159 3004 3230 agricola
3050 3161 3246 3214 anima:
3292 3159 3560 3213 culturam

1972 3267 2231 3328 expertae,
2256 3255 2516 3327 pulchros
2541 3255 2764 3309 virtutis
2787 3253 2950 3308 ﬂores
2975 3251 3351 3324 germinarunt
3386 3268 3402 3306 :
3437 3266 3564 3306 nos-
3619 3296 3625 3301 .

1967 3366 2071 3420 que
2121 3349 2359 3404 tenebris
2417 3350 2686 3403 malorum
2749 3346 2959 3414 erepti,
3019 3345 3140 3400 luce
3191 3345 3336 3414 digni
3391 3344 3562 3400 habiti

1969 3443 2169 3497 fuimus
2191 3457 2295 3510 qua
2330 3440 2418 3496 die
2453 3439 2545 3494 Dei
2581 3437 2834 3493 notitiam
2866 3438 3165 3492 hausimus.

2039 3533 2090 3587 4.
2125 3531 2248 3587 Haec
2287 3540 2415 3585 sunt
2440 3544 2575 3585 nova
2609 3528 2961 3596 documenta,
2997 3528 3125 3583 olim
3165 3527 3384 3597 quidem
3417 3541 3563 3600 sym-

1969 3623 2106 3680 bolis
2130 3624 2474 3686 obumbrata,
2503 3635 2674 3690 nuper
2705 3631 2886 3675 autem
2915 3621 2967 3674 in
2998 3620 3174 3675 lucem
3211 3619 3561 3675 manifestam

1971 3715 2200 3785 prolata.
2231 3714 2297 3769 Et
2336 3714 2552 3783 quidem
2593 3727 2696 3766 nos
2717 3711 2880 3766 etiam
2920 3712 3134 3766 initium
3172 3711 3332 3780 hujus
3371 3712 3564 3766 solem-

1974 3809 2159 3865 nitatis
2209 3807 2482 3879 cyclorum
2529 3806 2768 3878 periodis
2807 3805 3034 3874 singulis
3084 3805 3242 3860 annis
3286 3806 3563 3860 instaura-

1976 3919 2137 3971 mus;
2173 3915 2298 3959 aute
2346 3903 2545 3958 festum
2599 3901 2840 3972 quidem,
2893 3903 3305 3972 przeparationis
3357 3917 3563 3967 causa,

1976 3997 2296 4067 quadragesi
2307 3996 2444 4049 male
2463 3996 2788 4050 exercitium
2807 4003 3174 4060 assumentes,
3188 4003 3407 4050 sanctos
3425 3993 3563 4066 Moy'

1976 4103 2089 4142 sem
2125 4095 2179 4140 et
2209 4084 2416 4140 Heliam
2453 4084 2748 4149 imitantes,
2781 4084 2954 4153 ipsum
2987 4097 3116 4139 vero
3139 4083 3334 4138 festum
3355 4097 3452 4154 per
3483 4083 3564 4137 in-

1977 4177 2238 4233 cessabile
2269 4191 2441 4232 aevum
2495 4184 2821 4248 repetentes.
2880 4174 3021 4244 Ergo
3060 4175 3256 4230 itinere
3284 4174 3353 4229 ad
3396 4174 3563 4228 Deum

1978 4280 2251 4342 suscepto,
2286 4270 2500 4325 lumbos
2543 4269 2788 4339 apprime
2833 4269 3219 4346 temperantia:
3260 4283 3395 4323 zona
3430 4284 3566 4338 pra:-

1979 4353 2513 4433 cingimusfanimae
2559 4375 2692 4416 vero
2751 4357 2976 4431 gressus
3027 4367 3184 4416 caute
3237 4360 3566 4426 munientes,

1983 4465 2242 4523 tanquam
2270 4453 2494 4508 caloeati
2529 4451 2774 4509 ctelestis
2801 4451 3107 4508 vocationis
3150 4465 3370 4506 cursum
3416 4450 3570 4504 insti-

1985 4546 2190 4601 tuimus
2220 4560 2234 4598 :
2267 4546 2530 4615 virgaque
2579 4543 2747 4598 divini
2796 4542 2974 4608 verbi,
3025 4558 3135 4597 non
3191 4543 3309 4597 sine
3347 4555 3566 4614 precum

303 4633 813 4705 παρασκευάζομεν·
847 4630 1116 4702 βακτηρίᾳ
1154 4629 1212 4682 δὲ
1245 4629 1405 4697 λόγου
1438 4627 1584 4681 θείου
1615 4631 1674 4682 ἐν
1707 4629 1869 4698 εὐχῶι

1985 4640 2207 4702 virtute,
2253 4638 2321 4692 ad
2369 4635 2710 4704 repellendos
2748 4638 2936 4692 hostes
2982 4645 3230 4700 utentes,
3262 4650 3384 4689 cum
3418 4635 3568 4689 omni

299 4727 527 4797 δυνάμει
574 4726 709 4796 πρὸς
765 4726 975 4794 ἄμυναν
1017 4720 1226 4793 ἐχθρῶν
1274 4719 1568 4792 χρώμενοι,
1599 4721 1696 4775 σύν
1732 4721 1882 4794 πάσῃ

304 4818 582 4892 προθυμίᾳ
608 4817 952 4888 διαϐαίνομεν
973 4817 1071 4886 τὴν
1088 4817 1166 4879 εἰς
1180 4815 1446 4884 οὐρανοὺς
1469 4814 1738 4886 φέρουσαν
1763 4815 1881 4868 διά-

303 4912 483 4972 ϐασιν,
517 4907 831 4970 σπεύδοντες
858 4907 965 4960 ἀπὸ
989 4905 1096 4960 τῶν
1129 4905 1256 4977 τῇδε
1291 4905 1385 4958 ἐπὶ
1413 4904 1481 4957 τὰ
1507 4905 1751 4976 οὐράνια,
1786 4905 1882 4959 καὶ

301 5002 414 5056 ἀπὸ
432 5000 576 5070 ζωῆς
604 4999 805 5072 θνητῆς
828 4999 919 5052 ἐπὶ
951 4999 1050 5070 τὴν
1083 4998 1369 5052 ἀθάνατον·
1401 4995 1544 5050 οὕτω
1573 4997 1684 5068 γὰρ
1710 4997 1882 5051 διαδέ-

307 5093 454 5158 ξεται
501 5092 647 5162 ἡμᾶς
675 5090 921 5144 ἐντεῦθεν
961 5091 1029 5144 τὰ
1070 5090 1397 5161 διαϐατήρια
1446 5085 1505 5142 εὖ
1563 5091 1657 5142 καὶ
1705 5089 1885 5154 καλῶς

302 5182 697 5252 διαϐεϐηκότας
740 5182 872 5253 ἄλλη
920 5199 1004 5246 τις
1039 5182 1240 5253 μείζων
1287 5184 1468 5254 ἑορτή·
1505 5183 1884 5255 Πεντηκοστὴν

303 5277 477 5345 αὐτὴν
510 5274 737 5346 ἐπίκλην
771 5274 1035 5347 Ἑϐραίων
1065 5274 1253 5338 παῖδες
1297 5273 1673 5344 ὀνομάζουσιν,
1701 5274 1886 5329 εἰκόνα

313 5368 587 5428 φέρουσαν
630 5367 727 5436 τῆς
775 5366 883 5421 τῶν
927 5365 1172 5437 οὐρανῶν
1224 5365 1516 5434 βασιλείας.
1552 5366 1715 5434 Λέγει
1757 5366 1888 5437 γοῦν

387 5463 435 5494 ⁸⁸
461 5463 619 5517 Deut.
645 5478 755 5526 xvi,
783 5463 839 5520 9.

382 5551 518 5622 (26⁸)
541 5554 839 5620 Sequenles
869 5551 1118 5607 versiculi
1147 5553 1394 5608 undecim
1423 5569 1592 5622 usque
1614 5556 1678 5608 ad
1703 5555 1763 5609 τὸ
1788 5574 1888 5610 πα-

305 5623 736 5694 λαιὺνίνΠάσχα,
782 5625 1017 5694 citantur
1065 5639 1131 5677 ea;
1195 5623 1422 5678 Eusebio
1456 5624 1544 5686 lDe
1600 5623 1880 5694 Paschate,

313 5693 581 5768 Εὐσεϐμίου
608 5693 734 5764 περί
759 5693 852 5768 τοῦ
887 5693 1099 5768 ῌάσχα,
1128 5695 1292 5747 etiam
1328 5694 1631 5768 ablacario
1649 5695 1885 5768 Chryso-

309 5764 539 5832 c-cphalo
569 5764 621 5817 in
660 5763 755 5817 sua
805 5763 1005 5816 inedita
1057 5774 1246 5818 catena
1285 5765 1406 5820 cod.
1436 5765 1496 5818 Ε.
1535 5764 1574 5819 f.
1608 5765 1698 5830 95,
1738 5763 1793 5830 li,
1829 5779 1884 5822 et

311 5833 529 5900 quidem
554 5847 661 5886 non
690 5832 805 5886 sine
840 5833 1033 5904 verbis,
1062 5833 1221 5900 paulo
1251 5834 1498 5904 pluribus
1521 5850 1681 5902 quam
1726 5851 1756 5890 a
1790 5837 1882 5890 Ni-

310 5912 468 5972 ceta;
510 5904 857 5976 quamobrem
890 5917 956 5959 ex
999 5903 1230 5961 Eusebio
1256 5903 1440 5976 potius
1477 5906 1594 5978 ipso
1622 5921 1782 5976 quam
1814 5922 1882 5964 ex

1987 4730 2269 4785 alacritate
2301 4729 2369 4784 ad
2420 4728 2686 4784 ferentem
2725 4730 2777 4783 in
2821 4729 2991 4784 caelos
3035 4727 3361 4794 transitum,
3387 4726 3456 4780 ab
3485 4725 3572 4782 his

1987 4821 2188 4876 inlimis
2211 4821 2277 4876 ad
2305 4835 2564 4890 superna,
2597 4835 2628 4875 a
2667 4819 2882 4875 mortali
2926 4819 3036 4873 vita
3066 4818 3135 4873 ad
3191 4817 3571 4872 immortalita-

1990 4921 2097 4967 tem
2125 4926 2504 4982 pr0peramus.
2525 4911 2618 4967 Sic
2644 4913 2788 4968 enim
2817 4920 3041 4981 peracto
3062 4909 3292 4966 feliciter
3314 4909 3568 4973 transitu,

1987 5005 2157 5071 major
2181 5003 2284 5058 alia
2310 5005 2543 5074 excipiet
2562 5019 2660 5061 nos
2673 5004 3187 5074 solemnitas(quam
3213 5003 3569 5060 Pentecosten

1989 5097 2219 5152 Hebraei
2245 5095 2551 5167 nominant)
2590 5096 2740 5166 regni
2761 5096 3024 5153 cmlorum
3053 5095 3347 5165 imaginem
3380 5109 3492 5164 pra:
3513 5108 3572 5148 se

1988 5187 2191 5242 ferens.
2221 5185 2312 5240 Ait
2346 5185 2531 5254 itaque
2567 5185 2780 5255 Moyses
2816 5182 2944 5240 :Ex
2970 5201 3075 5254 quo
3118 5184 3307 5255 falcem
3341 5185 3397 5237 in
3440 5200 3573 5238 mes-

1986 5296 2095 5335 sem
2122 5278 2349 5342 miseris,
2376 5279 2679 5333 numerabis
2713 5280 2808 5332 tibi
2836 5289 3026 5349 septeni
3070 5279 3446 5345 hebdomadas,
3478 5294 3570 5332 no-

1993 5389 2186 5442 vosque
2215 5388 2377 5442 partes
2421 5388 2489 5427 ea:
2522 5388 2654 5426 nova
2676 5387 2843 5426 messe
2868 5387 3126 5441 propone:
3160 5380 3282 5425 ante
3308 5369 3477 5426 Deum
3501 5371 3568 5423 “.

1996 5555 2180 5609 Niceta
2207 5554 2453 5609 hausisse
2482 5553 2694 5607 videtur
2716 5551 3004 5610 Macarius.

2065 5623 2357 5696 (τωρωι.
2388 5623 2759 5696 τὴνίὺφηλιον.

2065 5690 2165 5764 (28⁷
2181 5690 2198 5765 ί
2216 5692 2356 5765 Dicit
2396 5690 2622 5765 cjclum'
2653 5692 3003 5765 paschalem',
3036 5691 3335 5761 cuiusmodi
3389 5690 3573 5765 plures

1994 5765 2048 5819 in
2078 5763 2332 5832 antiquis
2360 5763 2727 5818 monumentis
2760 5773 2868 5817 tam
2900 5764 3121 5834 scriptis
3150 5776 3312 5834 quam
3342 5763 3572 5834 sculptis

1991 5831 2736 5906 exstant.Yidcsislnscript.
2762 5835 2882 5890 chr.
2917 5831 3057 5904 apud
3093 5849 3216 5900 nos.
3244 5831 3439 5904 διῆρε.
3472 5842 3569 5888 cet.

1993 5915 2030 5962 t.
2075 5905 2140 5968 γ.
2176 5920 2228 5968 p.
2260 5903 2328 5960 70
2354 5912 2410 5962 et
2439 5903 2563 5960 472.
