4048 6400
586 529 937 602 Signidcabat
955 540 1150 599 nempe
1192 527 1509 602 prophetica
1545 528 1645 582 bac
1674 526 1842 597 ﬁgura
1876 541 1972 596 per
2012 540 2148 581 mes-

2254 524 2514 595 Μωῦσῆςο
2573 523 2750 591 ‘Am

585 637 699 679 um
730 620 945 691 quide
979 621 1317 676 vocationem
1347 618 1609 690 gentium.
1632 632 1728 688 per
1757 630 1924 672 novos
1958 631 2145 687 panes,

585 713 792 765 animas
817 707 1017 765 Christi
1046 708 1253 765 meritis
1272 697 1639 771 oblatas-Deo,
1678 705 2057 776 ecclesiasque
2079 720 2147 761 ex

583 801 815 857 ethnicis
839 799 1117 863 «innatas.
1147 814 1372 869 quarum
1418 810 1581 852 causa
1626 795 1918 850 maximum
1948 795 2145 851 festum

584 892 728 959 apud
757 891 1045 961 benignum
1075 890 1237 944 Deum
1272 888 1349 943 lit.
1375 886 1616 955 Namque
1642 885 1995 941 rationalibus
2017 901 2147 957 apo-

584 982 841 1037 stolomm
874 980 1101 1036 falcibus
1129 978 1383 1042 demessi,
1418 979 1630 1032 cunctis
1656 976 1853 1045 ubique
1878 988 2144 1031 terrarum

584 1070 833 1128 ecclesiis
889 1079 1144 1139 tanquam
1193 1069 1247 1123 in
1281 1084 1406 1123 area
1461 1066 1716 1136 globatim
1770 1068 2143 1136 congregatis,

583 1161 835 1221 concordi
867 1160 989 1217 lidei
1026 1160 1293 1216 sententia
1340 1158 1647 1228 eorpurati,
1677 1156 1791 1210 sale
1836 1158 2142 1213 divinarum

585 1252 950 1309 doctrinarum
992 1263 1057 1303 ac
1086 1248 1483 1317 disciplinarum
1514 1247 1735 1311 conditi,
1765 1261 1902 1313 aqua
1931 1257 1987 1299 et
2024 1247 2145 1318 igne

584 1339 759 1395 sancti
815 1336 1047 1408 Spiritus
1102 1336 1418 1407 regenerati,
1468 1350 1635 1404 panes
1673 1335 1880 1392 escaies
1915 1334 2143 1405 iucundi

584 1428 831 1498 gratique
862 1427 973 1484 Deo
1002 1442 1098 1498 per
1120 1425 1393 1482 Christum
1426 1424 1722 1481 olerimur.

1250 399 1519 458 EUSEBII
1557 399 2028 458 CESARIENSIS
2063 399 2148 458 0P

2255 400 2435 459 PARS
2467 398 2558 455 IV.
2606 427 2674 442 —
2709 388 3131 452 DOGIA'HCA.

2958 532 3076 571 σου
3110 512 3411 584 δρέπανον
3448 512 3541 567 ἐπ’
3574 513 3827 584 ἄμητον.

2250 616 2400 669 ἑπτὰ
2430 612 2764 682 ἑϐδομάδας
2807 607 3157 679 ἀριθμήσας
3201 604 3457 671 σεαυτῷ,
3501 606 3599 659 και
3648 608 3831 673 γόους

2250 703 2470 771 ἄρτους
2493 702 2561 756 ἐκ
2577 702 2733 755 νέων
2745 698 2988 769 ἀμήτων
3004 693 3375 765 παραθήσεις
3399 694 3479 761 τῷ
3502 693 3644 761 Θεῷ.
3668 695 3828 770 Ἐδή-

2247 794 2340 847 λου
2365 794 2421 847 δὲ
2449 791 2561 858 ἀρα
2601 787 2925 863 προφητικῷ
2948 786 3104 856 τύπῳ
3128 786 3340 857 ἄμητον
3382 787 3483 857 μιν
3509 785 3619 840 τῶν
3654 785 3829 841 ἑθνῶν

2247 885 2349 956 τὴν
2387 882 2602 953 κλῆσιν,
2633 882 2787 945 νὲους
2804 881 2862 935 δὲ
2894 880 3091 951 dm:
3114 876 3215 941 τὰς
3235 878 3325 932 διὰ
3344 875 3579 951 Χριστοῦ
3606 876 3685 947 τῷ
3709 874 3830 946 θεῷ

2249 974 2755 1047 προσενηνεγμένας
2778 970 2975 1042 ψυχάς,
2996 970 3095 1033 τάς
3118 984 3179 1022 τε
3202 968 3262 1034 ἑξ
3284 968 3453 1023 ἑθνῶν
3512 967 3826 1038 ἑκκλησίας,

2248 1066 2334 1135 ἐφ’
2365 1061 2454 1129 αῖς
2498 1064 2662 1136 ἑορτὴ
2711 1063 2943 1134 μεγίστη
2976 1061 3056 1134 τῷ
3089 1059 3457 1132 φιλανθρώπῳ
3492 1060 3617 1131 Θιῷ
3642 1075 3827 1115 συνει-

2244 1156 2435 1211 λεῐται·
2483 1154 2534 1208 οἳ
2577 1156 2699 1219 ταῖς
2736 1154 2844 1207 τῶν
2889 1153 3200 1209 ἀποστόλων
3235 1152 3481 1220 λογικαῑς
3521 1152 3823 1224 δρεπάναις

2245 1245 2604 1317 θερισθὲντες,
2649 1246 2743 1298 καὶ
2780 1243 2968 1317 ὥσπερ
2994 1245 3074 1307 είς
3103 1242 3248 1307 ἄλως
3266 1242 3365 1307 τὰς
3392 1242 3699 1312 ἁπανταχοῦ
3724 1242 3828 1312 γῆς

2244 1336 2570 1407 Ἐκκλησίας
2603 1334 2955 1405 συναχθέντες
2990 1336 3079 1405 ὑφ’
3109 1334 3188 1399 ἑν,
3214 1333 3480 1405 όμοφὼνῳ
3502 1351 3563 1389 τε
3593 1334 3830 1389 διαθέσει

2244 1428 2481 1491 πίστεως
2518 1425 3075 1497 ωματοποιηθὲντες.
3110 1426 3207 1481 καὶ
3236 1426 3360 1479 ἀλσὶ
3406 1429 3519 1490 τοῖς
3554 1425 3664 1480 ἀπὺ
3717 1425 3829 1479 τῶν

584 1519 744 1576 θείων
770 1520 942 1590 λόγων
993 1518 1303 1591 μαθήμασιν
1334 1502 1736 1589 ἑξαρτυθέντες,
1768 1519 1835 1573 δι’
1873 1518 2065 1583 ὕδατός
2096 1535 2156 1573 τε
2192 1519 2287 1573 καὶ
2336 1522 2508 1591 πυρὸς
2550 1520 2706 1589 ἁγίου
2770 1519 3085 1591 Πνεύματος
3146 1517 3621 1589 ἀναγεννηθὲντες,
3675 1517 3829 1589 ἄρτοι

584 1615 843 1685 τρόφιμοι
874 1616 1158 1685 προσηνεῖς
1189 1615 1282 1666 καὶ
1305 1614 1524 1684 άρεστοὶ
1556 1612 1635 1684 τῷ
1662 1612 1780 1684 Θεῷ
1801 1614 1892 1667 διὰ
1917 1612 2152 1686 Χριστοῦ
2191 1613 2634 1686 προσφερόμεθα.

656 1705 829 1761 5.Sic
851 1719 979 1775 ergo
1027 1702 1359 1773 propheticis
1389 1703 1585 1772 Moysis
1629 1706 1886 1776 symbolis
1932 1706 1985 1761 iu
2031 1719 2141 1761 rem

2313 1712 2385 1761 c'.
2417 1706 2599 1777 Ταύτῃ
2637 1721 2714 1775 πη
2745 1703 2855 1757 τῶν
2880 1703 3029 1775 παρὰ
3062 1703 3288 1757 Μωυσεῖ
3310 1700 3666 1773 προφητικῶν
3694 1717 3830 1771 συμ-

586 1811 769 1852 veram
804 1795 1074 1851 sanctiore
1119 1792 1311 1850 eﬂectu
1345 1794 1572 1859 collatis,
1612 1796 1873 1851 lzetiorem
1918 1812 2018 1851 nos
2061 1812 2149 1852 so-

587 1885 924 1941 lemnitatem
973 1898 1133 1953 agere
1187 1883 1483 1938 traditione
1524 1885 1833 1951 didicimus,
1890 1901 1989 1942 ceu
2036 1886 2147 1955 jam

584 1987 706 2027 cum
764 1971 1057 2029 Scrutare
1104 1982 1292 2027 nostro
1344 1972 1665 2038 coailunati-,
1709 1968 1934 2043 ejusque
1988 1988 2150 2042 regno

585 2062 847 2118 fruentes.
872 2060 1164 2132 Propterea
1188 2061 1336 2116 nullo
1355 2061 1510 2115 nobis
1527 2061 1711 2117 labore
1728 2067 1964 2117 ascetico
1983 2063 2149 2117 atteri

586 2154 725 2207 intra
776 2151 878 2207 hoc
909 2150 1103 2207 festum
1139 2152 1473 2216 conceditur,
1510 2153 1605 2207 sed
1656 2164 1885 2223 sperata
1910 2153 1962 2208 in
1989 2152 2151 2209 cmlis

585 2243 781 2312 quietis
820 2242 1104 2311 imaginem
1144 2244 1406 2299 exhibere
1468 2242 1743 2298 docemur.
1769 2246 1949 2311 Quare
1973 2260 2070 2301 nec
2094 2246 2146 2300 in

586 2332 837 2404 precibus
901 2346 1045 2401 genu
1104 2332 1395 2399 ﬂectimus,
1440 2349 1615 2404 neque
1667 2334 1773 2389 cibi
1822 2336 2149 2390 abstinentia

587 2430 798 2478 uosmet
833 2421 1142 2495 alliigimus.
1178 2424 1389 2480 Etenim
1432 2442 1549 2491 eos,
1595 2427 1790 2495 quibus
1821 2428 1874 2480 in
1914 2427 2023 2482 Deo
2068 2443 2152 2483 re-

586 2510 842 2581 surgeudi
874 2511 1048 2582 gratia
1072 2512 1314 2580 fuit,jam
1343 2530 1447 2569 non
1476 2514 1634 2570 decet
1661 2518 1836 2571 denuo
1858 2517 2004 2571 humi
2028 2532 2150 2583 pro-

593 2602 855 2658 cumbere
884 2616 901 2667 ;
930 2615 1050 2666 nec,
1079 2603 1421 2671 passionilius
1456 2604 1729 2667 libentes.
1762 2607 1912 2675 paria
1944 2606 2149 2675 perpeti

590 2707 711 2748 cuin
766 2692 1049 2761 mancipiis
1082 2694 1456 2763 cupiditatum.
1506 2695 1866 2761 Quamobrem
1895 2706 2017 2767 post
2043 2697 2148 2751 Pa-

589 2783 721 2839 scha
753 2782 1109 2839 Peniecosten
1150 2794 1355 2853 septem
1389 2786 1737 2842 hebdomadis
1764 2788 1983 2858 integris
2002 2788 2147 2844 cele-

591 2869 811 2925 bramus
841 2888 857 2937 ;
893 2871 1032 2926 sirm
1085 2871 1339 2940 praevium
1374 2870 1620 2928 Pascbttti
1672 2884 1883 2942 tempus
1919 2877 2151 2946 quadra-

590 2959 862 3029 gesimalis
891 2960 1131 3015 exercitii
1197 2975 1291 3015 sex
1336 2962 1687 3019 hebdomadis
1720 2965 1947 3019 viriliter
1986 2966 2150 3022 susti-

589 3050 825 3106 nuimus.
877 3049 1013 3106 Nam
1061 3053 1307 3108 senarius
1357 3068 1611 3108 numerus
1667 3065 1943 3123 actuosus,
1970 3067 2030 3111 ut
2073 3058 2146 3111 ita

589 3140 787 3205 dicam,
813 3148 899 3196 est
925 3148 982 3196 et
1012 3138 1219 3195 eﬂicas.
1257 3140 1382 3195 ideo
1426 3150 1481 3195 et
1519 3157 1614 3197 ses
1667 3142 1856 3197 diebus
1900 3143 2146 3198 universa

591 3229 734 3285 Deus
774 3230 1078 3286 condidisse
1122 3232 1342 3286 dicitur.
1394 3229 1691 3287 Laboribus
1736 3242 1913 3288 autem
1964 3234 2015 3288 in
2057 3235 2146 3289 illa

595 3321 840 3375 toleratis
890 3321 1086 3376 merito
1141 3324 1395 3377 succedet
1444 3324 1676 3378 secunda
1724 3324 2041 3381 solemnitas
2093 3327 2145 3380 in

590 3418 800 3475 septem
850 3409 1219 3474 hebdomadis.
1246 3412 1600 3483 multiplicata
1633 3414 1789 3469 nobis
1812 3417 2019 3485 requie.
2049 3431 2145 3471 cu-

586 3498 677 3569 jus
697 3498 999 3569 symbolum
1022 3502 1358 3570 septenarius
1395 3518 1654 3559 numerus
1682 3514 1784 3559 est.
1817 3504 1935 3560 Non
1966 3516 2144 3561 tamen

590 3598 659 3641 ex
704 3586 789 3641 bis
836 3596 1043 3656 septem
1084 3588 1435 3664 hebdomadis
1474 3590 1819 3648 Pcntecostes
1858 3608 1953 3648 seu
1987 3596 2148 3665 quin-

589 3677 952 3746 quagenarius
995 3691 1253 3734 numerus
1287 3679 1617 3736 adamussim
1664 3681 1993 3749 coniicitur;
2022 3699 2144 3739 nam

592 3776 860 3836 postrema
912 3766 1204 3824 excedente
1259 3771 1520 3835 monade,
1557 3772 1611 3826 in
1662 3772 1763 3845 bac
1808 3774 2145 3831 solemnissi-

594 3870 741 3910 mum
771 3854 973 3912 Christi
1002 3858 1340 3921 asuudentis
1382 3859 1524 3914 diem
1567 3860 1929 3930 obsignamus.
1954 3864 2146 3921 Merito

593 3944 760 4015 igitur
795 3954 1001 4002 sancta
1024 3946 1374 4005 Pentecoste‘s
1416 3947 1606 4005 diebus
1641 3951 1873 4007 futuram
1906 3956 2144 4025 requiem

594 4044 1064 4103 repraesentantes,
1095 4037 1231 4093 lctis
1256 4039 1452 4093 animis
1480 4055 1691 4107 sumus,
1728 4043 1994 4114 simulque
2021 4057 2143 4099 cor-

593 4125 713 4193 pori
766 4124 997 4194 quietem
1046 4126 1400 4197 indulgemus,
1444 4132 1599 4200 quasi
1644 4147 1765 4187 cum
1797 4132 2008 4204 Sponso
2032 4136 2144 4206 jam

592 4227 891 4279 venemur.
922 4215 1149 4287 ideoque
1177 4219 1331 4287 nobis
1352 4218 1602 4289 ieiunare
1644 4238 1749 4279 non
1791 4224 1968 4281 liceat.
2088 4231 2093 4236 '

661 4304 716 4361 6.
741 4304 848 4363 Sed
898 4315 1075 4366 tamen
1112 4311 1257 4380 quod
1294 4315 1436 4367 sacri
1474 4316 1820 4385 evangelista
1848 4317 2148 4378 Scrutaris

593 4396 896 4467 passionem
932 4398 1075 4454 circa
1131 4379 1250 4457 dies
1279 4416 1594 4472 azymorum
1617 4379 1843 4462 'Judaici
1875 4406 2152 4469 Paschalis
2184 4379 2227 4435 θ

592 4485 887 4554 contigisse
910 4497 1151 4552 narrent.
1188 4505 1347 4546 nemo
1377 4493 1661 4549 dubitabit.
1684 4494 1807 4553 Haec
1826 4499 1970 4553 enim
1992 4516 2152 4556 causa

594 4578 771 4635 fuerat
816 4579 952 4649 legis
989 4595 1019 4636 a
1063 4580 1247 4653 Moyse
1295 4582 1437 4650 latis,
1469 4598 1587 4653 quc
1628 4584 1827 4641 dicitur
1863 4589 2150 4656 paschalis.

592 4668 731 4726 Nam
762 4673 886 4743 quia
918 4672 1105 4743 Agnus
1146 4671 1284 4739 Dei,
1316 4684 1567 4744 tanquam
1593 4676 1746 4741 ovis,
1795 4681 1862 4733 ab
1891 4679 2022 4749 ipsis
2052 4679 2150 4735 Ju-

594 4763 723 4819 dais
768 4764 832 4819 sd
877 4764 1076 4820 caulem
1127 4765 1397 4821 ducendus
1444 4776 1579 4831 erat,
1606 4782 1765 4837 quam
1801 4769 1870 4823 ob
1900 4785 2147 4825 commu-

2248 1794 2421 1849 δόλων
2453 1797 2534 1861 είς
2574 1796 2710 1866 ιργα
2752 1796 3097 1865 σεμνοτέροις
3125 1795 3241 1871 τοῖς
3279 1792 3682 1862 ἀποτελέσμασι
3722 1809 3830 1861 χω-

2250 1887 2503 1958 ρούντων,
2532 1885 2683 1940 αὐτοί
2712 1902 2777 1955 γε
2810 1886 2914 1956 μὴν
2937 1886 3035 1956 τὴν
3064 1884 3257 1955 ἑορτὴν
3286 1882 3649 1953 φαιδροτέραν
3676 1881 3833 1949 ἄγειν

2250 1976 2684 2049 παρειλήφαμεν,
2718 1975 2793 2039 ὡς
2846 1974 2912 2028 ἂν
2942 1975 3021 2046 τῷ
3075 1974 3288 2045 Σωτῆρι
3342 1972 3833 2044 συναγηγερμὲνοι,

2248 2067 2345 2119 καὶ
2370 2067 2469 2136 τῆς
2492 2064 2657 2118 αὑτοῦ
2684 2064 2955 2134 βασιλείας
2986 2062 3368 2126 ἀπολαύοντες.
3400 2062 3492 2114 Διὸ
3521 2062 3707 2114 ούκὲτι
3735 2076 3837 2112 m-

2249 2155 2457 2209 νεῖσθαι
2488 2155 2627 2209 κατὰ
2647 2154 2805 2225 τήνδε
2827 2153 2925 2223 τὴν
2948 2152 3140 2222 ἑορτὴν
3168 2149 3617 2221 συγχωρούμεθα,
3646 2148 3750 2218 τῆς
3784 2147 3835 2200 δ’

2249 2245 2611 2316 ἐλπιζομένης
2638 2248 2696 2300 ἑν
2726 2244 2973 2316 οὐρανοῖς
2999 2241 3361 2304 ἀναπαύσεως
3392 2241 3491 2309 τὴν
3521 2238 3708 2292 εἰκόνα
3737 2238 3834 2307 φέ-

2252 2353 2364 2409 ρειν
2391 2336 2769 2405 διδασκόμεθα·
2801 2334 2923 2388 ὅθεν
2953 2333 3062 2387 οὐδ’
3099 2333 3159 2386 ἑν
3195 2334 3315 2395 ταῖς
3342 2332 3525 2401 εὐχαῖς
3553 2329 3683 2397 γόνυ
3716 2329 3834 2381 ιιλί⁴

2249 2445 2431 2497 νομεν,
2482 2426 2592 2481 οὐδ’
2630 2427 2866 2489 ἀσιτίαις
2919 2423 3389 2494 καταπονούμεθα·
3424 2424 3549 2483 τοὺς
3581 2420 3689 2490 γάρ
3727 2420 3829 2488 τῆς

2249 2519 2391 2573 κατά
2418 2516 2551 2571 Θεὸν
2583 2518 2931 2581 ἀναστάσεως
2978 2516 3309 2587 ἠξιωμένους
3339 2513 3515 2567 οὐκέτ’
3544 2508 3699 2575 αὖθις
3718 2506 3835 2564 οἷόν

2248 2625 2308 2661 τε
2332 2608 2424 2661 ἑπὶ
2460 2609 2563 2678 γῆς
2587 2608 2823 2662 πίπτεινο
2856 2608 2979 2662 οὐδὲ
3008 2609 3133 2671 τοὺς
3160 2606 3267 2660 τῶν
3305 2604 3495 2659 παθῶν
3523 2601 3835 2674 ἠλευθερω-

2252 2698 2444 2769 μένους
2472 2698 2541 2751 τά
2576 2700 2665 2753 ῐσα
2698 2699 2928 2769 πάσχειν
2961 2702 3073 2761 τοῖς
3100 2695 3673 2766 καταδεδουλωμένοις.
3740 2694 3835 2748 me

2251 2788 2386 2858 μετά
2413 2789 2474 2841 τὺ
2503 2788 2693 2859 Πάσχα
2720 2788 2821 2860 τὴν
2846 2787 3224 2859 Πεντηκοστὴν
3251 2789 3310 2840 ἑν
3355 2785 3646 2857 ἑϐδομάσιν
3687 2785 3835 2869 ἑπτά

2245 2878 2478 2942 τελείαις
2511 2878 2859 2950 ἑορτάζομεν,
2882 2878 2974 2931 τὸν
3008 2877 3108 2948 μὲν
3135 2876 3398 2948 πρότερον
3414 2875 3585 2929 αίῶνα
3598 2875 3696 2945 τῆς
3724 2876 3835 2946 πρὸ

2247 2970 2343 3023 τοῦ
2386 2969 2577 3039 Πάσχα
2626 2968 3202 3041 τεσσαρακονθημὲρου
3244 2967 3630 3038 συνασκήσεως
3668 2967 3728 3019 ἑν
3768 2966 3835 3033 ἓξ

2176 3036 2223 3097 c
2254 3036 2547 3129 ἑδδομάσιν
2598 3036 3308 3131 άνδρισάμεωισίπρακτικὴ
3334 3056 3443 3128 γὰρ
3559 3056 3686 3122 ἑξὰς
3736 3057 3837 3111 καὶ

2252 3152 2601 3221 ἑνεργητική·
2623 3151 2703 3204 διὸ
2728 3152 2819 3204 καὶ
2848 3151 2909 3203 ἑν
2937 3147 2996 3213 ἒξ
3022 3148 3257 3221 ἡμέραις
3274 3151 3304 3203 ό
3327 3148 3460 3212 Θεὸς
3475 3149 3835 3220 πεποιηκέναι

2253 3241 2474 3309 λέγεται
2499 3241 2568 3294 τά
2596 3240 2905 3311 σύμπαντα.
2936 3240 3075 3303 Τοὺς
3099 3239 3144 3294 δ’
3169 3241 3229 3293 ἑν
3260 3240 3443 3312 ἑκείνῃ
3474 3240 3835 3303 πόνουςηείκό-

2250 3332 2415 3401 τωςή
2447 3331 2673 3400 δευτέρα
2718 3331 2877 3401 ἑορτὴ
2910 3330 2969 3383 ἑν
3008 3330 3300 3400 ἑϐδομάσιν
3333 3330 3475 3387 ἑπτά
3512 3329 3836 3395 διαδέξεται,

2252 3419 2830 3490 πολυπλασιαζομένης
2884 3422 3015 3491 ἡμῖν
3064 3420 3167 3490 τῆς
3210 3420 3588 3484 ἀναπαύσεως,
3639 3416 3709 3493 ἧς
3762 3420 3839 3476 τὰ

2252 3511 2497 3583 σύμϐολα
2543 3514 2577 3583 ἡ
2629 3512 2861 3581 ἑϐδομὰς
2900 3513 3187 3584 σημαίνειν
3232 3512 3397 3566 θέλει.
3450 3512 3526 3567 Ού
3582 3513 3691 3584 μὴν
3732 3514 3830 3567 ἑπὶ

2249 3602 2503 3666 ταύταςό
2530 3603 2629 3673 τῆς
2678 3602 3060 3673 Πεντηκοστῆς
3110 3602 3341 3674 ἀριθμὸς
3392 3604 3627 3657 ἵσταταιο
3661 3606 3837 3675 ὕπερ-

2251 3692 2536 3757 ἀκοντίσας
2588 3692 2769 3756 δὲτὰς
2802 3693 2942 3746 ἑπτὰ
2983 3692 3302 3763 ἑϐδομάδας,
3351 3693 3541 3765 μονάδι
3578 3696 3645 3765 τῇ
3691 3696 3838 3765 μετά

2250 3783 2449 3847 ταύτας
2483 3784 2689 3856 ὑστάτῃ
2733 3782 2831 3854 τὴν
2871 3783 3163 3855 πανὲορτον
3195 3784 3410 3855 ἡμέραν
3449 3784 3550 3853 τῆς
3594 3786 3835 3855 Χριστοῦ

2249 3874 2562 3946 ἀναλήψεως
2588 3871 3059 3944 ἑπισφραγίζεται.
3091 3874 3332 3938 Εἰκότως
3352 3875 3463 3946 ἀρα
3492 3876 3553 3927 ἑν
3575 3880 3697 3940 ταῖς
3724 3876 3835 3947 τῆς

2252 3967 2411 4035 ἀγίας
2440 3965 2817 4036 Πεντηκοστῆς
2844 3966 3073 4037 ἡμέραις
3092 3965 3189 4037 τὴν
3210 3965 3503 4038 μὲλλουσαν
3524 3967 3835 4022 ἀνάπαυσιν

2250 4057 2660 4128 διαγράφοντες,
2693 4058 2793 4123 τὰς
2831 4059 3009 4130 ψυχὰς
3062 4058 3393 4130 γαννύμεθα,
3442 4062 3536 4115 καὶ
3575 4061 3639 4115 τὸ
3669 4062 3836 4135 σῶμα

2250 4149 2671 4219 διαναπαύομεν,
2699 4149 2774 4213 ὡς
2807 4150 2874 4204 ἀν
2888 4150 3037 4221 αὐτῷ
3061 4150 3305 4215 συνόντες
3335 4151 3435 4223 ήδη
3466 4152 3547 4223 τῷ
3570 4152 3832 4226 Νυμφίῳ,

2251 4240 2348 4292 καὶ
2384 4238 2665 4310 νηστεύειν
2698 4239 2774 4312 μὴ
2795 4239 3099 4313 δυνάμενοι.
3326 4294 3332 4299 .

2326 4338 2401 4395 ς’.
2454 4330 2603 4402 Πλὴν
2628 4332 2712 4386 δτι
2739 4334 2789 4385 οί
2843 4334 2975 4404 ἱεροὶ
3030 4332 3431 4402 εὐαγγελισταὶ.
3458 4334 3521 4387 τὺ
3565 4337 3835 4408 σωτήριον

2256 4420 2428 4484 πάθος
2450 4421 2591 4476 κατὰ
2631 4422 2731 4487 τάς
2774 4424 2985 4495 ⁴ἡμέρας
3010 4424 3105 4477 τοῦ
3153 4423 3441 4478 Ἰουδαϊκοῦ
3474 4426 3669 4497 Πάσχα
3725 4428 3836 4481 τῶν

2253 4511 2478 4581 ἀζύμων
2528 4512 2819 4584 ἱστόρησαν
2851 4513 3155 4582 γεγονέναι,
3196 4513 3373 4577 οὐδεὶς
3399 4513 3467 4568 ἀν
3506 4516 3834 4586 άμφιδάλοιο

2251 4600 2409 4655 τοῦτο
2427 4595 2535 4673 γάρ
2562 4598 2629 4674 ἦν
2659 4603 2755 4656 τοῦ
2792 4604 2961 4674 νόμου
2990 4603 3085 4657 τοῦ
3124 4606 3274 4676 παρά
3304 4607 3528 4660 Μωῡσεῖ
3550 4612 3681 4679 περὶ
3736 4610 3833 4663 τοῦ

2250 4692 2440 4763 Πάσχα
2485 4690 2776 4765 λεγομένου
2819 4694 3009 4748 αἴτιον.
3082 4696 3298 4767 Ἐπειδὴ
3343 4698 3453 4769 γάρ
3514 4698 3740 4769 ἔμελλεν
3802 4706 3834 4757 ό

2260 4784 2451 4854 Ἀμνὸς
2491 4784 2585 4839 τοῦ
2610 4785 2744 4839 Θεοῦ
2791 4785 2868 4849 ὡς
2905 4786 3171 4858 πρόϐατον
3222 4789 3314 4842 ἐπὶ
3349 4791 3564 4861 σφαγὴν
3596 4792 3831 4860 ἀγεσθαι

594 4868 715 4908 nem
763 4853 1037 4910 hominum
1088 4855 1314 4911 salutem
1370 4872 1624 4925 passurus
1670 4869 1808 4923 erat,
1855 4860 1994 4916 baud
2043 4863 2148 4917 alio

2248 4853 2376 4947 παρ’
2396 4877 2576 4940 αὐτοῖς
2621 4876 2912 4940 Ἰουδαίοις,
2946 4853 3040 4931 οιαὶ
3081 4879 3237 4932 τοῦτο
3269 4853 3498 4952 πάσχειν
3519 4853 3674 4955 ’ὑπὲρ
3717 4887 3824 4956 τῆς

593 4958 751 5013 quam
775 4944 1028 5013 praedicto
1056 4952 1319 5015 tempore,
1349 4943 1489 5001 Deus
1528 4946 1759 5002 futuram
1793 4966 1906 5005 rem
1928 4955 2150 5007 demon-

594 5033 832 5088 strativis
872 5035 1131 5105 symbolis
1163 5050 1568 5104 prmoccupaus,
1609 5039 1698 5094 illo
1731 5042 1847 5111 ipso
1887 5052 2145 5113 tempore,

595 5125 736 5192 quod
778 5124 1140 5181 volventibus
1169 5141 1433 5182 annorum
1478 5131 1755 5196 periodis,
1798 5150 2147 5191 occursurum

595 5222 730 5273 erat.
762 5216 1094 5271 materialem
1125 5219 1193 5273 ab
1241 5217 1441 5275 Iudaeis
1483 5236 1678 5290 agnum
1717 5224 1981 5282 immolari
2021 5244 2151 5297 pra:-

597 5305 738 5372 cepit
773 5320 788 5358 :
828 5306 986 5375 idque
1015 5308 1082 5363 ab
1108 5310 1187 5365 eis
1224 5311 1453 5377 singulis
1500 5314 1657 5367 annis
1692 5316 1990 5372 factitatum
2028 5318 2149 5387 fuit,

598 5393 765 5449 donec
822 5397 1084 5465 completa
1133 5402 1333 5456 veritas
1371 5412 1581 5459 veteres
1612 5405 1886 5477 imagines
1914 5411 2147 5464 circum-

597 5486 831 5553 scripsit.
870 5488 1222 5555 Quamobrem
1257 5510 1323 5549 ex
1368 5494 1459 5547 illo
1495 5507 1739 5566 tempore
1781 5500 1917 5567 apud
1966 5512 2151 5572 gentes

597 5578 810 5642 quidem
842 5595 967 5635 vera
1004 5586 1380 5653 mysteriorum
1416 5599 1595 5642 manet
1625 5590 1977 5658 soletur-itas;
2009 5596 2146 5661 apud

598 5661 813 5721 Judaeos
840 5680 1012 5726 autem
1041 5688 1106 5727 ne
1133 5675 1369 5744 ipsorum
1394 5679 1608 5745 quidem
1642 5680 2003 5747 symbolurum
2033 5700 2145 5736 me-

600 5758 768 5811 moria
792 5771 1051 5828 suucrest.
1069 5776 1249 5832 erepto
1268 5768 1331 5823 iis
1364 5769 1478 5824 loco
1506 5771 1592 5825 ubi
1615 5770 1733 5826 festi
1756 5772 1911 5826 ritum
1934 5790 2149 5845 perage-

2249 4966 2430 5037 κοινῆς
2479 4966 2695 5019 πάντων
2746 4966 3046 5036 ἀνθρωπων
3096 4972 3389 5041 σωτηρίας,
3417 4972 3514 5025 οὐκ
3546 4973 3733 5028 ἄλλοτε
3792 4979 3826 5047 ἢ

2249 5056 2387 5107 κατὰ
2422 5055 2513 5107 τὸν
2532 5053 2859 5124 δηλούμενον
2889 5058 3101 5127 καιρὸν,
3150 5059 3436 5129 προλαϐὼν
3460 5061 3522 5114 τὸ
3555 5062 3747 5132 μέλλον
3798 5067 3830 5118 ό

2248 5145 2378 5208 Θεὸς
2410 5144 2497 5197 διὰ
2525 5146 2805 5216 συμδόλων
2832 5148 3133 5212 είκονικῶς,
3160 5153 3280 5202 κατ’
3310 5153 3471 5204 αὑτὸν
3504 5155 3713 5209 ἐκεῖνον
3735 5157 3829 5210 τὸν

2253 5236 2511 5306 μέλλοντά
2551 5254 2679 5290 ποτε
2732 5237 2872 5290 κατὰ
2898 5240 3102 5310 χρόνων
3136 5244 3414 5312 περιόδους
3438 5246 3827 5316 ἐπιστήσεσθαι

2248 5326 2456 5396 καιρὸν,
2510 5328 2678 5396 ἀμνὸν
2748 5331 2895 5401 παρά
2963 5331 3232 5395 Ἰουδαίοις
3298 5335 3556 5405 αἰσθητὸν
3603 5339 3827 5391 ἐκέλευε

2250 5418 2486 5472 θύεσθαι·
2514 5419 2606 5472 καὶ
2636 5420 2791 5473 τοῦτο
2814 5422 2993 5486 αὐτοῖς
3023 5426 3141 5477 κατ’
3167 5426 3410 5477 ἐνιαυτὸν
3446 5428 3699 5491 ἐτελεῖτο,
3722 5430 3826 5493 ἕως

2251 5509 2283 5578 ἠ
2316 5508 2541 5579 ἀλήθεια
2572 5510 3047 5581 ἁποπληρωθεῖσα,
3081 5513 3179 5576 τὰς
3220 5516 3452 5578 παλαιάς
3482 5518 3697 5581 εἰκόνας
3729 5536 3823 5570 7::-

2254 5599 2561 5670 ριέγραψεν.
2594 5601 2753 5653 Ὅθεν
2782 5601 2837 5667 ἐξ
2867 5604 3072 5656 ἐκείνου
3104 5606 3255 5674 παρὰ
3294 5608 3391 5676 μὲν
3422 5611 3535 5671 τοῖς
3562 5609 3821 5679 ἔθνεσινή

2256 5689 2455 5759 ἀληθὴς
2482 5692 2589 5744 τῶν
2622 5696 2931 5765 μυστηρίων
2972 5698 3309 5766 κεκράτηκεν
3347 5700 3527 5769 ἑορτὴ,
3566 5702 3717 5770 παρᾶ
3763 5702 3821 5754 δὲ

2272 5779 2537 5843 Ἰουδαίοις
2564 5780 2739 5835 οὐκέτι
2779 5784 2883 5836 οὐδ’
2916 5785 3087 5839 αὑιών
3122 5789 3151 5855 ἡ
3187 5788 3370 5857 μνήμη
3404 5789 3505 5841 τῶν
3541 5790 3823 5859 συμϐόλων
