4048 6404
618 390 723 443 τυδ

1279 383 1549 442 EUSEBII
1586 376 2057 439 CESARIENSIS
2092 373 2245 432 OPP.
2285 370 2463 428 PARS
2495 369 2587 427 Π.
2626 397 2697 410 -
2726 364 3142 423 DOGIATICA.

3756 359 3862 415 70$

616 509 763 561 enim
789 503 987 559 similia
1042 503 1211 560 trahit
1244 504 1312 558 ad
1354 504 1571 559 similia.
1594 501 1747 568 Quod
1788 500 1835 554 si
1880 498 2004 570 quis
2030 499 2173 553 dicat

2287 491 2418 545 ίλκει
2455 487 2525 542 τὰ
2549 488 2713 558 ὃμοια
2738 484 2873 555 πρὸς
2905 483 3169 554 τὰδμοια.
3198 478 3336 536 El“
3354 462 3441 543 τις
3477 477 3865 570 struendae!”

618 597 876 665 scriptum
909 608 1032 650 esse
1064 613 1078 649 :
1107 592 1285 649 Prima
1307 600 1618 666 azymorum
1647 592 1733 646 die
1761 590 2076 644 accedentes
2097 586 2178 640 di—

620 687 810 758 scipuli
837 688 1097 743 dixerunt
1125 685 1423 749 Servatori,
1449 683 1676 740 Ubinam
1700 681 1782 736 vis
1801 694 2055 750 paremus
2085 678 2180 733 tibi

624 780 952 835 manducare
980 778 1184 833 Pascha
1212 777 1238 830 ἲ
1260 776 1350 830 ille
1380 781 1560 829 autem
1580 775 1718 829 duos
1744 773 1888 828 misit
1907 772 1972 827 ad
1994 784 2183 841 quem-

620 872 767 936 dam,
794 881 853 924 ut
881 870 929 925 ei
954 870 1193 925 dicerent
1222 881 1235 919 :
1262 866 1417 935 Apud
1459 875 1511 921 te
1542 865 1684 920 facio
1713 863 1948 929 Pascha;
1978 877 2075 917 nos
2099 876 2183 917 re-

622 961 965 1027 spondemus,
995 973 1100 1013 non
1145 957 1250 1013 hoc
1283 957 1451 1012 fuisse
1498 964 1847 1025 praeceptum,
1886 960 1979 1011 sed
2012 956 2184 1010 histo-

623 1054 760 1106 riam
796 1065 917 1106 esse
948 1050 1022 1105 rei
1065 1058 1226 1120 gestae
1282 1058 1524 1117 tempore
1566 1064 1671 1118 quo
1707 1048 1963 1102 Servatur
1992 1061 2183 1115 passus

623 1150 725 1196 est.
750 1140 904 1195 Aliud
929 1154 1059 1194 vero
1095 1150 1177 1194 est
1205 1139 1434 1208 priscam
1467 1154 1580 1193 rem
1636 1152 1880 1203 narrare,
1919 1137 2059 1192 aliud
2098 1136 2184 1191 le-

622 1247 743 1303 gem
772 1231 935 1296 ferre,
967 1240 1023 1286 et
1052 1232 1303 1285 mandata
1336 1228 1566 1300 posteris
1597 1228 1831 1285 tradere.

693 1410 748 1467 9.
779 1411 884 1466 Sed
915 1425 1086 1481 neque
1126 1408 1384 1465 Senator
1414 1424 1536 1464 cum
1564 1406 1763 1465 Indals
1794 1408 1999 1466 Pascha
2042 1410 2183 1466 cele-

625 1500 803 1554 bravit
830 1500 1096 1569 passionis
1141 1514 1250 1553 sua:
1299 1504 1560 1566 tempore.
1599 1500 1711 1553 Non
1757 1500 1905 1553 enim
1953 1500 2076 1553 dum
2106 1500 2181 1554 illi

628 1606 783 1645 ovem
825 1590 1188 1651 immolabant,
1213 1590 1327 1659 ipse
1356 1604 1569 1659 quoque
1600 1605 1720 1643 cum
1753 1592 1867 1645 suis
1906 1590 2183 1659 discipulis

628 1680 904 1751 proprium
926 1678 1130 1733 Pascha
1159 1680 1383 1749 peregit.
1424 1679 1560 1733 Nam
1600 1679 1673 1734 illi
1706 1680 1792 1733 die
1832 1679 2180 1747 Parasceves,

630 1773 683 1826 in
728 1785 829 1839 qua
875 1771 1178 1839 patiebatur
1229 1770 1505 1835 Senator,
1534 1771 1915 1837 celebrabant;
1951 1775 2092 1827 unde
2128 1783 2181 1826 et
2213 1828 2256 1882 Β

629 1877 788 1915 nemo
814 1862 1122 1931 praetorium
1162 1874 1245 1917 est
1290 1864 1592 1931 ingressus,
1629 1865 1722 1917 sed
1764 1862 1966 1918 Pilatus
1993 1864 2059 1919 ad
2090 1880 2183 1920 eos

627 1949 795 2001 exivit
830 1968 842 2003 :
883 1950 1129 2005 Christus
1159 1960 1336 2005 autem
1383 1951 1468 2005 die
1508 1952 1728 2006 omnino
1761 1954 1946 2021 quinta
1982 1954 2182 2009 hebdo-

629 2042 799 2091 made
829 2054 950 2094 cum
988 2043 1259 2109 discipulis
1290 2042 1583 2107 discubuit,
1613 2054 1668 2096 et
1699 2058 2029 2098 convescens
2062 2046 2133 2099 ait
2166 2062 2182 2100 :

630 2130 903 2182 Desiderio
949 2133 1239 2186 desideravi
1274 2132 1369 2185 hoc
1408 2130 1618 2187 Pascha
1670 2136 1987 2188 manducare
2015 2136 2185 2189 vobis-

631 2236 767 2272 (λιιι.
812 2220 997 2274 Videu‘
1023 2222 1296 2290 quomodo
1342 2221 1600 2277 Senator
1646 2223 1787 2277 haud
1824 2240 1943 2277 cum
1989 2223 2189 2279 Iudaeis

632 2311 831 2365 Pascha
858 2313 1303 2371 manducaverit?
1334 2314 1467 2380 Quia
1504 2330 1698 2368 novum
1732 2316 1860 2383 quid
1892 2316 2020 2370 illud
2048 2327 2186 2379 erat,

630 2413 682 2455 et
723 2417 751 2455 a
783 2413 1039 2458 consueto
1062 2403 1287 2458 ludaico
1334 2420 1483 2458 more
1522 2406 1819 2461 abhorrens
1842 2447 1856 2468 .
1880 2408 2188 2462 necessario

633 2492 831 2545 institit
878 2494 1151 2547 dicendo:
1198 2492 1463 2547 Desiderio
1513 2496 1800 2549 desideravi
1848 2497 1941 2549 hoc
1984 2493 2188 2550 Pascha

631 2583 943 2636 manducare
964 2584 1243 2646 uobiscum,
1275 2595 1551 2653 antequam
1575 2587 1747 2653 patiar
1771 2586 1834 2637 “.
1853 2587 1988 2639 Nam
2014 2587 2188 2653 prisca

635 2671 720 2723 illa
755 2670 834 2725 vel
867 2673 1039 2739 potius
1062 2675 1363 2740 antiquata.
1389 2688 1508 2742 quae
1532 2688 1653 2729 cum
1683 2674 1885 2729 Iudaeis
1924 2677 2189 2731 comedis-

634 2765 739 2816 set.
764 2772 867 2811 non
897 2768 1051 2812 erant
1085 2760 1460 2814 desiderabilia
1491 2779 1505 2813 :
1548 2776 1741 2815 novum
1779 2770 1956 2817 autem
1992 2774 2191 2834 myste-

635 2849 771 2901 rium
801 2846 933 2903 Novi
962 2851 1040 2905 sui
1062 2848 1322 2913 Fer-deris,
1356 2852 1493 2920 quod
1524 2852 1800 2922 discipulis
1829 2856 2055 2923 pr0priis
2084 2862 2189 2908 tra-

634 2938 814 3003 deoat,
856 2939 1213 2995 desiderabile
1261 2941 1456 2994 merito
1506 2942 1603 3009 ipsi
1651 2951 1815 2995 erat:
1855 2944 1978 3011 quia
2033 2944 2188 2997 multi

635 3039 756 3084 ante
782 3044 905 3083 eum
947 3031 1217 3099 prophetae
1246 3047 1310 3086 ac
1341 3030 1467 3099 justi
1510 3034 1689 3086 videre
1712 3043 2027 3101 optaverant
2057 3034 2189 3087 Novi

2280 577 2689 652 γέγραπταιοτῇ
2703 574 2889 647 πρώτῃ
2903 572 3085 645 ἡμέρᾳ
3100 572 3210 627 τῶν
3229 571 3458 641 ἀζύμων
3469 567 3869 640 προσελθόντες

2277 671 2329 723 ei
2360 665 2598 740 μαθηταὶ
2625 660 3116 736 εἵποντῷῖωιῆρι,
3134 659 3246 716 Ποῦ
3274 660 3453 723 θέλεις
3479 657 3871 730 ἑτοιμάσωμέν

2280 774 2363 811 σοι
2381 758 2573 826 φαγεῖν
2609 754 2671 807 τὸ
2700 754 2926 823 Πάσχα;
2956 752 3013 807 '0
3042 752 3098 805 δὲ
3123 752 3261 823 πρὸς
3279 750 3531 805 τδνδεῖνα
3544 748 3866 816 ἀπέστειλε,

2281 847 2653 923 παραγγείλας
2684 850 2879 903 είπεῖν·
2928 845 3072 920 Πρδς
3102 845 3162 899 σὲ
3190 843 3330 899 ποιῶ
3367 842 3429 897 τδ
3460 842 3675 912 Πάσχα·
3706 840 3868 913 ἱροῦ-

2285 963 2404 1017 μεν,
2432 945 2515 998 ὅτι
2564 940 2720 995 τοῦτο
2754 939 3118 1013 παράγγελμα
3158 937 3259 991 οὐκ
3291 935 3463 998 ἐστιν,
3496 934 3613 988 ἀλλ’
3650 932 3868 1005 ἱστορία

2283 1034 2604 1107 πράγματος
2628 1029 3030 1101 συμϐεϐηκότος
3052 1025 3195 1081 κατὰ
3216 1025 3309 1078 τὸν
3338 1023 3433 1077 τοῦ
3458 1022 3734 1095 σωτηρίου
3757 1022 3866 1075 πάρ

2282 1125 2407 1186 θους
2446 1122 2653 1193 καιρόν.
2706 1122 2932 1190 Ἕτερον
2976 1118 3033 1172 δέ
3086 1120 3201 1172 ἑστι
3248 1114 3313 1168 τὸ
3362 1113 3603 1168 παλαιὰν
3662 1113 3867 1185 πρᾶξιν

2278 1212 2600 1283 διηγεῖσθαι,
2656 1209 2750 1264 καὶ
2781 1210 2968 1281 ἓτερον
2995 1206 3059 1262 τὸ
3101 1205 3410 1292 νοσμοθετεῖν
3438 1206 3533 1259 καὶ
3557 1206 3673 1269 τοῖς
3726 1203 3868 1258 μετὰ

2280 1303 2449 1357 ταῦτα
2488 1301 2862 1375 παραγγελίας
2887 1300 3335 1371 καταλιμπάνειν.

2352 1434 2417 1489 θ’.
2465 1435 2624 1489 Ἀλλά
2655 1436 2748 1489 καὶ
2790 1436 2818 1489 ό
2853 1432 3045 1504 Σωτὴρ
3090 1432 3152 1486 οὐ
3186 1430 3326 1502 μετὰ
3379 1427 3651 1483 Ἰουδαίων
3673 1426 3869 1481 ἐπετέ-

2280 1526 2403 1579 λεσε
2459 1527 2520 1579 τὸ
2576 1525 2765 1595 Πάσχα
2816 1524 2954 1578 κατὰ
3008 1522 3100 1575 τὸν
3162 1521 3350 1593 καιρὸν
3402 1518 3496 1573 τοῦ
3561 1519 3697 1572 ἰδίου
3757 1520 3867 1572 πά-

2282 1615 2425 1680 θους.
2477 1618 2550 1669 Οὐ
2592 1617 2698 1687 γὰρ
2735 1616 2821 1669 ὅτε
2877 1614 3030 1667 ἔθυον
3062 1614 3260 1667 ἐκεῖνοι
3304 1610 3366 1664 τὸ
3396 1609 3691 1681 πρόϐατον,
3744 1610 3870 1662 τότε

2284 1706 2379 1759 καὶ
2438 1705 2601 1768 αὐτὸς
2664 1704 2799 1773 μετὰ
2848 1702 2957 1755 τῶν
3022 1701 3185 1755 αὐτοῦ
3247 1698 3503 1771 μαθητῶν
3549 1699 3613 1752 τὸ
3670 1696 3871 1752 ἑαυτοῦ

2285 1799 2457 1868 ἠγαγε
2499 1797 2709 1866 Πάσχα·
2759 1797 2807 1848 oi
2867 1794 2965 1866 μὲν
3010 1794 3118 1864 γὰρ
3168 1791 3309 1847 κατὰ
3338 1791 3437 1861 τὴν
3473 1790 3871 1862 Παρασκευὴν,

2284 1891 2342 1942 ὲν
2403 1882 2437 1962 ᾖ
2495 1886 2763 1941 πέπονθεν
2817 1889 2847 1942 ό
2908 1886 3119 1959 Σωτὴρ,
3179 1884 3323 1939 τοῦτ’
3383 1884 3693 1955 ἔπραττον·
3747 1882 3875 1944 ὅθεν

2282 1974 2403 2029 οὐδὲ
2450 1974 2693 2045 είσῆλθον
2735 1976 2812 2039 είς
2869 1975 2930 2028 τὸ
2981 1972 3331 2046 πραιτώριον,
3378 1972 3493 2026 ἀλλ’
3546 1973 3577 2025 ό
3631 1973 3875 2035 Πιλάτος

2286 2060 2421 2129 πρὸς
2466 2062 2664 2124 αὐτοὺς
2708 2060 2923 2127 ἔξεισιν
2982 2060 3145 2124 αὐτὸς
3189 2061 3246 2114 δὲ
3297 2060 3406 2133 πρὸ
3455 2060 3584 2129 ὅλης
3651 2060 3875 2131 ἡμέρας

2283 2152 2351 2220 τῇ
2414 2150 2643 2225 πέμπτῃ
2702 2150 2795 2205 τοῦ
2836 2150 3112 2206 Σαϐϐάτου
3164 2153 3277 2214 τοῖς
3332 2149 3603 2221 μαθηταῖς
3646 2149 3875 2205 συνανε-

2288 2257 2451 2305 κειτο,
2516 2241 2611 2294 καὶ
2679 2240 2970 2294 συνεσθίων
3026 2241 3208 2305 αὐτοῖς
3272 2240 3476 2309 ἔλεγεν·
3549 2241 3876 2311 Ἐπιθυμίᾳ

2285 2330 2634 2400 ἐπεθύμησα
2678 2331 2853 2386 τοῦτο
2885 2332 2953 2385 τὸ
2999 2332 3217 2401 Πάσχα
3261 2332 3474 2401 φαγεῖν
3505 2334 3636 2401 μεθ’
3681 2331 3874 2401 ὑμῶν.

2298 2422 2459 2492 ὐρᾷς
2528 2422 2676 2485 ὅπως
2744 2426 2777 2477 ό
2840 2424 3031 2495 Σωτὴρ
3104 2424 3165 2478 οὐ
3245 2422 3384 2493 μετὰ
3462 2423 3737 2477 Ἰουδαιων
3813 2423 3877 2477 τὸ

2288 2512 2478 2582 Πάσχα
2514 2514 2733 2584 ἧσθιενς
2780 2514 2997 2585 Ἐπειδὴ
3036 2514 3221 2567 καινὸν
3241 2509 3309 2584 ἦν
3336 2516 3511 2568 ἐκεῖνο
3532 2514 3627 2567 καὶ
3661 2513 3876 2579 ξενίζον

2290 2604 2439 2674 παρὰ
2470 2604 2537 2657 τὰ
2564 2604 2765 2675 συνήθη
2806 2605 2899 2658 καὶ
2941 2604 3206 2658 Ἰουδαϊκὰ
3236 2605 3356 2675 ἔθη,
3387 2605 3703 2674 ἀναγκαίως
3738 2605 3876 2658 ιπε-

2292 2681 2487 2763 στησεν
2536 2694 2737 2747 εἰπών’
2788 2696 3094 2764 Ἐπιθυμίᾳ
3143 2695 3497 2771 ἐπεθιᾶμησα
3552 2694 3731 2748 τοῦτο
3806 2694 3878 2749 τὸ

2290 2784 2504 2853 Πάσχα
2520 2786 2730 2855 φαγεῖν
2754 2787 2883 2855 μεθ’
2906 2785 3091 2856 ὑμῶν,
3125 2787 3239 2856 πρὸ
3275 2787 3383 2841 τοῦ
3416 2804 3496 2856 με
3535 2786 3779 2839 παθεῖν’
3802 2786 3875 2840 τά

2292 2875 2390 2943 μὲν
2426 2876 2534 2945 γὰρ
2575 2876 2777 2929 παλαιὰ
2814 2876 2917 2947 ἢθη
2967 2876 3095 2929 δντα
3127 2877 3221 2930 καὶ
3252 2876 3701 2947 πεπαλαιωμένα,
3740 2875 3780 2930 ἃ
3806 2877 3875 2948 δὴ

2294 2965 2433 3034 μετὰ
2475 2966 2738 3018 Ἰουδαίων
2775 2966 2997 3036 ἢσθιεν,
3068 2968 3169 3021 οὐκ
3216 2962 3284 3037 ἦν
3334 2966 3683 3037 ἐπιθυμητάο
3729 2966 3874 3020 τὺδδ

2291 3056 2475 3108 καινὸν
2509 3058 2805 3127 μυστήριον
2841 3058 2940 3126 τῆς
2966 3059 3177 3129 Καινῆς
3203 3057 3369 3111 αὐτοῦ
3397 3056 3696 3129 Διαθήκης,
3734 3057 3765 3110 δ
3804 3058 3874 3129 δὴ

635 3118 875 3175 Patieris
910 3122 1162 3190 mysteria
1191 3136 1203 3172 :
1240 3123 1413 3191 ipsum
1446 3124 1553 3175 imo
1578 3122 1807 3177 Verbum
1853 3140 2188 3178 communem

2295 3118 2567 3214 μετεδίδου
2594 3118 2705 3209 τοῖς
2730 3118 2933 3200 ἑαυτοθγ
2954 3118 3242 3218 μαθηταῖς,
3261 3118 3595 3220 ὲπιθυμητδν
3717 3118 3875 3221 αὑτῷ

636 3210 859 3265 salutem
910 3226 1134 3279 prorsus
1182 3213 1409 3276 sitiens,
1441 3215 1748 3282 mysterium
1784 3217 2046 3282 tradebat,
2081 3232 2189 3286 quo

636 3314 824 3357 omnes
845 3303 1088 3358 homines
1122 3303 1316 3358 festum
1354 3314 1511 3359 erant
1539 3308 1732 3367 acturi.
1762 3308 1921 3376 idque
1964 3310 2063 3361 sibi
2095 3310 2189 3362 de-

637 3393 931 3448 sideratum
953 3410 1072 3449 esse
1104 3394 1390 3452 fatebatur.
1404 3397 1561 3451 Certe
1596 3396 1794 3467 onsis
1817 3398 2022 3455 Pascha
2046 3400 2188 3455 haud

636 3486 843 3539 cunctis
884 3486 1133 3551 gentibus
1167 3487 1412 3543 idoneum
1458 3498 1594 3555 erat,
1624 3489 2056 3560 quandoquidem
2086 3507 2191 3546 uno

2292 3235 2515 3299 εἰκότως
2533 3252 2546 3267 ·
2570 3237 2691 3289 ἐπεὶ
2714 3236 2895 3290 πολλοὶ
2920 3238 3026 3309 πρὸ
3054 3238 3218 3293 αὐτοῦ
3244 3238 3519 3310 προφῆται
3539 3240 3635 3292 καὶ
3667 3238 3874 3294 δίκαιοι

2288 3326 2639 3397 ἐπεθύμησαν
2676 3328 2801 3381 ίδεῖν
2824 3329 2894 3383 τὰ
2919 3328 3016 3400 τῆς
3039 3331 3181 3394 Νέας
3220 3331 3497 3402 Διαθήκης
3546 3332 3830 3402 μυστήρια
3853 3350 3869 3364 ·

2292 3414 2385 3465 καὶ
2422 3412 2581 3477 αὐτὸς
2608 3414 2665 3467 δὲ
2686 3416 2713 3467 ό
2736 3416 2924 3484 Λόγος,
2966 3419 3195 3472 πάντοτε
3225 3417 3393 3488 διψῶν
3414 3420 3514 3490 τὴν
3535 3421 3728 3491 κοινὴν
3761 3438 3875 3473 σω-

2290 3504 2504 3575 τηρίαν,
2538 3507 2832 3577 μυστήριον
2858 3509 3162 3579 παρεδίδου,
3190 3508 3255 3562 δι’
3279 3504 3341 3564 οὗ
3367 3511 3568 3574 πάντες
3586 3510 3875 3583 ἄνθρωποι

638 3574 690 3627 in
724 3575 858 3638 loco,
874 3575 925 3629 id
942 3586 1022 3630 est
1049 3575 1449 3649 Hierosolymis,
1470 3579 1581 3634 fieri
1599 3578 1808 3647 jussum
1838 3590 1976 3636 erat.
1996 3582 2188 3647 Quam-

2294 3593 2516 3664 ἔμελλον
2563 3574 2858 3667 ἑορτάζειν,
2915 3574 3251 3671 ἐπιθυμητὸν
3308 3600 3467 3654 τοῦτο
3513 3601 3664 3672 αὑτῷ
3691 3574 3704 3583 ’
3725 3598 3873 3657 εἶναι

636 3667 822 3720 obrem
861 3667 1001 3720 haud
1054 3676 1174 3721 erat
1209 3668 1580 3724 desiderabile.
1613 3668 1719 3725 Sed
1751 3670 2058 3727 Senatoris
2082 3690 2194 3744 my-

637 3758 857 3810 sterium
896 3758 947 3810 in
985 3755 1131 3811 Novo
1177 3756 1401 3813 Fmdere
1449 3760 1659 3815 cunctis
1712 3760 2019 3819 hominibus
2062 3780 2193 3820 con-

638 3862 851 3916 gruum,
867 3846 987 3914 jure
1014 3850 1229 3918 eptimo
1249 3849 1609 3906 desiderabile
1631 3860 1770 3907 erat.

2294 3684 2630 3755 ὡμολόγησε.
2673 3684 2745 3739 Τὸ
2793 3687 2893 3757 μὲν
2923 3689 3201 3753 Μωῦσέως
3254 3691 3456 3762 Πάσχα
3508 3693 3609 3763 οὺχ
3653 3693 3875 3765 ἥρμοζε

2298 3778 2433 3829 πᾶσι
2466 3780 2579 3839 τοῖς
2598 3778 2718 3830 τότε
2746 3778 2922 3832 ἔθνεσι
2942 3795 2957 3811 ο
2989 3780 3107 3845 πῶς
3127 3782 3233 3855 γάρ
3255 3783 3448 3847 ;όπότε
3469 3784 3560 3853 ὑφ’
3576 3784 3673 3837 ἕνα
3694 3784 3875 3838 τόπον

2297 3864 2389 3917 τὸν
2428 3868 2483 3919 ὲν
2521 3870 2586 3937 τῇ
2628 3867 2977 3940 Ἰερουσαλὴμ
3008 3871 3276 3925 τελεῖσθαι
3316 3874 3740 3946 νενομοθέτητο·
3788 3875 3875 3929 διὸ

634 3933 845 4036 ocis—ipa
883 3937 1240 4036 ἐπιθυμητόν·
1268 3940 1329 3994 τὸ
1369 3940 1425 3994 δὲ
1459 3940 1721 4013 σωτήριον
1757 3946 2051 4018 μυστήριον
2085 3948 2178 4020 τῆς
2214 3951 2420 4026 Καινῆς
2478 3933 2769 4029 Διαθήκης,
2828 3933 2991 4015 πᾶσιν
3021 3961 3326 4035 ἀνθρώποις
3349 3933 3875 4036 ἁρμοῖον,ἐίκότως

637 4032 785 4102 αὑτῷ
814 4032 1143 4105 ἐπιθυμητὸν
1172 4030 1261 4105 ἦν.

710 4122 795 4176 10.
832 4122 939 4177 Sed
992 4123 1104 4191 ipse
1148 4125 1361 4192 quidem
1416 4134 1700 4195 antequam
1741 4135 2035 4194 pateretur,
2060 4146 2187 4187 cum

637 4213 750 4267 suis
780 4212 1053 4282 discipulis
1091 4213 1294 4270 Pascha
1320 4216 1577 4280 comedit,
1605 4215 1905 4287 festumque
1924 4221 2051 4290 egit,
2079 4239 2187 4278 nun

2368 4141 2417 4186 ι’.
2459 4135 2593 4188 Ἀλλ’
2634 4137 2793 4203 αὐτὸς
2825 4140 2944 4211 μὲν,
2977 4141 3084 4212 πρὸ
3103 4140 3196 4195 τοῦ
3229 4143 3441 4208 παθεῖν,
3474 4146 3571 4200 σὺν
3594 4151 3711 4213 τοῖς
3738 4152 3839 4206 ὲαυ

2293 4226 2386 4279 τοῦ
2423 4226 2685 4299 μαθηταῖς
2723 4229 2893 4299 ἔφαγε
2921 4234 2983 4286 τὸ
3009 4234 3221 4304 Πάσχα,
3260 4238 3355 4289 καὶ
3387 4237 3485 4309 τὴν
3513 4240 3710 4312 ἑορτὴν
3735 4245 3870 4298 ἑπε-

638 4317 758 4355 cum
784 4301 1003 4362 .ludzeis.
1033 4303 1243 4375 Reapse
1270 4315 1553 4376 postquam
1579 4312 1693 4376 ipse
1734 4322 1957 4379 vespere
1993 4310 2188 4366 festum

2293 4316 2528 4382 τέλεσεν,
2562 4319 2622 4371 οὐ
2646 4320 2785 4390 μετὰ
2815 4322 2925 4375 τῶν
2971 4301 3267 4378 Ἰουδαίων·
3291 4301 3651 4398 ἑορτάσαντος
3663 4301 3731 4385 ’δὲ
3761 4335 3868 4388 αὒ-

637 4397 983 4463 celebrasset,
1012 4399 1293 4467 pontiﬁces
1318 4416 1443 4456 cum
1488 4404 1759 4471 proditore
1802 4419 1991 4460 manus
2028 4411 2076 4460 ei
2108 4408 2191 4460 in-

635 4490 877 4555 iecerunt
906 4506 920 4541 :
956 4505 1060 4544 non
1090 4490 1234 4545 enim
1261 4491 1333 4545 illi
1356 4506 1421 4546 eo
1444 4506 1666 4561 vespere
1709 4490 1908 4548 Pascna
1946 4495 2192 4548 comede—

639 4582 805 4645 hant;
845 4582 1080 4650 alioquin
1130 4583 1199 4637 ab
1250 4584 1365 4652 ejus
1415 4584 1789 4651 persecutione
1836 4586 2189 4653 quievissent.

637 4670 806 4733 Quem
836 4686 960 4724 mox
989 4680 1199 4740 captum
1246 4674 1310 4726 ad
1359 4671 1572 4741 Caiphzn
1624 4675 1843 4728 domum
1878 4674 2139 4729 duxerunt
2172 4692 2189 4739 ;

638 4761 726 4815 ubi
765 4775 955 4815 exacta
987 4770 1166 4828 nocte,
1204 4762 1547 4817 illucescente
1595 4763 1681 4817 die
1717 4765 2050 4833 congregati,
2082 4766 2192 4833 pri-

639 4868 781 4905 mam
824 4853 877 4907 in
904 4868 1025 4907 eum
1062 4854 1459 4909 damnationem
1512 4856 1769 4911 tulerunt.
1798 4858 2001 4913 Deinde
2045 4859 2191 4914 illinc

638 4957 914 5011 surgentes
930 4961 1048 4998 cum
1064 4946 1212 5015 plebe
1224 4946 1470 5001 eumdem
1490 4946 1554 4999 ad
1577 4946 1802 5001 Pilatum
1825 4948 1869 4979 "’
1890 4958 2186 5005 traxerunt.

639 5033 787 5087 Tunc
834 5047 1010 5089 autem
1060 5037 1135 5090 ait
1183 5035 1461 5105 Scriptura
1505 5039 1556 5091 in
1594 5040 1901 5104 praetorium
1940 5056 2035 5094 eos
2082 5056 2186 5096 non

640 5124 919 5191 introisse;
960 5144 1027 5183 ne
1053 5129 1151 5182 sub
1183 5131 1455 5183 ethnicum
1491 5138 1685 5184 tectum
1726 5133 1973 5201 ingressi,
2002 5143 2059 5185 ut
2096 5149 2188 5201 pu-

640 5216 843 5281 tabant,
888 5219 1314 5287 inquinarentur,
1338 5221 1431 5275 sed
1462 5220 1580 5287 puri
1616 5233 1889 5275 manentes
1928 5223 1979 5275 hi
2012 5223 2188 5291 impu-

640 5308 859 5373 rissimi,
914 5323 1133 5378 vespere
1179 5315 1494 5365 imminente
1543 5310 1747 5365 Pascha
1796 5314 2187 5381 comederent;

641 5398 690 5450 In
724 5401 815 5468 qui
844 5401 1067 5455 culicem
1115 5404 1458 5467 excolantes.
1490 5402 1749 5458 camelum
1788 5405 2082 5475 glutiebant
2120 5408 2185 5471 ⁸⁸,

641 5490 836 5556 quique
885 5491 1091 5545 animas
1138 5494 1294 5547 simul
1345 5502 1399 5548 et
1435 5508 1659 5563 corpora
1707 5493 2011 5550 Senatoris
2044 5499 2188 5552 caede

644 5576 948 5645 impiabaut,
995 5580 1094 5635 sub
1139 5592 1337 5638 tectum
1389 5584 1593 5652 ingredi
1645 5585 1856 5640 reveriti
1904 5597 2065 5652 sunt;
2094 5589 2185 5642 sed

2288 4406 2381 4459 τοῦ
2412 4408 2665 4479 ἑσπέρας,
2695 4412 2742 4463 οἱ
2768 4412 3043 4483 ἀρχιερεῖς
3076 4415 3193 4485 ἅμα
3224 4415 3303 4485 τῷ
3335 4418 3565 4491 προδότῃ
3602 4422 3868 4481 ἐπιστάν.

2290 4513 2399 4560 τες,
2429 4498 2688 4553 ὲπὲὅαλον
2718 4502 2803 4554 ἐπ’
2828 4503 2991 4556 αὑτὸν
3030 4505 3127 4568 τὰς
3150 4508 3365 4577 χεῖρας·
3401 4508 3464 4561 οὐ
3514 4511 3624 4583 γὰρ
3670 4515 3866 4585 seem

2289 4588 2442 4640 αὐτοὶ
2475 4590 2617 4643 κατὰ
2654 4592 2753 4661 τὴν
2795 4593 3037 4664 ἑσπέραν
3066 4594 3127 4646 τὸ
3160 4594 3383 4665 Πάσχα*
3429 4593 3467 4669 ἦ
3518 4600 3632 4674 γὰρ
3660 4602 3730 4657 ἃν
3762 4607 3865 4680 τὴν

2291 4677 2480 4749 σχολὴν
2505 4681 2631 4751 περὶ
2661 4682 2820 4735 αὑτὸν
2852 4679 3014 4753 εἶχον·
3061 4684 3154 4738 καὶ
3199 4685 3334 4757 δῆτα
3367 4689 3727 4759 συλλαϐόντες
3756 4677 3864 4751 ἀπ’

2288 4769 2490 4839 ήγαγον
2520 4773 2599 4834 είς
2621 4772 2719 4844 τὴν
2739 4773 2915 4827 οἰκίαν
2945 4773 3040 4827 τοῦ
3056 4776 3298 4846 Καῖάφα,
3336 4778 3465 4835 ἔνθα
3476 4783 3865 4862 διανυκτερεύ-

2290 4876 2496 4923 σαντες,
2525 4862 2599 4925 ὡς
2639 4863 2821 4934 ἡμέρα
2854 4865 3090 4933 ἐγένετο,
3126 4869 3489 4941 συνήχθησαν,
3521 4876 3616 4928 καὶ
3631 4878 3861 4950 ἀνακρί-

2287 4967 2466 5003 νουσιν
2486 4953 2647 5007 αὐτὸν
2674 4955 2935 5026 πρότερον
2956 4973 2969 4984 ·
2995 4952 3111 5011 εἶτα
3146 4962 3285 5031 μετὰ
3320 4962 3492 5018 ταῦτα
3522 4966 3859 5036 ἀναστάντες

2287 5040 2402 5107 ἅμα
2431 5044 2506 5112 τῷ
2539 5043 2727 5115 πλήθει
2747 5046 2951 5114 ἤγαγον
2980 5046 3140 5101 αὐτὸν
3154 5052 3289 5122 πρὸς
3310 5053 3560 5109 Πιλᾶτον.
3598 5060 3710 5111 Καὶ
3736 5059 3859 5115 τότε

2289 5134 2448 5203 φησὶν
2476 5137 2508 5203 ἡ
2539 5135 2749 5205 Γραφὴ,
2782 5136 2864 5188 ὅτι
2894 5135 2969 5207 μὴ
3010 5140 3257 5211 εἰσῆλθον
3292 5146 3372 5207 είς
3408 5146 3471 5198 τὸ
3494 5147 3855 5222 πραιτώριον,

2287 5225 2371 5276 ἵνα
2403 5224 2467 5296 δὴ
2506 5228 2603 5298 μὴ,
2637 5230 2741 5282 ὑπὸ
2782 5232 2978 5304 στέγην
3019 5234 3334 5306 Ἑλληνικὴν
3375 5238 3741 5307 εἰσελθόντες,
3780 5243 3858 5310 ὥς

2278 5329 2346 5397 γε
2370 5314 2557 5385 ᾤοντο,
2584 5318 2863 5387 μιανθῶσι,
2897 5323 3127 5393 καθαροὶ
3144 5324 3200 5377 δὲ
3234 5325 3513 5395 μείναντες
3530 5332 3579 5383 οἱ
3609 5336 3859 5404 παμμίεν

2290 5421 2391 5474 ροι,
2426 5407 2662 5478 ἑσπέρας
2699 5410 3017 5485 ἐπιστάσης,
3063 5415 3289 5483 φάγοιεν
3331 5418 3395 5471 τὸ
3430 5420 3645 5492 Πάσχα,
3681 5426 3731 5477 οί
3763 5427 3855 5478 τδν

2287 5498 2520 5555 κώνωπα
2546 5501 2899 5569 διυλίζοντες,
2936 5508 3035 5578 τὴν
3063 5507 3119 5561 δὲ
3158 5510 3403 5579 κάμηλον
3430 5516 3850 5582 καταπίνοντες,

2286 5591 2335 5641 οἱ
2354 5590 2449 5653 τὰς
2478 5590 2651 5664 ψυχὰς
2673 5595 2851 5659 αὐτοῖς
2880 5596 3092 5669 σώμασι
3123 5600 3260 5679 κατὰ
3289 5601 3381 5655 τοῦ
3408 5603 3662 5676 Σωτῆρος
3700 5624 3853 5677 μιαι-

709 5757 754 5788 ⁶⁶
776 5756 903 5813 Luc.
934 5775 1065 5819 xm.
1097 5761 1177 5818 15.
1252 5763 1293 5793 ⁸⁷
1324 5760 1476 5817 Joan.
1504 5778 1650 5831 xvm,
1674 5762 1759 5819 28.
1827 5765 1871 5796 “
1910 5765 2095 5821 Matth.
2125 5781 2255 5821 nm
2276 5809 2289 5825 .
2320 5769 2408 5825 Ἡ.
