4048 6466
257 476 364 530 715

1373 464 1652 520 CONTRA
1685 460 2114 518 ιιλιιυειιυιί
2149 459 2279 519 LIB.
2319 461 2364 518 l.

3393 462 3502 525 7M

256 589 442 662 μέκοις
460 606 475 621 ·
504 589 820 646 καὶτούτων
849 585 1095 650 ἐκείνοις,
1141 577 1216 639 ὧν
1241 583 1473 656 μάλιστα
1509 582 1576 636 δι’
1621 582 1807 654 ἀρετὴι

1923 582 2027 642 bus
2055 582 2217 637 letam
2260 579 2564 645 venenatis,
2603 592 2806 649 susque
2839 578 3014 650 deque
3067 579 3282 649 habuit,
3325 596 3393 640 ao
3443 585 3498 640 in

254 679 590 744 θεοσεϐείας,
615 678 789 748 λόγων
819 694 877 731 τε
907 675 1068 730 θείων
1091 675 1398 746 ἀσκήσεως,
1428 675 1462 743 ἠ
1505 673 1660 743 φήμη
1699 670 1820 724 καθ’

250 770 404 841 ὅλης,
429 769 504 833 ὡς
535 770 728 831 εἰπεῖν,
756 767 937 840 ᾄδεται
983 766 1084 837 τῆς
1128 763 1466 836 οἰκουμένης.
1496 761 1713 816 Τούτων
1764 760 1822 814 δέ

253 855 437 912 αὐτῶν
477 858 575 927 οὐχ
624 855 770 922 ἀπαξ
811 855 1053 927 ἐμνήσθη
1103 853 1305 917 κακῶς,
1345 850 1601 914 πολλάκις
1636 851 1694 904 δέ
1727 850 1824 904 καὶ

251 947 544 1018 διαφόρως,
571 946 670 1009 τὰς
697 948 817 999 κατ’
857 947 1032 1000 αὐτῶν
1058 943 1306 1007 διαϐολάς
1341 959 1402 995 τε
1427 942 1521 996 καὶ
1555 955 1822 1012 συκοφαν-

253 1034 378 1099 τίας
392 1033 622 1103 ἀφειδῶς
651 1035 1032 1105 πεποιημένος.
1064 1033 1200 1106 Ἤδη
1231 1033 1288 1087 δὲ
1316 1033 1411 1087 καὶ
1441 1034 1598 1105 ἀραῖς
1626 1033 1825 1103 κέχρη-

251 1144 345 1182 ται
384 1128 500 1179 κατ’
527 1126 724 1191 αὐτῶν,
754 1121 841 1180 οἷα
864 1126 1134 1196 γυναικῶν
1150 1127 1206 1180 ἐν
1227 1125 1393 1197 μάχῃ,
1420 1124 1824 1196 λοιδορούμενος

252 1218 351 1271 καὶ
406 1215 758 1287 ἐπαρώμενος
800 1217 910 1290 (15)
960 1219 1074 1280 τοῖς
1120 1216 1284 1288 μηδὲν
1321 1217 1482 1270 αὐτὸν
1519 1216 1820 1287 ἠδικηκόσι.

253 1305 365 1370 Διδ,
385 1307 478 1358 καὶ
493 1306 632 1378 πέρα
647 1306 740 1359 τοῦ
756 1305 981 1370 δέοντος,
1000 1306 1077 1368 είς
1095 1304 1303 1376 μακρὸν
1315 1304 1461 1376 αὐτῷ
1477 1305 1570 1358 καὶ
1590 1303 1823 1375 ἄμετρον

253 1398 428 1470 μῆκος
445 1396 742 1468 ἐξέπεσενὴ
759 1395 1083 1467 γραφή.(16)
1100 1396 1184 1460 Ὠς
1203 1396 1364 1467 μόνον
1380 1396 1527 1448 ἐπῶν
1539 1394 1703 1464 ἐγγύς
1719 1411 1822 1448 που

256 1488 466 1560 μυρίων
485 1488 576 1542 τὸν
589 1488 846 1556 ἀνάλογον
860 1485 1274 1557 ἀπαρτισθῆναι.
1296 1486 1532 1548 Εἰκότως
1552 1480 1665 1548 οὖν,
1682 1483 1823 1538 κατά

250 1577 360 1631 τῶν
394 1577 564 1646 ἀγίων
597 1577 690 1631 τοῦ
718 1578 852 1631 Θεοῦ
885 1577 1210 1650 λειτουργῶν
1245 1579 1551 1650 κακήγορον
1579 1577 1824 1645 γλῶτταν

251 1667 468 1734 ὀξύνας,
497 1669 593 1723 καὶ
624 1669 686 1723 τὸ
729 1669 1044 1734 ἀνευλαὸὲς,
1069 1671 1161 1724 κιιὶ⁵
1199 1669 1400 1739 ἄφοδον
1433 1670 1823 1742 προγυμνάσας

251 1762 314 1814 ἐν
339 1760 570 1824 τούτοις,
609 1759 834 1832 προῖὼν,
868 1761 926 1827 ἐξ
973 1754 1043 1832 ἦς
1099 1759 1426 1832 προῦκοψεν,
1476 1762 1560 1812 ἐπ’
1600 1760 1729 1813 αὐτὸ
1762 1761 1824 1813 τὸ

250 1852 673 1921 κορυφαιότατον
702 1850 796 1904 τοῦ
827 1850 1044 1914 παντὸς,
1072 1849 1163 1903 τὸν
1189 1850 1446 1920 μονογενῆ
1479 1850 1573 1902 καὶ
1606 1850 1823 1920 ἀγαπη-

1925 672 2021 728 Dei
2055 671 2393 735 sacerdotes,
2434 671 2640 726 frustra
2681 669 2898 739 quidem
2941 681 2997 726 et
3025 671 3325 742 incassum,
3357 670 3498 730 iram

1921 771 2103 818 tamen
2143 760 2331 819 eﬂudit
2371 759 2739 817 ebullientem.
2781 757 2966 830 Neque
3012 760 3173 822 illos.
3229 763 3296 817 de
3340 761 3500 832 plebe

1923 857 2108 911 nescio
2141 869 2300 924 quos;
2349 853 2444 909 sed
2496 853 2641 922 ipsos
2687 851 2810 906 illos
2838 851 2930 922 qui
2968 867 3062 922 per
3110 853 3205 908 Dei
3239 854 3494 922 gratiam,

1924 948 2103 1002 divina
2142 948 2317 1014 plane,
2350 946 2455 1000 hoc
2500 951 2603 1010 est,
2674 944 2889 998 vivendi
2947 943 3319 1014 philosophica
3361 961 3498 1014 qua-

1924 1038 2049 1092 dam
2088 1038 2323 1098 ratione.
2370 1035 2605 1091 nominis
2636 1035 3012 1091 celebritatem
3061 1035 3164 1089 sibi
3208 1049 3498 1105 compara-

1923 1137 2133 1182 verant.
2173 1126 2286 1182 Nec
2322 1127 2477 1181 vivos
2515 1126 2892 1179 tantummodo
2935 1136 2991 1180 et
3036 1127 3282 1182 videntes
3323 1127 3512 1196 impr

1924 1219 2062 1284 tivit,
2096 1217 2191 1273 sed
2221 1217 2332 1286 jam
2368 1217 2566 1272 dudum
2612 1227 2668 1271 et
2717 1216 2770 1270 in
2809 1215 3028 1272 Christo
3086 1217 3497 1273 obdormiscen-

1923 1317 2004 1363 tes
2035 1322 2271 1378 :eosque
2297 1321 2407 1375 pra-
2441 1307 2672 1369 caeteris,
2713 1322 2851 1376 quos
2897 1308 3038 1362 inter
3070 1316 3296 1363 caeteras
3324 1310 3495 1364 virtu-

1924 1405 2004 1452 tes
2039 1399 2212 1466 pietas
2250 1397 2304 1450 in
2345 1398 2510 1450 Deum
2537 1395 2982 1460 commendabat,
3009 1406 3066 1451 et
3094 1411 3370 1452 sacrarum
3400 1397 3494 1450 lit-

1921 1496 2159 1543 terarum
2211 1489 2511 1543 exercitata
2564 1489 2818 1553 scientia,
2860 1503 2955 1557 per
2987 1499 3257 1544 terrarum
3301 1490 3493 1546 orbem

1922 1580 2257 1635 clarissimos
2300 1590 2622 1649 propagarat
2655 1596 2669 1634 :
2697 1581 2792 1635 sed
2835 1596 2936 1635 nec
2975 1595 3081 1634 una
3134 1589 3341 1634 tantum
3370 1582 3494 1638 vico

1922 1671 2216 1725 conviciari
2250 1679 2557 1732 contentus,
2593 1684 2736 1740 saepe
2757 1673 3048 1741 repositas,
3077 1671 3336 1740 varieque
3358 1685 3497 1728 con-

1923 1757 2102 1826 ﬁctas,
2133 1759 2409 1828 improbus
2439 1760 2773 1830 sycophanta
2793 1798 2810 1827 ,
2839 1759 3144 1815 calumnias
3187 1760 3306 1814 sine
3333 1763 3496 1816 modo

1924 1851 2216 1920 congessit,
2250 1861 2306 1905 et
2366 1866 2618 1905 mensura
2653 1866 2668 1902 :
2707 1851 2802 1906 sed
2830 1859 2887 1906 et
2923 1850 3389 1906 exsecrationibus
3411 1851 3496 1905 ln-

247 1940 342 1994 τὸν
376 1941 501 1994 Υίὸν
537 1940 631 1994 τοῦ
673 1940 828 2006 Θεοῦ,
862 1939 1135 2003 τοιαύταις
1176 1939 1354 2003 ἀθέοις
1405 1939 1512 2010 (17)
1537 1939 1807 1993 ὐποὸαλὼι

1923 1954 2086 2009 super
2121 1955 2237 2008 eos,
2265 1951 2326 1995 ut
2353 1941 2681 1996 mulierculae
2727 1942 2778 1996 in
2812 1941 2946 1996 rixis
2985 1949 3040 1996 et
3064 1939 3264 2009 jurgiis
3292 1939 3493 2008 solent,

253 2027 643 2099 βλασφημίαις,
677 2029 795 2092 οἵας
847 2028 1041 2100 μικρὸν
1070 2028 1314 2099 ὕστερον,
1343 2028 1506 2081 αὐτοῦ
1543 2029 1816 2098 λέγοντος,

249 2118 366 2171 ἀλλ’
389 2121 488 2171 οὐκ
516 2119 672 2190 ἐμοῦ,
703 2119 908 2190 βέλτιον
949 2118 1186 2173 ἀκούειν.
1219 2121 1296 2190 Τῇ
1323 2119 1379 2172 δέ
1416 2136 1480 2188 γε
1521 2121 1817 2193 παραθέσει

245 2210 358 2264 τῶν
390 2210 553 2265 αὐτοῦ
587 2211 842 2282 ῥημάτων
870 2212 1229 2284 χρησάμενος,
1274 2211 1387 2281 (18)
1436 2214 1598 2284 μέχρι
1630 2213 1816 2266 τούτου

250 2301 517 2371 στήσομαι
550 2300 686 2365 τέως
718 2302 854 2372 πρὸς
892 2303 1203 2357 ἐναντίωσιν
1241 2303 1336 2355 καὶ
1383 2302 1692 2375 ἀνατροπὴν
1717 2305 1816 2356 αύ-

247 2390 358 2443 τῶν
385 2407 398 2422 ·
436 2391 496 2444 ού
534 2395 778 2462 μακροὺς
802 2394 1021 2462 ἐπάγων
1051 2395 1258 2465 λόγους,
1289 2397 1366 2468 τῷ
1397 2397 1533 2468 μήτε
1574 2395 1700 2460 τοὺς
1726 2394 1820 2448 άν-

247 2479 382 2552 δρας
418 2483 542 2546 τοὺς
567 2483 657 2536 ὑπ’
684 2482 845 2536 αὐτοῦ
893 2483 1382 2558 βλασφημηθέντας
1416 2487 1526 2558 (19)
1569 2487 1818 2554 ἀγνῶτάς

246 2586 399 2634 τινας
428 2567 566 2626 εῖναι
598 2574 692 2627 καὶ
714 2575 958 2642 ἀφανεῖς,
993 2576 1351 2648 γνωρίζεσθαι
1393 2577 1450 2631 δὲ
1481 2577 1632 2648 παρά
1659 2579 1813 2641 πᾶσι,

249 2659 346 2713 καὶ
375 2663 708 2726 σιωπῶντας,
732 2665 866 2734 μήτε
891 2665 988 2735 τὴν
1016 2666 1094 2728 είς
1121 2665 1213 2719 τὸν
1250 2666 1483 2738 Χριστὸν
1533 2666 1626 2720 τοῦ
1681 2667 1816 2720 Θεοῦ

249 2749 597 2822 βλασφημίαν
648 2751 757 2823 (Ξο)
797 2755 1139 2824 ἀμφήριστόν
1186 2773 1305 2810 τινα
1331 2757 1425 2810 καὶ
1451 2757 1818 2829 ἀγνοουμένην

250 2841 536 2913 ὑπάρχειν,
572 2842 648 2905 ὼς
690 2843 890 2914 πολλῆς
928 2863 1074 2910 τινος
1123 2847 1216 2900 καὶ
1269 2847 1633 2917 λογικωτέρας
1679 2849 1816 2920 πρὸς

248 2933 466 3004 ἔλεγχον
494 2934 747 3006 δεηθῆναι
764 2938 1019 3008 σπουδῆς·
1054 2939 1193 2991 οὕτω
1214 2939 1322 3008 (21)
1345 2939 1402 2992 δέ
1428 2941 1558 2992 πᾶσι
1579 2941 1688 3004 τοῖς
1718 2941 1817 3012 τῆς

250 3023 708 3094 ἐκκλησιαστικῆς
752 3027 972 3099 χάριτος
1019 3029 1379 3100 μετειληχόσι,
1418 3035 1630 3102 μικροῖς
1678 3033 1813 3102 ὁμοῦ

249 3116 343 3169 καὶ
370 3116 646 3186 μεγάλοις,
683 3119 795 3182 καὶ,
843 3119 972 3172 αὑτὸ
1018 3121 1196 3189 μόνον,
1252 3122 1520 3192 λεχθεῖσα,
1551 3123 1816 3194 πρόδηλος

248 3207 584 3278 καθέστηκεν
608 3211 640 3279 ὴ
665 3209 757 3261 τοῦ
793 3210 942 3276 ξένου
967 3211 1155 3264 τούτου
1190 3212 1434 3281 θεολόγου
1462 3215 1808 3282 καινοφωνία.

249 3297 340 3350 Διὸ
373 3297 625 3368 βραχέσιν
648 3299 757 3371 (22)
784 3301 948 3364 αὐτὸς
974 3302 1130 3371 μόνον
1164 3303 1646 3374 παρασημειώσεσι
1680 3306 1812 3377 χρή-

247 3403 430 3455 σομαι,
459 3387 632 3459 εἱρμῷ
655 3389 746 3441 καὶ
770 3389 919 3455 τάξει
950 3393 1334 3462 σωματοποιῶν
1361 3395 1450 3448 τὸν
1475 3395 1651 3461 λόγον,
1679 3396 1812 3448 ύπο-

249 3478 648 3548 σημαινόμενός
676 3495 733 3530 τε
759 3479 888 3530 αὐτὸ
920 3481 1076 3550 μόνον
1099 3481 1159 3534 τὸ
1185 3483 1491 3553 παράλογον
1518 3485 1626 3537 τῶν
1644 3487 1812 3554 ἐμφε-

250 3567 510 3638 ρομένων.
540 3570 675 3638 Πρὶν
716 3570 760 3622 δ’
808 3571 899 3623 ἐπὶ
947 3571 1046 3634 τὰς
1094 3572 1258 3626 αὑτοῦ
1311 3575 1554 3645 χωρῆσαι
1603 3578 1805 3645 φωνάς,

244 3658 554 3724 ἀναγκαίως
571 3663 682 3723 τοῖς
705 3662 1087 3730 ἐντυγχάνουσι
1105 3662 1184 3733 τῷ
1206 3665 1298 3717 τοῦ
1321 3665 1508 3733 ἀνδρὸς
1529 3669 1807 3738 συγγράμ-

248 3765 377 3819 ματι
405 3750 860 3823 συμϐουλεύσαιμ’
884 3753 968 3816 ἂν,
1007 3752 1074 3824 (εἰ
1109 3754 1164 3806 δὲ
1193 3755 1304 3824 (25)
1363 3757 1594 3824 μάλιστα
1635 3758 1806 3810 Γαλα-

241 3839 353 3891 τῶν
374 3833 482 3891 εῐὲν
510 3843 695 3904 τινες,)
721 3842 792 3912 μὴ
809 3845 1140 3913 ἀμνημονεῖν
1163 3845 1258 3913 τῆς
1285 3845 1432 3909 θείας
1460 3848 1640 3916 φωνῆς
1668 3846 1812 3902 Παύ-

242 3927 338 3980 λου
371 3944 462 3992 τος
501 3930 818 3992 ἀποστόλου,
853 3935 910 3996 ὃς
949 3935 1128 3998 αὐτοῖς
1160 3936 1422 3999 Γαλάταις
1451 3938 1675 4006 γράφων
1709 3956 1812 3992 πα-

245 4011 394 4083 ρῄνει
456 4014 543 4084 μὴ
609 4020 1020 4086 μετατίθεσθαι
1092 4023 1208 4075 ἀπὸ
1272 4024 1377 4076 τοῦ
1441 4025 1812 4093 καλέσαντος

239 4105 463 4171 αὐτοὺς
491 4108 561 4160 ἐν
588 4108 778 4178 χάριτι
807 4111 1062 4178 Χριστοῦ
1091 4117 1174 4178 είς
1195 4115 1398 4182 ἕτερον
1421 4117 1808 4186 Edam-ator,

237 4399 338 4468 φία
361 4396 790 4470 Christianorum
823 4421 835 4456 :
867 4413 920 4456 et
951 4404 1092 4458 inter
1125 4421 1238 4470 eos,
1274 4416 1332 4460 ut
1353 4406 1589 4462 lsidorus
1633 4409 1787 4463 Pelu-

237 4471 378 4523 siota
417 4469 672 4536 loquitur,
705 4472 752 4523 οἱ
787 4471 1120 4594 ίμονάζοντες
1173 4479 1471 4546 κορυφαῖοι.
1527 4479 1788 4532 Describit

237 4540 510 4592 hominem
542 4540 783 4593 istiusmo
826 4543 839 4594 i
889 4542 1147 4594 Nazianz.
1199 4557 1332 4594 orat.
1366 4562 1423 4594 ιιι
1452 4548 1646 4594 Contra
1696 4548 1788 4594 Ju.

236 4540 510 4592 hominem
542 4540 839 4594 istiusmodi
889 4542 1147 4597 Naziauz.
1199 4540 1332 4599 orat.
1366 4562 1423 4598 ιιι
1452 4548 1646 4600 Contra
1696 4548 1789 4600 Ju-

236 4606 461 4687 lianunt,
498 4622 618 4678 pag.
644 4609 737 4687 77,
785 4621 840 4687 et
889 4622 1031 4687 orat.
1084 4613 1175 4687 ἓξ,
1206 4630 1328 4687 pag,
1358 4616 1484 4687 4:79,
1536 4618 1600 4668 ad
1641 4617 1792 4683 cujus

237 4680 499 4729 amussim
547 4680 842 4753 examinati
897 4681 1073 4753 hujus
1110 4680 1330 4753 Eusebii
1383 4680 1789 4753 Pancratiastm,

236 4759 387 4798 mera
407 4745 771 4800 mendicabula
804 4745 1162 4806 invenientur.
1193 4752 1264 4805 Μ.

453 4813 658 4891 Scripsi
681 4819 839 4887 ὲπαρ.
875 4823 987 4891 loco
1006 4824 1154 4891 vulg.
1183 4823 1558 4891 ἐπαιρόμενος.

309 4883 419 4963 (16)
448 4884 553 4963 ,Ὡς
579 4887 767 4951 μόνον
790 4883 1132 4963 sigma-{Erat
1173 4893 1226 4963 in
1269 4883 1678 4963 tn'ariginevokov.
1728 4893 1791 4947 Et

236 4952 458 5004 tolerari
506 4965 702 5032 potest,
733 4962 836 5032 sed
881 4960 1051 5032 potior
1081 4952 1598 5032 scripturafpdvov,
1639 4975 1691 5016 ut
1719 4966 1790 5018 sit

232 5035 425 5100 sensus
459 5033 564 5100 λιιι
589 5027 800 5100 unicum
828 5029 965 5100 istud
1000 5045 1158 5096 opus,
1191 5027 1328 5098 quod
1359 5027 1526 5084 solum
1552 5035 1787 5100 scripsit,

231 5099 316 5168 tot
339 5093 584 5168 versibus
612 5098 939 5168 constiterit;
979 5093 1100 5150 nam
1129 5093 1223 5166 pro
1251 5101 1532 5168 ἀνάλογον,
1568 5093 1788 5156 omnino

231 5159 538 5241 legendum,
573 5162 672 5215 loci
707 5168 1019 5231 mutatione,
1047 5159 1324 5237 ἵναλόγον.
1358 5159 1498 5224 Μξ-
1522 5159 1636 5226 Duo
1662 5174 1786 5226 vitia

229 5241 466 5282 COI'I'eXl.

307 5298 425 5382 (εἴ)
445 5300 804 5382 ιῪπορξαλών.
831 5303 982 5382 Lego
1001 5307 1308 5382 ὑποϐάλλει.
1339 5307 1446 5382 "of.
1477 5321 1553 5382 est
1585 5313 1785 5382 προῖὼν

231 5365 747 5448 ῦποᾷάλλειΖ-ιθυιιο
773 5365 934 5425 etiam
971 5374 1066 5442 legi
1094 5380 1286 5442 poterit
1312 5365 1639 5448 προύκυψενῖ
1684 5382 1785 5435 Le-

231 5439 460 5516 gendum
504 5441 650 5508 ἑξῆς,
674 5457 792 5516 _una
832 5458 988 5516 voce,
1017 5439 1068 5497 et
1094 5439 1205 5499 una
1254 5439 1469 5516 pariic.,
1503 5439 1784 5504 ὑποϐαλών

230 5508 547 5582 depeutleta
579 5510 724 5564 verb.
760 5511 1080 5582 προύκοψεν.

286 5575 414 5653 '(lS)
437 5577 619 5644 Μέχρι
653 5575 824 5633 τούτο
862 5575 1179 5655 στῄὶτομαι.
1213 5585 1456 5655 Quinque
1505 5589 1658 5643 libris
1704 5592 1784 5643 iu-

228 5652 478 5697 stitutum
509 5663 660 5700 suum
691 5661 870 5702 contra
901 5652 1209 5707 Marcellum
1237 5652 1497 5711 Eusebius
1528 5660 1778 5713 absolvit.

231 5718 284 5794 lcn
315 5714 521 5794 duobus
562 5717 705 5794 hisce
731 5721 1018 5794 prioribus,
1043 5726 1106 5793 τῇ
1143 5726 1434 5794 παραθέσει
1461 5727 1567 5780 τῶν
1615 5731 1779 5781 αὐτοῦ

230 5783 489 5860 ῥημάτων
516 5783 792 5860 κέχρηται,
831 5790 930 5844 hoc
961 5803 1040 5845 est
1069 5783 1366 5860 q'uod'vult.
1399 5796 1452 5848 lu
1484 5801 1652 5852 tribus
1697 5814 1782 5854 se-

228 5856 514 5918 quentibus
548 5893 562 5917 ,
610 5859 700 5923 qui
779 5856 1146 5914 inscribuntur
1205 5864 1278 5916 De
1320 5868 1575 5936 theologia
1621 5871 1780 5924 eccle-

541 5946 810 6012 ΡΑτιιοι..
858 5951 972 6013 Gtt.
1019 5953 1251 6016 XXIV.

1920 2032 2242 2095 insectatur,
2278 2031 2525 2087 homines
2550 2033 2695 2087 nulla
2738 2048 2978 2102 unquam
3018 2031 3213 2100 injuria
3261 2031 3364 2100 ipsi
3393 2045 3492 2088 co-

1920 2123 2122 2192 gnitos.
2154 2123 2331 2191 Atque
2373 2122 2501 2177 hinc
2537 2122 2782 2192 profecto
2821 2128 3023 2177 factum
3055 2130 3160 2190 est,
3191 2132 3252 2177 ut
3288 2124 3344 2176 in
3387 2123 3495 2178 im-

1919 2227 2162 2268 mensum
2204 2213 2338 2268 adeo
2372 2213 2516 2268 illius
2539 2215 2843 2270 excreverit
2883 2215 3082 2281 oratio,
3133 2230 3256 2270 cum
3283 2215 3350 2270 ad
3394 2216 3493 2271 de-

1920 2303 2032 2356 cies
2072 2301 2218 2356 mille
2265 2315 2459 2357 versus
2503 2317 2637 2372 opus
2694 2302 2821 2357 illud
2873 2305 3094 2360 unicum
3148 2307 3489 2361 intumuerit.

1919 2389 2059 2456 Quid
2095 2390 2360 2443 miramur
2405 2401 2608 2458 autem,
2636 2394 2681 2446 si
2717 2408 2838 2447 cum
2891 2393 3130 2463 linguam
3168 2393 3304 2448 adeo
3335 2408 3492 2449 suam

1919 2481 1972 2534 in
2021 2490 2240 2535 sanctos
2293 2483 2384 2535 Dei
2437 2483 2747 2539 sacerdotes
2797 2483 3098 2548 exacuerit,
3154 2484 3492 2552 impiamquo

1920 2570 2201 2625 audaciam
2239 2586 2416 2637 suam,
2458 2572 2525 2627 ad
2559 2573 2702 2628 hunc
2746 2573 2987 2639 modum,
3045 2573 3200 2643 quasi
3237 2588 3495 2646 progym-

1919 2669 2189 2725 nasmate,
2218 2662 2549 2728 exercuerit,
2595 2664 2731 2716 adeo
2764 2677 2985 2732 gressus
3016 2662 3349 2732 promoverit
3385 2661 3493 2718 im.

1917 2750 2158 2818 pietatis,
2190 2760 2248 2805 ut
2301 2753 2520 2806 tandem
2579 2752 2724 2822 quod
2768 2764 2931 2821 caput
2984 2763 3070 2809 est
3115 2762 3281 2823 atque
3330 2767 3492 2822 apex,

1917 2841 2253 2909 unigenitum
2309 2852 2364 2898 et
2424 2845 2677 2898 dilectum
2733 2845 2826 2899 Dei
2887 2844 3126 2910 Filium,
3199 2844 3492 2901 illiusmodi

1917 2931 2276 3003 blasphemiis
2319 2934 2432 2988 suis
2483 2934 2798 3002 subiecerit,
2829 2951 2964 3005 quas
2993 2951 3117 2990 mox
3162 2936 3334 3006 ipsius
3359 2951 3490 2991 ver-

1917 3023 2023 3088 bis,
2079 3039 2184 3077 non
2237 3033 2416 3078 autem
2463 3026 2597 3078 meis
2625 3065 2641 3086 ,
2687 3025 2885 3080 relatas
2941 3026 3169 3080 audietis
3201 3042 3215 3077 :
3244 3027 3294 3080 id
3342 3025 3491 3081 enim

1920 3116 2090 3168 satius
2127 3130 2249 3169 esse
2277 3114 2479 3184 judico.
2508 3115 2637 3180 Quae
2666 3103 2956 3184 postquam
2986 3116 3105 3186 ipsa
3152 3115 3232 3171 sic
3279 3116 3347 3171 ab
3398 3114 3492 3172 illo

1917 3205 2129 3273 prolata
2179 3207 2269 3260 ubi
2308 3209 2512 3276 scripto
2560 3208 2974 3277 consignavero,
3009 3207 3240 3262 ulterius
3287 3208 3347 3284 in
3386 3207 3490 3264 hoc

1917 3296 2055 3350 libro
2107 3310 2212 3349 non
2270 3297 2605 3365 progrediar,
2652 3298 2719 3351 ad
2768 3297 2855 3351 illa
2902 3298 3191 3352 refellenda
3248 3299 3489 3352 refutan-

1917 3388 2051 3440 dave
2081 3404 2093 3439 :
2130 3387 2223 3441 sed
2255 3401 2356 3441 nec
2381 3402 2516 3456 opus
2537 3398 2620 3442 est
2647 3389 2946 3444 orationem
2991 3390 3326 3444 contexendo
3358 3403 3490 3458 pro-

1915 3479 2133 3546 ducere,
2191 3494 2313 3533 cum
2372 3480 2480 3532 sint
2533 3479 2634 3542 illi,
2689 3494 2823 3548 quos
2867 3480 3127 3535 conviciis
3190 3478 3486 3544 laceravit,

1920 3570 2228 3636 neutiquam
2279 3569 2444 3637 ignoti
2487 3568 2572 3622 vel
2609 3569 2897 3636 ignobiles,
2956 3570 3047 3623 sed
3098 3577 3371 3637 utcunque
3406 3569 3486 3624 si-

1916 3657 2082 3711 lentio
2112 3671 2170 3711 se
2204 3657 2544 3722 contineant,
2581 3659 2821 3711 omnium
2850 3649 2945 3712 ore
2977 3668 3031 3711 et
3067 3672 3317 3712 sermone
3339 3657 3485 3714 cele-

1915 3749 2053 3802 brati
2091 3765 2103 3800 :
2138 3764 2370 3817 cumque
2397 3749 2511 3813 illa,
2544 3763 2706 3818 quam
2747 3750 2798 3802 in
2833 3749 3109 3804 Christum
3147 3749 3238 3804 Dei
3268 3757 3484 3804 eructa-

1909 3840 2006 3901 vit,
2043 3839 2375 3908 blasphemia
2417 3842 2550 3893 adeo
2595 3842 2666 3894 sit
2703 3841 2985 3895 manifesta
3038 3848 3094 3895 et
3127 3842 3179 3894 in
3231 3839 3484 3898 confesso

1907 3937 2108 4003 posita,
2147 3945 2208 3988 ut
2256 3937 2320 3987 ad
2377 3935 2523 3989 illam
2581 3937 2962 3992 revincendam
3003 3937 3278 3992 exactiore
3302 3937 3483 4006 aliqua

1910 4025 2192 4095 diligentia
2243 4041 2349 4080 non
2395 4028 2468 4080 sit
2509 4043 2665 4097 opus.
2706 4029 2914 4097 Quippe
2953 4028 3048 4094 qui
3085 4027 3322 4080 divinam
3356 4038 3480 4095 gra-

1914 4117 2037 4171 tiam
2078 4119 2130 4171 in
2180 4119 2417 4173 Ecclesia
2461 4119 2796 4185 delibarunt,
2831 4119 3004 4188 parvi,
3052 4118 3280 4182 minimi,
3319 4130 3478 4185 imag-

1895 4411 2131 4532 (aliastt’hci'a,
2167 4410 2232 4464 ad
2269 4412 2580 4464 ἐναντίωσιν
2619 4413 2795 4465 αυτῶν
2823 4409 3222 4481 ειάνατροπὴν
3248 4409 3473 4466 descen-

1935 4492 1991 4532 ιι.

1935 4492 1991 4532 ιι.

1968 4547 2078 4617 (19)
2110 4548 2280 4621 Vulgo
2307 4549 2581 4619 ἀγνώτους
2614 4552 2780 4614 τινός.
2813 4551 2942 4604 Dein
2998 4551 3051 4603 in
3098 4562 3240 4604 corr.
3277 4566 3292 4604 :
3327 4549 3470 4621 Lege

1896 4618 2305 4690 πανηγυρίζειν.
2341 4621 2500 4674 Forte
2526 4623 2640 4674 loco
2663 4621 3046 4690 γνωρίζεσθαι.

1967 4687 2077 4759 (20)
2116 4687 2526 4757 Ἇμφήριστον.
2561 4687 2682 4744 Hoc
2703 4687 2948 4754 estquod
2974 4690 3109 4743 vult.
3158 4687 3290 4759 Cum
3326 4703 3464 4759 non-

1897 4757 2052 4811 nulla:
2103 4759 2333 4812 haereses
2364 4762 2434 4812 ita
2480 4762 2590 4814 sint
2626 4768 2967 4826 comparatae,
3007 4769 3064 4811 ut
3089 4772 3192 4810 non
3233 4757 3331 4809 nisi
3360 4757 3466 4812 dif-

1894 4826 2104 4880 ﬁculter
2144 4829 2356 4895 agnosci
2390 4839 2442 4882 et
2491 4831 2815 4894 deprehendi
2852 4830 3083 4896 possint,
3115 4838 3172 4881 et
3207 4832 3302 4896 vix
3345 4837 3464 4879 tan-

1893 4900 2012 4949 dem
2049 4913 2142 4965 pro
2175 4899 2468 4952 baeresibus
2498 4900 2794 4952 habeantur
2824 4895 2942 4950 :ait
2971 4898 3113 4950 illam
3143 4913 3170 4949 a
3207 4895 3461 4950 Marcello

1892 4968 2162 5018 excultum
2191 4976 2242 5019 et
2267 4978 2612 5036 propagatam
2637 4970 2754 5036 ejus
2779 4983 2897 5021 esse
2925 4969 3156 5036 generis,
3185 4976 3240 5018 ut
3273 4965 3353 5019 vel
3392 4966 3459 5018 de

1890 5036 2060 5102 prima
2092 5036 2245 5096 lacie,
2274 5039 2497 5091 auribus
2523 5038 2911 5103 audita,oculis
2940 5040 3141 5102 scripto
3178 5046 3457 5102 usurpata,

1890 5119 1988 5170 pro
2010 5106 2513 5168 lueresi,.communi
2543 5108 2816 5161 hominum
2844 5110 2893 5158 in
2925 5107 3161 5158 Ecclesia
3193 5120 3457 5157 consensu

1891 5175 2175 5245 habeatur.
2232 5175 2391 5229 Certe
2448 5177 2532 5228 illa
2586 5193 2743 5245 quam
2797 5178 3048 5229 Marcello
3091 5177 3458 5242 ascripserant

1889 5243 2095 5308 Ariani,
2127 5256 2241 5297 erat
2288 5246 2404 5312 ejus
2448 5243 2696 5313 generis;
2763 5259 2813 5299 at
2861 5258 3039 5299 utrum
3090 5245 3232 5296 illam
3296 5254 3453 5308 prout

1889 5312 2060 5365 eidem
2098 5313 2168 5367 illi
2194 5312 2561 5383 objectabant,
2590 5317 2789 5370 foveret
2843 5316 3143 5378 Marcellus,
3171 5318 3456 5383 quoumin-

1890 5383 2043 5454 rimis
2081 5399 2183 5436 non
2219 5381 2395 5438 niinus
2443 5387 2491 5437 iu
2530 5387 2787 5450 religione
2822 5386 3047 5454 lyuccis,
3092 5381 3252 5454 quam
3285 5381 3454 5434 Euse-

1876 5451 2009 5528 bius
2066 5463 2178 5528 erat
2213 5494 2227 5518 ,
2270 5470 2382 5528 non
2419 5457 2610 5522 patuit,
2659 5456 2796 5528 Juliu
2843 5451 3125 5521 pontiﬁcii
3160 5453 3406 5528 Rom:in
3438 5490 3452 5511 ν

1885 5521 2185 5576 Athanasio
2253 5521 2643 5589 Alexandrino,
2725 5526 2798 5577 illi
2853 5528 3116 5577 haeresum
3173 5521 3450 5592 ῥαιστῆρι,

1887 5592 2295 5658 quatnplurimis
2326 5595 2442 5648 aliis
2480 5611 2491 5643 :
2532 5595 2756 5657 concilio
2795 5593 3105 5647 Sardiceusi
3143 5589 3248 5645 non
3276 5589 3451 5658 lique-

1890 5660 2023 5712 bat:
2061 5661 2111 5711 ni
2147 5660 2427 5718 Marcellus
2453 5666 2849 5720 absolve-batur.
2891 5663 2938 5715 Μ

1957 5729 2066 5797 (⁸21)
2101 5729 2224 5783 Dele
2252 5732 2330 5786 δέ.

1955 5799 2066 5868 (2⁸2)
2097 5800 2288 5868 Scribe
2311 5804 2459 5856 αὐτὸ.

1951 5866 2065 5938 (25)
2093 5866 2229 5938 Lege
2251 5871 2335 5942 δή.

3061 5966 3140 6023 23
