4048 6408
623 394 730 453 715

1293 386 1555 444 EUSEBIi
1592 380 2047 442 CESARIENSIS
2088 379 2236 436 OPP.
2275 376 2454 432 PARS
2489 375 2579 433 iV.
2616 408 2686 418 —-
2723 375 3136 434 DOGMATICA.

3730 376 3833 430 7H)

620 515 702 578 ni,
743 512 1031 567 novitatem
1087 506 1427 571 insolentem,
1474 506 1632 574 hujus
1676 504 1861 571 nuperi
1916 499 2167 569 theologi,

2273 498 2381 550 οὐκ
2406 494 2538 549 ἐστι
2578 496 2687 563 ¹μὰρ
2715 496 2888 558 ἄλλο,
2929 494 3004 556 ὡς
3032 492 3194 556 αὐτός
3229 508 3391 561 φησιν
3412 508 3423 520 ·
3459 484 3512 545 εὶ
3547 490 3634 559 μή
3675 492 3833 557 τινός

621 599 707 656 vel
722 608 992 668 acceptam
1019 596 1202 665 primis
1229 594 1462 658 auribus,
1481 604 1757 661 agnovere.
1788 590 1938 643 Hanc
1956 590 2023 642 ob
2045 602 2171 642 cau-

623 705 737 746 sam
756 688 1090 742 adbibitunus
1115 700 1233 741 sum
1262 684 1612 739 hrevissimas
1641 680 1895 750 quasdam
1923 680 2173 747 designa-

624 780 796 835 tiones
825 792 993 843 meas,
1026 774 1286 831 orationis
1324 774 1594 843 quoddam
1628 784 1847 849 corpu},
1894 770 2082 824 ordine
2122 775 2175 821 et

622 869 929 924 methodico
998 880 1282 937 progressu
1352 873 1763 919 concatenatum
1817 861 2172 922 constituens,

623 972 731 1028 quo
763 971 881 1026 qua:
924 959 991 1010 ab
1022 954 1111 1008 illo
1150 951 1516 1023 proferuntur,
1548 964 1705 1019 quam
1754 947 1863 1002 sint
1912 946 1980 1001 ab
2027 946 2173 1001 omni

622 1049 831 1103 ratione
864 1048 1054 1111 aliena,
1095 1044 1332 1115 pateﬁat.
1382 1041 1582 1097 Verum
1616 1049 1899 1111 antequam
1953 1039 2007 1092 in
2062 1054 2173 1092 me-

623 1140 770 1194 dium
816 1137 931 1205 ejus
963 1138 1125 1191 verba
1169 1134 1463 1206 protulero,
1499 1132 1862 1187 admonendos
1902 1130 2023 1184 illos
2050 1143 2175 1184 esse

621 1243 808 1284 omnes
848 1228 1119 1293 existimo,
1173 1226 1238 1279 ad
1292 1238 1517 1294 quorum
1564 1237 1757 1276 manus
1784 1221 1887 1275 hoc
1933 1234 2173 1289 praesens

621 1316 793 1385 ipsius
823 1317 1083 1385 scriptum
1128 1313 1451 1383 pervenerit,
1474 1326 1539 1367 eo
1566 1312 1737 1381 magis
1781 1310 1824 1365 si
1850 1308 1957 1363 sint
1982 1310 2050 1363 de
2072 1306 2175 1363 Ga-

621 1408 748 1462 latia
776 1407 1015 1472 orlundi,
1051 1411 1109 1469 >11
1144 1419 1209 1459 ne
1236 1404 1405 1458 velint
1434 1403 1626 1457 divinas
1652 1401 1795 1456 beati
1829 1397 1981 1454 Pauli
2021 1399 2174 1455 vocis

620 1512 859 1567 unquam
901 1495 1164 1559 oblivisci,
1198 1508 1306 1563 qua
1351 1492 1568 1548 Galatas
1595 1491 1739 1556 ipsos
1762 1491 2170 1555 adhortabatur,

622 1602 693 1642 ne
721 1588 788 1641 ab
828 1600 893 1640 eo
926 1584 1016 1654 qui
1049 1584 1100 1638 in
1130 1580 1330 1637 Christi
1377 1581 1604 1652 gratiam
1652 1582 1863 1635 vocavit
1916 1581 2075 1650 ipsos,
2104 1580 2173 1633 ad

622 1677 772 1730 aliud
803 1674 1142 1744 anngelium
1182 1678 1597 1739 transterantur,
1644 1689 1763 1726 cum
1804 1687 1999 1738 revera,
2034 1671 2172 1739 quod

620 1766 777 1819 docet
802 1764 894 1828 ibi,
928 1778 1029 1816 non
1073 1765 1138 1816 sit
1188 1763 1334 1816 aliud
1377 1762 1542 1814 ullum
1568 1760 1909 1829 euangelium,
1940 1759 2055 1821 sed,
2082 1757 2172 1827 qui

2274 587 2429 639 εισιν
2455 589 2508 639 ol
2548 585 2956 652 ταράσσοντες
2982 581 3224 646 αὐτοὺς,
3265 581 3365 634 καὶ
3412 579 3695 646 θέλοντες
3734 598 3829 649 μευ

2272 675 2596 743 ταστρέψαι
2630 675 2695 730 τὸ
2728 673 3093 745 Εὐαττόλιον
3120 672 3227 726 τοῦ
3264 671 3541 741 Χριστοῦ.
3582 670 3838 740 Rex;th

2271 766 2327 818 δὲ
2364 765 2676 831 ἀναγκαίως
2711 764 2997 833 προσέχειν
3019 762 3113 815 τὸν
3139 762 3283 827 νοῦν,
3312 761 3381 814 δι’
3402 755 3462 815 οὗ
3492 760 3589 815 καὶ
3641 760 3836 813 ἐαυτοῦ

2275 854 2677 923 καθαπτόμενος
2708 855 2737 905 ὁ
2767 853 3017 916 τοσοῦτος
3050 852 3387 916 Ἀπόστολος,
3421 854 3499 915 είς
3525 849 3836 919 δυσώπησιν

2271 945 2379 998 τῶν
2411 942 2751 1014 διαστρέφειν
2782 944 2905 1005 τοὺς
2948 942 3147 1013 ἄνδρας
3182 941 3559 1012 πειρωμένων,
3588 940 3836 1011 προσετί-

2274 1036 2354 1089 θει
2394 1035 2595 1103 λέγων*
2642 1032 2825 1086 Ἀλλὰ
2858 1031 2972 1085 κᾶν
3026 1031 3215 1101 ἡμεῖς,
3243 1031 3299 1103 ἠέ
3323 1030 3578 1099 ἄγγελος
3614 1028 3686 1094 ἐξ
3733 1030 3836 1083 οὐ-

2264 1124 2458 1193 ρανοῦ
2499 1122 2640 1192 ὑμῖν
2687 1124 3169 1192 εὐαγγελίσηται,
3199 1123 3335 1189 παρ’
3379 1122 3410 1173 ὃ
3448 1120 3837 1190 εὐηγγελισά-

2268 1220 2417 1286 μεθα
2437 1215 2597 1285 ὑμῖν,
2622 1212 2886 1283 ἀνάθεμα
2917 1214 3053 1285 (25‘)
3076 1214 3249 1268 éo’ru.
3280 1214 3346 1265 Ὀ
3377 1211 3441 1282 δὴ
3482 1211 3836 1267 ἐπαναλασὼν

2271 1306 2511 1377 δευτεροῖ
2532 1304 2754 1373 φάσκων
2772 1320 2785 1333 ·
2833 1302 2927 1368 Ὠς
2973 1302 3426 1371 προειρήκαμεν,
3457 1301 3558 1355 καὶ
3576 1302 3705 1369 ἄρτι
3728 1301 3838 1356 πάι

2269 1400 2369 1449 ,ιιν
2397 1395 2571 1466 λέγω,
2591 1395 2647 1448 ει
2667 1412 2756 1460 τις
2778 1393 2933 1463 ὑμᾶς
2951 1394 3429 1465 εὐαγγελίσηται,
3458 1393 3592 1462 παρ’
3622 1393 3655 1447 ὃ
3692 1408 3838 1462 παρ-

2269 1485 2526 1551 ελάϐετε,
2555 1484 2819 1554 ἀνάθεμα
2840 1483 3087 1538 ἔστω.Τί
3113 1484 3170 1538 δὲ
3205 1479 3273 1555 ἦν
3295 1482 3469 1546 τοῦτο,
3510 1484 3640 1555 παρ’
3670 1484 3701 1537 δ
3724 1484 3837 1552 (24)

2270 1577 2369 1630 οὐκ
2418 1573 2487 1648 ἦν
2532 1577 2842 1645 εὐαγγέλιον
2902 1574 3051 1647 [ἄλλο
3078 1574 3597 1646 εὑαγγελίσασθαι];
3642 1574 3840 1630 Ἥποο

2272 1669 2488 1732 πάντως
2539 1668 2671 1721 αὐτὸ
2714 1670 2905 1731 ἐκεῖνο,
2934 1665 2964 1719 δ
2989 1666 3101 1736 (25)
3135 1666 3200 1737 δὴ
3242 1668 3354 1728 τοῖς
3403 1666 3570 1720 αὐτοῦ
3611 1667 3838 1738 παραδι-

2270 1758 2392 1822 δοὺς
2458 1758 2726 1828 μαθηταῖς
2778 1760 2807 1812 ό
2869 1757 3057 1827 Σωτὴρ
3100 1756 3516 1827 ἀναγέγραπται
3571 1757 3839 1829 εἰρηκώς·

622 1855 925 1908 contuth
954 1852 1095 1917 illos,
1122 1854 1393 1917 exsistant,
1418 1861 1465 1905 et
1498 1852 1590 1919 qui
1638 1849 1919 1916 transferre
1957 1848 2168 1915 cupiant

2273 1849 2660 1917 Πορευθέντες
2691 1850 3100 1917 μαθητεύσατε
3157 1847 3353 1901 πάντα
3394 1848 3468 1902 τὰ
3512 1848 3679 1917 ἔθνη,
3720 1850 3841 1913 ,βα-

621 1944 818 1997 Christi
854 1942 1193 2011 Evangelium
1221 1944 1259 1994 ⁸.
1287 1940 1416 1995 Illud
1443 1947 1618 1993 autem
1646 1939 1699 1991 in
1732 1937 1919 2006 primis
1948 1947 2004 1991 et
2035 1946 2164 1991 ante

620 2034 801 2089 omnia
848 2034 1227 2089 attendendum
1264 2032 1457 2095 fuerat,
1487 2031 1628 2100 quod
1673 2044 1773 2083 nec
1805 2030 1906 2084 sibi
1955 2030 2172 2098 quidem

621 2127 924 2196 pepercerit
981 2124 1069 2180 ille
1107 2134 1287 2178 tantus
1326 2122 1633 2191 Apostolus,
1666 2122 1757 2177 sed
1801 2122 1869 2175 ad
1902 2120 2018 2175 illos
2053 2135 2169 2190 per-

619 2217 912 2273 movendos
941 2225 997 2269 et
1044 2214 1462 2279 couvincendos,
1496 2214 1587 2283 qui
1634 2211 1855 2267 Galatas
1883 2211 2175 2265 conturba-

620 2306 770 2370 bant,
820 2304 1074 2376 adjecerit
1102 2321 1115 2355 :
1142 2303 1365 2358 Etiamsi
1409 2304 1487 2356 vel
1519 2318 1611 2356 nos
1652 2301 1729 2355 vel
1760 2302 1823 2353 de
1880 2300 2008 2353 cazlo
2036 2300 2176 2353 vobis

620 2394 838 2465 angelus
872 2394 1021 2447 aliud
1072 2393 1345 2445 annuntiet
1402 2391 1765 2460 Euangelium,
1818 2398 2005 2456 prieter
2043 2387 2177 2441 illud

620 2484 758 2552 quod
775 2484 891 2552 jam
916 2482 1335 2549 prtedicavimus,
1380 2482 1660 2534 anathema
1707 2480 1771 2534 sit
1793 2481 1837 2534 ³.
1870 2479 1980 2532 Nec
2010 2478 2176 2533 semel

621 2575 865 2644 posuisse
909 2581 1214 2635 contentus,
1246 2571 1491 2641 reponit,
1527 2569 1679 2635 Quod
1695 2572 1813 2639 jam
1857 2570 2001 2636 prius
2044 2569 2174 2633 dixi,

622 2676 671 2719 et
704 2668 889 2719 iterum
918 2665 1186 2725 denuntio,
1220 2664 1264 2717 si
1297 2666 1410 2732 quis
1453 2661 1593 2715 vobis
1622 2659 1953 2729 evangeliset,
1988 2670 2179 2727 prater

621 2760 675 2812 id
701 2759 837 2825 quod
864 2756 1157 2825 accepistis,
1186 2755 1466 2807 anathema
1491 2752 1557 2806 sit
1578 2752 1618 2803 ³.
1642 2750 1773 2803 ΙΙΙυιΙ
1799 2760 1977 2805 autem
2001 2750 2177 2805 Evan-

619 2848 817 2919 gelium
867 2848 1137 2915 quodnam
1171 2844 1273 2898 fuit
1325 2843 1467 2913 quod
1506 2850 1852 2912 acceperant,
1892 2850 1947 2895 et
1982 2850 2178 2910 praeter

617 2939 763 3007 quod
791 2952 897 2992 non
938 2946 1053 2992 erat
1079 2936 1220 2991 aliud
1256 2934 1684 2989 annuntiandum
1707 2934 1731 2986 ?
1758 2931 2017 3001 Equidem
2047 2930 2178 2985 illud

618 3031 792 3097 ipsum
840 3029 983 3096 quod
1018 3026 1297 3096 discipulis
1328 3026 1440 3081 suis
1472 3025 1729 3079 Dominus
1778 3022 2068 3078 tradidisse
2098 3022 2179 3077 di-

619 3122 782 3185 citur,
838 3119 925 3173 ubi
958 3118 1033 3172 ait
1061 3136 1075 3171 :
1116 3116 1348 3185 Profecti
1380 3116 1553 3169 docete
1579 3130 1753 3167 omnes
1798 3123 1992 3183 gentes,
2022 3112 2182 3181 bapti-

621 3218 798 3261 aantes
828 3224 917 3261 eos
978 3206 1033 3258 in
1066 3204 1271 3258 nomine
1319 3201 1518 3267 Patris,
1559 3212 1606 3255 et
1661 3199 1812 3263 Filii,
1858 3208 1907 3254 et
1952 3198 2180 3268 Spiritus

620 3299 786 3350 sancti
807 3296 847 3347 ⁵.
880 3294 1043 3349 Nobis
1075 3294 1261 3362 utique
1294 3294 1432 3347 hanc
1461 3293 1690 3361 gratiam
1729 3294 1782 3347 in
1812 3294 2180 3361 cognoscenda

620 3395 966 3443 sacrosancta
1002 3385 1268 3439 Trinitate
1300 3386 1452 3438 solus
1504 3384 1591 3438 ille
1646 3384 1774 3439 solis
1828 3383 2083 3453 patefecit
2127 3385 2180 3437 in

620 3482 714 3534 illa
742 3489 921 3534 nostra
953 3480 1175 3547 mystica
1204 3479 1640 3547 regeneratione,
1672 3491 1792 3531 cum
1823 3490 1920 3530 nec
1946 3475 2177 3546 Moyses,

620 3582 720 3623 nec
772 3569 1056 3637 quisquam
1113 3566 1239 3620 olim
1304 3567 1709 3636 prophetarum,
1761 3566 1928 3634 priori
1980 3565 2178 3634 pepulo

618 3658 779 3727 hujus
813 3658 1083 3711 exstiterit
1125 3657 1457 3711 administer.
1490 3658 1569 3709 Ad
1622 3655 1711 3708 Dei
1740 3655 1936 3725 quippe
1978 3654 2171 3708 Filium

620 3759 783 3816 atque
830 3749 976 3801 illum
1015 3748 1187 3801 solum
1241 3748 1567 3816 pertinebat,
1623 3746 1759 3800 hanc
1810 3762 1839 3799 a
1882 3744 2041 3800 Patre
2078 3758 2174 3799 suo

620 3839 847 3909 gratiam
877 3838 1179 3893 hominibus
1221 3838 1483 3892 universis
1528 3838 1900 3890 annuntiatam
1937 3850 2175 3889 commu-

619 3932 802 3985 nicare
829 3944 844 3983 :
878 3944 1002 3984 cum
1028 3929 1110 3984 lea:
1131 3945 1219 3998 per
1252 3928 1487 3999 Moysem
1512 3930 1636 3981 data
1669 3929 1848 3994 fuerit,
1870 3929 2042 3998 gratia
2076 3943 2172 3979 au—

623 4031 725 4072 tem
761 4029 810 4074 et
857 4021 1041 4073 veritas
1092 4035 1183 4087 per
1231 4017 1412 4073 Jesum
1466 4006 1725 4072 Christum
1745 4019 1789 4082 ⁵,
1821 4032 2049 4087 eumque
2085 4031 2173 4071 so-

624 4109 765 4171 lum,
816 4118 998 4178 utpote
1047 4107 1245 4163 Filium
1296 4109 1650 4179 unigenitum.
1702 4107 2007 4175 Quocirca,
2070 4121 2175 4162 nec

695 4304 761 4369 >14,
784 4299 882 4355 Ed.
915 4298 1113 4369 Parim,
1144 4314 1265 4369 pag.
1296 4300 1352 4369 3.

696 4373 709 4400 ¹
735 4368 852 4423 Gal.
878 4386 918 4435 I,
941 4368 996 4433 6,
1032 4369 1082 4423 7.
1148 4368 1157 4369 ί
1189 4370 1209 4399 ³
1237 4368 1365 4423 ibid.
1397 4368 1450 4423 8.
1558 4369 1579 4399 ³
1610 4368 1739 4424 ibid.
1774 4369 1827 4425 9.

692 4634 825 4704 (εῖν)
855 4634 955 4704 Mp-
991 4634 1157 4704 ἔσται·

694 4703 935 4773 (iilup.
978 4703 1049 4756 ίσ.
1086 4706 1164 4755 ὅτι
1202 4704 1321 4767 οὐκ,
1376 4703 1535 4757 verba
1576 4704 1700 4757 ἄλλο
1719 4705 2170 4772 εὐαγγελίσασθαι

610 4774 881 4843 glossema
913 4775 1141 4843 sapiunt.

695 4842 806 4912 (25)
841 4839 1003 4910 Vulgo
1030 4842 1105 4894 δέ.

695 4844 806 4980 (25;
841 4844 1003 4910 Vulgo
1030 4844 1105 4894 δέ.

694 4912 781 4977 (26
823 4911 1015 4976 Μόνος
1042 4912 1235 4965 αὐτόν’
1257 4913 1350 4964 διὰ
1397 4912 1502 4978 τῆς
1530 4913 1845 4980 μυστικῆς.
1885 4912 1996 4966 Hoc
2020 4915 2128 4966 vult
2157 4930 2165 4960 :

621 4991 745 5033 ante
803 4980 1203 5045 συγκαταϐασιν
1250 4992 1305 5033 ct
1350 4982 1493 5034 illam
1542 4984 1593 5034 in
1646 4998 1807 5036 carne
1864 4980 2165 5036 Servatoris

620 5050 790 5103 nostri
812 5050 1137 5118 οἰκονομίαν,
1157 5050 1258 5113 Qui
1277 5052 1462 5104 invenit
1482 5066 1683 5103 omnem
1708 5052 1842 5105 viam
1856 5052 2165 5118 disciplima,

620 5132 665 5171 et
694 5119 906 5170 tradidit
930 5120 1078 5170 illum
1117 5120 1279 5173 Jacob
1323 5136 1480 5186 puero
1531 5136 1644 5179 suo.
1674 5131 1719 5173 et
1769 5120 1937 5172 Israel
1978 5120 2165 5173 dilecto

619 5204 735 5247 suo,
769 5188 1089 5259 ductrinatni
1123 5188 1286 5259 illam,
1338 5190 1389 5239 in
1445 5188 1679 5241 Ecclesia
1736 5189 2035 5259 Quam-try,
2098 5190 2163 5243 de

621 5267 963 5309 sacrosancta
1004 5256 1287 5318 Trinitate,
1344 5273 1601 5325 nusquam
1652 5259 1702 5325 in
1736 5256 1920 5311 Veteri
1968 5257 2161 5312 Testa-r

621 5336 820 5397 mento,
843 5340 935 5391 per
964 5325 1192 5397 Moysem
1208 5337 1299 5379 aut
1321 5324 1938 5393 prophetasJudeorum
1970 5328 2163 5397 populo

622 5393 930 5447 revelatam.
963 5393 1124 5460 Cujus
1155 5396 1411 5449 rationem
1444 5398 1577 5450 libro
1605 5410 1663 5448 ιη
1695 5397 1767 5449 De
1794 5393 2159 5451 ecclesitlieol.

620 5464 695 5512 ait
723 5460 887 5517 fuisse
918 5465 1092 5533 populi
1118 5463 1277 5533 illius,
1309 5480 1465 5533 quem
1512 5466 1857 5519 erudiendum
1910 5480 2159 5533 suscepe-

2271 1939 2569 2005 κτίζοντες
2615 1938 2835 2005 αὐτοὺς
2868 1941 2955 2005 είς
2997 1938 3065 1992 τὸ
3094 1937 3279 2007 ὄνομα
3306 1938 3412 1992 τοῦ
3460 1939 3713 2007 Πατρός,
3747 1940 3842 1994 καὶ

2271 2028 2376 2081 τοῦ
2412 2028 2566 2092 me,
2597 2026 2697 2081 και
2725 2027 2831 2080 τοῦ
2866 2028 3037 2096 ἁγίου
3070 2030 3431 2096 Πνεύματος.
3471 2027 3690 2099 Ταύτην
3736 2029 3844 2099 γὰρ

2273 2120 2403 2189 ἡμῖν
2432 2119 2531 2189 τὴν
2562 2118 2720 2189 χάριν
2732 2117 2835 2201 τῆς
2865 2116 3117 2186 γνώσεως
3156 2118 3255 2187 τῆς
3287 2119 3447 2186 ἁγίας
3474 2119 3703 2189 Τριάδος
3732 2119 3843 2189 (26)

2277 2212 2435 2280 μόνος
2455 2212 2614 2273 αὐτὸς
2638 2210 2727 2264 διὰ
2756 2211 2857 2281 τῆς
2905 2210 3169 2281 μυστικῆς
3204 2211 3499 2282 δεδώρηται
3547 2213 3847 2283 άναγεννήα

2276 2319 2431 2366 σεως,
2462 2300 2585 2355 οὔτε
2610 2302 2882 2365 Μωῦσέως
2922 2302 3045 2355 οὔτε
3089 2303 3382 2374 προφητῶν
3418 2320 3563 2366 τινος
3587 2303 3667 2373 τῷ
3713 2320 3847 2374 προ-

2274 2393 2415 2463 τέρῳ
2441 2392 2555 2462 λαῷ
2576 2393 2778 2464 ταύτην
2804 2393 3286 2466 διαχονησαμένου.
3302 2394 3466 2465 Μόνῳ
3492 2394 3600 2466 γὰρ
3636 2395 3845 2466 ἔπρεπε

2274 2484 2351 2552 τῷ
2366 2482 2481 2551 Υίῴ
2509 2482 2602 2535 τοῦ
2648 2483 2785 2535 Θεοῦ
2828 2483 2926 2554 τὴν
2968 2484 3236 2555 πατρικὴν
3291 2484 3493 2537 ἅπασιν
3538 2484 3846 2557 ἀνθρώποις

2276 2572 2723 2639 εὐαγγελίσασθαι
2746 2573 2934 2643 χάριν
2966 2575 3260 2644 ἐπειδήπερ
3280 2577 3313 2627 d
3341 2576 3523 2642 νόμος
3553 2573 3651 2628 διὰ
3672 2578 3845 2630 Μωῡο

2276 2662 2429 2729 σέως
2460 2662 2659 2729 ἐδόθη,
2691 2660 2789 2715 διὰ
2832 2661 2901 2715 δὲ
2925 2663 3117 2732 μόνου
3147 2663 3339 2731 Ἰησοῦ
3388 2664 3495 2718 τοῦ
3558 2661 3845 2732 Χριστοῦ,

2275 2754 2351 2817 ὡς
2378 2754 2465 2807 διὰ
2494 2754 2811 2825 μονογενοῦς
2860 2754 3013 2818 Υίοῦ,
3056 2756 3095 2823 ἠ
3146 2753 3316 2823 χάρις
3357 2753 3457 2808 καὶ
3502 2756 3541 2823 ὴ
3593 2755 3845 2821 ἀλήθεια

2275 2832 2531 2914 ἐγένετο.
2558 2844 2748 2899 Ἔνθεν
2770 2845 2992 2909 εἰκότως
3022 2848 3052 2899 ό
3101 2845 3197 2915 μὲν
3224 2845 3598 2917 παιδαγωγοῦ
3621 2848 3845 2913 τρόπον

2276 2932 2684 3004 νηπιάζοντιτῷ
2714 2933 2963 3004 προτέρῳ
2986 2934 3101 3003 λαῷ
3137 2938 3373 3004 στοιχεῖα
3394 2935 3493 3005 τῆς
3533 2935 3711 3007 ἀρχῆς
3736 2937 3846 2990 τῶν

2276 3024 2370 3076 τοῦ
2403 3023 2537 3077 Θεοῦ
2566 3024 2849 3094 παρεδίδου
2878 3023 3092 3093 λογίων,
3141 3023 3399 3077 πολυθέου
3426 3024 3525 3095 μὲν
3566 3026 3845 3097 ἀπείργων
3868 3019 3895 3025 ’

2283 3114 2510 3184 πλάνης,
2532 3114 2664 3167 Θεὸν
2710 3114 2767 3166 δὲ
2814 3114 3098 3185 κηρύττων
3142 3115 3236 3166 ἕνα
3281 3115 3439 3183 μόνον
3464 3116 3691 3169 ειδέναι·
3723 3120 3757 3187 η
3790 3118 3844 3171 δέ

2283 3206 2546 3277 σωτήριος
2598 3204 2755 3275 χάρις
2800 3205 3166 3278 ὑπερκόσμιόν
3205 3222 3324 3258 τινα
3395 3207 3490 3259 καὶ
3548 3207 3845 3278 ἀγγελικὴν

2281 3297 2409 3367 ἡμῖν
2442 3296 2750 3367 παρέχουσα
2787 3296 3007 3364 γνῶσιν,
3050 3296 3112 3349 τὸ
3138 3296 3301 3349 πάλαι
3357 3297 3433 3367 τῷ
3456 3299 3705 3370 προτέρῳ
3732 3298 3845 3369 λαιῖι

2281 3386 2634 3456 σεσιγημένον
2672 3388 2967 3457 μυστήριον
2996 3386 3295 3455 ἀναφανδὸν
3336 3386 3718 3454 ἐξεκάλυπτεν,
3749 3391 3833 3443 αὑ

2275 3479 2366 3531 τὸν
2382 3480 2472 3530 τὸν
2497 3479 2751 3532 ἐπέκεινα
2784 3478 2891 3531 τῶν
2938 3478 3075 3532 ὅλων
3102 3479 3253 3543 Θεὸν,
3286 3480 3375 3533 τὸν
3418 3482 3529 3544 τοῖς
3561 3482 3725 3535 πάλαι
3746 3484 3843 3537 ἀν-

2276 3568 2510 3640 θρώποις
2558 3569 2917 3639 ἐγνωσμένον,
2957 3570 3088 3624 Θεὸν
3127 3570 3243 3641 ἅμα
3303 3571 3394 3624 καὶ
3440 3572 3658 3643 Πατέρα
3703 3568 3843 3627 εῖναι

2276 3658 2369 3711 τοῦ
2415 3658 2541 3711 Υίοῦ
2601 3658 2693 3711 τοῦ
2746 3658 3062 3728 μονογενοῦς
3104 3660 3464 3730 κηρύττουσα,
3511 3662 3609 3730 τήν
3646 3678 3706 3713 τε
3748 3662 3844 3714 τοῦ

2280 3748 2432 3816 ἁγίου
2466 3746 2780 3816 Πνεύματος
2810 3748 2897 3801 διὰ
2926 3746 3019 3801 τοῦ
3052 3748 3178 3801 Υίοῦ
3227 3752 3338 3809 τοῖς
3384 3749 3553 3813 ἀξίοις
3588 3752 3843 3820 ἐπιχορης

2278 3836 2446 3904 γοῦσα
2468 3835 2711 3905 δύναμιν.
2742 3836 2875 3905 (26⁸)
2897 3835 3054 3907 Αὐτῷ
3086 3854 3202 3900 πως
3230 3836 3328 3909 τὴν
3353 3837 3512 3907 ἁγίαν
3542 3839 3636 3893 καὶ
3665 3856 3842 3909 μακα-

2282 3928 2399 4000 ρίαν
2431 3928 2525 3980 xui.
2559 3926 2821 3999 μυστικὴν
2836 3928 3040 3998 Τριάδα
3067 3928 3277 3999 [ἰατρὸς
3298 3930 3391 3981 καὶ
3408 3926 3536 3981 Υίοῦ
3570 3928 3666 3982 καὶ
3687 3929 3843 3998 ἁγίου

2279 4020 2591 4089 Πνεύματος
2620 4020 2700 4081 είς
2740 4021 3001 4090 σωτήριον
3034 4018 3222 4071 ἐλπίδα
3246 4016 3337 4071 διὰ
3368 4018 3463 4089 τῆς
3510 4019 3569 4070 ἐν
3623 4017 3843 4090 Χριστῷ

2280 4108 2685 4180 ἀναγεννήσεως
2735 4110 2769 4179 ή
2801 4108 2894 4162 τοῦ
2935 4107 3072 4162 Θεοῦ
3118 4106 3410 4179 Ἐκκλησία
3450 4108 3843 4180 παραλαὼῦσσ

1930 4372 1952 4401 ⁸
1982 4370 2369 4433 Mattb.xxvut,
2403 4368 2491 4424 l9.
2564 4369 2586 4399 ⁸
2615 4367 2769 4423 Joan.
2812 4370 2964 4433 ι,17.

2207 4639 2253 4693 Ι)
2283 4634 2436 4709 i_stius
2460 4637 2691 4709 m_entio_;_
2736 4634 2831 4689 sed
2860 4634 3283 4705 αίνιγματώδης,
3306 4646 3357 4709 et
3390 4638 3839 4709 ἐγκεκρυμμένοι.

2281 4703 2783 4775 Ετειεηὶιηηεάιιιιε
2818 4703 3022 4775 tempus
3061 4703 3579 4775 καταπετάσματος,
3600 4703 3838 4763 nondum

2278 4774 2467 4826 remoti
2502 4771 2625 4838 veli,
2651 4783 2703 4826 et
2722 4771 3137 4841 ἀποκαλύψεως.
3163 4775 3339 4829 (litant
3368 4771 3419 4828 in
3445 4778 3637 4842 primis
3665 4779 3836 4831 ortho-

2279 4842 2401 4911 doxi
2433 4842 2636 4904 Patres,
2675 4842 2805 4895 illud
2860 4842 2911 4894 in
2963 4844 3224 4911 principio
3271 4844 3497 4898 Genesis
3549 4844 3836 4901 Faciamus

2280 4910 2557 4983 hominem,
2598 4920 2726 4983 etc.,
2788 4911 2853 4983 de
2900 4926 3003 4979 qua
3062 4910 3503 4983 pﬁeetBasilius
3556 4914 3834 4970 Seleucize.

2280 4979 2509 5052 Γινέσθω
2533 4981 2725 5052 Δτοίνυν
2751 4979 3125 5052 ’σύγχρονος
3153 4982 3352 5049 γνῶσις
3366 4984 3432 5052 τῇ
3467 4982 3695 5036 πλάσει·
3745 4987 3835 5039 ml

2275 5049 2347 5119 μὴ
2376 5047 2661 5125 ξενιζέσβω
2694 5045 3077 5125 διδασκομένη..
3100 5045 3444 5125 ῧσὲρονηᾶἱν
3485 5056 3541 5105 ἐν
3580 5056 3645 5123 τῇ
3683 5058 3825 5125 ποιή-

2274 5135 2352 5201 σει
2382 5119 2477 5190 τὴν
2513 5121 2737 5201 avitum.
2757 5118 2987 5198 ἐδέξατο.
3018 5118 3151 5174 Vide
3169 5118 3555 5201 Tertullianunt
3588 5118 3833 5201 adversus

2274 5188 2556 5258 {’raxeam.
2588 5188 2916 5255 Epiphanius
2954 5204 3061 5242 rem
3088 5205 3182 5258 per
3206 5193 3404 5258 gradus
3430 5191 3669 5245 deducit.
3712 5190 3832 5246 Una

2272 5254 2474 5319 Deitas,
2518 5254 2784 5324 inquiens,
2819 5274 2851 5308 a
2885 5258 3063 5326 Moyse
3089 5254 3363 5327 'prm'cipue
3405 5262 3724 5313 annuntiata
3757 5279 3832 5315 est

2270 5342 2611 5396 personarum
2636 5327 2889 5390 dualitas,
2918 5332 3235 5381 uehementer
3261 5349 3291 5381 a
3332 5330 3593 5396 prophetis
3635 5333 3830 5395 ργαάὶ-

2264 5405 2401 5466 cata,
2432 5395 2669 5466 Trinitas
2689 5411 2805 5466 uero
2830 5411 3191 5466 personarum,
3251 5398 3531 5465 manifesta
3567 5398 3712 5466 facta
3758 5412 3830 5453 est

2260 5465 2313 5515 in
2345 5464 2657 5531 Evangeliis.
2693 5461 2816 5517 Hmc
2845 5465 2932 5518 ille
2963 5467 3014 5519 in
3063 5469 3352 5529 Ancorato,
3397 5461 3545 5521 unde
3567 5461 3829 5522 'doctisu-

620 5540 724 5604 rat,
753 5532 1003 5604 traditum
1027 5534 1151 5594 sibi,
1178 5549 1205 5585 a
1236 5532 1344 5587 Deo
1371 5536 1423 5586 in
1452 5534 1788 5604 disciplinam
1818 5535 2046 5604 Moyses,
2070 5532 2155 5586 ’ad
2261 5548 2377 5604 ntus
2434 5533 2703 5604 Nysseuus
2760 5547 2937 5595 vocat,
2974 5538 3337 5604 cognitionem
3374 5536 3514 5589 κατὰ
3558 5538 3829 5604 πρόϐασιν

622 5599 972 5673 idololatriam
1024 5593 1335 5673 ἐπιρρεπές,
1384 5614 1435 5656 et
1471 5593 1669 5671 βίονίιι
1726 5593 1954 5673 appellat
2009 5593 2061 5657 in
2107 5603 2157 5657 α’

2280 5620 2309 5655 n
2337 5593 2514 5656 libello
2545 5602 2619 5673 De
2661 5604 2752 5654 im.
2793 5615 2838 5673 et
2883 5593 3169 5657 similfDei
3220 5622 3237 5657 :

3300 5605 3453 5657 Κατὰ
3476 5605 3760 5675 πρόόασιν,
3797 5608 3828 5669 ή

621 5666 854 5731 ἁποδειξ.
885 5666 1253 5747 αίγυπτιὰκόν.
1295 5666 1479 5747 Certe,
1504 5674 1552 5725 in
1588 5666 1775 5747 veteri
1795 5666 2156 5747 'Teslamento

2273 5673 2492 5747 ῇμετέρα
2517 5671 2673 5747 φόσις
2705 5677 2763 5722 τὸ
2782 5672 2879 5742 τῆς
2895 5673 3133 5747 Τριάδος
3169 5675 3379 5743 ἐπέγνω
3416 5666 3826 5747 μυστήριον.νῆ

624 5751 883 5807 nusquam
914 5743 1175 5809 reperitur
1219 5743 1467 5813 explicita
1522 5752 1575 5797 et
1616 5742 1863 5799 distincta
1914 5746 2152 5801 mvstcrii

2325 5714 2492 5743 .-.Ἶη
2520 5714 2669 5752 7.-.:
2714 5714 2762 5722 --
2793 5714 2875 5742 ..μ
2922 5714 3130 5744 Ἴων..
3169 5714 3378 5743 -..ηηυ
3416 5714 3733 5745 rum...”
3761 5714 3824 5727 .,..

2325 5743 2461 5811 (ΞῦἻ
2506 5751 2669 5794 Αυτω
2702 5756 2841 5798 πως.
2892 5742 3051 5799 Forte
3097 5744 3400 5814 legendum,
3433 5714 3659 5799 αὑτόόεν
3687 5762 3824 5808 πως,
