4048 6458
325 443 422 494 711

1453 436 1737 494 CONTRA
1771 437 2202 497 MARCELLUM
2241 440 2369 496 LIB.
2409 443 2452 500 1.

3462 450 3561 502 7i!

323 554 441 628 Θεῷ
472 550 610 609 εἶναι
636 552 1092 625 φανταζομένους.
1125 553 1368 623 Πνεῦμα
1397 553 1507 625 γὰρ
1544 557 1578 608 d
1611 553 1756 620 Θεὸς
1793 555 1886 608 καὶ

1996 559 2564 643 unum.eumdemquc,
2593 557 2638 612 is
2666 557 2908 627 profecto
2938 556 3234 614 Sabellium
3265 567 3433 614 totum
3461 562 3560 616 sibi

323 648 462 715 τοὺς
497 646 990 716 προσκυνοῦντας
1027 642 1186 710 αὐτῷ
1213 645 1283 700 ἐν
1309 647 1599 716 πνεύματι
1621 647 1720 700 καὶ
1744 647 1889 715 d111—

321 739 449 808 θείᾳ
493 737 589 792 δεῖ
624 737 1013 804 προσκυνεῖν,
1055 735 1217 800 αὐτὸς
1255 735 1540 801 ἐδίδαξενὸ
1562 737 1776 809 Σωτήρ.
1825 738 1888 791 Εἰ

318 828 376 883 δὲ
413 828 644 898 πνεῦμα,
675 825 832 897 δῆλον
859 827 940 880 ὅτι
976 825 1139 891 θεῖον,
1174 827 1418 898 κρεῖττον
1450 828 1651 890 παντὸς
1699 827 1889 898 αἰσθη-

316 936 412 973 του
438 917 532 972 καὶ
563 917 815 971 συνθέτοῡ
845 916 1111 990 σώματος·
1148 917 1225 980 ὡς
1261 919 1396 989 μήτε
1417 920 1611 988 Λόγον
1634 918 1888 989 αἰσθητὸν

318 1011 463 1082 ἔχειν
490 1009 597 1062 ὑπὸ
610 1007 854 1080 γλώττης
885 1008 995 1080 (42)
1025 1007 1401 1080 ὲξηχούμενον,
1438 1010 1532 1062 καὶ
1573 1008 1660 1062 διὰ
1687 1026 1891 1081 προφο-

319 1103 420 1173 ρᾶς
442 1099 656 1172 θνητοῖς
689 1100 823 1154 ὠσὶν
851 1100 1258 1170 ὲξακουόμενον,
1293 1101 1430 1171 μήτε
1461 1099 1725 1168 γλῶτταν,
1751 1102 1887 1172 μήτε

317 1191 522 1262 φωνὴν,
551 1191 689 1262 μήτε
703 1190 1026 1270 πρόσωπον,
1057 1190 1194 1261 μήτε
1210 1189 1337 1244 ἄλλο
1359 1189 1538 1262 θνητῷ
1559 1192 1653 1245 καὶ
1677 1190 1887 1262 ἀνθρωε-

314 1283 457 1354 πίνῳ
488 1281 733 1354 λογισμῷ
777 1281 1275 1354 παραϐαλλόμενον.
1321 1283 1404 1358 Εἰ»
1439 1283 1547 1354 γάρ
1582 1301 1635 1336 τι
1673 1282 1821 1348 ἄλλο,
1855 1283 1887 1337 δ

315 1373 623 1442 ὀφθαλμὸς
652 1375 764 1428 οὐκ
783 1369 964 1437 εἶδεν,
998 1372 1140 1427 οὐδὲ
1165 1369 1276 1440 οὖς
1296 1373 1586 1442 ἤκουσεν,
1611 1375 1754 1430 οὐδὲ
1788 1375 1888 1428 ἐπὶ

314 1463 431 1532 τὴν
484 1463 594 1536 (45)
628 1464 881 1533 καρδίαν
911 1463 1224 1532 ἀνθρώπου
1275 1468 1387 1520 οὐκ
1424 1466 1628 1535 ἀνέϐη·
1661 1466 1885 1538 (τοιαῦτ’

313 1549 472 1619 εἶναι,
489 1555 528 1608 ἁ
550 1555 877 1624 ἡτοίμασεν
907 1558 941 1610 ό
967 1555 1110 1622 Θεὸς
1141 1556 1455 1626 ἀγαπῶσιν
1474 1557 1681 1623 αὑτὸν,
1702 1559 1732 1612 ὁ
1746 1560 1889 1624 θεῖος

315 1645 548 1713 ἐδίδαξεν
589 1647 952 1720 ’Δπόστολος·)
984 1649 1188 1704 τούτων
1215 1651 1470 1705 ἁπάντων
1498 1649 1679 1715 αὐτὸς,
1707 1651 1737 1702 ὁ
1765 1650 1888 1704 τού-

311 1754 421 1790 των
449 1736 610 1808 δοτὴρ
632 1738 884 1810 ἀρρήτων
915 1739 981 1794 ἀν
1003 1740 1090 1812 εἴη
1113 1740 1497 1814 ἀῤῥητότερος⁸
1523 1742 1582 1806 ὃς
1619 1741 1732 1814 (44)
1768 1742 1888 1796 πολ-

1991 644 2202 700 induit:
2236 649 2304 700 ab
2338 646 2426 700 illa
2467 645 2638 716 gratia
2671 653 2727 701 et
2759 648 3067 716 cognitione
3103 647 3312 703 alienus
3341 649 3560 715 excidit,

1989 749 2110 804 qua:
2137 751 2234 806 per
2265 735 2540 791 Christum
2581 746 2680 790 cst.
2717 735 3032 807 Disquirere
3075 753 3180 792 non
3221 740 3428 808 patitur
3458 739 3560 802 Ec:

1990 823 2168 879 clesiae
2185 825 2292 889 lex,
2319 826 2513 880 nedum
2534 825 2886 882 subdubitare
2917 843 3037 893 nos,
3057 838 3152 882 aut
3186 842 3382 882 vocare
3405 828 3560 883 inter-

1990 915 2231 984 rogando
2259 916 2311 969 in
2341 917 2711 986 quaestionem,
2759 926 2938 972 utrum
2984 917 3078 973 Dei
3108 917 3276 974 Filius
3319 920 3558 989 unigeni-

1990 1015 2099 1072 tus,
2132 1016 2243 1060 erat
2264 1045 2280 1071 ,
2307 1015 2363 1061 et
2393 1017 2519 1064 ante
2550 1011 2732 1064 omnia
2748 1009 3158 1080 pra'miuebat.
3187 1010 3356 1066 Docet
3383 1019 3560 1065 autem

1990 1095 2098 1151 ﬁde
2124 1097 2432 1164 ratihabita,
2478 1109 2534 1154 et
2579 1115 2702 1154 cum
2730 1115 2939 1155 summa
2981 1100 3306 1156 conﬁdentia
3339 1101 3558 1170 prolite-

1991 1195 2099 1251 tur,
2158 1187 2324 1242 Deum
2381 1191 2463 1245 sui
2510 1188 2630 1244 Filii
2676 1190 2936 1260 unigeniti
2985 1206 3107 1246 esse
3153 1191 3404 1260 Patrem,
3455 1209 3560 1249 non

1989 1288 2171 1335 autem
2206 1279 2418 1335 Patrem
2448 1296 2569 1337 esse
2595 1280 2814 1348 Filium,
2847 1281 2927 1336 vel
2959 1281 3151 1337 Filium
3177 1298 3302 1340 esse
3324 1285 3560 1341 Patrem.

1988 1371 2143 1428 Hunc
2201 1387 2320 1427 esse
2380 1373 2713 1443 ingenitum,
2761 1381 3059 1440 aeternum,
3104 1374 3222 1430 sine
3271 1377 3563 1448 principio,

1988 1466 2220 1537 primum
2282 1477 2337 1521 et
2387 1465 2598 1529 solum,
2655 1463 2867 1519 Patrem
2918 1463 3278 1520 adorandum.
3337 1466 3492 1521 Illum
3533 1483 3565 1522 a

1989 1555 2151 1611 Patre
2184 1570 2284 1612 suo
2312 1557 2579 1626 genitum,
2609 1546 3016 1620 subsistentem,
3046 1556 3219 1611 solum
3249 1555 3477 1624 Filium,
3511 1567 3567 1615 et

1988 1644 2342 1713 unigenitum.
2373 1644 2539 1698 Deum
2569 1644 2713 1699 hunc
2741 1646 2985 1716 agnoscit
3011 1661 3261 1703 veracem
3300 1662 3443 1716 esse,
3476 1659 3565 1705 ut.-

1987 1744 2110 1806 pote
2135 1750 2258 1791 cum
2298 1735 2392 1791 Dei
2419 1735 2643 1791 exsistat
2678 1735 2869 1792 Filius.
2915 1735 3015 1791 Cui
3052 1739 3098 1791 si
3137 1738 3257 1808 quis
3291 1741 3566 1795 contradi-

313 1827 391 1900 λῷ
430 1828 626 1898 μᾶλλον
677 1829 1037 1903 ἀληθέστερον
1084 1832 1217 1903 φαίη
1262 1831 1328 1886 ἂν
1375 1835 1432 1885 ὲν
1459 1835 1525 1904 τῇ
1558 1834 1686 1906 περὶ
1719 1834 1883 1888 αὑτοῦ

1991 1844 2114 1885 cere
2169 1830 2449 1886 sententia:
2511 1841 2839 1899 praesumat,
2909 1837 2964 1884 et
3035 1831 3127 1885 Dei
3182 1829 3423 1886 Verbum
3488 1831 3565 1886 illi

314 1894 576 1993 θεολογίᾳο
603 1894 911 1992 ὀφθαλμὸν
939 1894 1026 1993 μὴ
1055 1894 1393 1991 ἐῶραθιέναι,
1429 1894 1585 1993 μηδὲ
1612 1894 1722 1991 οὖς
1749 1925 1886 1993 ἀκη-

1990 1921 2149 1975 verbo
2179 1935 2276 1990 per
2297 1921 2474 1975 omnia
2511 1894 2923 1988 assimilaverit,
2966 1919 3110 1990 quod
3160 1920 3213 1974 in
3262 1920 3569 1976 hominibus

310 2010 534 2076 κοέναι,
553 2011 708 2081 μηδὲ
737 2014 836 2068 ἐπὶ
864 2014 1114 2084 καρδίαν
1123 2015 1446 2085 ἀνθρώπων
1463 2016 1888 2085 ἀναϐεϐηκέναι

307 2102 411 2173 τῆς
437 2104 564 2174 περὶ
597 2104 760 2159 αὐτοῦ
800 2107 1156 2178 καταλήψεως
1191 2107 1290 2179 τὴν
1319 2109 1542 2176 γνῶσιν.
1580 2109 1638 2162 '0
1658 2109 1704 2163 δ’
1726 2109 1888 2173 αὐτὸς

308 2193 377 2246 ἂν
421 2196 504 2266 εἵη
547 2195 701 2264 λόγος
727 2198 820 2250 καὶ
862 2200 992 2270 περὶ
1022 2198 1124 2269 τῆς
1164 2199 1257 2253 τοῦ
1289 2199 1424 2254 Υἱοῦ
1455 2200 1883 2273 γενεσιουργίας.

309 2281 529 2340 Τούτων
560 2285 605 2339 δ’
634 2285 796 2352 αὐτὸς
820 2290 849 2342 ὁ
873 2289 1065 2360 Σωτὴρ
1117 2289 1413 2362 ἀξιόχρεως
1445 2292 1642 2361 γένοιτ’
1664 2292 1730 2347 ἂν
1757 2294 1888 2362 ἡμῖν

311 2371 656 2447 ἱεροφάντης,
696 2371 799 2432 ὧδὲ
826 2397 902 2450 πη
952 2379 1197 2449 φάσκων·
1234 2383 1438 2437 Πάντα
1459 2402 1563 2453 μοι
1591 2383 1887 2453 παρεδόθη

307 2465 428 2520 ὑπὸ
450 2468 556 2524 τοῦ
591 2472 820 2540 Πατρός
836 2489 976 2541 μου·
1007 2475 1100 2529 καὶ
1137 2475 1346 2543 οὐδεὶς
1378 2477 1757 2546 ἐπιγινώσκει
1784 2477 1890 2531 τὸν

318 2556 456 2610 Υίὸν
478 2559 531 2611 εί
544 2558 630 2628 μὴ
684 2563 719 2614 ό
747 2563 976 2634 Πατὴρ,
1009 2565 1152 2620 οὐδὲ
1191 2567 1298 2620 τὸν
1325 2567 1558 2636 Πατέρα
1588 2585 1677 2634 τις
1703 2570 1887 2637 ἐπιγι-

307 2650 526 2708 νώσκει
543 2654 596 2706 ει
619 2652 706 2723 μὴ
756 2656 790 2708 ὁ
838 2655 988 2720 Υἱός.
1025 2656 1089 2709 Et
1137 2656 1202 2728 δὴ
1249 2652 1343 2711 οὖν
1374 2658 1584 2722 τούτοις
1613 2661 1710 2730 μὲν
1737 2662 1888 2714 ἀντι-

309 2739 601 2811 φθέγγοιτό
632 2758 737 2806 τις,
775 2741 868 2795 καὶ
918 2742 991 2814 μὴ
1022 2743 1114 2796 τὸν
1145 2743 1295 2808 Υἱὸν,
1351 2737 1396 2812 ᾧ
1437 2746 1612 2799 πάντα
1645 2744 1891 2818 παρέδω-

308 2847 406 2885 κεν
430 2833 459 2884 6
489 2831 679 2904 Πατὴρ
709 2831 1004 2901 ὑφεστάναι
1036 2832 1147 2903 (45)
1173 2833 1350 2902 λέγειν
1366 2834 1607 2906 τολμῴη,
1636 2837 1808 2906 Λόγον
1833 2839 1890 2892 δὲ

308 2921 472 2976 αὑτὸν
509 2921 742 2994 ὁρίζοιτο
783 2924 962 2993 μόνον,
993 2924 1176 2995 ὅμοιον
1212 2924 1288 2996 τῷ
1320 2928 1377 2980 ὲν
1404 2926 1730 2999 ἀνθρώποις,
1761 2931 1891 2983 ποτὲ

311 3014 412 3085 μὲν
439 3015 495 3067 ὲν
527 3013 604 3085 τῷ
628 3012 746 3085 Θεῷ
802 3015 1164 3087 ἡσυχάζοντα,
1209 3019 1411 3087 ὁμοίως
1459 3019 1538 3088 τῷ
1581 3023 1711 3092 παρ’
1761 3023 1890 3092 ἡμῖν

311 3105 607 3170 σιωπῶντι,
650 3107 779 3159 ποτὲ
808 3106 864 3159 δὲ
892 3107 1238 3178 ἐνεργοῦντα,
1265 3107 1342 3179 τῷ
1372 3111 1502 3182 παρ’
1526 3112 1681 3182 ἡμῖν,
1709 3115 1765 3164 ἐν
1813 3113 1890 3184 τῷ

1987 2016 2294 2084 reperitur:
2328 2014 2372 2068 si
2414 2027 2512 2068 nec
2560 2013 2762 2083 cogitet
2793 2026 2999 2078 secum,
3032 2027 3133 2068 nec
3167 2012 3352 2067 animo
3397 2013 3570 2068 revol-

1986 2114 2106 2172 vat,
2155 2104 2288 2158 nihil
2337 2103 2470 2171 Deo,
2523 2118 2777 2174 supremo
2809 2118 2992 2158 rerum
3030 2103 3271 2158 omnium
3303 2103 3563 2174 principi,

1985 2211 2106 2252 esse
2153 2197 2513 2267 alliugendum
2558 2195 2700 2266 quod
2745 2195 2815 2250 sit
2855 2195 3086 2250 mortale
3135 2206 3189 2249 et
3223 2194 3566 2251 humanum:

1986 2287 2096 2341 imo
2122 2302 2189 2341 ne
2230 2288 2446 2357 quidem
2479 2285 2772 2340 illiusmodi
2819 2285 3019 2355 aliquid
3051 2300 3172 2356 quin
3205 2301 3302 2341 nos
3333 2287 3570 2343 solemus

1987 2378 2168 2434 animo
2191 2388 2246 2434 et
2284 2378 2611 2448 cogitatione
2641 2378 3124 2446 comprehendere,
3168 2387 3442 2448 utcunque
3488 2378 3572 2433 in-

1990 2473 2199 2527 terdum
2244 2469 2536 2540 Scriptum
2585 2485 2794 2536 sacrm,
2843 2472 2971 2526 dum
3023 2479 3277 2540 tanquam
3320 2469 3572 2540 puerulos

1988 2564 2218 2621 lectores
2250 2563 2523 2630 erudiunt,
2560 2562 2868 2618 humanitus
2898 2563 2966 2617 de
3004 2561 3113 2617 Deo
3150 2562 3297 2632 loqui
3333 2561 3569 2626 soleant,

1988 2653 2115 2708 dum
2165 2668 2355 2708 manus
2391 2652 2488 2716 illi,
2524 2651 2743 2717 oculos,
2780 2652 2966 2722 pedes,
3013 2666 3224 2715 vocem,
3264 2652 3449 2715 verba,
3485 2665 3569 2713 os,

1990 2746 2217 2811 vultum,
2247 2753 2300 2801 et
2331 2755 2588 2801 sexcenta
2619 2742 2847 2814 hujusce
2881 2744 3100 2814 generis
3127 2752 3322 2798 caetera
3357 2743 3568 2797 soleant

1989 2841 2270 2909 adaptare,
2321 2851 2440 2905 quae
2493 2850 2590 2890 nos
2646 2836 2828 2890 omnia
2888 2845 3104 2904 oportet
3149 2838 3214 2888 ad
3272 2835 3571 2889 diviniores

1992 2929 2287 2984 transferre
2332 2928 2709 2999 cogitationes,
2741 2943 2840 2982 nec
2871 2927 3138 2982 ullatenus
3182 2926 3468 2996 imaginari
3516 2927 3578 2979 in»

1993 3021 2099 3074 Deo
2133 3021 2352 3074 humani
2403 3020 2696 3088 quidquam
2737 3020 2816 3073 vel
2853 3020 3014 3073 etiam
3051 3017 3280 3073 mortale
3313 3017 3561 3072 residere.

1990 3112 2127 3166 Deus
2160 3113 2360 3166 etenim
2392 3111 2607 3180 spiritus
2638 3121 2748 3174 est,
2791 3120 2840 3162 et
2876 3112 2963 3180 qui
3013 3111 3239 3163 adorant
3277 3108 3478 3172 Deum,
3515 3109 3570 3162 in

308 3197 508 3261 λαλεῖν,
536 3197 891 3268 φθεγγομένῳ
924 3199 1341 3270 παραπλησίως’
1374 3197 1493 3253 εἶτα
1516 3201 1702 3257 τοῦτον
1726 3204 1886 3258 αὐτὸν

1990 3205 2179 3272 spiritu
2227 3204 2380 3257 illum
2406 3213 2453 3256 et
2490 3204 2712 3256 ueritate
2745 3203 2972 3254 adorare
3013 3200 3199 3254 debent
3224 3201 3266 3267 ⁷,
3312 3201 3571 3270 quemad-

307 3286 484 3359 καιρῷ
509 3304 636 3352 τινι,
667 3289 778 3341 οὐδ’
808 3286 919 3357 (46)
957 3288 1094 3342 ὅλων
1134 3289 1270 3343 ἐτῶν
1297 3289 1605 3362 ἔμπροσθεν
1625 3310 1883 3365 τετρακο-

310 3377 461 3442 σίων,
501 3380 678 3450 σάρκα
725 3381 886 3450 φησὶν
932 3377 1051 3449 (οὐκ
1075 3375 1169 3432 οἶδ’
1197 3381 1367 3452 ὅπως)
1395 3383 1762 3455 ἀνειληφέναι,
1795 3388 1887 3439 καὶ

305 3467 374 3523 δι’
402 3469 568 3542 αὐτῆς
588 3470 704 3539 τὴν
725 3472 842 3524 κατ’
869 3469 1151 3542 ἄνθρωπον
1181 3475 1525 3544 οἰκονομίαν
1541 3476 1652 3545 (47)
1677 3478 1886 3530 τετελε-

307 3560 481 3625 κέναι,
504 3564 596 3616 καὶ
618 3561 729 3634 (48)
769 3563 891 3616 τότε
944 3564 1081 3618 Υὶὸν
1115 3565 1263 3619 Θεοῦ
1294 3567 1600 3636 γεγονέναι,
1633 3571 1728 3623 καὶ
1776 3571 1884 3638 Ἰη-

305 3657 460 3710 σοῦν
487 3657 743 3726 Χριστὸν
777 3657 1132 3728 χρηματίσαι,
1165 3659 1433 3724 ,βασιλέα
1460 3677 1522 3713 τε
1545 3659 1658 3732 (49)
1684 3663 1882 3731 ἀναγο-

309 3747 554 3821 ρεῢσθαι,
571 3750 774 3803 εἰκόνα
793 3767 857 3803 τε
887 3750 992 3804 τοῦ
1015 3751 1162 3805 Θεοῦ
1191 3751 1298 3806 τοῦ
1319 3751 1596 3820 ἀοράτου,
1624 3754 1721 3807 καὶ
1737 3770 1888 3823 πρω-

305 3841 557 3894 τότοκον
599 3839 803 3909 πάσης
845 3843 1116 3909 κτίσεως,
1169 3842 1243 3914 μὴ
1274 3842 1401 3896 ὄντα
1441 3844 1705 3917 πρότερόν
1735 3863 1886 3909 ποτε,

305 3929 698 4001 ἀποδεδεῖχθαι·
745 3927 841 3983 εἶτ’
886 3933 980 3986 ἐπὶ
1027 3936 1094 4005 τῇ
1133 3935 1370 4008 τοσαύτῃ
1399 3935 1616 4008 ἀτοπία,
1664 3938 1785 4008 μηδ’
1831 3938 1889 4003 ἐξ

306 4014 481 4093 οὗπερ
513 4021 627 4090 (50)
666 4022 897 4076 ὑπέθετο
926 4023 1120 4094 χρόνου
1146 4024 1244 4096 τὴν
1273 4027 1352 4088 εἰς
1383 4025 1608 4100 ἄπειρον
1641 4029 1734 4082 καὶ
1766 4032 1891 4084 ἀτε-

306 4109 563 4183 λεύτητον
579 4110 721 4184 ζωήν
736 4130 796 4164 τε
813 4113 905 4166 καὶ
920 4112 1192 4183 βασιλείαν
1206 4113 1285 4184 τῷ
1300 4116 1516 4188 Χριστῇ
1531 4117 1723 4182 διδούςο
1738 4119 1889 4182 τέλος

306 4201 366 4256 δὲ
381 4202 528 4273 αὐτῷ
550 4203 670 4274 μηδ’
689 4205 863 4258 αἶσιον
880 4205 1097 4273 ἐπάγοι,
1120 4206 1240 4276 μηδ’
1258 4202 1367 4261 οἷον
1380 4210 1492 4271 τοῖς
1511 4209 1579 4262 δι’
1595 4209 1760 4264 αὑτοῦ
1776 4210 1886 4264 τῶν

308 4293 649 4362 ὲπαγγελιῶν
698 4293 1261 4366 καταξιωθησομένοις
1283 4341 1296 4361 ,
1333 4292 1407 4352 ὧν
1439 4300 1600 4365 αὐτὸς
1632 4303 1660 4354 ὁ
1695 4303 1884 4376 Σωτὴρ

307 4383 660 4455 ἐπήγγελται,
679 4386 824 4457 ζωήν
837 4403 896 4438 τε
911 4385 1127 4440 αἰώνιον
1149 4389 1242 4441 καὶ
1263 4389 1568 4462 ἀφθαρσίαν
1586 4393 1884 4448 ἀθανασίαν

305 4489 369 4526 τε
393 4475 487 4528 καὶ
520 4473 796 4544 βασιλείαν
844 4477 1117 4548 οὐρανῶν,
1167 4479 1291 4545 τοῖς
1345 4481 1658 4550 ἀγαπῶσιν
1697 4485 1884 4539 αὑτὸν

1994 3297 2212 3352 modum
2259 3294 2520 3351 Servator
2567 3308 2667 3348 nos
2701 3294 2879 3348 docet.
2923 3293 3076 3360 Quod
3128 3293 3173 3347 si
3220 3301 3399 3346 autem
3429 3292 3570 3347 Deus

1992 3389 2218 3457 spiritus.
2244 3389 2332 3448 sit,
2361 3388 2580 3442 omnino
2612 3394 2824 3441 constat
2851 3401 2970 3440 esse
3009 3399 3133 3440 eum
3179 3384 3345 3438 multo
3380 3384 3569 3438 melio-

1991 3492 2103 3533 rem
2147 3489 2200 3532 et
2237 3475 2707 3547 praestantiorem,
2758 3488 3082 3544 quacunque
3127 3488 3185 3526 re
3233 3473 3476 3527 sensibili
3515 3483 3570 3527 et

1990 3579 2282 3625 concreta:
2313 3569 2455 3622 unde
2479 3569 2598 3632 .liet,
2629 3577 2688 3621 ut
2735 3582 2834 3621 nec
2879 3564 3106 3620 Verbum
3148 3566 3345 3620 haheat
3376 3567 3572 3635 lingua

1990 3675 2124 3716 sono
2151 3659 2501 3730 prolatitium,
2527 3664 2582 3710 et
2610 3672 2706 3726 per
2733 3657 2930 3726 linguae
2955 3658 3310 3726 prolationem
3340 3657 3570 3712 aliorum

1994 3755 2214 3810 auribus
2244 3756 2570 3809 insinuatum
2601 3773 2612 3808 :
2645 3754 2737 3809 sed
2775 3766 2872 3808 nec
2905 3751 3176 3821 linguam,
3211 3767 3421 3816 vocem,
3455 3752 3572 3805 vul—

1997 3857 2140 3908 tum,
2187 3854 2280 3900 aut
2327 3844 2472 3900 aliud
2510 3846 2832 3914 Quidquam.
2886 3844 3031 3911 quod
3077 3844 3311 3895 humana
3357 3841 3572 3895 ratione

1994 3936 2375 3992 constituatur.
2431 3935 2710 4005 Siquidem
2767 3933 2912 3987 aliud
2962 3934 3252 4002 quidquam
3306 3934 3568 3994 exsistat,

1995 4030 2136 4098 quod
2169 4044 2268 4082 nec
2298 4029 2485 4082 oculus
2514 4028 2664 4093 vidit,
2700 4043 2799 4082 nec
2832 4025 3043 4080 audivit
3068 4025 3236 4089 auris,
3267 4040 3367 4080 nec
3399 4026 3450 4078 in
3477 4040 3571 4078 cor

1998 4120 2290 4175 humanum
2337 4119 2580 4174 ascendit
2611 4120 2728 4189 ejus
2768 4117 3069 4188 cogitatio:
3102 4117 3402 4187 cuiusmodi
3448 4131 3571 4170 esse

1996 4213 2084 4268 illa
2120 4212 2276 4268 docet
2317 4226 2417 4266 nos
2458 4209 2770 4279 Apostolus,
2827 4223 2948 4278 quae
2981 4207 3315 4278 diligentibus
3357 4223 3412 4261 se
3458 4206 3569 4259 Du-

1994 4307 2166 4360 minus
2196 4304 2511 4374 praeparavit
2535 4304 2587 4357 ‘1
2616 4312 2727 4356 tum
2757 4312 2904 4356 certe
2934 4303 3123 4354 borum
3152 4299 3393 4354 omnium
3418 4299 3572 4354 dator

1995 4398 2168 4462 Deus,
2218 4395 2675 4452 inenarrabilibus
2709 4403 2794 4450 est
2848 4391 3310 4449 inenarrabilior:
3346 4397 3405 4456 >14
3436 4392 3572 4445 adeo

1991 4501 2050 4546 ut
2078 4491 2132 4545 in
2168 4491 2378 4545 ratione
2412 4489 2479 4543 de
2513 4488 2620 4542 Deo
2678 4485 2982 4556 theologica
3018 4484 3369 4548 instituenda,
3406 4482 3572 4536 multo

309 4564 694 4637 ὑποσχόμενος·
720 4569 1018 4640 τηνικαῦτα
1045 4571 1102 4623 δὲ
1129 4574 1271 4624 κατὰ
1297 4573 1396 4644 τὴν
1425 4575 1884 4651 προσδοκωμένην

1992 4592 2138 4641 certe
2169 4585 2370 4639 rectius
2417 4579 2754 4652 pronuntiari
2796 4586 2993 4649 queat,
3033 4576 3240 4631 oculum
3283 4591 3445 4645 neque
3490 4575 3570 4628 vi-

601 4702 799 4770 Paris.,
836 4721 961 4776 pag,
991 4710 1044 4760 6.

380 4773 400 4803 ⁷
437 4771 592 4829 Joan.
621 4791 695 4840 tv,
721 4776 812 4830 24.
838 4771 845 4773 V
890 4771 963 4828 ⁸⁷1
987 4779 1110 4832 Cor.
1138 4793 1198 4846 ιι,
1223 4780 1275 4836 9.

383 4936 498 5082 με)
530 4939 638 5008 Mp.
665 4940 930 5012 ὲξηγουμ.

383 5007 474 5082 (45
526 5010 652 5082 Dele
683 5012 804 5082 τήν.
827 5011 930 5082 MO)

525 5010 652 5086 Dele
683 5009 804 5086 τήν.
827 5009 948 5086 Mor
972 5012 1132 5083 vulgo
1158 5014 1359 5086 δωτήρ.

406 5007 496 5082 45)
526 5007 652 5065 Dele
683 5007 804 5080 τήν.
827 5007 948 5067 Μ’οι
972 5012 1132 5083 vulgo
1158 5014 1359 5086 δωτήρ.

383 5007 499 5202 (44)
525 5079 696 5150 Vulgo
746 5080 842 5144 ὠς.
900 5081 1026 5135 Mox
1091 5086 1248 5153 vulgo
1305 5085 1469 5166 φάναι
1496 5102 1509 5150 ;
1560 5085 1668 5177 ξίν.
1727 5089 1882 5175 φαίη.

383 5166 499 5202 ιντι.
533 5148 674 5202 Infra
719 5151 881 5202 vulgo
903 5168 1122 5202 γεννησ.
1165 5165 1215 5202 et
1243 5165 1511 5202 οιηιιιιιιιι·
1539 5157 1568 5202 δ
1619 5168 1739 5202 ηηαι
1765 5176 1882 5202 τηυ-

311 5148 499 5222 φαίνῃ.
533 5148 674 5204 1ηίτέ
719 5151 881 5221 vulgo
903 5168 1122 5223 γεννησ.
1165 5148 1215 5205 εἶ
1243 5148 1511 5209 omittitur
1539 5157 1584 5209 δ’
1616 5148 1751 5227 post'
1765 5148 1888 5213 τού-

311 5238 440 5276 των.
485 5221 725 5288 Denique
756 5218 865 5288 Mp.
899 5239 990 5288 γρ.
1023 5225 1207 5288 πατήρ
1244 5225 1360 5278 loco
1394 5225 1603 5288 Σωτήρ.

308 5238 440 5276 των·
486 5227 725 5288 Denique
756 5227 865 5288 Mp.
899 5239 990 5292 γρ.
1023 5227 1207 5295 πατήρ
1244 5227 1360 5278 loco
1394 5227 1603 5296 Σωτήρ.

315 5362 350 5374 _,
385 5289 936 5374 (‘5)‘AéIELfONLGJV
977 5293 1157 5362 vulgo,
1204 5293 1311 5366 Mp.
1336 5294 1514 5364 λέγειν
1536 5296 1744 5368 τολμᾷ;
1779 5309 1888 5355 sia.

311 5361 409 5416 nm
437 5361 594 5429 vulgo
624 5361 682 5412 ὲν
703 5362 854 5482 Eph.
976 5431 999 5440 _
1075 5361 1089 5362 ί
1261 5361 1275 5366 ⁷
1410 5361 1418 5364 ⁷
1636 5361 1648 5368 ’
1687 5361 1697 5368 ’
1732 5361 1738 5364 ⁷

385 5431 507 5512 με)
539 5428 699 5512 Οὐδ’-
745 5433 870 5484 λων
896 5431 1048 5512 ὲτων
1069 5433 1652 5512 τετρακοσίωνηΗεξε
1685 5438 1882 5512 iterum

314 5505 530 5567 repetit,
548 5510 622 5574 _ut
651 5508 710 5574 et_
739 5505 1044 5574 sequentia,
1072 5519 1217 5574 _qua:
1262 5507 1415 5572 quasi
1455 5505 1674 5574 σύνοψιν
1705 5510 1881 5561 conti-

313 5579 449 5642 nent
474 5568 745 5639 opinionis
775 5570 1037 5624 Marcelli.
1072 5568 1218 5626 Lare
1250 5568 1427 5627 autem
1457 5568 1693 5642 loquitur
1720 5578 1786 5631 de
1815 5593 1881 5631 co

313 5640 496 5763 abnuis,
527 5653 650 5761 nhaim
677 5649 806 5696 ante
835 5655 1034 5695 annum
1075 5657 1188 5696 ccc:
1252 5645 1461 5700 obierat
1514 5640 1741 5715 ipsemet
1769 5647 1882 5700 Eu-

417 5723 517 5761 ius.
609 5745 624 5761 .

391 5776 506 5851 tu)
539 5776 711 5851 Yulso
737 5780 986 5851 τετεληκ.

393 5846 505 5919 (48)
537 5846 673 5904 Τότὲ
703 5849 838 5906 Υίὸν
873 5846 1021 5907 Θεοῦ
1054 5851 1379 5923 γεγονέναι.
1410 5853 1546 5912 Cum
1587 5855 1762 5913 factus
1806 5871 1884 5913 es-

1992 4959 2074 5003 set
2100 4949 2267 5017 Λόγος
2296 4943 2646 5017 προφορικός.
2679 4942 2999 5017 Namprius
3027 4953 3142 4997 erat
3161 4951 3368 5017 tantum
3396 4942 3569 5017 ἐνδιά-

1991 5010 2314 5081 θετοςξδει]
2339 5010 2441 5070 ἐὖ
2478 5010 2725 5069 aeterno.
2775 5010 3004 5066 Videtur
3040 5023 3219 5068 autem
3284 5011 3570 5065 Marcellus

1991 5090 2121 5142 illud
2143 5088 2406 5154 posuisse,
2432 5086 2604 5152 Λόγον
2623 5081 2931 5147 DeiPatris,
2949 5092 3233 5154 aetegtum,
3257 5081 3566 5151 ὑφεστῶτα,

1989 5160 2084 5213 sed
2118 5151 2457 5220 ἐνδιαθέτως,
2491 5151 2596 5209 non
2644 5162 2893 5208 vocatum
2937 5153 3026 5207 Dei
3062 5151 3261 5206 Filium
3305 5163 3430 5206 ante
3483 5156 3570 5205 in-

2007 5231 2395 5282 carnationem.
2447 5225 2596 5292 Quod
2639 5225 2718 5277 sic
2742 5223 2968 5292 accipit
3011 5223 3298 5288 Eusebius,
3335 5239 3396 5277 ac
3433 5223 3478 5276 si
3510 5223 3571 5276 τὸ

1988 5295 2126 5351 εἶναι
2154 5297 2247 5350 τοῦ
2276 5291 2699 5366 uio-3,negasset.
3047 5335 3050 5339 .

2060 5369 2171 5450 (ita)
2204 5361 3004 5450 λζηιεο-ἁνηγορεύεσθαι.’Μοι
3035 5363 3152 5419 dele
3169 5362 3263 5417 τοῦ
3281 5371 3405 5417 ante
3425 5361 3562 5415 Θεοῦ

1985 5450 2041 5492 et
2066 5433 2208 5492 infra
2235 5433 2337 5505 Mp'.
2378 5438 2450 5491 ῐσ.
2474 5433 2535 5489 τό
2561 5433 2618 5488 τε
2660 5437 2780 5488 loco
2809 5433 2961 5505 τότε.

2059 5506 2170 5578 (50)
2223 5502 2492 5561 Ὑέτέθετο
2524 5502 3276 5578 uadi-0v.”Immortalitatem
3317 5514 3381 5578 et
3412 5512 3570 5555 mter-

1987 5574 2211 5632 nitatem
2265 5574 2554 5631 ademisse
2588 5576 2896 5629 Marcellum
2952 5574 3044 5628 Dei
3103 5574 3259 5636 Filio,
3313 5574 3477 5625 etiam
3538 5591 3567 5624 ιι

1992 5657 2143 5715 parte
2169 5657 2290 5716 post
2321 5665 2336 5702 :
2371 5663 2530 5712 quam
2562 5657 2617 5700 et
2648 5645 2874 5716 angelis,
2913 5641 3568 5716 etanimahusjustoru:2:

1990 5711 2341 5772 concedebat.
2376 5711 2546 5782 Quam
2569 5711 2805 5778 verefin
2838 5715 2943 5769 [ine
2969 5713 3092 5768 libri
3120 5711 3319 5781 quinti,
3345 5712 3431 5765 ubi
3468 5713 3570 5765 ista

1993 5787 2365 5862 exagitantur,
2402 5787 2706 5858 apparebit.
2742 5783 2791 5837 Μ
