4048 6428
552 376 651 431 727

1173 367 1262 427 EO
1270 364 1441 425 SEBH
1479 359 1959 423 CESARIENSIS
1992 359 2120 417 OPP

2222 359 2366 416 'ARS
2402 359 2493 417 ιν.
2531 393 2601 406 -
2638 361 3059 421 DOGIIATICA.

551 500 710 561 atque
756 490 873 545 ideo
907 484 1067 542 fuisse
1100 486 1287 543 Deum.
1330 484 1564 542 Ulterius
1604 487 1814 538 constat
1854 479 2097 550 liquidis-

2222 478 2455 550 ιπάρχων
2508 479 2586 551 τῷ
2626 479 2765 551 Θεῷο
2796 481 2857 533 οὐ
2882 480 2991 551 γὰρ
3013 479 3082 533 ἀν
3131 478 3218 550 εἴη
3248 475 3393 531 οὕτω
3428 490 3496 545 γε
3520 472 3780 548 μεσίτης

555 582 706 645 sime,
729 575 1039 647 Apastolum
1067 573 1361 629 credidisse
1388 570 1537 633 illum
1570 569 1665 624 Dei
1702 566 1899 621 Filium
1935 565 2099 621 exsti-

2199 569 2314 622 ἀλλ’
2336 567 2403 641 ἦν
2420 571 2513 623 καὶ
2533 572 2722 641 προῆν,
2750 571 2825 635 ὡς
2858 568 3191 640 μονογενὴς
3226 567 3364 634 me
3381 564 3640 636 mm
3666 563 3782 635 κό-

555 670 701 733 ιινο,
729 666 1035 736 priusquam
1067 662 1171 716 huc
1213 662 1265 715 in
1299 674 1464 714 carne
1508 657 1819 721 adveniret,
1863 654 2003 725 quod
2047 656 2099 709 in

2222 676 2357 725 istoc
2402 659 2499 713 καὶ
2540 661 2839 728 ἀληθείας.
2867 660 2977 715 Καὶ
3023 654 3093 729 ἦν
3121 655 3423 730 μεατεῦων
3452 653 3534 728 τῷ

557 760 735 815 eadem
767 756 855 812 illa
880 757 944 810 ad
972 753 1191 810 Galatas
1221 750 1443 820 epistola
1490 748 1774 813 addiderit,
1801 745 1935 802 Cum
1975 756 2104 801 tem-

558 849 695 909 poris
734 847 997 917 plenitudo
1026 844 1310 907 adueniret,
1341 842 1509 895 emisit
1553 839 1689 893 Deus
1722 835 1923 892 Filium
1953 854 2104 893 suum

559 939 753 1006 factum
786 936 850 991 de
875 934 1088 989 muliere
1108 933 1172 986 ".
1220 930 1348 987 Erat
1393 931 1571 1000 itaque
1598 944 1718 984 cum
1756 929 1993 983 nondum
2040 929 2105 982 de

559 1027 781 1084 muliere
805 1034 1112 1080 nasceretur
1147 1022 1314 1078 Filius
1347 1020 1481 1075 Dei:
1525 1033 1757 1088 eumque
1794 1028 1904 1074 tum
1946 1027 2105 1073 antea

560 1117 748 1172 Filium
783 1116 872 1169 Dei
901 1113 1265 1175 exsistentem,
1294 1110 1473 1166 emisit
1494 1109 1672 1176 Pater,
1706 1120 1764 1163 ut
1796 1109 1842 1163 is
1869 1109 1959 1177 qui
1989 1107 2103 1177 jam

560 1209 682 1291 olim
711 1206 799 1261 Dei
838 1203 1004 1259 Filius
1048 1204 1338 1265 ferebatur,
1382 1209 1436 1254 et
1453 1199 1630 1291 AFilius
1670 1199 1830 1291 etiam
1856 1197 2108 1291 hominis

562 1288 811 1361 eistsret,
852 1293 1025 1365 factus
1071 1294 1134 1346 de
1161 1291 1392 1345 iutiliere.
1436 1289 1577 1357 Quin
1613 1299 1667 1344 et
1704 1288 1947 1344 Nosalcm
1978 1288 2109 1358 legis

561 1384 831 1441 exstitisse
881 1382 1225 1437 mediatorem
1298 1379 1443 1433 illum
1497 1379 1654 1434 docet
1704 1397 1717 1431 :
1769 1379 2107 1433 mediationis

562 1474 823 1529 rationem
874 1471 1255 1534 determinans,
1304 1469 1394 1525 ubi
1453 1471 1629 1540 inquit
1672 1469 1861 1535 :Quid
1908 1468 2110 1539 igitur?

564 1563 670 1618 Lex
706 1571 913 1632 propter
948 1560 1382 1628 transgressiones
1418 1561 1528 1613 lata
1568 1559 1761 1629 fuerat,
1791 1576 1947 1629 usque
1984 1562 2107 1613 dum

564 1670 733 1709 semen
784 1651 917 1706 illud
968 1651 1266 1714 adveniret,
1310 1651 1394 1703 cui
1438 1652 1802 1715 promissiones
1860 1651 2110 1704 condicta:

563 1738 797 1808 fuerant;
835 1753 926 1806 per
957 1737 1166 1807 angelos
1213 1739 1454 1791 ordinata
1494 1740 1547 1791 in
1601 1756 1758 1792 manu
1790 1740 2105 1795 mediatoris.

2199 749 2488 820 παρέχοντι
2509 749 2599 803 τὸν
2638 750 2801 821 νόμον
2829 750 2895 803 δι’
2922 748 3168 817 ἀγγέλων
3198 745 3527 819 ἀνθρώποις.
3570 743 3631 797 '0
3660 742 3781 814 (61)

2199 838 2263 910 δὴ
2308 839 2588 904 διδάσκων,
2639 838 2698 904 ἐξ
2735 839 2941 893 ἐκείνου
2971 841 3099 901 τοὺς
3127 837 3375 906 ἀγνῶτας
3412 835 3507 889 καὶ
3541 832 3783 905 ἀμαθεῖς

2198 929 2300 999 τῆς
2316 926 2409 982 τοῦ
2436 929 2567 983 Υίοῦ
2586 928 2721 981 Θεοῦ
2738 929 3033 997 θεολογίας,
3050 926 3417 991 όάπόστολος,
3437 924 3785 995 ιπεσιρραγί-

2203 1018 2325 1083 ζετο
2347 1016 2538 1085 λέγων,
2580 1018 2633 1070 Ὀ
2658 1017 2727 1070 δὲ
2749 1019 3000 1087 μεσίτης
3042 1016 3182 1080 ἐνὸς
3208 1017 3319 1069 οὐκ
3347 1017 3540 1069 ἐστιν.
3559 1013 3639 1067 Οὐ
3669 1011 3783 1084 γᾶρ

2201 1106 2314 1177 εχει
2339 1107 2497 1177 φύσιν
2528 1109 2612 1176 ἐφ’
2642 1107 2758 1171 ἑνὸς
2795 1108 2884 1162 τὸν
2911 1108 3134 1180 μεσίτην
3168 1106 3467 1177 ὁρίζεσθαι.
3502 1105 3597 1159 Διὸ
3623 1098 3783 1167 οὗτος

2208 1198 2307 1269 μὶν
2330 1199 2430 1252 οὐκ
2456 1197 2601 1251 ἔστιν
2632 1199 2767 1264 ἑνὸς,
2793 1200 2935 1252 δυεῖν
2961 1198 3018 1251 δὲ
3069 1198 3231 1268 μέσος
3256 1196 3316 1262 ἐξ
3362 1198 3614 1267 ἀνάγκης
3638 1194 3781 1267 (62),

2202 1288 2479 1359 οὐδέτερος
2509 1286 2584 1340 ὣν
2612 1288 2851 1352 ἐκείνων,
2876 1282 2950 1342 ὧν
2977 1288 3138 1359 μέσος
3155 1288 3432 1358 τυγχάνει-
3463 1289 3607 1343 ὥστε
3637 1287 3783 1358 μήτε

2206 1378 2367 1434 αὐτὸν
2388 1374 2523 1432 εἶναι
2540 1378 2631 1432 τὸν
2674 1380 2767 1433 ἐπὶ
2795 1380 3007 1434 πάντων
3037 1379 3169 1433 Θεὸν
3207 1378 3479 1451 ἡγεῖσθαι,
3508 1380 3650 1450 μήτε
3672 1377 3786 1433 τῶν

2205 1469 2450 1537 ἀγγέλων
2467 1470 2580 1522 ἒναο
2604 1468 2806 1523 τούτων
2844 1470 2901 1522 δὲ
2934 1469 3095 1541 μέσον
3120 1472 3213 1524 καὶ
3247 1470 3473 1541 μεσίτην
3506 1469 3645 1539 (65),
3694 1470 3785 1523 ὅτι

2206 1555 2285 1626 τῷ
2326 1557 2498 1628 Πατρὶ
2553 1558 2645 1611 καὶ
2699 1557 2947 1625 ἀγγέλοις
3009 1558 3302 1629 μεσιτεύει.
3345 1559 3433 1623 Ὠς
3472 1552 3540 1612 αὖ
3595 1559 3785 1624 πάλιν,

2208 1645 2296 1698 ὅτε
2364 1644 2588 1715 μεσίτης
2640 1645 2847 1713 γίνεται
2897 1644 3031 1697 Θεοῦ
3083 1646 3179 1698 καὶ
3233 1644 3557 1715 ἀνθρώπων,
3617 1644 3790 1715 μέσος

2209 1732 2284 1785 ὣν
2311 1732 2566 1803 ἑκατέρου
2593 1733 2868 1803 τάγματος
2886 1732 3162 1803 οὺδέτερός
3188 1734 3325 1795 ἐστι,
3355 1732 3585 1802 μεσίτης
3606 1732 3791 1803 ὑπάρ-

564 1827 827 1882 Ιεόἱαιοι·
870 1836 1040 1879 autem
1085 1826 1238 1879 anius
1288 1843 1391 1879 non
1438 1834 1514 1880 est
1550 1828 1845 1881 mediator:
1878 1836 1934 1881 at
1970 1827 2105 1881 Deus

2222 1840 2287 1893 (ει
2318 1822 2429 1875 οὔτ’
2472 1822 2632 1886 αὐτὸς
2662 1822 2739 1875 ὢν
2761 1826 2789 1877 6
2818 1817 2897 1885 εἷς
2944 1823 3037 1875 καὶ
3084 1822 3241 1890 μόνος
3266 1822 3420 1888 Θεὸς,
3440 1821 3555 1875 οὗθ’
3580 1823 3791 1892 ὁμοίως

564 1934 697 1975 unus
725 1928 799 1979 est
823 1918 890 1971 “.
917 1919 1154 1973 Andisne
1180 1920 1231 1973 in
1260 1918 1397 1982 istis,
1430 1921 1697 1988 quomodo
1723 1920 1942 1975 Galatas
1970 1919 2112 1988 ipsos

563 1989 845 2076 Apostolus
861 2006 1131 2060 instituat:
1146 2016 1200 2060 ut
1218 2022 1377 2060 unum
1400 2006 1593 2061 exinde
1616 2007 1777 2062 Deum
1798 2016 2109 2078 agnoscant,

564 2106 805 2150 et‘unum
836 2094 928 2149 Dei
954 2106 1007 2149 et
1030 2095 1333 2165 angelorum
1359 2097 1701 2151 mediatorem
1728 2097 1907 2165 ?quod
1943 2098 2111 2166 ipsum

564 2181 689 2236 alibi
719 2196 928 2253 quoque
961 2182 1139 2237 docuit
1174 2183 1245 2236 ad
1277 2182 1416 2236 hunc
1452 2186 1704 2242 modum:
1739 2183 1882 2240 Unus
1919 2187 2115 2240 etenim

564 2269 705 2326 Dm
718 2280 794 2326 est
816 2287 835 2325 :
863 2287 996 2326 unus
1021 2276 1078 2334 >14
1098 2272 1251 2325 etiam
1276 2270 1369 2325 Dei
1388 2281 1540 2343 atque
1556 2275 1821 2327 hominum
1841 2276 2113 2343 mediator,

565 2362 717 2415 homo
748 2361 902 2416 Iesus
954 2360 1191 2416 Christus
1216 2363 1282 2415 ι’.
1312 2362 1595 2417 Enimvero
1626 2380 1781 2434 quem
1824 2365 1917 2420 Dei
1961 2376 2119 2436 atque

565 2451 838 2507 hominum
884 2452 1113 2521 appellat
1154 2454 1519 2519 mediatorem,
1564 2456 1829 2509 hominem
1875 2469 1992 2510 esse
2022 2470 2117 2510 nec

567 2540 836 2597 immerito
886 2542 1209 2609 declaravit,
1261 2555 1475 2614 propter
1523 2544 1963 2600 incarnationem.
2018 2546 2114 2601 Ubi

565 2631 911 2687 mediatorem
941 2632 1095 2699 dixit,
1158 2649 1263 2688 non
1322 2635 1414 2689 Dei
1448 2644 1505 2689 et
1562 2636 1860 2701 hominum,
1910 2637 2002 2691 sed
2026 2637 2116 2692 Dei

568 2728 623 2774 et
650 2721 976 2789 angelorum,
1026 2738 1131 2778 non
1162 2724 1307 2779 illum
1348 2734 1474 2780 tunc
1523 2726 1792 2780 hominem
1834 2728 2119 2797 consigna-

568 2810 669 2875 vit,
702 2810 795 2865 sed
837 2811 1148 2882 simpliciter
1178 2814 1547 2871 mediatorem.
1591 2814 1800 2885 Legem,
1848 2816 2117 2885 inquiens,

567 2913 661 2966 per
699 2898 909 2969 angelos
949 2901 1263 2967 ordinatam,
1294 2904 1348 2956 in
1389 2920 1547 2956 manu
1588 2905 1910 2960 mediatoris.
1937 2905 2042 2960 Sed
2067 2916 2121 2962 et

567 3002 761 3043 nomen
808 2989 980 3059 ipsum
1014 2993 1317 3047 mediatoris
1354 2993 1609 3048 illustrius
1646 2995 1850 3059 reddit,
1892 3010 1986 3065 per
2008 2996 2121 3051 dis-

570 3080 881 3135 tinctionem
902 3120 917 3146 ,
959 3081 1044 3136 ubi
1076 3084 1150 3138 ait
1175 3102 1187 3136 :
1223 3082 1483 3137 Mediator
1510 3093 1683 3137 autem
1714 3088 1868 3139 unius
1896 3102 1997 3139 non
2023 3095 2117 3150 est,

570 3167 713 3223 Deus
748 3180 921 3224 autem
953 3186 1084 3225 unus
1121 3182 1214 3225 est.
1245 3171 1357 3226 Non
1394 3184 1476 3227 est
1514 3188 1641 3241 ergo
1669 3174 1805 3228 Deus
1843 3176 2118 3230 mediator.

572 3261 707 3315 Nam
731 3260 883 3330 cuius
919 3266 1128 3319 tandem
1157 3275 1297 3321 esset
1325 3266 1631 3322 mediator?
1655 3267 1839 3337 Neque
1883 3271 1995 3337 ipse
2038 3270 2124 3323 ille

575 3352 665 3419 qui
694 3352 956 3408 mediator
977 3365 1079 3420 est,
1104 3370 1168 3410 eo
1195 3356 1308 3425 ipso
1336 3356 1473 3412 Deus
1501 3368 1603 3412 est.
1639 3358 1770 3412 Nam
1818 3361 1979 3414 unius
2016 3376 2121 3414 non

574 3448 659 3494 est
696 3442 957 3495 mediator
985 3443 1153 3506 idem,
1196 3458 1317 3497 cum
1366 3436 1571 3500 medius
1615 3447 1753 3501 inter
1797 3448 1927 3502 duos
1958 3448 2123 3502 inter-

573 3536 824 3599 ponatur.
852 3528 1086 3595 Quorum
1115 3547 1240 3585 vero
1266 3533 1487 3585 exsistat
1518 3534 1779 3588 mediator
1801 3535 1977 3598 docet,
2000 3536 2122 3589 dum

575 3617 644 3670 de
670 3618 884 3673 nomine
913 3620 1130 3689 angelos
1158 3620 1408 3690 appellat,
1436 3629 1490 3675 et
1524 3621 1708 3676 Deum.
1736 3622 1971 3689 Quorum
2016 3637 2127 3678 me-

575 3707 722 3761 dium
768 3708 1206 3765 intervenientem
1240 3712 1332 3766 Dei
1377 3712 1606 3777 Filium,
1653 3713 1765 3766 suis
1806 3714 2052 3767 manibus
2095 3728 2124 3767 a

575 3796 733 3853 Patre
759 3799 1023 3869 recepisse
1048 3801 1217 3871 legem
1254 3801 1429 3869 docet,
1456 3812 1509 3856 et
1549 3818 1645 3871 per
1676 3804 1983 3873 angelorum
2029 3805 2128 3859 iiii-

577 3888 859 3943 nisterlum
887 3891 1081 3958 populo
1108 3893 1552 3948 communicasse.
1593 3893 1720 3947 Erat
1751 3894 1910 3963 igitur
1936 3895 2127 3948 exinde

576 3980 746 4036 Filius
778 3984 1085 4051 priusquam
1128 3984 1279 4039 ﬂeret
1308 3984 1399 4039 Dei
1450 3986 1711 4040 mediator
1742 3995 1795 4040 et
1829 3987 2121 4049 hominum,

580 4073 846 4128 mediator
882 4074 976 4127 Dei
1003 4084 1057 4129 et
1084 4075 1411 4144 angelorum.
1438 4076 1503 4129 Et
1547 4075 1637 4129 illo
1668 4076 1823 4129 modo
1850 4085 1985 4140 erat,
2017 4091 2123 4131 non

578 4173 639 4216 ut
669 4163 782 4232 qui,
813 4164 956 4218 velut
990 4166 1189 4218 nudum
1225 4164 1316 4218 Dei
1350 4164 1577 4219 Verbum
1620 4166 1671 4218 in
1698 4178 1764 4221 eo
1791 4166 2124 4229 subsisteret,

653 4260 711 4317 »Β
743 4255 841 4309 Ed.
868 4255 1062 4322 Pat’is.,
1087 4272 1207 4326 pag.
1233 4257 1285 4310 8.

650 4388 691 4419 "
721 4386 839 4443 Gal.
865 4389 1009 4455 tv,4.
1086 4390 1127 4423 ¹⁸
1154 4388 1268 4445 Gal.
1298 4407 1379 4457 ιιι,
1415 4392 1497 4458 i9,
1522 4391 1609 4447 20.
1687 4392 1727 4425 “
1765 4392 1783 4446 l
1816 4392 1952 4448 Tim.
1980 4412 2041 4460 ιι,
2070 4395 2123 4449 5.

675 4545 768 4610 Gl)
802 4544 973 4612 Vulgo
1003 4547 1078 4599 δέ.

651 4545 762 4686 ἓ62)
793 4615 1078 4686 Ορδἐτερρ.

674 4616 762 4683 62)
793 4615 1107 4682 Οὑδέτερος
1156 4616 1222 4669 δὲ
1257 4618 1519 4671 ἐκείνων.
1562 4614 1821 4669 Eusebius
1862 4615 2125 4667 arianizat

582 4684 673 4740 hic
702 4684 1005 4748 manifesto,
1038 4685 1225 4739 Filium
1251 4702 1354 4740 non
1387 4688 1547 4739 Deum
1579 4699 1719 4745 esse,
1749 4699 1845 4737 nec
1876 4684 2123 4750 angelum

582 4754 839 4823 vultesse
871 4773 883 4807 :
916 4755 1007 4807 sed
1064 4756 1205 4808 inter
1254 4756 1467 4823 angelos
1513 4764 1567 4808 et
1615 4752 1797 4823 Deum,
1838 4753 2128 4823 mediantis

585 4822 860 4893 cujusdam
903 4824 1255 4876 conditionis.
1295 4825 1614 4893 Quanquam
1655 4822 1794 4893 enim
1850 4836 2033 4874 verum
2064 4822 2135 4875 sit

585 4890 778 4945 Filium
801 4907 907 4945 non
950 4906 1070 4944 esse
1100 4893 1189 4944 τὸν
1213 4894 1303 4945 ἐπὶ
1337 4890 1549 4946 πάντων
1582 4892 1731 4952 Θεόν,
1766 4890 1865 4943 hoc
1894 4900 1995 4954 est,
2028 4906 2131 4942 non

586 4976 694 5013 esse
722 4960 957 5021 Patrem,
981 4963 1069 5029 qui
1103 4961 1220 5014 fons
1250 4972 1303 5015 et
1325 4964 1472 5029 origo
1524 4972 1604 5014 est
1634 4961 1732 5028 τῆς
1755 4958 2017 5029 θεότητος,
2060 4970 2137 5011 ta-

586 5044 709 5082 men
739 5040 821 5083 est
852 5032 880 5081 6
913 5028 1013 5081 ὲπῖ
1041 5030 1255 5085 πάντων
1306 5028 1453 5092 Θεός,
1482 5031 1655 5098 quoad
1688 5028 2059 5089 substantiam,
2092 5036 2143 5081 et

587 5100 961 5151 exsistentiam
993 5117 1005 5151 ι
1037 5100 1180 5153 Patri
1237 5097 1555 5162 coaeternus,
1605 5099 1911 5164 «tamquam.
1955 5097 2139 5151 Ariani

590 5168 954 5225 agnoscebant
982 5167 1170 5221 Filium
1203 5185 1322 5223 esse
1363 5170 1549 5231 Deum,
1582 5167 1674 5220 sed
1708 5179 1965 5230 creatum,
2002 5168 2141 5219 asci-

594 5236 792 5295 titium.
825 5235 1104 5289 minorem.
1142 5237 1351 5291 Patrem
1381 5240 1520 5290 enim
1556 5253 1622 5290 eo
1661 5238 1913 5300 majorem
1959 5236 2141 5289 inlini-

592 5302 699 5375 ᾖξε
750 5307 1194 5375 pronuntiabant,
1254 5322 1423 5375 neque
1459 5307 1615 5361 facile
1666 5304 1928 5375 Eusebius
1983 5306 2140 5375 aliter

597 5369 823 5443 Patre—mg
849 5374 1123 5442 distinguit
1153 5392 1180 5427 a
1215 5369 1368 5437 Filio,
1402 5391 1559 5443 quam
1596 5384 1653 5427 ut
1685 5373 1752 5425 sit
1802 5377 1827 5426 6
1870 5376 1961 5427 ἐπὶ
2008 5374 2141 5426 πάν-

591 5456 697 5492 των
728 5441 876 5506 Θεός,
904 5441 1041 5510 quod
1070 5444 1235 5498 Filius
1282 5461 1383 5499 non
1419 5441 1533 5503 est.
1568 5444 1673 5497 Sed
1707 5444 1832 5510 quid
1878 5458 2011 5510 opus
2063 5452 2145 5510 est

590 5510 750 5585 verba
781 5508 1063 5585 premere?
1088 5514 1398 5585 διαρρήδην.
1434 5517 1528 5579 ait,
1560 5508 1847 5585 06059610;
1870 5508 1942 5566 ὢν
1965 5516 1993 5564 6
2042 5508 2141 5573 εἷς,

592 5578 693 5631 καὶ
718 5580 893 5659 ,μόνος
926 5580 1057 5659 Θεός
1093 5628 1107 5638 .
1137 5578 1229 5638 sed
1269 5578 1537 5639 inferioris
1591 5584 1816 5647 ordinis,
1866 5594 2058 5645 status,
2085 5590 2139 5634 et

594 5648 933 5703 conditionis.
973 5648 1043 5703 Μ.

664 5713 779 5787 (65)
811 5716 982 5786 Vulgo
1010 5722 1111 5774 δτι.
1135 5721 1272 5777 Infra
1302 5723 1457 5793 vulgo
1489 5720 1765 5789 ὑπάρχων.

2210 1919 2323 1978 τοῖς
2371 1915 2571 1977 λοιποῖς
2615 1912 2920 1985 ἀνθρώποις
2966 1913 3265 1984 ἄνθρωπος.
3311 1912 3378 1965 Τί
3412 1912 3499 1975 δὸς
3515 1914 3563 1965 εί
3618 1910 3794 1984 μηδὲν

2211 2007 2445 2072 τούτων;
2497 2002 2573 2058 Ἦ
2631 2004 2767 2057 Θεοῦ
2819 2005 3111 2075 μονογενὴς
3164 2003 3312 2068 Υἱὸς,
3374 2002 3469 2056 νῦν
3532 2002 3633 2072 μὲν
3689 2004 3792 2055 ἀν-

2214 2097 2443 2168 θρώπων
2480 2096 2573 2149 καὶ
2624 2094 2758 2148 Θεοῦ
2802 2096 3027 2166 μεσίτης
3094 2093 3353 2163 γεγονὼς,
3406 2091 3689 2161 πρόπαλαι
3732 2092 3794 2146 δι

2214 2190 2307 2241 ἐπὶ
2340 2188 2613 2250 Μωῦσέως
2643 2186 2777 2240 Θεοῦ
2819 2188 2914 2241 καὶ
2950 2186 3195 2255 ἀγγέλων
3234 2185 3459 2255 μεσίτης
3496 2185 3793 2256 ὑπάρχων.

2215 2278 2399 2331 Ταῦτα
2431 2276 2541 2347 (64)
2594 2276 2651 2330 δὲ
2682 2276 2865 2339 αὐτοῖς
2915 2276 3161 2346 γράφων.
3192 2269 3296 2329 ὧδέ
3337 2293 3413 2346 πη
3451 2274 3796 2345 παραδιδοὺς

2216 2367 2360 2435 λέγει
2392 2369 2419 2420 6
2448 2367 2620 2438 μέγας
2672 2366 3023 2429 ’Δπόστολοςο
3065 2383 3084 2417 t
3128 2366 3185 2419 '0
3220 2367 3382 2437 νόμος
3416 2366 3699 2435 διαταγεὶς
3723 2365 3794 2419 δι’

2216 2457 2461 2525 ἀγγέλων
2492 2458 2549 2509 ὲν
2590 2457 2730 2527 χειρὶ
2758 2455 2993 2525 μεσίτου.
3031 2456 3089 2508 ’0
3120 2456 3178 2509 δὲ
3228 2456 3454 2526 μεσίτης
3502 2455 3623 2518 ἑνὸς
3685 2455 3796 2509 οὐκ

2216 2546 2387 2601 ἐστιν’
2419 2547 2447 2599 6
2478 2546 2534 2599 δὲ
2565 2545 2697 2609 Θεὸς
2727 2540 2805 2609 εἷς
2828 2546 2992 2598 ἐστιν.
3046 2563 3065 2597 ι
3104 2539 3199 2608 Εἷς
3223 2540 3315 2598 οὖν
3346 2546 3494 2598 ἔστιν
3548 2544 3578 2596 6
3631 2543 3794 2607 Θεὸς,

2218 2638 2310 2690 καὶ
2352 2633 2432 2700 εἷς
2475 2636 2698 2707 μεσίτης
2745 2634 2878 2688 Θεοῦ
2910 2652 2967 2688 τε
3030 2635 3125 2689 καὶ
3158 2633 3487 2708 [ἀνθρώπιον
3524 2634 3647 2707 καὶ]
3678 2635 3796 2690 τῶν

2218 2728 2491 2800 γεννητῶν
2521 2728 2737 2782 πάντων
2758 2744 2772 2756 ·
2805 2726 2865 2779 οὐ
2889 2725 2983 2780 νῦν
3015 2725 3320 2797 ἀρξάμενος
3369 2727 3467 2797 τῆς
3514 2726 3795 2797 σωτηρίου

2222 2820 2514 2889 μεσιτείας,
2548 2818 2683 2872 ἀλλά
2714 2817 2809 2872 καὶ
2840 2817 2947 2888 πρὸ
2995 2817 3092 2887 τῆς
3144 2820 3222 2881 είς
3251 2816 3573 2889 ἀνθρώπους
3619 2817 3795 2871 αὑτοῦ

2219 2908 2552 2977 θεοφανείας,
2587 2908 2773 2979 ὥσπερ
2812 2903 2903 2961 οὖν
2927 2910 2955 2960 6
2989 2907 3144 2977 λόγος
3169 2908 3468 2974 ἀπέδειξεν.
3494 2909 3716 2963 Τούτων
3746 2907 3799 2962 'o’

2219 2998 2276 3049 ὲν
2310 2997 2497 3068 βραχεῖ
2524 2996 2787 3059 Γαλάταις
2812 2996 3013 3058 αὐτοῖς,
3047 2998 3111 3049 ὲκ
3138 2998 3304 3067 μόνης
3340 2997 3442 3067 τῆς
3496 2998 3635 3068 πρὸς
3687 2997 3799 3050 αὕ-

2220 3089 2344 3151 τοὺς
2376 3088 2658 3158 ἐπιστολῆς
2710 3087 3140 3157 παρατεθέντων,
3167 3088 3264 3157 τῆς
3291 3104 3351 3139 τε
3399 3089 3665 3158 σωτηρίου
3694 3088 3793 3141 πί-

2225 3194 2395 3239 στεως
2415 3178 2512 3248 τὴν
2548 3176 2813 3247 μυστικὴν
2833 3176 3184 3247 ἀναγέννησιν
3215 3180 3294 3241 είς
3324 3178 3494 3248 ὄνομα
3539 3178 3635 3233 τοῦ
3687 3179 3800 3233 Πα-

2225 3271 2369 3342 τρὸς,
2401 3271 2608 3324 καὶτοῦ
2642 3271 2792 3335 Υίοῦ,
2817 3272 2911 3325 καὶ
2961 3270 3055 3324 τοῦ
3109 3270 3263 3339 ἀγίου
3293 3267 3610 3339 Πνεύματος
3655 3272 3801 3340 σιταρ-

2227 3362 2474 3432 εχούσης,
2509 3364 2600 3415 καὶ
2623 3363 2757 3435 πρὸς
2780 3365 2889 3425 τοῖς
2922 3362 3084 3426 θείοις
3113 3361 3407 3432 ἐγγράφοις
3437 3362 3534 3431 τῆς
3556 3360 3669 3415 ἀπὸ
3694 3378 3800 3415 πε-

2228 3454 2407 3525 ράτων
2440 3454 2542 3523 γῆς
2576 3456 2678 3518 ἕως
2710 3456 2959 3525 περάτων
2998 3454 3287 3525 καθολικῆς
3327 3454 3653 3525 Ἐκκλησίας
3695 3455 3798 3510 τοῦ

2226 3541 2359 3595 Θεοῦ
2377 3544 2471 3607 τὰς
2488 3544 2593 3597 ἀπὸ
2619 3545 2724 3597 τῶν
2742 3544 2897 3598 θείων
2921 3545 3149 3616 Γραφῶν
3182 3546 3504 3617 μαρτυρίας,
3533 3543 3594 3609 ὲξ
3618 3546 3801 3617 ἀγρά-

2226 3646 2326 3696 φου
2378 3632 2764 3701 παραδόσεως,
2808 3632 3367 3703 ὲπισφραγιζομένηςο
3429 3634 3549 3705 ὥρα
3604 3635 3800 3691 λοιπὸν

2227 3721 2321 3772 καὶ
2348 3720 2443 3782 τὰς
2463 3720 2778 3791 Μαρκέλλου
2798 3721 3184 3791 διασκέψασθαι
3208 3722 3399 3788 λέξεις,
3422 3724 3526 3775 τῶν
3545 3740 3606 3776 τε
3628 3725 3802 3796 έπηγ-

2228 3810 2500 3880 γελμένων
2523 3814 2654 3883 ἡμῖν
2694 3812 2791 3877 τὰς
2828 3811 3125 3878 ἀποδείξεις
3153 3815 3425 3884 ὑποσχεῖν,
3454 3814 3530 3878 ὡς
3586 3814 3652 3869 ἂν
3716 3816 3795 3888 μή

2227 3917 2309 3963 τις
2334 3903 2421 3954 τὸν
2451 3903 2615 3974 ἄνδρα
2648 3905 3093 3975 συκοφαντεῖσθαι
3153 3905 3287 3976 πρὸς
3320 3905 3474 3977 ἡμῶν
3528 3906 3795 3977 νομίσειε.

2232 3992 2442 4045 Σκοποῦ
2472 3994 2528 4046 δέ
2561 4012 2648 4064 μοι
2679 3998 3036 4068 προκειμένου
3071 3998 3159 4051 διὰ
3192 3996 3436 4067 βραχέων
3461 3998 3691 4068 ἐκφῆναι
3726 3998 3800 4053 τὰ

2230 4084 2511 4154 εἰρημένα,
2545 4087 2655 4158 (65)
2682 4088 2742 4141 οὐ
2772 4090 2947 4153 πάσας
2980 4087 3301 4157 ἀναλέξομαι
3338 4088 3431 4141 τοῦ
3473 4088 3666 4160 ἀνδρὸς
3696 4089 3802 4156 τὰς

2233 4173 2433 4239 φωνὰς,
2472 4177 2655 4245 μόναις
2679 4177 2737 4230 δὲ
2784 4180 2906 4239 ταῖς
2958 4180 3296 4240 ωνεκτικαῖς
3350 4178 3648 4249 χρήσομαι,
3695 4177 3799 4244 τὰς

2299 4535 2415 4659 ὅθι)
2443 4532 2639 4613 yulgo_
2653 4530 2769 4599 μέν.
2802 4528 2919 4584 Mox
2947 4528 3064 4583 dele
3103 4527 3257 4601 ἀνθρ.
3296 4527 3410 4581 καί.
3459 4526 3606 4582 Intra
3637 4525 3797 4583 codd.

2335 4646 2347 4658 .
2379 4622 2471 4656 του
2510 4602 2644 4654 Θεου
2684 4599 2834 4651 ὲκκλ.

2335 4646 2347 4658 .
2379 4599 2471 4656 τοῦ
2510 4599 2644 4654 Θεοῦ
2684 4599 2834 4651 ὲκκλ.

2225 4625 2347 4662 καυ.
2379 4625 2471 4656 του
2510 4625 2644 4654 σεου
2684 4625 2834 4651 bii-XA-

2302 4674 2529 4745 (65)ρῤ
2586 4668 2788 4745 πάσας
2842 4663 3223 4745 ἀναλέξομαι.
3278 4660 3504 4745 Utinam
3552 4669 3800 4745 exstaret

2231 4730 2465 4801 Marcelli
2506 4742 2604 4793 hoc
2632 4730 3007 4804 qualecunque
3042 4730 3660 4804 ati'ﬁpappa.__l.iceret
3683 4739 3797 4783 tum

2235 4799 2546 4873 αὐτόπταις,
2610 4799 2824 4860 Eusebii
2858 4799 3268 4873 διασκέψασθαιέ
3303 4799 3641 4873 ﬁdelitatem,
3677 4814 3801 4873 qua

2237 4901 2343 4938 non
2383 4868 2542 4935 nimis
2571 4887 2718 4931 casta
2771 4875 2937 4927 fuisse
2966 4868 3196 4927 videtur.
3224 4870 3406 4932 Certe,
3452 4868 3593 4936 quod
3652 4870 3801 4937 prius

2240 4956 2583 5007 observatum
2613 4956 2717 5006 est,
2760 4955 2817 4996 ut
2846 4946 2982 4996 inter
3010 4952 3217 4996 veteres
3249 4938 3506 4993 Ecclesiae
3538 4950 3801 5007 proceres

2244 5006 2496 5075 censendi
2522 5032 2645 5069 cum
2680 5014 2869 5083 primis
2901 5011 3073 5083 Julius
3097 5022 3151 5065 et
3182 5008 3534 5083 Athanasius,
3568 5006 3801 5083 Marcel-

2244 5095 2350 5143 lum
2388 5100 2441 5141 et
2480 5077 2694 5151 scriptis
2721 5092 2775 5135 ct
2814 5082 3095 5135 sententiis
3136 5082 3258 5133 latis
3285 5077 3653 5151 absolverunt
3677 5093 3691 5128 :
3715 5077 3801 5151 ita

2243 5159 2470 5214 Basilius
2493 5146 2701 5212 ὁπάνυ.
2733 5162 2783 5205 et
2819 5152 3052 5205 Hilarius
3092 5152 3231 5203 inter
3285 5147 3571 5200 haereticos
3624 5146 3801 5213 ipsius

2246 5242 2436 5281 nomen
2470 5234 2843 5294 reposuerunt.
2876 5221 2981 5294 Isti.
3005 5222 3048 5294 si
3082 5224 3134 5272 in
3168 5232 3329 5294 causa
3354 5216 3693 5294 tacuissent,
3718 5214 3801 5269 fa-

2244 5299 2346 5352 cile
2377 5284 2587 5356 fuisset,
2619 5290 2930 5353 Eusebium,
2960 5289 3166 5352 Arium,
3189 5284 3803 5356 AsteriumLApollina-

2245 5369 2406 5423 rium.
2478 5354 2664 5416 omnes
2720 5360 3023 5431 haereticos
3051 5354 3641 5431 contemnere.h'l‘_w§;_
3662 5354 3802 5431 ὑπὲρ

2245 5421 2404 5488 αὐτοῦ
2436 5431 2835 5500 ἁπολογήσαντο
2877 5426 2949 5500 μὴ
2970 5426 3139 5500 οῦτως
3170 5427 3329 5500 ἔχειν,
3370 5421 3683 5500 ambesa;
3699 5421 3785 5500 αὖ

2245 5445 2404 5488 αὐτου
2436 5445 2835 5500 ἀπολογησαντο
2916 5445 2949 5498 η
2970 5445 3139 5490 ουτως
3170 5445 3329 5494 εχειν,
3370 5445 3468 5474 aM
3509 5445 3537 5473 ο
3575 5445 3682 5483 σως
3714 5445 3785 5474 au

2244 5506 2335 5557 τὸν
2401 5502 2718 5573 βεϐιωκέναι
2739 5517 2751 5529 ⁸
2808 5445 3037 5573 καῖ.τῷ
3069 5496 3399 5573 λςρρονήματι
3420 5445 3611 5573 ἀὺτςν-
3625 5490 3802 5573 ρρθῶς

2248 5562 2830 5680 ἐγειφδιῖσχυρίζοντο.
2869 5566 2958 5647 Διὸ
2999 5562 3165 5646 πολλῇ
3186 5562 3311 5633 περὶ
3342 5562 3529 5647 τούτου
3558 5562 3802 5680 ηζίὶτηστς

2248 5662 2278 5680 ν
2309 5660 2427 5680 vnn:
2484 5641 2587 5680 καὶ
2630 5640 2694 5680 τὰ
2732 5638 2824 5680 ubi
2854 5653 3056 5680 κηυωια
3099 5653 3193 5680 τηε
3234 5635 3439 5680 ὲννοιας
3477 5631 3593 5680 Θεω
3666 5646 3781 5680 γνω

2248 5593 2272 5626 Ε
2311 5593 2389 5626 ειν
2426 5593 2830 5640 οιισχυριςοντυ.
2869 5593 2958 5619 ωιυ
2999 5593 3165 5635 summ]
3187 5593 3311 5633 περι
3342 5593 3529 5615 ’δυυ·ι.υυ
3582 5593 3630 5625 δι
3660 5593 3781 5628 διιυςι

2244 5593 2449 5709 γξγονε.
2484 5641 2593 5693 Καὶ
2630 5640 2695 5691 τὰ
2731 5638 2824 5707 μὲν
2854 5636 3056 5709 κρῦφια
3086 5636 3193 5709 Δτῆς
3234 5593 3781 5709 ἑννοίας-Θεῴηὲγνω

2245 5699 2385 5770 init.
2414 5713 2489 5767 ait
2520 5699 2865 5774 Epiphanius.
2894 5699 3067 5760 MJ—
3086 5699 3202 5759 Mox
3234 5701 3391 5761 vulso
3415 5699 3755 5760 éEnxoiGow.
