4048 6464
216 498 321 554 na
1344 483 1623 546 comas
1659 478 1814 537 ιιΑιιι

1862 474 2090 535 ιιιιυιι
2127 473 2257 533 ιω.
2300 473 2340 531 l.
3359 459 3460 519 75C

216 601 457 668 πλείους,
474 601 676 657 ὡσανεὶ
700 600 959 675 περιττὰς
976 600 1072 655 καὶ
1100 598 1191 654 διὰ
1214 597 1325 653 τῶν
1372 594 1553 651 αὐτῶν
1579 589 1790 664 χωρού-

1864 601 1991 658 per
2015 602 2075 643 se
2104 601 2211 642 non
2247 584 2549 640 subsistens
2597 594 2763 638 unum
2812 587 2973 649 atque
3000 576 3143 678 idem
3187 590 3323 678 cum.
3356 573 3462 630 Dec

218 708 343 759 σας.
364 664 821 765 ὐττερθησόμενος.
846 664 961 761 Πρθ
986 690 1043 745 δὲ
1061 692 1159 763 τῆς
1191 690 1299 744 τῶν
1323 685 1628 759 εἰρημένων
1656 683 1791 736 ἀπο-

1893 678 2197 740 exsistens;
2230 678 2404 745 neque
2428 674 2575 729 enim
2605 672 2710 726 hoc
2748 677 2908 740 pacto
2947 666 3215 722 mediator
3255 664 3462 733 aliquo-

218 758 437 849 δείξεως
467 758 618 853 cluat
646 758 755 834 δεῖν
783 781 841 834 ἑν
874 758 1127 852 ττρώτοις
1146 758 1492 851 παραστῆσαι
1538 776 1651 837 τοῖς
1699 773 1789 824 ὲν-

1896 784 2015 824 rum
2043 782 2165 823 esse
2204 774 2434 835 poterat.
2466 764 2599 819 Erat
2636 770 2816 817 autem
2837 800 2853 826 ,
2882 766 2939 814 et
2979 758 3129 827 prius
3157 762 3309 822 erat,
3343 763 3463 808 tan-

220 846 579 941 τυγχάνουσιν
604 870 710 935 δτι,
748 871 882 942 μηδὲ
922 846 1029 935 ’τὰς
1087 846 1407 943 προχείρους
1448 866 1621 931 λέξεις
1677 864 1788 917 τῶν

1893 874 2056 931 quam
2085 858 2291 912 scilicet
2316 854 2489 909 Filius
2515 852 2835 924 unigenitus,
2861 849 3047 920 plenus
3084 846 3258 943 gratia
3285 853 3335 899 et
3374 859 3464 898 ue-

220 936 383 1014 Osltdv
407 958 695 1033 ὲξηκρίϐου
729 936 1307 1033 άναᾙωσμάτῶνξὼς
1320 958 1386 1012 ἂν
1420 956 1637 1027 γνωσθῇ
1682 957 1793 1018 τοῖς

1991 960 2057 1003 ue
2077 949 2146 1003 ".
2180 945 2536 1002 lntermedias
2583 953 2761 999 autem
2812 950 2995 1014 partes
3047 936 3467 1033 supplebat-suo
3579 988 3589 998 _

220 1044 308 1101 ιτι
336 1026 499 1102 αὑτὸν
522 1026 826 1116 ἀγνοοῦσιν,
847 1026 1036 1110 omni;
1064 1064 1151 1110 τις
1168 1046 1265 1113 ὢν,
1288 1047 1380 1101 ἐπὶ
1401 1026 1498 1117 τὴν
1519 1026 1796 1115 τῶνείρη-

1901 1039 2072 1105 Patri,
2106 1053 2229 1093 cum
2264 1036 2565 1092 ministerio
2595 1034 2928 1104 angelorum,
2960 1032 3133 1101 legem
3161 1026 3466 1085 hominibus

223 1135 403 1210 μένων
434 1138 681 1210 προήχθη
705 1138 928 1210 τόλμαν.
1458 1116 1463 1117 ί

1900 1126 2290 1198 promulgaret.
2315 1124 2415 1192 Qui
2448 1125 2676 1181 docebat
2713 1124 3031 1192 ignorantes
3057 1129 3113 1175 et
3149 1116 3468 1204 ineruditos,

222 1231 558 1301 tbeologicas
598 1233 668 1290 de
713 1233 805 1290 Dei
853 1233 990 1288 Filio
1058 1232 1313 1299 rationes,
1363 1229 1649 1301 Apostolus
1719 1227 1861 1282 idem
1902 1224 2241 1294 consignavit
2278 1212 2349 1277 ad
2401 1222 2561 1277 istum
2609 1220 2826 1275 modum
2877 1217 3163 1290 inquiens,
3210 1214 3467 1269 Πραίσιοι

224 1329 403 1375 autem
441 1338 545 1378 non
588 1332 668 1378 cst
700 1318 854 1378 auius
896 1324 1171 1377 mediator.
1203 1322 1389 1393 Neque
1428 1330 1574 1377 certe
1611 1326 1801 1373 natura
1842 1315 1917 1370 rei
1967 1315 2167 1383 patitur
2238 1313 2590 1368 mediatorem
2655 1312 2723 1367 de
2764 1325 2875 1365 uno
2917 1322 3187 1379 quoquam
3236 1304 3468 1361 deliniri.

222 1408 350 1464 Ideo
401 1427 506 1466 non
543 1424 625 1467 est
665 1414 826 1469 unius
880 1412 1105 1481 alicujus
1146 1414 1268 1478 iste,
1296 1412 1391 1468 sed
1457 1410 1666 1467 medius
1728 1407 2038 1464 necessario
2086 1405 2227 1459 inter
2254 1404 2408 1469 duos,
2434 1403 2502 1458 ab
2534 1414 2763 1473 utroque
2809 1402 3072 1464 diversus,
3100 1414 3330 1470 quorum
3360 1406 3470 1453 sta-

224 1500 398 1555 tuitur
425 1500 712 1556 mediator.
737 1500 854 1557 Non
881 1512 964 1558 est
989 1518 1117 1573 ergo
1144 1500 1564 1561 existimandum
1593 1538 1610 1565 ,
1642 1500 1787 1553 hunc
1821 1512 1942 1553 esse
1971 1496 2136 1550 Deum
2184 1494 2371 1561 illum,
2435 1494 2528 1564 qui
2594 1502 2680 1550 est
2727 1508 2887 1564 supra
2932 1493 3111 1547 omnia
3146 1491 3290 1545 Deus
3327 1507 3341 1544 :
3376 1504 3472 1543 ne-

224 1593 353 1648 dum
390 1593 458 1648 de
504 1606 729 1649 numero
765 1594 1074 1665 angelorum
1117 1594 1390 1664 aliquem:
1420 1592 1515 1648 sed
1559 1591 1791 1646 medium
1831 1598 2184 1658 utrorumque
2222 1595 2276 1641 et
2340 1587 2728 1649 mediatorem,
2770 1585 2967 1655 quippe
3009 1598 3131 1639 cum
3186 1582 3329 1638 inter
3371 1579 3473 1635 Pa-

223 1692 367 1741 trem
397 1699 549 1739 suum
577 1694 631 1740 et
658 1685 874 1757 angelos
917 1688 1215 1742 intercedat
1255 1673 1480 1740 medius.
1518 1684 1602 1738 Ad
1633 1685 1879 1738 eumdem
1919 1681 2132 1735 modum
2160 1680 2378 1745 iterum,
2425 1679 2518 1736 ubi
2549 1678 2641 1734 Dei
2682 1688 2845 1749 atque
2896 1677 3175 1733 hominum
3208 1674 3473 1730 mediator

224 1774 291 1831 ﬁt
341 1777 479 1829 inter
527 1776 772 1831 ordinem
822 1783 1113 1845 utrumque
1172 1774 1548 1839 intermedius,
1577 1773 1773 1828 nullius
1830 1774 2021 1828 horum
2059 1782 2162 1839 est,
2193 1772 2460 1827 exsistens
2494 1771 2775 1826 mediator.
2811 1768 2926 1824 Non
2966 1779 3050 1825 est
3112 1768 3203 1823 Ille
3240 1783 3381 1823 unus
3418 1776 3473 1822 et

225 1865 381 1923 solus
432 1866 572 1922 Deus
617 1883 635 1922 :
683 1882 795 1923 non
826 1867 1022 1935 homo,
1067 1882 1173 1937 quo
1227 1866 1387 1923 modo
1431 1865 1613 1922 caeteri
1657 1864 1903 1919 homines
1955 1872 2104 1919 sunt.
2145 1862 2283 1930 Quid
2337 1864 2587 1927 tandem,
2643 1862 2687 1919 si
2750 1861 2885 1917 nihil
2926 1861 3171 1929 ,borum,
3226 1858 3474 1915 exsistit?

226 1956 391 2015 Certe
445 1958 537 2013 Dei
596 1958 763 2013 Filius
808 1958 1135 2027 unigenitus,
1170 1956 1280 2025 jam
1332 1960 1656 2014 constitutus
1718 1956 1813 2013 Dei
1861 1965 1912 2011 et
1969 1955 2247 2011 hominum
2304 1954 2570 2011 mediator
2620 1974 2634 2009 :
2694 1953 2821 2008 olim
2862 1967 2991 2008 vero
3053 1957 3112 2016 ᾗ
3172 1950 3274 2006 sub
3334 1961 3475 2006 tem-

226 2049 452 2123 poribus
496 2050 764 2117 Mosaicis,
813 2050 903 2104 Dei
946 2051 1211 2105 mediator
1254 2063 1308 2106 et
1350 2036 1686 2120 angelorum.
1762 2049 1888 2104 Haec
1944 2057 2072 2103 sunt
2132 2048 2220 2103 illa
2260 2061 2383 2118 quc
2425 2061 2653 2117 magnus
2709 2044 2996 2115 Apostolus
3031 2043 3121 2098 ille
3159 2042 3223 2096 ad
3258 2041 3476 2099 Galatas

228 2141 513 2209 scriptum
567 2140 804 2206 tradidit,
862 2138 972 2195 Lex
1022 2157 1114 2209 per
1162 2140 1373 2209 angelos
1434 2141 1701 2207 ordinata,
1768 2142 1823 2194 in
1886 2154 2048 2191 manu
2119 2138 2450 2201 mediatoris,
2515 2136 2765 2206 inquiens
2824 2134 3147 2188 :Mcdiator
3184 2135 3342 2186 unius
3376 2130 3475 2184 ali-

229 2230 386 2301 cujus
424 2246 530 2285 non
559 2240 634 2285 est
674 2245 692 2283 :
723 2230 860 2286 Deus
916 2243 1091 2286 autem
1139 2247 1274 2286 unus
1318 2243 1418 2287 est.
1449 2231 1599 2288 Unus
1633 2233 1815 2301 itaque
1853 2230 1995 2285 Deus
2023 2237 2127 2294 est,
2149 2240 2205 2284 et
2243 2244 2384 2285 unus
2431 2230 2701 2285 mediator
2734 2229 2829 2285 Dei
2897 2237 3061 2298 atque
3087 2226 3392 2287 hominum,
3424 2229 3476 2278 et

229 2324 474 2381 omnium
524 2324 747 2394 insuper
788 2336 1214 2397 generatorum:
1255 2327 1345 2397 qui
1382 2341 1486 2380 non
1528 2341 1675 2381 nunc
1698 2326 1929 2395 primum
1993 2326 2380 2381 exordiebstur
2433 2322 2818 2379 mediationem
2856 2336 3010 2376 suam
3074 2320 3141 2374 ad
3218 2316 3476 2382 salutem,

231 2412 331 2467 sed
359 2412 486 2468 olim
516 2415 772 2467 exstabat
795 2414 1082 2480 mediator,
1113 2431 1235 2471 cum
1275 2416 1512 2470 nondum
1544 2416 1684 2470 inter
1716 2416 1963 2472 homines
1990 2424 2154 2471 natus
2176 2424 2489 2471 versaretur
2513 2433 2528 2470 :
2555 2415 2697 2484 quod
2734 2413 2848 2482 iam
2912 2412 3086 2482 prius,
3149 2411 3204 2465 in
3269 2421 3476 2464 sermo-

233 2515 307 2557 ne
335 2502 763 2559 demonstratum
810 2516 912 2560 est.
956 2504 1083 2561 llam
1113 2516 1241 2562 sunt
1281 2506 1372 2561 illa
1423 2522 1542 2576 quas
1575 2507 1815 2563 breviter
1851 2520 1906 2565 et
1933 2525 2031 2582 per
2057 2507 2434 2578 compendium
2462 2506 2673 2562 Galatis
2710 2506 3065 2576 proponimus
3124 2502 3476 2559 consideran-

235 2592 328 2658 da,
369 2608 438 2648 ex
462 2594 551 2648 illa
582 2596 699 2663 ipsa
732 2598 796 2651 ad
821 2597 1043 2653 Galatas
1080 2599 1308 2669 epistola
1338 2598 1516 2665 Pauli,
1544 2599 1595 2655 in
1628 2615 1731 2670 qua
1796 2600 1917 2657 ﬁdei
1962 2601 2217 2658 salutaris
2251 2599 2340 2654 illa
2386 2598 2613 2670 mystica
2644 2596 2960 2653 continetur
2999 2592 3364 2665 regeneratio,
3424 2592 3477 2645 in

238 2678 447 2741 nomine
473 2684 677 2756 Patris,
702 2700 751 2745 et
774 2690 906 2745 Filii
933 2704 979 2746 et
1017 2692 1246 2762 Spiritus
1269 2694 1464 2749 sancti.
1494 2692 1645 2760 Quae,
1676 2704 2037 2765 praeterquam
2083 2694 2223 2766 quod
2284 2694 2395 2750 sint
2461 2692 2657 2748 litteris
2698 2692 2895 2748 divinis
2969 2690 3309 2761 consignata,
3356 2696 3479 2743 sunt

237 2778 402 2833 etiam
433 2782 608 2837 adhuc
640 2784 898 2852 majorem
922 2787 974 2839 in
997 2788 1213 2841 modum
1240 2787 1558 2844 continuata
1625 2802 1722 2857 per
1778 2790 2125 2845 traditionem
2170 2788 2453 2845 catholica;
2505 2786 2785 2852 Ecclesiae,
2848 2801 2969 2857 qua:
3002 2802 3032 2839 a
3080 2786 3186 2840 line
3222 2784 3287 2838 ad
3319 2782 3479 2837 ﬁnem

240 2876 515 2926 terrarum
550 2873 890 2940 dill‘unditur,
959 2891 1080 2946 quae
1149 2893 1247 2949 per
1306 2894 1411 2934 non
1450 2881 1710 2950 scriptam
1752 2882 2097 2936 traditionem
2142 2896 2424 2935 sacrarum
2465 2879 2875 2949 Scripturarum
2928 2877 3243 2933 testimonia
3273 2872 3479 2930 contir-

240 2967 357 3013 tuat
398 2970 455 3016 et
494 2962 768 3034 obsignat.
799 2963 920 3019 Jam
957 2982 1089 3023 vero
1119 2980 1328 3039 tempus
1353 2978 1437 3024 est
1465 2978 1526 3024 ut
1564 2970 1819 3041 deinceps
1840 2971 2076 3027 Marcelli
2111 2972 2275 3026 verba
2302 2973 2354 3026 in
2395 2973 2629 3027 medium
2653 2970 2992 3043 proferamus
3024 2977 3079 3023 et
3104 2983 3228 3039 qua:
3256 2966 3480 3039 polliciti

240 3062 450 3115 sumus,
494 3052 974 3121 demonstratione,
1026 3072 1392 3127 proponamus
1453 3062 1649 3129 quibus
1700 3061 1788 3115 illa
1829 3063 2132 3119 clarissime
2181 3075 2573 3134 proponuntur,
2602 3081 2725 3134 qua:
2750 3072 2879 3120 sunt
2933 3080 2961 3117 a
3022 3064 3177 3118 nobis
3217 3064 3480 3119 hactenus

239 3144 639 3213 disputata;ne
667 3147 789 3215 quis
809 3157 958 3217 putet
981 3163 1075 3218 per
1100 3150 1463 3205 calumniandi
1533 3151 1828 3219 libidinem,
1868 3168 1992 3210 esse
2048 3155 2164 3211 haec
2212 3156 2268 3211 in
2328 3156 2476 3210 illum
2512 3164 2788 3226 congesta.
2835 3154 3281 3223 Quandoquidem
3351 3167 3481 3208 vero

238 3235 374 3291 mihi
424 3242 757 3308 propositum
812 3240 884 3294 sit
933 3242 1170 3296 breviter
1235 3243 1326 3297 illa
1367 3244 1698 3311 describere,
1753 3262 1872 3315 quae
1909 3258 2035 3302 sunt
2068 3249 2134 3303 ah
2164 3264 2228 3303 eo
2259 3249 2423 3315 dicta,
2449 3266 2553 3303 non
2588 3258 2765 3305 tamen
2794 3248 2914 3303 ideo
2938 3248 3212 3317 sigillatim
3241 3258 3296 3302 et
3319 3249 3483 3303 verbo

243 3334 401 3383 tenus
425 3328 513 3382 illa
539 3330 775 3385 arbitror
796 3331 849 3385 in
873 3334 1122 3401 praesenti
1152 3348 1272 3388 esse
1304 3334 1910 3391 recensenda.Tantum
1948 3338 2035 3393 illa
2065 3354 2183 3408 quae
2224 3342 2495 3411 praecipua
2561 3350 2708 3406 sunt,
2768 3350 2823 3395 et
2871 3354 3089 3394 causam
3160 3340 3480 3407 continent,

239 3421 535 3485 advocabo,
572 3424 949 3489 praetermissis
991 3425 1437 3495 quamplurimis,
1474 3442 1574 3482 nec
1624 3431 1967 3496 necessariis,
1991 3441 2047 3488 et
2075 3432 2125 3486 in
2158 3433 2299 3488 idem
2330 3432 2504 3502 ipsum
2575 3432 3009 3489 recurrentibus.
3067 3429 3229 3487 Prius
3303 3440 3483 3486 tamen

238 3527 403 3583 quam
439 3513 506 3566 ad
541 3527 655 3567 rem
698 3514 1004 3585 aggrediar,
1032 3530 1128 3585 per
1166 3516 1679 3573 demonstrationem
1712 3536 1932 3577 necesse
1956 3531 2041 3576 est
2070 3523 2257 3578 lectori
2293 3525 2484 3579 faciam
2538 3522 2911 3588 manifestum,
2964 3535 3068 3576 non
3120 3519 3289 3577 fuisse
3340 3523 3485 3579 hunc

236 3606 515 3664 hominem
551 3615 857 3660 assecutum
914 3607 1217 3661 divinarum
1263 3607 1567 3664 litterarum
1632 3622 1868 3667 mentem
1908 3622 1962 3669 et
2009 3615 2373 3684 sententiam,
2416 3616 2614 3671 nedum
2643 3630 2765 3670 cum
2812 3623 2990 3670 essent
3037 3614 3347 3684 cuicunque
3381 3616 3483 3671 ob-

236 3698 341 3754 via
367 3713 383 3752 :
412 3704 472 3749 ut
503 3693 579 3748 illi
610 3697 700 3763 qui
734 3698 1004 3766 ignorant,
1033 3697 1155 3767 quis
1186 3708 1242 3753 et
1271 3699 1446 3768 qualis
1477 3698 1549 3753 sit
1597 3699 1793 3770 adhuc,
1833 3703 2134 3776 intelligant
2174 3706 2410 3773 tandem,
2437 3714 2638 3775 quanta
2679 3720 2803 3761 cum
2840 3704 3065 3760 audacia
3103 3704 3170 3759 ad
3214 3706 3328 3776 ipsa
3367 3705 3486 3762 hac

236 3786 454 3856 scriptis
482 3787 792 3857 proruperit
819 3789 1264 3844 commendanda.

882 3880 1041 3933 κει».
1084 3880 1161 3934 B'.
1835 3895 1879 3952 Β

1835 3895 1879 3952 Β
2557 3882 2708 3939 CAP.
2758 3882 2821 3939 ll.

334 3973 457 4027 Ὅτι
488 3972 630 4027 οὐδὲ
653 3973 760 4038 τὰς
794 3973 955 4038 θείας
973 3972 1288 4041 ἐξηκρίόου
1313 3975 1555 4044 Γραφάς
1579 3976 1709 4047 (66).

1950 3976 2103 4043 Quod
2146 3991 2237 4029 nec
2276 3991 2455 4029 sacras
2499 3973 2808 4043 Scripturas
2845 3975 2975 4030 satis
3019 3984 3197 4029 exacte
3234 3975 3447 4031 calleat.

308 4066 513 4119 Λύτίκα
544 4065 588 4118 δ’
617 4059 730 4126 οὖν,
763 4063 857 4117 τοῦ
880 4064 1162 4135 προφήτου
1199 4067 1465 4136 Ζαχαρίου
1500 4067 1640 4120 κατὰ
1684 4068 1811 4134 τοὺς

1983 4064 2117 4120 Cum
2150 4064 2410 4133 propheta
2440 4063 2750 4130 Zacharias,
2784 4064 2831 4119 is
2864 4065 3121 4119 nimirum
3151 4065 3244 4134 qui
3278 4076 3484 4135 tempo-

234 4154 338 4225 τῆς
366 4154 623 4210 ἐπανόδου
658 4156 878 4225 χρόνους
901 4155 1001 4223 τῆς
1026 4155 1133 4207 ἀπὸ
1158 4155 1472 4220 Βαϐυλῶνος
1496 4158 1804 4227 γενομένου,

1915 4171 1973 4210 re
2008 4156 2212 4210 reditus
2238 4170 2269 4209 e
2300 4154 2568 4227 Babylone
2598 4154 2719 4220 fuit,
2750 4158 3077 4211 mentionem
3108 4156 3306 4213 alicubi
3329 4158 3376 4189 ’ί
3402 4156 3483 4212 la-

248 4246 423 4317 Ἰησοῦ
455 4264 514 4299 τε
552 4248 1019 4317 μνημονεύσαντος
1049 4245 1141 4300 τοῦ
1172 4247 1362 4317 ἱερέως
1407 4245 1501 4300 τοῦ
1548 4249 1804 4318 μεγάλου,

1914 4247 2023 4302 ciat
2062 4244 2189 4303 Jesu
2220 4248 2495 4317 pontificis
2544 4248 2691 4303 illius
2727 4248 2943 4317 magni,
2980 4249 3186 4305 scilicet
3215 4248 3481 4305 Josedeco

231 4334 433 4408 δηλαδὴ
463 4338 555 4391 τοῦ
587 4336 702 4391 υἱοῦ
770 4337 1033 4401 Ἰωσεδὲκ,
1069 4337 1127 4399 ὃς
1185 4338 1301 4408 ἅμα
1357 4338 1659 4407 Ζοροϐάϐελ
1700 4338 1807 4393 τῶν

1912 4339 2098 4406 geniti,
2121 4339 2212 4410 qui
2248 4355 2351 4394 una
2392 4354 2514 4394 cum
2562 4338 2913 4404 Zorohabele,
2944 4341 3249 4412 principatu
3292 4342 3483 4413 funge-

233 4426 345 4482 ἀπὺ
368 4427 681 4491 Βαϐυλῶνος
733 4426 1135 4481 ἐπανελθόντων
1184 4429 1446 4500 ἡγήσατο,
1484 4430 1511 4482 ὁ
1562 4433 1807 4498 γενναῖος

1912 4430 2074 4485 batur
2124 4432 2266 4486 inter
2293 4430 2527 4497 Iudaeos,
2561 4433 2651 4501 qui
2692 4433 2759 4487 de
2805 4432 3076 4504 Babylone
3139 4434 3484 4489 reverteban—

233 4511 391 4582 οὗτος
426 4519 519 4571 καὶ
577 4518 886 4589 Θαυμαστὸς
934 4520 1284 4589 ὑπογραφεὺς
1328 4519 1479 4573 ταῦτ’
1513 4522 1805 4591 ἀγνοήσας,

1916 4535 2025 4589 tur,
2055 4522 2352 4592 prmclarus
2382 4522 2486 4577 iste
2514 4533 2568 4578 et
2596 4524 2856 4579 miriﬁcus
2883 4538 3013 4578 sane
3032 4524 3265 4592 scriptor
3284 4529 3343 4587 >11
3380 4525 3480 4578 ho-

232 4608 414 4679 τίθησι
447 4610 544 4679 μὲν
568 4609 659 4663 τοῦ
684 4610 952 4681 Ζαχαρίου
1001 4609 1097 4679 τὴν
1129 4610 1291 4676 λέξιν,
1323 4611 1387 4663 δι’
1417 4606 1485 4681 ἦς
1541 4612 1810 4683 μέμνηται

1916 4628 2036 4666 rum
2075 4613 2314 4668 omnium
2365 4614 2604 4682 ignarus,
2636 4612 2915 4668 Zachariae
2952 4614 3115 4668 verba
3144 4614 3357 4682 quidem
3392 4614 3477 4667 illa

234 4698 333 4752 τοῦ
366 4700 561 4770 Ἰησοῦ,
599 4700 814 4771 μακρὰν
846 4700 900 4753 δὲ
921 4702 1019 4771 τῆς
1057 4702 1295 4772 ἱστορίας
1334 4701 1690 4766 ἀκοντισθεὶς,
1722 4702 1809 4754 λέ-

1919 4705 2068 4769 citat,
2101 4720 2221 4774 quae
2265 4702 2390 4758 Jesu
2442 4704 2588 4759 illius
2632 4705 3016 4770 meminerunt,
3046 4704 3139 4758 sed
3171 4720 3199 4757 a
3234 4718 3393 4758 sensu
3427 4712 3481 4758 et

234 4804 355 4860 γειν
383 4791 541 4845 αὑτὸν
573 4793 837 4862 ὑπείληφε
869 4791 980 4862 (67)
1017 4794 1144 4863 περὶ
1188 4792 1361 4864 Ἰησοῦ
1389 4791 1666 4856 Μωῦσέως
1695 4792 1809 4847 δια-

1917 4795 2186 4849 sententia
2228 4795 2557 4850 narrationis
2605 4794 2752 4851 illius
2790 4795 2993 4850 recedit
3032 4809 3195 4865 quam
3226 4794 3478 4864 longissi-

313 4889 372 4946 Et
398 4883 495 4937 Ed.
533 4885 729 4949 Paris.,
765 4901 880 4954 pag.
917 4885 971 4939 9.

315 4959 375 5016 είς
414 4954 510 5007 Ed.
552 4954 745 5019 Paris.,
778 4970 899 5023 pag.
936 4955 1021 5009 10.

308 5046 355 5078 ὀ
388 5038 547 5097 Joan.
574 5057 611 5107 ι,
640 5040 731 5096 Η.
780 5045 823 5075 ’ί
851 5043 1016 5098 Zach.
1049 5058 1133 5109 ιιι,
1161 5044 1212 5097 l.

310 5152 713 5228 (66)_Cont_i_net
741 5152 1058 5228 boc__capu_t
1097 5154 1465 5228 velitationem
1511 5159 1801 5225 quamdam
1832 5144 1874 5202 (αἶ

1908 5157 2149 5228 ἐνόησεν.
2194 5155 2367 5222 Male;
2429 5165 2683 5211 caeterum
2736 5158 2893 5211 codd.
2934 5156 3156 5210 ὲλάθετο
3199 5157 3316 5212 loco
3362 5156 3482 5213 ἐλα-

236 5222 381 5294 inter
406 5222 716 5289 Marcellum
745 5232 800 5276 et
842 5222 1153 5294 Eusebium,
1196 5226 1260 5279 de
1306 5226 1435 5279 locis
1481 5222 1799 5294 quibusdam
1914 5226 2021 5279 θεν.

238 5296 293 5351 iu
318 5293 612 5361 Scripturis
641 5293 1004 5369 sacrosanctis
1034 5308 1317 5369 perperam
1361 5293 1667 5369 intellectis,
1697 5297 1802 5369 sal-

1910 5365 1923 5369 ‘
1980 5295 2093 5369 (67)
2122 5294 2261 5363 Περὶ
2290 5295 2481 5369 Ἰησοῦ
2502 5293 2796 5369 Μωῦσέῳς
2825 5294 3127 5369 διαδόχου.
3152 5296 3239 5369 Agit
3260 5294 3482 5369 Marcel-

239 5375 351 5436 tem
381 5374 437 5415 ut
485 5371 673 5436 nostro
702 5362 994 5436 videbatur
1035 5362 1284 5436 Eusebio,
1338 5381 1368 5417 a
1418 5366 1690 5436 Marcello.
1742 5367 1797 5419 lu
1910 5362 2300 5436 lum,l'oc_utne_
2332 5365 2785 5436 Zacharimtertin
2810 5362 3481 5436 capit.,vers.i,uhiagi-

240 5434 439 5505 guihus
471 5430 787 5505 plerumque
817 5431 1128 5505 λεεττολογεί
1172 5436 1200 5485 ὁ
1248 5433 1611 5505 ξυγγραφεὺς,
1646 5437 1809 5505 etde

1916 5445 2004 5489 tur
2022 5437 2087 5489 de
2118 5434 2242 5489 Jesu
2273 5433 2551 5505 Josedeci,_
2574 5434 2826 5505 pontiﬁce
2863 5430 3124 5505 i‘ulsrael,
3156 5437 3207 5487 in
3237 5430 3426 5489 reditu'
3452 5452 3483 5491 e

239 5500 833 5574 lanacaprinalitigat.
870 5500 1151 5574 Concludit
1175 5500 1515 5568 autem'éuni,
1545 5506 1636 5573 qui
1665 5504 1797 5558 adeo
1915 5506 2207 5574 Babylone,
2239 5505 2306 5557 ah
2349 5520 2411 5557 eo
2439 5504 2503 5555 de
2528 5500 2675 5557 Jesu.
2713 5501 2847 5556 Nam
2882 5504 3077 5574 Moysis
3111 5519 3480 5574 successorem

245 5570 527 5643 pueriliter
561 5570 939 5643 balluciuetur,
983 5572 1202 5643 minime
1238 5570 1711 5628 audiendum—esse
1758 5576 1813 5627 in
1919 5570 2218 5641 acceptum.
2250 5574 2408 5627 Certe
2432 5574 2580 5625 valde
2617 5585 2735 5629 erat
2772 5570 3053 5628 Marcellus
3087 5573 3294 5643 ἠλίθιος
3316 5583 3370 5625 et
3396 5575 3480 5626 in-

237 5638 297 5711 ct
328 5639 395 5711 de
432 5638 591 5711 rebus
626 5639 940 5711 tlieologicis
976 5642 1349 5695 disserentem.
1385 5644 1590 5697 Texlus
1634 5644 1705 5697 illi
1750 5644 1817 5695 de
1921 5638 2278 5705 lautissimus,
2310 5644 2355 5696 si
2386 5643 2435 5696 id
2461 5644 2532 5694 ita
2568 5644 2756 5697 volunt
2784 5644 2949 5697 verba
2985 5638 3245 5711 ejus'quae
3287 5645 3482 5698 recitat

239 5708 534 5781 Scriptur‘is
578 5707 717 5781 male
743 5707 945 5781 accepti
980 5720 1294 5781 sequuntur.
1331 5711 1477 5764 M.-——
1506 5713 1625 5766 Mox
1656 5713 1815 5781 vulgo
1924 5713 2037 5780 ipse
2062 5713 2341 5775 Eusebius,
2371 5727 2475 5765 non
2509 5713 2609 5781 hoc
2639 5714 2892 5766 evincun'.
2928 5732 2939 5765 :
2972 5707 3157 5781 neque
3172 5712 3315 5781 enim
3360 5722 3477 5765 sta-

239 5728 534 5777 acnptuns
578 5728 717 5761 male
743 5728 945 5775 accepti
980 5728 1294 5777 sequuntur.
1331 5728 1477 5764 m.-—-—
1506 5728 1625 5766 mox
1656 5728 1741 5764 vui
1784 5728 1815 5766 ο

235 5793 351 5858 Ini.
388 5786 453 5858 et
472 5776 771 5858 ἀρχιερέως
803 5777 920 5833 loco
946 5777 1095 5858 τοῦ
1121 5790 1175 5833 et
1218 5779 1469 5858 ςΙωσηδξκ
1495 5792 1547 5836 et
1574 5728 1814 5858 209962-

1924 5728 2037 5780 tpse
2062 5728 2341 5775 Lusemus,
2371 5728 2475 5765 non
2509 5728 2609 5765 noc
2639 5728 2892 5766 evnncun.
2928 5732 2939 5765 :
2972 5728 3142 5781 neque
3172 5728 3315 5764 enim
3360 5728 3469 5765 sta-

1922 5782 2039 5858 _t_i_m,
2182 5790 2367 5858 egerat
2399 5782 2464 5835 de
2508 5780 2632 5858 Jesu
2665 5782 2930 5858 pontiﬁce
2969 5785 3111 5858 apud
3150 5780 3469 5858 Zanchariatn

238 5845 364 5917 ϐηλ.
414 5845 583 5902 Porro
599 5845 682 5901 ι-ἱιι
727 5862 869 5903 corr.
908 5851 995 5905 ed.
1045 5848 1105 5904 Ρ.
1145 5868 1163 5902 ι
1218 5850 1276 5905 L.
1313 5845 1587 5921 ἐννόησεν.
1627 5845 1659 5905 ι’
1684 5851 1801 5907 loco

1922 5852 2009 5906 illa
2038 5845 2322 5916 subiulcrt,
2355 5865 2473 5920 quas
2501 5845 2860 5908 calumniatur
2890 5845 3177 5910 Eusebius.
3209 5850 3290 5904 ὅτι
3309 5850 3474 5911 αὐτὸς
