4048 6406
659 395 761 447 735
1323 389 1588 448 EUSEBII
1629 387 2097 445 CESARIENSIS
2135 386 2284 443 OPP.
2325 385 2503 441 PARS
2538 384 2627 443 IV.
2665 414 2735 428 —
2771 382 3181 441 DOGIIATICA.
3780 376 3883 429 7‘55

659 507 767 561 ruit
811 504 1098 569 miraculis,
1129 514 1246 560 erat
1292 505 1431 559 Illius
1477 505 1641 569 Nave,
1669 507 1735 560 de
1759 506 1900 559 tribu
1930 503 2200 573 Ephraim,

2319 501 2441 572 rtpr
2475 502 2819 556 διδασκαλίαν
2849 502 2950 571 τῆς
2986 499 3243 555 ἀνωτάτω
3290 494 3604 563 θεολογίαςς
3640 492 3758 546 Καὶ
3796 476 3885 543 ὲπῖ

661 609 779 663 qua
812 594 982 649 tribus
1010 610 1131 650 cum
1185 596 1483 650 sacerdotio
1519 596 1651 649 nihil
1690 594 1877 649 habuit
1906 606 2206 648 commune.

2319 591 2399 644 τοῦ
2440 590 2644 661 Πέτρου
2692 592 2749 644 δὲ
2779 591 3036 653 ὡσαύτως
3092 586 3382 657 ἐπιστῆσαι
3434 585 3553 639 δέον
3596 584 3682 647 τὸ,
3738 583 3889 642 ὅπως

662 682 948 748 Quocirca.
984 685 1075 750 qui
1128 682 1203 736 in
1228 696 1361 737 voce
1392 692 1499 736 tam
1527 682 1696 735 cuivis
1727 683 1883 737 obvia
1918 681 2207 742 aberravit,

2319 681 2495 752 ἐλέχθη
2530 682 2663 752 πρὸς
2693 682 2851 736 αὑτὸν
2880 681 2961 743 τὸ,
3000 682 3231 748 ’Ὕπαγε
3262 678 3454 730 ὀπίσω
3476 690 3628 744 μου·
3667 674 3768 726 καὶ
3801 668 3885 732 τίς

660 782 717 827 et
742 774 938 830 nudam
967 774 1232 842 ignoravit
1268 773 1518 827 Historia:
1560 773 1779 837 seriem,
1825 788 1930 826 non
1971 782 2141 840 potest
2161 772 2209 824 ei

2319 773 2341 842 ἡ
2380 770 2494 824 τοῦ.
2519 770 2751 827 Σατανᾶ
2795 771 3053 842 ὀνόματος
3099 768 3392 840 ἑρμηνείαο
3421 766 3510 819 διὰ
3550 764 3607 817 τί
3648 763 3743 825 δὲ,
3790 767 3885 814 καὶ

662 869 778 915 ιιιιο
820 864 954 917 satis
990 862 1119 916 ﬁdes
1152 860 1396 915 adhiberi
1435 861 1486 914 in
1514 862 1669 915 rebus
1698 860 2033 940 theologicis,
2060 870 2113 915 et
2132 860 2214 914 di-

2319 862 2599 915 σκάνδαλον
2632 863 2791 916 αὐτὸν
2825 859 3003 915 εἶπενσ
3040 860 3158 923 πῶς
3199 859 3256 912 δὲ
3297 858 3481 928 σχεδὸν
3529 855 3625 924 ὐφ’
3657 855 3761 907 ἕνα
3790 852 3883 905 καὶ

660 950 840 1004 vinam
863 951 1283 1021 pertingentibus
1306 952 1685 1019 cognitionem.
1730 950 1995 1006 Debemus
2034 960 2210 1004 autem

2319 951 2399 1004 τὸν
2447 952 2606 1006 αὑτὸν
2663 953 2852 1024 καιρὸν
2899 952 2994 1006 καὶ
3048 952 3142 1014 τὸ,
3201 949 3501 1017 Μακάριος
3548 946 3627 1010 εἴ,
3684 945 3884 1014 Σίμων

661 1051 717 1095 ει
745 1042 795 1094 in
828 1040 987 1095 Petro
1027 1043 1274 1096 insistere
1297 1080 1312 1107 ,
1347 1041 1793 1109 quemadmodum
1842 1042 1907 1094 ad
1942 1041 2088 1094 illum
2131 1041 2213 1095 di-

2319 1043 2594 1111 Βαριωνᾶ,
2637 1046 2773 1115 πρὸς
2839 1044 2998 1097 αὐτὸν
3059 1043 3275 1111 ὶλέγετο
3342 1041 3436 1094 καὶ
3496 1038 3587 1091 τόδ
3648 1038 3883 1105 ’Ὶισττ

663 1140 809 1184 ctum
832 1131 923 1193 sit,
956 1129 1100 1185 Vade
1117 1143 1227 1198 post
1251 1148 1360 1196 me,
1391 1145 1617 1200 quicque
1643 1132 1876 1186 nominis
1905 1132 2068 1196 illius,
2105 1131 2212 1187 Sa-

2319 1134 2499 1186 όπισω
2523 1150 2662 1202 μου,
2690 1132 2943 1197 Σατανᾶ,
2979 1133 3070 1186 καὶ
3104 1132 3188 1195 τίς
3232 1133 3265 1201 ἡ
3305 1131 3511 1183 διάνοια
3548 1127 3659 1181 τοῦ
3690 1126 3883 1179 ὀπίσω

664 1229 824 1284 tame,
868 1220 941 1276 sit
971 1221 1359 1291 interpretatio.
1404 1222 1629 1293 Propter
1676 1222 1803 1291 quid
1840 1223 2003 1275 etiam
2034 1222 2099 1277 de
2126 1221 2214 1276 illo

2319 1222 2660 1288 πορεύεσθαι
2693 1222 2828 1293 (75),
2872 1220 2964 1275 τοῦ
3003 1221 3249 1291 Σωτῆρος
3279 1220 3346 1291 ἢν
3376 1219 3529 1290 παρὰ
3571 1217 3745 1279 πόδας
3788 1217 3884 1268 αὐ-

665 1309 862 1364 dictum
888 1310 977 1376 sit,
1006 1310 1249 1364 scandala
1278 1311 1408 1363 mihi
1442 1328 1495 1365 es
1523 1320 1572 1365 et
1598 1312 1888 1379 οπιηδίοηὶ.
1914 1311 1977 1365 Ει
2000 1320 2215 1380 propter

2319 1310 2401 1373 τὸς
2429 1312 2716 1381 διεσάφησε
2750 1314 2985 1383 συνάψας
3013 1312 3137 1381 ἑξῆς
3166 1312 3247 1371 τὸ,
3282 1311 3354 1364 ΕΖ
3391 1326 3481 1374 τις
3505 1306 3668 1361 θέλει
3688 1306 3884 1359 ὀπίσω

665 1413 829 1468 quam
873 1402 1079 1455 tandem
1111 1401 1369 1455 rationem
1414 1400 1526 1479 ﬁat,
1560 1410 1618 1453 ut
1654 1399 1754 1454 sub
1780 1416 1885 1454 uno
1920 1410 1973 1455 et
2028 1398 2212 1453 eodem

2319 1422 2424 1471 μου
2451 1404 2648 1458 ἐλθεῖν
2672 1403 3118 1472 ἀπαρνησάσθω
3139 1401 3353 1455 ἑαυτὸν
3372 1438 3386 1463 ,
3420 1398 3523 1453 καὶ
3551 1397 3753 1466 ἀράτω
3778 1397 3886 1449 τὸν

666 1495 906 1556 tempore
934 1490 1021 1542 uni
1064 1498 1117 1542 et
1144 1489 1313 1541 eidem
1350 1489 1580 1551 dicatur,
1603 1488 1793 1541 Beatus
1824 1504 1877 1541 es
1918 1498 1997 1551 tu,
2033 1486 2214 1542 Simon

2319 1494 2575 1563 σταυρὸν
2608 1494 2813 1557 αὑτοῦ,
2864 1494 2961 1547 καὶ
3007 1491 3402 1547 ἀκολουθείτω
3432 1506 3562 1558 μοι’
3612 1488 3643 1540 δ
3691 1486 3759 1557 δὴ
3793 1486 3885 1538 καὶ

666 1576 936 1646 Barjona;
965 1588 1039 1645 et,
1066 1578 1201 1633 Vade
1230 1590 1345 1648 post
1376 1596 1478 1643 me,
1498 1578 1696 1633 Salana
1718 1579 1782 1632 ".
1805 1579 1937 1646 Quid
1952 1579 2217 1649 signiﬁcet

2319 1584 2457 1654 ἔργῳ
2490 1584 2813 1655 διεπράξατο
2858 1585 3050 1655 μικρὸν
3086 1583 3310 1652 ὕστερον
3358 1578 3520 1642 αὐτὸς
3564 1580 3596 1630 ὁ
3640 1578 3882 1647 Πέτρος,

667 1666 819 1731 illud,
855 1666 996 1722 Vade
1029 1679 1139 1737 post
1168 1684 1270 1735 me,
1318 1679 1373 1724 et
1405 1672 1545 1738 quod
1590 1671 1769 1724 statim
1812 1670 2083 1740 subiunxit
2107 1680 2161 1724 et
2184 1684 2214 1724 e

2319 1676 2592 1745 μαρτυρίῳ
2638 1675 2957 1738 τελειωθείς.
3020 1672 3180 1727 Ἀλλὰ
3230 1674 3322 1726 καὶ
3359 1669 3690 1739 ἐπιζητῆσαι
3742 1668 3882 1730 δέηνο

668 1760 893 1830 vestigio
925 1760 1199 1827 Servatur,
1236 1761 1298 1814 Si
1329 1762 1444 1830 quis
1494 1761 1609 1813 velit
1640 1772 1751 1828 post
1783 1777 1861 1814 me
1899 1761 2091 1823 venire,
2119 1760 2213 1812 ab-

2312 1765 2405 1815 ἐπὶ
2456 1766 2626 1828 ποίοις
2676 1766 2772 1836 μὲν
2825 1766 2985 1819 αὑτὸν
3034 1763 3387 1835 ἑμακάρισεν,
3447 1764 3540 1815 ἐπὶ
3597 1760 3783 1823 ποίοις
3828 1758 3885 1811 δδ

666 1858 811 1919 neget
846 1861 1000 1903 semet
1030 1852 1220 1918 ipsum,
1258 1852 1465 1904 attollat
1493 1868 1639 1903 suam
1673 1868 1895 1912 crucem,
1929 1861 1975 1903 et
2024 1851 2097 1903 sic
2134 1866 2215 1904 se-

2319 1856 2462 1927 αὐτῷ
2510 1835 2839 1926 ἐπέπληξεν;
2882 1856 2939 1909 Ὁ
2976 1855 3055 1917 δὲ,
3105 1853 3290 1923 μηδενὶ
3336 1851 3542 1906 τούτων
3572 1867 3885 1922 προσεσχη-

664 1948 858 2006 qssatur
885 1955 965 1991 me
986 1938 1052 1991 ⁸⁸.
1085 1939 1235 2005 Quod
1276 1940 1448 2008 reipaa
1486 1938 1792 2007 adimplevit
1823 1939 1961 1992 idem
1995 1938 2082 1992 ille
2119 1937 2215 1992 Pe-

664 2034 804 2092 trus,
834 2043 953 2081 cum
1006 2029 1257 2100 deinceps
1298 2028 1556 2098 martyrio
1596 2037 2083 2083 consummaretur.
2111 2027 2216 2081 Sed

665 2114 1070 2181 disquirendum
1122 2126 1203 2172 est
1243 2120 1485 2181 omnino.
1526 2135 1637 2178 cur.
1674 2133 1793 2171 cum
1820 2118 1954 2172 adeo
1998 2118 2213 2170 beatum

668 2205 814 2261 hunc
873 2208 1358 2276 depraedicaverat,
1406 2221 1577 2266 tamen
1624 2212 1801 2264 statim
1856 2207 2221 2262 vehementius

666 2293 1024 2363 objurgaverit
1046 2299 1068 2351 ἲ
1090 2298 1287 2354 Horum
1320 2310 1562 2354 neutrum
1597 2315 1714 2353 cum
1738 2297 2015 2351 Marcellus
2044 2295 2221 2350 consi-

667 2384 902 2449 deraret,
933 2389 997 2441 ad
1039 2388 1306 2444 diabolum
1360 2391 1643 2445 referenda
1674 2389 1759 2442 illa
1804 2389 1944 2442 dicta
1992 2400 2221 2453 pronun-

670 2472 841 2540 tiavit,
861 2486 1047 2530 contra
1074 2477 1364 2548 Scriptura:
1390 2481 1723 2532 manifestam
1744 2477 2043 2531 veritatem.
2079 2473 2213 2527 Num

668 2576 847 2620 autem
900 2569 1000 2624 hoc
1055 2572 1271 2625 unicum
1329 2572 1590 2645 ignoravit
1630 2571 1654 2622 ?
1700 2571 1808 2624 lmo
1841 2567 2215 2638 progrediente

741 2724 786 2756 "
824 2724 1007 2780 Matth.
1033 2744 1142 2795 va,
1179 2731 1268 2796 17,
1296 2730 1384 2787 25.
1461 2731 1505 2762 ’⁸
1535 2731 1665 2789 ibib.
1720 2735 1791 2791 24

742 2896 851 3018 S73)
891 2896 998 2949 Καὶ
1024 2897 1130 2951 τοῦ
1162 2896 1446 2967 Σωτῆρος.
1484 2898 1605 2952 Haec
1634 2914 1735 2978 no_n
1764 2899 2051 2953 cohaerent.
2078 2898 2219 2983 Quid

775 2981 1013 3018 egamns.
1050 2967 1143 3018 καὶ
1183 2967 1265 3018 τίς
1306 2971 1339 3018 ἡ
1384 2968 1587 3018 διάνοια
1623 2985 1738 3018 του.
1781 2968 1955 3018 ὀπίσω
2002 2984 2219 3018 πορευο-

674 2968 726 3038 si
758 2966 1013 3038 legamus,
1050 2967 1143 3038 διαὶ
1183 2967 1265 3030 τίς
1306 2966 1340 3038 ἡ
1384 2968 1587 3038 διάνοια
1623 2968 1738 3032 τοῦ,
1781 2968 1955 3021 ὀπίσω
2002 2966 2223 3038 πορεύε-

674 3036 793 3089 σθαι
828 3033 919 3086 τοῦ
948 3035 1215 3107 Σωτῆρος,
1246 3033 1493 3107 ἦν’παρὰ
1522 3038 1704 3103 πόδας,
1730 3048 1859 3101 etc.,
1884 3033 2217 3107 nempe'bta;

674 3122 823 3157 νοιαν
852 3113 964 3166 aut,
1012 3104 1150 3170 quod
1202 3104 1567 3158 sectttus'sum
1611 3109 1663 3158 in
1692 3108 1954 3169 versione,
1982 3106 2075 3158 καὶ
2102 3104 2216 3165 τοῦ.

672 3172 702 3225 δ
742 3171 890 3243 παρὰ
932 3156 1103 3243 sese:
1131 3156 1343 3235 αιεδέδ
1381 3156 1568 3243 mea.
1614 3156 2225 3242 δεεσάίφηάεςέιέςιιξ
2252 3156 2293 3212 c

674 3242 804 3311 Και
823 3249 946 3311 ante
970 3242 1061 3311 τοῦ
1085 3242 1141 3294 Σ.
1175 3245 1492 3311 delevicum
1520 3242 1671 3296 codd.
1700 3246 1867 3309 Supra
1893 3243 2047 3311 vulgo
2081 3244 2227 3308 ἀξιο-

713 3310 867 3382 ρεῲἧ
907 3308 1042 3382 lnfra
1070 3311 1223 3377 vulgo
1251 3310 1589 3381 ἀκολουθήτω
1613 3322 1665 3365 ει
1691 3312 1718 3364 ὂ
1746 3308 1803 3365 δέ
1825 3320 1877 3365 et
1901 3308 2009 3380 ἄρα
2044 3310 2223 3382 (codd.

713 3327 867 3379 ρεως.
907 3327 1042 3362 lllll'a
1070 3327 1223 3377 νηικο
1251 3330 1259 3362 ι

673 3327 903 3452 59a)..av
924 3387 974 3452 ej
1006 3380 1259 3452 ἐγεγξρμ·

746 3447 854 3517 (74)
918 3447 1037 3513 Πρὸ
1092 3447 1213 3501 τῶν
1262 3451 1340 3502 λό

1514 3447 1868 3503 Ἐλισσαῖον.
1924 3447 2101 3515 Pergit
2160 3452 2225 3503 ad

677 3517 838 3571 aliam
882 3517 1283 3571 accusationem
1333 3517 1632 3571 Eusebius:
1670 3521 1719 3571 in
1770 3534 1871 3571 uua
1918 3518 2071 3569 λευκό

1379 3518 1632 3589 usebius:
1670 3521 1719 3589 in
1770 3534 1871 3589 qua
1918 3518 2227 3589 λευκρτερον

674 3588 849 3641 adhuc
894 3587 1275 3653 sycophantam
1305 3589 1429 3655 agit.
1469 3587 1579 3639 Non
1615 3588 1758 3640 enim
1800 3588 1845 3640 is
1880 3590 1967 3654 qui
1995 3587 2224 3643 aﬂirmat

674 3655 923 3709 Elisaenm
951 3656 1243 3708 suscitasse
1283 3664 1571 3717 mortuum,
1604 3666 1726 3709 ante
1773 3657 2222 3711 resurrectionem

674 3724 894 3786 Christi,
930 3731 1172 3793 autcum
1202 3726 1439 3783 omnium
1487 3724 1713 3792 primum
1744 3733 1902 3791 atque
1931 3725 2221 3793 principem

681 3802 970 3863 mortuum
990 3792 1053 3843 ad
1103 3794 1263 3863 vita_m
1313 3808 1596 3863 revocasse
1626 3811 1639 3845 :
1670 3804 1763 3846 aut
1800 3796 1864 3846 de
1897 3794 2007 3847 Elia
2044 3792 2221 3863 negat,

681 3876 785 3913 non
817 3862 888 3932 ait
920 3860 1065 3932 illum
1110 3860 1322 3932 πρῷτον
1366 3861 1610 3917 πάντων,
1633 3864 2031 3932 resuscitatum,
2063 3860 2221 3932 quem

676 3931 882 4003 reduxit
925 3930 976 3981 in
1005 3930 1162 3980 vitam
1188 3930 1468 4003 Elissaans,
1500 3933 1591 4003 sed
1628 3931 1916 4003 πρότερον;
1961 3934 2024 3985 ad
2061 3930 2223 3986 istum

680 3999 904 4070 modum
942 4006 1147 4070 poterat
1184 4008 1239 4050 et
1273 3998 1516 4070 litenirde
1555 3998 1754 4053 Lazaro
1797 3998 2094 4061 intendere,
2124 4004 2219 4070 qui

676 4076 803 4119 ante
849 4066 1120 4119 Christum
1168 4076 1218 4120 et
1254 4082 1347 4133 per
1388 4067 1654 4122 Christum
1692 4070 2022 4132 resurrexit;
2051 4066 2224 4123 corri-

711 4135 857 4207 enda
888 4145 969 4188 est
1012 4144 1188 4207 autem
1241 4135 1398 4207 lectio
1442 4138 1641 4207 codicis
1667 4136 1896 4207 πρώτων
1932 4138 2123 4205 λόγων,
2160 4150 2217 4195 et

711 4152 844 4188 enaa
888 4152 969 4188 est
1012 4152 1188 4186 autent
1241 4152 1398 4188 lectio
1442 4152 1641 4191 couicis
1667 4154 1896 4207 πρωτων
1933 4152 2123 4205 λογων,
2160 4152 2217 4195 et

674 4152 974 4271 fegendum,
1012 4203 1234 4275 πρῶτον
1284 4204 1454 4275 λέγων
1514 4204 1614 4275 [sic
1672 4207 1797 4259 Mss.
1858 4222 1980 4261 cum
2041 4208 2113 4273 τς.
2169 4217 2223 4263 ει

674 4288 861 4345 margo
928 4272 1106 4345 codd,
1143 4274 1297 4345 _quod
1376 4272 1592 4341 recepi;
1655 4290 1813 4343 porro
1880 4276 2036 4345 vulgo
2108 4292 2216 4331 om.

670 4340 764 4412 τὸν
786 4340 1159 4412 postianm]
1188 4360 1200 4394 :
1232 4352 1287 4394 ut
1317 4340 1591 4408 sequentia
1612 4340 1825 4398 docent.
1845 4340 2221 4399 DisséritMar—

673 4410 858 4475 celius,
889 4409 1187 4482 Christuni_
1219 4425 1321 4482 non
1373 4414 1491 4464 ideo
1549 4414 1749 4465 dictum
1798 4416 2211 4482 primogenitum

2316 1944 2454 2009 κὼς,
2489 1946 2636 1999 ταῦτ’
2669 1946 2918 2017 εἰρῆσθαι
2962 1945 3094 2016 πρὸς
3130 1944 3222 1997 τὸν
3270 1941 3515 1997 διάϐολον
3558 1943 3886 2012 ἀπεφήνατο

2313 2033 2410 2103 τῆς
2440 2033 2659 2103 Γραφῆς
2693 2033 2963 2095 ἐναντίως.
2995 2028 3144 2100 ’Λρα
3181 2027 3273 2084 οὖν
3316 2031 3474 2083 τοῦτο
3520 2029 3685 2100 μόνον
3723 2028 3888 2097 ἠγνό-

2315 2137 2475 2191 ησεν;
2516 2122 2646 2191 Οὐχὶ
2688 2121 2745 2173 δὲ
2796 2120 2891 2174 καὶ
2939 2119 3139 2188 προῖὼν
3183 2116 3356 2181 αὖθις,
3388 2118 3489 2187 τῆς
3530 2117 3889 2176 ἀναστάσεως

2315 2207 2407 2261 τοῦ
2454 2209 2700 2279 Σωτῆρος
2727 2209 2879 2279 ημῶν
2923 2208 3317 2279 μνημονεύσας,
3364 2207 3553 2259 ἔπειτα
3598 2205 3887 2275 βουληθεὶς

2314 2297 2500 2361 δεῖξαι,
2534 2300 2615 2350 ὅτι
2655 2297 2749 2351 καὶ
2786 2298 2891 2370 πρὸ
2935 2298 3097 2351 αὑτοῦ
3146 2297 3285 2352 κατὰ
3328 2298 3455 2361 τοὺς
3486 2296 3715 2367 χρόνους
3760 2297 3887 2358 τοὺς

2314 2390 2679 2459 προφητικοὺς
2726 2389 2945 2460 φέρεταί
2988 2407 3074 2453 τις
3122 2391 3186 2443 ὲκ
3228 2386 3433 2459 νεκρῶν
3482 2386 3884 2457 ἐγηγερμένος,

2319 2479 2477 2532 πάλιν
2519 2478 2790 2533 κάνταῦθα
2840 2480 3149 2549 σφάλλεται,
3185 2479 3295 2551 (74)
3330 2478 3544 2549 πρῶτον
3581 2478 3765 2545 λέγων
3798 2476 3887 2529 τὸν

2331 2569 2625 2624 Ἐλισσαῖον
2667 2572 2756 2624 τὸν
2797 2572 3077 2644 προφήτην
3102 2574 3167 2625 ὲκ
3203 2571 3408 2643 νεκρῶν
3439 2570 3652 2641 ἐγείραι
3674 2587 3687 2599 ·
3721 2569 3886 2638 ἀγνο-

2327 2896 2419 2951 sed
2471 2896 2670 2949 factum
2709 2906 2916 2957 tamen;
2958 2897 3099 2948 unde
3137 2894 3521 2964 primogenitus
3551 2894 3653 2964 _sit
3706 2895 3885 2951 dictus

2324 2965 2527 3033 πάσης
2554 2966 2822 3030 κτίσεως.
2864 2965 2993 3028 lt'no,
3027 2966 3197 3033 inquit
3220 2962 3519 3027 Marcellus,
3536 2962 3793 3019 Christus
3820 2981 3884 3019 eo

2328 3036 2485 3089 modo
2542 3035 2926 3103 primogenitus
2973 3044 3231 3087 creaturae
3280 3033 3455 3086 omnis
3503 3033 3751 3094 dicitur,
3826 3046 3885 3089 ut

2328 3104 2508 3156 statim
2555 3104 2942 3170 primogenitus
2993 3113 3366 3166 mortuorum;
3411 3116 3515 3154 non
3563 3111 3649 3155 est
3694 3113 3879 3156 autem

2327 3173 2499 3225 dictus
2546 3182 2874 3226 mortuorum
2924 3171 3326 3240 primogenitus,
3360 3170 3499 3235 quod
3546 3170 3762 3238 primus
3795 3188 3881 3227 re-

2328 3240 2491 3293 dierit
2536 3254 2563 3293 a
2602 3250 2776 3294 morte
2805 3242 2869 3293 ad
2901 3241 3084 3301 vitam,
3126 3256 3246 3293 cum
3283 3240 3433 3293 multi
3477 3252 3543 3293 eo
3572 3242 3879 3295 anteriores

2329 3309 2627 3362 redierint:
2667 3318 2848 3376 utpote
2895 3307 3165 3373 Lazarus,
3213 3320 3271 3362 et
3310 3309 3381 3371 is,
3433 3309 3519 3362 vel
3560 3308 3659 3374 illi,
3688 3313 3783 3377 qui
3812 3310 3881 3365 ab

2329 3377 2546 3431 Elissaeo
2562 3380 2979 3439 snscitsbantur,
2997 3378 3069 3429 ita
3088 3393 3185 3430 nec
3196 3378 3585 3446 primogenitus
3598 3389 3881 3432 creatura-

2328 3462 2442 3498 rum
2473 3447 2691 3510 dicitur,
2726 3450 2864 3515 quod
2902 3456 3115 3499 creatus
3153 3448 3367 3514 quidem
3400 3446 3582 3510 fuerit,
3609 3451 3709 3501 sed
3749 3459 3880 3504 ante

2326 3515 2455 3567 alias
2485 3526 2776 3569 creaturas.
2802 3515 2935 3567 Hinc
2949 3515 3231 3569 cavillatur
3260 3515 3517 3571 Eusebius
3540 3518 3696 3584 quasi
3724 3517 3881 3571 dixe-

2325 3584 2394 3636 rit
2424 3584 2699 3639 Marcellus
2729 3586 2952 3651 primum
2971 3586 3203 3638 omnium
3225 3585 3499 3639 Elissaeum
3518 3588 3879 3642 resuscitasse

2325 3664 2591 3725 mortuum
2620 3672 2634 3706 :
2662 3652 3013 3725 λεπτολογῶν,
3042 3665 3095 3707 ει
3139 3654 3462 3723 syllabarum
3503 3665 3756 3722 captator
3788 3670 3878 3725 sy-

2327 3723 2706 3789 cophanticus;
2732 3724 2929 3777 omisso
2961 3724 3100 3789 quod
3134 3734 3255 3793 erat
3285 3733 3447 3791 caput
3478 3736 3493 3777 t
3528 3739 3723 3793 nempe
3749 3723 3876 3778 sein-

2324 3805 2426 3862 sn,
2456 3801 2508 3844 et
2552 3793 2822 3862 sententia
2870 3792 3144 3860 apostolici
3190 3794 3318 3847 dicti
3351 3812 3364 3846 :
3395 3795 3536 3862 quod
3589 3792 3880 3849 marcellus

2326 3860 2524 3929 dicitur
2564 3876 2687 3915 cum
2740 3861 3032 3914 Athanasio
3064 3860 3423 3929 exposuisse,
3459 3862 3531 3915 ita
3585 3871 3645 3915 ut
3696 3863 3876 3918 dictus

2325 3926 2510 4000 fuerit,
2537 3931 2917 3998 primogenitus
2944 3972 2965 4000 ,ί
3009 3926 3327 3997 utrobique,
3365 3932 3507 3995 quod
3554 3933 3607 3984 in
3650 3946 3738 3995 eo,
3782 3948 3878 4000 per

2325 4012 2465 4072 eum,
2500 3998 2643 4051 illius
2671 4001 2741 4059 vi,
2773 3999 3031 4072 potentia,
3058 4000 3337 4072 majestate
3376 4012 3429 4054 et
3453 4000 3706 4072 ἐνεργείᾳ
3728 3998 3876 4055 mor-

2328 4066 2401 4119 tui
2442 4066 2869 4130 resurrexerant,
2902 4067 3025 4121 licet
3075 4084 3141 4121 eo
3173 4070 3399 4135 priores.
3438 4066 3715 4124 Creatori:
3741 4085 3874 4124 con-

2324 4136 2595 4208 stiterant,
2634 4137 2725 4192 illo
2763 4138 3080 4201 anteriores,
3122 4138 3332 4192 scilicet
3363 4142 3538 4208 quoad
3571 4140 3873 4206 hominem,

2322 4205 2471 4270 cujus
2503 4217 2765 4282 respectu,
2795 4215 2848 4282 et
2877 4220 3002 4282 non
3032 4209 3185 4282 aliter
3219 4208 3321 4282 dici
3356 4205 3544 4282 debeat
3594 4205 3871 4282 RW

2322 4288 2437 4346 ιιος,
2476 4291 2579 4327 non
2619 4288 2675 4346 ut
2728 4276 2911 4346 Ariani
2954 4276 3432 4346 blaspliemaltant,
3475 4276 3654 4332 etiam'
3696 4283 3873 4345 quoad

2320 4340 2596 4397 deitatem.
2633 4344 2766 4399 Vide
2804 4340 3086 4411 Athanas,
3111 4344 3261 4399 Orat.
3298 4362 3377 4410 ill,
3408 4358 3592 4400 contra
3618 4340 3872 4411 Aricinos.

2320 4424 2444 4487 pag.
2490 4413 2615 4477 254,
2644 4414 2768 4468 235.
2814 4414 3131 4487 Quanquam
3162 4424 3217 4468 et
3267 4416 3373 4469 alia
3417 4419 3625 4470 ratione
3655 4432 3875 4487 quoque

676 4490 1025 4542 mortuorum,
1050 4480 1189 4553 quod
1230 4481 1437 4548 primus
1480 4486 1713 4534 omnium
1742 4478 1815 4535 (ιε’
1838 4478 2004 4553 morte
2038 4485 2102 4535 ad
2130 4486 2209 4535 vi-
2245 4478 2289 4531 D
2320 4478 2566 4553 Christus
2589 4525 2602 4547 ,
2650 4478 3229 4545 mortuorum-dicatur
3273 4478 3689 4553 primogenitus:
3716 4478 3868 4549 Quod

676 4554 785 4618 tam
834 4551 1126 4601 resurrexit
1179 4565 1191 4599 :
1231 4564 1353 4601 nam
1410 4562 1532 4602 ante
1563 4566 1704 4610 eum,
1735 4552 1924 4618 inquit,
1964 4553 2213 4607 Elisszens

675 4617 937 4687 πρότερον
981 4618 1317 4671 resuscitavit
1363 4629 1668 4671 mortuum:
1697 4617 1932 4673 Lazarus
1977 4624 2215 4674 surrexit

676 4686 1014 4756 antepipsius
1050 4688 1493 4756 resurrectionem
1525 4706 1539 4743 :
1578 4700 1631 4741 et
1663 4700 1900 4755 tempore
1948 4693 2214 4756 passionis

674 4754 843 4827 πολλὰ
876 4754 1095 4827 σώματα
1129 4754 1234 4807 τῶν
1267 4758 1673 4827 κεκοιμημένων
1694 4754 2010 4827 ἀνέστησαν.
2042 4761 2216 4827 Atque

677 4823 749 4875 ita
782 4834 928 4892 patet
966 4824 1231 4877 calumnia
1263 4823 1564 4879 Eusebiana
1599 4830 1663 4881 de
1696 4823 1937 4881 Elissaeo.
1975 4830 2064 4881 Ait
2096 4823 2214 4881 tan-

677 4901 787 4943 tum
846 4892 1149 4956 Marcellus,
1200 4907 1319 4945 eum
1374 4906 1641 4950 mortuum
1692 4899 2042 4950 resuscitasse
2088 4907 2213 4951 ante

675 4961 982 5025 Christum;
1043 4976 1147 5014 non
1184 4962 1275 5025 ait,
1324 4962 1468 5016 illum
1514 4966 1746 5017 omnium
1808 4966 2059 5027 primum.
2107 4981 2212 5019 non

677 4980 982 5025 uirtstum;
1043 4980 1147 5014 non
1184 4980 1275 5025 ait,
1324 4980 1468 5016 tuum
1514 4980 1746 5017 omnium
1846 4981 2059 5027 rtmum.
2107 4981 2212 5019 non

677 5028 790 5081 Elia
817 5032 1043 5097 priorem
1078 5038 1425 5085 resuscitasse
1470 5044 1754 5085 mortuum.
1792 4980 1941 5100 ϐαθύ
1976 5035 2041 5087 ad
2071 5050 2213 5088 mor-

678 5108 801 5151 tuos
833 5102 1038 5162 attinet,
1070 5100 1122 5171 in
1158 5100 1466 5171 Evangelio,
1502 5110 1646 5156 certe
1676 5103 1802 5155 illud
1847 5118 1951 5156 non
1994 5104 2215 5171 perinde

676 5177 998 5220 excusatur:
1036 5169 1247 5221 etiamsi
1300 5170 1509 5223 locutus
1554 5174 1623 5224 sit
1664 5171 1943 5225 Marcellus
1995 5169 2134 5235 laxe,
2157 5174 2214 5225 ἐν

674 5235 751 5309 εῷ
778 5236 951 5309 καιρῷ
970 5236 1059 5288 τοῦ
1082 5236 1299 5309 πάθους.
1332 5238 1553 5309 Constat
1581 5242 1723 5292 enim
1748 5256 1861 5305 eos,
1892 5244 2033 5309 quod
2066 5253 2213 5295 notat

675 5304 956 5368 Eusebius,
993 5320 1097 5358 non
1132 5306 1228 5358 nisi
1264 5323 1382 5360 cum
1419 5308 1633 5361 Christo
1664 5304 1853 5363 saltent
1886 5304 2211 5363 resurrexis-

675 5387 753 5427 σε.
794 5372 964 5425 Locus
994 5377 1231 5441 Apostoli
1266 5386 1367 5437 est,
1400 5376 1606 5431 Coloss.
1641 5394 1680 5439 I,
1718 5380 1803 5444 15,
1837 5380 1926 5431 ubi
1967 5380 2213 5433 Christus

674 5451 893 5513 vocatur
918 5444 1283 5513 πρωτότοκος
1316 5445 1517 5511 πάσης
1558 5448 1822 5513 κτίσεως.
1861 5448 1925 5500 Ει
1955 5463 2094 5501 vers.
2126 5450 2207 5512 i8,

674 5510 1038 5586 πρωτότοκος
1064 5512 1130 5564 ἐκ
1154 5513 1267 5586 rei}?
1285 5510 1529 5581 rexpdis'.
1553 5514 1605 5566 In
1636 5518 1733 5569 loci
1765 5510 1917 5571 istius
1946 5510 2213 5586 interpre-

676 5580 906 5654 tatione,
949 5584 1160 5654 videtur
1190 5580 1483 5654 Mareellus
1528 5586 1757 5638 Arianos
1786 5580 2102 5654 pupugisse:
2134 5588 2211 5640 illi

674 5648 813 5699 enim
851 5648 1118 5702 Christum
1152 5652 1271 5703 hinc
1310 5664 1609 5706 creaturam
1651 5648 1895 5708 volebant
1935 5648 2095 5707 statui
2146 5658 2212 5709 ab

674 5715 949 5792 onstolo,
978 5727 1098 5773 ante
1140 5720 1241 5774 alia
1284 5723 1484 5787 omnia,
1520 5724 1680 5777 etiam
1712 5724 1927 5794 angelos
1955 5725 2151 5781 factum
2189 5744 2201 5779 :

2318 4549 2519 4625 primus
2576 4556 2642 4605 ad
2708 4564 2995 4625 acternany
3034 4555 3195 4605 vitam
3248 4549 3566 4609 resurrexit.
3630 4558 3874 4625 Surgens

2313 4619 2453 4670 enim
2480 4621 2542 4674 de
2570 4625 2816 4685 mortuis,
2857 4638 2960 4676 non
2986 4623 3181 4676 iterum
3212 4627 3457 4677 moritur.
3489 4625 3565 4677 Illi
3597 4619 3774 4679 autem
3817 4631 3868 4680 in

2313 4688 2575 4767 pulverv
2601 4706 2726 4745 suos
2755 4692 2971 4767 _reversi
2998 4702 3121 4767 sunt
3147 4708 3162 4744 :
3187 4702 3241 4745 et
3281 4694 3335 4767 in
3381 4696 3645 4762 sepulcris
3677 4710 3871 4764 exspe-

2313 4764 2459 4809 ctant
2505 4760 2703 4812 t'ubain.
2754 4760 2817 4813 Et
2866 4761 2989 4814 licet
3042 4761 3151 4825 illi,
3204 4764 3293 4829 qui
3350 4760 3467 4830 post
3516 4760 3871 4819 resurrectio-

2314 4837 2433 4902 item
2462 4838 2836 4902 surrexerunt,
2867 4844 2973 4882 non
3008 4832 3116 4883 sint
3145 4832 3344 4902 reversi
3375 4834 3427 4886 in
3448 4833 3700 4902 pulveres
3719 4850 3865 4898 suos,

2313 4900 2490 4969 tamen
2526 4900 2686 4969 etiam
2719 4908 2957 4967 tempore
2996 4901 3324 4969 posteriores
3363 4900 3487 4955 sunt
3521 4902 3593 4955 illi
3625 4902 3869 4959 resurre-

2312 4963 2488 5041 ctione
2518 4965 2719 5041 Christi
2752 4982 2765 5017 :
2803 4963 2945 5036 quod
2984 4963 3225 5023 disertim
3278 4980 3497 5025 notatur
3528 4973 3583 5025 in
3624 4974 3868 5041 Evange-

2312 5029 2404 5083 lio.
2457 5037 2528 5087 Ita
2578 5038 2781 5103 primus
2822 5029 3062 5105 iempore
3098 5042 3332 5095 surrexit
3367 5042 3434 5094 ad
3484 5051 3746 5095 aeternam
3776 5029 3865 5097 ’ὗί-

2314 5108 2439 5156 tam.
2472 5106 2584 5159 Non
2637 5108 2871 5159 surrexit
2920 5112 3121 5175 primus
3163 5119 3403 5177 tempore
3450 5110 3865 5175 ἀπολύτως.εεο

2310 5180 2485 5234 eundo
2510 5178 2764 5239 surrexit,
2794 5178 2907 5244 ipse
2934 5192 3029 5230 sua
3058 5188 3343 5244 potestate,
3374 5196 3478 5233 non
3511 5181 3704 5235 aliena.
3731 5182 3864 5234 Ter-

2312 5252 2405 5313 tio,
2436 5248 2489 5299 in
2526 5259 2611 5306 eo,
2637 5256 2690 5296 et
2720 5261 2814 5312 per
2851 5261 2971 5299 eum
3006 5249 3305 5301 resuscitati
3333 5262 3460 5303 sum
3508 5250 3619 5312 alii,
3654 5252 3861 5304 excita-

2310 5318 2507 5371 buntur
2532 5328 2743 5386 omnes,
2770 5324 2827 5386 ut
2856 5315 3061 5386 merito
3104 5318 3491 5386 primogenitus
3527 5330 3861 5375 mortuorum

2310 5389 2636 5441 dicaturzet
2688 5382 2868 5437 Jacobi
2916 5385 3044 5438 illud
3095 5382 3311 5439 etiamm
3363 5388 3432 5440 de
3487 5389 3715 5443 itubene
3764 5405 3862 5443 suo

2310 5452 2732 5528 (Gentxmxﬁ),
2768 5453 3082 5528 humanitati
3135 5455 3336 5528 Christi
3390 5458 3468 5512 sic
3512 5461 3860 5528 applicemus,

2321 5523 2565 5598 Pov6lp,
2610 5523 2975 5598 πρωξότοκός
3005 5541 3143 5591 μου,
3180 5527 3357 5598 ἰσχύς
3383 5544 3516 5591 μου,
3546 5523 3669 5582 ἀἰαὶ
3705 5528 3863 5598 ἀρχὴ

2308 5594 2530 5647 τέκνων
2560 5607 2699 5661 μου.
2731 5591 2890 5645 Certe
2930 5609 3020 5661 qni
3072 5604 3189 5660 post
3222 5591 3511 5659 Christum,
3550 5610 3606 5651 ut
3636 5591 3862 5653 comites

2310 5664 2455 5717 illius
2484 5660 2826 5723 ἀναστάσεως
2865 5676 3299 5728 resurrexerunl,
3345 5668 3568 5719 iterum.
3626 5679 3683 5721 ut
3730 5671 3858 5722 milii

2315 5736 2551 5797 videtur,
2585 5734 2781 5784 mortui
2812 5745 2916 5786 non
2947 5745 3092 5789 sunt.
3134 5732 3253 5790 Haec
3287 5746 3369 5790 est
3400 5740 3699 5792 communis
3730 5739 3854 5804 opi-
