4048 6456
211 462 319 519 757

1327 449 1608 508 CONTRA
1643 446 2068 506 MARCELLI]!
2105 446 2238 506 LIB.
2278 448 2324 506 ι.

3352 447 3459 507 738

215 579 374 652 Quae,
402 578 476 640 ὡς
500 575 596 630 καὶ
619 573 725 647 πρὸ
759 570 1061 627 Ἐλισσαίου
1096 568 1281 633 Ἠλίας
1306 571 1336 624 ό
1363 568 1536 641 μέγας
1559 567 1652 643 τὸν
1673 567 1777 638 τῆς

1903 575 2131 622 :ontextu
2166 565 2434 623 orationis
2471 579 2607 632 sua,
2652 566 2929 622 mentione
2963 565 3030 623 de
3054 562 3356 624 Salvateris
3379 583 3472 625 rev

213 670 388 742 χήρας
434 666 546 719 υίδν
577 662 912 718 ἀποθανόντα
950 660 1264 729 ἀνέστησεν,
1312 657 1390 722 ὡς
1421 657 1544 710 ἔστι
1589 654 1785 727 μαθεῖν

213 763 283 816 tu
305 760 405 832 τῆς
427 757 614 828 τρίτης
636 754 744 807 τῶν
767 750 1079 806 Βασιλειῶνο
1100 751 1130 802 ό
1151 749 1210 802 δὶ
1234 748 1326 802 καὶ
1347 747 1492 802 τοῦτ’
1513 747 1787 817 ἀγνοήσας

215 851 485 923 φαίνεται,
510 847 576 899 δι’
608 841 683 898 ὦν
709 842 860 897 ταῦθ’
891 840 1032 896 οὕτω
1061 839 1295 912 γράφει·
1331 858 1352 890 t
1394 839 1469 892 Οὐ
1499 838 1657 909 μόνον
1676 835 1789 890 τοι..

221 961 242 994 t
285 955 381 994 νυν
412 939 510 1008 τῆς
535 932 728 1002 καινῆς
753 931 984 994 κτίσεως
1013 928 1357 1002 πρωτότοκον
1380 926 1541 981 αὑτὸν
1571 927 1601 979 ὁ
1626 923 1786 978 Ἀπό-

224 1049 247 1082 ι
290 1027 470 1090 στολος
507 1019 644 1077 εἷναί
681 1036 865 1092 φησιν,
917 1016 1053 1072 ἀλλά
1102 1015 1199 1070 καὶ
1228 1013 1568 1085 πρωτότοκον
1598 1012 1666 1065 ἑκ
1697 1027 1785 1062 νε-

222 1138 242 1170 ι
287 1117 434 1191 κρῶν
452 1155 468 1180 ,
499 1114 566 1168 δι’
599 1112 751 1166 οὐδὲν
790 1110 978 1181 ἕτερον
1008 1106 1133 1177 ἐμοὶ
1169 1105 1368 1168 δοκεῖν,
1402 1103 1517 1157 ἀλλ’
1565 1103 1652 1156 ίνα
1698 1099 1784 1154 διὰ

223 1232 244 1264 ι
285 1209 379 1264 τοῦ
415 1204 757 1278 πριιιτοτόκου
790 1201 900 1255 τῶν
928 1195 1137 1270 νεκρῶν
1169 1195 1300 1266 (74),
1329 1196 1476 1258 ὅπως
1515 1193 1610 1247 καὶ
1639 1208 1788 1263 πρω-

225 1313 246 1346 t
287 1295 502 1355 τότοκος
542 1291 756 1360 ἀπάσης
793 1288 1023 1348 κτίσεως
1069 1284 1311 1362 εἴρηται,
1349 1280 1658 1351 γνωσθῆναι
1697 1279 1786 1333 δυ-

226 1401 246 1434 t
289 1381 444 1453 νηθῇ.
473 1381 546 1433 Οὐ
577 1378 686 1449 γὰρ
710 1379 774 1431 ὲκ
795 1373 1001 1446 νεκρῶν
1024 1372 1221 1442 ἀνέστη
1243 1371 1455 1442 πρῶτος
1477 1372 1505 1424 ό
1525 1369 1788 1438 δεσπότης

224 1494 244 1526 ι
287 1472 443 1544 ήμῶν
484 1467 689 1541 Ἰησοῦς
727 1466 995 1538 Χριστὸς,
1027 1463 1140 1518 ἀλλ’
1182 1463 1211 1514 ό
1247 1461 1314 1516 δι’
1359 1459 1656 1514 Ἐλισσαίου
1692 1457 1785 1512 τοῦ

224 1583 246 1619 ε
287 1562 564 1633 προφήτου
595 1556 853 1620 ἀναστὰς,
881 1556 1076 1626 ἀνέστη
1106 1554 1389 1626 πρότερος.
1408 1553 1518 1606 Καὶ
1537 1550 1789 1621 Λάζαρος

225 1675 246 1709 ι
287 1655 393 1728 πρὸ
435 1653 535 1722 τῆς
585 1648 750 1705 αὑτοῦ
793 1647 1139 1706 ἀναστάσεως
1173 1646 1372 1714 ἀνέστη
1395 1683 1410 1708 ,
1458 1645 1551 1697 καὶ
1601 1644 1659 1696 ὲν
1710 1641 1789 1711 τῷ

228 1767 247 1800 ι
291 1745 466 1818 καιρῷ
479 1741 572 1797 τοῦ
593 1740 794 1804 πάθους
817 1738 984 1792 πολλά
1003 1737 1227 1808 σώματα
1241 1736 1350 1789 τῶν
1375 1733 1789 1805 κεκοιμημένων

225 1857 246 1890 ι
287 1838 602 1906 ἀνέστησαν.
647 1851 667 1884 ι
708 1830 818 1884 Καὶ
855 1828 1013 1883 τοῦτο
1055 1828 1112 1880 δὲ
1155 1827 1480 1898 ἀθεωρήτως
1510 1824 1656 1877 δοκεῖ
1699 1839 1789 1894 μοι

1884 655 2221 712 surrectione
2246 656 2464 724 injecta,
2484 655 2680 710 docere
2709 669 3000 726 aggressus
3020 665 3127 721 est,
3153 665 3284 712 ante
3311 656 3463 714 illum

1884 744 2244 808 incsrnstum,
2275 744 2375 799 sub
2425 743 2757 813 temporibus
2793 742 3206 812 prophetarum,
3257 746 3464 802 dictum

1884 845 2022 896 esse,
2054 845 2086 885 ι
2131 832 2355 887 mortuis
2388 831 3052 901 quemdam-suscitatam.
3101 833 3158 887 In
3194 833 3299 888 hoc
3345 834 3466 903 qui-

1885 922 2005 976 dem
2039 922 2156 991 ipso
2183 922 2402 992 egregie
2435 921 2822 976 halluciustur.
2855 922 2946 976 Ait
2973 922 3119 976 enim
3147 923 3464 992 prophetam

1884 1013 2157 1077 Eliseum,
2175 1021 2444 1066 mortuum
2473 1014 2709 1083 primum
2729 1015 2997 1069 excitasse
3028 1029 3043 1068 :
3077 1014 3331 1083 lgnorsns
3360 1015 3468 1070 sci-

1884 1103 2031 1170 licet,
2061 1109 2118 1168 ›Ῑ‹
2154 1104 2321 1158 Eliam
2347 1103 2491 1158 illum
2525 1106 2859 1171 maximum,
2883 1103 3077 1160 Elisao
3119 1103 3286 1159 fuisse
3319 1105 3469 1173 prio-

1886 1208 2025 1260 rem,
2061 1205 2114 1248 et
2142 1195 2315 1250 viduae
2344 1194 2511 1250 illium
2537 1197 2605 1251 de
2635 1196 2863 1250 mortuis
2894 1195 3228 1251 suscitasse:
3261 1197 3409 1265 quod
3434 1208 3470 1251 ο

1889 1286 2046 1339 tertio
2065 1284 2205 1339 libro
2236 1285 2544 1356 Regnorum
2570 1300 2905 1357 cognoscere
2934 1286 3227 1354 poterat".
3247 1285 3470 1356 Ignora-

1886 1376 1980 1430 bat
2011 1386 2192 1432 autem
2228 1376 2330 1432 hoc
2360 1379 2556 1447 ipsum,
2583 1387 2643 1430 ut
2671 1387 2915 1447 apparet,
2942 1392 3065 1432 cum
3099 1377 3322 1433 disertis
3346 1388 3470 1430 vor-

1885 1463 1968 1519 bis
2008 1464 2080 1517 ita
2128 1466 2329 1520 scribat
2369 1483 2388 1516 ι
2427 1466 2540 1520 Νοη
2575 1465 2703 1536 ιίιι.
2735 1465 2823 1538 ll.j
2868 1465 3205 1520 solummodo
3243 1463 3456 1518 Primo-

1894 1572 1914 1605 ι
1959 1555 2194 1624 genitum
2247 1566 2508 1611 creatura:
2549 1573 2696 1611 nam
2718 1557 2764 1589 ⁹⁶
2805 1557 2954 1611 ἱΙΙυηι
2984 1556 3121 1610 dixit
3153 1553 3467 1624 Apostolus,

1893 1664 1913 1697 ι
1956 1660 2145 1700 verum
2162 1646 2325 1700 etiam
2348 1657 2403 1700 et
2424 1647 2488 1701 ds
2509 1649 2730 1701 mortuis
2745 1647 3153 1716 primogenitum
3169 1645 3215 1677 “
3237 1663 3251 1699 :
3270 1659 3374 1700 non
3396 1643 3473 1702 ob

1894 1755 1914 1788 ι
1961 1737 2119 1790 aliam
2152 1748 2301 1793 certe
2329 1753 2570 1805 causam,
2603 1748 2662 1792 ut
2689 1738 2902 1794 videtur
2929 1738 3084 1801 mihi,
3115 1751 3276 1806 quam
3310 1745 3369 1791 ut
3399 1737 3468 1801 is,

1896 1845 1913 1876 ι
1961 1828 2052 1895 qui
2080 1828 2258 1882 omnis
2294 1837 2559 1884 creatura
2603 1827 2994 1899 primogenitus
3023 1829 3241 1892 dicitur,
3273 1826 3472 1881 intelli-

219 1893 519 1985 τεθεικέναι
543 1925 572 1976 ό
600 1921 912 1993 Μάρκελλος
930 1936 944 1950 ο
978 1918 1118 1987 λέγω
1143 1918 1200 1970 δὲ
1304 1893 1334 1968 ἰ
1358 1893 1535 1972 *πολλὰ
1565 1893 1787 1985 σώματα

1903 1935 1917 1967 ι
1963 1893 2122 1988 gatur
2141 1927 2195 1972 et
2212 1919 2276 1974 de
2301 1920 2530 1974 mortuis
2555 1893 2677 1974 esse
2699 1893 3108 1988 priinogenitus.
3128 1919 3243 1972 Non
3269 1918 3470 1972 etsuim

219 2011 332 2075 τῶν
384 2014 793 2087 κεκοιμημένων
822 2013 993 2080 ἁγίων
1039 2009 1146 2080 πρὸ
1187 2005 1351 2062 αὐτοῦ
1405 2006 1720 2076 ὲγηγέρθαι.
1761 2024 1781 2056 ι

222 2111 301 2166 Οὐ
331 2109 440 2180 γὰρ
471 2105 766 2180 προσέσχεν
794 2104 890 2176 ὅλῃ
920 2105 986 2173 τῇ
1019 2099 1112 2154 τοῦ
1147 2098 1475 2166 Εὑαγγελίου
1506 2100 1689 2169 γραφῇ
1713 2097 1789 2150 δι-

222 2199 513 2270 δασκούσῃ.
552 2199 632 2250 ὅτι
678 2195 814 2267 μετά
855 2193 953 2264 τὴν
987 2190 1169 2254 αὐτοῦ,
1215 2189 1284 2243 τὰ
1315 2188 1422 2242 τῶν
1459 2189 1628 2256 ἁγίων
1657 2189 1788 2259 ὲγὴ-

223 2308 414 2365 γερται
449 2288 693 2360 σώματα.
728 2286 921 2356 Εὖροις
951 2285 995 2337 δ’
1025 2283 1090 2337 ἂν
1120 2282 1280 2336 αὑτὸν
1303 2279 1668 2350 σφαλλόμενον
1698 2279 1790 2333 καὶ

224 2385 284 2438 ιν
315 2385 381 2453 τῇ
423 2380 517 2434 τοῦ
548 2376 898 2434 ἀποστολικοῦ
943 2373 1103 2447 ῥητοῦ
1153 2373 1385 2426 ἐκθέσει.
1449 2372 1507 2424 'O
1553 2371 1650 2442 μὲν
1682 2371 1790 2441 γὰρ

225 2473 367 2535 θεῖος
408 2468 753 2532 Ἀπόστολος,
800 2466 1085 2535 Ῥωμαίοις
1125 2463 1384 2532 γράφων,
1419 2460 1544 2514 τάδε
1592 2459 1786 2530 φησίν·

239 2560 664 2632 Ἇφωρισμένος
703 2561 789 2623 είς
817 2556 1170 2624 εὐαγγέλιον
1214 2551 1383 2614 Θεοῦ,
1431 2550 1461 2604 ὃ
1494 2565 1789 2619 προεπηγ-

195 2692 207 2699 -
225 2653 464 2722 τειλατο
517 2649 616 2703 διὰ
661 2647 777 2701 τῶν
829 2644 1146 2714 προφητῶν
1197 2643 1384 2696 αὑποῦ
1424 2643 1494 2695 ἐν
1526 2641 1794 2710 Γραφαῖς

227 2745 421 2813 ἁγίαις
461 2740 594 2808 περὶ
632 2738 739 2792 τοῦ
777 2737 909 2792 υἱοῦ
952 2734 1137 2790 αὐτοῦ
1167 2735 1272 2788 τοῦ
1311 2734 1676 2802 μονογενοῦς
1726 2734 1795 2787 ἐκ

228 2827 566 2896 σπέρματος
612 2825 788 2878 Δαόὶδ
841 2823 991 2877 κατὰ
1031 2821 1255 2891 σάρκα,
1301 2821 1407 2875 τοῦ
1455 2822 1796 2890 ὁρισθέντος

228 2917 364 2972 υἱοῦ
414 2917 558 2970 Θεοῦ
596 2915 666 2968 ἐν
696 2914 944 2982 δυνάμει
983 2913 1133 2966 κατὰ
1165 2912 1406 2980 Πνεῦμα
1438 2914 1793 2981 ἁγιωσύνης.

242 3008 302 3060 '0
328 3007 403 3070 δὲ,
436 3007 536 3060 οὐκ
569 3002 704 3068 οῖδα,
739 3005 867 3075 ποίᾳ
896 3004 1130 3074 διανοίᾳ,
1182 3002 1459 3055 κάνταῦθα
1490 3003 1797 3073 διαστρέφει

230 3099 330 3170 τὴν
371 3097 728 3167 ἀποστολικὴν
768 3095 940 3161 λέξιν
995 3095 1114 3147 ἀντὶ
1154 3093 1248 3146 τοῦ
1298 3092 1638 3160 ὁρισθέντος
1684 3094 1796 3163 (75)

232 3189 462 3257 ποιήσας
494 3184 966 3254 προορισθέντος,
997 3184 1062 3234 ἵν’
1151 3183 1348 3252 ὁμοίως
1376 3185 1486 3245 τοῖς
1516 3182 1654 3235 κατά
1670 3183 1801 3253 πρό-

232 3295 434 3347 γνωσιν
473 3276 893 3347 προορισθεῖσιν.
925 3274 1083 3342 Λέγει
1127 3271 1218 3326 οὖν
1263 3273 1402 3326 κατὰ
1434 3272 1579 3337 λέξιν
1628 3273 1798 3326 οὕτωο

240 3389 260 3420 ι
305 3369 516 3438 Ὠσπερ
554 3361 644 3419 οῦν
692 3366 789 3434 τὴν
840 3363 1163 3432 Ἐκκλησίαν
1199 3361 1363 3415 πάλαι
1404 3362 1748 3435 προωρίσατο
1776 3365 1805 3415 ὁ

241 3479 260 3510 t
309 3457 696 3526 παντοκράτωρ
723 3455 874 3516 Θεὸς,
901 3453 1042 3505 οὕτω
1075 3454 1167 3505 καὶ
1193 3453 1291 3522 τὴν
1321 3453 1460 3505 κατὰ
1503 3454 1679 3521 σάρκα
1708 3451 1801 3505 τοῦ

241 3568 262 3603 t
303 3547 539 3619 Χριστοῦ
565 3545 873 3614 οἰκονομίαν
894 3561 906 3574 °
941 3544 1004 3596 δι’
1036 3539 1095 3597 οῦ
1117 3543 1177 3595 τὸ
1207 3545 1312 3596 τῶν
1339 3543 1602 3596 θεοσεὸὧν
1626 3544 1800 3610 γένος,

243 3658 262 3690 ι
312 3641 388 3702 εἰς
417 3637 680 3690 υἱοθεσίαν
710 3635 936 3688 καλέσαι
965 3636 1323 3705 προωρίσατο,
1356 3635 1618 3704 πρότερον
1647 3633 1806 3704 θεμε-

245 3749 265 3782 t
305 3728 498 3790 λιώσας
510 3731 566 3780 ὲν
579 3728 644 3796 τῇ
663 3725 823 3778 αὑτοῦ
836 3723 1058 3793 διανοίᾳ.
1075 3723 1173 3775 Διὰ
1186 3723 1339 3775 τοῦτο
1359 3724 1386 3774 ὁ
1402 3722 1714 3785 Ἀπόστολος
1729 3721 1806 3791 τῷ

245 3840 265 3874 ι
308 3822 445 3888 ἁγίῳ
460 3818 734 3887 Πνεῦματι
758 3816 940 3884 σαφῶς
958 3812 1440 3887 προαγορεύει,τοῦ
1467 3815 1806 3883 προορισθέν-

246 3930 267 3964 s
309 3929 397 3973 τος
417 3911 541 3962 Υἱοῦ
566 3910 720 3970 Θεοῦ,
744 3908 949 3974 λέγων.’
968 3926 984 3957 ι
1007 3907 1114 3960 Καὶ
1142 3902 1294 3968 αὖθίς
1313 3920 1473 3974 φησιν
1497 3907 1553 3957 ὲν
1579 3906 1800 3974 ἑτέροιςο

249 4023 267 4055 t
314 3997 479 4064 Οὗτός
503 4003 614 4053 ὲστι
635 4001 760 4068 περὶ
783 3993 841 4049 οῦ
874 4003 900 4049 ὁ
918 3998 1124 4061 Παῦλος
1154 3997 1256 4065 ἔφη
1282 3997 1371 4048 τοῦ
1398 3995 1805 4066 προορισθέντος

251 4113 268 4142 ι
313 4090 439 4144 Υίοῦ
460 4090 614 4143 Θεοῦ.
632 4111 647 4141 ι
675 4092 782 4142 Καὶ
808 4088 1038 4141 ἐνταῦθα
1063 4088 1128 4158 δὴ
1148 4089 1208 4140 οὐ
1231 4091 1326 4158 τὴν
1353 4087 1495 4151 λέξιν
1524 4088 1687 4156 μόνην
1714 4086 1811 4156 τὴν

248 4180 606 4250 ἀποστολικὴν
624 4178 1004 4249 παρέφθειρεν,
1023 4177 1156 4230 ἀλλά
1174 4179 1265 4229 καὶ
1283 4177 1380 4245 τὴν
1397 4176 1628 4229 διάνοιαν
1646 4175 1812 4245 αὐτὴν

251 4273 340 4323 διὰ
374 4271 473 4339 τῆς
516 4270 829 4340 προσθήκης
871 4269 982 4338 (76)
1027 4269 1124 4337 τῆς
1160 4269 1251 4320 τοῦ
1291 4268 1446 4334 λόγου
1484 4266 1811 4336 προθέσεως.

265 4361 491 4429 Ἀδελφὰ
528 4362 581 4412 δὲ
611 4360 817 4422 τούτοις
845 4360 1118 4429 πράττων.
1155 4358 1254 4419 τῦς
1295 4358 1622 4419 Ψαλυωδίας
1658 4374 1811 4425 περι-

327 4458 386 4515 >14
425 4453 521 4507 Ed.
556 4451 748 4514 Paris.,
779 4466 897 4518 pag.
933 4451 1017 4502 12.

322 4583 734 4652 "lllReg.xvu,
765 4582 852 4635 22.
944 4583 988 4613 ³ο
1014 4581 1224 4636 Coloss.
1253 4597 1289 4646 ι,
1321 4582 1409 4638 15.

1897 2027 1916 2059 ‹
1963 2010 2029 2063 de
2082 2011 2304 2064 mortuis
2352 2020 2478 2064 ante
2540 2010 2675 2064 alios
2720 2025 2908 2065 omnes
2962 2012 3168 2080 primus
3231 2008 3475 2064 surrexit

1899 2115 1917 2148 ι
1959 2097 2206 2154 Christus
2256 2100 2536 2164 Dominus,
2561 2115 2750 2154 verum
2792 2101 2940 2170 prior
2982 2108 3298 2154 surrexerat
3345 2105 3474 2153 ante

1900 2208 1918 2240 ι
1963 2205 2084 2244 eum
2133 2191 2180 2246 is
2212 2207 2374 2260 quem
2427 2192 2690 2262 propheta
2741 2191 2966 2246 Elisteus
3000 2191 3318 2246 suscitabat.
3364 2188 3474 2246 Sed

1900 2299 1918 2331 ι
1968 2291 2023 2333 et
2051 2289 2175 2334 ante
2226 2283 2680 2338 resurrectionem
2728 2282 2846 2352 ejus
2881 2290 3001 2337 erat
3029 2281 3268 2336 Lazarus
3294 2281 3471 2336 susci-

1901 2389 1920 2421 ι
1966 2381 2129 2428 tatus.
2179 2372 2251 2425 Et:
2290 2388 2398 2441 quo
2437 2383 2677 2442 tempore
2730 2373 2782 2427 in
2819 2388 2982 2428 cruce
3025 2387 3219 2442 passus
3273 2372 3475 2436 fuerat,

1902 2480 1920 2513 ‹
1972 2462 2264 2517 multorum
2314 2474 2625 2518 sanctorum
2677 2480 2941 2534 corpora,
2975 2466 3072 2534 qui
3102 2463 3477 2519 obdormisce-

1903 2572 1922 2604 ι
1968 2553 2139 2617 bant,
2189 2555 2564 2624 resurgebant.
2617 2573 2636 2606 ι
2692 2554 2847 2622 Quod
2906 2555 3209 2610 inconsulto
3262 2555 3478 2610 videtur

1899 2643 2185 2698 Marcellus
2229 2646 2474 2712 posuisse
2511 2663 2524 2700 :
2560 2661 2787 2714 corpora
2822 2646 2910 2700 illa
2962 2660 3156 2717 nempe
3202 2645 3484 2718 dormiens

1901 2735 2031 2788 tium
2071 2745 2378 2790 sanctorum
2431 2745 2556 2791 ante
2610 2736 2887 2792 Christum
2938 2737 3323 2792 resurrexisse.
3368 2734 3479 2791 Nec

1901 2826 2196 2894 Scriptores
2225 2827 2548 2880 sententiam
2570 2827 2831 2897 integram
2856 2827 3313 2894 attendebat,qua
3345 2842 3476 2881 con-

1902 2925 2006 2969 stat
2041 2917 2153 2972 htec
2201 2930 2429 2985 corpora
2488 2919 2878 2984 resurrexisse,
2929 2929 3216 2987 postquam
3253 2918 3367 2985 ipse
3413 2919 3480 2972 de

1904 3006 2125 3060 mortuis
2157 3009 2513 3062 resuscitatus
2539 3009 2856 3062 exstitisset.
2892 3007 3130 3063 Ulterius
3159 3017 3212 3062 et
3244 3008 3298 3061 in
3331 3007 3479 3062 dicto

1904 3097 2133 3164 quodam
2169 3097 2484 3166 apostolico,
2529 3099 2804 3152 invenitur
2844 3099 2988 3152 idem
3021 3113 3146 3152 esse
3174 3097 3481 3152 hallucina-

1908 3196 2013 3240 tus.
2053 3185 2276 3240 Divinus
2294 3187 2580 3254 Apostolus
2620 3187 2671 3240 in
2703 3187 2789 3240 illa
2831 3189 2898 3240 ad
2939 3188 3208 3241 Romanos
3235 3189 3305 3240 ita
3345 3187 3483 3242 scri-

1908 3278 1988 3330 bit
2027 3292 2040 3328 :
2075 3275 2360 3344 Separatus
2405 3279 2459 3331 in
2503 3278 2849 3348 Evangelium
2889 3279 3003 3344 Dei,
3037 3281 3176 3349 quod
3212 3279 3331 3346 jam
3361 3290 3484 3333 ante

1907 3368 2216 3433 promiserat
2259 3384 2351 3436 per
2395 3370 2672 3438 prophetas
2722 3386 2847 3422 suos
2891 3370 2946 3422 in
2979 3367 3274 3429 Scripturis
3312 3385 3488 3423 sacro-

1907 3459 2123 3523 sanctis,
2163 3459 2227 3510 de
2276 3456 2418 3511 Filio
2464 3460 2625 3528 ipsius
2664 3461 2930 3527 unigenito
2963 3475 2988 3512 ε
3017 3459 3212 3512 semine
3269 3457 3484 3511 Davidis

1907 3549 2191 3600 secundum
2240 3564 2470 3612 carnem,
2511 3551 2603 3617 qui
2657 3551 3027 3619 designabatur
3069 3548 3117 3600 F
3122 3550 3245 3602 ilius
3293 3549 3385 3602 Dei
3430 3551 3487 3600 in

1911 3639 2097 3689 virtute
2141 3640 2423 3690 secundum
2472 3643 2717 3707 spiritum
2760 3641 3198 3706 sanctiﬁcationis
3217 3639 3281 3690 ".
3313 3637 3488 3703 Quam

1913 3727 2000 3780 ille
2060 3729 2420 3791 sententiam,
2452 3744 2556 3796 qua
2607 3738 2784 3782 mente
2835 3729 3038 3789 nescio,
3087 3729 3183 3782 scd
3229 3726 3490 3794 pervertit

1911 3833 2063 3872 sane.
2092 3817 2245 3888 Legit
2269 3819 2409 3873 enim
2452 3820 2502 3873 in
2539 3830 2681 3873 textu
2717 3821 3042 3888 apostolico,
3074 3819 3490 3890 προορισθέντος

1918 3927 1935 3958 ι
1972 3910 2234 3977 ριέκνίεοι
2257 3917 2309 3963 et
2345 3929 2361 3959 ι
2385 3910 2819 3979 praedesiguato;
2862 3929 2880 3962 ι
2917 3911 3006 3978 qui
3040 3910 3318 3972 debuerat,
3369 3909 3489 3976 ὁρι-

1913 4000 2149 4064 σθέντος,
2179 4001 2493 4063 constituto,
2536 4011 2589 4054 et
2616 4002 3003 4062 determinato;
3051 4019 3069 4051 ι
3105 4001 3158 4054 in
3188 4015 3309 4053 eum
3339 4014 3490 4052 uem-

1912 4106 1976 4159 pe
2003 4091 2185 4158 linem,
2224 4101 2282 4144 ut
2318 4093 2646 4162 intelligatur
2681 4093 2849 4147 Filius
2890 4107 3042 4157 esse,
3087 4107 3152 4146 eo
3189 4091 3346 4146 modo
3385 4104 3493 4158 quo

1914 4190 2038 4233 sunt
2071 4181 2144 4233 illi
2181 4182 2270 4249 qui
2316 4197 2412 4250 per
2441 4183 2835 4252 praascicntiam
2868 4183 3239 4251 designantur.
3269 4179 3348 4231 Ad
3373 4192 3493 4232 ver-

1916 4271 2042 4324 bum
2101 4273 2322 4336 idcirco,
2377 4275 2447 4325 ita
2483 4273 2672 4327 scribit
2706 4293 2718 4326 :
2760 4292 2774 4324 ι
2816 4273 3274 4338 Quemadmodum
3329 4269 3494 4337 igitur

1924 4376 1940 4406 ι
1988 4359 2298 4432 Ecclesiam
2322 4376 2473 4414 suam
2499 4363 2779 4429 praevisam
2803 4361 3144 4430 omnipotens
3167 4361 3494 4431 designavit,

1485 4581 1526 4612 ³¹
1559 4581 1687 4634 ibid.
1725 4579 1820 4647 18;
1856 4578 2024 4648 Apoc.
2057 4592 2093 4640 ι,
2135 4576 2186 4630 5.
2263 4576 2308 4607 ³¹
2343 4574 2499 4629 Rom.
2527 4593 2564 4642 ι,
2590 4577 2641 4628 1.

255 4748 349 4802 nio
377 4755 637 4807 veterum,
665 4753 888 4812 excepto
917 4742 1343 4814 Theophylacto,
1376 4750 1429 4793 et
1464 4741 1799 4814 interpretun

1922 4738 2189 4814 φαίνεται.
2225 4736 2836 4814 Μοχ-νυίεο-πρότερον
2864 4746 2919 4791 et
2955 4737 3093 4791 infra
3123 4736 3224 4807 τὴν
3260 4737 3356 4790 τοῦ
3396 4737 3496 4792 αὑ-

259 4819 643 4876 recentiorum,
676 4826 732 4866 ut
764 4815 1102 4866 doctissimus
1144 4812 1480 4865 Maldonatus
1513 4812 1692 4870 docet,
1724 4826 1813 4864 c0-

259 4888 418 4940 tnites
445 4885 652 4936 scilicet
688 4885 952 4942 reservari
995 4884 1260 4948 triumpho
1289 4882 1361 4931 llll
1417 4883 1468 4931 iu
1516 4879 1667 4932 coelis
1697 4880 1815 4948 glo-

257 4957 423 5012 rioso,
459 4956 706 5020 qtiuutlo,
750 4963 803 5001 ut
851 4953 1080 5019 luquilur
1125 4946 1512 5011 Nazianzenus,
1536 4946 1819 5020 παρατρέ-

258 5039 463 5094 χοντες.
524 5021 615 5072 καὶ
665 5021 1180 5090 παραπεμπόμενοι,
1241 5021 1473 5088 ᾄσμασιν
1531 5019 1818 5094 ἐπινικίοις

260 5085 671 5162 ἕπανηγύριζον.
733 5085 908 5148 Certe,
961 5085 1161 5158 κατέϐη
1216 5085 1667 5162 μ’όνοςκίςιιυιι-ἰυδ
1717 5087 1813 5162 ait,

260 5156 520 5230 ἀνέἣηδὲ
545 5178 607 5230 με
623 5161 683 5230 εὰν
720 5160 996 5211 πλειόνων.
1029 5156 1328 5225 Utrumque
1370 5156 1731 5209 'l'ertulliauus
1761 5157 1815 5209 itl

263 5229 597 5284 Carminibus
624 5229 694 5289 ait
729 5245 742 5279 :

403 5321 554 5379 Illos,
584 5337 684 5371 non
716 5318 941 5370 tumulos
979 5327 1178 5369 certum
1203 5327 1274 5368 est
1305 5315 1547 5380 repetisse
1577 5314 1782 5365 silentes

404 5390 663 5454 Amplius,
691 5400 777 5440 aut
804 5400 953 5439 terra:
989 5387 1200 5438 retineri
1230 5388 1420 5438 viscere
1457 5385 1688 5435 clausos.

265 5502 372 5557 Sed
409 5515 711 5554 mensuram
769 5500 1077 5552 excetlintus
1133 5497 1570 5549 Adnotationum.
1599 5495 1822 5547 Videtur

264 5571 473 5639 legend.
497 5572 546 5620 in
569 5571 758 5620 Euseb.
781 5571 853 5620 Οὑ
878 5569 1031 5637 μόνον
1048 5568 1224 5639 τοίνυν
1242 5566 1337 5635 τῆς
1361 5566 1541 5639 κοινῆς
1571 5565 1818 5639 κτίσεως,

266 5634 398 5703 οιῖι.,
427 5649 484 5690 ttt
511 5640 737 5704 explicet
784 5634 906 5688 illuil
935 5639 1128 5722 πάσης.
1163 5637 1228 5687 Ει
1260 5634 1374 5718 tum
1407 5653 1417 5686 :
1451 5636 1583 5704 ὅπερ
1617 5634 1820 5722 stipati!

264 5708 360 5762 τοῦ
387 5701 724 5777 πρωτότοκος
760 5709 934 5776 πάσης
992 5701 1214 5769 κτίσεως
1254 5706 1483 5773 εἴρηται,
1518 5701 1821 5772 γνωσθῆναι

269 5777 489 5847 δυνηθῇ.
522 5777 569 5829 Μ

344 5820 650 5915 (ᾗῖυνῦιςο
674 5847 809 5914 ὅπερ
834 5855 883 5900 et
919 5846 1096 5915 πάσης
1129 5845 1247 5900 loco
1281 5845 1377 5897 ἀπ.
1415 5843 1532 5899 dcin
1581 5841 1682 5912 Mp.
1727 5858 1816 5912 γρ.

1920 4807 2012 4861 τοῦ
2048 4817 2101 4859 et
2132 4808 2291 4873 ἀφορ.
2326 4809 2404 4868 είς
2433 4808 2490 4858 τὸ
2524 4807 2679 4875 εὐαγ.

1988 4877 2108 4948 (75)
2134 4875 2400 4944 Ποιήσας
2447 4877 2925 4943 προορισθέντος.
2963 4877 3221 4948 Accusat
3259 4875 3491 4948 Marcel-

1914 4945 2047 5010 lum,
2081 4947 2386 5014 depravata:
2431 4950 2711 5013 scripturae
2762 4947 3116 5013 aposmlicmz
3156 4945 3310 4997 lalso.
3357 4947 3492 4998 Nam

1915 5021 1966 5072 in
1984 5022 2278 5073 varianteut
2297 5015 2441 5067 ilium
2460 5014 2794 5084 Seripturzuu
2814 5015 2996 5081 procul
3013 5016 3176 5067 dubio
3201 5016 3489 5071 inciderat.

1913 5088 1988 5142 lla
2034 5091 2177 5142 enim
2235 5087 2285 5136 in
2320 5085 2544 5138 diversis
2586 5088 2987 5153 exemplaribus
3035 5085 3162 5136 olim
3190 5087 3492 5152 legebatur.

1916 5160 1990 5212 lla
2028 5161 2078 5211 in
2111 5158 2222 5208 suis
2273 5155 2473 5207 invenit
2529 5156 2873 5208 ﬁdelissimus
2915 5153 3176 5214 omnium,
3212 5165 3265 5206 et
3294 5156 3497 5207 doctis-

1916 5230 2086 5280 simus
2134 5235 2287 5278 vetus
2333 5225 2610 5291 interpres
2667 5239 2878 5283 uoster,
2922 5225 3011 5291 qui
3075 5225 3236 5274 vertit
3269 5221 3492 5276 Prwde-

1916 5299 2164 5358 stinatus,
2199 5298 2269 5346 ita
2321 5294 2445 5358 legit
2482 5288 2822 5361 Epiphanius
2851 5288 3035 5345 contra
3071 5291 3494 5356 Theodotianos,

1917 5367 1989 5418 ita
2019 5367 2130 5424 alii,
2167 5375 2221 5416 et
2265 5363 2351 5416 hic
2403 5365 2562 5415 etiam
2615 5364 2877 5417 Eusebius
2928 5362 3244 5414 cavillatur.
3271 5392 3340 5402 —
3374 5363 3497 5415 Mox

1916 5435 2073 5503 vulgo
2123 5449 2338 5552 προορ..
2397 5434 2519 5483 dein
2578 5434 2770 5486 ἀποστ.
2805 5435 2860 5484 ὲν
2906 5431 2983 5500 τῷ
3023 5433 3112 5493 lt,
3146 5446 3310 5500 porro
3337 5434 3497 5500 vulgo

1918 5505 2026 5552 ὲντ.
2053 5503 2107 5552 δέ
2134 5517 2186 5552 et
2220 5520 2256 5552 ιι
2289 5518 2385 5552 νην
2419 5503 2512 5552 ἀπ.
2546 5514 2598 5552 et
2630 5504 2932 5552 ἐπάκουσον
2956 5500 3105 5552 γοῦν.

1918 5500 2031 5555 ὲντί
2053 5503 2107 5554 δέ
2134 5500 2186 5554 et
2219 5500 2385 5570 μόνην
2419 5503 2512 5554 ἀπ.
2546 5514 2598 5555 et
2630 5504 2932 5554 ἐπάκουσον
2956 5500 3105 5567 γοῦν.

1993 5573 2100 5643 (76)
2145 5569 2258 5639 Τῆς
2314 5569 2417 5643 τοῦ
2465 5573 2650 5638 λόγου
2695 5572 3051 5643 προθέσεως.
3095 5573 3161 5622 At
3206 5569 3500 5643 ηερ-λόγον

1923 5638 2118 5710 adjecit
2146 5638 2427 5694 marcellus
2447 5680 2460 5704 ,
2489 5658 2584 5693 nec
2612 5654 2696 5694 est
2721 5642 2873 5709 λόγος
2894 5641 3170 5710 πρόθεσις,
3193 5641 3284 5691 sed
3306 5638 3497 5710 ovotta,

1923 5708 2226 5782 Legendum
2271 5710 2432 5782 igitur
2480 5710 2567 5764 διὰ
2609 5713 2707 5782 τῆς
2743 5709 3077 5781 προσθήκης,
3105 5709 3205 5777 τῆς
3248 5708 3343 5761 τοῦ
3394 5708 3502 5781 πρὸ

1924 5781 2250 5852 προθέσεως.
2284 5780 2332 5833 Μ
