4048 6428
240 424 338 478 741
1372 421 1652 481 CONTRA
1694 418 1806 475 MAI

1909 417 2125 474 ειιωι
2164 416 2296 475 LIB.
2340 419 2383 474 1.
3388 415 3506 480 ηις

241 544 531 613 Σολομῶνα
559 544 841 616 προφήτην
870 543 1268 611 ἀποκαλοῦντος
1290 546 1571 608 πολλάκις,
1594 543 1690 597 καὶ⁷
1715 541 1806 604 τὰς

1916 540 2236 608 scripserat,
2263 536 2392 593 nihil
2417 547 2598 594 tamen
2628 538 2812 593 attulit
2837 538 2987 605 novi,
3016 539 3113 595 sed
3143 538 3333 595 lectori
3388 544 3505 598 cui-

244 637 538 707 παροιμίας
570 636 905 709 προφητείας
943 636 1319 706 ὀνομάζοντος.
1371 637 1580 705 Ὠσπερ
1621 631 1714 687 οὖν
1758 634 1806 685 ἐκ

1922 644 2138 700 cunque
2165 630 2307 683 idem
2337 642 2433 699 per
2463 630 2647 684 omnia
2680 628 2906 684 exhibet
2939 631 3330 686 testimonium.
3362 630 3505 687 Per-

238 720 321 791 οἷς
353 746 535 799 φησιν’
576 747 595 778 ι
637 727 839 780 Τούτου
886 728 997 798 γὰρ
1026 729 1186 798 χάριν
1215 730 1244 781 ὁ
1276 726 1577 797 ἀγιώτατος
1602 725 1817 797 προφήο

243 837 263 869 ι
303 835 405 890 της
427 814 701 887 Σολομὼν,
724 816 1013 880 δέξασθαί
1031 834 1092 870 τε
1114 817 1380 887 στροφὰς
1402 819 1601 886 λόγων
1622 817 1759 885 ἔφη’
1792 835 1810 865 ι

236 910 334 962 καὶ
374 909 556 963 πάλιψ
615 926 634 959 ι
681 907 909 974 Ῥήσεις
954 925 1019 960 τε
1041 907 1253 977 σοφῶν
1293 909 1394 962 καὶ
1432 908 1748 977 αἰνίγματα
1792 924 1811 958 ι

233 998 339 1069 τὴν
393 997 689 1069 παροιμίαν
739 997 1074 1068 προφητείαν
1140 998 1428 1069 ὀνομάζει⁸
1477 999 1573 1051 καὶ
1627 993 1811 1061 αὖθις’

240 1107 263 1140 ι
305 1090 398 1143 Διό
428 1107 516 1161 μοι
548 1090 697 1143 δοκεῖ
730 1092 759 1144 ὁ
788 1088 1100 1159 σοφώτατος
1127 1084 1281 1153 οὗτος
1310 1090 1598 1161 προφήτης
1630 1088 1724 1141 καὶ
1749 1086 1818 1140 τὰ

239 1197 263 1233 ι
300 1180 490 1251 πρῶτα
530 1181 750 1249 ῥήματα
779 1179 880 1249 τῆς
923 1180 1261 1251 προφητείας
1310 1178 1695 1251 παροιμιωδῶς
1739 1178 1817 1229 εί-

241 1290 264 1323 e
303 1271 545 1343 ρηκέναι.
584 1288 603 1323 ι
641 1270 753 1323 Καὶ
797 1270 1049 1340 δεύτερον
1076 1269 1153 1333 δὲ,
1202 1269 1297 1323 καὶ
1324 1268 1530 1341 τρίτον,
1563 1268 1658 1321 καὶ
1688 1266 1817 1320 πολ-

231 1361 413 1425 λάκις,
451 1360 526 1424 ὡς
558 1360 713 1430 ἔφην,
741 1360 898 1413 τοῦτο
930 1362 1092 1424 ποιεῖ,
1126 1358 1336 1428 ἀγνοῶν
1368 1360 1459 1413 ὅτι
1495 1358 1817 1426 διαιρέσεις

232 1451 617 1522 χαρισμάτων
652 1450 831 1515 εἰσὶν,
868 1453 921 1504 εί
961 1451 1058 1505 καὶ
1104 1450 1169 1505 τὸ
1205 1450 1353 1505 αὐτὸ
1406 1449 1661 1518 πνεῦμα.
1705 1448 1816 1501 Καὶ

230 1544 404 1611 ἆλλῳ
443 1544 561 1613 μὲν
587 1541 814 1596 δίδοται
850 1543 1032 1611 λόγος
1058 1544 1300 1611 σοφίας,
1336 1543 1477 1596 κατά
1521 1542 1612 1595 τὸν
1657 1540 1815 1593 Ἀπό-

234 1635 442 1700 στολον,
475 1634 641 1699 ἄλλῳ
665 1637 847 1703 λόγος
876 1635 1151 1705 γνώσεως
1184 1634 1334 1699 κατὰ
1363 1634 1430 1687 τὸ
1453 1632 1600 1688 αὐτὸ
1631 1632 1814 1687 πνεῦ-

226 1742 336 1795 μα,
384 1725 561 1795 ἑτέρῳ
604 1726 809 1792 πίστις
845 1727 915 1779 ἐν
957 1724 1039 1792 τῷ
1082 1724 1244 1791 αὺτῷ
1285 1726 1595 1794 πνεύματι,
1647 1723 1816 1794 ἄλλῳ

230 1817 584 1887 προφητεία.
630 1816 829 1885 Διόπερ
862 1818 891 1869 ὁ
936 1814 1186 1885 Σολομὼν
1218 1815 1410 1884 σοφίας
1445 1814 1543 1884 μὲν
1577 1813 1814 1884 εἰληφὼς

1918 721 1997 791 git
2023 721 2315 789 deinceps,
2364 729 2421 775 et
2450 720 2747 774 introducit
2799 720 3069 776 dicentem
3119 720 3500 787 Servatorem,

1924 829 1943 863 ι
1980 809 2091 879 Ego
2136 827 2255 867 sum
2298 811 2414 865 dies
2451 826 2467 865 :
2505 829 2524 863 ι
2571 800 2747 864 verba
2793 820 2973 865 autem
3027 812 3193 880 ipsius
3241 813 3308 867 ad
3357 814 3500 868 hunc

1918 900 2136 955 modum
2184 915 2242 957 se
2296 902 2549 956 habent:
2592 920 2612 951 ι
2669 900 2806 957 Cum
2867 900 2957 973 ΓΒ.
3014 900 3209 973 XXV]
3263 905 3500 957 tenebra:

1924 1011 1943 1044 ι
1982 995 2131 1063 prius
2160 992 2472 1047 obtinerent
2521 1001 2741 1061 propter
2775 991 2955 1045 cultus
3008 990 3175 1046 divini
3206 992 3501 1062 ignoratio—

1924 1102 1942 1135 ι
1980 1098 2126 1149 nem,
2145 1083 2234 1137 ubi
2277 1082 2393 1137 dies
2413 1082 2523 1151 jam
2546 1080 2761 1136 essetin
2780 1082 3083 1151 prOpinquo
3111 1085 3339 1147 oritura,
3360 1083 3500 1153 Ego,

1924 1190 1943 1225 ι
1988 1174 2185 1243 inquit,
2214 1173 2334 1229 dies
2362 1187 2503 1227 sum.
2550 1190 2569 1222 ι
2608 1170 2717 1226 Nec
2750 1170 2949 1238 injuria
3002 1172 3244 1239 stellam,
3280 1174 3501 1230 Lucife-

1918 1281 2037 1320 rum
2117 1265 2431 1334 appellavit.
2502 1264 2621 1319 Alio
2669 1263 2925 1336 deinceps
2980 1264 3099 1320 loco
3144 1266 3216 1319 ita
3269 1268 3445 1336 inquit
3479 1285 3495 1300 ·

1920 1353 2011 1427 [Β.
2045 1353 2310 1410 XXXVII.
2338 1355 2411 1411 cf.
2444 1356 2670 1426 pag.81,
2690 1356 2778 1428 B.]
2808 1356 3288 1428 «Quandoquidem
3321 1371 3349 1410 a
3373 1372 3499 1414 sus-

1923 1464 1943 1497 ι
1984 1457 2139 1517 cepta
2184 1445 2349 1501 semel
2388 1462 2574 1512 carne,
2600 1447 2850 1504 Chrisws
2879 1449 3039 1503 simul
3069 1464 3191 1505 esse
3210 1449 3369 1507 Iesus
3395 1463 3499 1507 an—

1922 1555 1942 1590 ι
1982 1538 2297 1591 nuntiatur:
2328 1538 2435 1591 vita
2464 1548 2517 1593 et
2541 1537 2646 1604 via,
2683 1549 2846 1609 atque
2880 1540 3017 1595 dies.
3052 1560 3071 1592 ο
3107 1540 3289 1612 Pergit
3310 1558 3495 1613 porro,

1918 1637 1975 1682 et
2009 1628 2225 1682 tandem
2265 1629 2333 1683 ab
2365 1628 2628 1698 Apostolo
2660 1629 2733 1683 ita
2756 1640 3056 1687 mutuatur.
3095 1631 3293 1687 Nostra
3318 1641 3497 1689 autem

1916 1719 2212 1774 Jerusalem
2236 1736 2446 1774 sursum
2481 1731 2577 1775 est.
2622 1720 2762 1787 Quid
2810 1731 2990 1777 autem
3035 1723 3121 1777 his
3151 1724 3356 1781 diutius
3393 1741 3498 1796 ego

1920 1810 2194 1864 immorari
2229 1812 2399 1865 debeo
2417 1813 2440 1864 ?
2457 1810 2640 1866 Cuivis
2660 1813 2856 1867 etenim
2874 1854 2889 1878 ,
2915 1815 3001 1869 cui
3037 1813 3230 1869 saltem
3256 1815 3493 1881 libuerit,

229 1910 477 1979 χάρισμα
501 1906 937 1979 μεμαρτύρηται.
967 1908 1076 1962 Καὶ
1107 1906 1290 1961 ἔδωκε
1317 1906 1428 1978 (8i)
1459 1906 1568 1975 γὰρ
1594 1906 1806 1973 Κύριος

1912 1902 2147 1971 proclive
2196 1912 2301 1965 est,
2345 1902 2495 1957 hisce
2530 1919 2649 1972 quae
2676 1904 2818 1958 dicta
2847 1916 3155 1974 suntquam
3195 1905 3491 1973 simillima,

227 1996 312 2063 τῷ
340 1996 641 2066 Σολομῶνι
674 1999 919 2066 σοφίαν,
966 1998 1040 2060 ὡς
1072 1999 1104 2067 ἠ
1137 1996 1326 2067 Γραφή
1361 2013 1511 2065 φησι,
1548 1998 1647 2050 καὶ
1675 1996 1811 2050 ἐσο-

227 2090 419 2159 φίσθη
467 2088 618 2157 ὑπὲρ
650 2089 880 2155 πάντας
899 2088 1252 2156 ἀνθρώπους
1272 2105 1285 2117 ·
1320 2087 1457 2141 Οὔτε
1487 2087 1543 2140 δὲ
1572 2087 1662 2139 τὸν
1697 2086 1810 2155 βίον

228 2178 567 2252 προφητικὸν
596 2177 862 2250 ἐσχηκὼς,
912 2178 1035 2232 οὔτε
1072 2179 1163 2231 τὸν
1196 2178 1296 2248 τῆς
1328 2176 1662 2249 προφητείας
1706 2194 1805 2245 χα-

229 2266 501 2337 ρακτῆρα,
541 2264 631 2318 τὸν
664 2266 772 2320 ἀπὸ
812 2266 905 2319 τοῦ
956 2264 1100 2319 Τάδε
1126 2265 1289 2335 λέγει
1328 2267 1562 2333 Κύριος,
1605 2265 1714 2317 τῶν
1747 2281 1807 2317 τε

226 2356 598 2427 ὁμοιοτρόπων
632 2355 1048 2427 γνωριζόμενον,
1080 2356 1167 2409 διὰ
1219 2356 1327 2409 τῶν
1362 2355 1577 2409 οἰκείων
1609 2356 1808 2426 ἐμφαί-

226 2462 311 2499 νει
336 2444 526 2513 λόγων.
572 2446 629 2499 ὐ
656 2447 713 2500 δὲ
742 2448 944 2500 τούτων
977 2448 1128 2501 οὐδὲν
1166 2446 1308 2511 ἰδὼν,
1342 2447 1531 2519 ὥσπερ
1564 2464 1615 2500 τι
1648 2464 1806 2518 χαρι-

229 2535 454 2606 ζόμενος
480 2537 557 2609 τῷ
584 2538 736 2609 ἀνδρὶ
766 2540 1051 2609 προφήτην
1074 2539 1236 2593 αὐτὸν
1268 2539 1444 2603 καλεῖ,
1474 2538 1535 2591 ού
1582 2540 1801 2602 συνιεὶς,

227 2629 312 2681 ὅτι
334 2631 381 2681 οἱ
411 2629 683 2700 προφῆται
706 2629 1032 2697 περιῆλθον
1050 2629 1121 2682 ὲν
1128 2628 1453 2697 μηλωταῖς,
1475 2629 1545 2682 ἐν
1562 2630 1805 2699 αίγείοις

229 2718 544 2789 δέρμασιν,
560 2722 1006 2790 ὑστερούμενοι,
1034 2722 1389 2789 θλιϐόμενοι,
1403 2723 1805 2791 κακουχούμε-

225 2825 344 2865 νοι.
378 2811 489 2865 Καὶ
524 2810 623 2875 τὰς
654 2811 959 2882 Παροιμίας
996 2811 1053 2865 δὲ
1086 2810 1251 2863 αὐτοῦ
1294 2811 1631 2883 προφητείαν
1663 2812 1802 2865 εἶναι

226 2898 398 2969 λέγει,
444 2902 495 2954 εί
534 2899 780 2972 μηδαμοῦ
817 2901 917 2972 τῆς
962 2901 1112 2965 θείας
1158 2901 1382 2972 Γραφῆς
1426 2901 1800 2974 διδασκούσης,

226 2991 393 3045 αὑτοῦ
426 2992 484 3045 δὲ
515 2991 609 3045 τοῦ
645 2992 957 3063 σοφωτάτου
992 2994 1088 3047 σὺν
1122 2993 1251 3063 θείῳ
1295 2992 1588 3064 πνεύματι,
1630 2993 1804 3067 ταύτῃ

229 3082 330 3154 μὲν
369 3084 436 3153 τῇ
486 3082 652 3154 βίϐλῳ
696 3084 1003 3157 Παροιμίας
1039 3084 1149 3155 (82)
1178 3084 1349 3155 ὄνομα
1370 3084 1585 3147 θέντος,
1630 3087 1697 3156 τῇ
1746 3085 1803 3138 δὲ

227 3172 414 3245 ἑτέρᾳ,
441 3171 890 3245 Ἐκκλησιαστής’
917 3175 1011 3227 καὶ
1028 3176 1094 3245 τῇ
1109 3173 1288 3247 τρίτῃ,
1320 3175 1594 3245 ’ᾼσματα
1614 3174 1804 3245 ἀσμᾴ-

1916 1992 2017 2047 alia
2047 2008 2261 2065 quoque
2291 1995 2495 2050 inﬁnita
2544 1994 2796 2061 colligere
2828 1995 2895 2049 ab
2930 1996 3021 2050 illo
3042 1996 3157 2067 ejus
3180 2012 3364 2067 opere,
3392 1999 3493 2055 ob-

1916 2093 2129 2138 servata
2158 2124 2174 2148 ,
2209 2087 2354 2140 unde
2383 2085 2622 2140 hominis
2670 2085 2940 2139 inscitiam
2976 2086 3492 2144 animadvertamus.

1916 2171 2053 2228 Huc
2085 2190 2299 2245 quoque
2330 2174 2554 2242 factum,
2609 2186 2668 2229 ut
2697 2175 3041 2232 Salomonem
3076 2180 3390 2248 prophetam
3416 2180 3495 2234 in-

1918 2264 2229 2333 digitaverit
2260 2304 2276 2329 ,
2314 2274 2370 2318 ut
2397 2274 2449 2318 et
2494 2266 2777 2334 proverbia
2830 2266 3173 2335 Prophetiam
3226 2282 3334 2322 non
3382 2284 3491 2324 una

1915 2357 2052 2409 vice.
2088 2354 2248 2410 Verbi
2276 2357 2449 2425 gratia
2469 2396 2486 2421 ,
2511 2357 2577 2409 ad
2613 2357 2759 2411 hunc
2783 2358 3000 2411 modum
3050 2359 3127 2412 ait
3156 2374 3172 2410 :
3205 2356 3384 2427 Hujus
3415 2360 3493 2413 rei

1914 2462 2074 2500 causa
2100 2448 2461 2501 sanctissimus
2500 2448 2751 2517 propheta
2782 2446 3037 2502 Salomon
3059 2449 3134 2502 ait
3166 2463 3189 2504 .'
3212 2448 3293 2501 Ad
3314 2450 3492 2504 susci-

1910 2540 2155 2606 piendam
2198 2540 2545 2592 eruditionem
2591 2539 2851 2593 doctrina
2874 2538 3231 2595 ":etiterum
3266 2557 3281 2593 :
3316 2538 3490 2595 Verba

1910 2630 2245 2697 sapientium,
2277 2638 2325 2684 et
2370 2630 2649 2699 (enigmata
2678 2630 2745 2687 ".
2778 2628 3072 2685 Proverbia
3101 2670 3116 2695 ,
3146 2630 3486 2699 prophetiam

1912 2720 2219 2788 appellavit.
2250 2718 2447 2773 lterum
2482 2737 2494 2772 :
2526 2737 2545 2771 ι
2579 2716 2661 2773 Ob
2690 2719 2828 2773 hanc
2851 2734 3072 2775 causam
3094 2720 3310 2775 videtur
3351 2720 3487 2776 mihi

1915 2829 1935 2862 ι
1968 2811 2399 2877 sapientissimus
2422 2812 2509 2865 hic
2540 2812 2802 2880 pr0pheta
2824 2812 2997 2881 prima
3039 2811 3205 2866 verba
3256 2810 3489 2880 prophe-

1915 2919 1934 2954 ι
1977 2904 2062 2957 tia:
2108 2917 2222 2957 suc
2271 2901 2689 2972 proverbialiter
2737 2902 3068 2958 enuntiasse.
3129 2922 3148 2954 ›
3197 2901 3485 2971 Secundo,

1912 2992 2073 3062 igitur
2105 3003 2161 3047 et
2194 2994 2355 3049 tertio
2388 2994 2609 3063 saepius,
2661 2994 2741 3047 uti
2773 2994 2977 3050 dictum
3018 3004 3122 3059 est,
3163 2996 3264 3049 hoc
3288 2993 3357 3047 ab
3393 2993 3488 3049 illo

1909 3081 1982 3135 ita
2009 3083 2207 3136 factum
2237 3094 2340 3137 est.
2374 3081 2592 3153 lgnorat
2614 3083 2828 3137 interim
2852 3084 3195 3137 diversitates
3214 3080 3484 3139 donorum

1908 3185 2057 3238 esse,
2082 3172 2208 3227 licet
2244 3173 2381 3227 idem
2408 3171 2645 3243 Spiritus
2687 3172 2780 3228 sit.
2819 3171 2927 3227 Uni
2950 3174 3159 3242 quidem
3181 3174 3486 3227 conceditur

226 3278 367 3326 των,
399 3262 498 3315 οὐκ
531 3262 704 3326 ἀθεεὶ,
754 3263 875 3317 οὐδὲ
913 3263 1238 3335 ἀνθρωπίνῳ
1282 3263 1528 3334 λογισμῷ
1577 3262 1802 3325 ταύταις

1909 3264 2111 3317 verbum
2172 3264 2442 3329 sapientia
2470 3303 2485 3325 ,
2538 3262 2837 3317 secundum
2889 3263 3033 3331 quod
3066 3262 3356 3333 Apostolus
3381 3264 3479 3328 ait,

226 3352 606 3419 ἐπιϐάλλοντος
644 3357 762 3419 ταῖς
792 3356 1114 3427 ὲπιγορίαις.
1169 3356 1327 3409 Ἀλλά
1359 3356 1454 3409 καὶ
1486 3355 1657 3426 αὐτὴν
1701 3354 1801 3426 τὴν

226 3443 583 3499 θεόπνευστον
632 3444 795 3499 αὐτοῦ
824 3445 1071 3517 Τραφὴν,
1123 3447 1189 3499 δι’
1247 3444 1575 3515 Ἑλληνικῶν
1610 3444 1801 3513 πειρᾶ-

223 3551 319 3587 ται
346 3534 455 3606 (85)
492 3536 948 3608 παραδειγμάτων
982 3536 1327 3609 ἑρμηνεύειν,
1358 3537 1458 3589 οὐκ
1491 3535 1801 3598 ἐπακούσας

182 3612 190 3618 ’
223 3624 439 3679 Παύλου
475 3626 568 3678 τοῦ
618 3624 919 3679 ἀποστόλου
962 3627 1228 3694 λέγοντος
1290 3624 1477 3695 Ἡμεῖς
1518 3624 1587 3677 δὲ
1633 3626 1705 3678 οὐ
1732 3623 1800 3678 τὸ

224 3714 463 3784 πνεῦμα
504 3714 611 3769 τοῦ
646 3716 876 3785 κόσμου
910 3716 1219 3785 ἐλάϐομεν,
1264 3716 1426 3771 ἀλλὰ
1462 3716 1529 3769 τὸ
1567 3714 1801 3783 πνεῦμα

224 3804 295 3858 τὸ
313 3806 383 3859 ἐκ
415 3806 520 3860 τοῦ
548 3807 715 3873 Θεοῦ,
741 3808 842 3859 ἵνα
870 3806 1087 3877 ιδωμεν
1128 3809 1199 3860 τὰ
1229 3808 1349 3863 ὑπὸ
1380 3807 1488 3861 τοῦ
1520 3806 1666 3860 Θεοῦ
1695 3820 1801 3858 xa-

216 3895 507 3964 ρισθέντα
534 3896 705 3967 ἡμῖν’
737 3897 776 3951 d
798 3897 896 3952 καὶ
912 3898 1236 3968 λαλοῦμεν,
1266 3901 1378 3952 οὐκ
1405 3898 1475 3951 ὲν
1504 3895 1801 3960 διδακτοῖς

222 3989 605 4058 ἀνθρωπίνης
652 3992 872 4059 σοφίας
920 3992 1144 4061 λόγοις,
1197 3992 1333 4045 ἀλλ’
1383 3991 1454 4044 ἐν
1503 3988 1803 4055 διδακτοῖς

223 4082 573 4150 Πνεύματος
640 4084 833 4152 ἁγίου,
896 4083 1266 4155 πνευματικὰ
1336 4081 1801 4152 (πνευματικοῖς)

221 4172 675 4241 συγκρίνοντες.
716 4174 983 4243 Ψυχικὸς
1028 4174 1096 4226 δὲ
1128 4174 1436 4240 ἄνθρωπος
1462 4174 1535 4226 οὐ
1566 4170 1803 4240 δέχεται

219 4266 300 4321 τὰ
326 4265 433 4319 τοῦ
451 4267 795 4335 Πνεύματος
816 4265 921 4321 τοῦ
945 4265 1112 4330 Θεοῦ,
1130 4265 1321 4334 μωρία
1336 4263 1445 4333 γὰρ
1467 4262 1629 4328 αὐτῷ
1648 4263 1801 4327 ἐστι,
1848 4298 1853 4301 -

220 4358 325 4413 καὶ
361 4360 433 4413 οὐ
459 4358 709 4414 δύναται
746 4359 968 4430 γνῶναι
1000 4358 1091 4413 ὅτι
1112 4355 1528 4427 πνευματικῶς
1558 4356 1803 4425 ἀνακρί-

298 4476 359 4535 ›Ῑ‹
393 4468 708 4539 Ed.Paris.,
734 4486 856 4539 pag.
887 4470 974 4525 14.

294 4540 340 4574 ³⁸
363 4539 523 4596 Prov.
551 4556 598 4605 t.
622 4542 677 4597 3.

734 4486 992 4596 P‘a‘i‘iii‘a.
1031 4541 1085 4595 6.
1144 4537 1186 4569 ³⁷
1218 4539 1385 4596 lCor.
1424 4539 1639 4606 xu,iO.
1717 4540 1854 4594 ³οιιι
1890 4538 2022 4610 Reg.
2057 4539 2219 4605 me.

1901 3353 2057 3406 alteri
2080 3353 2285 3405 verbum
2315 3352 2692 3421 intelligentia,
2718 3355 3015 3406 secundum
3049 3354 3298 3408 eumdem
3333 3354 3481 3423 Apo-

1904 3444 2103 3499 stolum
2136 3462 2148 3497 :
2176 3445 2272 3497 alii
2314 3444 2451 3511 fides
2475 3460 2566 3512 per
2594 3449 2830 3496 eumdem
2862 3444 3103 3511 spiritum
3132 3460 3149 3497 :
3174 3444 3331 3498 alteri
3359 3462 3483 3515 pro-

1902 3536 2076 3604 phetia
2101 3534 2166 3588 ³⁷.
2207 3535 2461 3588 Salomon
2483 3544 2666 3587 autem
2698 3534 2899 3587 donum
2928 3535 3139 3603 accepit
3174 3536 3480 3602 sapientiae,

1904 3638 1961 3681 ut
1985 3627 2276 3695 Scriptura:
2315 3627 2617 3679 testimonio
2668 3626 3048 3694 comprobatur
3086 3641 3103 3679 :
3144 3630 3201 3689 ᾖ(
3242 3624 3308 3678 Ει
3336 3626 3482 3681 dedit

1903 3718 2157 3772 Dominus
2173 3718 2484 3785 sapientiora
2512 3714 2784 3770 Sulomoni
2816 3718 2885 3782 ³⁸,
2910 3729 2955 3770 et
2980 3726 3090 3771 erat
3114 3720 3352 3773 omnibus
3380 3717 3479 3771 Ito-

1904 3806 2129 3858 miuibus
2148 3806 2437 3873 sapientior
2455 3803 2520 3859 ³⁸.
2556 3802 2733 3858 Vitam
2761 3815 2939 3859 autem
2971 3806 3343 3875 preplicticam
3371 3821 3481 3861 non

1908 3898 2225 3953 instituebat
2260 3918 2272 3951 ε
2312 3911 2488 3965 neque
2529 3898 2636 3952 ullo
2667 3899 2985 3953 charactere
3018 3898 3336 3969 prophetico
3361 3907 3482 3954 erat

1906 3990 2197 4060 insignitus
2231 4010 2244 4044 ε
2276 3991 2467 4060 quales
2516 3999 2713 4055 erant,
2772 3988 2901 4044 llaec
2924 3992 3049 4043 dicit
3102 3990 3382 4057 Dominus,
3424 3999 3483 4045 et

1902 4082 2029 4137 huic
2054 4083 2263 4138 similes
2294 4097 2311 4137 :
2345 4096 2507 4152 atque
2554 4082 2658 4137 hoc
2691 4099 2755 4137 ex
2787 4084 2871 4149 iis,
2911 4098 3033 4152 qua:
3059 4083 3300 4153 scripsit,
3344 4083 3480 4138 satis

1902 4171 2091 4240 liquet.
2122 4172 2431 4239 Marcellus,
2482 4174 2585 4229 hoc
2630 4176 2854 4228 minime
2885 4174 3306 4238 animadverso,
3352 4185 3479 4231 tan-

1903 4279 2066 4331 quam
2089 4266 2139 4321 ei
2168 4264 2236 4319 de
2278 4281 2376 4321 suo
2421 4266 2639 4336 elargiri
2670 4266 2832 4322 vellet
2860 4266 3063 4335 aliquid
3091 4305 3107 4331 ,
3153 4268 3477 4337 prophetam

1904 4356 2055 4410 illum
2102 4358 2422 4427 iudigitabat
2455 4375 2467 4409 :
2502 4358 2725 4412 minime
2754 4360 2971 4413 interim
3025 4362 3315 4429 meminit,
3350 4376 3479 4432 pro-

2331 4540 2377 4572 ”
2408 4538 2470 4593 Ill
2498 4540 2629 4611 Reg.
2661 4556 2733 4605 iv,
2764 4542 2853 4595 5i.

299 4790 411 4875 (ει)
433 4790 548 4859 Γάρ
571 4799 631 4875 et
653 4790 727 4853 ὡς
753 4805 863 4875 om.
898 4792 1060 4875 vulgo
1091 4834 1105 4858 ,
1147 4793 1269 4848 dein
1323 4794 1481 4875 vulgo
1498 4783 1802 4875 ’Σολομῶν-
1831 4802 1875 4855 D
1905 4794 2127 4875 omnino
2160 4794 2343 4875 animi,
2373 4796 2536 4875 quasi
2575 4795 2907 4875 prohibitum
2934 4804 3078 4849 esset
3104 4796 3171 4875 ab
3195 4800 3474 4866 Apostolo,

220 4860 655 4935 ct.:lt_i_fralulgo
681 4863 881 4935 κακὸχ.
914 4873 969 4914 et
992 4860 1090 4925 τάς
1107 4880 1166 4935 τε
1198 4881 1329 4935 παρ.
1362 4860 1549 4935 aii-toil.

298 4930 411 5003 (ετ)
446 4927 783 5003 ΔΠδρὸιμιίις
830 4927 1312 5003 ’ὀνομασθέντοςί
1362 4934 1505 5003 Lege
1556 4935 1796 4998 divisim,

222 4999 524 5074 παροιμίας
542 4999 1079 5123 ἑορτιρείιπαροίμιαι
1124 5012 1179 5055 et
1232 5006 1406 5072 recepi
1446 4999 1625 5074 liveat:
1682 5004 1801 5057 θέν-

222 5073 431 5143 τος;εί
469 5072 534 5122 ad
580 5078 651 5122 ito
705 5084 819 5143 atat”
854 5072 1068 5143 tolerari
1117 5073 1316 5143 potest]
1364 5073 1534 5143 ὄνομα
1591 5074 1795 5138 θέντος.

221 5072 353 5136 cod;
382 5073 431 5123 εί
469 5072 651 5123 addito
705 5072 798 5123 καὶ
854 5072 1068 5125 tolerari
1117 5073 1316 5143 potest]
1364 5072 1560 5144 ὄνομα
1591 5074 1795 5138 θέντος.

224 5142 523 5197 Delendum
576 5152 736 5207 porro
766 5139 893 5192 illud
912 5142 958 5192 ει
981 5156 994 5203 ;
1020 5152 1074 5196 et
1098 5152 1207 5195 tota
1244 5150 1533 5205 sententia,
1560 5145 1638 5197 sic
1667 5160 1799 5197 cou-

222 5212 501 5289 ‘ci‘pienda,
516 5209 1034 5289 ta;_te~tatpotpia_g
1070 5212 1255 5289 αὑτοῦ,
1276 5214 1631 5289 ⁸προφητείαν
1664 5210 1798 5289 εἶναι

223 5277 645 5354 λέγει-μηδαμοῦ
674 5278 773 5347 τῆς
798 5277 947 5354 θείας
977 5277 1601 5354 Γραφῇ-διδασκούσης·
1635 5285 1797 5337 αὑτοῦ

226 5351 281 5405 δὲ
302 5348 399 5403 τοῦ
434 5348 763 5417 σοφωτάτου,
798 5348 895 5401 σὺν
921 5348 1048 5402 θείω
1072 5348 1366 5421 Πνεύματι,
1397 5348 1567 5424 ταύτη
1602 5354 1698 5422 μὲν
1730 5359 1794 5425 τῇ

226 5420 393 5476 βίσλῳ
426 5419 750 5476 Παροιμίας,
781 5418 949 5476 ὄνομα
975 5403 1177 5476 θέντος.
1200 5427 1265 5476 τῆ
1302 5423 1358 5475 δὲ
1394 5412 1794 5476 ἑτὲοὰἙκκλη-

226 5420 393 5490 βίσλῳ
426 5420 750 5490 Παροιμίας,
781 5420 949 5487 ὄνομα
975 5420 1177 5484 θέντος,
1200 5420 1266 5494 τῇ
1302 5423 1358 5475 δὲ
1394 5420 1797 5495 ὲτὲρᾷἙκκληὲ

225 5489 653 5573 ριαστήντγριιοιι
681 5504 867 5573 verum
906 5498 1007 5569 est.
1040 5490 1161 5573 Non
1181 5498 1324 5545 enim
1348 5504 1475 5545 sunt
1508 5494 1795 5559 adjectitite

225 5558 626 5627 inscriptiones,
676 5559 767 5612 sed
807 5557 876 5611 ab
937 5560 1168 5625 ipsomet
1223 5573 1445 5617 auctore
1498 5557 1790 5630 expressae.

224 5628 363 5683 Tum
433 5628 700 5695 sequitur,
741 5627 836 5680 καὶ
882 5628 983 5681 οὐκ
1020 5629 1191 5684 ἀθεεί.
1232 5631 1344 5684 Hoc
1395 5642 1498 5695 est,
1536 5648 1639 5685 nou
1676 5635 1793 5686 sine

222 5698 465 5761 numine,
490 5696 655 5776 χωρὶς
688 5697 822 5783 Θεοῦ
853 5697 1098 5789 γνώμης,
1130 5712 1189 5754 ut
1217 5701 1511 5771 Hesychius
1540 5704 1782 5771 exponit.

219 5766 301 5825 Il.
331 5794 397 5806 -—
422 5764 550 5819 Dein
577 5770 731 5825 vulgo
749 5783 825 5825 ως
890 5772 1049 5825 Aqua.
1080 5770 1135 5825 ἀ.

287 5803 301 5817 .
331 5794 397 5806 --
422 5770 550 5819 Dein
577 5770 731 5833 vulgo
749 5770 825 5829 ὼς
860 5770 1049 5840 τᾼσμα
1080 5770 1135 5840 ἀ.
1614 5770 1625 5771 ί

293 5834 409 5909 (85)
465 5835 954 5907 Παραδειγμάτων
1003 5840 1371 5908 ἑρμηνεύειν.
1432 5842 1651 5900 Morbus
1703 5851 1787 5899 est

1905 4864 1923 4917 Ι
1958 4864 2085 4940 Cor.
2120 4880 2184 4925 ιι.
2222 4864 2307 4925 12,
2336 4866 2404 4940 ab
2435 4864 2795 4940 Aﬂgyptiisea
2836 4864 3323 4940 niutuoaccipere,
3354 4864 3475 4940 qua:

1903 4936 2286 4993 conducerent.
2328 4937 2393 4985 ad
2443 4935 2857 4995 CXSlI'llt'lldlllll,
2891 4947 2941 4987 et
2982 4935 3473 4995 adornandum-ta-

1906 5005 2277 5057 bernaculutu.
2316 5004 2482 5068 Quasi
2519 5007 2742 5071 ipsemet
2778 5003 2995 5064 Paulus,
3024 5023 3125 5058 non
3153 5009 3219 5059 de
3253 5009 3474 5063 Meuan-

1903 5076 2022 5147 dro,
2062 5077 2259 5147 _A_rato,
2308 5074 2644 5141 Epimenidv,
2693 5074 2775 5147 vel
2800 5074 3130 5147 Callimacho
3163 5075 3387 5147 γνώμας
3417 5088 3474 5133 et

1903 5143 2301 5211 ἀποφθέγματα
2352 5154 2707 5196 mutuaretur.
2743 5142 2904 5207 Quasi
2939 5144 3201 5197 Eusebius
3226 5142 3339 5213 ipse
3363 5162 3468 5201 non

1904 5214 2041 5283 foret
2084 5216 2335 5279 scriptor.
2364 5214 2409 5267 si
2449 5216 2568 5279 quis
2594 5214 2731 5265 alius
2763 5213 3185 5283 στρωματώδης,
3213 5218 3301 5283 qui
3332 5218 3472 5270 ἀπύο

1899 5281 2063 5345 δειξιν
2102 5283 2244 5358 ἱὶΙιιιιι
2278 5284 2677 5358 Evangelicam,
2718 5286 2991 5335 tessellato
3026 5281 3306 5358 illuvoperc
3338 5304 3472 5358 προ-

1901 5353 2270 5420 παρασκευῆς,
2311 5354 2733 5405 emendatiorem
2789 5356 2973 5413 multo,
3005 5363 3061 5405 et
3092 5353 3473 5409 διδακτικωτέ-

1902 5439 1998 5490 ραν
2027 5438 2131 5473 nou
2160 5424 2510 5483 credidisset;
2544 5423 2635 5475 sed
2671 5424 2782 5473 haec
2829 5434 2954 5473 situt
2986 5421 3257 5487 factionis,
3288 5436 3343 5479 et
3381 5428 3475 5478 ἀν-

1896 5490 2153 5557 τιλογίας.
2208 5491 2367 5545 Certe
2433 5492 2690 5560 quidquid
2746 5490 3009 5545 Eusebius
3068 5496 3471 5562 συκοφαντίζει,

1898 5576 2001 5632 non
2057 5571 2141 5614 est
2193 5562 2243 5613 in
2292 5577 2357 5632 eo
2394 5563 2869 5629 reprehendendus
2891 5562 3197 5624 Marcellus,
3224 5567 3369 5632 quod
3405 5566 3473 5619 ad

1896 5630 2268 5684 Salomoniaca
2320 5631 2610 5684 Proverbia
2660 5633 2944 5683 saeculares
2988 5632 3213 5695 litteras,
3243 5630 3297 5687 et
3346 5635 3473 5689 ἀνα-

1892 5700 2209 5771 γνώσματα,
2238 5712 2292 5751 ιιι
2322 5710 2499 5765 vocat,
2519 5700 2803 5770 Ἑλληνικὰ
2839 5703 3101 5756 attulerit.
3126 5702 3195 5755 Μ.
3228 5735 3296 5744 —
3318 5704 3469 5758 Dein.

1895 5772 2050 5843 vulgo
2117 5771 2212 5843 uel.
2240 5773 2353 5826 Eiet
2383 5787 2491 5827 om.
2560 5774 2721 5843 vulgo
2784 5776 3196 5839 πνευματικοῖς,
3244 5774 3475 5827 denioue

1894 5842 2052 5912 vulgo
2077 5840 2291 5911 γράψας
