4048 6438
194 441 304 498 ’ίέὸ

1324 427 1612 487 CONTRA
1649 424 2081 487 κλιιοειιωι
2117 425 2253 482 Ll-B.
2295 424 2337 481 l.

3341 429 3451 486 74¢

205 582 223 614 4
264 578 362 629 την
416 558 655 633 Μηδείας
698 557 944 631 ἀνευρεῖν
986 555 1297 628 μάχαιραν,
1351 553 1447 607 καὶ
1494 552 1631 624 αὐτῇ
1681 568 1778 606 τυ-

1889 568 1908 601 4
1950 558 2155 605 terram
2181 561 2381 603 eruens
2402 586 2419 613 ,
2452 545 2603 602 illum
2633 545 2952 615 Medeanum
2978 548 3289 622 detegebat,
3346 564 3459 623 quo

201 659 230 705 <
270 652 503 796 wits:
531 740 613 804 τὸ,
641 739 813 805 Ἅλις
857 734 1059 807 δρυὸς,
1090 734 1379 807 σημαίνεις
1406 732 1540 804 φησί
1576 746 1682 795 τιςσ
1716 730 1777 785 ού

208 848 231 883 4
270 831 382 903 γάρ
412 832 636 886 δυνατὸν
667 834 732 884 ὲκ
750 827 847 884 τοῦ
869 826 1161 901 προχείρου
1178 823 1504 896 γιγνώσκειν
1517 824 1617 895 τὴν
1640 838 1779 892 παρ-

209 939 232 973 4
270 922 473 995 οιμίαν.
502 922 569 975 Οί
601 921 843 987 παλαιοὶ,
870 921 949 985 ὡς
970 920 1204 989 ἔφασαν,
1240 916 1347 991 πρὸ
1376 915 1489 987 τῆς·
1510 914 1605 970 τοῦ
1632 914 1777 967 σίτου

209 1031 233 1065 4
271 1012 569 1084 γεωργίας,
618 1009 1148 1084 βαλανηφαγοῦντες,
1181 1007 1393 1078 ἐπειδὴ.
1422 1006 1499 1070 ὡς
1527 1004 1717 1076 ᾤοντο,
1750 1006 1781 1057 ό

206 1122 232 1156 4
274 1104 484 1175 καρπὸς
508 1097 666 1170 οὗτος
693 1104 919 1178 ὕστερον
948 1101 1171 1175 εὑρέθη,
1204 1100 1399 1170 ἐκείνῳ
1423 1097 1780 1170 προσέχοντες

209 1211 232 1247 4
270 1194 362 1248 τὸν
408 1195 532 1249 νοῦν
570 1196 665 1250 καὶ
701 1198 768 1268 τῇ
816 1193 1089 1266 μεταϐολῇ
1128 1189 1583 1265 προσχαίροντες,
1618 1188 1782 1251 Ἅλις

208 1301 233 1335 4
272 1283 477 1353 δρυὸς,
512 1284 720 1355 ελεγον.
763 1286 873 1343 Καὶ
903 1283 1063 1338 τοῦτο
1102 1283 1200 1354 τὴν
1245 1279 1545 1352 παροιμίαν
1575 1278 1781 1348 ἔφασαν

205 1390 233 1427 4
270 1370 428 1430 εἶναι.
466 1372 631 1441 Αὖθίς
674 1392 734 1429 τε
777 1376 971 1448 ἑτέρας
1008 1371 1340 1445 παροιμίας,
1384 1370 1491 1424 ὑπὸ
1516 1368 1783 1423 πλείστων

206 1483 235 1520 ε
271 1466 382 1521 τῶν
410 1468 538 1541 παρ’
566 1470 751 1533 αὐτοῖς
779 1467 958 1538 σοφῶν
989 1469 1049 1521 ὲν
1077 1464 1351 1528 πλείστοις
1381 1463 1477 1517 καὶ
1505 1462 1783 1533 διαφόροις

206 1571 234 1609 ε
271 1548 496 1627 βιϐλίοις
534 1558 850 1631 είρημένης,
885 1558 1007 1612 τίνα
1058 1556 1187 1628 περὶ
1225 1554 1393 1625 αὐτῆς
1422 1553 1780 1625 γεγράφασιν,

206 1666 233 1700 4
270 1648 320 1701 οί
359 1648 461 1713 τὰς
493 1649 792 1721 παροιμίας
837 1646 1168 1721 ἑρμηνεῦσαι
1195 1644 1581 1718 προελόμενοι,
1618 1644 1784 1711 ἀναγ-

206 1756 230 1791 4
273 1741 427 1794 καῖον
468 1739 583 1813 (88)
626 1730 703 1794 ἐν’
729 1739 807 1811 τῷ
848 1739 1071 1811 παρόντι
1106 1737 1491 1811 μνημονεῦσαι.
1534 1735 1671 1789 Ἀλλ’
1717 1736 1781 1789 ἵν’

206 1847 231 1883 4
266 1830 575 1904 έλέγξωμεν
613 1832 909 1904 ’Δστέριον,
957 1832 1051 1885 καὶ
1080 1830 1189 1884 ἀπὸ
1232 1829 1341 1883 τῶν
1386 1827 1583 1895 ἔξωθεν
1622 1828 1785 1883 αύτδν

206 1940 229 1973 ε
646 1892 823 1980 εἰδότα
860 1892 958 1995 μέν
998 1922 1242 1995 ἀκριϐῶς
1268 1922 1331 1975 τὸ
1360 1892 1461 1993 τῆς
1487 1922 1785 1994 παροιμίας
1820 1892 1859 1945 Β

206 2030 229 2066 4
268 2014 562 2088 ὶξαίρετον,
584 2016 720 2071 seu
738 2015 817 2088 τῷ
837 2014 1063 2087 παρόντι
1089 2015 1313 2083 ἄγνοιαν
1329 2013 1784 2085 προσποιηθέντα,

204 2122 232 2159 4
272 2104 362 2161 ἵνα
395 2106 459 2160 τὺ
503 2104 697 2163 ἑαυτοῦ
734 2105 980 2178 βούλημα
1012 2105 1103 2160 διὰ
1127 2106 1226 2176 τῆς
1257 2101 1353 2157 τοῦ
1384 2101 1786 2175 παροιμιὼδους

207 2215 231 2250 4
271 2197 437 2270 ῥητοῦ
474 2199 722 2271 χρήσεως
748 2197 985 2262 πιθανῶς
1008 2192 1438 2259 κατασκευάζειν
1460 2194 1607 2268 δόξῃ.
1630 2194 1785 2247 Ἔστι

208 2299 231 2335 ι
271 2282 350 2351 δέ,
383 2284 668 2339 Γλαύκου
698 2283 903 2357 τέχνηο
925 2282 1129 2355 ταύτης
1164 2284 1214 2337 οί
1244 2280 1444 2348 ἔξωθεν
1487 2283 1643 2353 σοφοὶ
1685 2281 1786 2352 τῆς

203 2394 232 2428 4
271 2376 569 2448 παροιμίας
597 2375 1072 2448 μνημονεύσαντες
1094 2376 1368 2447 διαφόρως
1398 2374 1565 2446 αὐτὴν
1590 2371 1787 2446 ἐξηγή·

208 2485 232 2520 4
270 2484 451 2522 σαντο.
498 2468 558 2523 '0
592 2468 694 2539 μὲν
735 2466 844 2541 γάρ
878 2467 1059 2521 αὐτῶν
1096 2484 1181 2531 τις
1214 2466 1354 2536 ἔφη,
1396 2464 1638 2519 Γλαῦκόν
1666 2482 1787 2519 τινα

208 2576 231 2612 4
273 2560 613 2631 δπιστήμονα
643 2559 839 2630 τέχνης
866 2557 1010 2623 τινὸς
1051 2557 1332 2627 γεγονότα,
1374 2555 1584 2617 πολλῶν
1618 2552 1786 2610 οὖσαν

209 2669 233 2702 4
272 2650 749 2722 θαυμασιωτάτην,
781 2648 1075 2705 ἀπολέσθαι
1111 2650 1229 2720 ἅμα
1249 2648 1386 2719 (88‘)
1416 2648 1609 2719 ἐκείνῳ
1649 2648 1788 2702 κατά

213 2761 234 2795 ι
275 2742 566 2809 θάλατταν,
597 2743 821 2815 μηδενός
850 2760 937 2797 πω
958 2742 1309 2815 διακηκοότος
1341 2741 1531 2811 αὐτῆς.
1562 2741 1785 2811 Ἕτερος

210 2853 235 2886 4
272 2834 351 2899 δὲ,
382 2834 481 2907 τὴν
504 2835 590 2889 ἀπ’
616 2836 785 2907 ἀκρον
818 2833 1085 2907 μουσικῆς
1116 2833 1405 2906 ἐμπειρίαν
1430 2832 1785 2903 μαρτυρήσας

210 2942 236 2975 4
272 2922 351 2995 τῷ
399 2916 653 2995 Γλαύκῳ,
706 2924 834 2988 τοὺς
886 2920 1429 2985 κατασκευασθέντας
1476 2922 1570 2974 ὑπ’
1619 2920 1783 2975 αὐτοῦ

213 3030 235 3065 4
278 3012 495 3079 δίσκους
536 3011 767 3085 χαλκοῦς
811 3027 942 3083 φησι
987 3010 1278 3082 τέσσαρας,
1307 3009 1526 3083 πρδςτδ
1571 3007 1784 3078 ἐμμελῆ

214 3122 236 3155 4
276 3120 399 3158 τινα
429 3104 528 3175 τῆς
572 3103 848 3176 κρούσεως
889 3102 991 3175 τὴν
1025 3100 1345 3173 συμφωνίαν
1384 3099 1494 3154 τῶν
1534 3099 1787 3169 φθόγγων

210 3214 235 3247 4
277 3196 586 3250 ἀποτελεῖν·
624 3195 775 3249 ἔνθεν
805 3212 865 3249 τε
899 3192 1148 3266 είρῆσθαι
1174 3193 1274 3265 τὴν
1304 3191 1627 3264 παροιμίαν.
1655 3190 1785 3244 Ἀλ-

215 3304 235 3339 ι
275 3286 365 3351 λος
411 3286 468 3340 δέ
510 3304 593 3351 τις
645 3286 1009 3343 ’Δλυαττικῶν
1055 3284 1413 3357 ἀναθεμάτων
1451 3283 1615 3355 φησὶν
1656 3284 1785 3338 ἀνα-

209 3396 235 3431 4
275 3376 486 3431 κεῖσθαι
532 3377 786 3450 κρατῆρα
832 3380 928 3432 καὶ
985 3377 1389 3448 ὑποκρατήριον
1444 3373 1742 3444 θαυμάσιον
1765 3416 1781 3441 ,

214 3488 234 3523 4
278 3467 520 3523 Γλαύκου
552 3468 686 3522 Χίου
717 3467 946 3539 ποίημα.
992 3468 1218 3537 Ἕτερος
1243 3466 1321 3531 δὲ,
1354 3463 1593 3519 Γλαῦκον
1622 3464 1785 3519 αὑτὸν

210 3578 236 3615 4
270 3561 549 3617 ἀναθεῖναι
574 3563 654 3625 είς
694 3560 929 3630 Δελφοὺς
953 3558 1184 3631 τρίποδα
1222 3557 1478 3630 χαλκοῦν,
1510 3556 1655 3611 οὕτω
1684 3556 1783 3627 δη-

209 3674 234 3707 4
274 3656 680 3728 μιουργήσαντα
719 3654 834 3716 τοῖς
876 3652 1095 3723 παχέως
1136 3668 1197 3704 τε
1263 3650 1624 3722 κρουομένου,
1658 3648 1788 3711 τούς

213 3767 235 3801 4
272 3764 333 3801 τε
362 3746 546 3810 πόδας,
593 3745 677 3815 ἐφ’
725 3736 803 3798 ὧν
837 3743 1058 3815 βέϐηκε,
1116 3743 1211 3797 καὶ
1254 3743 1347 3795 τὸν
1389 3742 1503 3796 ἀνω
1542 3741 1787 3812 περικεί-

178 3856 236 3893 .4
276 3856 454 3909 μενον,
487 3839 580 3891 καὶ
610 3838 710 3910 τὴν
738 3835 1007 3907 στεφάνην
1044 3834 1141 3907 τὴν
1170 3835 1263 3889 sui
1298 3835 1391 3889 τοῦ
1416 3833 1661 3906 λέϐητος,
1690 3834 1786 3889 καὶ

206 3950 235 3983 4
272 3931 371 4001 τάς
422 3929 646 4001 ῥάϐδους
685 3929 773 3983 διὰ
821 3928 984 3999 μέσου
1029 3925 1397 3998 τεταγμένας,
1452 3924 1783 3995 φθέγγεσθαι

216 4038 236 4072 ι
274 4000 439 4093 λύρας
471 4022 640 4091 φωνῇ.
675 4020 784 4073 Καὶ
812 4014 968 4082 αὖθις
997 4018 1203 4090 ἕτερος,
1233 4017 1340 4071 ἀπὸ
1369 4014 1609 4069 Γλαύκου
1641 4016 1784 4079 τινὸς

212 4132 237 4165 4
278 4112 526 4180 δόξαντός
564 4130 617 4166 τι
652 4110 811 4165 πλέον
842 4110 1195 4183 πεποιηκέναι
1218 4109 1471 4182 εἰρῆσθαι
1511 4108 1610 4180 τὴν
1644 4126 1784 4180 παρ-

212 4222 237 4256 4
275 4204 481 4276 οιμίαν.

285 4518 310 4553 4
353 4500 515 4571 Ὁρᾷς
535 4499 667 4571 (89),
698 4500 845 4564 ὅπως
870 4499 933 4553 τὸ
956 4498 1213 4571 δυσχερὲς
1240 4498 1343 4570 τῆς
1365 4503 1661 4571 παροιμίας
1691 4502 1785 4555 xui.

1886 660 1905 692 4
1942 638 2347 696 immolabatur.
2714 680 2730 688 -

1955 748 1976 783 4
2010 730 2081 786 At
2116 729 2246 798 quid
2268 728 2373 786 hoc
2401 722 2671 819 εἰρυιιμ,
2694 727 2905 798 inquiet
2925 712 3145 801 aliquis,
3159 728 3245 796 ,οε
3262 747 3459 803 quercu

1888 841 1906 873 4
1944 823 2072 877 satis
2087 821 2113 875 2
2132 819 2248 878 Non
2275 829 2361 876 est
2388 815 2552 893 seu;
2571 820 2745 875 cuivis
2765 821 2960 879 obvius
2986 820 3214 891 hujusce
3240 838 3460 894 prover-

1888 932 1905 963 4
1948 911 2021 968 bii
2068 926 2281 969 sensus.
2317 904 2491 966 Prisci
2531 910 2610 965 illi
2656 911 2952 981 quondam,
3002 922 3128 970 ante
3159 914 3459 987 agricultu-

1891 1021 1908 1052 4
1956 1017 2071 1055 ram
2123 1001 2497 1066 adinventam,
2527 1000 2819 1073 glandibus
2863 1004 3255 1071 vescebantur.
3296 1004 3459 1064 Post-

1887 1113 1905 1145 4
1947 1109 2109 1163 quam
2162 1108 2292 1149 vero
2338 1092 2523 1165 fruges
2596 1094 2848 1164 deinceps
2911 1097 3185 1165 prodiere,
3218 1099 3459 1157 animum

1890 1204 1908 1235 4
1955 1184 2106 1239 hisce
2163 1182 2498 1254 applicantes
2550 1184 2804 1239 dixerunt
2854 1184 3141 1253 Oblectati,
3177 1187 3255 1245 De
3301 1204 3463 1260 quer-

1890 1299 1907 1327 4
1950 1292 2015 1331 cu
2042 1278 2192 1329 satis.
2246 1275 2423 1347 Atque
2485 1276 2625 1330 hanc
2676 1290 2797 1333 esse
2853 1287 3087 1334 mentem
3134 1291 3192 1337 et
3241 1294 3460 1340 senten-

1890 1384 1907 1414 4
1950 1366 2079 1419 tiam
2147 1367 2418 1436 proverbii
2486 1367 2816 1439 prodidere,
2867 1367 3102 1426 Necesse
3167 1385 3347 1433 autem
3406 1377 3461 1433 in

1889 1475 1910 1506 4
1948 1459 2196 1526 praasenti
2252 1457 2554 1526 habemus,
2621 1458 2850 1514 alterius
2908 1459 3186 1530 cujusdam
3239 1481 3465 1535 prover-

1891 1567 1909 1600 4
1950 1551 2019 1604 bii
2074 1550 2402 1605 mentionem
2446 1550 2626 1605 facere
2657 1591 2674 1617 ,
2720 1554 2865 1622 quod
2922 1553 2975 1607 in
3039 1554 3227 1611 multis
3283 1569 3341 1613 et
3388 1560 3467 1615 di-

1895 1659 1913 1691 4
1953 1642 2124 1697 versis
2152 1642 2472 1698 auctoribus
2516 1643 2723 1699 Graecis
2776 1645 3116 1703 habetur:et
3141 1650 3271 1719 quid
3298 1653 3464 1709 etiam

1894 1751 1911 1783 4
1952 1734 2016 1787 de
2078 1734 2268 1788 eodem
2342 1734 2418 1789 illi
2488 1738 2769 1790 memoria:
2830 1739 3139 1806 prodidere.
3206 1741 3325 1800 Non
3394 1747 3468 1803 ob

1894 1842 1910 1873 4
1951 1823 2111 1878 aliam
2137 1840 2378 1886 causam.
2416 1842 2577 1896 quam
2626 1838 2684 1881 ut
2732 1829 3008 1884 Asterium
3040 1835 3351 1890 convictum
3383 1846 3469 1893 te-

1894 1934 1912 1966 4
1952 1930 2177 1971 neamus
2204 1934 2220 1970 :
2248 1917 2361 1987 qui,
2394 1932 2540 1983 cum,
2588 1934 2696 1987 qua
2727 1929 2810 1973 est
2854 1921 3163 1978 eruditione
3204 1926 3469 1995 pmditul

1896 2027 1914 2058 4
1950 2008 2219 2075 saeculari,
2246 2010 2603 2079 proverbialis
2622 2013 2907 2069 sententiae
2932 2018 3302 2082 prestantiam
3336 2035 3464 2079 cum

1895 2117 1912 2149 4
1952 2100 2142 2169 primis
2170 2100 2458 2171 intelligat,
2490 2102 2542 2155 in
2580 2104 2833 2172 presenti
2868 2114 3051 2161 tamen
3085 2107 3230 2165 illius
3264 2126 3375 2182 pra:
3404 2128 3465 2169 se

1895 2205 1913 2238 4
1955 2187 2059 2242 fert
2091 2190 2450 2260 ignorantiam
2472 2233 2488 2257 ,
2536 2200 2593 2245 ut
2624 2205 2722 2262 per
2752 2193 2879 2247 dicti
2918 2194 3060 2251 illius
3104 2202 3467 2267 proverbialis

1894 2297 1912 2329 4
1952 2293 2107 2333 usum
2134 2295 2288 2335 suam
2322 2279 2496 2350 ipsius
2517 2281 2855 2339 voluntatem
2895 2295 2951 2354 et
2972 2289 3300 2345 sententiam
3338 2308 3463 2361 pro-

1894 2390 1913 2421 4
1953 2370 2205 2427 babiliter
2230 2381 2479 2428 astruere
2498 2374 2771 2429 videatur.
2798 2374 2897 2432 Est
2921 2388 3101 2434 autem
3126 2380 3277 2448 illud,
3296 2381 3464 2439 Glau-

1895 2480 1912 2513 4
1948 2462 1997 2515 ci
2019 2479 2110 2517 an
2134 2503 2151 2527 ,
2180 2462 2334 2533 cujus
2360 2478 2486 2519 cum
2514 2466 2863 2522 meminerint
2896 2470 3095 2526 eruditi
3143 2474 3286 2543 apud
3314 2474 3465 2531 Gre-

1893 2572 1913 2604 4
1947 2567 2043 2608 cos
2085 2553 2240 2609 multi
2265 2592 2282 2621 ,
2323 2555 2570 2612 diversas
2601 2557 2908 2614 retulerunt
2956 2560 3459 2633 interpretationes.

1896 2663 1913 2694 4
1955 2650 2014 2709 ἦ(
2042 2643 2144 2701 Est
2179 2647 2325 2701 enim
2349 2648 2442 2715 qui
2489 2648 2670 2714 docet,
2695 2648 2964 2707 Glaucum
2999 2654 3279 2712 exstitisse
3320 2661 3461 2716 artis

1891 2752 1913 2785 4
1950 2733 2231 2804 cujusdam
2259 2736 2500 2792 maxime
2530 2739 2774 2795 omnium
2818 2740 3156 2801 admiranda
3191 2748 3464 2816 peritissi-

1894 2844 1913 2876 4
1952 2841 2119 2893 mum,
2145 2842 2251 2881 una
2272 2842 2394 2883 cum
2421 2836 2542 2884 arte
2577 2845 2677 2886 sua
2706 2831 3016 2898 interiisse,
3046 2836 3184 2892 mari
3212 2838 3466 2897 submer-

1892 2936 1913 2969 4
1948 2932 2066 2973 sum
2091 2957 2107 2981 .
2135 2918 2267 2985 nulli
2295 2933 2521 2989 prorsus
2550 2921 2826 2992 impertita
2853 2922 3099 2994 ejusdem
3130 2930 3461 3000 cognitione.

1890 3028 1913 3061 4
1947 3009 2098 3065 Alius
2118 3011 2509 3080 peritissimum
2539 3012 2775 3068 musices
2807 3015 3083 3071 exstitisse
3113 3017 3301 3085 docet,
3322 3030 3377 3077 et
3395 3026 3466 3080 ab

1894 3120 1913 3153 4
1952 3115 2017 3159 eo
2055 3102 2238 3158 discos
2288 3116 2460 3158 aereos
2487 3113 2723 3173 quatuor
2748 3104 2957 3162 alfabre
2988 3112 3347 3181 compositos,
3406 3125 3469 3170 ut

1813 3226 1853 3283 Ο
1892 3212 1913 3244 4
1952 3193 2147 3264 pulsati
2200 3193 2493 3263 quamdam
2545 3195 2923 3266 symphoniam
2979 3213 3115 3256 sono
3176 3218 3469 3264 numeroso

1893 3304 1913 3335 4
1949 3285 2215 3345 ederent;
2277 3294 2442 3355 atque
2510 3285 2639 3342 hinc
2710 3289 3056 3357 proverbium
3120 3306 3462 3364 usurpatum.

1894 3396 1912 3428 4
1952 3373 2214 3441 Tertius,
2271 3378 2413 3431 inter
2485 3377 2628 3432 dona
2689 3376 2964 3450 Halyattis
3034 3382 3174 3453 Lydi
3240 3386 3467 3459 Delphis

1893 3485 1911 3518 4
1951 3467 2194 3523 oblatum
2220 3508 2235 3531 ,
2282 3473 2337 3522 et
2376 3467 2615 3524 mirandi
2656 3472 2840 3540 operis
2895 3474 3217 3532 subcratera
3272 3494 3461 3548 quem-

1892 3578 1913 3611 4
1951 3560 2094 3624 dam,
2163 3558 2353 3614 Glauci
2420 3559 2540 3616 Chii
2626 3577 2785 3632 opus.
2847 3564 3132 3633 Quartus,
3194 3568 3461 3629 Glaucum

1895 3668 1914 3701 4
1952 3651 2125 3720 ipsum
2167 3650 2386 3722 Delphis
2416 3653 2685 3711 obtulisse
2710 3666 2902 3711 narrat
2926 3672 3134 3715 aeneam
3166 3662 3460 3733 tripodem,

1894 3760 1912 3793 4
1951 3741 2026 3796 ita
2050 3741 2404 3799 fabrefactam
2428 3785 2444 3809 ,
2483 3754 2544 3800 ut
2585 3742 2759 3817 siquis
2798 3749 3126 3807 crassiorem
3157 3754 3209 3809 in
3242 3756 3463 3813 modum

1892 3852 1910 3884 4
1945 3836 2190 3889 eamdem
2238 3835 2502 3904 pulsaret,
2542 3838 2629 3893 vel
2681 3841 2848 3908 pedes
2881 3842 2934 3897 in
2989 3844 3188 3912 quibus
3239 3851 3461 3920 stabat,

1890 3945 1911 3978 4
1946 3927 2027 3982 vel
2050 3929 2193 3997 quod
2235 3944 2450 3984 sursum
2501 3942 2622 3987 erat
2661 3934 3066 4001 redimiculum,
3091 3937 3179 3994 vel
3205 3957 3464 4001 coronam

1889 4036 1911 4069 4
1945 4019 2104 4073 lebeti
2139 4020 2567 4077 circumductam
2596 4063 2612 4088 ,
2664 4033 2760 4080 aut
2806 4026 3053 4098 virgulas
3102 4046 3202 4102 per
3226 4036 3465 4094 medium

1891 4127 1912 4162 4
1946 4125 2068 4167 sese
2114 4113 2508 4180 distendentes,
2565 4115 2695 4187 lyra:
2770 4133 2963 4174 sonum
3021 4136 3465 4194 representaret.

1886 4218 1911 4251 4
1948 4201 2100 4301 {illius
2130 4212 2407 4301 postremo
2434 4207 2790 4273 proverbium
2818 4210 3098 4301 existimat
3136 4219 3411 4286 usurpari,
3434 4235 3467 4273 a

1796 4300 1833 4329 φ
1887 4308 1908 4339 4
1943 4289 2151 4346 Glauco
2195 4293 2429 4360 quodam
2469 4293 2800 4362 deductum,
2832 4298 2926 4366 qui
2953 4289 3206 4356 “scicntia
3238 4311 3467 4361 caeteros

1885 4400 1907 4431 4
1945 4382 2325 4438 antecellebat.

1962 4514 1981 4546 4
2024 4494 2230 4551 Videtis
2255 4506 2434 4551 autem
2470 4499 2884 4566 proverbiorum
2911 4500 3286 4562 dilicultatem
3306 4484 3484 4564 exin-I

210 4610 239 4646 4
266 4592 358 4645 διά
387 4591 576 4646 τούτου
618 4591 920 4657 δείκνυται,
948 4590 1037 4645 διὰ
1062 4590 1158 4645 τοῦ
1196 4590 1330 4662 μηδὲ
1372 4592 1466 4643 ἐπὶ
1492 4592 1590 4661 τῆς
1616 4591 1784 4664 αὐτῆς

1893 4603 1913 4635 4
1952 4586 2018 4639 de
2052 4584 2187 4652 satis
2215 4585 2467 4653 pateﬁeri
2496 4626 2512 4649 ,
2557 4590 2701 4655 quod
2749 4605 3092 4661 nequaquam
3140 4595 3467 4666 interpretes

218 4702 239 4738 4
278 4685 569 4757 ἑρμηνείας
594 4684 785 4753 στῆναι
826 4684 952 4746 τοὺς
985 4681 1083 4752 τὴν
1130 4680 1427 4751 παροιμίαν
1463 4682 1664 4753 ταύτην
1699 4685 1785 4751 εξ-

208 4794 239 4829 4
259 4774 563 4847 ηγήσασθαι
584 4772 956 4845 βουληθέντας.
969 4770 1124 4825 Οῦτω
1140 4770 1467 4841 δυσεύρητόν
1482 4787 1533 4823 τι
1554 4772 1785 4842 πρᾶγμα

210 4884 239 4919 4
273 4865 337 4918 τδ
359 4865 457 4935 τῆς
481 4863 777 4935 παροιμίας
799 4862 893 4915 καὶ
916 4860 1065 4932 παρά
1091 4861 1203 4921 τοῖς
1236 4858 1431 4923 ἔξωθεν
1454 4854 1592 4913 εἶναι
1615 4860 1779 4915 δοκεῖ.

212 4976 239 5011 4
277 4957 368 5011 Διὸ
392 4956 484 5010 καί
506 4972 589 5019 τις
614 4954 722 5008 τῶν
751 4953 882 5024 παρ’
906 4953 1090 5015 αὐτοῖς
1116 4950 1315 5020 σοφῶν,
1345 4950 1663 5021 συναγαγὼν
1687 4952 1787 5016 τὰς

285 5135 346 5194 >14
377 5122 476 5181 Ed.
510 5119 707 5185 Paris.,
737 5133 859 5188 pag.
884 5116 968 5172 l6.

201 5274 533 5358 eruditum);
559 5287 709 5358 recte
737 5282 892 5358 gerat
936 5277 1082 5358 enim
1125 5276 1371 5358 sophista
1411 5276 1771 5358 professione,

201 5364 264 5411 et
295 5360 423 5407 ante
465 5348 954 5409 Christianismum,
981 5346 1161 5400 ludum
1198 5345 1250 5399 in
1269 5345 1604 5416 Cappadocia
1643 5361 1775 5416 ape-

202 5430 414 5480 ruerat.
445 5417 603 5473 M.—
624 5417 821 5488 Addidi
846 5430 910 5471 ex
940 5417 1097 5488 codd.
1136 5418 1429 5488 μάχαιραν,
1454 5417 1593 5488 unde
1617 5431 1777 5484 supra

201 5492 327 5562 λίγ.
345 5490 451 5565 γάρ
468 5489 584 5545 loco
604 5487 739 5560 φασὶ
757 5487 867 5561 γάρ
881 5487 1095 5559 scripsi,
1111 5497 1166 5541 et
1180 5486 1249 5539 τά
1267 5486 1390 5541 ante
1413 5486 1578 5540 τέκνα
1593 5501 1779 5542 arces-

202 5580 338 5619 εινι.

283 5629 394 5702 (88)
411 5629 601 5702 “Vulgo
650 5629 965 5698 ἀναγκαίως
1019 5638 1074 5683 et
1124 5644 1247 5683 mox
1293 5646 1533 5701 παρασκ.
1588 5639 1775 5683 contra

204 5701 379 5758 codd.
404 5701 675 5755 Posterius
696 5704 801 5755 iam
832 5701 935 5769 Mp.
976 5714 1121 5769 corr.

283 5771 420 5843 (88⁸)
453 5770 561 5838 Μρ.
606 5787 726 5843 γρη
751 5768 954 5843 ἐκείνῃ.
1002 5768 1124 5843 Mpx
1152 5768 1314 5843 vulgo
1337 5785 1440 5843 που
1468 5768 1778 5823 διαδεδωκό-

202 5839 305 5905 τος
352 5852 537 5909 contra
590 5839 750 5895 codd.
805 5839 1017 5909 quinm
1044 5839 1368 5893 Btax.dant.
1420 5839 1587 5893 Porro
1641 5843 1779 5893 male

207 5911 372 5985 vulgo
394 5908 600 5982 ἀκρῶν,
620 5910 765 5979 quod
782 5908 851 5965 ex
880 5911 1002 5965 cod.
1032 5909 1271 5977 correxi,
1294 5923 1361 5966 ex
1381 5923 1488 5979 quo
1509 5909 1628 5964 dcin
1649 5908 1779 5980 χαλ-

458 6012 465 6031 ³
495 6028 767 6087 ΡΑΤι-ιοι..
799 6028 918 6087 tiu.
956 6024 1185 6085 XXIV.

1892 4696 1914 4728 4
1958 4676 2117 4745 bujus
2145 4679 2303 4733 unius
2326 4680 2601 4747 proverbii
2639 4682 2783 4735 inter
2822 4698 2885 4738 se
2926 4685 2979 4737 in
3009 4686 3198 4741 eadem
3247 4692 3467 4758 exposi-

1895 4787 1913 4819 4
1954 4770 2107 4823 tione
2141 4771 2506 4825 consentiant.
2537 4770 2692 4827 Adeo
2727 4788 2814 4827 res
2843 4786 2960 4828 erat
2986 4776 3073 4830 illa
3103 4778 3469 4836 inextricabi-

1890 4884 1914 4916 4
1950 4864 2018 4919 lis
2049 4865 2232 4919 habita
2259 4865 2403 4935 apud
2432 4878 2673 4921 exteros.
2704 4865 2972 4932 Quocirca
3011 4872 3150 4926 inter
3190 4888 3285 4928 eos
3324 4891 3468 4931 unus

1897 4976 1917 5009 4
1956 4959 2223 5030 sapientia
2258 4971 2312 5015 et
2335 4960 2642 5017 eruditione
2669 4972 2962 5031 praestans,
3005 4966 3057 5017 in
3098 4981 3269 5018 unum
3295 4968 3465 5023 colle-

1882 5273 2011 5409 ἒὲἓς
2044 5289 2140 5342 pro
2169 5273 2367 5344 χαλκοῦ
2396 5284 2449 5329 et
2480 5276 2617 5346 πρός
2662 5291 2760 5345 pro
2793 5276 2900 5345 πρὸ
2929 5285 2982 5331 et
3019 5292 3072 5329 τι
3103 5291 3203 5346 pro
3235 5295 3320 5343 τις
3348 5290 3464 5349 pos;

1958 5411 2070 5481 (89‘
2105 5414 2290 5483 Ὁρᾷς,
2312 5415 2472 5481 ὅπως
2491 5415 2556 5468 τὸ
2579 5415 2893 5485 δυσχερές.
2925 5416 3049 5472 ηερ
3065 5418 3133 5472 de
3149 5418 3466 5482 diﬁcultate

1886 5484 2304 5540 Proverbiorum
2334 5503 2366 5539 a
2393 5502 2477 5539 me
2504 5486 2634 5540 olim
2693 5501 2913 5555 accepta
2946 5490 3028 5541 vir
3068 5490 3253 5546 multis
3288 5497 3467 5550 nomi-

1887 5556 2047 5609 nibus
2093 5555 2450 5617 clarissimus,
2481 5556 2727 5610 Andreas
2778 5556 3060 5622 Schottus,
3095 5558 3323 5617 inseruit
3352 5579 3466 5620 sua:

1884 5625 2220 5699 prmfationi,
2255 5636 2380 5679 ante
2428 5625 2725 5699 Proverbia
2755 5626 2999 5699 Zenﬁobii,
3040 5627 3382 5699 Diogeniani,
3408 5647 3466 5692 et

1884 5696 2135 5751 aliorum.
2167 5696 2305 5749 Sunt
2356 5707 2533 5749 autem
2594 5697 2693 5749 ista
2723 5698 2929 5759 onmia,
2961 5714 3067 5751 non
3096 5696 3336 5764 Eusebii,
3367 5696 3464 5761 sed

1886 5765 2124 5819 Marcelli
2176 5767 2245 5819 ab
2280 5765 2513 5820 Eusebio
2559 5769 2775 5835 quidem
2807 5768 2971 5820 relata
3000 5785 3011 5817 :
3039 5782 3278 5824 erratum
3319 5785 3401 5829 est
3432 5792 3460 5830 a

1885 5849 1991 5897 me,
2012 5839 2100 5904 qui
2127 5836 2199 5887 illi
2221 5837 2429 5899 optimo
2460 5838 2577 5891 viro
2604 5836 2843 5892 miserint
2880 5848 2935 5891 ut
2967 5838 3292 5895 Eusebiana.
3314 5842 3365 5899 Μ
3391 5870 3462 5887 -

1885 5906 2017 5960 Deiu
2053 5906 2211 5976 Vulgo
2235 5905 2322 5959 διὰ
2352 5906 2432 5963 τό.

3105 6020 3185 6081 24
