4048 6458
630 414 731 473 7ιῖ

1322 400 1586 461 EUSEBII
1624 398 2094 459 CESARIENSIS
2122 396 2270 453 OPP.
2311 397 2489 452 PARS
2517 396 2604 451 ιν.
2637 425 2705 437 -
2731 392 3154 449 DOGMATICA.

3743 393 3851 449 7‘!

634 544 654 578 ι
686 524 787 581 etis
822 519 1005 576 multis
1050 516 1319 585 variisque
1358 515 1691 585 proverbiis.
1724 517 1777 570 in
1809 516 1993 570 eadem
2023 527 2173 567 com-

2285 528 2302 560 ι
2342 510 2442 563 ὑπὸ
2463 510 2668 562 πολλῶν
2690 508 2783 562 καὶ
2803 506 3074 576 διαφόρως
3095 505 3375 576 λεχθείσας
3409 504 3733 576 παροιμίας,
3767 503 3850 566 είς

634 633 653 667 ι
690 618 957 666 mentatus
1004 616 1127 673 est;
1170 606 1378 660 duobus
1426 604 1581 685 libris
1639 604 1887 668 metrica,
1944 614 2176 673 quatuor

632 722 653 755 ι
683 717 810 758 vero
827 700 1062 755 numeris
1081 697 1250 752 soluta
1277 695 1561 765 proverbia
1584 695 1873 765 explicans.
1889 693 2178 749 Partemias

630 811 651 845 ι
683 801 862 855 autem
905 786 1169 859 gentiles,
1206 786 1469 840 sententia
1510 784 1726 855 quidem
1755 799 1891 848 mea,
1946 786 2014 839 ob
2059 797 2176 837 eam

629 900 651 934 ι
686 895 906 936 causam
928 882 1039 932 haec
1065 878 1177 944 ipsa
1208 875 1583 940 nominarunt,
1611 875 1753 945 quod
1789 875 2175 943 sapientissimi

631 989 653 1023 ι
693 968 998 1026 Salomonis
1044 965 1333 1020 Proverbia
1385 966 1625 1035 legerant
1667 974 1723 1019 ot
1781 964 2175 1027 intellexerant,

632 1077 652 1110 ι
691 1074 796 1112 non
828 1069 946 1111 esse
980 1069 1091 1107 rem
1121 1054 1290 1108 cuivis
1319 1052 1535 1109 obviam
1563 1054 1629 1107 de
1657 1052 1830 1122 prima
1860 1050 1999 1108 facie
2025 1068 2170 1107 com-

633 1169 652 1200 ι
690 1147 1021 1218 prehendere
1038 1144 1248 1199 illorum
1271 1158 1483 1199 sensum
1505 1157 1521 1196 :
1540 1142 1737 1198 vellent
1754 1154 1933 1198 autem
1953 1144 2173 1210 imitari,

631 1258 650 1289 ι
688 1250 849 1308 atque
891 1238 963 1291 ita
1017 1236 1227 1291 fuerant
1271 1235 1463 1289 imitati
1505 1235 1870 1304 propheticam
1907 1236 2174 1291 scribendi

633 1346 652 1378 ι
691 1326 1157 1382 consuetudinem.
1186 1324 1427 1393 Cumque
1473 1339 1666 1379 nomen
1711 1324 1913 1379 nullum
1960 1334 2179 1394 possent

632 1437 651 1469 ι
688 1419 867 1489 aptius
923 1425 1017 1471 aut
1076 1416 1482 1471 convenientins
1543 1416 1821 1483 invenire,
1885 1416 2175 1473 Proverbia

633 1528 651 1560 ι
688 1523 845 1564 suum
881 1521 1013 1577 opus
1065 1508 1438 1577 lndigitarunt.
1495 1526 1513 1558 ι

696 1600 870 1667 Atque
907 1598 977 1650 ita
1011 1597 1076 1651 ad
1101 1596 1241 1651 hunc
1269 1599 1486 1651 modum
1521 1595 1804 1652 Marcellus
1824 1607 2054 1653 conatur
2082 1597 2179 1654 Ec-

627 1687 845 1742 clesiam
865 1686 958 1741 Dei
971 1686 1369 1755 Scripturarum
1396 1686 1802 1756 intelligentiam
1826 1690 2048 1744 docere:
2066 1687 2179 1742 lon-

625 1792 747 1847 gam
788 1790 919 1829 vero
948 1776 1101 1829 istam
1122 1784 1179 1831 et
1222 1776 1455 1845 ineptam
1494 1777 1626 1831 adeo
1661 1790 1971 1831 sermonum
2008 1779 2176 1847 ipsius

624 1877 680 1923 et
711 1864 1033 1937 superﬂuam
1056 1867 1249 1921 seriem
1282 1868 1401 1920 ideo
1441 1866 1611 1920 visum
1647 1875 1727 1920 est
1777 1877 2089 1932 contexere,
2117 1879 2172 1924 ut

624 1958 914 2012 amentiam
942 1957 1176 2011 hominis
1190 1955 1525 2010 manifestam
1554 1956 1796 2021 reddere,
1823 1958 2171 2026 multiplicem

622 2046 839 2117 quoque
864 2057 919 2103 et
956 2049 1382 2116 intempestivam
1422 2048 1713 2103 vanitatem
1758 2062 1968 2118 possem
1995 2090 2012 2114 ,
2066 2065 2173 2117 qua

627 2140 815 2201 utitur,
843 2139 975 2192 satis
996 2138 1208 2205 quidem
1240 2152 1361 2190 cum
1400 2153 1588 2207 pompa
1617 2179 1631 2201 ,
1666 2140 1805 2210 quod
1860 2141 2171 2195 saecularem

625 2230 819 2282 attinet
851 2229 1248 2293 eruditionem;
1280 2230 1422 2295 quod
1451 2229 1758 2299 Scripturas
1786 2242 1964 2285 autem
1993 2245 2175 2285 sacras

622 2317 919 2381 concernit,
934 2317 1142 2387 jejune.
1163 2318 1313 2383 Quod
1341 2319 1385 2373 si
1417 2335 1627 2375 memor
1650 2322 1842 2377 fuisset
1871 2322 2175 2392 apostolicae

624 2409 1048 2473 admonitionis,
1100 2410 1166 2462 ad
1198 2409 1338 2463 hanc
1389 2418 1591 2463 tantum
1642 2412 1911 2480 proiectus
1968 2413 2173 2465 vanita-

626 2510 732 2555 tem
766 2538 782 2561 ,
839 2512 1178 2567 nequaquam
1244 2500 1563 2567 procidisset
1612 2516 1625 2554 :
1682 2503 1871 2556 suadet
1929 2512 2108 2557 autem
2158 2542 2173 2565 ,

624 2598 683 2642 ut
736 2588 880 2657 loqui
930 2589 1153 2642 velimus
1178 2630 1191 2651 ,
1232 2603 1350 2658 quae
1388 2600 1511 2643 sunt
1550 2591 1702 2645 nobis
1738 2592 2132 2644 communicata
2158 2632 2171 2653 ,

628 2685 686 2742 >14
732 2694 833 2731 non
885 2678 939 2731 in
983 2678 1296 2731 docibilibus
1356 2679 1599 2733 humana:
1655 2682 1926 2746 sapientia:
1974 2681 2170 2742 verbis,

621 2770 711 2824 sed
749 2770 802 2822 in
841 2770 906 2822 iis
939 2784 1054 2837 qui:
1087 2785 1118 2821 α
1152 2767 1355 2837 Spiritu
1383 2766 1557 2821 doceri
1584 2768 1771 2831 solent,
1806 2769 1859 2821 in
1890 2769 2090 2837 Spiritu
2123 2780 2172 2822 et

623 2876 742 2913 cum
774 2858 1132 2926 spiritualibtts
1157 2856 1795 2913 discernenda".Minime
1806 2870 2022 2927 quoque
2037 2858 2175 2927 cepit

621 2953 761 3020 quod
790 2952 1046 3019 scriptum
1076 2961 1159 3004 est
1186 2969 1198 3003 :
1228 2950 1482 3003 Auimalis
1504 2952 1655 3004 homo
1686 2966 1786 3004 non
1817 2952 2032 3019 percipit
2060 2966 2174 3019 qua:

620 3056 739 3097 sunt
769 3041 994 3108 Spiritus
1016 3040 1127 3096 Dei.
1156 3040 1392 3096 Stultitia
1424 3042 1612 3109 quippe
1636 3042 1737 3107 ipsi
1762 3051 1878 3094 sunt
1900 3053 1917 3091 :
1939 3050 1985 3093 et
2005 3040 2174 3108 nequit

621 3135 717 3185 illa
751 3131 1053 3200 intelligere.
1098 3142 1365 3199 propterea
1408 3130 1548 3198 quod
1601 3131 1972 3183 discernuntur
2020 3135 2169 3197 spiri-
2201 3169 2241 3224 C

623 3224 835 3274 tuatiter
855 3220 942 3272 δ”.
994 3220 1114 3274 llaec
1143 3234 1263 3272 cum
1324 3222 1595 3285 ignoraret
1634 3220 1742 3281 ille,
1775 3220 1980 3287 putavit
2030 3232 2172 3275 certe

621 3310 929 3365 Grecorum
961 3310 1231 3377 sapientes
1270 3309 1537 3379 cognitam
1572 3309 1826 3362 habuisse
1856 3310 2171 3377 sapientiam

622 3396 789 3462 illam,
820 3413 977 3466 quam
1008 3400 1144 3452 Deus
1177 3398 1453 3453 Salomoni
1500 3398 1867 3467 impertiverat
1900 3418 1910 3449 :
1949 3409 2000 3451 ct
2030 3400 2170 3466 quod

620 3487 886 3555 cognitam
930 3488 1193 3540 baberent
1224 3486 1390 3547 illam.
1421 3486 1801 3556 prapbeticam'
1831 3489 2170 3557 scripturam,

621 3585 678 3630 ut
714 3577 887 3646 inquit
922 3578 1031 3639 ille,
1065 3578 1321 3631 imitatos.
1346 3577 1461 3643 Quo
1491 3592 1620 3632 vero
1644 3587 1802 3647 pacto
1837 3579 1950 3633 fieri
1979 3583 2169 3648 potuit,

617 3676 679 3722 ut
712 3668 970 3721 animales
1036 3668 1278 3722 homines
1325 3668 1397 3720 illi
1450 3669 1627 3722 divina
1678 3680 2069 3739 cognoscerent
2119 3680 2173 3725 et

618 3756 851 3810 :emulati
879 3765 1081 3820 essent,
1109 3770 1230 3809 cum
1263 3756 1559 3825 spiritualia
1587 3758 1940 3825 spiritualiter
1972 3760 2172 3814 discer-

619 3861 751 3901 nere
800 3848 1102 3914 nequirent.
1149 3857 1202 3900 et
1251 3849 1317 3902 ab
1352 3849 1610 3916 Apostolo
1678 3851 1943 3904 sancitum
2007 3864 2169 3918 esset,

621 3937 909 3989 Animalent
963 3938 1217 3989 hominem
1248 3954 1349 3990 non
1391 3955 1575 4006 capere
1629 3956 1745 4008 qua:
1786 3952 1904 3994 sunt
1943 3942 2171 4011 Spiritus

620 4026 757 4090 Dei;
809 4037 862 4080 et
889 4027 1062 4080 adhuc
1092 4026 1158 4078 ab
1191 4027 1375 4080 eodem
1405 4038 1688 4095 statuatur,
1748 4030 2038 4085 Animalem
2067 4050 2170 4087 non

618 4132 769 4185 posse
818 4117 1115 4182 spiritualia
1155 4117 1465 4185 intelligere,
1519 4134 1579 4171 eo
1632 4121 1772 4189 quod
1824 4123 2171 4190 spiritualiter

618 4208 1123 4262 discernantur2Ad
1149 4210 1457 4277 oppositum
1510 4225 1635 4264 vero
1675 4213 1929 4281 Apostolo
1968 4216 2053 4269 hic
2088 4216 2171 4268 vir

617 4300 864 4367 egregius
906 4298 981 4351 ait
1011 4297 1360 4353 :Graecorum
1406 4300 1723 4356 collectores
1762 4307 2167 4371 proverbiorum
2204 4287 2236 4315 ⁷’

612 4388 683 4440 ad
708 4388 954 4440 eunnlent
1004 4388 1218 4441 modum
1253 4390 1555 4457 scripsisse,
1586 4405 1691 4459 quo
1726 4392 1997 4449 Salomon.
2033 4395 2167 4450 Ver-

2285 621 2301 651 ι
2343 602 2509 664 αὐτὰς
2538 602 2810 673 γέγραφεν
2834 598 2893 665 ἓξ
2917 598 3026 667 (90)
3046 597 3245 667 βιϐλίω
3281 596 3375 650 δύο
3405 596 3502 667 μὲν
3532 595 3645 648 τῶν
3674 594 3836 666 ὶμμέο

2284 711 2301 743 t
2343 709 2505 763 τρων,
2532 693 2640 746 τῶν
2668 692 2724 745 δὲ
2753 691 3004 762 ἀμέτρων
3029 690 3291 759 τέσσαρα.
3323 688 3535 750 Ταύτας
3562 686 3622 740 δὲ
3654 703 3839 757 παροι-

2284 804 2301 835 ι
2347 786 2473 855 μίας
2513 785 2801 855 ὠνόμασαν
2842 785 2891 837 οῑ
2935 781 3131 849 ἔξωθεν
3166 781 3233 834 δι’
3272 781 3422 834 οὐδὲν
3463 779 3674 851 ἕτερον,
3724 778 3847 847 ἐμοὶ

2284 896 2301 926 ι
2336 877 2530 940 δοκεῖν,
2564 876 2676 928 ἀλλ’
2720 874 2906 946 ἐπειδὴ
2930 875 3050 937 ταῖς
3074 870 3168 926 τοῦ
3197 872 3506 939 σοφωτάτου
3534 869 3847 939 Σολομῶνος

2285 988 2301 1017 ι
2343 966 2665 1036 Παροιμίαις
2695 967 3023 1036 ἐντυχόντες,
3054 962 3147 1016 καὶ
3175 960 3395 1030 γνόντες
3438 962 3507 1014 δι’
3537 959 3737 1022 αὐτῶν,
3764 958 3848 1011 ὅτι

2287 1080 2302 1108 ι
2339 1058 2489 1111 οὐδέν
2518 1059 2665 1110 ἑστιν
2690 1058 2753 1109 ὲκ
2778 1056 2873 1109 τοῦ
2902 1055 3191 1127 προχείρου
3223 1052 3408 1122 σαφῶς
3429 1052 3540 1107 τῶν
3567 1055 3628 1107 έν
3654 1052 3849 1115 αὐταῖς

2286 1168 2303 1199 ι
2339 1149 2637 1220 εἰρημένων
2671 1146 2881 1217 μαθεῖν,
2914 1147 3008 1201 καὶ
3033 1145 3186 1200 αὐτοὶ
3211 1143 3447 1214 ζηλῶσαι
3490 1143 3553 1197 τὸ
3584 1159 3850 1213 προφητι-

2285 1261 2302 1291 ι
2344 1241 2437 1293 κὸν
2462 1236 2806 1309 βουληθέντες
2834 1237 3087 1311 γράμμα,
3121 1234 3210 1289 τὸν
3241 1235 3401 1287 αὑτὸν
3427 1235 3619 1304 ἐκείνῳ
3648 1233 3852 1302 γεγρά-

2286 1350 2303 1381 ι
2340 1347 2469 1399 φασι
2493 1328 2709 1401 τρόπον.
2742 1326 2895 1393 Εἶτα,
2928 1328 3005 1391 ὡς
3035 1326 3201 1399 μηδὲν
3231 1325 3417 1398 ἕτερον
3448 1325 3621 1393 ὄνομα
3644 1323 3850 1395 κυριώ-

2285 1440 2301 1471 ι
2337 1438 2493 1492 τερον
2538 1421 2745 1473 ἐκείνου
2794 1418 3079 1488 ἐπινοῆσαι
3123 1415 3457 1487 δυνηθέντες,
3501 1416 3596 1475 καὶ
3637 1412 3851 1476 ταύτας

2284 1531 2302 1564 ι
2344 1510 2645 1582 Παροιμίας
2675 1509 2981 1579 ὠνόμασαν.
3012 1526 3032 1560 s

2346 1604 2445 1656 Διά
2475 1601 2726 1655 τοιούτων
2753 1599 3068 1671 Μάρκελλος
3100 1597 3453 1671 παραθέσεων
3479 1596 3580 1669 τὴν
3622 1594 3852 1664 Ἐκκλη-

2280 1694 2399 1747 σίαν
2426 1692 2519 1746 τοῦ
2552 1692 2685 1745 Θεοῦ
2717 1690 2984 1746 διδάσκειν
3012 1689 3110 1753 τὰς
3137 1688 3524 1750 θεοπνεύστους
3549 1689 3690 1740 νοεῖν
3725 1702 3849 1739 πει-

2281 1785 2437 1854 ρᾶται
2463 1783 2701 1855 Γραφάς.
2739 1782 2908 1853 Ὅλην
2952 1781 3011 1834 δὲ
3044 1780 3248 1848 ταύτην
3274 1776 3595 1848 παρεθέμην
3624 1776 3727 1847 τὴν
3756 1793 3854 1846 μα-

2275 1874 2413 1945 κράν
2440 1875 2534 1927 καὶ
2563 1860 2846 1943 ἀδόλεσχον
2879 1869 3301 1942 περιττολογίαν,
3326 1868 3494 1935 δεῖξαι
3524 1867 3850 1938 βουλόμενος

2274 1959 2435 2014 αὐτοῦ
2460 1960 2558 2029 τὴν
2586 1959 2768 2012 ἄνοιαν
2788 1959 2886 2029 τῆς
2912 1958 3111 2027 πολλῆς
3135 1958 3229 2011 καὶ
3253 1957 3484 2027 ἀκαίρου
3507 1957 3848 2027 φιλοτιμίας,

2274 2046 2306 2125 ᾖ
2332 2051 2592 2121 κέχρηται
2624 2053 2652 2102 ὁ
2684 2050 2843 2122 ἀνὴρ,
2877 2048 2986 2101 τῶν
3023 2048 3121 2119 μὲν
3160 2047 3487 2118 Ἑλληνικῶν
3527 2047 3703 2116 λόγων
3728 2050 3853 2100 ἑπι-

2274 2141 2572 2203 δεικτικῶς,
2602 2140 2707 2193 τῶν
2732 2140 2789 2192 δὲ
2820 2138 2978 2192 θείων
3006 2138 3351 2210 ἀμνημόνως.
3380 2138 3453 2190 οὐ
3475 2136 3585 2207 γάρ
3619 2139 3684 2192 ἀν
3718 2156 3852 2191 ποτε

2275 2229 2352 2289 είς
2378 2226 2643 2297 τοσαύτην
2673 2226 2927 2290 ἐξέπιπτε
2951 2225 3238 2299 φλυαρίαν,
3267 2228 3315 2278 εί
3337 2225 3446 2279 τῶν
3471 2226 3851 2280 ἀποπολικῶν

2276 2318 2547 2387 ἐμέμνητο
2596 2316 3089 2387 παραγγελμάτων,
3148 2317 3214 2369 δι’
3262 2309 3337 2369 ὧν
3395 2320 3655 2386 παραινεῖ
3710 2318 3853 2388 χρῆ-

2274 2428 2377 2473 ναι,
2432 2409 2498 2461 τά
2553 2408 2657 2462 ὑπὸ
2710 2408 2802 2461 τοῦ
2858 2407 2993 2461 Θεοῦ
3052 2407 3377 2478 χαρισθέντα
3434 2410 3563 2477 ἡμῖν
3617 2408 3801 2460 λαλεῖν
3833 2448 3851 2471 ,

2273 2504 2379 2554 οὐκ
2399 2501 2467 2553 ἐν
2494 2498 2791 2565 διδακτοῖς
2812 2499 3186 2567 ἀνθρωπίνης
3214 2499 3435 2566 σοφίας
3454 2499 3679 2565 λόγοις,
3709 2498 3850 2552 ἀλλ’

2272 2591 2340 2642 ἐν
2353 2589 2648 2654 διδακτοῖς
2664 2590 3028 2657 Πνεύματος,
3045 2586 3412 2657 πνευματικὰ
3427 2588 3854 2656 πνευματικοῖς

2273 2680 2723 2749 συγῳίνοντας.
2748 2679 2882 2731 Οὐδὲ
2913 2680 3110 2749 νοήσας
3133 2679 3279 2742 ὅπως
3308 2678 3499 2750 ἐλέχθη
3538 2680 3619 2741 τὸ,
3657 2682 3851 2748 Ψυχι-

2274 2765 2380 2831 κὸς
2411 2764 2715 2833 ἅνθρωπος
2763 2768 2832 2819 οὐ
2872 2765 3105 2835 δέχεται
3134 2766 3207 2819 τὰ
3235 2766 3341 2820 τοῦ
3364 2768 3711 2837 Πνεύματος
3741 2769 3852 2823 τοῦ

2275 2857 2442 2911 Θεοῦ.
2476 2859 2676 2925 Μωρία
2696 2858 2805 2927 γὰρ
2827 2857 2986 2923 αὐτῷ
3002 2859 3154 2911 ἐστι·
3185 2858 3279 2911 καί
3309 2859 3380 2912 οὐ
3416 2858 3665 2912 δύναται
3696 2859 3853 2929 τινῶ-

2272 2964 2403 3011 ναι,
2453 2948 2541 3000 ὅτι
2598 2947 3002 3016 πνευματικῶς
3066 2949 3465 3017 ἀνακρίνεται.
3544 2949 3731 3005 Ταῦτα
3793 2952 3852 3004 δὲ

2275 3039 2564 3107 ἀγνοήσαῖ,
2623 3040 2747 3101 τοὺς
2809 3037 3069 3108 Ἑλλήνων
3123 3040 3319 3106 σοφοὺς
3367 3039 3601 3092 ὑπέλαϐε
3647 3040 3853 3107 γνῶσιν

2276 3130 2563 3199 ἐσχηκέναι
2600 3130 2697 3200 τῆς
2732 3130 2835 3183 ὑπὸ
2856 3129 2947 3183 τοῦ
2982 3130 3114 3182 Θεοῦ
3147 3130 3225 3200 τῷ
3265 3131 3537 3202 Σολομῶνι
3566 3134 3851 3203 χαρισθεί-

2278 3232 2377 3284 σης
2403 3215 2590 3284 σοφίας
2614 3256 2628 3277 ,
2661 3216 2752 3269 καὶ
2779 3218 3001 3284 γνόντας
3032 3216 3270 3288 ζηλῶσαι
3305 3219 3365 3272 τὸ
3392 3222 3747 3293 προφητικὸν,
3776 3224 3852 3287 ὡς

2276 3311 2434 3373 αὐτός
2463 3328 2611 3379 φησι,
2638 3314 2888 3383 γράμμα.
2916 3315 3025 3367 Καὶ
3059 3315 3175 3379 πῶς
3195 3311 3296 3369 οἷοί
3318 3318 3364 3369 τ’
3382 3313 3517 3388 ἦσαν
3545 3319 3757 3386 γνῶναι
3784 3320 3853 3374 τὰ

2277 3402 2391 3454 θεῖα
2431 3404 2522 3455 καὶ
2558 3400 2793 3474 ζηλῶσαι
2826 3406 2873 3457 οί
2903 3406 3146 3475 ψυχικοί,
3194 3407 3288 3461 καὶ
3314 3410 3413 3461 οὐκ
3447 3409 3647 3474 ειδότες
3679 3429 3850 3467 πνευ-

2280 3492 2636 3584 ματικάίθί)
2667 3500 3051 3566 πνευματικοῖς
3131 3498 3459 3584 συγκρίνειν,
3522 3500 3617 3553 τοῦ
3700 3502 3852 3556 θείου

2289 3583 2606 3636 Ἀποστὸλου
2638 3586 3073 3657 ἀποφηναμένου,
3112 3590 3379 3660 Ψυχικὸν
3416 3590 3734 3659 ἄνθρωπον
3764 3596 3851 3665 μὴ

2276 3672 2549 3739 δέχεσθαι
2575 3677 2645 3727 τὰ
2668 3674 2773 3729 τοῦ
2793 3680 3135 3748 Πνεύματος
3156 3681 3260 3735 τοῦ
3284 3682 3432 3735 Θεοῦ
3452 3699 3465 3712 ·
3498 3683 3591 3735 τοῦ
3612 3683 3657 3736 δ’
3683 3686 3851 3740 αὑτοῦ

2278 3766 2563 3833 φήσαντος,
2604 3766 2698 3833 Μὴ
2729 3766 3017 3823 δύνασθαι
3057 3770 3275 3839 γνῶναι
3320 3772 3427 3826 τὸν
3472 3775 3744 3843 ψυχικὸν
3781 3778 3853 3831 τὰ

2278 3856 2657 3921 πνευματικὰ,
2686 3854 2771 3908 ὅτι
2806 3858 3214 3928 πνευματικῶς
3250 3862 3665 3930 ἁνακρίνεται’
3701 3866 3853 3919 ἀντι-

2275 3944 2507 4009 δοξάζων
2532 3947 2559 3998 ό
2580 3949 2817 4013 γενναῖος
2853 3948 2930 4019 τῷ
2972 3950 3278 4023 Ἀποστόλῳ
3310 3955 3531 4023 φάσκει,
3564 3956 3659 4009 τὸν
3687 3958 3850 4013 αὐτὸν

2275 4038 2473 4106 τρόπον
2509 4036 2585 4106 τῷ
2611 4038 2876 4107 Σολομῶνι
2898 4045 3228 4113 γεγραφέναι
3255 4046 3379 4109 τοὺς
3398 4045 3497 4110 τάς
3528 4047 3849 4114 Ἑλληνικὰς

2277 4128 2571 4197 παροιμίας
2602 4132 3019 4200 πεποιημένους.
3064 4135 3224 4202 Λέγει
3256 4135 3313 4188 δὲ
3352 4134 3444 4191 οὖν
3489 4138 3581 4191 ἐπὶ
3610 4139 3843 4209 λέξεως·

2281 4236 2299 4267 ι
2348 4216 2560 4287 Ἐπειδὴ
2587 4221 2704 4280 ταῖς
2733 4218 2820 4270 τοῦ
2847 4223 3153 4289 σοφωτάτου
3180 4223 3490 4294 Σολομῶνος
3516 4227 3846 4300 Παροιμίαις

2281 4325 2298 4356 ι
2341 4307 2665 4376 ἐντυχόντες,
2702 4310 2795 4360 καὶ
2836 4311 3054 4377 γνόντες
3103 4314 3166 4366 δι’
3190 4314 3367 4369 αὐτῶν
3411 4317 3491 4370 ὅτι
3518 4320 3672 4372 οὐδέν
3696 4322 3845 4375 ἐστιν

2280 4418 2297 4449 ι
2339 4401 2402 4451 ἐκ
2430 4399 2521 4451 τοῦ
2545 4400 2829 4471 προχείρου
2857 4401 2970 4469 (92)
2994 4403 3177 4471 σαφῶς
3192 4403 3299 4459 τῶν
3320 4408 3378 4460 έν
3400 4409 3589 4473 αὐταῖς
3612 4414 3844 4484 είρημέ-

618 4478 779 4531 batim
830 4478 1066 4546 loquitur
1099 4480 1165 4531 ad
1209 4479 1353 4533 hunc
1389 4481 1602 4533 modum
1632 4500 1645 4534 :
1684 4500 1702 4533 t
1727 4483 2165 4554 Quandoquidem

2280 4510 2295 4541 ι
2336 4508 2439 4543 νων
2463 4489 2671 4560 μαθεῖν,
2697 4496 2789 4544 καὶ
2817 4493 2968 4545 αὐτοὶ
2992 4494 3231 4565 ζηλῶσαι
3256 4497 3318 4550 τὸ
3348 4478 3689 4572 προφητικὸν

624 4587 641 4619 ι
688 4568 740 4622 in
775 4568 1065 4624 Proverbia
1098 4569 1401 4624 Salomonis
1428 4572 1809 4639 sapientissimi
1839 4575 2165 4643 inciderant,

618 4677 640 4709 ι
686 4670 740 4713 et
790 4673 854 4714 ex
910 4659 1118 4715 illorum
1174 4664 1539 4729 cognoverant
1590 4662 1839 4729 lectione,
1880 4664 2168 4721 dilliculter

622 4770 642 4800 ι
688 4752 975 4805 admodum
1031 4753 1096 4806 de
1140 4754 1309 4821 prima
1360 4753 1496 4807 facie
1527 4752 1735 4808 illorum
1766 4771 1986 4811 sensum
2021 4773 2167 4812 com-

624 4860 641 4891 ι
688 4842 943 4912 prehendi
970 4856 1145 4910 posse,
1181 4844 1377 4897 vellent
1412 4853 1588 4896 autem
1629 4848 1993 4914 propheticam
2024 4852 2162 4904 scri-

622 4951 641 4982 ι
688 4934 841 4987 bendi
892 4934 1150 4987 rationem
1203 4933 1343 4987 illaut
1377 4937 1637 5001 annulari,
1671 4937 1734 4989 ad
1765 4939 2009 4993 eumdem
2042 4958 2158 4997 mo-

688 5120 744 5177 ’Β
785 5114 883 5169 Ed.
913 5113 1108 5179 Paris.,
1136 5132 1257 5184 pag.
1292 5116 1374 5169 17.

681 5290 794 5360 (90)
832 5292 935 5361 Είς
965 5292 1149 5361 αὑτὰς
1179 5293 1545 5361 γεγραφέναι.
1591 5292 1744 5347 Deest
1791 5293 2025 5361 λέγεται,
2080 5297 2162 5348 vel

613 5363 739 5429 quid
763 5360 955 5412 simile.
989 5360 1060 5413 De
1089 5363 1190 5413 hoc
1222 5363 1336 5415 loco
1360 5360 1484 5415 'vidc
1510 5364 1573 5416 Β.
1608 5363 1661 5417 P.
1686 5366 1749 5415 Α.
1775 5360 2077 5425 Schuttntn,
2109 5367 2162 5418 in

617 5429 926 5501 praefatione
958 5429 1023 5501 ad
1057 5430 1280 5497 Adagia.
1301 5430 1503 5484 LL—In
1529 5433 1646 5485 cod.
1676 5446 1705 5483 a
1733 5447 1839 5486 sec.
1870 5449 1941 5485 m.
1962 5433 2165 5501 γέγρα-

614 5496 710 5567 φεν
741 5496 801 5559 ἓξ
836 5498 1103 5569 quodpro
1130 5496 1458 5569 γεγραφέναι
1484 5512 1538 5553 et
1566 5515 1723 5566 supra
1764 5502 1869 5554 ὑπό
1908 5496 2165 5555 locati-red

612 5566 728 5641 dedi
736 5570 913 5641 idem
936 5566 1147 5641 ἔροιο
1178 5566 1371 5641 ἔξωθεν
1405 5569 1597 5623 delevi.
1628 5569 1757 5641 Dein
1792 5575 1943 5638 vulgo
1964 5573 1998 5641 ἡ
2040 5584 2164 5625 ante

611 5631 795 5722 ιπειξίπ
831 5631 1291 5722 εξολομεεντδς·
1338 5640 1522 5722 νοττο.
1553 5639 1709 5722 vute
1756 5631 2165 5722 επριχάιοντςς

608 5706 701 5758 καὶ
729 5702 794 5755 δι’
822 5702 999 5774 αὐτῶν
1026 5702 1374 5771 γινώσκοντες
1407 5716 1461 5762 et
1492 5708 1566 5770 ὡς
1591 5702 1740 5761 οὐδέν
1768 5720 1822 5765 et
1844 5702 2164 5774 διδακτικοῖς

608 5789 698 5827 πν.
726 5771 991 5841 πνεύματι
1023 5774 1131 5827 καί.

2277 4600 2293 4629 ι
2334 4580 2581 4651 ληθέντες
2637 4582 2887 4650 γράμμα,
2942 4583 3032 4637 τὸν
3091 4586 3251 4639 αὐτὸν
3299 4589 3493 4660 ἐκείνῳ
3531 4593 3846 4666 γεγράφασι

2276 4686 2294 4718 ι
2332 4669 2549 4740 τρόπον.
2584 4689 2601 4720 ι
2643 4670 2843 4738 Σκέψαι
2876 4671 2933 4723 δὲ
2971 4673 3063 4725 καὶ
3088 4674 3260 4739 ἄλλως
3294 4677 3353 4743 ἐξ
3389 4679 3569 4733 αὐτῶν
3602 4684 3711 4736 τῶν
3741 4702 3847 4739 πα..

2274 4760 2561 4832 ραθέσεων,
2596 4763 2716 4815 ὅσον
2751 4764 2845 4831 τῆς
2888 4763 3142 4833 ἀληθείας
3168 4766 3488 4839 διήμαρτεν,
3516 4772 3689 4827 εἰπὼν
3716 4779 3845 4841 τοὺς

2270 4855 2396 4921 παρ’
2438 4852 2682 4921 Ἕλλησι,
2723 4853 2814 4905 τὸν
2859 4855 3019 4908 αὑτὸν
3070 4856 3145 4927 τῷ
3185 4859 3458 4931 Σολομῶνι
3505 4868 3845 4936 γεγραφέναι

2265 4944 2481 5014 τρόπον.
2523 4945 2578 4997 '0
2615 4944 2711 5013 μὲν
2737 4946 2845 5015 γὰρ
2884 4946 3152 5018 Σολομὼν,
3196 4950 3515 5025 θεοδωρήτῳ
3560 4958 3721 5029 σοφίᾳ
3762 4977 3845 5012 κι-

2249 5120 2293 5151 ι·
2330 5120 2344 5172 l
2378 5120 2502 5175 Cor.
2527 5135 2589 5187 ιι,
2622 5120 2705 5173 l3.
2782 5121 2845 5151 δν
2876 5122 3004 5178 ibid.
3037 5126 3123 5181 tt.

2337 5299 2451 5375 (9|)
2505 5300 2798 5375 Πνεύματι
2868 5305 3307 5373 πνευματικοῖς.
3376 5306 3719 5375 Legendutn,
3782 5325 3838 5365 ut

2269 5372 2750 5450 stalitnnrecitatur
2775 5389 2845 5450 ex.
2870 5372 3146 5440 Apostoln,
3166 5372 3507 5450 πνευματιῶ
3538 5394 3808 5450 πνευματι

2272 5438 2399 5513 κῶς.
2423 5437 2574 5513 _Huec
2609 5450 2783 5513 autem
2835 5437 3135 5509 importune
3179 5437 3435 5498 dicuntur
3474 5450 3542 5499 alt
3579 5437 3832 5513 Ειιέιιιιιυ,

2268 5512 2389 5573 quia
2416 5507 2705 5587 ὲριστιριῶς
2729 5507 2975 5587 ἱειιιιιιιι,
2996 5528 3091 5578 pru
3110 5517 3517 5587 πνευματικοῖς,
3541 5519 3657 5585 lege
3670 5507 3832 5573 πνευέ

2272 5576 2538 5653 ματικῶῇ
2557 5576 2713 5653 M._—
2740 5577 2866 5653 Dein
2896 5576 3051 5653 vulgo
3072 5586 3182 5645 τοῖς
3215 5576 3617 5653 πεποιημένοιςῖ

2340 5646 2451 5715 (92)
2493 5646 2594 5723 ηρ.
2633 5646 2700 5699 ίσ.
2728 5646 3054 5723 καὶ-σαφῷς.
3078 5654 3217 5723 ln_'r_a
3248 5646 3593 5723 νιιίεοίξνεκα
3622 5666 3737 5709 ett:

2268 5715 2663 5792 ενηνεγμένοις,
2687 5728 2739 5771 et
2760 5718 2917 5771 τοῦτό
2935 5715 2989 5787 γ’
3018 5731 3075 5775 et
3115 5720 3149 5773 ἀ
3173 5721 3251 5787 δέ,
3290 5715 3485 5778 εἴάλλ⁹
3513 5725 3612 5789 ὡς,
3643 5736 3696 5781 et
3736 5715 3830 5783 hi

2265 5798 2379 5839 του.
