4048 6432
261 383 371 444 τυ
1390 386 1674 443 CONTRA
1709 385 2137 444 MARCELLO!
2177 386 2307 445 LIB.
2348 387 2391 443 Ι.
3419 394 3525 452 750

254 498 532 574 νούμενος,
566 504 746 556 πᾶσαν
780 501 945 556 αύτοῦ
978 502 1077 573 τήν
1108 502 1325 575 γραφὴν
1357 504 1443 557 ἐπ’
1468 505 1708 575 ὠφελείᾳ
1742 505 1837 558 καὶ

1946 522 1966 555 ι
2013 506 2139 558 dmn
2172 504 2523 570 scripserunt.
2558 523 2577 555 ι
2617 502 2725 560 Sed
2755 513 2809 561 et
2853 504 3016 562 aliter
3052 521 3272 577 quoque
3299 523 3333 565 e
3357 509 3524 568 dictis

253 595 498 666 σωτηρίᾳ
532 595 718 665 ψυχῶν
758 594 973 667 τῷ,τῆς
1018 594 1329 658 θεοσεϐείας
1380 596 1617 650 ἀνετίθει
1668 598 1834 667 λόγῳ,

1942 595 2380 653 animadvertere
2427 597 2574 663 licet,
2604 607 2943 668 quantopere
2974 602 3255 657 aberravit
3293 602 3342 659 is
3369 619 3400 659 a
3424 618 3518 661 ve-

248 686 552 755 γυμνασίου
580 686 624 737 δ’
646 685 832 738 ἕνεκεν
848 687 950 757 ’τῆς
976 686 1083 740 τῶν
1108 686 1548 758 ἐντυγχανόντων
1574 687 1831 753 διανοίας,

1942 686 2122 752 ritate,
2164 702 2287 742 cum
2333 687 2565 744 allirmet
2611 689 2869 753 Graecos.
2933 692 3001 747 ad
3046 695 3303 750 eumdem
3358 695 3522 765 plane

248 777 545 837 σκοτεινοῖς
576 775 774 846 ἐχρῆτο
803 776 1173 849 προϐλήμασι,
1205 779 1297 832 καὶ
1348 778 1521 846 λόγων
1554 782 1832 849 στροφαῖς,

1938 781 2183 846 modum,
2215 794 2325 849 quo
2370 778 2649 848 Salomon,
2687 783 2992 853 scripsisse.
3052 782 3306 840 Salomon
3368 788 3516 842 enim

246 866 341 919 καὶ
368 870 570 936 φωναῖς
590 868 657 921 δι’
685 870 1025 939 αἰνιγμάτων
1049 871 1568 940 προενηνεγμέναις.
1597 871 1706 923 Καὶ
1720 871 1837 924 τοῦ-

1936 871 2222 941 sapientia,
2254 887 2376 942 quae
2407 872 2667 929 divinitus
2695 884 2801 939 est,
2840 875 3129 944 impulsus.
3171 892 3327 931 suam
3378 880 3520 933 scri-

241 971 306 1007 το
335 956 379 1009 δ’
409 959 466 1010 ἐν
492 958 633 1029 ἀρχῇ
659 960 758 1030 τῆς
790 960 972 1029 βίϐλου
999 958 1335 1032 μαρτύρεται
1365 960 1558 1029 λέγων’
1580 980 1599 1011 ι
1634 962 1753 1015 Τῶν
1776 962 1833 1015 δὲ

1938 972 2149 1031 pturam
2174 963 2507 1031 universam,
2540 966 2607 1019 ad
2636 964 2927 1020 utilitatem
2958 974 3014 1022 et
3040 966 3274 1023 salutem
3302 970 3516 1024 anima-

248 1065 269 1097 ι
306 1048 414 1119 γὰρ
444 1048 683 1114 ἀκούσας
726 1051 888 1120 σοφὸς
913 1050 1221 1124 σοφώτερος
1247 1052 1427 1106 ἔσται·
1470 1054 1499 1107 ό
1525 1052 1583 1106 δὲ
1615 1054 1833 1124 νοήμων

1939 1070 2055 1109 rum
2086 1056 2276 1123 pietati
2310 1057 2652 1113 consecravit
2681 1071 2694 1109 :
2724 1072 2856 1112 usus
2890 1066 2975 1113 est
3002 1067 3203 1125 autem,
3251 1062 3319 1115 ad
3356 1061 3516 1131 inge-

245 1158 266 1191 ι
306 1139 631 1211 κυϐέρνησιν
658 1144 939 1212 κτήσεται,
974 1145 1157 1215 νοήσει
1178 1162 1236 1197 τε
1268 1145 1585 1217 πτραΰολὴν
1616 1163 1829 1199 σκοτει-

1937 1148 2029 1205 nia
2072 1148 2361 1218 legentium
2411 1148 2738 1213 exercenda,
2778 1147 3136 1204 tenebricosis
3163 1150 3514 1218 problemati—

244 1252 266 1284 ι
302 1233 408 1286 νῶν
437 1234 629 1303 λόγων,
660 1237 848 1307 ῥήσεις
875 1253 935 1289 τε
964 1237 1145 1306 σοφῶν
1174 1240 1267 1292 καὶ
1294 1240 1614 1311 αἰνίγματα.
1656 1260 1679 1293 s
1716 1240 1828 1294 Καὶ

1934 1236 2057 1301 bus,
2085 1242 2428 1294 sermonibus
2467 1239 2729 1295 tortuosis
2774 1250 2830 1295 et
2854 1238 3077 1296 vocibus
3100 1256 3199 1311 per
3220 1242 3510 1312 enigmata

239 1324 424 1385 πάλιν,
464 1325 717 1390 δέξασθαι
762 1328 999 1398 στροφὰς
1031 1329 1235 1399 λόγων⁶
1280 1348 1299 1381 ι
1340 1333 1407 1383 ’Δ
1440 1331 1504 1402 δὴ
1525 1332 1621 1385 καὶ
1654 1330 1829 1397 οὕτως

1933 1330 2375 1396 procedentibus.
2407 1331 2662 1387 Testatur
2687 1332 2789 1387 hoc
2824 1334 3000 1403 ipsum
3038 1334 3090 1387 in
3129 1333 3287 1389 initio
3321 1333 3509 1389 statim

244 1436 264 1469 ι
301 1417 491 1488 ἔχοντα
519 1419 584 1472 ἐκ
619 1418 727 1472 τῶν
758 1420 1151 1492 ἐμφερομένων
1187 1425 1252 1493 τῇ
1290 1421 1456 1492 βίὸλῳ
1488 1425 1828 1494 καταμαθεῖν

1932 1422 2079 1483 libri,
2102 1421 2192 1475 ubi
2227 1424 2339 1477 ait:
2376 1441 2396 1475 ι
2429 1422 2525 1476 His
2550 1424 2751 1479 auditis
2780 1424 2999 1492 sapiens
3023 1424 3324 1494 sapientior
3356 1426 3464 1480 erit
3490 1439 3507 1480 :

240 1529 262 1561 ι
298 1510 675 1581 ρᾲδιον,ἄλλως
685 1513 748 1565 ού
759 1512 1068 1583 δυναμένων
1080 1513 1334 1584 νοηθῆναι
1343 1515 1401 1584 ,ἢ
1418 1515 1657 1569 διιόντων
1669 1518 1702 1586 ή
1711 1516 1827 1586 μῶν

1934 1531 1955 1565 ι
2004 1514 2312 1585 intelligens
2347 1515 2647 1583 possidebit
2680 1517 3166 1587 gubernationem,
3215 1526 3272 1572 et
3308 1517 3512 1573 obscu-

240 1619 261 1650 ι
297 1601 361 1653 ἐκ
391 1601 490 1669 τῆς
515 1600 805 1672 προχείρου
841 1601 1039 1666 λέξεως
1065 1603 1159 1655 ἐπὶ
1183 1604 1274 1657 τὸν
1304 1602 1364 1669 ἐξ
1396 1605 1564 1677 αὐτῆς
1591 1605 1824 1677 θεωρού-

1934 1624 1955 1657 ι
2002 1621 2185 1659 rorum
2234 1607 2523 1662 verborum
2574 1609 2860 1677 parabolas
2931 1619 3241 1679 cognoscet,
3291 1610 3510 1680 sapien-

239 1710 260 1743 ι
302 1710 459 1762 μενον
493 1692 618 1747 νοῦν
641 1710 653 1723 ·
696 1688 807 1747 οἷόν
829 1696 945 1748 ἐστι
982 1695 1063 1759 τὸ,
1100 1694 1180 1763 Τῇ
1198 1695 1438 1766 ,βδέλλῃ
1468 1696 1625 1766 τρεῖς
1646 1702 1827 1769 θυγα-

1935 1714 1954 1747 ι
2003 1706 2115 1751 tum
2137 1712 2355 1766 quoque
2372 1698 2514 1753 dicta
2536 1707 2592 1753 et
2616 1700 2954 1766 aenigmata»
2980 1699 3177 1755 lterum
3198 1714 3416 1771 quoque
3439 1700 3508 1757 ad

235 1802 256 1835 ι
296 1782 460 1850 τέρες
491 1780 653 1853 ἦσαν
682 1784 983 1855 ἀγαπήσει
1004 1787 1407 1855 ἁγαπώμεναν
1445 1788 1544 1842 καὶ
1575 1792 1636 1843 αἱ
1663 1790 1821 1858 τρεῖς

1928 1791 2329 1861 percipiendam
2361 1806 2673 1846 sermonum
2722 1793 3126 1865 intelligentiam
3155 1813 3170 1851 :
3217 1814 3238 1847 ι
3266 1794 3335 1851 Et
3375 1809 3504 1867 pro-

235 1895 254 1927 ι
295 1872 473 1931 αὗται
498 1878 607 1930 οὐκ
635 1876 1099 1946 ἐνεπίμπλασαν
1120 1878 1336 1947 αὐτὴν,
1364 1880 1462 1934 καὶ
1488 1881 1526 1946 ἡ
1570 1857 1816 1951 τετάρτη

1929 1900 1949 1934 ι
1995 1884 2140 1937 lecto
2175 1884 2289 1938 haec
2317 1884 2388 1937 ita
2417 1898 2475 1938 se
2513 1885 2713 1939 habere
2748 1884 2908 1939 facile
2935 1885 3102 1955 liquet
3141 1901 3172 1942 e
3227 1888 3506 1946 contentis

232 1987 253 2019 ι
295 1969 404 2021 οὐκ
432 1967 718 2036 ἠρκέσθη,
743 1968 933 2023 εἰπεῖν
958 1972 1187 2024 ἱκανόν.
1220 1971 1330 2023 Καὶ
1358 1971 1422 2026 Ἠ
1450 1974 1639 2041 σοφία
1666 1974 1818 2039 ᾠκο-

1929 1994 1947 2025 ‹
1992 1974 2254 2043 perillum
2289 1975 2505 2039 librum,
2538 1990 2661 2044 qua:
2688 1992 2793 2031 non
2826 1976 2989 2031 aliter
3016 1992 3307 2046 possumus
3337 1978 3503 2035 intel-

233 2078 253 2109 ι
292 2057 559 2127 δόμησεν
578 2059 762 2129 ἑαυτῇ
783 2057 970 2125 οἷκον,
994 2061 1091 2113 καὶ
1106 2060 1529 2133 ὑπήρεισει(95)
1552 2064 1819 2128 στύλους

1928 2085 1947 2117 ι
1995 2067 2184 2133 ligere,
2201 2067 2302 2121 nisi
2338 2066 2406 2120 ab
2436 2078 2623 2135 aperta
2652 2058 2883 2123 lectione
2916 2068 2983 2122 ad
3024 2070 3349 2125 sententiam
3378 2070 3506 2126 inde

229 2170 250 2202 ι
290 2151 461 2214 ἑπτὰ,
497 2153 728 2222 ἔσφαξε
756 2152 829 2206 τὰ
849 2151 1072 2221 ἑαυτῆς
1106 2154 1369 2223 θύματα·
1400 2154 1693 2221 ἐκέρασεν
1730 2158 1817 2221 είς

1925 2175 1947 2208 ι
1990 2160 2312 2213 eliciendum
2379 2175 2478 2214 nos
2532 2159 2902 2216 conferamus.
2961 2159 3208 2230 Exempli
3274 2164 3498 2232 gratia:

232 2262 251 2294 ι
297 2244 561 2312 κρατῆρα
581 2244 688 2298 τὸν
717 2244 939 2313 ἑαυτῆς
972 2240 1162 2299 οἶνον.
1190 2246 1297 2298 Καὶ
1327 2245 1427 2298 ὅσα
1448 2244 1582 2300 ἄλλα
1602 2246 1815 2309 τούτοις

1925 2268 1943 2301 ι
1993 2248 2161 2301 Erant
2208 2250 2445 2303 hirudini
2483 2260 2586 2304 tres
2636 2250 2766 2319 ﬁlia:
2803 2252 3009 2305 dilectis
3037 2250 3346 2306 admodum.
3372 2250 3503 2308 Istc

228 2354 249 2386 s
288 2336 665 2407 παραπλήσια,
718 2337 818 2408 ούχ
864 2338 1064 2407 ἐτέρως
1113 2336 1313 2391 δυνατὰ
1361 2336 1619 2401 νοεῖσθαι,
1687 2337 1812 2391 οὕτε

1924 2359 1943 2393 ι
1990 2354 2164 2395 autem
2190 2335 2317 2405 tres,
2342 2342 2491 2396 illam
2514 2359 2839 2414 nequaquam
2861 2343 3219 2408 adimplebant
3243 2358 3264 2399 :
3292 2354 3502 2414 quarta

225 2447 249 2479 ι
288 2428 615 2500 προχείρως,
643 2427 766 2481 οὕτε
799 2428 861 2482 ἐκ
881 2446 1025 2492 τινος
1062 2430 1318 2501 ἱστορίας,
1351 2431 1399 2483 εἰ
1442 2429 1518 2501 μὴ
1544 2430 1684 2483 κατὰ
1713 2432 1813 2500 μό-

1923 2452 1942 2485 ι
1988 2450 2106 2488 vero
2132 2450 2235 2488 non
2260 2434 2572 2503 satisﬁebat,
2612 2450 2775 2505 neque
2809 2435 3036 2499 dicebat,
3058 2435 3187 2489 satis
3215 2447 3262 2489 et
3290 2435 3500 2491 abunde

220 2538 247 2571 ι
288 2537 385 2591 νην
414 2520 725 2593 μεταφορὰν
747 2521 841 2575 καὶ
872 2522 1221 2591 ἀναστροφὴν
1244 2522 1342 2591 τῆς
1366 2521 1585 2587 λέξεως.
1627 2541 1645 2571 ι
1676 2523 1741 2574 Ai
1764 2522 1812 2575 δ’

1915 2542 1940 2575 ι
1986 2535 2082 2581 est.
2122 2532 2181 2589 »Β
2212 2527 2341 2580 Item
2370 2547 2383 2581 :
2427 2526 2706 2594 Sapientia
2732 2529 2830 2581 sibi
2862 2527 3076 2581 domum
3106 2527 3412 2596 adi/ienuit,
3447 2539 3498 2583 et

222 2611 525 2665 ἐκτεθεῖσαι
544 2612 652 2666 τῶν
695 2612 962 2685 Ἐλλήνων
1006 2614 1299 2684 παροιμίαι
1338 2613 1447 2668 ἀπό
1478 2631 1639 2667 τινων
1665 2616 1811 2667 ίστο-

1918 2632 1936 2664 ι
1984 2618 2272 2670 substruxit
2305 2617 2581 2671 columnas
2610 2624 2829 2685 septem,
2877 2617 3149 2685 sacriﬁcia
3197 2634 3298 2673 sua
3327 2617 3499 2688 jugu-

220 2701 356 2773 ριῶν
410 2702 509 2766 τὰς
547 2702 720 2774 ἀρχὰς
750 2703 1025 2775 εἰλήφασι.
1062 2705 1136 2759 Τὸ
1172 2705 1302 2777 γὰρ,
1331 2707 1402 2759 Ἦ
1431 2706 1740 2772 τέθνηκεν,
1768 2707 1807 2775 ἣ

1918 2722 1937 2754 ι
1983 2704 2127 2770 lavit,
2162 2708 2337 2759 vinum
2362 2724 2518 2761 suum
2541 2707 2595 2760 in
2622 2718 2827 2762 cratere
2850 2709 3203 2763 commiscuit.
3232 2708 3362 2764 Item
3389 2709 3497 2765 alia

210 2790 489 2844 διδάσκει
540 2790 867 2861 γράμματα,
920 2792 1008 2845 διὰ
1052 2793 1235 2863 τήνδε,
1268 2792 1452 2861 φησὶν,
1485 2791 1680 2862 ἐλέχθη
1708 2792 1807 2862 τὴν

1916 2816 1936 2848 ‹
1983 2813 2087 2851 non
2122 2813 2292 2867 pauca
2321 2799 2479 2869 hujus
2510 2800 2752 2871 generis,
2790 2813 2912 2865 quae
2932 2809 3045 2854 non
3070 2814 3302 2869 possunt
3334 2800 3495 2857 aliter

214 2881 481 2950 ἱστορίαν,
515 2883 609 2935 καὶ
650 2884 718 2935 δι’
753 2884 945 2953 ἑτέραν
974 2883 1136 2937 πάλιν
1169 2882 1468 2953 γενομένην
1496 2882 1696 2953 πρᾶξιν
1724 2882 1804 2945 τὸ,

1915 2906 1934 2939 ι
1982 2890 2393 2956 comprehendi,
2428 2906 2532 2945 non
2565 2891 2631 2944 de
2682 2890 2936 2946 lectionis
2965 2890 3128 2957 facie,
3164 2908 3269 2945 non
3297 2908 3364 2947 ex
3395 2892 3496 2947 ali-

214 2975 326 3035 Αἲξ
354 2974 469 3040 τὴν
485 2973 808 3042 μάχαιραν,
847 2973 1097 3046 εἰρῆσθαι
1119 2990 1132 3004 ο
1168 2973 1262 3025 καὶ
1289 2972 1372 3035 τὸ,
1411 2972 1574 3038 Ἅλις
1601 2971 1803 3039 δρυὸς,

1916 2998 1933 3029 ι
1978 2992 2082 3043 qua
2122 2979 2376 3043 historia,
2428 2981 2523 3034 sed
2561 2980 2901 3034 solummodo
2948 2996 3046 3050 per
3096 2987 3490 3051 metaphoram,

211 3064 500 3130 ὡσαύτως,
544 3065 634 3118 διὰ
660 3066 720 3118 τὸ
759 3064 1278 3137 βαλανηφαγοῦντάς
1318 3081 1451 3117 ποτε
1493 3063 1806 3117 παύσασθαι

1914 3086 1933 3120 ι
1975 3078 2026 3122 et
2077 3068 2335 3123 dictionis
2384 3071 2820 3123 conversionem.
2864 3090 2882 3123 s
2918 3071 2990 3124 At
3026 3086 3153 3126 vero
3201 3073 3489 3140 proverbia

205 3155 313 3225 τῆς
342 3156 597 3226 τοιαύτης
616 3156 843 3226 τροφῆς.
879 3157 942 3208 Ei
970 3156 1027 3208 δὲ
1057 3156 1151 3209 καὶ
1175 3153 1417 3218 Γλαῦκός
1448 3171 1551 3217 τις,
1577 3154 1803 3227 ἐπιστή-

1908 3158 2219 3214 Graecorum
2271 3158 2361 3212 illa
2413 3159 2483 3213 ab
2529 3159 2755 3215 historia
2792 3160 3024 3229 quadarn
3056 3162 3487 3220 deducebantur.

216 3264 335 3318 μων
374 3248 571 3320 τέχνης
609 3250 751 3312 τινὸς
796 3250 1056 3319 γεγονὼς,
1101 3249 1373 3320 διαφόρως
1419 3249 1798 3321 ἐμνημονεύθη

1904 3250 2039 3306 llud
2080 3252 2247 3316 enim,
2284 3249 2377 3304 Vel
2414 3260 2657 3305 mortuus
2698 3261 2799 3317 est,
2843 3251 2923 3305 vel
2965 3254 3116 3307 docet
3142 3254 3383 3319 litteras,
3419 3261 3489 3312 ab

209 3340 363 3412 παρὰ
392 3344 504 3405 τοῖς
540 3341 678 3411 μετὰ
703 3341 875 3396 ταῦτα
904 3342 1308 3412 διαφωνήσασιν
1342 3343 1399 3392 ἐν
1432 3341 1510 3412 τῷ
1541 3344 1670 3413 περὶ
1703 3343 1801 3394 αύ-

1906 3341 2131 3396 historia
2174 3340 2432 3409 quadam,
2466 3340 2717 3394 concedit
2760 3340 2898 3408 ipse,
2924 3340 3205 3395 oriebatur
3239 3359 3254 3396 :
3284 3341 3355 3396 ab
3381 3341 3486 3399 alia

202 3432 301 3486 τοῦ
324 3433 487 3504 λόγῳ,
516 3434 567 3485 τί
598 3433 752 3487 τοῦτο
774 3435 907 3505 πρὸς
926 3433 1023 3496 τὰς
1058 3431 1447 3495 θεοπνεύστους
1470 3433 1795 3504 παροιμίας;

1906 3432 2128 3495 itidem,
2159 3428 2336 3495 Capra
2380 3430 2741 3499 gladium:et
2791 3428 2934 3483 illius
2988 3432 3164 3494 item,
3222 3428 3369 3486 Satis
3419 3430 3486 3486 de

206 3526 284 3578 υύ
313 3526 421 3597 γὰρ
445 3524 643 3596 ὁμοίως
673 3528 794 3588 ταῖς
827 3524 1164 3593 Ἑλληνικαῖς
1193 3524 1542 3595 παροιμίαις,
1572 3525 1667 3577 καὶ
1708 3517 1797 3578 αὖ·

1900 3540 2120 3594 qaercu,
2162 3538 2229 3577 eo
2270 3523 2414 3593 quod
2466 3524 2558 3592 qui
2608 3521 2895 3593 glandibus
2944 3521 3074 3576 olim
3129 3522 3485 3579 vescebantur

204 3634 295 3669 ται
324 3616 387 3669 ἐκ
411 3633 555 3679 τινος
580 3616 819 3687 ἱστορίας
841 3615 938 3687 τὴν
962 3616 1114 3669 λύσιν
1140 3616 1497 3703 ἐπιδέχονται.
1541 3615 1792 3686 Ἀμαθῶς

1900 3616 2103 3671 diutius
2131 3616 2236 3669 illis
2266 3614 2409 3669 vesci
2448 3615 2790 3669 destiterunt.
2822 3613 2976 3681 Quod
3015 3614 3058 3669 si
3083 3611 3320 3670 Glaucus
3339 3613 3487 3686 quis-

204 3708 314 3779 ἄρα
345 3707 435 3760 καὶ
473 3708 714 3779 ἀπείρως
736 3709 833 3780 τῆς
854 3708 961 3762 τῶν
986 3707 1151 3762 θείων
1175 3707 1409 3780 Γραφῶν
1440 3706 1669 3779 θεωρίας
1726 3709 1787 3760 οὐ

1898 3706 2063 3775 piam,
2110 3704 2308 3759 artifex
2356 3704 2554 3774 aliquis
2594 3705 2866 3774 egregius,
2906 3704 3272 3760 diversimode
3314 3705 3381 3761 ab
3415 3704 3484 3762 iis

206 3799 391 3870 μόνον,
419 3800 552 3852 ἀλλὰ
582 3802 673 3852 καὶ
706 3800 963 3863 ἐναντίως
990 3799 1068 3871 τῷ
1110 3800 1437 3870 Ἀποστόλῳ,
1464 3798 1786 3871 Μάρκελλος

1895 3798 2197 3859 ferebatur,
2223 3796 2316 3866 qui
2341 3796 2600 3866 deinceps
2622 3797 2673 3849 in
2708 3795 3016 3850 sententias
3048 3797 3116 3851 de
3151 3795 3243 3851 illo
3270 3796 3482 3852 discre-

202 3891 333 3951 τοὺς
400 3889 664 3959 Ἐλλήνων
713 3891 930 3956 σοφοὺς,
974 3890 1237 3960 τυχόντας
1296 3893 1414 3953 ταῖς
1461 3890 1786 3961 Παροιμίαις

1893 3899 2087 3961 pontes
2112 3890 2321 3952 abiere.
2348 3889 2479 3958 quid
2507 3890 2611 3943 hoc
2646 3889 2711 3942 ad
2746 3889 3005 3942 divinitus
3041 3887 3301 3958 inspirata
3343 3886 3481 3942 Pro-

201 3978 534 4048 Σολομῶνος,
570 3980 759 4049 μαθεῖν
781 3980 874 4033 καὶ
902 3979 1142 4050 ζηλῶσαι
1157 3981 1219 4034 τὸ
1247 3981 1584 4053 προφητικὸν
1614 3981 1789 4052 γράμ-

1892 3980 2116 4037 verbis?
2138 3979 2322 4050 Neque
2347 3980 2514 4045 enim,
2545 3990 2604 4034 ut
2629 3979 2681 4033 in
2710 3978 3025 4035 Graecorum
3060 3979 3121 4035 lit
3154 3978 3481 4049 proverbiis,

205 4088 304 4139 μα,
341 4072 432 4123 καὶ
486 4071 574 4124 τὸν
613 4072 775 4125 αὐτὸν
810 4072 1005 4143 ἐκείνῳ
1048 4069 1256 4143 γράψαι
1312 4074 1535 4147 τρόπον,
1570 4074 1784 4145 ἀπεφή-

1893 4074 1963 4129 ab
1985 4072 2207 4130 historia
2227 4073 2461 4142 quadam
2482 4072 2572 4127 illa
2594 4072 2917 4127 solutionem
2942 4071 3249 4127 sortiuutur
3268 4086 3424 4127 suam
3455 4085 3480 4132 ;

200 4180 351 4217 νατο.
1894 4177 1953 4223 ιιι
1976 4179 2199 4220 necesse
2226 4164 2298 4219 sit
2322 4162 2659 4228 Marcellum,
2689 4178 2795 4219 non
2826 4163 3003 4217 solum
3028 4162 3280 4233 imperite
3311 4172 3480 4231 atque

204 4263 442 4324 indocte,
507 4260 599 4316 sed
655 4272 849 4317 contra
908 4272 1143 4319 mentem
1189 4264 1433 4333 Apostoli
1480 4262 1783 4320 alIirmasse
1820 4264 2093 4332 sapientes
2131 4259 2471 4324 Graecorum,
2529 4274 2653 4313 cum
2706 4258 2761 4314 ia
2818 4256 3115 4313 Proverbia
3167 4256 3481 4313 Salomonis

204 4357 538 4419 incidissent,
582 4356 649 4410 ad
702 4358 1064 4413 imitationem
1101 4359 1434 4427 prophetica:
1462 4360 1844 4428 scripturase
1874 4358 1941 4412 ad
1971 4356 2324 4412 scribendum
2367 4354 2721 4425 applicuisse.

273 4450 488 4503 Τούτων
516 4451 645 4521 ἡμῖν
671 4451 976 4521 εἰρημένων
996 4453 1075 4515 είς
1098 4453 1370 4517 ἀπόδειξιν
1388 4450 1483 4508 τοῦ
1511 4453 1649 4524 μηδὲ
1670 4455 1788 4515 ταῖς
1823 4478 1863 4531 υ

1969 4450 2067 4506 His
2088 4452 2140 4504 in
2172 4465 2293 4504 eum
2322 4449 2483 4503 linem
2505 4465 2534 4502 a
2555 4450 2712 4504 nobis
2736 4448 3056 4519 prtemissis,
3090 4457 3148 4500 ut
3172 4447 3478 4503 certissime

196 4543 373 4606 θείαις
399 4544 679 4614 κΓραφαίς,
731 4543 790 4595 ὃν
830 4542 938 4614 χρὴ
971 4544 1194 4614 τρόπον,
1232 4544 1650 4613 ἐντετυχηκέναι
1693 4543 1786 4597 τὸν

1892 4552 2156 4612 appareat
2180 4543 2455 4597 hominem
2485 4555 2854 4611 nequaquam,
2886 4542 2956 4595 ita
2986 4551 3051 4595 ut
3070 4541 3333 4611 oportuit,
3358 4554 3478 4593 ver-

196 4637 387 4706 ᾱνδρα,
415 4636 570 4689 καλεῖ
593 4636 657 4705 δὴ
686 4636 874 4706 καιρὸς
896 4636 989 4689 καὶ
1007 4635 1104 4707 τὴν
1127 4636 1229 4705 οὐχ
1260 4636 1388 4706 ὑγιῆ
1419 4636 1519 4706 τῆς
1550 4635 1788 4698 πίστεως

1891 4642 2068 4688 satum
2094 4632 2710 4702 inScripturis,tempus
2730 4642 2839 4697 est,
2865 4632 3195 4701 utdeinceps
3225 4633 3385 4685 lldem
3409 4630 3476 4683 il-

194 4727 361 4781 αὐτοῦ
380 4726 534 4793 δόξαν
553 4728 982 4798 ἐπισκέψασθαι·
1009 4728 1087 4791 ὡς
1107 4728 1325 4782 ἐναντία
1345 4725 1706 4798 (94)δοξάζων
1720 4727 1785 4796 τῇ

1892 4724 2017 4789 lius,
2050 4738 2213 4793 quam
2255 4724 2327 4778 sit
2358 4724 2499 4778 male
2528 4737 2683 4789 sana,
2719 4723 3133 4778 consideremus
3162 4737 3177 4773 :
3209 4731 3262 4775 et
3309 4734 3474 4789 quam

194 4819 621 4891 ἐκκλησιαστικῇ
686 4820 1022 4891 διδασκαλίᾳ,
1070 4820 1242 4891 αὐτήν
1278 4836 1338 4873 τε
1377 4819 1473 4873 irai
1510 4818 1634 4880 τοὺς
1660 4834 1787 4889 προ-

1888 4815 2196 4885 oppositam
2210 4814 2533 4869 sententiain
2552 4824 2765 4870 tueatur
2779 4814 3039 4869 doctrina.-
3050 4813 3469 4868 ecclesiasticae:

191 4911 433 4975 εστῶτας
463 4912 633 4983 αὐτῆς
664 4913 964 4968 διέόαλλεν.

1888 4923 2055 4978 quam
2086 4923 2193 4961 una
2232 4920 2357 4962 cum
2393 4906 2639 4975 ejusdem
2668 4906 3013 4962 antistitibus
3044 4916 3290 4962 accusat.

858 5031 1016 5085 ΚΕΨ.
1051 5032 1124 5085 Δ⁰.

2544 5026 2695 5082 CAP.
2739 5026 2826 5081 IV.

190 5126 311 5177 Ὅτι
360 5123 471 5189 τήν
510 5139 586 5177 -τε
630 5122 1145 5191 ἐκκλησιαστικὴν
1185 5121 1613 5185 διδασκαλίαν,
1672 5122 1773 5175 καὶ

1887 5117 2041 5183 Quod
2068 5132 2186 5171 cum
2225 5109 2521 5191 doctrinam
2551 5117 2825 5179 Ecclesia',
2853 5124 2964 5171 tum
3004 5117 3242 5187 ejusdem
3270 5132 3469 5185 pra‘su-

398 5186 540 5259 τοὺς
582 5186 961 5260 προεστῶτας
987 5186 1178 5261 αὐτῆς
1216 5192 1552 5246 διέϐαλλεν.

1233 5192 1552 5246 διέϐαλλεν.
2500 5186 2573 5241 les
2603 5199 2831 5241 accuset.

261 5281 371 5354 (95)
390 5283 553 5355 Θήσω
567 5283 624 5337 δὲ
646 5282 858 5354 πρῶτα,
872 5276 1024 5338 δι’ὦν
1041 5287 1154 5348 τοῖς
1173 5283 1347 5355 ὀρθῶς
1368 5283 1463 5336 καὶ
1482 5282 1770 5353 ἐκκλησια-

1950 5286 2090 5337 Ante
2117 5281 2303 5336 omnia
2338 5282 2689 5353 proponenda
2726 5290 2854 5336 sunt
2886 5296 2915 5335 a
2950 5296 3037 5335 me
3083 5280 3195 5345 illa,
3248 5280 3303 5335 in
3343 5278 3471 5349 qui,

263 5426 322 5484 »Β
360 5419 455 5475 Ed.
493 5419 694 5486 Paris.,
736 5435 859 5492 pag.
893 5420 983 5475 18.

252 5555 371 5641 ,(95)
404 5558 576 5639 Vulgo
604 5561 804 5641 στήλας
831 5570 883 5641 et
896 5561 1118 5641 δύναται
1140 5556 1374 5641 νοεξσθαι
1407 5564 1461 5641 et
1487 5555 1594 5641 τῶν
1619 5556 1761 5609 ἱστο-

1723 5574 1761 5608 »-
1867 5555 1988 5641 dedi
2005 5553 2294 5641 ,διιέξαλλεν
2310 5562 2365 5609 et
2476 5553 2735 5641 lemmate
2758 5552 2937 5641 ad'didi
2967 5556 3182 5641 uapole
3196 5549 3321 5641 τήν.

184 5620 604 5711 ριῶν-τινωνῖρι
629 5620 717 5683 διὰ
736 5620 933 5711 τῆνδέ,
962 5646 1011 5686 et
1045 5647 1165 5711 tuo:
1197 5631 1301 5711 με).
1328 5627 1503 5711 φασί-ι(
1527 5630 1761 5707 Iuv-mpn-

1942 5626 2059 5711 (ξιξ)
2101 5624 2487 5711 Syllabttm.liic
2517 5625 2742 5711 eahihet
2780 5623 2998 5711 illgruin
3014 5620 3467 5711 Eusebius-aquas

181 5693 290 5755 σίν.
322 5699 439 5755 ﬂox
472 5693 627 5769 vulgo
662 5693 958 5771 γινομένην
979 5714 1035 5756 et
1056 5702 1220 5753 αὑταὶ
1250 5693 1314 5751 ἐκ
1337 5693 1391 5754 et
1416 5693 1763 5767 Σολομῶντος
1875 5696 2077 5762 scripto
2107 5693 2205 5748 suo
2232 5696 2307 5747 ait
2349 5693 2661 5747 Marcellum
2693 5693 3025 5762 exagitasse,
3061 5705 3203 5757 quos
3229 5704 3466 5757 genera-

178 5777 241 5826 οι
267 5768 372 5842 δέό
397 5770 606 5842 χρόνος.
978 5840 991 5842 _
1123 5840 1131 5842 Δ
1396 5835 1434 5842 _
1695 5836 1705 5842 _
1731 5837 1742 5842 Δ
1878 5767 1999 5828 tim,
2028 5764 2187 5834 λόγου
2226 5764 2533 5842 αρξάμενος
2583 5771 3129 5842 cotntnetnoraverat.
3160 5760 3334 5842 μετρίῃ
3350 5774 3467 5842 ,οη-

251 5840 370 5912 (94)
398 5829 513 5905 ’Ὧς
528 5829 790 5909 ἐναντία,
810 5853 939 5907 ctc.,
965 5840 1290 5895 διαϐάλλει.
1310 5866 1377 5879 -
1396 5835 1507 5909 Ego
1525 5851 1589 5894 cs
1608 5836 1767 5893 codd.

1880 5844 1986 5891 tem
2014 5829 2205 5891 attines
2234 5829 2558 5891 Arianorum
2590 5832 2869 5907 primipili,
2903 5840 2957 5888 et
3001 5830 3253 5888 acerrimi
3278 5829 3466 5888 deleu-
