  <div class='ocr_page' id='page_1' title='image "/cluster/home/n/w/nwhite01/storage/ocr_20150623/24/ien.35556001660497/388.png"; bbox 0 0 4048 6476; ppageno 0'>
   <div class='ocr_carea' id='block_1_1' title="bbox 244 512 350 568">
    <p class='ocr_par' dir='ltr' id='par_1_1' title="bbox 244 512 350 568">
     <span class='ocr_line' id='line_1_1' title="bbox 244 512 350 568; baseline -0.019 0"><span class='ocrx_word' id='word_1_1' title='bbox 244 512 350 568; x_wconf 66' lang='grc' dir='ltr'><strong>Ὶεέὶ</strong></span> 
     </span>
    </p>
   </div>
   <div class='ocr_carea' id='block_1_2' title="bbox 1363 490 2360 558">
    <p class='ocr_par' dir='ltr' id='par_1_2' title="bbox 1363 490 2360 558">
     <span class='ocr_line' id='line_1_2' title="bbox 1363 490 2360 558; baseline -0.014 0"><span class='ocrx_word' id='word_1_2' title='bbox 1363 498 1639 558; x_wconf 75' lang='lat' dir='ltr'><strong>CONTRA</strong></span> <span class='ocrx_word' id='word_1_3' title='bbox 1683 490 2113 550; x_wconf 74' lang='lat' dir='ltr'><strong>MARCELLUM</strong></span> <span class='ocrx_word' id='word_1_4' title='bbox 2152 493 2275 547; x_wconf 84' lang='lat' dir='ltr'><strong>LIB.</strong></span> <span class='ocrx_word' id='word_1_5' title='bbox 2319 492 2360 547; x_wconf 91' lang='grc' dir='ltr'>Ι.</span> 
     </span>
    </p>
   </div>
   <div class='ocr_carea' id='block_1_3' title="bbox 3386 484 3489 539">
    <p class='ocr_par' dir='ltr' id='par_1_3' title="bbox 3386 484 3489 539">
     <span class='ocr_line' id='line_1_3' title="bbox 3386 484 3489 539; baseline 0.019 -2"><span class='ocrx_word' id='word_1_6' title='bbox 3386 484 3489 539; x_wconf 77' lang='grc'><strong>754</strong></span> 
     </span>
    </p>
   </div>
   <div class='ocr_carea' id='block_1_4' title="bbox 246 588 1814 697">
    <p class='ocr_par' dir='ltr' id='par_1_4' title="bbox 246 617 1814 697">
     <span class='ocr_line' id='line_1_4' title="bbox 246 617 1814 697; baseline -0.007 -16"><span class='ocrx_word' id='word_1_7' title='bbox 246 648 266 681; x_wconf 77' lang='grc' dir='ltr'><strong>ι</strong></span> <span class='ocrx_word' id='word_1_8' title='bbox 305 628 426 681; x_wconf 56' lang='lat' dir='ltr'><strong>Gabi</strong></span> <span class='ocrx_word' id='word_1_9' title='bbox 488 625 913 697; x_wconf 81' lang='grc' dir='ltr'>παντοκράτορα,</span> <span class='ocrx_word' id='word_1_10' title='bbox 968 623 1061 675; x_wconf 77' lang='grc' dir='ltr'><strong>καὶ</strong></span> <span class='ocrx_word' id='word_1_11' title='bbox 1099 623 1176 684; x_wconf 82' lang='grc' dir='ltr'><strong>είς</strong></span> <span class='ocrx_word' id='word_1_12' title='bbox 1219 621 1311 675; x_wconf 87' lang='grc' dir='ltr'><strong>τὸν</strong></span> <span class='ocrx_word' id='word_1_13' title='bbox 1362 620 1490 673; x_wconf 83' lang='grc' dir='ltr'>Υίὺν</span> <span class='ocrx_word' id='word_1_14' title='bbox 1520 618 1683 673; x_wconf 87' lang='grc' dir='ltr'>αὑτοῦ</span> <span class='ocrx_word' id='word_1_15' title='bbox 1723 617 1814 671; x_wconf 80' lang='grc' dir='ltr'><strong>τὸν</strong></span> 
     </span>
    </p>
   </div>
   <div class='ocr_carea' id='block_1_5' title="bbox 1919 588 3491 697">
    <p class='ocr_par' dir='ltr' id='par_1_5' title="bbox 1920 588 3491 683">
     <span class='ocr_line' id='line_1_5' title="bbox 1920 588 3491 683; baseline -0.003 -15"><span class='ocrx_word' id='word_1_16' title='bbox 1920 616 2056 671; x_wconf 84' lang='lat' dir='ltr'><strong>velle</strong></span> <span class='ocrx_word' id='word_1_17' title='bbox 2112 588 2483 670; x_wconf 77' lang='lat' dir='ltr'><strong>contradicere</strong></span> <span class='ocrx_word' id='word_1_18' title='bbox 2533 611 2759 683; x_wconf 84' lang='lat' dir='ltr'><strong>singulis</strong></span> <span class='ocrx_word' id='word_1_19' title='bbox 2805 611 3072 680; x_wconf 86' lang='lat' dir='ltr'><strong>partibus,</strong></span> <span class='ocrx_word' id='word_1_20' title='bbox 3114 624 3234 679; x_wconf 64' lang='lat' dir='ltr'><strong>qua:</strong></span> <span class='ocrx_word' id='word_1_21' title='bbox 3294 613 3347 663; x_wconf 88' lang='lat' dir='ltr'><strong>in</strong></span> <span class='ocrx_word' id='word_1_22' title='bbox 3385 609 3491 664; x_wconf 87' lang='lat' dir='ltr'><strong>llde</strong></span> 
     </span>
    </p>
   </div>
   <div class='ocr_carea' id='block_1_6' title="bbox 245 708 1809 788">
    <p class='ocr_par' dir='ltr' id='par_1_6' title="bbox 245 708 1809 788">
     <span class='ocr_line' id='line_1_6' title="bbox 245 708 1809 788; baseline -0.007 -17"><span class='ocrx_word' id='word_1_23' title='bbox 245 738 264 770; x_wconf 74' lang='grc' dir='ltr'><strong>ι</strong></span> <span class='ocrx_word' id='word_1_24' title='bbox 309 717 571 788; x_wconf 83' lang='grc' dir='ltr'><strong>μονογενῆ</strong></span> <span class='ocrx_word' id='word_1_25' title='bbox 594 716 746 777; x_wconf 84' lang='grc' dir='ltr'>Θεὸν,</span> <span class='ocrx_word' id='word_1_26' title='bbox 778 716 869 767; x_wconf 87' lang='grc' dir='ltr'><strong>τὸν</strong></span> <span class='ocrx_word' id='word_1_27' title='bbox 900 714 1102 785; x_wconf 80' lang='grc' dir='ltr'><strong>Κύριον</strong></span> <span class='ocrx_word' id='word_1_28' title='bbox 1137 712 1292 783; x_wconf 84' lang='grc' dir='ltr'>ήμῶν</span> <span class='ocrx_word' id='word_1_29' title='bbox 1326 711 1531 781; x_wconf 82' lang='grc' dir='ltr'><strong>Ἰησοῦν</strong></span> <span class='ocrx_word' id='word_1_30' title='bbox 1558 708 1809 781; x_wconf 83' lang='grc' dir='ltr'>Χριστὸν,</span> 
     </span>
    </p>
   </div>
   <div class='ocr_carea' id='block_1_7' title="bbox 244 800 1812 876">
    <p class='ocr_par' dir='ltr' id='par_1_7' title="bbox 244 800 1812 876">
     <span class='ocr_line' id='line_1_7' title="bbox 244 800 1812 876; baseline -0.006 -13"><span class='ocrx_word' id='word_1_31' title='bbox 244 827 268 862; x_wconf 70' lang='grc' dir='ltr'><strong>ι</strong></span> <span class='ocrx_word' id='word_1_32' title='bbox 305 810 398 863; x_wconf 79' lang='grc' dir='ltr'>καὶ</span> <span class='ocrx_word' id='word_1_33' title='bbox 424 811 504 873; x_wconf 85' lang='grc' dir='ltr'><strong>είς</strong></span> <span class='ocrx_word' id='word_1_34' title='bbox 533 808 593 861; x_wconf 84' lang='grc' dir='ltr'><strong>τὸ</strong></span> <span class='ocrx_word' id='word_1_35' title='bbox 626 806 849 875; x_wconf 83' lang='grc' dir='ltr'><strong>Πνεῦμα</strong></span> <span class='ocrx_word' id='word_1_36' title='bbox 881 805 941 857; x_wconf 87' lang='grc' dir='ltr'><strong>τὸ</strong></span> <span class='ocrx_word' id='word_1_37' title='bbox 971 805 1124 876; x_wconf 84' lang='grc' dir='ltr'>ἆγιον</span> <span class='ocrx_word' id='word_1_38' title='bbox 1148 821 1160 833; x_wconf 91' lang='grc'><strong>·</strong></span> <span class='ocrx_word' id='word_1_39' title='bbox 1200 823 1219 855; x_wconf 76' lang='grc' dir='ltr'><strong>ι</strong></span> <span class='ocrx_word' id='word_1_40' title='bbox 1255 802 1348 857; x_wconf 88' lang='grc' dir='ltr'><strong>καί</strong></span> <span class='ocrx_word' id='word_1_41' title='bbox 1395 820 1577 874; x_wconf 82' lang='grc' dir='ltr'>φησιν,</span> <span class='ocrx_word' id='word_1_42' title='bbox 1620 805 1685 855; x_wconf 85' lang='grc' dir='ltr'>ὲκ</span> <span class='ocrx_word' id='word_1_43' title='bbox 1706 800 1812 853; x_wconf 89' lang='grc' dir='ltr'><strong>τῶν</strong></span> 
     </span>
    </p>
   </div>
   <div class='ocr_carea' id='block_1_8' title="bbox 241 893 1815 972">
    <p class='ocr_par' dir='ltr' id='par_1_8' title="bbox 241 893 1815 972">
     <span class='ocr_line' id='line_1_8' title="bbox 241 893 1815 972; baseline -0.008 -14"><span class='ocrx_word' id='word_1_44' title='bbox 241 902 399 957; x_wconf 76' lang='grc' dir='ltr'>θείων</span> <span class='ocrx_word' id='word_1_45' title='bbox 442 900 673 972; x_wconf 84' lang='grc' dir='ltr'>Γραφῶν</span> <span class='ocrx_word' id='word_1_46' title='bbox 730 896 1103 968; x_wconf 83' lang='grc' dir='ltr'><strong>μεμαθηκέναι</strong></span> <span class='ocrx_word' id='word_1_47' title='bbox 1146 896 1334 949; x_wconf 88' lang='grc' dir='ltr'>τοῦτον</span> <span class='ocrx_word' id='word_1_48' title='bbox 1379 895 1470 948; x_wconf 87' lang='grc' dir='ltr'>τὸν</span> <span class='ocrx_word' id='word_1_49' title='bbox 1502 895 1600 965; x_wconf 85' lang='grc' dir='ltr'><strong>τῆς</strong></span> <span class='ocrx_word' id='word_1_50' title='bbox 1634 893 1815 947; x_wconf 88' lang='grc' dir='ltr'>θεοσε-</span> 
     </span>
    </p>
   </div>
   <div class='ocr_carea' id='block_1_9' title="bbox 239 983 1815 1065">
    <p class='ocr_par' dir='ltr' id='par_1_9' title="bbox 239 983 1815 1065">
     <span class='ocr_line' id='line_1_9' title="bbox 239 983 1815 1065; baseline -0.005 -18"><span class='ocrx_word' id='word_1_51' title='bbox 239 994 393 1058; x_wconf 78' lang='grc' dir='ltr'>ϐείας</span> <span class='ocrx_word' id='word_1_52' title='bbox 411 993 629 1065; x_wconf 83' lang='grc' dir='ltr'><strong>τρόπον.</strong></span> <span class='ocrx_word' id='word_1_53' title='bbox 671 988 810 1059; x_wconf 86' lang='grc' dir='ltr'><strong>Ἐγὼ</strong></span> <span class='ocrx_word' id='word_1_54' title='bbox 842 990 917 1053; x_wconf 86' lang='grc' dir='ltr'>δὲ,</span> <span class='ocrx_word' id='word_1_55' title='bbox 951 991 1078 1043; x_wconf 80' lang='grc' dir='ltr'>ὅταν</span> <span class='ocrx_word' id='word_1_56' title='bbox 1112 988 1210 1059; x_wconf 85' lang='grc' dir='ltr'><strong>μὲν</strong></span> <span class='ocrx_word' id='word_1_57' title='bbox 1237 986 1393 1039; x_wconf 88' lang='grc' dir='ltr'>τοῦτο</span> <span class='ocrx_word' id='word_1_58' title='bbox 1418 986 1572 1058; x_wconf 81' lang='grc' dir='ltr'>λέγῃ,</span> <span class='ocrx_word' id='word_1_59' title='bbox 1622 983 1815 1040; x_wconf 54' lang='lat'><strong>67:06.4.—</strong></span> 
     </span>
    </p>
   </div>
   <div class='ocr_carea' id='block_1_10' title="bbox 240 1071 1815 1159">
    <p class='ocr_par' dir='ltr' id='par_1_10' title="bbox 240 1071 1815 1159">
     <span class='ocr_line' id='line_1_10' title="bbox 240 1071 1815 1159; baseline -0.008 -20"><span class='ocrx_word' id='word_1_60' title='bbox 240 1102 405 1159; x_wconf 82' lang='grc' dir='ltr'>χομαι</span> <span class='ocrx_word' id='word_1_61' title='bbox 426 1083 628 1153; x_wconf 76' lang='grc' dir='ltr'>σφόδρα</span> <span class='ocrx_word' id='word_1_62' title='bbox 646 1081 714 1135; x_wconf 81' lang='grc' dir='ltr'>τὰ</span> <span class='ocrx_word' id='word_1_63' title='bbox 733 1081 1017 1151; x_wconf 90' lang='grc' dir='ltr'>λεγόμενα.</span> <span class='ocrx_word' id='word_1_64' title='bbox 1042 1078 1234 1141; x_wconf 75' lang='grc' dir='ltr'>Κοινδς</span> <span class='ocrx_word' id='word_1_65' title='bbox 1256 1078 1365 1148; x_wconf 77' lang='grc' dir='ltr'><strong>γὰρ</strong></span> <span class='ocrx_word' id='word_1_66' title='bbox 1387 1071 1542 1139; x_wconf 71' lang='grc' dir='ltr'>οὗτος</span> <span class='ocrx_word' id='word_1_67' title='bbox 1561 1074 1815 1130; x_wconf 80' lang='grc' dir='ltr'>ἁπάντων</span> 
     </span>
    </p>
   </div>
   <div class='ocr_carea' id='block_1_11' title="bbox 242 1167 1815 1249">
    <p class='ocr_par' dir='ltr' id='par_1_11' title="bbox 242 1167 1815 1249">
     <span class='ocr_line' id='line_1_11' title="bbox 242 1167 1815 1249; baseline -0.007 -20"><span class='ocrx_word' id='word_1_68' title='bbox 242 1176 394 1249; x_wconf 66' lang='grc' dir='ltr'>ἡμῶν</span> <span class='ocrx_word' id='word_1_69' title='bbox 450 1178 549 1245; x_wconf 82' lang='grc' dir='ltr'><strong>τῆς</strong></span> <span class='ocrx_word' id='word_1_70' title='bbox 613 1172 921 1235; x_wconf 76' lang='grc' dir='ltr'>θεοσεϐείας</span> <span class='ocrx_word' id='word_1_71' title='bbox 973 1172 1002 1223; x_wconf 95' lang='lat'><strong>6</strong></span> <span class='ocrx_word' id='word_1_72' title='bbox 1062 1169 1279 1238; x_wconf 76' lang='grc' dir='ltr'>τρόπος¹</span> <span class='ocrx_word' id='word_1_73' title='bbox 1348 1167 1666 1249; x_wconf 80' lang='grc' dir='ltr'>Πιστεύειν</span> <span class='ocrx_word' id='word_1_74' title='bbox 1727 1167 1815 1231; x_wconf 81' lang='grc' dir='ltr'>εἰς</span> 
     </span>
    </p>
   </div>
   <div class='ocr_carea' id='block_1_12' title="bbox 240 1256 1811 1335">
    <p class='ocr_par' dir='ltr' id='par_1_12' title="bbox 240 1256 1811 1335">
     <span class='ocr_line' id='line_1_12' title="bbox 240 1256 1811 1335; baseline -0.008 -13"><span class='ocrx_word' id='word_1_75' title='bbox 240 1266 489 1335; x_wconf 79' lang='grc' dir='ltr'><strong>Πατέρα,</strong></span> <span class='ocrx_word' id='word_1_76' title='bbox 529 1266 625 1318; x_wconf 76' lang='grc' dir='ltr'><strong>καί</strong></span> <span class='ocrx_word' id='word_1_77' title='bbox 670 1263 824 1327; x_wconf 83' lang='grc' dir='ltr'><strong>Υὶὸν,</strong></span> <span class='ocrx_word' id='word_1_78' title='bbox 872 1263 970 1317; x_wconf 80' lang='grc' dir='ltr'>καὶ</span> <span class='ocrx_word' id='word_1_79' title='bbox 1014 1261 1184 1331; x_wconf 75' lang='grc' dir='ltr'>ἅγιον</span> <span class='ocrx_word' id='word_1_80' title='bbox 1219 1258 1478 1328; x_wconf 82' lang='grc' dir='ltr'><strong>Πνεῦμα.</strong></span> <span class='ocrx_word' id='word_1_81' title='bbox 1522 1258 1687 1312; x_wconf 86' lang='grc' dir='ltr'>Ὅταν</span> <span class='ocrx_word' id='word_1_82' title='bbox 1732 1256 1811 1322; x_wconf 84' lang='grc' dir='ltr'><strong>δὲ,</strong></span> 
     </span>
    </p>
   </div>
   <div class='ocr_carea' id='block_1_13' title="bbox 240 1347 1815 1429">
    <p class='ocr_par' dir='ltr' id='par_1_13' title="bbox 240 1347 1815 1429">
     <span class='ocr_line' id='line_1_13' title="bbox 240 1347 1815 1429; baseline -0.007 -18"><span class='ocrx_word' id='word_1_83' title='bbox 240 1357 316 1429; x_wconf 80' lang='grc' dir='ltr'>μὴ</span> <span class='ocrx_word' id='word_1_84' title='bbox 339 1358 437 1426; x_wconf 82' lang='grc' dir='ltr'><strong>τῆς</strong></span> <span class='ocrx_word' id='word_1_85' title='bbox 461 1354 611 1419; x_wconf 81' lang='grc' dir='ltr'>θείας</span> <span class='ocrx_word' id='word_1_86' title='bbox 643 1353 1037 1424; x_wconf 75' lang='grc' dir='ltr'>ἐστοχασμένος</span> <span class='ocrx_word' id='word_1_87' title='bbox 1068 1353 1368 1421; x_wconf 82' lang='grc' dir='ltr'>δυνάμεως,</span> <span class='ocrx_word' id='word_1_88' title='bbox 1398 1347 1815 1421; x_wconf 84' lang='grc' dir='ltr'>ἀνθρωπικώτε-</span> 
     </span>
    </p>
   </div>
   <div class='ocr_carea' id='block_1_14' title="bbox 238 1441 1814 1519">
    <p class='ocr_par' dir='ltr' id='par_1_14' title="bbox 238 1441 1814 1519">
     <span class='ocr_line' id='line_1_14' title="bbox 238 1441 1814 1519; baseline -0.004 -20"><span class='ocrx_word' id='word_1_89' title='bbox 238 1465 331 1519; x_wconf 85' lang='grc' dir='ltr'>ρον</span> <span class='ocrx_word' id='word_1_90' title='bbox 360 1449 491 1518; x_wconf 84' lang='grc' dir='ltr'>ήμῖν</span> <span class='ocrx_word' id='word_1_91' title='bbox 521 1447 609 1500; x_wconf 83' lang='grc' dir='ltr'><strong>διά</strong></span> <span class='ocrx_word' id='word_1_92' title='bbox 642 1463 785 1509; x_wconf 92' lang='grc' dir='ltr'>τινος</span> <span class='ocrx_word' id='word_1_93' title='bbox 813 1444 1058 1515; x_wconf 81' lang='grc' dir='ltr'>ὲντέχνου</span> <span class='ocrx_word' id='word_1_94' title='bbox 1094 1444 1344 1514; x_wconf 78' lang='grc' dir='ltr'><strong>Θεωρίας,</strong></span> <span class='ocrx_word' id='word_1_95' title='bbox 1378 1441 1467 1494; x_wconf 85' lang='grc' dir='ltr'><strong>τόν</strong></span> <span class='ocrx_word' id='word_1_96' title='bbox 1501 1458 1559 1494; x_wconf 88' lang='grc' dir='ltr'><strong>τε</strong></span> <span class='ocrx_word' id='word_1_97' title='bbox 1593 1441 1814 1512; x_wconf 81' lang='grc' dir='ltr'>Πατέρα</span> 
     </span>
    </p>
   </div>
   <div class='ocr_carea' id='block_1_15' title="bbox 239 1532 1813 1609">
    <p class='ocr_par' dir='ltr' id='par_1_15' title="bbox 239 1532 1813 1609">
     <span class='ocr_line' id='line_1_15' title="bbox 239 1532 1813 1609; baseline -0.006 -16"><span class='ocrx_word' id='word_1_98' title='bbox 239 1539 455 1608; x_wconf 83' lang='grc' dir='ltr'>Πατέρα</span> <span class='ocrx_word' id='word_1_99' title='bbox 482 1538 635 1609; x_wconf 82' lang='grc' dir='ltr'>λέγῃ,</span> <span class='ocrx_word' id='word_1_100' title='bbox 666 1537 758 1590; x_wconf 77' lang='grc' dir='ltr'><strong>καὶ</strong></span> <span class='ocrx_word' id='word_1_101' title='bbox 790 1536 880 1589; x_wconf 84' lang='grc' dir='ltr'><strong>τὸν</strong></span> <span class='ocrx_word' id='word_1_102' title='bbox 908 1536 1034 1588; x_wconf 83' lang='grc' dir='ltr'>Υίὺν</span> <span class='ocrx_word' id='word_1_103' title='bbox 1057 1534 1203 1597; x_wconf 86' lang='grc' dir='ltr'>Υἱὺν,</span> <span class='ocrx_word' id='word_1_104' title='bbox 1232 1535 1331 1586; x_wconf 80' lang='grc' dir='ltr'><strong>οὐκ</strong></span> <span class='ocrx_word' id='word_1_105' title='bbox 1354 1532 1426 1585; x_wconf 75' lang='grc' dir='ltr'><strong>ἐτ’</strong></span> <span class='ocrx_word' id='word_1_106' title='bbox 1450 1534 1691 1586; x_wconf 74' lang='grc' dir='ltr'>ἐπαινεῖν</span> <span class='ocrx_word' id='word_1_107' title='bbox 1715 1532 1813 1604; x_wconf 76' lang='grc' dir='ltr'>τὴν</span> 
     </span>
    </p>
   </div>
   <div class='ocr_carea' id='block_1_16' title="bbox 243 1622 1814 1699">
    <p class='ocr_par' dir='ltr' id='par_1_16' title="bbox 243 1622 1814 1699">
     <span class='ocr_line' id='line_1_16' title="bbox 243 1622 1814 1699; baseline -0.005 -16"><span class='ocrx_word' id='word_1_108' title='bbox 243 1629 488 1699; x_wconf 76' lang='grc' dir='ltr'>τοιαύτην</span> <span class='ocrx_word' id='word_1_109' title='bbox 523 1628 754 1699; x_wconf 80' lang='grc' dir='ltr'>θεωρίαν</span> <span class='ocrx_word' id='word_1_110' title='bbox 786 1628 1082 1680; x_wconf 84' lang='grc' dir='ltr'>ἀκίνδυνον.</span> <span class='ocrx_word' id='word_1_111' title='bbox 1136 1625 1233 1679; x_wconf 81' lang='grc' dir='ltr'><strong>Διὰ</strong></span> <span class='ocrx_word' id='word_1_112' title='bbox 1289 1625 1396 1697; x_wconf 81' lang='grc' dir='ltr'><strong>γὰρ</strong></span> <span class='ocrx_word' id='word_1_113' title='bbox 1432 1626 1529 1695; x_wconf 81' lang='grc' dir='ltr'>τῆς</span> <span class='ocrx_word' id='word_1_114' title='bbox 1563 1622 1814 1692; x_wconf 83' lang='grc' dir='ltr'>τοιαύτης</span> 
     </span>
    </p>
   </div>
   <div class='ocr_carea' id='block_1_17' title="bbox 236 1710 1815 1791">
    <p class='ocr_par' dir='ltr' id='par_1_17' title="bbox 236 1710 1815 1791">
     <span class='ocr_line' id='line_1_17' title="bbox 236 1710 1815 1791; baseline -0.006 -18"><span class='ocrx_word' id='word_1_115' title='bbox 236 1720 468 1791; x_wconf 79' lang='grc' dir='ltr'>θεωρίας</span> <span class='ocrx_word' id='word_1_116' title='bbox 495 1718 593 1789; x_wconf 82' lang='grc' dir='ltr'><strong>τὴν</strong></span> <span class='ocrx_word' id='word_1_117' title='bbox 627 1718 719 1770; x_wconf 87' lang='grc' dir='ltr'><strong>νῦν</strong></span> <span class='ocrx_word' id='word_1_118' title='bbox 754 1719 935 1780; x_wconf 79' lang='grc' dir='ltr'>αὐτοῖς</span> <span class='ocrx_word' id='word_1_119' title='bbox 978 1715 1365 1785; x_wconf 83' lang='grc' dir='ltr'>ὲπινοουμένην</span> <span class='ocrx_word' id='word_1_120' title='bbox 1417 1714 1627 1784; x_wconf 82' lang='grc' dir='ltr'>αἵρεσιν</span> <span class='ocrx_word' id='word_1_121' title='bbox 1658 1710 1815 1777; x_wconf 74' lang='grc' dir='ltr'>αὐξά-</span> 
     </span>
    </p>
   </div>
   <div class='ocr_carea' id='block_1_18' title="bbox 242 1797 1811 1879">
    <p class='ocr_par' dir='ltr' id='par_1_18' title="bbox 242 1797 1811 1879">
     <span class='ocr_line' id='line_1_18' title="bbox 242 1797 1811 1879; baseline -0.006 -15"><span class='ocrx_word' id='word_1_122' title='bbox 242 1810 418 1864; x_wconf 56' lang='grc' dir='ltr'>νεσθαι</span> <span class='ocrx_word' id='word_1_123' title='bbox 450 1809 732 1879; x_wconf 75' lang='grc' dir='ltr'>συμϐαίνει</span> <span class='ocrx_word' id='word_1_124' title='bbox 754 1824 768 1838; x_wconf 90' lang='grc'><strong>·</strong></span> <span class='ocrx_word' id='word_1_125' title='bbox 798 1808 986 1877; x_wconf 87' lang='grc' dir='ltr'>ῶσπερ</span> <span class='ocrx_word' id='word_1_126' title='bbox 1021 1807 1206 1875; x_wconf 82' lang='grc' dir='ltr'>σαφῶς</span> <span class='ocrx_word' id='word_1_127' title='bbox 1233 1805 1493 1871; x_wconf 78' lang='grc' dir='ltr'>ἐπιδεῖξαι</span> <span class='ocrx_word' id='word_1_128' title='bbox 1525 1805 1706 1875; x_wconf 77' lang='grc' dir='ltr'>ῥᾴδιον</span> <span class='ocrx_word' id='word_1_129' title='bbox 1732 1797 1811 1855; x_wconf 83' lang='grc' dir='ltr'><strong>οἷ-</strong></span> 
     </span>
    </p>
   </div>
   <div class='ocr_carea' id='block_1_19' title="bbox 238 1893 1815 1971">
    <p class='ocr_par' dir='ltr' id='par_1_19' title="bbox 238 1893 1815 1971">
     <span class='ocr_line' id='line_1_19' title="bbox 238 1893 1815 1971; baseline -0.006 -16"><span class='ocrx_word' id='word_1_130' title='bbox 238 1919 337 1971; x_wconf 87' lang='grc' dir='ltr'><strong>μαι</strong></span> <span class='ocrx_word' id='word_1_131' title='bbox 361 1902 424 1954; x_wconf 84' lang='grc' dir='ltr'>ὲκ</span> <span class='ocrx_word' id='word_1_132' title='bbox 452 1900 559 1954; x_wconf 90' lang='grc' dir='ltr'><strong>τῶν</strong></span> <span class='ocrx_word' id='word_1_133' title='bbox 589 1899 751 1953; x_wconf 86' lang='grc' dir='ltr'>αὑτοῦ</span> <span class='ocrx_word' id='word_1_134' title='bbox 784 1899 975 1967; x_wconf 85' lang='grc' dir='ltr'>λόγων.</span> <span class='ocrx_word' id='word_1_135' title='bbox 1008 1899 1149 1968; x_wconf 84' lang='grc' dir='ltr'><strong>Ἔφη</strong></span> <span class='ocrx_word' id='word_1_136' title='bbox 1186 1896 1292 1967; x_wconf 80' lang='grc' dir='ltr'>γὰρ</span> <span class='ocrx_word' id='word_1_137' title='bbox 1324 1896 1561 1964; x_wconf 75' lang='grc' dir='ltr'>τὸνμὲν</span> <span class='ocrx_word' id='word_1_138' title='bbox 1584 1893 1815 1961; x_wconf 81' lang='grc' dir='ltr'>Πατέρα</span> 
     </span>
    </p>
   </div>
   <div class='ocr_carea' id='block_1_20' title="bbox 236 1984 1811 2060">
    <p class='ocr_par' dir='ltr' id='par_1_20' title="bbox 236 1984 1811 2060">
     <span class='ocr_line' id='line_1_20' title="bbox 236 1984 1811 2060; baseline -0.005 -14"><span class='ocrx_word' id='word_1_139' title='bbox 236 1992 362 2047; x_wconf 79' lang='grc' dir='ltr'>δεῖν</span> <span class='ocrx_word' id='word_1_140' title='bbox 385 1990 619 2060; x_wconf 75' lang='grc' dir='ltr'>ἀληθῶς</span> <span class='ocrx_word' id='word_1_141' title='bbox 654 1989 885 2057; x_wconf 79' lang='grc' dir='ltr'>Πατέρα</span> <span class='ocrx_word' id='word_1_142' title='bbox 926 1985 1078 2043; x_wconf 75' lang='grc' dir='ltr'>εἶναι</span> <span class='ocrx_word' id='word_1_143' title='bbox 1106 1986 1380 2056; x_wconf 80' lang='grc' dir='ltr'>νομίζειν,</span> <span class='ocrx_word' id='word_1_144' title='bbox 1410 1987 1507 2039; x_wconf 83' lang='grc' dir='ltr'>καὶ</span> <span class='ocrx_word' id='word_1_145' title='bbox 1536 1984 1643 2038; x_wconf 84' lang='grc' dir='ltr'><strong>τὸν</strong></span> <span class='ocrx_word' id='word_1_146' title='bbox 1679 1987 1811 2039; x_wconf 64' lang='lat' dir='ltr'><strong>T161-</strong></span> 
     </span>
    </p>
   </div>
   <div class='ocr_carea' id='block_1_21' title="bbox 234 2078 1810 2149">
    <p class='ocr_par' dir='ltr' id='par_1_21' title="bbox 234 2078 1810 2149">
     <span class='ocr_line' id='line_1_21' title="bbox 234 2078 1810 2149; baseline -0.006 -11"><span class='ocrx_word' id='word_1_147' title='bbox 234 2082 471 2148; x_wconf 57' lang='grc' dir='ltr'>ἀληθῶς</span> <span class='ocrx_word' id='word_1_148' title='bbox 525 2084 690 2136; x_wconf 80' lang='grc' dir='ltr'>Υιόν·</span> <span class='ocrx_word' id='word_1_149' title='bbox 738 2082 835 2136; x_wconf 79' lang='grc' dir='ltr'>καὶ</span> <span class='ocrx_word' id='word_1_150' title='bbox 885 2082 953 2135; x_wconf 86' lang='grc' dir='ltr'>τὸ</span> <span class='ocrx_word' id='word_1_151' title='bbox 1003 2080 1175 2149; x_wconf 83' lang='grc' dir='ltr'>ἅγιον</span> <span class='ocrx_word' id='word_1_152' title='bbox 1216 2078 1459 2147; x_wconf 80' lang='grc' dir='ltr'>Πνεῦμα</span> <span class='ocrx_word' id='word_1_153' title='bbox 1508 2078 1810 2140; x_wconf 82' lang='grc' dir='ltr'>ὡσαύτως.</span> 
     </span>
    </p>
   </div>
   <div class='ocr_carea' id='block_1_22' title="bbox 234 2168 1810 2244">
    <p class='ocr_par' dir='ltr' id='par_1_22' title="bbox 234 2168 1810 2244">
     <span class='ocr_line' id='line_1_22' title="bbox 234 2168 1810 2244; baseline -0.006 -16"><span class='ocrx_word' id='word_1_154' title='bbox 234 2176 279 2228; x_wconf 85' lang='grc' dir='ltr'><strong>Τ</strong></span> <span class='ocrx_word' id='word_1_155' title='bbox 282 2174 419 2227; x_wconf 85' lang='grc' dir='ltr'>αῦτα</span> <span class='ocrx_word' id='word_1_156' title='bbox 438 2176 466 2226; x_wconf 98' lang='lat'><strong>6</strong></span> <span class='ocrx_word' id='word_1_157' title='bbox 491 2172 809 2244; x_wconf 81' lang='grc' dir='ltr'>Μάρκελλος</span> <span class='ocrx_word' id='word_1_158' title='bbox 841 2172 970 2243; x_wconf 70' lang='grc' dir='ltr'>πρὸς</span> <span class='ocrx_word' id='word_1_159' title='bbox 1008 2170 1299 2240; x_wconf 81' lang='grc' dir='ltr'>Ἀστέριον,</span> <span class='ocrx_word' id='word_1_160' title='bbox 1318 2170 1417 2221; x_wconf 77' lang='grc' dir='ltr'><strong>οὐκ</strong></span> <span class='ocrx_word' id='word_1_161' title='bbox 1446 2168 1810 2238; x_wconf 77' lang='grc' dir='ltr'>ἀρεσκόμενος</span> 
     </span>
    </p>
   </div>
   <div class='ocr_carea' id='block_1_23' title="bbox 234 2258 1813 2334">
    <p class='ocr_par' dir='ltr' id='par_1_23' title="bbox 234 2258 1813 2334">
     <span class='ocr_line' id='line_1_23' title="bbox 234 2258 1813 2334; baseline -0.004 -17"><span class='ocrx_word' id='word_1_162' title='bbox 234 2264 313 2334; x_wconf 81' lang='grc' dir='ltr'>τῷ</span> <span class='ocrx_word' id='word_1_163' title='bbox 353 2264 441 2316; x_wconf 79' lang='grc' dir='ltr'>τὸν</span> <span class='ocrx_word' id='word_1_164' title='bbox 475 2264 693 2334; x_wconf 82' lang='grc' dir='ltr'>Πατέρα</span> <span class='ocrx_word' id='word_1_165' title='bbox 735 2263 842 2315; x_wconf 80' lang='grc' dir='ltr'>δεῖν</span> <span class='ocrx_word' id='word_1_166' title='bbox 872 2261 1086 2333; x_wconf 84' lang='grc' dir='ltr'>ἀληθῶς</span> <span class='ocrx_word' id='word_1_167' title='bbox 1121 2260 1339 2332; x_wconf 88' lang='grc' dir='ltr'>Πατέρα</span> <span class='ocrx_word' id='word_1_168' title='bbox 1371 2260 1673 2329; x_wconf 83' lang='grc' dir='ltr'>ὁμολογεῖν,</span> <span class='ocrx_word' id='word_1_169' title='bbox 1718 2258 1813 2311; x_wconf 93' lang='lat' dir='ltr'><strong>ml.</strong></span> 
     </span>
    </p>
   </div>
   <div class='ocr_carea' id='block_1_24' title="bbox 234 2349 1812 2425">
    <p class='ocr_par' dir='ltr' id='par_1_24' title="bbox 234 2349 1812 2425">
     <span class='ocr_line' id='line_1_24' title="bbox 234 2349 1812 2425; baseline -0.004 -16"><span class='ocrx_word' id='word_1_170' title='bbox 234 2356 325 2409; x_wconf 81' lang='grc' dir='ltr'><strong>τὸν</strong></span> <span class='ocrx_word' id='word_1_171' title='bbox 354 2356 482 2408; x_wconf 85' lang='grc' dir='ltr'>Υίὺν</span> <span class='ocrx_word' id='word_1_172' title='bbox 510 2354 725 2425; x_wconf 82' lang='grc' dir='ltr'>ἀληθῶς</span> <span class='ocrx_word' id='word_1_173' title='bbox 774 2354 920 2417; x_wconf 78' lang='grc' dir='ltr'>Υίὸν,</span> <span class='ocrx_word' id='word_1_174' title='bbox 971 2354 1063 2406; x_wconf 89' lang='lat' dir='ltr'><strong>ml.</strong></span> <span class='ocrx_word' id='word_1_175' title='bbox 1094 2353 1154 2405; x_wconf 83' lang='grc' dir='ltr'><strong>τὸ</strong></span> <span class='ocrx_word' id='word_1_176' title='bbox 1192 2353 1343 2419; x_wconf 83' lang='grc' dir='ltr'>ἆγιον</span> <span class='ocrx_word' id='word_1_177' title='bbox 1374 2350 1597 2421; x_wconf 83' lang='grc' dir='ltr'>Πνεῦμα</span> <span class='ocrx_word' id='word_1_178' title='bbox 1634 2349 1812 2404; x_wconf 83' lang='grc' dir='ltr'>ὡσαύ-</span> 
     </span>
    </p>
   </div>
   <div class='ocr_carea' id='block_1_25' title="bbox 234 2442 1812 2517">
    <p class='ocr_par' dir='ltr' id='par_1_25' title="bbox 234 2442 1812 2517">
     <span class='ocr_line' id='line_1_25' title="bbox 234 2442 1812 2517; baseline -0.003 -18"><span class='ocrx_word' id='word_1_179' title='bbox 234 2464 360 2509; x_wconf 86' lang='grc' dir='ltr'>τως.</span> <span class='ocrx_word' id='word_1_180' title='bbox 388 2445 548 2499; x_wconf 87' lang='grc' dir='ltr'>Ὅθεν</span> <span class='ocrx_word' id='word_1_181' title='bbox 582 2444 709 2517; x_wconf 78' lang='grc' dir='ltr'>ἑξῆς</span> <span class='ocrx_word' id='word_1_182' title='bbox 751 2445 838 2499; x_wconf 83' lang='grc' dir='ltr'><strong>διὰ</strong></span> <span class='ocrx_word' id='word_1_183' title='bbox 889 2443 1240 2514; x_wconf 86' lang='grc' dir='ltr'>μακροτέρων</span> <span class='ocrx_word' id='word_1_184' title='bbox 1285 2442 1675 2506; x_wconf 76' lang='grc' dir='ltr'>ἀνασκευάζειν</span> <span class='ocrx_word' id='word_1_185' title='bbox 1722 2442 1812 2494; x_wconf 86' lang='grc' dir='ltr'><strong>τὸν</strong></span> 
     </span>
    </p>
   </div>
   <div class='ocr_carea' id='block_1_26' title="bbox 237 2534 1815 2608">
    <p class='ocr_par' dir='ltr' id='par_1_26' title="bbox 237 2534 1815 2608">
     <span class='ocr_line' id='line_1_26' title="bbox 237 2534 1815 2608; baseline -0.002 -18"><span class='ocrx_word' id='word_1_186' title='bbox 237 2538 364 2608; x_wconf 75' lang='grc' dir='ltr'>περὶ</span> <span class='ocrx_word' id='word_1_187' title='bbox 396 2536 598 2590; x_wconf 90' lang='grc' dir='ltr'>τούτων</span> <span class='ocrx_word' id='word_1_188' title='bbox 647 2537 898 2607; x_wconf 72' lang='grc' dir='ltr'>πειρᾶται</span> <span class='ocrx_word' id='word_1_189' title='bbox 927 2535 1102 2603; x_wconf 85' lang='grc' dir='ltr'>λόγον.</span> <span class='ocrx_word' id='word_1_190' title='bbox 1140 2534 1307 2587; x_wconf 79' lang='grc' dir='ltr'>Ψιλὸν</span> <span class='ocrx_word' id='word_1_191' title='bbox 1332 2534 1441 2605; x_wconf 82' lang='grc' dir='ltr'>γὰρ</span> <span class='ocrx_word' id='word_1_192' title='bbox 1491 2534 1584 2587; x_wconf 79' lang='lat' dir='ltr'><strong>ml.</strong></span> <span class='ocrx_word' id='word_1_193' title='bbox 1616 2534 1693 2605; x_wconf 81' lang='grc' dir='ltr'>τῷ</span> <span class='ocrx_word' id='word_1_194' title='bbox 1722 2535 1815 2587; x_wconf 81' lang='grc' dir='ltr'><strong>ἀν-</strong></span> 
     </span>
    </p>
   </div>
   <div class='ocr_carea' id='block_1_27' title="bbox 235 2622 1814 2696">
    <p class='ocr_par' dir='ltr' id='par_1_27' title="bbox 235 2622 1814 2696">
     <span class='ocr_line' id='line_1_27' title="bbox 235 2622 1814 2696; baseline -0.003 -17"><span class='ocrx_word' id='word_1_195' title='bbox 235 2626 485 2696; x_wconf 85' lang='grc' dir='ltr'>θρωπείῳ</span> <span class='ocrx_word' id='word_1_196' title='bbox 514 2625 656 2695; x_wconf 84' lang='grc' dir='ltr'>λόγῳ</span> <span class='ocrx_word' id='word_1_197' title='bbox 676 2626 879 2695; x_wconf 82' lang='grc' dir='ltr'>ὅμοιον,</span> <span class='ocrx_word' id='word_1_198' title='bbox 903 2625 1023 2694; x_wconf 79' lang='grc' dir='ltr'>οὐχὶ</span> <span class='ocrx_word' id='word_1_199' title='bbox 1046 2623 1101 2675; x_wconf 82' lang='grc' dir='ltr'><strong>δὲ</strong></span> <span class='ocrx_word' id='word_1_200' title='bbox 1130 2624 1256 2677; x_wconf 83' lang='grc' dir='ltr'>Υίὸν</span> <span class='ocrx_word' id='word_1_201' title='bbox 1275 2622 1490 2693; x_wconf 80' lang='grc' dir='ltr'>ἀληθῶς</span> <span class='ocrx_word' id='word_1_202' title='bbox 1511 2622 1687 2688; x_wconf 79' lang='grc' dir='ltr'>ζῶντα</span> <span class='ocrx_word' id='word_1_203' title='bbox 1721 2622 1814 2675; x_wconf 88' lang='lat' dir='ltr'><strong>ml.</strong></span> 
     </span>
    </p>
   </div>
   <div class='ocr_carea' id='block_1_28' title="bbox 236 2711 1814 2786">
    <p class='ocr_par' dir='ltr' id='par_1_28' title="bbox 236 2711 1814 2786">
     <span class='ocr_line' id='line_1_28' title="bbox 236 2711 1814 2786; baseline -0.003 -17"><span class='ocrx_word' id='word_1_204' title='bbox 236 2716 536 2785; x_wconf 83' lang='grc' dir='ltr'>ὑφεστῶτα,</span> <span class='ocrx_word' id='word_1_205' title='bbox 589 2716 678 2769; x_wconf 82' lang='grc' dir='ltr'><strong>τὸν</strong></span> <span class='ocrx_word' id='word_1_206' title='bbox 717 2716 948 2786; x_wconf 83' lang='grc' dir='ltr'>Χριστὸν</span> <span class='ocrx_word' id='word_1_207' title='bbox 983 2711 1119 2767; x_wconf 78' lang='grc' dir='ltr'>εἶναι</span> <span class='ocrx_word' id='word_1_208' title='bbox 1156 2713 1435 2784; x_wconf 82' lang='grc' dir='ltr'>ὁμολογεῖν</span> <span class='ocrx_word' id='word_1_209' title='bbox 1462 2712 1655 2768; x_wconf 76' lang='grc' dir='ltr'>ἐθέλει.</span> <span class='ocrx_word' id='word_1_210' title='bbox 1704 2714 1814 2766; x_wconf 76' lang='grc' dir='ltr'>Καὶ</span> 
     </span>
    </p>
   </div>
   <div class='ocr_carea' id='block_1_29' title="bbox 234 2801 1810 2878">
    <p class='ocr_par' dir='ltr' id='par_1_29' title="bbox 234 2801 1810 2878">
     <span class='ocr_line' id='line_1_29' title="bbox 234 2801 1810 2878; baseline -0.002 -18"><span class='ocrx_word' id='word_1_211' title='bbox 234 2807 421 2878; x_wconf 77' lang='grc' dir='ltr'>ἐπειδὴ</span> <span class='ocrx_word' id='word_1_212' title='bbox 441 2806 640 2876; x_wconf 84' lang='grc' dir='ltr'>ταύτην</span> <span class='ocrx_word' id='word_1_213' title='bbox 665 2801 784 2858; x_wconf 79' lang='grc' dir='ltr'>εἷπε</span> <span class='ocrx_word' id='word_1_214' title='bbox 814 2804 1144 2859; x_wconf 76' lang='grc' dir='ltr'>ἐπινοεῖσθαι</span> <span class='ocrx_word' id='word_1_215' title='bbox 1178 2803 1271 2857; x_wconf 89' lang='grc' dir='ltr'><strong>νῦν</strong></span> <span class='ocrx_word' id='word_1_216' title='bbox 1300 2804 1530 2875; x_wconf 82' lang='grc' dir='ltr'>αἵρεσιν,</span> <span class='ocrx_word' id='word_1_217' title='bbox 1552 2802 1810 2867; x_wconf 86' lang='grc' dir='ltr'>δεικτέον,</span> 
     </span>
    </p>
   </div>
   <div class='ocr_carea' id='block_1_30' title="bbox 233 2896 1815 2970">
    <p class='ocr_par' dir='ltr' id='par_1_30' title="bbox 233 2896 1815 2970">
     <span class='ocr_line' id='line_1_30' title="bbox 233 2896 1815 2970; baseline -0.002 -18"><span class='ocrx_word' id='word_1_218' title='bbox 233 2899 309 2962; x_wconf 84' lang='grc' dir='ltr'>ὡς</span> <span class='ocrx_word' id='word_1_219' title='bbox 337 2898 561 2970; x_wconf 86' lang='grc' dir='ltr'>προῖὼν,</span> <span class='ocrx_word' id='word_1_220' title='bbox 579 2899 882 2969; x_wconf 85' lang='grc' dir='ltr'>Ὠριγένους</span> <span class='ocrx_word' id='word_1_221' title='bbox 899 2898 993 2951; x_wconf 90' lang='grc' dir='ltr'><strong>τοῦ</strong></span> <span class='ocrx_word' id='word_1_222' title='bbox 1022 2896 1187 2950; x_wconf 83' lang='grc' dir='ltr'>πάλαι</span> <span class='ocrx_word' id='word_1_223' title='bbox 1204 2897 1279 2965; x_wconf 74' lang='lat'><strong>(2)</strong></span> <span class='ocrx_word' id='word_1_224' title='bbox 1294 2896 1582 2967; x_wconf 78' lang='grc' dir='ltr'>γενομένου</span> <span class='ocrx_word' id='word_1_225' title='bbox 1607 2898 1815 2968; x_wconf 82' lang='grc' dir='ltr'>μέμνη-</span> 
     </span>
    </p>
   </div>
   <div class='ocr_carea' id='block_1_31' title="bbox 232 2988 1811 3060">
    <p class='ocr_par' dir='ltr' id='par_1_31' title="bbox 232 2988 1811 3060">
     <span class='ocr_line' id='line_1_31' title="bbox 232 2988 1811 3060; baseline -0.001 -17"><span class='ocrx_word' id='word_1_226' title='bbox 232 3007 323 3044; x_wconf 91' lang='grc' dir='ltr'><strong>ται</strong></span> <span class='ocrx_word' id='word_1_227' title='bbox 363 2990 440 3053; x_wconf 82' lang='grc' dir='ltr'>ὠς</span> <span class='ocrx_word' id='word_1_228' title='bbox 472 2988 850 3060; x_wconf 83' lang='grc' dir='ltr'>όμοδοξοῦντος</span> <span class='ocrx_word' id='word_1_229' title='bbox 881 2992 991 3053; x_wconf 86' lang='grc' dir='ltr'>τοῖς</span> <span class='ocrx_word' id='word_1_230' title='bbox 1026 2990 1143 3043; x_wconf 73' lang='grc' dir='ltr'>νυνὶ</span> <span class='ocrx_word' id='word_1_231' title='bbox 1170 2990 1309 3060; x_wconf 85' lang='grc' dir='ltr'>πρὸς</span> <span class='ocrx_word' id='word_1_232' title='bbox 1336 2988 1499 3041; x_wconf 85' lang='grc' dir='ltr'>αὑτοῦ</span> <span class='ocrx_word' id='word_1_233' title='bbox 1530 2988 1811 3042; x_wconf 80' lang='grc' dir='ltr'>διαϐαλλο-</span> 
     </span>
    </p>
   </div>
   <div class='ocr_carea' id='block_1_32' title="bbox 237 3079 1813 3153">
    <p class='ocr_par' dir='ltr' id='par_1_32' title="bbox 237 3079 1813 3153">
     <span class='ocr_line' id='line_1_32' title="bbox 237 3079 1813 3153; baseline -0.001 -19"><span class='ocrx_word' id='word_1_234' title='bbox 237 3083 435 3153; x_wconf 84' lang='grc' dir='ltr'>μένοις.</span> <span class='ocrx_word' id='word_1_235' title='bbox 477 3080 615 3151; x_wconf 87' lang='grc' dir='ltr'>Ἐγὼ</span> <span class='ocrx_word' id='word_1_236' title='bbox 641 3082 697 3134; x_wconf 85' lang='grc' dir='ltr'><strong>δὲ</strong></span> <span class='ocrx_word' id='word_1_237' title='bbox 725 3083 817 3135; x_wconf 81' lang='grc' dir='ltr'><strong>καὶ</strong></span> <span class='ocrx_word' id='word_1_238' title='bbox 855 3082 1159 3153; x_wconf 85' lang='grc' dir='ltr'>Ὠριγένους</span> <span class='ocrx_word' id='word_1_239' title='bbox 1192 3079 1579 3151; x_wconf 88' lang='grc' dir='ltr'>παλαιωτέρων</span> <span class='ocrx_word' id='word_1_240' title='bbox 1607 3079 1813 3151; x_wconf 84' lang='grc' dir='ltr'>ἀνδρῶν</span> 
     </span>
    </p>
   </div>
   <div class='ocr_carea' id='block_1_33' title="bbox 235 3172 1813 3245">
    <p class='ocr_par' dir='ltr' id='par_1_33' title="bbox 235 3172 1813 3245">
     <span class='ocr_line' id='line_1_33' title="bbox 235 3172 1813 3245; baseline -0.001 -18"><span class='ocrx_word' id='word_1_241' title='bbox 235 3174 505 3238; x_wconf 82' lang='grc' dir='ltr'>πλείστοις</span> <span class='ocrx_word' id='word_1_242' title='bbox 528 3175 673 3238; x_wconf 81' lang='grc' dir='ltr'>ὅσοις</span> <span class='ocrx_word' id='word_1_243' title='bbox 699 3174 1171 3245; x_wconf 82' lang='grc' dir='ltr'>ὲκκλησιαστικοῖς</span> <span class='ocrx_word' id='word_1_244' title='bbox 1205 3172 1634 3244; x_wconf 84' lang='grc' dir='ltr'>συγγράμμασιν</span> <span class='ocrx_word' id='word_1_245' title='bbox 1665 3174 1813 3225; x_wconf 83' lang='grc' dir='ltr'>ὲντε-</span> 
     </span>
    </p>
   </div>
   <div class='ocr_carea' id='block_1_34' title="bbox 232 3264 1884 3367">
    <p class='ocr_par' dir='ltr' id='par_1_34' title="bbox 232 3264 1884 3367">
     <span class='ocr_line' id='line_1_34' title="bbox 232 3264 1884 3367; baseline 0 -48"><span class='ocrx_word' id='word_1_246' title='bbox 232 3265 466 3337; x_wconf 84' lang='grc' dir='ltr'>τύχηκα,</span> <span class='ocrx_word' id='word_1_247' title='bbox 492 3266 806 3319; x_wconf 74' lang='grc' dir='ltr'>ἐπισκόπων</span> <span class='ocrx_word' id='word_1_248' title='bbox 838 3283 898 3319; x_wconf 86' lang='grc' dir='ltr'><strong>τε</strong></span> <span class='ocrx_word' id='word_1_249' title='bbox 922 3266 1015 3319; x_wconf 88' lang='lat' dir='ltr'><strong>ml.</strong></span> <span class='ocrx_word' id='word_1_250' title='bbox 1038 3266 1270 3367; x_wconf 61' lang='grc' dir='ltr'>συνόδων</span> <span class='ocrx_word' id='word_1_251' title='bbox 1295 3264 1603 3329; x_wconf 78' lang='grc' dir='ltr'>ἐπιστολαῖς</span> <span class='ocrx_word' id='word_1_252' title='bbox 1631 3265 1816 3335; x_wconf 87' lang='grc' dir='ltr'>διαφό-</span> <span class='ocrx_word' id='word_1_253' title='bbox 1842 3312 1884 3367; x_wconf 77' lang='lat' dir='ltr'><strong>C</strong></span> 
     </span>
    </p>
   </div>
   <div class='ocr_carea' id='block_1_35' title="bbox 236 3351 1814 3430">
    <p class='ocr_par' dir='ltr' id='par_1_35' title="bbox 236 3351 1814 3430">
     <span class='ocr_line' id='line_1_35' title="bbox 236 3351 1814 3430; baseline 0.001 -20"><span class='ocrx_word' id='word_1_254' title='bbox 236 3375 369 3428; x_wconf 85' lang='grc' dir='ltr'>ροις,</span> <span class='ocrx_word' id='word_1_255' title='bbox 405 3358 678 3430; x_wconf 86' lang='grc' dir='ltr'>πρόπαλαι</span> <span class='ocrx_word' id='word_1_256' title='bbox 713 3358 1061 3429; x_wconf 83' lang='grc' dir='ltr'>γραφείσαις,</span> <span class='ocrx_word' id='word_1_257' title='bbox 1092 3357 1159 3410; x_wconf 88' lang='grc' dir='ltr'><strong>δι’</strong></span> <span class='ocrx_word' id='word_1_258' title='bbox 1189 3351 1267 3411; x_wconf 81' lang='grc' dir='ltr'>ὧν</span> <span class='ocrx_word' id='word_1_259' title='bbox 1297 3353 1377 3421; x_wconf 75' lang='grc' dir='ltr'>εἷς</span> <span class='ocrx_word' id='word_1_260' title='bbox 1414 3358 1506 3411; x_wconf 83' lang='grc' dir='ltr'>κα),</span> <span class='ocrx_word' id='word_1_261' title='bbox 1537 3360 1565 3410; x_wconf 93' lang='lat'><strong>6</strong></span> <span class='ocrx_word' id='word_1_262' title='bbox 1598 3357 1758 3421; x_wconf 80' lang='grc' dir='ltr'>αὐτὸς</span> <span class='ocrx_word' id='word_1_263' title='bbox 1786 3360 1814 3411; x_wconf 91' lang='lat'><strong>6</strong></span> 
     </span>
    </p>
   </div>
   <div class='ocr_carea' id='block_1_36' title="bbox 233 3446 1815 3519">
    <p class='ocr_par' dir='ltr' id='par_1_36' title="bbox 233 3446 1815 3519">
     <span class='ocr_line' id='line_1_36' title="bbox 233 3446 1815 3519; baseline 0.001 -19"><span class='ocrx_word' id='word_1_264' title='bbox 233 3446 334 3515; x_wconf 81' lang='grc' dir='ltr'>τῆς</span> <span class='ocrx_word' id='word_1_265' title='bbox 362 3448 593 3511; x_wconf 89' lang='grc' dir='ltr'>πίστεως</span> <span class='ocrx_word' id='word_1_266' title='bbox 623 3448 909 3519; x_wconf 82' lang='grc' dir='ltr'>χαρακτὴρ</span> <span class='ocrx_word' id='word_1_267' title='bbox 942 3447 1348 3501; x_wconf 83' lang='grc' dir='ltr'>ἀποδείκνυται.</span> <span class='ocrx_word' id='word_1_268' title='bbox 1375 3448 1489 3500; x_wconf 80' lang='grc' dir='ltr'>Οὐκ</span> <span class='ocrx_word' id='word_1_269' title='bbox 1512 3448 1685 3519; x_wconf 84' lang='grc' dir='ltr'>ὀρθῶς</span> <span class='ocrx_word' id='word_1_270' title='bbox 1707 3447 1815 3519; x_wconf 72' lang='grc' dir='ltr'>ἄρα</span> 
     </span>
    </p>
   </div>
   <div class='ocr_carea' id='block_1_37' title="bbox 232 3538 1815 3610">
    <p class='ocr_par' dir='ltr' id='par_1_37' title="bbox 232 3538 1815 3610">
     <span class='ocr_line' id='line_1_37' title="bbox 232 3538 1815 3610; baseline 0.001 -19"><span class='ocrx_word' id='word_1_271' title='bbox 232 3538 584 3610; x_wconf 76' lang='grc' dir='ltr'>διαϐέϐληκεν</span> <span class='ocrx_word' id='word_1_272' title='bbox 617 3539 788 3593; x_wconf 80' lang='grc' dir='ltr'>εἰπὼν</span> <span class='ocrx_word' id='word_1_273' title='bbox 844 3538 1173 3593; x_wconf 70' lang='grc' dir='ltr'>ἐπινοεῖσθαι</span> <span class='ocrx_word' id='word_1_274' title='bbox 1207 3539 1305 3610; x_wconf 84' lang='grc' dir='ltr'>τὴν</span> <span class='ocrx_word' id='word_1_275' title='bbox 1334 3539 1427 3594; x_wconf 90' lang='grc' dir='ltr'><strong>νῦν</strong></span> <span class='ocrx_word' id='word_1_276' title='bbox 1462 3541 1673 3609; x_wconf 77' lang='grc' dir='ltr'>αἵρεσιν</span> <span class='ocrx_word' id='word_1_277' title='bbox 1711 3541 1815 3593; x_wconf 84' lang='grc' dir='ltr'><strong>ὑπὸ</strong></span> 
     </span>
    </p>
   </div>
   <div class='ocr_carea' id='block_1_38' title="bbox 233 3629 1811 3703">
    <p class='ocr_par' dir='ltr' id='par_1_38' title="bbox 233 3629 1811 3703">
     <span class='ocr_line' id='line_1_38' title="bbox 233 3629 1811 3703; baseline 0.001 -19"><span class='ocrx_word' id='word_1_278' title='bbox 233 3630 343 3684; x_wconf 85' lang='grc' dir='ltr'><strong>τῶν</strong></span> <span class='ocrx_word' id='word_1_279' title='bbox 365 3630 816 3701; x_wconf 76' lang='grc' dir='ltr'>διαϐαλλομένων.</span> <span class='ocrx_word' id='word_1_280' title='bbox 836 3629 990 3685; x_wconf 86' lang='grc' dir='ltr'>Μετὰ</span> <span class='ocrx_word' id='word_1_281' title='bbox 1010 3630 1182 3685; x_wconf 78' lang='grc' dir='ltr'>ταῦτα</span> <span class='ocrx_word' id='word_1_282' title='bbox 1212 3631 1405 3702; x_wconf 89' lang='grc' dir='ltr'>μικρὸν</span> <span class='ocrx_word' id='word_1_283' title='bbox 1433 3631 1730 3703; x_wconf 85' lang='grc' dir='ltr'>προελθὼν,</span> <span class='ocrx_word' id='word_1_284' title='bbox 1750 3634 1811 3685; x_wconf 84' lang='grc' dir='ltr'><strong>ού</strong></span> 
     </span>
    </p>
   </div>
   <div class='ocr_carea' id='block_1_39' title="bbox 231 3719 1811 3793">
    <p class='ocr_par' dir='ltr' id='par_1_39' title="bbox 231 3719 1811 3793">
     <span class='ocr_line' id='line_1_39' title="bbox 231 3719 1811 3793; baseline 0.001 -18"><span class='ocrx_word' id='word_1_285' title='bbox 231 3722 325 3775; x_wconf 81' lang='grc' dir='ltr'><strong>τὸν</strong></span> <span class='ocrx_word' id='word_1_286' title='bbox 353 3722 625 3793; x_wconf 83' lang='grc' dir='ltr'>Ἀστέριον</span> <span class='ocrx_word' id='word_1_287' title='bbox 652 3722 830 3793; x_wconf 86' lang='grc' dir='ltr'>μόνον,</span> <span class='ocrx_word' id='word_1_288' title='bbox 855 3719 989 3776; x_wconf 81' lang='grc' dir='ltr'>ἀλλὰ</span> <span class='ocrx_word' id='word_1_289' title='bbox 1011 3723 1102 3775; x_wconf 78' lang='grc' dir='ltr'>καὶ</span> <span class='ocrx_word' id='word_1_290' title='bbox 1129 3722 1220 3775; x_wconf 83' lang='grc' dir='ltr'><strong>τὸν</strong></span> <span class='ocrx_word' id='word_1_291' title='bbox 1240 3722 1413 3792; x_wconf 88' lang='grc' dir='ltr'>μέγαν</span> <span class='ocrx_word' id='word_1_292' title='bbox 1428 3721 1687 3775; x_wconf 77' lang='grc' dir='ltr'>Εὐσέϐιον</span> <span class='ocrx_word' id='word_1_293' title='bbox 1711 3722 1811 3793; x_wconf 78' lang='lat'><strong>(5),</strong></span> 
     </span>
    </p>
   </div>
   <div class='ocr_carea' id='block_1_40' title="bbox 232 3808 1818 3885">
    <p class='ocr_par' dir='ltr' id='par_1_40' title="bbox 232 3808 1818 3885">
     <span class='ocr_line' id='line_1_40' title="bbox 232 3808 1818 3885; baseline -0.001 -16"><span class='ocrx_word' id='word_1_294' title='bbox 232 3808 297 3869; x_wconf 77' lang='grc' dir='ltr'>οὗ</span> <span class='ocrx_word' id='word_1_295' title='bbox 352 3814 453 3885; x_wconf 84' lang='grc' dir='ltr'>τῆς</span> <span class='ocrx_word' id='word_1_296' title='bbox 513 3814 816 3885; x_wconf 78' lang='grc' dir='ltr'>ἐπισκοπῆς</span> <span class='ocrx_word' id='word_1_297' title='bbox 870 3813 1117 3868; x_wconf 89' lang='grc' dir='ltr'>πλεῖσται</span> <span class='ocrx_word' id='word_1_298' title='bbox 1172 3815 1264 3867; x_wconf 77' lang='grc' dir='ltr'>καὶ</span> <span class='ocrx_word' id='word_1_299' title='bbox 1321 3813 1596 3882; x_wconf 84' lang='grc' dir='ltr'>διαφανεῖς</span> <span class='ocrx_word' id='word_1_300' title='bbox 1646 3815 1818 3885; x_wconf 82' lang='grc' dir='ltr'>ὲπαρ-</span> 
     </span>
    </p>
   </div>
   <div class='ocr_carea' id='block_1_41' title="bbox 232 3904 1817 3976">
    <p class='ocr_par' dir='ltr' id='par_1_41' title="bbox 232 3904 1817 3976">
     <span class='ocr_line' id='line_1_41' title="bbox 232 3904 1817 3976; baseline 0.001 -21"><span class='ocrx_word' id='word_1_301' title='bbox 232 3904 347 3976; x_wconf 65' lang='grc' dir='ltr'>χίαι</span> <span class='ocrx_word' id='word_1_302' title='bbox 395 3922 453 3957; x_wconf 88' lang='grc' dir='ltr'><strong>τε</strong></span> <span class='ocrx_word' id='word_1_303' title='bbox 500 3906 593 3957; x_wconf 87' lang='lat' dir='ltr'><strong>ml.</strong></span> <span class='ocrx_word' id='word_1_304' title='bbox 642 3905 825 3967; x_wconf 89' lang='grc' dir='ltr'>πόλεις</span> <span class='ocrx_word' id='word_1_305' title='bbox 862 3904 1319 3976; x_wconf 86' lang='grc' dir='ltr'>μετεποιήθησαν,</span> <span class='ocrx_word' id='word_1_306' title='bbox 1356 3904 1541 3968; x_wconf 85' lang='grc' dir='ltr'>κακῶς</span> <span class='ocrx_word' id='word_1_307' title='bbox 1565 3904 1817 3976; x_wconf 81' lang='grc' dir='ltr'>ἀγορεύει</span> 
     </span>
    </p>
   </div>
   <div class='ocr_carea' id='block_1_42' title="bbox 229 3986 1816 4065">
    <p class='ocr_par' dir='ltr' id='par_1_42' title="bbox 229 3986 1816 4065">
     <span class='ocr_line' id='line_1_42' title="bbox 229 3986 1816 4065; baseline 0.001 -20"><span class='ocrx_word' id='word_1_308' title='bbox 229 3990 419 4047; x_wconf 83' lang='grc' dir='ltr'>τοῦτον</span> <span class='ocrx_word' id='word_1_309' title='bbox 446 3994 537 4046; x_wconf 85' lang='grc' dir='ltr'><strong>τὸν</strong></span> <span class='ocrx_word' id='word_1_310' title='bbox 560 3994 767 4065; x_wconf 82' lang='grc' dir='ltr'>τρόπον</span> <span class='ocrx_word' id='word_1_311' title='bbox 787 4010 800 4023; x_wconf 85' lang='lat'><strong>&#39;</strong></span> <span class='ocrx_word' id='word_1_312' title='bbox 834 4011 853 4045; x_wconf 81' lang='grc' dir='ltr'><strong>ι</strong></span> <span class='ocrx_word' id='word_1_313' title='bbox 898 3994 1230 4065; x_wconf 80' lang='grc' dir='ltr'>’Υπομνήσω</span> <span class='ocrx_word' id='word_1_314' title='bbox 1255 3993 1311 4046; x_wconf 85' lang='grc' dir='ltr'>δέ</span> <span class='ocrx_word' id='word_1_315' title='bbox 1338 4011 1419 4057; x_wconf 91' lang='grc' dir='ltr'><strong>σε,</strong></span> <span class='ocrx_word' id='word_1_316' title='bbox 1444 3986 1519 4048; x_wconf 82' lang='grc' dir='ltr'>ὧν</span> <span class='ocrx_word' id='word_1_317' title='bbox 1548 3994 1710 4057; x_wconf 82' lang='grc' dir='ltr'>αὐτὸς</span> <span class='ocrx_word' id='word_1_318' title='bbox 1730 3995 1816 4063; x_wconf 89' lang='grc' dir='ltr'>γέ-</span> 
     </span>
    </p>
   </div>
   <div class='ocr_carea' id='block_1_43' title="bbox 236 4085 1815 4158">
    <p class='ocr_par' dir='ltr' id='par_1_43' title="bbox 236 4085 1815 4158">
     <span class='ocr_line' id='line_1_43' title="bbox 236 4085 1815 4158; baseline 0.003 -22"><span class='ocrx_word' id='word_1_319' title='bbox 236 4104 256 4136; x_wconf 77' lang='grc'><strong>(</strong></span> <span class='ocrx_word' id='word_1_320' title='bbox 305 4101 481 4156; x_wconf 81' lang='grc' dir='ltr'>γραφε</span> <span class='ocrx_word' id='word_1_321' title='bbox 509 4086 893 4157; x_wconf 81' lang='grc' dir='ltr'>συνιστάμενος</span> <span class='ocrx_word' id='word_1_322' title='bbox 920 4089 1030 4149; x_wconf 85' lang='grc' dir='ltr'>τοῖς</span> <span class='ocrx_word' id='word_1_323' title='bbox 1056 4085 1243 4149; x_wconf 86' lang='grc' dir='ltr'>κακῶς</span> <span class='ocrx_word' id='word_1_324' title='bbox 1264 4085 1368 4139; x_wconf 81' lang='grc' dir='ltr'>ὑπὸ</span> <span class='ocrx_word' id='word_1_325' title='bbox 1398 4086 1657 4139; x_wconf 79' lang='grc' dir='ltr'>Εὑσεὸίου</span> <span class='ocrx_word' id='word_1_326' title='bbox 1681 4103 1815 4158; x_wconf 88' lang='grc' dir='ltr'>γρα-</span> 
     </span>
    </p>
   </div>
   <div class='ocr_carea' id='block_1_44' title="bbox 236 4177 1815 4250">
    <p class='ocr_par' dir='ltr' id='par_1_44' title="bbox 236 4177 1815 4250">
     <span class='ocr_line' id='line_1_44' title="bbox 236 4177 1815 4250; baseline 0.003 -21"><span class='ocrx_word' id='word_1_327' title='bbox 236 4196 256 4229; x_wconf 76' lang='grc' dir='ltr'><strong>σ</strong></span> <span class='ocrx_word' id='word_1_328' title='bbox 306 4181 470 4245; x_wconf 83' lang='grc' dir='ltr'>φεῖσι,</span> <span class='ocrx_word' id='word_1_329' title='bbox 488 4179 575 4232; x_wconf 81' lang='grc' dir='ltr'>ἵνα</span> <span class='ocrx_word' id='word_1_330' title='bbox 589 4177 751 4249; x_wconf 81' lang='grc' dir='ltr'>γνῷς,</span> <span class='ocrx_word' id='word_1_331' title='bbox 777 4179 858 4231; x_wconf 85' lang='grc' dir='ltr'>ὄτι</span> <span class='ocrx_word' id='word_1_332' title='bbox 890 4179 1181 4247; x_wconf 84' lang='grc' dir='ltr'>ἀφίσταται</span> <span class='ocrx_word' id='word_1_333' title='bbox 1209 4178 1394 4246; x_wconf 87' lang='grc' dir='ltr'>σαφῶς</span> <span class='ocrx_word' id='word_1_334' title='bbox 1421 4178 1522 4248; x_wconf 81' lang='grc' dir='ltr'>τῆς</span> <span class='ocrx_word' id='word_1_335' title='bbox 1544 4179 1815 4250; x_wconf 89' lang='grc' dir='ltr'>προτέρας</span> 
     </span>
    </p>
   </div>
   <div class='ocr_carea' id='block_1_45' title="bbox 237 4269 1810 4341">
    <p class='ocr_par' dir='ltr' id='par_1_45' title="bbox 237 4269 1810 4341">
     <span class='ocr_line' id='line_1_45' title="bbox 237 4269 1810 4341; baseline 0.002 -21"><span class='ocrx_word' id='word_1_336' title='bbox 237 4288 257 4320; x_wconf 81' lang='grc' dir='ltr'><strong>ι</strong></span> <span class='ocrx_word' id='word_1_337' title='bbox 306 4270 663 4339; x_wconf 83' lang='grc' dir='ltr'>ἀπαγγελίας.</span> <span class='ocrx_word' id='word_1_338' title='bbox 702 4270 1091 4341; x_wconf 76' lang='grc' dir='ltr'>Γέγραφε”γὰρ</span> <span class='ocrx_word' id='word_1_339' title='bbox 1125 4271 1316 4334; x_wconf 82' lang='grc' dir='ltr'>αὑταῖς</span> <span class='ocrx_word' id='word_1_340' title='bbox 1366 4269 1573 4334; x_wconf 82' lang='grc' dir='ltr'>λέξεσιν</span> <span class='ocrx_word' id='word_1_341' title='bbox 1612 4270 1810 4334; x_wconf 74' lang='grc' dir='ltr'>οὕτως·</span> 
     </span>
    </p>
   </div>
   <div class='ocr_carea' id='block_1_46' title="bbox 311 4474 1005 4545">
    <p class='ocr_par' dir='ltr' id='par_1_46' title="bbox 311 4474 1005 4545">
     <span class='ocr_line' id='line_1_46' title="bbox 311 4474 1005 4545; baseline 0.001 -17"><span class='ocrx_word' id='word_1_342' title='bbox 311 4482 368 4539; x_wconf 55' lang='grc' dir='ltr'>ᾖ</span> <span class='ocrx_word' id='word_1_343' title='bbox 402 4474 499 4529; x_wconf 87' lang='lat' dir='ltr'><strong>Ed.</strong></span> <span class='ocrx_word' id='word_1_344' title='bbox 538 4476 735 4539; x_wconf 81' lang='lat' dir='ltr'><strong>Paris.,</strong></span> <span class='ocrx_word' id='word_1_345' title='bbox 761 4492 878 4545; x_wconf 80' lang='lat' dir='ltr'><strong>pag.</strong></span> <span class='ocrx_word' id='word_1_346' title='bbox 914 4476 1005 4530; x_wconf 69' lang='lat'><strong>20.</strong></span> 
     </span>
    </p>
   </div>
   <div class='ocr_carea' id='block_1_47' title="bbox 1920 700 3489 761">
    <p class='ocr_par' dir='ltr' id='par_1_47' title="bbox 1920 700 3489 761">
     <span class='ocr_line' id='line_1_47' title="bbox 1920 700 3489 761; baseline -0.004 0"><span class='ocrx_word' id='word_1_347' title='bbox 1920 710 2096 761; x_wconf 90' lang='lat' dir='ltr'><strong>minus</strong></span> <span class='ocrx_word' id='word_1_348' title='bbox 2127 716 2271 761; x_wconf 91' lang='lat' dir='ltr'><strong>recte</strong></span> <span class='ocrx_word' id='word_1_349' title='bbox 2302 705 2515 759; x_wconf 79' lang='lat' dir='ltr'><strong>fuerant</strong></span> <span class='ocrx_word' id='word_1_350' title='bbox 2550 702 2774 758; x_wconf 65' lang='lat' dir='ltr'><strong>sancita</strong></span> <span class='ocrx_word' id='word_1_351' title='bbox 2803 717 2818 757; x_wconf 92' lang='lat'><strong>:</strong></span> <span class='ocrx_word' id='word_1_352' title='bbox 2852 720 2873 753; x_wconf 75' lang='grc' dir='ltr'><strong>ι</strong></span> <span class='ocrx_word' id='word_1_353' title='bbox 2917 700 3150 757; x_wconf 82' lang='lat' dir='ltr'><strong>Credere</strong></span> <span class='ocrx_word' id='word_1_354' title='bbox 3171 701 3313 754; x_wconf 89' lang='lat' dir='ltr'><strong>enim</strong></span> <span class='ocrx_word' id='word_1_355' title='bbox 3340 714 3399 755; x_wconf 82' lang='lat' dir='ltr'><strong>se</strong></span> <span class='ocrx_word' id='word_1_356' title='bbox 3435 701 3489 754; x_wconf 93' lang='lat' dir='ltr'><strong>in</strong></span> 
     </span>
    </p>
   </div>
   <div class='ocr_carea' id='block_1_48' title="bbox 1922 791 3491 865">
    <p class='ocr_par' dir='ltr' id='par_1_48' title="bbox 1922 791 3491 865">
     <span class='ocr_line' id='line_1_48' title="bbox 1922 791 3491 865; baseline -0.003 -14"><span class='ocrx_word' id='word_1_357' title='bbox 1922 819 1940 851; x_wconf 74' lang='grc' dir='ltr'><strong>ι</strong></span> <span class='ocrx_word' id='word_1_358' title='bbox 1990 801 2153 855; x_wconf 88' lang='lat' dir='ltr'><strong>Deum</strong></span> <span class='ocrx_word' id='word_1_359' title='bbox 2186 798 2400 852; x_wconf 87' lang='lat' dir='ltr'><strong>Patrem</strong></span> <span class='ocrx_word' id='word_1_360' title='bbox 2429 796 2876 865; x_wconf 70' lang='lat' dir='ltr'><strong>omnipotentem,</strong></span> <span class='ocrx_word' id='word_1_361' title='bbox 2906 798 2961 849; x_wconf 90' lang='lat' dir='ltr'><strong>et</strong></span> <span class='ocrx_word' id='word_1_362' title='bbox 3003 793 3056 847; x_wconf 92' lang='lat' dir='ltr'><strong>in</strong></span> <span class='ocrx_word' id='word_1_363' title='bbox 3084 791 3282 847; x_wconf 89' lang='lat' dir='ltr'><strong>Filium</strong></span> <span class='ocrx_word' id='word_1_364' title='bbox 3317 791 3491 863; x_wconf 82' lang='lat' dir='ltr'><strong>ipsius</strong></span> 
     </span>
    </p>
   </div>
   <div class='ocr_carea' id='block_1_49' title="bbox 1922 882 3491 960">
    <p class='ocr_par' dir='ltr' id='par_1_49' title="bbox 1922 882 3491 960">
     <span class='ocr_line' id='line_1_49' title="bbox 1922 882 3491 960; baseline -0.004 -17"><span class='ocrx_word' id='word_1_365' title='bbox 1922 912 1939 943; x_wconf 76' lang='grc' dir='ltr'><strong>ι</strong></span> <span class='ocrx_word' id='word_1_366' title='bbox 1988 888 2326 960; x_wconf 75' lang='lat' dir='ltr'><strong>unigenitum</strong></span> <span class='ocrx_word' id='word_1_367' title='bbox 2391 887 2581 951; x_wconf 88' lang='lat' dir='ltr'><strong>Deum,</strong></span> <span class='ocrx_word' id='word_1_368' title='bbox 2643 884 2933 941; x_wconf 88' lang='lat' dir='ltr'><strong>Dominum</strong></span> <span class='ocrx_word' id='word_1_369' title='bbox 2998 893 3245 939; x_wconf 89' lang='lat' dir='ltr'><strong>nostrum</strong></span> <span class='ocrx_word' id='word_1_370' title='bbox 3305 882 3491 938; x_wconf 86' lang='lat' dir='ltr'><strong>.lesum</strong></span> 
     </span>
    </p>
   </div>
   <div class='ocr_carea' id='block_1_50' title="bbox 1920 976 3492 1049">
    <p class='ocr_par' dir='ltr' id='par_1_50' title="bbox 1920 976 3492 1049">
     <span class='ocr_line' id='line_1_50' title="bbox 1920 976 3492 1049; baseline -0.004 -13"><span class='ocrx_word' id='word_1_371' title='bbox 1920 1003 1939 1036; x_wconf 78' lang='grc' dir='ltr'><strong>ι</strong></span> <span class='ocrx_word' id='word_1_372' title='bbox 1983 981 2285 1044; x_wconf 88' lang='lat' dir='ltr'><strong>Christum,</strong></span> <span class='ocrx_word' id='word_1_373' title='bbox 2318 988 2374 1033; x_wconf 89' lang='lat' dir='ltr'><strong>et</strong></span> <span class='ocrx_word' id='word_1_374' title='bbox 2426 979 2483 1033; x_wconf 88' lang='lat' dir='ltr'><strong>in</strong></span> <span class='ocrx_word' id='word_1_375' title='bbox 2535 978 2797 1049; x_wconf 88' lang='lat' dir='ltr'><strong>Spiritum</strong></span> <span class='ocrx_word' id='word_1_376' title='bbox 2844 984 3136 1033; x_wconf 88' lang='lat' dir='ltr'><strong>sanctum:</strong></span> <span class='ocrx_word' id='word_1_377' title='bbox 3170 994 3190 1028; x_wconf 73' lang='grc' dir='ltr'><strong>ι</strong></span> <span class='ocrx_word' id='word_1_378' title='bbox 3220 976 3404 1046; x_wconf 83' lang='lat' dir='ltr'><strong>aitque</strong></span> <span class='ocrx_word' id='word_1_379' title='bbox 3433 990 3492 1030; x_wconf 91' lang='lat' dir='ltr'><strong>se</strong></span> 
     </span>
    </p>
   </div>
   <div class='ocr_carea' id='block_1_51' title="bbox 1914 1066 3492 1138">
    <p class='ocr_par' dir='ltr' id='par_1_51' title="bbox 1914 1066 3492 1138">
     <span class='ocr_line' id='line_1_51' title="bbox 1914 1066 3492 1138; baseline -0.005 -9"><span class='ocrx_word' id='word_1_380' title='bbox 1914 1076 2162 1129; x_wconf 88' lang='lat' dir='ltr'><strong>edoctum</strong></span> <span class='ocrx_word' id='word_1_381' title='bbox 2196 1088 2227 1127; x_wconf 91' lang='lat' dir='ltr'><strong>e</strong></span> <span class='ocrx_word' id='word_1_382' title='bbox 2255 1072 2427 1127; x_wconf 87' lang='lat' dir='ltr'><strong>sacris</strong></span> <span class='ocrx_word' id='word_1_383' title='bbox 2466 1070 2661 1126; x_wconf 82' lang='lat' dir='ltr'><strong>litteris</strong></span> <span class='ocrx_word' id='word_1_384' title='bbox 2688 1070 2832 1126; x_wconf 87' lang='lat' dir='ltr'><strong>hanc</strong></span> <span class='ocrx_word' id='word_1_385' title='bbox 2864 1068 3081 1138; x_wconf 87' lang='lat' dir='ltr'><strong>pietatis</strong></span> <span class='ocrx_word' id='word_1_386' title='bbox 3107 1067 3334 1123; x_wconf 81' lang='lat' dir='ltr'><strong>formam</strong></span> <span class='ocrx_word' id='word_1_387' title='bbox 3354 1066 3492 1123; x_wconf 87' lang='lat' dir='ltr'><strong>didi-</strong></span> 
     </span>
    </p>
   </div>
   <div class='ocr_carea' id='block_1_52' title="bbox 1917 1157 3493 1228">
    <p class='ocr_par' dir='ltr' id='par_1_52' title="bbox 1917 1157 3493 1228">
     <span class='ocr_line' id='line_1_52' title="bbox 1917 1157 3493 1228; baseline -0.002 -13"><span class='ocrx_word' id='word_1_388' title='bbox 1917 1163 2073 1217; x_wconf 83' lang='lat' dir='ltr'><strong>cisse.</strong></span> <span class='ocrx_word' id='word_1_389' title='bbox 2097 1160 2227 1228; x_wconf 72' lang='lat' dir='ltr'><strong>Quze</strong></span> <span class='ocrx_word' id='word_1_390' title='bbox 2256 1162 2335 1215; x_wconf 90' lang='lat' dir='ltr'><strong>sic</strong></span> <span class='ocrx_word' id='word_1_391' title='bbox 2371 1162 2437 1217; x_wconf 88' lang='lat' dir='ltr'><strong>ab</strong></span> <span class='ocrx_word' id='word_1_392' title='bbox 2475 1159 2566 1214; x_wconf 92' lang='lat' dir='ltr'><strong>illo</strong></span> <span class='ocrx_word' id='word_1_393' title='bbox 2591 1160 2759 1226; x_wconf 84' lang='lat' dir='ltr'><strong>dicta,</strong></span> <span class='ocrx_word' id='word_1_394' title='bbox 2792 1158 3169 1214; x_wconf 87' lang='lat' dir='ltr'><strong>lubentissimo</strong></span> <span class='ocrx_word' id='word_1_395' title='bbox 3191 1157 3493 1227; x_wconf 85' lang='lat' dir='ltr'><strong>amplector</strong></span> 
     </span>
    </p>
   </div>
   <div class='ocr_carea' id='block_1_53' title="bbox 1917 1248 3493 1307">
    <p class='ocr_par' dir='ltr' id='par_1_53' title="bbox 1917 1248 3493 1307">
     <span class='ocr_line' id='line_1_53' title="bbox 1917 1248 3493 1307; baseline -0.003 -1"><span class='ocrx_word' id='word_1_396' title='bbox 1917 1254 2116 1307; x_wconf 89' lang='lat' dir='ltr'><strong>animo.</strong></span> <span class='ocrx_word' id='word_1_397' title='bbox 2156 1252 2248 1307; x_wconf 85' lang='lat' dir='ltr'><strong>Est</strong></span> <span class='ocrx_word' id='word_1_398' title='bbox 2274 1253 2419 1307; x_wconf 89' lang='lat' dir='ltr'><strong>enim</strong></span> <span class='ocrx_word' id='word_1_399' title='bbox 2446 1251 2754 1307; x_wconf 80' lang='lat' dir='ltr'><strong>communis</strong></span> <span class='ocrx_word' id='word_1_400' title='bbox 2782 1251 2899 1305; x_wconf 64' lang='lat' dir='ltr'><strong>hac</strong></span> <span class='ocrx_word' id='word_1_401' title='bbox 2930 1250 3176 1305; x_wconf 89' lang='lat' dir='ltr'><strong>omnium</strong></span> <span class='ocrx_word' id='word_1_402' title='bbox 3227 1248 3351 1303; x_wconf 82' lang='lat' dir='ltr'><strong>ﬁdei</strong></span> <span class='ocrx_word' id='word_1_403' title='bbox 3379 1248 3493 1303; x_wconf 78' lang='lat' dir='ltr'><strong>for-</strong></span> 
     </span>
    </p>
   </div>
   <div class='ocr_carea' id='block_1_54' title="bbox 1918 1338 3491 1409">
    <p class='ocr_par' dir='ltr' id='par_1_54' title="bbox 1918 1338 3491 1409">
     <span class='ocr_line' id='line_1_54' title="bbox 1918 1338 3491 1409; baseline -0.001 -12"><span class='ocrx_word' id='word_1_404' title='bbox 1918 1342 2059 1397; x_wconf 85' lang='lat' dir='ltr'><strong>mula</strong></span> <span class='ocrx_word' id='word_1_405' title='bbox 2078 1359 2091 1394; x_wconf 87' lang='lat'><strong>:</strong></span> <span class='ocrx_word' id='word_1_406' title='bbox 2113 1339 2337 1397; x_wconf 77' lang='lat' dir='ltr'><strong>Credere</strong></span> <span class='ocrx_word' id='word_1_407' title='bbox 2355 1342 2411 1397; x_wconf 84' lang='lat' dir='ltr'><strong>in</strong></span> <span class='ocrx_word' id='word_1_408' title='bbox 2432 1341 2666 1409; x_wconf 84' lang='lat' dir='ltr'><strong>Patrem,</strong></span> <span class='ocrx_word' id='word_1_409' title='bbox 2691 1350 2741 1395; x_wconf 85' lang='lat' dir='ltr'><strong>et</strong></span> <span class='ocrx_word' id='word_1_410' title='bbox 2760 1338 2987 1407; x_wconf 78' lang='lat' dir='ltr'><strong>Filium,</strong></span> <span class='ocrx_word' id='word_1_411' title='bbox 3014 1351 3062 1396; x_wconf 90' lang='lat' dir='ltr'><strong>et</strong></span> <span class='ocrx_word' id='word_1_412' title='bbox 3082 1338 3345 1409; x_wconf 77' lang='lat' dir='ltr'><strong>Spiritum</strong></span> <span class='ocrx_word' id='word_1_413' title='bbox 3361 1356 3491 1395; x_wconf 80' lang='lat' dir='ltr'><strong>san-</strong></span> 
     </span>
    </p>
   </div>
   <div class='ocr_carea' id='block_1_55' title="bbox 1917 1430 3494 1501">
    <p class='ocr_par' dir='ltr' id='par_1_55' title="bbox 1917 1430 3494 1501">
     <span class='ocr_line' id='line_1_55' title="bbox 1917 1430 3494 1501; baseline -0.001 -14"><span class='ocrx_word' id='word_1_414' title='bbox 1917 1444 2075 1487; x_wconf 83' lang='lat' dir='ltr'><strong>ctum.</strong></span> <span class='ocrx_word' id='word_1_415' title='bbox 2108 1432 2178 1485; x_wconf 81' lang='lat' dir='ltr'><strong>At</strong></span> <span class='ocrx_word' id='word_1_416' title='bbox 2213 1447 2335 1487; x_wconf 92' lang='lat' dir='ltr'><strong>cum</strong></span> <span class='ocrx_word' id='word_1_417' title='bbox 2362 1432 2527 1497; x_wconf 89' lang='lat' dir='ltr'><strong>idem,</strong></span> <span class='ocrx_word' id='word_1_418' title='bbox 2554 1432 2855 1501; x_wconf 76' lang='lat' dir='ltr'><strong>potentiam</strong></span> <span class='ocrx_word' id='word_1_419' title='bbox 2885 1439 2940 1485; x_wconf 91' lang='lat' dir='ltr'><strong>et</strong></span> <span class='ocrx_word' id='word_1_420' title='bbox 2976 1432 3085 1487; x_wconf 87' lang='lat' dir='ltr'><strong>vim</strong></span> <span class='ocrx_word' id='word_1_421' title='bbox 3119 1432 3357 1486; x_wconf 80' lang='lat' dir='ltr'><strong>divinam</strong></span> <span class='ocrx_word' id='word_1_422' title='bbox 3392 1430 3494 1485; x_wconf 84' lang='lat' dir='ltr'><strong>mi-</strong></span> 
     </span>
    </p>
   </div>
   <div class='ocr_carea' id='block_1_56' title="bbox 1918 1522 3493 1592">
    <p class='ocr_par' dir='ltr' id='par_1_56' title="bbox 1918 1522 3493 1592">
     <span class='ocr_line' id='line_1_56' title="bbox 1918 1522 3493 1592; baseline -0.001 -14"><span class='ocrx_word' id='word_1_423' title='bbox 1918 1525 2063 1579; x_wconf 86' lang='lat' dir='ltr'><strong>nime</strong></span> <span class='ocrx_word' id='word_1_424' title='bbox 2100 1523 2413 1587; x_wconf 87' lang='lat' dir='ltr'><strong>advertens,</strong></span> <span class='ocrx_word' id='word_1_425' title='bbox 2444 1523 2688 1577; x_wconf 87' lang='lat' dir='ltr'><strong>humano</strong></span> <span class='ocrx_word' id='word_1_426' title='bbox 2722 1536 2873 1578; x_wconf 88' lang='lat' dir='ltr'><strong>more</strong></span> <span class='ocrx_word' id='word_1_427' title='bbox 2916 1536 3015 1591; x_wconf 82' lang='lat' dir='ltr'><strong>per</strong></span> <span class='ocrx_word' id='word_1_428' title='bbox 3065 1522 3493 1592; x_wconf 80' lang='lat' dir='ltr'><strong>speculationem</strong></span> 
     </span>
    </p>
   </div>
   <div class='ocr_carea' id='block_1_57' title="bbox 1916 1614 3493 1685">
    <p class='ocr_par' dir='ltr' id='par_1_57' title="bbox 1916 1614 3493 1685">
     <span class='ocr_line' id='line_1_57' title="bbox 1916 1614 3493 1685; baseline 0.001 -17"><span class='ocrx_word' id='word_1_429' title='bbox 1916 1615 2203 1685; x_wconf 82' lang='lat' dir='ltr'><strong>quamdam</strong></span> <span class='ocrx_word' id='word_1_430' title='bbox 2226 1615 2447 1670; x_wconf 80' lang='lat' dir='ltr'><strong>Patrem</strong></span> <span class='ocrx_word' id='word_1_431' title='bbox 2468 1615 2601 1671; x_wconf 86' lang='lat' dir='ltr'><strong>dicit</strong></span> <span class='ocrx_word' id='word_1_432' title='bbox 2626 1614 2881 1680; x_wconf 85' lang='lat' dir='ltr'><strong>Patrem;</strong></span> <span class='ocrx_word' id='word_1_433' title='bbox 2908 1614 3105 1670; x_wconf 85' lang='lat' dir='ltr'><strong>Filium</strong></span> <span class='ocrx_word' id='word_1_434' title='bbox 3129 1615 3355 1682; x_wconf 83' lang='lat' dir='ltr'><strong>Filium,</strong></span> <span class='ocrx_word' id='word_1_435' title='bbox 3384 1630 3493 1670; x_wconf 92' lang='lat' dir='ltr'><strong>non</strong></span> 
     </span>
    </p>
   </div>
   <div class='ocr_carea' id='block_1_58' title="bbox 1916 1704 3493 1778">
    <p class='ocr_par' dir='ltr' id='par_1_58' title="bbox 1916 1704 3493 1778">
     <span class='ocr_line' id='line_1_58' title="bbox 1916 1704 3493 1778; baseline 0.001 -16"><span class='ocrx_word' id='word_1_436' title='bbox 1916 1707 2140 1778; x_wconf 88' lang='lat' dir='ltr'><strong>perinde</strong></span> <span class='ocrx_word' id='word_1_437' title='bbox 2171 1715 2285 1762; x_wconf 94' lang='lat' dir='ltr'><strong>tuto</strong></span> <span class='ocrx_word' id='word_1_438' title='bbox 2309 1706 2533 1762; x_wconf 86' lang='lat' dir='ltr'><strong>laudare</strong></span> <span class='ocrx_word' id='word_1_439' title='bbox 2556 1706 2687 1761; x_wconf 88' lang='lat' dir='ltr'><strong>mihi</strong></span> <span class='ocrx_word' id='word_1_440' title='bbox 2715 1722 2815 1776; x_wconf 87' lang='lat' dir='ltr'><strong>par</strong></span> <span class='ocrx_word' id='word_1_441' title='bbox 2853 1714 2957 1771; x_wconf 90' lang='lat' dir='ltr'><strong>est,</strong></span> <span class='ocrx_word' id='word_1_442' title='bbox 2989 1706 3129 1761; x_wconf 86' lang='lat' dir='ltr'><strong>hanc</strong></span> <span class='ocrx_word' id='word_1_443' title='bbox 3158 1709 3278 1775; x_wconf 85' lang='lat' dir='ltr'><strong>ejus</strong></span> <span class='ocrx_word' id='word_1_444' title='bbox 3304 1704 3493 1776; x_wconf 83' lang='lat' dir='ltr'><strong>hujus-</strong></span> 
     </span>
    </p>
   </div>
   <div class='ocr_carea' id='block_1_59' title="bbox 1917 1795 3498 1865">
    <p class='ocr_par' dir='ltr' id='par_1_59' title="bbox 1917 1795 3498 1865">
     <span class='ocr_line' id='line_1_59' title="bbox 1917 1795 3498 1865; baseline -0.001 -15"><span class='ocrx_word' id='word_1_445' title='bbox 1917 1797 2127 1851; x_wconf 90' lang='lat' dir='ltr'><strong>cemodi</strong></span> <span class='ocrx_word' id='word_1_446' title='bbox 2172 1795 2713 1865; x_wconf 85' lang='lat' dir='ltr'><strong>contemplationem.</strong></span> <span class='ocrx_word' id='word_1_447' title='bbox 2745 1795 2848 1851; x_wconf 82' lang='lat' dir='ltr'><strong>Per</strong></span> <span class='ocrx_word' id='word_1_448' title='bbox 2879 1795 3020 1851; x_wconf 85' lang='lat' dir='ltr'><strong>hanc</strong></span> <span class='ocrx_word' id='word_1_449' title='bbox 3049 1796 3248 1850; x_wconf 89' lang='lat' dir='ltr'><strong>etenim</strong></span> <span class='ocrx_word' id='word_1_450' title='bbox 3282 1796 3498 1851; x_wconf 87' lang='lat' dir='ltr'><strong>contin-</strong></span> 
     </span>
    </p>
   </div>
   <div class='ocr_carea' id='block_1_60' title="bbox 1921 1886 3494 1957">
    <p class='ocr_par' dir='ltr' id='par_1_60' title="bbox 1921 1886 3494 1957">
     <span class='ocr_line' id='line_1_60' title="bbox 1921 1886 3494 1957; baseline 0.001 -18"><span class='ocrx_word' id='word_1_451' title='bbox 1921 1888 2018 1957; x_wconf 89' lang='lat' dir='ltr'><strong>git,</strong></span> <span class='ocrx_word' id='word_1_452' title='bbox 2055 1886 2307 1942; x_wconf 66' lang='lat' dir='ltr'><strong>haeresim</strong></span> <span class='ocrx_word' id='word_1_453' title='bbox 2337 1886 2409 1942; x_wconf 90' lang='lat' dir='ltr'><strong>ab</strong></span> <span class='ocrx_word' id='word_1_454' title='bbox 2440 1886 2547 1941; x_wconf 87' lang='lat' dir='ltr'><strong>illis</strong></span> <span class='ocrx_word' id='word_1_455' title='bbox 2589 1887 2940 1943; x_wconf 85' lang='lat' dir='ltr'><strong>adinventam</strong></span> <span class='ocrx_word' id='word_1_456' title='bbox 2971 1886 3367 1942; x_wconf 89' lang='lat' dir='ltr'><strong>incrementum</strong></span> <span class='ocrx_word' id='word_1_457' title='bbox 3401 1901 3494 1941; x_wconf 87' lang='lat' dir='ltr'><strong>su-</strong></span> 
     </span>
    </p>
   </div>
   <div class='ocr_carea' id='block_1_61' title="bbox 1919 1977 3493 2047">
    <p class='ocr_par' dir='ltr' id='par_1_61' title="bbox 1919 1977 3493 2047">
     <span class='ocr_line' id='line_1_61' title="bbox 1919 1977 3493 2047; baseline 0.002 -16"><span class='ocrx_word' id='word_1_458' title='bbox 1919 1992 2100 2045; x_wconf 86' lang='lat' dir='ltr'><strong>mere;</strong></span> <span class='ocrx_word' id='word_1_459' title='bbox 2130 1978 2272 2047; x_wconf 91' lang='lat' dir='ltr'><strong>quod</strong></span> <span class='ocrx_word' id='word_1_460' title='bbox 2308 1977 2471 2033; x_wconf 81' lang='lat' dir='ltr'><strong>facile</strong></span> <span class='ocrx_word' id='word_1_461' title='bbox 2497 1992 2583 2032; x_wconf 90' lang='lat' dir='ltr'><strong>me</strong></span> <span class='ocrx_word' id='word_1_462' title='bbox 2612 1992 2772 2047; x_wconf 80' lang='lat' dir='ltr'><strong>posse</strong></span> <span class='ocrx_word' id='word_1_463' title='bbox 2819 1978 3199 2033; x_wconf 89' lang='lat' dir='ltr'><strong>demonstrare</strong></span> <span class='ocrx_word' id='word_1_464' title='bbox 3238 1980 3493 2043; x_wconf 84' lang='lat' dir='ltr'><strong>arbitror,</strong></span> 
     </span>
    </p>
   </div>
   <div class='ocr_carea' id='block_1_62' title="bbox 1919 2068 3494 2142">
    <p class='ocr_par' dir='ltr' id='par_1_62' title="bbox 1919 2068 3494 2142">
     <span class='ocr_line' id='line_1_62' title="bbox 1919 2068 3494 2142; baseline 0 -19"><span class='ocrx_word' id='word_1_465' title='bbox 1919 2070 2193 2138; x_wconf 89' lang='lat' dir='ltr'><strong>productis</strong></span> <span class='ocrx_word' id='word_1_466' title='bbox 2220 2084 2338 2139; x_wconf 77' lang='lat' dir='ltr'><strong>quae</strong></span> <span class='ocrx_word' id='word_1_467' title='bbox 2366 2069 2545 2124; x_wconf 89' lang='lat' dir='ltr'><strong>abillo</strong></span> <span class='ocrx_word' id='word_1_468' title='bbox 2577 2070 2719 2125; x_wconf 87' lang='lat' dir='ltr'><strong>dicta</strong></span> <span class='ocrx_word' id='word_1_469' title='bbox 2752 2078 2900 2123; x_wconf 90' lang='lat' dir='ltr'><strong>sunt.</strong></span> <span class='ocrx_word' id='word_1_470' title='bbox 2934 2068 3024 2142; x_wconf 69' lang='grc' dir='ltr'><strong>[Β.</strong></span> <span class='ocrx_word' id='word_1_471' title='bbox 3059 2068 3219 2141; x_wconf 76' lang='lat' dir='ltr'><strong>LlX.]</strong></span> <span class='ocrx_word' id='word_1_472' title='bbox 3248 2069 3494 2125; x_wconf 82' lang='lat' dir='ltr'><strong>Allirmat</strong></span> 
     </span>
    </p>
   </div>
   <div class='ocr_carea' id='block_1_63' title="bbox 1918 2146 3496 2231">
    <p class='ocr_par' dir='ltr' id='par_1_63' title="bbox 1918 2146 3496 2231">
     <span class='ocr_line' id='line_1_63' title="bbox 1918 2146 3496 2231; baseline 0.002 -16"><span class='ocrx_word' id='word_1_473' title='bbox 1918 2162 2061 2216; x_wconf 92' lang='lat' dir='ltr'><strong>enim</strong></span> <span class='ocrx_word' id='word_1_474' title='bbox 2097 2164 2241 2231; x_wconf 90' lang='lat' dir='ltr'><strong>quod</strong></span> <span class='ocrx_word' id='word_1_475' title='bbox 2275 2162 2484 2216; x_wconf 80' lang='lat' dir='ltr'><strong>omnino</strong></span> <span class='ocrx_word' id='word_1_476' title='bbox 2515 2164 2585 2217; x_wconf 78' lang='lat' dir='ltr'><strong>sit</strong></span> <span class='ocrx_word' id='word_1_477' title='bbox 2625 2178 2832 2217; x_wconf 76' lang='lat' dir='ltr'><strong>necesse</strong></span> <span class='ocrx_word' id='word_1_478' title='bbox 2876 2160 3095 2216; x_wconf 87' lang='lat' dir='ltr'><strong>Patrem</strong></span> <span class='ocrx_word' id='word_1_479' title='bbox 3128 2163 3370 2230; x_wconf 76' lang='lat' dir='ltr'><strong>conﬁteri</strong></span> <span class='ocrx_word' id='word_1_480' title='bbox 3407 2146 3496 2218; x_wconf 70' lang='lat' dir='ltr'><strong>tie-</strong></span> 
     </span>
    </p>
   </div>
   <div class='ocr_carea' id='block_1_64' title="bbox 1920 2252 3496 2310">
    <p class='ocr_par' dir='ltr' id='par_1_64' title="bbox 1920 2252 3496 2310">
     <span class='ocr_line' id='line_1_64' title="bbox 1920 2252 3496 2310; baseline 0.002 -3"><span class='ocrx_word' id='word_1_481' title='bbox 1920 2254 2116 2307; x_wconf 88' lang='lat' dir='ltr'><strong>raciter</strong></span> <span class='ocrx_word' id='word_1_482' title='bbox 2165 2271 2276 2309; x_wconf 76' lang='lat' dir='ltr'><strong>esse</strong></span> <span class='ocrx_word' id='word_1_483' title='bbox 2310 2253 2523 2309; x_wconf 83' lang='lat' dir='ltr'><strong>Patrem</strong></span> <span class='ocrx_word' id='word_1_484' title='bbox 2551 2265 2637 2309; x_wconf 86' lang='lat' dir='ltr'><strong>:et</strong></span> <span class='ocrx_word' id='word_1_485' title='bbox 2672 2252 2877 2309; x_wconf 84' lang='lat' dir='ltr'><strong>Filium</strong></span> <span class='ocrx_word' id='word_1_486' title='bbox 2911 2255 2979 2309; x_wconf 80' lang='lat' dir='ltr'><strong>ad</strong></span> <span class='ocrx_word' id='word_1_487' title='bbox 3012 2256 3251 2310; x_wconf 81' lang='lat' dir='ltr'><strong>eumdem</strong></span> <span class='ocrx_word' id='word_1_488' title='bbox 3280 2260 3496 2310; x_wconf 80' lang='lat' dir='ltr'><strong>modum</strong></span> 
     </span>
    </p>
   </div>
   <div class='ocr_carea' id='block_1_65' title="bbox 1918 2342 3495 2414">
    <p class='ocr_par' dir='ltr' id='par_1_65' title="bbox 1918 2342 3495 2414">
     <span class='ocr_line' id='line_1_65' title="bbox 1918 2342 3495 2414; baseline 0.004 -17"><span class='ocrx_word' id='word_1_489' title='bbox 1918 2361 2029 2398; x_wconf 77' lang='lat' dir='ltr'><strong>esu</strong></span> <span class='ocrx_word' id='word_1_490' title='bbox 2058 2342 2261 2398; x_wconf 81' lang='lat' dir='ltr'><strong>Filium</strong></span> <span class='ocrx_word' id='word_1_491' title='bbox 2287 2361 2422 2413; x_wconf 75' lang='lat' dir='ltr'><strong>vere,</strong></span> <span class='ocrx_word' id='word_1_492' title='bbox 2457 2361 2549 2399; x_wconf 82' lang='lat' dir='ltr'><strong>nec</strong></span> <span class='ocrx_word' id='word_1_493' title='bbox 2587 2362 2692 2400; x_wconf 74' lang='lat' dir='ltr'><strong>non</strong></span> <span class='ocrx_word' id='word_1_494' title='bbox 2716 2357 2766 2399; x_wconf 86' lang='lat' dir='ltr'><strong>et</strong></span> <span class='ocrx_word' id='word_1_495' title='bbox 2801 2343 3059 2414; x_wconf 80' lang='lat' dir='ltr'><strong>Spiritum</strong></span> <span class='ocrx_word' id='word_1_496' title='bbox 3088 2358 3351 2402; x_wconf 79' lang='lat' dir='ltr'><strong>sanctum.</strong></span> <span class='ocrx_word' id='word_1_497' title='bbox 3374 2347 3495 2403; x_wconf 64' lang='lat' dir='ltr'><strong>Haec</strong></span> 
     </span>
    </p>
   </div>
   <div class='ocr_carea' id='block_1_66' title="bbox 1919 2435 3497 2505">
    <p class='ocr_par' dir='ltr' id='par_1_66' title="bbox 1919 2435 3497 2505">
     <span class='ocr_line' id='line_1_66' title="bbox 1919 2435 3497 2505; baseline 0.003 -14"><span class='ocrx_word' id='word_1_498' title='bbox 1919 2446 2107 2491; x_wconf 88' lang='lat' dir='ltr'><strong>contra</strong></span> <span class='ocrx_word' id='word_1_499' title='bbox 2134 2437 2410 2491; x_wconf 74' lang='lat' dir='ltr'><strong>Asterium</strong></span> <span class='ocrx_word' id='word_1_500' title='bbox 2444 2437 2727 2493; x_wconf 77' lang='lat' dir='ltr'><strong>Marcellus</strong></span> <span class='ocrx_word' id='word_1_501' title='bbox 2767 2435 3022 2505; x_wconf 77' lang='lat' dir='ltr'><strong>aﬁirmat,</strong></span> <span class='ocrx_word' id='word_1_502' title='bbox 3062 2454 3166 2495; x_wconf 92' lang='lat' dir='ltr'><strong>non</strong></span> <span class='ocrx_word' id='word_1_503' title='bbox 3206 2448 3497 2495; x_wconf 86' lang='lat' dir='ltr'><strong>contentus</strong></span> 
     </span>
    </p>
   </div>
   <div class='ocr_carea' id='block_1_67' title="bbox 1919 2528 3496 2601">
    <p class='ocr_par' dir='ltr' id='par_1_67' title="bbox 1919 2528 3496 2601">
     <span class='ocr_line' id='line_1_67' title="bbox 1919 2528 3496 2601; baseline 0.004 -19"><span class='ocrx_word' id='word_1_504' title='bbox 1919 2528 2163 2597; x_wconf 86' lang='lat' dir='ltr'><strong>posuisse</strong></span> <span class='ocrx_word' id='word_1_505' title='bbox 2218 2529 2270 2581; x_wconf 90' lang='lat' dir='ltr'><strong>in</strong></span> <span class='ocrx_word' id='word_1_506' title='bbox 2319 2529 2596 2595; x_wconf 79' lang='lat' dir='ltr'><strong>confesso,</strong></span> <span class='ocrx_word' id='word_1_507' title='bbox 2656 2529 2871 2586; x_wconf 84' lang='lat' dir='ltr'><strong>Patrem</strong></span> <span class='ocrx_word' id='word_1_508' title='bbox 2925 2533 3323 2601; x_wconf 77' lang='lat' dir='ltr'><strong>agnoscendum</strong></span> <span class='ocrx_word' id='word_1_509' title='bbox 3372 2547 3496 2588; x_wconf 88' lang='lat' dir='ltr'><strong>esse</strong></span> 
     </span>
    </p>
   </div>
   <div class='ocr_carea' id='block_1_68' title="bbox 1918 2620 3497 2695">
    <p class='ocr_par' dir='ltr' id='par_1_68' title="bbox 1918 2620 3497 2695">
     <span class='ocr_line' id='line_1_68' title="bbox 1918 2620 3497 2695; baseline 0.003 -20"><span class='ocrx_word' id='word_1_510' title='bbox 1918 2620 2135 2675; x_wconf 82' lang='lat' dir='ltr'><strong>Patrem</strong></span> <span class='ocrx_word' id='word_1_511' title='bbox 2167 2622 2458 2685; x_wconf 86' lang='lat' dir='ltr'><strong>veraciter,</strong></span> <span class='ocrx_word' id='word_1_512' title='bbox 2486 2622 2682 2676; x_wconf 91' lang='lat' dir='ltr'><strong>Filium</strong></span> <span class='ocrx_word' id='word_1_513' title='bbox 2712 2637 2835 2679; x_wconf 86' lang='lat' dir='ltr'><strong>esse</strong></span> <span class='ocrx_word' id='word_1_514' title='bbox 2869 2621 3097 2689; x_wconf 82' lang='lat' dir='ltr'><strong>Filium,</strong></span> <span class='ocrx_word' id='word_1_515' title='bbox 3145 2632 3199 2680; x_wconf 90' lang='lat' dir='ltr'><strong>et</strong></span> <span class='ocrx_word' id='word_1_516' title='bbox 3232 2622 3497 2695; x_wconf 85' lang='lat' dir='ltr'><strong>Spiritum</strong></span> 
     </span>
    </p>
   </div>
   <div class='ocr_carea' id='block_1_69' title="bbox 1921 2713 3493 2771">
    <p class='ocr_par' dir='ltr' id='par_1_69' title="bbox 1921 2713 3493 2771">
     <span class='ocr_line' id='line_1_69' title="bbox 1921 2713 3493 2771; baseline -0.001 0"><span class='ocrx_word' id='word_1_517' title='bbox 1921 2725 2167 2771; x_wconf 89' lang='lat' dir='ltr'><strong>sanctum</strong></span> <span class='ocrx_word' id='word_1_518' title='bbox 2196 2715 2261 2769; x_wconf 91' lang='lat' dir='ltr'><strong>ad</strong></span> <span class='ocrx_word' id='word_1_519' title='bbox 2293 2713 2542 2770; x_wconf 89' lang='lat' dir='ltr'><strong>eumdem</strong></span> <span class='ocrx_word' id='word_1_520' title='bbox 2574 2717 2815 2770; x_wconf 89' lang='lat' dir='ltr'><strong>modum.</strong></span> <span class='ocrx_word' id='word_1_521' title='bbox 2838 2713 2978 2771; x_wconf 82' lang='lat' dir='ltr'><strong>Hinc</strong></span> <span class='ocrx_word' id='word_1_522' title='bbox 3011 2715 3214 2770; x_wconf 78' lang='lat' dir='ltr'><strong>factum</strong></span> <span class='ocrx_word' id='word_1_523' title='bbox 3247 2726 3307 2771; x_wconf 92' lang='lat' dir='ltr'><strong>ut</strong></span> <span class='ocrx_word' id='word_1_524' title='bbox 3336 2716 3493 2771; x_wconf 86' lang='lat' dir='ltr'><strong>dein-</strong></span> 
     </span>
    </p>
   </div>
   <div class='ocr_carea' id='block_1_70' title="bbox 1920 2806 3499 2876">
    <p class='ocr_par' dir='ltr' id='par_1_70' title="bbox 1920 2806 3499 2876">
     <span class='ocr_line' id='line_1_70' title="bbox 1920 2806 3499 2876; baseline 0.001 -16"><span class='ocrx_word' id='word_1_525' title='bbox 1920 2821 2046 2876; x_wconf 91' lang='lat' dir='ltr'><strong>ceps</strong></span> <span class='ocrx_word' id='word_1_526' title='bbox 2083 2807 2136 2859; x_wconf 91' lang='lat' dir='ltr'><strong>in</strong></span> <span class='ocrx_word' id='word_1_527' title='bbox 2172 2807 2635 2876; x_wconf 85' lang='lat' dir='ltr'><strong>consequentibus</strong></span> <span class='ocrx_word' id='word_1_528' title='bbox 2664 2806 2914 2863; x_wconf 80' lang='lat' dir='ltr'><strong>refellere</strong></span> <span class='ocrx_word' id='word_1_529' title='bbox 2950 2816 3177 2863; x_wconf 89' lang='lat' dir='ltr'><strong>conetur</strong></span> <span class='ocrx_word' id='word_1_530' title='bbox 3226 2808 3369 2862; x_wconf 90' lang='lat' dir='ltr'><strong>hanc</strong></span> <span class='ocrx_word' id='word_1_531' title='bbox 3398 2821 3499 2876; x_wconf 89' lang='lat' dir='ltr'><strong>po-</strong></span> 
     </span>
    </p>
   </div>
   <div class='ocr_carea' id='block_1_71' title="bbox 1920 2897 3499 2971">
    <p class='ocr_par' dir='ltr' id='par_1_71' title="bbox 1920 2897 3499 2971">
     <span class='ocr_line' id='line_1_71' title="bbox 1920 2897 3499 2971; baseline 0.002 -19"><span class='ocrx_word' id='word_1_532' title='bbox 1920 2899 2189 2953; x_wconf 88' lang='lat' dir='ltr'><strong>sitionem.</strong></span> <span class='ocrx_word' id='word_1_533' title='bbox 2222 2898 2350 2954; x_wconf 82' lang='lat' dir='ltr'><strong>Vult</strong></span> <span class='ocrx_word' id='word_1_534' title='bbox 2387 2898 2532 2954; x_wconf 89' lang='lat' dir='ltr'><strong>enim</strong></span> <span class='ocrx_word' id='word_1_535' title='bbox 2588 2897 2866 2954; x_wconf 86' lang='lat' dir='ltr'><strong>Christum</strong></span> <span class='ocrx_word' id='word_1_536' title='bbox 2919 2901 3323 2971; x_wconf 73' lang='lat' dir='ltr'><strong>agnoscendum</strong></span> <span class='ocrx_word' id='word_1_537' title='bbox 3373 2914 3499 2955; x_wconf 86' lang='lat' dir='ltr'><strong>esse</strong></span> 
     </span>
    </p>
   </div>
   <div class='ocr_carea' id='block_1_72' title="bbox 1921 2991 3500 3059">
    <p class='ocr_par' dir='ltr' id='par_1_72' title="bbox 1921 2991 3500 3059">
     <span class='ocr_line' id='line_1_72' title="bbox 1921 2991 3500 3059; baseline 0.002 -16"><span class='ocrx_word' id='word_1_538' title='bbox 1921 2991 2121 3044; x_wconf 88' lang='lat' dir='ltr'><strong>nudum</strong></span> <span class='ocrx_word' id='word_1_539' title='bbox 2154 2992 2378 3046; x_wconf 83' lang='lat' dir='ltr'><strong>verbum</strong></span> <span class='ocrx_word' id='word_1_540' title='bbox 2414 3000 2469 3047; x_wconf 91' lang='lat' dir='ltr'><strong>et</strong></span> <span class='ocrx_word' id='word_1_541' title='bbox 2502 2991 2739 3047; x_wconf 88' lang='lat' dir='ltr'><strong>humano</strong></span> <span class='ocrx_word' id='word_1_542' title='bbox 2760 2992 3231 3059; x_wconf 88' lang='lat' dir='ltr'><strong>consimillimum,</strong></span> <span class='ocrx_word' id='word_1_543' title='bbox 3261 3006 3369 3047; x_wconf 91' lang='lat' dir='ltr'><strong>non</strong></span> <span class='ocrx_word' id='word_1_544' title='bbox 3404 3008 3500 3046; x_wconf 86' lang='lat' dir='ltr'><strong>au-</strong></span> 
     </span>
    </p>
   </div>
   <div class='ocr_carea' id='block_1_73' title="bbox 1924 3081 3495 3143">
    <p class='ocr_par' dir='ltr' id='par_1_73' title="bbox 1924 3081 3495 3143">
     <span class='ocr_line' id='line_1_73' title="bbox 1924 3081 3495 3143; baseline 0.002 -8"><span class='ocrx_word' id='word_1_545' title='bbox 1924 3092 2028 3135; x_wconf 90' lang='lat' dir='ltr'><strong>tem</strong></span> <span class='ocrx_word' id='word_1_546' title='bbox 2075 3081 2267 3136; x_wconf 87' lang='lat' dir='ltr'><strong>Filium</strong></span> <span class='ocrx_word' id='word_1_547' title='bbox 2310 3097 2430 3138; x_wconf 88' lang='lat' dir='ltr'><strong>esse</strong></span> <span class='ocrx_word' id='word_1_548' title='bbox 2465 3082 2561 3140; x_wconf 91' lang='lat' dir='ltr'><strong>Dei</strong></span> <span class='ocrx_word' id='word_1_549' title='bbox 2605 3083 2784 3138; x_wconf 83' lang='lat' dir='ltr'><strong>vivum</strong></span> <span class='ocrx_word' id='word_1_550' title='bbox 2824 3092 2882 3139; x_wconf 89' lang='lat' dir='ltr'><strong>et</strong></span> <span class='ocrx_word' id='word_1_551' title='bbox 2916 3084 3327 3140; x_wconf 86' lang='lat' dir='ltr'><strong>subsistentem.</strong></span> <span class='ocrx_word' id='word_1_552' title='bbox 3360 3084 3495 3143; x_wconf 85' lang='lat' dir='ltr'><strong>Cum</strong></span> 
     </span>
    </p>
   </div>
   <div class='ocr_carea' id='block_1_74' title="bbox 1920 3174 3494 3245">
    <p class='ocr_par' dir='ltr' id='par_1_74' title="bbox 1920 3174 3494 3245">
     <span class='ocr_line' id='line_1_74' title="bbox 1920 3174 3494 3245; baseline 0.004 -20"><span class='ocrx_word' id='word_1_553' title='bbox 1920 3187 2052 3227; x_wconf 92' lang='lat' dir='ltr'><strong>vero</strong></span> <span class='ocrx_word' id='word_1_554' title='bbox 2079 3174 2264 3227; x_wconf 85' lang='lat' dir='ltr'><strong>abillo</strong></span> <span class='ocrx_word' id='word_1_555' title='bbox 2294 3174 2499 3229; x_wconf 91' lang='lat' dir='ltr'><strong>dictum</strong></span> <span class='ocrx_word' id='word_1_556' title='bbox 2548 3176 2639 3241; x_wconf 85' lang='lat' dir='ltr'><strong>sit,</strong></span> <span class='ocrx_word' id='word_1_557' title='bbox 2680 3176 2991 3245; x_wconf 90' lang='lat' dir='ltr'><strong>nuperrime</strong></span> <span class='ocrx_word' id='word_1_558' title='bbox 3046 3177 3188 3231; x_wconf 84' lang='lat' dir='ltr'><strong>hanc</strong></span> <span class='ocrx_word' id='word_1_559' title='bbox 3244 3177 3494 3233; x_wconf 63' lang='lat' dir='ltr'><strong>haeresim</strong></span> 
     </span>
    </p>
   </div>
   <div class='ocr_carea' id='block_1_75' title="bbox 1922 3264 3495 3339">
    <p class='ocr_par' dir='ltr' id='par_1_75' title="bbox 1922 3264 3495 3339">
     <span class='ocr_line' id='line_1_75' title="bbox 1922 3264 3495 3339; baseline 0.004 -20"><span class='ocrx_word' id='word_1_560' title='bbox 1922 3266 2280 3333; x_wconf 76' lang='lat' dir='ltr'><strong>excogitatam</strong></span> <span class='ocrx_word' id='word_1_561' title='bbox 2306 3264 2497 3331; x_wconf 76' lang='lat' dir='ltr'><strong>fuisse,</strong></span> <span class='ocrx_word' id='word_1_562' title='bbox 2533 3270 2592 3330; x_wconf 51' lang='grc' dir='ltr'>ᾖ</span> <span class='ocrx_word' id='word_1_563' title='bbox 2624 3266 3017 3322; x_wconf 88' lang='lat' dir='ltr'><strong>ostendendum</strong></span> <span class='ocrx_word' id='word_1_564' title='bbox 3056 3277 3160 3335; x_wconf 89' lang='lat' dir='ltr'><strong>est,</strong></span> <span class='ocrx_word' id='word_1_565' title='bbox 3184 3266 3495 3339; x_wconf 86' lang='lat' dir='ltr'><strong>Origenem,</strong></span> 
     </span>
    </p>
   </div>
   <div class='ocr_carea' id='block_1_76' title="bbox 1923 3356 3499 3429">
    <p class='ocr_par' dir='ltr' id='par_1_76' title="bbox 1923 3356 3499 3429">
     <span class='ocr_line' id='line_1_76' title="bbox 1923 3356 3499 3429; baseline 0.004 -18"><span class='ocrx_word' id='word_1_566' title='bbox 1923 3356 2071 3411; x_wconf 89' lang='lat' dir='ltr'><strong>illum</strong></span> <span class='ocrx_word' id='word_1_567' title='bbox 2105 3357 2278 3426; x_wconf 89' lang='lat' dir='ltr'><strong>ipsum</strong></span> <span class='ocrx_word' id='word_1_568' title='bbox 2302 3358 2395 3427; x_wconf 91' lang='lat' dir='ltr'><strong>qui</strong></span> <span class='ocrx_word' id='word_1_569' title='bbox 2419 3357 2554 3412; x_wconf 81' lang='lat' dir='ltr'><strong>vixit</strong></span> <span class='ocrx_word' id='word_1_570' title='bbox 2576 3372 2703 3415; x_wconf 90' lang='lat' dir='ltr'><strong>cum</strong></span> <span class='ocrx_word' id='word_1_571' title='bbox 2730 3358 3029 3429; x_wconf 81' lang='lat' dir='ltr'><strong>majoribus</strong></span> <span class='ocrx_word' id='word_1_572' title='bbox 3055 3361 3275 3427; x_wconf 83' lang='lat' dir='ltr'><strong>nostris,</strong></span> <span class='ocrx_word' id='word_1_573' title='bbox 3298 3362 3365 3415; x_wconf 88' lang='lat' dir='ltr'><strong>ab</strong></span> <span class='ocrx_word' id='word_1_574' title='bbox 3396 3361 3499 3417; x_wconf 90' lang='lat' dir='ltr'><strong>hoc</strong></span> 
     </span>
    </p>
   </div>
   <div class='ocr_carea' id='block_1_77' title="bbox 1921 3448 3498 3521">
    <p class='ocr_par' dir='ltr' id='par_1_77' title="bbox 1921 3448 3498 3521">
     <span class='ocr_line' id='line_1_77' title="bbox 1921 3448 3498 3521; baseline 0.002 -18"><span class='ocrx_word' id='word_1_575' title='bbox 1921 3448 2042 3518; x_wconf 92' lang='lat' dir='ltr'><strong>ipso</strong></span> <span class='ocrx_word' id='word_1_576' title='bbox 2089 3448 2363 3518; x_wconf 80' lang='lat' dir='ltr'><strong>Marcello,</strong></span> <span class='ocrx_word' id='word_1_577' title='bbox 2396 3450 2450 3505; x_wconf 90' lang='lat' dir='ltr'><strong>in</strong></span> <span class='ocrx_word' id='word_1_578' title='bbox 2484 3464 2743 3521; x_wconf 87' lang='lat' dir='ltr'><strong>processu</strong></span> <span class='ocrx_word' id='word_1_579' title='bbox 2794 3452 3066 3506; x_wconf 88' lang='lat' dir='ltr'><strong>sermonis</strong></span> <span class='ocrx_word' id='word_1_580' title='bbox 3112 3453 3406 3518; x_wconf 90' lang='lat' dir='ltr'><strong>introduci,</strong></span> <span class='ocrx_word' id='word_1_581' title='bbox 3442 3463 3498 3507; x_wconf 91' lang='lat' dir='ltr'><strong>ut</strong></span> 
     </span>
    </p>
   </div>
   <div class='ocr_carea' id='block_1_78' title="bbox 1919 3539 3496 3612">
    <p class='ocr_par' dir='ltr' id='par_1_78' title="bbox 1919 3539 3496 3612">
     <span class='ocr_line' id='line_1_78' title="bbox 1919 3539 3496 3612; baseline 0.006 -18"><span class='ocrx_word' id='word_1_582' title='bbox 1919 3541 2165 3595; x_wconf 90' lang='lat' dir='ltr'><strong>eamdem</strong></span> <span class='ocrx_word' id='word_1_583' title='bbox 2208 3539 2481 3598; x_wconf 81' lang='lat' dir='ltr'><strong>foventem</strong></span> <span class='ocrx_word' id='word_1_584' title='bbox 2532 3544 2808 3612; x_wconf 85' lang='lat' dir='ltr'><strong>opinionis</strong></span> <span class='ocrx_word' id='word_1_585' title='bbox 2853 3544 3200 3612; x_wconf 89' lang='lat' dir='ltr'><strong>sententiam,</strong></span> <span class='ocrx_word' id='word_1_586' title='bbox 3238 3560 3359 3601; x_wconf 90' lang='lat' dir='ltr'><strong>cum</strong></span> <span class='ocrx_word' id='word_1_587' title='bbox 3404 3547 3496 3603; x_wconf 87' lang='lat' dir='ltr'><strong>iis.</strong></span> 
     </span>
    </p>
   </div>
   <div class='ocr_carea' id='block_1_79' title="bbox 1919 3634 3499 3710">
    <p class='ocr_par' dir='ltr' id='par_1_79' title="bbox 1919 3634 3499 3710">
     <span class='ocr_line' id='line_1_79' title="bbox 1919 3634 3499 3710; baseline 0.004 -25"><span class='ocrx_word' id='word_1_588' title='bbox 1919 3646 2055 3700; x_wconf 90' lang='lat' dir='ltr'><strong>quos</strong></span> <span class='ocrx_word' id='word_1_589' title='bbox 2087 3643 2327 3689; x_wconf 87' lang='lat' dir='ltr'><strong>accusat.</strong></span> <span class='ocrx_word' id='word_1_590' title='bbox 2363 3634 2478 3706; x_wconf 85' lang='lat' dir='ltr'><strong>Ego</strong></span> <span class='ocrx_word' id='word_1_591' title='bbox 2514 3647 2697 3693; x_wconf 89' lang='lat' dir='ltr'><strong>autem</strong></span> <span class='ocrx_word' id='word_1_592' title='bbox 2747 3638 3138 3710; x_wconf 88' lang='lat' dir='ltr'><strong>scriptionibus</strong></span> <span class='ocrx_word' id='word_1_593' title='bbox 3162 3638 3499 3694; x_wconf 86' lang='lat' dir='ltr'><strong>ecclesiasti—</strong></span> 
     </span>
    </p>
   </div>
   <div class='ocr_carea' id='block_1_80' title="bbox 1918 3725 3493 3803">
    <p class='ocr_par' dir='ltr' id='par_1_80' title="bbox 1918 3725 3493 3803">
     <span class='ocr_line' id='line_1_80' title="bbox 1918 3725 3493 3803; baseline 0.004 -25"><span class='ocrx_word' id='word_1_594' title='bbox 1918 3725 1999 3780; x_wconf 91' lang='lat' dir='ltr'><strong>cis</strong></span> <span class='ocrx_word' id='word_1_595' title='bbox 2029 3726 2450 3796; x_wconf 89' lang='lat' dir='ltr'><strong>quamplurimis</strong></span> <span class='ocrx_word' id='word_1_596' title='bbox 2479 3729 2754 3797; x_wconf 86' lang='lat' dir='ltr'><strong>perlectis,</strong></span> <span class='ocrx_word' id='word_1_597' title='bbox 2792 3733 2861 3787; x_wconf 88' lang='lat' dir='ltr'><strong>ab</strong></span> <span class='ocrx_word' id='word_1_598' title='bbox 2893 3731 3128 3803; x_wconf 89' lang='lat' dir='ltr'><strong>Origene</strong></span> <span class='ocrx_word' id='word_1_599' title='bbox 3166 3730 3493 3799; x_wconf 65' lang='lat' dir='ltr'><strong>antiquiorio</strong></span> 
     </span>
    </p>
   </div>
   <div class='ocr_carea' id='block_1_81' title="bbox 1920 3815 3499 3893">
    <p class='ocr_par' dir='ltr' id='par_1_81' title="bbox 1920 3815 3499 3893">
     <span class='ocr_line' id='line_1_81' title="bbox 1920 3815 3499 3893; baseline 0.002 -23"><span class='ocrx_word' id='word_1_600' title='bbox 1920 3815 2021 3870; x_wconf 91' lang='lat' dir='ltr'><strong>bus</strong></span> <span class='ocrx_word' id='word_1_601' title='bbox 2058 3815 2187 3870; x_wconf 88' lang='lat' dir='ltr'><strong>olim</strong></span> <span class='ocrx_word' id='word_1_602' title='bbox 2235 3816 2573 3874; x_wconf 88' lang='lat' dir='ltr'><strong>elaboratis:</strong></span> <span class='ocrx_word' id='word_1_603' title='bbox 2603 3828 2658 3875; x_wconf 90' lang='lat' dir='ltr'><strong>et</strong></span> <span class='ocrx_word' id='word_1_604' title='bbox 2688 3822 2937 3891; x_wconf 85' lang='lat' dir='ltr'><strong>epistolis</strong></span> <span class='ocrx_word' id='word_1_605' title='bbox 2975 3822 3212 3877; x_wconf 78' lang='lat' dir='ltr'><strong>diversis</strong></span> <span class='ocrx_word' id='word_1_606' title='bbox 3260 3820 3499 3893; x_wconf 76' lang='lat' dir='ltr'><strong>synodo-</strong></span> 
     </span>
    </p>
   </div>
   <div class='ocr_carea' id='block_1_82' title="bbox 1918 3909 3499 3982">
    <p class='ocr_par' dir='ltr' id='par_1_82' title="bbox 1918 3909 3499 3982">
     <span class='ocr_line' id='line_1_82' title="bbox 1918 3909 3499 3982; baseline 0.003 -22"><span class='ocrx_word' id='word_1_607' title='bbox 1918 3921 2037 3960; x_wconf 91' lang='lat' dir='ltr'><strong>rum</strong></span> <span class='ocrx_word' id='word_1_608' title='bbox 2079 3916 2135 3963; x_wconf 89' lang='lat' dir='ltr'><strong>et</strong></span> <span class='ocrx_word' id='word_1_609' title='bbox 2186 3909 2573 3977; x_wconf 88' lang='lat' dir='ltr'><strong>episcoporum</strong></span> <span class='ocrx_word' id='word_1_610' title='bbox 2607 3914 2830 3969; x_wconf 87' lang='lat' dir='ltr'><strong>nomine</strong></span> <span class='ocrx_word' id='word_1_611' title='bbox 2862 3912 3085 3982; x_wconf 89' lang='lat' dir='ltr'><strong>scriptis</strong></span> <span class='ocrx_word' id='word_1_612' title='bbox 3112 3930 3126 3965; x_wconf 93' lang='lat'><strong>:</strong></span> <span class='ocrx_word' id='word_1_613' title='bbox 3152 3914 3205 3967; x_wconf 92' lang='lat' dir='ltr'><strong>in</strong></span> <span class='ocrx_word' id='word_1_614' title='bbox 3241 3912 3349 3967; x_wconf 91' lang='lat' dir='ltr'><strong>illis</strong></span> <span class='ocrx_word' id='word_1_615' title='bbox 3384 3913 3499 3967; x_wconf 89' lang='lat' dir='ltr'><strong>sin-</strong></span> 
     </span>
    </p>
   </div>
   <div class='ocr_carea' id='block_1_83' title="bbox 1918 3999 3502 4075">
    <p class='ocr_par' dir='ltr' id='par_1_83' title="bbox 1918 3999 3502 4075">
     <span class='ocr_line' id='line_1_83' title="bbox 1918 3999 3502 4075; baseline 0.006 -24"><span class='ocrx_word' id='word_1_616' title='bbox 1918 3999 2058 4066; x_wconf 83' lang='lat' dir='ltr'><strong>gulis</strong></span> <span class='ocrx_word' id='word_1_617' title='bbox 2110 4002 2361 4057; x_wconf 86' lang='lat' dir='ltr'><strong>eumdem</strong></span> <span class='ocrx_word' id='word_1_618' title='bbox 2421 4003 2544 4059; x_wconf 82' lang='lat' dir='ltr'><strong>ﬁdei</strong></span> <span class='ocrx_word' id='word_1_619' title='bbox 2596 4005 2913 4062; x_wconf 76' lang='lat' dir='ltr'><strong>characters</strong></span> <span class='ocrx_word' id='word_1_620' title='bbox 2950 4021 3047 4074; x_wconf 88' lang='lat' dir='ltr'><strong>per</strong></span> <span class='ocrx_word' id='word_1_621' title='bbox 3075 4007 3259 4061; x_wconf 85' lang='lat' dir='ltr'><strong>omnia</strong></span> <span class='ocrx_word' id='word_1_622' title='bbox 3313 4005 3502 4075; x_wconf 79' lang='lat' dir='ltr'><strong>depre~</strong></span> 
     </span>
    </p>
   </div>
   <div class='ocr_carea' id='block_1_84' title="bbox 1924 4088 3501 4167">
    <p class='ocr_par' dir='ltr' id='par_1_84' title="bbox 1924 4088 3501 4167">
     <span class='ocr_line' id='line_1_84' title="bbox 1924 4088 3501 4167; baseline 0.005 -24"><span class='ocrx_word' id='word_1_623' title='bbox 1924 4090 2108 4144; x_wconf 86' lang='lat' dir='ltr'><strong>bendi.</strong></span> <span class='ocrx_word' id='word_1_624' title='bbox 2142 4088 2211 4146; x_wconf 90' lang='lat' dir='ltr'><strong>Ut</strong></span> <span class='ocrx_word' id='word_1_625' title='bbox 2239 4107 2463 4150; x_wconf 83' lang='lat' dir='ltr'><strong>necesse</strong></span> <span class='ocrx_word' id='word_1_626' title='bbox 2494 4096 2568 4150; x_wconf 89' lang='lat' dir='ltr'><strong>sit</strong></span> <span class='ocrx_word' id='word_1_627' title='bbox 2603 4096 2755 4151; x_wconf 90' lang='lat' dir='ltr'><strong>illum</strong></span> <span class='ocrx_word' id='word_1_628' title='bbox 2801 4112 2993 4167; x_wconf 88' lang='lat' dir='ltr'><strong>parum</strong></span> <span class='ocrx_word' id='word_1_629' title='bbox 3025 4097 3323 4153; x_wconf 87' lang='lat' dir='ltr'><strong>secundum</strong></span> <span class='ocrx_word' id='word_1_630' title='bbox 3357 4098 3501 4151; x_wconf 90' lang='lat' dir='ltr'><strong>veri-</strong></span> 
     </span>
    </p>
   </div>
   <div class='ocr_carea' id='block_1_85' title="bbox 1926 4183 3500 4259">
    <p class='ocr_par' dir='ltr' id='par_1_85' title="bbox 1926 4183 3500 4259">
     <span class='ocr_line' id='line_1_85' title="bbox 1926 4183 3500 4259; baseline 0.006 -26"><span class='ocrx_word' id='word_1_631' title='bbox 1926 4190 2093 4236; x_wconf 87' lang='lat' dir='ltr'><strong>tatem</strong></span> <span class='ocrx_word' id='word_1_632' title='bbox 2147 4183 2291 4239; x_wconf 89' lang='lat' dir='ltr'><strong>hanc</strong></span> <span class='ocrx_word' id='word_1_633' title='bbox 2351 4188 2757 4243; x_wconf 88' lang='lat' dir='ltr'><strong>accusationem</strong></span> <span class='ocrx_word' id='word_1_634' title='bbox 2812 4190 3146 4254; x_wconf 89' lang='lat' dir='ltr'><strong>instituisse,</strong></span> <span class='ocrx_word' id='word_1_635' title='bbox 3184 4190 3500 4259; x_wconf 87' lang='lat' dir='ltr'><strong>nuperrime</strong></span> 
     </span>
    </p>
   </div>
   <div class='ocr_carea' id='block_1_86' title="bbox 1922 4273 3502 4352">
    <p class='ocr_par' dir='ltr' id='par_1_86' title="bbox 1922 4273 3502 4352">
     <span class='ocr_line' id='line_1_86' title="bbox 1922 4273 3502 4352; baseline 0.004 -25"><span class='ocrx_word' id='word_1_636' title='bbox 1922 4273 2081 4329; x_wconf 88' lang='lat' dir='ltr'><strong>istam</strong></span> <span class='ocrx_word' id='word_1_637' title='bbox 2101 4274 2351 4332; x_wconf 65' lang='lat' dir='ltr'><strong>haeresim</strong></span> <span class='ocrx_word' id='word_1_638' title='bbox 2377 4278 2747 4337; x_wconf 87' lang='lat' dir='ltr'><strong>adinventam.</strong></span> <span class='ocrx_word' id='word_1_639' title='bbox 2774 4280 3108 4337; x_wconf 88' lang='lat' dir='ltr'><strong>Procedente</strong></span> <span class='ocrx_word' id='word_1_640' title='bbox 3130 4296 3293 4352; x_wconf 92' lang='lat' dir='ltr'><strong>porro</strong></span> <span class='ocrx_word' id='word_1_641' title='bbox 3314 4280 3502 4351; x_wconf 88' lang='lat' dir='ltr'><strong>paula-</strong></span> 
     </span>
    </p>
   </div>
   <div class='ocr_carea' id='block_1_87' title="bbox 235 4656 1814 4733">
    <p class='ocr_par' dir='ltr' id='par_1_87' title="bbox 235 4656 1814 4733">
     <span class='ocr_line' id='line_1_87' title="bbox 235 4656 1814 4733; baseline 0.002 -25"><span class='ocrx_word' id='word_1_642' title='bbox 235 4659 399 4733; x_wconf 86' lang='lat' dir='ltr'><strong>D_eus,</strong></span> <span class='ocrx_word' id='word_1_643' title='bbox 423 4656 826 4733; x_wconf 63' lang='lat' dir='ltr'><strong>verusquiilcm</strong></span> <span class='ocrx_word' id='word_1_644' title='bbox 860 4672 966 4733; x_wconf 74' lang='lat' dir='ltr'><strong>non</strong></span> <span class='ocrx_word' id='word_1_645' title='bbox 987 4658 1355 4733; x_wconf 43' lang='lat' dir='ltr'><strong>‘di§toc,_sajle_</strong></span> <span class='ocrx_word' id='word_1_646' title='bbox 1389 4658 1814 4733; x_wconf 36' lang='lat' dir='ltr'><strong>apnd‘Athana--</strong></span> 
     </span>
    </p>
   </div>
   <div class='ocr_carea' id='block_1_88' title="bbox 1919 4656 3498 4733">
    <p class='ocr_par' dir='ltr' id='par_1_88' title="bbox 1920 4657 3498 4733">
     <span class='ocr_line' id='line_1_88' title="bbox 1920 4657 3498 4733; baseline 0.002 -21"><span class='ocrx_word' id='word_1_647' title='bbox 1920 4660 2119 4730; x_wconf 75' lang='grc' dir='ltr'>ψηφον.</span> <span class='ocrx_word' id='word_1_648' title='bbox 2154 4658 2291 4733; x_wconf 70' lang='lat' dir='ltr'><strong>Quid</strong></span> <span class='ocrx_word' id='word_1_649' title='bbox 2322 4658 2389 4712; x_wconf 86' lang='lat' dir='ltr'><strong>de</strong></span> <span class='ocrx_word' id='word_1_650' title='bbox 2431 4657 2521 4733; x_wconf 75' lang='lat' dir='ltr'><strong>illo</strong></span> <span class='ocrx_word' id='word_1_651' title='bbox 2564 4659 2910 4733; x_wconf 74' lang='grc' dir='ltr'>χαλκεντέρῳ</span> <span class='ocrx_word' id='word_1_652' title='bbox 2940 4660 3235 4733; x_wconf 74' lang='lat' dir='ltr'><strong>scripserat</strong></span> <span class='ocrx_word' id='word_1_653' title='bbox 3277 4660 3498 4716; x_wconf 81' lang='lat' dir='ltr'><strong>Marcel-</strong></span> 
     </span>
    </p>
   </div>
   <div class='ocr_carea' id='block_1_89' title="bbox 236 4726 1817 4797">
    <p class='ocr_par' dir='ltr' id='par_1_89' title="bbox 236 4726 1817 4797">
     <span class='ocr_line' id='line_1_89' title="bbox 236 4726 1817 4797; baseline 0 -17"><span class='ocrx_word' id='word_1_654' title='bbox 236 4728 404 4790; x_wconf 85' lang='lat' dir='ltr'><strong>siutn,</strong></span> <span class='ocrx_word' id='word_1_655' title='bbox 446 4726 696 4797; x_wconf 78' lang='lat' dir='ltr'><strong>inquiunt</strong></span> <span class='ocrx_word' id='word_1_656' title='bbox 723 4728 927 4797; x_wconf 86' lang='lat' dir='ltr'><strong>Ariani,</strong></span> <span class='ocrx_word' id='word_1_657' title='bbox 955 4728 1001 4777; x_wconf 85' lang='grc' dir='ltr'><strong>εί</strong></span> <span class='ocrx_word' id='word_1_658' title='bbox 1042 4727 1107 4779; x_wconf 82' lang='grc' dir='ltr'><strong>δὲ·</strong></span> <span class='ocrx_word' id='word_1_659' title='bbox 1128 4728 1222 4779; x_wconf 76' lang='grc' dir='ltr'><strong>καὶ</strong></span> <span class='ocrx_word' id='word_1_660' title='bbox 1262 4727 1394 4779; x_wconf 83' lang='grc' dir='ltr'>Θεὸν</span> <span class='ocrx_word' id='word_1_661' title='bbox 1432 4726 1683 4797; x_wconf 82' lang='grc' dir='ltr'>ἀληθινὸν</span> <span class='ocrx_word' id='word_1_662' title='bbox 1729 4728 1817 4780; x_wconf 65' lang='grc' dir='ltr'>λές</span> 
     </span>
    </p>
   </div>
   <div class='ocr_carea' id='block_1_90' title="bbox 237 4795 1817 4868">
    <p class='ocr_par' dir='ltr' id='par_1_90' title="bbox 237 4795 1817 4868">
     <span class='ocr_line' id='line_1_90' title="bbox 237 4795 1817 4868; baseline 0.003 -22"><span class='ocrx_word' id='word_1_663' title='bbox 237 4811 395 4868; x_wconf 76' lang='grc' dir='ltr'>γουσι</span> <span class='ocrx_word' id='word_1_664' title='bbox 431 4795 703 4868; x_wconf 31' lang='grc' dir='ltr'>τὸνῌΥίον,</span> <span class='ocrx_word' id='word_1_665' title='bbox 721 4797 780 4848; x_wconf 85' lang='grc' dir='ltr'><strong>οῦ</strong></span> <span class='ocrx_word' id='word_1_666' title='bbox 812 4796 970 4848; x_wconf 82' lang='grc' dir='ltr'>λυπεῖ</span> <span class='ocrx_word' id='word_1_667' title='bbox 995 4799 1159 4867; x_wconf 79' lang='grc' dir='ltr'>ἡμᾶς·</span> <span class='ocrx_word' id='word_1_668' title='bbox 1187 4797 1474 4867; x_wconf 87' lang='grc' dir='ltr'>γενόμενος</span> <span class='ocrx_word' id='word_1_669' title='bbox 1496 4795 1603 4868; x_wconf 78' lang='grc' dir='ltr'>γὰρ</span> <span class='ocrx_word' id='word_1_670' title='bbox 1630 4798 1817 4868; x_wconf 78' lang='grc' dir='ltr'>ἀληθι-</span> 
     </span>
    </p>
   </div>
   <div class='ocr_carea' id='block_1_91' title="bbox 236 4864 1815 4927">
    <p class='ocr_par' dir='ltr' id='par_1_91' title="bbox 236 4864 1815 4927">
     <span class='ocr_line' id='line_1_91' title="bbox 236 4864 1815 4927; baseline 0.001 -7"><span class='ocrx_word' id='word_1_671' title='bbox 236 4866 327 4927; x_wconf 83' lang='grc' dir='ltr'><strong>νός</strong></span> <span class='ocrx_word' id='word_1_672' title='bbox 359 4866 491 4918; x_wconf 74' lang='grc' dir='ltr'>ἐστι.</span> <span class='ocrx_word' id='word_1_673' title='bbox 519 4864 609 4919; x_wconf 91' lang='lat' dir='ltr'><strong>Sic</strong></span> <span class='ocrx_word' id='word_1_674' title='bbox 631 4866 709 4918; x_wconf 88' lang='lat' dir='ltr'><strong>illi</strong></span> <span class='ocrx_word' id='word_1_675' title='bbox 740 4864 1815 4921; x_wconf 53' lang='lat' dir='ltr'><strong>nebulonesludebant&#39;vafre.Marcellus</strong></span> 
     </span>
    </p>
   </div>
   <div class='ocr_carea' id='block_1_92' title="bbox 239 4936 1815 5007">
    <p class='ocr_par' dir='ltr' id='par_1_92' title="bbox 239 4936 1815 5007">
     <span class='ocr_line' id='line_1_92' title="bbox 239 4936 1815 5007; baseline 0.001 -19"><span class='ocrx_word' id='word_1_676' title='bbox 239 4946 487 5007; x_wconf 65' lang='lat' dir='ltr'><strong>assuetus</strong></span> <span class='ocrx_word' id='word_1_677' title='bbox 516 4936 725 5007; x_wconf 63' lang='lat' dir='ltr'><strong>illorum</strong></span> <span class='ocrx_word' id='word_1_678' title='bbox 763 4938 972 4990; x_wconf 84' lang='lat' dir='ltr'><strong>technis</strong></span> <span class='ocrx_word' id='word_1_679' title='bbox 1013 4939 1115 4989; x_wconf 90' lang='lat' dir='ltr'><strong>hoc</strong></span> <span class='ocrx_word' id='word_1_680' title='bbox 1147 4937 1323 5006; x_wconf 87' lang='lat' dir='ltr'><strong>tetigit</strong></span> <span class='ocrx_word' id='word_1_681' title='bbox 1370 4939 1651 5007; x_wconf 86' lang='lat' dir='ltr'><strong>:pupngit</strong></span> <span class='ocrx_word' id='word_1_682' title='bbox 1686 4954 1815 5006; x_wconf 86' lang='lat' dir='ltr'><strong>ergo</strong></span> 
     </span>
    </p>
   </div>
   <div class='ocr_carea' id='block_1_93' title="bbox 238 5004 1813 5075">
    <p class='ocr_par' dir='ltr' id='par_1_93' title="bbox 238 5004 1813 5075">
     <span class='ocr_line' id='line_1_93' title="bbox 238 5004 1813 5075; baseline 0.001 -16"><span class='ocrx_word' id='word_1_683' title='bbox 238 5005 332 5059; x_wconf 82' lang='grc' dir='ltr'><strong>τὸν</strong></span> <span class='ocrx_word' id='word_1_684' title='bbox 366 5005 572 5075; x_wconf 86' lang='grc' dir='ltr'>σαπρόν</span> <span class='ocrx_word' id='word_1_685' title='bbox 604 5004 909 5075; x_wconf 83' lang='lat' dir='ltr'><strong>Eusebium,</strong></span> <span class='ocrx_word' id='word_1_686' title='bbox 940 5016 995 5059; x_wconf 90' lang='lat' dir='ltr'><strong>et</strong></span> <span class='ocrx_word' id='word_1_687' title='bbox 1040 5008 1163 5061; x_wconf 89' lang='lat' dir='ltr'><strong>hinc</strong></span> <span class='ocrx_word' id='word_1_688' title='bbox 1191 5004 1280 5059; x_wconf 76' lang='lat' dir='ltr'><strong>illa</strong></span> <span class='ocrx_word' id='word_1_689' title='bbox 1323 5004 1813 5060; x_wconf 45' lang='lat' dir='ltr'><strong>immanis—calum-</strong></span> 
     </span>
    </p>
   </div>
   <div class='ocr_carea' id='block_1_94' title="bbox 241 5074 1817 5141">
    <p class='ocr_par' dir='ltr' id='par_1_94' title="bbox 241 5074 1817 5141">
     <span class='ocr_line' id='line_1_94' title="bbox 241 5074 1817 5141; baseline 0.003 -13"><span class='ocrx_word' id='word_1_690' title='bbox 241 5075 331 5128; x_wconf 87' lang='lat' dir='ltr'><strong>nia</strong></span> <span class='ocrx_word' id='word_1_691' title='bbox 356 5076 408 5125; x_wconf 91' lang='lat' dir='ltr'><strong>in</strong></span> <span class='ocrx_word' id='word_1_692' title='bbox 438 5074 751 5141; x_wconf 83' lang='lat' dir='ltr'><strong>eum,quasi</strong></span> <span class='ocrx_word' id='word_1_693' title='bbox 784 5074 978 5129; x_wconf 90' lang='lat' dir='ltr'><strong>Filium</strong></span> <span class='ocrx_word' id='word_1_694' title='bbox 1013 5075 1104 5129; x_wconf 87' lang='lat' dir='ltr'><strong>Dei</strong></span> <span class='ocrx_word' id='word_1_695' title='bbox 1138 5091 1241 5129; x_wconf 90' lang='lat' dir='ltr'><strong>non</strong></span> <span class='ocrx_word' id='word_1_696' title='bbox 1270 5090 1459 5129; x_wconf 81' lang='lat' dir='ltr'><strong>revera</strong></span> <span class='ocrx_word' id='word_1_697' title='bbox 1478 5077 1673 5131; x_wconf 87' lang='lat' dir='ltr'><strong>Filium</strong></span> <span class='ocrx_word' id='word_1_698' title='bbox 1700 5094 1817 5132; x_wconf 87' lang='lat' dir='ltr'><strong>cre-</strong></span> 
     </span>
    </p>
   </div>
   <div class='ocr_carea' id='block_1_95' title="bbox 241 5144 1812 5215">
    <p class='ocr_par' dir='ltr' id='par_1_95' title="bbox 241 5144 1812 5215">
     <span class='ocr_line' id='line_1_95' title="bbox 241 5144 1812 5215; baseline 0.002 -19"><span class='ocrx_word' id='word_1_699' title='bbox 241 5146 395 5215; x_wconf 78' lang='lat' dir='ltr'><strong>deret</strong></span> <span class='ocrx_word' id='word_1_700' title='bbox 428 5144 536 5205; x_wconf 85' lang='lat' dir='ltr'><strong>ille,</strong></span> <span class='ocrx_word' id='word_1_701' title='bbox 560 5145 653 5213; x_wconf 86' lang='lat' dir='ltr'><strong>qui</strong></span> <span class='ocrx_word' id='word_1_702' title='bbox 705 5160 809 5197; x_wconf 84' lang='lat' dir='ltr'><strong>non</strong></span> <span class='ocrx_word' id='word_1_703' title='bbox 843 5147 1210 5215; x_wconf 77' lang='lat' dir='ltr'><strong>oppugnabat,</strong></span> <span class='ocrx_word' id='word_1_704' title='bbox 1242 5144 1491 5215; x_wconf 85' lang='grc' dir='ltr'>ἀληθινὸν</span> <span class='ocrx_word' id='word_1_705' title='bbox 1519 5146 1647 5199; x_wconf 82' lang='grc' dir='ltr'>Υίόν</span> <span class='ocrx_word' id='word_1_706' title='bbox 1681 5149 1812 5199; x_wconf 85' lang='lat' dir='ltr'><strong>sim-</strong></span> 
     </span>
    </p>
   </div>
   <div class='ocr_carea' id='block_1_96' title="bbox 242 5213 1810 5280">
    <p class='ocr_par' dir='ltr' id='par_1_96' title="bbox 242 5213 1810 5280">
     <span class='ocr_line' id='line_1_96' title="bbox 242 5213 1810 5280; baseline 0.002 -16"><span class='ocrx_word' id='word_1_707' title='bbox 242 5213 479 5280; x_wconf 89' lang='lat' dir='ltr'><strong>pliciter,</strong></span> <span class='ocrx_word' id='word_1_708' title='bbox 508 5216 598 5266; x_wconf 85' lang='lat' dir='ltr'><strong>sed</strong></span> <span class='ocrx_word' id='word_1_709' title='bbox 633 5223 840 5266; x_wconf 88' lang='lat' dir='ltr'><strong>tantum</strong></span> <span class='ocrx_word' id='word_1_710' title='bbox 873 5213 1168 5268; x_wconf 83' lang='lat' dir='ltr'><strong>secundum</strong></span> <span class='ocrx_word' id='word_1_711' title='bbox 1198 5213 1430 5269; x_wconf 80' lang='lat' dir='ltr'><strong>mentem</strong></span> <span class='ocrx_word' id='word_1_712' title='bbox 1458 5219 1810 5280; x_wconf 84' lang='lat' dir='ltr'><strong>Arianorum,</strong></span> 
     </span>
    </p>
   </div>
   <div class='ocr_carea' id='block_1_97' title="bbox 242 5282 1808 5350">
    <p class='ocr_par' dir='ltr' id='par_1_97' title="bbox 242 5282 1808 5350">
     <span class='ocr_line' id='line_1_97' title="bbox 242 5282 1808 5350; baseline 0.003 -18"><span class='ocrx_word' id='word_1_713' title='bbox 242 5284 334 5350; x_wconf 85' lang='lat' dir='ltr'><strong>qui</strong></span> <span class='ocrx_word' id='word_1_714' title='bbox 388 5297 573 5335; x_wconf 86' lang='lat' dir='ltr'><strong>verum</strong></span> <span class='ocrx_word' id='word_1_715' title='bbox 608 5282 799 5347; x_wconf 88' lang='lat' dir='ltr'><strong>Deum,</strong></span> <span class='ocrx_word' id='word_1_716' title='bbox 833 5298 1017 5337; x_wconf 87' lang='lat' dir='ltr'><strong>verum</strong></span> <span class='ocrx_word' id='word_1_717' title='bbox 1074 5284 1289 5348; x_wconf 81' lang='lat' dir='ltr'><strong>Filium,</strong></span> <span class='ocrx_word' id='word_1_718' title='bbox 1316 5300 1499 5337; x_wconf 89' lang='lat' dir='ltr'><strong>verum</strong></span> <span class='ocrx_word' id='word_1_719' title='bbox 1552 5287 1808 5349; x_wconf 82' lang='lat' dir='ltr'><strong>Verbum,</strong></span> 
     </span>
    </p>
   </div>
   <div class='ocr_carea' id='block_1_98' title="bbox 242 5353 1810 5421">
    <p class='ocr_par' dir='ltr' id='par_1_98' title="bbox 242 5353 1810 5421">
     <span class='ocr_line' id='line_1_98' title="bbox 242 5353 1810 5421; baseline 0.003 -18"><span class='ocrx_word' id='word_1_720' title='bbox 242 5367 295 5403; x_wconf 80' lang='lat' dir='ltr'><strong>et</strong></span> <span class='ocrx_word' id='word_1_721' title='bbox 327 5353 503 5405; x_wconf 90' lang='lat' dir='ltr'><strong>omnia</strong></span> <span class='ocrx_word' id='word_1_722' title='bbox 537 5354 602 5405; x_wconf 87' lang='lat' dir='ltr'><strong>de</strong></span> <span class='ocrx_word' id='word_1_723' title='bbox 646 5368 711 5406; x_wconf 92' lang='lat' dir='ltr'><strong>eo</strong></span> <span class='ocrx_word' id='word_1_724' title='bbox 756 5367 881 5406; x_wconf 88' lang='lat' dir='ltr'><strong>vera</strong></span> <span class='ocrx_word' id='word_1_725' title='bbox 929 5354 1258 5421; x_wconf 76' lang='lat' dir='ltr'><strong>fatebantur,</strong></span> <span class='ocrx_word' id='word_1_726' title='bbox 1296 5357 1389 5410; x_wconf 86' lang='lat' dir='ltr'><strong>sed</strong></span> <span class='ocrx_word' id='word_1_727' title='bbox 1429 5355 1697 5421; x_wconf 76' lang='grc' dir='ltr'>ὑπούλως,</span> <span class='ocrx_word' id='word_1_728' title='bbox 1726 5367 1810 5409; x_wconf 83' lang='grc' dir='ltr'>ιιι-</span> 
     </span>
    </p>
   </div>
   <div class='ocr_carea' id='block_1_99' title="bbox 245 5426 1808 5487">
    <p class='ocr_par' dir='ltr' id='par_1_99' title="bbox 245 5426 1808 5487">
     <span class='ocr_line' id='line_1_99' title="bbox 245 5426 1808 5487; baseline 0.005 -16"><span class='ocrx_word' id='word_1_729' title='bbox 245 5430 369 5487; x_wconf 81' lang='lat' dir='ltr'><strong>pote</strong></span> <span class='ocrx_word' id='word_1_730' title='bbox 392 5436 496 5473; x_wconf 84' lang='lat' dir='ltr'><strong>non</strong></span> <span class='ocrx_word' id='word_1_731' title='bbox 527 5434 787 5475; x_wconf 75' lang='lat' dir='ltr'><strong>:eternum</strong></span> <span class='ocrx_word' id='word_1_732' title='bbox 834 5426 926 5476; x_wconf 86' lang='lat' dir='ltr'><strong>sed</strong></span> <span class='ocrx_word' id='word_1_733' title='bbox 971 5436 1236 5479; x_wconf 86' lang='lat' dir='ltr'><strong>creatum.</strong></span> <span class='ocrx_word' id='word_1_734' title='bbox 1277 5441 1383 5479; x_wconf 88' lang='lat' dir='ltr'><strong>non</strong></span> <span class='ocrx_word' id='word_1_735' title='bbox 1420 5426 1675 5487; x_wconf 82' lang='grc' dir='ltr'>ὁμούσιον</span> <span class='ocrx_word' id='word_1_736' title='bbox 1716 5430 1808 5479; x_wconf 76' lang='lat' dir='ltr'><strong>sed</strong></span> 
     </span>
    </p>
   </div>
   <div class='ocr_carea' id='block_1_100' title="bbox 244 5489 1817 5563">
    <p class='ocr_par' dir='ltr' id='par_1_100' title="bbox 244 5489 1817 5563">
     <span class='ocr_line' id='line_1_100' title="bbox 244 5489 1817 5563; baseline 0.006 -23"><span class='ocrx_word' id='word_1_737' title='bbox 244 5489 583 5563; x_wconf 64' lang='grc' dir='ltr'>έτερούσιον,</span> <span class='ocrx_word' id='word_1_738' title='bbox 632 5494 699 5545; x_wconf 82' lang='lat' dir='ltr'><strong>ad</strong></span> <span class='ocrx_word' id='word_1_739' title='bbox 748 5508 1015 5547; x_wconf 87' lang='lat' dir='ltr'><strong>summum</strong></span> <span class='ocrx_word' id='word_1_740' title='bbox 1073 5496 1397 5563; x_wconf 83' lang='grc' dir='ltr'>ὁμοιούσιον.</span> <span class='ocrx_word' id='word_1_741' title='bbox 1457 5489 1528 5550; x_wconf 80' lang='grc' dir='ltr'>Μ.</span> <span class='ocrx_word' id='word_1_742' title='bbox 1582 5527 1651 5537; x_wconf 89' lang='lat'><strong>--</strong></span> <span class='ocrx_word' id='word_1_743' title='bbox 1696 5496 1817 5549; x_wconf 77' lang='lat' dir='ltr'><strong>Mox</strong></span> 
     </span>
    </p>
   </div>
   <div class='ocr_carea' id='block_1_101' title="bbox 248 5560 1821 5636">
    <p class='ocr_par' dir='ltr' id='par_1_101' title="bbox 248 5560 1821 5636">
     <span class='ocr_line' id='line_1_101' title="bbox 248 5560 1821 5636; baseline 0.005 -24"><span class='ocrx_word' id='word_1_744' title='bbox 248 5560 355 5636; x_wconf 47' lang='grc' dir='ltr'>λιν.</span> <span class='ocrx_word' id='word_1_745' title='bbox 405 5560 574 5636; x_wconf 66' lang='grc' dir='ltr'>τύπον</span> <span class='ocrx_word' id='word_1_746' title='bbox 602 5563 967 5636; x_wconf 43' lang='grc' dir='ltr'>ιοοο-τρόπον,</span> <span class='ocrx_word' id='word_1_747' title='bbox 1013 5560 1135 5617; x_wconf 84' lang='lat' dir='ltr'><strong>dein</strong></span> <span class='ocrx_word' id='word_1_748' title='bbox 1164 5568 1325 5635; x_wconf 89' lang='lat' dir='ltr'><strong>vulgo</strong></span> <span class='ocrx_word' id='word_1_749' title='bbox 1367 5568 1517 5621; x_wconf 86' lang='lat' dir='ltr'><strong>deest</strong></span> <span class='ocrx_word' id='word_1_750' title='bbox 1560 5567 1657 5636; x_wconf 80' lang='grc' dir='ltr'><strong>μέν</strong></span> <span class='ocrx_word' id='word_1_751' title='bbox 1697 5577 1821 5635; x_wconf 91' lang='lat' dir='ltr'><strong>post</strong></span> 
     </span>
    </p>
   </div>
   <div class='ocr_carea' id='block_1_102' title="bbox 240 5632 1115 5701">
    <p class='ocr_par' dir='ltr' id='par_1_102' title="bbox 240 5632 1115 5701">
     <span class='ocr_line' id='line_1_102' title="bbox 240 5632 1115 5701; baseline 0.003 -18"><span class='ocrx_word' id='word_1_752' title='bbox 240 5632 373 5701; x_wconf 75' lang='grc' dir='ltr'>ὅταν</span> <span class='ocrx_word' id='word_1_753' title='bbox 396 5641 447 5682; x_wconf 79' lang='lat' dir='ltr'><strong>ct</strong></span> <span class='ocrx_word' id='word_1_754' title='bbox 476 5632 610 5683; x_wconf 83' lang='lat' dir='ltr'><strong>infra</strong></span> <span class='ocrx_word' id='word_1_755' title='bbox 642 5632 797 5700; x_wconf 85' lang='lat' dir='ltr'><strong>vulgo</strong></span> <span class='ocrx_word' id='word_1_756' title='bbox 819 5634 914 5685; x_wconf 90' lang='grc' dir='ltr'><strong>Πν.</strong></span> <span class='ocrx_word' id='word_1_757' title='bbox 944 5634 1115 5701; x_wconf 84' lang='grc' dir='ltr'>ἆγιον.</span> 
     </span>
    </p>
   </div>
   <div class='ocr_carea' id='block_1_103' title="bbox 319 5700 1816 5770">
    <p class='ocr_par' dir='ltr' id='par_1_103' title="bbox 319 5700 1816 5770">
     <span class='ocr_line' id='line_1_103' title="bbox 319 5700 1816 5770; baseline 0.004 -20"><span class='ocrx_word' id='word_1_758' title='bbox 319 5700 394 5768; x_wconf 67' lang='grc' dir='ltr'>ιε’.)</span> <span class='ocrx_word' id='word_1_759' title='bbox 446 5701 778 5770; x_wconf 66' lang='grc' dir='ltr'>Ὠριγέιῖους</span> <span class='ocrx_word' id='word_1_760' title='bbox 811 5704 915 5756; x_wconf 84' lang='grc' dir='ltr'><strong>τοῦ</strong></span> <span class='ocrx_word' id='word_1_761' title='bbox 954 5700 1160 5757; x_wconf 70' lang='grc' dir='ltr'>πάλαι.</span> <span class='ocrx_word' id='word_1_762' title='bbox 1210 5702 1329 5758; x_wconf 83' lang='lat' dir='ltr'><strong>Jam</strong></span> <span class='ocrx_word' id='word_1_763' title='bbox 1380 5704 1816 5770; x_wconf 68' lang='lat' dir='ltr'><strong>antcOrigencm</strong></span> 
     </span>
    </p>
   </div>
   <div class='ocr_carea' id='block_1_104' title="bbox 247 5769 1815 5843">
    <p class='ocr_par' dir='ltr' id='par_1_104' title="bbox 247 5769 1815 5843">
     <span class='ocr_line' id='line_1_104' title="bbox 247 5769 1815 5843; baseline 0.003 -21"><span class='ocrx_word' id='word_1_764' title='bbox 247 5769 902 5843; x_wconf 69' lang='lat' dir='ltr'><strong>recensueratEusebius</strong></span> <span class='ocrx_word' id='word_1_765' title='bbox 950 5776 1091 5826; x_wconf 87' lang='lat' dir='ltr'><strong>inter</strong></span> <span class='ocrx_word' id='word_1_766' title='bbox 1120 5790 1213 5827; x_wconf 85' lang='lat' dir='ltr'><strong>eos</strong></span> <span class='ocrx_word' id='word_1_767' title='bbox 1248 5790 1385 5843; x_wconf 86' lang='lat' dir='ltr'><strong>quos</strong></span> <span class='ocrx_word' id='word_1_768' title='bbox 1414 5779 1529 5829; x_wconf 84' lang='lat' dir='ltr'><strong>vult</strong></span> <span class='ocrx_word' id='word_1_769' title='bbox 1584 5769 1815 5828; x_wconf 71' lang='lat' dir='ltr'><strong>Marcel-</strong></span> 
     </span>
    </p>
   </div>
   <div class='ocr_carea' id='block_1_105' title="bbox 245 5839 1815 5912">
    <p class='ocr_par' dir='ltr' id='par_1_105' title="bbox 245 5839 1815 5912">
     <span class='ocr_line' id='line_1_105' title="bbox 245 5839 1815 5912; baseline 0.001 -18"><span class='ocrx_word' id='word_1_770' title='bbox 245 5839 361 5912; x_wconf 86' lang='lat' dir='ltr'><strong>lum</strong></span> <span class='ocrx_word' id='word_1_771' title='bbox 404 5840 763 5912; x_wconf 83' lang='lat' dir='ltr'><strong>proscidissc;</strong></span> <span class='ocrx_word' id='word_1_772' title='bbox 804 5844 893 5897; x_wconf 86' lang='lat' dir='ltr'><strong>hic</strong></span> <span class='ocrx_word' id='word_1_773' title='bbox 942 5858 1071 5912; x_wconf 86' lang='lat' dir='ltr'><strong>ergo</strong></span> <span class='ocrx_word' id='word_1_774' title='bbox 1106 5846 1171 5896; x_wconf 87' lang='lat' dir='ltr'><strong>ad</strong></span> <span class='ocrx_word' id='word_1_775' title='bbox 1202 5839 1445 5897; x_wconf 77' lang='lat' dir='ltr'><strong>eamdem</strong></span> <span class='ocrx_word' id='word_1_776' title='bbox 1493 5847 1815 5899; x_wconf 76' lang='lat' dir='ltr'><strong>sententiam</strong></span> 
     </span>
    </p>
   </div>
   <div class='ocr_carea' id='block_1_106' title="bbox 247 5910 1819 5985">
    <p class='ocr_par' dir='ltr' id='par_1_106' title="bbox 247 5910 1819 5985">
     <span class='ocr_line' id='line_1_106' title="bbox 247 5910 1819 5985; baseline 0.001 -21"><span class='ocrx_word' id='word_1_777' title='bbox 247 5910 350 5976; x_wconf 81' lang='lat' dir='ltr'><strong>ait,</strong></span> <span class='ocrx_word' id='word_1_778' title='bbox 384 5910 669 5979; x_wconf 81' lang='lat' dir='ltr'><strong>Origeuem</strong></span> <span class='ocrx_word' id='word_1_779' title='bbox 693 5914 758 5966; x_wconf 86' lang='lat' dir='ltr'><strong>ab</strong></span> <span class='ocrx_word' id='word_1_780' title='bbox 784 5928 846 5967; x_wconf 84' lang='lat' dir='ltr'><strong>eo</strong></span> <span class='ocrx_word' id='word_1_781' title='bbox 892 5910 1202 5968; x_wconf 82' lang='lat' dir='ltr'><strong>accusatum</strong></span> <span class='ocrx_word' id='word_1_782' title='bbox 1246 5917 1404 5969; x_wconf 79' lang='lat' dir='ltr'><strong>veluti</strong></span> <span class='ocrx_word' id='word_1_783' title='bbox 1436 5918 1650 5972; x_wconf 78' lang='lat' dir='ltr'><strong>Arianis</strong></span> <span class='ocrx_word' id='word_1_784' title='bbox 1680 5916 1819 5985; x_wconf 77' lang='grc' dir='ltr'>σύμ-</span> 
     </span>
    </p>
   </div>
   <div class='ocr_carea' id='block_1_107' title="bbox 1920 4728 3498 4797">
    <p class='ocr_par' dir='ltr' id='par_1_107' title="bbox 1920 4728 3498 4797">
     <span class='ocr_line' id='line_1_107' title="bbox 1920 4728 3498 4797; baseline 0.001 -14"><span class='ocrx_word' id='word_1_785' title='bbox 1920 4728 2027 4794; x_wconf 79' lang='lat' dir='ltr'><strong>lus,</strong></span> <span class='ocrx_word' id='word_1_786' title='bbox 2059 4746 2160 4783; x_wconf 89' lang='lat' dir='ltr'><strong>non</strong></span> <span class='ocrx_word' id='word_1_787' title='bbox 2198 4729 2384 4797; x_wconf 90' lang='lat' dir='ltr'><strong>liquet.</strong></span> <span class='ocrx_word' id='word_1_788' title='bbox 2420 4728 2579 4781; x_wconf 84' lang='lat' dir='ltr'><strong>Certe</strong></span> <span class='ocrx_word' id='word_1_789' title='bbox 2606 4728 2934 4784; x_wconf 80' lang='lat' dir='ltr'><strong>Athanasius</strong></span> <span class='ocrx_word' id='word_1_790' title='bbox 2966 4729 3107 4784; x_wconf 88' lang='lat' dir='ltr'><strong>illius</strong></span> <span class='ocrx_word' id='word_1_791' title='bbox 3138 4733 3366 4785; x_wconf 80' lang='lat' dir='ltr'><strong>advocat</strong></span> <span class='ocrx_word' id='word_1_792' title='bbox 3416 4744 3498 4785; x_wconf 83' lang='lat' dir='ltr'><strong>te-</strong></span> 
     </span>
    </p>
   </div>
   <div class='ocr_carea' id='block_1_108' title="bbox 1918 4798 3497 4922">
    <p class='ocr_par' dir='ltr' id='par_1_108' title="bbox 1918 4798 3497 4922">
     <span class='ocr_line' id='line_1_108' title="bbox 1918 4798 3497 4922; baseline 0.001 -70"><span class='ocrx_word' id='word_1_793' title='bbox 1918 4802 2254 4861; x_wconf 83' lang='lat' dir='ltr'><strong>stimonium,</strong></span> <span class='ocrx_word' id='word_1_794' title='bbox 2319 4801 2369 4851; x_wconf 90' lang='lat' dir='ltr'><strong>in</strong></span> <span class='ocrx_word' id='word_1_795' title='bbox 2404 4813 2511 4865; x_wconf 91' lang='lat' dir='ltr'><strong>quo</strong></span> <span class='ocrx_word' id='word_1_796' title='bbox 2548 4798 2845 4922; x_wconf 63' lang='grc' dir='ltr'><strong>διαρῤίίᾷην</strong></span> <span class='ocrx_word' id='word_1_797' title='bbox 2878 4800 3005 4853; x_wconf 89' lang='lat' dir='ltr'><strong>illud</strong></span> <span class='ocrx_word' id='word_1_798' title='bbox 3027 4802 3364 4880; x_wconf 80' lang='lat' dir='ltr'><strong>_Arianornm</strong></span> <span class='ocrx_word' id='word_1_799' title='bbox 3390 4802 3497 4922; x_wconf 52' lang='grc' dir='ltr'><strong>ιὲή-</strong></span> 
     </span>
     <span class='ocr_line' id='line_1_109' title="bbox 1920 4864 3497 4922; baseline 0 0"><span class='ocrx_word' id='word_1_800' title='bbox 1920 4889 2117 4922; x_wconf 80' lang='grc' dir='ltr'>ωισιια.</span> <span class='ocrx_word' id='word_1_801' title='bbox 2148 4866 2215 4922; x_wconf 69' lang='grc' dir='ltr'>ἦν</span> <span class='ocrx_word' id='word_1_802' title='bbox 2239 4870 2328 4921; x_wconf 83' lang='grc' dir='ltr'>ὅτε</span> <span class='ocrx_word' id='word_1_803' title='bbox 2357 4869 2457 4920; x_wconf 82' lang='grc' dir='ltr'><strong>οὐκ</strong></span> <span class='ocrx_word' id='word_1_804' title='bbox 2481 4864 2570 4922; x_wconf 78' lang='grc' dir='ltr'>ἦν.</span> <span class='ocrx_word' id='word_1_805' title='bbox 2596 4870 2726 4922; x_wconf 86' lang='lat' dir='ltr'><strong>relel</strong></span> <span class='ocrx_word' id='word_1_806' title='bbox 2756 4881 2862 4922; x_wconf 87' lang='grc' dir='ltr'>ιιιιι·</span> <span class='ocrx_word' id='word_1_807' title='bbox 2888 4881 2943 4922; x_wconf 92' lang='lat' dir='ltr'><strong>et</strong></span> <span class='ocrx_word' id='word_1_808' title='bbox 2964 4872 3225 4922; x_wconf 87' lang='lat' dir='ltr'><strong>reticitur.</strong></span> <span class='ocrx_word' id='word_1_809' title='bbox 3246 4870 3391 4922; x_wconf 80' lang='grc' dir='ltr'><strong>Μ.--</strong></span> <span class='ocrx_word' id='word_1_810' title='bbox 3439 4890 3497 4922; x_wconf 78' lang='lat' dir='ltr'><strong>u—</strong></span> 
     </span>
    </p>
   </div>
   <div class='ocr_carea' id='block_1_109' title="bbox 1920 4864 3498 4942">
    <p class='ocr_par' dir='ltr' id='par_1_109' title="bbox 1920 4864 3498 4942">
     <span class='ocr_line' id='line_1_110' title="bbox 1920 4864 3498 4942; baseline 0.001 -19"><span class='ocrx_word' id='word_1_811' title='bbox 1920 4889 2117 4942; x_wconf 83' lang='grc' dir='ltr'>φισμα,</span> <span class='ocrx_word' id='word_1_812' title='bbox 2148 4866 2215 4940; x_wconf 82' lang='grc' dir='ltr'>ἧν</span> <span class='ocrx_word' id='word_1_813' title='bbox 2239 4870 2328 4921; x_wconf 83' lang='grc' dir='ltr'>ὅτε</span> <span class='ocrx_word' id='word_1_814' title='bbox 2357 4864 2457 4942; x_wconf 71' lang='grc' dir='ltr'><strong>οὐκ</strong></span> <span class='ocrx_word' id='word_1_815' title='bbox 2481 4864 2570 4937; x_wconf 89' lang='grc' dir='ltr'>ἦν,</span> <span class='ocrx_word' id='word_1_816' title='bbox 2596 4864 2862 4942; x_wconf 69' lang='lat' dir='ltr'><strong>refellitur</strong></span> <span class='ocrx_word' id='word_1_817' title='bbox 2888 4881 2943 4923; x_wconf 91' lang='lat' dir='ltr'><strong>et</strong></span> <span class='ocrx_word' id='word_1_818' title='bbox 2964 4870 3225 4942; x_wconf 82' lang='lat' dir='ltr'><strong>rejicitur.</strong></span> <span class='ocrx_word' id='word_1_819' title='bbox 3246 4864 3498 4925; x_wconf 58' lang='lat' dir='ltr'><strong>lit—Sti—</strong></span> 
     </span>
    </p>
   </div>
   <div class='ocr_carea' id='block_1_110' title="bbox 1920 4937 3493 5010">
    <p class='ocr_par' dir='ltr' id='par_1_110' title="bbox 1920 4937 3493 5010">
     <span class='ocr_line' id='line_1_111' title="bbox 1920 4937 3493 5010; baseline 0.002 -19"><span class='ocrx_word' id='word_1_820' title='bbox 1920 4937 2109 5010; x_wconf 54' lang='lat' dir='ltr'><strong>prati);</strong></span> <span class='ocrx_word' id='word_1_821' title='bbox 2134 4937 2259 4992; x_wconf 78' lang='lat' dir='ltr'><strong>ante</strong></span> <span class='ocrx_word' id='word_1_822' title='bbox 2287 4937 2523 5010; x_wconf 78' lang='grc' dir='ltr'>προῖὼν;</span> <span class='ocrx_word' id='word_1_823' title='bbox 2563 4940 2700 4991; x_wconf 80' lang='lat' dir='ltr'><strong>infra</strong></span> <span class='ocrx_word' id='word_1_824' title='bbox 2726 4943 2755 4992; x_wconf 94' lang='lat'><strong>6</strong></span> <span class='ocrx_word' id='word_1_825' title='bbox 2781 4950 2904 4992; x_wconf 85' lang='lat' dir='ltr'><strong>ante</strong></span> <span class='ocrx_word' id='word_1_826' title='bbox 2936 4941 3097 5004; x_wconf 84' lang='grc' dir='ltr'>αὐτός</span> <span class='ocrx_word' id='word_1_827' title='bbox 3132 4941 3290 5009; x_wconf 74' lang='lat' dir='ltr'><strong>vulgo</strong></span> <span class='ocrx_word' id='word_1_828' title='bbox 3320 4943 3493 4996; x_wconf 87' lang='lat' dir='ltr'><strong>deest.</strong></span> 
     </span>
    </p>
   </div>
   <div class='ocr_carea' id='block_1_111' title="bbox 1990 5010 3498 5083">
    <p class='ocr_par' dir='ltr' id='par_1_111' title="bbox 1990 5010 3498 5083">
     <span class='ocr_line' id='line_1_112' title="bbox 1990 5010 3498 5083; baseline 0.002 -21"><span class='ocrx_word' id='word_1_829' title='bbox 1990 5011 2064 5083; x_wconf 81' lang='grc'><strong>(5)</strong></span> <span class='ocrx_word' id='word_1_830' title='bbox 2113 5011 2224 5083; x_wconf 64' lang='grc' dir='ltr'><strong>Τὸν</strong></span> <span class='ocrx_word' id='word_1_831' title='bbox 2264 5010 2470 5083; x_wconf 52' lang='grc' dir='ltr'>μέγαν(</span> <span class='ocrx_word' id='word_1_832' title='bbox 2500 5010 2813 5083; x_wconf 71' lang='grc' dir='ltr'>Εὐσέϐιον.</span> <span class='ocrx_word' id='word_1_833' title='bbox 2876 5010 3105 5075; x_wconf 83' lang='lat' dir='ltr'><strong>Semper</strong></span> <span class='ocrx_word' id='word_1_834' title='bbox 3149 5014 3250 5083; x_wconf 88' lang='lat' dir='ltr'><strong>hoc</strong></span> <span class='ocrx_word' id='word_1_835' title='bbox 3292 5012 3498 5083; x_wconf 83' lang='lat' dir='ltr'><strong>elogio,</strong></span> 
     </span>
    </p>
   </div>
   <div class='ocr_carea' id='block_1_112' title="bbox 1923 5079 3497 5148">
    <p class='ocr_par' dir='ltr' id='par_1_112' title="bbox 1923 5079 3497 5148">
     <span class='ocr_line' id='line_1_113' title="bbox 1923 5079 3497 5148; baseline -0.001 -14"><span class='ocrx_word' id='word_1_836' title='bbox 1923 5079 2065 5135; x_wconf 77' lang='lat' dir='ltr'><strong>hunc</strong></span> <span class='ocrx_word' id='word_1_837' title='bbox 2096 5081 2415 5141; x_wconf 78' lang='lat' dir='ltr'><strong>alastorem;</strong></span> <span class='ocrx_word' id='word_1_838' title='bbox 2459 5079 2549 5132; x_wconf 91' lang='lat' dir='ltr'><strong>hic</strong></span> <span class='ocrx_word' id='word_1_839' title='bbox 2582 5094 2712 5133; x_wconf 87' lang='lat' dir='ltr'><strong>vero</strong></span> <span class='ocrx_word' id='word_1_840' title='bbox 2755 5090 2976 5148; x_wconf 87' lang='lat' dir='ltr'><strong>apparet</strong></span> <span class='ocrx_word' id='word_1_841' title='bbox 3024 5083 3172 5134; x_wconf 87' lang='lat' dir='ltr'><strong>illum</strong></span> <span class='ocrx_word' id='word_1_842' title='bbox 3220 5079 3497 5148; x_wconf 82' lang='lat' dir='ltr'><strong>designari</strong></span> 
     </span>
    </p>
   </div>
   <div class='ocr_carea' id='block_1_113' title="bbox 1921 5150 3497 5219">
    <p class='ocr_par' dir='ltr' id='par_1_113' title="bbox 1921 5150 3497 5219">
     <span class='ocr_line' id='line_1_114' title="bbox 1921 5150 3497 5219; baseline 0.001 -17"><span class='ocrx_word' id='word_1_843' title='bbox 1921 5150 2413 5205; x_wconf 88' lang='lat' dir='ltr'><strong>Nicomediensem.</strong></span> <span class='ocrx_word' id='word_1_844' title='bbox 2452 5150 2581 5209; x_wconf 85' lang='lat' dir='ltr'><strong>Erat</strong></span> <span class='ocrx_word' id='word_1_845' title='bbox 2616 5151 2759 5204; x_wconf 89' lang='lat' dir='ltr'><strong>enim</strong></span> <span class='ocrx_word' id='word_1_846' title='bbox 2790 5153 3198 5219; x_wconf 82' lang='lat' dir='ltr'><strong>episcopatuum</strong></span> <span class='ocrx_word' id='word_1_847' title='bbox 3235 5151 3497 5215; x_wconf 89' lang='lat' dir='ltr'><strong>desultor,</strong></span> 
     </span>
    </p>
   </div>
   <div class='ocr_carea' id='block_1_114' title="bbox 1920 5219 3495 5290">
    <p class='ocr_par' dir='ltr' id='par_1_114' title="bbox 1920 5219 3495 5290">
     <span class='ocr_line' id='line_1_115' title="bbox 1920 5219 3495 5290; baseline 0.001 -17"><span class='ocrx_word' id='word_1_848' title='bbox 1920 5220 2252 5290; x_wconf 84' lang='lat' dir='ltr'><strong>Berytensis,</strong></span> <span class='ocrx_word' id='word_1_849' title='bbox 2303 5219 2767 5284; x_wconf 82' lang='lat' dir='ltr'><strong>Nicomediensis,</strong></span> <span class='ocrx_word' id='word_1_850' title='bbox 2805 5220 3442 5287; x_wconf 79' lang='lat' dir='ltr'><strong>Consmminopolitanus</strong></span> <span class='ocrx_word' id='word_1_851' title='bbox 3481 5240 3495 5274; x_wconf 85' lang='lat'>:</span> 
     </span>
    </p>
   </div>
   <div class='ocr_carea' id='block_1_115' title="bbox 1917 5290 3497 5351">
    <p class='ocr_par' dir='ltr' id='par_1_115' title="bbox 1917 5290 3497 5351">
     <span class='ocr_line' id='line_1_116' title="bbox 1917 5290 3497 5351; baseline 0.001 -7"><span class='ocrx_word' id='word_1_852' title='bbox 1917 5301 1971 5344; x_wconf 93' lang='lat' dir='ltr'><strong>et</strong></span> <span class='ocrx_word' id='word_1_853' title='bbox 1996 5294 2038 5344; x_wconf 87' lang='lat' dir='ltr'><strong>si</strong></span> <span class='ocrx_word' id='word_1_854' title='bbox 2075 5298 2219 5345; x_wconf 90' lang='lat' dir='ltr'><strong>recte</strong></span> <span class='ocrx_word' id='word_1_855' title='bbox 2251 5291 2493 5351; x_wconf 88' lang='lat' dir='ltr'><strong>memini,</strong></span> <span class='ocrx_word' id='word_1_856' title='bbox 2518 5291 2752 5344; x_wconf 81' lang='lat' dir='ltr'><strong>ambitor</strong></span> <span class='ocrx_word' id='word_1_857' title='bbox 2786 5290 2912 5343; x_wconf 87' lang='lat' dir='ltr'><strong>olim</strong></span> <span class='ocrx_word' id='word_1_858' title='bbox 2952 5292 3303 5345; x_wconf 69' lang='lat' dir='ltr'><strong>Antiochenm</strong></span> <span class='ocrx_word' id='word_1_859' title='bbox 3332 5292 3497 5345; x_wconf 90' lang='lat' dir='ltr'><strong>sedis.</strong></span> 
     </span>
    </p>
   </div>
   <div class='ocr_carea' id='block_1_116' title="bbox 1918 5358 3499 5428">
    <p class='ocr_par' dir='ltr' id='par_1_116' title="bbox 1918 5358 3499 5428">
     <span class='ocr_line' id='line_1_117' title="bbox 1918 5358 3499 5428; baseline -0.001 -15"><span class='ocrx_word' id='word_1_860' title='bbox 1918 5360 2079 5426; x_wconf 85' lang='lat' dir='ltr'><strong>Quasi</strong></span> <span class='ocrx_word' id='word_1_861' title='bbox 2113 5363 2213 5413; x_wconf 85' lang='lat' dir='ltr'><strong>hoc</strong></span> <span class='ocrx_word' id='word_1_862' title='bbox 2238 5360 2289 5411; x_wconf 89' lang='lat' dir='ltr'><strong>in</strong></span> <span class='ocrx_word' id='word_1_863' title='bbox 2316 5375 2381 5414; x_wconf 90' lang='lat' dir='ltr'><strong>eo</strong></span> <span class='ocrx_word' id='word_1_864' title='bbox 2410 5360 2566 5413; x_wconf 84' lang='lat' dir='ltr'><strong>laude</strong></span> <span class='ocrx_word' id='word_1_865' title='bbox 2596 5358 2775 5413; x_wconf 81' lang='lat' dir='ltr'><strong>fuerat</strong></span> <span class='ocrx_word' id='word_1_866' title='bbox 2807 5361 3051 5428; x_wconf 81' lang='lat' dir='ltr'><strong>dignum,</strong></span> <span class='ocrx_word' id='word_1_867' title='bbox 3080 5364 3151 5413; x_wconf 88' lang='lat' dir='ltr'><strong>ita</strong></span> <span class='ocrx_word' id='word_1_868' title='bbox 3184 5362 3251 5414; x_wconf 88' lang='lat' dir='ltr'><strong>ab</strong></span> <span class='ocrx_word' id='word_1_869' title='bbox 3281 5362 3383 5414; x_wconf 92' lang='lat' dir='ltr'><strong>hoc</strong></span> <span class='ocrx_word' id='word_1_870' title='bbox 3418 5360 3499 5412; x_wconf 85' lang='lat' dir='ltr'><strong>al-</strong></span> 
     </span>
    </p>
   </div>
   <div class='ocr_carea' id='block_1_117' title="bbox 1921 5430 3499 5497">
    <p class='ocr_par' dir='ltr' id='par_1_117' title="bbox 1921 5430 3499 5497">
     <span class='ocr_line' id='line_1_118' title="bbox 1921 5430 3499 5497; baseline 0.001 -14"><span class='ocrx_word' id='word_1_871' title='bbox 1921 5441 2035 5485; x_wconf 89' lang='lat' dir='ltr'><strong>tero</strong></span> <span class='ocrx_word' id='word_1_872' title='bbox 2089 5430 2320 5483; x_wconf 89' lang='lat' dir='ltr'><strong>Eusebio</strong></span> <span class='ocrx_word' id='word_1_873' title='bbox 2375 5442 2864 5495; x_wconf 88' lang='lat' dir='ltr'><strong>commemoratur;</strong></span> <span class='ocrx_word' id='word_1_874' title='bbox 2896 5432 3168 5497; x_wconf 86' lang='lat' dir='ltr'><strong>objectum</strong></span> <span class='ocrx_word' id='word_1_875' title='bbox 3201 5440 3286 5485; x_wconf 88' lang='lat' dir='ltr'><strong>est</strong></span> <span class='ocrx_word' id='word_1_876' title='bbox 3311 5431 3362 5484; x_wconf 89' lang='lat' dir='ltr'><strong>ei</strong></span> <span class='ocrx_word' id='word_1_877' title='bbox 3397 5431 3499 5484; x_wconf 87' lang='lat' dir='ltr'><strong>hoc</strong></span> 
     </span>
    </p>
   </div>
   <div class='ocr_carea' id='block_1_118' title="bbox 1925 5499 3499 5567">
    <p class='ocr_par' dir='ltr' id='par_1_118' title="bbox 1925 5499 3499 5567">
     <span class='ocr_line' id='line_1_119' title="bbox 1925 5499 3499 5567; baseline -0.001 -14"><span class='ocrx_word' id='word_1_878' title='bbox 1925 5502 2123 5566; x_wconf 83' lang='lat' dir='ltr'><strong>ipsum,</strong></span> <span class='ocrx_word' id='word_1_879' title='bbox 2154 5500 2466 5552; x_wconf 74' lang='lat' dir='ltr'><strong>ambitionis</strong></span> <span class='ocrx_word' id='word_1_880' title='bbox 2494 5500 2734 5559; x_wconf 85' lang='lat' dir='ltr'><strong>animali.</strong></span> <span class='ocrx_word' id='word_1_881' title='bbox 2764 5515 2858 5567; x_wconf 87' lang='lat' dir='ltr'><strong>per</strong></span> <span class='ocrx_word' id='word_1_882' title='bbox 2887 5499 3325 5561; x_wconf 86' lang='lat' dir='ltr'><strong>Constantinum,</strong></span> <span class='ocrx_word' id='word_1_883' title='bbox 3361 5515 3499 5553; x_wconf 88' lang='lat' dir='ltr'><strong>non-</strong></span> 
     </span>
    </p>
   </div>
   <div class='ocr_carea' id='block_1_119' title="bbox 1924 5567 3502 5639">
    <p class='ocr_par' dir='ltr' id='par_1_119' title="bbox 1924 5567 3502 5639">
     <span class='ocr_line' id='line_1_120' title="bbox 1924 5567 3502 5639; baseline -0.001 -17"><span class='ocrx_word' id='word_1_884' title='bbox 1924 5572 2048 5622; x_wconf 86' lang='lat' dir='ltr'><strong>dum</strong></span> <span class='ocrx_word' id='word_1_885' title='bbox 2078 5567 2453 5639; x_wconf 80' lang='grc' dir='ltr'>ἁρειανίζοντα</span> <span class='ocrx_word' id='word_1_886' title='bbox 2486 5587 2497 5621; x_wconf 88' lang='lat'><strong>:</strong></span> <span class='ocrx_word' id='word_1_887' title='bbox 2544 5570 2589 5621; x_wconf 89' lang='lat' dir='ltr'><strong>is</strong></span> <span class='ocrx_word' id='word_1_888' title='bbox 2619 5584 2742 5622; x_wconf 88' lang='lat' dir='ltr'><strong>eum</strong></span> <span class='ocrx_word' id='word_1_889' title='bbox 2787 5569 3031 5638; x_wconf 87' lang='lat' dir='ltr'><strong>depingit</strong></span> <span class='ocrx_word' id='word_1_890' title='bbox 3076 5570 3215 5639; x_wconf 87' lang='lat' dir='ltr'><strong>apud</strong></span> <span class='ocrx_word' id='word_1_891' title='bbox 3251 5568 3502 5622; x_wconf 79' lang='lat' dir='ltr'><strong>Theodo-</strong></span> 
     </span>
    </p>
   </div>
   <div class='ocr_carea' id='block_1_120' title="bbox 1925 5638 3501 5708">
    <p class='ocr_par' dir='ltr' id='par_1_120' title="bbox 1925 5638 3501 5708">
     <span class='ocr_line' id='line_1_121' title="bbox 1925 5638 3501 5708; baseline 0.001 -17"><span class='ocrx_word' id='word_1_892' title='bbox 1925 5650 2024 5691; x_wconf 91' lang='lat' dir='ltr'><strong>ret.</strong></span> <span class='ocrx_word' id='word_1_893' title='bbox 2053 5638 2289 5691; x_wconf 84' lang='lat' dir='ltr'><strong>nondum</strong></span> <span class='ocrx_word' id='word_1_894' title='bbox 2340 5641 2406 5692; x_wconf 85' lang='lat' dir='ltr'><strong>ab</strong></span> <span class='ocrx_word' id='word_1_895' title='bbox 2434 5639 2524 5692; x_wconf 91' lang='lat' dir='ltr'><strong>illo</strong></span> <span class='ocrx_word' id='word_1_896' title='bbox 2558 5641 2832 5694; x_wconf 83' lang='lat' dir='ltr'><strong>inescatus</strong></span> <span class='ocrx_word' id='word_1_897' title='bbox 2862 5640 2954 5695; x_wconf 84' lang='lat' dir='ltr'><strong>lib.</strong></span> <span class='ocrx_word' id='word_1_898' title='bbox 2988 5656 3037 5705; x_wconf 88' lang='grc' dir='ltr'><strong>ι,</strong></span> <span class='ocrx_word' id='word_1_899' title='bbox 3066 5638 3188 5708; x_wconf 83' lang='lat' dir='ltr'><strong>cap.</strong></span> <span class='ocrx_word' id='word_1_900' title='bbox 3228 5638 3296 5692; x_wconf 74' lang='lat'><strong>20</strong></span> <span class='ocrx_word' id='word_1_901' title='bbox 3326 5654 3341 5703; x_wconf 91' lang='lat'><strong>;</strong></span> <span class='ocrx_word' id='word_1_902' title='bbox 3379 5640 3501 5693; x_wconf 87' lang='lat' dir='ltr'><strong>vide</strong></span> 
     </span>
    </p>
   </div>
   <div class='ocr_carea' id='block_1_121' title="bbox 1924 5708 3501 5779">
    <p class='ocr_par' dir='ltr' id='par_1_121' title="bbox 1924 5708 3501 5779">
     <span class='ocr_line' id='line_1_122' title="bbox 1924 5708 3501 5779; baseline 0.001 -20"><span class='ocrx_word' id='word_1_903' title='bbox 1924 5709 2203 5774; x_wconf 67' lang='lat' dir='ltr'><strong>epistolam</strong></span> <span class='ocrx_word' id='word_1_904' title='bbox 2259 5708 2514 5763; x_wconf 68' lang='lat' dir='ltr'><strong>Ecclesia:</strong></span> <span class='ocrx_word' id='word_1_905' title='bbox 2557 5711 2936 5764; x_wconf 70' lang='lat' dir='ltr'><strong>Alexandrina:</strong></span> <span class='ocrx_word' id='word_1_906' title='bbox 2984 5712 3123 5779; x_wconf 84' lang='lat' dir='ltr'><strong>apud</strong></span> <span class='ocrx_word' id='word_1_907' title='bbox 3150 5711 3414 5763; x_wconf 83' lang='lat' dir='ltr'><strong>Albanas.</strong></span> <span class='ocrx_word' id='word_1_908' title='bbox 3445 5709 3501 5762; x_wconf 91' lang='lat' dir='ltr'><strong>in</strong></span> 
     </span>
    </p>
   </div>
   <div class='ocr_carea' id='block_1_122' title="bbox 1923 5779 3501 5848">
    <p class='ocr_par' dir='ltr' id='par_1_122' title="bbox 1923 5779 3501 5848">
     <span class='ocr_line' id='line_1_123' title="bbox 1923 5779 3501 5848; baseline -0.001 -18"><span class='ocrx_word' id='word_1_909' title='bbox 1923 5780 2077 5848; x_wconf 79' lang='lat' dir='ltr'><strong>Apu_l.</strong></span> <span class='ocrx_word' id='word_1_910' title='bbox 2116 5779 2260 5838; x_wconf 58' lang='lat' dir='ltr'><strong>unde</strong></span> <span class='ocrx_word' id='word_1_911' title='bbox 2277 5782 2395 5848; x_wconf 88' lang='lat' dir='ltr'><strong>ejus</strong></span> <span class='ocrx_word' id='word_1_912' title='bbox 2425 5780 2717 5832; x_wconf 89' lang='lat' dir='ltr'><strong>desultoria</strong></span> <span class='ocrx_word' id='word_1_913' title='bbox 2752 5780 3065 5833; x_wconf 90' lang='lat' dir='ltr'><strong>ambitione.</strong></span> <span class='ocrx_word' id='word_1_914' title='bbox 3087 5779 3501 5848; x_wconf 82' lang='lat' dir='ltr'><strong>M.—Deinvul-</strong></span> 
     </span>
    </p>
   </div>
   <div class='ocr_carea' id='block_1_123' title="bbox 1919 5842 3499 5922">
    <p class='ocr_par' dir='ltr' id='par_1_123' title="bbox 1919 5842 3499 5922">
     <span class='ocr_line' id='line_1_124' title="bbox 1919 5842 3499 5922; baseline 0.001 -23"><span class='ocrx_word' id='word_1_915' title='bbox 1919 5842 1988 5922; x_wconf 67' lang='lat' dir='ltr'><strong>go</strong></span> <span class='ocrx_word' id='word_1_916' title='bbox 2017 5842 2090 5904; x_wconf 79' lang='grc' dir='ltr'>ὧν</span> <span class='ocrx_word' id='word_1_917' title='bbox 2134 5842 2387 5922; x_wconf 57' lang='grc' dir='ltr'>αύτὸξγ.</span> <span class='ocrx_word' id='word_1_918' title='bbox 2439 5849 2880 5922; x_wconf 78' lang='grc' dir='ltr'>συνεσταλμένος.</span> <span class='ocrx_word' id='word_1_919' title='bbox 2944 5849 3047 5917; x_wconf 82' lang='lat' dir='ltr'><strong>Mp.</strong></span> <span class='ocrx_word' id='word_1_920' title='bbox 3082 5868 3171 5922; x_wconf 88' lang='grc' dir='ltr'><strong>γρ.</strong></span> <span class='ocrx_word' id='word_1_921' title='bbox 3214 5847 3499 5903; x_wconf 82' lang='grc' dir='ltr'>συνεσταλ-</span> 
     </span>
    </p>
   </div>
   <div class='ocr_carea' id='block_1_124' title="bbox 1927 5918 3250 5990">
    <p class='ocr_par' dir='ltr' id='par_1_124' title="bbox 1927 5918 3250 5990">
     <span class='ocr_line' id='line_1_125' title="bbox 1927 5918 3250 5990; baseline 0.001 -19"><span class='ocrx_word' id='word_1_922' title='bbox 1927 5918 2119 5988; x_wconf 82' lang='grc' dir='ltr'>μένως,</span> <span class='ocrx_word' id='word_1_923' title='bbox 2146 5921 2283 5974; x_wconf 84' lang='lat' dir='ltr'><strong>idem</strong></span> <span class='ocrx_word' id='word_1_924' title='bbox 2316 5936 2438 5975; x_wconf 78' lang='lat' dir='ltr'><strong>mox</strong></span> <span class='ocrx_word' id='word_1_925' title='bbox 2457 5937 2546 5990; x_wconf 92' lang='grc' dir='ltr'><strong>γρ.</strong></span> <span class='ocrx_word' id='word_1_926' title='bbox 2575 5918 2900 5989; x_wconf 75' lang='grc' dir='ltr'>ἐπαγγελίας</span> <span class='ocrx_word' id='word_1_927' title='bbox 2932 5922 3050 5977; x_wconf 81' lang='lat' dir='ltr'><strong>loco</strong></span> <span class='ocrx_word' id='word_1_928' title='bbox 3079 5918 3250 5988; x_wconf 79' lang='grc' dir='ltr'>ἁπαγ.</span> 
     </span>
    </p>
   </div>
  </div>
