4048 6428
266 440 377 503 72,1

1382 438 1660 495 CONTRA
1701 438 2124 495 MARCELLUM
2162 437 2288 493 LIB.
2333 442 2370 489 I.

3404 428 3505 485 758

267 573 290 607 ο
333 552 635 625 δογματικὴ
666 552 774 606 τῶν
807 552 1004 621 ίατρῶν
1036 550 1216 620 τέχνη·
1257 556 1525 623 μαρτυρεῖ
1550 554 1606 605 δὲ
1645 553 1738 605 καὶ
1765 552 1813 605 τέ

1939 570 1956 601 t
1991 552 2057 605 de
2089 548 2403 617 Scripturis,
2430 546 2481 599 id
2506 543 2646 613 quod
2678 544 2857 607 vellet,
2895 554 3128 611 nequeat
3155 542 3502 605 conlirmare.

267 663 291 698 ι
325 648 435 699 τών
462 645 760 715 φιλοσόφων
798 643 1101 712 καλούμενα
1138 642 1441 713 (δόγματα).
1481 645 1600 697 Ὅτι
1650 646 1705 698 δὲ
1735 643 1827 697 καὶ

268 751 289 784 α
323 732 395 786 τὰ
426 731 709 803 συγκλήτῳ
729 730 971 797 δόξαντα,
998 730 1077 783 ἔτι
1110 732 1201 784 καὶ
1223 732 1315 785 νῦν
1334 732 1576 802 δόγματα
1605 735 1829 805 συγκλή-

266 841 289 875 a
328 840 422 877 του
454 822 688 891 λέγεται,
721 820 909 874 οὐδένα
936 822 1148 888 ἀγνοεῖν
1174 818 1343 891 οἶμαι.
1388 842 1405 873 ι
1442 825 1550 876 Καὶ
1576 823 1744 877 ταῦτα
1770 824 1827 876 δὲ

256 916 292 970 δ
312 916 644 988 Μάρκελλος,
663 914 1055 983 ἀμνημονήσας
1088 914 1187 982 τῆς
1222 913 1583 983 ἀποστολικῆς
1620 915 1822 983 φωνῆς,

256 1005 297 1075 ἦ
333 1022 465 1076 φησι
492 1004 618 1075 περὶ
647 1003 741 1057 τοῦ
773 1003 1042 1075 Σωτῆρος,
1081 1002 1186 1056 τὸν
1209 1004 1395 1073 νόμον
1422 1004 1538 1057 τῶν
1563 1005 1826 1059 ἐντολῶν

254 1094 387 1161 τοῖς
415 1094 667 1164 δόγμασι
702 1093 1101 1165 καταργήσας,
1155 1095 1397 1167 προήχθη
1431 1099 1622 1150 είπεϊν.
1668 1098 1826 1151 Ἀλλά

255 1183 356 1237 καὶ
377 1182 645 1253 μέμφεται
666 1182 743 1253 τῷ
760 1183 867 1237 δεῖν
885 1184 1110 1236 ἔπεσθαι
1134 1185 1242 1246 τοῖς
1256 1184 1522 1254 Πατράσι,
1547 1184 1646 1254 τῆς
1675 1185 1825 1249 θείας

254 1270 571 1342 φασκούσης
600 1272 840 1342 Γραφῆς·
878 1270 1289 1339 Ἐπερώτησον
1311 1271 1417 1324 τὸν
1435 1271 1660 1341 πατέρα
1682 1286 1821 1335 σου,

253 1360 359 1414 καὶ
382 1361 698 1431 ἀναγγελεῖ
724 1377 842 1415 σοι·
878 1361 1019 1427 τοὺς
1048 1361 1487 1430 πρεσϐυτέρους
1521 1377 1657 1425 σου,
1726 1364 1822 1417 καί

250 1449 465 1518 ἐροῦσι
500 1467 615 1504 σοι’
651 1451 767 1516 καὶ,
788 1451 889 1519 Μὴ
909 1452 1145 1521 μέταῳε
1165 1452 1294 1520 ὅρια
1312 1451 1533 1517 αἰώνια,
1557 1452 1595 1505 d
1623 1452 1825 1507 ἔθεντο

252 1542 313 1594 οι
344 1540 603 1609 Πατέρες
634 1558 771 1597 σου.
800 1540 915 1597 Εἶτ’
940 1544 1265 1612 ἀγανακτῶν
1307 1545 1388 1597 δτι
1430 1544 1688 1598 Παυλῖνον
1724 1562 1825 1614 μα-

252 1632 446 1705 κάριον
475 1635 835 1701 ἀπεκάλεσεν,
885 1635 1019 1707 ὁμοῦ
1051 1654 1111 1691 τε
1143 1626 1325 1701 κακῶς
1370 1636 1627 1691 Εὑσεὸίου
1662 1637 1824 1691 πάλιν

255 1724 631 1795 μνημονεύων,
666 1726 807 1780 οὕτω
834 1728 1064 1797 γράφει·
1108 1747 1125 1779 ι
1162 1728 1531 1800 Συνηγορῆσαι
1559 1728 1668 1800 γάρ
1697 1730 1821 1799 βου-

257 1829 279 1862 σ
316 1812 499 1883 ληθεὶς
542 1813 620 1883 τῷ
662 1813 760 1884 τὴν
804 1814 1089 1884 ἐπιστολὴν
1135 1814 1318 1877 κακῶς
1346 1814 1615 1885 γράψαντι
1653 1815 1821 1868 Εὐσε-

256 1920 279 1956 ‹
320 1904 440 1975 δίῳ,
488 1904 701 1974 πρῶτον
730 1904 805 1974 (7)
842 1905 961 1975 μὲν,
989 1904 1049 1957 οὐ
1082 1905 1473 1968 διδασκαλικῶς
1510 1906 1821 1972 ἀναπτύξας

256 2012 277 2045 α
320 1994 406 2063 ἐφ’
518 1996 579 2049 τὸ
618 1996 791 2067 δόγμα
821 1997 918 2068 τήν
950 1997 1237 2069 ἐπιστολὴν
1270 1998 1587 2064 συνέταξενο
1621 1999 1681 2050 οὐ
1712 1999 1819 2070 γὰρ

254 2102 277 2135 σ
315 2083 451 2155 πρὸς
487 2085 585 2156 τὴν
625 2086 970 2157 Ἐκκλησίαν,
998 2088 1117 2141 οὐδὲ
1158 2088 1293 2158 πρὸς
1333 2089 1458 2151 τοὺς
1495 2087 1819 2156 ἀγνοοῦντας

253 2192 274 2224 ι
314 2174 521 2242 ἐγίνετο
543 2174 603 2227 τὸ
630 2176 881 2246 γράμμα,
906 2176 1039 2229 ἀλλὰ
1071 2176 1206 2249 πρὸς
1235 2177 1325 2230 τὸν
1388 2178 1653 2249 μακάριον
1680 2179 1822 2233 Παυ-

253 2282 275 2315 ο
320 2262 478 2317 λίνον·
517 2265 783 2337 μακάριον
832 2266 995 2321 αὐτὸν
1038 2266 1126 2319 διὰ
1167 2266 1326 2320 τοῦτο
1365 2268 1553 2332 εἰπὼν,
1598 2270 1679 2323 δτι
1720 2271 1817 2341 τήν

252 2372 275 2407 t
310 2355 480 2427 αὐτὴν
498 2352 642 2426 εἶχεν
664 2358 921 2429 ’Δστερίῳ
939 2357 1113 2423 δόξαν.
1138 2357 1348 2413 Οὐκοῦν
1372 2360 1668 2431 ἐπειδήπερ
1692 2364 1818 2425 τοὺς

252 2466 273 2499 ι
318 2450 658 2518 σοφωτάτους
684 2452 937 2522 Πατέρας
960 2452 1237 2521 Ἀστερίου
1258 2452 1673 2523 μεμαθήκαμεν,
1700 2456 1819 2508 ἀκό-

250 2556 273 2589 ι
316 2538 501 2593 λουθον
545 2540 806 2612 ἡγοῦμαι,
842 2541 1023 2610 λέγειν
1066 2543 1276 2595 καὶτὸν
1316 2542 1582 2596 Παυλίνου
1616 2562 1675 2596 τε
1723 2547 1817 2599 καὶ

251 2645 273 2679 ι
314 2627 421 2681 τῶν
448 2629 623 2683 ἄλλων
666 2632 956 2701 γενόμενον
997 2630 1334 2684 διδάσκαλον.
1394 2632 1526 2684 Ἀπὸ
1572 2615 1816 2703 γὰρ’τῆς

250 2735 272 2769 ι
312 2716 576 2771 Παυλίνου
610 2720 918 2790 ἐπιστολῆς,
960 2722 988 2773 ό
1022 2721 1271 2775 κάκείνου
1304 2721 1619 2785 διδάσκαλος
1655 2740 1814 2791 γεγο-

252 2826 272 2859 ι
309 2806 414 2872 νὼς
452 2807 669 2880 εὖδηλος
704 2810 897 2878 γένοιτ’
941 2810 1006 2865 ἂν
1049 2814 1198 2881 ἡμῖν.
1236 2831 1253 2861 ι
1302 2814 1410 2863 Καὶ
1448 2812 1651 2881 μεταξύ
1695 2830 1815 2867 τινα

244 2898 437 2965 εἰπὼν,
465 2898 557 2952 τὸν
584 2900 744 2953 αὑτὸν
770 2897 925 2964 αὖθις
949 2886 1241 2963 διαϐάλλει,
1266 2903 1341 2965 ὡς
1363 2904 1461 2955 οὐκ
1490 2903 1665 2974 ὀρθῶς
1688 2906 1817 2959 ἀπο-

242 2988 534 3059 δεξάμενον
560 2992 651 3044 τὸν
678 2992 951 3063 Ὠριγένη,
976 2994 1148 3061 λέγων
1183 2993 1354 3057 οὕτως
1379 3011 1392 3024 ο
1429 3014 1447 3045 t
1490 2996 1602 3049 Οὐκ
1639 2996 1816 3066 Εὐαγ-

250 3098 269 3130 ι
311 3081 531 3151 γελικῆς
570 3084 1001 3157 ὑπομιμνήσκων
1041 3086 1383 3151 διδασκαλίας
1421 3087 1569 3141 ταῦτ’
1610 3089 1812 3161 ἔγραψε

251 3190 270 3221 ι
314 3171 593 3237 Παυλῖνος,
614 3174 889 3243 ὁμολογῶν
914 3176 970 3229 δὲ
997 3177 1171 3240 ἐνίους
1202 3178 1300 3249 μὲν
1325 3180 1416 3247 ἀφ’
1440 3178 1649 3233 ἑαυτῶν
1672 3178 1813 3233 οὕτω
1840 3202 1882 3259 C

251 3278 270 3310 ι
313 3260 575 3314 κινεῖσθαι
600 3278 613 3291 ·
663 3263 837 3326 ένίους
877 3264 931 3317 δὲ
967 3267 1031 3318 ὲκ
1076 3266 1180 3319 τῶν
1223 3268 1665 3338 ἀναγνωσμάτων
1704 3268 1811 3323 τῶν

252 3368 270 3401 ι
314 3352 724 3422 προειρημένων
761 3354 967 3424 ἀνδρῶν
994 3355 1179 3410 τοῦτον
1216 3354 1381 3428 ἦχθαι
1413 3360 1505 3412 τὸν
1533 3362 1749 3431 τρόπον.
1786 3382 1804 3414 ι

244 3436 378 3494 Εἶτα
423 3442 591 3506 τέλος,
634 3444 821 3516 ῶσπερ
861 3447 983 3499 τινὰ
1036 3449 1299 3519 κορωνίδα
1337 3452 1435 3521 τῆς
1485 3452 1809 3517 ἀποδείξεως

244 3530 463 3598 ἀπάγων
501 3534 565 3585 ὲκ
604 3533 712 3585 τῶν
757 3536 1062 3607 Ὤριγένους
1108 3539 1284 3608 ῥητῶν
1328 3539 1424 3608 (8),
1473 3542 1572 3611 τῆς
1614 3542 1807 3595 ιαυτοῦ

244 3620 558 3693 ὑπέγραψεν
586 3626 893 3697 ἐπιστολῆς,
930 3628 1005 3691 ὡς
1040 3628 1237 3697 μᾶλλον
1271 3633 1453 3683 πεῖσαι
1486 3632 1802 3701 δυναμένου,

242 3712 392 3782 παρά
423 3714 547 3775 τοὺς
578 3715 967 3782 εὐαγγελιστάς
999 3720 1089 3771 καὶ
1118 3721 1243 3782 τοὺς
1274 3720 1619 3785 ἀποστόλους.
1652 3724 1803 3776 Ἔστι

240 3798 298 3853 δι
326 3800 393 3854 τά
427 3802 567 3871 ῥητὰ
598 3804 782 3858 ταῦτα·
828 3825 845 3857 ι
889 3808 1029 3878 Ὥρα
1074 3809 1479 3864 ὲπαναλαὸόντα
1521 3814 1647 3882 περὶ
1695 3814 1807 3866 Πα-

248 3908 267 3942 ι
310 3891 455 3961 τρὸς,
492 3894 584 3945 καὶ
625 3894 777 3958 Υίοῦ,
814 3898 907 3951 καὶ
954 3899 1107 3967 ἁγίου
1142 3900 1476 3971 Πνεύματος,
1512 3903 1663 3970 ὀλίγα
1700 3905 1807 3957 τῶν

246 3996 267 4032 t
308 3981 426 4034 τότε
472 3984 985 4057 παραλελειμμένων
1038 3990 1343 4057 διεξελθεῖν.
1403 3994 1536 4063 Περὶ
1571 3994 1802 4066 Πατρὸς,

247 4088 265 4121 ι
302 4070 376 4135 ὡς
407 4072 708 4145 ἀδιαίρετος
738 4074 811 4128 ὣν
845 4077 938 4130 καὶ
966 4078 1257 4150 ἀμέριστος
1284 4080 1415 4134 Υίοῦ
1445 4082 1650 4151 γίνεται
1689 4085 1801 4137 Πα-

246 4179 264 4212 ι
301 4163 423 4233 τήρ·
476 4165 536 4217 οὑ
576 4166 861 4235 προδαλὼν
912 4170 1095 4237 αὑτὸν,
1140 4172 1215 4234 ὡς
1263 4173 1464 4226 οἴονταί
1518 4190 1678 4237 τινες.
1742 4175 1804 4227 Et

246 4270 265 4306 ι
299 4253 405 4325 γὰρ
440 4255 728 4327 πρόϐλημά
766 4258 842 4330 (0)
894 4261 1040 4314 ἐστιν
1087 4266 1115 4315 ὁ
1162 4264 1287 4327 Υἱὸς
1322 4264 1417 4318 τοῦ
1459 4264 1671 4337 Πατρὸς
1710 4268 1806 4320 καὶ

312 4437 508 4508 ΡΒ-Εὰ.
546 4436 741 4508 Paris..
766 4454 888 4508 pag.
918 4438 1009 4492 22.

1933 658 1950 690 ι
1993 641 2057 692 ad
2087 638 2541 707 sapientissimos,
2560 637 2635 689 uti
2665 645 2835 699 retur,
2854 634 3040 689 Patres
3061 634 3324 701 confugit,
3353 645 3407 688 et
3432 633 3505 687 in-

1931 746 1950 780 c
1983 728 2101 797 quit
2130 728 2271 797 quod
2298 724 2683 797 sapientissimi
2711 738 2743 778 e
2773 722 3027 777 Patribus
3057 724 3108 776 in
3139 722 3359 791 scriptis
3391 723 3504 777 suis

1930 837 1949 869 ι
1986 819 2387 874 conc-luserunt.
2403 816 2745 872 Conclusisse
2760 829 2888 869 suos
2904 812 3097 869 Patres
3116 813 3362 869 Asterius
3384 828 3505 882 pro-

1930 929 1948 960 ι
1985 910 2085 975 dit,
2122 920 2177 964 et
2206 908 2534 964 sententiam
2568 908 2634 963 de
2663 907 2774 962 Deo
2804 905 3091 973 protulisse
3130 919 3192 960 ex
3226 920 3324 959 suo
3353 906 3499 973 ipso-

1931 1024 1949 1056 ‹
1983 1021 2099 1059 rum
2115 1006 2301 1060 animo
2324 1005 2644 1060 derivatam.
2666 999 2942 1073 Dogmatis
2958 1000 3105 1055 enim
3125 1014 3255 1063 vox,
3273 1013 3380 1067 qua
3405 999 3503 1053 uti-

1930 1114 1947 1144 ι
1983 1104 2071 1149 tur
2114 1094 2223 1169 ille,
2250 1096 2319 1150 ab
2342 1094 2581 1149 humana
2602 1091 2881 1145 voluntate
2914 1098 2970 1146 et
2996 1090 3247 1159 opinione
3279 1089 3498 1158 pendet.

1928 1205 1946 1237 ι
1976 1186 2128 1254 Quod
2144 1189 2277 1242 satis
2292 1187 2705 1254 doeetars,qua:
2717 1182 2918 1237 dicitur
2932 1181 3256 1253 dogmatica,
3271 1179 3503 1234 medico-

1928 1293 1947 1326 r
1983 1289 2131 1341 rum;
2153 1258 2349 1329 docent
2366 1283 2547 1328 autem
2562 1280 2616 1326 et
2631 1286 2752 1341 quae
2776 1270 3036 1325 dicuntur
3051 1268 3499 1339 philosophorum

1929 1384 1947 1415 ι
1985 1366 2257 1435 dogmata.
2304 1362 2489 1431 Neque
2518 1362 2671 1426 latet,
2703 1361 2919 1429 opinor,
2950 1358 3209 1428 aliquem,
3243 1372 3274 1411 a
3305 1366 3497 1412 senatu

1930 1476 1948 1510 ι
1987 1458 2153 1522 edita,
2171 1456 2467 1511 etiamnum
2491 1452 2741 1522 dogmata
2758 1459 2981 1505 senatus
3009 1449 3302 1503 nominari.
3330 1466 3349 1499 ι
3372 1446 3497 1502 Hac

1924 1547 2235 1614 Marcellus,
2270 1559 2462 1617 parum
2496 1558 2705 1599 memor
2730 1542 3011 1611 apostolici
3038 1542 3165 1596 dicti
3207 1540 3273 1593 de
3299 1538 3498 1593 Serva-

1924 1650 2065 1705 tore,
2096 1638 2281 1708 Legem
2308 1636 2680 1690 mandatorum
2704 1635 2928 1688 decretis
2952 1649 3070 1687 cum
3099 1645 3395 1685 euacuauet
3427 1628 3491 1683 ".

1922 1730 2104 1801 Pergit
2128 1739 2326 1794 autem,
2348 1738 2403 1782 et
2433 1726 2728 1796 Scriptum
2749 1726 2922 1779 dicam
2960 1723 3229 1787 inscribit,
3255 1737 3373 1791 qua:
3401 1723 3498 1777 do-

1924 1832 2011 1876 cet
2045 1820 2348 1889 sequendos
2378 1832 2501 1873 esse
2532 1818 2720 1871 Patres
2754 1835 2766 1869 :
2800 1815 3076 1883 Interroga
3099 1824 3299 1881 patrem
3323 1822 3492 1878 tuum,

1852 1884 1893 1938 Β
1920 1921 1968 1965 et
1992 1884 2324 1965 anntintiabit
2353 1908 2486 1975 tibi;
2518 1911 2749 1963 seniores
2778 1916 2828 1962 et
2852 1906 3143 1961 narrabant
3177 1906 3270 1958 tibi
3303 1904 3379 1967 “;
3416 1911 3491 1969 et,

1923 1998 2192 2052 Termino:
2220 1998 2462 2066 antiquos
2498 2013 2560 2051 ne
2588 1997 2992 2065 transgreditor,
3025 2010 3155 2063 quos
3202 1992 3381 2047 Patres
3414 1994 3494 2046 tui

1916 2103 2133 2156 posuere
2164 2087 2252 2141 “‘.
2275 2086 2475 2142 Audito
2508 2085 2700 2141 deinde
2732 2085 3014 2139 Paulinum
3065 2085 3270 2138 beatum
3309 2082 3493 2153 appel-

1919 2178 2038 2247 lari,
2072 2179 2423 2250 indignatur:
2454 2187 2509 2233 et
2543 2176 2760 2233 Eusebii
2812 2178 3008 2231 iterum
3073 2175 3322 2231 meminit
3366 2190 3489 2229 cum

1917 2272 2242 2327 contumelia
2275 2272 2520 2327 scribens
2544 2269 2635 2343 [Β.
2666 2268 2959 2340 LXXVII]:
2992 2287 3010 2319 ι
3046 2266 3368 2322 Consentire
3396 2280 3493 2319 vo-

1925 2382 1942 2413 (
1982 2363 2100 2417 lens
2131 2366 2257 2417 cum
2284 2361 2539 2428 Eusebio,
2575 2362 2669 2430 qui
2729 2361 2874 2413 illam
2923 2359 3142 2428 impiam
3189 2358 3492 2426 scripserat

1922 2471 1941 2503 ι
1980 2452 2264 2522 epistolam
2298 2474 2310 2507 :
2344 2451 2595 2521 inprimis
2651 2465 2839 2518 parum
2875 2448 3348 2520 magisterialiter,
3398 2455 3491 2501 aut

1921 2560 1939 2592 ι
1980 2542 2045 2596 ad
2073 2541 2377 2595 docendum
2426 2548 2553 2608 apte
2586 2539 2844 2607 lnquitur,
2878 2538 2967 2607 qui
3005 2537 3199 2605 dogma
3234 2551 3339 2591 non
3388 2550 3488 2589 no-

1922 2650 1939 2681 t
1978 2632 2147 2685 minat
2178 2632 2330 2699 cujus
2359 2631 2533 2701 gratia
2564 2629 2710 2683 illam
2740 2629 2961 2697 scripsit
3000 2628 3283 2697 epistolam
3315 2644 3331 2681 :
3361 2641 3484 2680 cum

1922 2740 1939 2771 ι
1981 2735 2087 2774 non
2115 2720 2182 2775 ad
2208 2720 2503 2776 Ecclesiam
2540 2720 2673 2775 illud
2702 2720 2963 2788 scriptum
2984 2760 2999 2784 ,
3036 2732 3211 2788 neque
3234 2718 3301 2771 ad
3332 2718 3486 2785 igno-

1920 2830 1938 2861 ι
1978 2818 2162 2865 rantes
2214 2811 2537 2880 dirigeretur
2615 2810 2708 2865 sed
2764 2811 2833 2863 ad
2890 2810 3107 2863 beatum
3164 2807 3480 2871 Paulinum,

1921 2921 1939 2953 ‹
1981 2916 2140 2971 quem
2188 2901 2406 2956 beatum
2466 2903 2669 2957 dixisse
2716 2903 2836 2956 ideo
2862 2910 3030 2971 patet,
3063 2901 3207 2969 quod
3240 2900 3482 2953 eamdem

1920 3010 1939 3044 ι
1981 3008 2102 3047 cum
2134 2992 2349 3047 Asterio
2372 2994 2698 3047 sententiam
2742 2992 2945 3045 foveat.
3009 2991 3300 3059 Postquam
3354 3002 3485 3043 vero

1920 3102 1939 3134 ι
1972 3082 2402 3151 sapientissimos
2444 3083 2643 3138 Asterii
2683 3082 2870 3137 Patres
2894 3082 3264 3146 didicerimus,
3293 3092 3485 3133 conse-

1921 3191 1939 3224 ι
1969 3186 2142 3240 quens
2172 3185 2291 3226 esse
2313 3156 2571 3235 arbitror,
2598 3181 2655 3225 ut
2686 3187 2810 3225 cum
2848 3170 3086 3235 Paulini,
3117 3180 3227 3223 tum
3250 3168 3480 3223 aliorum

1921 3283 1938 3315 ι
1969 3267 2218 3320 doctores
2261 3264 2621 3317 nominemus.
2675 3262 2805 3316 Nam
2832 3278 2932 3332 per
2956 3241 3236 3331 epistolam
3274 3260 3481 3314 Paulini

1918 3376 1936 3407 ι
1971 3355 2142 3420 illam,
2172 3355 2379 3424 patebit
2414 3355 2540 3421 quis
2588 3366 2709 3407 erat
2762 3354 2906 3409 illius
2939 3352 3281 3407 informatur.
3321 3372 3339 3403 ι
3378 3352 3479 3407 Ubi
3508 3363 3515 3369 ‘

1914 3446 2118 3500 interea
2149 3444 2254 3498 alia
2286 3446 2529 3514 quaedam
2555 3460 2676 3498 cum
2714 3444 3138 3509 interseruisset,
3176 3451 3326 3497 taxat
3357 3458 3479 3496 eum

1914 3541 2112 3606 denuo,
2138 3540 2292 3608 quasi
2317 3540 2455 3594 male
2477 3539 2977 3608 cepissetOrigeuis
3008 3547 3264 3593 mentem.
3281 3538 3483 3606 Loqui-

1912 3640 2003 3685 tur
2040 3641 2217 3686 autem
2249 3634 2325 3687 sic
2358 3632 2446 3705 [Β.
2480 3631 2697 3705 XXXII]
2735 3651 2748 3687 :
2787 3651 2805 3685 ι
2832 3632 3197 3702 Scripsitbtec
3229 3630 3481 3685 Paulinus

1918 3739 1935 3771 ι
1972 3720 2167 3789 injecta
2183 3722 2399 3789 quidem
2419 3722 2756 3792 Evangelicae
2787 3723 3046 3777 doctrina
3068 3721 3360 3786 mentione,
3384 3721 3480 3775 sed

1915 3830 1935 3861 ι
1970 3811 2166 3866 fatetur
2196 3814 2454 3881 quosdam
2487 3824 2635 3867 motu
2689 3828 2788 3867 suo
2838 3814 3079 3881 proprio,
3120 3811 3381 3880 quosdam
3413 3812 3479 3864 de

1915 3922 1934 3954 ι
1975 3904 2205 3959 lectiuue
2245 3907 2625 3972 pradicmrum
2681 3907 2958 3961 hominum
2982 3906 3049 3959 ad
3075 3906 3217 3959 hanc
3249 3903 3478 3957 formam

1917 4012 1936 4044 ι
1973 3994 2335 4051 descendisse.
2374 4015 2391 4046 ι
2425 3997 2504 4050 Ad
2532 4008 2835 4051 extremum
2860 3997 3006 4050 velut
3036 3997 3125 4064 qui
3162 3993 3476 4050 coronidem

1914 4100 2212 4157 apponeret
2257 4092 2727 4155 demonstrationi,
2783 4093 2848 4145 de
2885 4092 3043 4146 dictis
3089 4090 3431 4160 Origenianis
3460 4129 3474 4152 .

1911 4179 2157 4246 quaedam
2190 4186 2248 4242 >14
2301 4181 2622 4250 subscripsit
2664 4196 2772 4235 suae
2822 4182 3102 4251 epistolae:
3154 4181 3307 4250 quasi
3359 4178 3477 4248 plus

1912 4268 2003 4323 illa
2040 4279 2283 4349 possent,
2313 4285 2473 4339 quam
2509 4270 2854 4339 evangelista:
2894 4280 2949 4325 ct
2990 4271 3245 4340 apostoli.
3305 4267 3475 4323 Verba

307 4504 353 4539 ⁵³
375 4506 572 4577 Ephes.
604 4522 664 4573 ιι,
696 4504 784 4563 ιὸζ
838 4504 1075 4563 “Deut.
1098 4508 1340 4576 xxxu,7.
1408 4510 1475 4542 “‘
1499 4509 1660 4568 Prov.
1694 4528 1833 4578 χιιι,
1865 4512 1953 4567 28.

305 4686 383 4757 (7)
418 4685 658 4757 Πρῶτον
702 4688 819 4757 μὲν
865 4690 936 4742 οὐ
986 4687 1444 4754 διδασκαλικῶς.
1497 4690 1624 4745 Hec
1671 4699 1797 4744 sunt

1914 4690 1968 4744 ib
1996 4688 2220 4744 aliorum
2254 4689 2481 4745 lectione
2506 4697 2745 4742 mutuata
2770 4706 2781 4739 :
2809 4690 2988 4744 statim
3017 4688 3103 4741 ubi
3132 4689 3331 4743 iterum
3353 4691 3472 4745 Ori-

241 4756 501 4829 llarcelli,
532 4756 596 4809 de
626 4756 838 4829 Aster_io
878 4758 1301 4829 Eusebianorum
1348 4762 1609 4815 advocato
1644 4760 1797 4814 illum
1898 4760 2053 4829 genis
2086 4761 2287 4829 mentio
2306 4768 2356 4813 et
2390 4761 2678 4829 incusatio,
2710 4760 2990 4829 legendum
3032 4758 3109 4829 μὴ
3140 4758 3289 4829 παρὰ
3338 4759 3468 4824 τῶν,

240 4825 555 4891 incusantis,
586 4829 727 4893 quod
764 4827 1054 4881 Eusebium
1096 4843 1201 4881 non
1251 4831 1511 4883 laxaverit
1551 4832 1615 4884 de
1663 4844 1796 4885 voce

240 4896 490 4964 dogmatis
528 4905 804 4964 usurpata,
833 4911 992 4964 quam
1018 4914 1045 4949 a
1081 4898 1252 4953 sacris
1280 4896 1366 4951 ille
1398 4897 1626 4952 alienam
1659 4900 1793 4952 ima-

240 4963 540 5032 ginabatur.
575 4963 902 5036 Legendum,
940 4965 1044 5035 ἔφη
1080 4966 1139 5018 τὸ
1172 4967 1367 5036 δόγμα.
1396 4966 1487 5022 llla
1516 4983 1645 5023 vero
1678 4984 1797 5036 quae

241 5043 560 5100 sequuntur,
609 5050 712 5086 non
764 5035 1065 5106 cohaerent,
1108 5035 1319 5091 videtur
1370 5037 1563 5106 aliquis
1621 5035 1797 5092 hiatus

242 5116 394 5155 esse:
433 5118 554 5154 nam
601 5111 729 5155 sunt
762 5104 927 5168 ipsius
974 5105 1184 5159 Eusebii
1239 5106 1325 5159 illa
1372 5108 1439 5159 ad
1463 5104 1787 5161 Marcellum

243 5173 605 5237 respondentis
643 5172 744 5225 huc
776 5172 887 5226 l'ere
920 5188 1076 5226 sensu
1102 5194 1114 5227 :
1143 5174 1389 5236 Frusua,
1415 5177 1480 5230 de
1518 5192 1650 5230 voce
1689 5178 1787 5228 do-

238 5242 665 5314 gmatecavillari
699 5240 1033 5314 Marcellum,
1073 5259 1193 5313 cunt
1244 5254 1475 5304 constet.
1514 5246 1658 5298 illum
1695 5246 1786 5314 qui

240 5309 514 5383 ἐπιστολὴν
535 5311 838 5383 συνέταξεν,
855 5313 915 5365 οὐ
935 5312 1069 5383 πρὸς
1080 5309 1177 5383 τὴν
1194 5315 1641 5383 Ἐκκλησίανβιέ.
1664 5309 1791 5368 scri-

240 5377 419 5444 pslsse.
441 5383 531 5433 sed
563 5383 627 5433 ad
662 5377 1175 5445 Paulinumfvirut'n
1209 5377 1497 5438 eruditum.
1518 5384 1787 5438 M.—Mox

242 5448 386 5520 vulgo
404 5447 483 5517 τῷ
526 5464 650 5504 ante
672 5452 832 5520 :AO’t.
877 5453 998 5507 add.
1043 5453 1184 5506 Loco
1230 5454 1386 5517 δόξαν
1422 5454 1524 5520 Μρ.
1565 5456 1625 5507 τὸ
1663 5456 1793 5507 αὐτὸ

239 5516 425 5593 δόγμα.ἷ
453 5516 616 5574 Porro
643 5516 780 5593 εἶναι
812 5522 1199 5593 εηιθγήγοῦμαι
1233 5516 1400 5577 delevi
1436 5542 1448 5582 ;
1476 5516 1606 5578 'tleiu
1638 5527 1794 5593 vulgo

239 5588 532 5658 γενομένων
558 5599 610 5643 et
637 5590 731 5642 τοῦ
756 5601 880 5643 ante
910 5588 1192 5645 Παυλὶνου.

302 5676 377 5744 (8)
420 5670 756 5746 Ὠριγένους
779 5679 995 5745 ῥητῶν.
1048 5680 1211 5735 Forte
1250 5682 1328 5737 sic
1372 5684 1622 5738 restitues
1672 5686 1791 5737 τινὰ

241 5747 295 5814 τῇ
328 5747 519 5821 ἑαυτοῦ
544 5748 850 5821 ἐπέγραψεν
870 5751 1147 5821 ἐπιστολῇ.
1179 5752 1240 5805 Ει
1260 5754 1416 5819 paulo
1439 5756 1581 5819 prius
1610 5773 1621 5806 :
1652 5754 1787 5813 ἔνια.

242 5830 328 5885 pro
351 5816 531 5881 ἐνίοις,
552 5819 731 5873 οιένια
759 5820 832 5872 δέ.
869 5816 1123 5886 Quaadatu
1151 5839 1179 5875 tt
1211 5816 1269 5876 se
1288 5816 1787 5891 ittvcuta,qua‘d.vtu

1896 4826 2029 4892 étc.,
2053 4828 2166 4881 ἀλλ’
2192 4829 2369 4898 ἑαυτῷ
2403 4826 2647 4898 δεδωκὼς
2680 4828 2739 4880 τὸ
2774 4826 3041 4881 πλεῖστον
3060 4826 3317 4898 δευτέραν
3342 4830 3471 4881 ὑπό-

1897 4914 2084 4952 στασιν
2111 4897 2571 4969 διῃτήσασθαιτοῦ
2593 4898 2787 4967 Λόγου,
2822 4899 2895 4969 μὴ
2928 4897 3133 4968 μαθὼν,
3162 4897 3368 4967 τολμᾷς
3398 4900 3468 4951 ita

1894 4969 2037 5023 enim
2068 4967 2409 5022 scribendum
2452 4967 2536 5021 illa
2575 4967 3022 5036 ittsiuttaut,'qu:e
3052 4977 3466 5036 praecesserunt,

1898 5038 1963 5091 de
1986 5036 2237 5120 Origene,
2273 5053 2303 5091 e
2351 5053 2449 5091 suo
2477 5039 2725 5120 _ce'rebro
2765 5038 3093 5120 scripsisse__:
3128 5045 3181 5089 et
3198 5037 3297 5120 ,νει
3342 5039 3468 5091 edo-

1898 5116 2047 5159 ctum
2074 5105 2382 5175 Scripturas
2424 5128 2435 5160 :
2470 5107 2763 5159 ὑπόστασιν
2798 5122 2926 5159 vero
2961 5105 3330 5165 scribendum,
3357 5121 3466 5158 non

1896 5175 2148 5229 ὑπόθεσιν
2199 5178 2393 5231 docent
2446 5177 2532 5229 illa
2569 5192 2688 5241 qua:
2718 5191 2839 5229 mox
2887 5186 3216 5243 sequuntur,
3250 5175 3467 5245 μάλισθ’

1894 5247 1973 5316 δτι
2017 5245 2235 5316 τῴίΥἱῴ
2276 5246 2508 5299 δέδωκεν
2558 5246 2873 5298 ὑπόστασιν.
2910 5245 3031 5316 Ilatc
3072 5247 3467 5316 enimidicilur

1896 5314 2075 5368 fuisse,
2108 5314 2340 5369 Marcelli
2382 5316 2865 5385 literesistFilium
2894 5315 2966 5383 μὴ
3002 5317 3059 5367 ὲν
3097 5316 3201 5385 ίδίᾳ
3226 5314 3462 5385 {mostri-

1894 5401 1975 5436 σει
2014 5386 2336 5438 substitisse.
2372 5383 2523 5439 Unde
2555 5385 2612 5437 S.
2650 5384 2874 5436 Basilius
2902 5385 2953 5435 in
2986 5383 3208 5449 epistola
3245 5384 3335 5443 52,
3367 5385 3462 5447 ait,

1896 5456 2041 5506 illum
2074 5456 2153 5516 ei;
2188 5454 2419 5523 ὓπαρξιν
2452 5455 2552 5523 τῆς
2578 5454 2669 5505 τοῦ
2693 5452 3030 5523 Μονογενοῦς
3064 5453 3316 5523 θεότητος
3340 5454 3464 5503 ἀσε-

1895 5523 2037 5585 ϐεἶνς
2074 5539 2233 5591 quam
2267 5521 2518 5576 literesint'
2542 5526 2737 5592 ubique
2779 5521 3075 5592 illi'objecit
3100 5521 3458 5577 Eusebiusbl.

1892 5621 1963 5629 —
1987 5593 2113 5646 Dein
2134 5596 2199 5662 τῇ
2221 5623 2288 5632 —
2311 5592 2565 5663 ἐπιστολῇ
2595 5591 2738 5647 coni.
2778 5591 2823 5645 R

1964 5687 2042 5755 (9)
2088 5686 2255 5757 Vulgo
2280 5688 2593 5757 προϐολή-ει
2620 5686 2742 5739 dein
2781 5686 3150 5757 προϐάλλοντα
3176 5694 3227 5737 ct
3262 5669 3459 5757 γέγρα-

1894 5775 1980 5827 φε,
2018 5753 2214 5827 παράξ
2232 5753 2334 5809 ψη·
2367 5758 2467 5823 Μι».
2505 5753 2619 5826 γρ..
2651 5758 2723 5825 μή
2748 5753 2882 5817 πώς,
2930 5765 2982 5827 (ξι
3010 5755 3279 5827 δέδωκας·
3319 5753 3459 5809 him

1898 5826 1960 5880 R.
1992 5824 2180 5896 μαθεῖν
2206 5828 2331 5894 deL,
2363 5829 2481 5881 dciu
2520 5824 2673 5896 vulgo
2714 5830 2860 5893 ὲπιφ.
2897 5824 2972 5895 τῷ
3009 5824 3275 5895 Ὠριγένη.
