4048 6410
598 378 705 434 759

1236 372 1505 429 EUSEBII
1544 370 2019 428 CESARIENSIS
2056 371 2209 430 OPP.
2249 372 2427 427 PARS
2468 374 2553 429 IV.
2595 405 2665 414 —
2703 372 3115 430 DOGMATICA.

3732 371 3837 429 760

601 502 781 549 autem
804 498 864 549 se
887 496 963 550 ita
990 490 1225 546 habent:
1259 510 1277 542 ι
1305 489 1541 560 Tempus
1573 501 1750 547 antem
1783 501 1890 555 est,
1915 499 2150 560 utpauca

2259 510 2276 541 ι
2320 493 2481 561 γεννᾷ
2510 493 2608 561 μὲν
2629 491 2687 558 ἐξ
2708 491 2869 545 αὑτοῦ
2894 492 3052 544 ὁποῖα
3071 490 3140 543 τά
3166 507 3277 543 των
3308 489 3464 553 ζώων
3484 489 3655 558 γεννή
3666 506 3838 558 ματα,

608 605 627 635 ι
664 584 732 640 de
757 581 1134 654 praetermissis
1162 590 1490 645 attexamus,
1520 594 1642 649 que
1690 581 1756 634 ad
1789 579 2001 634 Patrem
2035 594 2154 647 spe-

608 698 628 724 ο
659 682 823 737 ctant,
837 681 893 727 et
909 670 1123 735 Filium,
1139 680 1196 727 et
1210 671 1465 740 Spiritum
1478 680 1744 725 sanctum.
1760 670 1833 724 De
1852 671 2004 725 Patre
2020 671 2151 735 hac,

609 786 627 813 ι
661 763 806 833 quod
856 762 1201 819 indivisibllis
1229 776 1349 816 eum
1381 763 1610 816 exsistat
1643 774 1742 814 nec
1796 760 2113 816 dividendus
2136 803 2152 828 ,

606 875 627 904 ι
667 854 789 908 Filii
848 863 1024 909 tamen
1056 854 1217 909 Pater
1272 853 1375 916 sit;
1430 866 1534 905 non
1582 853 1833 906 emittens
1888 852 2058 913 illum,
2097 862 2155 904 ιιι

605 966 624 995 ι
667 961 774 1001 non
818 960 975 1000 nemo
1024 944 1211 999 voluit.
1264 942 1396 998 Nam
1433 944 1479 999 si
1524 943 1694 998 Filius
1726 936 1903 997 Patris
1956 944 2036 996 sui
2084 944 2155 997 sit

604 1056 621 1085 ι
659 1036 901 1101 emissio,
931 1034 1056 1090 etsi
1082 1034 1231 1090 illum
1265 1036 1330 1089 de
1363 1035 1539 1103 seipso
1571 1034 1777 1101 genuit,
1800 1034 1865 1087 ad
1891 1048 2012 1088 eum
2040 1048 2156 1087 mo-

604 1148 628 1178 σ
666 1130 791 1184 dum
824 1141 929 1196 quo
982 1126 1047 1181 de
1079 1139 1139 1181 se
1192 1125 1443 1180 animalia
1502 1126 1756 1195 gignunt,
1808 1138 2027 1179 necesse
2073 1136 2156 1179 est

604 1237 623 1267 ι
659 1227 717 1271 ιιι
771 1226 965 1287 corpus
1018 1216 1111 1272 ille
1174 1216 1245 1271 sit
1302 1215 1393 1284 qui
1446 1216 1665 1281 emittit,
1719 1224 1828 1269 tum
1889 1215 2051 1268 etiam
2099 1226 2156 1270 et

607 1329 625 1360 ι
665 1308 755 1364 illo
806 1312 896 1378 qui
952 1309 1233 1365 emittitur.
1290 1327 1309 1359 ι
1373 1306 1506 1361 Tum
1557 1317 1837 1377 postquam
1898 1308 1965 1361 de
2022 1305 2148 1362 Ori-

600 1400 842 1466 genianis
894 1401 995 1455 ista
1066 1400 1304 1470 quadam
1355 1399 1743 1453 interseruerat
1778 1439 1795 1464 ,
1856 1396 2019 1452 inl'ert
2088 1398 2155 1450 ad

603 1493 747 1545 hunc
788 1493 1001 1546 modum
1050 1511 1065 1545 :
1114 1510 1134 1543 ι
1176 1488 1405 1559 Scripsit
1443 1489 1705 1561 Origenes
1748 1506 1851 1546 non
1892 1507 1921 1546 a
1958 1492 2155 1545 sanctis

606 1601 633 1633 ο
671 1583 943 1653 prophetis
973 1592 1025 1635 et
1058 1582 1336 1651 apostolis,
1378 1584 1444 1637 de
1490 1583 1791 1638 aeternitate
1847 1581 2007 1637 Verbi
2058 1599 2154 1637 cu-

606 1689 629 1722 s
659 1673 809 1739 piens
854 1671 1099 1736 edoceri;
1143 1672 1236 1726 sed
1279 1687 1399 1726 cum
1445 1673 1548 1727 sibi
1596 1673 1695 1740 ipsi
1728 1672 1845 1742 plus
1880 1673 2045 1728 nimio
2076 1673 2156 1727 in-

608 1780 627 1811 t
661 1760 921 1830 dulgeret,
950 1775 1116 1816 ausus
1142 1769 1226 1815 est
1253 1764 1543 1816 secundam
1584 1763 1870 1831 quamdam
1904 1763 2156 1831 byposta-

607 1871 631 1902 ο
665 1854 747 1906 sin
777 1851 938 1907 Verbi
978 1856 1329 1909 constituere.
1360 1875 1378 1907 ι
1407 1855 1481 1909 lta
1505 1855 1675 1909 illisce
1706 1868 1825 1922 qua
1855 1853 2155 1907 rectissime

603 1943 670 1996 ab
692 1940 922 2012 Origene
944 1943 1087 1999 dicta
1110 1955 1256 2011 sunt,
1276 1960 1381 1999 non
1413 1946 1577 2000 licere
1592 1944 1797 1999 scilicet
1818 1942 2152 2014 corporalem

601 2020 887 2101 quamdam
905 2044 961 2089 et
987 2036 1255 2104 passivam
1283 2036 1685 2104 generationem
1709 2034 2005 2088 divinitatis
2032 2032 2151 2087 Filii

600 2122 695 2177 Dei
722 2125 1078 2191 comminisci,
1129 2140 1225 2193 per
1270 2126 1371 2179 ista
1404 2125 1761 2189 contradicit,
1808 2135 1863 2178 et
1905 2124 2153 2191 inprimis

598 2215 741 2284 quod
782 2216 1091 2286 bypostasin
1116 2218 1443 2272 concesserit
1486 2217 1645 2271 Filio.
1676 2216 1837 2271 Addit
1866 2214 2151 2287 Origeuetn

601 2304 897 2359 maledictis
928 2306 1209 2375 impetens,
1236 2318 1291 2361 et
1320 2317 1465 2361 recte
1491 2307 1558 2360 ab
1588 2307 1681 2360 illo
1712 2308 1902 2376 positis
1934 2317 2152 2359 contra-

600 2396 825 2451 dicens:
864 2414 883 2448 ι
917 2398 1197 2466 Origenes,
1229 2399 1421 2467 inquit,
1461 2399 1589 2453 dum
1625 2399 1738 2452 haec
1783 2398 1999 2466 scriptis
2042 2398 2153 2450 suis

606 2502 627 2535 ι
662 2486 899 2551 mandat,
926 2488 1157 2556 pr0priis
1185 2489 1296 2542 suis
1336 2489 1504 2541 utitur
1537 2488 1929 2543 assertionibus
1958 2506 1970 2539 :
2007 2488 2055 2539 id
2090 2486 2154 2539 li-

604 2594 623 2624 c
663 2584 791 2642 quet
844 2586 1049 2641 autem,
1085 2581 1227 2645 quod
1263 2593 1368 2632 non
1421 2594 1524 2631 una
1570 2588 1776 2631 tantum
1832 2578 1985 2640 vice,
2024 2592 2153 2631 suas

604 2683 624 2717 t
660 2667 826 2734 ipsius
842 2668 1102 2723 subvertit
1128 2673 1490 2733 assertiones;
1513 2682 1846 2739 consequens
1864 2678 2039 2722 autem
2068 2678 2153 2721 est

604 2779 621 2807 ι
660 2759 747 2812 illa
798 2759 885 2814 bic
934 2761 1054 2815 ideo
1112 2774 1557 2826 commemorare,
1600 2776 1719 2829 quae
1775 2762 1901 2815 alibi
1934 2763 1999 2815 de
2041 2762 2151 2816 Deo

603 2868 622 2899 ι
649 2850 797 2904 dicit.
828 2868 849 2903 ι
888 2852 967 2904 Ad
1002 2852 1115 2905 haec
1145 2853 1309 2907 verba
1338 2863 1518 2906 autem
1549 2852 1777 2907 scribit:
1809 2870 1827 2902 ι
1862 2850 1976 2906 Non
2008 2854 2149 2908 enim

602 2960 619 2989 ι
658 2941 1010 3010 incmpitesse
1038 2942 1196 2998 Pater
1222 2943 1381 3009 Deus,
1400 2959 1464 2997 eo
1489 2944 1653 3012 quod,
1674 2954 1733 2997 ut
1754 2946 2152 3000 interhomines

602 3049 620 3080 ς
667 3031 782 3086 neri
818 3031 974 3095 solet,
1014 3033 1174 3088 Pater
1212 3048 1331 3089 esse
1372 3036 1711 3103 nequiverat.
1758 3034 1891 3089 Nam
1937 3037 1980 3089 si
2015 3050 2156 3089 sem-

603 3141 621 3173 ι
656 3138 748 3189 per
784 3123 1057 3193 perfectus
1107 3125 1379 3181 exstiterit
1430 3125 1598 3192 Deus,
1632 3137 1689 3179 et
1724 3136 1986 3196 potestate
2024 3143 2151 3196 prte-

603 3232 621 3263 q
662 3214 827 3277 ditus,
863 3222 923 3268 ut
962 3215 1257 3278 ﬂatPater,
1298 3218 1429 3269 etsi
1488 3224 1708 3283 praestet
1760 3227 1817 3271 ut
1873 3220 1945 3271 sit
1991 3218 2151 3273 Pater

604 3322 623 3353 ι
655 3303 1019 3370 hujuscemodi
1046 3303 1188 3369 Filii,
1217 3308 1343 3358 dum
1378 3304 1714 3369 remdittert,
1740 3320 1799 3359 se
1826 3315 1974 3360 tanto
2014 3308 2149 3362 bono

606 3411 625 3443 c
662 3396 857 3460 privat,
884 3402 944 3447 ut
972 3406 1075 3447 non
1104 3394 1174 3447 sit
1212 3393 1337 3447 Filii
1384 3393 1562 3448 Pater.
1597 3395 1747 3460 Quod
1798 3395 1935 3450 idem
1987 3406 2042 3451 et
2085 3398 2151 3451 de

603 3501 623 3535 ι
664 3483 865 3551 Spiritu
890 3493 1080 3539 sancto
1107 3483 1593 3552 poteritalﬁrmari.
1624 3503 1641 3535 ›
1664 3484 1763 3550 Qui
1798 3486 1993 3539 factum
2014 3488 2148 3552 ideo,

599 3586 659 3631 ut
688 3591 809 3632 cum
834 3575 1095 3645 Origenes
1128 3578 1200 3631 ita
1232 3576 1534 3645 scripserit,
1564 3576 1773 3638 beatus.
1812 3577 1885 3630 illi
1911 3588 1969 3631 ut
2001 3579 2151 3633 vide-

600 3680 705 3731 tur,
731 3668 986 3723 Paulinus
1014 3668 1407 3723 existimaverit
1435 3683 1539 3722 non
1565 3683 1687 3723 esse
1727 3669 1941 3737 quidem
1978 3670 2028 3723 in
2065 3679 2151 3724 tu-

597 3770 709 3813 tum
751 3759 853 3814 hoc
872 3760 1143 3814 occultare
1175 3773 1189 3811 :
1218 3762 1285 3814 ad
1336 3775 1461 3814 suas
1491 3768 1668 3812 tamen
1709 3759 1991 3826 opiniones
2021 3774 2153 3815 con-

597 3852 891 3905 lirtnandas
926 3865 1053 3904 usus
1086 3849 1247 3906 fuerit
1276 3851 1598 3914 contrariis;
1620 3850 1684 3904 de
1714 3851 1910 3919 quibus
1944 3866 2009 3906 ne
2030 3849 2154 3905 Orio

597 3956 759 4011 genes
786 3951 935 3996 certe
965 3942 1081 4009 ipse
1108 3942 1403 3996 reddiderit
1433 3941 1695 3996 rationem
1720 3941 1745 3994 ἲ
1776 3940 2033 3995 Mentitus
2066 3952 2152 3997 est

597 4037 775 4083 autem
802 4028 857 4083 in
896 4028 1016 4085 istis
1036 4028 1339 4095 Μαι-θείως,
1367 4028 1673 4100 Origenem,
1694 4031 1851 4099 quasi
1886 4031 1985 4085 sibi
2022 4046 2152 4085 cou-

596 4120 761 4173 traria
791 4130 1052 4185 tueretur,
1080 4136 1201 4176 cum
1244 4136 1350 4175 non
1390 4122 1653 4190 intelligat
1707 4121 1853 4175 illum
1886 4138 1982 4192 per
2005 4124 2151 4190 prio-

595 4225 708 4265 rem
746 4226 897 4265 suam
947 4212 1369 4281 propositionem
1426 4214 1713 4277 docuisse,
1773 4213 1989 4269 Patrem
2031 4216 2151 4269 sine

594 4316 819 4371 corpore
844 4313 898 4357 et
922 4306 1065 4357 omni
1094 4319 1345 4373 passione
1371 4314 1621 4365 exstare;
1653 4320 1748 4372 per
1775 4308 2008 4360 secundo
2028 4307 2149 4362 loco

594 4396 843 4462 positam,
883 4394 1077 4449 Filium
1107 4412 1283 4461 suum,
1316 4412 1421 4451 non
1459 4399 1510 4451 in
1536 4400 2034 4467 temporequidem,‘
2054 4401 2147 4455 sed

2261 599 2278 631 t
2320 583 2529 652 ἀνάγκη
2561 584 2720 654 σῶμα
2761 579 2899 637 εἶναι
2935 582 3025 635 τὸν
3054 581 3393 653 προεαλόντα
3426 580 3522 632 καὶ
3559 580 3657 632 τὸν
3704 596 3841 662 προ-

2260 694 2277 725 σ
2318 673 2667 744 δεσλημένον.
2702 694 2721 727 ι
2750 671 2861 728 Εἶθ’
2888 675 3015 745 ἑξῆς
3044 674 3183 745 μετά
3198 675 3299 743 τὴν
3327 672 3439 726 τῶν
3482 671 3839 741 Ὦριγενειῶν

2254 765 2445 834 φωνῶν
2491 766 2808 837 παράθεσιν,
2846 766 3095 837 ἐπιφέρει
3136 765 3332 833 λέγων’
3389 782 3407 815 ι
3445 761 3635 815 Ταῦτα
3686 761 3835 831 Ὠρι-

2260 876 2279 907 ι
2313 857 2475 927 γένης
2504 857 2769 928 γέγραφε,
2802 858 2875 929 μὴ
2905 858 3053 930 παρά
3085 857 3192 910 τῶν
3231 856 3392 927 ἱερῶν
3429 855 3731 926 προφητῶν
3774 868 3837 906 τι

2262 965 2281 998 t
2315 949 2409 1001 καὶ
2439 949 2750 1002 ἀποστόλων
2779 950 3026 1020 περὶτῆς
3048 948 3351 1018 ἀῖδιότητος
3374 947 3471 1000 τοῦ
3510 947 3691 1015 Λόγου
3731 962 3835 1015 μα-

2263 1058 2281 1088 ι
2322 1039 2431 1093 θεῖν
2476 1039 2787 1109 βουληθείς·
2816 1040 2931 1094 ἀλλ’
2963 1039 3138 1110 ἐαυτῷ
3175 1038 3423 1102 δεδωκιὶκ
3462 1038 3675 1102 πλεῖον,
3713 1036 3838 1089 δευ-

2264 1147 2282 1179 ι
2318 1130 2479 1198 τέραν
2537 1129 2791 1183 ὑπόθεσιν
2859 1129 3223 1202 διηγήσασθαι
3251 1129 3347 1183 τοῦ
3401 1130 3581 1196 Λόγου
3636 1127 3838 1199 μαθεῖν

2262 1240 2279 1270 ι
2323 1221 2511 1291 τολμᾷ.
2544 1239 2563 1271 ι
2596 1221 2706 1273 Καὶ
2729 1221 2937 1285 τούτοις
2959 1221 3014 1275 δέ
3040 1223 3151 1285 τοῖς
3176 1220 3282 1274 ὑπὸ
3321 1220 3634 1290 Ὠριγένους
3657 1218 3837 1289 ὀρθῶς

2256 1310 2582 1380 είρημένοις,
2634 1311 2762 1380 περὶ
2798 1309 2892 1362 τοῦ
2940 1311 3014 1381 μὴ
3044 1310 3155 1363 δεῖν
3200 1311 3520 1380 σωματικήν
3565 1325 3695 1361 τινα
3741 1308 3839 1361 καὶ

2257 1401 2562 1471 παθητικὴν
2590 1398 2992 1470 ὑπολαμϐάνειν
3024 1402 3122 1471 τῆς
3150 1400 3402 1472 θεότητος
3424 1400 3518 1453 τοῦ
3546 1400 3683 1453 Υίοῦ
3713 1400 3838 1468 γένι

2257 1508 2411 1561 νησιν
2475 1490 2775 1557 ἀντιλέγει,
2857 1491 3071 1559 μάλισθ’
3131 1492 3214 1545 ὅτι
3272 1490 3353 1562 τῷ
3428 1490 3545 1561 Υίῷ
3597 1491 3839 1543 δέδωκεν

2256 1582 2569 1646 ὑπόστασιν,
2599 1584 2690 1635 καὶ
2716 1582 2985 1653 ἐπιφέρει,
3028 1582 3123 1635 τὸν
3172 1582 3423 1652 Ὠριγένη
3453 1582 3620 1634 πάλιν
3651 1581 3839 1643 κακῶς

2256 1672 2446 1741 λέγων,
2471 1676 2584 1737 τοῖς
2610 1691 2669 1726 τε
2694 1674 2785 1726 ὑπ’
2813 1671 2975 1726 αὐτοῦ
2999 1671 3173 1742 ὀρθῶς
3192 1676 3485 1743 γραφεῖσιν
3510 1674 3839 1741 ἀντιλέγων,

2257 1764 2315 1813 ἐν
2363 1762 2593 1827 τούτοις·
2652 1782 2671 1813 ι
2712 1763 2835 1815 ὐτι
2878 1763 2947 1816 τά
2992 1762 3217 1816 τοιαῦτα
3254 1764 3483 1833 γράφων
3550 1762 3841 1833 Ὦριγένης

2267 1872 2284 1902 ι
2326 1852 2475 1915 ίδίοις
2502 1854 2700 1925 ἐχρῆτο
2736 1853 2985 1923 δόγμασι,
3009 1853 3168 1923 δῆλον
3196 1854 3289 1921 ἀφ’
3318 1846 3393 1906 ὧν
3422 1855 3517 1906 καὶ
3540 1852 3611 1905 τά
3638 1853 3841 1907 ἑαυτοῦ

2265 1966 2283 1995 ι
2318 1945 2611 2016 ἀνατρέπει
2646 1945 2923 2007 πολλάκις
2958 1946 3015 1996 ἐν
3057 1945 3185 2013 γοῦν
3218 1945 3389 2016 ἑτέρῳ
3440 1945 3627 2015 χωρίῳ
3678 1946 3842 1998 ἅτινα

2264 2060 2283 2089 ε
2322 2039 2449 2107 περὶ
2490 2037 2625 2091 Θεοῦ
2670 2038 2836 2106 λέγει,
2887 2038 3176 2092 ἀκόλουθόν
3211 2039 3362 2091 ἐστιν
3409 2037 3753 2105 ὑπομνῆσαι.
3817 2056 3837 2087 ι

2259 2130 2461 2199 Γράφει
2490 2128 2547 2181 δέ
2578 2128 2769 2191 οὕτως’
2815 2146 2835 2180 t
2871 2130 2946 2181 Οὐ
2978 2129 3085 2200 γάρ
3109 2130 3138 2181 ὁ
3180 2127 3313 2190 Θεὸς
3339 2125 3529 2196 Πατὴρ
3564 2121 3709 2178 εἶναι
3736 2126 3841 2197 ἦρ-

2266 2238 2283 2270 ι
2320 2219 2467 2285 ξατο,
2494 2218 2855 2290 κωλυόμενος,
2883 2220 2960 2283 ὡς
2986 2221 3036 2272 oi
3058 2218 3331 2289 γινόμενοι
3358 2218 3595 2287 πατέρες
3620 2216 3842 2287 ἀνθρω-

2266 2330 2281 2359 ι
2320 2327 2430 2375 ποι,
2451 2309 2555 2364 ὑπὸ
2575 2310 2667 2364 τοῦ
2702 2310 2775 2381 μὴ
2796 2310 3054 2365 δύνασθαί
3078 2328 3163 2363 πω
3187 2310 3296 2379 (10)
3323 2310 3561 2378 πατέρες
3581 2304 3746 2361 εἶναι.
3778 2310 3843 2361 ΕΞ

2266 2420 2283 2451 ι
2320 2400 2426 2473 γὰρ
2448 2402 2534 2455 ἀεί⁸
2560 2402 2763 2466 τέλειος
2784 2404 2812 2455 ὁ
2837 2402 2990 2466 Θεὸς,
3020 2402 3115 2455 καὶ
3142 2401 3403 2472 πάρεστιν
3430 2401 3579 2470 αὑτῷ
3605 2400 3845 2472 δύναμις

2265 2515 2282 2545 ι
2318 2494 2411 2548 τοῦ
2451 2496 2669 2566 Πατέρα
2701 2495 2863 2549 αὐτὸν
2911 2491 3073 2561 εἶναι,
3116 2497 3210 2549 καὶ
3257 2494 3419 2549 καλὸν
3474 2493 3639 2546 αὑτὸν
3698 2488 3843 2545 εἶναι

2265 2606 2282 2635 ι
2321 2585 2537 2655 Πατέρα
2562 2585 2800 2639 τοιούτου
2821 2585 2977 2649 Υίοῦ,
2999 2586 3379 2651 ἀναϐάλλεται,
3414 2585 3509 2638 καὶ
3539 2583 3637 2636 τοῦ
3666 2584 3843 2636 καλοῦ

2265 2696 2282 2727 t
2320 2678 2507 2729 ἐαυτὸν
2542 2677 2843 2747 στηρίσκει,
2893 2679 2987 2732 καὶ
3013 2677 3088 2742 ὡς
3115 2676 3259 2731 ἔστιν
3303 2679 3498 2739 εἰπεῖν,
3545 2676 3607 2739 ἐξ
3640 2672 3704 2729 οὗ
3752 2675 3843 2729 δύ-

2264 2784 2282 2815 t
2322 2782 2477 2819 ναται
2521 2765 2709 2837 Πατὴρ
2750 2762 2885 2819 εἶναι
2931 2765 3078 2821 Υίοῦ.
3143 2766 3218 2819 Τὸ
3260 2764 3394 2818 αὐτὸ
3438 2764 3694 2835 μέντοιγε
3744 2766 3844 2816 καὶ

2263 2874 2281 2905 t
2322 2856 2451 2929 περὶ
2497 2857 2591 2910 τοῦ
2623 2858 2779 2926 ἀγίου
2821 2857 3135 2929 Πνεύματος
3183 2856 3424 2909 λεκτέον.
3467 2875 3485 2907 ι
3539 2856 3667 2919 Πῶς
3719 2852 3838 2917 οὖν,

2271 2948 2575 3017 Ὠριγένους
2618 2950 2710 3001 καὶ
2751 2947 2907 3001 τοῦτο
2952 2948 3281 3019 γράψαντος,
3313 2951 3343 3001 ό
3382 2948 3674 3019 μακάριος,
3715 2949 3839 3001 κατ’

2256 3039 2438 3103 αὑτὸν,
2467 3038 2730 3102 Παυλῖνος
2756 3038 2914 3092 τοῦτο
2949 3037 3045 3107 μὲν
3085 3038 3505 3108 ἀποκρύψασθαι
3540 3040 3643 3091 οὐκ
3681 3040 3841 3092 ἀκίν-

2256 3126 2409 3179 δυνον
2438 3127 2677 3197 ἐνόμισε,
2732 3126 3034 3199 χρήσασθαι
3080 3128 3138 3181 δὲ
3184 3128 3266 3191 είς
3314 3128 3661 3199 κατασκευὴν
3726 3131 3847 3183 τῶν

2257 3218 2434 3290 ἐαυτῷ
2464 3219 2763 3273 δοκούντων
2810 3220 2921 3282 τοῖς
2957 3218 3220 3282 ἐναντίοις
3254 3219 3389 3290 (ll),
3419 3220 3495 3283 ὡς
3523 3221 3648 3274 οὐδὲ
3670 3222 3838 3275 αὑτὸν

2254 3311 2319 3363 ἂν
2359 3312 2625 3382 Ὠριγένη,
2654 3309 2708 3364 εῐ
2739 3328 2791 3363 τι
2825 3310 2918 3364 τὸν
2943 3310 3101 3380 λόγον
3130 3311 3423 3366 ἀποδοῦναι
3454 3313 3685 3366 δυνατὸν
3714 3310 3834 3385 νῆνς

2270 3403 2355 3454 Ἐν
2393 3401 2599 3464 τούτοις
2633 3403 2662 3454 ό
2692 3400 3029 3472 Μάρκελλος,
3072 3401 3290 3454 ἐναντία
3337 3402 3502 3470 φάναι
3548 3401 3701 3473 αὐτῷ
3744 3403 3839 3456 τὸν

2268 3492 2515 3563 Ὠριγένη
2546 3490 2731 3555 εἰπὼν,
2762 3491 3149 3561 κατεψεύσατο,
3184 3492 3258 3563 μὴ
3285 3492 3532 3564 δυνηθεὶς
3568 3496 3836 3558 συνιέναι,

2255 3583 2329 3646 ὡς
2359 3583 2446 3636 διὰ
2482 3584 2578 3653 μὲν
2605 3586 2703 3652 τῆς
2734 3583 3004 3655 προτέρας
3052 3583 3409 3655 παραθέσεως
3441 3585 3505 3638 τὸ
3538 3586 3838 3655 ἀσώματον

2256 3675 2352 3727 καὶ
2378 3674 2584 3737 ἀπαθὲς
2616 3674 2708 3728 τοῦ
2737 3674 2948 3748 Πατρὸς
2989 3672 3199 3747 ἐδήλου,
3229 3675 3316 3729 διὰ
3347 3676 3405 3729 δὲ
3435 3675 3537 3745 τῆς
3570 3677 3839 3750 δευτέρας

2258 3764 2317 3815 τὸ
2351 3766 2423 3836 μὴ
2475 3766 2667 3835 χρόνῳ,
2701 3764 2807 3837 πρὸ
2845 3765 3059 3819 πάντων
3103 3765 3161 3818 δὲ
3197 3765 3408 3820 αἰώνων
3437 3767 3526 3819 τὸν
3574 3768 3704 3821 Υἱὸν
3738 3786 3834 3835 γε-

2256 3855 2595 3923 γεννηκέναι.
2623 3850 2785 3919 Αὖθις
2813 3855 2869 3908 δὲ
2900 3854 3017 3925 μεθ’
3046 3856 3209 3928 ἕτερα
3232 3858 3363 3928 περὶ
3389 3857 3483 3910 τοῦ
3522 3858 3837 3929 Ὠριγένους

2256 3949 2283 3998 ὁ
2313 3946 2474 4009 αὐτὸς
2501 3945 2673 3999 ταῦτα
2698 3946 2899 4016 γράφει
2924 3963 2937 3977 ·
2968 3966 2985 3997 ι
3019 3946 3234 4011 Καίτοι,
3260 3949 3309 4001 εί
3333 3947 3415 4000 δεῖ
3437 3948 3670 4019 τάληθὲς
3703 3950 3833 4021 περὶ

2263 4055 2281 4087 ι
2329 4036 2631 4106 Ὤριγένους
2655 4038 2847 4101 εἰπεῖν,
2882 4036 3039 4089 τοῦτο
3072 4039 3337 4109 προσήκει
3365 4038 3571 4106 λέγειν,
3596 4040 3679 4093 ὅτι
3704 4041 3832 4112 ἄρτι

2262 4144 2281 4177 t
2317 4127 2425 4179 τῶν
2454 4126 2593 4180 κατά
2620 4126 2935 4196 φιλοσοφίαν
2956 4127 3196 4191 ἀποστάς
3229 4128 3585 4199 μαθημάτων,
3609 4131 3835 4195 καὶτοῖς

2263 4238 2280 4270 ι
2310 4218 2473 4283 θείοις
2484 4219 3105 4291 ὀμιλῆσαιπροελόμενος
3118 4218 3319 4287 λόγοις,
3338 4220 3554 4291 πρὸτῆς
3568 4222 3833 4293 ἀκριδοῦς

2262 4330 2279 4361 t
2319 4309 2424 4364 τῶν
2448 4310 2676 4381 Γραφῶν
2697 4310 3069 4381 καταλήψεως,
3093 4310 3180 4363 διά
3196 4311 3257 4363 τὸ
3280 4310 3413 4363 πολὺ
3434 4314 3530 4366 καὶ
3547 4313 3833 4383 φιλότιμον

2262 4420 2279 4451 ς
2319 4402 2415 4471 τῆς
2441 4400 2634 4465 ἔξωθεν
2658 4401 3012 4465 παιδεύσεως,
3027 4400 3219 4453 θᾶττον
3240 4401 3334 4453 τοῦ
3354 4401 3565 4466 δέοντος
3586 4402 3833 4474 ἀρξάμε-

596 4494 720 4538 ante
757 4486 950 4540 saacula
978 4488 1156 4541 omnia
1188 4489 1563 4556 progenuisse.
1618 4489 1746 4543 Post
1778 4490 2030 4555 deinceps
2082 4492 2149 4544 de

2261 4512 2277 4543 ι
2318 4493 2768 4563 νοςὺπογράφειν,
2786 4493 2890 4545 ὑπὸ
2900 4491 3007 4544 τῶν
3021 4491 3121 4561 τῆς
3141 4491 3455 4560 φιλοσοφίας
3474 4494 3733 4563 παρήχθη
3750 4494 3835 4546 λό-

598 4574 829 4645 Origene
867 4582 923 4639 ἧς
972 4578 1111 4633 idem
1148 4580 1342 4631 iterum
1402 4578 1591 4632 scribit
1644 4577 1758 4650 [R.
1800 4577 2141 4651 LXXVIII]:

600 4684 619 4715 ι
666 4664 815 4733 Quod
839 4668 884 4721 si
918 4682 1102 4723 verum
1143 4668 1300 4723 fateri
1326 4669 1390 4722 de
1414 4669 1646 4740 Origene
1678 4669 1985 4735 debeamus,
2018 4672 2149 4726 illud.

667 4810 725 4866 Ψ
756 4803 854 4857 Ed.
883 4803 1081 4868 Paris.,
1113 4819 1235 4873 pag.
1275 4805 1364 4859 25.

663 4944 774 5013 (l0)
812 4942 909 5017 Μὴ
953 4943 1249 5017 δύνασᾷαι
1281 4958 1370 4995 πω
1415 4947 1677 5014 πατέρες.
1715 4944 1810 5000 Vel
1843 4946 2032 5017 Πατὴρ
2064 4942 2139 4998 si-

593 5012 680 5067 ναι
703 5023 757 5065 ut
784 5013 1060 5084 ad‘Deum
1082 5012 1377 5084 referatur,
1408 5025 1498 5066 aut
1520 5012 1949 5082 distinguendum
2001 5012 2140 5084 post,

593 5102 697 5149 πω,
732 5092 854 5135 ante
876 5081 1254 5146 ἀναόάλλεται,
1280 5084 1429 5136 deest
1455 5086 1522 5135 εἶ’
1544 5086 1656 5137 dele
1678 5081 1769 5137 ita!
1793 5095 1913 5139 ante
1931 5081 2140 5145 ἑαυτόν.

590 5165 644 5205 et
681 5162 803 5205 ante
834 5152 906 5214 ὡς
951 5152 1052 5205 M.—
1073 5153 1212 5205 -Mox
1237 5152 1389 5219 vulgn
1404 5154 1496 5204 τοῦ
1517 5172 1565 5208 τ.
1585 5154 1741 5220 Tini};
1764 5156 1884 5209 dein
1910 5157 1961 5207 τί
1986 5156 2142 5209 ἀναὸ.

594 5224 680 5282 8.,
704 5221 826 5273 dein
849 5222 1006 5290 vulgo
1027 5222 1216 5274 ἑαυτὸν
1240 5222 1331 5273 τοῦ
1357 5240 1432 5285 κ.,
1469 5239 1625 5290 porro
1650 5225 1710 5276 R.
1736 5223 1874 5279 εἶναι
1905 5225 2056 5287 Υίοῦ,
2082 5226 2143 5277 ού

592 5292 793 5363 γίνεται
833 5287 1021 5363 Πατήρ
1049 5308 1063 5356 ;
1095 5292 1325 5363 denique
1374 5287 1531 5360 vulgo
1579 5294 1810 5363 ἐνόμιζε.
1856 5295 2025 5349 Porro
2081 5296 2144 5348 ad

605 5362 772 5433 Ὦριγ.
799 5359 871 5412 cf.
1077 5375 1173 5433 op.
1194 5360 1383 5433 ed._t_ie
1409 5358 1594 5433 lai'Rue
1628 5358 1734 5426 t.'l,
1764 5382 1814 5433 p.
1841 5366 1930 5419 4'5.

684 5433 770 5499 ll)
815 5428 941 5494 Τοῖς
972 5428 1411 5503 ἐναντνίο-ιςΝυΙι
1442 5432 1716 5485 Paulinum
1738 5428 1800 5487 ea
1828 5438 1893 5487 ab
1915 5433 2145 5503 Origene

592 5510 910 5565 mutuatum,
951 5516 1069 5566 qua:
1114 5501 1214 5554 sibi
1264 5504 1719 5563 contradicerent,
1762 5517 1815 5557 et
1860 5506 1978 5557 aliis
2015 5501 2145 5557 alibi

594 5571 928 5643 dogmatibus
978 5570 1344 5643 Origenianis,
1378 5573 1512 5625 adeo
1567 5583 1623 5624 ut
1673 5589 1737 5626 ne
1770 5575 1883 5636 ipse
1923 5576 2141 5643 quidem

591 5640 845 5710 Origenes
894 5654 953 5711 e_a
1007 5652 1219 5711 posset,
1248 5642 1517 5711 redivivus
1559 5640 2138 5711 reconciiiateilegen-

590 5706 715 5783 (iuni
744 5706 1019 5783 ergoziﬂv
1040 5710 1158 5783 ούδὲ
1180 5709 1253 5783 ἀν
1282 5710 1442 5764 αὑτὸν
1476 5714 1724 5783 Ὠριγένη
1753 5706 1969 5765 ἐπὶιτδν
1989 5706 2143 5781 λόγον

590 5776 897 5847 ἀποδοῦναι,
927 5779 1146 5833 δυνατὸν
1177 5776 1263 5849 ἦν.
1290 5783 1433 5837 Sane
1461 5776 1673 5837 videtur
1713 5776 1765 5838 ἐι
1816 5776 2149 5840 Athanasius

2259 4603 2276 4635 ι
2318 4601 2446 4651 γων,
2474 4586 2567 4639 καί
2593 4602 2713 4639 τινα
2735 4585 2803 4637 δι’
2827 4585 3022 4649 αὐτοὺς
3053 4584 3115 4636 οὐ
3150 4583 3328 4647 καλῶς
3358 4584 3621 4656 γέγραφε.
3661 4585 3833 4655 Δῆλον

2260 4693 2278 4725 ι
2315 4675 2370 4727 δέ
2405 4692 2418 4707 ·
2466 4672 2545 4727 ἐτι
2580 4674 2690 4745 γὰρ
2737 4673 2845 4727 τῶν
2897 4672 2989 4726 τοῦ
3051 4672 3334 4736 Πλάτωνος
3382 4672 3494 4745 (12)
3542 4676 3836 4746 μεμνημέ-

2243 4946 2309 4999 de
2340 4943 2575 5013 Origene
2601 4940 2792 5013 eadem
2845 4944 3144 5004 censuisse,
3175 4957 3300 4995 cum
3344 4942 3396 4996 in
3438 4941 3580 5013 libro
3615 4942 3694 4996 De
3737 4947 3832 4999 de-

2242 5016 2392 5068 cretis
2419 5010 2629 5084 concilii
2660 5010 2712 5084 1V:
2718 5012 2869 5084 ἰσωῃί
2900 5014 3103 5084 scribat
3128 5031 3140 5065 :
3167 5013 3234 5084 ‘A_
3263 5012 3361 5084 μὲν
3389 5011 3496 5084 γὰρ
3518 5014 3603 5084 ~Lb;
3647 5015 3828 5084 ζητῶν

2244 5084 2335 5136 καὶ
2359 5082 2649 5153 γυμνάζων
2688 5080 2891 5153 ἔγραψε
2910 5121 2924 5144 ,
2950 5082 3144 5153 ταῦτα,
3165 5081 3239 5153 μὴ
3266 5082 3339 5145 ὡς
3379 5080 3544 5153 αύτοῦ
3574 5080 3831 5152 φρονοῦν.

2244 5172 2333 5217 τος
2365 5152 2605 5224 λεγέσθω
2632 5152 2899 5224 τιςῌηάλλά
2926 5152 3035 5224 τῷν
3059 5152 3193 5224 πρὸς
3220 5153 3332 5224 ἔριν
3354 5152 3824 5224 φιλονεικούντων,

2249 5226 2306 5277 ἐν
2338 5224 2414 5293 τῷ
2441 5219 2629 5291 ’ζητεῖν
2667 5219 2855 5293 ἀδέως,
2885 5222 3080 5292 ὁρίζων
3105 5219 3487 5293 ἀποφαίνοιτο.
3541 5223 3632 5293 Sic
3679 5219 3823 5276 enini

2247 5286 2540 5363 legendaet
2562 5286 2937 5363 distinguenda
2966 5286 3109 5363 sunt.
3143 5292 3211 5363 Μ.
3240 5286 3310 5331 ξ-
3342 5292 3404 5343 R.
3430 5286 3506 5363 ὧν
3524 5292 3631 5343 οὐδ’
3661 5296 3827 5347 αὐτὸν

2244 5360 2410 5416 ἂν”Ω.
2438 5363 2643 5433 εἴποιμι
2664 5379 2716 5413 τ.
2741 5360 2790 5412 λ.
2816 5362 2971 5415 ἀποδ.
2998 5362 3279 5425 δύνασθαι,
3309 5367 3399 5430 qui
3426 5360 3563 5413 infra
3590 5365 3825 5433 γράφειν

2247 5379 2309 5416 αν
2342 5379 2410 5415 'u.
2438 5379 2643 5483 ειποιῖι
2664 5379 2716 5413 τ.
2742 5379 2755 5411 ι

2247 5434 2365 5487 loco
2395 5436 2573 5501 ὐπογρ
2616 5447 2755 5500 φειν.

2315 5504 2421 5573 (12)
2464 5500 2585 5556 Ἔτι
2618 5504 2726 5572 γὰρ
2758 5501 2875 5573 τῷν
2905 5502 3010 5555 τοῦ
3050 5501 3387 5567 Πλάτωνος.
3424 5500 3635 5573 Opinor
3649 5502 3824 5573 Ϋδῆλοιδ

2244 5575 2298 5628 δέ
2321 5568 2455 5627 ἐστι’
2493 5568 2743 5642 τῶνγὰρ
2781 5568 2875 5626 τοῦ
2918 5573 3201 5635 Πλάτωνος
3234 5571 3597 5643 μεμνημένος.
3620 5568 3820 5626 Verum

2244 5655 2327 5697 est
2355 5646 2494 5709 quod
2521 5648 2731 5699 censuit
2754 5643 3037 5699 Marcellus
3061 5646 3127 5696 de
3147 5643 3399 5712 Origene.
3417 5657 3538 5695 eum
3567 5644 3633 5693 de
3660 5647 3821 5697 scho-

2247 5714 2310 5766 lis
2361 5714 2671 5777 Platonicis,
2698 5729 2927 5781 quarum
2974 5713 3149 5767 sacris
3196 5725 3314 5767 erat
3342 5728 3448 5765 non
3492 5712 3684 5765 leviter
3718 5716 3820 5765 ini-

2249 5789 2429 5849 tiatus,
2446 5786 2540 5838 sed
2566 5795 2621 5837 ut
2647 5786 2697 5838 in
2731 5784 2970 5855 margine
2992 5784 3237 5849 habetur,
3260 5782 3630 5853 μεμυημένος,
3648 5786 3817 5838 multa
