4048 6414
212 407 315 464 761
1332 400 1615 459 CONTRA
1654 396 2087 456 MARCELLUM
2126 402 2256 458 LIB.
2296 403 2337 460 Ι.
3369 407 3476 461 762

217 549 237 582 ι
279 545 367 592 νος
395 525 678 598 δογμάτων
710 524 804 579 καὶ
835 524 932 595 τῆς
958 522 1066 577 τῶν
1094 522 1278 595 ἀρχῶν
1307 521 1458 592 παρὰ
1490 519 1641 590 αύτῷ
1677 520 1792 573 δια-

1906 539 1921 573 ι
1962 522 2253 575 tenendum
2284 538 2298 587 ;
2327 535 2451 575 cum
2481 528 2734 577 recenter
2761 521 2897 576 adeo
2928 530 3044 577 tum
3074 535 3106 576 a
3132 519 3331 577 scholis
3356 522 3479 591 plri-

216 639 237 671 ι
276 620 471 691 φορᾶς,
502 617 641 685 Περί
678 613 881 685 ἀρχῶν
912 616 1161 686 γέγραφε
1192 613 1414 683 βιϐλίον,
1444 614 1539 665 καὶ
1588 610 1793 681 ταύτην

1906 631 1919 663 ι
1957 611 2249 682 iosophicis
2277 611 2572 679 divertens,
2613 612 2812 669 litteris
2860 626 2923 669 se
2952 612 3153 668 divinis
3185 612 3479 683 applicuis-

221 732 241 763 ι
274 711 354 782 τῷ
387 709 777 780 συγγράμματι
816 707 912 779 τὴν
944 706 1257 777 ἐπιγραφὴν
1289 704 1460 758 ἔθετο.
1504 706 1711 774 Δεῖγμα
1737 704 1795 756 δὲ

1906 722 1919 755 ι
1957 714 2062 771 set,
2120 704 2281 759 citius
2320 719 2483 774 quam
2535 720 2635 775 par
2690 705 2918 772 fuerat,
2975 705 3216 759 nondum
3254 704 3482 760 edoctus

215 824 235 855 ι
278 802 439 856 τοῦτο
468 801 723 871 μέγιστον
752 799 813 852 τὸ
846 799 977 870 μηδὲ
1016 796 1237 853 ἄλλοθέν
1283 796 1448 851 ποθεν
1480 796 1654 868 ἀρχὴν
1685 795 1793 848 τῶν

217 913 237 945 ι
275 892 474 959 λέξεων
512 890 676 943 αὑτὸν
711 888 744 960 ἢ
782 888 881 961 τὴν
920 888 1235 959 ἐπιγραφὴν
1266 886 1361 940 τοῦ
1396 886 1601 957 βιϐλίου
1639 886 1795 957 ποιή-

216 1003 237 1036 r
281 982 498 1049 σασθαι,
530 982 643 1036 ἀλλ’
672 982 781 1036 ἀπὸ
812 982 920 1035 τῶν
939 981 1187 1035 Πλάτωνι
1217 980 1489 1052 ῥηθέντων
1508 980 1792 1052 ῥημάτων.

218 1093 239 1125 ι
276 1074 529 1145 Γέγραφε
556 1072 667 1145 γάρ
710 1074 1009 1146 ἀρχόμενος
1038 1072 1229 1135 οὕτως·
1266 1074 1329 1126 (li
1374 1072 1795 1135 πεπιστευκότες

219 1184 240 1219 ε
282 1168 379 1222 καὶ
401 1166 841 1237 πεπιστευμένοι.
859 1164 1029 1219 Τοῦτο
1047 1164 1108 1217 τὸ
1129 1163 1289 1236 ῥητὸν
1315 1162 1486 1226 οὕτως
1507 1163 1793 1235 εἰρημένον

220 1277 241 1311 ι
276 1258 460 1331 εὕροις
486 1258 551 1313 ἂν
584 1260 642 1311 ἐν
670 1258 749 1329 τῷ
781 1257 1003 1326 Γοργίᾳ
1036 1256 1341 1319 Πλάτωνος.
1376 1274 1395 1305 ι
1434 1253 1560 1308 Οῦτ’
1590 1257 1638 1308 εἰ
1664 1254 1794 1322 ἐφέλ

215 1367 364 1423 ρετο,
389 1353 621 1422 ἤνεγκεν
650 1349 717 1403 ἂν
752 1348 1005 1419 διαὸολὴν
1044 1348 1310 1417 Ὠριγένει
1334 1347 1515 1415 φάντι,
1550 1347 1599 1399 οἱ
1628 1362 1794 1398 πεπι-

214 1443 506 1504 στευκότες
538 1442 572 1511 ἢ
599 1440 693 1494 καὶ
720 1438 1161 1508 πεπιστευμένοι,
1196 1438 1290 1492 καὶ
1317 1437 1612 1505 συνάψαντι
1645 1435 1791 1506 ἑξῆς,

221 1551 243 1584 ι
283 1534 385 1605 τὴν
410 1532 567 1603 χάριν
599 1530 694 1585 καὶ
719 1530 816 1600 τὴν
840 1529 1097 1600 ἀλήθειαν
1128 1527 1194 1580 δι’
1248 1526 1420 1596 Ἰησοῦ
1445 1525 1680 1597 Χριστοῦ
1706 1542 1795 1593 γε-

221 1643 241 1677 (
278 1624 517 1694 γονέναι,
553 1640 572 1673 ι
622 1622 718 1674 καὶ
765 1620 999 1692 Χριστὸν
1031 1614 1169 1672 εἰναι
1203 1618 1302 1687 τὴν
1336 1616 1612 1686 ἀλήθειαν,
1656 1615 1797 1667 κατά

212 1714 278 1767 τὸ
316 1712 601 1785 εἰρημένον
640 1710 728 1765 ὑπ’
766 1710 949 1763 αύτοῦ-
989 1729 1008 1762 ι
1069 1708 1208 1777 Ἐγώ
1249 1710 1365 1779 εἰμι
1398 1710 1430 1778 ἡ
1473 1707 1719 1778 ἀλήθεια.
1772 1725 1789 1757 ›

214 1806 356 1860 Ποία
388 1804 495 1875 γὰρ
526 1804 662 1875 πρὸς
686 1802 855 1856 ταῦτα
884 1802 1136 1856 κοινωνία
1166 1803 1359 1869 γένοιτ’
1393 1801 1459 1855 ἀν
1496 1816 1626 1854 ποτε
1653 1799 1798 1853 Πλά-

215 1913 382 1963 τωνι;
428 1895 592 1949 υύδέν
642 1895 927 1957 Πλάτωνος
969 1894 1113 1962 Περί
1150 1892 1351 1962 ἀρχῶν
1398 1891 1794 1964 μνημονεύεται

218 1988 445 2059 βιϐλίον.
488 1987 622 2040 Ούδὲ
666 1986 943 2057 Ὠριγένης
973 1987 1173 2056 ὁμοίως
1206 1987 1333 2055 περὶ
1365 1984 1547 2055 ἀρχῶν
1578 1982 1795 2051 ἐδόξασε

216 2080 488 2143 Πλάτωνι,
527 2080 555 2131 6
608 2078 731 2149 μίαν
782 2078 951 2149 μόνην
980 2079 1079 2145 τὴν
1108 2078 1400 2146 ἀγέννητον
1441 2077 1534 2129 καὶ
1562 2078 1795 2147 ἄναρχον

215 2172 314 2225 καὶ
338 2171 594 2225 ἐπέκεινα
618 2169 727 2223 τῶν
750 2170 886 2224 ὅλων
920 2170 1076 2233 εἰδὼς
1102 2171 1300 2241 ἀρχὴν,
1333 2169 1534 2239 ταύτην
1562 2186 1623 2221 τε
1654 2165 1795 2221 εἶναι

216 2264 437 2335 Πατέρα
454 2263 570 2325 ἐνὸς
594 2263 913 2333 μονογενοῦς
924 2262 1075 2323 Υίοῦ,
1094 2263 1161 2316 δι’
1182 2257 1242 2317 οὗ
1269 2263 1337 2315 τά
1359 2264 1533 2317 πάντα
1550 2262 1789 2331 γέγονεν.

220 2356 368 2420 Ὄδε,
411 2358 506 2409 καὶ
558 2359 616 2409 ἐν
661 2357 869 2419 τούτοις
930 2355 1234 2426 Ὠριγένους
1290 2355 1793 2425 καταψευσάμενος,

221 2448 340 2518 μεθ’
384 2447 544 2519 ἕτερα
568 2447 890 2519 προστίθησι
916 2446 1111 2515 λέγων’
1147 2465 1165 2497 ι
1209 2446 1484 2515 Ἀστερίου
1513 2446 1622 2515 γὰρ
1646 2448 1795 2515 εἰρη-

225 2561 243 2594 ι
278 2543 452 2605 κότος,
474 2542 579 2614 πρὸ
599 2542 707 2595 τῶν
728 2540 937 2595 αἰώνων
956 2538 1311 2610 γεγεννῆσθαι
1335 2539 1425 2591 τὸν
1441 2538 1634 2606 Λόγον,
1665 2538 1796 2591 αὐτὸ

223 2652 243 2685 r
282 2635 344 2687 τὸ
377 2635 539 2705 ῥητὸν
569 2634 731 2689 αὑτὸν
770 2634 984 2703 ἐλέγχει
1014 2630 1361 2701 ψευδόμενον
1400 2629 1539 2683 ὥστε
1574 2631 1647 2701 μὴ
1696 2631 1794 2701 μό-

224 2744 244 2777 r
288 2744 377 2780 vov
409 2727 573 2779 αὑτὸν
607 2726 700 2779 τοῦ
740 2727 1084 2796 πράγματος,
1114 2724 1250 2778 ἀλλὰ
1282 2724 1376 2777 καὶ
1406 2720 1501 2775 τοῦ
1534 2723 1797 2793 γράμμα-

224 2835 245 2867 r
286 2834 377 2880 τος
398 2817 739 2888 διαμαρτεῖν.
767 2817 833 2869 Εἰ
857 2815 987 2886 γὰρ,
1002 2814 1115 2882 πρὸ
1136 2814 1241 2869 τοῦ
1262 2812 1475 2879 αἰῶνος
1490 2814 1797 2881 ἐθεμελίω-

225 2928 244 2961 ι
284 2908 399 2963 σέν
417 2926 513 2979 με,
542 2910 705 2980 φησὶν
727 2910 761 2980 ή
788 2908 1084 2979 Παροιμία,
1110 2906 1225 2967 πῶς
1252 2906 1415 2969 αὐτὸς
1439 2904 1795 2975 γεγεννῆσθαι

225 3018 249 3053 s
283 2999 446 3054 αὐτὸν
482 3000 590 3071 πρὸ
618 3000 728 3055 τῶν
757 2999 969 3053 αἰώνων
1015 2998 1152 3067 ἔφης
1196 2996 1383 3069 ἕτερον
1416 2997 1525 3067 γὰρ
1553 2998 1659 3067 πρὸ
1699 2996 1793 3050 τοῦ

224 3112 247 3146 ο
278 3094 474 3158 αἰῶνος
502 3092 929 3165 τεθεμελιιῖωθαι
952 3092 1134 3156 αὑτὸν,
1169 3092 1261 3145 καὶ
1290 3091 1499 3162 ἕτερον.
1537 3092 1641 3162 πρὸ
1688 3089 1795 3143 τῶν

1900 816 1919 848 ι
1956 796 2371 867 Scripturarum
2413 801 2753 853 exactiorem
2805 790 3120 861 scientia'm,
3160 805 3350 864 utpote
3387 800 3479 865 qui

1901 911 1920 943 ι
1961 898 2016 946 et
2033 890 2390 946 saecularibus
2415 889 2718 958 disciplinis
2737 898 2861 947 erat
2878 888 3314 945 cumulatissime
3337 904 3484 943 com-

1901 1002 1920 1035 r
1956 990 2197 1051 paratus,
2232 983 2469 1039 accessit
2490 984 2558 1037 ad
2596 980 2946 1038 scribendum
2978 1000 2995 1037 :
3049 979 3196 1034 unde
3220 993 3318 1049 per
3357 979 3479 1046 plui-

1902 1095 1920 1127 ι
1950 1075 2250 1146 losophiam
2280 1074 2559 1141 seductus,
2601 1074 2847 1143 quaedam
2869 1074 3051 1128 minus
3076 1080 3224 1127 recte
3247 1071 3300 1125 in
3329 1069 3481 1124 litte-

1902 1186 1920 1218 ι
1962 1181 2054 1222 ras
2088 1165 2373 1221 referebat.
2407 1164 2655 1234 Exempli
2677 1163 2895 1233 gratia:
2927 1161 3338 1216 Platonicorum
3384 1160 3481 1213 do-

1901 1276 1920 1310 ι
1956 1266 2195 1330 gmatum
2218 1271 2428 1311 memor
2453 1265 2509 1310 et
2530 1255 2925 1326 principiorum
2956 1268 3078 1325 qua:
3106 1252 3323 1308 diversa
3350 1260 3483 1307 sunt

1901 1369 1920 1402 ι
1952 1349 2091 1419 apud
2123 1349 2297 1413 illum,
2335 1348 2534 1403 librum
2559 1348 2849 1417 quemdam
2879 1345 3184 1416 inscripsit,
3222 1343 3302 1397 De
3325 1343 3478 1410 prin-

1902 1462 1920 1494 ι
1952 1442 2124 1512 cipiis.
2151 1440 2281 1508 Quae
2308 1440 2531 1511 quidem
2564 1440 2849 1509 inscriptio
2874 1446 3198 1509 argumento
3225 1450 3346 1491 esse
3380 1449 3480 1503 po-

1903 1552 1921 1585 ι
1955 1533 2083 1589 terit
2121 1550 2229 1588 non
2262 1532 2496 1604 vulgari,
2527 1547 2633 1587 non
2665 1530 2886 1586 aliunde
2910 1544 3037 1584 eum
3075 1542 3239 1597 quam
3275 1542 3305 1579 a
3354 1525 3479 1579 Pia-

1902 1647 1920 1678 ι
1958 1637 2080 1682 tone
2111 1641 2173 1682 ea
2194 1625 2373 1681 omnia
2408 1630 2736 1679 mutuatum.
2762 1620 3055 1674 Exorditur
3081 1628 3260 1673 autem
3285 1617 3481 1671 librqu

1904 1738 1921 1769 ι
1962 1720 2027 1773 ad
2066 1720 2210 1773 hunc
2240 1719 2487 1772 modum:
2522 1714 2872 1781 Quicredunt
2900 1720 2954 1765 et
2982 1711 3183 1780 quibus
3205 1708 3472 1763 creditur.

1904 1832 1921 1861 ι
1957 1811 2109 1877 Quod
2126 1811 2199 1865 ita
2218 1809 2420 1864 dictum
2444 1808 2497 1862 in
2514 1807 2709 1877 Gorgia
2729 1803 3057 1873 Piatonis(p.
3075 1801 3181 1857 454
3198 1801 3260 1872 Ε)
3279 1801 3484 1868 reperi-

1910 1922 1928 1957 ι
1964 1912 2071 1957 tur.
2109 1921 2129 1955 ›
2158 1900 2214 1957 Id
2236 1900 2377 1971 quod
2405 1909 2463 1955 ut
2489 1899 2563 1953 ita
2595 1912 2719 1953 esse
2748 1896 3099 1959 concedatur,
3154 1894 3481 1949 calumniam

1901 1994 2125 2065 Origeni
2152 2009 2255 2049 non
2288 1990 2536 2054 inferret,
2562 2005 2683 2044 cum
2704 1990 2889 2044 statim
2914 1986 3277 2057 subjunxerit,
3303 2004 3320 2036 ι
3346 1984 3483 2039 Gra-

1908 2108 1928 2140 r
1962 2088 2092 2143 tiam
2122 2094 2178 2141 et
2202 2085 2481 2139 veritatem
2509 2080 2799 2151 pchesum
2825 2078 3099 2134 Christum
3126 2078 3432 2141 advenisse,
3458 2095 3477 2127 ›

1902 2189 2095 2234 etesse
2108 2176 2383 2231 Christum
2410 2174 2555 2227 illam
2586 2173 2890 2235 veritatem,
2927 2172 3221 2224 secundum
3248 2168 3389 2237 quod
3418 2168 3487 2220 ab

1904 2272 2022 2343 ipso
2054 2270 2256 2325 dictum
2285 2276 2465 2322 exstat
2492 2286 2506 2322 :
2536 2284 2553 2318 ι
2580 2266 2691 2335 Ego
2709 2280 2826 2320 sum
2855 2263 3060 2317 veritas
3076 2265 3141 2314 ".
3171 2282 3190 2315 ι
3227 2263 3481 2329 Quanam

1902 2378 2032 2419 vero
2049 2363 2263 2417 tandem
2283 2359 2596 2416 communio
2614 2374 2734 2413 cum
2756 2358 2874 2412 istis
2890 2355 3103 2412 Platoni
3131 2354 3441 2410 intercessit
3463 2354 3488 2405 ’ί

1902 2455 2092 2511 Nullus
2115 2454 2256 2509 liber
2290 2467 2318 2506 a
2343 2452 2570 2508 Platone
2597 2452 2835 2520 scriptus
2870 2449 2974 2503 hoc
3013 2447 3196 2509 titulo,
3232 2446 3309 2499 De
3338 2448 3485 2513 prin-

1901 2550 2073 2616 cipiis,
2106 2554 2462 2602 memoratur.
2493 2542 2602 2598 Nec
2636 2553 2695 2597 ut
2748 2541 2902 2595 Plato
2934 2541 2999 2595 de
3031 2540 3317 2609 principiis
3365 2537 3487 2593 Ori-

1902 2654 2066 2711 genes
2100 2638 2388 2699 sentiebat,
2436 2634 2527 2705 qui
2563 2632 2893 2703 principium
2944 2632 3164 2685 unicum
3196 2630 3489 2698 ingenera-

1903 2742 2041 2799 tum,
2072 2730 2191 2785 sine
2218 2728 2510 2799 principio,
2562 2740 2728 2795 super
2754 2724 2961 2789 omnia,
3007 2737 3132 2778 cum
3179 2731 3437 2790 agnoscat
3470 2762 3485 2786 ,

1901 2837 2024 2877 eum
2058 2823 2231 2891 ipsum
2260 2819 2449 2875 statuit
2476 2832 2596 2874 esse
2624 2817 2839 2872 Patrem
2866 2818 3027 2871 unius
3053 2814 3315 2885 unigeniti
3342 2810 3487 2877 Filii,

1901 2928 1999 2983 per
2026 2927 2189 2981 quem
2216 2912 2398 2965 omnia
2424 2909 2569 2964 facta
2605 2917 2750 2963 sunt.
2777 2906 2834 2961 in
2871 2906 2990 2960 istis
3026 2920 3149 2959 cum
3198 2903 3487 2971 Origeneni

1902 3004 2214 3068 mentiatur,
2243 3002 2487 3071 adiungit
2510 3011 2631 3071 post
2654 3015 2823 3069 pauca
2860 2998 2951 3069 [Β.
2985 2996 3105 3068 XV]
3139 3014 3153 3051 :
3183 2994 3485 3057 Asterium,

1911 3111 1930 3146 ι
1974 3095 2065 3164 qui
2099 3094 2340 3148 affirmat
2369 3101 2682 3164 generatum
2714 3090 2885 3145 fuisse
2912 3098 3038 3145 ante
3073 3088 3256 3143 omnia
3292 3090 3490 3141 saecula

225 3206 245 3239 ‹
285 3184 497 3240 αἰώνων
530 3184 909 3255 γεγεννῆσθαι.
940 3203 959 3237 ι
991 3182 1174 3237 Ταῦτα
1203 3180 1394 3245 εἰπὼν,
1424 3182 1518 3235 καὶ
1538 3180 1796 3252 προσθεὶς

1911 3206 1929 3239 ι
1970 3186 2192 3251 Filium,
2231 3185 2314 3241 vel
2347 3186 2459 3255 ipsa
2485 3183 2704 3254 quidem
2729 3182 2912 3237 littera
2945 3180 3231 3235 mentitum
3266 3177 3491 3232 convin-

217 3274 383 3345 ῑτερα
420 3275 499 3336 εἰς
544 3273 857 3345 ἀνατροπὴν
892 3271 985 3325 τοῦ
1025 3272 1130 3344 πρὸ
1166 3272 1275 3325 τῶν
1297 3271 1505 3326 αἰώνων
1548 3272 1799 3341 γεγεννῆ-

221 3364 347 3419 σθαι
381 3364 472 3418 τὸν
503 3364 651 3429 Υἰὸν,
688 3364 928 3433 ἐπιλέγει
958 3364 1139 3427 αὐτοῖς
1190 3365 1450 3435 ῥήμασιν·
1483 3382 1503 3415 ι
1549 3363 1711 3431 ’Δξιῶ
1740 3363 1797 3416 δέ

224 3474 245 3509 ι
282 3457 409 3519 τοὺς
442 3456 867 3527 ἐντυγχάνοντας
900 3455 1007 3511 τῶν
1046 3456 1215 3525 ἁγίων
1240 3456 1480 3528 ὡσπερεὶ
1508 3457 1798 3528 σπέρματα

225 3568 243 3602 ι
285 3550 383 3603 atat
443 3549 617 3621 ἀρχὰς
682 3549 843 3620 τῆσδε
910 3549 1011 3620 τῆς
1078 3547 1391 3620 ἐξηγήσεως
1449 3548 1665 3619 άληθῶς
1724 3551 1800 3601 εἰ-

226 3659 247 3694 σ
282 3641 541 3713 ληφότας,
577 3640 827 3704 πλείονας
870 3640 1169 3707 ἀποδείξεις
1202 3640 1519 3712 προσθεῖναι
1562 3644 1677 3705 τοῖς
1720 3644 1798 3694 εί-

224 3751 246 3787 (
287 3732 561 3806 ρημένοιςο
618 3731 759 3787 ὥστε
808 3731 889 3786 ἐτι
924 3732 1145 3803 μᾶλλον,
1189 3733 1289 3796 τὰς
1337 3732 1445 3785 τῶν
1482 3730 1657 3805 [περί]
1700 3730 1799 3803 τὴν

224 3842 246 3877 ε
279 3825 462 3877 πίστιν
483 3823 915 3894 διαστρεφόντων
938 3823 1255 3894 ἐλέγχεσθαι
1276 3823 1643 3893 προαιρέσεις.
1684 3825 1802 3876 ’ον-

226 3934 247 3969 ι
278 3931 387 3979 τως
411 3914 520 3986 γὰρ
543 3914 675 3968 Θεδν
699 3915 790 3968 τδν
821 3916 1160 3986 γεννήσαντα
1198 3916 1395 3977 αὐτοὺς
1420 3915 1798 3983 ἐγκατέλιπον,

226 4026 248 4059 ι
280 4007 374 4061 καὶ
419 4004 633 4077 ὤρυξαν
668 4008 879 4069 ἑαυτοῖς
918 4006 1155 4071 λάκκους
1207 4008 1719 4079 συντετριμμένους.
1776 4028 1795 4061 ι

218 4096 459 4151 Τοιαῦτα
487 4097 581 4151 καὶ
602 4096 689 4151 διὰ
718 4096 923 4151 τούτων
947 4096 1425 4169 λοιδορησάμενος,
1459 4097 1584 4169 ἐξῆς
1610 4101 1803 4171 πειρᾶ-

216 4206 312 4242 ται
348 4188 653 4254 δεικνύναι,
688 4189 768 4242 δτι
819 4188 954 4259 μηδὲ
1012 4206 1031 4240 ι
1068 4188 1231 4245 εἰκὼν
1273 4189 1368 4242 τοῦ
1412 4190 1546 4244 Θεοῦ
1594 4193 1741 4246 ἐστιν
1774 4195 1803 4246 ό

225 4298 247 4333 ι
285 4281 434 4346 Υἰδς,
476 4300 494 4333 ι
539 4282 713 4349 λέγων
746 4280 938 4345 οὕτως⁹
976 4299 994 4333 ι
1053 4282 1372 4336 Ἀκόλουθον
1400 4283 1641 4354 ἡγοῦμαι
1674 4285 1803 4356 βρα-

226 4390 247 4423 r
282 4372 383 4443 χέα
423 4373 517 4426 καὶ
559 4373 689 4444 περὶ
726 4372 828 4436 τῆς
874 4373 1083 4435 εἰκόνος
1130 4376 1326 4427 εἰπεῖν’
1374 4374 1623 4447 γέγραφε
1660 4376 1797 4448 γάρ·

226 4482 247 4516 ι
290 4464 481 4528 Ἀλλος
508 4464 565 4518 δέ
589 4466 737 4519 ἐστιν
768 4465 797 4517 ὀ
843 4464 901 4531 ἐξ
928 4464 1091 4518 αὐτοῦ
1120 4466 1419 4536 γεννηθεὶς,
1458 4468 1518 4531 ὃς
1551 4471 1696 4521 ἐστιν
1723 4470 1802 4522 εί-

1911 3302 1929 3333 r
1969 3281 2064 3348 cit,
2094 3280 2227 3333 adeo
2254 3286 2446 3332 utnon
2477 3275 2651 3331 solum
2685 3275 2737 3329 in
2765 3274 2851 3329 rei
2896 3272 3152 3336 veritate,
3181 3270 3275 3324 sed
3315 3270 3367 3322 in
3401 3284 3491 3323 vo-

1910 3392 1929 3426 ι
1972 3372 2128 3428 cibus
2160 3369 2293 3441 ipsis
2318 3365 2680 3423 aberraverit.
2712 3364 2847 3419 Nam
2869 3365 2938 3429 si,
2973 3363 3110 3417 Ante
3144 3362 3344 3416 sa'cula
3366 3401 3380 3423 ,
3413 3360 3491 3412 uti

1912 3485 1929 3517 ι
1973 3463 2219 3533 loquitur
2249 3458 2671 3515 Proverbiorum
2708 3457 2883 3521 liber,
2915 3454 3165 3524 fundavit
3218 3469 3323 3517 me,
3364 3465 3491 3518 quo-

1911 3574 1930 3608 ι
1969 3553 2131 3609 modo
2162 3559 2287 3608 ante
2314 3548 2513 3605 sartula
2543 3549 2784 3619 genitum
2816 3546 2986 3602 fuisse
3015 3545 3165 3599 illum
3212 3542 3491 3597 aﬂirmat?

1912 3665 1935 3698 ι
1964 3644 2125 3701 Aliud
2150 3652 2236 3697 est
2255 3641 2425 3707 enim,
2462 3650 2591 3695 ante
2612 3638 2867 3695 mulum
2898 3637 3182 3693 fundatum
3214 3634 3403 3699 fuisse,
3437 3643 3503 3687 et.

1910 3756 1929 3789 ι
1961 3738 2103 3791 aliud
2130 3736 2365 3807 genitum
2395 3733 2561 3803 fuisse
2591 3740 2714 3785 ante
2742 3729 2957 3784 sa'cula.
2990 3747 3009 3781 ›
3046 3727 3173 3783 Haec
3214 3728 3301 3781 ubi
3334 3726 3491 3785 dixit.

1906 3841 1961 3885 et
1980 3828 2175 3897 adjecit
2192 3824 2351 3881 simul
2374 3822 2477 3877 alia
2500 3824 2567 3877 ad
2587 3820 2713 3876 illud
2749 3819 3128 3883 refellendum,
3150 3820 3281 3897 Ante
3298 3817 3492 3870 imula

1908 3893 2070 3989 fuisse
2104 3928 2409 3991 generatum
2434 3914 2657 3979 Filium,
2704 3912 2981 3983 subiungit
3024 3910 3113 3983 [Β.
3144 3893 3436 3979 LXXXlX]
3474 3926 3487 3960 :

1914 4036 1931 4067 ι
1959 4012 2213 4069 Obtestor
2230 4010 2380 4064 viros
2410 4016 2651 4073 sanctos,
2680 4005 2733 4059 in
2758 4018 2987 4075 quorum
3023 4016 3218 4056 manus
3242 4000 3347 4053 ista
3372 4014 3490 4052 mea

1915 4126 1932 4158 ι
1970 4114 2096 4160 sunt
2120 4110 2471 4175 perventura,
2503 4108 2563 4153 ut
2591 4098 2759 4152 veluti
2788 4096 2878 4166 qui
2908 4094 3118 4150 semina
3148 4101 3203 4146 et
3227 4090 3509 4161 principia.

1915 4218 1932 4250 ι
1968 4199 2126 4251 istius
2162 4190 2627 4263 interpretationis
2649 4189 2923 4244 veraciter
2952 4202 2983 4240 a
3013 4201 3101 4240 me
3124 4193 3345 4252 accepta
3371 4199 3494 4251 per—

1914 4310 1933 4342 ι
1970 4289 2234 4357 ceperint,
2265 4286 2448 4357 plures
2477 4282 2655 4337 adhuc
2675 4278 3173 4335 demonstrationes
3200 4278 3495 4344 adiungere

1917 4403 1937 4436 ι
1980 4383 2148 4437 velint
2174 4381 2241 4434 ad
2270 4393 2333 4434 ea
2370 4392 2491 4449 qua:
2516 4376 2662 4430 dicta
2694 4381 2821 4427 sunt
2851 4387 2879 4426 a
2914 4387 3021 4433 me,
3048 4384 3155 4440 quo
3180 4371 3351 4437 magis
3382 4380 3497 4419 ma-

1918 4493 1935 4525 ι
1970 4475 2161 4543 gisque
2189 4469 2363 4524 refelli
2418 4468 2633 4539 possint
2681 4477 2871 4519 eorum
2922 4462 3204 4516 hominum
3239 4459 3441 4511 intenta
3478 4496 3514 4519 ,,

226 4574 245 4607 ι
286 4556 397 4609 κὼν
433 4556 525 4610 τοῦ
566 4556 701 4610 Θεοῦ
727 4556 821 4610 τοῦ
854 4559 1107 4629 ἀοράτου.
1137 4560 1357 4623 Εἰκόνος
1387 4559 1476 4613 διὰ
1503 4560 1659 4613 τοῦτο
1708 4560 1796 4631 μὲ-

1917 4584 1936 4616 ‹
1971 4563 2169 4631 quibus
2199 4560 2358 4614 lldem
2392 4567 2705 4627 pervertere
2732 4555 2973 4609 solemne
2998 4562 3101 4609 est.
3121 4550 3328 4605 Revera
3353 4549 3495 4601 enim

225 4666 245 4699 ι
290 4664 487 4718 μνηται
506 4648 617 4720 (15)
630 4648 764 4703 Θεοῦ
790 4650 883 4704 τοῦ
914 4651 1150 4722 ἀοράτου
1181 4652 1477 4722 ’Δστέριος,
1502 4652 1589 4705 ἵνα
1616 4652 1801 4705 τοσοῦ⁴

291 4827 337 4859 "
370 4826 533 4883 Joan.
566 4845 678 4896 xuv,
713 4830 769 4884 6.

220 5006 466 5090 intulisse
498 5008 551 5090 in
583 5011 1074 5090 commentationes
1100 5010 1352 5090 suas,_de
1376 5008 1655 5090 religione.
1686 5011 1803 5067 Un-

219 5077 287 5131 de
309 5080 504 5147 saepius
532 5078 714 5148 lapsus
749 5091 851 5144 est,
880 5098 980 5136 nec
1020 5082 1107 5135 illa
1130 5082 1403 5137 hominem
1434 5077 1535 5136 hac
1565 5082 1617 5135 in
1651 5092 1805 5149 parte

218 5156 504 5229 excusant.
520 5164 640 5229 quae
663 5150 1090 5229 in_respor_isione
1110 5151 1371 5206 Eusebius
1397 5151 1704 5229 cavillatur.
1726 5153 1798 5206 Μ.

218 5216 545 5305 foedius-rt
566 5216 683 5305 i920
710 5216 846 5305 ἐστι.
880 5220 1007 5305 Mox.
1033 5222 1140 5305 Μρἒ
1173 5239 1263 5293 γρ.
1301 5221 1651 5305 μεμυημένος
1669 5224 1800 5305 loco

223 5303 386 5410 partv.
418 5287 601 5371 Porro.
625 5287 909 5371 Βςτούτου
944 5287 1249 5413 ξέγᾴηιοὸὶ)
1282 5287 1439 5345 τοῦτο
1472 5287 1613 5361 μέγ.
1668 5292 1799 5348 Dein

219 5371 286 5444 xu
311 5358 507 5444 quem
535 5376 644 5444 των
664 5376 741 5444 τῳ
873 5363 941 5444 ρη
980 5362 1036 5444 ἐν
1066 5379 1173 5444 των
1217 5361 1293 5434 ρ..
1329 5362 1474 5444 ιιι)Ῑῇ
1507 5364 1615 5441 ἀπό
1642 5378 1798 5419 conc.

220 5423 286 5478 Β.
302 5426 457 5508 _qu.ra
484 5430 641 5508 vulgo
663 5423 854 5508 ὁμοίαν
873 5423 989 5508 loco
1014 5433 1041 5485 6
1076 5433 1202 5508 μίαν
1217 5423 1288 5487 ἐἰ
1306 5423 1490 5508 agro;
1504 5432 1599 5486 τοῦ
1624 5450 1719 5504 πρ.
1746 5445 1799 5489 et

219 5495 335 5573 rapo
349 5496 467 5573 τῷν
483 5495 1087 5573 αἰώνωνέθεμελίωσενί
1108 5502 1208 5573 ἐμέ
1228 5512 1283 5557 et
1318 5504 1415 5571 τῆς
1438 5503 1513 5556 δέ.

256 5565 402 5648 .-μ-ξ)
443 5565 1482 5648 Melrrntqt..."éqjtépto_g:verum-est
1524 5572 1686 5648 quod
1714 5574 1798 5627 hic

219 5636 294 5689 ait
330 5634 611 5713 Marcellus
639 5634 811 5713 i__ideo
843 5634 1037 5696 Filium
1074 5634 1248 5713 Patris
1279 5634 1569 5713 imaginem
1599 5643 1797 5711 ubique

219 5708 492 5788 urgebant
520 5710 778 5788 appellari
815 5712 1259 5788 ah_Apos_tn_lo,et
1287 5714 1365 5767 sic
1386 5708 1791 5788 appellandum,

220 5776 372 5849 quod
408 5777 528 5829 inde
566 5782 789 5846 μείωσιν
831 5782 904 5836 illi
944 5776 1236 5837 credebant
1279 5776 1491 5849 astrui';
1522 5792 1576 5835 et
1609 5776 1796 5848 οὐσίας

219 5844 529 5915 ἀλλοίωσιν,
557 5844 611 5904 et
636 5849 1001 5919 ἀλλογένειαν,
1037 5854 1388 5921 creationem,
1417 5844 1783 5923 posteriorita?

1914 4670 1932 4702 ι
1973 4649 2141 4704 Deum
2169 4647 2259 4718 qui
2292 4647 2480 4715 genuit
2510 4646 2681 4715 ipsos,
2700 4643 3137 4712 dereliquerunt,
3162 4648 3219 4695 et
3249 4647 3515 4709 pertusos.

1918 5020 2023 5066 tem
2056 5027 2069 5063 :
2098 5019 2152 5064 et
2176 5012 2443 5065 Eusebius
2475 5012 2590 5075 ipse
2622 5005 2905 5075 animitus,
2933 5000 3152 5075 etclam
3188 5000 3499 5075 Arianismo

1911 5083 2245 5150 denigratus,
2276 5082 2387 5135 ἂνω
2417 5072 2512 5134 καί
2542 5078 2695 5132 κάτω
2730 5072 3341 5150 στρέφει-ᾕεηοχοεεεη-
3370 5088 3382 5123 :
3414 5073 3497 5125 iu—

1913 5141 2072 5205 terim
2108 5141 2271 5205 etiam
2300 5166 2491 5206 verum
2523 5158 2607 5202 est
2636 5146 2779 5215 quod
2801 5141 2914 5199 'hic
2951 5141 3209 5197 Marcello
3252 5142 3501 5209 objeclut

1911 5222 2202 5285 Eusebius,
2232 5220 2511 5276 Christum
2558 5216 2855 5271 secundum
2900 5216 3195 5285 humanam
3242 5223 3496 5265 naturam

1911 5292 2106 5355 solum,
2140 5284 2195 5347 et
2220 5302 2491 5359 quatenus
2538 5290 2737 5359 homo,
2785 5294 2841 5359 et
2877 5286 3098 5359 quando
3153 5284 3351 5359 homo,
3390 5297 3503 5335 non

1909 5363 2061 5429 prius
2092 5352 2386 5427 imaginem
2408 5364 2474 5414 ab
2500 5357 2720 5429 illoidici
2746 5375 2759 5410 :
2784 5355 2867 5429 ita
2885 5352 3133 5429 eludunt,
3152 5352 3498 5429 etlaceraut,

1907 5420 1962 5485 et
1995 5420 2577 5501 detorquentliwretici
2601 5428 2779 5501 locum
2815 5425 2962 5479 illum
2992 5422 3252 5501 apostoli,
3279 5420 3492 5501 (ξοίοεξι.

1907 5517 1947 5559 ι.
1973 5502 2075 5567 15;
2110 5492 2203 5555 sed
2227 5512 2285 5554 ut
2310 5517 2436 5555 vere
2465 5497 2817 5567 Athanasius,
2845 5494 3249 5567 etporthodoxe,
3301 5492 3497 5567 ’ᾼῖδιός

1904 5562 2071 5625 ἐστιν’
2092 5570 2120 5621 6
2153 5572 2366 5642 Πατὴρ,
2386 5570 2690 5642 ἀθάνατος.
2736 5566 2997 5642 δυνατὸς,⁸
3020 5563 3157 5631 φῶς,
3176 5634 3186 5642 ι
3208 5562 3493 5642 βασιλεῦς,

1904 5634 2327 5713 παντοκράτωρῖ
2354 5634 2521 5713 Θεὸς,
2568 5636 3051 5713 κύρ-ιοςηκτιστὴς
3069 5634 3198 5713 -καλτ
3243 5634 3491 5713 ποιηίῄς.

1903 5713 2091 5765 Ταῦτα
2117 5702 2362 5764 εἶναι’δεῖ
2393 5712 2449 5762 ἐν
2470 5702 2534 5780 τῇ
2569 5702 2761 5780 εἰκόνι,
2802 5702 3154 5780 ἵνα-ἀληθῶςῄ
3174 5705 3202 5754 6
3232 5703 3321 5780 τόν
3369 5702 3494 5780 γίὸν

1906 5783 2050 5855 ἰδὼν,
2085 5782 2293 5855 ίδῃλκαὶ
2316 5781 2406 5855 τὸν
2424 5772 2661 5851 Πατέρα.
2694 5777 2761 5832 Μ.
2796 5808 2862 5815 -
2903 5772 3043 5831 lnlra
3072 5773 3228 5843 vulgo
3258 5772 3491 5843 ἀοράτου

1902 5853 2053 5916 όντος
2081 5851 2283 5910 omisso
2309 5851 2423 5924 τοῦ.
