4048 6412
596 407 700 462 765

1254 401 1516 460 EUSEBII
1553 401 2021 459 CIESARIENSIS
2054 400 2204 457 OPP.
2243 397 2418 455 PARS
2454 397 2541 456 IV.
2582 430 2649 441 —
2688 394 3101 454 DOGMATICA.

3702 386 3807 446 764

603 542 622 576 ι
658 524 759 579 sibi
790 530 981 591 puteos
1007 521 1327 578 ell‘oderunt.
1372 542 1391 574 ι
1438 528 1497 586 iis
1532 523 1612 575 Ad
1667 522 1825 576 istum
1878 536 2003 576 vero
2032 534 2126 574 mo

2249 536 2267 567 ι
2300 534 2391 569 τον
2431 516 2522 568 τὸν
2573 516 2704 569 Θεὸν
2751 513 2843 567 τοῦ
2888 514 3061 579 Λόγου
3103 510 3379 581 διαφέρειν
3421 505 3629 576 διδάξῃ,
3681 504 3807 560 ὅσον

597 612 723 667 dum
750 612 1126 678 Calumniatus,
1148 621 1374 667 conatur
1396 612 1677 671 ostendere
1698 613 1749 665 in
1777 610 2137 681 sequentibus,

598 719 666 757 ne
689 704 902 772 quidem
944 722 963 755 ι
995 705 1280 769 imaginem
1333 705 1415 758 sui
1458 702 1635 757 Patris
1682 716 1803 756 esse
1860 700 2073 755 Filium.
2117 721 2133 752 ο

594 793 681 847 Ait
710 804 888 848 autem
919 793 1007 867 [Β.
1040 792 1251 865 LXXX]
1282 814 1295 848 :
1336 812 1355 845 ι
1385 793 1730 863 Consequens
1760 807 1880 847 esse
1908 793 2141 847 arbitror

599 901 617 933 ι
647 886 835 950 paucis
868 886 933 940 de
984 886 1214 954 imagine
1276 884 1623 952 disceptare:
1673 883 1889 951 scripsit
1950 882 2135 937 enim:

598 992 617 1025 ι
646 974 801 1030 Alius
832 976 1045 1043 quidem
1080 983 1165 1029 est
1184 974 1254 1029 ab
1281 974 1395 1045 ipso
1436 974 1667 1044 genitus,
1698 973 1791 1042 qui
1840 983 1925 1027 est
1955 973 2138 1042 imago

598 1083 616 1115 ι
648 1065 741 1120 Dei
769 1064 1072 1119 invisibilis.
1114 1064 1356 1119 Meminit
1398 1074 1576 1118 autem
1604 1063 1854 1133 imaginis
1879 1063 1972 1117 Dei
2004 1062 2138 1116 invi-

596 1172 616 1205 ι
656 1154 825 1211 sibilis
877 1155 1140 1221 Asterius,
1192 1165 1251 1210 ut
1304 1154 1629 1211 conﬁrmare
1655 1155 1844 1223 possit,
1885 1153 2049 1208 Deum
2104 1167 2136 1207 a

596 1263 615 1294 ι
652 1242 827 1300 Verbo
872 1260 971 1301 suo
999 1246 1052 1300 in
1088 1255 1292 1301 tantum
1324 1244 1561 1309 differre,
1598 1245 1648 1299 in
1685 1253 1941 1314 quantum
1976 1244 2139 1298 distet

594 1351 615 1383 ι
650 1332 719 1388 ab
743 1334 975 1404 imagine
1000 1350 1095 1390 sua
1126 1336 1347 1404 quilibet
1372 1336 1551 1391 homo.
1586 1353 1605 1387 ι
1645 1335 1822 1400 Hisce,
1851 1345 2135 1404 postquam

591 1424 845 1478 nonnulla
872 1425 1297 1495 interposuisset,
1330 1425 1510 1480 addit:
1546 1445 1564 1478 ι
1606 1424 1833 1481 Omnino
1856 1425 2020 1494 igitur
2041 1441 2137 1495 pa-

595 1534 613 1565 ι
653 1524 749 1579 tet,
774 1514 1034 1582 Verbum,
1055 1531 1175 1571 cum
1199 1517 1375 1572 adhuc
1396 1531 1616 1573 carnem
1638 1518 1739 1571 sibi
1767 1525 2005 1571 nostram
2030 1531 2133 1570 non

595 1624 612 1653 ι
642 1606 992 1672 adunaverat,
1018 1605 1164 1661 nullo
1193 1608 1373 1671 modo,
1406 1621 1501 1677 per
1525 1622 1605 1673 se,
1656 1608 1939 1676 imaginem
1965 1607 2134 1661 exsti-

594 1713 612 1742 ε
652 1693 782 1748 tisse
836 1694 1121 1749 invisibilis
1150 1693 1266 1748 Dei.
1324 1694 1430 1749 Par
1453 1706 1537 1749 est
1564 1694 1784 1761 etenim,
1833 1694 2009 1765 imago
2056 1694 2131 1749 uti

595 1800 614 1832 ι
652 1781 821 1837 oculis
839 1792 1109 1850 cernatur,
1125 1792 1184 1838 ut
1208 1798 1302 1852 per
1327 1784 1635 1855 imaginem,
1660 1784 1710 1838 id
1736 1785 1876 1852 quod
1898 1792 2009 1838 tum
2029 1798 2131 1838 non

593 1889 613 1921 ε
648 1880 937 1939 usurpatur
956 1873 1146 1938 oculis,
1196 1873 1364 1928 videri
1398 1884 1571 1927 tamen
1613 1874 1807 1941 possit.
1833 1892 1855 1925 ι
1879 1873 2134 1943 Adiungit

584 1972 762 2015 autem
790 1959 877 2033 [R.
909 1962 1164 2026 LXXXII,
1192 1962 1261 2018 cl‘.
1294 1978 1344 2032 p.
1373 1964 1442 2018 35
1472 1964 1531 2029 D,
1559 1963 1625 2017 47
1655 1962 1724 2034 Α]
1757 1982 1768 2016 :
1805 1982 1823 2014 ι
1859 1964 2133 2029 Quomodo

590 2068 609 2099 ι
646 2049 809 2118 igitur
832 2053 1075 2106 Asterius
1112 2054 1384 2107 scribebat
1428 2050 1657 2107 Verbum
1711 2052 1801 2107 Dei
1853 2066 1974 2107 esse
2001 2053 2133 2107 ima-

589 2155 607 2187 ι
645 2138 821 2207 ginem
853 2141 1138 2196 invisibilis
1187 2139 1327 2195 Dei?
1379 2142 1578 2195 Eorum
1605 2143 1772 2206 enim,
1814 2152 1867 2195 et
1916 2142 2130 2211 quidem

586 2245 606 2277 ι
645 2230 881 2283 omnium
904 2232 1219 2294 universim,
1241 2233 1498 2300 imagines
1517 2234 1801 2287 ostensivae
1829 2242 1973 2297 sunt,
2002 2249 2134 2303 quo-

587 2334 607 2366 t
645 2332 761 2371 rum
789 2332 909 2374 esse
938 2321 1199 2391 imagines
1230 2321 1597 2391 intelliguntur
1625 2343 1635 2377 :
1694 2322 1826 2377 adeo
1856 2333 1915 2376 ut
1947 2337 2043 2392 per
2069 2323 2132 2375 il.

586 2425 603 2456 ι
641 2406 740 2469 las,
778 2408 824 2461 is
853 2410 942 2476 qui
968 2419 1051 2463 est
1080 2412 1293 2478 absens,
1316 2414 1581 2466 videatur.
1608 2412 1759 2479 Quod
1781 2413 1823 2467 si
1854 2427 1983 2467 vero
2013 2411 2127 2478 Dei,

586 2514 605 2545 ι
641 2496 730 2563 qui
766 2496 924 2558 plane
959 2498 1240 2554 invisibilis
1269 2509 1371 2565 est,
1403 2499 1636 2556 Verbum
1661 2515 1875 2570 quoque
1899 2516 2017 2555 esse
2042 2501 2130 2554 in-

584 2602 604 2634 s
642 2584 851 2638 visibile
888 2587 1169 2655 contingit,
1200 2603 1307 2657 quo
1352 2601 1508 2659 pacto
1536 2598 1712 2657 potest
1741 2602 1859 2644 esse
1895 2590 2129 2645 Verbum

583 2692 602 2725 ι
648 2688 744 2739 per
770 2688 831 2728 se
876 2676 1057 2744 imago
1089 2678 1181 2731 Dei
1209 2678 1510 2745 invisibilis,
1535 2695 1657 2733 cum
1680 2689 1735 2736 et
1758 2681 1927 2750 ipsum
1945 2682 2015 2736 sit
2042 2681 2128 2735 in-

582 2779 603 2812 ε
639 2760 894 2816 τίείὸίιεῖ
930 2782 949 2814 ι
987 2763 1169 2832 Pergit
1230 2767 1283 2819 in
1335 2767 1683 2835 sequentibus
1736 2768 1911 2822 denuo
1940 2770 2129 2822 convi-

575 2851 708 2905 εἰει-ί
745 2850 839 2922 [Β.
884 2851 1113 2927 XXIV]:
1148 2874 1167 2907 ι
1205 2856 1355 2912 Unde
1387 2858 1551 2927 igitur
1580 2857 1699 2913 dolo
1733 2857 1917 2927 repleti
1953 2868 2007 2912 et
2034 2874 2127 2911 va-

580 2959 599 2992 ι
638 2940 803 3007 fritie,
840 2953 899 2998 ut
924 2960 1044 2999 cum
1077 2947 1335 3016 Apostolo
1354 2948 1401 2980 “
1431 2948 1641 3017 loquar,
1669 2949 1873 3003 dictum
1899 2947 2127 3002 transfe-

577 3046 598 3081 s
637 3040 765 3085 runt
789 3033 855 3086 ad
881 3034 1049 3103 ipsius
1072 3036 1257 3100 Verbi,
1282 3047 1339 3091 ut
1364 3046 1573 3103 rentur,
1604 3037 1831 3106 primam
1862 3037 2127 3092 conditio-

2246 624 2264 656 ι
2303 605 2585 674 ἄνθρωπος
2631 604 2729 673 τῆς
2768 600 2960 657 ἑαυτοῦ
3010 600 3214 662 εἰκόνος
3251 597 3527 667 διαφέρειν
3561 596 3729 649 δοκεῖ.
3776 613 3797 647 ι

2239 696 2348 749 Kal.
2378 694 2577 764 μεταξύ
2601 711 2723 747 τινα
2743 692 2933 757 εἰπὼν,
2955 690 3227 759 ἐπιφέρει·
3264 708 3283 741 ι
3310 686 3519 742 Οὐκοῦν
3541 685 3802 758 πρόδηλον

2243 804 2261 833 σ
2298 787 2377 839 ὅτι
2408 785 2513 857 πρὸ
2550 785 2651 854 τῆς
2679 783 2773 838 τοῦ
2802 782 3067 855 ἡμετέρου
3113 779 3363 849 σώματος
3396 776 3735 846 ἀναλήψεως,
3770 775 3805 828 6

2242 896 2261 929 ι
2299 877 2487 946 Λόγος,
2509 876 2629 930 καθ’
2647 875 2856 939 ἑαυτὸν,
2882 875 2979 927 οὐκ
2997 868 3066 944 ἦν
3088 870 3249 923 εἰκὼν
3275 868 3370 923 τοῦ
3390 868 3617 939 ἀοράτου
3637 863 3798 918 Θεοῦ’

2242 987 2259 1018 ι
2291 966 2387 1038 τὴν
2440 966 2547 1036 γὰρ
2591 966 2773 1019 εἰκόνα
2818 963 3045 1036 ὁρᾶσθαι
3094 961 3383 1033 προσήκει,
3432 960 3519 1011 ῐνα
3565 956 3653 1010 om
3698 955 3799 1026 τῆς

2243 1076 2261 1108 ι
2296 1058 2500 1120 εἰκόνος
2545 1057 2605 1109 τὸ
2646 1051 2781 1120 τέως
2820 1056 2894 1126 μὴ
2921 1052 3193 1125 ὁρώμενον
3232 1049 3462 1123 δρᾶσθαι
3492 1048 3733 1119 δύνηται,
3775 1063 3794 1096 ι

2235 1149 2345 1202 Kal.
2375 1146 2635 1214 ἐπιλέγειν
2683 1163 2703 1197 t
2734 1144 2859 1207 Πῶς
2894 1139 2987 1197 οὖν
3020 1141 3206 1195 είκόνα
3248 1138 3346 1194 τοῦ
3390 1135 3624 1207 ἀοράτου
3662 1129 3798 1185 Θεοῦ

2242 1259 2260 1291 ι
2297 1239 2386 1293 τὸν
2415 1238 2508 1292 τοῦ
2534 1236 2670 1290 Θεοῦ
2702 1237 2873 1304 Λόγον
2917 1232 3191 1304 ’Δστέριος
3219 1226 3358 1285 εἶναι
3384 1227 3695 1299 γέγραφεν;
3729 1223 3798 1276 Δί

2241 1348 2259 1381 ι
2296 1328 2402 1400 γάρ
2429 1328 2632 1391 εἰκόνες
2663 1324 2865 1379 τούτων
2889 1318 2965 1380 ὧν
2992 1325 3129 1377 είσιν
3162 1321 3388 1383 εἰκόνες,
3424 1320 3519 1372 καὶ
3549 1315 3799 1370 ἀπόντων

2240 1440 2260 1474 ι
2297 1419 2557 1475 δεικτικαί
2597 1419 2765 1471 εἰσιν⁸
2809 1416 2949 1469 ῶστε
2997 1414 3092 1467 καὶ
3135 1412 3228 1465 τὸν
3270 1410 3477 1465 ἀπόντα
3513 1407 3579 1461 δι’
3617 1403 3798 1459 αὐτῶν

2239 1531 2259 1565 ι
2296 1510 2576 1582 φαίνεσθαι
2595 1510 2790 1563 δοκεῖν.
2818 1507 2880 1560 Εἰ
2900 1505 2957 1559 δὲ
2981 1504 3073 1558 τοῦ
3096 1502 3230 1557 Θεοῦ
3255 1500 3348 1555 τοῦ
3372 1499 3602 1571 ἀοράτου
3624 1497 3794 1560 ὄντος,

2238 1622 2257 1655 ι
2289 1604 2516 1675 ἀόρατον
2548 1596 2685 1653 εἶναι
2716 1598 2809 1651 καὶ
2830 1596 2922 1649 τὸν
2952 1594 3123 1663 Λόγον
3154 1592 3460 1663 συμϐαίνει,
3489 1589 3606 1675 sub;
3634 1585 3801 1641 εἰκὼν

2236 1709 2256 1743 ι
2293 1672 2386 1745 tot")
2424 1688 2653 1759 ἀοράτου
2680 1685 2814 1739 Θεοῦ
2841 1686 2870 1738 6
2897 1683 3066 1753 Λόγος
3094 1681 3214 1735 καθ’
3253 1679 3442 1733 ἑαυτὸν
3471 1672 3607 1731 εἶναι
3635 1675 3799 1729 δύνα-

2238 1800 2257 1832 ‹
2290 1799 2401 1845 ται,
2443 1781 2545 1833 καὶε
2574 1776 2735 1841 αὐτὸς
2776 1774 3004 1846 ἀόρατος
3042 1772 3146 1837 div;
3193 1791 3212 1824 ι
3254 1772 3365 1825 Kal.
3406 1768 3608 1841 προῖὼν
3640 1764 3799 1831 αὖθις

2164 1839 2206 1897 Β
2232 1839 2476 1944 λοιδορεῖ,
2511 1871 2682 1939 λέγων
2716 1839 2881 1923 οὕτω·
2933 1886 2951 1919 ι
2996 1865 3121 1929 Πῶς
3154 1858 3245 1918 οὖν
3289 1865 3339 1917 οἱ
3386 1839 3614 1934 πλήρεις
3642 1859 3797 1914 δόλου

2239 1986 2257 2018 ι
2288 1967 2380 2019 καὶ
2411 1964 2774 2035 ῥᾳδιουργίας,
2803 1958 3170 2021 ἀποστολικῶς
3200 1957 3311 2028 (Id)
3329 1958 3523 2016 εἰπεῖν,
3561 1953 3800 2024 μεταφέο

2238 2078 2257 2111 ‹
2295 2074 2446 2130 ρουσι
2478 2056 2537 2109 τὸ
2568 2055 2732 2128 ῥητὸν
2758 2056 2838 2118 είς
2862 2054 2960 2123 τὴν
2986 2054 3208 2123 πρώτην
3233 2047 3419 2112 αὐτοῦ,
3467 2047 3542 2109 ὡς
3569 2046 3793 2111 οῐονται,

2236 2167 2257 2202 t
2293 2150 2468 2202 κτίσιν
2520 2146 2654 2218 (I5),
2685 2147 2778 2200 καὶ
2820 2145 2993 2197 ταῦτα
3038 2142 3131 2195 τοῦ
3168 2139 3331 2193 Δαυῖδ
3383 2138 3493 2211 (I6)
3520 2139 3651 2209 περὶ
3695 2136 3797 2207 τῆς

2235 2260 2255 2293 ε
2292 2242 2429 2294 κατά
2457 2241 2633 2310 σάρκα
2663 2236 2826 2292 αὐτοῦ
2864 2237 3167 2306 γεννήσεως
3198 2230 3383 2300 σαφῶς
3410 2230 3733 2300 εἰρηκότος;
3768 2247 3790 2280 ι

2229 2328 2339 2380 Kal.
2380 2325 2579 2396 μεταξὺ
2624 2323 2827 2377 τούτων
2864 2322 3072 2393 μακρὸν
3119 2320 3442 2383 κατατείνας
3473 2319 3627 2386 λόγον
3670 2318 3793 2370 ἑπι-

2231 2417 2382 2486 φέρει
2402 2433 2415 2445 ο
2463 2433 2481 2465 ι
2512 2414 2577 2467 Τί
2602 2408 2693 2467 οὖν
2721 2412 2855 2484 πρὸς
2885 2411 3054 2465 ταῦτα
3083 2411 3253 2476 λέξει;
3284 2411 3345 2462 οὐ
3379 2410 3487 2481 γὰρ
3516 2404 3668 2479 οἶμαι
3697 2408 3797 2461 αὑ-

2235 2520 2255 2553 ι
2290 2503 2380 2555 τὸν
2417 2502 2557 2571 ἔχειν
2582 2518 2634 2554 τι
2664 2502 2791 2571 περὶ
2818 2500 3008 2553 τούτου
3036 2500 3235 2568 λέγειν.
3262 2498 3425 2553 Οὐδὲν
3465 2499 3574 2571 γὰρ
3606 2498 3797 2567 σαφῶς

2234 2612 2254 2645 ι
2286 2592 2447 2646 αὐτὸν
2475 2592 2567 2645 καὶ
2594 2590 3075 2661 ἀπαρακαλύπτως
3105 2588 3364 2659 ἠγοῦμαι,
3394 2589 3487 2642 καὶ
3513 2588 3649 2659 πρὸς
3677 2588 3795 2641 ἑτέ-

2234 2702 2252 2734 (
2296 2700 2419 2754 ρους
2450 2683 2777 2753 ὁμολογῆσαι
2804 2682 2869 2736 ἂν
2902 2683 3037 2751 ὅπερ
3080 2681 3239 2744 αὐτὸς
3266 2684 3321 2734 ὲν
3342 2683 3408 2751 τῇ
3438 2679 3632 2733 ἑαυτοῦ
3658 2676 3797 2751 κρύ-

2233 2791 2252 2826 t
2288 2791 2409 2827 πτει
2433 2774 2659 2845 διανοίᾳ·
2686 2774 2763 2837 ὡς
2792 2772 2906 2827 ἐστι
2938 2772 3123 2842 σαφῶς
3150 2773 3241 2842 ἀφ’
3268 2765 3341 2825 ὧν
3369 2772 3638 2842 γέγραφε,
3668 2787 3799 2841 μαν-

2234 2883 2252 2915 ι
2288 2863 2487 2918 Θάνειν.
2526 2865 2714 2928 ’Λλλος
2758 2865 2853 2934 μὲν
2894 2864 3022 2933 γὰρ,
3076 2865 3259 2934 φησὶν,
3294 2863 3439 2915 ἐστιν
3477 2863 3506 2914 6
3536 2862 3726 2933 Πατὴρ
3767 2862 3801 2915 6

2235 2974 2252 3008 t
2288 2958 2548 3025 γεννήσας
2576 2956 2635 3019 ἐξ
2660 2955 2824 3008 αὑτοῦ
2858 2956 2947 3008 τὸν
2982 2955 3243 3025 μονογενῆ
3266 2954 3438 3022 Λόγον
3465 2955 3557 3007 καὶ
3583 2953 3801 3024 προπό-

2234 3063 2253 3096 ι
2290 3061 2444 3097 τοκον
2486 3045 2700 3115 ἀπάσης
2743 3044 2991 3107 κτίσεως,
3041 3044 3197 3113 μόνος
3242 3043 3421 3113 μόνον,
3463 3040 3665 3105 τέλειος
3704 3042 3798 3095 τέ-

579 3138 600 3172 ι
638 3137 781 3188 nem,
808 3138 930 3178 cum
966 3126 1031 3181 de
1056 3128 1402 3210 generatione
1433 3128 1543 3193 illa,
1579 3142 1697 3196 quae
1718 3138 1799 3182 est
1832 3128 2123 3182 secundum

2238 3155 2257 3187 ι
2294 3134 2454 3199 λειον,
2484 3133 2731 3203 βασιλεὺς
2753 3133 2997 3202 βασιλέα,
3020 3132 3220 3204 Κύριος
3238 3132 3462 3203 Κύριον,
3486 3131 3617 3196 Θεὸς
3640 3130 3797 3196 Θεὸν,

581 3229 599 3261 ι
631 3226 871 3278 carnem,
897 3214 1082 3283 David,
1108 3217 1183 3270 uti
1207 3226 1437 3281 constat,
1461 3218 1589 3272 illud
1613 3220 1884 3287 usurparit
1911 3219 2125 3273 liLon-

575 3318 697 3372 gum
722 3304 973 3375 deinceps
992 3307 1321 3363 intertexens
1343 3324 1643 3365 sermonem
1668 3314 1743 3364 ait
1762 3310 1851 3383 [Β.
1877 3310 2121 3385 LXXV]:

584 3410 605 3445 ε
643 3392 781 3460 Quid
815 3396 882 3449 ad
907 3397 1008 3451 ista
1038 3399 1201 3467 igitur
1238 3400 1480 3455 dicturus
1509 3402 1635 3455 est?
1680 3401 1837 3456 Certe
1869 3402 2120 3468 arbitror,

580 3502 601 3533 ε
636 3485 767 3539 nihil
796 3486 993 3542 habere
1016 3488 1165 3543 illum
1198 3491 1339 3559 quod
1368 3494 1708 3561 respondeat.
1756 3491 1938 3559 Neque
1961 3492 2123 3547 credo

579 3591 599 3624 ε
634 3574 687 3627 in
719 3585 901 3645 apcrta
930 3578 1271 3635 confessione
1298 3594 1479 3635 coram
1499 3580 1620 3635 aliis
1643 3582 1794 3635 illum
1821 3582 2119 3651 positurum

576 3686 599 3721 ε
625 3683 745 3739 qua:
766 3674 926 3727 tacita
955 3674 1095 3742 apud
1124 3690 1183 3730 se
1211 3675 1353 3729 celat
1378 3675 1707 3745 cogitatione
1740 3692 1751 3727 :
1790 3675 1844 3728 id
1874 3676 2017 3743 quod
2042 3678 2121 3728 vi-

576 3776 598 3810 ι
640 3761 768 3816 dere
795 3765 967 3818 cuivis
991 3766 1115 3820 licet
1148 3781 1216 3820 ex
1245 3767 1311 3820 iis
1336 3781 1454 3835 quae
1484 3767 1716 3836 scripsit.
1763 3765 1987 3834 Scripsit
2022 3780 2119 3818 au-

576 3869 597 3903 s
631 3859 735 3906 tem
767 3872 781 3908 :
836 3854 983 3911 Alius
1026 3865 1110 3911 est
1141 3856 1298 3912 Pater
1342 3858 1431 3926 qui
1468 3858 1632 3943 gignit
1683 3874 1748 3911 ex
1774 3874 1832 3911 se
1885 3856 2120 3912 Verbum

575 3959 596 3993 ι
630 3945 985 4014 unigenitum,
1018 3957 1071 4002 et
1123 3949 1299 4003 omnis
1354 3958 1617 4003 creatura:
1666 3948 2078 4018 primogenitum
2103 3987 2119 4013 ,

576 4052 597 4085 ι
639 4035 791 4089 solns
844 4038 1038 4104 solum,
1074 4039 1346 4107 perlectus
1385 4040 1714 4109 perlectum,
1764 4054 1858 4094 rex
1906 4053 2119 4107 regem,

575 4140 596 4174 ι
638 4124 899 4181 Dominus
952 4127 1260 4193 Dominum,
1309 4131 1448 4185 Dens
1504 4130 1667 4184 Deum
1707 4147 1722 4183 :
1783 4118 2134 4194 substantiae;

574 4230 595 4265 ι
636 4214 869 4281 consilii,
893 4218 1098 4285 gloriae,
1125 4221 1378 4288 potentia:
1408 4220 1693 4289 imaginem
1730 4218 2117 4273 invariabilem.

577 4321 597 4356 ι
624 4302 753 4372 Qna:
783 4305 995 4372 quidem
1042 4310 1113 4362 ita
1160 4311 1229 4363 ab
1263 4310 1354 4364 illo
1393 4309 1589 4379 posita,
1642 4307 1928 4362 manifeste
1963 4320 2122 4360 coar-

643 4512 703 4569 νῙι
736 4503 833 4560 Ed.
864 4504 1060 4570 Paris.,
1096 4520 1218 4577 pag.
1256 4508 1345 4564 24.
1633 4507 1679 4540 ⁸⁸
1711 4508 1869 4563 Rom.
1907 4524 1948 4572 I,
1976 4506 2070 4563 29.

2235 3244 2255 3279 ι
2291 3226 2476 3289 οὐσίας
2494 3243 2551 3278 τε
2563 3227 2652 3279 καὶ
2676 3225 2887 3295 βουλῆς,
2903 3225 2995 3279 καὶ
3016 3224 3193 3295 δόξης,
3209 3225 3302 3279 καὶ
3324 3222 3607 3295 δυνάμεως
3624 3225 3800 3294 ἀπαρ-

2235 3334 2253 3368 ι
2292 3317 2550 3370 ἀλλακτον
2576 3314 2778 3370 εἰκόνα.
2798 3316 2983 3371 Ταῦτα
2996 3316 3065 3369 τὰ
3090 3316 3229 3385 ρητά
3261 3317 3449 3385 σαφῶς
3467 3316 3567 3385 τὴν
3584 3314 3799 3385 φαύλην

2234 3425 2253 3458 ι
2288 3406 2452 3461 αὑτοῦ
2469 3407 2595 3477 περὶ
2620 3404 2869 3476 θεότητος
2898 3404 3111 3475 ἐλέγχει
3140 3404 3318 3470 δόξαν.
3344 3403 3469 3467 Πῶς
3504 3403 3614 3475 γὰρ
3636 3404 3665 3456 6
3683 3402 3802 3457 Κύ-

2233 3510 2252 3544 ι
2292 3511 2403 3564 ριος
2421 3492 2701 3564 γεννηθεὶς
2735 3494 2829 3546 καὶ
2865 3493 3017 3556 Θεὸς,
3048 3492 3124 3556 ὼς
3154 3493 3318 3555 αὐτὸς
3349 3490 3635 3562 προλαϐὼν
3664 3491 3796 3561 ἔφη,

2232 3602 2250 3633 ι
2288 3581 2508 3635 δύναται
2534 3581 2696 3635 εἰκὼν
2718 3581 2851 3635 Θεοῦ
2874 3580 3007 3635 εἷναι
3028 3598 3042 3647 ;
3077 3582 3301 3652 Ἕτερον
3322 3581 3429 3651 γὰρ
3449 3582 3613 3635 είκὼν
3636 3580 3798 3647 Θεοῦ,

2232 3688 2251 3722 t
2286 3672 2380 3724 καὶ
2408 3670 2593 3741 ἕτερον
2617 3674 2644 3723 6
2666 3672 2817 3734 Θεός.
2850 3673 3010 3724 Ὥστε
3036 3673 3084 3724 εί
3114 3673 3211 3741 μὲν
3248 3669 3434 3735 εἰκὼν,
3472 3672 3531 3723 οὐ
3565 3670 3798 3741 Κύριος,

2229 3781 2247 3812 ι
2282 3762 2401 3814 οὐδὲ
2428 3762 2579 3824 Θεὸς,
2601 3762 2713 3815 ἀλλ’
2740 3760 2904 3814 εἰκὼν
2933 3762 3137 3832 Κυρίου
3169 3762 3264 3815 καὶ
3287 3761 3444 3814 Θεοῦ·
3489 3764 3538 3814 εἰ
3583 3762 3639 3815 δὲ
3683 3762 3799 3817 Κύ-

2232 3870 2251 3902 r
2294 3870 2409 3925 ριος
2432 3853 2599 3915 ὅντως
2647 3854 2740 3905 καὶ
2782 3851 2941 3916 Θεὸς,
2968 3852 3149 3905 οὐκέτι
3173 3850 3222 3923 [ό
3238 3852 3447 3922 Κύριος
3471 3852 3566 3905 καὶ
3588 3854 3617 3905 ό
3637 3851 3798 3924 Θεὸς]

2232 3962 2251 3996 t
2282 3943 2441 3996 εἰκὼν
2460 3945 2661 4015 Κυρίου
2678 3946 2770 3997 καὶ
2780 3943 2911 3997 Θεοῦ
2925 3939 3310 3998 εἶναιδύναται.
3326 3963 3344 3995 ι
3357 3944 3463 3997 Ka‘t
3479 3943 3648 3997 ταῦτα
3666 3945 3801 4012 σφό·

2224 4035 2325 4105 δρα
2340 4034 2619 4088 ἀϐλεπτῶν
2636 4035 2744 4104 (I7)
2760 4034 3100 4105 είρηκεν,οὐκ
3116 4036 3391 4106 ἐννοήσας,
3410 4035 3484 4095 ὼς
3502 4036 3596 4086 καὶ
3620 4036 3648 4086 6
3665 4034 3796 4099 Υἱὸς

2224 4110 2443 4179 δύναται
2478 4126 2715 4196 ἔμψυχός
2754 4144 2883 4179 ποτε
2932 4126 3091 4179 εἰκὼν
3128 4125 3221 4178 τοῦ
3271 4126 3401 4178 ἰδίου
3442 4125 3654 4195 Πατρὸς
3703 4124 3798 4178 λε·-

2226 4217 2437 4287 χθῆναι,
2469 4218 2683 4270 ἐπειδὰν
2772 4218 2849 4287 τῷ
2888 4220 3061 4288 Πατρὶ
3094 4218 3425 4289 ὁμοιότατος.
3462 4216 3633 4270 Τοῦτο
3662 4216 3798 4285 γοῦν

2228 4307 2321 4360 καὶ⁵
2355 4310 2387 4377 ἡ
2418 4307 2604 4379 Γραφὴ
2640 4308 2880 4363 διδάσκει
2914 4310 2947 4379 ἡ
2976 4307 3206 4377 λέγουσα
3227 4325 3240 4339 ο
3278 4305 3486 4375 Ἕζησε
3512 4306 3581 4361 δὲ
3622 4306 3800 4377 Ἀδὰμ

638 4710 753 4776 (14)
805 4712 1231 4781 ᾉποστολικῶς
1271 4714 1476 4767 εἰπεῖν.
1526 4714 1599 4769 lla
1640 4715 1781 4768 enim
1836 4714 2126 4781 alloquitur

2231 4721 2396 4781 ptui-:2
2428 4725 2529 4763 non
2570 4709 2817 4776 anposuit
2852 4706 3236 4781 testimonium,
3270 4722 3367 4781 nec
3399 4706 3525 4781 _ejn_s_
3551 4704 3793 4781 applica-

570 4794 780 4845 magum
812 4780 1053 4849 Elymatn
1088 4784 1271 4837 beatus
1301 4784 1515 4850 Paulus,
1544 4786 1659 4839 Aet.
1692 4800 1807 4847 xm,
1839 4778 2030 4849 10,“.
2053 4778 2123 4835 Μ.

640 4912 750 4979 (l5)
791 4913 1031 4980 Πρώτην
1047 4915 1232 4968 αὑτοῦ
1260 4916 1475 4967 κτίσιν.
1513 4915 1955 4978 Deitatem;dicta
1985 4917 2091 4980 πρά

640 4934 750 4979 μοι
791 4934 1031 4980 ιιρωτην
1047 4934 1232 4968 αυτου
1260 4934 1475 4967 κτισιν.
1514 4934 1955 4978 υειωιεηιςυιιτια
1985 4934 2025 4967 π

568 4999 632 5051 τη
665 4984 839 5045 κτίσις
894 4996 1135 5050 respectu
1190 4986 1598 5037 incarnationis.
1636 4984 1765 5037 Nam
1804 4987 1989 5038 Ariani

569 5052 697 5103 lintn
748 5052 1105 5119 prwdicabant
1136 5064 1459 5117 creaturam,
1496 5056 1785 5107 secundum
1828 5055 2115 5120 deitatem;

569 5121 637 5243 at;
668 5123 910 5243 cumhi‘lem
940 5124 1153 5177 modum
1182 5124 1316 5177 dixit
1342 5122 1694 5192 ἀναγέννησιν
1715 5164 1729 5190 ,
1753 5137 1993 5194 respectu
2022 5126 2116 5194 τῆς

569 5208 600 5241 κ
638 5208 734 5242 τω.
829 5233 841 5243 .

569 5208 734 5243 κατω.
772 5208 841 5245 ΙΙ.

636 5328 747 5392 (l6)
789 5328 894 5380 Kal
939 5328 1115 5381 τοῦτο
1157 5330 1261 5383 τοῦ
1318 5329 1517 5383 Δαυΐδ.
1556 5330 1741 5397 Τοῦτο,
1796 5332 2122 5397 Quodnam?

570 5397 847 5451 Ubinam?
899 5397 1038 5450 Nihil
1075 5401 1215 5469 enim
1265 5401 1347 5452 hic
1378 5403 1599 5454 citatum
1643 5401 1863 5469 legimus
1894 5419 1922 5453 e
1963 5402 2112 5454 Psal-

570 5470 687 5520 mis.
722 5470 849 5519 Illntl
882 5470 1047 5525 enim.
1087 5468 1268 5535 Imago
1315 5469 1609 5533 invisibilis.
1638 5468 1709 5521 ²Ιι⁷
1733 5473 1983 5537 Apostolo
2009 5485 2112 5533 cst,

568 5539 702 5601 apud
734 5538 1449 5658 etllttlcglllll'Ct)IOSS.l,15.
1474 5540 1644 5591 Credo
1675 5541 1799 5592 illud
1830 5543 2110 5601 insinuari,

568 5624 596 5656 ιι
627 5606 757 5658 nsal.
788 5623 896 5658 CIX.
967 5624 991 5658 e
1014 5619 1158 5658 utero
1182 5618 1298 5658 ante
1316 5608 1611 5658 Luciferum
1635 5613 1781 5658 aenui
1811 5622 1875 5658 te.
1895 5612 1996 5658 Sed
2031 5612 2110 5658 vel

567 5624 596 5676 ιτ
627 5606 757 5672 psal.
788 5623 896 5669 CIX,
920 5606 991 5659 De
1014 5619 1158 5659 utero
1182 5618 1298 5660 ante
1316 5608 1611 5676 Luciferum
1635 5613 1781 5675 genui
1811 5622 1875 5663 te.
1895 5612 1997 5664 Sed
2031 5612 2110 5663 vel

568 5675 686 5726 lllll'l
712 5679 943 5744 corrupti
976 5687 1119 5735 sunt,
1148 5677 1222 5729 vel
1247 5680 1528 5731 admodum
1550 5681 1892 5745 negligenter.
1926 5696 2111 5731 sortire

566 5756 619 5797 et
668 5747 937 5810 dissolute,
976 5760 1215 5800 versatus
1260 5750 1345 5802 hic
1381 5762 1459 5802 est
1495 5751 1749 5803 buselnns
1780 5766 1791 5800 :
1826 5754 1915 5818 qni
1966 5752 2107 5805 Scri-

2235 4774 2452 4839 iionem,
2507 4782 2571 4833 ad
2620 4774 2759 4847 quod
2805 4776 2999 4847 referri
3045 4776 3233 4829 debeat
3282 4774 3455 4847 illud}
3485 4775 3593 4828 Kal.
3632 4774 3791 4828 τοῦτο

2230 4850 2319 4901 τοῦ
2350 4848 2525 4912 Δαυτδ,
2558 4845 2684 4918 περὶ
2723 4847 2821 4918 τῆς
2877 4845 3016 4918 κατά
3058 4847 3232 4918 σάρκα
3262 4845 3423 4898 αὐτοῦ
3460 4846 3787 4918 γεννήσεως,

2232 4920 2413 4987 σαφῶς
2440 4916 2735 4989 εἰρηκότος.
2757 4916 3101 4989 M.—Sc_ripsi
3119 4916 3315 4989 causa;
3334 4918 3453 4967 dein
3476 4916 3788 4989 vulgatius-

2229 4985 2569 5057 ρικάλύπτως
2606 5000 2659 5041 et
2701 4985 3087 5058 npwt._1tdcq;
3116 4986 3407 5058 _X‘t:.nl’_orru
3444 4986 3599 5058 vulgo
3633 4985 3661 5035 6
3693 5002 3796 5037 xu-

2230 5055 2355 5127 ρίως
2388 5076 2525 5126 γεν.,
2557 5058 2695 5119 quod
2728 5055 2831 5127 iam
2876 5056 2938 5108 II.
2974 5071 3087 5127 cor.
3116 5056 3165 5107 in
3194 5055 3414 5127 ΔΚόριος
3446 5056 3567 5127 cod.
3598 5067 3788 5127 aucto-

2228 5124 2378 5181 ritate
2402 5124 2675 5192 rvscripsi.
2713 5126 2903 5179 Statim
2937 5125 3092 5194 vulgo
3117 5128 3144 5177 6
3180 5125 3310 5187 Θεός
3338 5135 3392 5178 et
3422 5124 3515 5175 καὶ
3536 5124 3664 5187 Θεὸς
3687 5124 3789 5177 οὐκ

2225 5198 2385 5250 εἰκὼν
2414 5216 2465 5249 κ.

2293 5269 2404 5338 (17)
2446 5268 2551 5320 Καὶ
2577 5264 2759 5317 ταῦτα
2778 5264 3009 5333 σφόδρα
3042 5261 3530 5338 ἀϐλεξτῶνη-ἰιξεο
3571 5262 3793 5338 Eusebii

2223 5334 2448 5398 sitnt,'et
2492 5338 2770 5389 continent
2822 5352 3071 5402 superius
3113 5353 3139 5386 a
3194 5334 3441 5386 Marcello
3490 5334 3785 5401 positorum

2221 5422 2526 5466 censuram,
2572 5404 2920 5457 orthodoxam
2954 5416 3006 5457 et
3036 5420 3216 5457 veram
3248 5413 3513 5466 quatenus
3558 5404 3623 5453 ad
3657 5404 3788 5454 ima-

2224 5481 2419 5538 ginem,
2446 5481 2605 5526 etiam
2642 5479 2933 5526 secundum
2969 5478 3247 5534 tle-italum,
3270 5473 3433 5525 Filius
3463 5474 3542 5524 sui
3581 5471 3783 5525 Patris.

2224 5544 2402 5612 Imago
2428 5548 2568 5596 enim
2603 5547 2813 5611 proprie
2860 5555 2959 5602 est,
2999 5555 3053 5595 nt
3101 5544 3409 5612 loquuntur,
3448 5558 3566 5610 quit-
3596 5556 3788 5612 proco:

2220 5617 2296 5667 dit
2327 5609 2389 5665 all
2426 5609 2830 5665 sintilitmlim-m
2862 5617 2906 5663 al
2936 5630 3098 5665 t‘I‘lllS.
3139 5613 3201 5663 M.
3240 5641 3305 5649 —
3335 5609 3474 5662 Dein
3500 5612 3657 5677 vulgo
3688 5609 3783 5663 τοῦ

2222 5694 2342 5735 ante
2374 5683 2499 5735 ἰδίου
2529 5686 2690 5753 del-st.
2728 5684 2864 5753 lnlra
2904 5687 3056 5753 vulgo
3083 5684 3176 5751 τὴν
3212 5682 3389 5732 εἰκόνα
3417 5682 3540 5733 Υἱὸν
3570 5682 3662 5734 καὶ
3688 5679 3780 5734 ἐπ.

2219 5766 2265 5807 cl
2297 5754 2627 5821 ἀπαύγασμα
2660 5752 2831 5821 δόξης.
