4048 6424
306 453 417 514 766

1448 457 1728 514 CONTRA
1767 455 2197 514 MARCELLI]!
2235 456 2363 515 LIB.
2404 457 2446 511 Ι.

3463 457 3573 514 ’168

302 569 620 639 τριάκοντα
657 572 756 626 καὶ
793 571 1071 628 διακόσια
1105 573 1232 640 ἐτη,
1265 572 1366 625 καί
1405 571 1699 641 ἐγέννησε
1739 572 1869 624 κατι

1999 587 2020 622 ι
2052 581 2226 641 guunt
2256 584 2422 640 quam
2454 567 2676 639 impiam
2707 575 2926 624 tueatur
2954 567 3002 624 Is
3040 567 3336 625 de-deltste
3355 568 3573 639 opinio-

301 659 420 730 τὴν
449 662 616 717 ίδέαν
653 664 841 718 αὐτοῦ
873 665 972 718 καί
1007 664 1157 718 κατὰ
1189 663 1304 730 τὴν
1321 663 1529 718 εἰκόνα
1554 662 1762 726 αὐτοῦ,
1786 662 1886 718 καί

298 750 653 822 ἐπωνόμασε
678 753 746 807 τό
761 753 948 824 ὄνομα
961 753 1146 808 αὐτοῦ
1161 755 1305 821 Σήθ.
1324 754 1433 806 Καὶ
1446 753 1575 824 περὶ
1592 753 1686 823 τῆς
1702 751 1889 820 θεότη-

1997 683 2016 715 ι
2055 679 2200 718 ηοω.
2225 663 2361 718 Nam
2393 662 2485 732 qui
2513 669 2694 733 potest
2730 659 2866 716 illud
2899 658 3042 726 ﬁeri,
3070 667 3131 714 ut
3161 659 3254 729 qui
3305 659 3571 717 Dominus

1994 773 2014 808 ι
2045 767 2102 811 ει
2130 755 2271 813 Deus
2295 765 2458 810 natus
2484 749 2597 818 est,
2628 753 2770 824 quod
2796 761 2913 807 erat
2940 752 3009 807 ab
3040 751 3134 807 illo
3164 751 3219 806 in
3251 751 3568 830 praceden-

299 856 395 905 τος
420 841 479 895 δι
507 841 600 895 τοῦ
635 840 766 895 Υιοῦ
807 845 836 896 ό
881 842 1198 906 ’Δτώστολος
1231 841 1491 903 διδάσκει,
1528 840 1734 909 λέγων·
1781 841 1869 904 ’ος

1994 867 2013 899 ι
2060 847 2202 902 tibus
2261 847 2521 916 positum.
2575 845 2670 900 Dei
2733 845 2916 914 imago
2958 843 3269 898 diceretur?
3294 841 3454 895 Aliud
3485 849 3572 895 est

297 931 370 984 ἐν
395 931 602 1000 μορφῇ
636 931 786 987 Θεοῦ
809 928 1096 1002 ὑπάρχων
1125 933 1239 1000 οὐχ
1273 929 1588 1001 ἁρπαγμόν
1613 927 1886 1000 ἡγήσατο

296 1019 366 1074 τὸ
394 1016 549 1074 εἶναι
575 1021 682 1075 ισα
713 1020 856 1088 Θεῷ,
891 1023 1031 1078 ἀλλ’
1069 1020 1287 1076 ἑαυτὸν
1309 1019 1570 1075 ἐκένωσε
1589 1037 1602 1050 ·
1651 1019 1747 1072 καὶ
1779 1019 1884 1072 πά-

295 1112 379 1166 λιν
402 1129 414 1144 ·
456 1114 563 1179 ’ος
589 1109 676 1167 ὢν
704 1115 1070 1184 ἀπαύγασμα
1101 1111 1209 1181 τῆς
1240 1112 1425 1181 δόξης
1441 1112 1549 1184 ,καί
1578 1111 1883 1182 χαρακτὴρ

295 1202 406 1273 τῆς
427 1205 846 1273 ὑποστάσεως.
877 1207 989 1260 Καὶ
1009 1207 1068 1260 ὲν
1090 1207 1298 1278 ἑτέροις
1323 1206 1380 1259 δὲ
1403 1204 1640 1276 εἴρηται·
1678 1205 1884 1262 Ἀπαύ-

291 1311 498 1366 τασμα
524 1297 636 1367 γάρ
658 1299 789 1352 ἐστι
809 1298 1007 1368 φωτός
1023 1297 1239 1360 ἀϊδίου,
1268 1298 1370 1352 καί
1388 1298 1713 1364 εἵσοπτρον
1735 1296 1880 1363 ἀκη-

289 1385 550 1442 λίδωτον
586 1387 694 1457 τῆς
731 1388 838 1443 τοῦ
890 1388 1037 1443 Θεοῦ
1071 1389 1393 1458 ἐνεργείας,
1423 1388 1521 1442 καί
1548 1386 1725 1442 είκὼν
1770 1385 1880 1454 τῆς

289 1479 661 1548 ἀγαθότητος
693 1479 898 1534 αὐτοῦ’
942 1474 1098 1542 αὖθις
1127 1478 1184 1531 δὲ
1223 1480 1253 1531 ό
1293 1477 1642 1542 ’Δπόστολοςο
1689 1478 1881 1532 Ἀπεκ-

289 1568 621 1639 δυσάμενοι
649 1569 755 1624 τόν
779 1569 1042 1626 παλαιὸν
1066 1569 1400 1639 ἄνθρωπον,
1429 1568 1528 1623 καί
1553 1567 1877 1638 ἐνδυσάμε-

289 1677 386 1713 νοι
406 1663 515 1715 τόν
549 1660 710 1726 νέον,
741 1661 850 1715 τόν
874 1662 1389 1730 ἀνακαινούμενον
1415 1663 1501 1726 είς
1525 1660 1874 1728 ἐπίγνωσιν,

288 1753 420 1806 κατ’
447 1753 652 1807 είκόνα
680 1752 786 1806 τοῦ
817 1753 1158 1819 κτίσαντος,
1193 1753 1388 1820 λέγων,
1421 1750 1580 1820 δῆλός
1614 1752 1780 1814 ἐστιν,
1813 1750 1874 1802 οὐ

1992 951 2012 985 ι
2054 933 2255 1002 quippe
2286 935 2426 987 Deus
2458 951 2472 988 :
2503 941 2558 987 et
2586 932 2763 1001 imago
2791 931 2888 986 Dei
2920 930 3087 986 aliud.
3107 930 3248 1000 Ergo
3269 930 3361 999 qui
3391 930 3571 999 imago

1990 1042 2011 1076 ι
2039 1033 2125 1080 est
2154 1063 2169 1088 ,
2207 1038 2314 1078 non
2358 1032 2441 1078 est
2471 1024 2517 1077 is
2546 1023 2732 1092 utique
2784 1021 3045 1078 Dominus
3097 1030 3194 1075 aut
3239 1021 3416 1076 Deus:
3473 1023 3569 1076 sed

1990 1134 2011 1169 ι
2057 1115 2270 1170 Domini
2299 1115 2498 1182 imago,
2534 1123 2698 1183 atque
2732 1113 2850 1170 Dei.
2896 1111 3052 1178 Quod
3107 1111 3155 1166 si
3185 1109 3450 1166 Dominus
3480 1124 3572 1164 νεα

1989 1226 2009 1258 ι
2049 1221 2176 1261 vera
2211 1207 2280 1261 sit
2307 1217 2363 1261 et
2390 1204 2555 1270 Deus,
2582 1221 2688 1262 non
2714 1213 2894 1275 potest
2913 1217 3040 1260 esse
3068 1204 3249 1274 imago
3275 1201 3367 1258 Dei
3400 1209 3568 1272 atque

1989 1316 2008 1349 ι
2037 1297 2270 1353 Domini.
2311 1315 2330 1349 s
2365 1295 2490 1352 Haec
2522 1295 3076 1352 inconsideratissime
3105 1293 3186 1350 sic
3228 1293 3296 1349 ab
3324 1293 3416 1348 illo
3445 1301 3564 1348 sta-

1983 1400 2238 1444 tuuutur:
2291 1389 2515 1444 minime
2561 1397 2745 1442 autem
2803 1385 3093 1452 intellexit,
3158 1397 3317 1454 posse
3365 1382 3564 1439 Filium

1984 1484 2044 1541 >Ῑι
2076 1478 2202 1544 dici,
2231 1478 2408 1532 vivam
2457 1477 2751 1546 imaginem
2793 1475 2977 1531 Patris
3023 1475 3106 1529 sui
3135 1514 3152 1539 ,
3202 1489 3326 1530 cum
3356 1475 3432 1528 sit
3466 1489 3567 1529 suo

1983 1565 2130 1621 Patri
2163 1582 2326 1636 quam
2361 1566 2696 1622 simillimus.
2747 1565 2860 1621 Hoc
2897 1577 2953 1622 et
2997 1564 3282 1634 Scriptura
3335 1573 3568 1620 testatur

1982 1660 2231 1728 inquiens
2263 1677 2278 1713 ε
2324 1655 2461 1712 Vixit
2508 1669 2684 1712 autem
2718 1658 2887 1712 Adam
2909 1659 3163 1711 ducentos
3191 1673 3360 1709 annos
3394 1666 3444 1710 et
3478 1657 3569 1708 tri-

1976 1751 2144 1820 ginta,
2173 1761 2220 1805 et
2259 1754 2435 1822 genuit
2459 1751 2748 1805 secundum
2781 1751 3064 1819 imaginem
3086 1760 3134 1803 et
3159 1749 3566 1802 similitudinem

289 1841 389 1912 τὴν
434 1841 612 1912 σάρκα
648 1839 898 1912 εἰρῆσθαι
937 1841 1202 1895 διδάσκων
1244 1842 1344 1911 τὴν
1379 1839 1563 1893 είκόνα
1611 1834 1750 1892 εἶναι
1781 1835 1869 1890 τοῦ

1978 1860 2130 1896 suam
2181 1843 2375 1912 ﬁlium,
2428 1859 2649 1914 eumque
2707 1843 2997 1896 nominavit
3049 1841 3173 1896 Setlt
3214 1842 3281 1895 ⁸⁷.
3315 1843 3389 1895 De
3439 1840 3563 1894 Filii

287 1909 448 1986 Θεοῦ.
477 1909 735 1996 Μετασὰς
758 1909 822 1984 *δὲ
850 1928 1006 1995 αὖθις
1030 1909 1347 2003 Μάρκελλος
1369 1931 1463 1984 επὶ
1493 1932 1620 1994 τοὺς
1648 1929 1869 1982 ἐπισκό-

1978 1943 2158 1988 autem
2182 1909 2474 1989 divinitate
2501 1909 2792 2004 Apostolus
2829 1933 3010 1998 docet,
3052 1933 3276 1987 dicens:
3311 1931 3414 1996 Qui
3447 1948 3566 1984 cum

287 2039 446 2088 παυς,
481 2015 585 2077 ὦδε
623 2022 855 2094 γράφει·
897 2043 915 2075 ι
986 2023 1116 2078 Ἰδοὺ
1164 2023 1274 2096 γὰρ
1304 2023 1366 2076 τὺ
1410 2022 1553 2076 κατὰ
1599 2022 1874 2092 ’Δστέριον

291 2132 313 2166 ι
355 2115 504 2186 ἡμᾶς
538 2113 648 2186 (18)
688 2116 748 2168 οὐ
779 2114 1032 2168 τοσοῦτον
1071 2115 1250 2176 λυπεῖ,
1285 2115 1335 2167 εί
1363 2111 1588 2166 τοιαῦτα
1622 2110 1870 2184 προήχθη

291 2224 311 2257 ι
351 2204 610 2276 γράφειν,
634 2204 750 2258 ἀλλ’
775 2205 855 2259 ὅτι
883 2205 975 2258 καί
1004 2221 1148 2268 τινες
1173 2204 1282 2258 τῶν
1309 2203 1638 2275 προεστάναι
1655 2203 1873 2256 δοκούν-

288 2315 309 2348 ι
349 2313 460 2350 των
479 2297 577 2366 τῆς
613 2295 962 2365 Ἐκκλησίας,
980 2296 1078 2366 τῆς
1106 2295 1204 2366 μὲν
1222 2293 1589 2362 ἁποστολικῆς
1616 2292 1870 2346 ἐπιλαθό-

288 2400 312 2435 e
354 2398 507 2452 μενοι
526 2382 897 2454 παραδόσεως,
928 2383 996 2436 τὰ
1019 2382 1076 2436 δὲ
1108 2382 1307 2449 ἔξωθεν
1337 2381 1446 2438 τῶν
1485 2382 1646 2436 Θείων
1678 2399 1868 2455 προτι-

290 2491 312 2525 s
357 2473 648 2545 μήσαντες,
675 2473 898 2528 τοιαῦτά
920 2491 1039 2528 τινα
1068 2474 1276 2546 γράψαι
1297 2491 1356 2528 τε
1379 2474 1473 2528 καὶ
1493 2474 1700 2542 διδάξαι
1723 2475 1870 2529 ἐτόλ-

289 2581 312 2616 e
355 2579 559 2636 μησαν,
610 2563 646 2618 ἃ
696 2550 847 2618 οὐδὲν
889 2564 1107 2620 ἔλαττον
1152 2564 1254 2636 τῆς
1295 2565 1406 2619 τῶν
1453 2567 1870 2638 προειρημένων

289 2674 313 2710 s
350 2657 534 2729 ἔχεται
560 2657 788 2730 πλάνης.
831 2679 849 2711 ι
881 2659 993 2712 Καὶ
1032 2659 1150 2731 μεθ’
1178 2661 1342 2732 ἔτερα
1369 2660 1634 2729 ὲπιλέγεν
1673 2679 1692 2713 ι
1753 2661 1870 2714 Ἐν-

289 2766 312 2801 s
349 2748 528 2820 τυχὼν
550 2749 661 2821 γάρ
688 2750 1003 2822 Ναρκίσσου
1035 2749 1130 2804 τοῦ
1160 2751 1497 2820 Νερωνιάδος
1526 2753 1868 2826 προεστῶτος

288 2859 311 2894 s
349 2841 629 2913 ιπιστολῇ,
653 2843 719 2913 ἢν
741 2843 985 2914 γέγραφε
1009 2845 1145 2915 πρὸς
1174 2844 1421 2916 Χρηστόν
1453 2845 1564 2917 (19)
1591 2863 1733 2912 τινα,
1775 2846 1868 2900 καὶ

288 2951 312 2986 ι
351 2933 667 3004 Εὐφρόνιον,
692 2935 785 2988 καὶ
812 2935 1091 2999 Εὐσέσιον,
1117 2936 1193 3000 ὼς
1231 2937 1409 2990 Ὀσίου
1434 2936 1532 2990 τοῦ
1564 2937 1865 2991 ἐπισκόπου

290 3039 313 3076 e
351 3023 722 3096 ιρωτήσαντος
754 3025 939 3089 αὐτὸν,
966 3027 1038 3090 εἰ,
1066 3025 1255 3098 ὥσπερ
1283 3025 1541 3091 Εὐσέδιος
1564 3029 1593 3080 ό
1621 3027 1720 3098 τῆς
1752 3028 1867 3084 Ila-

292 3133 311 3167 s
353 3115 630 3186 λαιστίνης
655 3115 748 3170 δύο
775 3117 965 3180 οὐσίας
999 3113 1138 3170 εἶναι
1185 3135 1369 3188 φησιν,
1401 3116 1544 3172 οὐτω
1585 3120 1678 3173 καὶ
1702 3119 1866 3184 αὐτὸς

1976 2029 2030 2079 iu
2067 2025 2240 2093 [arma
2277 2024 2372 2079 Dei
2408 2026 2823 2090 exsisteret,non
2858 2025 3036 2094 utique
3065 2026 3305 2092 rapinam
3337 2023 3569 2076 arbitra-

1977 2123 2060 2167 tus
2093 2124 2166 2167 est
2186 2156 2201 2180 ,
2224 2131 2401 2169 essese
2428 2115 2680 2183 aequalem
2713 2113 2862 2167 Deo:
2891 2113 2980 2166 sed
3015 2113 3349 2178 semetipsum
3384 2111 3570 2165 exina-

1976 2206 2103 2258 nivit
2139 2206 2219 2268 “';
2253 2215 2308 2259 et
2344 2205 2538 2258 iterum
2573 2220 2587 2256 :
2615 2203 2748 2258 Cum
2770 2213 2898 2258 esset
2927 2205 3111 2272 gloria
3136 2203 3562 2271 resplendescen-

1975 2296 2051 2349 tia
2102 2307 2150 2348 et
2177 2297 2468 2361 emanatio,
2497 2307 2547 2350 et
2573 2298 2851 2350 character
2890 2296 3190 2366 hypostasis
3218 2296 3287 2347 ”.
3336 2294 3403 2348 Et
3434 2294 3566 2348 alibi

1973 2387 2172 2441 dicitur
2206 2404 2221 2440 :
2255 2385 2411 2441 Lucis
2447 2389 2638 2442 etenim
2656 2399 2868 2445 (eterna:
2901 2398 2973 2441 est
2999 2387 3354 2452 emanatio,et
3381 2401 3567 2454 specu-

1971 2477 2082 2530 lum
2129 2476 2528 2531 immaculatum
2564 2478 2662 2532 Dei
2693 2479 3033 2546 operationis,
3077 2486 3127 2530 et
3171 2477 3348 2544 imago
3395 2475 3567 2544 ipsius

1970 2569 2220 2624 bonitatis
2246 2571 2335 2636 ⁸⁰;
2377 2579 2431 2625 ει
2467 2571 2760 2639 Apostolus
2792 2569 2969 2624 adhuc
3004 2587 3016 2623 :
3058 2567 3307 2622 Devestiti
3347 2576 3569 2622 ueterem

1969 2661 2252 2726 hominem,
2284 2671 2332 2716 et
2364 2678 2555 2715 nouum
2581 2661 2756 2715 induti
2783 2663 2876 2728 qui
2908 2670 3197 2714 renovatur
3227 2659 3281 2713 in
3305 2656 3569 2728 cognitio-'-

1969 2767 2106 2816 nem,
2154 2750 2442 2806 secundum
2476 2752 2757 2821 imaginem
2785 2750 3096 2806 Conditoris
3124 2754 3193 2803 ιί.
3257 2750 3390 2817 Qua:
3439 2765 3569 2805 cum

1968 2841 2136 2908 dicat,
2205 2843 2338 2898 satis
2392 2851 2543 2912 patet
2603 2858 2708 2898 non
2775 2843 3010 2898 voluisse
3063 2844 3216 2898 illum
3264 2842 3570 2913 intelligere

1967 2949 2190 2988 carnem
2223 2947 2344 2988 esse
2379 2932 2675 2998 imaginem
2706 2933 2822 2990 Dei.
2857 2933 3154 2988 Trausiens
3188 2934 3318 2988 hinc
3345 2932 3570 2988 Marcel-

1967 3021 2052 3077 lus
2075 3023 2141 3076 ad
2164 3022 2450 3090 episcopos
2482 3021 2555 3078 ita
2583 3022 2772 3076 scribit
2813 3021 2909 3093 [ιι.
2942 3021 3262 3094 LXXXVII]
3298 3043 3313 3078 :
3357 3041 3376 3074 ι
3423 3021 3568 3078 Ecce

1972 3132 1994 3167 ι
2033 3129 2183 3179 vero,
2217 3130 2322 3169 non
2356 3127 2466 3169 tam
2513 3115 2713 3169 Asterii
2746 3130 2910 3169 causa
2956 3129 3058 3170 nos
3090 3129 3328 3170 maerore
3375 3113 3562 3176 afﬁcit,

289 3226 312 3261 ι
349 3207 523 3278 λόγοι.
549 3209 758 3278 Ἐγνων
785 3209 947 3264 αὐτὸν
968 3208 1077 3280 (εο)
1095 3209 1204 3263 ἀπὺ
1235 3209 1342 3264 τῶν
1357 3211 1697 3281 γραφέντων,
1718 3213 1866 3284 τρεῖς

1977 3225 1993 3260 ι
2034 3207 2080 3263 si
2135 3207 2263 3262 talia
2303 3205 2503 3262 litteris
2536 3206 2848 3271 mandavit,
2899 3221 3062 3277 quam
3119 3206 3263 3276 quod
3317 3205 3562 3259 nonnulli

289 3319 312 3353 ι
349 3295 490 3356 εἶναι
518 3301 792 3355 πιστεύειν
821 3301 1008 3366 οὐσίας
1051 3302 1496 3374 ἀποκρινόμενον.
1535 3322 1554 3354 ›
1588 3302 1754 3356 Ταῦτ’
1785 3307 1864 3358 εί-

1978 3323 1997 3355 (
2043 3303 2132 3373 qui
2154 3317 2387 3373 praeesse
2405 3301 2658 3356 videntur
2676 3300 2958 3366 Ecclesiae,
2982 3299 3294 3369 apostolicae
3320 3299 3568 3353 traditio-

287 3391 426 3457 πὼν,
453 3391 565 3447 ἀπὺ
598 3391 690 3445 τοῦ
726 3392 1036 3466 Ναρκίσσου
1064 3395 1157 3448 ἐπὶ
1192 3393 1284 3447 τὸν
1319 3392 1580 3446 Εὐσέϐιον
1613 3394 1867 3465 μεταδαί-

284 3500 385 3549 νει,
425 3482 767 3555 κατηγορῶν,
803 3483 886 3536 ὅτι
912 3481 1003 3536 τὸν
1032 3483 1203 3552 Λόγον
1234 3483 1330 3538 τοῦ
1364 3482 1499 3537 Θεοῦ
1517 3523 1532 3548 ,
1565 3484 1697 3539 Θεὸν
1727 3481 1865 3538 εἶναι

283 3574 554 3646 ὁμολογεῖ.
605 3575 810 3646 Γράφει
841 3574 899 3627 δὲ
932 3575 1024 3627 καὶ
1052 3573 1181 3645 περὶ
1214 3574 1379 3627 αὐτοῦ
1429 3573 1604 3628 ταῦτα
1629 3593 1642 3606 ·
1695 3594 1713 3626 ι
1750 3578 1864 3628 Διε-

292 3687 311 3717 s
349 3664 462 3718 λείν
489 3666 602 3736 γάρ
622 3665 714 3718 τὸν
739 3665 910 3732 Λόγον
945 3663 1040 3717 τοῦ
1065 3663 1201 3717 Θεοῦ
1230 3664 1525 3736 τολμήσας,
1554 3665 1648 3719 καὶ
1678 3665 1866 3736 ἕτερον

292 3777 312 3811 ι
351 3759 484 3812 Θεὸν
516 3758 609 3812 τὸν
653 3757 825 3826 Λόγον
864 3756 1149 3826 ὀνομάσαι,
1198 3756 1356 3827 οὐσίᾳ
1399 3773 1458 3808 τε
1501 3757 1596 3810 καὶ
1639 3757 1865 3827 δυνάμει

292 3871 312 3904 ι
349 3850 615 3905 διεστῶτα
661 3849 756 3904 τοῦ
788 3849 1032 3920 Πατρὸς,
1067 3851 1145 3912 είς
1193 3849 1323 3919 ὅσην
1372 3847 1722 3921 βλασφημίαν
1771 3851 1865 3902 ὲκ-

293 3964 313 3997 ι
351 3944 658 4007 πέπτωκεν,
692 3943 866 3996 ἔνεστι
895 3941 1081 4010 σαφῶς
1109 3941 1203 3996 ἀπ’
1229 3942 1408 3994 αὐτῶν
1437 3941 1544 3996 τῶν
1572 3943 1662 3996 ὑπ’
1703 3942 1865 3996 αὐτοῦ

293 4052 313 4086 ι
351 4035 672 4105 γραφέντων
715 4033 894 4104 ῥητῶν
943 4033 1140 4103 ῥᾳδίως
1185 4031 1495 4103 μανθάνειν.
1553 4052 1570 4084 i
1616 4034 1864 4105 Γέγραφε

285 4125 343 4179 δὲ
375 4127 563 4191 αὐταῖς
583 4125 790 4189 λέξεσιν
817 4123 992 4187 οὕτως
1011 4142 1023 4154 ·
1057 4143 1076 4174 ι
1115 4124 1190 4176 Οὐ
1225 4125 1287 4194 δή
1315 4141 1417 4176 που
1441 4123 1498 4176 δὲ
1524 4125 1558 4196 ἡ
1586 4124 1750 4178 εἰκὼν
1772 4126 1867 4179 καὶ

290 4241 308 4270 ι
346 4219 408 4274 τὸ
442 4213 504 4274 οὗ
555 4221 702 4272 ἔστιν
752 4221 786 4288 ἡ
826 4217 1008 4280 εἰκὼν,
1044 4217 1101 4270 ἓν
1152 4219 1243 4270 καὶ
1287 4216 1484 4271 ταύτὸν
1529 4219 1859 4271 ἐπινοεῖται·

292 4331 311 4363 ι
349 4310 483 4364 ἀλλὰ
510 4311 603 4365 δύο
634 4310 732 4380 μὲν
763 4309 963 4372 οὐσίαι,
1001 4309 1094 4362 καὶ⁸
1131 4308 1223 4362 δύο
1259 4308 1594 4379 πράγματα,
1636 4310 1730 4362 καὶ
1775 4310 1867 4362 δύο

290 4420 309 4452 ι
346 4399 638 4471 δυνάμεις,
679 4391 754 4452 ὧν
795 4399 888 4451 καὶ
951 4396 1204 4450 τοσαῦται
1253 4397 1634 4468 προσηγορίαι.
1686 4415 1704 4447 ι
1756 4396 1866 4450 Καὶ

285 4488 457 4543 ταῦτα
515 4489 592 4554 ὡς
653 4488 833 4552 καλῶς
896 4487 1198 4542 διαϐάλλων
1268 4487 1593 4559 προστίθησι
1652 4488 1860 4555 λέγων’

1975 3411 1994 3444 ι
2040 3393 2130 3445 nis
2161 3390 2340 3455 obliti,
2372 3397 2430 3444 et
2459 3390 2742 3445 saecularia
2772 3390 2970 3446 divinis
2998 3389 3376 3459 praeferentes,
3411 3388 3564 3458 ejus-

1974 3501 1993 3533 ι
2035 3483 2243 3537 cemodi
2272 3482 2518 3552 quaedam
2551 3481 2797 3536 scribere
2827 3489 2882 3536 et
2911 3481 3108 3535 docere
3149 3481 3330 3550 palam
3362 3479 3567 3534 fuerint

1976 3592 1994 3625 ι
2043 3574 2183 3638 ausi,
2223 3588 2344 3642 quae
2366 3588 2474 3627 non
2506 3573 2688 3627 minus
2723 3587 2885 3640 quam
2909 3571 3273 3640 praecedentia
3319 3585 3564 3626 errorem
3597 3583 3602 3586 '

1974 3685 1992 3715 ι
2042 3665 2339 3734 implicant.
2370 3684 2388 3716 ι
2412 3664 2615 3719 Deinde
2637 3665 2916 3734 subiungit
2952 3673 3074 3736 post
3099 3663 3355 3718 nonnulla
3383 3663 3565 3717 inter-

1936 3751 2145 3828 ‘jecta:
2187 3757 2395 3812 «Incidi
2435 3757 2729 3824 aliquando
2777 3757 2831 3811 in
2889 3755 3175 3826 epistolam
3223 3771 3253 3810 a
3308 3754 3565 3810 Narcisso

1973 3872 1992 3904 ι
2040 3850 2299 3920 scriptam
2332 3841 2655 3905 Neroniadis
2681 3850 2957 3920 episcopo,
2985 3865 3148 3920 quam
3170 3849 3236 3903 ad
3267 3848 3562 3903 Cbrestum

1974 3964 1992 3997 ι
2039 3944 2330 4014 quemdam
2368 3943 2567 3998 direxit
2594 3953 2650 3996 et
2682 3943 3051 4011 Euphronium
3078 3981 3094 4006 ,
3129 3951 3186 3996 et
3233 3940 3526 3995 Eusebium
3547 3979 3564 4004 ,

1975 4056 1993 4089 ι
2042 4036 2196 4107 quasi
2225 4037 2505 4105 proposita
2539 4035 2642 4104 ipsi
2669 4035 2738 4090 ab
2763 4033 2928 4090 Hosio
2957 4033 3212 4103 episcopo
3243 4030 3565 4099 quastione,

1974 4147 1992 4181 ι
2042 4137 2224 4182 utrum
2271 4129 2425 4198 ipse,
2479 4127 2642 4181 veluti
2699 4126 2967 4181 Eusebius
3029 4115 3379 4198 Palaestinos,
3432 4124 3568 4179 duas

1975 4237 1994 4271 ι
2040 4220 2375 4274 substantias
2405 4218 2691 4273 fateretur.
2713 4217 2864 4273 lianc
2890 4218 2980 4271 ubi
3011 4217 3272 4287 legeram,
3314 4217 3566 4270 animad-

1975 4329 1993 4362 ι
2045 4311 2185 4364 verti
2256 4322 2311 4367 et
2345 4312 2521 4381 ipsum
2563 4311 2769 4380 scripto
2810 4310 2901 4365 illo
2934 4324 3034 4365 suo
3085 4319 3197 4363 tres
3228 4310 3567 4364 Substantias

1974 4422 1992 4454 ι
2039 4402 2262 4457 omnino
2300 4401 2575 4457 confiteri.
2603 4421 2622 4454 ›
2665 4401 2790 4456 Haec
2820 4402 2910 4456 ubi
2948 4401 3104 4467 dixit,
3133 4415 3162 4453 a
3192 4399 3452 4455 Narcisso
3499 4401 3567 4453 ad

1971 4493 2262 4547 Eusebium
2318 4493 2671 4557 transcendit,
2717 4507 2949 4562 eumque
3002 4500 3227 4546 accusat
3276 4506 3342 4546 eo
3389 4492 3568 4545 nomi-

292 4598 313 4632 ι
351 4581 474 4644 Πῶς
509 4575 602 4634 οὖν
631 4582 691 4633 οὐ
723 4579 821 4651 τὴν
850 4579 1020 4650 αὐτὴν
1050 4573 1193 4632 οὗτοι
1234 4582 1347 4642 τοῖς
1374 4578 1571 4642 ἔξωθεν
1597 4581 1862 4650 κακίστην

1977 4601 2056 4651 ne,
2119 4585 2262 4654 quod
2303 4583 2537 4640 Verbum
2594 4585 2689 4639 Dei
2749 4585 3072 4654 profiteatur
3115 4581 3308 4636 Deum.
3367 4579 3570 4636 Scribit

293 4687 313 4722 ι
350 4669 466 4723 ὁδὸν
513 4669 842 4741 τραπέντας,
879 4669 950 4722 τὰ
990 4668 1129 4722 αὐτὰ
1168 4668 1375 4735 διδάξαι
1423 4688 1483 4723 τε
1519 4673 1612 4724 καὶ
1655 4672 1861 4743 γράψαι

354 4812 413 4869 >11
449 4807 550 4878 Ed.
581 4806 783 4874 Parim,
807 4822 928 4878 pag.
955 4809 1046 4862 25.

357 4878 400 4909 ⁴⁷
433 4876 571 4933 Gen.
622 4892 676 4942 v,
725 4876 816 4933 3.7
854 4876 900 4910 ⁸⁸
928 4878 1122 4949 Philip.
1165 4895 1230 4946 η,
1267 4879 1321 4946 6,
1356 4880 1408 4934 7.
1485 4881 1529 4914 “
1559 4881 1727 4940 Hebr.
1753 4901 1791 4953 ι,
1835 4887 1890 4940 3.

359 5011 471 5089 (18)
503 5015 596 5089 _0-i)
625 5015 918 5069 τοσοῦτον
969 5014 1373 5089 ἡμᾶςγλυπεῐ.
1429 5015 1690 5089 Scilicet,
1742 5020 1870 5089 quia

290 5084 406 5138 erat
443 5084 660 5155 laicus,
689 5099 828 5153 pene
864 5084 1107 5155 paganus
1142 5087 1228 5140 hic
1278 5089 1546 5141 Asterius.
1599 5088 1731 5142 Nam
1763 5084 1872 5144 'liic

289 5154 878 5227 manifestedocetur,
933 5154 1038 5209 non
1099 5156 1268 5212 fuisse
1319 5157 1469 5227 illum
1532 5160 1865 5227 episcopum.

289 5222 456 5278 Porro
486 5239 552 5278 ex
591 5224 674 5278 his
724 5241 842 5292 qua:
887 5238 1212 5294 sequuntur,
1249 5222 1652 5283 manifestarius
1704 5222 1870 5283 liuere-

291 5294 425 5349 Iicus
451 5294 872 5361 deprehenditur
898 5295 1206 5360 Marcellus,
1237 5299 1280 5351 si
1309 5312 1432 5350 vere
1460 5299 1702 5352 rc-lulcrit
1727 5301 1871 5354 illius

290 5364 427 5440 dicta
468 5365 775 5440 scriptaque
806 5366 1083 5440 Eusebius.
1106 5366 1176 5419 M.
1195 5399 1267 5440 -έ
1289 5367 1420 5440 Dein
1448 5368 1604 5437 vulgo
1636 5370 1869 5440 γράφειν

289 5444 342 5486 et
369 5435 468 5508 τῆς
499 5434 772 5508 altos-itm
799 5451 906 5492 om.
935 5437 1043 5506 γάρ
1081 5436 1486 5508 ροδι-ὲντυχὼν.

362 5467 474 5572 (ili)
499 5467 1173 5573 Ἤῖἑξ’ἱὶη“ἶὲἓάξς“ἔιίίἕῗ
1183 5467 1712 5573 ’ἐι-ἒξῖἲὲῖιῖιποηίυε
1752 5510 1864 5577 epi-

293 5588 487 5642 scopus
533 5576 921 5646 Autiorheuus,
973 5592 1256 5631 successor
1294 5578 1530 5631 Flaccilli
1564 5601 1576 5633 ;
1623 5579 1758 5646 ejus,
1787 5576 1857 5644 ad

293 5653 614 5715 quemﬂtres
666 5644 828 5698 hosce
879 5649 1206 5715 posteriores
1261 5664 1389 5701 suos
1442 5647 1605 5703 libros
1652 5644 1852 5702 contra

292 5712 636 5774 Marcellum,
693 5716 837 5768 misit
884 5712 1164 5769 Eusebius
1225 5719 1535 5782 dedicatos;
1591 5718 1852 5772 Chrestus

291 5796 420 5837 vero
447 5784 729 5853 episcopus
761 5786 1031 5854 Nysseuus
1065 5788 1114 5839 iu
1150 5789 1321 5840 locum
1355 5788 1684 5855 Theuguitlis
1714 5789 1849 5854 pulsi

295 5867 324 5908 a
354 5855 703 5911 Conslautino
724 5897 736 5921 ,
765 5867 814 5910 et
843 5856 968 5910 olim
1001 5859 1222 5926 depositi
1252 5876 1278 5911 ει
1314 5859 1542 5912 concilio
1573 5882 1580 5913 :
1614 5860 1704 5914 sed
1735 5875 1853 5912 Cum

1971 4684 2148 4730 autem
2184 4676 2250 4730 ad
2275 4677 2420 4731 hunc
2455 4675 2674 4731 modum
2711 4693 2725 4729 :
2773 4671 2868 4747 [IL
2893 4670 3109 4746 LXXII]
3148 4690 3168 4724 ι
3192 4671 3433 4727 Verbum
3468 4667 3565 4724 Dei

1966 4885 2011 4922 ³ο
2045 4883 2175 4953 Sap.
2207 4900 2277 4940 vu
2302 4925 2316 4950 ,
2348 4883 2439 4938 26.
2518 4885 2561 4915 ³¹
2593 4885 2708 4940 Col.
2747 4899 2831 4948 tu,
2858 4883 2910 4950 9,
2940 4883 3028 4938 I0.

1979 5019 2228 5074 videatur
2277 5021 2365 5074 hic
2396 5019 2654 5082 Arianus,
2700 5029 2753 5073 et
2785 5021 2851 5074 dc
2879 5033 2945 5073 co
2991 5027 3250 5086 tanquam
3297 5033 3392 5087 per
3438 5033 3565 5073 con-

1977 5099 2241 5211 temptum
2280 5091 2532 5160 loquatur
2569 5089 2877 5152 Marcellus,
2915 5090 3132 5156 Opinor,
3163 5088 3326 5141 alium
3363 5089 3430 5142 ab
3460 5090 3565 5144 isto

1977 5174 2041 5211 vu
2073 5171 2107 5211 t.
2146 5195 2156 5210 ι
2203 5200 2213 5211 .

1973 5171 2107 5212 Villi.
2146 5171 2213 5212 Μ.

2045 5231 2158 5301 (‘20)
2205 5231 2432 5298 Ἕγνων
2465 5229 2669 5281 αὐτόν.
2723 5230 2985 5300 Loquitur
3038 5228 3322 5301 Marcellus
3345 5229 3567 5301 _t_le7Eu-

1972 5299 2148 5364 sebio,
2171 5310 2222 5352 ct
2265 5315 2448 5352 verum
2478 5311 2580 5362 εει,
2611 5299 2952 5354 [διειυι-ιτεε
2982 5300 3190 5364 οὐσίας,
3222 5301 3316 5352 sed
3343 5299 3563 5360 Filium,

1975 5379 2031 5424 et
2079 5371 2338 5438 Spiritum
2389 5383 2639 5422 sanctum
2695 5383 2910 5425 creatas
2966 5371 3323 5424 substantias.
3370 5370 3565 5423 Filium

1975 5439 2136 5492 Patre
2177 5441 2466 5496 minorem.
2521 5439 2782 5506 Spiritum
2835 5451 3078 5493 sanctqu
3111 5438 3265 5500 Filio,
3319 5442 3462 5491 hunc
3512 5440 3561 5491 in

1975 5519 2236 5576 tempore,
2287 5509 2431 5578 illum
2469 5520 2593 5560 aute
2633 5522 2896 5578 tempora,
2931 5511 3020 5562 sed
3057 5521 3337 5573 creatum;
3373 5510 3560 5560 statim

1972 5587 2190 5648 accusat
2218 5595 2340 5631 eum
2372 5577 2654 5648 Marcellus
2677 5577 2868 5648 «lelioc
2897 5582 3013 5648 ipso
3040 5580 3376 5646 blaSpliemo,
3403 5578 3562 5648 οὐσίᾳ

1969 5650 2062 5701 καὶ
2082 5647 2307 5718 δυνάμει
2337 5647 2599 5701 διεστῶτα
2619 5647 2712 5700 τοῦ
2736 5647 2964 5720 Πατρός.
2988 5648 3093 5701 Nec
3120 5648 3372 5720 aiuolitur
3393 5647 3543 5720 _l‘Ius_e

1970 5720 2091 5771 bius
2124 5722 2260 5769 liam:
2290 5729 2713 5786 accusationem.
2749 5719 2817 5774 Μ,
2847 5717 2911 5758 4-
2948 5721 3071 5770 |)cili
3111 5717 3271 5786 vulgo
3311 5718 3418 5771 ἀπὸ
3452 5717 3552 5769 τῶκ

1969 5789 2057 5840 ὑπ’
2099 5788 2259 5839 αὺτοῦ
2289 5803 2339 5843 et
2361 5783 2431 5839 ὧν
2460 5790 2550 5839 καὶ
2579 5806 2690 5841 τος.
2715 5803 2767 5845 ct
2796 5790 3115 5859 τραπόντας.
