4048 6440
285 439 392 497 769

1403 434 1686 490 CONTRA
1724 430 2151 490 MARCELLI)“
2190 428 2323 485 LIB.
2364 452 2405 483 λ.

3438 430 3545 486 770

280 557 514 627 πικρῶς,
545 557 621 625 τῷ
649 553 814 624 μηδὲν
840 553 1083 623 είρηκότι
1112 550 1316 613 πλεῖον,
1344 550 1421 613 ὼς
1448 550 1609 612 αὐτὸς
1634 550 1859 619 γράφει,

1968 546 2243 611 transiret,
2273 547 2343 610 .in
2371 544 2599 599 ecclesia
2624 543 3048 599 conciouaretnr
3075 560 3090 598 :
3117 545 3263 613 quod
3298 558 3359 600 se
3384 544 3547 601 fando

278 648 313 719 ἢ
346 646 408 700 τὸ
438 645 792 698 ἀποστολικὸν
827 646 1012 714 ῥητόν.
1045 643 1156 695 Καὶ
1189 642 1285 696 νῦν
1329 641 1431 711 μὲν
1467 640 1560 693 δύο
1590 641 1745 704 θεοὺς
1775 640 1861 693 λέ-

279 755 399 807 γειν
425 737 517 791 τὸν
547 735 802 789 Εὐσέϐιον
836 734 1107 805 ὁμολογεῖ,
1139 734 1215 795 ὡς
1235 732 1301 787 ἂν
1322 733 1415 786 τὸν
1442 731 1569 785 Υἱὸν
1593 731 1687 785 τοῦ
1723 730 1859 783 Θεοῦ

280 825 634 895 θεολογοῦντα
666 826 762 877 σὺν
795 824 875 895 τῷ
909 825 1116 896 Πατρί⁶
1152 821 1356 893 προῖὼν
1387 823 1432 877 δ’
1470 824 1529 877 ἑν
1563 826 1676 886 τοῖς
1710 822 1858 892 ἑξῆς,

279 919 471 990 ὥσπερ
502 915 925 986 ἐπιλελησμένος
970 912 1046 971 ὧν
1090 916 1323 970 ἐνταῦθα
1354 916 1701 988 κατηγόρηκε
1720 954 1735 977 ,
1768 914 1859 969 τὸν

278 1008 442 1061 αὐτὸν
484 1008 739 1075 πειρᾶται
780 1006 1086 1060 διαϐάλλειν
1129 1006 1206 1069 ὡς
1242 1005 1397 1075 ψιλὸν
1438 1005 1724 1076 ἄνθρωπον
1771 1005 1861 1059 τὸν

278 1098 513 1170 Χριστὸν
528 1096 667 1151 εἶναι
692 1098 937 1165 λέγοντα.
957 1096 1114 1169 Ἑξῆς
1129 1097 1185 1150 δὲ
1201 1099 1313 1161 τοῖς
1332 1096 1716 1169 προκειμένοις
1737 1097 1859 1148 ἑπι-

281 1189 543 1242 συνάπτει
562 1188 759 1259 πολλήν
778 1205 899 1241 τινα
922 1190 1017 1241 καὶ
1036 1187 1253 1259 μακρὰν
1269 1187 1558 1259 φλυαρίαν,
1574 1187 1643 1241 τά
1656 1203 1715 1239 τε
1731 1185 1859 1239 ὄντα

280 1281 349 1334 τά
362 1296 421 1333 τε
438 1279 513 1351 μὴ
529 1278 657 1333 ὄντα
669 1278 847 1349 ἑαυτῷ
861 1266 1009 1332 συνεί
1016 1278 1263 1348 ριυν(25)ο
1286 1279 1569 1348 μονονουχὶ
1584 1276 1724 1331 κατά
1736 1278 1861 1341 τοὺς

280 1372 580 1442 φήσαντας.
614 1370 689 1423 Τὰ
708 1370 882 1439 χείλη
908 1368 1077 1438 ἡμῶν
1097 1368 1233 1436 παρ’
1256 1361 1400 1438 ἡμῖν
1413 1369 1566 1433 ἐστι,
1588 1366 1862 1437 τίςήμῶν

278 1459 487 1526 κύριός
533 1459 697 1521 eam;
750 1458 829 1509 Δι’
860 1451 934 1511 ὧν
974 1458 1280 1517 δείκνυται.
1328 1456 1510 1522 καθὼς
1562 1457 1862 1530 ἀρχόμενος

277 1548 417 1619 ἔφην
459 1548 552 1601 τοῦ
603 1548 1051 1619 συγγράμματος,
1099 1548 1158 1613 ἐξ
1184 1548 1629 1620 ὑπερϐαλλούσης
1661 1549 1862 1620 ἔχθρας

277 1659 339 1694 τε
373 1642 467 1694 καὶ
501 1642 853 1712 μισαδελφίας
884 1642 1227 1712 ἐπιπηδήσας
1254 1643 1332 1711 τῇ.
1354 1644 1559 1712 γραφῇ.
1601 1640 1861 1703 Μεταϐἁς

276 1733 322 1785 δ’
370 1735 435 1786 ὲκ
482 1734 706 1799 τούτων,
762 1735 1034 1805 Ἀστέριον
1090 1730 1245 1796 αὖθις
1294 1732 1580 1802 τραγῳδεῖ,
1644 1731 1860 1803 μακρὰν

278 1825 582 1878 ἀποτείνων
619 1826 716 1878 καὶ
759 1826 887 1896 περὶ
932 1823 1097 1878 αὐτοῦ
1127 1824 1401 1894 διήγησιν,
1448 1823 1594 1885 ὅπως
1627 1838 1687 1875 τε
1720 1823 1859 1875 ἀπο-

276 1916 444 1987 δημεῖ
474 1917 608 1987 (26),
641 1919 737 1970 καὶ
770 1919 880 1981 ποῖ,
925 1916 1018 1969 καί
1041 1917 1200 1979 πότε,
1246 1914 1341 1968 καὶ
1372 1914 1511 1985 πρὸς
1538 1912 1710 1976 τίνας.
1751 1914 1861 1966 Καὶ
1893 1932 1935 1987 Β

276 2004 469 2058 τούτου
502 2005 557 2058 δὲ
592 2006 894 2076 ἀφέμενος,
925 2001 1077 2068 αὖθις
1124 2004 1227 2057 ὲπὶς
1254 2002 1347 2056 τὸν
1383 2003 1476 2056 τοῦ
1510 2002 1645 2055 Θεοῦ
1688 2002 1857 2073 ἄνδρα

279 2098 545 2150 Παυλῖνον
582 2098 868 2169 τρέπεται,
900 2097 1075 2150 ταῦτα
1108 2095 1337 2167 γράφων
1382 2095 1567 2158 αὐτοῖς
1612 2096 1853 2166 ῥήμασι·

284 2206 303 2238 ι
340 2187 562 2251 Τούτοις
585 2188 642 2241 δὲ
675 2190 788 2249 τοῖς
819 2190 1003 2259 ῥητοῖς
1033 2188 1127 2241 καὶ⁵
1163 2188 1191 2239 ὁ
1219 2186 1413 2239 τούτου
1449 2184 1632 2257 πατὴρ
1677 2183 1859 2237 πειθό-

283 2292 302 2323 ι
347 2289 527 2344 μενος,
553 2274 834 2337 Παυλῖνος,
870 2273 1041 2328 ταῦτα
1076 2274 1254 2343 λέγειν
1286 2291 1347 2327 τε
1380 2275 1476 2327 καὶ
1504 2274 1738 2345 γράφειν
1758 2274 1859 2328 οὐκ

284 2382 306 2411 ε
345 2362 514 2425 ὀκνεῖ,
543 2365 674 2417 ποτὲ
714 2366 811 2436 μὲν
841 2364 1092 2437 δεύτερον
1116 2366 1249 2419 Θεὸν
1276 2366 1450 2435 λέγων
1480 2366 1573 2420 τὸν
1599 2366 1857 2437 Χριστὸν,

285 2470 306 2502 ι
349 2455 446 2507 καὶ
487 2453 674 2508 τοῦτον
729 2455 1219 2530 ἀνθρωπικώτερον
1280 2457 1639 2529 γεγεννῆσθαι
1690 2458 1822 2513 Θεόν
1841 2476 1854 2490 ·

286 2563 307 2593 ι
351 2545 481 2598 ποτὲ
509 2545 566 2599 δὲ
594 2546 688 2600 καὶ
720 2547 924 2619 κτίσμα
954 2549 1115 2603 αὑτὸν
1141 2545 1280 2603 εἶναι
1320 2548 1703 2622 διοριζόμενος.
1738 2551 1861 2603 ’Ότι

287 2653 308 2686 ε
349 2635 408 2689 δὲ
445 2635 591 2690 τοῦθ’
619 2636 793 2700 οὕτως
834 2638 981 2708 ἔχει,
1025 2640 1123 2693 καὶ
1173 2640 1311 2712 πρὸς
1354 2642 1505 2711 ἡμᾶς
1550 2658 1711 2705 ποτε,
1762 2641 1861 2712 τὴν

288 2743 308 2777 t
346 2725 616 2796 ’Δγκύραν
642 2725 813 2789 διῖὼν,
838 2727 1041 2798 κτίσμα
1058 2728 1197 2781 εἶναι
1213 2728 1304 2782 τὸν
1331 2727 1563 2799 Χριστὸν
1578 2729 1804 2798 ἔφασκε.
1836 2748 1856 2781 ι

283 2815 397 2869 Καὶ
432 2816 593 2870 πάλιν
636 2817 947 2888 μυθολογῶν
978 2819 1245 2890 διελέχθαι
1280 2820 1361 2891 τῷ
1394 2820 1646 2892 Παυλίνῳ
1674 2822 1858 2891 φησίν.

287 2909 520 2963 Ἔπειτα
556 2908 829 2963 διαϐάλλει
859 2910 951 2963 τὸν
996 2912 1284 2982 μακάριον,
1319 2912 1397 2975 ὡς
1442 2911 1595 2976 θεοὺς
1635 2911 1863 2975 πολλοὺς

282 3000 575 3072 εἰρηκότα,
612 3001 707 3055 καὶ
756 3001 1067 3055 καταλιπὼν
1100 3002 1193 3057 τὸν
1236 3003 1521 3069 Παυλῖνον,
1574 3002 1737 3057 πάλιν
1784 3000 1864 3073 τῷ

283 3094 531 3166 Εὑσεϐίῳ
562 3095 809 3166 σχολάζει
866 3096 1089 3166 φάσκων
1109 3114 1122 3128 ·
1159 3117 1178 3150 t
1214 3097 1371 3152 Οῦτω
1397 3096 1453 3151 δὲ
1484 3096 1581 3150 καὶ
1605 3095 1865 3159 Εὐσέϐιος

288 3205 309 3237 ι
348 3186 379 3240 ό
414 3186 515 3256 τῆς
553 3188 889 3261 Καισαρείας
917 3190 1161 3263 γέγραφε
1201 3190 1295 3243 καὶ
1333 3188 1516 3253 αὐτὸς,
1561 3188 1662 3260 τὴν
1696 3188 1865 3260 αὐτὴν

1963 638 2237 692 audivisse
2271 634 2537 702 afﬁrmat,
2597 644 2762 703 atque
2806 650 2874 688 ex
2930 634 3301 703 indignatione
3357 638 3549 693 scrihit

1968 728 2068 799 [Β.
2109 725 2354 798 LXXIII]
2386 745 2399 780 :
2439 743 2459 776 ι
2494 725 2785 797 Apostolus
2821 724 3128 793 huiusmodi
3174 725 3544 783 testimonium

1972 835 1991 867 ι
2036 816 2350 871 Galatarum
2384 816 2507 872 ﬁdei
2537 816 2787 885 perhibet
2816 833 2831 870 :
2864 815 3130 871 Eusebius
3160 826 3343 871 autem
3368 857 3384 883 ,
3420 834 3546 888 per-

1966 923 1986 957 t
2035 921 2192 959 verso
2212 920 2375 961 sensu
2405 906 2722 974 apostolico,
2748 919 2860 975 quo
2887 905 3110 975 scripsit
3145 923 3159 961 :
3188 905 3548 976 Filioli,qnos

1967 1013 1987 1046 ι
2034 998 2228 1050 iterum
2260 997 2529 1065 purturio,
2576 996 2749 1050 donec
2785 993 3103 1049 eﬁormetur
3134 997 3187 1048 in
3214 994 3365 1050 vobis
3394 996 3549 1051 Chri-

1967 1105 1984 1137 ‹
2033 1097 2170 1152 stus,
2200 1085 2410 1146 Calatis
2438 1088 2773 1142 obtrectatus
2815 1095 2900 1139 est
2925 1125 2943 1151 ,
2997 1095 3055 1138 ut
3103 1086 3282 1140 minus
3311 1096 3456 1141 recte
3481 1089 3550 1141 de

1967 1193 1987 1226 ι
2032 1177 2142 1230 Deo
2204 1176 2587 1231 sentientibus.
2632 1195 2652 1228 ι
2714 1176 2877 1230 Certe
2950 1176 3203 1245 inquiens
3260 1178 3551 1245 parturit-it

1962 1270 2219 1322 acerbum
2252 1269 2537 1337 quemdam
2575 1279 2632 1322 et
2676 1267 3120 1322 molestissimum
3169 1280 3387 1337 partum
3437 1281 3548 1323 tum

1962 1373 2083 1412 cum
2135 1360 2429 1412 resciverat
2456 1357 2704 1425 Galatas,
2751 1374 2856 1413 non
2889 1361 2984 1423 ita,
3038 1371 3096 1413 ut
3143 1361 3277 1430 ipse,
3330 1361 3395 1415 de
3444 1362 3551 1417 ﬁde

1962 1449 2257 1503 statuisse:
2298 1454 2357 1512 ›Ῑ‹
2404 1466 2513 1505 non
2574 1450 2712 1505 duas
2768 1451 3106 1507 substantias
3166 1453 3493 1508 conﬁtentes
3528 1493 3548 1519 ,

1963 1554 2067 1592 non
2092 1554 2178 1593 res
2214 1541 2345 1596 duas
2373 1552 2426 1595 et
2448 1530 2740 1612 potentias,
2782 1558 2889 1597 non
2925 1543 3060 1607 duos
3093 1543 3225 1598 deos
3251 1558 3551 1611 agnoscen-

1963 1640 2062 1686 tes.
2090 1630 2223 1686 Nota
2254 1633 2383 1686 mihi
2425 1644 2609 1689 autem
2640 1644 2844 1703 quanto
2871 1650 2994 1689 cum
3026 1634 3151 1689 felle
3176 1645 3230 1689 et
3252 1636 3552 1691 acerbitate

1961 1722 2295 1775 convicietur
2326 1724 2398 1789 ei,
2436 1724 2527 1793 qui
2573 1726 2711 1779 nihil
2756 1740 2982 1793 prorsus
3022 1726 3074 1779 in
3099 1727 3301 1795 scripta
3342 1726 3548 1792 retulit,

1962 1822 2159 1881 praeter
2196 1814 2369 1867 nuda
2432 1814 2817 1885 ipsissimaque
2860 1816 3105 1885 Apostoli
3156 1819 3342 1884 verba,
3390 1819 3549 1889 idque

1962 1903 2125 1958 etiam
2158 1906 2274 1972 ipso
2302 1903 2520 1959 favente
2546 1916 2887 1962 accusatore.
2913 1907 2981 1962 Et
3011 1908 3190 1964 adhuc
3219 1910 3312 1979 qui
3346 1908 3553 1966 fatetur

1962 1994 2065 2049 hoc
2094 1996 2148 2049 in
2177 1996 2299 2050 loco
2335 1995 2630 2052 Eusebium
2680 1998 2817 2053 duos
2866 2000 2997 2054 deos
3048 2002 3314 2068 proﬁteri,
3355 2011 3547 2071 utputa

1958 2085 2049 2155 qui
2096 2102 2217 2141 cum
2247 2086 2411 2143 Patre
2456 2104 2576 2155 suo,
2631 2104 2735 2143 una
2794 2099 2851 2145 et
2879 2090 3076 2145 Filium
3128 2106 3344 2161 quoque
3375 2091 3545 2147 Deum

1960 2187 2219 2247 agnoscat
2245 2193 2389 2245 esse,
2417 2195 2650 2251 pergens
2682 2196 2847 2252 porro
2871 2182 2923 2237 in
2956 2185 3343 2253 sequentibus,
3377 2187 3549 2242 veluti

1960 2268 2042 2321 sui
2083 2268 2304 2334 oblitus,
2354 2280 2410 2326 et
2470 2273 2864 2339 accusationis,
2902 2285 3135 2330 conatur
3180 2275 3433 2331 eumdem
3493 2286 3552 2333 et

1960 2358 2303 2426 calumniari,
2328 2362 2474 2432 quod
2509 2364 2714 2417 nudum
2748 2376 2958 2419 tantum
3008 2367 3281 2424 hominem
3318 2367 3553 2424 aﬁlrmet

1959 2467 2081 2510 esse
2130 2454 2436 2511 Christum.
2476 2456 2785 2514 Antedictis
2826 2461 3070 2514 annectit
3106 2460 3161 2515 in
3193 2461 3553 2531 sequentibus

1962 2544 2315 2616 multiplicem
2356 2559 2412 2603 et
2450 2548 2668 2621 longam
2713 2552 3005 2620 quamdam
3059 2552 3549 2622 vaniloquentiam,

1962 2634 2107 2691 entia
2138 2645 2194 2692 et
2218 2652 2324 2692 nou
2342 2639 2487 2694 entia
2515 2641 2879 2710 aggregaudo,
2910 2652 3118 2696 tantum
3137 2658 3244 2696 non
3275 2644 3342 2697 ad
3359 2657 3551 2699 eorum

1962 2741 2167 2783 morem
2194 2729 2286 2799 qui
2310 2730 2464 2783 aiunt
2490 2749 2503 2783 :
2526 2729 2693 2785 Labia
2714 2743 2893 2785 nostra
2918 2748 3074 2799 penes
3095 2748 3191 2787 nos
3214 2734 3354 2802 ipsos
3382 2743 3506 2788 sunt
3530 2750 3549 2787 :

1961 2824 2135 2891 ecquis
2182 2823 2349 2876 nostri
2392 2823 2701 2877 dominatur
2734 2825 2827 2879 "T
2885 2824 3023 2881 Hinc
3086 2835 3345 2896 apparet,
3406 2830 3553 2899 quod

1964 2915 2185 2967 memini
2213 2915 2506 2983 scripsisse
2558 2930 2644 2970 me
2677 2916 2747 2971 ab
2786 2910 3199 2988 initio‘operis,
3257 2920 3326 2973 ab
3362 2919 3552 2975 hostili

1963 3005 2246 3060 inimicitia
2268 3016 2323 3061 et
2354 3006 2596 3061 fraterno
2617 3009 2741 3062 odio
2770 3010 2839 3063 ad
2858 3011 3205 3065 scribendum
3235 3013 3554 3082 prosiluisse
3671 3055 3674 3057 λ

1964 3094 2299 3151 Marcellum.
2337 3095 2473 3151 Hinc
2507 3098 2785 3164 digressus
2817 3099 2871 3153 in
2907 3101 3186 3154 Asterium
3216 3104 3394 3158 denuo
3436 3114 3551 3157 tra-
3642 3173 3646 3177 _

1965 3188 2087 3258 gice
2134 3187 2487 3258 ampullatur,
2545 3190 2681 3244 bene
2714 3188 2933 3259 longam
2988 3191 3055 3245 de
3108 3192 3199 3247 illo
3262 3195 3554 3252 instituens

289 3293 310 3326 ι
349 3275 489 3345 ἔχων
516 3277 765 3348 Παυλίνῳ
786 3295 845 3331 τε
868 3279 963 3332 καὶ
990 3282 1103 3343 τοῖς
1129 3276 1328 3343 ἔξωθεν
1361 3279 1491 3351 περὶ
1519 3277 1654 3332 Θεοῦ
1687 3278 1864 3345 δόξαν.

1971 3278 2362 3332 narrationem.
2390 3274 2585 3332 Narrat
2608 3282 2880 3347 quantodo
2910 3282 3112 3349 passim
3149 3286 3553 3353 peregrinetur,

289 3385 310 3418 ι
351 3368 599 3439 Γέγραφε
631 3370 759 3442 γὰρ,
789 3371 887 3441 οὐχ
926 3370 1001 3434 ὼς
1032 3371 1184 3434 ὄντος
1217 3371 1379 3441 μόνου
1408 3369 1563 3435 Θεοῦ,
1598 3369 1712 3425 ἀλλ’
1748 3371 1866 3433 ἑνὸς

294 3476 311 3511 t
349 3460 499 3525 ὄντος
526 3461 621 3514 τοῦ
657 3464 820 3534 μόνου
853 3462 1108 3534 ἀληθινοῦ
1153 3461 1311 3517 Θεοῦ.
1348 3463 1511 3519 Ὅθεν
1540 3464 1722 3519 τοίνυν
1758 3482 1865 3535 μα·-

294 3569 313 3602 t
353 3552 462 3606 θὼν
506 3554 600 3607 καὶ
632 3556 663 3607 ὁ
721 3554 998 3627 Ἀστερίου
1045 3556 1227 3627 πατὴρ
1272 3555 1536 3619 Παυλῖνος
1572 3555 1868 3626 νεωτέρους

290 3662 309 3695 ι
352 3644 508 3711 θεοὺς
548 3644 685 3701 εἶναι
716 3647 871 3719 ᾤετο.
904 3668 923 3701 ι
952 3650 1061 3702 Καὶ
1093 3650 1152 3703 ὲν
1182 3647 1394 3711 τούτοις
1421 3648 1476 3702 δὲ
1503 3650 1579 3711 ὡς
1607 3647 1746 3701 θεῶν
1784 3646 1871 3701 δό-

285 3733 384 3801 ξας
439 3736 758 3805 εἰσάγοντας
814 3739 1078 3803 αἰτιᾶται,
1136 3738 1469 3810 ἀρνούμενος
1536 3738 1698 3801 αὐτὸς
1770 3735 1870 3808 τὴν

284 3826 515 3898 θεὸτητα
556 3828 646 3883 τοῦ
700 3829 851 3884 Υἱοῦ·
908 3832 1003 3885 καὶ
1041 3832 1417 3903 παραθέμενος
1458 3831 1559 3903 τὴν
1607 3830 1868 3885 Εὑσεϐίου

283 3917 451 3987 λέξιν,
484 3921 746 3992 συνίησιν,
782 3924 859 3987 ὡς
895 3924 995 3977 οὐκ
1019 3941 1087 3995 ην
1116 3923 1280 3978 αὑτοῦ
1322 3924 1355 3993 ἠ
1388 3922 1481 3977 τὸν
1517 3924 1740 3995 Πατέρα
1775 3922 1871 3995 μό-

284 4028 374 4065 νον
405 4012 656 4083 ἀληθινὸν
684 4014 816 4068 Θεὸν
854 4014 1180 4069 διδάσκουσα
1209 4015 1383 4086 φωνὴ,
1411 4013 1505 4068 τοῦ
1532 4014 1870 4086 δὲΣωτῆρος

286 4101 443 4171 ήμῶν
470 4103 773 4173 είρηκότος;
803 4105 904 4158 ἵνα
928 4103 1269 4174 γινώσκωσι
1292 4121 1365 4159 σε
1388 4106 1496 4158 τὸν
1514 4106 1710 4174 μόνον
1732 4105 1872 4173 ἁλη-

285 4193 456 4248 θινὸν
515 4196 691 4248 Θεόν·
744 4197 838 4249 καὶ
905 4197 1025 4267 μεθ’
1075 4198 1236 4270 ἔτερα
1294 4196 1619 4269 προστίθησι
1675 4195 1867 4263 λέγων·

291 4305 309 4335 ι
362 4286 516 4339 Ἐπεὶ
547 4286 709 4340 πόθεν
744 4290 875 4359 ἡμῖν
916 4289 979 4341 ὲκ
1012 4287 1122 4341 τῶν
1157 4275 1316 4343 θείων
1346 4288 1669 4360 δυνήσονται
1700 4287 1871 4355 δεῖξαι

290 4396 310 4429 ι
356 4378 567 4449 ῥητῶν,
621 4380 705 4432 ὅτι
738 4375 819 4445 εἷς
868 4382 967 4452 μὲν
1002 4380 1317 4453 ἀγέννητος,
1358 4374 1439 4444 εἷς
1485 4379 1543 4433 δὲ
1591 4379 1872 4449 γεννητὸς,

292 4488 310 4519 ι
350 4468 426 4531 ὡς
466 4470 618 4523 αὐτοὶ
654 4471 1011 4543 γεγεννῆσθαι
1055 4473 1217 4526 αὑτὸν
1251 4471 1711 4537 πεπιστεύκασιν;
1748 4469 1871 4524 οὔτε

292 4580 311 4611 ι
355 4561 665 4634 προφητῶν,
700 4562 824 4617 οὔτε
862 4563 1283 4632 εὐαγγελιστῶν,
1329 4563 1363 4634 ἢ
1397 4564 1710 4631 ἀποστόλων
1758 4562 1869 4634 (27)

293 4670 312 4704 ι
350 4652 495 4706 τοῦτ’
533 4655 849 4726 εἰρηκότων.
894 4675 913 4707 ι
950 4652 1063 4709 Εἴθ’
1092 4655 1281 4726 ὥσπερ
1312 4655 1370 4709 ὲν
1400 4654 1583 4718 ἄθλοις
1623 4656 1868 4727 ἀπογρα-

286 4745 546 4816 ψάμενος,
568 4748 704 4819 όμοῦ
736 4749 868 4819 πρὸς
890 4749 1133 4812 ἅπαντας
1159 4747 1669 4819 διαπληκτίσασθαι,
1703 4764 1869 4819 μετα-

288 4837 463 4892 ϐαίνει
497 4841 587 4894 ἐπὶ
617 4842 709 4894 τὸν
740 4828 1199 4914 Νάρκισσον,ίκαί
1218 4856 1221 4857 ⁷
1247 4856 1448 4912 φησιν·
1494 4859 1513 4893 ι
1552 4842 1715 4893 Ὥστε
1766 4839 1869 4894 κᾶν

294 4949 315 4983 ι
356 4933 533 4986 ἐκεῖνό
554 4950 637 4997 τις
666 4934 835 5003 λέγοι,
859 4935 1285 5000 κατασκευάζων
1314 4932 1530 5005 πρῶτον
1553 4928 1693 4988 εἶναι
1715 4931 1870 4997 Θεὸν,

295 5044 316 5079 t
357 5028 450 5081 καὶ
488 5026 768 5097 δεύτερον,
820 5028 895 5092 ὡς
942 5029 1251 5099 Νάρκισσος
1304 5027 1493 5092 αὐταῖς
1545 5025 1725 5091 λέξεσι
1776 5023 1872 5094 γέ·

367 5218 426 5277 ›Ῑ‹
461 5210 561 5267 Ed.
592 5209 793 5276 Paris.,
820 5226 940 5279 pag.
976 5209 1068 5264 27.
1164 5210 1211 5241 ⁸⁸
1229 5209 1372 5265 Psal.
1394 5226 1468 5274 ιι,
1495 5208 1550 5264 5.

365 5370 477 5443 (25)
510 5370 729 5436 Ἑαυτῷ
785 5369 1102 5443 συνείρων.
1150 5368 1314 5425 Forte
1368 5370 1449 5434 είς
1499 5368 1632 5423 αὐτὸ
1682 5368 1864 5423 συνεί-

296 5440 622 5516 ρων-Με-
640 5442 757 5495 Mox
788 5440 1141 5516 vnlgoﬁatat.

366 5514 478 5585 (‘26)
520 5513 711 5579 Ὅπως
736 5528 799 5564 τε
820 5509 1131 5585 ἀποδῃμεῖ.
1164 5510 1276 5563 Hoc
1298 5518 1379 5562 est
1411 5509 1556 5585 quod
1583 5508 1719 5573 dixi,
1743 5525 1865 5585 cur-

292 5580 488 5649 sitasse
514 5586 783 5635 Asterium
812 5596 827 5653 ξ
861 5580 1061 5653 ῥεμϐόν
1094 5582 1595 5653 ει-περιφοιτητήν,
1625 5581 1867 5653 qt_tod_tle

291 5655 385 5729 illo
424 5650 1105 5729 Athattasiusnobservavit.
1151 5651 1486 5729 Περιηρχετο
1520 5650 1619 5713 τὰς
1671 5651 1868 5729 ὲνΛΣυε

334 5725 425 5795 (et,
470 5720 690 5795 καὶτὰς
738 5721 900 5785 ἄλλας
929 5720 1264 5795 ἐκκλησίας,
1307 5734 1413 5774 etc.
1470 5720 1867 5795 lterunyﬁeoﬁ

334 5743 425 5795 ιᾳ,
470 5743 562 5777 και
594 5743 690 5783 τας
738 5743 900 5785 arma;
943 5743 1264 5791 εκκΑησιας,
1307 5743 1413 5774 etc.
1470 5743 1690 5800 uerunt,
1733 5743 1867 5771 σεου

291 5743 433 5866 ἓνήρ
468 5794 721 5848 I’aulinus
740 5803 842 5855 est,
872 5793 1050 5845 minus
1088 5793 1261 5843 ntnlns
1288 5804 1449 5858 quam
1479 5802 1682 5843 caeteri.
1709 5789 1776 5841 M.
1799 5820 1869 5829 —

293 5866 432 5921 Inita
481 5866 639 5921 vulgo
686 5877 805 5921 γεγ.
847 5861 978 5915 Θεὸν
1012 5880 1069 5913 π.
1100 5860 1155 5913 δὲ
1201 5860 1293 5913 καὶ
1340 5876 1425 5912 κτ.
1452 5874 1507 5916 et
1543 5860 1620 5921 ὡς
1659 5859 1789 5921 Θεός
1820 5874 1874 5914 et

318 5877 432 5921 ulta
481 5877 639 5932 vulgo
686 5877 805 5929 γεγ.
847 5877 978 5915 δεον
1012 5880 1069 5913 π.
1100 5877 1155 5913 οε
1201 5877 1293 5913 και
1340 5877 1425 5912 κτ.
1452 5877 1507 5916 et
1543 5877 1620 5923 ως
1659 5877 1789 5923 uso;
1820 5884 1848 5914 υ

1968 3368 2079 3431 ubi,
2105 3368 2341 3438 quando,
2392 3380 2445 3423 et
2486 3370 2553 3423 ad
2595 3384 2731 3438 quos
2779 3370 2893 3425 itet.
2936 3371 3170 3426 Dimisso
3204 3373 3271 3428 de
3302 3376 3553 3431 manibus

1969 3458 2162 3513 iterum
2186 3460 2297 3523 illo,
2325 3460 2375 3513 in
2396 3460 2676 3515 Paulinum
2695 3461 2871 3515 denuo
2895 3462 3251 3526 convertitur,
3273 3466 3550 3521 hominem

1969 3548 2083 3612 Dei,
2117 3549 2303 3604 verbis
2344 3550 2564 3604 totidem
2597 3550 2843 3605 scribens
2867 3549 2954 3622 [Β.
2985 3550 3230 3624 XXXIII]
3270 3572 3283 3608 :
3325 3573 3343 3605 ι
3389 3554 3552 3610 Dictis

1975 3656 1994 3691 ι
2036 3640 2185 3694 hisce
2210 3643 2403 3696 ductus
2430 3654 2483 3696 et
2501 3643 2659 3711 hujus
2684 3650 2857 3710 pater,
2890 3642 3168 3710 Paulinus,
3205 3660 3310 3699 non
3336 3657 3553 3700 veretur

1976 3750 1996 3782 ι
2041 3732 2199 3787 dictis
2213 3743 2268 3787 et
2288 3734 2502 3803 scriptis
2526 3736 2657 3804 proli
2669 3736 2767 3789 teri
2799 3736 3066 3790 interdum
3083 3737 3360 3792 Christum
3380 3737 3549 3793 Deum

1976 3841 1996 3875 ι
2042 3838 2163 3879 esse
2218 3825 2411 3879 ordine
2480 3828 2817 3891 secundum;
2891 3828 3253 3897 eumdemque
3313 3830 3551 3886 humano

1974 3932 1996 3967 ι
2042 3930 2190 3969 more
2219 3914 2386 3970 Deutn
2410 3920 2646 3987 genitum
2679 3936 2692 3972 :
2724 3920 2995 3973 interdum
3041 3936 3169 3974 vero
3215 3922 3552 3977 determinat

1976 4025 1995 4058 ι
2043 4007 2189 4061 illum
2214 4023 2335 4064 esse
2364 4020 2687 4065 creaturam.
2723 4011 2889 4081 quue
2944 4015 3017 4067 ita
3066 4025 3124 4067 ut
3153 4028 3276 4069 esse
3312 4027 3551 4077 constet.

1976 4116 1996 4149 ι
2050 4100 2327 4153 sciendum
2369 4110 2453 4155 est
2480 4101 2629 4155 illum
2664 4102 2893 4172 Ancyrae
2926 4104 3205 4158 nobiscum
3242 4118 3551 4161 versantem

1977 4207 1997 4241 ι
2038 4188 2368 4258 aliquando,
2420 4191 2696 4247 Christum
2752 4196 3080 4263 praedicasse
3127 4209 3441 4253 creaturam
3479 4219 3491 4255 :
3525 4219 3547 4253 ι

1971 4298 2140 4354 seque
2176 4300 2296 4339 cum
2326 4298 2393 4339 eo
2423 4284 2611 4340 iniisse
2656 4286 3075 4354 disputationem
3112 4290 3395 4343 mentitur.
3448 4292 3555 4345 Ac-

1974 4385 2133 4433 cusat
2160 4376 2382 4445 insuper
2414 4376 2560 4431 hunc
2591 4375 2809 4431 beatum
2839 4378 3044 4445 virum,
3071 4381 3225 4449 quasi
3252 4383 3387 4436 deos
3418 4384 3554 4435 mul-

1976 4476 2061 4521 tos
2092 4468 2392 4523 statuisset.
2427 4467 2636 4523 Relicto
2663 4470 2877 4523 demum
2901 4468 3146 4535 Paulino,
3174 4472 3371 4527 iterum
3392 4485 3553 4530 vacat

1975 4558 2205 4615 Eusebio
2219 4560 2561 4631 exagitanda,
2583 4562 2832 4631 inquiens
2844 4561 2930 4634 [Β.
2954 4562 3197 4637 LXXIV]
3213 4583 3258 4620 ει
3272 4566 3386 4620 Hoc
3410 4568 3550 4622 idem

1984 4669 2003 4703 ι
2045 4654 2264 4721 scripsit
2292 4664 2347 4707 et
2377 4655 2641 4709 Eusebius
2664 4655 3036 4722 Caesariensis,
3082 4660 3328 4713 eamdem
3362 4659 3553 4715 fovens

1979 4761 1999 4795 ι
2046 4760 2169 4798 cum
2207 4743 2429 4799 Paulino
2462 4756 2517 4799 et
2544 4760 2572 4799 a
2614 4746 2717 4799 ﬁde
2759 4746 2953 4801 alienis
2982 4748 3049 4803 de
3074 4749 3182 4803 Deo
3215 4750 3547 4820 Opinionem.

1980 4852 2000 4886 ι
2048 4833 2281 4904 Scripsit
2328 4837 2508 4901 enim,
2545 4853 2651 4892 non
2699 4839 2852 4907 quasi
2902 4850 3047 4895 esset
3074 4840 3223 4895 solus
3258 4843 3421 4908 Dens,
3456 4846 3549 4898 sed

1982 4945 2002 4979 ι
2049 4944 2188 4984 unus
2240 4938 2385 4985 esset
2430 4945 2594 4985 verus
2626 4932 2774 4988 solus
2811 4933 2970 4987 Deus.
3028 4932 3180 4989 Unde
3222 4934 3446 4989 edoctus
3497 4947 3553 4990 et

1981 5041 2000 5075 ι
2048 5023 2245 5078 Asterii
2284 5032 2435 5093 pater
2474 5023 2751 5092 Paulinus,
2800 5024 3047 5093 iuniores
3098 5029 3365 5098 quosdam
3422 5031 3553 5084 deos

1930 5356 1948 5369 ’
1972 5364 2145 5419 Παυλ.
2170 5380 2237 5435 τε
2258 5362 2397 5433 ἔχων
2421 5372 2475 5435 et
2500 5363 2651 5428 ὄντος
2683 5365 2842 5435 μόνου
2872 5366 2965 5419 τοῦ
2992 5377 3045 5420 et
3073 5367 3168 5419 xui.
3205 5365 3351 5417 Ἀστ.

2417 5433 2777 5509 ἢκάποστξθι
2822 5434 3261 5509 ἀπληκτίσασθαι
3309 5446 3358 5509 et
3410 5433 3553 5509 ὥστε
3656 5484 3659 5485 ,

2044 5436 2156 5505 (Ἡ)
2196 5432 2369 5505 vulgo

1976 5503 2075 5583 μὲν
2180 5520 2230 5556 τ.
2257 5503 2403 5583 λέγοι
2434 5503 2711 5583 (ὦστίούμκ
2748 5506 2814 5583 ᾄν
2854 5503 2975 5577 Β.)ξ
3023 5523 3186 5577 porro
3241 5505 3395 5583 vulgo
3445 5507 3551 5583 six:

1972 5573 2068 5653 ﬁt:
2100 5573 2328 5653 ἡμετέρ.
2374 5587 2426 5653 et
2476 5578 2628 5653 nucis
2672 5579 2873 5653 int-lusa
2906 5573 3059 5653 om._';_
3098 5591 3219 5629 mox
3270 5579 3433 5653 ,vnlgo
3456 5573 3554 5653 τοῦ

1973 5644 2104 5699 Εὗσ.
2137 5644 2296 5695 πάλιν
2321 5654 2371 5697 et
2396 5645 2695 5715 ἀπεκοῆσαι
2718 5647 2863 5716 βούλ.
2891 5661 2942 5700 et
2975 5647 3223 5766 ὲξὲχεεν·
3252 5647 3373 5697 dein
3402 5648 3555 5714 vulgo

1975 5714 2095 5766 εἶτα
2134 5713 2230 5766 μὲν
2266 5730 2316 5765 τ.
2341 5713 2435 5766 ἓνα
2470 5715 2530 5766 Θ.
2559 5729 2613 5766 et
2654 5720 2902 5766 κάκεῖνος
2946 5729 2993 5766 et
3118 5715 3215 5766 τὴν
3257 5714 3378 5766 ἐλπ.
3402 5755 3417 5766 .
3464 5722 3555 5765 ιιε-

1975 5714 2095 5769 εἷτα
2133 5713 2230 5784 μὲν
2266 5730 2316 5790 τ.
2341 5713 2435 5766 ἓνα
2470 5715 2530 5790 Θ..
2559 5713 2613 5767 et
2637 5713 2902 5790 *κακεῖνος
2946 5713 3215 5790 ιιι-δ’τῂν
3257 5714 3378 5768 ἐλπ.
3402 5755 3417 5780 ,
3464 5713 3555 5790 ας-

1977 5803 2139 5871 utque
2198 5785 2352 5853 vulgo
2402 5786 2785 5855 ὁμολογοῦντι,
2842 5785 3194 5858 μεμψάμενός
3246 5802 3311 5853 γε
3356 5798 3409 5839 et
3461 5785 3557 5840 νῦν

1976 5874 2077 5910 αυτ
2091 5873 2158 5907 -ν.
