4048 6420
547 357 645 412 ’ΠΙ

1210 347 1480 406 EUSEBII
1516 340 1980 401 CAESARIENSIS
2012 338 2163 397 OPP.
2202 337 2382 396 PARS
2419 338 2507 393 ιν.
2549 366 2618 379 —-
2655 336 3073 394 DOGHATICA.

3682 338 3791 397 τη

550 492 570 524 ι
617 424 913 525 arbitratus
946 476 1029 522 est
1051 479 1194 535 esse.
1223 483 1242 518 s
1271 464 1443 530 Quos,
1470 463 1629 516 veluti
1672 461 1740 517 de
1766 458 1869 515 diis
1900 456 2089 528 opinio

2215 474 2232 507 ι
2273 471 2503 527 γραφεν.
2532 454 2696 509 υύδέν
2734 454 2843 526 γὰρ
2876 454 3391 526 συγχωρεῖόλέγων·
3428 455 3785 529 Ποιήσωμεν

546 579 644 618 nes
681 561 1089 635 introducentes
1118 566 1355 619 accusat,
1386 569 1508 609 cum
1534 552 1653 607 Filii
1680 553 1930 606 deitatem
1951 556 2106 618 neget

546 654 682 720 ipse.
722 649 822 716 Qui
852 649 899 703 si
932 646 1094 700 verba
1150 644 1449 699 Eusebiana
1480 654 1777 711 proponere
1825 639 2103 701 voluisset.

546 738 901 793 intellexisset
930 734 1115 803 procul
1145 732 1307 785 dubio
1337 743 1443 784 non
1474 729 1563 782 illa
1583 739 1723 792 esse,
1740 740 1861 795 qua:
1889 726 2101 780 Patrem

543 828 717 881 solum
743 841 931 880 verum
945 824 1109 878 Deum
1130 821 1457 886 docuissent,
1479 835 1599 875 cum
1618 833 1647 872 a
1667 816 1954 873 Servatore
1977 830 2103 885 pro-

543 916 712 971 latum
731 917 799 971 sit
828 914 981 979 illud,
995 921 1051 966 at
1072 926 1122 967 te
1144 920 1454 982 cognoscant
1472 908 1640 963 solum
1664 924 1837 961 verum
1856 907 2016 959 Deum
2033 905 2100 960 “.

542 1008 678 1062 Post
721 1004 980 1061 nonnulla
1031 1001 1300 1057 subnectit
1362 1000 1613 1069 inquiens
1673 996 1763 1071 [Β.
1822 994 2031 1068 XXVll]
2084 1014 2097 1048 :

550 1117 571 1149 s
618 1096 858 1167 Namque
902 1094 1044 1149 unde
1101 1092 1193 1148 ille
1231 1090 1390 1145 nobis
1423 1091 1792 1144 demonstrare
1839 1087 2036 1156 poterit
2069 1101 2101 1141 e

549 1206 571 1240 ι
618 1184 913 1256 Scripturis
944 1184 1151 1246 sacris,
1188 1195 1353 1235 unum
1408 1192 1527 1233 esse
1570 1178 1864 1250 ingenitum
1889 1215 1905 1241 ,
1937 1192 2098 1232 unum

549 1296 570 1329 ι
616 1280 741 1331 item
767 1274 1005 1346 genitum
1035 1278 1093 1336 ἧι
1120 1271 1204 1343 (eo
1231 1270 1392 1324 modo
1420 1269 1673 1323 nimirum
1699 1281 1809 1337 quo
1835 1280 1957 1322 esse
1977 1281 2098 1321 eum

508 1384 513 1389 ’
549 1389 569 1421 ι
614 1373 847 1441 genitum
875 1370 975 1441 ipsi
1003 1369 1342 1435 autumant),
1364 1382 1487 1421 cum
1516 1366 1901 1436 prophetarum
1925 1364 2098 1419 nullus

549 1478 571 1511 ι
614 1472 709 1513 aut
742 1458 1214 1529 evangelistarum,
1242 1456 1424 1511 nullus
1453 1456 1815 1526 apostolorum
1862 1454 1915 1509 id
1957 1454 2101 1508 aliir-

548 1570 569 1602 ι
616 1551 785 1605 met?»
816 1551 1091 1619 Deinceps,
1134 1562 1241 1602 non
1265 1561 1427 1602 secus
1452 1560 1613 1616 quam
1640 1545 1729 1615 qui
1766 1545 1821 1598 in
1850 1544 2099 1600 certami-

541 1642 701 1697 nibus
728 1638 1075 1704 describitur,
1112 1637 1180 1693 ad
1215 1650 1433 1691 manum
1474 1650 1594 1691 cum
1632 1636 1882 1689 omnibus
1905 1648 2096 1690 conse-

541 1734 784 1792 rendam,
817 1728 1025 1784 confert
1049 1742 1107 1783 se
1132 1728 1197 1781 ad
1240 1726 1548 1782 Narcissum
1573 1734 1627 1779 et
1658 1722 1855 1796 ait[R.
1888 1721 2090 1794 LXX]:

546 1836 565 1868 ι
611 1816 743 1883 Quis
772 1826 948 1871 autem
998 1815 1131 1870 illud
1172 1814 1429 1880 aﬂirmat,
1471 1814 1661 1867 nedum
1694 1814 2005 1877 contendit,
2045 1821 2102 1867 ut

541 1927 565 1960 ι
610 1906 893 1962 Narcissus
925 1907 1144 1961 disertis
1183 1904 1363 1960 verbis
1415 1905 1644 1971 asserit,
1701 1906 1935 1974 primum
1984 1918 2102 1959 esse

546 1996 565 2047 ι
615 1995 801 2060 Deum,
848 2004 903 2048 et
933 1996 1253 2049 secundum.
1300 1991 1417 2047 Non
1463 2002 1614 2047 certe
1654 1992 1941 2047 conﬁrmat
1995 1994 2101 2047 hoc

548 2104 569 2139 ι
614 2088 758 2154 quod
787 2085 1007 2150 dicitur,
1036 2084 1188 2148 illud,
1234 2081 1518 2138 Faciamus
1562 2086 1823 2139 hominem
1857 2085 1925 2137 ad
1963 2086 2099 2137 ima-

548 2194 567 2226 ι
611 2178 779 2243 ginem
834 2182 1064 2227 nostram
1116 2182 1166 2227 et
1207 2175 1600 2228 similitudinem
1648 2174 1717 2205 ⁸⁶’
1768 2173 1909 2243 (ipse
1950 2174 2094 2228 enim

543 2265 799 2319 Dominus
848 2274 1098 2328 testatur,
1130 2272 1186 2317 et
1234 2266 1428 2333 partim
1472 2266 1771 2320 audivimus
1823 2279 1852 2317 a
1896 2268 2100 2319 sanctis

542 2356 853 2425 Scripturis,
878 2356 1003 2425 quia
1050 2356 1166 2423 ipse
1200 2355 1470 2423 ipsiusque
1509 2355 1669 2409 Pater
1709 2357 1815 2408 duo
1862 2366 2005 2412 sunt.
2043 2355 2098 2409 Si

541 2461 674 2516 ergo
702 2445 984 2499 Narcissus
1008 2445 1211 2497 idcirco
1241 2445 1367 2499 velit
1391 2445 1582 2499 Filium
1610 2460 1641 2497 a
1678 2443 1837 2497 Patre
1862 2445 2096 2512 potentia

542 2535 817 2598 dividere,
866 2535 1079 2589 noverit
1122 2534 1246 2601 quia
1302 2532 1389 2587 ille
1435 2532 1524 2601 qui
1575 2532 1791 2599 scripsit
1844 2533 2097 2600 propheta

545 2626 699 2696 quasi
733 2627 870 2680 Deus
908 2624 1105 2679 dixerit
1143 2640 1157 2676 :
1207 2622 1490 2677 Faciamus
1516 2625 1768 2677 hominem
1805 2626 1873 2675 ad
1914 2623 2099 2692 imagi-

546 2735 565 2769 ι
608 2732 721 2772 nem
770 2725 1001 2770 nostram
1053 2724 1100 2769 et
1151 2714 1585 2784 similitudinem),
1649 2715 1763 2783 ipse
1792 2715 1913 2768 ait:
1958 2732 1977 2765 ι
2026 2712 2093 2768 Ει

552 2827 571 2860 ι
613 2808 733 2878 [scit
803 2807 1066 2861 hominem
1126 2804 1281 2861 Deus.
1350 2825 1368 2856 s
1424 2806 1631 2860 Relicto
1688 2804 1977 2871 Narcisso,
2040 2808 2093 2861 in

543 2899 808 2954 Asterium
843 2899 1033 2953 scribit
1066 2895 1157 2968 [Β.
1196 2894 1377 2968 LXIII]
1421 2914 1484 2949 τι
1528 2896 1701 2952 Unum
1751 2895 1911 2966 atque
1953 2899 2091 2952 idem

544 3006 563 3038 ι
601 3002 717 3042 esse
734 2989 1041 3055 pronuntiat
1062 2988 1325 3050 Asterius,
1344 2987 1555 3041 Patrem
1579 2988 1911 3042 solummodo
1935 3000 2094 3056 atque

546 3093 563 3124 ι
607 3073 795 3128 Filium
852 3074 903 3127 in
955 3090 1021 3129 eo
1067 3074 1207 3143 quod
1263 3090 1358 3145 per
1404 3076 1583 3128 omnia
1644 3080 1986 3132 consentiant
2037 3088 2093 3132 et

545 3181 563 3211 s
609 3164 958 3231 conspireut;
1028 3164 1105 3217 ait
1142 3167 1287 3218 enim
1332 3182 1345 3217 :
1398 3163 1623 3234 Propter
1683 3169 2085 3222 exactissimam

546 3270 564 3302 ι
615 3252 758 3305 illam
825 3254 1231 3307 consonantiam
1292 3258 1343 3305 in
1405 3256 1653 3309 omnibus
1710 3258 1868 3311 dictis
1929 3266 2088 3324 atque

546 3359 564 3391 ι
610 3341 785 3407 iactis,
839 3342 1034 3396 dicitur
1060 3360 1076 3396 :
1105 3340 1213 3411 Ego
1245 3353 1291 3395 et
1334 3339 1493 3394 Pater
1538 3360 1697 3396 unum
1730 3360 1907 3397 sumus
1958 3346 2022 3399 ".
2064 3364 2082 3397 ι

538 3433 806 3489 luvehitur
845 3434 1036 3489 deinde
1087 3435 1137 3487 in
1190 3433 1477 3488 Eusebium
1527 3437 1597 3488 ita
1627 3434 1715 3505 [Β.
1750 3434 2035 3507 LXXXIX]
2069 3453 2083 3491 :

543 3544 563 3577 ι
610 3524 951 3581 Servatorem
992 3526 1261 3581 hominem
1296 3527 1462 3581 fuisse
1498 3527 1649 3581 docet
1678 3544 1693 3581 :
1729 3528 1885 3597 idque
1922 3529 2087 3597 liquet

540 3635 560 3669 s
611 3618 662 3672 in
708 3632 771 3672 eo
818 3617 959 3685 quod
1010 3618 1299 3672 vaferrime
1353 3621 1673 3672 sententiam
1736 3621 2083 3688 apostolicam

539 3726 558 3759 ι
606 3709 839 3763 traducit
867 3708 1133 3763 Eusebius
1167 3710 1232 3763 ad
1259 3724 1408 3763 suam
1440 3710 1771 3764 voluntatem
1806 3712 2081 3766 constabi-

537 3815 559 3850 ι
605 3799 857 3854 liendam.
894 3799 1066 3853 Veluti
1090 3800 1232 3854 enim
1257 3800 1347 3868 qui
1370 3800 1480 3869 jam
1510 3802 1709 3854 dudum
1734 3804 2080 3869 parturierat,

540 3906 561 3941 s
609 3901 665 3942 ut
709 3890 760 3942 in
803 3889 973 3944 lucem
1015 3891 1404 3959 blasphemiam
1434 3891 1758 3944 horrendam
1791 3894 2081 3961 productu-

538 4000 557 4031 ι
607 3996 716 4042 rus,
740 3980 813 4033 lta
844 3981 909 4034 de
947 3996 1043 4035 suo
1072 3984 1287 4049 proprio
1316 3981 1566 4035 thesauro
1594 3979 1778 4035 eﬂ‘udit
1800 3984 2080 4051 malitiam,

536 4087 557 4120 ι
593 4070 744 4139 juxta
767 4071 965 4125 dictum
982 4072 1305 4127 Servatoris.
1326 4072 1564 4142 Namque
1582 4082 1895 4128 ostensurus
1912 4057 2099 4129 ltomi;

534 4177 555 4211 ι
604 4176 723 4215 nem
763 4161 934 4215 solum
996 4162 1339 4219 Servatorem
1397 4166 1700 4230 exstitisse,
1758 4180 1863 4220 non
1923 4170 2082 4223 aliter

536 4268 556 4301 s
600 4266 758 4319 quam
785 4252 877 4322 qui
907 4255 1220 4322 mysterium
1243 4252 1615 4309 absconditum
1645 4257 1887 4326 Apostoli
1916 4260 2084 4313 mani-

534 4359 555 4392 s
604 4343 893 4400 iestaturus
922 4355 1060 4411 erat,
1089 4349 1175 4416 ,ita
1227 4346 1402 4416 inquit
1432 4370 1443 4403 :
1476 4349 1810 4418 Quapropter
1855 4354 2082 4421 apertis-

2213 564 2232 596 ι
2273 545 2585 613 ἄνθρωπον
2610 548 2735 599 κατ’
2750 547 2950 599 εἰκόνα
2976 547 3271 615 ἡμετέραν
3292 546 3391 601 καὶ
3411 547 3543 603 καθ’
3572 552 3775 620 ὁμοίω-

2211 652 2231 686 ι
2272 650 2377 688 σιν
2390 636 2493 705 (ὄτι
2511 636 2609 705 μὲν
2626 636 2788 699 αὐτὸς
2804 636 2896 690 καὶ
2907 638 2936 688 ὁ
2952 635 3139 707 Πατὴρ
3152 637 3316 691 αὐτοῦ
3329 638 3423 692 δύο
3434 640 3593 703 είσὶν,
3613 642 3785 695 αὑτοῦ

2211 743 2230 777 ι
2270 724 2365 778 τοῦ
2412 725 2618 795 Κυρίου
2655 725 3051 795 μαρτυροῦντος
3105 728 3201 781 καὶ
3248 727 3358 782 τῶν
3414 729 3591 798 ἁγίων
3640 732 3785 803 Γρα-

2210 834 2230 869 ι
2270 816 2385 885 φῶν
2418 818 2483 870 ἐκ
2516 818 2713 888 μέρους
2751 817 3081 888 ἠκούσαμεν.
3132 818 3195 872 El
3236 820 3418 874 τοίνυν
3463 820 3783 893 Νάρκισσος

2209 928 2227 959 ι
2265 908 2352 962 διὰ
2390 908 2549 962 τοῦτο
2578 908 2806 979 διαιρεῖν
2840 908 3065 980 δυνάμει
3091 910 3185 963 τὸν
3215 910 3387 979 Λόγον
3416 913 3513 967 τοῦ
3559 914 3781 985 Πατρδς

2208 1019 2227 1049 ι
2265 1000 2463 1065 ἐθέλοι,
2491 1000 2681 1070 γνώτω
2707 1002 2787 1055 δτι
2813 1002 2842 1055 ὁ
2866 1001 3075 1073 γράψας
3101 1008 3387 1075 προφήτης
3410 1005 3487 1069 ὡς
3508 1006 3606 1061 τοῦ
3638 1007 3780 1061 Θεοῦ

2207 1114 2226 1147 ι
2266 1096 2573 1167 εἰρηκότος
2620 1096 2969 1167 Ποιήσωμεν
3019 1098 3335 1166 ἄνθρωπον
3381 1100 3508 1152 κατ’
3567 1102 3784 1155 εἰκόνα

2206 1204 2226 1237 ι
2265 1186 2555 1256 ἡμετέραν
2607 1186 2707 1240 καὶ
2756 1188 2886 1243 καθ’
2936 1188 3259 1259 ὁμοίωσιν),
3290 1190 3451 1253 αὐτὸς
3492 1191 3775 1263 γέγραφεο

2206 1295 2224 1326 ι
2262 1277 2371 1330 Καὶ
2397 1276 2682 1343 ἐποίησεν
2709 1277 2908 1345 όΘεὸς
2931 1278 3037 1333 τὸν
3067 1278 3398 1348 ἄνθρωπον.
3430 1300 3449 1332 ι
3468 1282 3581 1335 Καὶ
3606 1300 3777 1354 μετα-

2199 1364 2301 1429 ϐὰς
2323 1366 2429 1419 ἀπὸ
2457 1367 2765 1438 Ναρκίσσου
2801 1368 2895 1422 ἐπὶ
2915 1369 3007 1423 τὸν
3038 1370 3331 1442 ’Λα-δέρων,
3352 1370 3526 1425 ταῦτα
3547 1376 3776 1445 γράφει·

2205 1471 2225 1505 ι
2269 1456 2365 1508 Ἐν
2413 1457 2521 1528 γὰρ
2558 1453 2697 1510 εἷναι
2734 1459 2828 1511 καὶ
2872 1461 3069 1515 ταύτὸν
3116 1463 3389 1535 Ἀστέριος
3431 1464 3577 1519 κατὰ
3614 1466 3777 1520 τοῦτο

2204 1562 2222 1595 ι
2265 1547 2579 1618 ἀπεφήνατο
2613 1548 2769 1619 μόνον
2806 1549 2896 1602 τὸν
2947 1551 3167 1622 Πατέρα
3203 1555 3299 1607 καὶ⁵
3330 1556 3422 1609 τὸν
3460 1556 3607 1621 Υίδν,
3646 1558 3776 1612 καθ’

2203 1652 2222 1685 ι
2261 1634 2289 1687 ὃ
2318 1638 2375 1688 ἐν
2405 1639 2539 1690 πᾶσι
2568 1639 2966 1710 συμφωνοῦσιν.
3000 1642 3158 1695 Οὕτω
3200 1645 3310 1716 γὰρ
3355 1645 3490 1717 ἔφη’
3532 1648 3647 1702 Καὶ
3684 1649 3778 1705 διὰ

2204 1743 2222 1775 ι
2263 1725 2362 1796 τὴν
2396 1729 2454 1779 ἐν
2482 1730 2615 1782 πᾶσι
2638 1728 2811 1799 λόγοις
2854 1748 2912 1783 τε
2945 1732 3040 1785 καὶ
3085 1732 3267 1804 ἔργοις
3305 1737 3506 1809 ἀκρισῆ
3542 1755 3777 1809 συμφω-

2133 1796 2174 1853 B
2208 1832 2227 1866 ι
2262 1817 2398 1881 νίαν,
2442 1819 2588 1888 Ἐγὼ
2612 1796 2719 1874 καὶ-
2750 1824 2782 1875 ό
2810 1823 3012 1891 Πατὴρ
3153 1796 3360 1894 ἐσμεν.
3382 1796 3421 1879 ,ι
3458 1796 3567 1884 Ιέαὶ
3601 1796 3775 1883 ἐάσε-

2202 1906 2316 1959 6ίου
2349 1908 2507 1961 πάλιν
2530 1908 3063 1983 καθάπτεται.λέγων
3085 1930 3099 1944 °
3131 1933 3150 1966 ι
3187 1918 3506 1989 Ἄνθρωπον
3534 1920 3645 1992 γὰρ
3676 1920 3771 1975 τὸν

2207 2017 2225 2050 ι
2266 2000 2493 2071 Σωτῆρα
2528 1997 2665 2055 εἶναι
2699 2002 2962 2071 βούλεται.
3007 2007 3175 2078 Δῆλον
3203 2008 3260 2062 δέ
3303 2010 3396 2078 ἀφ’
3424 2005 3499 2065 ὧν
3530 2013 3772 2085 πανούρ-

2205 2109 2222 2141 ι
2262 2109 2371 2160 γως
2422 2093 2489 2147 τὰ
2524 2094 2968 2152 τοῦ,’Δποστόλου
3020 2100 3159 2170 ῥητὰ
3207 2101 3466 2168 Εὐσέϐιος
3515 2105 3652 2177 πρὸς
3706 2106 3772 2160 τὸ

2205 2200 2224 2231 ι
2262 2183 2452 2237 ἑαυτοῦ
2494 2187 2791 2257 μετήνεγκε
2835 2189 3097 2261 βούλημα.
3155 2193 3242 2257 Ὡς
3277 2194 3385 2265 γὰρ
3426 2198 3489 2249 ἐκ
3530 2196 3771 2263 παλαιᾶς

2206 2292 2223 2323 ι
2263 2291 2403 2337 τινος
2421 2275 2626 2340 ὠδῖνος,
2649 2279 2908 2351 μεγίστην
2931 2282 3240 2354 ἀποκυῆσαι
3264 2283 3581 2357 βουλόμενος
3604 2288 3773 2357 βλασ-

2204 2381 2222 2413 ι
2260 2365 2489 2435 φημίαν,
2525 2366 2737 2437 ἐξέχεεν
2784 2369 2892 2423 ἀπὸ
2929 2371 3021 2424 τοῦ
3093 2372 3221 2426 ίδίου
3277 2374 3571 2447 Θησαυροῦ,
3623 2379 3772 2433 κατὰ

2204 2475 2222 2508 ι
2261 2458 2356 2541 τὴν
2387 2460 2479 2513 τοῦ
2526 2462 2776 2530 Σωτῆρος
2826 2464 3002 2534 ῥῆσιν,
3036 2464 3096 2517 τὸ
3139 2466 3394 2538 πονηρόν.
3442 2468 3771 2541 Ἄνθρωπον

2203 2564 2221 2597 ι
2261 2546 2367 2619 γὰρ
2410 2549 2566 2618 μόνον
2607 2551 2697 2603 τὸν
2728 2551 2953 2623 Σωτῆρα
2981 2552 3148 2617 δεῖξαι.
3179 2555 3516 2627 βουλόμενος,
3561 2558 3639 2621 ὼς
3671 2559 3774 2629 μέ·-

2202 2655 2220 2689 ι
2259 2654 2439 2704 γιστον
2478 2642 2609 2711 ἡμῖν
2657 2642 2962 2713 ἀπόρρητον
2993 2645 3087 2698 τοῦ
3132 2648 3451 2702 Ἀποστόλου
3492 2650 3769 2706 ἀνακαλύ-

2201 2746 2219 2777 ι
2261 2745 2407 2781 πτων
2452 2733 2767 2803 μυστήριον,
2793 2735 2965 2799 οὕτως
2991 2736 3117 2808 ἔφη*
3152 2740 3244 2793 Διὸ
3270 2743 3582 2810 σαφέστατα
3612 2744 3708 2798 καὶ
3734 2745 3767 2799 ὁ

2200 2839 2217 2871 ι
2256 2820 2397 2884 Θεϊος
2440 2822 2784 2889 Ἀπόστολος,
2812 2828 2911 2898 τὴν
2935 2830 3240 2901 ἀπόρρητον
3272 2835 3402 2902 ἡμῖν
3441 2836 3533 2887 καὶ
3568 2854 3767 2906 μυστι-

2199 2927 2216 2959 ι
2256 2912 2356 2981 κὴν
2393 2915 2710 2985 παραδιδοὺς
2738 2916 3030 2986 θεολογίαν,
3074 2921 3172 2991 βοᾷ
3198 2923 3290 2975 καὶ
3316 2923 3618 2996 κέκραγενο
3654 2922 3766 2992 Εἷς

2199 3018 2217 3050 ι
2263 3005 2295 3053 d
2313 3004 2472 3070 Θεός.
2492 3001 2623 3059 Εἶτα
2650 3008 2787 3077 μετὰ
2805 3010 2895 3063 τὸν
2915 3009 3009 3063 ἕνα
3024 3010 3153 3065 Θεόν
3178 3030 3360 3083 φησιν·
3391 3012 3494 3081 Εἷς
3502 3019 3761 3086 μεσίτης

2198 3107 2217 3140 ι
2258 3090 2404 3144 Θεοῦ
2426 3095 2521 3147 καί
2544 3096 2881 3164 ἀνθρώπων,
2907 3098 3213 3168 ἄνθρωπος
3225 3103 3461 3171 Ἰησοῦς
3478 3106 3529 3159 Χ
3524 3111 3763 3175 ριστός.

2200 3200 2217 3231 ι
2257 3182 2318 3235 Ei
2358 3185 2533 3237 τοίνυν
2578 3186 2857 3258 ἄνθρωπον
2904 3189 3065 3243 αὑτὸν
3116 3188 3253 3247 εἷναί
3280 3212 3443 3265 φησι,
3514 3201 3579 3269 τῇ
3618 3199 3764 3255 κατὰ

2198 3292 2215 3323 ι
2259 3276 2432 3347 σάρκα
2481 3277 2640 3329 αὐτοῦ
2700 3279 2835 3351 μόνῃ
2875 3282 3153 3351 προσέχων
3196 3286 3493 3358 οἰκονομίᾳ,
3540 3290 3762 3356 πάντως

2198 3384 2216 3415 ι
2255 3370 2469 3423 κάκεῖνο
2498 3371 2929 3441 συνομολογείτὸ
2960 3378 3094 3447 μηδὲ
3130 3378 3273 3448 ἔχειν
3305 3379 3494 3434 ἐλπίδα
3539 3384 3627 3434 ἐπ’
3664 3382 3763 3435 αὑ-

2196 3476 2214 3506 ι
2253 3459 2362 3511 τόν.
2400 3461 2855 3530 Ἐπικατάρατος
2881 3466 2986 3538 γὰρ
3006 3465 3331 3536 ἅνθρωπος,
3380 3473 3410 3524 ό
3471 3474 3764 3545 προφήτης

2196 3564 2214 3595 ι
2251 3548 2511 3619 Ἱερεμίας
2532 3552 2653 3623 ἔφη,
2684 3553 2751 3617 ὃς
2772 3555 2881 3623 τὴν
2891 3556 3106 3612 ἐλπίδα
3129 3559 3253 3627 ἔχει
3275 3561 3366 3613 ἐπ’
3384 3562 3754 3634 ἄνθρωπον.)

2201 3636 2360 3708 Ὁρᾷς
2392 3640 2537 3702 ὅπως
2578 3643 2610 3709 ἡ
2658 3644 2823 3696 κακία
2861 3646 3173 3715 τυφλώττει.
3210 3649 3393 3704 Ταῦτα
3420 3652 3551 3720 γοῦν
3594 3655 3762 3718 αὐτὸς

2193 3732 2540 3801 μαρτυρήσας
2570 3732 2699 3787 Θεὸν
2742 3734 3082 3805 ὁμολογοῦντι
3121 3742 3209 3794 τὸν
3232 3741 3378 3806 Υίδν,
3408 3745 3761 3816 μεμφόμενός

2188 3834 2247 3868 τε
2285 3822 2376 3873 ἐπὶ
2403 3822 2595 3893 τούτῳ,
2629 3824 2703 3887 ὡς
2728 3827 2857 3880 Θεὸν
2881 3830 3037 3901 οὐσίᾳ
3074 3832 3164 3884 καὶ
3206 3833 3432 3904 δυνάμει
3469 3838 3758 3904 ὑφεστῶτα

2188 3912 2278 3965 τὸν
2305 3912 2399 3965 τοῦ
2445 3915 2578 3968 Θεοῦ
2617 3918 2783 3985 Λόγον
2815 3919 3104 3989 εἰσάγοντι,
3146 3922 3239 3976 νῦν
3285 3925 3374 3978 τὸν
3400 3927 3563 3979 αὐτὸν
3594 3944 3757 3981 συκο-

2190 4007 2396 4071 φαντεῖ,
2430 4005 2504 4067 ὡς
2542 4004 2692 4074 ψιλὸν
2733 4007 3015 4078 ἄνθρωπον
3057 4012 3279 4081 λέγοντα
3320 4011 3457 4068 εἶναι.
3496 4019 3585 4070 τὸν
3622 4021 3757 4091 Χρι-

2190 4094 2331 4159 στὸν,
2364 4097 2645 4182 προφανῶς
2674 4101 3170 4173 καταψευδόμενος,
3209 4105 3264 4158 ἐν
3312 4123 3369 4159 τε
3414 4103 3495 4172 οἷς
3541 4110 3755 4182 εἴρηκε,

2189 4185 2281 4237 καὶ
2328 4186 2384 4237 ἐν
2424 4180 2504 4250 οἷς
2549 4186 2674 4258 ἑξῆς
2724 4190 2918 4261 ἐπάγει
2955 4190 3110 4257 αὖθις
3166 4195 3294 4267 περὶ
3333 4198 3497 4251 αὑτοῦ
3548 4180 3751 4269 λέγων*

2193 4291 2211 4324 ι
2265 4274 2402 4326 Ἀλλ’
2436 4279 2464 4329 ὁ
2494 4280 2902 4350 προειρημένος,
2943 4282 3145 4353 βραχέα
3178 4286 3285 4338 τῶν
3331 4288 3502 4354 ἁγίων
3540 4309 3757 4363 προφη-

2193 4383 2211 4415 ι
2249 4366 2355 4418 τῶν
2392 4368 2709 4435 φροντίσας,
2731 4371 2807 4433 ὡς
2845 4372 3151 4444 ἀπόρρητόν
3181 4392 3301 4428 τινα
3330 4379 3423 4429 καὶ
3456 4378 3753 4435 λανθάνου-

534 4451 551 4482 ι
599 4433 733 4488 sime
761 4436 972 4490 divinus
1002 4437 1292 4506 Apostolus
1316 4439 1683 4496 absconditam
1716 4452 1768 4497 et
1798 4447 2078 4515 mysticam

2195 4472 2207 4505 ι
2250 4472 2347 4509 σαν
2374 4433 2466 4510 τοῦ
2513 4460 2830 4514 Ἀποστόλου
2874 4433 3149 4533 Θεολογίαν
3187 4467 3575 4539 ἐξηγούμενος·

533 4540 554 4574 ι
601 4525 756 4580 nobis
788 4526 1109 4597 theologiam
1151 4529 1514 4599 revelaturus,
1558 4533 1754 4588 clamat
1795 4544 1850 4589 et
1888 4537 2083 4592 vocife-

532 4633 551 4666 ι
600 4628 776 4670 ratur:
799 4614 943 4671 Unus
981 4629 1054 4673 est
1091 4620 1229 4674 Deus
1252 4620 1318 4676 ⁸⁸.
1345 4621 1411 4675 Et
1429 4631 1706 4691 postquam
1727 4624 1891 4680 Deum
1915 4642 2079 4681 unum

533 4726 550 4757 ι
597 4722 717 4762 esse
763 4708 1217 4777 conlirmaverat,
1278 4711 1624 4768 Mediatorem
1649 4730 1861 4787 quoque
1914 4735 2076 4773 unum

532 4814 553 4848 ι
601 4796 694 4851 Dei
716 4806 868 4869 atque
892 4802 1156 4855 hominum
1185 4803 1464 4857 constituit
1493 4804 1560 4869 ”,
1591 4806 1860 4863 hominem
1892 4809 2075 4865 Iesum

532 4905 550 4938 ι
596 4888 887 4943 Christum.
952 4891 1103 4958 Quod
1164 4894 1211 4949 si
1261 4909 1390 4965 ergo
1445 4897 1712 4952 hominem
1759 4900 1879 4954 ideo
1929 4900 2075 4953 illum

530 5000 550 5031 ι
590 4982 839 5049 appellet,
874 4985 1013 5051 quod
1040 4987 1332 5055 respiceret
1350 5003 1494 5055 eam,
1531 5005 1645 5058 quae
1676 5000 1757 5047 est
1780 4994 2074 5048 secundum

530 5090 550 5123 ι
594 5086 837 5138 carnem,
869 5078 1250 5144 oeconomiam,
1276 5095 1381 5133 non
1409 5089 1582 5148 potest
1620 5082 1734 5137 ileri
1762 5083 1890 5153 quin
1917 5085 2075 5139 simul

530 5179 547 5210 ι
593 5162 905 5229 proﬁteatur
931 5163 1041 5231 ille,
1069 5178 1218 5234 spem
1258 5181 1316 5222 se
1358 5167 1555 5222 nullam
1588 5171 1640 5223 in
1671 5184 1735 5225 eo
1767 5172 2054 5228 collocare.

596 5272 788 5347 ιξ-Εά.
819 5271 1017 5339 Paris.,
1040 5290 1183 5347 με..
1215 5277 1304 5347 28.

590 5341 635 5371 "
662 5340 816 5396 Joan.
850 5357 979 5409 nu,
1016 5340 1068 5399 3'.
1108 5340 1209 5379 ""
1245 5346 1377 5403 Gen.
1404 5364 1446 5413 ι,
1473 5348 1563 5405 26.
1629 5352 1675 5383 ⁵⁷
1700 5351 1853 5407 Joan.
1878 5368 1936 5420 ι,
1966 5355 2055 5409 30.

594 5452 704 5533 με)
738 5454 917 5533 _Vulgo_
940 5458 1293 5533 ἐκεῖνοςηειι.
1331 5478 1385 5531 p.
1424 5465 1475 5518 in
1510 5481 1652 5521 corr.
1695 5472 1901 5533 ἐκεῖνος
1941 5489 2063 5527 mox

519 5522 946 5612 sul§q_supq65i__c
966 5522 1157 5612 idein’
1180 5528 1285 5612 με.
1437 5534 1623 5589 τούτου
1654 5522 1803 5612 (ιοέὰ

519 5595 935 5681 minimae-:06
962 5598 1105 5681 (loco
1135 5595 1366 5681 αὺεῶνῖξ
1391 5618 1579 5681 _porro
1607 5595 1978 5681 yAulgoUBodlq

519 5629 577 5647 ι..
607 5629 742 5647 η...-
774 5629 935 5650 unus
962 5629 1105 5683 μπῖ
1135 5629 1366 5671 αυνιωνι,
1420 5629 1579 5672 porro
1613 5629 1767 5677 vulgo
1819 5629 1978 5681 ρουλη

518 5661 635 5718 loco
659 5661 973 5735 βουλόμενος
998 5680 1053 5723 et
1081 5686 1146 5723 αν
1178 5667 1285 5726 εἶεν
1310 5682 1362 5728 et
1388 5674 1468 5727 ὅτι
1487 5674 1551 5746 δὴ
1567 5676 1677 5730 οὐδ.
1706 5696 1754 5733 τ.
1772 5679 1855 5735 ἀλ.
1884 5629 2073 5752 ἔμελ’,λέ

2196 4562 2214 4593 ι
2250 4544 2411 4611 Θεὸς,
2445 4547 2570 4619 ἔφη,
2590 4545 2677 4615 εἷς
2709 4551 2807 4603 καὶ
2829 4554 3081 4621 μεσίτης
3106 4556 3252 4610 Θεοῦ
3275 4558 3370 4612 καί
3403 4560 3751 4627 ἀνθρώπων,

2192 4651 2210 4683 ι
2237 4629 2539 4704 ἅνθρωπος
2554 4640 2789 4707 Ἰησοῦς
2805 4645 3074 4711 Χριστός.
3100 4665 3118 4697 ι
3138 4648 3246 4699 Καὶ
3260 4651 3287 4702 ὁ
3302 4649 3473 4703 ταῦτα
3508 4654 3749 4723 γράψας,

2186 4724 2275 4775 καὶ
2308 4725 2508 4797 σφόδρα
2539 4730 2629 4781 ἐπὶ
2680 4730 2757 4799 τῷ
2813 4734 3113 4804 μεμνῆσθαι
3155 4737 3263 4790 τῶν
3296 4738 3523 4810 Γραφῶν
3580 4759 3752 4812 μεγα-

2182 4813 2410 4885 λαυχῶν,
2444 4820 2541 4871 οὐκ
2575 4820 2872 4891 ἐνενόησεν,
2904 4824 2982 4877 ὅτι
3015 4826 3043 4876 ὁ
3073 4825 3231 4880 τοῦτο
3262 4831 3476 4900 γράψας
3503 4832 3747 4900 ἁγιεῦταέ

2181 4922 2271 4968 τος
2311 4908 2623 4974 Ἀπόστολος
2671 4913 2763 4964 καὶ
2796 4916 2967 4967 ἐκεῖνο
3000 4917 3112 4987 (28)
3160 4921 3465 4991 γέγραφεν
3525 4926 3625 4991 Ὃς
3676 4925 3750 4979 ἐν

2175 4996 2372 5066 μορφῇ
2401 5000 2548 5053 Θεοῦ
2574 5002 2873 5071 ὑπάρχων,
2903 5008 3014 5076 οὐχ
3043 5008 3356 5079 ἁρπαγμὸν
3376 5014 3649 5084 ἡγήσατο
3677 5019 3746 5071 τὸ

2179 5086 2329 5176 εἶναι
2374 5088 2478 5143 ισα
2526 5091 2667 5157 Θεῷ,
2711 5094 2845 5147 ἀλλ’
2884 5096 3180 5152 ἐκένωσεν
3209 5101 3459 5165 ἑαυτὸν,
3498 5106 3744 5176 μορφὴν

2162 5174 2384 5233 δούλου
2426 5182 2645 5248 λαϐὼν,
2674 5183 2745 5236 ἐν
2782 5184 3094 5257 ὁμοιώματι
3138 5192 3452 5261 ἀνθρώπου

2134 5355 2177 5388 ⁸⁸
2205 5356 2221 5409 1
2255 5357 2393 5414 Tim.
2426 5377 2485 5426 ιι,
2512 5363 2565 5416 5.
2641 5365 2684 5397 ⁸⁸
2711 5365 2837 5422 ibid.

2166 5471 2436 5564 εινὶεἷρμον
2461 5482 2646 5564 ςιτᾶξν
2673 5485 2929 5564 ῥημάτων
2981 5492 3101 5564 loco
3128 5493 3429 5564 ⁸ῥηματίων
3462 5507 3517 5552 et
3555 5494 3637 5564 εἷς
3680 5500 3740 5555 δὲ

2166 5549 2274 5639 ἔαρι
2289 5561 2441 5639 undet;
2459 5551 2524 5603 δι’
2554 5549 2811 5639 aegeo}:
2848 5556 2945 5621 τὰς
2978 5560 3035 5613 ἐν
3081 5549 3233 5633 αὐτῆ
3271 5576 3325 5620 et
3365 5549 3740 5639 ππῖιηῇἒνσῐξ

2164 5614 2200 5668 ἃ
2223 5614 2445 5674 δὲ’κατὰ
2469 5639 2527 5675 π.
2555 5623 2753 5694 τρόπον
2780 5625 2827 5679 δ.
