4048 6452
250 439 352 495 175

1356 428 1639 486 CONTRA
1681 425 2108 483 MARCELLUM
2147 427 2277 482 LIB.
2322 430 2362 485 l.

3390 436 3501 486 R'l‘

244 574 358 624 νος
404 555 499 609 και
549 554 809 623 σχήματι
852 549 1112 619 εὑρεθείς
1161 550 1241 614 ὡς
1286 548 1614 615 ἅνθρωπος·
1662 545 1817 614 Ὁρᾷς

1928 562 1945 594 ι
1995 544 2239 612 Namque
2302 543 2611 599 maledictus
2674 544 2866 610 homo,
2908 543 3176 602 Jeremias
3235 547 3497 616 propheta

246 650 419 711 ὅπως,
445 647 635 719 ὥσπερ
660 642 892 716 προϊδὼν
936 641 1016 711 τῷ
1059 639 1329 709 πνεύματι
1357 639 1455 706 τὴν
1481 653 1684 689 τουτων
1717 653 1816 689 κα-

247 738 514 810 κουργίαν
554 739 582 789 ό
617 734 758 805 ἱερὸς
798 730 1136 793 ’Δπόστολος,
1165 727 1338 791 οὕτως
1372 730 1431 780 ἐν
1458 724 1630 797 ἑτέρῳ
1664 726 1819 796 μέρει

245 829 331 895 τὸ,
353 829 435 894 ὡς
457 827 786 893 ἅνθρωπος,
812 822 1037 894 ἐγραψε,
1058 820 1151 875 καὶ
1173 818 1243 872 ἐν
1266 815 1579 886 ὁμοιώματι
1599 815 1821 882 ἀνθρώ-

246 933 367 972 που
414 916 753 985 γενόμενος,
804 912 890 965 ἶνα
935 910 1117 980 παύσῃ
1165 908 1345 961 αὐτῶν
1398 908 1499 976 τὴν
1550 905 1818 974 τοσαύτην

248 1004 615 1077 βλασφημίαν.
656 1002 764 1055 Καὶ
804 1001 923 1072 μεθ’
952 1002 1115 1071 ἔτερα
1145 998 1236 1053 τὸν
1283 996 1447 1051 αὑτὸν
1495 1000 1821 1065 συκοφαντεῖ

246 1090 351 1149 ὧδέ
383 1111 498 1156 me
520 1110 534 1123 ·
574 1112 593 1144 t
626 1091 749 1155 Πῶς
776 1087 869 1145 οὖν
900 1091 1111 1152 τούτοις
1144 1088 1219 1159 μὴ
1253 1086 1505 1159 προσχὼν
1537 1085 1815 1150 Εὐσέϐιος,

254 1204 273 1237 ι
316 1184 477 1255 μόνον
503 1182 785 1253 ἄνθρωπον
812 1181 903 1234 τὸν
939 1180 1163 1250 Σωτῆρα
1186 1173 1327 1232 εἶναι
1356 1177 1635 1248 βούλεται;
1670 1196 1690 1229 ι
1742 1178 1817 1229 Οὐ

248 1273 498 1345 φανερῶς
537 1273 634 1343 μὲν
664 1272 823 1325 τοῦτο
849 1271 1028 1338 λέγειν
1052 1268 1286 1339 τολμῶν,
1331 1266 1490 1321 τοῦτο
1533 1268 1591 1321 δὲ
1637 1266 1819 1338 βουλό-

249 1380 409 1435 μενος
439 1361 544 1415 ὑπὸ
570 1360 675 1413 τῶν
708 1360 853 1414 ίδίων
877 1359 1155 1428 ἐλέγχεται
1185 1354 1413 1427 ῥήσεων.
1450 1356 1561 1409 Καὶ
1588 1357 1616 1408 ό
1649 1354 1818 1409 ταῦτα

246 1452 416 1507 εἰπὼν
440 1453 530 1505 τὸν
558 1451 716 1504 αὐτὸν
738 1449 1137 1519 κατεμέμφετο,
1167 1447 1243 1510 ὡς
1266 1446 1399 1500 Θεὸν
1417 1446 1818 1517 ἀναγορεύοντα

244 1546 341 1600 τὸν
366 1545 511 1609 re»,
550 1543 773 1615 γράφων
824 1538 997 1594 οὕτω·
1040 1539 1242 1593 Διελεϊν
1270 1538 1378 1610 γὰρ
1408 1538 1499 1591 τὸν
1524 1537 1695 1606 Λόγον
1722 1536 1816 1591 τοῦ

245 1636 384 1690 Θεοῦ
408 1635 704 1706 τολμήσας,
746 1632 838 1685 καὶ
876 1630 1059 1703 ἕτερον
1086 1630 1218 1683 Θεὸν
1253 1628 1347 1683 τὸν
1391 1628 1565 1696 Λόγον
1613 1628 1814 1697 ὀνομά-

249 1748 371 1795 σας,
408 1729 565 1798 οὐσίᾳ
596 1744 653 1779 τε
687 1727 780 1779 καὶ
812 1722 1035 1794 δυνάμει
1062 1720 1323 1775 διεστῶτα
1354 1719 1446 1773 τοῦ
1476 1719 1708 1790 Πατρὸς,
1734 1719 1816 1780 είς

245 1824 380 1893 ὅσην
409 1816 754 1891 βλασφημίαν
786 1814 1137 1869 ἐκπέπτωκεν
1159 1828 1175 1878 ;

1928 655 1946 685 ι
1995 638 2071 689 ait
2094 635 2163 700 “,
2211 639 2301 706 qui
2348 640 2401 690 in
2454 638 2662 692 homine
2709 638 3045 693 oollocaoerit
3082 655 3225 709 spem
3257 657 3429 695 suam.
3474 661 3494 695 s

1930 725 2090 782 Vides
2116 736 2175 781 ut
2195 729 2435 782 obcacat
2460 729 2704 783 homines
2726 727 3113 803 malitia.,Nam
3136 732 3226 800 qui
3256 733 3499 787 testimo-

1925 820 2073 869 nium
2108 816 2213 872 tale
2246 816 2595 886 perhibuerat
2620 816 2788 871 Deum
2825 816 3025 873 Filium
3053 820 3371 877 conﬁtenti:
3406 824 3497 888 qui

1926 906 2351 976 reprehenderat
2385 921 2508 961 emn
2558 922 2585 960 a
2633 922 2742 976 quo
2794 909 2883 962 Dei
2935 909 3171 965 Verbum
3209 911 3349 965 Deus
3380 924 3501 968 esse

1928 997 2210 1053 dicebatur
2227 999 2534 1052 substantia
2564 1000 2866 1053 subsistens
2893 1010 2948 1054 et
2966 1001 3240 1071 potentia;
3270 1002 3335 1062 is,
3357 1002 3498 1056 idem

1925 1101 2095 1152 nunc,
2117 1086 2369 1142 eumdem
2408 1088 2529 1144 ideo
2558 1100 2803 1157 accusat,
2831 1089 2986 1158 quasi
3028 1090 3119 1159 qui
3148 1095 3347 1146 nudum
3376 1107 3500 1147 esse

1925 1176 2200 1232 hominem
2233 1177 2525 1233 Christum
2556 1179 2771 1234 dixerat
2800 1196 2814 1234 :
2844 1180 3189 1249 apertissime
3215 1184 3497 1247 mentitus,

1926 1276 2038 1321 tum
2071 1268 2125 1321 in
2156 1268 2276 1323 istis
2312 1269 2383 1323 ita
2417 1269 2630 1338 positis,
2664 1280 2778 1324 tum
2818 1271 2871 1324 in
2914 1270 3021 1325 illis
3068 1286 3190 1339 qua
3241 1274 3501 1343 deinceps

1924 1357 2167 1412 annectit
2198 1358 2490 1430 dicens[lt.
2517 1358 2672 1431 XC]:
2704 1358 2937 1415 «Verum
2968 1374 3133 1431 supra
3166 1362 3497 1427 nominatus,

1929 1463 1948 1496 ι
1969 1461 2092 1502 cum
2113 1462 2218 1503 non
2235 1450 2414 1519 magni
2436 1448 2638 1505 faceret
2655 1452 3027 1507 sanctissimos
3043 1452 3360 1521 prophetas,
3381 1463 3502 1507 tan-

1928 1556 1948 1590 t
1977 1552 2137 1608 quam
2154 1540 2245 1609 qui
2270 1540 2639 1595 absconditam
2670 1541 2816 1596 illam
2835 1550 2889 1597 et
2909 1530 3235 1598 ineﬂ‘abilem
3254 1544 3499 1612 Apostoli

1928 1646 1948 1680 ι
1984 1629 2305 1696 theologiam
2334 1630 2807 1700 interpretaretur,
2827 1631 2998 1699 Unus,
3020 1634 3216 1704 inquit,
3238 1635 3381 1691 Deus
3397 1647 3497 1702 est,

1927 1737 1947 1771 ι
1980 1736 2117 1773 unus
2146 1719 2243 1773 Dei
2253 1729 2410 1791 atque
2425 1722 2692 1777 hominum
2720 1726 2981 1778 mediator
3005 1728 3159 1779 homo
3177 1725 3336 1781 Iesus
3353 1726 3501 1781 (Ην-ἱ·

1845 1804 1889 1860 Β
1920 1826 1940 1861 ι
1975 1812 2169 1866 stus".
2194 1829 2214 1863 ι
2239 1812 2431 1876 adiam
2449 1814 2540 1882 qui
2559 1815 2800 1885 scripsit,
2818 1826 2874 1870 et
2894 1816 3246 1885 vehementer
3260 1818 3363 1873 sibi
3390 1818 3499 1889 ipsi

246 1912 468 1981 placuit,
486 1908 638 1979 quasi
657 1907 970 1976 Scripturas
989 1916 1177 1957 omnes
1193 1900 1453 1957 memoria
1476 1908 1687 1966 tenens,
1713 1914 2052 1970 nequaquam
2086 1912 2265 1957 tamen
2288 1904 2568 1974 cogitavit,
2587 1907 2836 1961 eumdem
2859 1906 2953 1975 qui
2985 1908 3087 1963 hoc
3113 1909 3333 1977 scripsit
3358 1908 3499 1964 divi-

247 1996 375 2057 num
406 2000 744 2070 Apostolum,
773 2008 829 2053 et
862 1995 993 2051 illud
1024 1996 1075 2049 in
1100 1994 1306 2062 scripta
1337 1993 1584 2048 retulisse
1614 2011 1629 2047 :
1660 1993 1765 2057 Qui
1790 2009 1906 2046 cum
1935 1995 1990 2047 in
2016 1994 2187 2062 [arma
2220 1994 2317 2048 Dei
2343 1996 2637 2062 exsisteret,
2669 2013 2771 2051 non
2798 1997 3089 2051 arbitratus
3128 2010 3203 2052 est
3235 2000 3495 2065 rapinam.

244 2114 354 2152 esse
377 2094 629 2164 wqualem
657 2092 784 2153 Deo,
800 2091 887 2143 sed
906 2088 1189 2144 exinanivit
1214 2087 1543 2153 semetipsum
1563 2096 1832 2153 assumpta
1855 2087 1990 2139 servi
2008 2086 2269 2151 [orma,in
2293 2087 2693 2142 similitudinem
2709 2089 2937 2143 hominis
2959 2092 3232 2155 exsistens,
3249 2102 3296 2144 et
3316 2090 3497 2160 ﬁgura

246 2196 478 2256 repertus
503 2192 751 2253 tanquam
781 2180 931 2234 homo
949 2179 1018 2233 θ’.
1045 2176 1209 2232 Vides
1238 2186 1295 2232 ut
1316 2185 1536 2231 sanctus
1557 2176 1645 2230 hic
1675 2176 1980 2245 Apostolus,
2013 2177 2177 2232 veluti
2206 2180 2295 2247 qui
2320 2180 2514 2247 spiritu
2546 2180 2775 2234 istorum
2803 2179 3209 2250 improbitatem
3242 2182 3495 2251 provide-

246 2286 351 2340 ret,
370 2275 520 2339 alibi,
552 2281 714 2342 atque
742 2270 846 2325 alia
865 2272 916 2324 in
946 2278 1098 2339 parte
1124 2268 1197 2321 ita
1230 2268 1490 2338 scriptum
1515 2267 1749 2335 reliquit,
1783 2277 2031 2339 tanquam
2053 2269 2229 2336 homo,
2250 2282 2303 2325 et
2324 2272 2377 2325 in
2410 2271 2809 2325 similitudinem
2829 2272 3057 2326 hominis
3082 2274 3365 2335 exsistens,
3385 2287 3494 2342 quo

248 2378 458 2425 tantam
487 2368 683 2423 horum
729 2365 1117 2433 blasphemiam
1156 2378 1504 2434 compescere
1552 2374 1754 2431 posset.
1803 2361 1933 2419 Post
1984 2365 2089 2419 alia
2129 2368 2379 2421 eumdem
2416 2366 2783 2422 calumniatur
2832 2367 2939 2421 isto
2984 2368 3143 2421 modo
3180 2365 3271 2438 [Κ.
3304 2364 3491 2437 XCI]:

251 2483 270 2516 ι
316 2464 598 2531 Quomodo
624 2462 785 2531 igitur
816 2459 1039 2521 factum,
1072 2466 1129 2512 ut
1158 2458 1421 2513 Eusebius
1455 2472 1573 2513 cum
1610 2459 1674 2511 ad
1704 2461 1804 2512 ista
1838 2475 1943 2515 non
1983 2464 2307 2528 attenderet,
2350 2460 2699 2517 Servatorem
2729 2469 2976 2515 nostrum
3008 2460 3182 2515 solum
3216 2461 3491 2515 hominem

251 2578 270 2610 ι
318 2567 537 2613 exstare
568 2554 943 2611 contendat?»
978 2553 1092 2608 Non
1130 2553 1233 2606 hoc
1258 2553 1473 2620 quidem
1505 2567 1671 2607 ausus
1714 2563 1799 2607 est
1835 2566 2021 2621 aperte
2082 2554 2329 2624 profari:
2391 2566 2447 2609 at
2493 2557 2595 2610 hoc
2660 2555 2900 2611 voluisse
2944 2556 3226 2611 convictus
3278 2564 3493 2611 tenetur

246 2655 361 2707 suis
413 2652 582 2723 ipsius
640 2650 838 2705 verbis.
891 2648 953 2701 Et
1000 2646 1374 2711 nihilominus,
1433 2647 1523 2714 qui
1560 2647 1640 2701 sic
1680 2663 1799 2701 eum
1842 2659 2083 2714 accusat,
2115 2650 2462 2718 reprehendit
2512 2649 2666 2707 illum
2692 2664 2931 2719 quoque,
2974 2650 3117 2719 quod
3145 2647 3340 2704 Filium
3368 2663 3495 2705 esse

248 2745 415 2798 Deum
441 2750 714 2796 asseveret
740 2757 752 2793 :
782 2738 1023 2803 dividere
1054 2736 1268 2805 quidem
1301 2735 1393 2789 Dei
1426 2735 1664 2790 Verbum
1703 2751 1887 2803 ausus,
1945 2748 2001 2793 et
2041 2739 2277 2794 Verbum
2342 2740 2508 2794 Deum
2574 2740 2806 2796 alterum
2864 2740 3170 2807 nominans,
3237 2740 3492 2795 substan-

250 2839 322 2892 tia
350 2847 405 2890 et
434 2833 672 2903 putentia
704 2848 734 2885 a
773 2829 934 2885 Patre
972 2827 1333 2895 diﬂ'erenletn,
1366 2829 1419 2882 in
1455 2839 1713 2898 quantam
1748 2831 1937 2886 incidit
1964 2832 2353 2901 blasphemiam
2380 2833 2402 2885 ?

319 2926 570 2980 Τοσαῦτα
612 2924 705 2977 καὶ
747 2921 949 2975 τούτων
980 2920 1058 2973 ἔτι
1094 2919 1288 2991 μακρῷ
1309 2920 1526 2974 πλείονα
1560 2922 1621 2974 οὐ
1675 2924 1815 2976 κατά

1985 2924 2155 2979 Totet
2176 2926 2323 2988 talia,
2344 2934 2398 2978 et
2423 2924 2578 2995 longe
2605 2924 2783 2980 adhuc
2805 2923 2959 2993 plura
2991 2939 3097 2980 non
3131 2924 3185 2979 in
3210 2924 3355 2981 solos
3372 2926 3489 2996 epi-

253 3020 429 3091 μόνων
477 3016 585 3069 τῶν
638 3014 968 3075 ἐπισκόπων,
1014 3010 1148 3065 ἀλλά
1181 3011 1449 3065 καὶκατὰ
1492 3013 1589 3082 τῆς
1636 3014 1817 3081 ὑγιοῦς

1920 3032 2114 3086 scopos
2148 3032 2272 3072 cum
2312 3017 2545 3072 eﬂutivit
2587 3018 2896 3081 Marcellus,
2931 3019 3026 3073 sed
3062 3018 3114 3072 in
3155 3018 3327 3087 ipsam
3350 3034 3489 3088 quo-

249 3112 343 3164 καὶ
369 3107 821 3179 ἐκκλησιαστικῆς
849 3106 1082 3169 πίστεως
1135 3104 1429 3173 ἐκθέμενος
1479 3104 1817 3175 Μάρκελλος,

1919 3123 2022 3176 que
2038 3122 2222 3163 sanam
2251 3118 2304 3161 et
2331 3107 2756 3162 ecclesiasticam
2785 3106 2967 3171 ﬁdem,
2990 3106 3284 3163 manifeste
3308 3108 3488 3163 declao

247 3201 402 3272 δῆλος
425 3199 491 3253 ἂν
520 3199 607 3268 εἴη
634 3198 823 3260 ὁποίας
846 3197 1006 3259 αὐτὸς
1032 3196 1241 3266 ὑπῆρχε
1271 3195 1657 3267 προαιρέσεως.
1696 3195 1817 3249 Ὀτι

1919 3208 2005 3254 rat
2031 3214 2141 3269 quo
2166 3198 2350 3252 animo
2382 3198 2638 3267 prmditus
2664 3206 2719 3251 et
2748 3196 3026 3252 voluntate
3049 3197 3247 3253 fuerat.
3274 3197 3487 3255 Nullam

246 3294 290 3345 δ’
326 3293 477 3346 οὐδὲν
504 3292 603 3360 τῆς
631 3289 885 3360 ἀληθείας
920 3288 1079 3358 ἔμελε
1101 3287 1177 3357 τῷ
1208 3288 1380 3357 ἀνδρὶ,
1414 3287 1603 3357 μάθοις
1634 3287 1699 3341 ἂν
1727 3289 1818 3341 αὑ-

247 3388 366 3448 ταῖς
396 3382 631 3453 ὲντυχὼν
664 3383 778 3444 ταῖς
813 3380 921 3433 τῶν
948 3380 1261 3433 ἐπισκόπων
1291 3377 1620 3444 ἐπιστολαῖς,
1652 3381 1708 3431 ἐν
1730 3374 1818 3441 αἷς

249 3480 499 3549 εὑρήσεις
528 3476 688 3528 αὐτὸν
714 3476 772 3525 τὸ
814 3474 911 3543 μὲν
950 3474 1055 3525 πᾶν
1097 3470 1257 3541 σῶμα
1289 3470 1389 3539 τῆς
1430 3469 1667 3532 διανοίας
1712 3471 1820 3524 τῶν

248 3568 444 3633 λέξεων
474 3562 951 3637 ἀκρωτηριάζοντα
971 3579 983 3591 ·
1042 3563 1135 3615 καὶ
1162 3562 1255 3615 τὸν
1295 3561 1395 3631 μὲν
1423 3560 1599 3613 πάντα
1632 3562 1819 3631 εἱρμὸν

249 3659 688 3729 ἀποκρύπτοντα,
738 3656 1019 3727 ῥηματίων
1047 3653 1103 3707 δὲ
1139 3652 1691 3739 ἀντιλαμϐανόμενον,
1724 3652 1819 3705 καὶ

247 3750 450 3805 τούτων
475 3747 793 3819 κακούργως
829 3746 1145 3816 ποιούμενον
1181 3745 1279 3815 τὴν
1298 3742 1570 3812 διαϐολήν.
1614 3743 1820 3796 Αὐτίκα

248 3842 378 3911 γοῦν
409 3841 734 3908 συκοφαντεῖ
756 3837 846 3891 τὸν
881 3836 1135 3890 Εὑσέϐιον
1165 3837 1229 3888 ἐκ
1263 3833 1355 3887 τοῦ
1386 3833 1714 3906 προφανοῦς,
1744 3834 1820 3896 ὼς

246 3933 399 4004 ψιλὸν
429 3930 713 4001 ἄνθρωπον
754 3928 845 3981 τὸν
876 3926 1108 3998 Χριστὸν
1140 3926 1425 3996 εἰρηκότα·
1480 3923 1667 3994 ἐπειδὴ
1722 3923 1820 3993 τῆς

249 4022 607 4091 ἀποστολικῆς
630 4020 811 4089 φωνῆς
840 4020 895 4071 ἐν
923 4020 989 4089 τῇ
1020 4016 1210 4070 ἐαυτοῦ
1238 4014 1492 4084 ἐπιστολῇ
1524 4013 1617 4083 τὴν
1640 4011 1819 4083 παρά-

250 4116 395 4170 θεσιν
428 4114 738 4181 πεποίηται,
792 4112 860 4164 δι’
901 4105 968 4180 ἧς
1012 4110 1173 4173 αὐτὸς
1223 4105 1373 4160 εἶπεν
1415 4108 1443 4158 ό
1468 4104 1815 4167 Ἀπόστολος·

250 4204 353 4273 Εἷς
379 4205 488 4275 Δγὰρ
511 4208 545 4259 ό
582 4205 745 4268 Θεόςο
779 4197 865 4267 εἷς
901 4200 970 4254 δὲ
1004 4199 1102 4253 καὶ
1132 4199 1386 4268 μεσίτης
1413 4197 1559 4250 Θεοῦ
1591 4196 1691 4249 καί
1715 4196 1819 4249 ἁν-

1922 3306 2049 3346 vcro
2081 3306 2267 3345 curam
2307 3291 2382 3344 illi
2425 3289 2672 3345 veritatis
2711 3287 2880 3344 fuisse
2921 3290 3133 3345 discere
3180 3292 3407 3360 poteris,
3440 3293 3489 3348 si

1920 3385 1973 3435 in
1999 3383 2145 3453 ipsas
2176 3381 2465 3450 aliquando
2493 3383 2874 3450 episcoporum
2898 3381 3154 3449 epistolas
3183 3382 3442 3439 incideris
3466 3401 3481 3438 :

1919 3474 2164 3529 invenies
2193 3472 2395 3552 etenim
2439 3472 2613 3535 illum,
2656 3485 2856 3540 corpus
2909 3473 3243 3541 universum,
3294 3490 3489 3532 sensus

1918 3576 1972 3619 et
1999 3564 2284 3620 sententias
2322 3577 2512 3617 earum
2558 3562 2901 3618 delumbasse
2951 3564 3171 3629 seriem,
3213 3567 3486 3623 dictorum

1919 3658 2025 3710 vim
2056 3654 2359 3710 occultasse
2384 3668 2400 3709 :
2425 3654 2588 3709 verba
2624 3656 2946 3723 arripuisse.
2986 3666 3041 3711 et
3085 3668 3305 3727 arrepta
3332 3660 3489 3717 satis

1921 3747 2164 3815 improbe
2202 3746 2589 3800 calumniasse.
2631 3744 2925 3801 Eusebium
2965 3761 3151 3817 aperte
3198 3751 3487 3809 calumniis

1920 3833 2150 3901 impetit,
2179 3834 2333 3902 quasi
2358 3834 2564 3888 diceret
2594 3833 2868 3889 Christum
2916 3850 3035 3892 esse
3066 3841 3269 3894 nudum
3304 3842 3484 3897 homi-

1920 3939 2065 3987 nem,
2098 3925 2219 3979 ideo
2251 3926 2482 3994 quod'in
2518 3926 2749 3995 epistola
2781 3942 2877 3982 sua
2908 3930 3234 3984 sententiam
3264 3942 3486 4000 aposto-

1920 4016 2077 4071 licam
2106 4027 2415 4093 usurparet,
2455 4032 2616 4087 quatn
2666 4019 2747 4073 sic
2777 4020 2954 4087 posuit
2980 4020 3271 4090 Apostolus
3295 4040 3310 4077 :
3333 4020 3485 4079 Unus

1918 4108 2102 4163 etenim
2130 4106 2270 4162 Deus
2292 4118 2407 4161 est:
2438 4125 2571 4163 unus
2600 4110 2860 4164 mediator
2884 4108 2981 4165 Dei
3012 4122 3167 4182 atque
3188 4114 3483 4185 hominum,

1919 4200 2071 4252 homo
2093 4199 2247 4253 Jesus
2273 4200 2512 4254 Christus
2540 4200 2605 4253 ⁸³.
2634 4199 2747 4256 Ηοο
2777 4200 2998 4257 eﬂatum
3034 4204 3235 4261 idcirco
3268 4218 3485 4276 aposto-

250 4297 513 4365 θρώπων,
529 4294 828 4362 ἄνθρωπος
850 4291 1088 4359 Ἰησοῦς
1103 4285 1592 4356 Χριστός.Ταύτην
1616 4288 1713 4356 μὲν
1726 4280 1817 4339 οὖν

1921 4289 2104 4355 licum,
2142 4300 2393 4359 tanquam
2426 4290 2791 4347 Eusebianum
2821 4305 3082 4349 accusat:
3122 4311 3222 4353 nec
3250 4299 3494 4355 advertit

249 4389 347 4458 τὴν
386 4384 747 4457 ἀποστολικὴν
776 4381 940 4447 λέξιν,
974 4381 1175 4435 ὡσανεὶ
1195 4378 1453 4432 Εὐσεϐίου
1482 4373 1668 4441 οὖσαν,
1704 4377 1818 4431 δια-

253 4480 501 4551 ϐέϐληκεο
542 4478 616 4549 μὴ
644 4476 844 4540 συνιεὶς
872 4478 900 4529 δ
926 4472 1251 4544 σοφώτατος,
1282 4473 1361 4525 ὅτι
1392 4472 1483 4525 τὸν
1500 4472 1817 4525 Ἀπόστολον

254 4570 520 4634 διέϐαλλε,
545 4569 641 4633 τὰς
662 4568 719 4622 δὲ
751 4565 914 4620 αὑτοῦ
944 4565 1147 4635 φωνὰς,
1179 4564 1277 4628 τάς
1296 4567 1353 4618 ἐν
1386 4565 1452 4633 τῇ
1481 4563 1618 4633 αὐτῇ
1654 4577 1817 4631 φερο-

258 4661 421 4733 μένας
470 4659 746 4731 ἐπιστολῇ,
775 4658 872 4722 τάς
904 4674 961 4710 τε
998 4659 1054 4709 ἐν
1098 4658 1211 4718 τοῖς
1242 4656 1447 4718 λοιποῖς
1486 4653 1649 4707 αὑτοῦ
1694 4670 1820 4722 συγ·

254 4756 560 4826 γράμμασι,
585 4755 696 4816 τοῖς
717 4754 795 4815 εἰς
814 4750 911 4814 τὰς
940 4750 1089 4814 θείας
1113 4749 1333 4820 Γραφὰς
1366 4748 1762 4817 πεπονημένοις
1783 4746 1818 4799 ἃ

253 4842 317 4913 δὴ
336 4840 479 4895 κατά
505 4840 679 4894 πάντα
708 4840 868 4893 τόπον
885 4838 1200 4903 διαδέδοται,
1224 4838 1401 4907 σιωπῇ
1439 4834 1785 4906 παραδέδωκε
1802 4852 1815 4865 ·

256 4933 466 5005 κριὶινας
494 4935 558 5004 τῇ
585 4935 760 5003 σιωπῇ
788 4932 825 4985 ἃ.
850 4932 924 5003 μὴ
961 4931 1072 5002 (9.9)
1120 4929 1495 4999 συκοφαντεῖν.
1529 4926 1614 5011 Τὸ.
1631 4928 1815 4997 ὅμοιον

255 5025 299 5081 δ’
339 5024 405 5079 ἂν
436 5022 582 5096 εὖροι
604 5040 685 5085 τις
711 5023 872 5076 αὐτὸν
918 5020 1254 5091 πεποιηκότα
1288 5021 1382 5073 καὶ
1431 5018 1657 5070 ἐπὶτῶν
1704 5016 1815 5070 λοι-

259 5115 395 5183 πῶν,
429 5107 503 5169 ὧν
529 5112 844 5183 διαϐέϐληκε
888 5113 1259 5184 γραμμάτων
1310 5110 1346 5164 ἃ
1381 5109 1467 5179 δὴ,
1499 5108 1657 5177 λόγου
1682 5125 1817 5179 συμ-

262 5208 453 5279 μετρίᾳ
481 5205 801 5276 φειδόμενοι,
824 5206 935 5266 τοῖς
963 5203 1202 5256 ἐθέλουσι
1246 5201 1342 5273 τὴν
1376 5199 1578 5254 τούτων
1612 5198 1813 5269 ἀκριϐῆ

260 5296 525 5351 ποιεῖσθαι
589 5293 879 5363 διάγνωσιν
933 5292 1421 5362 παραχωρήσομεν,
1496 5286 1814 5350 σπεύδοντες

258 5388 409 5442 αὐτοὶ
430 5386 526 5458 τὴν
563 5386 732 5457 αὐτὴν
775 5383 1089 5456 Μαρκέλλου
1125 5384 1250 5452 περὶ
1268 5380 1360 5435 τοῦ
1384 5379 1511 5433 Υἱοῦ
1545 5378 1639 5431 τοῦ
1677 5376 1811 5431 Θεοῦ

260 5478 581 5547 ξινοφιωίαν
602 5478 705 5549 ήδη
730 5478 913 5530 λοιπὸν
961 5473 1323 5541 ἀποκαλύψαι,
1354 5472 1431 5535 ὡς
1475 5470 1539 5524 ἂν
1586 5470 1816 5539 φανερῖν

1921 4383 2004 4435 vir
2032 4382 2287 4451 prudens,
2323 4382 2640 4451 Apostolum
2681 4385 2749 4439 ab
2782 4399 2847 4442 eo
2884 4396 3217 4451 accusatum,
3264 4402 3485 4460 propter

1923 4472 2022 4527 has
2052 4486 2214 4527 voces
2247 4474 2453 4542 positas
2490 4474 2543 4527 in
2579 4475 2803 4543 epistola
2832 4475 2943 4541 illa,
2973 4486 3027 4530 et
3063 4477 3191 4533 alibi
3224 4484 3279 4534 in
3311 4482 3485 4550 operi-

1923 4561 2023 4615 bus
2053 4559 2290 4627 ejusdem
2322 4560 2461 4626 aliis,
2492 4576 2614 4631 qua;
2638 4563 2691 4616 in
2728 4578 2911 4619 sacras
2942 4564 3252 4634 Scripturas
3284 4583 3483 4623 esara-
3533 4602 3537 4608 ι

1924 4651 2039 4715 vit;
2067 4665 2187 4721 quae
2225 4652 2427 4722 ubique
2478 4668 2532 4709 et
2571 4657 2774 4723 passim
2823 4659 3274 4727 depraedicantur,
3312 4667 3371 4725 iis
3408 4665 3484 4717 si-

1914 4742 2083 4798 lentio
2134 4743 2391 4811 involvit;
2439 4744 2532 4801 illa
2582 4746 2820 4802 reticens
2843 4764 2961 4817 quae
3006 4750 3328 4806 calumniari
3376 4769 3479 4808 non

1915 4843 2145 4904 poterat.
2189 4835 2501 4891 Consimilia
2555 4849 2899 4907 perpetrasse
2948 4841 3095 4895 illum
3144 4842 3271 4897 licet
3294 4845 3484 4899 obser-

1914 4940 2046 4981 vare
2077 4926 2130 4980 in
2154 4928 2365 4982 caeteris
2388 4943 2607 4999 quoque
2656 4931 2877 5000 scriptis
2908 4948 3028 5002 quae
3062 4945 3301 4992 accusat.
3327 4936 3479 5002 Qua,

1917 5031 1985 5071 ne
2010 5018 2186 5071 oratio
2207 5029 2488 5074 excrescat
2511 5019 2565 5075 in
2596 5021 2945 5087 immensum,
2982 5024 3086 5079 illis
3114 5026 3484 5092 permittimus

1916 5110 2313 5176 cog-noscenda,
2343 5111 2544 5179 quibus
2583 5113 2794 5167 libitum
2822 5124 2905 5169 est
2937 5116 3187 5170 exactius
3219 5130 3281 5171 ea
3333 5119 3485 5172 inve-

1920 5198 2124 5267 stigare
2152 5216 2163 5251 :
2191 5213 2257 5254 eo
2304 5202 2695 5257 contendentes
2738 5204 2874 5272 ipsi,
2908 5215 2968 5257 ut
3006 5203 3244 5259 Marcelli
3276 5208 3485 5259 novita-

1920 5296 2027 5342 tem
2061 5290 2128 5344 de
2172 5290 2265 5343 Dei
2305 5290 2446 5345 Filio
2484 5292 2793 5347 inusitatam
2838 5295 2890 5348 in
2938 5303 3186 5363 apertum
3242 5295 3484 5365 proferat.

1922 5395 2061 5444 Inus,
2098 5381 2168 5435 ita
2211 5391 2267 5436 ut
2319 5383 2623 5455 intelligant
2669 5386 2913 5441 universi
2964 5392 3287 5457 perspicue,
3320 5402 3481 5458 quam

1923 5472 2247 5527 sententiam
2278 5472 2489 5530 fovebat
2520 5474 2566 5532 is
2592 5475 2660 5531 de
2686 5475 2822 5531 Filio
2857 5475 2974 5532 Dei.

260 5573 465 5644 γένοιτο
487 5576 597 5634 τοῖς
616 5572 799 5634 πᾶσιν,
823 5572 968 5633 ὅπως
994 5568 1153 5629 αὐτὸς
1178 5566 1391 5637 ἐφρόνει
1413 5564 1538 5636 mp1
1570 5562 1663 5614 τοῦ
1687 5559 1815 5614 Υἱοῦ
1847 5559 1941 5613 τοῦ
1967 5561 2121 5615 Θεοῦ.

334 5670 392 5727 ’Β
429 5662 526 5718 Ed.
555 5661 757 5725 Paris.,
790 5676 924 5732 pag.
949 5660 1135 5732 29-30.

331 5719 382 5766 δ”
410 5733 523 5788 Jer.
548 5747 683 5799 svn,
708 5719 763 5787 5'.
790 5719 805 5732 “
837 5719 929 5784 ⁸ίί
963 5730 1172 5791 'I‘im.n,
1201 5728 1253 5782 5.
1328 5729 1373 5759 τι
1409 5724 1639 5794 Philipp.
1670 5738 1730 5791 tt,
1763 5726 1817 5788 6,
1846 5723 1901 5776 Ἰ.
1977 5721 2023 5753 ⁸⁸
2056 5723 2069 5775 I
2101 5719 2241 5775 Tim.
2272 5737 2331 5788 tt,
2360 5723 2411 5778 5.

330 5821 443 5895 (I9)
477 5824 575 5893 Μὴ
602 5819 700 5897 ἦν,
728 5832 822 5879 aut
851 5820 975 5893 ἐξῆν
1009 5821 1373 5889 συκοφαντεῖν.
