4048 6482
253 490 350 544 731

1373 483 1652 539 CONTRA
1693 478 2117 536 MARCELLUM
2160 478 2286 531 LIB.
2329 476 2391 532 ΙΙ.

3384 468 3500 526 78?.

249 605 697 674 προσδοκώμενος
721 602 887 656 εἰσέτι
927 601 1022 654 νῦν
1047 602 1299 673 Χριστὸς,
1332 601 1391 652 ὃν
1435 598 1815 666 Ἢλειμμένον

1921 610 2024 648 non
2062 594 2185 648 talis
2222 605 2514 661 tantusque
2566 601 2718 646 vates
2770 589 2978 645 Isaias:
3027 602 3134 643 non
3189 587 3494 657 prophetae

248 695 440 748 καλεῖν
474 692 744 757 εἰώθασιν,
788 692 980 762 ἀγήρω
1036 692 1134 762 τὴν
1190 690 1467 759 βασιλείαν
1514 690 1606 741 καὶ
1657 687 1820 740 Θάνα-

247 801 340 838 τον
363 785 508 848 ἕξειν
537 784 649 853 (56)
683 782 982 845 ὲλπίζεται.
1049 782 1205 834 Ἀλλὰ
1255 781 1348 834 καὶ
1377 780 1582 833 τούτων
1627 779 1817 846 γέγονε

250 873 450 946 χείρων
467 877 496 926 ό
521 874 615 929 καὶ
640 875 718 936 εις
740 873 838 942 τὴν
877 872 1050 943 ἀρχὴν
1077 870 1210 942 ὁμοῦ
1245 872 1338 924 καὶ
1359 873 1437 934 είς
1457 871 1518 923 τὸ
1545 870 1695 931 τέλος
1724 866 1816 920 τοῦ

251 966 381 1019 Υἱσῦ
393 965 528 1018 Θεοῦ
541 965 805 1034 ἁσεὸῆσαι
816 965 985 1034 τολμή
993 963 1172 1026 σας,όν
1184 961 1454 1024 οὺδάὺτδς
1469 963 1497 1012 ὁ
1514 961 1652 1022 θεῖος
1670 961 1724 1011 Ἀ
1732 961 1820 1011 πό-

252 1055 436 1116 στολος
477 1052 896 1122 κατεδυσώπησε
939 1053 1012 1123 μὴ
1043 1051 1265 1105 τοιαῦτα
1295 1052 1526 1112 ἀσεὸεῖν,
1563 1050 1818 1117 ἄντικρυς

250 1143 444 1209 λέγων,
465 1141 685 1206 Πιστὸς
703 1143 734 1194 ὀ
759 1141 960 1209 λόγος·
979 1141 1032 1192 εὶ
1051 1139 1160 1207 γὰρ
1188 1136 1697 1203 συναπεθάνομεν,
1719 1134 1818 1187 καὶ

249 1229 615 1299 συζήσομεν,
635 1234 686 1284 εὶ
701 1228 1094 1299 ὑπομένομεν,
1115 1229 1207 1281 καὶ
1231 1227 1817 1296 συμϐασιλεύσομεν,

249 1324 347 1378 καὶ
384 1323 749 1393 κληρονόμους
780 1323 878 1392 μὲν
912 1322 1058 1390 ἡμᾶς
1085 1319 1299 1372 ἔσεσθαι
1322 1320 1413 1371 τοῦ
1436 1317 1592 1381 Θεοῦ,
1619 1318 1679 1369 οὐ
1715 1316 1818 1385 μὴν

249 1415 373 1486 δίχα
406 1414 500 1468 τοῦ
545 1413 799 1484 Χριστοῦ.
845 1413 1209 1480 κληρονόμοι
1247 1428 1388 1482 γαρ,
1430 1411 1590 1480 φησὶ.
1640 1407 1816 1468 Θεοῦ»

249 1504 734 1573 συγιληρονόμοι
756 1502 822 1554 δὲ
855 1501 956 1554 τοῦ
975 1499 1250 1567 Χριστοῦ·
1278 1501 1443 1566 εἴπερ
1466 1497 1819 1566 συμπάσχο-

245 1611 386 1664 μεν,
413 1594 516 1646 ἵνα
565 1595 664 1646 καὶ
707 1589 1230 1658 συνδοξασθῶμεν.
1284 1591 1394 1643 Καὶ
1425 1589 1611 1642 πάλιν·
1647 1592 1712 1640 El
1754 1587 1821 1639 δὲ

248 1682 645 1750 ἀπεθάνομεν,
679 1683 832 1752 φησὶ,
864 1681 985 1733 σὺν
1014 1678 1265 1748 Χριστῷ,
1298 1679 1690 1746 πιστεύομεν.
1733 1675 1820 1728 ὅτι

249 1775 350 1829 καὶ
381 1771 722 1842 πζήσομεν
746 1771 931 1837 αὐτῷ,
961 1771 1186 1835 ειδότες
1222 1771 1310 1823 ὅτι
1338 1769 1589 1837 Χριστὸς
1614 1807 1627 1830 ,
1660 1769 1821 1836 ἐγερ-

250 1864 377 1929 θεὶς
425 1865 495 1916 ἐκ
525 1861 774 1929 νεκρῶν,
822 1863 934 1915 οὐκ
989 1861 1074 1915 ἔτι
1124 1861 1528 1918 ἀποθνήσκει·
1566 1857 1818 1923 θάνατος

248 1953 438 2009 αὐτοῦ
460 1956 570 2008 οὐκ
601 1955 687 2007 ἔτι
718 1952 1036 2020 κυριεύσει·
1066 1953 1160 2004 καὶ
1178 1949 1349 2014 αὖθις·
1373 1951 1443 2004 Τὸ
1465 1950 1532 2003 δὲ
1561 1949 1820 2019 χάρισμα

249 2044 360 2098 τοῦ
389 2044 536 2098 Θεοῦ
561 2042 672 2112 ζωὴ
698 2045 931 2108 αἰώνιος
947 2045 1018 2097 ἐν
1040 2042 1269 2112 Χριστῷ
1303 2042 1496 2109 Ἰησοῦ
1529 2041 1607 2105 τῷ
1625 2042 1820 2107 Κιιρίῳ

252 2134 445 2202 ἡμῶν.
477 2134 682 2189 Οὐκοῦν
716 2139 750 2205 ή
790 2134 1005 2198 αἰώνιος
1038 2135 1149 2206 ζωὴ
1176 2136 1273 2188 οὐκ
1306 2134 1479 2196 ἄλλως
1511 2136 1639 2203 ἡμῖν
1666 2151 1821 2204 πορι-

255 2225 513 2296 σθήσεται
541 2227 574 2295 ἢ
602 2229 659 2279 ὲν
696 2224 917 2296 Χριστῷ
961 2224 1137 2295 Ἰησοῦ
1175 2225 1252 2294 τῷ
1285 2226 1472 2296 Κυρίῳ
1500 2224 1657 2294 ἡμῶν
1681 2241 1692 2253 ·
1726 2224 1820 2276 καὶ

251 2319 288 2389 ἡ
321 2317 475 2382 ἐλπὶς
498 2317 656 2387 ἡμῶν
671 2319 769 2387 οὐχ
797 2317 982 2380 ἁπλῶς
998 2317 1180 2387 ζῆσαι,
1205 2316 1341 2371 ἀλλὰ
1363 2319 1460 2369 σὺν
1489 2316 1637 2386 αὐτῷ
1663 2315 1819 2380 δοξα-

252 2409 468 2480 σθῆναι,
501 2409 595 2463 καὶ
648 2411 745 2463 σὺν
769 2409 916 2479 αὑτῷ
947 2409 1373 2481 κληρονομῆσαι,
1409 2409 1503 2461 καὶ
1551 2409 1645 2461 σὺν
1673 2407 1819 2476 αὐτῷ

255 2500 574 2571 βασιλεῦσαι
597 2516 610 2530 ·
641 2502 817 2554 πάντα
850 2503 958 2571 γὰρ
982 2504 1111 2572 ἡμῖν
1131 2502 1195 2553 ἐκ
1223 2501 1324 2570 τῆς
1346 2499 1509 2554 αὐτοῦ
1537 2499 1820 2562 κοινωνίας

252 2590 524 2661 ὑπάρξει·
568 2591 597 2644 ὃ
634 2591 872 2645 διδάσκει
938 2594 968 2646 ὁ
1035 2593 1196 2654 αὐτὸς
1251 2593 1462 2662 φήσας·
1519 2589 1738 2654 Πιστὸς
1787 2591 1820 2642 ό

253 2680 424 2749 Θεὸς,
438 2682 510 2736 δι’
530 2679 599 2739 οὗ
613 2682 905 2750 ἐκλήθητε
920 2685 1006 2750 εὶς
1022 2683 1336 2736 κοινωνίαν
1357 2682 1460 2735 τοῦ
1487 2682 1619 2734 Υἱοῦ
1636 2679 1819 2734 αὑτοῦ

263 2771 472 2838 Ἰησοῦ
485 2773 740 2840 Χριστοῦ
755 2771 860 2826 τοῦ
877 2773 1092 2839 Κυρίου
1108 2771 1292 2839 ἡμῶν.
1313 2771 1407 2834 Τίς
1426 2771 1481 2823 δὲ
1497 2772 1530 2836 ἡ
1548 2769 1816 2833 κοινωνία,

252 2860 573 2932 παρίστησι,
600 2863 694 2916 καὶ
726 2864 1030 2932 συνήγειρε,
1052 2861 1250 2931 λέγων·
1277 2863 1383 2915 Καὶ
1419 2860 1820 2915 συνεκάθισεν

251 2959 325 3006 ἐν
351 2952 480 3018 τοῖς
516 2953 912 3021 ἐπουρανίοις,
958 2954 1026 3006 ἐν
1051 2953 1283 3021 Χριστῷ
1336 2953 1555 3020 Ἰησοῦ,
1587 2953 1687 3006 ἵνα
1724 2953 1820 3004 ἐν·

251 3043 523 3111 δείεηται
563 3045 632 3098 ἐν
681 3044 804 3110 τοῖς
851 3043 1023 3098 αίῶσι
1074 3044 1198 3110 τοῖς
1263 3043 1683 3113 ἐπερχομένοις
1754 3042 1819 3096 τὸ

249 3137 635 3207 ὑπερϐάλλον
672 3138 929 3204 πλοῦτος
957 3136 1067 3204 τῆς
1096 3137 1333 3206 χάριτος
1366 3137 1435 3189 ὲν
1463 3139 1820 3208 χρηστότητι

251 3234 346 3299 ἐρ’
365 3230 522 3299 ἡμᾶς
540 3230 608 3283 ἐν
637 3223 864 3297 Χριστῷ
894 3229 1116 3296 Ἰησοῦ.
1160 3229 1215 3282 '0
1247 3228 1292 3281 δ’
1322 3228 1480 3290 αὐτὸς
1516 3227 1609 3280 xui.
1650 3226 1820 3280 ταῦτα

1926 701 2044 740 rum
2096 698 2384 739 consessus
2431 684 2762 753 persuadere
2802 684 2929 737 huic
2979 682 3184 737 homini
3247 693 3495 751 potuere,

1923 789 2030 843 quo
2084 775 2262 827 minus
2307 773 2424 826 hec
2466 773 2760 838 scriberet,
2810 781 2867 826 et
2901 771 3237 841 opinaretur.
3288 769 3398 822 lmo
3426 783 3496 822 ne

1921 867 2137 935 quidem
2167 865 2335 920 Judaei
2368 865 2494 935 ipsi,
2530 867 2672 935 apud
2722 880 2880 934 quos,
2919 865 3010 930 qui
3053 864 3231 918 adhuc
3271 863 3492 932 quidem

1919 967 2266 1026 exspectatur
2287 956 2559 1022 Christus,
2585 971 2746 1023 quem
2769 956 2841 1008 illi
2862 953 3197 1009 Etimmenon
3214 954 3496 1024 appellare

1921 1051 2120 1114 solent,
2152 1049 2389 1102 creditur
2433 1048 2724 1102 habiturus
2759 1060 2982 1115 regnum
3028 1060 3132 1100 non
3165 1045 3487 1108 desiturum,

1920 1149 2015 1194 aut
2039 1151 2266 1193 mortem
2300 1140 2414 1208 ipse
2449 1138 2722 1193 obiturus.
2774 1137 2958 1206 Longe
2984 1137 3200 1205 quidem
3234 1136 3354 1190 istis
3388 1135 3489 1190 de-

1924 1225 2091 1286 terior
2123 1239 2204 1284 est
2234 1231 2324 1298 qui
2370 1247 2474 1283 non
2511 1240 2727 1284 veretur
2758 1229 3091 1297 impietatem
3123 1225 3330 1289 fovere,
3365 1242 3489 1281 cum

1921 1321 1988 1374 de
2018 1321 2172 1374 initio
2203 1319 2291 1373 Dei
2321 1318 2462 1383 Filii,
2483 1331 2595 1373 tum
2626 1319 2691 1373 de
2721 1319 2847 1372 line.
2876 1318 3046 1384 Quem
3075 1333 3180 1373 non
3205 1318 3378 1385 potuit
3406 1317 3493 1369 di-

1922 1412 2078 1464 vinus
2107 1411 2397 1479 Apostolus
2423 1407 2722 1472 inﬂectere,
2757 1422 2826 1461 ne
2851 1422 2915 1461 eo
2947 1422 3122 1476 usque
3164 1421 3491 1477 prorumpe-

1923 1511 2007 1554 ret
2035 1501 2363 1568 impietatis,
2405 1501 2530 1553 dum
2567 1499 2641 1552 ita
2673 1498 2954 1567 loquitur:
2979 1497 3178 1550 Fidelis
3211 1499 3295 1550 hic
3320 1512 3492 1550 sermo

1919 1601 2016 1653 est,
2051 1592 2096 1644 si
2127 1607 2243 1643 cum
2301 1590 2395 1644 illo
2443 1591 2647 1643 mortui
2691 1591 2879 1656 simus,
2923 1606 3029 1643 una
3063 1606 3181 1642 cum
3221 1589 3316 1642 illo
3352 1588 3492 1641 vive-

1921 1699 2034 1736 mus
2065 1701 2083 1735 :
2107 1682 2486 1750 sisuﬂ’eramus
2513 1694 2559 1735 et
2587 1682 3041 1751 conregnabimus‘,
3067 1682 3134 1734 ⁸³.
3160 1680 3224 1734 Et
3247 1679 3493 1736 heredes

1920 1775 2134 1840 quidem
2193 1789 2292 1829 nos
2345 1774 2554 1827 futuros
2609 1774 2701 1828 Dei
2751 1775 2931 1839 docet,
2987 1789 3094 1827 non
3144 1783 3326 1826 tamen
3370 1774 3490 1826 sine

1919 1864 2155 1919 Christo.
2194 1864 2465 1930 Heredes,
2518 1864 2714 1933 inquit,
2782 1864 2920 1918 Dei:
2973 1863 3270 1918 coheredes
3313 1873 3490 1915 autem

1851 1955 2144 2031 “Christi,
2203 1957 2248 2009 si
2306 1957 2710 2024 compatiuntur,
2758 1966 2815 2008 ut
2869 1972 3072 2026 quoque
3128 1954 3491 2025 conglariﬁce-

1922 2061 2041 2096 mur
2060 2046 2127 2097 '°.
2156 2044 2222 2098 Et
2258 2060 2482 2099 rursus:
2523 2043 2586 2099 Si
2637 2047 2833 2098 mortui
2880 2061 3086 2108 sumus,
3124 2045 3322 2113 inquit,
3370 2062 3491 2099 cum

1922 2133 2152 2200 Christo,
2212 2137 2473 2188 credimus
2524 2135 2664 2204 quod
2719 2137 2941 2189 vivemus
2999 2153 3106 2189 una
3164 2152 3282 2189 cum
3340 2137 3489 2202 illo;

1920 2226 2141 2278 scientes
2167 2228 2308 2295 quod
2347 2225 2592 2280 Christus
2650 2227 2714 2278 de
2762 2227 2984 2280 mortuis
3026 2229 3332 2291 suscitatus,
3382 2245 3490 2282 non

1921 2316 2143 2369 ulterius
2176 2318 2416 2380 moritur,
2475 2334 2617 2370 mors
2680 2317 2850 2372 adhuc
2898 2319 2978 2371 illi
3029 2335 3134 2375 non
3190 2321 3491 2374 dominabi-

1921 2415 2010 2458 tur
2041 2407 2122 2460 τίς
2150 2420 2203 2462 et
2239 2408 2433 2461 iterum
2463 2428 2474 2460 :
2503 2407 2711 2462 Donum
2759 2425 2874 2462 vero
2905 2407 3002 2462 Dei
3032 2422 3106 2463 est
3137 2411 3243 2464 vita
3267 2421 3485 2468 eterna.

1921 2499 1976 2550 in
2031 2497 2161 2551 Iesu
2207 2496 2416 2552 Christo
2465 2498 2694 2553 Domino
2750 2509 2930 2554 nostra
2977 2501 3043 2553 ".
3094 2499 3265 2554 Vitam
3325 2503 3490 2569 igitur

1921 2601 2177 2644 aeternam
2208 2606 2314 2645 non
2347 2590 2563 2644 aliunde
2587 2605 3005 2660 consequemur,
3025 2606 3183 2660 quam
3209 2607 3304 2662 per
3326 2590 3488 2647 Chri-

1920 2688 2058 2733 stum
2097 2679 2280 2733 Jesum
2312 2680 2591 2734 Dominum
2625 2691 2888 2735 nostrum.
2918 2680 2983 2736 Et
3017 2697 3139 2752 spes
3164 2682 3253 2738 illa
3284 2699 3381 2737 nos
3405 2682 3491 2738 fo-

1919 2778 2028 2832 vet,
2065 2783 2168 2821 non
2213 2769 2384 2822 solum
2411 2771 2549 2837 quod
2581 2769 2842 2834 vivemus,
2874 2770 2968 2826 sed
3003 2774 3143 2839 quod
3165 2773 3328 2827 etiam
3361 2788 3486 2826 cum

1921 2857 2011 2910 illo
2040 2872 2141 2910 una
2169 2857 2610 2926 gloriﬁcabimur,
2651 2869 2706 2912 et
2749 2860 3124 2914 hereditatem
3153 2876 3258 2916 una
3289 2877 3486 2916 conse-

1920 2962 2166 3015 quemur,
2201 2956 2256 3000 et
2300 2964 2419 3001 cum
2453 2963 2517 3002 eo
2565 2949 2721 3002 simul
2772 2951 3252 3020 conregnabimus.
3292 2952 3487 3009 Omnia

1919 3039 2061 3092 enim
2087 3049 2270 3093 nostra
2318 3039 2472 3094 nobis
2517 3040 2838 3105 proveniunt
2879 3042 2946 3095 ab
2989 3041 3100 3106 illa,
3133 3057 3294 3111 quam
3321 3044 3489 3098 habe-

1921 3147 2039 3184 mus
2063 3146 2184 3186 cum
2214 3147 2300 3196 eo,
2331 3133 2742 3187 communione:
2768 3136 2909 3201 quod
2942 3135 3098 3189 docet
3127 3138 3242 3206 ipse
3287 3137 3488 3192 Paulus

1921 3225 2011 3280 ubi
2042 3227 2146 3280 ait:
2182 3225 2382 3280 Fidelis
2435 3226 2571 3281 Deus
2619 3238 2718 3290 est,
2748 3245 2840 3296 per
2866 3246 3016 3297 quem
3055 3233 3222 3285 vocati
3260 3233 3386 3286 estis
3417 3233 3488 3287 ad

252 3319 506 3388 περὶτοῦ
545 3320 792 3390 Σωτῆρος
828 3319 1070 3371 ἐδίδασκε
1105 3318 1358 3385 φάσκων·
1406 3319 1470 3369 '0
1499 3317 1588 3379 δὲ,
1627 3316 1725 3370 διὰ
1750 3315 1815 3370 τὸ

1917 3317 2331 3371 communionem
2383 3314 2514 3370 Filii
2552 3319 2656 3380 sui,
2707 3316 2836 3372 Jesu
2887 3319 3082 3374 Christi
3138 3321 3348 3375 Domini
3391 3341 3487 3377 no-

245 3411 455 3480 ίιένειν
481 3411 667 3464 αὐτὸν
691 3414 776 3476 εὶς
801 3411 906 3463 τὸν
923 3409 1127 3472 αἰῶνα,
1153 3409 1532 3476 ἀπαράὄατον
1549 3409 1672 3477 ἔχει
1701 3407 1814 3474 τὴν

251 3505 585 3571 ἱερωσύνην
602 3520 615 3532 ·
657 3502 795 3557 ὅθεν
823 3502 920 3554 καὶ
961 3498 1166 3560 σώζειν
1189 3503 1274 3564 είς
1298 3498 1365 3551 τὸ
1395 3499 1687 3564 παντελὲς
1712 3498 1814 3551 δύο

250 3611 424 3648 ναται
446 3593 588 3658 τοὺς
602 3593 960 3659 προσιόντας
983 3591 1057 3643 δι’
1074 3591 1259 3645 αὐτοῦ
1288 3588 1366 3654 τῷ
1400 3588 1542 3653 Θεῷ,
1562 3588 1817 3642 πάντοτε

251 3684 386 3749 (Tur,
419 3687 507 3750 εις
527 3685 593 3738 τὸ
614 3683 1000 3753 ἐντυγχάνειν
1027 3682 1179 3750 ὑπὲρ
1208 3681 1422 3736 αὐτῶν.
1451 3681 1525 3733 Οὐ
1549 3679 1653 3750 μὴν
1683 3680 1816 3732 ἀλλὰ

251 3777 349 3828 καὶ
404 3776 496 3827 τὸν
538 3773 868 3844 Μελχισεδὲκ
923 3775 1003 3835 είς
1055 3772 1116 3825 τὺ
1149 3771 1392 3841 διηνεκὲς
1435 3770 1585 3840 ἱερέα
1638 3769 1816 3838 μένειν

250 3864 423 3932 ἔλεγε,
477 3862 565 3915 διὰ
621 3862 683 3914 τὺ
753 3861 1185 3931 ἀφομοιούμενον
1229 3855 1368 3913 εἶναι
1414 3859 1490 3928 τῷ
1536 3858 1651 3928 Υίῷ
1713 3858 1809 3911 τοῦ

249 3953 407 4007 Θεοῦ.
450 3954 590 4006 ‘AD.’
628 3954 710 4006 ὅτι
769 3953 868 4023 μὲν
906 3952 1116 4014 τούτοις
1164 3951 1367 4004 ἅπασιν
1413 3951 1442 4002 ὁ
1496 3948 1812 4019 Μάρκελλος

247 4047 511 4102 τάναντία
552 4045 780 4116 γράφειν
805 4045 1004 4114 ἐτόλμα
1037 4043 1227 4114 μικρὸν
1259 4042 1481 4113 ὕστερον
1504 4040 1815 4111 παρατεθή-

250 4154 427 4203 σεται,
453 4138 569 4190 νυνὶ
593 4137 649 4189 δὲ
671 4138 817 4199 ὅπως
843 4136 1055 4204 ἐφρόνει
1081 4135 1209 4202 περὶ
1227 4133 1321 4186 τοῦ
1355 4133 1488 4202 μηδὲ
1513 4133 1611 4204 τὴν
1638 4132 1812 4202 ἀρχὴν

247 4223 411 4280 εἶναι·
455 4227 576 4297 μηδ’
606 4225 899 4296 ὑφεστάναι
936 4225 1024 4278 τὸν
1046 4224 1137 4277 τοῦ
1162 4224 1294 4276 Θεοῦ
1325 4223 1472 4290 Υἱὸν,
1496 4221 1814 4293 Θεασώμεοα

247 4317 414 4387 πρότε
423 4333 529 4386 ρον.

1920 3410 2015 3462 stri
2041 3409 2107 3462 ⁷³.
2142 3408 2399 3474 Quaenam
2431 3423 2561 3463 vero
2592 3409 2680 3463 illa
2719 3410 2790 3464 sit
2821 3413 3134 3465 communio
3189 3412 3367 3466 docet.
3416 3411 3486 3466 Et

1920 3500 2208 3561 suscitavit,
2262 3500 2356 3563 ait,
2388 3510 2435 3552 et
2472 3501 2652 3553 sedere
2704 3500 2825 3568 fecit
2877 3500 3024 3553 illum
3056 3519 3088 3553 a
3123 3503 3343 3568 dextris,
3376 3520 3487 3557 una

1920 3607 2092 3644 secum
2118 3591 2170 3642 in
2216 3591 2506 3643 caelestibus
2541 3592 2594 3643 in
2623 3589 2831 3644 Christo
2865 3589 3018 3655 Jesu,
3056 3603 3112 3644 ut
3161 3595 3400 3646 ostendat
3429 3595 3486 3647 in

1919 3680 2146 3731 venturis
2179 3678 2301 3731 olim
2326 3679 2537 3731 seculis
2568 3681 3048 3744 superabundantes
3095 3681 3308 3733 divitias
3353 3697 3482 3750 gra-

1919 3772 2031 3828 tie,
2061 3769 2114 3819 in
2155 3768 2380 3820 bonitate
2409 3783 2533 3834 erga
2560 3783 2654 3819 nos
2687 3768 2739 3820 in
2771 3767 2981 3820 Christo
3007 3766 3137 3820 Jesu
3167 3769 3232 3823 ⁷⁸.
3258 3768 3400 3823 idem
3429 3782 3486 3825 et

1921 3860 1986 3912 de
2019 3857 2306 3912 Servatore
2333 3858 2520 3909 eadem
2557 3857 2741 3910 docuit
2789 3858 2876 3910 ubi
2924 3859 3097 3926 inquit
3127 3877 3138 3913 :
3173 3860 3294 3924 Qui,
3344 3866 3485 3930 quod

1921 3957 2126 4002 maneat
2154 3951 2206 4001 in
2243 3959 2522 4014 etsmum,
2552 3949 2877 4003 immutabile
2907 3951 3058 4003 habet
3093 3954 3443 4006 sacerdotium
3464 3969 3487 4007 :

1920 4045 2055 4096 unde
2077 4055 2123 4096 et
2148 4060 2354 4097 servare
2378 4061 2553 4098 omnes
2597 4055 2764 4112 potest
2787 4048 2877 4112 qui
2917 4049 3174 4100 accedunt
3204 4064 3296 4114 per
3331 4048 3481 4100 illum

1919 4139 1988 4186 ad
2014 4135 2198 4199 Deum,
2237 4153 2442 4204 semper
2469 4139 2662 4199 vivens,
2687 4140 2742 4191 in
2762 4155 2878 4191 eum
2903 4138 3083 4205 ﬁnem,
3117 4148 3172 4190 ut
3201 4154 3296 4203 pro
3329 4139 3483 4191 nobis

1917 4226 2204 4277 intercedat
2239 4225 2306 4277 ".
2355 4232 2414 4288 ἧς
2458 4225 2595 4291 Quin
2645 4235 2702 4280 et
2759 4225 3120 4281 Melcliisedec
3169 4242 3480 4280 mansurum

1921 4314 2258 4366 sacerdotem
2286 4314 2337 4367 in
2363 4323 2621 4368 aeternum
2654 4317 2959 4380 conﬁrmat,
2995 4330 3060 4370 eo
3092 4317 3232 4383 quod
3267 4317 3482 4370 assimi-

251 4407 392 4461 lctur
423 4406 558 4460 Filio
590 4406 706 4461 Dei.
741 4405 900 4460 Hisce
932 4415 1108 4459 tamen
1145 4405 1392 4458 omnibus
1415 4419 1602 4458 ausum
1645 4404 1808 4456 fuisse
1846 4401 2155 4457 Marcellum
2214 4407 2486 4458 contraria
2547 4406 2705 4473 plane
2754 4408 3012 4460 mandare
3060 4405 3276 4468 litteris,
3322 4406 3481 4475 paulo

247 4510 369 4567 post
398 4509 727 4566 propOuetur
750 4500 1051 4565 cuicunque
1097 4497 1429 4550 intuendum.
1467 4495 1520 4547 lu
1559 4495 1806 4564 przesenti
1844 4505 2021 4547 autem
2055 4495 2463 4564 despiciendum
2524 4497 2682 4550 nobis
2733 4498 2887 4565 prius
2918 4508 3021 4562 est,
3069 4511 3231 4565 quam
3265 4497 3482 4552 fovebat

249 4590 340 4645 ille
362 4589 710 4654 sententiam,
743 4590 810 4644 de
839 4590 972 4644 Filio
1008 4588 1099 4643 Dei
1138 4605 1239 4641 non
1275 4587 1571 4642 essistente
1613 4587 1680 4640 ab
1708 4574 1865 4641 initio
1905 4604 2005 4641 nec
2044 4589 2236 4642 sortito
2279 4590 2710 4644 subsistentiam.

360 4795 418 4852 ᾗ(
465 4789 559 4844 Ed.
587 4789 920 4860 Paris..pag.
959 4789 1046 4843 55.
1092 4789 1232 4860 Α⁶⁹ΠΙΙ
1275 4787 1414 4860 Tim:
1451 4805 1511 4849 ιι,
1550 4791 1633 4848 ll.
1665 4791 1747 4843 1‘2.
1825 4795 1870 4824 ⁷ο
1906 4795 2060 4848 Roni.
2093 4810 2204 4860 vm,
2249 4797 2332 4851 l7.

2443 4799 2483 4827 ⁷¹
2514 4799 2668 4851 Rotn.
2710 4815 2784 4863 νι,
2808 4799 2862 4862 8,
2886 4801 2938 4854 9.
3015 4801 3060 4829 ⁷²
3093 4798 3288 4868 Ephes.
3320 4814 3381 4864 ιι,
3415 4798 3470 4854 8.

245 4857 480 4914 "lCor.
515 4874 552 4924 ι,
578 4860 632 4913 9.
705 4858 967 4927 "Lphes.
1002 4858 1133 4923 11,6,
1170 4859 1221 4910 7.
1301 4860 1344 4889 ⁷⁵
1375 4857 1537 4911 Hebr.
1568 4876 1656 4916 vn.
1695 4861 1786 4919 2%.
1810 4864 1902 4916 25.

318 5191 430 5259 (56)
469 5189 577 5244 Καὶ
612 5188 866 5268 θάνατον
902 5189 1080 5253 ἕξειν.
1101 5190 1249 5273 "Iulo
1276 5189 1577 5273 ῥθανατον,
1615 5207 1804 5260 nempe

1915 5196 2138 5266 κρίσεως
2191 5197 2414 5266 μέτοχον
2448 5196 2830 5273 Πάποξιαλοῦσι.
2881 5197 2947 5251 Et
2992 5198 3072 5273 sit}
3115 5199 3216 5273 h_o_c_
3263 5199 3380 5254 loco
3419 5201 3469 5256 ἱ)

250 5257 493 5330 regnum,
526 5260 839 5330 ul_1_‘equirit
859 5272 1068 5313 sensus.
1099 5259 1164 5312 Et
1187 5257 1353 5313 Judaei
1385 5275 1483 5313 suo
1509 5257 1800 5315 etiamnum

246 5327 560 5398 exspectato
586 5327 793 5381 Messias
832 5329 1214 5393 attribuebaut,
1238 5343 1395 5396 quem
1433 5331 1701 5383 hominem
1736 5334 1802 5384 de

247 5398 468 5469 homine
498 5398 846 5469 temporalem
885 5398 1199 5466 principem,
1234 5399 1371 5467 μετὰ
1405 5399 1645 5469 μεγάλης
1675 5417 1803 5468 φαν-

243 5467 436 5529 τασίας
465 5481 518 5521 et
547 5466 824 5535 δυνάμεως
854 5466 1314 5535 regtiattirmii.ah
1335 5466 1444 5520 Elia
1468 5466 1797 5536 tingendum,

245 5537 326 5588 sui
362 5538 695 5602 ignorantem
730 5547 857 5605 ante
903 5538 1250 5590 unctionem:
1294 5539 1415 5591 aliis
1465 5539 1795 5605 incognitum

245 5607 604 5658 riclilaterant.
637 5607 768 5659 Vide
794 5602 989 5658 Justin.
1021 5607 1307 5673 Μέλανι-ειη
1337 5607 1528 5660 Contra
1551 5602 1794 5659 Judaeum

246 5673 594 5743 Tryphonem.
619 5675 891 5738 Nusquam
919 5691 1042 5727 veru
1068 5677 1283 5727 memini
1311 5678 1521 5743 legisse,
1551 5692 1578 5727 a
1603 5673 1800 5730 Iudaeis

246 5741 496 5822 μουσικοὶ
533 5759 687 5797 suum
726 5744 1058 5822 Elimmenon
1105 5741 1463 5822 appellatum,
1512 5747 1612 5797 nisi
1660 5747 1797 5812 apud

248 5813 418 5880 ipsum
455 5814 598 5866 hunc
633 5823 872 5866 nostrum
908 5813 1099 5866 Euseb.
1132 5815 1221 5864 lih.
1250 5830 1300 5866 Iv
1336 5817 1686 5866 Demonstrat.
1720 5831 1797 5868 ev.

243 5896 366 5952 pag.
394 5881 514 5952 HO,
541 5883 737 5952 Διόπερ
760 5883 986 5952 Χριστὸν
1013 5885 1103 5937 καὶ
1136 5884 1485 5954 Ἠλειμμένον
1513 5885 1602 5937 τὸν
1631 5884 1797 5954 αὐτῆς

1911 5277 2057 5318 textu
2093 5279 2306 5335 quoque
2355 5267 2731 5330 scribendum;
2781 5277 2837 5320 et
2876 5283 2972 5335 pro
3006 5267 3098 5322 illo
3135 5269 3471 5323 Elimmenou

1909 5335 1960 5407 in
1990 5333 2236 5407 versione
2283 5333 2512 5388 Unctum
2546 5350 2759 5403 repone.
2810 5333 3031 5391 Erudite
3080 5349 3260 5391 autem
3292 5349 3344 5392 et
3387 5342 3475 5407 pie

1907 5405 2142 5470 disputat
2170 5404 2234 5456 ad
2255 5406 2412 5457 linem
2435 5407 2687 5474 !c:ipitis,
2733 5407 2797 5459 de
2840 5418 3038 5460 eterna
3080 5404 3471 5474 ,sulisistentia,

1907 5487 2072 5544 regno
2118 5483 2378 5544 perpetuo
2430 5472 2550 5544 Filii
2585 5475 2674 5528 Dei
2707 5474 2988 5537 Eusebius,
3016 5472 3154 5544 quad
3187 5472 3474 5534 Marcellus

1899 5545 1984 5616 vel
2008 5544 2240 5616 sustulit,
2268 5543 2349 5616 vel
2369 5543 2652 5616 sustulisse
2674 5547 2739 5616 ali
2767 5560 2830 5597 eo
2845 5543 3109 5616 signetur.
3138 5546 3280 5599 M.—
3299 5548 3471 5616 Supra

1897 5613 2058 5686 vulgo
2084 5610 2402 5686 ὴλιμμὲνον.
2446 5614 2571 5686 dein
2614 5614 2771 5681 vulgo
2797 5610 3089 5686 uai'sigr.
3115 5617 3168 5669 ἀ.
3194 5616 3330 5686 ὁμοῦ
3358 5610 3470 5670 uin.

1899 5680 2067 5754 Porro
2092 5683 2248 5754 vulgo
2275 5680 2685 5754 συμπάσχωμεν
2709 5680 2759 5735 et
2798 5683 2982 5745 ἁπλῶς
3009 5684 3164 5754 ζήσει
3197 5680 3250 5737 οὶ
3359 5686 3428 5754 γὰ

1898 5749 2282 5825 ὴμῶνχιίυξιι-
2317 5767 2458 5825 Ξιοιν.
2501 5749 2778 5825 συνίστησι
2827 5764 2882 5804 et
2933 5749 3120 5825 συνήγ.
3163 5758 3324 5824 φησὶν
3372 5749 3449 5811 ‘ch

1900 5836 2079 5896 συνεκ.
2107 5819 2398 5896 ὲξιῖξεξιῶν.
2435 5849 2502 5859 ——
2533 5819 2716 5874 Paulo
2726 5830 2846 5892 post
2877 5825 3033 5890 vulgo
3052 5819 3446 5896 ’τὸνῦπερϐἀῖι

1898 5888 2056 5942 λοντα
2095 5888 2225 5942 πλοῦ
2234 5907 2338 5941 τον.
