4048 6464
660 431 765 489 783

1296 545 1458 609 CAP.
1499 546 1558 603 ll.

734 637 864 705 Duc
885 636 1057 705 fuerat
1091 635 1620 760 Πανθείέξηιίεῗιᾶἳέᾷα
1651 639 1717 694 de
1747 635 1913 693 Verbo
1943 639 2000 692 in
2022 638 2130 693 Deo

727 798 783 853 lu
836 812 934 853 eos
978 804 1259 868 postquam
1305 796 1662 852 insultaverat
1717 795 1814 865 qui
1865 794 1959 852 Dei
2004 792 2199 852 Filium

656 902 785 944 vere
824 886 996 944 Iilium
1025 886 1320 943 ‘exstitisse
1343 887 1524 941 virum
1574 885 1999 954 arbitrabantur,
2047 900 2199 943 suam

655 979 825 1052 ipsius
858 978 1161 1048 opinionem
1217 975 1419 1046 profert
1444 976 1664 1032 totidem
1710 976 1930 1048 syllabis
1973 978 2026 1031 in
2056 978 2199 1032 hunc

654 1068 872 1123 modum
904 1067 1338 1137 comprehensam
1372 1079 1391 1122 :
1425 1064 1515 1139 [Β.
1546 1062 1706 1131 XLII,
1732 1066 1857 1122 coll.
1887 1081 1943 1137 p.
1980 1063 2103 1131 Ilii,
2131 1059 2198 1137 D]

660 1180 681 1215 ι
725 1162 1083 1230 Quamobrem
1116 1163 1428 1233 priusquam
1474 1163 1849 1229 descenderet,
1884 1171 1941 1219 et
1980 1161 2048 1218 de
2073 1162 2201 1218 Vir-

659 1270 679 1301 s
722 1253 846 1322 gine
873 1259 1206 1317 nasceretur,
1232 1251 1466 1307 Verbum
1495 1261 1615 1307 erat
1657 1251 2011 1308 solummodo.
2061 1249 2196 1308 Nam

656 1358 677 1393 ι
721 1341 853 1411 quid
874 1339 1018 1395 aliud
1050 1350 1171 1395 erat
1200 1340 1510 1411 priusquam
1534 1350 1784 1409 uestram
1811 1354 2025 1396 carnem
2047 1354 2199 1395 assu-

655 1449 675 1482 ι
716 1438 888 1487 meret
908 1430 1213 1495 humanam,
1236 1429 1288 1485 id
1311 1429 1452 1499 quod
1480 1412 1761 1486 descendit
1789 1430 1842 1485 in
1869 1430 2197 1500 temporibus

654 1538 674 1570 s
720 1519 1047 1586 novissimis,
1093 1515 1541 1589 quemadmodum
1596 1518 1708 1589 ipse
1754 1517 1992 1583 scribit;
2037 1525 2092 1573 et
2142 1517 2196 1573 id

655 1631 675 1662 ι
719 1611 866 1680 quod
892 1612 959 1667 de
991 1609 1204 1680 Virgine
1233 1608 1554 1665 nascebatur
1582 1609 1714 1666 nihil
1742 1610 1884 1665 aliud
1910 1620 2028 1666 erat
2054 1625 2194 1681 prm-

654 1721 673 1753 ι
721 1711 804 1757 ter
822 1716 980 1770 quam
1010 1700 1284 1757 Verbum?
1314 1720 1335 1754 ι
1365 1700 1603 1771 Pergeus
1636 1701 1888 1772 deinceps
1912 1701 2009 1767 ait,
2035 1712 2194 1756 aeter-

648 1807 776 1847 num
828 1791 993 1846 fuisse
1034 1798 1089 1868 et
1136 1790 1433 1860 ingenitum
1484 1803 1699 1859 quoque
1741 1790 1950 1845 detinit.
1997 1788 2198 1845 Scribit

1330 427 1593 484 EUSEBII
1629 427 2101 486 CESARIENSIS
2136 427 2284 486 οη».
2322 427 2504 486 PARS
2540 428 2629 486 iV.
2669 457 2739 471 --
2770 427 3185 485 DOGIIATICA.

2230 554 2280 611 Λ

3765 425 3866 483 785

2951 547 3107 601 ΚΕΦ.
3147 546 3222 599 Β.

2305 638 2504 704 Ὅπως
2529 636 2880 706 Μάρκελλος
2911 637 3147 775 m
3190 636 3323 707 περὶ
3364 637 3471 691 τοῦ
3510 635 3581 689 ἐν
3615 633 3697 699 τῷ
3743 635 3865 702 Θεῷ

2380 795 2719 868 Ἐπισκήψας
2733 795 2844 868 (57)
2852 794 3217 868 τοϊςείρηκόσι
3227 794 3321 848 τὸν
3334 793 3461 849 my
3472 792 3568 847 τοῦ
3582 791 3722 848 Θεοῦ
3739 793 3864 866 ἀλη-

2298 888 2408 953 θῶς
2437 888 2551 943 υίὺν
2580 883 2720 943 εἶναι
2740 887 2917 954 ζῶντα
2939 886 3032 941 καὶ
3046 885 3467 957 ὑφεστῶταιτην
3494 883 3687 939 ἑαυτοῦ
3702 881 3861 950 δόξαν

2299 980 2537 1053 φανερὰν
2548 981 2865 1052 καθίστησιν
2878 967 3068 1041 αὐταῖς
3092 975 3382 1040 συλλαϐαῖς
3398 976 3626 1048 γράφων
3662 975 3855 1038 οὕτως’

2302 1091 2323 1124 ι
2342 1070 2547 1127 οὐκοῦν
2560 1071 2667 1142 πρὸ
2682 1070 2779 1141 μὲν
2792 1068 2887 1124 τοῦ
2904 1066 3202 1133 κατελθεῖν,
3219 1067 3315 1121 καὶ
3342 1065 3430 1122 διὰ
3456 1067 3555 1138 τῆς
3575 1066 3855 1139 Παρθένου

2303 1183 2323 1217 ι
2361 1162 2635 1235 τεχθῆναι,
2686 1162 2856 1230 Λόγος
2900 1156 2970 1232 ἦν
3016 1160 3214 1232 μόνον.’
3233 1157 3385 1212 Ἐπεὶ
3427 1156 3481 1210 τί
3531 1155 3719 1228 ἕτερον
3765 1151 3854 1226 ἦν,

2302 1274 2322 1307 ι
2362 1254 2469 1328 πρὸ
2487 1252 2578 1307 τοῦ
2595 1252 2695 1323 τὴν
2709 1252 3053 1323 ἀνθρωπίνην
3070 1248 3352 1305 ἀναλαόιίν
3369 1247 3567 1320 σάρκα,
3587 1246 3648 1300 τὸ
3660 1244 3855 1300 κατελ-

2300 1360 2321 1395 t
2361 1342 2453 1397 θὸν
2469 1341 2555 1395 ἐπ’
2574 1341 2816 1412 ἐσχάτων
2830 1339 2939 1394 τῶν
2952 1339 3193 1413 ἡμερῶν,
3207 1339 3283 1402 ὡς
3298 1338 3394 1391 καὶ
3412 1337 3573 1400 αὐτὸς
3585 1336 3854 1408 γέγραφα,

2301 1452 2319 1485 t
2355 1431 2469 1506 (38)
2490 1433 2581 1486 καὶ
2606 1431 2668 1486 τὸ
2690 1432 2946 1502 γεννηθὲν
2976 1432 3042 1484 ὲκ
3070 1430 3170 1502 τῆς
3188 1428 3463 1501 Παρθένου
3490 1427 3642 1481 οὐδὲν
3668 1425 3855 1499 ἕτερον

2300 1542 2320 1575 ι
2358 1523 2391 1594 ἢ
2420 1522 2657 1590 ὁΛόγος.
2690 1539 2711 1572 ι
2736 1516 2868 1574 Εἶτα
2897 1519 3112 1590 προῖὼν
3125 1519 3274 1591 ἑξῆς,
3296 1518 3464 1573 ἀΐδιον
3489 1516 3653 1574 αὐτὸν
3681 1516 3854 1585 λέγει,

2292 1613 2586 1683 ἀγέννητον
2614 1610 2773 1665 αὐτὸν
2789 1609 2959 1674 οὕτως
2976 1609 3307 1681 ὁριζόμενος.
3336 1609 3540 1681 Γράφει
3571 1607 3630 1661 δὲ
3643 1606 3819 1671 οὕτως
3831 1622 3852 1641 ·

2299 1724 2317 1757 ι
2359 1704 2597 1768 ’Δκούεις
2626 1705 2804 1758 τοίνυν
2826 1703 2925 1775 τῆς
2949 1702 3262 1773 συμφωνίας
3298 1701 3396 1755 τοῦ
3414 1702 3569 1770 ἁγίου
3594 1698 3853 1770 Πνεύμα-

2298 1813 2319 1847 t
2359 1811 2450 1858 τος
2486 1794 2574 1848 διά
2622 1792 2828 1847 πολλῶν
2863 1794 2958 1847 καὶ
2987 1792 3258 1863 διαφόρων
3304 1790 3632 1863 προσώπων,
3655 1792 3724 1861 τῇ
3756 1787 3855 1843 τοῦ

649 1892 826 1938 autem
886 1880 975 1954 [Β.
1015 1878 1241 1944 XLVIII,
1287 1881 1409 1936 coll.
1466 1895 1522 1949 p.
1565 1879 1689 1945 ue,
1729 1879 1832 1954 D]:
1869 1899 1890 1933 ι
1931 1881 2188 1948 Quocirca

2301 1905 2320 1938 ι
2360 1884 2533 1954 Λόγου
2557 1884 2937 1958 μαρτυρούσης
2952 1883 3082 1955 (38')
3099 1883 3378 1955 ἀῖδιότητι.
3402 1901 3422 1935 ι
3452 1882 3563 1937 Καὶ
3587 1881 3674 1935 διὰ
3695 1880 3863 1951 τοῦτα

653 1992 673 2025 ι
716 1988 1034 2028 consensum
1064 1976 1220 2029 audis
1247 1971 1480 2043 Spiritus
1504 1972 1695 2035 sancti,
1727 1987 1833 2042 quo
1865 1985 1961 2042 per
1996 1971 2193 2026 multas

652 2084 670 2116 ι
711 2074 767 2119 et
791 2062 1097 2119 diu‘erentes
1125 2079 1402 2134 personas,
1439 2064 1723 2119 aeternitati
1756 2062 1905 2118 verbi
1946 2062 2192 2119 testimo-

649 2173 670 2206 ι
714 2155 861 2209 nium
899 2156 1230 2224 perhibetur.
1264 2173 1284 2207 ι
1329 2153 1397 2209 Ει
1446 2168 1544 2222 per
1595 2155 1696 2209 hoc
1750 2153 1946 2222 ipsum,
2002 2152 2191 2221 incipit

641 2248 861 2318 quidem
888 2248 954 2301 ab
974 2247 1277 2302 aeternitate
1298 2247 1469 2313 verbi,
1494 2246 1595 2301 hoc
1623 2245 1815 2301 modo:
1840 2243 1909 2298 In
1935 2244 2189 2313 principio

641 2346 753 2413 σφι
800 2336 1017 2390 Verbum
1049 2352 1068 2389 :
1112 2346 1158 2390 et
1199 2333 1421 2390 Verbum
1450 2346 1561 2390 erat
1589 2336 1729 2404 apud
1756 2334 1958 2390 Deum:
1980 2345 2028 2390 et
2051 2335 2188 2389 Deus

640 2436 752 2482 erat
778 2425 910 2480 illud
951 2424 1170 2479 Verbum
1192 2426 1261 2479 ".
1297 2425 1372 2479 lta
1402 2426 1570 2480 tribus
1606 2425 1930 2480 testimoniis
1956 2439 2016 2480 se
2047 2424 2188 2479 iuvi-

639 2533 757 2573 cem
786 2517 1239 2587 consequeutibus
1270 2515 1430 2571 Verbi
1453 2516 1567 2570 vult
1588 2516 1780 2571 docere
1803 2516 2187 2571 aeternitatem.

638 2607 767 2664 Post
810 2616 1001 2663 caetera
1059 2606 1329 2676 subiungit
1375 2604 1463 2677 [ιι.
1519 2605 1697 2672 xu",
1725 2607 1848 2663 coll.
1877 2621 1931 2675 p.
1963 2607 2055 2672 ει,
2086 2605 2185 2677 DJ:

645 2719 665 2750 ι
712 2698 870 2753 Prius
905 2708 1052 2753 certe
1088 2700 1325 2767 quidem,
1382 2707 1441 2751 ut
1491 2712 1860 2768 saepenumero
1885 2697 2019 2764 dixi,
2053 2696 2187 2752 nihil

642 2808 661 2840 s
707 2789 849 2843 aliud
886 2799 1003 2843 erat
1041 2788 1294 2843 Verbum.
1320 2806 1339 2839 ι
1369 2788 1434 2842 Ει
1458 2787 1862 2858 adjungitquod
1893 2803 1993 2843 nec
2011 2789 2187 2856 imago

638 2880 739 2933 fuit
794 2880 885 2934 Dei
952 2877 1269 2944 invisibilis,
1314 2879 1602 2948 inquiens:
1633 2877 1723 2951 [Β.
1765 2877 2026 2943 LXXXII,
2058 2880 2183 2936 coll.

637 2986 690 3039 p.
718 2970 807 3036 24,
860 2969 922 3023 Β.
977 2970 1067 3033 47,
1107 2968 1197 3041 Α]
1238 2988 1258 3021 ι
1296 2969 1559 3037 Quocirca
1596 2970 1937 3026 manifestum
1971 2972 2183 3041 quidem

640 3080 661 3112 ι
707 3070 810 3126 est,
846 3060 989 3130 quod
1022 3059 1256 3116 Verbum
1306 3072 1433 3116 ante
1474 3062 1646 3117 nostri
1695 3062 1938 3132 corporis
1993 3075 2180 3117 susce-

641 3169 662 3202 ‹
709 3152 1049 3219 ptionem,ne
1066 3150 1279 3219 quidem
1307 3150 1482 3220 imago
1514 3150 1607 3205 Dei
1636 3150 1813 3205 fuerat
1835 3151 2136 3206 invisibilis.
2157 3170 2177 3203 ι

2287 1977 2511 2048 ἄρχεται
2535 1976 2633 2047 μὲν
2657 1976 2765 2029 ἀπὸ
2784 1975 2885 2045 τῆς
2905 1974 3198 2045 ἀϊδιότητος
3222 1972 3317 2028 τοῦ
3341 1974 3535 2042 Λόγου·
3566 1974 3661 2027 'Er
3690 1971 3854 2041 ἀρχῆ

2287 2062 2365 2136 ἦν
2383 2068 2418 2120 ὁ
2447 2067 2637 2134 Λόγος
2655 2104 2671 2130 ,
2698 2064 2891 2132 λέγων,
2921 2064 3019 2119 καί
3036 2067 3070 2119 ὁ
3089 2060 3367 2135 Λότοςῆν
3388 2062 3538 2132 πρὸς
3553 2063 3660 2118 τὸν
3681 2063 3854 2127 Θεὸν,

2287 2153 2384 2208 καί
2402 2154 2545 2220 Θεὸς
2568 2149 2648 2224 ἦν
2674 2157 2708 2208 ὁ
2733 2153 2943 2223 Λόγος.
2966 2154 3152 2225 Τρισὶν
3175 2153 3495 2225 ἐπαλλήλοις
3523 2152 3853 2225 μαρτυρίαις

2285 2245 2579 2317 χρώμενος,
2612 2245 2710 2316 τὴν
2733 2243 3007 2316 ἀῑδιότητα
3034 2242 3129 2297 τοῦ
3161 2245 3335 2313 Λόγου
3356 2243 3627 2298 δεικνύναι
3662 2243 3852 2314 βούλι-

2285 2353 2394 2389 ται.
2427 2334 2535 2387 Καὶ
2566 2332 2683 2404 μεθ’
2711 2332 2873 2403 ἔτερα
2890 2331 3151 2400 ἑπιλέγεν
3184 2349 3203 2383 t
3226 2330 3492 2402 Πρότερον
3521 2329 3629 2401 γὰρ
3658 2328 3853 2401 ὥσπερ

2293 2446 2312 2479 t
2353 2424 2608 2489 πολλάκις
2657 2424 2813 2495 ἔφην,
2865 2423 3019 2477 οὐδὲν
3050 2424 3236 2495 ἕτερον
3274 2423 3304 2474 ό
3347 2422 3519 2491 Λόγος
3555 2418 3644 2493 ἦν.
3679 2440 3700 2473 ι
3736 2422 3854 2475 Καὶ

2286 2517 2655 2590 προστίθησιν,
2681 2518 2762 2571 ὅτι
2785 2516 2904 2570 οὐδὲ
2922 2515 3085 2571 εἰκὼν
3102 2511 3170 2586 ἦν
3196 2514 3289 2568 τοῦ
3307 2513 3441 2568 Θεοῦ
3456 2512 3551 2567 τοῦ
3576 2513 3845 2585 ἀοράτου,

2287 2611 2507 2679 φάσκων
2528 2625 2540 2639 ·
2579 2627 2598 2659 ι
2628 2606 2836 2661 Οὐκοῦν
2859 2605 3145 2677 πρόδηλον,
3175 2607 3258 2659 ὅτι
3283 2604 3390 2677 πρὸ
3407 2605 3508 2675 τῆς
3527 2605 3620 2658 τοῦ
3647 2604 3853 2675 ἡμετέ-

2292 2721 2310 2752 t
2356 2712 2448 2772 ρου
2484 2698 2732 2769 σώματος
2759 2696 3075 2766 ἀναλήψεως
3093 2699 3122 2750 ό
3142 2696 3313 2764 Λόγος
3341 2695 3462 2749 καθ’
3496 2695 3687 2749 ἑαυτὸν
3704 2734 3720 2759 ,
3743 2694 3853 2749 οὐκ

2289 2808 2308 2842 ι
2342 2786 2410 2861 ἦν
2436 2787 2598 2843 εἰκὼν
2620 2788 2712 2842 τοῦ
2737 2787 2970 2858 ἀοράτου
3003 2786 3193 2839 Θεοῦ.»
3218 2786 3329 2840 Καὶ
3358 2782 3513 2850 αὖθις
3534 2785 3655 2857 μεθ’
3679 2785 3852 2856 ἔτερα

2282 2880 2530 2951 ἐπιφέρει
2548 2897 2561 2909 ·
2596 2899 2615 2931 t
2650 2880 2714 2932 Τί
2742 2880 2919 2933 τοίνυν
2952 2874 3020 2948 ἦν
3050 2879 3110 2931 τὸ
3138 2877 3394 2931 κατελθὸν
3420 2876 3598 2942 τοῦτο,
3620 2877 3729 2947 πρὸ
3748 2876 3850 2930 τοῦ

2289 2990 2306 3023 t
2347 2971 2789 3042 ὲνανθρωπῆσαις
2820 2971 3042 3042 Πάντως
3102 2986 3227 3033 που,
3279 2968 3446 3038 φησὶ,
3497 2967 3743 3039 Πνεῦμα.
3781 2962 3850 3020 ΕΞ

2287 3079 2307 3111 ι
2345 3061 2452 3132 γάρ
2495 3078 2549 3114 τι
2576 3060 2727 3131 παρά
2771 3059 2928 3113 τοῦτο
2977 3058 3149 3111 ἐθέλοι
3185 3058 3382 3126 λέγειν,
3411 3058 3471 3111 06
3498 3058 3848 3128 συγχωρήσει

2287 3171 2307 3205 t
2346 3151 2512 3223 αὐτῷ,
2561 3155 2590 3206 ό
2636 3151 2770 3223 πρὸς
2808 3150 2905 3222 τὴν
2959 3150 3228 3220 Παρθένον
3272 3148 3506 3219 εἰρηκὼς
3571 3148 3845 3217 ἄγγελος·

636 3241 704 3295 Ει
725 3256 909 3296 rursus
938 3249 1060 3309 post
1087 3241 1189 3295 alia
1220 3240 1486 3295 subinl‘ert
1512 3242 1681 3295 idem:
1713 3240 1801 3313 [Β.
1820 3241 2004 3304 XLIX,
2031 3242 2178 3311 aeoli.

2291 3261 2307 3294 t
2344 3242 2586 3319 Πνεῦμα
2605 3241 2773 3310 ἄτιον
2793 3241 3181 3293 ἐπελεύσεται
3194 3239 3291 3291 ἐπὶ
3330 3237 3422 3292 σέ.
3450 3239 3511 3291 Ei
3534 3238 3592 3292 δὲ
3615 3238 3847 3310 Πνεῦμα

636 3347 688 3399 p.
725 3332 848 3394 104,
878 3330 945 3403 Α]
1006 3350 1024 3382 ι
1064 3330 1201 3398 Quid
1231 3341 1349 3385 erat
1380 3331 1543 3401 igitur
1573 3331 1676 3386 hoc
1715 3333 1858 3401 quod
1911 3333 2185 3388 descendit

640 3444 660 3474 ι
704 3433 829 3477 ante
863 3420 1325 3478 iucaruationem?
1352 3419 1583 3477 Omnino
1617 3433 1763 3477 certe
1794 3423 2028 3493 Spiritus
2063 3424 2182 3487 fuit,

640 3531 660 3562 ι
705 3514 753 3567 si
776 3513 902 3582 quid
928 3512 1070 3566 enim
1107 3511 1250 3565 aliud
1274 3512 1513 3566 dicturus
1561 3522 1647 3567 est
1689 3513 1904 3583 aliquis,
1945 3528 2051 3569 non
2082 3514 2182 3568 hoc

642 3620 659 3650 ι
706 3599 853 3653 dabit
878 3600 969 3669 qui
1000 3601 1066 3653 ad
1100 3598 1373 3668 Virginem
1402 3599 1612 3654 locutus
1653 3610 1735 3654 est
1772 3594 1847 3655 ‘ad
1889 3602 2033 3657 hunc
2071 3616 2185 3654 mo-

642 3709 659 3739 ι
704 3689 829 3744 dum
856 3689 1076 3759 angelus
1098 3706 1112 3743 :
1133 3688 1364 3757 Spiritus
1393 3699 1601 3745 sanctus
1624 3693 1948 3758 superveniet
1971 3695 2028 3746 in
2048 3692 2181 3745 te":

2290 3352 2309 3383 ι
2349 3328 2486 3386 εἶναι
2505 3333 2685 3403 φήσει,
2711 3330 2873 3384 ἀκουε
2907 3328 2999 3381 τοῦ
3031 3329 3277 3398 Σωτῆρος
3302 3328 3569 3395 λέγοντος,
3598 3328 3849 3401 Πνεῦμα

2289 3444 2307 3476 ι
2344 3428 2376 3479 ό
2408 3424 2568 3489 Θεός.
2610 3420 2801 3492 Σαφῶς
2851 3421 3096 3474 ἐντεῦθεν
3139 3410 3232 3472 τοῦ
3282 3419 3533 3491 Σωτῆρος
3585 3420 3716 3489 περὶ
3747 3419 3848 3473 τοῦ

2288 3536 2306 3568 ι
2344 3517 2554 3588 Πατρδς
2600 3515 2908 3586 εἰρηκότοςο
2950 3533 2969 3565 ι
3021 3514 3260 3583 Πνεῦμα
3292 3516 3323 3567 ό
3358 3514 3527 3577 Θεὸς.
3563 3512 3850 3584 ἐλέγχεται

2282 3607 2592 3679 Μάρκελλος
2623 3606 2782 3659 αὑτὸν
2822 3605 2912 3657 τὸν
2947 3605 3162 3676 Πατέρα
3183 3604 3657 3675 ὲνηνθρωπηκέναι
3679 3604 3849 3676 (38")

2283 3696 2468 3749 εἰπών.
2512 3697 2569 3748 ὐ
2600 3696 2642 3747 δ’
2680 3695 2759 3747 ἐτι
2794 3695 2989 3765 μᾶλλον
3018 3696 3395 3765 φιλοτιμεῖται,
3437 3697 3665 3766 γράφων
3693 3689 3805 3750 ὧδε
3828 3713 3848 3729 ’

641 3798 658 3830 ι
704 3781 749 3834 si
784 3790 963 3834 autem
999 3779 1257 3849 Spiritum
1288 3780 1455 3835 fuisse
1488 3790 1717 3844 asserat,
1761 3782 1884 3837 audi
1912 3783 2180 3838 dicentem

2291 3804 2307 3836 t
2344 3784 2453 3839 Καὶ
2488 3784 2799 3854 μανθανέτω
2826 3786 3002 3837 τοίνυν
3033 3784 3166 3837 Θεοῦ
3192 3785 3361 3851 Λόγον
3404 3784 3740 3854 ἐληλυθέναι,
3781 3786 3847 3839 οὐ

639 3892 659 3923 ε
700 3873 1084 3927 Servatorem:
1139 3871 1370 3942 Spiritus
1409 3872 1549 3926 Deus
1588 3884 1662 3927 est
1699 3874 1746 3905 ⁷⁸
1768 3890 1788 3937 ;
1836 3874 1927 3928 ubi
1957 3890 2077 3929 cum
2112 3876 2181 3929 lio

2291 3895 2309 3928 t
2345 3878 2513 3944 Λόγον
2539 3876 2983 3946 καταχρηστικῶς
3014 3875 3406 3945 ὀνομασθέντα,
3453 3875 3528 3937 ὡς
3558 3875 3710 3927 αὐτοί
3737 3892 3849 3945 φαι-

642 3984 660 4015 ‹
706 3965 1023 4033 quidissimo
1053 3974 1261 4019 constet
1293 3964 1631 4019 Servatorem
1667 3972 1725 4027 >3
1755 3965 1821 4020 de
1847 3965 2006 4021 Patre
2031 3967 2183 4023 locu-

2291 3985 2308 4017 t
2349 3984 2452 4031 σιν,
2499 3966 2612 4019 ἀλλ’
2631 3966 2803 4034 ἀληθῆ
2850 3966 2977 4018 ὄντα
3005 3966 3192 4033 Λόγον.
3229 3983 3247 4015 ι
3286 3966 3394 4017 Kal
3424 3961 3577 4027 αὖθις
3616 3966 3849 4036 προσ-τί-

642 4075 663 4108 s
710 4066 821 4111 tum
859 4056 1043 4119 fuisse,
1090 4056 1231 4111 Deus
1269 4066 1352 4109 est
1398 4057 1638 4123 spiritus,
1670 4076 1689 4108 ι
1724 4058 1998 4112 convictus
2031 4068 2183 4114 tene-

2291 4057 2409 4127 θησι
2433 4057 2603 4111 ταῦτα
2632 4060 2743 4119 τοῖς
2764 4056 3092 4127 εἰρημένοιςο
3126 4078 3142 4108 ι
3168 4059 3228 4109 El
3249 4058 3345 4127 μὲν
3373 4057 3478 4127 γὰρ
3506 4056 3646 4127 ήτοῢ
3678 4059 3849 4113 πνεύ-

636 4156 724 4201 tur
780 4145 1064 4200 Marcellus
1115 4146 1477 4209 existimasse,
1520 4147 1691 4213 ipsum
1747 4146 1957 4200 Patrem
2017 4147 2184 4203 fuisse

2292 4170 2309 4200 ι
2337 4166 2501 4219 ματος
2519 4148 2759 4212 ἐξέτασις
2786 4148 3021 4215 γίγνοιτο
3050 4149 3205 4217 μόνη,
3232 4148 3288 4201 ἓν
3304 4148 3395 4201 καὶ
3410 4148 3600 4200 ταύτὸν
3615 4150 3850 4213 εἰκότως

637 4240 994 4295 incarnatum.
1023 4237 1154 4291 Cum
1183 4239 1503 4292 sententiam
1539 4237 1712 4290 adhuc
1741 4238 1977 4305 apertius
2003 4238 2180 4302 eliert,

2291 4260 2308 4290 ι
2331 4235 2466 4292 εἶναι
2482 4238 2559 4309 τῷ
2573 4238 2691 4307 Θεῷ
2719 4238 2974 4307 φαίνοιτο·
3004 4238 3121 4291 εἰδὲ
3147 4241 3178 4308 ἠ
3203 4238 3341 4291 κατὰ
3355 4240 3529 4309 σάρκα
3550 4239 3845 4311 προσθήκη

637 4329 704 4383 ad
738 4329 876 4383 hunc
904 4328 1112 4382 modum
1139 4327 1413 4381 scribens:
1444 4326 1788 4395 “LXXXIX,
1824 4328 1947 4383 coll.
1989 4331 2182 4398 ρ.11ϋ,

2291 4352 2308 4381 ι
2333 4332 2423 4383 ἐπὶ
2452 4329 2545 4382 τοῦ
2562 4329 2806 4399 Σωτῆρος
2820 4329 3140 4394 ἐξετάζοιτο,
3160 4330 3404 4401 ἐνεργείᾳ
3426 4334 3458 4400 ή
3482 4331 3669 4399 θεότης
3702 4333 3846 4404 μόνη

636 4418 715 4490 D]
754 4437 771 4470 t
815 4420 993 4472 Discat
1024 4419 1206 4486 igitur,
1244 4420 1471 4472 Verbum
1500 4419 1589 4470 Dei
1628 4419 1941 4473 advenisse:
1972 4436 2097 4485 non,
2127 4432 2186 4475 ut

2291 4442 2309 4471 ι
2336 4421 2692 4475 πλατύνεσθαι
2714 4422 2887 4473 δοκεῖ·
2907 4422 3048 4474 ὥστε
3073 4422 3294 4484 εἰκότως
3313 4421 3477 4492 μονὰς
3492 4422 3662 4484 ὅντως
3691 4425 3848 4477 ἐστὶν

643 4530 663 4561 r
711 4511 783 4564 illi
809 4510 1009 4575 volunt,
1038 4509 1265 4564 Verbum
1294 4509 1685 4562 catachrestice
1717 4508 2063 4577 appellatum,
2092 4511 2180 4564 sed

2293 4529 2310 4558 ι
2334 4509 2650 4580 ἀδιαίρετος.
2678 4529 2695 4559 ι
2717 4510 2824 4561 Kal
2851 4508 2928 4560 ἔτι
2957 4509 3152 4577 μᾶλλον
3176 4508 3331 4562 τοῦτο
3347 4509 3744 4573 κατασκευάζει
3772 4512 3847 4565 δι’

643 4619 661 4650 ι
712 4614 895 4654 revera
933 4600 1021 4667 qui
1044 4600 1334 4653 exsistebat
1359 4599 1612 4652 Verbum.
1648 4616 1665 4647 ι
1692 4599 1849 4651 Addit
1890 4599 2081 4651 iterum
2126 4608 2179 4652 et

2291 4594 2359 4652 ὧν
2383 4601 2439 4652 ἐν
2464 4602 2573 4662 τοῖς
2597 4600 2721 4669 ἑξῆς
2743 4598 2882 4651 οὕτω
2905 4600 3125 4671 γράφει·
3161 4620 3179 4650 ‹
3227 4602 3299 4652 Τὸ
3344 4601 3439 4671 μὲν
3465 4592 3556 4654 οὖν
3589 4603 3697 4671 πρὸ
3732 4604 3847 4656 τῶν

639 4692 739 4745 ista
767 4689 1067 4743 antedictis:
1095 4710 1111 4739 ι
1137 4690 1284 4754 Quod
1316 4690 1358 4743 si
1389 4689 1456 4742 de
1497 4689 1687 4755 spiritu
1705 4689 2002 4757 disquisitio
2025 4690 2178 4743 iusti-

2292 4709 2309 4739 ι
2347 4689 2551 4744 αἰώνων
2571 4690 2730 4743 αὐτὸν
2751 4690 3105 4758 γεγεννῆσθαι
3122 4691 3288 4760 φῆσαι
3305 4692 3607 4755 ἀκολούθως
3628 4694 3849 4763 εἰρηκέ-

644 4801 661 4831 ι
690 4789 869 4833 luatur
899 4779 1033 4837 sola,
1069 4794 1231 4831 unum
1278 4789 1438 4847 atque
1474 4778 1635 4842 idem,
1674 4791 1769 4830 nec
1807 4776 2020 4843 injuria,
2060 4794 2181 4831 cum

2296 4799 2312 4829 ι
2347 4798 2430 4831 ναι
2460 4781 2633 4834 δοκεῖ·
2662 4782 2908 4849 γέννημα
2928 4780 3035 4851 γὰρ
3061 4781 3121 4833 τὸ
3146 4781 3401 4852 προελθὸν
3422 4781 3515 4834 τοῦ
3537 4785 3847 4853 προεμένου

710 4943 768 4997 >14
804 4932 896 4985 Ed.
930 4930 1127 4992 Pnris.,
1160 4946 1281 5000 pag.
1315 4932 1396 4984 56.
1467 4930 1690 4988 "Joan.
1714 4954 1752 5001 ι,
1776 4938 1821 4990 I.
1874 4932 1915 4962 ⁷⁷
1955 4933 2084 4986 Luc.
2118 4950 2152 4993 ι,
2186 4934 2271 4985 35;,
2379 4934 2424 4964 ⁷⁸
2448 4932 2601 4988 Joau.
2634 4951 2707 4998 tv,
2737 4934 2828 4991 ai.

710 5138 820 5200 (57)
862 5135 1046 5203 Vulgo,
1079 5137 1393 5203 ὲπισκέψας.

712 5206 819 5275 (58)
860 5206 963 5257 Καὶ
996 5206 1175 5275 αὐτὸς
1206 5208 1470 5274 γέγραφε.
1511 5208 1641 5274 Quis
1669 5216 1842 5259 autem
1877 5208 2009 5260 isto?
2040 5218 2184 5259 certe

644 5273 955 5346 Marcellus,
979 5273 1153 5346 cujus,
1177 5273 1391 5341 opinor,
1413 5273 1635 5331 diversm
1672 5278 1853 5346 ῥήσεις
1890 5279 1971 5328 hic
2005 5295 2183 5329 rum-xi»

643 5355 846 5402 scutur.
870 5344 959 5395 sed
991 5344 1201 5395 interitu
1237 5356 1414 5398 tamen
1444 5350 1554 5399 hanc
1577 5344 1700 5397 sunt
1721 5345 2013 5396 ἀσύστατκ.
2052 5350 2177 5399 ι.Χύ-

640 5414 1013 5485 τόςᾉᾼειυιίιιε
1047 5412 1133 5474 IL,
1156 5415 1250 5485 Aqui
1288 5413 1421 5485 infra
1473 5417 1685 5485 τρόπων
1732 5414 1845 5485 loco
1881 5416 2181 5481 προςώττων

644 5482 806 5547 culti.)
844 5482 1033 5532 Statim
1082 5495 1096 5531 :
1149 5483 1281 5535 forte
1328 5482 1708 5550 ἀΐδιονλέγει,
1761 5483 1852 5534 καὶ
1896 5488 2180 5551 ἀγέννητον

642 5553 819 5601 αὐτόν.
860 5553 1007 5615 Quod
1046 5553 1269 5617 negabat
1307 5553 1562 5607 Eusebius
1595 5555 1841 5613 Ariantts,
1878 5570 1997 5606 mox
2036 5558 2181 5604 066:.

644 5620 820 5693 ἕτερον
842 5621 1060 5693 ἣΛόγος
1086 5617 1171 5689 ἦν,
1204 5632 1254 5672 ct
1285 5624 1344 5673 οὐ
1384 5624 1735 5693 συγχωρήσει.
1774 5621 1837 5674 Μ.

717 5689 1050 5760 (ὅδ’)ληςινκο
1102 5689 1534 5760 μαρτυρησαςῦι
1569 5689 1698 5744 duint
1735 5694 1817 5741 ἐπ’
1842 5691 2091 5759 ἀλλήλαις
2138 5705 2189 5743 ιιι

648 5760 902 5827 πρότερον
938 5776 1101 5825 μ;νγ.
1130 5771 1180 5813 ct
1205 5762 1383 5829 ἕτερον
1413 5766 1438 5813 ὁ
1466 5765 1661 5829 Λύγιις
1695 5776 1848 5829 ιιυιτιο
1881 5766 2029 5829 vulgo
2070 5781 2185 5826 τάχη

2290 5142 2529 5211 χωρῆσαι
2562 5151 2618 5197 et
2660 5143 2824 5210 φησίν
2862 5153 2918 5196 et
2946 5142 3225 5213 εἰρηκότος
3276 5161 3365 5198 πν.
3402 5155 3455 5198 et
3479 5146 3711 5215 ’Πατρὸς
3759 5149 3851 5201 λέ-

2289 5228 2489 5276 γοντος.

2358 5279 2514 5349 (58“)
2549 5282 3107 5347 Ἐννηθρωπηκέναι.
3129 5281 3239 5336 Hoc
3259 5294 3406 5336 certe
3438 5283 3507 5333 illi
3529 5286 3848 5350 ascribitur,

2289 5359 2343 5420 ut
2366 5353 2524 5402 fuerit
2546 5350 2779 5420 Praxem,
2804 5363 2855 5403 et
2874 5352 3401 5419 I’ntropassiauorum
3428 5354 3709 5420 ἀποφυάς,
3736 5363 3850 5411 sci—

2286 5418 2405 5471 licet
2433 5421 2555 5485 quia
2586 5419 2751 5485 Λόγον
2792 5418 3047 5472 aeternum
3094 5423 3282 5475 asserit
3329 5440 3341 5473 :
3387 5418 3643 5487 Spiritum
3678 5429 3850 5480 fuisse.

2287 5489 2458 5561 docet,
2492 5489 2591 5540 hoc
2618 5500 2697 5561 est
2722 5491 2900 5541 Deum.
2936 5490 3095 5553 Quasi
3126 5493 3274 5545 solus
3307 5491 3464 5544 Pater
3504 5494 3641 5544 foret
3670 5495 3849 5561 Spiri-

2288 5565 2389 5618 tus,
2424 5559 2522 5609 hoc
2548 5570 2631 5609 est
2658 5559 2793 5609 [)t‘us‘
2815 5597 2827 5617 ,
2856 5574 2975 5624 qua:
3009 5572 3125 5612 erat
3150 5577 3297 5613 mens
3322 5561 3639 5614 Eusebiuua.
3678 5559 3748 5616 Μ.
3772 5596 3848 5606 --

2288 5624 2403 5676 Mox
2439 5626 2592 5704 vulgo
2618 5626 2725 5704 ἀλλ’
2769 5627 3057 5704 ἀ).ηθ‹ῖ)ς.ει
3104 5631 3325 5704 εἰκότως
3382 5631 3543 5704 μόνας
3595 5634 3849 5704 παρήλη-

2290 5710 2435 5768 πται.
2472 5695 2596 5768 Dein
2619 5696 2800 5768 τοῦτον
2946 5693 3081 5750 εἶναι
3110 5712 3163 5755 et
3188 5700 3343 5768 ἀνθρ,
3373 5693 3584 5768 φύσεως
3601 5693 3743 5757 coni:
3772 5693 3844 5762 li.

2290 5774 2341 5815 Ci
2364 5764 2453 5817 τὸν
2486 5766 2615 5816 Θεὸν
2648 5766 2778 5817 Θεοῦ
2817 5769 2875 5817 Λ.
2916 5768 3016 5836 Μιι.
