4048 6446
309 420 419 478 788
1409 426 1687 484 CONTRA
1724 428 2149 485 MARCELLI)“
2187 428 2317 486 LIB.
2356 430 2424 485 Π.
3434 435 3542 494 786

315 554 336 587 ι
373 534 617 605 γίγνεται
652 536 883 609 Πατρός.
921 536 1160 609 Θάτερον
1181 537 1225 591 δ’
1245 540 1346 593 οὐκ
1374 538 1453 593 ἔτι
1476 540 1647 609 ὑγιῶς
1661 540 1769 594 οὐδ’
1793 542 1881 595 εύ-
1909 595 1913 606 η

1939 562 1956 604 ι
1987 560 2007 594 ι
2030 542 2141 599 Deo
2174 542 2439 598 videbitur
2461 558 2603 601 esse.
2631 546 2785 614 Quod
2813 547 2858 603 si
2887 545 2978 602 illa
3001 544 3223 612 additio,
3243 553 3537 606 secundum

314 642 333 674 ι
378 621 552 688 σεόὦς
578 625 728 694 αὐτῷ
751 625 1139 696 παρείληπται.
1179 627 1253 680 Τὸ
1291 628 1398 700 γὰρ
1429 629 1504 699 μὴ
1534 630 1705 698 Λόγον
1731 626 1870 684 εῖναι

1989 654 2007 685 ε
2036 649 2256 689 carnem
2286 634 2608 704 disquisitio,
2626 639 2693 694 de
2709 641 2995 694 Servatore
3015 638 3319 708 adjiciatur,
3346 655 3543 708 opera-

313 730 332 766 ι
357 715 525 785 φῆσαι
555 715 648 767 τὸν
675 713 735 780 ἐξ
762 715 925 770 αὐτοῦ
948 716 1296 789 προελθόντα,
1315 719 1408 773 καὶ
1420 720 1605 774 τοῦτον
1621 715 1760 775 εἶναι
1779 723 1872 776 τὸν

1984 744 2003 777 ι
2029 726 2175 781 tione
2191 725 2443 783 divinitas
2486 728 2601 784 sola
2644 729 2918 784 videbitur
2953 729 3188 796 dilatari,
3240 740 3300 783 ut
3339 732 3541 788 merito

310 821 331 856 ι
353 805 453 875 τῆς
469 807 776 876 γεννήσεως
790 806 967 879 άληθῆ
982 808 1196 881 τρόπον,
1214 810 1327 863 ἀλλ’
1342 810 1527 876 ἁπλῶς
1542 812 1670 865 Υίὸν
1688 813 1869 883 μόνον,

1982 836 1999 867 ι
2022 816 2236 885 quidem
2262 817 2440 873 unitas
2462 819 2911 875 sitindivisibilis.
2926 817 3337 875 iVehementius
3359 819 3539 876 adhuc

307 911 330 947 ι
365 894 601 966 ῑμφασίν
621 914 740 950 τινα
760 902 871 963 τοῖς
890 900 1175 954 ἁκούουσιν
1193 901 1534 974 ἀνθρωπίνης
1548 905 1722 975 ὅψεως
1733 922 1873 976 παρ-

1974 908 2074 963 hoc
2108 908 2247 964 Idem
2278 920 2504 964 conatur
2529 921 2773 967 astruere
2832 912 2885 966 in
2918 912 2983 965 iis
3018 926 3143 980 quae
3181 911 3436 979 deinceps
3461 912 3536 967 ita

309 1004 329 1039 ι
362 987 509 1058 ἐχειν
539 988 717 1045 εἴωθε.
754 1009 774 1042 ι
806 992 917 1046 Καὶ
940 994 997 1045 ὲν
1031 991 1240 1057 τούτοις
1263 995 1359 1065 μὲν
1379 999 1555 1067 γυμνῇ
1576 999 1641 1067 τῇ
1659 996 1868 1068 κεφαλῇ

1970 999 2158 1053 scribit
2187 1018 2201 1053 :
2228 998 2249 1073 [
2278 999 2342 1054 Β.
2374 1000 2567 1067 XXXI,
2586 1002 2710 1058 coll.
2741 1018 2795 1072 p.
2829 1001 2954 1067 112,
2994 1002 3038 1056 Λ
3061 1001 3082 1073 l
3104 1000 3288 1056 Dicere
3315 1003 3533 1065 ideirco,

299 1075 391 1129 τὸν
421 1076 522 1147 μὲν
553 1077 682 1131 Υίὸν
714 1081 1009 1153 ἠρνήσατο,
1036 1081 1189 1151 ψιλὸν
1217 1082 1274 1137 δὲ
1301 1084 1499 1153 Λόγον,
1524 1085 1713 1159 ὥσπερ
1746 1086 1871 1140 τινά

1968 1089 2119 1143 illum
2142 1101 2264 1144 ante
2280 1091 2476 1145 secula
2496 1103 2799 1161 generatum
2830 1094 3016 1164 fuisse,
3044 1095 3245 1150 videtur
3272 1097 3337 1150 de
3359 1112 3536 1151 neces-

303 1170 697 1239 προστακτικὸν
713 1171 823 1225 τῶν
839 1174 1108 1243 ποιητέων
1124 1174 1539 1245 είσάγων,δῆλός
1553 1178 1701 1232 ἔστιν
1718 1177 1778 1244 ἑξ
1791 1170 1867 1232 ὧν

1967 1181 2110 1234 saria
2152 1181 2259 1235 dici
2308 1185 2697 1254 consequentia.
2728 1182 2869 1238 Nam
2914 1187 3053 1254 quod
3097 1186 3350 1254 procedit,
3388 1188 3535 1257 geni-

299 1258 552 1330 ιπιφέρει
570 1261 772 1329 λέγων·
802 1281 821 1314 ι
854 1264 951 1316 Ὃν
966 1262 1108 1317 οὕτω
1122 1267 1289 1319 πᾶσαι
1314 1269 1371 1320 αί
1386 1267 1525 1322 θεῖαι
1541 1270 1867 1340 κηρύττουσι

1967 1278 2079 1323 tum
2115 1280 2213 1336 est,
2254 1272 2420 1339 patris
2469 1290 2501 1325 a
2542 1288 2646 1341 quo
2697 1275 2825 1332 exit.
2883 1274 3213 1330 Alterutrum
3258 1292 3363 1331 non
3400 1293 3532 1331 sano

297 1348 529 1420 Γραφαί.
562 1352 723 1406 Δασὶδ
750 1352 849 1422 μὲν
875 1352 983 1425 γάρ
1005 1356 1134 1425 περὶ
1164 1357 1329 1411 αὐτοῦ
1363 1359 1511 1425 λέγει
1540 1377 1553 1390 ·
1584 1360 1669 1427 Τῷ
1699 1364 1868 1431 Λόγῳ

1965 1361 2142 1427 modo,
2203 1378 2296 1415 nec
2342 1365 2624 1432 conjuncta
2669 1381 2787 1419 cum
2825 1366 3013 1435 pietate
3040 1366 3231 1419 abillo
3282 1366 3528 1422 sumitur.

295 1442 516 1509 Κυρίου
537 1446 591 1496 oi
611 1442 851 1512 οὐρανοὶ
866 1445 1316 1514 ἐστερεώθησαν
1339 1467 1351 1479 ·
1378 1446 1533 1514 αὖθις
1561 1450 1639 1517 δὲ,
1673 1452 1865 1520 Αὐτὸς

1967 1445 2093 1502 Non
2118 1450 2253 1504 enim
2278 1452 2488 1506 verbum
2519 1470 2630 1508 esse
2658 1455 2815 1520 illud,
2836 1456 3029 1522 dicere,
3061 1461 3202 1527 quod
3228 1458 3292 1511 ab
3318 1474 3377 1512 eo
3406 1474 3532 1527 pro-

293 1528 692 1594 ἐξαποστελεῒ
709 1534 814 1587 τὸν
831 1536 1025 1604 Λόγον
1041 1536 1228 1591 αὐτοῦ
1250 1540 1346 1592 καὶ
1371 1540 1599 1596 ἰάσεται
1619 1544 1859 1611 αὐτούς·

1965 1538 2098 1589 cedit
2117 1555 2136 1592 :
2165 1549 2213 1593 et
2236 1541 2374 1594 hunc
2406 1558 2516 1597 esse
2539 1545 2886 1613 generationis
2928 1562 3104 1600 verum
3157 1550 3411 1602 modum:
3439 1550 3532 1603 sed

293 1619 543 1693 Σολομὼν
558 1623 634 1677 δέ·
663 1626 1008 1693 Ζητήσουσί
1014 1645 1090 1698 με
1116 1631 1307 1695 κακοὶ,
1327 1633 1423 1686 καὶ
1444 1635 1557 1704 οὐχ
1580 1636 1865 1705 εὑρήσου-

1962 1629 2271 1697 simpliciter
2294 1628 2497 1685 Filium
2525 1632 2719 1698 solum,
2756 1634 2886 1688 solet
2918 1636 3129 1705 quidem
3175 1638 3244 1691 iis
3272 1640 3362 1708 qui
3396 1639 3530 1693 illud

290 1728 417 1769 σιν.
447 1717 784 1786 Ἐμίσησαν
804 1720 912 1790 γὰρ
932 1723 1175 1790 σοφίαν·
1208 1723 1315 1777 τὸν
1334 1725 1402 1778 δὲ
1427 1727 1621 1797 Λόγον
1639 1731 1861 1798 Κυρίου

1963 1722 2187 1775 audiunt
2213 1722 2486 1790 emphasin
2513 1727 2799 1789 quamdam
2826 1738 2871 1780 et
2897 1730 3262 1797 apparentiam
3288 1731 3528 1785 exhibere

288 1806 363 1858 οὐ
388 1807 759 1873 προείλοντο.
793 1811 1019 1876 Ἡσαΐας
1046 1830 1127 1877 τε,
1164 1815 1258 1868 Ἐκ
1287 1815 1396 1883 γὰρ
1424 1818 1577 1871 Σιὼν
1616 1818 1859 1885 ἐξελεύ-

1960 1811 2207 1866 ίιιιηιαηω
2239 1813 2478 1869 visionis.
2522 1814 2579 1869 In
2635 1816 2775 1881 istis,
2820 1818 2938 1874 sine
2968 1821 3116 1875 omni
3161 1821 3530 1893 integumento

288 1909 480 1963 σεται,
512 1897 636 1969 ἔφη,
668 1900 852 1968 νόμος
889 1902 985 1955 καὶ
1007 1904 1197 1972 Λόγος
1226 1905 1445 1973 Κυρίου
1466 1908 1535 1972 ἐξ
1565 1910 1861 1979 Ἰερουσα-

1960 1901 2175 1970 negavit
2205 1901 2396 1971 illium,
2426 1906 2676 1961 eumdem
2705 1922 2832 1962 vero
2867 1920 3083 1964 constat
3110 1910 3260 1965 illum
3285 1912 3531 1990 introdu-

285 1984 432 2055 λήμ.
484 1988 594 2041 Kal
640 1984 796 2054 αὖθις
837 1991 1131 2063 Ἱερεμίας·
1181 1996 1606 2067 ᾙσχύνθησαν
1646 2004 1854 2072 σοφοί,

1926 2004 2083 2071 ‘cere
2120 1992 2320 2047 nudum
2371 2003 2581 2050 tantum
2630 1996 2885 2064 Verbum,
2933 1998 3299 2057 faciendarum
3344 1984 3524 2060 rerum

284 2050 440 2144 φηέιι,
456 2076 553 2129 και
562 2050 961 2147 έπτοήθῇσαὶρ,
976 2050 1403 2149 ἓιαιὶάλωσᾞν,
1417 2050 1522 2140 3;.
1533 2050 1855 2163 ‘eer'ﬁg;

1925 2061 1927 2097 ⁵
1958 2081 2350 2139 mandatorium
2372 2105 2385 2141 :
2408 2086 2459 2140 id
2486 2089 2627 2156 quod
2655 2050 2919 2160 liquet—ex
3215 2050 3523 2161 Ῑρυᾶηᾎξι

286 2164 394 2219 τοῦ
421 2167 643 2235 Κυρίου
695 2169 1167 2241 ἀπεδοκίμασαν·
1234 2175 1327 2229 καί
1384 2178 1540 2251 Ὠσηὲ
1580 2183 1609 2235 ὁ
1641 2186 1854 2256 προφή..

1961 2189 1980 2222 ι
2007 2171 2148 2227 hunc
2179 2176 2394 2262 modum
2442 2192 2629 2234 omnes
2673 2178 2965 2251 Scriptura;
3003 2185 3329 2255 praedicant:
3354 2185 3524 2241 David

280 2271 383 2345 της
405 2274 421 2289 ·
469 2258 803 2328 Ἔμίσησαν
819 2263 889 2317 ἐν
914 2265 1135 2331 πύλαις
1163 2266 1507 2339 ἐλέγχοντα,
1532 2273 1631 2326 καί
1662 2275 1856 2345 Λόγον

1960 2282 1980 2315 ι
2002 2258 2263 2333 siquidem
2304 2267 2370 2321 de
2394 2267 2486 2324 illo
2514 2270 2687 2341 inquit
2711 2274 2781 2341 ",
2833 2272 2995 2329 Verbo
3027 2275 3269 2341 Dmnini,
3299 2280 3524 2333 stabiliti

280 2344 455 2402 ὅσιον
487 2349 903 2415 ἐϐδελύεαντο.
937 2355 1176 2425 Μιχαίας
1227 2375 1285 2410 τε
1312 2361 1514 2429 ὁμοίως
1549 2364 1642 2415 καὶ
1692 2364 1853 2430 αὐτὸς

1961 2375 1979 2407 ι
2001 2369 2124 2413 sunt
2157 2360 2309 2415 caeli:
2331 2371 2387 2415 et
2424 2365 2682 2429 secundo,
2711 2363 2833 2434 Ipse
2860 2369 3053 2421 emittet
3087 2368 3313 2433 verbum,
3350 2379 3398 2423 et
3432 2386 3520 2424 sa-

279 2438 408 2509 περὶ
421 2439 516 2493 τοῦ
526 2442 701 2511 Λόγου
729 2448 1080 2517 μνημονεύων
1099 2449 1223 2520 ἔφη·
1241 2451 1654 2516 Ἐξελεύσεται
1671 2457 1852 2527 νόμος

1960 2468 1979 2499 ι
2005 2450 2148 2503 nabit
2183 2468 2271 2505 eos
2294 2452 2360 2507 “.
2387 2452 2643 2509 Salomon
2679 2467 2895 2511 autem:
2942 2456 3189 2523 (laterent
3227 2476 3307 2514 me
3353 2461 3521 2531 impii,

277 2530 580 2619 ειαίΛόῃος
601 2535 820 2603 Κυρίου
856 2537 926 2602 ἐξ
958 2538 1370 2613 Ἰερουσαλήμ.
1399 2562 1419 2596 ι
1450 2545 1699 2602 Τοσαῦτα
1726 2566 1851 2602 συν-

1958 2558 1975 2590 ι
2001 2556 2090 2593 nec
2128 2541 2408 2597 invenient.
2446 2538 2582 2598 Odia
2606 2546 2795 2599 etenim
2829 2547 3122 2602 habuerunt
3166 2530 3522 2619 sapientiam:

277 2617 426 2688 ἀγων
448 2623 576 2694 περὶ
599 2624 698 2676 τοῦ
721 2629 1123 2696 προστακτικοῦ
1139 2632 1310 2700 Λόγου
1335 2634 1473 2704 ῥητὰ
1506 2637 1846 2709 Μάρκελλος,

1960 2648 1977 2680 ι
2015 2626 2235 2684 Verbum
2274 2649 2391 2687 vero
2424 2632 2638 2688 Domini
2672 2651 2775 2690 non
2799 2636 3063 2706 elegerunt
3094 2639 3165 2706 ⁸¹;
3208 2617 3263 2695 et
3297 2640 3465 2696 Isaias
3505 2660 3518 2696 :

272 2710 513 2766 τοιοῦτόν
532 2730 654 2768 τινα
676 2710 815 2770 εἶναι
842 2734 974 2788 φησι
998 2718 1089 2773 καὶ
1112 2719 1203 2774 τὸν
1219 2722 1275 2774 ὲν
1299 2725 1438 2795 ἀρχῇ
1463 2724 1599 2795 πρὸς
1612 2725 1701 2778 τὸν
1716 2725 1847 2780 Θεὸν

1955 2737 1973 2769 ι
2000 2716 2142 2774 Nam
2171 2722 2235 2776 de
2264 2721 2393 2777 Sion
2418 2725 2711 2794 egredietur
2739 2726 2824 2781 lea:
2842 2741 2861 2779 :
2891 2739 2939 2781 et
2975 2728 3196 2783 Verbum
3223 2729 3436 2785 Domini
3456 2734 3520 2786 de

270 2802 406 2856 Θεὸν
438 2804 629 2872 Λόγον.
662 2805 752 2859 Διὸ
784 2810 974 2877 ἐπάγει
1026 2809 1282 2879 φάσκων·
1318 2833 1336 2864 ι
1381 2814 1439 2867 ’0
1473 2814 1518 2867 δ’
1551 2815 1693 2887 ἱερὸς
1713 2817 1848 2871 άπό-

1953 2827 1972 2861 ι
1993 2807 2287 2865 Jerusalem
2323 2813 2400 2880 ⁸³;
2425 2824 2478 2869 et
2502 2813 2767 2873 Jeremias
2792 2836 2806 2873 :
2827 2817 3113 2888 Pudefacti
3137 2831 3281 2885 sunt,
3320 2823 3517 2894 inquit,

276 2912 297 2945 ι
341 2893 525 2958 στολός
555 2911 615 2947 τε
647 2897 741 2950 καὶ
772 2898 1018 2970 μαθητὴς
1048 2900 1142 2953 τοῦ
1174 2902 1379 2973 Κυρίου
1417 2903 1669 2976 Ἰωάννης
1690 2944 1706 2970 ,
1752 2923 1846 2959 σα-

1954 2919 1971 2950 ι
1997 2902 2275 2969 sapientes,
2298 2903 2479 2959 timore
2500 2910 2760 2975 concussi,
2792 2912 2931 2980 capti
2965 2922 3109 2975 sunt,
3136 2913 3258 2982 quia
3292 2893 3515 2968 Verbum

274 3001 296 3035 ι
335 2983 452 3053 φῶς
481 2986 574 3039 καὶ
600 2986 893 3060 διαρρήδην
924 2991 982 3043 ὲν
1008 2992 1149 3063 ἀρχῇ
1190 2992 1284 3045 τοῦ
1328 2994 1658 3063 Εὑαγγελίου
1708 2995 1847 3049 διδάα

1947 2990 2163 3046 Domini
2192 2993 2491 3063 abjecerunt
2537 2998 2606 3054 ⁸³.
2650 2999 2719 3053 Ει
2764 3002 3025 3071 propheta
3060 3001 3233 3059 Osee:
3274 3004 3516 3060 Oderunt

273 3092 295 3127 s
329 3092 495 3142 σκων,
557 3077 634 3142 ὡς
687 3080 1046 3151 ἀγνοούμενον
1098 3084 1157 3135 ὲν
1217 3082 1521 3155 ἀνθρώποις
1582 3086 1843 3157 πρότερον

1946 3083 2001 3136 in
2034 3084 2201 3151 portis
2228 3087 2691 3151 reprehendentem
2722 3104 2741 3142 :
2778 3103 2827 3145 et
2869 3090 3092 3147 Verbum
3128 3105 3373 3149 sanctum
3419 3099 3513 3149 ab-

272 3186 295 3220 s
336 3168 509 3237 Λόγον
539 3171 699 3223 αὑτὸν
727 3170 821 3224 τοῦ
851 3174 1291 3244 παντοκράτορος
1329 3174 1629 3247 ὀνομάζων,
1668 3176 1842 3242 οὕτως

1946 3175 2163 3228 ominati
2214 3185 2337 3230 sunt
2375 3177 2444 3232 “.
2482 3178 2744 3236 Similiter
2780 3191 2834 3237 el
2866 3182 3121 3241 Micbmas
3181 3189 3510 3242 mentionem

269 3276 291 3312 ι
320 3257 465 3331 εφη·
516 3261 611 3314 Ἑν
666 3260 826 3332 ἀρχῇ
870 3258 951 3333 ἦν
988 3267 1021 3323 ό
1056 3265 1265 3335 Λόγος,
1318 3266 1416 3319 καί
1467 3269 1500 3321 ό
1552 3270 1740 3338 Λόγος
1762 3265 1843 3338 ἦν

1945 3264 2105 3321 Verbi
2137 3265 2365 3333 faciens,
2398 3271 2512 3325 ait:
2555 3270 2875 3342 Egredietur
2897 3276 3004 3341 lex,
3041 3287 3090 3332 et
3140 3276 3367 3333 Verbum
3396 3280 3511 3334 Do-

267 3367 289 3402 ι
325 3349 477 3419 πρὸς
505 3351 614 3406 τὸν
650 3353 817 3419 Θεὸν,
840 3355 940 3409 καὶ
992 3356 1136 3421 Θεὸς
1185 3351 1265 3426 ἦν
1296 3359 1330 3410 ό
1361 3358 1569 3427 Λόγος.
1611 3360 1685 3413 Οὐ
1739 3362 1837 3432 μιᾷ

1944 3358 2072 3411 mini
2098 3375 2163 3425 ea:
2194 3359 2491 3417 Jerusalem
2515 3365 2615 3417 ⁸⁸.»
2652 3366 2753 3422 Tot
2783 3378 2838 3423 et
2871 3378 3015 3423 tanta
3053 3370 3141 3425 ubi
3170 3373 3513 3427 coacervavit

266 3457 289 3495 ι
330 3444 604 3515 μαρτυρίᾳ
636 3443 915 3516 χρώμενος
946 3447 1043 3517 τὴν
1084 3448 1359 3520 άῖδιότητα
1384 3450 1477 3503 τοῦ
1520 3452 1692 3519 Λόγου
1743 3469 1834 3522 ση-

1942 3447 2009 3501 de
2036 3446 2214 3504 Verbo
2238 3454 2578 3511 mandatorio
2610 3456 2898 3513 Marcellus
2926 3463 3261 3527 testimonia,
3296 3462 3509 3531 ejusce—

263 3547 286 3582 ι
326 3530 525 3601 μαίνει.
568 3552 589 3585 s
629 3535 739 3587 Kal
769 3538 1090 3607 προστίθησι
1143 3539 1350 3603 τούτοις
1400 3540 1665 3610 ἐπιλέγων
1718 3543 1831 3617 (59)

1940 3538 2082 3593 modi
2111 3555 2323 3612 quoque
2348 3546 2543 3601 asserit
2571 3549 2847 3605 exstitisse
2874 3562 2929 3605 et
2946 3552 3180 3608 Verbum
3206 3530 3333 3609 illud
3365 3555 3508 3625 quod

254 3620 405 3692 ἑξῆς,
444 3641 463 3674 ι
505 3624 571 3676 ἶν’
596 3625 653 3678 ὲν
680 3626 777 3696 μὲν
803 3627 881 3697 τῷ
904 3631 1093 3699 φῆσαι,
1120 3630 1215 3683 Ἐν
1253 3631 1411 3701 ἀρχῇ
1433 3629 1511 3703 ἦν
1554 3636 1588 3687 ό
1618 3635 1828 3705 Λόγος,

1931 3631 2072 3699 apud
2125 3632 2312 3698 Deum,
2371 3635 2514 3693 Deus
2545 3642 2797 3696 exstabat
2846 3645 2914 3698 ab
2974 3646 3150 3701 initio.
3186 3647 3275 3719 [Β.
3317 3620 3506 3711 XLVI,

260 3732 283 3765 s
323 3712 493 3787 διίξῃ,
523 3715 747 3786 δυνάμει
770 3719 827 3770 ὲν
857 3718 935 3789 τῷ
961 3720 1134 3791 Πατρὶ
1168 3717 1305 3775 εἶναι
1338 3722 1427 3777 τὸν
1476 3724 1647 3793 Λόγον
1679 3741 1693 3755 ·
1741 3726 1829 3778 Ἐν

1930 3721 2127 3791 coll.p.
2146 3723 2265 3787 118,
2291 3724 2352 3791 C,
2378 3728 2504 3794 144,
2532 3729 2624 3803 Λ.]
2645 3734 2907 3799 Quocirca
2935 3712 3504 3808 subinferiinquiens:

258 3818 281 3854 s
316 3800 457 3874 ἀρχῇ
489 3804 597 3875 γάρ
628 3806 880 3860 ἁπάντων
904 3808 1013 3861 τῶν
1040 3812 1338 3878 γεγονότων
1360 3814 1388 3865 ὸ
1404 3812 1553 3877 Θεὸς,
1582 3813 1640 3880 ἐξ
1662 3808 1721 3869 οὗ
1758 3814 1828 3868 τὰ

1936 3831 1954 3862 ι
1980 3811 2363 3873 Sanctissimus
2377 3800 2651 3888 apostolds
2663 3835 2717 3879 et
2734 3827 3030 3897 discipulus
3044 3830 3253 3886 Domini
3272 3800 3510 3888 Joannes

258 3907 281 3943 α
317 3892 513 3948 πάντα·
546 3897 603 3948 ὲν
620 3895 678 3948 δὲ
708 3896 785 3967 τῷ
810 3915 823 3928 ·
861 3900 1000 3953 «Καὶ
1018 3902 1047 3953 ὸ
1068 3901 1239 3969 Λόγος
1262 3898 1331 3973 ἦν
1355 3903 1490 3973 πρὸς
1510 3905 1602 3957 τὸν
1634 3897 1819 3970 Gabii,»

1937 3926 1955 3958 ‹
1982 3908 2241 3962 exsertim
2270 3910 2467 3967 docens
2500 3916 2840 3983 apertissime
2868 3920 2921 3973 in
2941 3921 3206 3991 principio
3230 3926 3312 3979 sui
3332 3928 3505 3985 Evan-

258 4000 280 4036 ι
312 3984 559 4056 ινεργείᾳ
584 3987 719 4057 πρὸς
736 3988 829 4042 τὸν
847 3989 981 4043 Θεὸν
1012 3986 1151 4045 εἶναι
1171 3993 1262 4045 τὸν
1280 3993 1449 4062 Λόγον
1468 4011 1484 4027 ·
1516 3994 1691 4049 πάντα
1716 3997 1824 4069 γάρ

1936 4016 1955 4047 ‹
1981 3998 2104 4065 gelii
2133 3994 2387 4068 Verbum,
2413 4002 2560 4057 velut
2581 4005 2730 4073 prius
2749 4008 2891 4064 inter
2908 4011 3152 4067 homines
3171 4014 3502 4087 ignoratum,

255 4092 278 4128 s
315 4074 380 4129 δι’
396 4076 563 4130 αὑτοῦ
590 4078 827 4146 ἐγένετο,
857 4081 950 4133 καὶ
973 4082 1143 4153 χωρίς
1167 4082 1330 4136 αὐτοῦ
1354 4085 1568 4152 ἐγένετο
1590 4087 1710 4140 οὐδὲ
1741 4088 1820 4143 ἓν.

1936 4109 1954 4140 ι
1983 4089 2075 4145 Dei
2122 4092 2506 4163 omnipotentis
2536 4099 2858 4155 nominatim
2889 4074 3499 4177 compellagvinquieus:

255 4180 279 4218 α
324 4164 415 4219 Ἐν
443 4165 502 4218 δὲ
543 4164 620 4236 τῷ
653 4166 804 4220 Θεὸν
835 4164 987 4221 εἶναι
1027 4169 1137 4223 τὸν
1194 4171 1388 4238 Λόγον
1415 4173 1715 4243 είρηκέναι,
1748 4174 1822 4246 μὴ

1934 4187 1991 4244 >11
2032 4201 2051 4234 ι
2099 4183 2164 4237 In
2189 4185 2444 4253 principio
2464 4197 2578 4241 erat
2613 4186 2862 4257 Verbum,
2886 4202 2932 4245 et
2962 4164 3189 4248 Verbum
3224 4164 3337 4251 erdt
3362 4164 3502 4268 apud

254 4271 281 4307 ο
318 4254 542 4328 διαιρέω
571 4257 669 4328 τὴν
693 4256 932 4327 Θεότητα
949 4277 963 4289 ·
991 4259 1178 4330 ἐπειδὴ
1200 4262 1229 4313 ὁ
1270 4261 1441 4329 Λόγος
1472 4262 1532 4316 τὸ
1556 4264 1614 4315 ὲν
1651 4264 1820 4335 αὐτῷ,

1934 4290 1953 4323 ι
1981 4273 2164 4339 Deum,
2218 4287 2264 4329 et
2302 4275 2443 4330 Deus
2471 4290 2583 4331 erat
2625 4279 2758 4334 illud
2813 4254 3033 4337 Verbum
3070 4286 3137 4339 ⁸⁸.
3193 4286 3309 4341 Non
3343 4254 3502 4347 unico

251 4363 273 4393 s
309 4347 402 4400 καὶ
431 4341 585 4410 οὗτος
616 4349 674 4402 ὲν
732 4348 811 4419 τῷ
835 4350 1022 4420 Λόγῳ·
1063 4352 1159 4405 Ἑν
1195 4352 1324 4421 ἐμοὶ
1368 4352 1497 4425 γὰρ.
1558 4354 1742 4426 φησὶν,
1786 4358 1820 4410 ό

1933 4383 1953 4414 ι
1974 4376 2261 4421 contentus
2281 4369 2777 4435 testimonio,Verbi
2796 4375 3062 4444 signiﬁcat
3081 4382 3459 4439 mternitatem.
3476 4404 3492 4434 ι

243 4436 471 4506 Πατὴρ,
492 4438 652 4507 κάγὼ
678 4440 746 4493 ἐν
771 4440 851 4506 τῷ
878 4444 1081 4511 Πατρί.
1118 4461 1140 4495 ι
1170 4444 1279 4497 Kal
1309 4443 1388 4497 ἔτι
1416 4445 1623 4509 τούτοις
1653 4463 1821 4518 προσ-

1923 4456 2032 4527 (ﬂ.
2066 4473 2208 4513 mm
2241 4459 2364 4515 coll.
2391 4477 2445 4530 p.
2482 4462 2586 4517 118
2614 4462 2719 4536 D.]
2752 4436 2959 4532 Quibus
2991 4470 3261 4525 subiul'ert
3292 4436 3496 4537 Statim.

241 4525 475 4600 τίθησιν,
536 4531 867 4602 ἀπογυμνῶν
929 4534 1021 4587 τὸν
1084 4535 1210 4589 [διον
1267 4536 1411 4602 νοῦν,
1444 4538 1510 4591 δι’
1567 4531 1643 4591 ὧν
1672 4539 1820 4611 ιἑξῆς

1930 4525 1949 4598 ὶ
1982 4557 2039 4601 ιιι
2069 4547 2119 4601 in
2148 4563 2213 4604 eo
2254 4525 2795 4621 quodaliirmatilnv
2818 4560 3079 4628 principio
3102 4572 3215 4615 erat
3246 4525 3495 4631 Verbum,

242 4618 439 4688 ἐπάγει
466 4620 657 4689 λέγων.
698 4642 716 4673 ι
739 4623 795 4676 '0
821 4624 998 4677 τοίνυν
1022 4626 1162 4697 ἱερὸς
1191 4626 1480 4691 άπόστολός
1498 4645 1559 4681 τε
1592 4630 1686 4684 καὶ
1714 4648 1816 4701 μα-

1930 4659 1948 4689 ι
1976 4618 2501 4712 οειειιάειοίροεεοῑ,
2538 4648 2776 4715 potentia
2812 4664 2931 4703 esse
2968 4650 3019 4703 in
3049 4650 3209 4707 Patre
3245 4670 3343 4709 suo
3360 4653 3496 4711 Ver-

250 4728 272 4763 s
310 4709 477 4783 θητὴς
500 4713 593 4766 τοῦ
637 4716 842 4786 Κυρίου
877 4717 1144 4788 Ἰωάννης,
1197 4719 1296 4789 τῆς
1325 4719 1621 4791 άῖδιάιητος
1651 4722 1814 4776 αὑτοῦ

1928 4750 1946 4781 ι
1976 4730 2119 4785 bum.
2151 4731 2280 4786 Erat
2301 4734 2442 4788 enim
2473 4736 2526 4789 in
2560 4738 2821 4807 principio
2852 4755 3029 4795 rerum
3053 4745 3293 4798 omnium
3333 4747 3494 4811 Deus.

248 4817 270 4851 ι
313 4802 684 4872 μνημονεύων⁶
709 4804 913 4877 ἀληθὴς
965 4807 1209 4877 ἐγίγνετο
1256 4809 1349 4863 τοῦ
1382 4812 1555 4880 Λόγου
1585 4814 1814 4885 μάρτυς,

1921 4842 1939 4873 ‹
1969 4824 2035 4876 de
2052 4840 2156 4891 quo
2183 4827 2386 4883 omnia.
2414 4828 2469 4883 In
2501 4802 2860 4899 eo‘quod-ait,
2878 4832 2946 4886 Et
2982 4832 3200 4889 Verbum
3225 4837 3359 4891 illud
3382 4802 3494 4895 erat

245 4911 267 4943 ι
317 4891 411 4945 ἐν
433 4893 591 4962 ἀρχῇ
647 4891 726 4963 ἦν
766 4900 799 4951 ό
845 4900 1053 4968 Λόγος,
1093 4900 1288 4969 λέγων,
1318 4902 1416 4955 καί
1465 4905 1709 4974 όΛόγος
1739 4901 1818 4975 ἦν

1921 4933 1939 4963 ι
1968 4917 2108 4983 apud
2138 4915 2326 4985 Deum,
2358 4891 2915 4978 Verbum-exstitisse
2957 4926 3114 4980 docet
3141 4930 3279 4995 apud
3325 4891 3490 4986 Deum

246 5000 266 5032 ι
310 4982 462 5050 ,πρὸς
483 4984 589 5038 τὸν
644 4986 811 5050 Θεὸν,
848 4988 948 5045 καὶ
986 4989 1129 5056 Θεὸς
1165 4986 1245 5059 ἦν
1293 4995 1327 5047 ό
1374 4994 1563 5063 Λόγος
1596 5012 1610 5026 ·
1667 4996 1816 5050 οὐδὲν

1921 5024 1937 5054 ι
1970 4982 2109 5059 actu.
2152 5006 2285 5061 Nam
2323 5024 2417 5080 per
2460 5011 2606 5067 illmu
2657 5016 2834 5073 omnia
2886 5016 3119 5085 ﬁebant,
3148 5030 3201 5073 et
3232 5022 3349 5075 sine
3400 5023 3489 5079 illo

245 5091 265 5123 ι
310 5074 582 5142 γενέσεως
639 5077 872 5132 ἐνταῦθα
927 5082 1277 5151 μνημονεύων
1316 5083 1410 5138 τοῦ
1466 5086 1663 5151 Λόγου,
1699 5088 1814 5141 ἀλλ’

1922 5115 1940 5147 ι
1968 5095 2131 5152 liebat
2175 5074 2479 5169 nihil'quod
2520 5102 2718 5158 factum
2742 5107 2879 5171 l‘uit;
2923 5109 2975 5161 in
3012 5125 3075 5163 eo
3106 5074 3263 5181 'quod
3290 5074 3488 5168 dicitur

251 5180 273 5215 ι
311 5164 635 5236 ιπαλλήλοις
664 5169 810 5238 τρισὶ
860 5172 1183 5242 μαρτυρίαις
1235 5174 1535 5247 χρώμενος,
1561 5176 1810 5232 ἐϐεϐαίου

1925 5204 1943 5235 ι
1975 5187 2139 5241 Deum
2167 5204 2290 5246 esse
2330 5164 2459 5247 illud
2493 5192 2722 5250 Verbum
2745 5236 2761 5262 ,
2790 5164 3271 5257 divinitatemrmon

240 5273 262 5305 ι
296 5256 353 5308 tv
378 5257 521 5327 ἀρχῇ
559 5258 650 5311 τὸν
672 5260 845 5329 Λόγον
874 5258 1032 5315 εἶναι.
1058 5282 1076 5315 ι
1110 5266 1219 5319 Kal
1251 5267 1572 5338 προστίθησι
1596 5269 1805 5335 τούτοις

1919 5292 1938 5320 σ
1972 5277 2114 5342 quod
2142 5278 2374 5334 Verbum
2406 5294 2568 5349 esset,
2605 5286 2656 5338 id
2679 5256 2820 5355 quod
2856 5289 2907 5342 in
2934 5290 3023 5343 illo
3047 5302 3200 5356 erat,
3218 5256 3280 5349 ei
3307 5256 3405 5347 ille
3421 5256 3488 5349 1.;

233 5342 440 5413 λέγων·
484 5363 503 5397 ι
533 5347 645 5419 Τὴν
679 5349 779 5419 μὲν
826 5352 967 5405 κατὰ
998 5353 1175 5426 σάρκα
1223 5358 1533 5430 οἰκονομίαν
1576 5360 1656 5431 τῷ
1708 5362 1802 5415 άν-

1912 5386 1932 5415 ι
1963 5367 2156 5423 Verbo.
2176 5369 2243 5425 In
2260 5389 2339 5427 me
2354 5375 2517 5438 enim,
2543 5377 2735 5445 inquit,
2753 5378 2927 5447 Pater,
2946 5393 2995 5436 et
3012 5401 3103 5453 ego
3128 5388 3183 5438 in
3206 5386 3366 5441 Patre
3384 5388 3449 5443 ⁸⁷.
3465 5406 3482 5439 ι

301 5514 359 5611 ει·
388 5509 489 5611 ἑά·
515 5510 880 5611 εθιίξςληνθὲο
917 5518 1023 5611 δῖλ
1110 5519 1159 5611 '..’.
1181 5519 1324 5611 ’ῖξξειε
1358 5538 1531 5611 te";
1554 5524 1654 5611 δ’..
1690 5525 1745 5611 ."
1770 5525 1889 5580 Pw

1882 5535 1913 5581 ι.
1948 5548 2055 5611 om,
2261 5537 2302 5568 "
2336 5537 2615 5611 Sapexm,
2646 5540 2701 5607 6,
2722 5542 2774 5595 7.
2872 5544 2918 5576 ⁸⁸
2942 5544 3111 5611 Isa.l;,
3135 5547 3188 5601 ὅ.
3297 5549 3345 5583 ⁸⁸
3368 5545 3480 5607 der.

230 5591 353 5643 νιιι,
388 5580 442 5635 9.
515 5580 564 5613 “
594 5580 776 5639 Amos:
818 5580 873 5656 ἧ,
955 5588 1042 5642 10.
1115 5589 1159 5621 ⁸⁸
1190 5589 1350 5646 Mich.
1374 5609 1448 5659 ιν,
1476 5580 1530 5648 2.
1610 5595 1656 5627 “
1680 5594 1828 5652 Joan.

955 5588 1042 5642 to.
1115 5580 1530 5659 “Mich.tv,2.
1610 5595 1656 5627 σε
1680 5594 1835 5652 toan.
1879 5580 1923 5667 ι,
1951 5580 2303 5660 ἵζ”ὗᾎίοαιμ
2336 5580 2509 5671 ἶς’ἐδῖ

296 5834 409 5901 (39)
436 5836 603 5907 Vulgo
620 5838 814 5907 οὓτως
855 5840 994 5898 infra
1015 5842 1169 5913 vulgo
1200 5846 1262 5898 δι’
1293 5840 1364 5900 ὧν
1397 5848 1517 5919 ἑξῆς
1553 5850 1873 5915 ἐπιγγέλλεὶ

1597 5854 1873 5915 ττγγέλλεὶ
1912 5862 2103 5919 λεγων·
2135 5859 2307 5925 ἱερός·
2340 5868 2387 5910 rt
2428 5862 2726 5932 γεννήσεως
2763 5871 2816 5917 et
2844 5862 3195 5934 ἐπαλλήλοις.
