4048 6456
238 415 346 468 789
1347 410 1622 466 CONTRA
1662 409 1817 465 MARl

1921 407 2084 464 λιυιι
2130 406 2257 462 LIB.
2298 406 2359 461 11.
3368 398 3471 452 ’790

244 550 264 579 ι
297 530 469 582 κοινά
524 529 694 579 ἐστιν
758 522 951 587 εἰπεῖν,
1014 523 1199 577 Πάντα
1253 522 1353 576 ὅσα
1398 523 1512 592 ἔχει
1546 524 1574 576 ὁ
1622 522 1811 592 Πατὴρ

1921 537 1938 569 ι
1983 519 2176 573 exinde
2203 519 2391 587 liquet,
2423 530 2485 570 ex
2518 529 2583 569 eo
2608 511 2747 582 quod
2778 509 3030 572 declinat,
3060 516 3115 562 et
3132 505 3475 576 deprecatur.

247 639 265 670 ι
303 619 415 688 ὲμά
455 618 601 669 ἐστιν
652 613 776 682 ἔφη.
810 612 1004 666 Καίτοι
1045 614 1147 666 οὐκ
1174 608 1243 684 ἦν
1289 614 1416 665 [διον
1444 611 1536 665 τοῦ
1585 628 1810 681 συμφω-

1921 630 1934 661 ι
1984 611 2161 678 Atque
2191 610 2293 663 alia
2321 609 2457 671 vice,
2493 605 2614 659 Non
2637 619 2838 673 qua’ro,
2872 599 3071 669 inquit,
3094 611 3262 651 meam
3291 597 3476 650 volun-

247 726 264 756 e
296 684 516 766 νοῦντος
561 701 701 755 οὕτω
739 702 938 768 λέγειν,
974 701 1128 765 ἀλλά,
1166 719 1185 752 ι
1223 700 1424 769 Πάντα
1458 700 1574 754 ὅσα
1609 700 1733 766 ἔχει
1778 701 1811 751 d

1921 720 1935 751 ι
1984 710 2162 764 tatem,
2198 698 2291 754 sed
2353 696 2666 751 voluntatem
2724 690 2904 745 Patris
2960 689 3048 758 qui
3098 687 3241 740 misit
3294 702 3375 739 me
3403 684 3474 739 ⁹⁶.

245 812 264 843 ι
302 792 525 861 Πατὴρ,
558 788 729 843 κοινά
749 788 935 844 ἐστιν.
959 809 977 842 ι
1006 791 1069 842 Εί
1095 789 1202 860 γὰρ
1248 792 1304 843 at
1336 788 1442 841 τῶν
1481 790 1812 843 Ἀποστόλων

1921 807 1939 838 ι
1982 788 2264 856 Quomodo
2323 786 2483 856 igitur
2538 793 2758 851 propter
2804 780 2947 834 illam
3016 776 3214 845 ubique
3267 782 3318 829 et
3380 786 3478 843 per

246 903 267 935 ε
304 884 564 956 Πράξεις.
589 882 688 952 τὴν
712 883 821 935 τῶν
856 880 1153 952 τηνικαῦτα
1179 882 1511 950 προσιόντων
1535 884 1599 951 τῇ
1635 882 1811 933 πίστει

1921 898 1938 930 ι
1983 879 2163 931 omnia
2201 874 2610 931 consonantiam
2636 911 2651 936 ,
2703 869 3047 924 Servatorem
3079 864 3309 920 aﬂlrmat
3346 877 3477 932 pro-

243 992 265 1022 ε
306 953 625 1042 συμφωνίαν
648 967 986 1032 ὲπαινοῦσαι,
1026 986 1045 1019 ι
1082 968 1284 1021 Πάντα
1312 964 1391 1037 ἦν
1417 968 1619 1032 αὐτοῖς
1644 966 1815 1020 κοινὰ

1921 990 1936 1021 ι
1994 968 2290 1029 nuntiasse,
2326 965 2437 1036 Ego
2470 973 2523 1018 et
2552 963 2711 1017 Pater
2739 975 2890 1015 meus
2924 972 3087 1012 unum
3119 955 3345 1011 sumus?
3366 972 3383 1005 ι
3415 953 3479 1006 Et

246 1082 265 1112 ε
307 1062 538 1131 ἔφασαν,
573 1063 667 1114 καὶ
696 1060 1121 1127 ἐπ’ἀνθρώπων,
1158 1058 1263 1111 τῶν
1292 1060 1601 1128 συμφωνεῖν
1657 1056 1814 1108 δυνα-

1921 1060 2099 1130 paucis
2136 1056 2430 1125 interjectis
2464 1055 2541 1109 ait
2581 1072 2593 1107 :
2648 1052 2738 1125 [Β.
2768 1048 2931 1122 LXV]
2969 1067 2988 1101 ι
3025 1046 3304 1114 Quomodo
3351 1058 3477 1113 erga

245 1174 265 1206 ι
310 1154 511 1224 μένων,
558 1153 711 1207 κοινά
766 1148 904 1207 εἶναι
952 1151 1127 1204 πάντα
1179 1149 1416 1221 νομίζειν
1473 1148 1811 1217 ὀφειλόντων,

1921 1168 1940 1202 ι
1989 1150 2181 1203 Filium
2214 1146 2623 1203 consonantiam
2671 1141 2866 1198 habere
2914 1140 3075 1195 Pater
3126 1135 3345 1205 poterit,
3394 1136 3478 1189 vel

246 1263 269 1297 ε
312 1244 423 1315 (42)
478 1246 628 1315 πόσῳ
662 1244 858 1314 μᾶλλον
885 1242 990 1295 ἔδει
1021 1241 1112 1294 τὸν
1144 1239 1362 1310 Πατέρα
1392 1238 1485 1292 καὶ
1536 1236 1627 1291 τὸν
1688 1236 1814 1289 Υίὸν

246 1350 266 1382 ι
310 1331 594 1393 κοινωνίας
623 1331 889 1400 μετέχειν,
926 1330 1004 1389 είς
1049 1325 1143 1378 δύο
1174 1326 1496 1387 ὑποστάσεις
1551 1322 1815 1395 διῃρημέ-

244 1439 266 1473 e
307 1438 466 1486 νους;
493 1421 630 1473 Νυνὶ
648 1420 704 1472 δὲ
731 1422 791 1472 έν
818 1418 918 1489 μὲν
950 1416 1028 1488 τῷ
1053 1416 1250 1484 λέγειν,
1279 1415 1481 1468 Πάντα
1542 1414 1659 1467 ὅσα
1688 1413 1814 1481 ἔχει

245 1530 266 1563 ο
306 1514 342 1565 ό
370 1510 592 1579 Πατὴρ,
623 1508 735 1579 ἐμά
748 1510 901 1573 ἐστι,
927 1506 1261 1561 πλεονεκτῶν
1283 1506 1312 1558 ὀ
1336 1506 1462 1568 Υἱὸς
1486 1504 1575 1557 τὸν
1600 1504 1816 1576 Πατέρα

245 1622 265 1651 ε
309 1601 589 1669 φαίνεται·
622 1603 680 1654 ὲν
708 1598 857 1668 δὲτῷ
890 1599 1137 1667 φάσκειν,
1170 1596 1302 1667 μηδὲ
1352 1594 1447 1649 τοῦ
1483 1594 1670 1649 ἑαυτοῦ
1715 1596 1816 1648 Λό-

245 1711 265 1742 e
301 1708 402 1759 γου
456 1690 658 1761 Κύριον
713 1686 879 1757 εἶναι,
909 1689 1045 1743 ἀλλά
1087 1689 1181 1741 καὶ
1212 1687 1403 1741 τούτου
1442 1688 1531 1741 τὸν
1576 1685 1813 1757 Πατέρα,

244 1802 266 1834 ε
312 1784 400 1853 (Ὀ
439 1785 546 1854 γὰρ
576 1784 764 1853 Λόγος
797 1782 869 1836 ὃν
914 1782 1179 1843 ἀκούετε,
1234 1781 1433 1850 φησὶν,
1476 1783 1587 1833 οὐκ
1649 1779 1817 1832 ἐστιν

1922 1259 1939 1293 ι
1988 1240 2156 1295 Filius
2184 1253 2312 1306 erga
2349 1236 2588 1298 Patrem,
2638 1249 2761 1289 cum
2810 1230 3008 1286 dixerit
3048 1228 3240 1293 Filius,
3285 1226 3479 1280 Omnia

1923 1351 1940 1383 ι
1988 1333 2081 1384 illa
2120 1346 2237 1400 quia
2273 1328 2434 1382 Pater
2470 1327 2644 1390 habet,
2668 1340 2780 1377 mea
2812 1322 2973 1376 sunt?
2999 1320 3093 1375 Est
3118 1319 3261 1373 enim
3286 1315 3477 1378 Filius,

1920 1444 1939 1477 ι
1985 1423 2073 1492 qui
2103 1423 2206 1477 hoc
2230 1421 2390 1475 modo
2437 1418 2699 1488 loquitur,
2743 1412 3103 1469 abundantior
3146 1424 3246 1465 suo
3292 1407 3476 1462 Patre.

1923 1536 1941 1567 ι
1988 1514 2181 1569 Omnia
2218 1528 2334 1582 qua:
2374 1510 2537 1564 Pater
2558 1508 2733 1573 habet,
2774 1521 2888 1559 mea
2922 1512 3065 1563 sunt,
3104 1500 3303 1571 inquit,
3358 1498 3482 1551 ideo

1922 1626 1940 1658 ι
1988 1621 2092 1661 non
2121 1612 2323 1667 autem,
2361 1601 2554 1657 Omnia
2585 1614 2703 1669 qua:
2744 1596 2907 1651 Pater
2937 1592 3132 1657 habet,
3171 1588 3479 1645 communia

1922 1719 1940 1750 ι
1988 1706 2150 1761 sunt;
2179 1709 2302 1749 cum
2335 1692 2619 1747 dicendum
2646 1688 2720 1743 ita
2750 1696 2896 1742 esset
2930 1685 3028 1751 illi,
3058 1685 3148 1754 qul
3177 1696 3276 1752 per
3298 1680 3481 1736 omnia

1920 1809 1940 1841 ι
1982 1789 2204 1843 haberet
2229 1800 2350 1839 cum
2377 1798 2475 1839 suo
2510 1782 2672 1837 Patre
2732 1777 3138 1835 consonantiam
3170 1792 3185 1829 :
3216 1772 3482 1842 siquidem

244 1893 264 1924 ε
309 1873 470 1943 ἐμὸς,
504 1874 664 1927 ἀλλὰ
692 1872 800 1927 τοῦ
848 1872 1195 1941 πέμψαντός
1226 1887 1302 1939 με
1352 1870 1605 1938 Πατρός)
1656 1869 1816 1936 ἀφαι-

1923 1899 1940 1931 ι
1990 1880 2041 1933 in
2072 1878 2297 1933 Actibus
2324 1873 2666 1945 apostolicis,
2717 1870 2807 1925 ubi
2836 1883 3022 1925 eorum
3056 1866 3147 1937 qui
3200 1864 3267 1920 ad
3321 1863 3483 1920 ﬁdem

244 1981 267 2014 ε
313 1963 525 2034 ρείσθαι
551 1962 639 2014 τὸν
671 1959 891 2032 Πατέρα
917 1960 986 2014 τά
1015 1960 1119 2012 ίδια
1153 1957 1246 2011 τοῦ
1281 1958 1466 2022 παιδὸς
1523 1958 1813 2011 δείκνυσιν.

246 2073 266 2105 ι
330 2054 596 2123 Ἐκάτερα
618 2052 673 2105 δὲ
712 2050 854 2105 κατά
890 2050 988 2122 τὴν
1025 2049 1299 2120 Ἀστερίου
1328 2050 1500 2119 οἴησιν
1546 2049 1648 2101 οὑκ
1687 2048 1816 2101 ἀκο-

243 2160 267 2195 e
304 2142 509 2205 λοὺθως
539 2140 802 2213 εἰρημένα
828 2142 1092 2209 φαίνεται.
1134 2140 1281 2192 Ἔδει
1312 2138 1421 2209 γάρ
1473 2138 1563 2191 τὸν
1598 2154 1818 2207 συμφω-

246 2250 269 2285 e
308 2232 502 2286 νοῦντα
535 2232 706 2303 μὴτά
758 2230 929 2302 ἑτέρῳ
960 2230 1230 2301 προσόντα
1290 2228 1679 2299 Μρασπᾶσθαι
1737 2228 1816 2281 δί-

247 2343 269 2374 e
315 2338 467 2385 καια,
497 2320 878 2374 πλεονεκτικὸν
909 2320 1017 2390 γὰρ
1038 2319 1195 2373 τοῦτό
1223 2337 1308 2388 γε,
1341 2318 1478 2372 ἀλλά
1508 2318 1575 2371 τά
1626 2319 1815 2371 ἐκατέ-

243 2432 267 2467 e
315 2430 392 2485 ρῳ
414 2412 682 2483 προσόντα
703 2411 855 2465 κοινά
883 2408 1020 2464 εἷναι
1052 2412 1310 2481 νομίζειν.
1343 2412 1525 2474 Ὥστε,
1560 2412 1686 2464 ὅταν
1717 2411 1817 2481 μὲν

245 2524 268 2556 ε
308 2506 389 2568 είς
441 2505 541 2577 τὴν
603 2504 950 2576 ἀνθρωπίνην
996 2502 1393 2572 ἀποδλέπωμεν
1451 2503 1631 2573 σάρκα
1655 2544 1670 2569 ,
1718 2504 1816 2571 οὐχ

244 2614 267 2647 e
312 2595 500 2668 ὥσπερ
535 2596 809 2667 Ἀστέριος
840 2595 1135 2666 γέγραφεν,
1165 2594 1337 2658 οὕτως
1390 2596 1694 2667 εὑρήσομεν
1740 2597 1816 2647 εί·-

244 2709 267 2742 e
301 2690 505 2761 ρηκότα
531 2689 626 2743 τὸν
660 2689 889 2758 Σωτῆρα
910 2705 922 2718 ·
979 2688 1119 2757 Ἐγὼ
1162 2688 1261 2741 καί
1291 2689 1323 2741 ό
1384 2686 1584 2755 Πατὴρ
1618 2686 1688 2740 ἓν
1711 2686 1816 2740 έσ-

243 2801 264 2833 ι
292 2799 410 2850 μεν
442 2799 457 2813 ·
500 2782 551 2834 εί
594 2782 705 2852 γάρ
745 2779 894 2832 τοῦτ’
924 2775 1013 2850 ἦν.
1050 2779 1267 2841 πάντως
1285 2779 1351 2832 ἂν
1376 2778 1512 2850 ἔφη·
1554 2778 1694 2847 Ἐγὼ
1720 2782 1814 2833 καὶ

246 2888 270 2923 ε
307 2871 337 2924 ὁ
366 2870 554 2942 Πατὴρ
608 2872 665 2923 έν
710 2870 881 2923 ἆπασι
939 2870 1075 2939 πρὸς
1103 2868 1359 2939 ἀλλήλους
1396 2868 1809 2939 συμφωνοῦμεν.

245 2980 268 3012 ι
311 2962 447 3016 Νυνὶ
472 2962 551 3026 δὲ,
589 2960 729 3031 Ἐγὼ
759 2962 856 3014 καὶ
909 2964 941 3014 ὁ
970 2959 1171 3029 Πατὴρ
1194 2960 1264 3015 ἓν
1303 2960 1509 3027 ἐσμεν,
1558 2958 1684 3029 ἔφη.
1736 2960 1811 3012 Οὑ

244 3071 268 3105 e
312 3054 425 3125 γάρ
444 3054 532 3109 διὰ
560 3054 657 3125 τὴν
684 3056 741 3107 ὲν
766 3053 965 3107 ἀπασιν
989 3053 1164 3121 λόγοις
1190 3070 1251 3105 τε
1311 3053 1407 3107 καὶ
1436 3052 1615 3123 ἔργοις
1657 3054 1813 3123 ἀκρι-

248 3167 268 3197 ι
312 3146 381 3217 σῆ
408 3146 748 3217 συμφωνίαν,
783 3145 860 3208 ὼς
888 3145 1047 3209 αὑτὸς
1070 3144 1365 3215 γέγραφεν,
1392 3146 1420 3198 ὁ
1448 3145 1640 3215 Σωτὴρ
1668 3144 1813 3216 εἴρη-

1922 1990 1941 2022 ι
1984 1979 2111 2024 tunc
2137 1968 2502 2031 accedebant,
2542 1964 2794 2019 laudatur
2840 1957 3233 2022 consonantia,
3290 1953 3484 2012 Omnia

1923 2086 1940 2116 ‹
1990 2063 2160 2117 fuisse
2185 2062 2316 2130 ipsis
2340 2057 2679 2121 communia,
2709 2054 2909 2109 dicitur
2933 2051 2980 2085 "
3015 2069 3029 2104 :
3062 2058 3117 2106 et
3150 2048 3332 2105 omnia
3360 2053 3488 2100 sunt

1922 2174 1940 2205 ι
1986 2152 2292 2209 communia
2341 2148 2698 2207 existimanda
2743 2145 2883 2200 inter
2910 2157 3003 2199 eos
3050 2140 3143 2211 qui
3180 2151 3483 2194 consonan-

1923 2265 1941 2296 ι
1990 2244 2117 2298 tiam
2156 2244 2297 2297 inter
2332 2241 2583 2296 homines
2617 2236 3015 2308 amplectuntur
3046 2251 3059 2287 :
3086 2239 3287 2301 quanto
3316 2227 3488 2295 magis

1922 2352 1939 2385 ι
1986 2349 2084 2403 par
2128 2332 2261 2401 fuit,
2316 2335 2532 2387 Patrem
2595 2339 2758 2399 atque
2806 2327 2999 2382 Filium
3045 2321 3483 2380 communionem

1921 2449 1939 2480 ι
1982 2428 2260 2496 amplecti,
2310 2429 2399 2496 qui
2432 2426 2485 2480 in
2514 2424 2654 2480 duas
2684 2424 3005 2494 hypostases
3057 2409 3485 2471 dividebantur?

1919 2540 1937 2571 ι
1988 2529 2040 2573 at
2077 2533 2217 2573 nunc
2253 2516 2425 2571 Filius
2465 2528 2625 2583 quam
2675 2512 2840 2567 Pater
2882 2510 3000 2580 plus
3028 2508 3229 2562 habere
3252 2503 3485 2565 videtur,

1921 2632 1937 2663 ι
1988 2626 2108 2666 cum
2138 2609 2390 2673 aﬂirmet,
2443 2606 2639 2662 Omnia
2672 2621 2788 2675 qua.-
2818 2601 2981 2656 Pater
3016 2600 3168 2654 habet
3200 2611 3312 2651 mea
3339 2602 3483 2649 sunt.

1919 2723 1937 2754 ι
1988 2704 2041 2758 In
2074 2717 2139 2758 eo
2176 2699 2528 2767 autemquod
2582 2697 2751 2757 dicit,
2797 2694 3032 2750 Verbum
3079 2706 3185 2745 non
3241 2701 3360 2743 esse
3402 2687 3485 2741 sui

1919 2816 1936 2847 ι
1989 2795 2297 2856 Dominum,
2335 2792 2428 2846 sed
2461 2789 2631 2859 ipsius
2659 2786 2899 2849 Patrem,
2934 2785 3138 2853 (sermo
3167 2780 3300 2835 enim
3336 2793 3488 2847 quem

1920 2906 1937 2935 ι
1984 2886 2203 2950 auditis,
2234 2884 2428 2953 inquit,
2465 2898 2567 2936 non
2595 2890 2669 2935 est
2703 2895 2868 2941 meus,
2898 2875 2986 2930 sed
3027 2874 3201 2929 Patris
3231 2872 3320 2941 qui
3345 2871 3492 2922 misi!
3567 2919 3569 2921 ,

1918 2996 1935 3027 ι
1982 2993 2062 3031 me
2089 2976 2145 3046 :)
2176 2974 2482 3032 ostenditur
2509 2972 2722 3026 Patrem
2748 2986 2776 3023 a
2811 2969 2949 3023 Filio
2973 2965 3188 3021 auferre
3211 2964 3374 3019 etiam
3401 2962 3491 3046 illa

1920 3080 1938 3113 ι
1984 3076 2105 3131 qua:
2128 3041 2352 3131 propria
2386 3069 2531 3114 sunt.
2592 3058 2851 3111 Neutrum
2895 3059 3157 3117 istorum,
3189 3066 3254 3107 ex
3292 3041 3490 3106 Asterii

1922 3171 1940 3203 ι
1987 3151 2280 3216 sententia,
2338 3159 2485 3204 recte
2531 3149 2748 3202 dicitur.
2818 3145 2924 3200 Par
2970 3152 3025 3199 et
3080 3156 3295 3213 aequum
3343 3142 3491 3197 enim

248 3255 270 3287 ε
314 3255 431 3301 κεν,
463 3236 574 3305 ὲγὼ
603 3237 695 3290 καὶ
737 3239 766 3290 ό
811 3237 999 3307 Πατὴρ
1038 3236 1097 3291 ἓν
1135 3239 1321 3306 ὲσμεν.
1400 3235 1608 3289 Οὐκοῦν
1652 3237 1702 3289 εί
1756 3238 1816 3289 έν

1925 3264 1943 3294 σ
1993 3244 2167 3297 fuerat
2207 3249 2596 3295 consonantem
2632 3238 2867 3307 aliquem
2891 3275 2908 3301 ,
2950 3235 3097 3290 nullo
3131 3235 3290 3288 modo
3319 3234 3385 3287 ad
3432 3247 3493 3287 se

249 3347 273 3379 e
314 3327 543 3392 ἐκείνοις
566 3328 891 3398 ἀσυμφωνία
919 3345 1001 3390 τις
1025 3323 1116 3397 ἦν,
1150 3327 1359 3397 ἀνάγκη
1401 3327 1457 3380 δὲ
1484 3327 1575 3382 τὸν
1623 3326 1818 3381 δεσπό-

251 3438 275 3472 e
319 3437 422 3491 την
446 3419 749 3491 ἀληθεύειν,
792 3420 883 3473 τὸν
912 3420 1139 3491 Σωτῆρα
1165 3418 1406 3491 ἀκριὸὦς
1428 3418 1624 3471 εἰδέναι
1649 3436 1818 3490 προσ-

254 3527 276 3562 t
311 3511 459 3579 ήκει,
491 3510 591 3575 ὅτι,
641 3510 802 3579 ἡνίκα
828 3509 894 3563 ἂν
932 3508 1073 3577 Ἐγὼ
1099 3508 1196 3562 καί
1228 3512 1261 3563 ό
1295 3508 1496 3575 Πατὴρ
1524 3508 1817 3577 ἔνέσμεν,

254 3619 276 3654 ε
315 3601 471 3673 λέγῃ,
504 3600 804 3672 τηνικαῦτα
836 3602 937 3654 οὑκ
968 3603 1047 3658 είς
1071 3600 1162 3653 τὸν
1187 3600 1469 3668 ἄνθρωπον
1506 3599 1563 3652 ὃν
1610 3599 1823 3670 ἀνείλη-

1926 3353 1943 3385 ι
1991 3334 2228 3399 trahere,
2267 3346 2388 3400 qua:
2412 3331 2477 3385 de
2504 3330 2626 3399 jure
2657 3328 2819 3384 alteri
2863 3327 3263 3397 competebant,
3312 3323 3491 3378 avari-

1924 3446 1943 3478 ι
1996 3426 2123 3479 tiam
2155 3424 2355 3496 quippe
2392 3422 2492 3476 hoc
2515 3421 2755 3483 denotat,
2790 3420 2881 3475 sed
2919 3433 3036 3487 qua
3066 3416 3259 3471 utrivis
3294 3430 3489 3485 suppe-

1926 3536 1944 3567 ι
1994 3516 2197 3579 tebant,
2227 3515 2315 3569 illa
2341 3528 2460 3568 esse
2474 3511 2783 3567 communia
2807 3509 3082 3565 arbitrari.
3110 3508 3259 3563 Adeo
3290 3515 3346 3562 ut
3368 3522 3491 3563 cum

1927 3624 1947 3658 ι
1995 3607 2281 3660 humanam
2313 3618 2529 3658 carnem
2556 3603 2884 3666 intueamur,
2912 3616 3018 3655 non
3042 3599 3492 3669 quemadmodum

253 3710 278 3745 ε
318 3709 417 3763 φεν
471 3691 796 3745 ἀποϐλέπων
846 3691 1006 3744 τοῦτό
1034 3709 1219 3762 φησιν,
1249 3691 1363 3744 ἀλλ’
1390 3693 1470 3753 είς
1494 3690 1584 3743 τὸν
1618 3692 1681 3743 ὲκ
1727 3690 1817 3742 τοῦ

1930 3714 1947 3746 ι
1996 3696 2237 3750 Asterius
2271 3695 2510 3764 scripsit,
2554 3692 2832 3747 Dominum
2856 3692 3092 3746 locutum
3132 3690 3494 3751 inveniamus,

256 3802 276 3834 ι
320 3784 531 3855 Πατρός
556 3778 886 3854 προέλθόντα
913 3782 1102 3850 Λόγον.
1137 3783 1198 3835 Et
1231 3782 1338 3852 γάρ
1367 3800 1452 3845 τις
1501 3782 1817 3852 ἀσυμφωνία

1931 3805 1948 3835 ι
2000 3785 2110 3855 Ego
2132 3793 2185 3838 et
2212 3783 2377 3837 Pater
2408 3800 2551 3838 meus
2591 3800 2749 3836 unum
2772 3798 2951 3835 sumus
2975 3798 2995 3845 ;
3021 3781 3066 3835 si
3094 3781 3239 3836 enim
3266 3780 3317 3834 id
3346 3780 3493 3835 vole-

258 3895 279 3925 e
321 3870 463 3927 εῖναι
489 3874 693 3945 δοκοίη,
720 3873 857 3945 αὕτη
892 3872 1259 3945 ἀναφέρεσθαι
1292 3875 1371 3936 είς
1417 3872 1513 3943 τὴν
1559 3872 1659 3943 τῆς
1702 3889 1817 3940 σαρ-

1930 3897 1949 3928 ‹
1996 3877 2108 3942 hat,
2142 3876 2365 3930 omnino
2390 3876 2619 3938 diceret,
2667 3875 2777 3945 Ego
2821 3881 2875 3928 et
2921 3872 3085 3927 Pater
3132 3872 3187 3926 in
3244 3872 3497 3927 omnibus

259 3983 279 4013 ι
322 3962 417 4027 ιὼς
443 3964 727 4018 ἀσθένειαν
758 3964 979 4032 ὀφείλει,
1011 3965 1075 4035 ἦν
1102 3965 1175 4036 μὴ
1206 3965 1467 4035 πρότερον
1521 3962 1658 4034 έχων
1688 3964 1817 4016 ἀνεί-

1930 3989 1948 4020 ι
2001 3970 2145 4024 inter
2177 3983 2274 4024 nos
2323 3967 2696 4037 conspiramus
2726 3983 2741 4019 :
2773 3975 2830 4020 at
2876 3981 3020 4021 nunc
3061 3964 3233 4031 dixit,
3285 3963 3398 4034 Ego
3446 3974 3496 4017 et

261 4072 284 4106 ε
321 4055 489 4127 ληφεν
520 4056 550 4107 ό
582 4055 851 4123 Λόγος.Εί
872 4054 927 4107 δὲ
954 4055 1143 4125 ἑνότης
1172 4055 1380 4123 λέγοιτο
1402 4053 1564 4125 αὕτη,
1599 4053 1679 4125 τῷ
1725 4054 1817 4107 A6-

1933 4082 1949 4110 ι
2004 4058 2169 4114 Pater
2209 4077 2371 4114 unum
2415 4075 2612 4113 sumne.
2667 4057 2833 4127 Igitur
2878 4058 2926 4112 si
2992 4056 3171 4125 aliqua
3211 4057 3353 4110 inter
3404 4071 3499 4109 eos

262 4170 280 4197 ι
313 4164 396 4217 γῳ
434 4147 761 4219 διαφέρουσα
788 4147 1055 4216 φαίνεται.
1088 4146 1247 4200 ὐθεν
1267 4147 1328 4199 οὐ
1366 4147 1526 4215 μόνον
1561 4146 1643 4209 τὸ,
1683 4145 1817 4214 Ἐγπὰ

1933 4172 1950 4203 ‹
1998 4154 2293 4208 exstitisset
2333 4152 2781 4212 inconsonantia,
2833 4158 2889 4203 et
2938 4148 3053 4203 ﬁeri
3121 4156 3382 4217 nequeat,
3439 4156 3501 4201 ut

262 4257 282 4288 ι
317 4236 417 4290 καὶ
444 4240 477 4291 ό
504 4238 706 4305 Πατὴρ
742 4238 1032 4307 ἕνέσμεν,
1072 4236 1297 4301 είκότως
1321 4237 1446 4307 ἔφη,
1474 4236 1609 4291 ἀλλά
1642 4238 1817 4289 κάκεῖ-

1935 4263 1952 4295 ι
2004 4245 2261 4298 Dominus
2305 4244 2649 4307 mentiretur,
2680 4252 2832 4296 certe
2858 4249 2949 4295 est
2972 4253 3195 4295 necesse
3226 4238 3499 4308 intelliga-

264 4346 283 4378 t
326 4344 406 4390 vo,
440 4329 709 4395 Τοσούτῳ
728 4330 922 4397 χρόνῳ
935 4328 1061 4397 μεθ’
1082 4327 1249 4398 ὑμῶν
1272 4331 1406 4397 ειμι,
1430 4329 1708 4391 Φίλιππε,
1733 4327 1817 4379 καὶ

1935 4354 1953 4384 ε
2007 4350 2126 4389 mus
2154 4334 2520 4397 Servatnrem,
2574 4349 2696 4387 cum
2744 4334 2967 4401 diceret,
3010 4337 3069 4395 ᾗ
3110 4330 3223 4401 Ego
3252 4341 3298 4386 et
3342 4328 3503 4383 Pattt‘

265 4436 283 4466 ι
324 4417 538 4486 λέγεις,
554 4417 763 4482 Δεῖξόν
779 4436 881 4487 μοι
909 4420 1015 4472 τὸν
1037 4418 1284 4486 Πατέρα.
1310 4419 1499 4488 Δῆλον,
1522 4421 1603 4472 ὅτι
1625 4421 1685 4472 οὑ
1710 4416 1817 4471 τού·

1936 4446 1955 4477 r
2002 4443 2162 4480 unum
2190 4443 2393 4489 sumus,
2422 4426 2525 4479 hoc
2555 4440 2661 4479 no"
2686 4424 2886 4478 dixisse
2913 4439 2979 4477 ex
3025 4422 3216 4477 intuitu
3240 4421 3497 4483 hominis,

268 4526 286 4557 ι
317 4524 430 4571 τοις
459 4511 571 4572 τοῖς
599 4508 924 4577 ὀφθαλμοῖς,
957 4509 1090 4563 ἀλλά
1131 4512 1242 4572 τοῖς
1280 4512 1490 4580 νοητοῖς
1542 4508 1611 4563 τά
1666 4516 1817 4581 νοητὰ

1942 4534 1960 4567 ι
2006 4532 2165 4584 quem
2194 4516 2517 4586 assumpsit,
2555 4516 2647 4570 sed
2675 4514 2836 4569 Verbi
2881 4530 2911 4568 e
2958 4513 3119 4569 Patre
3161 4512 3495 4582 prodeuntis.

270 4621 287 4653 ι
322 4605 455 4673 όρᾷν
478 4602 814 4674 δυναμένοις.
855 4604 1107 4673 Ἀόρατος
1166 4602 1274 4673 γὰρ
1326 4606 1437 4666 τοῖς
1484 4603 1583 4673 τῆς
1630 4606 1817 4678 σαρκὸς

1940 4628 1957 4659 ι
2008 4608 2141 4662 Nam
2167 4608 2211 4662 si
2246 4608 2421 4677 aliqua
2468 4606 2795 4676 deprehendi
2842 4604 3253 4659 inconsonantia
3296 4612 3497 4673 posset,

270 4713 287 4741 ι
324 4692 562 4762 ὄμμασιν
590 4694 618 4746 ὅ
638 4711 697 4747 τε
727 4695 917 4765 Πατὴρ
944 4696 1197 4767 ὑπάρχει,
1231 4695 1322 4748 καὶ
1347 4700 1374 4749 ὁ
1417 4697 1607 4749 τούτου
1636 4697 1817 4765 Λόγος.

1940 4720 1958 4751 ι
2010 4700 2165 4754 debet
2201 4700 2288 4753 illa
2324 4698 2512 4754 referri
2540 4699 2757 4768 quidem
2782 4698 2848 4750 ad
2893 4698 3076 4753 carnis
3101 4697 3498 4761 inﬁrmitatem,

270 4802 287 4831 ι
320 4783 394 4836 Οὑ
417 4782 507 4835 διὰ
535 4782 633 4855 τὴν
660 4787 719 4837 έν
754 4786 956 4838 ἅπασιν
1006 4782 1098 4837 οὖν
1148 4786 1463 4855 συμφωνίαν
1522 4786 1665 4840 τοῦτ’
1723 4787 1817 4855 ἔφη

1942 4807 1960 4839 ι
2005 4803 2164 4855 quam
2202 4802 2323 4842 eum
2360 4788 2509 4857 prius
2539 4802 2641 4839 non
2670 4786 2938 4851 haberet,
2973 4785 3210 4853 suscepit
3239 4782 3499 4838 Verbum.

272 4893 289 4924 ι
322 4873 455 4943 πρὸς
486 4872 769 4927 Φίλιππον.
812 4895 829 4926 ι
863 4875 1109 4930 Τοσαῦτα
1158 4874 1346 4939 εἰπὼν,
1379 4877 1729 4930 ὲπαναλαϐὼν
1770 4877 1817 4941 ἐξ

1939 4899 1957 4931 ι
2006 4881 2157 4947 Quod
2201 4880 2244 4935 si
2292 4880 2472 4934 unitas
2527 4878 2642 4933 haec
2675 4877 2905 4942 dicatur,
2970 4888 3117 4931 certe
3157 4876 3372 4931 videtur
3433 4876 3502 4931 ad

266 4964 518 5033 ὑπαρχῆς
562 4963 653 5016 τὸν
696 4965 853 5032 λόγον
879 5008 895 5026 ,
948 4966 1135 5019 τοῦτον
1186 4966 1498 5036 δογματίζει
1564 4968 1655 5021 τὸν
1709 4970 1817 5039 τρό-

1938 4985 1957 5015 ‹
2021 4966 2250 5020 Verbum
2279 4980 2399 5020 esse
2424 4966 2728 5020 referenda.
2758 4965 2909 5021 Unde
2942 4981 3046 5019 non
3094 4966 3233 5019 istud
3266 4975 3499 5028 tantum,

268 5071 397 5107 πον·
430 5074 449 5105 t
482 5055 594 5124 Πρὸ
615 5056 722 5124 γὰρ
749 5056 849 5124 τῆς
883 5056 1238 5128 δημιουργίας
1273 5058 1490 5128 ἀπάσης
1518 5060 1716 5130 ἡσυχία
1748 5077 1817 5125 τις

1939 5076 1957 5108 ι
2011 5057 2118 5127 Ego
2146 5067 2197 5110 et
2225 5055 2390 5111 Pater
2415 5074 2576 5110 unum
2602 5073 2816 5120 sumus,
2864 5058 3057 5111 merito
3085 5057 3290 5111 dictum
3321 5067 3407 5111 est
3433 5058 3500 5109 ab

272 5165 290 5195 ε
327 5141 416 5215 ἦν,
447 5146 522 5208 ὡς
548 5146 713 5209 εἰκὸς,
741 5146 902 5225 δντος-
922 5146 1031 5215 (45)
1071 5149 1129 5199 ἐν
1166 5147 1244 5217 τῷ
1283 5147 1401 5218 Θεῷ
1429 5148 1521 5200 τοῦ
1551 5150 1742 5219 Λόγου.
1769 5152 1817 5203 Εη

1940 5168 1959 5201 ι
2015 5148 2124 5215 illo,
2152 5150 2246 5202 sed
2274 5148 2416 5203 aliud
2449 5150 2670 5219 insuper
2706 5166 2719 5202 :
2749 5148 2917 5202 Tanto
2964 5160 3189 5217 tempore
3225 5148 3303 5217 {ni
3333 5149 3503 5202 uobis-

274 5254 293 5287 ι
324 5236 432 5305 γὰρ
488 5237 716 5308 ποιητὴν
746 5237 1001 5291 ἀπάντων
1030 5237 1120 5290 τὸν
1151 5238 1282 5291 Θεὸν
1310 5241 1339 5292 ὁ
1368 5240 1637 5309 Ἀστέριος
1669 5241 1817 5293 πεπί-

1941 5259 1959 5290 ι
2011 5256 2150 5306 cum,
2195 5237 2459 5308 Philippe,
2479 5250 2528 5292 et
2550 5251 2607 5293 tu
2633 5240 2792 5293 dicis:
2821 5241 3046 5297 Ostende
3068 5241 3195 5296 mihi
3215 5243 3479 5299 Patrem"

346 5402 403 5460 »Β
450 5395 547 5451 Ed.
577 5397 775 5463 Paris.,
812 5415 935 5469 pag.
962 5400 1051 5455 '59.
1131 5400 1177 5432 "
1201 5399 1359 5457 Joan.
1384 5417 1438 5465 γ,
1469 5401 1556 5456 50.
1633 5404 1680 5436 "
1700 5405 1817 5459 Act.

1944 5405 2044 5463 N:
2072 5420 2142 5469 tv,
2182 5404 2272 5458 '52.
2350 5404 2397 5437 "
2431 5402 2587 5459 Joan.
2628 5404 2795 5466 x1v,9.

308 5578 456 5665 ,μὴ
494 5578 758 5659 ξομίζειν
785 5582 1165 5665 ὀφειλόντων.
1191 5585 1448 5665 ζοφείλει,
1473 5585 1681 5665 statim,
1699 5586 1837 5665 forte

274 5654 370 5732 ﬁ;
397 5654 567 5731 αὐτῆς
611 5654 911 5714 κοινωνίας,
940 5662 1030 5704 ant
1054 5654 1153 5721 τῆς
1191 5654 1310 5721 ῐσης
1343 5673 1397 5709 κ.
1422 5673 1480 5726 μ.
1506 5656 1608 5709 κᾶν
1635 5656 1714 5718 είς
1743 5657 1835 5710 δύο

280 5735 372 5769 un.
402 5735 450 5770 ο.
470 5716 540 5770 Μ.
565 5719 817 5781 —Suprn
852 5720 1007 5781 vulgo
1031 5722 1325 5776 ἐπαινοῦσα
1346 5734 1398 5777 et
1428 5724 1563 5779 infra
1589 5727 1705 5777 νυνὶ
1736 5726 1835 5781 μὲν

280 5735 372 5769 υπ.
402 5735 450 5795 o_.
470 5735 540 5770 at.
565 5750 631 5759 —
648 5735 817 5781 θυμω
852 5735 1007 5789 vulgo
1031 5735 1325 5776 επαινουσα
1346 5735 1398 5777 et
1428 5735 1563 5779 inlra
1589 5735 1705 5777 vuvl.
1736 5735 1835 5794 μὲν

281 5785 340 5837 ἐν
378 5802 455 5854 τῳ
480 5795 535 5842 ει
569 5788 948 5858 ἀποϐλέπομεν
975 5801 1030 5847 et
1060 5792 1118 5843 ἓν
1150 5793 1313 5860 ἐσμεν
1335 5809 1347 5821 ο
1378 5795 1427 5845 εί
1476 5796 1582 5865 γάρ
1622 5796 1835 5852 omissis

1948 5587 2280 5642 intermediis
2307 5603 2425 5654 quae
2451 5587 2604 5641 codd.
2633 5590 2780 5643 dant.

2018 5658 2127 5726 (45)
2156 5652 2499 5726 νιιὶεσὸντος
2532 5668 2651 5724 post
2680 5658 2860 5726 Λόγου.
2880 5667 2933 5709 et
2966 5657 3084 5709 dein
3120 5652 3255 5726 εἶναι
3291 5656 3372 5726 ότι
3408 5658 3502 5711 καὶ

1946 5724 2191 5795 συνομολ.
2221 5724 2277 5795 ήξ
2309 5727 2466 5790 αὑτός
2496 5737 2548 5781 et
2580 5727 2753 5780 πάντα
2784 5724 3045 5786 ὲνάὑτοῖς
3071 5725 3174 5778 ὑπὸ
3202 5724 3356 5779 Θεοῦ.
