4048 6414
595 389 693 449 791
1277 388 1545 447 Ευεεειι
1579 386 2046 447 ϐιΕΒΔΒΙΕΝΒΙΕι
2078 386 2120 446 0

2225 429 2228 440 ,
2266 386 2451 443 PARS
2485 384 2575 442 IV.
2613 384 3109 442 -οοειιΑτιεΑ.
3677 382 3785 439 792

600 525 620 557 ι
665 504 921 562 Nimirum
956 518 1060 559 non
1087 504 1203 560 istis
1235 512 1439 559 tantum
1465 503 1655 569 oculis,
1680 504 1771 558 sed
1802 502 2120 558 intellectua-

2234 516 2254 548 ι
2293 515 2516 554 στευκεν
2550 494 2719 565 εἶναι,
2757 496 2911 569 δῆλον
2938 496 3020 549 ὀτι
3049 494 3461 568 συνομολογήσει
3491 493 3623 565 ἡμῖν
3690 492 3792 546 καὶ

599 617 619 649 ι
676 599 831 661 libus,
861 594 1210 667 intelligibilia
1263 596 1353 664 qui
1417 609 1640 658 cernere
1694 602 1939 663 possunt.
1989 593 2120 647 Nam

2229 608 2248 641 t
2288 589 2449 655 αύτός
2471 606 2485 621 ο
2513 589 2603 642 τὸν
2633 590 2732 660 μὲν
2770 589 2855 641 ἀεὶ
2891 586 3173 655 ὑπάρχειν,
3203 586 3334 657 μηδὲ
3366 584 3586 640 me
3647 578 3787 635 εἶναι

602 708 619 738 ι
663 687 932 754 corporeis
957 685 1125 742 oculis
1154 684 1438 740 invisibilis
1463 692 1570 739 ἐει
1605 692 1661 738 et
1696 682 1851 738 Pater
1878 693 1932 737 et
1957 682 2127 737 Patris

600 798 618 828 ι
665 777 915 850 Verbum,
956 775 1069 832 Non
1115 776 1280 846 igitur
1317 776 1383 830 ad
1418 777 1559 829 hunc
1605 774 1817 829 modum
1864 773 2127 827 allocutus

596 887 613 917 ι
658 874 741 920 est
763 866 1082 936 Philippum,
1127 874 1346 935 propter
1394 863 1539 918 illam
1590 863 1643 917 in
1675 863 1901 932 singulis
1933 877 2125 916 conso-

596 979 613 1008 ι
663 959 917 1012 uantiam.
956 976 975 1009 ι
1032 957 1319 1024 Postquam
1365 963 1473 1008 tam
1516 953 1694 1009 multis
1746 955 1860 1008 hac
1897 954 2124 1017 dixerat,

588 1057 861 1118 resumpto
909 1048 975 1102 ab
1020 1047 1173 1102 initio
1230 1059 1474 1101 sermone
1505 1083 1523 1111 ,
1574 1044 1641 1100 ad
1700 1046 1844 1099 hunc
1911 1043 2124 1098 modum

591 1138 955 1205 dogmatizat:
995 1136 1084 1209 [ιι.
1126 1135 1261 1192 xcu
1291 1135 1417 1192 coll.
1482 1150 1535 1205 p.
1610 1134 1713 1190 ιοι
1745 1133 1827 1201 ι),
1879 1133 1978 1188 ιοε
2021 1132 2124 1206 3.]

596 1228 776 1281 cAnte
843 1241 1053 1281 omnem
1126 1224 1305 1282 rerum
1367 1224 1770 1295 productionem
1831 1235 1985 1287 erat,
2068 1233 2129 1278 ut

596 1333 617 1363 σ
660 1328 756 1382 par
780 1324 861 1369 est
890 1316 1130 1380 credere,
1182 1316 1335 1384 quies
1384 1315 1437 1367 in
1480 1314 1609 1379 Deo,
1646 1315 1939 1369 exsistente
1989 1314 2128 1381 apud

596 1420 616 1451 ι
660 1416 781 1456 eum
815 1404 959 1458 intus
990 1404 1177 1457 Verbo.
1222 1401 1355 1457 Nam
1385 1404 1428 1456 si
1459 1403 1697 1458 omnium
1730 1417 1906 1456 rerum
1940 1403 2127 1456 condi-

597 1511 617 1543 ι
663 1503 827 1548 torem
866 1508 982 1549 esse
1010 1491 1171 1548 Deum
1202 1493 1444 1549 Asterius
1485 1493 1653 1548 credit
1691 1493 1785 1565 (id
1836 1494 1974 1562 quod
2015 1494 2129 1563 ipse

597 1600 616 1631 ι
666 1583 936 1637 nobiscum
960 1599 1062 1637 una
1092 1583 1469 1639 conﬁtebitur:
1497 1584 1663 1638 Deum
1696 1581 1948 1637 nimirum
1991 1597 2131 1637 sem-

598 1691 616 1721 ι
662 1686 755 1741 per
775 1672 1120 1727 exsisteutem
1144 1673 1355 1728 initium
1382 1688 1492 1729 suae
1514 1674 1811 1729 existentiaa
1835 1689 1939 1728 non
1974 1674 2130 1728 sorti—

2228 700 2245 731 ι
2271 681 2447 752 ἀρχὴν
2477 680 2708 734 λαϐόντα
2732 696 2745 709 ·
2777 679 2843 733 τὰ
2874 678 2931 732 δὲ
2963 676 3313 747 γεγεννῆσθαί
3352 692 3411 728 τε
3462 674 3553 727 ὑπ’
3590 670 3787 729 αὑτοῦ.

2228 792 2247 823 ι
2286 773 2381 826 καὶ⁵
2412 772 2471 835 ἐξ
2494 772 2593 825 οὐκ
2616 772 2784 825 ὀντων
2828 767 3199 839 γεγεννῆσθαι.
3246 766 3322 820 Οὐ
3347 766 3453 837 7&9
3480 760 3634 835 οῐμαι
3692 762 3790 816 καὶ

2229 881 2247 913 ι
2285 861 2441 915 τοῦτο
2461 862 2733 915 πιστεύειν
2762 861 2921 914 αὐτὸν
2944 859 3023 929 τῷ
3067 857 3275 925 λέγοντι
3327 853 3462 909 εἶναι
3507 869 3633 908 τινα
3691 853 3791 904 καὶ

2228 970 2248 1003 ι
2287 953 2551 1024 ἀγέννητα
2575 969 2590 983 ο
2621 950 2756 1005 ἀλλά
2792 949 3029 1021 ἀκριϐῶς
3064 945 3383 1010 πεπεῖσθαι,
3416 947 3503 999 ὅτι
3552 942 3789 1015 οὐρανός

2228 1062 2247 1096 ι
2284 1060 2344 1096 τε
2375 1044 2469 1097 καὶ
2500 1043 2570 1112 γῆ
2599 1042 2692 1095 καὶ
2720 1041 2893 1094 πάντα
2936 1038 3004 1092 τά
3035 1040 3093 1090 ὲν
3121 1036 3364 1107 οὐρανοῖς
3404 1035 3501 1089 καὶ
3543 1033 3638 1086 ἐπὶ
3682 1030 3789 1100 γῆς

2229 1149 2249 1182 ι
2282 1130 2409 1184 ὀντα
2452 1131 2555 1183 ὑπὸ
2598 1129 2730 1183 Θεοῦ
2785 1126 3123 1197 γεγέννηται.
3155 1125 3219 1178 El
3283 1124 3459 1177 τοίνυν
3496 1122 3657 1175 τοῦτο
3691 1136 3787 1172 πι-

2230 1239 2249 1271 ι
2296 1220 2492 1284 στεύοι,
2528 1218 2739 1289 ἀνάγκη
2786 1218 2947 1271 αὐτὸν
2988 1217 3205 1270 κάκεῖνο
3258 1213 3662 1284 συνομολογεῖν,
3702 1210 3787 1263 ότι

2230 1328 2250 1360 ι
2292 1308 2427 1380 πλὴν
2446 1308 2578 1363 Θεοῦ
2610 1307 2758 1361 οὐδὲν
2778 1307 2961 1376 ἕτερον
3004 1302 3089 1376 ἦν.
3128 1301 3285 1376 Εἶχεν
3313 1300 3405 1357 ούν
3440 1303 3539 1373 τὴν
3579 1301 3787 1354 οἰκείαν

2232 1419 2251 1452 ι
2293 1400 2448 1473 δόξαν
2478 1402 2507 1453 6
2538 1400 2725 1468 Λόγος,
2759 1400 2833 1453 ὢν
2858 1400 2916 1451 ἐν
2942 1397 3021 1468 τῷ
3056 1396 3247 1468 Πατρί.
3287 1415 3307 1448 ι
3356 1395 3466 1448 Καὶ
3510 1390 3683 1445 ταῦτα
3716 1391 3787 1443 ei-

2225 1488 2374 1553 πὼν,
2428 1490 2618 1558 ἐπάγει
2675 1488 2789 1558 μεθ’
2850 1488 3012 1558 ἔτερα
3040 1505 3051 1517 ·
3115 1505 3134 1538 ι
3163 1488 3271 1557 Τὴν
3314 1485 3555 1539 δοθεῖσαν
3637 1479 3789 1550 αύτῷ

2233 1596 2253 1630 ι
2288 1578 2531 1644 ἐξουσίαν
2569 1576 2837 1648 ’Δστέριος
2863 1577 3017 1643 δόξαν
3050 1573 3335 1645 ὀνομάζει·
3382 1572 3475 1624 καὶ
3528 1569 3586 1623 ού
3629 1568 3789 1632 δόξαν

2232 1686 2250 1718 ι
2294 1667 2472 1737 μόνον,
2524 1666 2656 1720 ἀλλά
2718 1667 2810 1719 καὶ
2842 1667 3170 1737 προκόσμιον
3210 1664 3385 1730 δόξαν,
3411 1664 3509 1715 οὐκ
3550 1658 3748 1713 ἐννοιῖιν
3770 1698 3787 1722 ,

598 1780 617 1809 ι
661 1772 769 1813 tum
816 1779 829 1814 :
869 1771 1062 1818 caetera
1114 1763 1327 1831 quidem
1382 1765 1557 1819 omnia
1614 1764 1682 1819 ab
1727 1764 1818 1819 illo
1872 1764 2120 1835 producta

2232 1776 2251 1809 t
2285 1760 2387 1822 ὅτι,
2420 1760 2583 1828 μήπω
2615 1756 2708 1811 τοῦ
2738 1758 2943 1828 κόσμου
2973 1757 3273 1825 γεγονότος,
3307 1754 3458 1808 οὐδὲν
3504 1753 3690 1822 ἕτερον
3717 1746 3790 1821 ἦν

597 1870 615 1900 ι
661 1850 842 1914 fuisse,
878 1863 933 1906 et
958 1828 1170 1921 quidem
1199 1855 1454 1922 producta
1481 1856 1544 1909 de
1574 1855 1762 1911 nihilo.
1782 1828 1964 1925 Neque
1985 1857 2120 1911 enim

2234 1867 2252 1901 t
2296 1849 2433 1922 πλὴν
2475 1850 2610 1903 Θεοῦ
2673 1850 2854 1920 μόνου.
2896 1869 2913 1902 ι
2952 1849 3116 1902 Ταῦτ’
3156 1845 3323 1901 εἰπὼν
3363 1847 3391 1898 ὁ
3441 1843 3787 1913 Μάρκελλος,

594 1958 614 1990 ι
662 1941 840 2005 credo,
888 1952 941 1997 et
989 1943 1114 1998 illud
1171 1944 1508 2014 professurus
1560 1954 1663 2011 est,
1717 1961 1837 2000 esse
1881 1948 2124 2015 quaedam

595 2046 613 2078 ι
661 2028 916 2098 ingenita,
965 2045 1064 2086 nec
1119 2031 1326 2087 dicturo
1381 2033 1681 2088 crediturus
1722 2051 1736 2088 :
1783 2035 1873 2088 sed
1930 2034 2125 2089 habere

594 2134 613 2166 ι
660 2118 1145 2184 persuasissimum,
1176 2120 1393 2184 cmlum,
1420 2130 1643 2187 terram,
1678 2134 1733 2177 et
1761 2123 1941 2177 omnia
1975 2124 2026 2177 in
2058 2124 2125 2179 iis

594 2223 613 2257 ι
658 2220 687 2258 ιι
730 2206 837 2260 Deo
882 2208 1045 2263 luisse
1087 2209 1373 2279 producta)
1400 2210 1443 2264 si
1471 2212 1690 2273 credat,
1720 2212 1959 2287 inquam,
2000 2213 2125 2277 ista,

592 2312 612 2344 ι
660 2309 876 2351 necesse
903 2307 986 2352 est
1012 2306 1071 2351 ut
1100 2296 1227 2353 illud
1260 2300 1417 2354 simul
1441 2302 1779 2365 conﬁteatur,
1812 2303 1943 2357 nihil
1976 2319 2129 2373 pror-

593 2403 612 2437 ι
656 2399 748 2439 sus
788 2386 931 2441 aliud
972 2398 1162 2457 prazter
1206 2390 1370 2449 Deum
1425 2392 1719 2445 exstitisse.
1782 2391 1953 2447 Habet
1999 2408 2128 2463 ergo

593 2492 611 2522 ι
660 2475 917 2542 privatam
961 2492 1111 2532 suam
1154 2480 1438 2547 quamdam
1468 2479 1770 2547 opinionem
1804 2495 1980 2537 sermo
2006 2482 2125 2545 iste,

595 2581 613 2613 ι
659 2566 925 2622 exsistens
952 2568 1003 2620 in
1034 2566 1193 2622 Patre
1227 2584 1343 2623 suo.
1370 2588 1389 2621 ι
1426 2569 1547 2623 Haec
1588 2578 1867 2638 postquam
1899 2571 2125 2637 dixerat,

586 2654 847 2710 subinfert
892 2659 1069 2712 statim
1101 2657 1191 2729 [Β.
1218 2657 1397 2728 XCIII]
1428 2678 1441 2713 :
1472 2678 1491 2710 ι
1520 2661 1836 2715 Concessam
1878 2662 1950 2716 illi
1980 2674 2129 2731 pote.

592 2761 611 2793 ι
657 2753 869 2810 statem,
912 2746 1136 2817 gloriam
1168 2748 1412 2805 Asterius
1436 2752 1765 2818 nominavit;
1814 2769 1912 2809 nec
1934 2755 2128 2809 solum-

592 2852 609 2884 ι
650 2835 805 2890 modo
842 2836 1083 2905 gloriam,
1139 2842 1233 2893 sed
1284 2852 1337 2894 et
1378 2844 1824 2899 antemundanam
1856 2846 2124 2916 gloriam:

589 2942 608 2974 ι
660 2941 760 2979 non
792 2927 1240 2996 animadvertens,
1267 2940 1389 2984 ante
1409 2935 1657 2987 mundum
1678 2934 1969 3001 conditum,
1997 2952 2129 3004 prae-

590 3030 608 3065 ι
657 3021 738 3068 ιει·
765 3030 925 3069 unum
958 3018 1127 3071 solum
1158 3017 1323 3073 Deum
1360 3022 1633 3075 exstitisse
1668 3025 1886 3079 omnino
1916 3027 2066 3079 nihil.
2104 3046 2123 3080 ι

2224 1939 2317 1993 καὶ
2354 1939 2444 1993 τὸν
2498 1939 2624 1994 Υίὸν
2673 1939 2739 1992 δι’
2792 1940 2969 1994 αὐτῶν
3018 1936 3495 2009 ἀπαρακαλύπτως
3549 1935 3790 2005 ἀρνησά-

2226 2045 2418 2099 μενος,
2452 2028 2537 2080 ἵνα
2583 2030 2728 2099 ἡμᾶς
2759 2028 3000 2099 ἀκριϐῶς
3047 2029 3242 2099 πείσῃ,
3299 2029 3475 2080 ὁποῖον
3513 2021 3649 2077 εἶναι
3696 2023 3790 2076 τὸν

2223 2119 2391 2187 Λόγον
2422 2118 2515 2181 τοῦ
2551 2119 2683 2172 Θεοῦ
2734 2121 2967 2190 ἐφρόνει,
3007 2119 3332 2188 σαφέστερον
3389 2116 3639 2187 ἐμφαίνει
3688 2114 3789 2183 τὴν

2222 2210 2475 2273 διάνοιαν,
2514 2208 2591 2279 τῷ
2626 2210 2876 2280 ἡμετέρῳ
2932 2209 3075 2279 λόγῳ
3126 2207 3439 2270 ἀπεικάζων
3479 2205 3642 2259 αὑτὸν
3667 2245 3681 2268 ,
3716 2203 3787 2257 δι’

2223 2291 2298 2353 ὧν
2360 2299 2528 2353 ταῦτα
2593 2300 2829 2371 γράφει·
2907 2318 2926 2351 ι
2971 2301 3181 2369 Ὠσπερ
3245 2299 3352 2369 γὰρ
3407 2297 3474 2350 τά
3526 2296 3791 2364 γεγονότα

2233 2409 2252 2441 ι
2288 2390 2460 2445 πάντα
2513 2392 2617 2445 ὑπὸ
2665 2390 2759 2445 τοῦ
2786 2392 2999 2461 Πατρὸς
3038 2389 3125 2444 διὰ
3157 2388 3248 2442 τοῦ
3294 2390 3467 2457 Λόγου
3520 2386 3788 2456 σημαίνε-

2233 2499 2252 2531 ι
2289 2498 2376 2534 ται
2394 2481 2523 2551 (Η).
2574 2482 2671 2535 Διὰ
2717 2482 2873 2535 τοῦτο
2910 2480 3017 2551 7&9
3060 2481 3193 2534 καὶό
3222 2478 3516 2547 ἀγιώτατος
3545 2476 3789 2544 Μωῦσῆς

2234 2591 2252 2623 ι
2287 2571 2512 2640 ἄγγελον
2535 2571 2764 2625 ἐνταῦθα
2800 2569 3054 2641 ὀνομάζει
3075 2572 3164 2623 τὸν
3213 2572 3402 2639 Λόγον,
3428 2571 3509 2622 ὅτι
3540 2569 3606 2620 δι’
3632 2568 3791 2620 οὐδὲν

2232 2678 2251 2711 ι
2287 2659 2472 2731 ἕτερον
2522 2660 2715 2730 ἐφάνη,
2771 2660 2883 2713 ἀλλ’
2929 2662 3013 2713 ἵνα
3063 2660 3357 2733 ἀναγγείλῃ
3390 2658 3467 2729 τῷ
3510 2658 3739 2712 Μωῦσεῖ
3773 2698 3788 2722 ,

2234 2765 2252 2797 ι
2293 2747 2464 2801 ταῦτα
2485 2748 2627 2819 άπερ
2659 2749 2949 2803 λυσιτελεῖν
2975 2752 3084 2813 τοῖς
3111 2747 3243 2811 υἲοῖς
3259 2747 3472 2819 Ἰσραὴλ
3494 2747 3788 2815 ἠπίστατο’

2233 2857 2251 2888 ι
2292 2838 2555 2907 ἠπίστατο
2614 2839 2669 2891 δὲ
2710 2838 2999 2893 λυσιτελεῖν
3052 2840 3146 2893 ἕνα
3180 2840 3309 2893 Θεὸν
3348 2834 3483 2892 εἶναι
3522 2836 3787 2906 νομίζειν.

2234 2946 2251 2979 ι
2291 2928 2381 2987 Διὸ
2440 2930 2534 2982 καὶ
2594 2931 2728 2999 πρὸς
2763 2930 2941 2993 αὑτὸν,
2988 2931 3127 3000 Ἐγώ
3170 2933 3278 2999 ειμι
3313 2933 3346 2983 ό
3391 2928 3494 2991 ὢν,
3534 2928 3660 2996 ἔφη,
3698 2928 3789 2979 ίνα

2234 3037 2251 3067 ι
2292 3019 2492 3087 μηδένα
2546 3021 2701 3083 ἐκτὸς
2737 3021 2928 3073 ἐαυτοῦ
2976 3021 3157 3091 ἕτερον
3205 3020 3336 3073 Θεὸν
3372 3016 3508 3075 εἶναι
3576 3017 3786 3091 διδάξῃ.

580 3100 704 3159 Haec
734 3103 1018 3160 Marcellus
1048 3108 1134 3161 ubi
1166 3109 1400 3173 dixerat,
1452 3122 1505 3164 et
1556 3114 1673 3166 sine
1709 3114 1816 3169 ullo
1868 3126 2120 3183 praetextu

2236 3124 2253 3155 ι
2290 3105 2457 3161 Τοῦτο
2488 3109 2685 3178 ῥᾴδιον,
2716 3105 2886 3179 οἶμαι,
2921 3112 3031 3173 τοῖς
3054 3110 3401 3180 εύφρονοῦσι,
3425 3111 3518 3163 καὶ
3551 3109 3660 3163 άπὸ
3690 3128 3788 3180 μι-

581 3206 679 3259 per
712 3193 795 3245 illa
822 3194 1012 3249 Filium
1045 3198 1419 3268 abnegaverat,
1452 3211 1507 3252 ut
1538 3202 1689 3257 nobis
1727 3205 1972 3258 redderet
2005 3220 2126 3274 per-

583 3281 976 3351 suasissimum,
1001 3286 1282 3354 qualenam
1322 3289 1413 3342 Dei
1451 3288 1675 3344 Verbum
1718 3293 2121 3363 imaginaretur,

582 3377 813 3421 mentem
844 3384 993 3423 suam
1030 3373 1200 3441 aperit
1232 3375 1518 3430 dilucidius
1574 3379 1745 3432 adhuc
1771 3418 1785 3443 ,
1837 3391 1890 3435 et
1940 3393 2125 3440 nostro

578 3458 741 3512 verbo
768 3461 1028 3516 assimilat
1069 3478 1163 3531 per
1184 3458 1367 3519 omnia
1390 3507 1405 3531 ,
1446 3468 1498 3521 in
1534 3468 1599 3521 iis
1632 3473 1855 3537 quaa;ita
1899 3474 2118 3529 scribit:

580 3547 667 3617 [ιι.
704 3548 793 3602 Lv
821 3550 940 3604 coll.
971 3567 1021 3620 p.
1054 3553 1121 3607 79
1154 3552 1212 3618 Β,
1243 3554 1341 3608 ιιι
1381 3554 1445 3618 D,
1480 3556 1584 3610 tas
1608 3556 1688 3627 Β]
1718 3577 1737 3608 ι
1764 3559 1951 3614 Omnia
2000 3557 2119 3630 qui-

582 3657 603 3690 σ
647 3640 763 3694 dem
793 3657 910 3711 qua
938 3642 1075 3697 facta
1119 3655 1262 3709 sunt,
1291 3645 1658 3715 intelliguntur
1703 3664 1730 3702 a
1777 3650 1929 3706 Patre
1979 3651 2118 3707 facta

582 3748 601 3780 ι
643 3743 760 3784 esse
789 3746 884 3800 per
922 3732 1172 3789 Verbum.
1202 3737 1460 3803 Quocirca
1491 3750 1543 3793 et
1573 3743 1940 3797 sanctissimus
1975 3742 2119 3813 Moy-

582 3836 601 3868 ι
647 3834 753 3887 ses,
784 3823 1026 3891 angelum
1056 3825 1284 3895 appellat
1308 3828 1409 3882 hoc
1441 3830 1494 3882 in
1545 3831 1663 3884 loco
1697 3829 1951 3896 Verbum,
2000 3849 2118 3899 pro-

582 3926 603 3963 t
645 3920 827 3977 pterea
860 3916 997 3980 quod
1023 3929 1124 3967 non
1149 3918 1214 3970 ob
1243 3915 1402 3970 aliam
1421 3933 1639 3973 causam
1672 3923 1934 3989 apparuit,
1958 3938 2114 3991 quam

583 4016 602 4053 ι
649 4008 703 4051 ιιι
735 3998 899 4070 Moysi
926 4006 1256 4061 renuntiaret
1303 4007 1388 4062 illa
1419 4023 1537 4077 qua:
1579 4015 1875 4066 conducere
1914 4013 2117 4069 sciebat

584 4108 603 4137 ι
649 4090 770 4145 ﬁliis
815 4090 995 4148 Israel.
1046 4096 1263 4153 Sciebat
1288 4110 1468 4155 autem
1516 4102 1642 4156 illud
1689 4106 2007 4170 conducere,
2060 4118 2115 4161 ut

581 4198 600 4231 ι
646 4184 926 4237 crederent
968 4202 1129 4241 unum
1161 4190 1331 4245 solum
1377 4192 1538 4244 Deum
1573 4208 1710 4248 esse.
1761 4200 1818 4257 ᾗ
1854 4195 2113 4261 Quocirca

580 4307 589 4319 .
643 4280 699 4325 ει
738 4273 1021 4342 alloquitur
1075 4278 1243 4343 illum,
1278 4279 1402 4349 'Ego
1449 4300 1560 4335 sum
1588 4285 1676 4351 qui
1714 4301 1825 4338 sum
1851 4286 1893 4317 ’7
1920 4304 1931 4338 :
1962 4295 2019 4340 ut
2046 4288 2113 4343 ab

576 4381 600 4415 ‹
644 4363 755 4430 ipso
784 4379 900 4418 cum
929 4369 1283 4434 recesserint,
1331 4371 1527 4424 nullum
1566 4388 1682 4427 esse
1732 4374 1895 4427 Deum
1950 4376 2109 4429 alium

2235 3216 2253 3247 ι
2292 3197 2424 3267 κροῦ
2454 3215 2595 3261 τινος
2624 3201 2715 3253 καὶ
2745 3200 2993 3255 ταπεινοῦ
3029 3201 3148 3253 καθ’
3178 3203 3319 3271 ἡμᾶς
3346 3200 3787 3271 παραδείγματος

2234 3306 2252 3338 ι
2287 3288 2500 3356 γνῶναι.
2524 3290 2653 3361 (45).
2691 3292 2822 3345 Οὐδὲ
2861 3292 2965 3363 γὰρ
3014 3294 3102 3346 τὸν
3138 3291 3229 3345 τοῦ
3291 3292 3575 3364 ἀνθρώπου
3628 3292 3789 3369 λόγον

2233 3398 2251 3428 ι
2289 3378 2509 3448 δυνάμει
2550 3381 2640 3432 καὶ
2668 3381 2954 3433 ὑποστάσει
2986 3381 3213 3451 χωρίσαι
3243 3382 3350 3435 τινὶ
3395 3379 3636 3434 δυνατόν.
3687 3382 3788 3435 “Ex?

2231 3487 2249 3517 ι
2286 3468 2392 3539 γάρ
2418 3472 2533 3522 ἐστι
2566 3471 2658 3523 καὶ
2684 3472 2875 3524 ταύτὸν
2904 3471 2981 3541 τῷ
3003 3471 3271 3544 ἀνθρώπῳ
3291 3475 3317 3524 ὀ
3335 3471 3507 3540 λόγος,
3534 3474 3628 3525 καὶ
3658 3473 3784 3526 οὐδ-

2229 3580 2248 3611 ι
2282 3560 2359 3612 ενι⁵
2406 3560 2768 3633 χωριζόμενος
2821 3563 2990 3634 ἑτέρῳ
3036 3564 3069 3634 ἢ
3112 3565 3244 3635 μόνῃ
3276 3567 3340 3635 τῇ
3400 3565 3497 3634 τῆς
3530 3564 3785 3635 πράξεως

2228 3672 2246 3704 ι
2284 3653 2599 3725 ἐνεργείᾳ.»
2661 3654 2769 3705 Καὶ
2821 3652 3253 3721 ἐπιδαψιλεύεται
3292 3654 3372 3707 ἔτι
3434 3653 3631 3723 μᾶλλον
3681 3653 3783 3724 τὴν

2222 3741 2383 3795 αύτοῦ
2408 3741 2641 3794 διάνοιαν
2679 3740 2974 3809 ἐμφαίνων,
3013 3740 3079 3792 δι’
3110 3735 3182 3794 ὧν
3227 3742 3349 3810 ἑξῆς
3400 3743 3525 3795 τάδε
3579 3743 3777 3813 φησίν·

2227 3846 2246 3877 ι
2286 3828 2361 3880 Ού
2392 3828 2498 3897 γὰρ
2522 3825 2585 3896 δὴ
2615 3828 2803 3898 ἑτέρας
2859 3828 3174 3897 ὀνομασίας,
3203 3825 3312 3882 οἷον
3347 3830 3478 3901 ὕλης
3528 3831 3560 3901 ἢ
3605 3831 3777 3902 ἀλλης

2227 3937 2246 3969 ι
2278 3920 2422 3981 τινὸς
2461 3919 2806 3989 ἀνθρωπίνης
2841 3919 3019 3989 (46),ὀ
3058 3921 3188 3985 Θεὸς
3235 3923 3401 3975 ἐδεῖτο
3431 3923 3565 3994 πρὸς
3609 3942 3782 3980 κατα-

2227 4028 2245 4060 ι
2284 4009 2501 4080 σκευὴν,
2535 4010 2666 4064 ἀλλὰ
2696 4010 2895 4080 ταύτης
2920 4011 3017 4080 τῆς
3049 4015 3106 4065 ἐν
3127 4016 3191 4083 τῇ
3228 4014 3387 4067 αὑτοῦ
3421 4014 3625 4087 διανοίᾳ
3641 4018 3779 4071 ἐτοι-

2225 4117 2243 4150 ι
2285 4099 2501 4169 μασίας.
2541 4100 2688 4154 Ἐπεὶ
2706 4095 2795 4152 οὖν
2819 4100 3075 4155 ἀδύνατον
3099 4098 3166 4173 ἦν
3191 4104 3356 4175 χωρὶς
3388 4104 3541 4172 λόγου
3566 4107 3659 4158 καί
3675 4108 3778 4178 τῆς

2223 4209 2241 4240 ι
2286 4191 2587 4261 προσούσης
2629 4190 2704 4261 τῷ
2759 4191 2899 4262 λόγῳ
2948 4195 3137 4262 σοφίας
3190 4196 3437 4265 ἐννοῆσαι
3488 4200 3615 4267 περὶ
3676 4200 3776 4271 τῆς

2225 4301 2242 4333 ι
2286 4282 2379 4334 τοῦ
2418 4282 2644 4354 ούρανοῦ
2674 4286 3014 4355 κατασκευῆς
3045 4287 3135 4338 τὸν
3168 4286 3318 4349 Θεὸν,
3365 4290 3585 4353 εἰκότως
3632 4290 3735 4362 ἔφη
3756 4309 3771 4324 ο

2222 4389 2240 4420 ι
2283 4370 2477 4425 Ἡνίκα
2516 4370 2781 4439 ἡτοίμαζε
2810 4371 2914 4424 τὸν
2938 4372 3209 4438 οὐρανὸν,
3242 4374 3649 4443 συμπαρήμην
3669 4379 3774 4429 αὺ-

576 4468 596 4502 ι
643 4454 1051 4509 arbitrarentur.
1096 4456 1337 4513 Proclive
1379 4470 1463 4514 est
1505 4472 1681 4515 autem
1722 4464 1870 4519 istud
1902 4468 2112 4519 cuicun-

2225 4477 2240 4508 t
2284 4458 2381 4523 τῷ.
2419 4478 2438 4510 ›
2469 4459 2575 4510 Καὶ
2610 4459 2954 4531 προστίθησιν
2985 4458 3134 4523 αὖθις
3161 4462 3419 4532 ὲξομοιῶν
3442 4462 3519 4532 τῷ
3560 4462 3772 4535 ἀνθρω-

576 4559 598 4593 ι
634 4555 737 4610 que
767 4548 1029 4612 prudenti,
1078 4549 1418 4617 utiarbitror,
1448 4552 1759 4621 intelligere,
1783 4554 1849 4607 ab
1866 4558 2112 4624 exemplo

577 4649 596 4684 ι
640 4636 865 4702 quodam
899 4640 1089 4706 exiguo
1135 4650 1186 4694 et
1236 4642 1370 4695 satis
1418 4642 1601 4696 humili
1638 4645 1888 4699 humano.
1930 4646 2112 4716 Neque

572 4742 595 4774 ι
640 4726 781 4777 enim
801 4728 1051 4795 possibile
1070 4739 1171 4795 est,
1188 4732 1507 4800 cuicunque,
1532 4734 1746 4788 verbum
1766 4736 2011 4801 hominis,
2029 4738 2111 4791 vel

575 4832 594 4863 ι
637 4818 889 4883 potentia,
919 4819 986 4871 ab
1019 4821 1287 4889 hypostasi
1318 4838 1588 4891 separare.
1616 4822 1786 4881 Unum
1813 4836 1893 4880 est
1914 4828 2110 4881 etenim

575 4922 595 4955 ι
634 4913 793 4974 atque
832 4909 968 4962 idem
998 4925 1118 4963 cum
1150 4912 1362 4968 homine
1405 4914 1623 4967 verbum
1662 4930 1845 4984 suum;
1878 4933 1974 4973 nec
2004 4920 2109 4974 ullo

575 5012 593 5041 ι
631 5004 782 5060 pacto
809 4998 963 5051 aliter
982 5002 1351 5067 separandum,
1384 5018 1545 5071 quam
1577 5006 1685 5059 sola
1707 5008 1895 5073 agendi
1916 5023 2109 5076 opera-

574 5102 591 5131 ι
636 5083 1002 5157 ιὶοιιε.›Ηιιείε
1014 5091 1186 5145 adhuc
1210 5093 1424 5161 prodige
1443 5109 1591 5147 suam
1612 5105 1836 5153 mentem
1855 5098 2107 5158 insinuat,

675 5249 732 5305 »Β
770 5242 867 5298 Ed.
895 5244 1094 5311 Paris.,
1122 5262 1243 5316 pug.
1272 5247 1358 5301 40.

640 5381 874 5461 (Ηὶᾼιὰ
897 5383 1000 5461 ζεῦ
1027 5385 1234 5461 ΛόγουΔ
1252 5387 1616 5461 σημαίνεται.
1642 5390 1819 5461 Deest,
1848 5394 2109 5461 γεγεννῆ-

571 5446 707 5528 σθαι.
734 5446 1020 5528 Ἐνταῦθα,
1051 5446 1377 5528 referebatur
1406 5458 1470 5510 ad
1513 5459 1682 5528 locum
1712 5446 1939 5528 aliquem
1966 5446 2111 5515 Scri-

571 5524 1046 5593 pture,_quem_in
1100 5524 1180 5593 bis
1224 5525 1335 5578 suis
1373 5527 1639 5593 excerptis
1681 5524 1892 5581 reticuit
1942 5530 2109 5587 Euse—

569 5583 1043 5668 Ῑιίιιξὶμῖς--Μοτ
1082 5583 1568 5668 νυΙεςιλκαὶ-άγιώςξ.
1595 5583 1965 5668 ειῄάναγγέλῃ.

643 5655 751 5735 (ιβ)
790 5659 979 5735 _Statint
1014 5655 1289 5735 lege,_ot36é
1318 5655 1542 5735 γὰρ’τοῦ
1583 5655 1864 5735 ἀνθρώπού
1897 5655 1986 5719 τὸν
2024 5670 2108 5720 λό-

572 5737 664 5793 γον
688 5724 923 5795 δυνάμει,
955 5731 985 5795 ἦ
1030 5724 1118 5783 καὶ
1148 5724 1431 5785 ὑποστάσει
1466 5754 1513 5803 χ.
1547 5724 1871 5802 Ιιιψοέεἰὺίιε
1900 5748 2002 5805 est,
2036 5740 2103 5793 ita

1460 5250 1508 5280 "’
1533 5250 1701 5305 Exod.
1738 5267 1819 5318 ιιι,
1851 5254 1939 5309 Νι.

2211 4551 2345 4619 πίνῳ
2397 4548 2535 4619 λόγῳ
2575 4551 2665 4603 τὸν
2715 4550 2804 4602 τοῦ
2851 4551 3006 4614 Θεοῦ,
3052 4554 3129 4614 εἰς
3177 4554 3238 4605 τὸ
3277 4553 3443 4617 δεῖξαι
3465 4555 3623 4607 αὐτὸν
3672 4557 3769 4609 ἀν-

2209 4642 2521 4695 υπόστατον.
2542 4642 2743 4712 Γράφει
2770 4642 2824 4694 δὲ
2858 4642 3027 4705 οὕτως
3054 4660 3068 4673 θ
3108 4662 3126 4692 ι
3177 4644 3437 4698 Ἐνταῦθα
3496 4646 3609 4714 ἐγώ
3649 4650 3765 4715 ειμι

2213 4749 2231 4781 ι
2265 4734 2297 4784 ό
2318 4730 2420 4797 ὢν,
2470 4731 2615 4799 λέγει
2659 4732 2755 4801 μὲν
2788 4730 2865 4801 τῷ
2906 4733 3128 4795 Μωῖισεῖ
3158 4735 3187 4785 ὀ
3234 4735 3441 4806 Πατήρ.
3472 4737 3633 4803 Λέγει
3683 4738 3759 4801 δὲ,

2212 4839 2232 4872 ι
2267 4820 2508 4890 δηλονότι
2533 4820 2617 4873 διὰ
2640 4821 2733 4873 τοῦ
2761 4823 2951 4888 Λόγου.
2975 4822 3157 4875 Πάντα
3188 4823 3295 4895 7&9
3324 4825 3419 4876 ὅσα
3445 4824 3509 4877 ἂν
3530 4828 3558 4876 6
3582 4825 3766 4899 Πατὴρ

2216 4931 2233 4961 ι
2274 4911 2425 4983 λέγῃ,
2471 4913 2642 4966 ταῦτα
2699 4914 2970 4983 πανταχοῦ
3014 4915 3100 4968 διὰ
3124 4916 3216 4971 τοῦ
3258 4916 3427 4983 Λόγου
3446 4915 3616 4982 λέγων
3642 4918 3766 4985 φαί-

2217 5023 2234 5053 ι
2271 5020 2433 5057 νεται.
2462 5004 2629 5057 Τοῦτο
2659 5005 2714 5056 δὲ
2735 5006 2889 5073 δῆλόν
2922 5007 3147 5060 ἐστικαὶ
3170 5008 3260 5075 ἀφ’
3287 5008 3439 5077 ἡμῶν
3463 5008 3638 5061 αὐτῶν
3666 5010 3764 5061 ὅσα

2220 5114 2238 5147 ι
2277 5096 2444 5167 μικρὰ
2476 5098 2587 5158 τοῖς
2633 5095 2883 5166 μεγάλοις
2920 5099 3012 5151 καὶ
3063 5098 3225 5163 θείοις
3285 5100 3597 5153 ἀπεικάσαι.
3654 5102 3763 5154 Καὶ

2210 5388 2427 5443 verbum
2461 5390 2527 5442 ab
2557 5389 2771 5442 homine
2800 5403 2953 5442 suum
2986 5401 3255 5455 separare.
3286 5395 3344 5439 ut
3375 5386 3634 5440 subsistat
3677 5402 3763 5441 se-

2206 5469 2466 5579 paératum.
2498 5457 2655 5511 M.—-
2692 5457 2820 5511 Dein
2874 5459 3029 5526 vulgo
3072 5456 3287 5524 ἐπιδαψ.
3329 5458 3446 5511 sine
3470 5455 3560 5509 καί
3595 5466 3651 5510 ει
3692 5457 3761 5509 δι’

2205 5530 2263 5579 ἑτ
2300 5544 2411 5579 οας.

2234 5544 2290 5579 τε
2300 5544 2411 5596 ρας.

2274 5594 2383 5664 (ιθ)
2427 5598 2499 5648 Ἢ
2527 5595 2720 5662 ἄλλης
2763 5598 2921 5660 τινὸς
2963 5594 3349 5663 ἀνθρωπίνης.
3375 5594 3552 5664 _Deest
3578 5594 3757 5664 aliqua

2204 5662 2306 5718 vox
2333 5662 2609 5718 fulcienda:
2632 5666 2932 5737 sententiae.
3158 5662 3456 5737 Deinvulgo
3501 5663 3636 5733 πρὸς
3659 5664 3756 5737 τὴν

2206 5751 2427 5787 κατασκ.
2456 5746 2508 5788 ct
2539 5734 2910 5809 προσηκούσης
2934 5734 3010 5803 τῷ
3039 5734 3178 5802 λόγῳ
3204 5744 3257 5788 ει
3288 5734 3581 5803 ἡτοίμασελ
