  <div class='ocr_page' id='page_1' title='image "/cluster/home/n/w/nwhite01/storage/ocr_20150623/24/ien.35556001660497/408.png"; bbox 0 0 4048 6428; ppageno 0'>
   <div class='ocr_carea' id='block_1_1' title="bbox 247 437 354 495">
    <p class='ocr_par' dir='ltr' id='par_1_1' title="bbox 247 437 354 495">
     <span class='ocr_line' id='line_1_1' title="bbox 247 437 354 495; baseline 0 -2"><span class='ocrx_word' id='word_1_1' title='bbox 247 437 354 495; x_wconf 64' lang='grc' dir='ltr'>πε</span> 
     </span>
    </p>
   </div>
   <div class='ocr_carea' id='block_1_2' title="bbox 1336 426 2353 487">
    <p class='ocr_par' dir='ltr' id='par_1_2' title="bbox 1336 426 2353 487">
     <span class='ocr_line' id='line_1_2' title="bbox 1336 426 2353 487; baseline -0.006 0"><span class='ocrx_word' id='word_1_2' title='bbox 1336 427 1620 487; x_wconf 75' lang='lat' dir='ltr'>CONTRA</span> <span class='ocrx_word' id='word_1_3' title='bbox 1652 426 2079 486; x_wconf 69' lang='grc' dir='ltr'>ιιΑιιοΕιιυιι</span> <span class='ocrx_word' id='word_1_4' title='bbox 2117 426 2246 483; x_wconf 83' lang='lat' dir='ltr'>LIB.</span> <span class='ocrx_word' id='word_1_5' title='bbox 2287 426 2353 482; x_wconf 91' lang='lat' dir='ltr'><strong>II.</strong></span> 
     </span>
    </p>
   </div>
   <div class='ocr_carea' id='block_1_3' title="bbox 3374 421 3482 480">
    <p class='ocr_par' dir='ltr' id='par_1_3' title="bbox 3374 421 3482 480">
     <span class='ocr_line' id='line_1_3' title="bbox 3374 421 3482 480; baseline 0 0"><span class='ocrx_word' id='word_1_6' title='bbox 3374 421 3482 480; x_wconf 67' lang='grc' dir='ltr'>τοι</span> 
     </span>
    </p>
   </div>
   <div class='ocr_carea' id='block_1_4' title="bbox 249 536 1803 622">
    <p class='ocr_par' dir='ltr' id='par_1_4' title="bbox 249 545 1803 622">
     <span class='ocr_line' id='line_1_4' title="bbox 249 545 1803 622; baseline -0.005 -16"><span class='ocrx_word' id='word_1_7' title='bbox 249 570 273 606; x_wconf 80' lang='lat' dir='ltr'>s</span> <span class='ocrx_word' id='word_1_8' title='bbox 298 550 460 622; x_wconf 73' lang='grc' dir='ltr'>ἡμεῖς</span> <span class='ocrx_word' id='word_1_9' title='bbox 483 549 595 619; x_wconf 81' lang='grc' dir='ltr'>γὰρ</span> <span class='ocrx_word' id='word_1_10' title='bbox 616 549 791 603; x_wconf 82' lang='grc' dir='ltr'>πάντα</span> <span class='ocrx_word' id='word_1_11' title='bbox 817 548 917 601; x_wconf 80' lang='grc' dir='ltr'>ὅσα</span> <span class='ocrx_word' id='word_1_12' title='bbox 937 546 1003 601; x_wconf 82' lang='grc' dir='ltr'>ἀν</span> <span class='ocrx_word' id='word_1_13' title='bbox 1037 546 1300 617; x_wconf 77' lang='grc' dir='ltr'>θέλωμεν,</span> <span class='ocrx_word' id='word_1_14' title='bbox 1316 545 1459 599; x_wconf 87' lang='grc' dir='ltr'>κατά</span> <span class='ocrx_word' id='word_1_15' title='bbox 1483 545 1545 598; x_wconf 85' lang='grc' dir='ltr'>τὸ</span> <span class='ocrx_word' id='word_1_16' title='bbox 1563 546 1803 612; x_wconf 68' lang='grc' dir='ltr'>δυνιιιιιὸν1</span> 
     </span>
    </p>
   </div>
   <div class='ocr_carea' id='block_1_5' title="bbox 1905 536 3477 622">
    <p class='ocr_par' dir='ltr' id='par_1_5' title="bbox 1915 536 3477 615">
     <span class='ocr_line' id='line_1_5' title="bbox 1915 536 3477 615; baseline -0.003 -14"><span class='ocrx_word' id='word_1_17' title='bbox 1915 547 1968 600; x_wconf 89' lang='lat' dir='ltr'>in</span> <span class='ocrx_word' id='word_1_18' title='bbox 1995 544 2369 615; x_wconf 70' lang='lat' dir='ltr'>sequentibus,</span> <span class='ocrx_word' id='word_1_19' title='bbox 2396 541 2675 611; x_wconf 77' lang='lat' dir='ltr'><strong>inquiens:</strong></span> <span class='ocrx_word' id='word_1_20' title='bbox 2705 538 2800 611; x_wconf 77' lang='grc' dir='ltr'>[Β.</span> <span class='ocrx_word' id='word_1_21' title='bbox 2823 537 2930 594; x_wconf 80' lang='lat' dir='ltr'><strong>LIII</strong></span> <span class='ocrx_word' id='word_1_22' title='bbox 2948 537 3072 595; x_wconf 82' lang='lat' dir='ltr'><strong>coll.</strong></span> <span class='ocrx_word' id='word_1_23' title='bbox 3093 553 3147 609; x_wconf 92' lang='lat' dir='ltr'>p.</span> <span class='ocrx_word' id='word_1_24' title='bbox 3167 536 3292 610; x_wconf 66' lang='lat' dir='ltr'><strong>I25]</strong></span> <span class='ocrx_word' id='word_1_25' title='bbox 3315 557 3336 592; x_wconf 81' lang='grc' dir='ltr'>ι</span> <span class='ocrx_word' id='word_1_26' title='bbox 3358 537 3477 596; x_wconf 82' lang='lat' dir='ltr'><strong>Non</strong></span> 
     </span>
    </p>
   </div>
   <div class='ocr_carea' id='block_1_6' title="bbox 253 633 1809 705">
    <p class='ocr_par' dir='ltr' id='par_1_6' title="bbox 253 633 1809 705">
     <span class='ocr_line' id='line_1_6' title="bbox 253 633 1809 705; baseline -0.004 -14"><span class='ocrx_word' id='word_1_27' title='bbox 253 659 271 691; x_wconf 79' lang='grc' dir='ltr'>ι</span> <span class='ocrx_word' id='word_1_28' title='bbox 298 639 479 705; x_wconf 82' lang='grc' dir='ltr'>λέγειν</span> <span class='ocrx_word' id='word_1_29' title='bbox 511 654 570 690; x_wconf 89' lang='grc' dir='ltr'>τε</span> <span class='ocrx_word' id='word_1_30' title='bbox 607 638 702 690; x_wconf 82' lang='grc' dir='ltr'>καὶ</span> <span class='ocrx_word' id='word_1_31' title='bbox 738 638 942 699; x_wconf 78' lang='grc' dir='ltr'>ποιεῖν,</span> <span class='ocrx_word' id='word_1_32' title='bbox 984 634 1061 705; x_wconf 80' lang='grc' dir='ltr'>τῷ</span> <span class='ocrx_word' id='word_1_33' title='bbox 1112 634 1365 705; x_wconf 78' lang='grc' dir='ltr'>ἡμετέρῳ</span> <span class='ocrx_word' id='word_1_34' title='bbox 1391 633 1647 703; x_wconf 79' lang='grc' dir='ltr'>ποιοῦμεν</span> <span class='ocrx_word' id='word_1_35' title='bbox 1697 633 1809 703; x_wconf 68' lang='grc'><strong>(47)</strong></span> 
     </span>
    </p>
   </div>
   <div class='ocr_carea' id='block_1_7' title="bbox 250 721 1813 801">
    <p class='ocr_par' dir='ltr' id='par_1_7' title="bbox 250 721 1813 801">
     <span class='ocr_line' id='line_1_7' title="bbox 250 721 1813 801; baseline -0.005 -15"><span class='ocrx_word' id='word_1_36' title='bbox 250 752 271 786; x_wconf 78' lang='grc' dir='ltr'>ι</span> <span class='ocrx_word' id='word_1_37' title='bbox 302 734 463 801; x_wconf 84' lang='grc' dir='ltr'>λόγῳ.</span> <span class='ocrx_word' id='word_1_38' title='bbox 488 751 507 784; x_wconf 76' lang='grc' dir='ltr'>ι</span> <span class='ocrx_word' id='word_1_39' title='bbox 540 727 672 784; x_wconf 82' lang='grc' dir='ltr'>Εῐτα</span> <span class='ocrx_word' id='word_1_40' title='bbox 707 727 907 799; x_wconf 79' lang='grc' dir='ltr'>μεταξύ</span> <span class='ocrx_word' id='word_1_41' title='bbox 940 745 1061 782; x_wconf 87' lang='grc' dir='ltr'>τινα</span> <span class='ocrx_word' id='word_1_42' title='bbox 1092 726 1261 780; x_wconf 81' lang='grc' dir='ltr'>εἰπὼν</span> <span class='ocrx_word' id='word_1_43' title='bbox 1282 726 1539 795; x_wconf 72' lang='grc' dir='ltr'>ἐπιλέγειο</span> <span class='ocrx_word' id='word_1_44' title='bbox 1573 724 1694 788; x_wconf 85' lang='grc' dir='ltr'>Πῶς</span> <span class='ocrx_word' id='word_1_45' title='bbox 1720 721 1813 779; x_wconf 84' lang='grc' dir='ltr'>οῦν</span> 
     </span>
    </p>
   </div>
   <div class='ocr_carea' id='block_1_8' title="bbox 250 814 1814 894">
    <p class='ocr_par' dir='ltr' id='par_1_8' title="bbox 250 814 1814 894">
     <span class='ocr_line' id='line_1_8' title="bbox 250 814 1814 894; baseline -0.006 -17"><span class='ocrx_word' id='word_1_46' title='bbox 250 842 271 876; x_wconf 79' lang='grc' dir='ltr'>ι</span> <span class='ocrx_word' id='word_1_47' title='bbox 308 824 602 894; x_wconf 77' lang='grc' dir='ltr'>Ἀστέριος,</span> <span class='ocrx_word' id='word_1_48' title='bbox 631 821 750 883; x_wconf 84' lang='grc' dir='ltr'>ταῖς</span> <span class='ocrx_word' id='word_1_49' title='bbox 770 818 953 887; x_wconf 90' lang='grc' dir='ltr'>ἀγίαις</span> <span class='ocrx_word' id='word_1_50' title='bbox 982 819 1224 890; x_wconf 79' lang='grc' dir='ltr'>Γραφαῖς</span> <span class='ocrx_word' id='word_1_51' title='bbox 1240 816 1426 880; x_wconf 84' lang='grc' dir='ltr'>ἁπλῶς</span> <span class='ocrx_word' id='word_1_52' title='bbox 1447 815 1541 871; x_wconf 75' lang='grc' dir='ltr'>καὶ</span> <span class='ocrx_word' id='word_1_53' title='bbox 1560 814 1814 886; x_wconf 75' lang='grc' dir='ltr'>ἑμφόδως</span> 
     </span>
    </p>
   </div>
   <div class='ocr_carea' id='block_1_9' title="bbox 250 903 1814 979">
    <p class='ocr_par' dir='ltr' id='par_1_9' title="bbox 250 903 1814 979">
     <span class='ocr_line' id='line_1_9' title="bbox 250 903 1814 979; baseline -0.004 -16"><span class='ocrx_word' id='word_1_54' title='bbox 250 933 269 963; x_wconf 82' lang='grc' dir='ltr'>ι</span> <span class='ocrx_word' id='word_1_55' title='bbox 297 910 610 965; x_wconf 76' lang='grc' dir='ltr'>ἀκολουθεῖν</span> <span class='ocrx_word' id='word_1_56' title='bbox 630 909 1112 979; x_wconf 83' lang='grc' dir='ltr'>προσποιούμενος,</span> <span class='ocrx_word' id='word_1_57' title='bbox 1134 908 1232 959; x_wconf 82' lang='grc' dir='ltr'>οὐκ</span> <span class='ocrx_word' id='word_1_58' title='bbox 1246 906 1384 974; x_wconf 69' lang='grc' dir='ltr'>ἔγνω</span> <span class='ocrx_word' id='word_1_59' title='bbox 1398 906 1459 958; x_wconf 87' lang='grc' dir='ltr'>τὸ</span> <span class='ocrx_word' id='word_1_60' title='bbox 1482 905 1644 976; x_wconf 86' lang='grc' dir='ltr'>μέρος</span> <span class='ocrx_word' id='word_1_61' title='bbox 1658 903 1814 958; x_wconf 86' lang='grc' dir='ltr'>τοῦτο</span> 
     </span>
    </p>
   </div>
   <div class='ocr_carea' id='block_1_10' title="bbox 249 990 1809 1071">
    <p class='ocr_par' dir='ltr' id='par_1_10' title="bbox 249 990 1809 1071">
     <span class='ocr_line' id='line_1_10' title="bbox 249 990 1809 1071; baseline -0.004 -18"><span class='ocrx_word' id='word_1_62' title='bbox 249 1022 269 1053; x_wconf 83' lang='grc' dir='ltr'>ι</span> <span class='ocrx_word' id='word_1_63' title='bbox 300 1002 473 1070; x_wconf 76' lang='grc' dir='ltr'>λέγων</span> <span class='ocrx_word' id='word_1_64' title='bbox 496 1018 509 1030; x_wconf 70' lang='grc'><strong>⁸</strong></span> <span class='ocrx_word' id='word_1_65' title='bbox 538 998 739 1071; x_wconf 79' lang='grc' dir='ltr'>Κύριος</span> <span class='ocrx_word' id='word_1_66' title='bbox 778 1001 807 1053; x_wconf 93' lang='lat'>6</span> <span class='ocrx_word' id='word_1_67' title='bbox 829 998 963 1061; x_wconf 89' lang='grc' dir='ltr'>Θεός</span> <span class='ocrx_word' id='word_1_68' title='bbox 992 1015 1082 1051; x_wconf 92' lang='grc' dir='ltr'>σου</span> <span class='ocrx_word' id='word_1_69' title='bbox 1105 1038 1120 1062; x_wconf 90' lang='grc'>,</span> <span class='ocrx_word' id='word_1_70' title='bbox 1148 990 1302 1061; x_wconf 73' lang='grc' dir='ltr'>οὗτος</span> <span class='ocrx_word' id='word_1_71' title='bbox 1332 995 1528 1068; x_wconf 81' lang='grc' dir='ltr'>Κύριος</span> <span class='ocrx_word' id='word_1_72' title='bbox 1556 992 1635 1058; x_wconf 81' lang='grc' dir='ltr'>εἷς</span> <span class='ocrx_word' id='word_1_73' title='bbox 1674 997 1809 1048; x_wconf 66' lang='grc' dir='ltr'>ἔστι·</span> 
     </span>
    </p>
   </div>
   <div class='ocr_carea' id='block_1_11' title="bbox 251 1087 1813 1161">
    <p class='ocr_par' dir='ltr' id='par_1_11' title="bbox 251 1087 1813 1161">
     <span class='ocr_line' id='line_1_11' title="bbox 251 1087 1813 1161; baseline -0.003 -18"><span class='ocrx_word' id='word_1_74' title='bbox 251 1114 269 1143; x_wconf 78' lang='grc' dir='ltr'>ι</span> <span class='ocrx_word' id='word_1_75' title='bbox 299 1093 431 1154; x_wconf 87' lang='grc' dir='ltr'>Θεὸς</span> <span class='ocrx_word' id='word_1_76' title='bbox 464 1094 521 1144; x_wconf 73' lang='grc' dir='ltr'>ὲν</span> <span class='ocrx_word' id='word_1_77' title='bbox 550 1091 629 1161; x_wconf 82' lang='grc' dir='ltr'>τῷ</span> <span class='ocrx_word' id='word_1_78' title='bbox 649 1089 859 1161; x_wconf 82' lang='grc' dir='ltr'>οὐρανῷ</span> <span class='ocrx_word' id='word_1_79' title='bbox 893 1089 1023 1155; x_wconf 85' lang='grc' dir='ltr'>ἀνω,</span> <span class='ocrx_word' id='word_1_80' title='bbox 1052 1090 1146 1142; x_wconf 72' lang='grc' dir='ltr'>καὶ</span> <span class='ocrx_word' id='word_1_81' title='bbox 1173 1089 1264 1142; x_wconf 71' lang='grc' dir='ltr'>ἐπὶ</span> <span class='ocrx_word' id='word_1_82' title='bbox 1287 1089 1386 1158; x_wconf 86' lang='grc' dir='ltr'>τῆς</span> <span class='ocrx_word' id='word_1_83' title='bbox 1401 1088 1503 1157; x_wconf 84' lang='grc' dir='ltr'>γῆς</span> <span class='ocrx_word' id='word_1_84' title='bbox 1518 1089 1687 1141; x_wconf 79' lang='grc' dir='ltr'>κάτωο</span> <span class='ocrx_word' id='word_1_85' title='bbox 1719 1087 1813 1139; x_wconf 80' lang='grc' dir='ltr'>καὶ</span> 
     </span>
    </p>
   </div>
   <div class='ocr_carea' id='block_1_12' title="bbox 249 1172 1812 1252">
    <p class='ocr_par' dir='ltr' id='par_1_12' title="bbox 249 1172 1812 1252">
     <span class='ocr_line' id='line_1_12' title="bbox 249 1172 1812 1252; baseline -0.004 -17"><span class='ocrx_word' id='word_1_86' title='bbox 249 1204 267 1234; x_wconf 77' lang='grc' dir='ltr'>ι</span> <span class='ocrx_word' id='word_1_87' title='bbox 293 1184 395 1235; x_wconf 82' lang='grc' dir='ltr'>οὐκ</span> <span class='ocrx_word' id='word_1_88' title='bbox 411 1181 558 1243; x_wconf 69' lang='grc' dir='ltr'>ἐστιν</span> <span class='ocrx_word' id='word_1_89' title='bbox 578 1182 657 1234; x_wconf 78' lang='grc' dir='ltr'>ετι</span> <span class='ocrx_word' id='word_1_90' title='bbox 685 1181 822 1252; x_wconf 78' lang='grc' dir='ltr'>πλὴν</span> <span class='ocrx_word' id='word_1_91' title='bbox 839 1179 1006 1234; x_wconf 82' lang='grc' dir='ltr'>αὑτοῦ</span> <span class='ocrx_word' id='word_1_92' title='bbox 1032 1196 1047 1245; x_wconf 90' lang='grc'><strong>;</strong></span> <span class='ocrx_word' id='word_1_93' title='bbox 1078 1181 1189 1233; x_wconf 82' lang='lat' dir='ltr'><strong><em>Kal</em></strong></span> <span class='ocrx_word' id='word_1_94' title='bbox 1203 1180 1283 1232; x_wconf 83' lang='grc' dir='ltr'>ὃτι</span> <span class='ocrx_word' id='word_1_95' title='bbox 1305 1172 1384 1243; x_wconf 72' lang='grc' dir='ltr'>εἷς</span> <span class='ocrx_word' id='word_1_96' title='bbox 1399 1179 1537 1241; x_wconf 76' lang='grc' dir='ltr'>ἐστι,</span> <span class='ocrx_word' id='word_1_97' title='bbox 1555 1177 1649 1230; x_wconf 80' lang='grc' dir='ltr'>καὶ</span> <span class='ocrx_word' id='word_1_98' title='bbox 1673 1176 1812 1247; x_wconf 80' lang='grc' dir='ltr'>πλὴν</span> 
     </span>
    </p>
   </div>
   <div class='ocr_carea' id='block_1_13' title="bbox 247 1263 1811 1344">
    <p class='ocr_par' dir='ltr' id='par_1_13' title="bbox 247 1263 1811 1344">
     <span class='ocr_line' id='line_1_13' title="bbox 247 1263 1811 1344; baseline -0.004 -20"><span class='ocrx_word' id='word_1_99' title='bbox 247 1294 267 1324; x_wconf 73' lang='grc' dir='ltr'>ι</span> <span class='ocrx_word' id='word_1_100' title='bbox 292 1272 455 1326; x_wconf 81' lang='grc' dir='ltr'>αὐτοῦ</span> <span class='ocrx_word' id='word_1_101' title='bbox 488 1273 675 1344; x_wconf 72' lang='grc' dir='ltr'>ἕτερος</span> <span class='ocrx_word' id='word_1_102' title='bbox 706 1273 806 1325; x_wconf 83' lang='grc' dir='ltr'>οὐκ</span> <span class='ocrx_word' id='word_1_103' title='bbox 836 1271 971 1324; x_wconf 72' lang='grc' dir='ltr'>ἔστι.</span> <span class='ocrx_word' id='word_1_104' title='bbox 1001 1287 1020 1321; x_wconf 85' lang='grc' dir='ltr'>ι</span> <span class='ocrx_word' id='word_1_105' title='bbox 1058 1271 1167 1323; x_wconf 77' lang='lat' dir='ltr'><strong><em>Kal</em></strong></span> <span class='ocrx_word' id='word_1_106' title='bbox 1188 1268 1390 1343; x_wconf 83' lang='grc' dir='ltr'>προῖὼν</span> <span class='ocrx_word' id='word_1_107' title='bbox 1421 1263 1575 1329; x_wconf 83' lang='grc' dir='ltr'>αὖθις</span> <span class='ocrx_word' id='word_1_108' title='bbox 1608 1267 1811 1337; x_wconf 80' lang='grc' dir='ltr'>διῖσχυ-</span> 
     </span>
    </p>
   </div>
   <div class='ocr_carea' id='block_1_14' title="bbox 241 1360 1813 1439">
    <p class='ocr_par' dir='ltr' id='par_1_14' title="bbox 241 1360 1813 1439">
     <span class='ocr_line' id='line_1_14' title="bbox 241 1360 1813 1439; baseline -0.006 -20"><span class='ocrx_word' id='word_1_109' title='bbox 241 1365 453 1439; x_wconf 75' lang='grc' dir='ltr'>ρίζεται</span> <span class='ocrx_word' id='word_1_110' title='bbox 483 1365 737 1434; x_wconf 73' lang='grc' dir='ltr'>φάσκωνο</span> <span class='ocrx_word' id='word_1_111' title='bbox 772 1381 791 1416; x_wconf 87' lang='grc' dir='ltr'>ι</span> <span class='ocrx_word' id='word_1_112' title='bbox 824 1364 897 1416; x_wconf 84' lang='grc' dir='ltr'>Οὐ</span> <span class='ocrx_word' id='word_1_113' title='bbox 932 1360 1379 1432; x_wconf 82' lang='grc' dir='ltr'>καταχρηστικῶς</span> <span class='ocrx_word' id='word_1_114' title='bbox 1414 1360 1569 1428; x_wconf 82' lang='grc' dir='ltr'>λόγος</span> <span class='ocrx_word' id='word_1_115' title='bbox 1616 1360 1813 1429; x_wconf 84' lang='grc' dir='ltr'>ὀνομα-</span> 
     </span>
    </p>
   </div>
   <div class='ocr_carea' id='block_1_15' title="bbox 243 1450 1812 1525">
    <p class='ocr_par' dir='ltr' id='par_1_15' title="bbox 243 1450 1812 1525">
     <span class='ocr_line' id='line_1_15' title="bbox 243 1450 1812 1525; baseline -0.003 -17"><span class='ocrx_word' id='word_1_116' title='bbox 243 1478 263 1508; x_wconf 81' lang='grc' dir='ltr'>ι</span> <span class='ocrx_word' id='word_1_117' title='bbox 299 1457 475 1520; x_wconf 73' lang='grc' dir='ltr'>σθεὶς,</span> <span class='ocrx_word' id='word_1_118' title='bbox 542 1454 643 1510; x_wconf 77' lang='grc' dir='ltr'>κάν</span> <span class='ocrx_word' id='word_1_119' title='bbox 698 1454 1061 1525; x_wconf 70' lang='grc' dir='ltr'>διαρραγῶσιν</span> <span class='ocrx_word' id='word_1_120' title='bbox 1110 1454 1158 1507; x_wconf 82' lang='lat' dir='ltr'>oi</span> <span class='ocrx_word' id='word_1_121' title='bbox 1218 1450 1812 1522; x_wconf 76' lang='grc' dir='ltr'>ἑτεροδιδασκαλοῦντες</span> 
     </span>
    </p>
   </div>
   <div class='ocr_carea' id='block_1_16' title="bbox 244 1540 1810 1618">
    <p class='ocr_par' dir='ltr' id='par_1_16' title="bbox 244 1540 1810 1618">
     <span class='ocr_line' id='line_1_16' title="bbox 244 1540 1810 1618; baseline -0.003 -18"><span class='ocrx_word' id='word_1_122' title='bbox 244 1567 264 1599; x_wconf 78' lang='grc' dir='ltr'>ι</span> <span class='ocrx_word' id='word_1_123' title='bbox 309 1548 673 1618; x_wconf 78' lang='grc' dir='ltr'>ψευδόμενοι,</span> <span class='ocrx_word' id='word_1_124' title='bbox 720 1544 855 1598; x_wconf 83' lang='grc' dir='ltr'>ἀλλά</span> <span class='ocrx_word' id='word_1_125' title='bbox 896 1544 1101 1616; x_wconf 81' lang='grc' dir='ltr'>κυρίως</span> <span class='ocrx_word' id='word_1_126' title='bbox 1138 1561 1197 1597; x_wconf 89' lang='grc' dir='ltr'>τε</span> <span class='ocrx_word' id='word_1_127' title='bbox 1248 1544 1342 1597; x_wconf 75' lang='grc' dir='ltr'>καὶ</span> <span class='ocrx_word' id='word_1_128' title='bbox 1379 1540 1595 1612; x_wconf 83' lang='grc' dir='ltr'>ἀληθῶς</span> <span class='ocrx_word' id='word_1_129' title='bbox 1633 1541 1810 1611; x_wconf 80' lang='grc' dir='ltr'>ὑπάρ-</span> 
     </span>
    </p>
   </div>
   <div class='ocr_carea' id='block_1_17' title="bbox 245 1632 1809 1711">
    <p class='ocr_par' dir='ltr' id='par_1_17' title="bbox 245 1632 1809 1711">
     <span class='ocr_line' id='line_1_17' title="bbox 245 1632 1809 1711; baseline -0.003 -21"><span class='ocrx_word' id='word_1_130' title='bbox 245 1658 265 1690; x_wconf 77' lang='grc' dir='ltr'>ι</span> <span class='ocrx_word' id='word_1_131' title='bbox 305 1658 413 1711; x_wconf 84' lang='grc' dir='ltr'>χων</span> <span class='ocrx_word' id='word_1_132' title='bbox 445 1638 640 1707; x_wconf 87' lang='grc' dir='ltr'>Λόγος·</span> <span class='ocrx_word' id='word_1_133' title='bbox 678 1656 697 1689; x_wconf 72' lang='grc' dir='ltr'>ι</span> <span class='ocrx_word' id='word_1_134' title='bbox 752 1638 847 1690; x_wconf 80' lang='grc' dir='ltr'>καὶ</span> <span class='ocrx_word' id='word_1_135' title='bbox 888 1635 1210 1707; x_wconf 79' lang='grc' dir='ltr'>προστίθησι</span> <span class='ocrx_word' id='word_1_136' title='bbox 1235 1652 1251 1668; x_wconf 70' lang='grc' dir='ltr'>ι</span> <span class='ocrx_word' id='word_1_137' title='bbox 1284 1654 1303 1688; x_wconf 73' lang='grc' dir='ltr'>ι</span> <span class='ocrx_word' id='word_1_138' title='bbox 1357 1635 1421 1686; x_wconf 88' lang='grc' dir='ltr'>Τί</span> <span class='ocrx_word' id='word_1_139' title='bbox 1481 1632 1590 1703; x_wconf 85' lang='grc' dir='ltr'>γὰρ</span> <span class='ocrx_word' id='word_1_140' title='bbox 1625 1634 1809 1704; x_wconf 70' lang='grc' dir='ltr'>ἕτερον</span> 
     </span>
    </p>
   </div>
   <div class='ocr_carea' id='block_1_18' title="bbox 245 1725 1808 1800">
    <p class='ocr_par' dir='ltr' id='par_1_18' title="bbox 245 1725 1808 1800">
     <span class='ocr_line' id='line_1_18' title="bbox 245 1725 1808 1800; baseline -0.004 -19"><span class='ocrx_word' id='word_1_141' title='bbox 245 1749 264 1781; x_wconf 80' lang='grc' dir='ltr'>ι</span> <span class='ocrx_word' id='word_1_142' title='bbox 301 1725 369 1800; x_wconf 78' lang='grc' dir='ltr'>ἦν</span> <span class='ocrx_word' id='word_1_143' title='bbox 405 1728 891 1799; x_wconf 76' lang='grc' dir='ltr'>ἀποκεκρυμμένον</span> <span class='ocrx_word' id='word_1_144' title='bbox 930 1728 1226 1798; x_wconf 85' lang='grc' dir='ltr'>μυστήριον</span> <span class='ocrx_word' id='word_1_145' title='bbox 1257 1725 1290 1797; x_wconf 78' lang='grc' dir='ltr'>ἢ</span> <span class='ocrx_word' id='word_1_146' title='bbox 1320 1725 1459 1778; x_wconf 86' lang='grc' dir='ltr'>κατὰ</span> <span class='ocrx_word' id='word_1_147' title='bbox 1486 1725 1578 1778; x_wconf 84' lang='grc' dir='ltr'>τὸν</span> <span class='ocrx_word' id='word_1_148' title='bbox 1604 1725 1808 1791; x_wconf 85' lang='grc' dir='ltr'>Λόγον;</span> 
     </span>
    </p>
   </div>
   <div class='ocr_carea' id='block_1_19' title="bbox 244 1815 1811 1890">
    <p class='ocr_par' dir='ltr' id='par_1_19' title="bbox 244 1815 1811 1890">
     <span class='ocr_line' id='line_1_19' title="bbox 244 1815 1811 1890; baseline -0.002 -19"><span class='ocrx_word' id='word_1_149' title='bbox 244 1840 263 1871; x_wconf 77' lang='grc' dir='ltr'>ι</span> <span class='ocrx_word' id='word_1_150' title='bbox 301 1819 457 1873; x_wconf 71' lang='grc' dir='ltr'>Οὕτω</span> <span class='ocrx_word' id='word_1_151' title='bbox 486 1820 542 1872; x_wconf 80' lang='grc' dir='ltr'>δὲ</span> <span class='ocrx_word' id='word_1_152' title='bbox 563 1815 630 1890; x_wconf 82' lang='grc' dir='ltr'>ἦν</span> <span class='ocrx_word' id='word_1_153' title='bbox 662 1818 1147 1890; x_wconf 79' lang='grc' dir='ltr'>ἀποκεκρυμμένον</span> <span class='ocrx_word' id='word_1_154' title='bbox 1174 1819 1231 1869; x_wconf 74' lang='grc' dir='ltr'>ἐν</span> <span class='ocrx_word' id='word_1_155' title='bbox 1258 1816 1337 1887; x_wconf 83' lang='grc' dir='ltr'>τῷ</span> <span class='ocrx_word' id='word_1_156' title='bbox 1362 1815 1482 1887; x_wconf 90' lang='grc' dir='ltr'>Θεῷ</span> <span class='ocrx_word' id='word_1_157' title='bbox 1508 1816 1657 1869; x_wconf 75' lang='grc' dir='ltr'>τουτὶ</span> <span class='ocrx_word' id='word_1_158' title='bbox 1680 1816 1811 1886; x_wconf 88' lang='grc' dir='ltr'>πρό-</span> 
     </span>
    </p>
   </div>
   <div class='ocr_carea' id='block_1_20' title="bbox 242 1884 1882 1982">
    <p class='ocr_par' dir='ltr' id='par_1_20' title="bbox 242 1884 1882 1982">
     <span class='ocr_line' id='line_1_20' title="bbox 242 1884 1882 1982; baseline -0.001 -21"><span class='ocrx_word' id='word_1_159' title='bbox 242 1931 261 1961; x_wconf 80' lang='grc' dir='ltr'>ι</span> <span class='ocrx_word' id='word_1_160' title='bbox 300 1928 456 1981; x_wconf 80' lang='grc' dir='ltr'>τερον</span> <span class='ocrx_word' id='word_1_161' title='bbox 515 1884 1101 1982; x_wconf 28' lang='grc' dir='ltr'>τὸνμυστήριονίῶστε</span> <span class='ocrx_word' id='word_1_162' title='bbox 1154 1884 1358 1977; x_wconf 79' lang='grc' dir='ltr'>μηδένα</span> <span class='ocrx_word' id='word_1_163' title='bbox 1400 1884 1495 1961; x_wconf 83' lang='grc' dir='ltr'>τοῦ</span> <span class='ocrx_word' id='word_1_164' title='bbox 1540 1884 1807 1977; x_wconf 82' lang='grc' dir='ltr'>προτέρου</span> <span class='ocrx_word' id='word_1_165' title='bbox 1840 1884 1882 1942; x_wconf 72' lang='grc' dir='ltr'><strong>Β</strong></span> 
     </span>
    </p>
   </div>
   <div class='ocr_carea' id='block_1_21' title="bbox 241 1997 1809 2068">
    <p class='ocr_par' dir='ltr' id='par_1_21' title="bbox 241 1997 1809 2068">
     <span class='ocr_line' id='line_1_21' title="bbox 241 1997 1809 2068; baseline -0.001 -16"><span class='ocrx_word' id='word_1_166' title='bbox 241 2020 261 2052; x_wconf 81' lang='grc' dir='ltr'>ι</span> <span class='ocrx_word' id='word_1_167' title='bbox 302 1999 431 2053; x_wconf 89' lang='grc' dir='ltr'>λαοῦ</span> <span class='ocrx_word' id='word_1_168' title='bbox 465 2001 652 2068; x_wconf 78' lang='grc' dir='ltr'>σαφῶς</span> <span class='ocrx_word' id='word_1_169' title='bbox 682 2001 751 2054; x_wconf 83' lang='grc' dir='ltr'>τὰ</span> <span class='ocrx_word' id='word_1_170' title='bbox 776 2000 915 2053; x_wconf 87' lang='grc' dir='ltr'>κατά</span> <span class='ocrx_word' id='word_1_171' title='bbox 942 1998 1031 2052; x_wconf 88' lang='grc' dir='ltr'>τὸν</span> <span class='ocrx_word' id='word_1_172' title='bbox 1057 1998 1228 2067; x_wconf 90' lang='grc' dir='ltr'>Λόγον</span> <span class='ocrx_word' id='word_1_173' title='bbox 1254 1998 1451 2052; x_wconf 74' lang='grc' dir='ltr'>εἰδέναι</span> <span class='ocrx_word' id='word_1_174' title='bbox 1471 2015 1485 2029; x_wconf 76' lang='grc' dir='ltr'>ο</span> <span class='ocrx_word' id='word_1_175' title='bbox 1513 1997 1627 2052; x_wconf 90' lang='grc' dir='ltr'>ἀλλ’</span> <span class='ocrx_word' id='word_1_176' title='bbox 1662 1997 1809 2068; x_wconf 74' lang='grc' dir='ltr'>ἡμᾶς</span> 
     </span>
    </p>
   </div>
   <div class='ocr_carea' id='block_1_22' title="bbox 240 2089 1804 2161">
    <p class='ocr_par' dir='ltr' id='par_1_22' title="bbox 240 2089 1804 2161">
     <span class='ocr_line' id='line_1_22' title="bbox 240 2089 1804 2161; baseline -0.002 -19"><span class='ocrx_word' id='word_1_177' title='bbox 240 2110 259 2141; x_wconf 77' lang='grc' dir='ltr'>ι</span> <span class='ocrx_word' id='word_1_178' title='bbox 294 2090 386 2143; x_wconf 83' lang='grc' dir='ltr'>τοῦ</span> <span class='ocrx_word' id='word_1_179' title='bbox 422 2090 650 2143; x_wconf 88' lang='grc' dir='ltr'>πλούτου</span> <span class='ocrx_word' id='word_1_180' title='bbox 676 2090 776 2159; x_wconf 87' lang='grc' dir='ltr'>τῆς</span> <span class='ocrx_word' id='word_1_181' title='bbox 817 2090 997 2161; x_wconf 80' lang='grc' dir='ltr'>δόξης,</span> <span class='ocrx_word' id='word_1_182' title='bbox 1035 2090 1127 2143; x_wconf 72' lang='grc' dir='ltr'>καὶ</span> <span class='ocrx_word' id='word_1_183' title='bbox 1167 2090 1261 2143; x_wconf 89' lang='grc' dir='ltr'>τοῦ</span> <span class='ocrx_word' id='word_1_184' title='bbox 1312 2089 1804 2159; x_wconf 69' lang='grc' dir='ltr'>ἀποκεκρυμμένου</span> 
     </span>
    </p>
   </div>
   <div class='ocr_carea' id='block_1_23' title="bbox 240 2176 1805 2249">
    <p class='ocr_par' dir='ltr' id='par_1_23' title="bbox 240 2176 1805 2249">
     <span class='ocr_line' id='line_1_23' title="bbox 240 2176 1805 2249; baseline 0 -19"><span class='ocrx_word' id='word_1_185' title='bbox 240 2197 259 2229; x_wconf 78' lang='grc' dir='ltr'>ι</span> <span class='ocrx_word' id='word_1_186' title='bbox 307 2180 605 2248; x_wconf 73' lang='grc' dir='ltr'>μυστηρίου</span> <span class='ocrx_word' id='word_1_187' title='bbox 634 2178 924 2232; x_wconf 85' lang='grc' dir='ltr'>ἀπολαύειν</span> <span class='ocrx_word' id='word_1_188' title='bbox 956 2178 1071 2231; x_wconf 89' lang='grc' dir='ltr'>νυνί</span> <span class='ocrx_word' id='word_1_189' title='bbox 1113 2179 1243 2249; x_wconf 68' lang='grc'>(48).</span> <span class='ocrx_word' id='word_1_190' title='bbox 1280 2198 1300 2232; x_wconf 77' lang='grc'>›</span> <span class='ocrx_word' id='word_1_191' title='bbox 1327 2180 1435 2232; x_wconf 82' lang='lat' dir='ltr'>Kal</span> <span class='ocrx_word' id='word_1_192' title='bbox 1462 2178 1599 2249; x_wconf 87' lang='grc' dir='ltr'>μετά</span> <span class='ocrx_word' id='word_1_193' title='bbox 1633 2176 1805 2231; x_wconf 87' lang='grc' dir='ltr'>ταῦτα</span> 
     </span>
    </p>
   </div>
   <div class='ocr_carea' id='block_1_24' title="bbox 234 2274 1806 2346">
    <p class='ocr_par' dir='ltr' id='par_1_24' title="bbox 234 2274 1806 2346">
     <span class='ocr_line' id='line_1_24' title="bbox 234 2274 1806 2346; baseline 0.001 -20"><span class='ocrx_word' id='word_1_194' title='bbox 234 2275 395 2329; x_wconf 82' lang='grc' dir='ltr'>πάλιν</span> <span class='ocrx_word' id='word_1_195' title='bbox 426 2274 740 2345; x_wconf 81' lang='grc' dir='ltr'>ἀνθρωπίνῃ</span> <span class='ocrx_word' id='word_1_196' title='bbox 770 2274 1033 2346; x_wconf 83' lang='grc' dir='ltr'>κέχρηται</span> <span class='ocrx_word' id='word_1_197' title='bbox 1057 2274 1246 2337; x_wconf 72' lang='grc' dir='ltr'>εἰκόνι,</span> <span class='ocrx_word' id='word_1_198' title='bbox 1264 2275 1450 2329; x_wconf 89' lang='grc' dir='ltr'>τοῦτον</span> <span class='ocrx_word' id='word_1_199' title='bbox 1465 2274 1690 2346; x_wconf 81' lang='grc' dir='ltr'>γράφων</span> <span class='ocrx_word' id='word_1_200' title='bbox 1717 2275 1806 2328; x_wconf 90' lang='grc' dir='ltr'>τὸν</span> 
     </span>
    </p>
   </div>
   <div class='ocr_carea' id='block_1_25' title="bbox 234 2365 1806 2437">
    <p class='ocr_par' dir='ltr' id='par_1_25' title="bbox 234 2365 1806 2437">
     <span class='ocr_line' id='line_1_25' title="bbox 234 2365 1806 2437; baseline 0.001 -19"><span class='ocrx_word' id='word_1_201' title='bbox 234 2366 451 2437; x_wconf 79' lang='grc' dir='ltr'>τρόπον·</span> <span class='ocrx_word' id='word_1_202' title='bbox 478 2367 602 2429; x_wconf 83' lang='grc' dir='ltr'>ιΤίς</span> <span class='ocrx_word' id='word_1_203' title='bbox 629 2366 735 2437; x_wconf 81' lang='grc' dir='ltr'>γὰρ</span> <span class='ocrx_word' id='word_1_204' title='bbox 759 2365 982 2436; x_wconf 79' lang='grc' dir='ltr'>οὕτωςῆ</span> <span class='ocrx_word' id='word_1_205' title='bbox 1009 2366 1116 2419; x_wconf 90' lang='grc' dir='ltr'>τῶν</span> <span class='ocrx_word' id='word_1_206' title='bbox 1146 2368 1317 2435; x_wconf 83' lang='grc' dir='ltr'>ἁγίων</span> <span class='ocrx_word' id='word_1_207' title='bbox 1354 2367 1617 2436; x_wconf 86' lang='grc' dir='ltr'>ἀγγέλων,</span> <span class='ocrx_word' id='word_1_208' title='bbox 1642 2367 1675 2437; x_wconf 76' lang='grc' dir='ltr'>ἢ</span> <span class='ocrx_word' id='word_1_209' title='bbox 1712 2368 1806 2420; x_wconf 84' lang='grc' dir='ltr'>ἀν-</span> 
     </span>
    </p>
   </div>
   <div class='ocr_carea' id='block_1_26' title="bbox 238 2453 1801 2529">
    <p class='ocr_par' dir='ltr' id='par_1_26' title="bbox 238 2453 1801 2529">
     <span class='ocr_line' id='line_1_26' title="bbox 238 2453 1801 2529; baseline 0.002 -22"><span class='ocrx_word' id='word_1_210' title='bbox 238 2473 258 2507; x_wconf 78' lang='grc' dir='ltr'>ι</span> <span class='ocrx_word' id='word_1_211' title='bbox 290 2455 432 2527; x_wconf 89' lang='grc' dir='ltr'>δρῶν</span> <span class='ocrx_word' id='word_1_212' title='bbox 491 2456 712 2510; x_wconf 86' lang='grc' dir='ltr'>δικαίων</span> <span class='ocrx_word' id='word_1_213' title='bbox 772 2457 1079 2522; x_wconf 75' lang='grc' dir='ltr'>ἀξιόπιστος</span> <span class='ocrx_word' id='word_1_214' title='bbox 1129 2453 1197 2528; x_wconf 84' lang='grc' dir='ltr'>ἦν</span> <span class='ocrx_word' id='word_1_215' title='bbox 1256 2458 1355 2528; x_wconf 82' lang='grc' dir='ltr'>τὴν</span> <span class='ocrx_word' id='word_1_216' title='bbox 1405 2460 1468 2511; x_wconf 81' lang='grc' dir='ltr'>ὲκ</span> <span class='ocrx_word' id='word_1_217' title='bbox 1513 2457 1801 2529; x_wconf 84' lang='grc' dir='ltr'>προσώπου</span> 
     </span>
    </p>
   </div>
   <div class='ocr_carea' id='block_1_27' title="bbox 238 2545 1800 2619">
    <p class='ocr_par' dir='ltr' id='par_1_27' title="bbox 238 2545 1800 2619">
     <span class='ocr_line' id='line_1_27' title="bbox 238 2545 1800 2619; baseline 0.003 -21"><span class='ocrx_word' id='word_1_218' title='bbox 238 2564 258 2598; x_wconf 80' lang='grc' dir='ltr'>ι</span> <span class='ocrx_word' id='word_1_219' title='bbox 289 2545 384 2599; x_wconf 89' lang='grc' dir='ltr'>τοῦ</span> <span class='ocrx_word' id='word_1_220' title='bbox 458 2546 591 2598; x_wconf 82' lang='grc' dir='ltr'>Θεοῦ</span> <span class='ocrx_word' id='word_1_221' title='bbox 659 2548 960 2618; x_wconf 84' lang='grc' dir='ltr'>ὁρισθεῖσαν</span> <span class='ocrx_word' id='word_1_222' title='bbox 1034 2549 1181 2619; x_wconf 79' lang='grc' dir='ltr'>αὐτῷ</span> <span class='ocrx_word' id='word_1_223' title='bbox 1245 2550 1514 2619; x_wconf 85' lang='grc' dir='ltr'>τιμωρίαν</span> <span class='ocrx_word' id='word_1_224' title='bbox 1587 2548 1800 2609; x_wconf 84' lang='grc' dir='ltr'>λῦσαι;</span> 
     </span>
    </p>
   </div>
   <div class='ocr_carea' id='block_1_28' title="bbox 238 2636 1801 2708">
    <p class='ocr_par' dir='ltr' id='par_1_28' title="bbox 238 2636 1801 2708">
     <span class='ocr_line' id='line_1_28' title="bbox 238 2636 1801 2708; baseline 0.001 -21"><span class='ocrx_word' id='word_1_225' title='bbox 238 2652 258 2687; x_wconf 83' lang='grc' dir='ltr'>ι</span> <span class='ocrx_word' id='word_1_226' title='bbox 294 2638 343 2688; x_wconf 82' lang='grc' dir='ltr'>εί</span> <span class='ocrx_word' id='word_1_227' title='bbox 374 2637 448 2707; x_wconf 83' lang='grc' dir='ltr'>μὴ</span> <span class='ocrx_word' id='word_1_228' title='bbox 475 2636 634 2699; x_wconf 80' lang='grc' dir='ltr'>αὐτὸς</span> <span class='ocrx_word' id='word_1_229' title='bbox 658 2638 686 2689; x_wconf 90' lang='lat'>6</span> <span class='ocrx_word' id='word_1_230' title='bbox 710 2636 877 2704; x_wconf 86' lang='grc' dir='ltr'>Λόγος</span> <span class='ocrx_word' id='word_1_231' title='bbox 901 2638 929 2689; x_wconf 98' lang='lat'>6</span> <span class='ocrx_word' id='word_1_232' title='bbox 968 2636 1269 2708; x_wconf 88' lang='grc' dir='ltr'>συμπαρών</span> <span class='ocrx_word' id='word_1_233' title='bbox 1302 2654 1361 2690; x_wconf 90' lang='grc' dir='ltr'>τε</span> <span class='ocrx_word' id='word_1_234' title='bbox 1398 2637 1510 2705; x_wconf 68' lang='grc'>(49)</span> <span class='ocrx_word' id='word_1_235' title='bbox 1543 2637 1635 2691; x_wconf 79' lang='grc' dir='ltr'>καὶ</span> <span class='ocrx_word' id='word_1_236' title='bbox 1662 2653 1801 2708; x_wconf 80' lang='grc' dir='ltr'>συμ-</span> 
     </span>
    </p>
   </div>
   <div class='ocr_carea' id='block_1_29' title="bbox 238 2728 1799 2800">
    <p class='ocr_par' dir='ltr' id='par_1_29' title="bbox 238 2728 1799 2800">
     <span class='ocr_line' id='line_1_29' title="bbox 238 2728 1799 2800; baseline 0.003 -22"><span class='ocrx_word' id='word_1_237' title='bbox 238 2745 258 2778; x_wconf 75' lang='lat' dir='ltr'>s</span> <span class='ocrx_word' id='word_1_238' title='bbox 298 2728 544 2782; x_wconf 77' lang='grc' dir='ltr'>πλάττων</span> <span class='ocrx_word' id='word_1_239' title='bbox 565 2729 700 2799; x_wconf 87' lang='grc' dir='ltr'>πρὸς</span> <span class='ocrx_word' id='word_1_240' title='bbox 725 2728 783 2781; x_wconf 86' lang='grc' dir='ltr'>δν</span> <span class='ocrx_word' id='word_1_241' title='bbox 804 2730 832 2781; x_wconf 93' lang='lat'>6</span> <span class='ocrx_word' id='word_1_242' title='bbox 862 2728 1075 2800; x_wconf 83' lang='grc' dir='ltr'>Πατὴρ,</span> <span class='ocrx_word' id='word_1_243' title='bbox 1099 2728 1450 2798; x_wconf 77' lang='grc' dir='ltr'>Ποιήσωμεν</span> <span class='ocrx_word' id='word_1_244' title='bbox 1467 2729 1799 2798; x_wconf 79' lang='grc' dir='ltr'>ἄνθρωπον,</span> 
     </span>
    </p>
   </div>
   <div class='ocr_carea' id='block_1_30' title="bbox 236 2818 1803 2890">
    <p class='ocr_par' dir='ltr' id='par_1_30' title="bbox 236 2818 1803 2890">
     <span class='ocr_line' id='line_1_30' title="bbox 236 2818 1803 2890; baseline 0.001 -19"><span class='ocrx_word' id='word_1_245' title='bbox 236 2838 257 2870; x_wconf 83' lang='grc' dir='ltr'>ι</span> <span class='ocrx_word' id='word_1_246' title='bbox 291 2818 417 2890; x_wconf 75' lang='grc' dir='ltr'>ἔφη,</span> <span class='ocrx_word' id='word_1_247' title='bbox 456 2820 581 2873; x_wconf 80' lang='grc' dir='ltr'>κατ’</span> <span class='ocrx_word' id='word_1_248' title='bbox 606 2822 813 2873; x_wconf 75' lang='grc' dir='ltr'>εὶκόνα</span> <span class='ocrx_word' id='word_1_249' title='bbox 834 2820 1124 2889; x_wconf 76' lang='grc' dir='ltr'>ἡμετέραν</span> <span class='ocrx_word' id='word_1_250' title='bbox 1139 2822 1236 2875; x_wconf 82' lang='grc' dir='ltr'>καί</span> <span class='ocrx_word' id='word_1_251' title='bbox 1267 2822 1569 2890; x_wconf 80' lang='grc' dir='ltr'>ὁμοίωσιν,</span> <span class='ocrx_word' id='word_1_252' title='bbox 1588 2822 1687 2875; x_wconf 80' lang='grc' dir='ltr'>οὐκ</span> <span class='ocrx_word' id='word_1_253' title='bbox 1717 2822 1803 2875; x_wconf 85' lang='lat' dir='ltr'>6v-</span> 
     </span>
    </p>
   </div>
   <div class='ocr_carea' id='block_1_31' title="bbox 237 2910 1797 2985">
    <p class='ocr_par' dir='ltr' id='par_1_31' title="bbox 237 2910 1797 2985">
     <span class='ocr_line' id='line_1_31' title="bbox 237 2910 1797 2985; baseline 0.003 -24"><span class='ocrx_word' id='word_1_254' title='bbox 237 2930 256 2961; x_wconf 83' lang='grc' dir='ltr'>ι</span> <span class='ocrx_word' id='word_1_255' title='bbox 294 2928 384 2974; x_wconf 91' lang='grc' dir='ltr'>τος</span> <span class='ocrx_word' id='word_1_256' title='bbox 408 2911 593 2982; x_wconf 81' lang='grc' dir='ltr'>ἑτέρου</span> <span class='ocrx_word' id='word_1_257' title='bbox 624 2910 757 2963; x_wconf 93' lang='grc' dir='ltr'>Θεοῦ</span> <span class='ocrx_word' id='word_1_258' title='bbox 785 2911 876 2964; x_wconf 88' lang='grc' dir='ltr'>τοῦ</span> <span class='ocrx_word' id='word_1_259' title='bbox 914 2912 1280 2985; x_wconf 68' lang='grc' dir='ltr'>συμπλάττειν</span> <span class='ocrx_word' id='word_1_260' title='bbox 1308 2912 1454 2981; x_wconf 79' lang='grc' dir='ltr'>αὐτῷ</span> <span class='ocrx_word' id='word_1_261' title='bbox 1482 2912 1797 2983; x_wconf 85' lang='grc' dir='ltr'>δυναμένου.</span> 
     </span>
    </p>
   </div>
   <div class='ocr_carea' id='block_1_32' title="bbox 235 3002 1803 3073">
    <p class='ocr_par' dir='ltr' id='par_1_32' title="bbox 235 3002 1803 3073">
     <span class='ocr_line' id='line_1_32' title="bbox 235 3002 1803 3073; baseline 0.003 -19"><span class='ocrx_word' id='word_1_262' title='bbox 235 3021 255 3054; x_wconf 83' lang='grc' dir='ltr'>ι</span> <span class='ocrx_word' id='word_1_263' title='bbox 312 3002 453 3073; x_wconf 74' lang='grc' dir='ltr'>Ἐγὼ</span> <span class='ocrx_word' id='word_1_264' title='bbox 475 3002 583 3070; x_wconf 80' lang='grc' dir='ltr'>γάρ</span> <span class='ocrx_word' id='word_1_265' title='bbox 606 3005 740 3071; x_wconf 76' lang='grc' dir='ltr'>ειμι,</span> <span class='ocrx_word' id='word_1_266' title='bbox 756 3002 907 3071; x_wconf 77' lang='grc' dir='ltr'>φησὶ,</span> <span class='ocrx_word' id='word_1_267' title='bbox 946 3003 1088 3067; x_wconf 83' lang='grc' dir='ltr'>Θεὸς</span> <span class='ocrx_word' id='word_1_268' title='bbox 1124 3002 1374 3070; x_wconf 85' lang='grc' dir='ltr'>πρῶτος·</span> <span class='ocrx_word' id='word_1_269' title='bbox 1402 3002 1500 3055; x_wconf 79' lang='grc' dir='ltr'>καί</span> <span class='ocrx_word' id='word_1_270' title='bbox 1520 3002 1635 3073; x_wconf 57' lang='grc' dir='ltr'>ἐγὼ</span> <span class='ocrx_word' id='word_1_271' title='bbox 1652 3004 1803 3072; x_wconf 82' lang='grc' dir='ltr'>μετὰ</span> 
     </span>
    </p>
   </div>
   <div class='ocr_carea' id='block_1_33' title="bbox 234 3090 1796 3161">
    <p class='ocr_par' dir='ltr' id='par_1_33' title="bbox 234 3090 1796 3161">
     <span class='ocr_line' id='line_1_33' title="bbox 234 3090 1796 3161; baseline 0 -16"><span class='ocrx_word' id='word_1_272' title='bbox 234 3112 254 3145; x_wconf 78' lang='grc' dir='ltr'>ι</span> <span class='ocrx_word' id='word_1_273' title='bbox 296 3093 499 3157; x_wconf 80' lang='grc' dir='ltr'>ταῦτα,</span> <span class='ocrx_word' id='word_1_274' title='bbox 534 3093 631 3145; x_wconf 76' lang='grc' dir='ltr'>καὶ</span> <span class='ocrx_word' id='word_1_275' title='bbox 662 3091 827 3160; x_wconf 75' lang='grc' dir='ltr'>πλὴν</span> <span class='ocrx_word' id='word_1_276' title='bbox 851 3092 994 3161; x_wconf 82' lang='grc' dir='ltr'>ἐμοῦ</span> <span class='ocrx_word' id='word_1_277' title='bbox 1042 3090 1184 3158; x_wconf 85' lang='grc' dir='ltr'>Θεὸς</span> <span class='ocrx_word' id='word_1_278' title='bbox 1227 3092 1425 3160; x_wconf 77' lang='grc' dir='ltr'>ἔτερος</span> <span class='ocrx_word' id='word_1_279' title='bbox 1468 3094 1578 3145; x_wconf 83' lang='grc' dir='ltr'>οὐκ</span> <span class='ocrx_word' id='word_1_280' title='bbox 1609 3094 1796 3146; x_wconf 75' lang='grc' dir='ltr'>ἐστιν.</span> 
     </span>
    </p>
   </div>
   <div class='ocr_carea' id='block_1_34' title="bbox 234 3179 1800 3250">
    <p class='ocr_par' dir='ltr' id='par_1_34' title="bbox 234 3179 1800 3250">
     <span class='ocr_line' id='line_1_34' title="bbox 234 3179 1800 3250; baseline 0 -14"><span class='ocrx_word' id='word_1_281' title='bbox 234 3203 255 3236; x_wconf 72' lang='grc' dir='ltr'>ι</span> <span class='ocrx_word' id='word_1_282' title='bbox 288 3184 425 3238; x_wconf 75' lang='grc' dir='ltr'>Οὔτε</span> <span class='ocrx_word' id='word_1_283' title='bbox 466 3179 561 3237; x_wconf 82' lang='grc' dir='ltr'>οὖν</span> <span class='ocrx_word' id='word_1_284' title='bbox 605 3182 865 3250; x_wconf 85' lang='grc' dir='ltr'>νεώτερός</span> <span class='ocrx_word' id='word_1_285' title='bbox 896 3200 978 3246; x_wconf 86' lang='grc' dir='ltr'>τις</span> <span class='ocrx_word' id='word_1_286' title='bbox 1022 3183 1172 3248; x_wconf 82' lang='grc' dir='ltr'>Θεὸς,</span> <span class='ocrx_word' id='word_1_287' title='bbox 1215 3182 1337 3237; x_wconf 78' lang='grc' dir='ltr'>οὔτε</span> <span class='ocrx_word' id='word_1_288' title='bbox 1371 3185 1516 3236; x_wconf 75' lang='grc' dir='ltr'>ἐστὶν</span> <span class='ocrx_word' id='word_1_289' title='bbox 1542 3183 1699 3246; x_wconf 86' lang='grc' dir='ltr'>ἀλλος</span> <span class='ocrx_word' id='word_1_290' title='bbox 1716 3201 1800 3246; x_wconf 93' lang='grc' dir='ltr'>τις</span> 
     </span>
    </p>
   </div>
   <div class='ocr_carea' id='block_1_35' title="bbox 233 3270 1796 3346">
    <p class='ocr_par' dir='ltr' id='par_1_35' title="bbox 233 3270 1796 3346">
     <span class='ocr_line' id='line_1_35' title="bbox 233 3270 1796 3346; baseline -0.001 -19"><span class='ocrx_word' id='word_1_291' title='bbox 233 3293 255 3327; x_wconf 81' lang='lat' dir='ltr'>s</span> <span class='ocrx_word' id='word_1_292' title='bbox 296 3275 431 3346; x_wconf 87' lang='grc' dir='ltr'>μετά</span> <span class='ocrx_word' id='word_1_293' title='bbox 475 3274 647 3328; x_wconf 89' lang='grc' dir='ltr'>ταῦτα</span> <span class='ocrx_word' id='word_1_294' title='bbox 688 3273 819 3336; x_wconf 83' lang='grc' dir='ltr'>Θεὸς</span> <span class='ocrx_word' id='word_1_295' title='bbox 852 3272 947 3337; x_wconf 84' lang='grc' dir='ltr'>ὢν,</span> <span class='ocrx_word' id='word_1_296' title='bbox 988 3273 1105 3343; x_wconf 87' lang='grc' dir='ltr'>Θεῷ</span> <span class='ocrx_word' id='word_1_297' title='bbox 1142 3276 1422 3343; x_wconf 88' lang='grc' dir='ltr'>συνεργεῖν</span> <span class='ocrx_word' id='word_1_298' title='bbox 1451 3275 1671 3337; x_wconf 88' lang='grc' dir='ltr'>δυνατὸς</span> <span class='ocrx_word' id='word_1_299' title='bbox 1708 3270 1796 3344; x_wconf 75' lang='grc' dir='ltr'>ἦν.</span> 
     </span>
    </p>
   </div>
   <div class='ocr_carea' id='block_1_36' title="bbox 234 3366 1801 3438">
    <p class='ocr_par' dir='ltr' id='par_1_36' title="bbox 234 3366 1801 3438">
     <span class='ocr_line' id='line_1_36' title="bbox 234 3366 1801 3438; baseline 0.001 -19"><span class='ocrx_word' id='word_1_300' title='bbox 234 3388 253 3419; x_wconf 81' lang='grc' dir='ltr'>ι</span> <span class='ocrx_word' id='word_1_301' title='bbox 301 3368 440 3423; x_wconf 81' lang='grc' dir='ltr'>Ἀλλ’</span> <span class='ocrx_word' id='word_1_302' title='bbox 475 3368 642 3432; x_wconf 81' lang='grc' dir='ltr'>εῐτις,</span> <span class='ocrx_word' id='word_1_303' title='bbox 677 3366 856 3437; x_wconf 80' lang='grc' dir='ltr'>μικρῷ</span> <span class='ocrx_word' id='word_1_304' title='bbox 886 3367 1112 3419; x_wconf 75' lang='grc' dir='ltr'>τινικαὶ</span> <span class='ocrx_word' id='word_1_305' title='bbox 1143 3367 1465 3437; x_wconf 84' lang='grc' dir='ltr'>ἀνθρωπίνῳ</span> <span class='ocrx_word' id='word_1_306' title='bbox 1504 3367 1625 3420; x_wconf 83' lang='grc' dir='ltr'>καθ’</span> <span class='ocrx_word' id='word_1_307' title='bbox 1654 3369 1801 3438; x_wconf 78' lang='grc' dir='ltr'>ἡμᾶς</span> 
     </span>
    </p>
   </div>
   <div class='ocr_carea' id='block_1_37' title="bbox 233 3458 1801 3531">
    <p class='ocr_par' dir='ltr' id='par_1_37' title="bbox 233 3458 1801 3531">
     <span class='ocr_line' id='line_1_37' title="bbox 233 3458 1801 3531; baseline 0 -20"><span class='ocrx_word' id='word_1_308' title='bbox 233 3478 252 3511; x_wconf 81' lang='grc' dir='ltr'>ι</span> <span class='ocrx_word' id='word_1_309' title='bbox 287 3459 686 3531; x_wconf 84' lang='grc' dir='ltr'>παραδείγματι</span> <span class='ocrx_word' id='word_1_310' title='bbox 714 3458 1009 3529; x_wconf 85' lang='grc' dir='ltr'>χρώμενος,</span> <span class='ocrx_word' id='word_1_311' title='bbox 1044 3458 1119 3522; x_wconf 83' lang='grc' dir='ltr'>ὡς</span> <span class='ocrx_word' id='word_1_312' title='bbox 1156 3458 1241 3511; x_wconf 89' lang='grc' dir='ltr'>διά</span> <span class='ocrx_word' id='word_1_313' title='bbox 1264 3459 1487 3521; x_wconf 80' lang='grc' dir='ltr'>εἰκόνος,</span> <span class='ocrx_word' id='word_1_314' title='bbox 1519 3458 1617 3530; x_wconf 82' lang='grc' dir='ltr'>τὴν</span> <span class='ocrx_word' id='word_1_315' title='bbox 1652 3459 1801 3512; x_wconf 87' lang='grc' dir='ltr'>θείαν</span> 
     </span>
    </p>
   </div>
   <div class='ocr_carea' id='block_1_38' title="bbox 232 3548 1802 3620">
    <p class='ocr_par' dir='ltr' id='par_1_38' title="bbox 232 3548 1802 3620">
     <span class='ocr_line' id='line_1_38' title="bbox 232 3548 1802 3620; baseline -0.001 -17"><span class='ocrx_word' id='word_1_316' title='bbox 232 3569 255 3604; x_wconf 84' lang='lat' dir='ltr'>s</span> <span class='ocrx_word' id='word_1_317' title='bbox 278 3548 520 3615; x_wconf 72' lang='grc' dir='ltr'>ἐξετάζοι</span> <span class='ocrx_word' id='word_1_318' title='bbox 550 3551 765 3619; x_wconf 79' lang='grc' dir='ltr'>πρᾶξιν,</span> <span class='ocrx_word' id='word_1_319' title='bbox 795 3549 982 3620; x_wconf 81' lang='grc' dir='ltr'>ὥσπερ</span> <span class='ocrx_word' id='word_1_320' title='bbox 1015 3550 1079 3603; x_wconf 83' lang='grc' dir='ltr'>ἀν</span> <span class='ocrx_word' id='word_1_321' title='bbox 1109 3566 1193 3612; x_wconf 86' lang='grc' dir='ltr'>τις</span> <span class='ocrx_word' id='word_1_322' title='bbox 1220 3550 1654 3620; x_wconf 88' lang='grc' dir='ltr'>ἀνδριαντοποιὸς</span> <span class='ocrx_word' id='word_1_323' title='bbox 1682 3550 1802 3603; x_wconf 79' lang='grc' dir='ltr'>ἐπι-</span> 
     </span>
    </p>
   </div>
   <div class='ocr_carea' id='block_1_39' title="bbox 231 3640 1801 3714">
    <p class='ocr_par' dir='ltr' id='par_1_39' title="bbox 231 3640 1801 3714">
     <span class='ocr_line' id='line_1_39' title="bbox 231 3640 1801 3714; baseline 0.001 -23"><span class='ocrx_word' id='word_1_324' title='bbox 231 3662 253 3691; x_wconf 77' lang='grc' dir='ltr'>σ</span> <span class='ocrx_word' id='word_1_325' title='bbox 292 3643 513 3714; x_wconf 78' lang='grc' dir='ltr'>στήμων</span> <span class='ocrx_word' id='word_1_326' title='bbox 548 3642 707 3714; x_wconf 87' lang='grc' dir='ltr'>ἀνὴρ,</span> <span class='ocrx_word' id='word_1_327' title='bbox 738 3642 1027 3713; x_wconf 85' lang='grc' dir='ltr'>ἀνδριάντα</span> <span class='ocrx_word' id='word_1_328' title='bbox 1057 3641 1253 3695; x_wconf 85' lang='grc' dir='ltr'>πλάσαι</span> <span class='ocrx_word' id='word_1_329' title='bbox 1281 3641 1618 3711; x_wconf 86' lang='grc' dir='ltr'>βουλόμενος,</span> <span class='ocrx_word' id='word_1_330' title='bbox 1646 3640 1801 3712; x_wconf 84' lang='grc' dir='ltr'>πρῶ-</span> 
     </span>
    </p>
   </div>
   <div class='ocr_carea' id='block_1_40' title="bbox 233 3732 1802 3804">
    <p class='ocr_par' dir='ltr' id='par_1_40' title="bbox 233 3732 1802 3804">
     <span class='ocr_line' id='line_1_40' title="bbox 233 3732 1802 3804; baseline 0 -19"><span class='ocrx_word' id='word_1_331' title='bbox 233 3752 251 3784; x_wconf 86' lang='grc' dir='ltr'>ι</span> <span class='ocrx_word' id='word_1_332' title='bbox 284 3750 376 3786; x_wconf 90' lang='grc' dir='ltr'>τον</span> <span class='ocrx_word' id='word_1_333' title='bbox 403 3734 502 3804; x_wconf 80' lang='grc' dir='ltr'>μὲν</span> <span class='ocrx_word' id='word_1_334' title='bbox 530 3733 654 3796; x_wconf 82' lang='grc' dir='ltr'>τοὺς</span> <span class='ocrx_word' id='word_1_335' title='bbox 678 3732 875 3795; x_wconf 86' lang='grc' dir='ltr'>τύπους</span> <span class='ocrx_word' id='word_1_336' title='bbox 903 3732 1064 3785; x_wconf 81' lang='grc' dir='ltr'>αὐτοῦ</span> <span class='ocrx_word' id='word_1_337' title='bbox 1099 3733 1193 3786; x_wconf 79' lang='grc' dir='ltr'>καὶ</span> <span class='ocrx_word' id='word_1_338' title='bbox 1217 3734 1570 3803; x_wconf 85' lang='grc' dir='ltr'>χαρακτῆρας</span> <span class='ocrx_word' id='word_1_339' title='bbox 1592 3734 1648 3785; x_wconf 83' lang='grc' dir='ltr'>ὲν</span> <span class='ocrx_word' id='word_1_340' title='bbox 1668 3734 1802 3785; x_wconf 72' lang='grc' dir='ltr'>Δέαυ--</span> 
     </span>
    </p>
   </div>
   <div class='ocr_carea' id='block_1_41' title="bbox 233 3822 1803 3894">
    <p class='ocr_par' dir='ltr' id='par_1_41' title="bbox 233 3822 1803 3894">
     <span class='ocr_line' id='line_1_41' title="bbox 233 3822 1803 3894; baseline 0.001 -20"><span class='ocrx_word' id='word_1_341' title='bbox 233 3841 253 3874; x_wconf 80' lang='grc' dir='ltr'>ι</span> <span class='ocrx_word' id='word_1_342' title='bbox 282 3823 359 3894; x_wconf 83' lang='grc' dir='ltr'>τῷ</span> <span class='ocrx_word' id='word_1_343' title='bbox 397 3827 605 3877; x_wconf 74' lang='grc' dir='ltr'>σκοπεῖ*</span> <span class='ocrx_word' id='word_1_344' title='bbox 649 3824 837 3876; x_wconf 77' lang='grc' dir='ltr'>ἔπειτα</span> <span class='ocrx_word' id='word_1_345' title='bbox 866 3824 1066 3885; x_wconf 85' lang='grc' dir='ltr'>πλάτος</span> <span class='ocrx_word' id='word_1_346' title='bbox 1104 3840 1163 3875; x_wconf 87' lang='grc' dir='ltr'>τε</span> <span class='ocrx_word' id='word_1_347' title='bbox 1197 3825 1292 3877; x_wconf 79' lang='grc' dir='ltr'>καὶ</span> <span class='ocrx_word' id='word_1_348' title='bbox 1322 3823 1514 3893; x_wconf 83' lang='grc' dir='ltr'>μῆκος,</span> <span class='ocrx_word' id='word_1_349' title='bbox 1542 3824 1664 3877; x_wconf 81' lang='grc' dir='ltr'>ὅσον</span> <span class='ocrx_word' id='word_1_350' title='bbox 1713 3822 1803 3876; x_wconf 84' lang='grc' dir='ltr'>εύ-</span> 
     </span>
    </p>
   </div>
   <div class='ocr_carea' id='block_1_42' title="bbox 233 3911 1803 3984">
    <p class='ocr_par' dir='ltr' id='par_1_42' title="bbox 233 3911 1803 3984">
     <span class='ocr_line' id='line_1_42' title="bbox 233 3911 1803 3984; baseline 0 -20"><span class='ocrx_word' id='word_1_351' title='bbox 233 3933 251 3963; x_wconf 85' lang='grc' dir='ltr'>ι</span> <span class='ocrx_word' id='word_1_352' title='bbox 294 3914 521 3984; x_wconf 84' lang='grc' dir='ltr'>πρεπὲς,</span> <span class='ocrx_word' id='word_1_353' title='bbox 569 3914 756 3977; x_wconf 79' lang='grc' dir='ltr'>ὲννοεί,</span> <span class='ocrx_word' id='word_1_354' title='bbox 804 3912 1095 3981; x_wconf 85' lang='grc' dir='ltr'>ἀναλογίαν</span> <span class='ocrx_word' id='word_1_355' title='bbox 1120 3929 1181 3964; x_wconf 88' lang='grc' dir='ltr'>τε</span> <span class='ocrx_word' id='word_1_356' title='bbox 1230 3912 1323 3965; x_wconf 86' lang='grc' dir='ltr'>τοῦ</span> <span class='ocrx_word' id='word_1_357' title='bbox 1372 3911 1592 3975; x_wconf 86' lang='grc' dir='ltr'>παντὸς,</span> <span class='ocrx_word' id='word_1_358' title='bbox 1632 3914 1689 3963; x_wconf 83' lang='grc' dir='ltr'>ὲν</span> <span class='ocrx_word' id='word_1_359' title='bbox 1723 3911 1803 3981; x_wconf 87' lang='grc' dir='ltr'>τῷ</span> 
     </span>
    </p>
   </div>
   <div class='ocr_carea' id='block_1_43' title="bbox 231 4003 1802 4075">
    <p class='ocr_par' dir='ltr' id='par_1_43' title="bbox 231 4003 1802 4075">
     <span class='ocr_line' id='line_1_43' title="bbox 231 4003 1802 4075; baseline -0.001 -19"><span class='ocrx_word' id='word_1_360' title='bbox 231 4024 249 4056; x_wconf 89' lang='grc' dir='ltr'>ι</span> <span class='ocrx_word' id='word_1_361' title='bbox 287 4006 406 4059; x_wconf 86' lang='grc' dir='ltr'>καθ’</span> <span class='ocrx_word' id='word_1_362' title='bbox 436 4005 663 4058; x_wconf 74' lang='grc' dir='ltr'>ἕκαστον</span> <span class='ocrx_word' id='word_1_363' title='bbox 696 4004 939 4071; x_wconf 78' lang='grc' dir='ltr'>ἐξετάζει</span> <span class='ocrx_word' id='word_1_364' title='bbox 973 4004 1151 4075; x_wconf 83' lang='grc' dir='ltr'>μέρει,</span> <span class='ocrx_word' id='word_1_365' title='bbox 1188 4003 1390 4075; x_wconf 82' lang='grc' dir='ltr'>χαλκοῦ</span> <span class='ocrx_word' id='word_1_366' title='bbox 1417 4021 1475 4056; x_wconf 87' lang='grc' dir='ltr'>τε</span> <span class='ocrx_word' id='word_1_367' title='bbox 1510 4005 1606 4074; x_wconf 83' lang='grc' dir='ltr'>τὴν</span> <span class='ocrx_word' id='word_1_368' title='bbox 1631 4004 1802 4074; x_wconf 89' lang='grc' dir='ltr'>πρόσ-</span> 
     </span>
    </p>
   </div>
   <div class='ocr_carea' id='block_1_44' title="bbox 232 4096 1801 4169">
    <p class='ocr_par' dir='ltr' id='par_1_44' title="bbox 232 4096 1801 4169">
     <span class='ocr_line' id='line_1_44' title="bbox 232 4096 1801 4169; baseline 0 -21"><span class='ocrx_word' id='word_1_369' title='bbox 232 4116 251 4148; x_wconf 78' lang='grc' dir='ltr'>ι</span> <span class='ocrx_word' id='word_1_370' title='bbox 291 4114 453 4169; x_wconf 82' lang='grc' dir='ltr'>φορον</span> <span class='ocrx_word' id='word_1_371' title='bbox 477 4097 769 4168; x_wconf 79' lang='grc' dir='ltr'>ἑτοιμάσας</span> <span class='ocrx_word' id='word_1_372' title='bbox 797 4096 950 4167; x_wconf 79' lang='grc' dir='ltr'>ὓλην,</span> <span class='ocrx_word' id='word_1_373' title='bbox 984 4097 1189 4149; x_wconf 77' lang='grc' dir='ltr'>καὶτὸν</span> <span class='ocrx_word' id='word_1_374' title='bbox 1216 4097 1470 4166; x_wconf 75' lang='grc' dir='ltr'>ἐσόμενον</span> <span class='ocrx_word' id='word_1_375' title='bbox 1510 4096 1801 4167; x_wconf 87' lang='grc' dir='ltr'>ἀνδριάντα</span> 
     </span>
    </p>
   </div>
   <div class='ocr_carea' id='block_1_45' title="bbox 233 4187 1802 4260">
    <p class='ocr_par' dir='ltr' id='par_1_45' title="bbox 233 4187 1802 4260">
     <span class='ocr_line' id='line_1_45' title="bbox 233 4187 1802 4260; baseline -0.001 -20"><span class='ocrx_word' id='word_1_376' title='bbox 233 4208 252 4240; x_wconf 82' lang='grc' dir='ltr'>ι</span> <span class='ocrx_word' id='word_1_377' title='bbox 292 4192 358 4260; x_wconf 80' lang='grc' dir='ltr'>τῇ</span> <span class='ocrx_word' id='word_1_378' title='bbox 404 4188 598 4241; x_wconf 79' lang='grc' dir='ltr'>ἑαυτοῦ</span> <span class='ocrx_word' id='word_1_379' title='bbox 657 4190 1022 4259; x_wconf 84' lang='grc' dir='ltr'>προτυπώσας</span> <span class='ocrx_word' id='word_1_380' title='bbox 1070 4187 1296 4258; x_wconf 78' lang='grc' dir='ltr'>διανοίᾳ,</span> <span class='ocrx_word' id='word_1_381' title='bbox 1326 4188 1641 4256; x_wconf 86' lang='grc' dir='ltr'>καίνοητῶς</span> <span class='ocrx_word' id='word_1_382' title='bbox 1670 4188 1802 4257; x_wconf 79' lang='grc' dir='ltr'>ὁρᾷν</span> 
     </span>
    </p>
   </div>
   <div class='ocr_carea' id='block_1_46' title="bbox 234 4277 1800 4347">
    <p class='ocr_par' dir='ltr' id='par_1_46' title="bbox 234 4277 1800 4347">
     <span class='ocr_line' id='line_1_46' title="bbox 234 4277 1800 4347; baseline 0 -18"><span class='ocrx_word' id='word_1_383' title='bbox 234 4297 253 4329; x_wconf 83' lang='grc' dir='ltr'>ι</span> <span class='ocrx_word' id='word_1_384' title='bbox 285 4279 531 4347; x_wconf 83' lang='grc' dir='ltr'>νομίσας,</span> <span class='ocrx_word' id='word_1_385' title='bbox 584 4278 833 4340; x_wconf 85' lang='grc' dir='ltr'>συνειδώς</span> <span class='ocrx_word' id='word_1_386' title='bbox 880 4295 939 4330; x_wconf 87' lang='grc' dir='ltr'>τε</span> <span class='ocrx_word' id='word_1_387' title='bbox 991 4277 1169 4347; x_wconf 83' lang='grc' dir='ltr'>ἑαυτῷ</span> <span class='ocrx_word' id='word_1_388' title='bbox 1204 4280 1482 4347; x_wconf 87' lang='grc' dir='ltr'>συνεργεῖν</span> <span class='ocrx_word' id='word_1_389' title='bbox 1507 4277 1596 4330; x_wconf 89' lang='grc' dir='ltr'>τὸν</span> <span class='ocrx_word' id='word_1_390' title='bbox 1627 4277 1800 4345; x_wconf 84' lang='grc' dir='ltr'>λόγον,</span> 
     </span>
    </p>
   </div>
   <div class='ocr_carea' id='block_1_47' title="bbox 234 4358 1803 4440">
    <p class='ocr_par' dir='ltr' id='par_1_47' title="bbox 234 4358 1803 4440">
     <span class='ocr_line' id='line_1_47' title="bbox 234 4358 1803 4440; baseline 0.001 -21"><span class='ocrx_word' id='word_1_391' title='bbox 234 4388 253 4419; x_wconf 80' lang='grc' dir='ltr'>ι</span> <span class='ocrx_word' id='word_1_392' title='bbox 294 4364 339 4437; x_wconf 83' lang='grc' dir='ltr'>ᾧ</span> <span class='ocrx_word' id='word_1_393' title='bbox 364 4369 654 4439; x_wconf 77' lang='grc' dir='ltr'>λογίζεται,</span> <span class='ocrx_word' id='word_1_394' title='bbox 682 4371 774 4423; x_wconf 73' lang='grc' dir='ltr'>καὶ</span> <span class='ocrx_word' id='word_1_395' title='bbox 802 4362 845 4437; x_wconf 82' lang='grc' dir='ltr'>ᾧ</span> <span class='ocrx_word' id='word_1_396' title='bbox 884 4370 1059 4422; x_wconf 83' lang='grc' dir='ltr'>πάντα</span> <span class='ocrx_word' id='word_1_397' title='bbox 1100 4358 1358 4440; x_wconf 76' lang='grc' dir='ltr'>πράττειν</span> <span class='ocrx_word' id='word_1_398' title='bbox 1402 4369 1608 4433; x_wconf 78' lang='grc' dir='ltr'>εἴωθεν,</span> <span class='ocrx_word' id='word_1_399' title='bbox 1632 4369 1803 4439; x_wconf 79' lang='grc' dir='ltr'>(οὐδὲν</span> 
     </span>
    </p>
   </div>
   <div class='ocr_carea' id='block_1_48' title="bbox 235 4458 1803 4531">
    <p class='ocr_par' dir='ltr' id='par_1_48' title="bbox 235 4458 1803 4531">
     <span class='ocr_line' id='line_1_48' title="bbox 235 4458 1803 4531; baseline 0.001 -20"><span class='ocrx_word' id='word_1_400' title='bbox 235 4480 254 4511; x_wconf 84' lang='grc' dir='ltr'>ι</span> <span class='ocrx_word' id='word_1_401' title='bbox 285 4460 392 4531; x_wconf 83' lang='grc' dir='ltr'>γὰρ</span> <span class='ocrx_word' id='word_1_402' title='bbox 438 4458 512 4529; x_wconf 85' lang='grc' dir='ltr'>μὴ</span> <span class='ocrx_word' id='word_1_403' title='bbox 554 4460 694 4529; x_wconf 84' lang='grc' dir='ltr'>λόγῳ</span> <span class='ocrx_word' id='word_1_404' title='bbox 747 4459 1063 4529; x_wconf 87' lang='grc' dir='ltr'>γιγνόμενον</span> <span class='ocrx_word' id='word_1_405' title='bbox 1110 4461 1315 4530; x_wconf 61' lang='grc' dir='ltr'>καλόν)</span> <span class='ocrx_word' id='word_1_406' title='bbox 1372 4460 1673 4531; x_wconf 87' lang='grc' dir='ltr'>ἀρχόμενος</span> <span class='ocrx_word' id='word_1_407' title='bbox 1704 4459 1803 4530; x_wconf 83' lang='grc' dir='ltr'>τῆς</span> 
     </span>
    </p>
   </div>
   <div class='ocr_carea' id='block_1_49' title="bbox 1921 631 3479 707">
    <p class='ocr_par' dir='ltr' id='par_1_49' title="bbox 1921 631 3479 707">
     <span class='ocr_line' id='line_1_49' title="bbox 1921 631 3479 707; baseline -0.001 -19"><span class='ocrx_word' id='word_1_408' title='bbox 1921 654 1941 688; x_wconf 80' lang='grc' dir='ltr'>ι</span> <span class='ocrx_word' id='word_1_409' title='bbox 1978 645 2129 692; x_wconf 90' lang='lat' dir='ltr'><strong>certe</strong></span> <span class='ocrx_word' id='word_1_410' title='bbox 2154 634 2596 707; x_wconf 80' lang='lat' dir='ltr'><strong>indigebatDeus,</strong></span> <span class='ocrx_word' id='word_1_411' title='bbox 2614 632 2974 703; x_wconf 83' lang='lat' dir='ltr'><strong>appellatione</strong></span> <span class='ocrx_word' id='word_1_412' title='bbox 2996 631 3330 702; x_wconf 77' lang='lat' dir='ltr'><strong>alia,utputa</strong></span> <span class='ocrx_word' id='word_1_413' title='bbox 3363 648 3479 687; x_wconf 80' lang='lat' dir='ltr'><strong>ma-</strong></span> 
     </span>
    </p>
   </div>
   <div class='ocr_carea' id='block_1_50' title="bbox 1920 714 3479 796">
    <p class='ocr_par' dir='ltr' id='par_1_50' title="bbox 1920 714 3479 796">
     <span class='ocr_line' id='line_1_50' title="bbox 1920 714 3479 796; baseline 0.001 -17"><span class='ocrx_word' id='word_1_414' title='bbox 1920 748 1939 779; x_wconf 77' lang='lat'><strong>¢</strong></span> <span class='ocrx_word' id='word_1_415' title='bbox 1976 729 2160 792; x_wconf 61' lang='lat' dir='ltr'><strong>terim,</strong></span> <span class='ocrx_word' id='word_1_416' title='bbox 2194 737 2285 781; x_wconf 89' lang='lat' dir='ltr'>aut</span> <span class='ocrx_word' id='word_1_417' title='bbox 2323 727 2400 781; x_wconf 94' lang='lat' dir='ltr'>rei</span> <span class='ocrx_word' id='word_1_418' title='bbox 2433 726 2683 780; x_wconf 64' lang='lat' dir='ltr'><strong>humana:</strong></span> <span class='ocrx_word' id='word_1_419' title='bbox 2738 726 3107 796; x_wconf 73' lang='lat' dir='ltr'>cujuscunque</span> <span class='ocrx_word' id='word_1_420' title='bbox 3136 742 3150 779; x_wconf 92' lang='lat'>:</span> <span class='ocrx_word' id='word_1_421' title='bbox 3185 714 3280 779; x_wconf 75' lang='lat' dir='ltr'>sed</span> <span class='ocrx_word' id='word_1_422' title='bbox 3334 724 3479 780; x_wconf 79' lang='lat' dir='ltr'><strong>illius</strong></span> 
     </span>
    </p>
   </div>
   <div class='ocr_carea' id='block_1_51' title="bbox 1919 815 3474 889">
    <p class='ocr_par' dir='ltr' id='par_1_51' title="bbox 1919 815 3474 889">
     <span class='ocr_line' id='line_1_51' title="bbox 1919 815 3474 889; baseline -0.001 -17"><span class='ocrx_word' id='word_1_423' title='bbox 1919 840 1938 872; x_wconf 83' lang='grc' dir='ltr'>ι</span> <span class='ocrx_word' id='word_1_424' title='bbox 1974 818 2140 875; x_wconf 87' lang='lat' dir='ltr'><strong>solius</strong></span> <span class='ocrx_word' id='word_1_425' title='bbox 2179 829 2488 889; x_wconf 79' lang='lat' dir='ltr'><strong>apparatus,</strong></span> <span class='ocrx_word' id='word_1_426' title='bbox 2526 816 2618 888; x_wconf 90' lang='lat' dir='ltr'>qui</span> <span class='ocrx_word' id='word_1_427' title='bbox 2658 820 2711 872; x_wconf 93' lang='lat' dir='ltr'>in</span> <span class='ocrx_word' id='word_1_428' title='bbox 2755 815 2871 885; x_wconf 87' lang='lat' dir='ltr'><strong>ejus</strong></span> <span class='ocrx_word' id='word_1_429' title='bbox 2926 825 3103 872; x_wconf 88' lang='lat' dir='ltr'><strong>mente</strong></span> <span class='ocrx_word' id='word_1_430' title='bbox 3140 817 3474 872; x_wconf 70' lang='lat' dir='ltr'>versabatur.</span> 
     </span>
    </p>
   </div>
   <div class='ocr_carea' id='block_1_52' title="bbox 1919 904 3475 978">
    <p class='ocr_par' dir='ltr' id='par_1_52' title="bbox 1919 904 3475 978">
     <span class='ocr_line' id='line_1_52' title="bbox 1919 904 3475 978; baseline -0.001 -18"><span class='ocrx_word' id='word_1_431' title='bbox 1919 928 1937 960; x_wconf 78' lang='grc' dir='ltr'>ι</span> <span class='ocrx_word' id='word_1_432' title='bbox 1976 906 2419 977; x_wconf 79' lang='lat' dir='ltr'><strong>Quandoquidem</strong></span> <span class='ocrx_word' id='word_1_433' title='bbox 2438 922 2567 978; x_wconf 84' lang='lat' dir='ltr'><strong>ergo</strong></span> <span class='ocrx_word' id='word_1_434' title='bbox 2591 904 2922 975; x_wconf 70' lang='lat' dir='ltr'>impossibile</span> <span class='ocrx_word' id='word_1_435' title='bbox 2938 904 3130 971; x_wconf 75' lang='lat' dir='ltr'><strong>fuerat,</strong></span> <span class='ocrx_word' id='word_1_436' title='bbox 3147 907 3265 959; x_wconf 89' lang='lat' dir='ltr'><strong>sine</strong></span> <span class='ocrx_word' id='word_1_437' title='bbox 3284 905 3475 971; x_wconf 85' lang='lat' dir='ltr'><strong>verbo,</strong></span> 
     </span>
    </p>
   </div>
   <div class='ocr_carea' id='block_1_53' title="bbox 1918 981 3478 1069">
    <p class='ocr_par' dir='ltr' id='par_1_53' title="bbox 1918 981 3478 1069">
     <span class='ocr_line' id='line_1_53' title="bbox 1918 981 3478 1069; baseline 0 -17"><span class='ocrx_word' id='word_1_438' title='bbox 1918 1020 1937 1052; x_wconf 74' lang='grc' dir='ltr'>ι</span> <span class='ocrx_word' id='word_1_439' title='bbox 1974 1009 2030 1055; x_wconf 89' lang='lat' dir='ltr'>et</span> <span class='ocrx_word' id='word_1_440' title='bbox 2081 1001 2248 1056; x_wconf 90' lang='lat' dir='ltr'><strong>verbo</strong></span> <span class='ocrx_word' id='word_1_441' title='bbox 2297 1000 2653 1056; x_wconf 76' lang='lat' dir='ltr'><strong>conveniente</strong></span> <span class='ocrx_word' id='word_1_442' title='bbox 2690 998 3005 1069; x_wconf 82' lang='lat' dir='ltr'><strong>prudentis,</strong></span> <span class='ocrx_word' id='word_1_443' title='bbox 3038 999 3202 1051; x_wconf 88' lang='lat' dir='ltr'><strong>Deum</strong></span> <span class='ocrx_word' id='word_1_444' title='bbox 3235 981 3478 1066; x_wconf 72' lang='lat' dir='ltr'><strong>cogitare</strong></span> 
     </span>
    </p>
   </div>
   <div class='ocr_carea' id='block_1_54' title="bbox 1918 1090 3473 1158">
    <p class='ocr_par' dir='ltr' id='par_1_54' title="bbox 1918 1090 3473 1158">
     <span class='ocr_line' id='line_1_54' title="bbox 1918 1090 3473 1158; baseline 0.001 -15"><span class='ocrx_word' id='word_1_445' title='bbox 1918 1110 1936 1143; x_wconf 84' lang='grc' dir='ltr'>ι</span> <span class='ocrx_word' id='word_1_446' title='bbox 1974 1095 2159 1149; x_wconf 89' lang='lat' dir='ltr'><strong>mundi</strong></span> <span class='ocrx_word' id='word_1_447' title='bbox 2201 1092 2418 1149; x_wconf 63' lang='lat' dir='ltr'><strong>siluisse</strong></span> <span class='ocrx_word' id='word_1_448' title='bbox 2453 1092 2770 1156; x_wconf 73' lang='lat' dir='ltr'><strong>conditum,</strong></span> <span class='ocrx_word' id='word_1_449' title='bbox 2807 1104 2911 1145; x_wconf 89' lang='lat' dir='ltr'>non</span> <span class='ocrx_word' id='word_1_450' title='bbox 2959 1090 3229 1144; x_wconf 85' lang='lat' dir='ltr'><strong>immerito</strong></span> <span class='ocrx_word' id='word_1_451' title='bbox 3250 1090 3425 1158; x_wconf 91' lang='lat' dir='ltr'><strong>inquit</strong></span> <span class='ocrx_word' id='word_1_452' title='bbox 3457 1107 3473 1145; x_wconf 92' lang='lat'>:</span> 
     </span>
    </p>
   </div>
   <div class='ocr_carea' id='block_1_55' title="bbox 1917 1179 3479 1256">
    <p class='ocr_par' dir='ltr' id='par_1_55' title="bbox 1917 1179 3479 1256">
     <span class='ocr_line' id='line_1_55' title="bbox 1917 1179 3479 1256; baseline -0.004 -15"><span class='ocrx_word' id='word_1_453' title='bbox 1917 1207 1937 1241; x_wconf 83' lang='grc' dir='ltr'>ι</span> <span class='ocrx_word' id='word_1_454' title='bbox 1972 1187 2106 1245; x_wconf 74' lang='lat' dir='ltr'><strong>Cum</strong></span> <span class='ocrx_word' id='word_1_455' title='bbox 2116 1201 2436 1256; x_wconf 69' lang='lat' dir='ltr'><strong>praeparata</strong></span> <span class='ocrx_word' id='word_1_456' title='bbox 2452 1184 2658 1249; x_wconf 71' lang='lat' dir='ltr'><strong>calum,</strong></span> <span class='ocrx_word' id='word_1_457' title='bbox 2674 1199 2779 1238; x_wconf 74' lang='lat' dir='ltr'>una</span> <span class='ocrx_word' id='word_1_458' title='bbox 2800 1183 3012 1236; x_wconf 75' lang='lat' dir='ltr'><strong>aderam</strong></span> <span class='ocrx_word' id='word_1_459' title='bbox 3035 1193 3202 1235; x_wconf 74' lang='lat' dir='ltr'><strong>tecum</strong></span> <span class='ocrx_word' id='word_1_460' title='bbox 3218 1180 3286 1233; x_wconf 77' lang='lat'><strong>”.</strong></span> <span class='ocrx_word' id='word_1_461' title='bbox 3299 1198 3318 1231; x_wconf 78' lang='grc' dir='ltr'>ι</span> <span class='ocrx_word' id='word_1_462' title='bbox 3329 1179 3479 1249; x_wconf 71' lang='lat' dir='ltr'><strong>Adji-</strong></span> 
     </span>
    </p>
   </div>
   <div class='ocr_carea' id='block_1_56' title="bbox 1911 1269 3476 1337">
    <p class='ocr_par' dir='ltr' id='par_1_56' title="bbox 1911 1269 3476 1337">
     <span class='ocr_line' id='line_1_56' title="bbox 1911 1269 3476 1337; baseline -0.006 -2"><span class='ocrx_word' id='word_1_463' title='bbox 1911 1280 1988 1335; x_wconf 84' lang='lat' dir='ltr'>cit</span> <span class='ocrx_word' id='word_1_464' title='bbox 2012 1279 2189 1336; x_wconf 90' lang='lat' dir='ltr'><strong>denuo</strong></span> <span class='ocrx_word' id='word_1_465' title='bbox 2217 1293 2248 1335; x_wconf 92' lang='lat' dir='ltr'>e</span> <span class='ocrx_word' id='word_1_466' title='bbox 2276 1276 2630 1333; x_wconf 74' lang='lat' dir='ltr'><strong>similitudine</strong></span> <span class='ocrx_word' id='word_1_467' title='bbox 2653 1274 2873 1329; x_wconf 81' lang='lat' dir='ltr'><strong>humani</strong></span> <span class='ocrx_word' id='word_1_468' title='bbox 2908 1272 3083 1337; x_wconf 89' lang='lat' dir='ltr'><strong>verbi,</strong></span> <span class='ocrx_word' id='word_1_469' title='bbox 3134 1281 3191 1327; x_wconf 91' lang='lat' dir='ltr'>et</span> <span class='ocrx_word' id='word_1_470' title='bbox 3237 1269 3476 1325; x_wconf 86' lang='lat' dir='ltr'><strong>Verbum</strong></span> 
     </span>
    </p>
   </div>
   <div class='ocr_carea' id='block_1_57' title="bbox 1911 1363 3476 1435">
    <p class='ocr_par' dir='ltr' id='par_1_57' title="bbox 1911 1363 3476 1435">
     <span class='ocr_line' id='line_1_57' title="bbox 1911 1363 3476 1435; baseline -0.008 -8"><span class='ocrx_word' id='word_1_471' title='bbox 1911 1372 2005 1427; x_wconf 85' lang='lat' dir='ltr'><strong>Dei</strong></span> <span class='ocrx_word' id='word_1_472' title='bbox 2043 1385 2195 1435; x_wconf 84' lang='lat' dir='ltr'><strong>esse,</strong></span> <span class='ocrx_word' id='word_1_473' title='bbox 2230 1378 2289 1425; x_wconf 89' lang='lat' dir='ltr'>ut</span> <span class='ocrx_word' id='word_1_474' title='bbox 2333 1368 2645 1425; x_wconf 75' lang='lat' dir='ltr'><strong>ostenderet</strong></span> <span class='ocrx_word' id='word_1_475' title='bbox 2696 1367 2832 1421; x_wconf 87' lang='lat' dir='ltr'><strong>illud</strong></span> <span class='ocrx_word' id='word_1_476' title='bbox 2883 1363 3107 1419; x_wconf 88' lang='lat' dir='ltr'><strong>minime</strong></span> <span class='ocrx_word' id='word_1_477' title='bbox 3156 1363 3476 1418; x_wconf 77' lang='lat' dir='ltr'><strong>subsistere.</strong></span> 
     </span>
    </p>
   </div>
   <div class='ocr_carea' id='block_1_58' title="bbox 1911 1454 3475 1535">
    <p class='ocr_par' dir='ltr' id='par_1_58' title="bbox 1911 1454 3475 1535">
     <span class='ocr_line' id='line_1_58' title="bbox 1911 1454 3475 1535; baseline -0.009 -16"><span class='ocrx_word' id='word_1_478' title='bbox 1911 1462 2114 1519; x_wconf 79' lang='lat' dir='ltr'><strong>Scribit</strong></span> <span class='ocrx_word' id='word_1_479' title='bbox 2148 1463 2317 1525; x_wconf 89' lang='lat' dir='ltr'><strong>enim,</strong></span> <span class='ocrx_word' id='word_1_480' title='bbox 2357 1477 2377 1511; x_wconf 80' lang='grc' dir='ltr'>ι</span> <span class='ocrx_word' id='word_1_481' title='bbox 2407 1458 2524 1535; x_wconf 79' lang='lat' dir='ltr'><strong>Hoc</strong></span> <span class='ocrx_word' id='word_1_482' title='bbox 2549 1458 2603 1513; x_wconf 89' lang='lat' dir='ltr'>in</span> <span class='ocrx_word' id='word_1_483' title='bbox 2638 1457 2777 1523; x_wconf 90' lang='lat' dir='ltr'><strong>Ioco,</strong></span> <span class='ocrx_word' id='word_1_484' title='bbox 2812 1456 2910 1522; x_wconf 85' lang='lat' dir='ltr'><strong>ait,</strong></span> <span class='ocrx_word' id='word_1_485' title='bbox 2940 1454 3053 1525; x_wconf 86' lang='lat' dir='ltr'>Ego</span> <span class='ocrx_word' id='word_1_486' title='bbox 3080 1471 3196 1508; x_wconf 78' lang='lat' dir='ltr'>sum</span> <span class='ocrx_word' id='word_1_487' title='bbox 3216 1455 3307 1524; x_wconf 72' lang='lat' dir='ltr'>qui</span> <span class='ocrx_word' id='word_1_488' title='bbox 3333 1470 3475 1515; x_wconf 78' lang='lat' dir='ltr'><strong>sum,</strong></span> 
     </span>
    </p>
   </div>
   <div class='ocr_carea' id='block_1_59' title="bbox 1916 1546 3479 1623">
    <p class='ocr_par' dir='ltr' id='par_1_59' title="bbox 1916 1546 3479 1623">
     <span class='ocr_line' id='line_1_59' title="bbox 1916 1546 3479 1623; baseline -0.003 -17"><span class='ocrx_word' id='word_1_489' title='bbox 1916 1572 1935 1606; x_wconf 83' lang='grc' dir='ltr'>ι</span> <span class='ocrx_word' id='word_1_490' title='bbox 1979 1554 2046 1608; x_wconf 78' lang='lat' dir='ltr'>ad</span> <span class='ocrx_word' id='word_1_491' title='bbox 2074 1552 2294 1623; x_wconf 73' lang='lat' dir='ltr'><strong>Moysen</strong></span> <span class='ocrx_word' id='word_1_492' title='bbox 2330 1550 2565 1622; x_wconf 88' lang='lat' dir='ltr'><strong>loquitur</strong></span> <span class='ocrx_word' id='word_1_493' title='bbox 2604 1548 2782 1604; x_wconf 84' lang='lat' dir='ltr'><strong>Pater.</strong></span> <span class='ocrx_word' id='word_1_494' title='bbox 2813 1568 2833 1600; x_wconf 73' lang='grc' dir='ltr'>ι</span> <span class='ocrx_word' id='word_1_495' title='bbox 2874 1547 2978 1620; x_wconf 71' lang='lat' dir='ltr'>[IL</span> <span class='ocrx_word' id='word_1_496' title='bbox 3004 1546 3116 1603; x_wconf 80' lang='lat' dir='ltr'>LVI</span> <span class='ocrx_word' id='word_1_497' title='bbox 3145 1548 3268 1602; x_wconf 88' lang='lat' dir='ltr'><strong>coll.</strong></span> <span class='ocrx_word' id='word_1_498' title='bbox 3290 1563 3345 1617; x_wconf 93' lang='lat' dir='ltr'>p.</span> <span class='ocrx_word' id='word_1_499' title='bbox 3376 1547 3479 1601; x_wconf 73' lang='grc'><strong>114</strong></span> 
     </span>
    </p>
   </div>
   <div class='ocr_carea' id='block_1_60' title="bbox 1917 1639 3481 1711">
    <p class='ocr_par' dir='ltr' id='par_1_60' title="bbox 1917 1639 3481 1711">
     <span class='ocr_line' id='line_1_60' title="bbox 1917 1639 3481 1711; baseline -0.005 -16"><span class='ocrx_word' id='word_1_500' title='bbox 1917 1660 1937 1695; x_wconf 86' lang='grc' dir='ltr'>ι</span> <span class='ocrx_word' id='word_1_501' title='bbox 1976 1644 2039 1710; x_wconf 90' lang='lat' dir='ltr'>D,</span> <span class='ocrx_word' id='word_1_502' title='bbox 2085 1642 2188 1696; x_wconf 89' lang='grc'>118</span> <span class='ocrx_word' id='word_1_503' title='bbox 2237 1640 2637 1711; x_wconf 85' lang='lat' dir='ltr'><strong>B.]Loquitur</strong></span> <span class='ocrx_word' id='word_1_504' title='bbox 2668 1647 2846 1692; x_wconf 79' lang='lat' dir='ltr'><strong>autem</strong></span> <span class='ocrx_word' id='word_1_505' title='bbox 2892 1639 3031 1706; x_wconf 88' lang='lat' dir='ltr'><strong>quod</strong></span> <span class='ocrx_word' id='word_1_506' title='bbox 3083 1645 3331 1698; x_wconf 75' lang='lat' dir='ltr'><strong>constat,</strong></span> <span class='ocrx_word' id='word_1_507' title='bbox 3380 1649 3481 1704; x_wconf 87' lang='lat' dir='ltr'>per</span> 
     </span>
    </p>
   </div>
   <div class='ocr_carea' id='block_1_61' title="bbox 1916 1725 3475 1799">
    <p class='ocr_par' dir='ltr' id='par_1_61' title="bbox 1916 1725 3475 1799">
     <span class='ocr_line' id='line_1_61' title="bbox 1916 1725 3475 1799; baseline -0.004 -13"><span class='ocrx_word' id='word_1_508' title='bbox 1916 1754 1934 1786; x_wconf 80' lang='grc' dir='ltr'>ι</span> <span class='ocrx_word' id='word_1_509' title='bbox 1968 1733 2201 1789; x_wconf 83' lang='lat' dir='ltr'><strong>Verbum</strong></span> <span class='ocrx_word' id='word_1_510' title='bbox 2223 1747 2401 1786; x_wconf 87' lang='lat' dir='ltr'><strong>suum.</strong></span> <span class='ocrx_word' id='word_1_511' title='bbox 2425 1730 2767 1799; x_wconf 67' lang='lat' dir='ltr'><strong>Quacunque</strong></span> <span class='ocrx_word' id='word_1_512' title='bbox 2799 1728 2997 1782; x_wconf 88' lang='lat' dir='ltr'><strong>etenim</strong></span> <span class='ocrx_word' id='word_1_513' title='bbox 3021 1727 3259 1796; x_wconf 89' lang='lat' dir='ltr'><strong>loquitur</strong></span> <span class='ocrx_word' id='word_1_514' title='bbox 3287 1725 3475 1793; x_wconf 84' lang='lat' dir='ltr'><strong>Pater,</strong></span> 
     </span>
    </p>
   </div>
   <div class='ocr_carea' id='block_1_62' title="bbox 1917 1817 3480 1895">
    <p class='ocr_par' dir='ltr' id='par_1_62' title="bbox 1917 1817 3480 1895">
     <span class='ocr_line' id='line_1_62' title="bbox 1917 1817 3480 1895; baseline -0.004 -15"><span class='ocrx_word' id='word_1_515' title='bbox 1917 1848 1935 1880; x_wconf 78' lang='grc' dir='ltr'>ι</span> <span class='ocrx_word' id='word_1_516' title='bbox 1975 1829 2088 1882; x_wconf 64' lang='lat' dir='ltr'><strong>lucc</strong></span> <span class='ocrx_word' id='word_1_517' title='bbox 2105 1826 2302 1895; x_wconf 92' lang='lat' dir='ltr'><strong>ubique</strong></span> <span class='ocrx_word' id='word_1_518' title='bbox 2321 1840 2416 1894; x_wconf 91' lang='lat' dir='ltr'>per</span> <span class='ocrx_word' id='word_1_519' title='bbox 2435 1822 2671 1879; x_wconf 79' lang='lat' dir='ltr'><strong>Verbum</strong></span> <span class='ocrx_word' id='word_1_520' title='bbox 2705 1836 2859 1876; x_wconf 85' lang='lat' dir='ltr'><strong>suum</strong></span> <span class='ocrx_word' id='word_1_521' title='bbox 2882 1821 3087 1876; x_wconf 85' lang='lat' dir='ltr'><strong>locutus</strong></span> <span class='ocrx_word' id='word_1_522' title='bbox 3108 1818 3337 1873; x_wconf 79' lang='lat' dir='ltr'><strong>videtur.</strong></span> <span class='ocrx_word' id='word_1_523' title='bbox 3363 1817 3480 1874; x_wconf 88' lang='lat' dir='ltr'><strong>Hoc</strong></span> 
     </span>
    </p>
   </div>
   <div class='ocr_carea' id='block_1_63' title="bbox 1918 1911 3481 1991">
    <p class='ocr_par' dir='ltr' id='par_1_63' title="bbox 1918 1911 3481 1991">
     <span class='ocr_line' id='line_1_63' title="bbox 1918 1911 3481 1991; baseline -0.006 -18"><span class='ocrx_word' id='word_1_524' title='bbox 1918 1940 1937 1973; x_wconf 72' lang='grc' dir='ltr'>ι</span> <span class='ocrx_word' id='word_1_525' title='bbox 1976 1930 2219 1991; x_wconf 79' lang='lat' dir='ltr'><strong>apparet,</strong></span> <span class='ocrx_word' id='word_1_526' title='bbox 2257 1918 2301 1973; x_wconf 91' lang='lat' dir='ltr'>si</span> <span class='ocrx_word' id='word_1_527' title='bbox 2328 1930 2492 1986; x_wconf 76' lang='lat' dir='ltr'><strong>parva</strong></span> <span class='ocrx_word' id='word_1_528' title='bbox 2523 1915 2648 1971; x_wconf 88' lang='lat' dir='ltr'><strong>licet</strong></span> <span class='ocrx_word' id='word_1_529' title='bbox 2676 1915 2887 1983; x_wconf 82' lang='lat' dir='ltr'><strong>magnis</strong></span> <span class='ocrx_word' id='word_1_530' title='bbox 2909 1926 3236 1980; x_wconf 86' lang='lat' dir='ltr'><strong>componere</strong></span> <span class='ocrx_word' id='word_1_531' title='bbox 3260 1922 3317 1966; x_wconf 86' lang='lat' dir='ltr'>et</span> <span class='ocrx_word' id='word_1_532' title='bbox 3340 1911 3481 1966; x_wconf 84' lang='lat' dir='ltr'><strong>divi-</strong></span> 
     </span>
    </p>
   </div>
   <div class='ocr_carea' id='block_1_64' title="bbox 1914 2004 3479 2083">
    <p class='ocr_par' dir='ltr' id='par_1_64' title="bbox 1914 2004 3479 2083">
     <span class='ocr_line' id='line_1_64' title="bbox 1914 2004 3479 2083; baseline -0.009 -15"><span class='ocrx_word' id='word_1_533' title='bbox 1914 2034 1933 2066; x_wconf 80' lang='grc' dir='ltr'>ι</span> <span class='ocrx_word' id='word_1_534' title='bbox 1970 2013 2078 2078; x_wconf 87' lang='lat' dir='ltr'><strong>nis,</strong></span> <span class='ocrx_word' id='word_1_535' title='bbox 2110 2027 2140 2067; x_wconf 83' lang='lat' dir='ltr'>a</span> <span class='ocrx_word' id='word_1_536' title='bbox 2164 2009 2582 2078; x_wconf 83' lang='lat' dir='ltr'><strong>nobismetipsis.</strong></span> <span class='ocrx_word' id='word_1_537' title='bbox 2602 2005 2711 2062; x_wconf 80' lang='lat' dir='ltr'>Nos</span> <span class='ocrx_word' id='word_1_538' title='bbox 2744 2005 2940 2062; x_wconf 88' lang='lat' dir='ltr'><strong>etenim</strong></span> <span class='ocrx_word' id='word_1_539' title='bbox 2968 2004 3148 2059; x_wconf 82' lang='lat' dir='ltr'><strong>omnia</strong></span> <span class='ocrx_word' id='word_1_540' title='bbox 3170 2044 3185 2069; x_wconf 93' lang='lat'>,</span> <span class='ocrx_word' id='word_1_541' title='bbox 3213 2017 3479 2083; x_wconf 68' lang='lat' dir='ltr'><strong>quaecun-</strong></span> 
     </span>
    </p>
   </div>
   <div class='ocr_carea' id='block_1_65' title="bbox 1912 2093 3480 2173">
    <p class='ocr_par' dir='ltr' id='par_1_65' title="bbox 1912 2093 3480 2173">
     <span class='ocr_line' id='line_1_65' title="bbox 1912 2093 3480 2173; baseline -0.005 -16"><span class='ocrx_word' id='word_1_542' title='bbox 1912 2124 1932 2157; x_wconf 79' lang='grc' dir='ltr'>ι</span> <span class='ocrx_word' id='word_1_543' title='bbox 1968 2119 2073 2173; x_wconf 90' lang='lat' dir='ltr'>que</span> <span class='ocrx_word' id='word_1_544' title='bbox 2092 2104 2353 2161; x_wconf 88' lang='lat' dir='ltr'><strong>volumus.</strong></span> <span class='ocrx_word' id='word_1_545' title='bbox 2382 2109 2644 2170; x_wconf 86' lang='lat' dir='ltr'><strong>quantum</strong></span> <span class='ocrx_word' id='word_1_546' title='bbox 2668 2097 2858 2153; x_wconf 83' lang='lat' dir='ltr'><strong>saltem</strong></span> <span class='ocrx_word' id='word_1_547' title='bbox 2881 2096 2934 2150; x_wconf 89' lang='lat' dir='ltr'>in</span> <span class='ocrx_word' id='word_1_548' title='bbox 2973 2096 3130 2150; x_wconf 88' lang='lat' dir='ltr'><strong>nobis</strong></span> <span class='ocrx_word' id='word_1_549' title='bbox 3165 2103 3271 2158; x_wconf 88' lang='lat' dir='ltr'><strong>est,</strong></span> <span class='ocrx_word' id='word_1_550' title='bbox 3298 2093 3480 2149; x_wconf 79' lang='lat' dir='ltr'><strong>facere</strong></span> 
     </span>
    </p>
   </div>
   <div class='ocr_carea' id='block_1_66' title="bbox 1912 2183 3475 2262">
    <p class='ocr_par' dir='ltr' id='par_1_66' title="bbox 1912 2183 3475 2262">
     <span class='ocr_line' id='line_1_66' title="bbox 1912 2183 3475 2262; baseline -0.006 -15"><span class='ocrx_word' id='word_1_551' title='bbox 1912 2215 1931 2247; x_wconf 83' lang='grc' dir='ltr'>ι</span> <span class='ocrx_word' id='word_1_552' title='bbox 1963 2204 2020 2250; x_wconf 90' lang='lat' dir='ltr'>et</span> <span class='ocrx_word' id='word_1_553' title='bbox 2064 2195 2267 2257; x_wconf 87' lang='lat' dir='ltr'><strong>dicere,</strong></span> <span class='ocrx_word' id='word_1_554' title='bbox 2294 2206 2389 2262; x_wconf 86' lang='lat' dir='ltr'>per</span> <span class='ocrx_word' id='word_1_555' title='bbox 2420 2201 2667 2246; x_wconf 88' lang='lat' dir='ltr'><strong>nostrum</strong></span> <span class='ocrx_word' id='word_1_556' title='bbox 2693 2188 2915 2243; x_wconf 82' lang='lat' dir='ltr'><strong>verbum</strong></span> <span class='ocrx_word' id='word_1_557' title='bbox 2958 2201 3363 2256; x_wconf 69' lang='lat' dir='ltr'><strong>procuramus.»</strong></span> <span class='ocrx_word' id='word_1_558' title='bbox 3383 2183 3475 2257; x_wconf 73' lang='grc' dir='ltr'>[Β.</span> 
     </span>
    </p>
   </div>
   <div class='ocr_carea' id='block_1_67' title="bbox 1905 2278 3477 2354">
    <p class='ocr_par' dir='ltr' id='par_1_67' title="bbox 1905 2278 3477 2354">
     <span class='ocr_line' id='line_1_67' title="bbox 1905 2278 3477 2354; baseline -0.007 -14"><span class='ocrx_word' id='word_1_559' title='bbox 1905 2284 2111 2340; x_wconf 82' lang='lat' dir='ltr'>LXVIII</span> <span class='ocrx_word' id='word_1_560' title='bbox 2143 2284 2269 2339; x_wconf 90' lang='lat' dir='ltr'><strong>coll.</strong></span> <span class='ocrx_word' id='word_1_561' title='bbox 2306 2299 2359 2354; x_wconf 92' lang='lat' dir='ltr'>p.</span> <span class='ocrx_word' id='word_1_562' title='bbox 2387 2281 2491 2336; x_wconf 72' lang='grc'>132</span> <span class='ocrx_word' id='word_1_563' title='bbox 2523 2280 2613 2354; x_wconf 90' lang='lat' dir='ltr'>C.]</span> <span class='ocrx_word' id='word_1_564' title='bbox 2645 2280 2745 2337; x_wconf 86' lang='lat' dir='ltr'><strong>Ubi</strong></span> <span class='ocrx_word' id='word_1_565' title='bbox 2770 2278 3025 2334; x_wconf 86' lang='lat' dir='ltr'><strong>nonnulla</strong></span> <span class='ocrx_word' id='word_1_566' title='bbox 3070 2279 3477 2342; x_wconf 86' lang='lat' dir='ltr'><strong>interseruerat,</strong></span> 
     </span>
    </p>
   </div>
   <div class='ocr_carea' id='block_1_68' title="bbox 1904 2368 3481 2445">
    <p class='ocr_par' dir='ltr' id='par_1_68' title="bbox 1904 2368 3481 2445">
     <span class='ocr_line' id='line_1_68' title="bbox 1904 2368 3481 2445; baseline -0.007 -12"><span class='ocrx_word' id='word_1_567' title='bbox 1904 2376 2204 2433; x_wconf 85' lang='lat' dir='ltr'><strong>subnectit:</strong></span> <span class='ocrx_word' id='word_1_568' title='bbox 2229 2393 2248 2427; x_wconf 84' lang='grc' dir='ltr'>ι</span> <span class='ocrx_word' id='word_1_569' title='bbox 2271 2374 2501 2442; x_wconf 83' lang='lat' dir='ltr'><strong>Quinam</strong></span> <span class='ocrx_word' id='word_1_570' title='bbox 2518 2374 2682 2445; x_wconf 89' lang='lat' dir='ltr'><strong>igitur</strong></span> <span class='ocrx_word' id='word_1_571' title='bbox 2697 2372 2963 2436; x_wconf 79' lang='lat' dir='ltr'><strong>Asterius,</strong></span> <span class='ocrx_word' id='word_1_572' title='bbox 2978 2385 3099 2425; x_wconf 87' lang='lat' dir='ltr'>cum</span> <span class='ocrx_word' id='word_1_573' title='bbox 3117 2384 3225 2440; x_wconf 67' lang='lat' dir='ltr'><strong>prae</strong></span> <span class='ocrx_word' id='word_1_574' title='bbox 3238 2383 3297 2424; x_wconf 89' lang='lat' dir='ltr'>se</span> <span class='ocrx_word' id='word_1_575' title='bbox 3312 2368 3481 2424; x_wconf 75' lang='lat' dir='ltr'><strong>ferret</strong></span> 
     </span>
    </p>
   </div>
   <div class='ocr_carea' id='block_1_69' title="bbox 1909 2461 3480 2540">
    <p class='ocr_par' dir='ltr' id='par_1_69' title="bbox 1909 2461 3480 2540">
     <span class='ocr_line' id='line_1_69' title="bbox 1909 2461 3480 2540; baseline -0.004 -19"><span class='ocrx_word' id='word_1_576' title='bbox 1909 2488 1928 2521; x_wconf 80' lang='grc' dir='ltr'>ι</span> <span class='ocrx_word' id='word_1_577' title='bbox 1975 2468 2312 2540; x_wconf 85' lang='lat' dir='ltr'><strong>simpliciter,</strong></span> <span class='ocrx_word' id='word_1_578' title='bbox 2339 2476 2393 2523; x_wconf 92' lang='lat' dir='ltr'>et</span> <span class='ocrx_word' id='word_1_579' title='bbox 2415 2482 2537 2522; x_wconf 88' lang='lat' dir='ltr'>cum</span> <span class='ocrx_word' id='word_1_580' title='bbox 2562 2466 2759 2520; x_wconf 90' lang='lat' dir='ltr'><strong>timore</strong></span> <span class='ocrx_word' id='word_1_581' title='bbox 2797 2467 3028 2533; x_wconf 84' lang='lat' dir='ltr'><strong>quodam</strong></span> <span class='ocrx_word' id='word_1_582' title='bbox 3058 2462 3209 2531; x_wconf 87' lang='lat' dir='ltr'><strong>sequi</strong></span> <span class='ocrx_word' id='word_1_583' title='bbox 3235 2461 3480 2530; x_wconf 87' lang='lat' dir='ltr'><strong>Scriptu-</strong></span> 
     </span>
    </p>
   </div>
   <div class='ocr_carea' id='block_1_70' title="bbox 1908 2556 3476 2624">
    <p class='ocr_par' dir='ltr' id='par_1_70' title="bbox 1908 2556 3476 2624">
     <span class='ocr_line' id='line_1_70' title="bbox 1908 2556 3476 2624; baseline -0.006 -10"><span class='ocrx_word' id='word_1_584' title='bbox 1908 2581 1927 2614; x_wconf 82' lang='grc' dir='ltr'>ι</span> <span class='ocrx_word' id='word_1_585' title='bbox 1975 2576 2157 2616; x_wconf 83' lang='lat' dir='ltr'><strong>rarum</strong></span> <span class='ocrx_word' id='word_1_586' title='bbox 2190 2566 2429 2623; x_wconf 88' lang='lat' dir='ltr'><strong>ductum,</strong></span> <span class='ocrx_word' id='word_1_587' title='bbox 2475 2556 2620 2612; x_wconf 81' lang='lat' dir='ltr'><strong>illam</strong></span> <span class='ocrx_word' id='word_1_588' title='bbox 2662 2571 2849 2611; x_wconf 89' lang='lat' dir='ltr'><strong>earnm</strong></span> <span class='ocrx_word' id='word_1_589' title='bbox 2880 2565 3091 2624; x_wconf 85' lang='lat' dir='ltr'><strong>partem</strong></span> <span class='ocrx_word' id='word_1_590' title='bbox 3133 2564 3311 2608; x_wconf 88' lang='lat' dir='ltr'><strong>tamen</strong></span> <span class='ocrx_word' id='word_1_591' title='bbox 3370 2568 3476 2607; x_wconf 90' lang='lat' dir='ltr'>non</span> 
     </span>
    </p>
   </div>
   <div class='ocr_carea' id='block_1_71' title="bbox 1909 2643 3479 2721">
    <p class='ocr_par' dir='ltr' id='par_1_71' title="bbox 1909 2643 3479 2721">
     <span class='ocr_line' id='line_1_71' title="bbox 1909 2643 3479 2721; baseline -0.006 -16"><span class='ocrx_word' id='word_1_592' title='bbox 1909 2671 1927 2705; x_wconf 78' lang='grc' dir='ltr'>ι</span> <span class='ocrx_word' id='word_1_593' title='bbox 1977 2651 2329 2721; x_wconf 85' lang='lat' dir='ltr'><strong>intelligebat,</strong></span> <span class='ocrx_word' id='word_1_594' title='bbox 2366 2651 2624 2705; x_wconf 88' lang='lat' dir='ltr'><strong>Dominus</strong></span> <span class='ocrx_word' id='word_1_595' title='bbox 2656 2646 2797 2702; x_wconf 90' lang='lat' dir='ltr'><strong>Deus</strong></span> <span class='ocrx_word' id='word_1_596' title='bbox 2827 2656 2980 2709; x_wconf 88' lang='lat' dir='ltr'><strong>tuus,</strong></span> <span class='ocrx_word' id='word_1_597' title='bbox 3013 2645 3117 2698; x_wconf 89' lang='lat' dir='ltr'><strong>iste</strong></span> <span class='ocrx_word' id='word_1_598' title='bbox 3163 2643 3305 2698; x_wconf 86' lang='lat' dir='ltr'><strong>Deus</strong></span> <span class='ocrx_word' id='word_1_599' title='bbox 3341 2658 3479 2696; x_wconf 88' lang='lat' dir='ltr'><strong>unus</strong></span> 
     </span>
    </p>
   </div>
   <div class='ocr_carea' id='block_1_72' title="bbox 1908 2740 3475 2807">
    <p class='ocr_par' dir='ltr' id='par_1_72' title="bbox 1908 2740 3475 2807">
     <span class='ocr_line' id='line_1_72' title="bbox 1908 2740 3475 2807; baseline -0.008 -11"><span class='ocrx_word' id='word_1_600' title='bbox 1908 2765 1926 2796; x_wconf 76' lang='grc' dir='ltr'>ι</span> <span class='ocrx_word' id='word_1_601' title='bbox 1975 2753 2076 2799; x_wconf 88' lang='lat' dir='ltr'><strong>est.</strong></span> <span class='ocrx_word' id='word_1_602' title='bbox 2115 2744 2291 2807; x_wconf 85' lang='lat' dir='ltr'><strong>Deus,</strong></span> <span class='ocrx_word' id='word_1_603' title='bbox 2350 2742 2403 2796; x_wconf 94' lang='lat' dir='ltr'>in</span> <span class='ocrx_word' id='word_1_604' title='bbox 2456 2740 2613 2797; x_wconf 74' lang='lat' dir='ltr'>C(BIIS</span> <span class='ocrx_word' id='word_1_605' title='bbox 2662 2753 2901 2804; x_wconf 86' lang='lat' dir='ltr'><strong>sursum,</strong></span> <span class='ocrx_word' id='word_1_606' title='bbox 2954 2746 3007 2791; x_wconf 91' lang='lat' dir='ltr'>et</span> <span class='ocrx_word' id='word_1_607' title='bbox 3059 2749 3221 2806; x_wconf 88' lang='lat' dir='ltr'><strong>super</strong></span> <span class='ocrx_word' id='word_1_608' title='bbox 3274 2746 3475 2788; x_wconf 75' lang='lat' dir='ltr'><strong>terram</strong></span> 
     </span>
    </p>
   </div>
   <div class='ocr_carea' id='block_1_73' title="bbox 1908 2826 3478 2899">
    <p class='ocr_par' dir='ltr' id='par_1_73' title="bbox 1908 2826 3478 2899">
     <span class='ocr_line' id='line_1_73' title="bbox 1908 2826 3478 2899; baseline -0.006 -12"><span class='ocrx_word' id='word_1_609' title='bbox 1908 2854 1926 2887; x_wconf 85' lang='grc' dir='ltr'>ι</span> <span class='ocrx_word' id='word_1_610' title='bbox 1974 2836 2265 2899; x_wconf 84' lang='lat' dir='ltr'><strong>deorsum,</strong></span> <span class='ocrx_word' id='word_1_611' title='bbox 2316 2847 2416 2887; x_wconf 87' lang='lat' dir='ltr'>nec</span> <span class='ocrx_word' id='word_1_612' title='bbox 2473 2831 2612 2886; x_wconf 89' lang='lat' dir='ltr'><strong>alius</strong></span> <span class='ocrx_word' id='word_1_613' title='bbox 2675 2830 2851 2884; x_wconf 88' lang='lat' dir='ltr'><strong>adhuc</strong></span> <span class='ocrx_word' id='word_1_614' title='bbox 2905 2839 2990 2885; x_wconf 89' lang='lat' dir='ltr'>est</span> <span class='ocrx_word' id='word_1_615' title='bbox 3043 2837 3243 2898; x_wconf 69' lang='lat' dir='ltr'><strong>prteter</strong></span> <span class='ocrx_word' id='word_1_616' title='bbox 3287 2826 3478 2880; x_wconf 78' lang='lat' dir='ltr'><strong>illum?</strong></span> 
     </span>
    </p>
   </div>
   <div class='ocr_carea' id='block_1_74' title="bbox 1906 2918 3469 2994">
    <p class='ocr_par' dir='ltr' id='par_1_74' title="bbox 1906 2918 3469 2994">
     <span class='ocr_line' id='line_1_74' title="bbox 1906 2918 3469 2994; baseline -0.004 -17"><span class='ocrx_word' id='word_1_617' title='bbox 1906 2946 1925 2977; x_wconf 76' lang='grc' dir='ltr'>ι</span> <span class='ocrx_word' id='word_1_618' title='bbox 1969 2926 2119 2983; x_wconf 90' lang='lat' dir='ltr'><strong>Unus</strong></span> <span class='ocrx_word' id='word_1_619' title='bbox 2147 2937 2250 2991; x_wconf 87' lang='lat' dir='ltr'><strong>est,</strong></span> <span class='ocrx_word' id='word_1_620' title='bbox 2278 2926 2470 2994; x_wconf 92' lang='lat' dir='ltr'><strong>inquit,</strong></span> <span class='ocrx_word' id='word_1_621' title='bbox 2506 2934 2560 2979; x_wconf 90' lang='lat' dir='ltr'>et</span> <span class='ocrx_word' id='word_1_622' title='bbox 2584 2934 2783 2993; x_wconf 70' lang='lat' dir='ltr'><strong>praeter</strong></span> <span class='ocrx_word' id='word_1_623' title='bbox 2804 2923 2953 2978; x_wconf 93' lang='lat' dir='ltr'><strong>illum</strong></span> <span class='ocrx_word' id='word_1_624' title='bbox 2985 2937 3090 2975; x_wconf 91' lang='lat' dir='ltr'>non</span> <span class='ocrx_word' id='word_1_625' title='bbox 3134 2928 3216 2975; x_wconf 87' lang='lat' dir='ltr'>est</span> <span class='ocrx_word' id='word_1_626' title='bbox 3248 2918 3407 2973; x_wconf 80' lang='lat' dir='ltr'><strong>alius.</strong></span> <span class='ocrx_word' id='word_1_627' title='bbox 3448 2938 3469 2971; x_wconf 71' lang='grc' dir='ltr'>ι</span> 
     </span>
    </p>
   </div>
   <div class='ocr_carea' id='block_1_75' title="bbox 1899 3006 3476 3085">
    <p class='ocr_par' dir='ltr' id='par_1_75' title="bbox 1899 3006 3476 3085">
     <span class='ocr_line' id='line_1_75' title="bbox 1899 3006 3476 3085; baseline -0.005 -17"><span class='ocrx_word' id='word_1_628' title='bbox 1899 3014 2132 3085; x_wconf 86' lang='lat' dir='ltr'><strong>Pergens</strong></span> <span class='ocrx_word' id='word_1_629' title='bbox 2171 3013 2425 3082; x_wconf 87' lang='lat' dir='ltr'><strong>deinceps</strong></span> <span class='ocrx_word' id='word_1_630' title='bbox 2462 3012 2737 3068; x_wconf 87' lang='lat' dir='ltr'><strong>contendit</strong></span> <span class='ocrx_word' id='word_1_631' title='bbox 2780 3010 3179 3070; x_wconf 84' lang='lat' dir='ltr'><strong>vehementius.</strong></span> <span class='ocrx_word' id='word_1_632' title='bbox 3209 3025 3223 3062; x_wconf 91' lang='lat'>:</span> <span class='ocrx_word' id='word_1_633' title='bbox 3259 3006 3350 3079; x_wconf 78' lang='grc' dir='ltr'>[Β.</span> <span class='ocrx_word' id='word_1_634' title='bbox 3381 3006 3476 3060; x_wconf 83' lang='lat' dir='ltr'><strong>XL</strong></span> 
     </span>
    </p>
   </div>
   <div class='ocr_carea' id='block_1_76' title="bbox 1899 3099 3479 3175">
    <p class='ocr_par' dir='ltr' id='par_1_76' title="bbox 1899 3099 3479 3175">
     <span class='ocr_line' id='line_1_76' title="bbox 1899 3099 3479 3175; baseline -0.006 -16"><span class='ocrx_word' id='word_1_635' title='bbox 1899 3104 2024 3159; x_wconf 88' lang='lat' dir='ltr'><strong>coll.</strong></span> <span class='ocrx_word' id='word_1_636' title='bbox 2077 3118 2133 3172; x_wconf 90' lang='lat' dir='ltr'>p.</span> <span class='ocrx_word' id='word_1_637' title='bbox 2166 3103 2268 3159; x_wconf 82' lang='grc'>116</span> <span class='ocrx_word' id='word_1_638' title='bbox 2298 3102 2379 3175; x_wconf 88' lang='lat' dir='ltr'>C]</span> <span class='ocrx_word' id='word_1_639' title='bbox 2422 3122 2441 3153; x_wconf 82' lang='grc' dir='ltr'>ι</span> <span class='ocrx_word' id='word_1_640' title='bbox 2479 3101 2593 3156; x_wconf 83' lang='lat' dir='ltr'>Non</span> <span class='ocrx_word' id='word_1_641' title='bbox 2640 3110 2758 3155; x_wconf 89' lang='lat' dir='ltr'><strong>erat</strong></span> <span class='ocrx_word' id='word_1_642' title='bbox 2790 3099 3014 3155; x_wconf 87' lang='lat' dir='ltr'><strong>verbum</strong></span> <span class='ocrx_word' id='word_1_643' title='bbox 3041 3139 3055 3163; x_wconf 91' lang='lat'>,</span> <span class='ocrx_word' id='word_1_644' title='bbox 3094 3100 3273 3153; x_wconf 89' lang='lat' dir='ltr'><strong>dictus</strong></span> <span class='ocrx_word' id='word_1_645' title='bbox 3328 3107 3479 3152; x_wconf 86' lang='lat' dir='ltr'><strong>cata-</strong></span> 
     </span>
    </p>
   </div>
   <div class='ocr_carea' id='block_1_77' title="bbox 1826 3189 3473 3273">
    <p class='ocr_par' dir='ltr' id='par_1_77' title="bbox 1826 3189 3473 3273">
     <span class='ocr_line' id='line_1_77' title="bbox 1826 3189 3473 3273; baseline -0.002 -28"><span class='ocrx_word' id='word_1_646' title='bbox 1826 3216 1869 3273; x_wconf 69' lang='grc' dir='ltr'>α</span> <span class='ocrx_word' id='word_1_647' title='bbox 1906 3212 1925 3245; x_wconf 81' lang='grc' dir='ltr'>ι</span> <span class='ocrx_word' id='word_1_648' title='bbox 1973 3195 2276 3260; x_wconf 85' lang='lat' dir='ltr'><strong>cbrestice,</strong></span> <span class='ocrx_word' id='word_1_649' title='bbox 2321 3200 2642 3262; x_wconf 87' lang='lat' dir='ltr'><strong>rumpantur</strong></span> <span class='ocrx_word' id='word_1_650' title='bbox 2684 3191 2811 3245; x_wconf 90' lang='lat' dir='ltr'><strong>licet</strong></span> <span class='ocrx_word' id='word_1_651' title='bbox 2860 3190 2931 3244; x_wconf 90' lang='lat' dir='ltr'><strong>illi</strong></span> <span class='ocrx_word' id='word_1_652' title='bbox 2983 3189 3293 3245; x_wconf 87' lang='lat' dir='ltr'><strong>mentiendo</strong></span> <span class='ocrx_word' id='word_1_653' title='bbox 3320 3229 3335 3254; x_wconf 93' lang='lat'>,</span> <span class='ocrx_word' id='word_1_654' title='bbox 3382 3189 3473 3256; x_wconf 89' lang='lat' dir='ltr'>qui</span> 
     </span>
    </p>
   </div>
   <div class='ocr_carea' id='block_1_78' title="bbox 1907 3278 3476 3349">
    <p class='ocr_par' dir='ltr' id='par_1_78' title="bbox 1907 3278 3476 3349">
     <span class='ocr_line' id='line_1_78' title="bbox 1907 3278 3476 3349; baseline -0.001 -18"><span class='ocrx_word' id='word_1_655' title='bbox 1907 3298 1926 3331; x_wconf 82' lang='grc' dir='ltr'>ι</span> <span class='ocrx_word' id='word_1_656' title='bbox 1974 3281 2308 3335; x_wconf 89' lang='lat' dir='ltr'><strong>contrarium</strong></span> <span class='ocrx_word' id='word_1_657' title='bbox 2364 3288 2607 3343; x_wconf 89' lang='lat' dir='ltr'><strong>tuentur,</strong></span> <span class='ocrx_word' id='word_1_658' title='bbox 2659 3280 2753 3333; x_wconf 88' lang='lat' dir='ltr'>sed</span> <span class='ocrx_word' id='word_1_659' title='bbox 2792 3280 3010 3349; x_wconf 87' lang='lat' dir='ltr'><strong>proprie</strong></span> <span class='ocrx_word' id='word_1_660' title='bbox 3056 3288 3109 3333; x_wconf 90' lang='lat' dir='ltr'>et</span> <span class='ocrx_word' id='word_1_661' title='bbox 3158 3278 3476 3346; x_wconf 89' lang='lat' dir='ltr'><strong>simpliciter</strong></span> 
     </span>
    </p>
   </div>
   <div class='ocr_carea' id='block_1_79' title="bbox 1907 3368 3475 3441">
    <p class='ocr_par' dir='ltr' id='par_1_79' title="bbox 1907 3368 3475 3441">
     <span class='ocr_line' id='line_1_79' title="bbox 1907 3368 3475 3441; baseline -0.001 -17"><span class='ocrx_word' id='word_1_662' title='bbox 1907 3390 1927 3424; x_wconf 74' lang='grc' dir='ltr'>ι</span> <span class='ocrx_word' id='word_1_663' title='bbox 1975 3382 2093 3427; x_wconf 86' lang='lat' dir='ltr'><strong>erat</strong></span> <span class='ocrx_word' id='word_1_664' title='bbox 2133 3370 2393 3427; x_wconf 91' lang='lat' dir='ltr'><strong>Verbum.</strong></span> <span class='ocrx_word' id='word_1_665' title='bbox 2421 3391 2439 3424; x_wconf 76' lang='grc' dir='ltr'>ι</span> <span class='ocrx_word' id='word_1_666' title='bbox 2496 3370 2752 3439; x_wconf 77' lang='lat' dir='ltr'><strong>Adiungit</strong></span> <span class='ocrx_word' id='word_1_667' title='bbox 2788 3389 2800 3424; x_wconf 94' lang='lat'>:</span> <span class='ocrx_word' id='word_1_668' title='bbox 2836 3370 2932 3441; x_wconf 83' lang='lat' dir='ltr'><strong>[R.</strong></span> <span class='ocrx_word' id='word_1_669' title='bbox 2969 3369 3107 3424; x_wconf 79' lang='lat' dir='ltr'><strong>XLV</strong></span> <span class='ocrx_word' id='word_1_670' title='bbox 3149 3386 3205 3439; x_wconf 91' lang='lat' dir='ltr'>p.</span> <span class='ocrx_word' id='word_1_671' title='bbox 3259 3371 3362 3423; x_wconf 70' lang='lat' dir='ltr'><strong>IN</strong></span> <span class='ocrx_word' id='word_1_672' title='bbox 3411 3368 3475 3439; x_wconf 74' lang='lat' dir='ltr'>Il]</span> 
     </span>
    </p>
   </div>
   <div class='ocr_carea' id='block_1_80' title="bbox 1907 3459 3476 3533">
    <p class='ocr_par' dir='ltr' id='par_1_80' title="bbox 1907 3459 3476 3533">
     <span class='ocr_line' id='line_1_80' title="bbox 1907 3459 3476 3533; baseline -0.003 -19"><span class='ocrx_word' id='word_1_673' title='bbox 1907 3482 1925 3514; x_wconf 86' lang='grc' dir='ltr'>ι</span> <span class='ocrx_word' id='word_1_674' title='bbox 1972 3463 2109 3530; x_wconf 84' lang='lat' dir='ltr'><strong>Quid</strong></span> <span class='ocrx_word' id='word_1_675' title='bbox 2162 3477 2291 3517; x_wconf 88' lang='lat' dir='ltr'><strong>vero</strong></span> <span class='ocrx_word' id='word_1_676' title='bbox 2340 3471 2461 3516; x_wconf 92' lang='lat' dir='ltr'><strong>erat</strong></span> <span class='ocrx_word' id='word_1_677' title='bbox 2499 3462 2641 3514; x_wconf 80' lang='lat' dir='ltr'><strong>aliud</strong></span> <span class='ocrx_word' id='word_1_678' title='bbox 2671 3460 2985 3533; x_wconf 75' lang='lat' dir='ltr'><strong>mysterium</strong></span> <span class='ocrx_word' id='word_1_679' title='bbox 3030 3459 3157 3513; x_wconf 92' lang='lat' dir='ltr'><strong>illud</strong></span> <span class='ocrx_word' id='word_1_680' title='bbox 3186 3459 3476 3513; x_wconf 86' lang='lat' dir='ltr'><strong>abscondi-</strong></span> 
     </span>
    </p>
   </div>
   <div class='ocr_carea' id='block_1_81' title="bbox 1908 3550 3474 3622">
    <p class='ocr_par' dir='ltr' id='par_1_81' title="bbox 1908 3550 3474 3622">
     <span class='ocr_line' id='line_1_81' title="bbox 1908 3550 3474 3622; baseline -0.003 -16"><span class='ocrx_word' id='word_1_681' title='bbox 1908 3574 1926 3606; x_wconf 83' lang='grc' dir='ltr'>ι</span> <span class='ocrx_word' id='word_1_682' title='bbox 1974 3562 2109 3619; x_wconf 89' lang='lat' dir='ltr'><strong>tum,</strong></span> <span class='ocrx_word' id='word_1_683' title='bbox 2144 3567 2304 3622; x_wconf 88' lang='lat' dir='ltr'><strong>quam</strong></span> <span class='ocrx_word' id='word_1_684' title='bbox 2334 3553 2631 3607; x_wconf 86' lang='lat' dir='ltr'><strong>secundum</strong></span> <span class='ocrx_word' id='word_1_685' title='bbox 2675 3552 2908 3607; x_wconf 85' lang='lat' dir='ltr'><strong>Verbum</strong></span> <span class='ocrx_word' id='word_1_686' title='bbox 2942 3550 3076 3605; x_wconf 82' lang='lat' dir='ltr'><strong>Dei?</strong></span> <span class='ocrx_word' id='word_1_687' title='bbox 3122 3550 3248 3603; x_wconf 85' lang='lat' dir='ltr'><strong>Erat</strong></span> <span class='ocrx_word' id='word_1_688' title='bbox 3294 3561 3474 3602; x_wconf 72' lang='grc' dir='ltr'>οιιιοιιιι</span> 
     </span>
    </p>
   </div>
   <div class='ocr_carea' id='block_1_82' title="bbox 1908 3643 3476 3711">
    <p class='ocr_par' dir='ltr' id='par_1_82' title="bbox 1908 3643 3476 3711">
     <span class='ocr_line' id='line_1_82' title="bbox 1908 3643 3476 3711; baseline -0.003 -13"><span class='ocrx_word' id='word_1_689' title='bbox 1908 3666 1926 3698; x_wconf 83' lang='grc' dir='ltr'>ι</span> <span class='ocrx_word' id='word_1_690' title='bbox 1975 3646 2127 3711; x_wconf 91' lang='lat' dir='ltr'><strong>illud,</strong></span> <span class='ocrx_word' id='word_1_691' title='bbox 2154 3646 2226 3700; x_wconf 92' lang='lat' dir='ltr'>ita</span> <span class='ocrx_word' id='word_1_692' title='bbox 2252 3646 2381 3699; x_wconf 88' lang='lat' dir='ltr'><strong>olim</strong></span> <span class='ocrx_word' id='word_1_693' title='bbox 2418 3646 2470 3699; x_wconf 92' lang='lat' dir='ltr'>in</span> <span class='ocrx_word' id='word_1_694' title='bbox 2510 3644 2621 3699; x_wconf 88' lang='lat' dir='ltr'>Deo</span> <span class='ocrx_word' id='word_1_695' title='bbox 2652 3644 3026 3699; x_wconf 81' lang='lat' dir='ltr'><strong>absconditum</strong></span> <span class='ocrx_word' id='word_1_696' title='bbox 3056 3643 3205 3711; x_wconf 91' lang='lat' dir='ltr'><strong>prius</strong></span> <span class='ocrx_word' id='word_1_697' title='bbox 3225 3684 3239 3704; x_wconf 86' lang='lat'>.</span> <span class='ocrx_word' id='word_1_698' title='bbox 3274 3653 3327 3696; x_wconf 90' lang='lat' dir='ltr'>ut</span> <span class='ocrx_word' id='word_1_699' title='bbox 3355 3643 3476 3695; x_wconf 91' lang='lat' dir='ltr'><strong>nul-</strong></span> 
     </span>
    </p>
   </div>
   <div class='ocr_carea' id='block_1_83' title="bbox 1909 3732 3469 3807">
    <p class='ocr_par' dir='ltr' id='par_1_83' title="bbox 1909 3732 3469 3807">
     <span class='ocr_line' id='line_1_83' title="bbox 1909 3732 3469 3807; baseline -0.002 -18"><span class='ocrx_word' id='word_1_700' title='bbox 1909 3757 1927 3789; x_wconf 82' lang='grc' dir='ltr'>ι</span> <span class='ocrx_word' id='word_1_701' title='bbox 1977 3737 2058 3791; x_wconf 88' lang='lat' dir='ltr'><strong>Ius</strong></span> <span class='ocrx_word' id='word_1_702' title='bbox 2088 3737 2243 3807; x_wconf 86' lang='lat' dir='ltr'><strong>plane</strong></span> <span class='ocrx_word' id='word_1_703' title='bbox 2271 3737 2409 3804; x_wconf 89' lang='lat' dir='ltr'><strong>apud</strong></span> <span class='ocrx_word' id='word_1_704' title='bbox 2452 3735 2707 3805; x_wconf 81' lang='lat' dir='ltr'><strong>pupulum</strong></span> <span class='ocrx_word' id='word_1_705' title='bbox 2749 3735 2984 3803; x_wconf 89' lang='lat' dir='ltr'><strong>priorem</strong></span> <span class='ocrx_word' id='word_1_706' title='bbox 3008 3773 3023 3797; x_wconf 90' lang='lat'>,</span> <span class='ocrx_word' id='word_1_707' title='bbox 3069 3735 3347 3802; x_wconf 89' lang='lat' dir='ltr'><strong>perspicue</strong></span> <span class='ocrx_word' id='word_1_708' title='bbox 3382 3732 3469 3786; x_wconf 86' lang='lat' dir='ltr'><strong>illa</strong></span> 
     </span>
    </p>
   </div>
   <div class='ocr_carea' id='block_1_84' title="bbox 1908 3822 3473 3895">
    <p class='ocr_par' dir='ltr' id='par_1_84' title="bbox 1908 3822 3473 3895">
     <span class='ocr_line' id='line_1_84' title="bbox 1908 3822 3473 3895; baseline -0.001 -17"><span class='ocrx_word' id='word_1_709' title='bbox 1908 3847 1926 3878; x_wconf 79' lang='grc' dir='ltr'>ι</span> <span class='ocrx_word' id='word_1_710' title='bbox 1975 3836 2221 3882; x_wconf 89' lang='lat' dir='ltr'><strong>cerneret</strong></span> <span class='ocrx_word' id='word_1_711' title='bbox 2248 3842 2368 3895; x_wconf 65' lang='lat' dir='ltr'><strong>quae</strong></span> <span class='ocrx_word' id='word_1_712' title='bbox 2399 3827 2465 3880; x_wconf 90' lang='lat' dir='ltr'>ad</span> <span class='ocrx_word' id='word_1_713' title='bbox 2513 3824 2748 3879; x_wconf 83' lang='lat' dir='ltr'><strong>Verbum</strong></span> <span class='ocrx_word' id='word_1_714' title='bbox 2782 3823 3147 3893; x_wconf 83' lang='lat' dir='ltr'><strong>pertinebant.</strong></span> <span class='ocrx_word' id='word_1_715' title='bbox 3201 3822 3309 3876; x_wconf 80' lang='lat' dir='ltr'>Nos</span> <span class='ocrx_word' id='word_1_716' title='bbox 3342 3836 3473 3877; x_wconf 87' lang='lat' dir='ltr'><strong>vero</strong></span> 
     </span>
    </p>
   </div>
   <div class='ocr_carea' id='block_1_85' title="bbox 1909 3914 3475 3987">
    <p class='ocr_par' dir='ltr' id='par_1_85' title="bbox 1909 3914 3475 3987">
     <span class='ocr_line' id='line_1_85' title="bbox 1909 3914 3475 3987; baseline -0.002 -17"><span class='ocrx_word' id='word_1_717' title='bbox 1909 3938 1927 3970; x_wconf 82' lang='grc' dir='ltr'>ι</span> <span class='ocrx_word' id='word_1_718' title='bbox 1976 3919 2029 3973; x_wconf 85' lang='grc' dir='ltr'>ἱη</span> <span class='ocrx_word' id='word_1_719' title='bbox 2086 3919 2339 3987; x_wconf 65' lang='lat' dir='ltr'><strong>praesenti</strong></span> <span class='ocrx_word' id='word_1_720' title='bbox 2406 3918 2637 3969; x_wconf 77' lang='lat' dir='ltr'><strong>fruimur</strong></span> <span class='ocrx_word' id='word_1_721' title='bbox 2696 3914 2899 3969; x_wconf 86' lang='lat' dir='ltr'><strong>divitiis</strong></span> <span class='ocrx_word' id='word_1_722' title='bbox 2954 3914 3135 3981; x_wconf 66' lang='lat' dir='ltr'><strong>gloriae</strong></span> <span class='ocrx_word' id='word_1_723' title='bbox 3193 3914 3358 3983; x_wconf 89' lang='lat' dir='ltr'><strong>ipsius</strong></span> <span class='ocrx_word' id='word_1_724' title='bbox 3418 3925 3475 3967; x_wconf 90' lang='lat' dir='ltr'>et</span> 
     </span>
    </p>
   </div>
   <div class='ocr_carea' id='block_1_86' title="bbox 1909 4003 3473 4081">
    <p class='ocr_par' dir='ltr' id='par_1_86' title="bbox 1909 4003 3473 4081">
     <span class='ocr_line' id='line_1_86' title="bbox 1909 4003 3473 4081; baseline -0.004 -18"><span class='ocrx_word' id='word_1_725' title='bbox 1909 4030 1927 4063; x_wconf 83' lang='grc' dir='ltr'>ι</span> <span class='ocrx_word' id='word_1_726' title='bbox 1975 4011 2213 4081; x_wconf 87' lang='lat' dir='ltr'><strong>mysterii</strong></span> <span class='ocrx_word' id='word_1_727' title='bbox 2244 4009 2487 4064; x_wconf 80' lang='lat' dir='ltr'><strong>revelati.</strong></span> <span class='ocrx_word' id='word_1_728' title='bbox 2515 4026 2533 4059; x_wconf 75' lang='grc' dir='ltr'>ι</span> <span class='ocrx_word' id='word_1_729' title='bbox 2585 4006 2828 4061; x_wconf 84' lang='lat' dir='ltr'><strong>Humana</strong></span> <span class='ocrx_word' id='word_1_730' title='bbox 2869 4006 3080 4059; x_wconf 89' lang='lat' dir='ltr'><strong>demum</strong></span> <span class='ocrx_word' id='word_1_731' title='bbox 3120 4005 3288 4058; x_wconf 92' lang='lat' dir='ltr'><strong>utitur</strong></span> <span class='ocrx_word' id='word_1_732' title='bbox 3320 4003 3473 4059; x_wconf 84' lang='lat' dir='ltr'><strong>simi-</strong></span> 
     </span>
    </p>
   </div>
   <div class='ocr_carea' id='block_1_87' title="bbox 1916 4094 3471 4168">
    <p class='ocr_par' dir='ltr' id='par_1_87' title="bbox 1916 4094 3471 4168">
     <span class='ocr_line' id='line_1_87' title="bbox 1916 4094 3471 4168; baseline -0.005 -11"><span class='ocrx_word' id='word_1_733' title='bbox 1916 4104 2141 4157; x_wconf 86' lang='lat' dir='ltr'><strong>litudine</strong></span> <span class='ocrx_word' id='word_1_734' title='bbox 2193 4102 2259 4154; x_wconf 87' lang='lat' dir='ltr'>ad</span> <span class='ocrx_word' id='word_1_735' title='bbox 2315 4101 2459 4154; x_wconf 85' lang='lat' dir='ltr'><strong>hunc</strong></span> <span class='ocrx_word' id='word_1_736' title='bbox 2526 4099 2743 4154; x_wconf 88' lang='lat' dir='ltr'><strong>modum</strong></span> <span class='ocrx_word' id='word_1_737' title='bbox 2804 4097 3051 4150; x_wconf 88' lang='lat' dir='ltr'><strong>scribens</strong></span> <span class='ocrx_word' id='word_1_738' title='bbox 3099 4112 3110 4145; x_wconf 91' lang='lat'><em>:</em></span> <span class='ocrx_word' id='word_1_739' title='bbox 3178 4095 3198 4168; x_wconf 66' lang='grc' dir='ltr'><strong>ἶ</strong></span> <span class='ocrx_word' id='word_1_740' title='bbox 3250 4094 3317 4149; x_wconf 83' lang='lat' dir='ltr'>R.</span> <span class='ocrx_word' id='word_1_741' title='bbox 3380 4094 3471 4150; x_wconf 86' lang='lat' dir='ltr'><strong>LII</strong></span> 
     </span>
    </p>
   </div>
   <div class='ocr_carea' id='block_1_88' title="bbox 1903 4184 3470 4262">
    <p class='ocr_par' dir='ltr' id='par_1_88' title="bbox 1903 4184 3470 4262">
     <span class='ocr_line' id='line_1_88' title="bbox 1903 4184 3470 4262; baseline -0.007 -14"><span class='ocrx_word' id='word_1_742' title='bbox 1903 4193 2027 4250; x_wconf 87' lang='lat' dir='ltr'><strong>coll.</strong></span> <span class='ocrx_word' id='word_1_743' title='bbox 2072 4209 2125 4262; x_wconf 91' lang='lat' dir='ltr'>p.</span> <span class='ocrx_word' id='word_1_744' title='bbox 2183 4189 2333 4261; x_wconf 69' lang='grc'>125]</span> <span class='ocrx_word' id='word_1_745' title='bbox 2400 4206 2417 4239; x_wconf 85' lang='grc' dir='ltr'>ι</span> <span class='ocrx_word' id='word_1_746' title='bbox 2446 4188 2576 4254; x_wconf 85' lang='lat' dir='ltr'><strong>Quis</strong></span> <span class='ocrx_word' id='word_1_747' title='bbox 2619 4202 2745 4240; x_wconf 90' lang='lat' dir='ltr'><strong>vero</strong></span> <span class='ocrx_word' id='word_1_748' title='bbox 2788 4184 2888 4239; x_wconf 82' lang='lat' dir='ltr'><strong>fuit</strong></span> <span class='ocrx_word' id='word_1_749' title='bbox 2947 4185 3081 4239; x_wconf 88' lang='lat' dir='ltr'><strong>adeo</strong></span> <span class='ocrx_word' id='word_1_750' title='bbox 3144 4186 3337 4254; x_wconf 88' lang='lat' dir='ltr'><strong>dignus</strong></span> <span class='ocrx_word' id='word_1_751' title='bbox 3385 4186 3470 4239; x_wconf 86' lang='lat' dir='ltr'>vel</span> 
     </span>
    </p>
   </div>
   <div class='ocr_carea' id='block_1_89' title="bbox 1911 4274 3469 4347">
    <p class='ocr_par' dir='ltr' id='par_1_89' title="bbox 1911 4274 3469 4347">
     <span class='ocr_line' id='line_1_89' title="bbox 1911 4274 3469 4347; baseline -0.003 -14"><span class='ocrx_word' id='word_1_752' title='bbox 1911 4301 1928 4333; x_wconf 86' lang='grc' dir='ltr'>ι</span> <span class='ocrx_word' id='word_1_753' title='bbox 1980 4282 2120 4336; x_wconf 91' lang='lat' dir='ltr'><strong>inter</strong></span> <span class='ocrx_word' id='word_1_754' title='bbox 2155 4280 2402 4334; x_wconf 84' lang='lat' dir='ltr'><strong>homines</strong></span> <span class='ocrx_word' id='word_1_755' title='bbox 2430 4279 2607 4347; x_wconf 80' lang='lat' dir='ltr'><strong>justos</strong></span> <span class='ocrx_word' id='word_1_756' title='bbox 2645 4276 2729 4330; x_wconf 87' lang='lat' dir='ltr'>vel</span> <span class='ocrx_word' id='word_1_757' title='bbox 2770 4286 2991 4330; x_wconf 88' lang='lat' dir='ltr'><strong>sanctos</strong></span> <span class='ocrx_word' id='word_1_758' title='bbox 3034 4276 3197 4330; x_wconf 85' lang='lat' dir='ltr'><strong>etiam</strong></span> <span class='ocrx_word' id='word_1_759' title='bbox 3223 4274 3469 4343; x_wconf 86' lang='lat' dir='ltr'><strong>angelos,</strong></span> 
     </span>
    </p>
   </div>
   <div class='ocr_carea' id='block_1_90' title="bbox 1912 4366 3471 4441">
    <p class='ocr_par' dir='ltr' id='par_1_90' title="bbox 1912 4366 3471 4441">
     <span class='ocr_line' id='line_1_90' title="bbox 1912 4366 3471 4441; baseline -0.002 -17"><span class='ocrx_word' id='word_1_760' title='bbox 1912 4392 1929 4424; x_wconf 82' lang='grc' dir='ltr'>ι</span> <span class='ocrx_word' id='word_1_761' title='bbox 1977 4387 2189 4441; x_wconf 75' lang='lat' dir='ltr'><strong>pmnam</strong></span> <span class='ocrx_word' id='word_1_762' title='bbox 2256 4384 2285 4423; x_wconf 85' lang='lat' dir='ltr'>a</span> <span class='ocrx_word' id='word_1_763' title='bbox 2347 4370 2455 4424; x_wconf 87' lang='lat' dir='ltr'>Deo</span> <span class='ocrx_word' id='word_1_764' title='bbox 2508 4369 2560 4422; x_wconf 92' lang='lat' dir='ltr'>in</span> <span class='ocrx_word' id='word_1_765' title='bbox 2630 4368 2751 4422; x_wconf 91' lang='lat' dir='ltr'><strong>illos</strong></span> <span class='ocrx_word' id='word_1_766' title='bbox 2826 4367 3153 4421; x_wconf 80' lang='lat' dir='ltr'><strong>destinatam</strong></span> <span class='ocrx_word' id='word_1_767' title='bbox 3215 4366 3471 4421; x_wconf 78' lang='lat' dir='ltr'><strong>amoliri?</strong></span> 
     </span>
    </p>
   </div>
   <div class='ocr_carea' id='block_1_91' title="bbox 1911 4457 3474 4528">
    <p class='ocr_par' dir='ltr' id='par_1_91' title="bbox 1911 4457 3474 4528">
     <span class='ocr_line' id='line_1_91' title="bbox 1911 4457 3474 4528; baseline -0.003 -12"><span class='ocrx_word' id='word_1_768' title='bbox 1911 4484 1928 4516; x_wconf 83' lang='grc' dir='ltr'>ι</span> <span class='ocrx_word' id='word_1_769' title='bbox 1974 4471 2031 4528; x_wconf 62' lang='lat'>&gt;14</span> <span class='ocrx_word' id='word_1_770' title='bbox 2068 4463 2302 4517; x_wconf 83' lang='lat' dir='ltr'><strong>Verbum</strong></span> <span class='ocrx_word' id='word_1_771' title='bbox 2337 4462 2509 4515; x_wconf 89' lang='lat' dir='ltr'><strong>solum</strong></span> <span class='ocrx_word' id='word_1_772' title='bbox 2562 4460 2651 4528; x_wconf 91' lang='lat' dir='ltr'>qui</span> <span class='ocrx_word' id='word_1_773' title='bbox 2703 4474 2806 4512; x_wconf 82' lang='lat' dir='ltr'>una</span> <span class='ocrx_word' id='word_1_774' title='bbox 2860 4460 3050 4512; x_wconf 85' lang='lat' dir='ltr'><strong>aderat</strong></span> <span class='ocrx_word' id='word_1_775' title='bbox 3085 4473 3209 4511; x_wconf 90' lang='lat' dir='ltr'>cum</span> <span class='ocrx_word' id='word_1_776' title='bbox 3244 4457 3372 4521; x_wconf 89' lang='lat' dir='ltr'><strong>Deo,</strong></span> <span class='ocrx_word' id='word_1_777' title='bbox 3415 4465 3474 4512; x_wconf 86' lang='lat' dir='ltr'>et</span> 
     </span>
    </p>
   </div>
   <div class='ocr_carea' id='block_1_92' title="bbox 233 4547 1803 4621">
    <p class='ocr_par' dir='ltr' id='par_1_92' title="bbox 233 4549 1801 4621">
     <span class='ocr_line' id='line_1_92' title="bbox 233 4549 1801 4621; baseline 0.002 -21"><span class='ocrx_word' id='word_1_778' title='bbox 233 4568 252 4600; x_wconf 84' lang='grc' dir='ltr'>ι</span> <span class='ocrx_word' id='word_1_779' title='bbox 298 4549 560 4621; x_wconf 83' lang='grc' dir='ltr'>αίσθητῆς</span> <span class='ocrx_word' id='word_1_780' title='bbox 594 4550 794 4620; x_wconf 82' lang='grc' dir='ltr'>ταύτης</span> <span class='ocrx_word' id='word_1_781' title='bbox 846 4550 1128 4621; x_wconf 76' lang='grc' dir='ltr'>ἐργασίας,</span> <span class='ocrx_word' id='word_1_782' title='bbox 1167 4552 1303 4621; x_wconf 87' lang='grc' dir='ltr'>πρὸς</span> <span class='ocrx_word' id='word_1_783' title='bbox 1349 4552 1532 4615; x_wconf 86' lang='grc' dir='ltr'>αὐτὸν,</span> <span class='ocrx_word' id='word_1_784' title='bbox 1558 4551 1633 4614; x_wconf 84' lang='grc' dir='ltr'>ὡς</span> <span class='ocrx_word' id='word_1_785' title='bbox 1666 4550 1801 4619; x_wconf 86' lang='grc' dir='ltr'>πρὸς</span> 
     </span>
    </p>
   </div>
   <div class='ocr_carea' id='block_1_93' title="bbox 1905 4547 3470 4621">
    <p class='ocr_par' dir='ltr' id='par_1_93' title="bbox 1910 4549 3470 4618">
     <span class='ocr_line' id='line_1_93' title="bbox 1910 4549 3470 4618; baseline -0.004 -10"><span class='ocrx_word' id='word_1_786' title='bbox 1910 4576 1928 4607; x_wconf 85' lang='grc' dir='ltr'>ι</span> <span class='ocrx_word' id='word_1_787' title='bbox 1964 4570 2067 4608; x_wconf 77' lang='lat' dir='ltr'>una</span> <span class='ocrx_word' id='word_1_788' title='bbox 2093 4569 2211 4605; x_wconf 67' lang='lat' dir='ltr'>cum</span> <span class='ocrx_word' id='word_1_789' title='bbox 2242 4553 2330 4606; x_wconf 87' lang='lat' dir='ltr'><strong>illo</strong></span> <span class='ocrx_word' id='word_1_790' title='bbox 2355 4550 2620 4618; x_wconf 76' lang='lat' dir='ltr'><strong>elligiarat</strong></span> <span class='ocrx_word' id='word_1_791' title='bbox 2650 4550 2918 4604; x_wconf 84' lang='lat' dir='ltr'><strong>hominem</strong></span> <span class='ocrx_word' id='word_1_792' title='bbox 2948 4567 2961 4601; x_wconf 91' lang='lat'><strong>:</strong></span> <span class='ocrx_word' id='word_1_793' title='bbox 2995 4551 3067 4611; x_wconf 73' lang='lat' dir='ltr'>ad</span> <span class='ocrx_word' id='word_1_794' title='bbox 3093 4564 3254 4618; x_wconf 90' lang='lat' dir='ltr'><strong>quem</strong></span> <span class='ocrx_word' id='word_1_795' title='bbox 3304 4549 3470 4603; x_wconf 88' lang='lat' dir='ltr'><strong>dice-</strong></span> 
     </span>
    </p>
   </div>
   <div class='ocr_carea' id='block_1_94' title="bbox 233 4640 1794 4713">
    <p class='ocr_par' dir='ltr' id='par_1_94' title="bbox 233 4640 1794 4713">
     <span class='ocr_line' id='line_1_94' title="bbox 233 4640 1794 4713; baseline 0.004 -23"><span class='ocrx_word' id='word_1_796' title='bbox 233 4660 251 4689; x_wconf 78' lang='grc' dir='ltr'>ι</span> <span class='ocrx_word' id='word_1_797' title='bbox 279 4640 487 4711; x_wconf 71' lang='grc' dir='ltr'>ἓτερον,</span> <span class='ocrx_word' id='word_1_798' title='bbox 508 4640 933 4711; x_wconf 87' lang='grc' dir='ltr'>παρακελεύεται</span> <span class='ocrx_word' id='word_1_799' title='bbox 960 4640 1146 4708; x_wconf 83' lang='grc' dir='ltr'>λέγων·</span> <span class='ocrx_word' id='word_1_800' title='bbox 1171 4642 1302 4710; x_wconf 80' lang='grc' dir='ltr'>Ἀγε</span> <span class='ocrx_word' id='word_1_801' title='bbox 1326 4643 1638 4713; x_wconf 84' lang='grc' dir='ltr'>ποιήσωμεν</span> <span class='ocrx_word' id='word_1_802' title='bbox 1661 4641 1794 4711; x_wconf 82' lang='grc'>(50)’</span> 
     </span>
    </p>
   </div>
   <div class='ocr_carea' id='block_1_95' title="bbox 233 4731 1793 4802">
    <p class='ocr_par' dir='ltr' id='par_1_95' title="bbox 233 4731 1793 4802">
     <span class='ocr_line' id='line_1_95' title="bbox 233 4731 1793 4802; baseline 0.002 -20"><span class='ocrx_word' id='word_1_803' title='bbox 233 4751 250 4782; x_wconf 78' lang='grc' dir='ltr'>ι</span> <span class='ocrx_word' id='word_1_804' title='bbox 289 4732 389 4800; x_wconf 86' lang='grc' dir='ltr'>ἀγε</span> <span class='ocrx_word' id='word_1_805' title='bbox 421 4731 713 4802; x_wconf 86' lang='grc' dir='ltr'>πλάσωμεν</span> <span class='ocrx_word' id='word_1_806' title='bbox 739 4731 1045 4801; x_wconf 88' lang='grc' dir='ltr'>ἀνδριάντα⁹</span> <span class='ocrx_word' id='word_1_807' title='bbox 1076 4732 1247 4796; x_wconf 73' lang='grc' dir='ltr'>οὕτως</span> <span class='ocrx_word' id='word_1_808' title='bbox 1272 4736 1300 4786; x_wconf 92' lang='lat'>6</span> <span class='ocrx_word' id='word_1_809' title='bbox 1320 4733 1427 4788; x_wconf 90' lang='grc' dir='ltr'>τῶν</span> <span class='ocrx_word' id='word_1_810' title='bbox 1450 4734 1585 4786; x_wconf 87' lang='grc' dir='ltr'>ὅλων</span> <span class='ocrx_word' id='word_1_811' title='bbox 1600 4733 1793 4785; x_wconf 89' lang='grc' dir='ltr'>δεσπό-</span> 
     </span>
    </p>
   </div>
   <div class='ocr_carea' id='block_1_96' title="bbox 233 4821 1790 4894">
    <p class='ocr_par' dir='ltr' id='par_1_96' title="bbox 233 4821 1790 4894">
     <span class='ocr_line' id='line_1_96' title="bbox 233 4821 1790 4894; baseline -0.001 -17"><span class='ocrx_word' id='word_1_812' title='bbox 233 4841 251 4877; x_wconf 84' lang='grc' dir='ltr'>ι</span> <span class='ocrx_word' id='word_1_813' title='bbox 288 4838 388 4891; x_wconf 78' lang='grc' dir='ltr'>της</span> <span class='ocrx_word' id='word_1_814' title='bbox 429 4821 579 4885; x_wconf 83' lang='grc' dir='ltr'>Θεὸς,</span> <span class='ocrx_word' id='word_1_815' title='bbox 623 4821 714 4874; x_wconf 80' lang='grc' dir='ltr'>τὸν</span> <span class='ocrx_word' id='word_1_816' title='bbox 769 4821 1010 4892; x_wconf 72' lang='grc' dir='ltr'>ἔμψυχον</span> <span class='ocrx_word' id='word_1_817' title='bbox 1046 4825 1110 4875; x_wconf 84' lang='grc' dir='ltr'>ὲκ</span> <span class='ocrx_word' id='word_1_818' title='bbox 1141 4824 1243 4893; x_wconf 85' lang='grc' dir='ltr'>γῆς</span> <span class='ocrx_word' id='word_1_819' title='bbox 1273 4824 1562 4894; x_wconf 87' lang='grc' dir='ltr'>ἀνδριάντα</span> <span class='ocrx_word' id='word_1_820' title='bbox 1602 4823 1790 4887; x_wconf 86' lang='grc' dir='ltr'>ποιῶν,</span> 
     </span>
    </p>
   </div>
   <div class='ocr_carea' id='block_1_97' title="bbox 1909 4637 3468 4706">
    <p class='ocr_par' dir='ltr' id='par_1_97' title="bbox 1909 4637 3468 4706">
     <span class='ocr_line' id='line_1_97' title="bbox 1909 4637 3468 4706; baseline -0.004 -10"><span class='ocrx_word' id='word_1_821' title='bbox 1909 4664 1927 4696; x_wconf 78' lang='grc' dir='ltr'>ι</span> <span class='ocrx_word' id='word_1_822' title='bbox 1967 4646 2061 4699; x_wconf 87' lang='lat' dir='ltr'>bat</span> <span class='ocrx_word' id='word_1_823' title='bbox 2090 4643 2271 4705; x_wconf 80' lang='lat' dir='ltr'><strong>Pater,</strong></span> <span class='ocrx_word' id='word_1_824' title='bbox 2303 4640 2589 4693; x_wconf 79' lang='lat' dir='ltr'><strong>Faciamus</strong></span> <span class='ocrx_word' id='word_1_825' title='bbox 2614 4639 2896 4702; x_wconf 80' lang='lat' dir='ltr'><strong>hominem,</strong></span> <span class='ocrx_word' id='word_1_826' title='bbox 2918 4638 2986 4690; x_wconf 85' lang='lat' dir='ltr'><strong>ad</strong></span> <span class='ocrx_word' id='word_1_827' title='bbox 3014 4639 3292 4706; x_wconf 79' lang='lat' dir='ltr'><strong>imaginem</strong></span> <span class='ocrx_word' id='word_1_828' title='bbox 3323 4648 3367 4689; x_wconf 80' lang='lat' dir='ltr'>et</span> <span class='ocrx_word' id='word_1_829' title='bbox 3390 4637 3468 4691; x_wconf 76' lang='lat' dir='ltr'><strong>si—</strong></span> 
     </span>
    </p>
   </div>
   <div class='ocr_carea' id='block_1_98' title="bbox 1907 4726 3467 4795">
    <p class='ocr_par' dir='ltr' id='par_1_98' title="bbox 1907 4726 3467 4795">
     <span class='ocr_line' id='line_1_98' title="bbox 1907 4726 3467 4795; baseline -0.003 -11"><span class='ocrx_word' id='word_1_830' title='bbox 1907 4752 1925 4783; x_wconf 82' lang='grc' dir='ltr'>ι</span> <span class='ocrx_word' id='word_1_831' title='bbox 1959 4731 2304 4784; x_wconf 67' lang='lat' dir='ltr'><strong>militudine&quot;:</strong></span> <span class='ocrx_word' id='word_1_832' title='bbox 2328 4738 2557 4780; x_wconf 80' lang='lat' dir='ltr'><strong>nostram</strong></span> <span class='ocrx_word' id='word_1_833' title='bbox 2584 4726 2650 4792; x_wconf 81' lang='lat'><strong>”,</strong></span> <span class='ocrx_word' id='word_1_834' title='bbox 2686 4740 2808 4779; x_wconf 90' lang='lat' dir='ltr'>cum</span> <span class='ocrx_word' id='word_1_835' title='bbox 2850 4742 2953 4779; x_wconf 90' lang='lat' dir='ltr'>non</span> <span class='ocrx_word' id='word_1_836' title='bbox 2985 4735 3226 4780; x_wconf 80' lang='lat' dir='ltr'><strong>exstaret</strong></span> <span class='ocrx_word' id='word_1_837' title='bbox 3271 4726 3467 4795; x_wconf 86' lang='lat' dir='ltr'><strong>aliquis</strong></span> 
     </span>
    </p>
   </div>
   <div class='ocr_carea' id='block_1_99' title="bbox 1906 4814 3462 4888">
    <p class='ocr_par' dir='ltr' id='par_1_99' title="bbox 1906 4814 3462 4888">
     <span class='ocr_line' id='line_1_99' title="bbox 1906 4814 3462 4888; baseline -0.002 -16"><span class='ocrx_word' id='word_1_838' title='bbox 1906 4841 1923 4872; x_wconf 79' lang='grc' dir='ltr'>ι</span> <span class='ocrx_word' id='word_1_839' title='bbox 1964 4820 2098 4874; x_wconf 88' lang='lat' dir='ltr'><strong>alius</strong></span> <span class='ocrx_word' id='word_1_840' title='bbox 2123 4819 2280 4884; x_wconf 90' lang='lat' dir='ltr'><strong>Deus,</strong></span> <span class='ocrx_word' id='word_1_841' title='bbox 2308 4817 2397 4888; x_wconf 91' lang='lat' dir='ltr'>qui</span> <span class='ocrx_word' id='word_1_842' title='bbox 2423 4832 2543 4870; x_wconf 88' lang='lat' dir='ltr'>cum</span> <span class='ocrx_word' id='word_1_843' title='bbox 2583 4815 2673 4870; x_wconf 86' lang='lat' dir='ltr'><strong>illo</strong></span> <span class='ocrx_word' id='word_1_844' title='bbox 2708 4832 2811 4869; x_wconf 88' lang='lat' dir='ltr'>una</span> <span class='ocrx_word' id='word_1_845' title='bbox 2847 4814 3085 4884; x_wconf 83' lang='lat' dir='ltr'><strong>elIigiare</strong></span> <span class='ocrx_word' id='word_1_846' title='bbox 3107 4826 3306 4885; x_wconf 86' lang='lat' dir='ltr'><strong>posset.</strong></span> <span class='ocrx_word' id='word_1_847' title='bbox 3346 4814 3462 4885; x_wconf 81' lang='lat' dir='ltr'><strong>Ego</strong></span> 
     </span>
    </p>
   </div>
   <div class='ocr_carea' id='block_1_100' title="bbox 298 4934 2031 5005">
    <p class='ocr_par' dir='ltr' id='par_1_100' title="bbox 298 4934 2031 5005">
     <span class='ocr_line' id='line_1_100' title="bbox 298 4934 2031 5005; baseline 0.001 -15"><span class='ocrx_word' id='word_1_848' title='bbox 298 4943 356 5001; x_wconf 61' lang='grc' dir='ltr'>»Β</span> <span class='ocrx_word' id='word_1_849' title='bbox 383 4935 480 4991; x_wconf 86' lang='lat' dir='ltr'>Ed.</span> <span class='ocrx_word' id='word_1_850' title='bbox 516 4934 712 5002; x_wconf 60' lang='lat' dir='ltr'><strong>Parim,</strong></span> <span class='ocrx_word' id='word_1_851' title='bbox 752 4950 875 5005; x_wconf 86' lang='lat' dir='ltr'><strong>pag.</strong></span> <span class='ocrx_word' id='word_1_852' title='bbox 904 4936 994 4991; x_wconf 74' lang='grc'><strong>41.</strong></span> <span class='ocrx_word' id='word_1_853' title='bbox 1068 4937 1113 4969; x_wconf 82' lang='grc'>⁸⁸</span> <span class='ocrx_word' id='word_1_854' title='bbox 1140 4937 1295 4993; x_wconf 85' lang='lat' dir='ltr'><strong>Prov.</strong></span> <span class='ocrx_word' id='word_1_855' title='bbox 1335 4954 1449 5004; x_wconf 88' lang='lat' dir='ltr'>vm,</span> <span class='ocrx_word' id='word_1_856' title='bbox 1476 4938 1565 4992; x_wconf 78' lang='grc'>27.</span> <span class='ocrx_word' id='word_1_857' title='bbox 1642 4939 1685 4970; x_wconf 82' lang='grc'><strong><em>⁹⁹</em></strong></span> <span class='ocrx_word' id='word_1_858' title='bbox 1709 4938 1840 4995; x_wconf 88' lang='lat' dir='ltr'><strong>Gen,</strong></span> <span class='ocrx_word' id='word_1_859' title='bbox 1879 4954 1917 5005; x_wconf 82' lang='grc' dir='ltr'>ι,</span> <span class='ocrx_word' id='word_1_860' title='bbox 1940 4935 2031 4991; x_wconf 75' lang='lat'>26.</span> 
     </span>
    </p>
   </div>
   <div class='ocr_carea' id='block_1_101' title="bbox 324 5118 1780 5189">
    <p class='ocr_par' dir='ltr' id='par_1_101' title="bbox 324 5118 1780 5189">
     <span class='ocr_line' id='line_1_101' title="bbox 324 5118 1780 5189; baseline 0.002 -16"><span class='ocrx_word' id='word_1_861' title='bbox 324 5118 414 5189; x_wconf 73' lang='grc'>47)</span> <span class='ocrx_word' id='word_1_862' title='bbox 463 5119 750 5189; x_wconf 81' lang='grc' dir='ltr'>Ἦμετέρῳ</span> <span class='ocrx_word' id='word_1_863' title='bbox 776 5120 1079 5188; x_wconf 78' lang='grc' dir='ltr'>ποιοῦμεν.</span> <span class='ocrx_word' id='word_1_864' title='bbox 1105 5121 1219 5175; x_wconf 85' lang='lat' dir='ltr'><strong>Non</strong></span> <span class='ocrx_word' id='word_1_865' title='bbox 1243 5132 1324 5177; x_wconf 89' lang='lat' dir='ltr'>est</span> <span class='ocrx_word' id='word_1_866' title='bbox 1340 5121 1493 5189; x_wconf 85' lang='lat' dir='ltr'><strong>plena</strong></span> <span class='ocrx_word' id='word_1_867' title='bbox 1528 5122 1780 5186; x_wconf 87' lang='lat' dir='ltr'><strong>redditio,</strong></span> 
     </span>
    </p>
   </div>
   <div class='ocr_carea' id='block_1_102' title="bbox 229 5188 1780 5262">
    <p class='ocr_par' dir='ltr' id='par_1_102' title="bbox 229 5188 1780 5262">
     <span class='ocr_line' id='line_1_102' title="bbox 229 5188 1780 5262; baseline 0.001 -20"><span class='ocrx_word' id='word_1_868' title='bbox 229 5188 519 5262; x_wconf 10' lang='lat' dir='ltr'><strong>a«I_de,ixal‘</strong></span> <span class='ocrx_word' id='word_1_869' title='bbox 547 5190 793 5262; x_wconf 82' lang='grc' dir='ltr'>λέγομεν.</span> <span class='ocrx_word' id='word_1_870' title='bbox 820 5190 962 5262; x_wconf 41' lang='lat' dir='ltr'>Mr</span> <span class='ocrx_word' id='word_1_871' title='bbox 990 5192 1120 5262; x_wconf 81' lang='lat' dir='ltr'><strong>Dein</strong></span> <span class='ocrx_word' id='word_1_872' title='bbox 1144 5193 1298 5262; x_wconf 74' lang='lat' dir='ltr'><strong>Vulgo</strong></span> <span class='ocrx_word' id='word_1_873' title='bbox 1326 5188 1445 5244; x_wconf 77' lang='grc' dir='ltr'>τινα</span> <span class='ocrx_word' id='word_1_874' title='bbox 1465 5190 1638 5262; x_wconf 88' lang='grc' dir='ltr'>λέγων</span> <span class='ocrx_word' id='word_1_875' title='bbox 1660 5194 1780 5244; x_wconf 83' lang='grc' dir='ltr'>ὲπι-</span> 
     </span>
    </p>
   </div>
   <div class='ocr_carea' id='block_1_103' title="bbox 231 5258 1783 5332">
    <p class='ocr_par' dir='ltr' id='par_1_103' title="bbox 231 5258 1783 5332">
     <span class='ocr_line' id='line_1_103' title="bbox 231 5258 1783 5332; baseline 0.003 -23"><span class='ocrx_word' id='word_1_876' title='bbox 231 5258 382 5332; x_wconf 80' lang='grc' dir='ltr'>φέρει</span> <span class='ocrx_word' id='word_1_877' title='bbox 407 5268 462 5313; x_wconf 89' lang='lat' dir='ltr'>et</span> <span class='ocrx_word' id='word_1_878' title='bbox 497 5258 724 5332; x_wconf 33' lang='grc' dir='ltr'>ἀφόβως.</span> <span class='ocrx_word' id='word_1_879' title='bbox 752 5276 880 5315; x_wconf 85' lang='lat' dir='ltr'><strong>mss.</strong></span> <span class='ocrx_word' id='word_1_880' title='bbox 904 5261 1022 5314; x_wconf 89' lang='lat' dir='ltr'><strong>loco</strong></span> <span class='ocrx_word' id='word_1_881' title='bbox 1054 5261 1184 5330; x_wconf 81' lang='grc' dir='ltr'>ὲμφ.</span> <span class='ocrx_word' id='word_1_882' title='bbox 1227 5258 1342 5315; x_wconf 70' lang='lat' dir='ltr'>Mox</span> <span class='ocrx_word' id='word_1_883' title='bbox 1378 5262 1534 5330; x_wconf 86' lang='lat' dir='ltr'><strong>vulgo</strong></span> <span class='ocrx_word' id='word_1_884' title='bbox 1562 5261 1783 5332; x_wconf 77' lang='grc' dir='ltr'>διαρρα-</span> 
     </span>
    </p>
   </div>
   <div class='ocr_carea' id='block_1_104' title="bbox 230 5328 843 5395">
    <p class='ocr_par' dir='ltr' id='par_1_104' title="bbox 230 5328 843 5395">
     <span class='ocr_line' id='line_1_104' title="bbox 230 5328 843 5395; baseline 0.007 -16"><span class='ocrx_word' id='word_1_885' title='bbox 230 5328 376 5395; x_wconf 86' lang='grc' dir='ltr'>γοῖεν</span> <span class='ocrx_word' id='word_1_886' title='bbox 408 5338 463 5381; x_wconf 91' lang='lat' dir='ltr'>et</span> <span class='ocrx_word' id='word_1_887' title='bbox 486 5328 627 5381; x_wconf 84' lang='grc' dir='ltr'>κατὰ</span> <span class='ocrx_word' id='word_1_888' title='bbox 654 5329 843 5391; x_wconf 88' lang='grc' dir='ltr'>Λόγον.</span> 
     </span>
    </p>
   </div>
   <div class='ocr_carea' id='block_1_105' title="bbox 298 5396 1784 5468">
    <p class='ocr_par' dir='ltr' id='par_1_105' title="bbox 298 5396 1784 5468">
     <span class='ocr_line' id='line_1_105' title="bbox 298 5396 1784 5468; baseline 0.003 -19"><span class='ocrx_word' id='word_1_889' title='bbox 298 5396 429 5468; x_wconf 51' lang='grc'><strong>(48)-</strong></span> <span class='ocrx_word' id='word_1_890' title='bbox 460 5398 803 5451; x_wconf 78' lang='grc' dir='ltr'>Ἀπολαύειν</span> <span class='ocrx_word' id='word_1_891' title='bbox 858 5402 1015 5453; x_wconf 70' lang='grc' dir='ltr'>νυνί.</span> <span class='ocrx_word' id='word_1_892' title='bbox 1064 5398 1179 5453; x_wconf 85' lang='lat' dir='ltr'>Non</span> <span class='ocrx_word' id='word_1_893' title='bbox 1234 5399 1439 5468; x_wconf 87' lang='lat' dir='ltr'><strong>inepte.</strong></span> <span class='ocrx_word' id='word_1_894' title='bbox 1487 5399 1784 5453; x_wconf 87' lang='grc' dir='ltr'>ἀπολαύον-</span> 
     </span>
    </p>
   </div>
   <div class='ocr_carea' id='block_1_106' title="bbox 229 5465 1783 5537">
    <p class='ocr_par' dir='ltr' id='par_1_106' title="bbox 229 5465 1783 5537">
     <span class='ocr_line' id='line_1_106' title="bbox 229 5465 1783 5537; baseline 0.001 -18"><span class='ocrx_word' id='word_1_895' title='bbox 229 5481 347 5529; x_wconf 81' lang='grc' dir='ltr'>τας.</span> <span class='ocrx_word' id='word_1_896' title='bbox 386 5465 509 5537; x_wconf 45' lang='lat' dir='ltr'><strong>Ilaec</strong></span> <span class='ocrx_word' id='word_1_897' title='bbox 546 5470 726 5537; x_wconf 88' lang='lat' dir='ltr'><strong>omnia</strong></span> <span class='ocrx_word' id='word_1_898' title='bbox 772 5470 835 5521; x_wconf 81' lang='lat' dir='ltr'>ad</span> <span class='ocrx_word' id='word_1_899' title='bbox 885 5484 1134 5522; x_wconf 83' lang='lat' dir='ltr'><strong>nauseam</strong></span> <span class='ocrx_word' id='word_1_900' title='bbox 1182 5465 1347 5536; x_wconf 79' lang='lat' dir='ltr'><strong>usque</strong></span> <span class='ocrx_word' id='word_1_901' title='bbox 1379 5479 1690 5537; x_wconf 89' lang='lat' dir='ltr'><strong>repetuntur</strong></span> <span class='ocrx_word' id='word_1_902' title='bbox 1733 5472 1783 5523; x_wconf 94' lang='lat' dir='ltr'>in</span> 
     </span>
    </p>
   </div>
   <div class='ocr_carea' id='block_1_107' title="bbox 231 5535 1784 5615">
    <p class='ocr_par' dir='ltr' id='par_1_107' title="bbox 231 5535 1784 5615">
     <span class='ocr_line' id='line_1_107' title="bbox 231 5535 1784 5615; baseline 0.003 -29"><span class='ocrx_word' id='word_1_903' title='bbox 231 5536 579 5615; x_wconf 53' lang='lat' dir='ltr'><strong>sequentibus</strong></span> <span class='ocrx_word' id='word_1_904' title='bbox 598 5535 767 5615; x_wconf 62' lang='lat' dir='ltr'><strong>[ibt-is.</strong></span> <span class='ocrx_word' id='word_1_905' title='bbox 795 5537 863 5615; x_wconf 84' lang='lat' dir='ltr'>M_.</span> <span class='ocrx_word' id='word_1_906' title='bbox 888 5566 953 5615; x_wconf 63' lang='lat'>:—</span> <span class='ocrx_word' id='word_1_907' title='bbox 988 5538 1112 5615; x_wconf 70' lang='grc' dir='ltr'>ροῙῆ</span> <span class='ocrx_word' id='word_1_908' title='bbox 1143 5535 1301 5615; x_wconf 71' lang='lat' dir='ltr'><strong>vulgo</strong></span> <span class='ocrx_word' id='word_1_909' title='bbox 1340 5541 1404 5609; x_wconf 82' lang='grc' dir='ltr'>τῇ</span> <span class='ocrx_word' id='word_1_910' title='bbox 1426 5535 1577 5608; x_wconf 80' lang='grc' dir='ltr'>κεχρ.</span> <span class='ocrx_word' id='word_1_911' title='bbox 1618 5539 1784 5592; x_wconf 79' lang='grc' dir='ltr'>εἰκόνι</span> 
     </span>
    </p>
   </div>
   <div class='ocr_carea' id='block_1_108' title="bbox 230 5605 1365 5678">
    <p class='ocr_par' dir='ltr' id='par_1_108' title="bbox 230 5605 1365 5678">
     <span class='ocr_line' id='line_1_108' title="bbox 230 5605 1365 5678; baseline 0.001 -20"><span class='ocrx_word' id='word_1_912' title='bbox 230 5616 284 5659; x_wconf 87' lang='lat' dir='ltr'>et</span> <span class='ocrx_word' id='word_1_913' title='bbox 311 5605 417 5678; x_wconf 74' lang='grc' dir='ltr'>τῶν</span> <span class='ocrx_word' id='word_1_914' title='bbox 452 5605 661 5678; x_wconf 62' lang='grc' dir='ltr'>ἀνδρῶν</span> <span class='ocrx_word' id='word_1_915' title='bbox 689 5617 741 5659; x_wconf 89' lang='lat' dir='ltr'>et</span> <span class='ocrx_word' id='word_1_916' title='bbox 771 5607 863 5659; x_wconf 87' lang='grc' dir='ltr'>τοῦ</span> <span class='ocrx_word' id='word_1_917' title='bbox 892 5607 1026 5660; x_wconf 89' lang='grc' dir='ltr'>Θεοῦ</span> <span class='ocrx_word' id='word_1_918' title='bbox 1058 5605 1365 5678; x_wconf 74' lang='grc' dir='ltr'>προσώπου.</span> 
     </span>
    </p>
   </div>
   <div class='ocr_carea' id='block_1_109' title="bbox 233 5671 1787 5806">
    <p class='ocr_par' dir='ltr' id='par_1_109' title="bbox 233 5671 1787 5806">
     <span class='ocr_line' id='line_1_109' title="bbox 278 5671 1787 5796; baseline 0.004 -70"><span class='ocrx_word' id='word_1_919' title='bbox 278 5673 408 5796; x_wconf 48' lang='lat'>£59)</span> <span class='ocrx_word' id='word_1_920' title='bbox 452 5671 618 5758; x_wconf 57' lang='lat' dir='ltr'><strong>Vulgo</strong></span> <span class='ocrx_word' id='word_1_921' title='bbox 657 5692 715 5727; x_wconf 85' lang='grc' dir='ltr'>τε</span> <span class='ocrx_word' id='word_1_922' title='bbox 763 5692 895 5740; x_wconf 81' lang='grc' dir='ltr'>οιιι..</span> <span class='ocrx_word' id='word_1_923' title='bbox 935 5678 1057 5731; x_wconf 79' lang='lat' dir='ltr'><strong>dein</strong></span> <span class='ocrx_word' id='word_1_924' title='bbox 1103 5671 1268 5746; x_wconf 41' lang='lat' dir='ltr'><strong>&quot;vulgo</strong></span> <span class='ocrx_word' id='word_1_925' title='bbox 1320 5677 1412 5729; x_wconf 77' lang='grc' dir='ltr'>καὶ</span> <span class='ocrx_word' id='word_1_926' title='bbox 1452 5676 1571 5729; x_wconf 84' lang='grc' dir='ltr'>καθ’</span> <span class='ocrx_word' id='word_1_927' title='bbox 1600 5678 1689 5747; x_wconf 84' lang='grc' dir='ltr'>ὀμ.</span> <span class='ocrx_word' id='word_1_928' title='bbox 1732 5686 1787 5732; x_wconf 82' lang='lat' dir='ltr'>el.</span> 
     </span>
     <span class='ocr_line' id='line_1_110' title="bbox 233 5744 653 5806; baseline 0.002 -12"><span class='ocrx_word' id='word_1_929' title='bbox 233 5744 276 5806; x_wconf 57' lang='grc' dir='ltr'>ἁ</span> <span class='ocrx_word' id='word_1_930' title='bbox 326 5760 375 5806; x_wconf 91' lang='grc' dir='ltr'>ρ.</span> <span class='ocrx_word' id='word_1_931' title='bbox 403 5760 570 5804; x_wconf 75' lang='grc' dir='ltr'>πἰειν</span> <span class='ocrx_word' id='word_1_932' title='bbox 604 5744 653 5806; x_wconf 84' lang='grc' dir='ltr'>β.</span> 
     </span>
    </p>
   </div>
   <div class='ocr_carea' id='block_1_110' title="bbox 268 5760 653 5796">
    <p class='ocr_par' dir='ltr' id='par_1_110' title="bbox 268 5760 653 5796">
     <span class='ocr_line' id='line_1_111' title="bbox 268 5760 653 5796; baseline -0.003 0"><span class='ocrx_word' id='word_1_933' title='bbox 268 5760 375 5796; x_wconf 71' lang='grc' dir='ltr'>νοο.</span> <span class='ocrx_word' id='word_1_934' title='bbox 403 5760 517 5796; x_wconf 77' lang='grc' dir='ltr'>πίε</span> <span class='ocrx_word' id='word_1_935' title='bbox 525 5761 570 5795; x_wconf 89' lang='grc' dir='ltr'>ιν</span> <span class='ocrx_word' id='word_1_936' title='bbox 606 5760 633 5796; x_wconf 69' lang='lat' dir='ltr'><strong>I3</strong></span> <span class='ocrx_word' id='word_1_937' title='bbox 642 5784 653 5795; x_wconf 90' lang='lat'>.</span> 
     </span>
    </p>
   </div>
   <div class='ocr_carea' id='block_1_111' title="bbox 301 5744 1782 5885">
    <p class='ocr_par' dir='ltr' id='par_1_111' title="bbox 301 5744 1782 5885">
     <span class='ocr_line' id='line_1_112' title="bbox 301 5744 1782 5885; baseline 0.001 -16"><span class='ocrx_word' id='word_1_938' title='bbox 604 5744 975 5885; x_wconf 47' lang='grc' dir='ltr'>ἕξοιήσωμεν.</span> <span class='ocrx_word' id='word_1_939' title='bbox 1009 5814 1120 5874; x_wconf 89' lang='lat' dir='ltr'><strong>IIoc</strong></span> <span class='ocrx_word' id='word_1_940' title='bbox 1156 5831 1262 5873; x_wconf 87' lang='lat' dir='ltr'>non</span> <span class='ocrx_word' id='word_1_941' title='bbox 1299 5816 1488 5885; x_wconf 86' lang='lat' dir='ltr'><strong>probat</strong></span> <span class='ocrx_word' id='word_1_942' title='bbox 1535 5816 1782 5883; x_wconf 79' lang='lat' dir='ltr'><strong>Basilius,</strong></span> 
     </span>
    </p>
   </div>
   <div class='ocr_carea' id='block_1_112' title="bbox 1889 5111 3459 5195">
    <p class='ocr_par' dir='ltr' id='par_1_112' title="bbox 1889 5111 3459 5195">
     <span class='ocr_line' id='line_1_113' title="bbox 1889 5111 3459 5195; baseline -0.008 -19"><span class='ocrx_word' id='word_1_943' title='bbox 1889 5122 2075 5195; x_wconf 83' lang='lat' dir='ltr'><strong>Itomil.</strong></span> <span class='ocrx_word' id='word_1_944' title='bbox 2106 5122 2139 5176; x_wconf 90' lang='lat'><strong>9</strong></span> <span class='ocrx_word' id='word_1_945' title='bbox 2169 5121 2221 5195; x_wconf 62' lang='lat' dir='ltr'>in</span> <span class='ocrx_word' id='word_1_946' title='bbox 2255 5118 2611 5195; x_wconf 66' lang='lat' dir='ltr'><strong>Hexameran,</strong></span> <span class='ocrx_word' id='word_1_947' title='bbox 2638 5116 2739 5195; x_wconf 65' lang='grc' dir='ltr'>’ζίς</span> <span class='ocrx_word' id='word_1_948' title='bbox 2764 5114 2873 5195; x_wconf 78' lang='grc' dir='ltr'>γὰρ</span> <span class='ocrx_word' id='word_1_949' title='bbox 2906 5113 3140 5195; x_wconf 73' lang='grc' dir='ltr'>χαλκεὺς</span> <span class='ocrx_word' id='word_1_950' title='bbox 3164 5112 3198 5182; x_wconf 80' lang='grc' dir='ltr'>ἢ</span> <span class='ocrx_word' id='word_1_951' title='bbox 3233 5111 3459 5195; x_wconf 61' lang='grc' dir='ltr'>τέκτων,</span> 
     </span>
    </p>
   </div>
   <div class='ocr_carea' id='block_1_113' title="bbox 1888 5181 3463 5264">
    <p class='ocr_par' dir='ltr' id='par_1_113' title="bbox 1888 5181 3463 5264">
     <span class='ocr_line' id='line_1_114' title="bbox 1888 5181 3463 5264; baseline -0.008 -17"><span class='ocrx_word' id='word_1_952' title='bbox 1888 5194 2157 5264; x_wconf 79' lang='lat' dir='ltr'><strong>inquiens,</strong></span> <span class='ocrx_word' id='word_1_953' title='bbox 2192 5190 2224 5259; x_wconf 80' lang='grc' dir='ltr'><strong>ἢ</strong></span> <span class='ocrx_word' id='word_1_954' title='bbox 2258 5188 2615 5264; x_wconf 59' lang='grc' dir='ltr'>σκῦτοτόμος,</span> <span class='ocrx_word' id='word_1_955' title='bbox 2648 5181 3196 5264; x_wconf 40' lang='lat' dir='ltr'><strong>extravagava</strong></span> <span class='ocrx_word' id='word_1_956' title='bbox 3226 5181 3335 5260; x_wconf 68' lang='grc' dir='ltr'>τῆς</span> <span class='ocrx_word' id='word_1_957' title='bbox 3374 5182 3463 5235; x_wconf 82' lang='grc' dir='ltr'>τέ·-</span> 
     </span>
    </p>
   </div>
   <div class='ocr_carea' id='block_1_114' title="bbox 1888 5253 3459 5331">
    <p class='ocr_par' dir='ltr' id='par_1_114' title="bbox 1888 5253 3459 5331">
     <span class='ocr_line' id='line_1_115' title="bbox 1888 5253 3459 5331; baseline -0.01 -14"><span class='ocrx_word' id='word_1_958' title='bbox 1888 5253 2019 5331; x_wconf 79' lang='grc' dir='ltr'>χνής</span> <span class='ocrx_word' id='word_1_959' title='bbox 2055 5253 2223 5331; x_wconf 70' lang='grc' dir='ltr'>μόνος</span> <span class='ocrx_word' id='word_1_960' title='bbox 2247 5253 2819 5331; x_wconf 33' lang='grc' dir='ltr'>καθήμενκζοῦ-δενὸς</span> <span class='ocrx_word' id='word_1_961' title='bbox 2860 5253 3006 5331; x_wconf 61' lang='grc' dir='ltr'>αὐτῷ</span> <span class='ocrx_word' id='word_1_962' title='bbox 3056 5253 3459 5331; x_wconf 66' lang='grc' dir='ltr'>συνεργοῦντος2</span> 
     </span>
    </p>
   </div>
   <div class='ocr_carea' id='block_1_115' title="bbox 1890 5282 3457 5399">
    <p class='ocr_par' dir='ltr' id='par_1_115' title="bbox 1890 5282 3457 5399">
     <span class='ocr_line' id='line_1_116' title="bbox 1890 5282 3457 5331; baseline -0.007 -18"><span class='ocrx_word' id='word_1_963' title='bbox 1890 5282 1899 5291; x_wconf 83' lang='grc'><strong><em>³</em></strong></span> <span class='ocrx_word' id='word_1_964' title='bbox 1924 5282 2019 5331; x_wconf 85' lang='grc' dir='ltr'>νης</span> <span class='ocrx_word' id='word_1_965' title='bbox 2055 5282 2211 5331; x_wconf 81' lang='grc' dir='ltr'>μονος</span> <span class='ocrx_word' id='word_1_966' title='bbox 2247 5282 2570 5328; x_wconf 76' lang='grc' dir='ltr'>καυημενυς,</span> <span class='ocrx_word' id='word_1_967' title='bbox 2610 5282 2819 5317; x_wconf 64' lang='grc' dir='ltr'>υνυινυι,</span> <span class='ocrx_word' id='word_1_968' title='bbox 2860 5282 3006 5323; x_wconf 54' lang='lat' dir='ltr'>utfit}:</span> <span class='ocrx_word' id='word_1_969' title='bbox 3056 5282 3457 5321; x_wconf 47' lang='grc' dir='ltr'>υυνιγγυυνιυξ,</span> 
     </span>
     <span class='ocr_line' id='line_1_117' title="bbox 1890 5282 3457 5399; baseline -0.01 -14"><span class='ocrx_word' id='word_1_970' title='bbox 1890 5282 2036 5399; x_wconf 49' lang='grc' dir='ltr'>λέγει</span> <span class='ocrx_word' id='word_1_971' title='bbox 2088 5330 2249 5390; x_wconf 79' lang='grc' dir='ltr'>αὐτὸς</span> <span class='ocrx_word' id='word_1_972' title='bbox 2299 5324 2495 5399; x_wconf 78' lang='grc' dir='ltr'>ἑαυτῷ,</span> <span class='ocrx_word' id='word_1_973' title='bbox 2553 5326 2875 5399; x_wconf 67' lang='grc' dir='ltr'>Ποιήσωμεν</span> <span class='ocrx_word' id='word_1_974' title='bbox 2918 5324 3027 5399; x_wconf 43' lang='grc' dir='ltr'>τὴν.</span> <span class='ocrx_word' id='word_1_975' title='bbox 3077 5321 3378 5399; x_wconf 76' lang='grc' dir='ltr'>μάχαιραν,</span> <span class='ocrx_word' id='word_1_976' title='bbox 3416 5322 3457 5399; x_wconf 37' lang='grc' dir='ltr'>,ἦ</span> 
     </span>
    </p>
   </div>
   <div class='ocr_carea' id='block_1_116' title="bbox 1892 5390 3458 5471">
    <p class='ocr_par' dir='ltr' id='par_1_116' title="bbox 1892 5390 3458 5471">
     <span class='ocr_line' id='line_1_118' title="bbox 1892 5390 3458 5471; baseline -0.008 -18"><span class='ocrx_word' id='word_1_977' title='bbox 1892 5390 2259 5471; x_wconf 77' lang='grc' dir='ltr'>συμπήξωμεν</span> <span class='ocrx_word' id='word_1_978' title='bbox 2286 5398 2355 5471; x_wconf 64' lang='grc' dir='ltr'>τὸΔ</span> <span class='ocrx_word' id='word_1_979' title='bbox 2392 5390 2697 5471; x_wconf 56' lang='grc' dir='ltr'>ἄροτρον,ιῆ</span> <span class='ocrx_word' id='word_1_980' title='bbox 2745 5390 3195 5471; x_wconf 46' lang='grc' dir='ltr'>ἀπεργασὼμεθα-</span> <span class='ocrx_word' id='word_1_981' title='bbox 3230 5391 3290 5471; x_wconf 66' lang='grc' dir='ltr'>τὸ</span> <span class='ocrx_word' id='word_1_982' title='bbox 3327 5390 3458 5442; x_wconf 75' lang='grc' dir='ltr'>ὑπόὲ</span> 
     </span>
    </p>
   </div>
   <div class='ocr_carea' id='block_1_117' title="bbox 1886 5416 3459 5542">
    <p class='ocr_par' dir='ltr' id='par_1_117' title="bbox 1886 5416 3459 5542">
     <span class='ocr_line' id='line_1_119' title="bbox 1892 5416 3458 5471; baseline -0.008 -18"><span class='ocrx_word' id='word_1_983' title='bbox 1892 5416 2157 5471; x_wconf 82' lang='grc' dir='ltr'>συμπηςω</span> <span class='ocrx_word' id='word_1_984' title='bbox 2204 5416 2259 5450; x_wconf 89' lang='grc' dir='ltr'>εν</span> <span class='ocrx_word' id='word_1_985' title='bbox 2286 5416 2347 5450; x_wconf 88' lang='grc' dir='ltr'>το</span> <span class='ocrx_word' id='word_1_986' title='bbox 2392 5416 2638 5465; x_wconf 85' lang='grc' dir='ltr'>αροτρον,</span> <span class='ocrx_word' id='word_1_987' title='bbox 2664 5416 2697 5465; x_wconf 87' lang='grc' dir='ltr'>η</span> <span class='ocrx_word' id='word_1_988' title='bbox 2745 5416 2849 5446; x_wconf 85' lang='grc' dir='ltr'>απε</span> <span class='ocrx_word' id='word_1_989' title='bbox 2890 5416 3185 5460; x_wconf 78' lang='grc' dir='ltr'>γασωμευα</span> <span class='ocrx_word' id='word_1_990' title='bbox 3230 5416 3290 5441; x_wconf 65' lang='grc' dir='ltr'>τυ</span> <span class='ocrx_word' id='word_1_991' title='bbox 3327 5416 3458 5442; x_wconf 51' lang='lat' dir='ltr'><strong>uno-</strong></span> 
     </span>
     <span class='ocr_line' id='line_1_120' title="bbox 1886 5416 3459 5542; baseline -0.008 -18"><span class='ocrx_word' id='word_1_992' title='bbox 1886 5472 2053 5542; x_wconf 80' lang='grc' dir='ltr'>δημα,</span> <span class='ocrx_word' id='word_1_993' title='bbox 2099 5416 2210 5542; x_wconf 66' lang='grc' dir='ltr'>ἀλῖ</span> <span class='ocrx_word' id='word_1_994' title='bbox 2249 5468 2369 5542; x_wconf 76' lang='grc' dir='ltr'>οὐχὶ</span> <span class='ocrx_word' id='word_1_995' title='bbox 2403 5468 2578 5542; x_wconf 76' lang='grc' dir='ltr'>σιωπῇ</span> <span class='ocrx_word' id='word_1_996' title='bbox 2607 5466 2713 5542; x_wconf 32' lang='grc' dir='ltr'>’τῂν</span> <span class='ocrx_word' id='word_1_997' title='bbox 2746 5416 3136 5542; x_wconf 57' lang='grc' dir='ltr'>ὲπιὲάλλουσαν</span> <span class='ocrx_word' id='word_1_998' title='bbox 3156 5459 3459 5542; x_wconf 63' lang='grc' dir='ltr'>¹ἐνέργειαν</span> 
     </span>
    </p>
   </div>
   <div class='ocr_carea' id='block_1_118' title="bbox 1887 5530 3457 5604">
    <p class='ocr_par' dir='ltr' id='par_1_118' title="bbox 1887 5530 3457 5604">
     <span class='ocr_line' id='line_1_121' title="bbox 1887 5530 3457 5604; baseline -0.006 -12"><span class='ocrx_word' id='word_1_999' title='bbox 1887 5530 2112 5604; x_wconf 68' lang='grc' dir='ltr'>ἐκτελεῇ</span> <span class='ocrx_word' id='word_1_1000' title='bbox 2163 5530 2495 5591; x_wconf 65' lang='grc' dir='ltr'>ΗωοΊειιὶιιε</span> <span class='ocrx_word' id='word_1_1001' title='bbox 2547 5530 2751 5588; x_wconf 75' lang='lat' dir='ltr'><strong>ibidem</strong></span> <span class='ocrx_word' id='word_1_1002' title='bbox 2813 5542 3006 5604; x_wconf 84' lang='lat' dir='ltr'><strong>contra</strong></span> <span class='ocrx_word' id='word_1_1003' title='bbox 3067 5530 3303 5604; x_wconf 67' lang='lat' dir='ltr'><strong>.Iu_daaos_.</strong></span> <span class='ocrx_word' id='word_1_1004' title='bbox 3355 5530 3457 5592; x_wconf 88' lang='lat' dir='ltr'>Qui</span> 
     </span>
    </p>
   </div>
   <div class='ocr_carea' id='block_1_119' title="bbox 1885 5598 3455 5679">
    <p class='ocr_par' dir='ltr' id='par_1_119' title="bbox 1885 5598 3455 5679">
     <span class='ocr_line' id='line_1_122' title="bbox 1885 5598 3455 5679; baseline -0.008 -16"><span class='ocrx_word' id='word_1_1005' title='bbox 1885 5598 2310 5679; x_wconf 17' lang='lat' dir='ltr'><strong>quod~sequiitur</strong></span> <span class='ocrx_word' id='word_1_1006' title='bbox 2342 5607 2407 5660; x_wconf 89' lang='lat' dir='ltr'>de</span> <span class='ocrx_word' id='word_1_1007' title='bbox 2440 5606 2674 5679; x_wconf 73' lang='lat' dir='ltr'><strong>animata</strong></span> <span class='ocrx_word' id='word_1_1008' title='bbox 2714 5612 2886 5679; x_wconf 77' lang='lat' dir='ltr'><strong>statua</strong></span> <span class='ocrx_word' id='word_1_1009' title='bbox 2923 5600 3196 5679; x_wconf 56' lang='lat' dir='ltr'><strong>immittis,</strong></span> <span class='ocrx_word' id='word_1_1010' title='bbox 3246 5598 3326 5649; x_wconf 90' lang='lat' dir='ltr'>sic</span> <span class='ocrx_word' id='word_1_1011' title='bbox 3360 5612 3455 5650; x_wconf 80' lang='lat' dir='ltr'>ex-</span> 
     </span>
    </p>
   </div>
   <div class='ocr_carea' id='block_1_120' title="bbox 1927 5669 3447 5747">
    <p class='ocr_par' dir='ltr' id='par_1_120' title="bbox 1927 5669 3447 5747">
     <span class='ocr_line' id='line_1_123' title="bbox 1927 5669 3447 5747; baseline -0.008 -18"><span class='ocrx_word' id='word_1_1012' title='bbox 1927 5680 2116 5732; x_wconf 89' lang='lat' dir='ltr'><strong>ressit:</strong></span> <span class='ocrx_word' id='word_1_1013' title='bbox 2146 5669 2425 5745; x_wconf 76' lang='grc' dir='ltr'>Ἕμψυχος</span> <span class='ocrx_word' id='word_1_1014' title='bbox 2453 5672 2699 5747; x_wconf 30' lang='grc' dir='ltr'>είκὼνλὲν</span> <span class='ocrx_word' id='word_1_1015' title='bbox 2732 5671 2871 5747; x_wconf 73' lang='grc' dir='ltr'>μέσῃ</span> <span class='ocrx_word' id='word_1_1016' title='bbox 2887 5674 2952 5740; x_wconf 83' lang='grc' dir='ltr'>τῇ</span> <span class='ocrx_word' id='word_1_1017' title='bbox 2971 5669 3143 5747; x_wconf 70' lang='grc' dir='ltr'>κτίσει</span> <span class='ocrx_word' id='word_1_1018' title='bbox 3168 5669 3447 5747; x_wconf 64' lang='grc' dir='ltr'>ἐκτορνευ-</span> 
     </span>
    </p>
   </div>
   <div class='ocr_carea' id='block_1_121' title="bbox 1885 5695 3449 5811">
    <p class='ocr_par' dir='ltr' id='par_1_121' title="bbox 1885 5695 3449 5811">
     <span class='ocr_line' id='line_1_124' title="bbox 1927 5695 3447 5747; baseline -0.008 -18"><span class='ocrx_word' id='word_1_1019' title='bbox 1927 5695 2116 5732; x_wconf 84' lang='lat' dir='ltr'><strong>resstt:</strong></span> <span class='ocrx_word' id='word_1_1020' title='bbox 2147 5695 2425 5745; x_wconf 61' lang='grc' dir='ltr'>Ὶιμψυχος</span> <span class='ocrx_word' id='word_1_1021' title='bbox 2453 5695 2614 5725; x_wconf 79' lang='grc' dir='ltr'>εικων</span> <span class='ocrx_word' id='word_1_1022' title='bbox 2643 5695 2699 5723; x_wconf 77' lang='grc' dir='ltr'>εν</span> <span class='ocrx_word' id='word_1_1023' title='bbox 2732 5695 2871 5747; x_wconf 73' lang='grc' dir='ltr'>μεσῃ</span> <span class='ocrx_word' id='word_1_1024' title='bbox 2887 5695 2952 5740; x_wconf 77' lang='grc' dir='ltr'>τῃ</span> <span class='ocrx_word' id='word_1_1025' title='bbox 2971 5695 3143 5723; x_wconf 72' lang='grc' dir='ltr'>κτιοει</span> <span class='ocrx_word' id='word_1_1026' title='bbox 3168 5695 3447 5736; x_wconf 72' lang='grc' dir='ltr'>ει-ιυρνευ-</span> 
     </span>
     <span class='ocr_line' id='line_1_125' title="bbox 1885 5695 3449 5811; baseline -0.008 -10"><span class='ocrx_word' id='word_1_1027' title='bbox 1885 5695 2164 5811; x_wconf 63' lang='grc' dir='ltr'>εείς.Μ.-</span> <span class='ocrx_word' id='word_1_1028' title='bbox 2183 5746 2376 5800; x_wconf 86' lang='lat' dir='ltr'><strong>Statim</strong></span> <span class='ocrx_word' id='word_1_1029' title='bbox 2400 5746 2557 5811; x_wconf 74' lang='lat' dir='ltr'><strong>vulgo</strong></span> <span class='ocrx_word' id='word_1_1030' title='bbox 2588 5743 2931 5811; x_wconf 83' lang='grc' dir='ltr'>πλάσσωμεν,</span> <span class='ocrx_word' id='word_1_1031' title='bbox 2958 5750 3011 5795; x_wconf 88' lang='lat' dir='ltr'>et</span> <span class='ocrx_word' id='word_1_1032' title='bbox 3038 5738 3177 5793; x_wconf 74' lang='lat' dir='ltr'><strong>iu‘l&#39;ra</strong></span> <span class='ocrx_word' id='word_1_1033' title='bbox 3205 5734 3449 5789; x_wconf 63' lang='grc' dir='ltr'>λευκοτέε</span> 
     </span>
    </p>
   </div>
   <div class='ocr_carea' id='block_1_122' title="bbox 1890 5816 2573 5881">
    <p class='ocr_par' dir='ltr' id='par_1_122' title="bbox 1890 5816 2573 5881">
     <span class='ocr_line' id='line_1_126' title="bbox 1890 5816 2573 5881; baseline -0.007 -9"><span class='ocrx_word' id='word_1_1034' title='bbox 1890 5835 1987 5881; x_wconf 84' lang='grc' dir='ltr'>ραν</span> <span class='ocrx_word' id='word_1_1035' title='bbox 2011 5828 2069 5875; x_wconf 70' lang='lat' dir='ltr'>et</span> <span class='ocrx_word' id='word_1_1036' title='bbox 2096 5820 2124 5871; x_wconf 89' lang='lat'>6</span> <span class='ocrx_word' id='word_1_1037' title='bbox 2153 5816 2283 5878; x_wconf 82' lang='grc' dir='ltr'>Θεὸς</span> <span class='ocrx_word' id='word_1_1038' title='bbox 2313 5830 2573 5876; x_wconf 85' lang='grc' dir='ltr'>παντοκρ.</span> 
     </span>
    </p>
   </div>
  </div>
