4048 6428
543 314 651 370 795

1268 311 1533 369 EUSEBII
1571 308 2038 369 CESARIENSIS
2070 310 2221 366 OPP.
2260 310 2437 366 PARS
2475 312 2561 367 IV.
2603 343 2674 354 —
2709 311 3124 369 DOGMATICA.

3660 309 3768 368 796

553 448 573 479 ε
608 428 764 493 enim,
790 425 980 495 inquit,
1008 425 1148 482 Deus
1180 443 1294 481 sunt
1313 428 1511 495 primus
1535 446 1549 482 :
1577 426 1687 495 Ego
1721 426 1859 480 Deus
1891 436 2089 490 postre—

2199 442 2217 473 t
2252 424 2349 476 οὑκ
2368 424 2512 495 ἄλλῳ
2529 426 2635 478 τινὶ
2656 425 2790 478 ἀλλὰ
2819 424 2897 495 τῷ
2917 423 3113 477 ἑαυτοῦ
3146 425 3302 494 Λόγῳ
3326 423 3768 494 παρακελεύεται

554 539 572 569 ε
601 534 733 581 usus,
762 527 809 569 et
844 528 1035 584 prater
1055 534 1137 571 me
1162 534 1263 571 non
1305 528 1383 572 est
1415 510 1554 572 alius
1598 517 1739 571 Deus
1774 518 1814 570 ⁸.
1854 516 1969 571 Non
2014 526 2097 571 est

552 625 573 657 ε
610 609 786 674 itaque
801 604 983 672 iunior
1007 608 1146 661 Deus
1166 606 1386 675 aliquis,
1414 622 1512 662 nec
1542 608 1593 661 in
1619 607 1869 661 secundis
1892 605 2097 674 positus

554 717 571 748 ε
614 700 751 751 Deus
778 697 993 768 aliquis,
1021 699 1110 767 qui
1135 705 1347 766 poterat
1378 712 1481 752 una
1526 711 1649 752 cum
1688 698 1796 751 Deo
1840 696 2094 765 operari:

552 803 577 835 ε
614 788 706 840 sed
733 786 894 841 veluti
922 788 966 840 si
1006 785 1126 853 quis
1146 799 1314 854 parvo
1340 786 1570 856 quodam
1591 795 1773 839 utatur
1798 795 1851 840 et
1868 786 2098 840 humano

554 895 576 926 ε
608 877 874 945 exemplo,
905 879 975 929 ita
1018 892 1129 932 rem
1159 879 1316 933 istam
1364 877 1635 933 examinet
1682 878 1748 932 ad
1795 876 2098 932 similitudi-

557 988 575 1017 ε
615 984 755 1022 nem.
774 967 982 1022 Sicutsi
1002 977 1299 1023 statuarum
1323 968 1513 1022 artifex
1543 968 1833 1030 excellens.
1859 976 2096 1021 statuam

557 1076 575 1107 ε
606 1057 839 1112 conﬂare
867 1058 1201 1127 propositum
1254 1058 1483 1123 habens,
1525 1057 1789 1126 imprimis
1822 1057 2098 1110 characte-

555 1168 575 1199 ε
606 1163 695 1202 ras
720 1148 838 1218 ejus
867 1160 1027 1218 atque
1065 1148 1268 1207 formas
1286 1162 1469 1203 secum
1501 1148 1810 1216 speculatur
1839 1164 1853 1200 :
1910 1146 2098 1199 latitu-

556 1260 575 1291 ε
622 1240 799 1295 dinem
839 1239 1092 1309 deinceps
1120 1247 1175 1293 et
1216 1238 1607 1308 longitudinem
1633 1240 1912 1292 decentem
1948 1237 2098 1305 cogi-

556 1348 575 1380 t
611 1337 725 1393 tat,
760 1336 816 1383 et
857 1328 1022 1381 totius
1068 1325 1469 1394 proportionem
1501 1324 1775 1395 sigillatim
1796 1339 1892 1394 per
1918 1335 2099 1394 partes

555 1438 573 1469 ε
614 1420 793 1472 animo
828 1426 978 1471 tenus
1013 1416 1293 1469 amussitat
1310 1426 1470 1483 atque
1496 1416 1702 1481 exigit:
1758 1424 1868 1469 tum
1887 1417 2096 1468 deinnm

556 1527 575 1558 ε
620 1507 913 1571 materiam,
954 1518 1027 1559 as
1068 1504 1119 1557 in
1152 1506 1434 1573 procinctu
1465 1514 1761 1573 comparat,
1788 1514 1841 1559 et
1866 1504 2097 1558 futuram

566 1616 587 1649 s
627 1597 771 1652 illam
806 1604 1037 1650 statuam
1066 1595 1245 1649 animo
1273 1609 1373 1649 suo
1403 1594 1730 1649 delineatam
1764 1594 2098 1661 complexus,
2139 1633 2145 1639 .

558 1704 576 1736 ε
613 1684 822 1754 sibique
855 1685 1123 1748 conscius,
1165 1686 1427 1737 rationem
1460 1684 1604 1737 intus
1638 1698 1816 1745 suam,
1852 1688 1957 1745 uua
2021 1698 2103 1734 ra-

556 1794 577 1826 ‹
612 1776 918 1839 tiocinatur,
947 1782 1002 1830 et
1021 1789 1125 1843 qua
1148 1774 1466 1828 administra
1492 1776 1764 1842 componit
1791 1776 1968 1827 omnia
1997 1772 2103 1842 (ni-

560 1884 579 1915 ε
616 1863 690 1917 hil
719 1864 918 1918 etenim
949 1862 1229 1932 pulchrum
1254 1872 1357 1926 est,
1382 1876 1487 1916 non
1508 1863 1800 1917 secundum
1834 1862 2098 1915 rationem

555 1974 576 2006 s
610 1955 962 2023 exasciatum)
985 1954 1074 2008 ubi
1111 1968 1327 2007 manum
1359 1953 1650 2009 admovere
1672 1953 1823 2023 operi
1868 1952 2099 2019 incipit,

557 2064 579 2098 ι
617 2047 688 2098 lta
730 2052 980 2116 tanquam
1016 2045 1237 2099 alteram
1273 2059 1557 2113 personam
1583 2042 1779 2099 aﬂatur
1808 2060 1823 2097 :
1850 2045 1983 2113 Age,
2022 2042 2102 2096 fa-

556 2154 577 2187 ε
612 2136 842 2201 ciamus,
873 2135 1122 2204 inquiens
1162 2152 1175 2189 :
1234 2148 1335 2203 age
1372 2133 1685 2205 eﬂingamus
1737 2144 1988 2189 statuam.
2020 2133 2101 2187 Ad

555 2246 576 2279 ε
606 2227 850 2282 eumdem
873 2226 1087 2281 modum
1122 2225 1494 2280 universorum
1535 2225 1795 2280 Dominus
1828 2224 1989 2288 Deus,
2025 2226 2103 2277 vi-

555 2338 576 2371 ε
616 2328 829 2374 ventem
855 2319 919 2374 de
947 2328 1091 2373 terra
1109 2328 1341 2373 statuam
1365 2316 1683 2381 eﬁlnxurus,
1703 2332 1809 2371 non
1841 2318 1907 2371 ad
1939 2316 2100 2370 alium

557 2428 577 2460 ε
612 2410 864 2479 aliquem,
885 2408 978 2464 sed
1010 2410 1076 2463 ad
1103 2423 1257 2463 suum
1302 2408 1474 2476 ipsius
1527 2406 1845 2475 Sermonem
1870 2422 1928 2461 se
1956 2423 2103 2461 com-

559 2518 580 2551 ε
621 2490 792 2569 ponit,
817 2497 1124 2561 Faciamus,
1159 2500 1334 2563 aiens,
1366 2498 1648 2563 hostium,
1698 2511 1803 2553 non
1852 2497 1920 2551 ad
1947 2512 2101 2551 eum-

558 2609 578 2641 ε
613 2591 732 2645 dem
768 2588 981 2643 modum
1009 2602 1116 2657 quo
1158 2597 1397 2642 caetera:
1438 2601 1561 2641 uam
1611 2596 1760 2642 certe
1805 2586 2101 2640 secundum

2200 532 2219 563 ι
2260 513 2454 581 λέγων·
2502 514 2823 585 Ποιήσωμεν
2865 515 3149 585 ἄνθρωπον
3191 516 3251 569 οὐ
3295 514 3386 568 τὸν
3432 516 3596 569 αὐτὸν
3649 519 3767 581 τοῖς

2200 623 2218 654 s
2253 602 2430 666 ἄλλοις
2452 602 2672 674 τρόπον·
2710 603 2852 673 λόγῳ
2877 602 3039 675 γάρὴ
3073 606 3225 659 πᾶσα
3263 603 3475 673 ἐγένετο
3498 604 3696 668 κτίσις.
3739 625 3762 657 s

2196 692 2304 745 Kal
2326 692 2534 756 τούτοις
2571 693 2691 764 μεθ’
2717 694 2879 763 ἔτερα
2910 694 3171 763 ἐπιλέγει⁸
3215 713 3234 745 ι
3272 695 3409 749 Nuvl
3432 695 3491 747 δὲ
3520 696 3770 749 πιστεύω

2201 802 2219 833 ι
2257 785 2375 846 ταῖς
2420 783 2593 846 θείαις
2647 784 2909 854 Γραφαῐς,
2956 784 3037 838 ὅτι
3082 780 3162 847 εἷς
3192 784 3344 849 Θεὸς,
3382 785 3475 837 καὶ
3510 784 3540 837 ό
3572 784 3766 837 τούτου

2200 890 2219 923 t
2254 872 2421 939 Λόγος
2443 872 2575 937 Θεὸς
2602 874 2838 944 προῆλθε
2873 874 2969 947 μὲν
2999 891 3091 928 του
3115 874 3348 945 Πατρός,
3379 875 3467 928 ἶνα
3491 875 3672 929 πάντα
3696 875 3766 928 δι’

2202 983 2220 1014 ι
2254 962 2417 1016 αὐτοῦ
2461 963 2703 1032 γένηται.
2740 964 2894 1017 Μετὰ
2933 964 2991 1018 δὲ
3024 962 3114 1015 τὸν
3152 964 3340 1032 καιρὸν
3377 963 3478 1033 τῆς
3505 965 3767 1034 κρίσεως,

2200 1074 2220 1106 t
2256 1056 2349 1108 καὶ
2372 1053 2471 1124 τὴν
2494 1053 2602 1107 τῶν
2622 1052 2874 1107 ἁπάντων
2891 1052 3193 1125 διόρθωσιν,
3227 1053 3320 1105 καὶ
3341 1051 3432 1106 τὸν
3457 1052 3770 1123 ἀφανισμὸν

2200 1164 2220 1196 ι
2256 1146 2355 1215 τῆς
2393 1144 2778 1215 ἀντικειμένης
2834 1144 3051 1215 ἁπάσης
3102 1143 3401 1213 ἐνεργείας,
3430 1143 3552 1196 τότε
3602 1144 3770 1208 αὐτὸς

2202 1251 2240 1284 ι·
2268 1235 2666 1307 ὑποταγήσεται
2693 1234 2773 1305 τῷ
2811 1234 3135 1301 ὑποτάξαντι
3156 1232 3304 1304 αὑτῷ
3326 1233 3397 1287 τὰ
3427 1234 3625 1297 πάντα,
3647 1232 3770 1305 Θεῷ

2203 1344 2221 1374 ε
2257 1327 2349 1379 καὶ
2362 1326 2554 1399 Πατρὶ,
2580 1326 2831 1390 ῐνόὗτως
2933 1328 2991 1379 tv
3023 1325 3139 1395 Θεῷ
3165 1325 3194 1377 ό
3225 1324 3417 1392 Λόγος,
3457 1324 3648 1397 ὥσπερ
3674 1324 3771 1379 καὶ

2203 1437 2221 1467 ε
2254 1419 2514 1490 πρότερον
2537 1412 2625 1489 ἦν,
2656 1419 2761 1489 πρὸ
2784 1417 2879 1471 τοῦ
2897 1418 2989 1471 τὸν
3017 1419 3217 1488 κόσμον
3242 1415 3639 1481 εἷναι.οὑδενὸς
3659 1416 3771 1487 γὰρ

2203 1528 2220 1559 t
2253 1509 2404 1573 ὄντος
2456 1510 2718 1580 πρότερον
2756 1508 2789 1578 ἢ
2824 1508 2959 1562 Θεοῦ
2988 1508 3168 1579 μόνου,
3202 1511 3416 1562 πάντων
3441 1508 3497 1561 δὲ
3540 1507 3631 1561 διὰ
3671 1504 3770 1561 τοῦ

2203 1617 2223 1649 t
2260 1600 2429 1666 Λόγου
2450 1598 2728 1667 γίγνεσθαι
2763 1598 3079 1669 μελλόντων,
3107 1597 3377 1668 προῆλθεν
3401 1599 3430 1651 ό
3450 1598 3625 1665 Λόγος
3639 1597 3773 1667 δρα-

2207 1711 2225 1742 t
2264 1693 2419 1761 στικῇ
2472 1690 2740 1763 ἐνεργείᾳ,
2786 1692 2816 1743 ό
2852 1689 3021 1757 Λόγος
3057 1681 3209 1752 οὗτος
3235 1688 3330 1741 τοῦ
3368 1688 3578 1759 Πατρός
3606 1686 3703 1740 ὥν.
3746 1705 3766 1737 s

2130 1748 2172 1803 Β
2199 1781 2308 1832 Kal
2356 1748 2517 1833 πάλιν
2671 1748 2837 1849 αὑτὴν
2863 1748 3097 1830 διάνοιαν
3117 1748 3440 1845 λεὺκότερον
3468 1748 3652 1846 item
3679 1774 3773 1829 λι-

2198 1884 2328 1935 γων’
2353 1867 2466 1937 Πρὸ
2491 1867 2600 1937 γὰρ
2628 1866 2721 1919 τοῦ
2735 1867 2827 1919 τὸν
2856 1866 3056 1937 κόσμον
3080 1860 3243 1929 εἶναι,
3275 1860 3345 1935 ἦν
3362 1867 3391 1917 ό
3414 1864 3586 1933 Λόγος
3615 1866 3776 1933 ἑντῳ

2205 1976 2224 2008 t
2250 1958 2442 2028 Πατρι.
2468 1958 2596 2010 Ὅτε
2624 1958 2681 2009 δὲ
2700 1958 2729 2008 ό
2757 1956 2887 2020 Θεὸς
2903 1955 3293 2026 παντοκράτωρ
3318 1954 3494 2008 πάντα
3510 1955 3579 2007 τά
3603 1957 3663 2007 ὲν
3682 1953 3776 2007 οὑ-

2203 2068 2221 2099 s
2257 2050 2437 2118 ρανοῖς
2467 2047 2563 2101 καὶ
2603 2046 2696 2099 ἰπὶ
2726 2046 2829 2115 γῆς
2866 2043 3128 2115 προύθετο
3172 2044 3417 2113 ποιῆσαι,
3442 2045 3774 2115 ὲνεργείαςή

2204 2160 2222 2192 t
2258 2138 2353 2192 τοῦ
2375 2138 2579 2208 κόσμου
2606 2135 2816 2205 γένεσις
2846 2135 3012 2188 ἐδεῖτο
3035 2135 3351 2206 δραστικῆς·
3369 2134 3464 2187 καὶ
3483 2133 3571 2187 διὰ
3590 2133 3775 2197 τοῦτο,

2207 2249 2225 2280 ε
2257 2228 2480 2300 μηδενὸς
2508 2228 2659 2289 ὄντος
2698 2224 2883 2297 ἑτέρου
2933 2224 3073 2295 πλὴν
3115 2223 3209 2278 τοῦ
3233 2223 3392 2291 Θεοῦ,
3416 2224 3617 2294 (πάντα
3664 2225 3778 2296 γάρ

2205 2338 2224 2369 ι
2256 2318 2594 2388 ὁμολογεῖται
2636 2316 2726 2369 ὑπ’
2762 2314 2926 2369 αὑτοῦ
2964 2311 3369 2386 γεγεννῆσθαι),
3393 2314 3514 2368 τότε
3539 2317 3570 2369 ό
3601 2314 3778 2383 Λόγος

2206 2431 2224 2462 ι
2255 2406 2529 2481 προελθὼν
2545 2406 2750 2476 εγενετο
2774 2406 2869 2460 τοῦ
2893 2407 3096 2475 κόσμου
3130 2405 3377 2477 ⁸ποιητὴς,
3400 2404 3430 2458 ὃ
3457 2406 3548 2460 καὶ
3579 2406 3780 2479 πρότε-

2206 2520 2224 2551 ε
2254 2518 2342 2571 ρον
2363 2499 2509 2553 ἔνδον
2539 2497 2744 2568 νοητῶς
2773 2496 3051 2567 ὀνομάζων
3071 2495 3283 2550 αὐτόν.»
3309 2495 3419 2549 Kal
3443 2491 3600 2559 αὖθις
3639 2495 3781 2567 μετὰ

2201 2591 2374 2644 πάντα
2390 2588 2638 2659 ἐπιφέρει
2664 2587 2856 2655 λέγων’
2877 2605 2896 2637 ι
2922 2587 3029 2640 Kal
3046 2585 3136 2639 διὰ
3154 2584 3310 2639 τοῦτο
3333 2586 3433 2657 οὐχ
3458 2587 3596 2640 Υιὸν
3626 2587 3779 2642 Θεοῦ

556 2698 577 2733 ι
620 2682 884 2737 rationem
907 2684 1161 2737 universa
1186 2681 1578 2737 formabantur.
1616 2700 1635 2734 ι
1655 2681 1817 2735 Addit
1840 2682 1957 2735 istis
1985 2690 2101 2750 post

2206 2702 2225 2733 ε
2248 2681 2435 2736 ἑαυτὸν
2447 2679 2721 2752 ὀνομάζει,
2739 2678 2853 2733 ἀλλ’
2870 2677 3291 2746 ᾶνθρωπον,ῐνα
3303 2676 3392 2731 διὰ
3405 2677 3505 2748 τῆς
3518 2676 3781 2751 τοιαύτης

552 2774 655 2827 alia
689 2787 705 2826 :
735 2772 826 2846 [Β.
848 2771 1023 2847 CVIII]
1087 2790 1106 2824 t
1161 2771 1314 2827 Nunc
1370 2780 1553 2828 autem
1602 2772 1775 2827 sacris
1806 2771 2101 2839 Scripturis

2206 2792 2224 2823 ι
2248 2771 2532 2842 ὁμολογίας
2569 2769 2716 2823 θέσει
2760 2768 2851 2823 τὸν
2894 2768 3179 2840 ἄνθρωπον
3195 2768 3282 2822 διὰ
3318 2768 3415 2839 τὴν
3446 2770 3583 2841 πρὸς
3614 2768 3782 2825 αὑτὸν

557 2883 578 2917 ε
607 2867 788 2929 credo,
815 2865 956 2934 quod
976 2879 1113 2919 unus
1142 2864 1215 2919 sit
1250 2863 1413 2929 Deus,
1460 2872 1517 2918 et
1550 2863 1666 2932 ejus
1696 2862 1929 2918 Verbum
1957 2862 2099 2916 Deus

2207 2884 2226 2916 t
2249 2863 2532 2918 κοινωνίαν
2543 2854 2667 2915 'ulbv
2685 2860 2821 2914 Θεοῦ
2840 2859 3090 2928 γενέσθαι
3105 2861 3513 2934 παρασκευάσῃ·
3533 2861 3627 2915 καὶ
3640 2861 3781 2933 μετὰ

557 2972 578 3004 ε
612 2967 643 3008 e
664 2952 822 3009 Patre
850 2953 1065 3022 quidem
1095 2953 1249 3022 exiit,
1270 2962 1332 3011 ut
1355 2953 1536 3009 omnia
1561 2966 1656 3020 per
1688 2950 1837 3006 illum
1890 2951 2099 3005 tierent.

2208 2974 2226 3005 ε
2249 2954 2312 3007 τὸ
2353 2953 2504 3015 τέλος
2535 2952 2635 3022 τῆς
2683 2949 2931 3021 πράξεως
2960 2945 3135 3013 αὖθις,
3165 2950 3241 3013 ὡς
3289 2950 3465 3018 λόγος,
3493 2951 3669 3023 ἑνωθῇ
3697 2952 3780 3022 τῷ

559 3063 579 3095 ε
615 3043 740 3099 Post
759 3044 945 3111 iudicii
977 3054 1185 3114 tempus
1231 3054 1288 3102 et
1345 3060 1528 3100 rerum
1560 3044 1798 3099 omnium
1830 3055 2101 3098 restaura-

2209 3064 2227 3097 t
2248 3042 2614 3114 Θεῷ,πληρῶν
2628 3042 2800 3096 ἐκεῖνο
2812 3040 2873 3094 τό
2886 3039 2989 3093 ὑπὸ
3000 3032 3094 3093 τοῦ
3112 3041 3428 3095 ’Δποστόλου
3446 3042 3782 3115 προειρημόι

563 3154 583 3187 ε
624 3136 821 3191 tionem
838 3179 853 3203 ,
882 3144 938 3191 et
970 3136 1227 3216 opposita
1251 3135 1535 3205 potestatis
1558 3136 1925 3205 cujuscunque
1951 3148 2101 3189 amo-

2200 3156 2221 3189 s
2244 3151 2351 3188 vov.
2374 3133 2509 3188 Τότε
2525 3130 2704 3198 αὐτὸς
2721 3128 3161 3216 ὐξτπατήσεται
3180 3129 3260 3195 τῷ
3273 3131 3641 3213 ὑποτάξαντι
3672 3135 3782 3188 αὐ.

562 3244 583 3277 s
625 3225 886 3288 litionem,
911 3214 1033 3279 tunc
1049 3224 1358 3291 subiicietur
1384 3224 1490 3293 ipse
1530 3225 1634 3289 illi,
1669 3225 1757 3294 qui
1793 3227 1841 3278 ei
1875 3224 2095 3293 subjecit

2201 3244 2221 3276 ι
2244 3222 2323 3289 τῷ
2336 3222 2407 3276 τὰ
2420 3219 2737 3283 πάνταλνα
2747 3214 2789 3291 ᾖ
2801 3217 2995 3273 πάντα
3008 3221 3105 3273 καὶ
3120 3219 3191 3273 ἐν
3205 3219 3354 3276 πᾶσι
3367 3224 3622 3290 Χριστός
3636 3224 3777 3295 (51).

561 3332 583 3367 t
614 3315 790 3369 omnia
816 3315 861 3380 ¹,
894 3313 1001 3369 Deo
1047 3322 1102 3369 et
1149 3313 1315 3379 Patri,
1361 3323 1419 3367 ut
1447 3314 1514 3368 ad
1544 3329 1669 3368 eum
1703 3313 1915 3368 modum
1947 3316 2017 3368 sit
2049 3314 2101 3367 in

2204 3339 2222 3371 ε
2254 3320 2442 3371 Ἔσται
2462 3314 2570 3387 γὰρ
2584 3313 2884 3386 τηνικαῦτα
2909 3314 3055 3367 τοῦθ’
3089 3316 3225 3387 ὅπερ
3252 3317 3513 3388 πρότερον
3526 3312 3648 3387 ἦν.»
3678 3316 3782 3371 Διὰ

561 3424 582 3459 ι
617 3405 723 3461 Deo
752 3405 966 3459 demum
989 3403 1247 3468 Verbum,
1271 3419 1379 3474 quo
1403 3404 1551 3471 prius
1571 3404 1696 3458 olim
1728 3402 1921 3469 fuerat,
1940 3419 2100 3474 quam

2199 3408 2461 3462 τοσούτων
2486 3405 2802 3477 Μάρκελλος
2832 3408 3014 3475 γυμνῇ
3057 3407 3124 3475 τῇ
3158 3406 3365 3477 κεφαλῇ
3398 3404 3487 3458 τὸν
3522 3404 3649 3459 Υῑδν
3682 3405 3777 3459 τοῦ

562 3508 582 3540 ε
623 3493 855 3545 mundus
886 3500 1187 3546 crearetur.
1214 3489 1354 3545 Nam
1375 3506 1495 3545 cum
1528 3492 1676 3561 prius
1716 3492 1850 3546 nihil
1885 3507 2101 3562 prorsus

2204 3498 2339 3553 Θεοῦ
2368 3497 2695 3568 ἐξωμόσατο.
2719 3494 2904 3566 Εἰγὰρ
2934 3495 2993 3547 ἒν
3026 3498 3119 3549 καὶ
3151 3496 3344 3550 ταύτὸν
3365 3492 3434 3568 ἦν
3460 3497 3490 3549 ό
3515 3495 3781 3559 Θεδς,καὶ

561 3599 582 3632 ε
618 3591 852 3637 exstaret
882 3583 983 3637 nisi
1014 3582 1161 3639 solus
1190 3583 1352 3648 Deus,
1390 3584 1667 3639 condenda
1698 3594 1876 3641 autem
1924 3594 2101 3639 essent

2201 3591 2231 3643 ό
2263 3592 2320 3642 tv
2347 3585 2493 3657 αύτῷ
2524 3585 2711 3653 Λόγος,
2737 3584 2910 3647 οὐδεὶς
2940 3583 2997 3637 δὲ
3023 3582 3239 3637 πώποτε
3262 3584 3423 3649 αὐτὸς
3456 3583 3651 3639 ἑαυτοῦ
3680 3586 3779 3654 γε·

563 3692 582 3723 ε
617 3675 797 3727 omnia
834 3687 931 3743 per
961 3672 1221 3741 Verbum,
1260 3675 1457 3745 prodiit
1479 3675 1712 3729 Verbum
1748 3676 1947 3729 virtute
1972 3689 2101 3745 prte-

2204 3679 2333 3732 νοιτ’
2391 3676 2456 3730 ἂν
2493 3676 2701 3747 Πατὴρ,
2730 3675 2806 3738 ὡς
2858 3675 2965 3727 οὐδ’
2994 3675 3153 3738 αὐτὸς
3190 3676 3382 3729 ἑαυτοῦ
3416 3677 3531 3739 υἱὸς
3574 3674 3649 3729 ὢν
3680 3678 3780 3730 καὶ

564 3784 582 3814 ε
615 3766 787 3818 tlitum
818 3767 1121 3833 operatrice
1153 3783 1168 3821 :
1201 3764 1433 3821 Verbum
1460 3766 1684 3834 inquam
1716 3766 1844 3821 illud
1875 3766 2016 3834 quod
2050 3766 2101 3818 in

2210 3769 2388 3839 μόνος,
2411 3763 2490 3830 εἷς
2511 3767 2566 3819 δὲ
2596 3765 2752 3836 μόνος
2780 3761 2868 3837 ἦν,
2898 3766 2995 3819 καὶ
3028 3766 3215 3831 ἑαυτὸς
3242 3766 3319 3836 τῷ
3346 3766 3539 3820 ἑαυτοῦ
3562 3767 3723 3837 Λόγῳ
3748 3770 3779 3821 ό

564 3871 585 3905 ε
620 3853 777 3906 Patre
799 3852 919 3910 fuit.
959 3878 977 3906 ι
1010 3854 1217 3911 Rursus
1272 3864 1451 3910 autem
1494 3856 1737 3909 eamdem
1780 3854 2101 3911 sententiam

2210 3858 2361 3921 Θεὸς,
2403 3856 2559 3927 δῆλον
2603 3856 2677 3919 ὼς
2713 3856 2773 3908 οὐ
2808 3857 2994 3927 Πατὴρ
3020 3851 3108 3926 ἦν,
3142 3856 3215 3927 μὴ
3245 3856 3581 3927 ὑπάρχοντος
3626 3857 3777 3930 αὐτῷ

558 3945 877 4013 explicatius
901 3946 1053 4015 ponit
1074 3948 1125 4001 in
1149 3946 1527 4016 sequentibus:
1550 3946 1637 4017 [Β.
1656 3945 1761 4000 LIV
1793 3946 1914 4002 coll.
1948 3947 2101 4015 p.ll'l

2212 3947 2360 4002 Υἱοῦ·
2391 3947 2513 4001 οὔτε
2547 3948 2690 4012 Υἱὸς,
2730 3949 2803 4019 μὴ
2830 3948 3136 4017 ὑφεστῶτος
3166 3949 3313 4020 αὐτῷ
3330 3950 3561 4021 Πατρός.

562 4034 752 4101 1),165
784 4035 848 4107 Α]
894 4056 913 4089 t
949 4038 1104 4093 Prius
1123 4039 1267 4093 enim
1290 4052 1455 4107 quam
1484 4038 1714 4093 mundus
1743 4040 2063 4096 conderetur
2096 4082 2111 4104 ,
2144 4051 2263 4096 erat
2288 4039 2536 4110 Verbum;
2566 4040 2619 4094 in
2664 4038 2827 4094 Patre
2864 4055 2982 4094 suo.
3003 4039 3136 4095 Cum
3175 4055 3304 4097 vero
3341 4040 3481 4097 Deus
3528 4042 3777 4112 omnipo-

565 4144 585 4177 ε
618 4133 736 4180 tens
762 4138 1020 4183 statueret
1047 4131 1226 4185 omnia
1248 4144 1367 4198 qua:
1400 4127 1453 4182 in
1484 4128 1622 4182 caelo
1655 4138 1802 4192 sunt,
1840 4138 1892 4182 et
1926 4130 1977 4183 in
2009 4141 2172 4197 terra,
2211 4132 2443 4187 condere
2471 4152 2483 4187 :
2545 4130 2732 4186 mundi
2766 4133 2973 4185 creatio
3022 4131 3111 4185 illa
3146 4130 3421 4202 indigebat
3455 4134 3775 4202 operatione

567 4238 587 4270 ι
622 4217 884 4275 eﬂectiva.
919 4221 1143 4286 Idcirco,
1165 4236 1287 4276 cum
1330 4229 1531 4288 prater
1559 4219 1725 4274 Deum
1756 4221 1885 4276 nihil
1913 4238 2132 4290 prorsus
2168 4232 2335 4288 esset,
2362 4224 2507 4291 (nam
2533 4232 2622 4278 est
2652 4222 2889 4293 positum
2926 4223 3055 4276 illud
3100 4224 3154 4277 in
3212 4225 3484 4291 confesso,
3517 4227 3771 4282 universa

567 4333 584 4360 ι
622 4310 783 4365 fuisse
820 4313 888 4367 ah
926 4312 1016 4367 illo
1039 4311 1273 4383 condita)
1301 4320 1428 4365 tunc
1469 4310 1764 4378 procedens
1792 4312 2022 4366 Verbum
2088 4314 2253 4367 ﬁebat
2312 4312 2492 4367 mundi
2525 4313 2792 4377 conditor,
2822 4313 2965 4381 quod
3019 4312 3170 4381 prius
3211 4313 3360 4369 intus
3389 4314 3775 4374 intellectuali-

567 4420 585 4452 ε
626 4412 708 4456 ter
744 4402 1001 4468 residens,
1036 4401 1155 4471 Ipse
1182 4403 1336 4472 fuit.»
1372 4407 1429 4465 sit
1460 4401 1524 4456 Et
1552 4415 1742 4455 rursus
1769 4403 2078 4468 postomnia
2110 4402 2256 4457 addit
2288 4420 2301 4455 ε
2330 4420 2349 4454 t
2380 4401 2529 4457 Hanc
2565 4404 2636 4457 oh
2659 4417 2879 4457 causam
2917 4417 3026 4457 non
3054 4417 3113 4457 se
3138 4403 3382 4458 nominat
3409 4402 3613 4459 Filium
3651 4407 3769 4476 Dei,

568 4517 586 4547 ε
624 4495 713 4544 sed
740 4492 1043 4545 hominem:
1080 4501 1137 4544 ut
1164 4491 1237 4545 ita
1283 4490 1577 4556 hominem,
1609 4505 1708 4560 per
1752 4494 2185 4546 communionem
2224 4507 2344 4546 cum
2386 4493 2518 4562 ipso
2554 4494 2885 4561 copulatum,
2911 4493 3025 4548 ﬁeri
3055 4506 3373 4564 procuraret
3400 4495 3593 4551 Filium
3625 4498 3719 4553 Dei
3753 4519 3766 4556 :

569 4597 587 4629 ι
626 4590 679 4635 ct
712 4581 858 4636 ﬁnita
890 4584 989 4637 hac
1030 4583 1447 4649 dispensationis
1496 4583 1707 4637 actione
1729 4622 1745 4647 ,
1790 4581 1985 4637 iterum
2031 4584 2176 4637 velut
2214 4585 2445 4640 Verbum
2477 4586 2766 4640 aduniatur
2798 4585 2909 4638 Deo
2941 4584 3237 4654 adimplens
3266 4588 3410 4656 quod
3442 4588 3647 4644 dictum
3688 4590 3773 4645 εει

570 4688 588 4720 ε
632 4673 697 4723 ah
720 4673 996 4740 Apostolo,
1037 4670 1180 4726 Tunc
1227 4681 1275 4725 et
1316 4674 1423 4741 ipse
1474 4673 1731 4742 subjectus
1772 4675 1870 4727 erit
1922 4674 2040 4741 illi,
2092 4678 2178 4743 qui
2220 4678 2527 4747 omnia.ipsi
2563 4677 2875 4745 subjecerat,
2914 4687 2983 4730 ut'
3021 4677 3097 4731 sic
3147 4677 3286 4733 Deus
3329 4678 3427 4748 fiat
3478 4683 3659 4736 omnia
3714 4684 3770 4737 in

571 4780 589 4811 s
626 4761 1055 4819 omnibus'.'l‘unc
1082 4763 1223 4816 enim
1249 4762 1352 4816 erit
1381 4763 1519 4817 idem
1549 4765 1687 4833 quod
1718 4765 1865 4834 prius
1892 4763 2120 4821 fuerat.»
2169 4766 2299 4821 Tam
2333 4769 2514 4824 multis
2555 4768 2836 4822 Marcellus
2896 4768 3025 4822 illud
3067 4769 3199 4840 egit,
3247 4779 3308 4825 ut
3358 4772 3595 4827 revelata
3629 4764 3770 4831 facie

566 4852 656 4907 Dei
702 4854 892 4908 Filium
937 4856 1129 4925 ejuret.
1185 4858 1241 4909 Si
1270 4856 1413 4910 enim
1445 4871 1583 4911 unus
1628 4867 1790 4922 atque
1816 4859 1956 4913 idem
1988 4869 2106 4914 erat
2145 4860 2305 4922 Deus,
2336 4872 2391 4916 et
2412 4862 2553 4931 quod
2580 4862 2632 4914 in
2658 4860 2896 4915 Deoerat
2916 4861 3173 4927 Verbum,
3229 4872 3284 4917 et
3338 4878 3500 4918 nemo
3528 4880 3767 4934 unquam

566 4944 889 5013 sihimetipsi
924 4946 1156 4999 exsistat
1186 4943 1366 5011 Pater,
1418 4954 1478 4998 ut
1539 4960 1637 5002 nec
1684 4946 1856 5002 Filius
1906 4948 2189 5017 quisquam
2228 4949 2330 5004 sibi
2361 4950 2485 5020 ipsi,
2512 4952 2604 5018 qui
2631 4963 2767 5002 unus
2804 4959 2968 5013 esset,
2996 4965 3135 5004 unus
3168 4960 3344 5007 autem
3374 4950 3521 5007 solus
3566 4963 3687 5007 erat
3715 4951 3770 5010 ei

569 5040 796 5106 ipsemet
820 5054 916 5094 suo
952 5038 1127 5094 Verbo
1191 5040 1351 5103 Deus,
1400 5052 1620 5110 apparet
1670 5044 1812 5111 quod
1849 5057 1954 5097 non
1992 5053 2109 5097 erat
2146 5044 2325 5113 Pater,
2383 5060 2507 5099 cum
2565 5043 2805 5097 nondum
2857 5050 3097 5099 exstaret
3165 5043 3333 5113 ipsius
3374 5043 3582 5100 Filius;
3614 5046 3765 5109 item,

566 5132 709 5197 quod
736 5145 837 5183 non
861 5138 975 5184 erat
1010 5129 1195 5195 Filius,
1223 5145 1344 5185 cum
1392 5133 1623 5185 nondum
1655 5140 1896 5186 exstaret
1929 5130 2109 5187 Pater.

641 5220 717 5273 Ex
751 5220 1030 5276 antedictis
1058 5223 1177 5275 ideo
1204 5223 1577 5291 cognoscimus
1591 5237 1707 5293 qua:
1720 5233 1773 5279 et
1796 5225 1971 5293 qualia
1993 5225 2093 5277 iste

567 5312 727 5367 homo
744 5321 1131 5367 commentatus
1148 5323 1249 5378 est,
1269 5314 1335 5367 de
1356 5312 1530 5368 Verbo
1552 5313 1642 5367 Dei
1662 5328 1765 5369 non
1783 5316 2093 5380 exsistente,

2278 5219 2469 5273 Ὀποῖα
2498 5218 2597 5289 μὲν
2616 5215 2707 5272 οὖν
2737 5219 2863 5287 περὶ
2892 5217 2984 5272 τοῦ
3021 5218 3151 5289 μηδὲ
3175 5213 3333 5283 εἶναι,
3363 5218 3497 5291 μηδὲ
3529 5224 3770 5291 προῦφε-

2203 5314 2391 5370 στάναι
2444 5312 2536 5365 τὸν
2590 5310 2683 5365 τοῦ
2736 5310 2871 5364 Θεοῦ
2930 5311 3078 5377 Υἱὸν,
3130 5310 3381 5382 ψιλὸηδὲ
3416 5311 3589 5381 Λόγον
3620 5312 3766 5369 ἰνῶν

646 5483 703 5541 >14
742 5478 837 5535 Ed.
861 5480 1061 5547 Paris.,
1096 5497 1217 5553 pag.
1252 5482 1341 5537 42.
1433 5484 1449 5515 ¹
1486 5484 1636 5538 Deut.
1669 5500 1751 5547 ιιι,
1779 5484 1881 5548 24;
1910 5501 1981 5548 tv,
2010 5485 2096 5539 59.

2199 5504 2227 5540 ι.
2255 5482 2538 5548 ιινιιι,12.
2580 5480 2601 5511 ¹
2628 5478 2789 5536 lCor.
2827 5496 2915 5548 xv,
2940 5468 3032 5536 98.
3103 5481 3124 5512 ³
3152 5479 3277 5536 ibid.

646 5614 755 5683 (5i)
798 5615 993 5670 Πάντα
1045 5618 1142 5671 καὶ
1185 5619 1254 5671 ὲν
1304 5616 1451 5673 πᾶσι
1497 5618 1759 5683 Χριστός.
1796 5617 1903 5673 Imo
1947 5618 2101 5680 Gaéc,

2213 5620 2371 5686 vulgo
2412 5617 2560 5685 αὑτῷ
2592 5619 2766 5672 πάντα
2800 5627 2853 5672 ct
2884 5616 3022 5671 infra
3070 5614 3244 5685 ἑαυτῷ
3271 5623 3324 5671 et
3363 5614 3453 5667 τὸν
3490 5610 3584 5667 τοῦ
3625 5610 3765 5670 κῆ

576 5686 713 5755 apud
732 5688 1037 5754 Apostolum
1054 5699 1107 5742 et
1130 5690 1194 5744 dc
1218 5691 1479 5745 sententia
1498 5688 1751 5744 Marcelli.
1775 5688 1842 5742 Μ.
1866 5720 1929 5728 -
1956 5688 2124 5758 Supra
2232 5689 2419 5755 Λόγον.
