4048 6442
305 420 411 478 ωί

1430 418 1709 477 CONTRA
1750 418 2179 476 IARCELLUII
2216 421 2345 477 LIB.
2383 423 2451 478 11.

3444 423 3552 480 802

313 556 335 588 ι
372 552 485 599 ται,
507 492 703 590 κτίσιν
744 554 765 589 s
808 535 901 588 καὶ
942 532 1204 604 ἐπιλέγει·
1250 552 1270 586 ι
1311 535 1388 588 Οὐ
1406 535 1606 589 στοίνυν
1648 552 1803 600 ουτος
1848 538 1861 590 ί

1984 555 2004 589 ι
2045 537 2226 593 omnia
2282 537 2401 609 ipse
2429 535 2678 593 conditus
2707 535 2802 602 sit,
2835 535 2931 591 sed
2963 543 3187 607 propter
3213 535 3361 592 illam
3392 550 3548 594 suam

309 646 333 677 ο
371 625 672 696 ἀγιιςηατος
697 625 868 694 Λόγος
900 624 1008 697 πρὸ
1030 623 1132 695 τῆς
1158 624 1621 698 ινανθρωπήσεως
1652 626 1874 700 Πρωτό-

310 736 331 768 ι
371 734 530 781 τοκος
559 716 774 788 ἀπάσης
796 714 1025 779 κτίσεως
1050 715 1332 787 ὡνόμαστο
1366 715 1505 787 (πῶς
1525 716 1634 788 γὰρ
1652 717 1874 773 δυνατὸν

311 825 333 859 ι
370 807 465 863 τὸν
505 808 593 862 ἀεὶ
627 807 754 861 ὄντα
788 806 1124 878 πρωτότοκον
1164 803 1304 861 εἷναί
1357 824 1540 873 τινοςς
1568 809 1589 879 )
1620 808 1756 864 ἀλλά
1781 810 1875 864 τὸν

309 917 329 946 ι
371 896 585 968 πρῶτον
616 894 801 950 καινὸν
840 895 1142 967 ἄνθρωπον,
1169 898 1250 959 είς
1273 895 1334 949 δν
1358 897 1429 951 τά
1453 898 1633 953 πάντα
1670 899 1872 953 ἀνακε-

308 1006 329 1039 s
372 985 780 1056 φαλαιώσασθαι
828 986 1093 1059 έσουλήθη
1131 988 1163 1040 ὸ
1195 986 1348 1052 Θεὸς,
1391 987 1581 1043 τοῦτον
1635 990 1694 1042 al.
1735 989 1871 1044 θεῖαι

309 1096 330 1129 s
368 1078 583 1148 Γραφαὶ
606 1076 952 1148 Πρωτότοκον
987 1078 1167 1146 πάσης
1208 1076 1534 1147 ὀνομάζουσι
1564 1078 1815 1143 κτίσεως,
1844 1099 1865 1134 s

300 1168 415 1221 Καὶ
437 1164 591 1231 αὖθις
617 1167 865 1239 ἐπιφέρει
886 1184 899 1196 ·
929 1184 948 1218 ι
989 1165 1228 1231 Ἀκούεις
1255 1168 1402 1231 ὅπως
1440 1169 1502 1221 οὐ
1544 1169 1703 1240 μόνον
1734 1168 1871 1223 ταῦ-

306 1277 327 1310 s
352 1262 453 1326 τα,
482 1259 617 1312 ἀλλά
656 1260 749 1312 κα)⁸
785 1258 855 1312 τά
888 1258 1308 1329 προϋπάρχοντα
1333 1258 1392 1313 έν
1409 1276 1468 1312 τε
1498 1260 1746 1331 οὐρανοῖς
1777 1261 1871 1314 καὶ

306 1370 326 1403 ι
364 1352 460 1405 ἐπὶ
482 1353 582 1422 τῆς
610 1352 711 1421 γῆς
738 1351 797 1403 ἐν
825 1350 975 1421 αὐτῷ
997 1352 1134 1405 κατά
1164 1352 1264 1422 τὴν
1296 1352 1487 1423 καινὴν
1519 1354 1695 1407 κτίσιν
1721 1354 1869 1405 ικτί-

305 1460 325 1493 ι
367 1441 491 1497 σθαι
512 1443 812 1513 συμϐαίνει.
848 1461 867 1494 s
906 1442 1087 1497 Ταῦτα
1119 1443 1216 1514 μὲν
1248 1439 1340 1497 οὖν
1373 1445 1440 1497 δι’
1475 1438 1550 1499 ὧν
1588 1445 1869 1516 Πρωτότο-

298 1552 398 1588 κον
427 1536 605 1605 πάσης
631 1534 858 1596 κτίσεως
911 1534 999 1587 διά
1035 1533 1134 1604 τὴν
1166 1535 1343 1605 σάρκα
1362 1536 1533 1607 ,αὐτὸν
1556 1535 1868 1607 ὠνομάσθαι

297 1626 508 1697 εἴρηκε.
563 1624 670 1677 Sta
708 1624 763 1675 δὲ
796 1624 941 1686 ὅπως
970 1624 1062 1677 κα)⁸
1088 1624 1171 1689 τὸ,
1196 1626 1409 1694 Κύριος
1437 1626 1639 1679 ἐκτισέ
1660 1642 1739 1695 με
1773 1626 1871 1693 ἀρ-

296 1716 423 1786 χὴν
437 1714 593 1770 ὁδῶν
610 1716 797 1769 αὑτοῦ
825 1718 911 1782 είς
930 1717 1075 1784 ἔργα
1089 1715 1300 1781 αὐτοῦ,
1326 1717 1487 1769 πάλιν
1509 1718 1600 1769 ἐπὶ
1622 1718 1722 1788 τὴν
1744 1718 1872 1788 σάρ-

296 1825 370 1861 κα
396 1807 685 1878 ἀναφέρει·
724 1806 799 1878 μὴ
827 1806 1107 1878 προσέχων
1135 1810 1200 1877 τῇ
1231 1806 1349 1876 θείᾳ
1378 1807 1567 1878 Γραφῇ
1597 1807 1662 1859 ὲκ
1694 1825 1866 1878 προσ-

1979 647 2001 681 ι
2030 628 2330 685 secundum
2357 642 2576 684 carnem
2602 627 3031 698 generationem.
3067 645 3089 680 ι
3125 627 3290 683 Addit
3327 638 3547 686 autem:

1979 736 1999 768 ι
2029 716 2295 785 Quocirca
2319 717 2725 773 sanctissimum
2770 717 2914 773 istud
2946 717 3206 784 Verbum,
3252 732 3359 775 non
3389 719 3545 775 dice—

1978 825 1996 857 ι
2028 806 2190 861 batur
2218 815 2346 861 ante
2368 821 2521 862 suam
2567 807 3026 871 incarnationem,
3069 808 3250 865 omnis
3276 820 3546 866 creaturas

1978 915 1998 948 ι
2037 895 2457 968 Primogenitus.
2506 896 2638 951 Nam
2671 900 2947 968 quomodo
2993 900 3108 954 tieri
3141 909 3375 969 poterat,
3408 911 3469 956 ut
3497 902 3546 956 is

1976 1001 1997 1035 ι
2026 984 2117 1053 qui
2139 999 2359 1055 semper
2378 995 2520 1053 erat,
2548 986 2778 1055 alicujus
2805 998 2954 1043 esset
2980 988 3382 1059 primogenitus
3403 989 3429 1044 τ
3448 993 3546 1046 sed

1976 1095 1996 1128 ι
2027 1078 2237 1146 primus
2268 1076 2362 1149 ille
2384 1092 2557 1133 novus
2585 1078 2771 1146 homo,
2806 1079 2861 1133 in
2885 1093 3050 1148 quem
3107 1079 3288 1135 omnia
3331 1079 3547 1136 volebat

1976 1186 1995 1218 ι
2031 1167 2172 1221 Deus
2202 1166 2538 1232 recolligere,
2562 1167 2609 1221 is
2630 1166 2683 1221 in
2710 1181 2866 1221 sacra
2890 1168 3175 1236 Scriptura
3201 1168 3544 1235 nominatur,

1935 1277 1945 1289 ο
1974 1277 1995 1312 ι
2024 1258 2203 1313 omnis
2227 1268 2498 1313 creatura:
2538 1257 2991 1329 Primogenitusa
3022 1259 3195 1313 Infert
3221 1270 3356 1316 tum:
3385 1280 3407 1313 ι
3428 1264 3545 1316 Au-

1975 1368 1995 1401 ι
2034 1351 2138 1415 dis,
2165 1357 2225 1403 ut
2250 1362 2356 1403 non
2387 1349 2565 1403 solum
2596 1350 2724 1417 ista,
2743 1351 2836 1406 sed
2865 1362 2920 1406 et
2950 1351 3043 1405 illa
3071 1352 3255 1407 omnia
3282 1355 3545 1421 praeexsi-

1973 1455 1993 1489 ι
2030 1438 2227 1494 stentia
2251 1439 2367 1495 sive
2398 1452 2562 1509 super
2585 1449 2787 1495 terram
2822 1456 2919 1495 seu
2963 1442 3018 1497 in
3050 1442 3230 1515 cmlis,
3262 1442 3428 1499 inillo
3453 1459 3543 1500 se-

1973 1547 1992 1581 ι
2024 1531 2261 1585 cundum
2290 1546 2488 1585 novam
2514 1531 2656 1586 hanc
2683 1532 3021 1588 creationem
3073 1535 3479 1591 condebantur.
3517 1554 3538 1588 ι

1966 1621 2145 1689 Atque
2175 1622 2293 1676 hac
2321 1630 2450 1677 sunt
2472 1621 2561 1676 illa
2586 1624 2787 1693 quibus
2812 1627 3133 1694 pronuntiat
3159 1626 3309 1681 illum
3334 1630 3541 1683 dictum

1966 1713 2145 1768 omnis
2167 1723 2437 1768 creatura:
2474 1712 2908 1785 Primogenitum
2939 1729 3160 1787 propter
3205 1732 3540 1791 assmuptam

1968 1820 2212 1860 carnem.
2241 1803 2376 1859 Vide
2408 1815 2588 1859 autem
2619 1807 2854 1876 qualiter
2883 1808 2951 1862 ad
2983 1823 3205 1864 carnem
3237 1825 3457 1881 quoque
3485 1820 3543 1866 et

294 1896 444 1951 ὡπου
482 1897 581 1967 τῆς
620 1897 809 1967 σοφίας
848 1899 905 1952 ὲν
945 1900 1062 1960 ταῖς
1090 1897 1420 1967 Παροιμίαις
1451 1898 1639 1951 τοῦτον
1671 1899 1861 1967 λεγού-

1969 1895 2098 1949 illud
2128 1895 2347 1959 referat,
2382 1896 2639 1951 Dominus
2665 1899 2902 1952 condidit
2960 1917 3041 1954 me
3083 1902 3398 1972 principium
3426 1906 3542 1957 via-

296 2004 366 2059 σῃ
400 1986 494 2040 τὸν
522 1985 723 2056 τρόπον
742 2003 755 2015 ·
809 1986 949 2055 Ἐγὼ
974 1986 1013 2051 ἢ
1043 1986 1229 2054 σοφία
1261 1984 1693 2050 κατεσκήνωσα
1713 1987 1863 2050 βου-

293 2075 438 2143 λὴν,
474 2076 577 2128 καί
606 2074 813 2139 δόξαν,
848 2075 946 2128 καί
969 2075 1212 2129 ἔννοιαν
1234 2075 1349 2147 ἐγὼ
1374 2077 1861 2147 ἐπεκαλεσάμην·

293 2166 368 2221 δι’
391 2167 539 2236 ἐμοῦ
561 2168 843 2233 βασιλεῖς
863 2168 1288 2232 βασιλεύουσι,
1335 2168 1435 2222 καὶ
1480 2172 1534 2221 οί
1569 2168 1865 2223 δυνάσται

293 2256 688 2325 δικαιοσύνην
713 2256 1067 2326 γράφουσιν.
1108 2251 1202 2320 Οἷς
1231 2257 1356 2327 ἑξῆς
1384 2258 1622 2325 ἐπιλέγει
1665 2261 1699 2329 ἡ
1725 2259 1863 2331 αὑτὴ

293 2336 492 2416 Σοφία·
539 2349 635 2401 Ἐν
662 2347 823 2414 ὁδοῖς
850 2347 1236 2414 δικαιοσύνης
1271 2348 1589 2414 περιπατῶ,
1618 2348 1715 2401 καὶ
1748 2349 1865 2402 ἀνὰ

286 2437 483 2506 μέσον
503 2439 715 2505 τρίϐων
734 2437 1121 2507 δικαιώματος
1143 2437 1609 2512 ἀναστρέφομαι,
1638 2439 1738 2492 ἵνα
1759 2456 1863 2507 με-

286 2527 439 2595 ρίσω
482 2526 607 2592 τοῖς
657 2527 761 2595 ἐμὲ
799 2526 1112 2597 ἀγαπῶσιν
1138 2528 1416 2596 ὕπαρξιν,
1454 2530 1552 2583 καὶ
1588 2530 1733 2597 τοὺς
1760 2536 1863 2599 θη-

290 2616 561 2683 σαυροὺς
610 2615 809 2671 αὐτῶν
842 2618 1131 2685 ἐμπλήσω
1169 2618 1427 2689 ἀγαθῶν.
1491 2623 1631 2676 Ἐὰν
1679 2624 1861 2693 ἀνατ-

292 2707 471 2775 τείλω
501 2705 643 2775 ὑμῖν
659 2709 733 2761 τὰ
757 2708 885 2762 καθ’
916 2708 1145 2777 ἡμέραν
1171 2713 1510 2781 γιγνόμενα,
1521 2717 1859 2783 μνημονεύ-

289 2810 383 2850 σω
442 2799 514 2853 τὰ
560 2798 631 2863 ἐξ
686 2798 899 2864 αἰῶνος
958 2799 1297 2869 ἀριθμῆσαι.
1354 2804 1566 2871 Κύριος
1623 2807 1862 2860 ἕκτισέν

288 2902 366 2955 με
420 2886 617 2955 ἀρχὴν
662 2886 817 2941 ὁδῶν
858 2889 1043 2941 αὐτοῦ
1087 2893 1173 2955 εὶς
1207 2892 1351 2959 ἔργα
1373 2892 1581 2958 αὑτοῦ,
1613 2896 1725 2962 πρὸ
1754 2897 1859 2950 τοῦ

292 2976 505 3043 aliIn-oc
534 2979 885 3047 ἐθεμελίωσέ
910 2997 1008 3049 με,
1036 2982 1107 3034 ἐν
1135 2982 1292 3051 ἀρχῇ
1320 2985 1432 3051 πρὸ
1467 2986 1572 3038 τοῦ
1598 2986 1715 3052 τὴν
1743 2986 1861 3054 γῆν

292 3068 574 3136 ποιῆσαι*
602 3071 695 3123 καὶ
719 3070 789 3123 τά
814 3071 1021 3136 τούτοις
1060 3074 1332 3145 έξῆς(64).
1357 3072 1451 3139 Οἷς
1478 3075 1552 3147 μὴ
1579 3076 1860 3149 βουληθεὶς

290 3161 391 3230 τὴν
403 3160 642 3214 διάνοιαν
655 3162 943 3232 ἐπιστῆσαι
958 3164 1294 3234 Μάρκελλος,
1313 3168 1430 3229 ἐνὸς
1444 3166 1499 3219 δὲ
1522 3167 1682 3238 μόνου
1704 3171 1860 3236 γενό-

295 3268 455 3321 μενος
485 3252 708 3319 σκοποῦ,
736 3252 829 3306 τοῦ
861 3254 934 3325 μὴ
958 3256 1285 3327 ὁμολογῆσαι
1315 3258 1403 3310 τὸν
1435 3259 1560 3312 Υίὸν
1584 3260 1678 3313 τοῦ
1700 3261 1857 3326 Θεοῦ,

291 3347 389 3417 τὴν
417 3346 783 3417 προκειμένην
815 3345 1091 3414 θεολογίαν
1118 3348 1212 3399 ἐπὶ
1241 3348 1339 3419 τὴν
1369 3351 1544 3421 σάρκα
1578 3352 1857 3421 ἀναφέρει,

291 3435 387 3487 καὶ
430 3434 530 3505 τὴν
562 3435 775 3488 εὐθεῖαν
809 3438 1217 3507 παρεκτραπεὶς
1263 3438 1398 3503 ὁδὸν,
1438 3441 1648 3516 ἀνοδίαν
1686 3443 1860 3513 ἐαυτῷ

292 3526 550 3595 ἐπενόησε
578 3527 803 3596 γράφων
832 3527 971 3580 κατά
999 3527 1142 3594 λέξιν
1175 3528 1365 3593 οὕτως’
1403 3548 1423 3581 ι
1461 3532 1535 3584 Τὸ
1556 3532 1736 3586 τοίνυν
1765 3551 1857 3587 κε-

297 3633 316 3664 ι
356 3615 581 3683 φάλαιον
626 3616 774 3668 τουτὶ
820 3616 916 3687 τῆς
964 3618 1287 3687 Παροιμίας,
1319 3620 1378 3671 οὐ
1411 3620 1508 3690 τὴν
1550 3621 1723 3692 ἀρχὴν
1760 3624 1857 3694 τῆς

296 3723 316 3755 ι
356 3705 626 3775 θεότητος,
680 3704 868 3776 ὥσπερ
918 3709 1070 3760 αὐτοὶ
1112 3708 1409 3778 νομίζουσι,
1460 3710 1554 3762 τοῦ
1611 3713 1858 3784 Σωτῆρος

296 3814 317 3845 ι
352 3794 509 3864 ἡμῶν
537 3796 878 3866 παραστῆσαι
912 3796 1248 3867 βουλόμενον,
1278 3800 1492 3866 Κύριος
1530 3801 1733 3855 ἐκτισέ
1757 3820 1854 3869 με,

295 3901 316 3935 ι
355 3884 458 3955 ἔφη
479 3901 493 3914 ·
529 3884 665 3936 ἀλλά
691 3886 789 3956 τὴν
816 3885 1071 3956 δευτέραν
1117 3888 1260 3939 κατά
1296 3888 1471 3957 σάρκα
1507 3891 1815 3960 οἰκονομίαν
1838 3908 1851 3920 ·

297 3994 316 4026 ι
354 3976 435 4028 διὸ
464 3976 558 4028 καὶ
584 3976 812 4038 κτίσεως
854 3976 1121 4046 μέμνηται
1163 3981 1486 4049 προσφόρως
1521 3984 1616 4050 τῆς
1650 3981 1857 4051 ἀνθρω-

297 4083 315 4116 ι
357 4065 518 4135 πίνης
537 4067 784 4143 σαρκός.)
811 4068 918 4119 Καὶ
947 4068 1071 4137 ἑξῆς
1102 4069 1365 4137 ὲπιλέγει’
1406 4090 1423 4120 ι
1448 4071 1561 4123 Οὐκ
1586 4070 1677 4124 οὖν
1696 4073 1852 4143 (65)ὴ

295 4177 315 4209 ι
356 4162 532 4221 κτίσις
557 4162 622 4228 τῇ
642 4160 787 4212 κατά
824 4160 1104 4230 ἄνθρωπον
1139 4162 1301 4216 αὐτοῦ
1330 4162 1572 4233 διαφέρει
1594 4166 1854 4234 πράγμα-

296 4260 317 4291 t
355 4243 494 4313 τείᾳ.
542 4244 630 4297 Διό
668 4263 831 4316 φησι·
871 4250 1085 4315 Κύριος
1125 4249 1327 4303 ἕκτισέ
1356 4268 1431 4318 με
1466 4252 1664 4319 ἀρχὴν
1702 4252 1856 4305 ὁδῶν

296 4347 317 4381 ι
355 4332 561 4396 αὐτοῦ,
624 4336 711 4399 είς
767 4335 909 4405 ἔργα
967 4339 1151 4393 αὐτοῦ
1196 4340 1399 4393 ἐκτισέ
1456 4360 1558 4410 με,
1619 4344 1854 4413 δηλονότι

296 4439 317 4472 ί
356 4421 446 4474 διὰ
470 4422 568 4492 τῆς
598 4425 865 4495 παρθένου
888 4428 1130 4496 Μαρίας,
1152 4429 1217 4481 δι’
1240 4424 1306 4499 ἦς
1328 4434 1356 4483 ὁ
1381 4431 1510 4495 Θεὸς
1530 4434 1725 4485 ὲνῶσαι
1757 4436 1854 4505 τὴν

1965 2000 2082 2037 rum
2105 2000 2345 2047 suarum,
2390 1986 2458 2037 ad
2496 2004 2651 2052 opera
2685 2003 2783 2038 sua
2817 1987 2836 2017 '
2874 2005 2887 2038 :
2930 1998 2987 2040 et
3040 2004 3254 2042 sacram
3288 1990 3535 2059 Scriptu-

1966 2089 2082 2126 ram
2117 2074 2352 2136 attende,
2395 2076 2446 2127 in
2502 2075 2809 2129 Proverbiis
2843 2078 2943 2129 hoc
2977 2078 3136 2132 modo
3165 2079 3479 2145 loquentem
3518 2096 3537 2145 ξ

1963 2146 2078 2231 Eho
2104 2164 2361 2227 sapientia
2391 2164 2569 2217 habito
2601 2165 2656 2216 in
2689 2165 2932 2229 consilio,
2957 2178 3003 2219 et
3029 2170 3251 2221 eruditis
3278 2169 3541 2222 intersum

1975 2252 2421 2319 cogitationibus:
2450 2270 2541 2321 per
2575 2270 2656 2307 me
2678 2272 2820 2323 reges
2856 2268 3101 2325 regnant,
3122 2267 3172 2311 et
3206 2257 3377 2327 legum
3407 2276 3538 2315 con-

1964 2342 2159 2394 ditores
2177 2342 2326 2409 justo
2362 2342 2647 2397 decernunt
2682 2344 2723 2399 '.
2758 2344 2968 2411 Quibus
3007 2347 3200 2401 eadem
3255 2347 3533 2417 Sapientia

1964 2432 2078 2486 hanc
2110 2435 2351 2487 annectit
2378 2452 2389 2486 :
2424 2432 2491 2487 In
2529 2436 2624 2488 viis
2640 2435 2868 2503 justitia:
2905 2453 2997 2505 ego
3042 2437 3292 2493 ambulo:
3325 2447 3376 2491 et
3402 2454 3533 2493 con-

1962 2540 2139 2577 versor
2168 2526 2224 2578 in
2255 2528 2425 2579 medio
2468 2530 2786 2581 ‘semitarum
2843 2531 3149 2597 wquitatis,
3195 2540 3252 2582 ut
3299 2518 3535 2583 diuidam

1962 2615 2319 2669 assistentium
2348 2618 2686 2687 diligentibus
2734 2636 2842 2685 me,
2888 2630 2937 2674 et
2985 2624 3259 2675 thesauros
3295 2624 3535 2691 ipsorum

1963 2704 2026 2755 de
2056 2704 2203 2758 bonis
2249 2707 2511 2773 repleam:
2541 2709 2588 2761 si
2613 2711 2754 2763 vobis
2782 2712 3186 2779 annuntiauero,
3209 2730 3328 2782 qua:
3354 2714 3532 2787 quoti-

1962 2795 2046 2847 die
2065 2796 2281 2861 ﬁebant,
2311 2800 2608 2851 memorabo
2633 2804 2910 2856 enuntiare
2938 2819 3057 2872 quae
3089 2818 3238 2857 erant
3268 2806 3533 2860 asatculo.

1964 2885 2218 2938 Dominus
2240 2890 2467 2953 possedit
2511 2906 2589 2941 me
2633 2891 2685 2942 in
2710 2890 2862 2943 initio
2882 2894 3083 2944 viarum
3103 2908 3353 2959 suarum,
3380 2903 3535 2947 ante-

1960 2990 2117 3044 quam
2136 2978 2421 3045 quidquam
2442 2979 2638 3047 [aceret
2654 2997 2685 3031 a
2700 2983 2959 3049 principio
2970 2983 3039 3035 ab
3064 2994 3261 3036 αξιοι-πο
3283 2985 3534 3037 ordinata

1963 3081 2103 3129 sum,
2131 3068 2184 3118 in
2206 3067 2465 3133 principio
2493 3078 2774 3136 antequam
2796 3082 2989 3123 terram
3008 3073 3249 3125 conderet
3276 3076 3321 3137 ’,
3344 3085 3535 3143 etquae

1964 3167 2311 3223 sequuntur:
2351 3156 2546 3222 quibus
2608 3159 2832 3214 minime
2895 3161 3081 3215 volens
3136 3148 3484 3232 acquiescere
3515 3207 3532 3229 ,

1967 3251 2025 3307 >3
2058 3259 2151 3300 aut
2194 3250 2431 3303 animum
2490 3266 2650 3304 suum
2708 3253 2994 3308 advertere
3046 3254 3356 3320 Marcellus,
3400 3258 3532 3313 illud

1962 3337 2179 3390 unicum
2231 3338 2441 3392 habens
2496 3340 2549 3393 in
2601 3344 2899 3411 proposito,
2952 3355 3010 3398 ut
3055 3361 3124 3400 ne
3175 3348 3535 3405 conﬁteretur

1959 3425 2155 3480 Filium
2205 3428 2322 3493 Dei,
2348 3429 2494 3485 illam
2534 3441 2659 3487 ante
2705 3434 2907 3488 dictam
2945 3436 3000 3489 in
3033 3436 3345 3495 Proverbiis
3368 3441 3436 3496 de
3465 3458 3535 3498 eo

1962 3518 2323 3587 theologiam,
2372 3522 2439 3575 ad
2489 3536 2710 3577 carnem
2758 3524 2960 3591 refert,
3019 3538 3073 3580 et
3124 3537 3410 3599 postquam
3464 3535 3533 3587 de

1960 3623 2105 3665 recta
2139 3615 2221 3666 via
2256 3614 2643 3680 declinaverat,
2672 3615 2819 3671 invia
2869 3620 3112 3693 quanlam
3162 3622 3264 3675 sibi
3315 3626 3534 3693 excogi-

1962 3704 2117 3769 tavit,
2142 3705 2242 3759 ista
2268 3706 2529 3759 verbatim
2542 3708 2819 3763 scribens:
2844 3707 2931 3780 [R.
2958 3708 3055 3781 IX]
3080 3711 3528 3769 «Proverbioruni

1964 3814 1982 3845 ι
2032 3796 2195 3864 igitur
2223 3807 2385 3865 caput
2419 3798 2581 3859 istud,
2617 3814 2722 3852 non
2759 3811 2816 3853 ut
2864 3801 2939 3854 illi
2977 3813 3180 3870 rentur,
3208 3806 3402 3860 docere
3432 3824 3531 3861 nos

1963 3906 1981 3937 ι
2033 3888 2289 3953 intendit,
2320 3889 2533 3943 initium
2576 3891 2878 3946 divinitatis
2912 3893 3241 3960 Servatoris,
3277 3899 3367 3952 ubi
3400 3902 3473 3951 ait
3508 3916 3524 3953 :

1963 3996 1999 4031 ι.
2034 3978 2287 4032 Dominus
2329 3983 2561 4047 possedit
2617 3999 2699 4036 me
2746 3985 3008 4053 principio
3042 3989 3244 4041 uiarum
3276 4008 3495 4046 suarum
3530 4016 3531 4019 η

1946 4088 1980 4126 ,ι
2028 4071 2121 4124 sed
2153 4073 2442 4127 secundam
2477 4074 2623 4126 illam
2652 4090 2775 4143 quae
2814 4077 2865 4129 in
2912 4092 3077 4132 carne
3106 4081 3207 4133 fuit
3239 4081 3386 4136 facta
3419 4087 3533 4138 dis-

1962 4180 1980 4213 ι
2027 4164 2397 4231 pensationem
2445 4181 2460 4223 ;
2505 4168 2757 4233 quocirca
2837 4173 3200 4237 possessionis
3262 4178 3527 4242 meminit,

1962 4272 1979 4304 ι
2026 4255 2127 4307 hoc
2154 4264 2239 4307 est
2267 4257 2446 4311 carnis
2479 4258 2687 4313 noviter
2720 4272 2935 4317 creata.
2964 4262 3079 4317 Non
3112 4265 3297 4335 igitur,
3332 4270 3400 4320 ita
3430 4270 3528 4321 ad-

1962 4362 1981 4395 ι
2026 4348 2123 4412 dit,
2152 4357 2401 4401 creatura
2450 4349 2517 4401 ah
2550 4350 2778 4404 humana
2813 4352 2930 4421 ejus
2964 4358 3282 4423 operatione
3312 4370 3399 4413 est
3427 4362 3531 4414 dis-

1961 4455 1979 4486 ι
2027 4438 2210 4490 tincta.
2260 4438 2380 4493 Ideo
2421 4440 2623 4508 inquit:
2659 4442 2912 4497 Dominus
2964 4449 3202 4501 condidit
3251 4466 3331 4502 me
3373 4452 3530 4505 initio

297 4533 316 4565 ι
354 4515 694 4587 ἀνθρωπίνην
715 4518 890 4587 σάρκα
910 4518 987 4587 τῷ
1004 4519 1194 4572 ἑαυτοῦ
1212 4523 1366 4590 Λόγῳ
1385 4524 1679 4591 προείλετο.
1709 4545 1727 4576 s
1749 4526 1853 4578 Καὶ

1964 4545 1977 4577 ι
2024 4530 2224 4581 viarum
2254 4547 2473 4584 suarum
2521 4534 2589 4584 ad
2630 4550 2789 4599 opera
2829 4553 2944 4587 sua.
2985 4536 3088 4592 Per
3124 4540 3392 4609 Virginem
3428 4546 3531 4594 sci-

294 4599 410 4668 μεθ’
455 4602 617 4674 ἕτερα
653 4604 969 4673 προστίθησι
1006 4606 1176 4673 λέγων
1216 4625 1227 4637 ·
1259 4627 1277 4658 ι
1315 4610 1516 4662 Τούτου
1560 4613 1737 4666 τοίνυν
1766 4616 1857 4666 οὖ-

296 4708 315 4739 ι
354 4706 462 4753 τως
496 4693 724 4762 ἔχοντος,
752 4694 1040 4748 ἀκόλουθόν
1074 4699 1188 4749 ἐστι
1219 4703 1436 4754 σκοπεῖν
1468 4704 1532 4772 τῇ
1561 4704 1767 4775 διανοίᾳ
1795 4706 1855 4757 τὸ

298 4798 316 4828 ι
358 4784 740 4852 παροιμιωδῶς
801 4787 1087 4856 εἰρημένον
1151 4789 1298 4841 τουτὶ
1358 4793 1681 4859 κεφάλαιονο
1742 4798 1856 4848 Κύ-

298 4887 315 4920 t
350 4888 484 4937 ριος
498 4873 697 4925 ἐκτισέ
708 4894 784 4942 με
801 4878 998 4943 ἀρχὴν
1026 4878 1180 4931 ὁδῶν
1196 4878 1401 4945 αὐτοῦ,
1422 4884 1498 4944 είς
1516 4884 1651 4953 ἔργα
1664 4886 1848 4939 αὑτοῦ.

295 4980 315 5012 ι
361 4962 581 5014 Ἔκτισε
624 4968 732 5033 γὰρ
772 4966 1002 5036 ἀληθῶς,
1046 4970 1106 5021 τὸ
1143 4972 1215 5039 μὴ
1243 4971 1299 5023 ὃν
1333 4974 1667 5042 πεποιηκὼς,
1713 4978 1740 5027 ὁ
1772 4978 1855 5027 δε-

294 5069 315 5103 ι
358 5053 562 5122 σπότης
583 5055 737 5123 ἡμῶν
762 5056 892 5119 Θεὸς
913 5060 1009 5109 οὐκ
1034 5057 1195 5112 οὖσαν
1219 5062 1315 5131 τὴν
1345 5063 1540 5130 σάρκα,
1564 5065 1628 5133 ἦν
1654 5067 1858 5137 ἀνείλη-

296 5160 314 5192 ι
357 5160 454 5211 φεν
480 5147 507 5197 ὁ
539 5147 729 5211 Λόγος.
770 5167 788 5198 s
821 5150 927 5200 Καὶ
958 5152 1201 5220 ἐπιφέρει
1230 5150 1379 5215 αὖθις
1416 5154 1618 5220 λέγων·
1656 5177 1673 5207 ι
1714 5160 1853 5210 Οὐκ-

296 5254 313 5283 ι
353 5234 446 5286 οὖν
510 5235 654 5286 τοῦτ’
703 5237 880 5301 ἔστιν,
937 5244 967 5291 o’
1025 5247 1234 5306 Κύριος
1281 5246 1479 5297 ἔκτισέ
1528 5264 1604 5313 με
1660 5249 1857 5316 ἀρχὴν

295 5343 311 5373 ι
357 5323 512 5376 ὁδῶν
547 5328 733 5381 αὐτοῦ
772 5331 858 5394 εἰς
900 5329 1042 5398 ἔργα
1088 5335 1294 5386 αὑτοῦ.
1344 5336 1563 5401 Ἐπάγει
1610 5338 1687 5401 δὲ,
1738 5341 1857 5405 Πρὸ

365 5486 423 5554 ἧς
459 5492 552 5546 Ed.
588 5492 784 5560 Paris.,
820 5511 940 5564 pag.
976 5496 1063 5550 45.
1146 5496 1162 5527 ⁷
1205 5497 1362 5552 Prov.
1434 5517 1549 5565 vm,
1619 5502 1706 5554 ‘22.

362 5656 476 5728 (δι),
514 5656 782 5728 Κατὰ-γτὰ
820 5660 1067 5724 τούτοις.
1109 5660 1444 5728 Legendnm,
1487 5663 1678 5715 καὶτὰ
1723 5665 1846 5717 τού-

288 5740 403 5787 τοις
434 5726 557 5793 ἑξῆς
584 5726 864 5790 ἀκόλουθα,
912 5741 1003 5783 aut
1058 5726 1232 5785 simile
1260 5734 1405 5800 qvid.
1444 5734 1511 5787 Μ.
1549 5764 1615 5774 -
1641 5738 1745 5788 Καὶ
1780 5739 1846 5789 τά

291 5801 449 5851 Cedd.
479 5806 532 5849 et
566 5811 683 5849 mox
721 5799 942 5851 σκότου.

1783 5506 1801 5533 ⁸
1829 5504 1958 5565 ibid.

1969 4635 1987 4667 ι
2035 4617 2159 4671 licet
2187 4617 2433 4682 Mariam,
2463 4636 2622 4688 quam
2647 4623 2925 4692 prmelegit
2950 4626 3089 4681 Deus
3133 4639 3192 4681 ut
3226 4628 3402 4684 Verbo
3426 4650 3530 4686 suo

1968 4724 1985 4755 ι
2026 4720 2242 4759 carnem
2262 4710 2548 4762 humanam
2570 4711 2769 4765 uniret.
2786 4730 2805 4762 ι
2828 4713 2963 4767 Tum
2986 4720 3239 4788 deinceps
3256 4722 3521 4791 adjungit:

1962 4796 2050 4868 [Β.
2099 4797 2172 4868 Χ]
2209 4819 2225 4849 ι
2257 4800 2370 4861 lloc
2404 4816 2533 4854 sane
2571 4818 2691 4855 cum
2748 4806 2821 4859 ita
2878 4822 2937 4860 se
2995 4809 3210 4873 habent,
3245 4828 3527 4868 consents.-

1966 4906 1983 4937 ι
2032 4906 2187 4942 neum
2221 4901 2304 4943 est
2328 4893 2509 4944 animo
2538 4897 2873 4961 perpendere
2901 4898 3103 4952 dictum
3139 4903 3265 4955 illud
3296 4920 3524 4971 prover~

1960 4999 1977 5029 ι
2026 4982 2241 5033 bialiter
2262 4997 2276 5035 :
2301 4981 2553 5034 Dominus
2573 4987 2808 5037 Condidit
2838 5003 2915 5040 me
2944 4990 3151 5042 initium
3174 4994 3375 5046 viarum
3403 5016 3528 5049 sua-

1962 5088 1980 5121 ι
2029 5086 2143 5122 rum
2168 5071 2218 5122 in
2233 5088 2388 5137 Opera
2412 5089 2530 5125 sua.
2551 5076 2596 5127 Is
2612 5078 2809 5128 etenim
2836 5093 2962 5132 vere
2980 5083 3245 5147 condidit,
3264 5087 3356 5153 qui
3384 5091 3525 5153 quod

1963 5179 1981 5209 ι
2030 5176 2131 5212 non
2160 5171 2277 5215 erat
2302 5161 2449 5225 fecit,
2472 5164 2727 5218 Dominus
2767 5184 2958 5235 inempe
2988 5183 3168 5224 noster
3192 5173 3357 5241 Dens,
3380 5179 3523 5229 illum

1963 5268 1983 5302 ι
2032 5268 2245 5304 carnem
2302 5270 2461 5321 quant
2516 5263 2809 5325 assumpsit
2856 5259 3156 5318 Verbum.»
3216 5266 3382 5319 Infert
3422 5270 3522 5321 ite—

1964 5358 2077 5393 rmn
2114 5360 2125 5393 :
2166 5361 2181 5389 ι
2216 5340 2327 5396 Hoc
2370 5344 2533 5411 igitur
2567 5357 2673 5411 est,
2723 5346 2984 5403 Dominus
3031 5356 3262 5407 condidit
3306 5375 3385 5410 me
3418 5361 3521 5410 ini-

2072 5500 2158 5553 12.
2234 5500 2253 5530 ⁹
2286 5500 2423 5558 ibid.
2475 5499 2675 5557 20-25.

2174 5664 2346 5744 vulgo
2375 5668 2435 5718 οὐ
2456 5669 2601 5744 Δγοῦν
2621 5711 2639 5735 ,
2666 5673 2784 5724 dein
2817 5674 3060 5744 διαφέρει
3087 5677 3390 5743 :refertnr
3427 5682 3517 5739 ad,

1950 5738 2164 5809 pfrtine!
2186 5736 2272 5794 ad,
2314 5735 2385 5818 lli;
2416 5738 2485 5789 cf.
2516 5757 2563 5791 ιε.
2596 5758 2641 5791 (τ.
2677 5744 2743 5795 59
2775 5746 2835 5795 Λ.
2873 5735 3013 5799 Iun}.
3052 5735 3401 5817 \‘ulgo'ttapv.
3431 5735 3519 5818 Lg;

1950 5812 2009 5857 οὺ
2043 5816 2094 5860 et
2123 5808 2517 5871 κοινωνήσασαν
2544 5829 2590 5862 τ,
2626 5815 2710 5873 ἀγ,
2744 5832 2829 5865 πν.
