4048 6440
614 406 716 461 803

1298 403 1559 460 EUSEBII
1598 401 2061 457 C/ESARIENSIS
2096 402 2130 455 (J

2232 440 2248 454 .
2286 399 2461 453 PARS
2497 398 2583 453 IV.
2624 430 2691 442 —
2730 399 3141 455 DOGMATICA.

3705 395 3811 451 θοι

621 544 639 573 ι
688 524 818 575 tium
847 524 1048 575 viarum
1078 538 1314 577 suarum.
1341 524 1405 576 Et
1426 523 1574 575 addit
1597 540 1612 577 :
1644 524 1771 577 Ante
1794 523 2008 588 secula,
2032 523 2127 590 {un

2261 539 2278 571 ι
2320 520 2426 573 τοῦ
2462 522 2675 588 αίῶνος
2715 521 3070 590 ἐθεμελίωσέ
3112 537 3210 589 με,
3258 519 3507 588 θεμέλιον
3556 519 3655 586 μὲν
3685 516 3812 569 τοῦ-

620 636 637 665 ι
682 614 820 666 άαυίι
840 628 949 677 me;
978 613 1379 667 fundamentum
1405 614 1705 681 intelligens
1729 628 1945 665 carnem
1974 626 2149 673 suam,

617 723 637 753 1
680 718 839 773 quam
894 704 1185 757 secundum
1233 698 1680 771 dispensationem
1714 704 2148 770 pmoroinarat:

616 810 637 842 ι
680 795 820 860 (ιιιοὰ
841 794 1013 861 ipsum
1030 803 1083 846 et
1106 793 1390 859 Apostolus
1410 793 1523 846 ait:
1550 791 1645 863 [ef.
1689 806 1744 859 p.
1777 792 1936 845 I5ID
1968 793 2067 847 I55
2084 790 2147 862 C]

619 899 637 929 ι
680 881 1104 936 Fundamentum
1134 882 1280 934 aliud
1328 882 1505 935 nullus
1526 899 1721 951 ponere
1742 892 1933 951 potest,
1964 894 2151 948 prwter

617 993 634 1022 ι
680 974 814 1026 illud
834 975 970 1043 quod
983 974 1206 1039 positum
1239 976 1484 1039 est,quod
1502 983 1577 1026 est
1602 972 1756 1026 Iesus
1777 973 2017 1027 Christus
2045 975 2142 1023 ".1

609 1063 799 1118 Saeculi
839 1065 992 1116 unius
1024 1078 1187 1132 porro
1229 1064 1469 1117 meminit
1517 1064 1569 1116 in
1599 1078 1705 1132 quo
1744 1064 2148 1119 fundamentum

610 1152 736 1211 illud
769 1154 924 1208 debet
954 1155 1077 1222 poni
1104 1157 1245 1223 quod
1274 1164 1356 1208 est
1376 1156 1441 1207 de
1465 1154 1702 1209 Christo.
1738 1154 1995 1209 Eamdem
2029 1173 2149 1209 rur-

608 1259 698 1296 sus
742 1245 1023 1297 conlirmat
1064 1245 1369 1313 opinionem
1409 1246 1657 1313 inquiens
1687 1265 1699 1299 :
1730 1246 1819 1316 [8.
1854 1244 1992 1299 XVII
2019 1248 2145 1301 coll.

607 1351 657 1400 ιι.
692 1334 791 1387 155
818 1336 860 1387 Α
887 1334 908 1405 1
938 1356 955 1385 ι
980 1335 1093 1388 Non
1126 1336 1397 1389 immerito
1445 1336 1699 1404 propheta
1757 1337 1842 1389 hic
1888 1338 2102 1391 dicebat
2130 1354 2143 1389 :

610 1440 629 1471 ε
676 1421 807 1477 Ante
835 1422 1084 1475 arculum
1131 1422 1367 1489 fundavit
1421 1438 1535 1475 me:
1562 1437 1751 1491 nempe
1795 1423 1921 1478 illud
1952 1424 2148 1477 intelli-

610 1529 629 1561 ι
676 1527 805 1581 gens
829 1510 1236 1565 fundamentum
1272 1527 1382 1565 suae
1410 1514 1611 1575 carnis,
1644 1512 1896 1566 nimirum
1930 1522 2148 1582 propter

609 1618 628 1650 ι
672 1602 1101 1654 communionem
1146 1615 1305 1668 quam
1352 1602 1582 1656 habebat
1610 1602 1841 1656 Verbum
1880 1618 2001 1657 cum
2053 1604 2145 1658 illo

610 1708 629 1741 ι
675 1704 800 1743 vero
828 1690 984 1743 Filio.
1022 1708 1041 1741 ι
1076 1690 1337 1757 Deinceps
1373 1690 1614 1760 adjungit
1669 1690 1759 1762 [Β.
1809 1691 1968 1745 XVIII
2014 1694 2142 1747 coll.

604 1796 657 1848 p.
694 1781 795 1834 155
820 1782 885 1841 Α,
920 1780 1022 1834 157
1054 1781 1093 1834 D
1118 1779 1138 1850 ]
1168 1798 1180 1833 :
1216 1800 1234 1831 ι
1260 1782 1313 1834 lu
1363 1782 1646 1849 principio,
1696 1784 2004 1851 priusquam
2035 1792 2147 1837 ter-

2254 628 2272 659 ι
2312 627 2401 664 τον
2428 611 2705 680 ὀνομάζων
2723 613 2819 683 τὴν
2851 611 2989 664 κατά
3010 613 3183 679 σάρκα
3204 609 3368 662 αὑτοῦ
3396 607 3811 677 πρωρισθεῖσαν

2254 714 2272 747 ι
2309 697 2614 767 οἰκονομίαν
2651 715 2667 733 ο
2707 700 2781 761 ὡς
2822 700 2914 751 καὶ
2941 700 2969 749 ὁ
3012 698 3313 761 Απόστολος
3340 696 3506 765 λέγει,
3537 694 3811 763 θεμέλιον

2253 806 2271 837 ι
2309 787 2419 855 γὰρ
2439 788 2633 841 ἄλλον
2653 788 2848 853 οὐδεὶς
2872 788 3115 841 δύναται
3141 788 3347 852 θεῖναι,
3377 786 3533 854 παρὰ
3556 785 3665 837 τὸν
3687 785 3807 835 κεί-

2252 897 2270 928 ι
2305 894 2511 946 μενον,
2558 878 2624 942 ὅς
2669 880 2838 932 ἐστιν
2894 879 3128 945 Ἰησοῦς
3167 879 3437 945 Χριστός.
3490 895 3509 928 ι
3569 874 3719 936 Ἑνὸς
3750 875 3809 926 δὲ

2246 968 2437 1030 αἰῶνος
2476 968 2708 1021 ἐνταῦθα
2741 971 3028 1040 μέμνηται,
3059 971 3151 1036 ἀφ’
3178 962 3239 1021 οὗ
3284 968 3353 1021 τὰ
3379 967 3519 1020 κατά
3544 967 3635 1020 τόν
3674 966 3810 1035 Χρι-

2248 1057 2368 1109 στὸν
2408 1058 2825 1127 τεθεμελιῶσθαι
2869 1060 2990 1129 ἔφη.
3032 1059 3141 1111 Καὶ
3174 1058 3336 1111 πάλιν
3375 1059 3472 1127 τὴν
3503 1055 3672 1127 αὐτὴν
3718 1054 3808 1123 βε-

2245 1146 2389 1199 ϐαιοῖ
2420 1146 2561 1211 λέξιν
2608 1148 2862 1215 φάσκων·
2913 1168 2931 1200 ι
2980 1149 3213 1209 Εἰκότως
3257 1150 3287 1201 ό
3328 1150 3610 1217 προφήτης
3664 1145 3805 1214 ἔφη.

2250 1258 2268 1287 ι
2310 1237 2427 1305 Πρὸ
2474 1238 2577 1291 τοῦ
2613 1238 2827 1304 αἰῶνος
2874 1238 3221 1307 ἐθεμελίωσέ
3263 1254 3341 1306 με
3365 1254 3379 1267 ·
3407 1237 3585 1307 δῆλον,
3633 1235 3808 1288 ὅτιτὸ

2250 1347 2267 1375 ι
2310 1328 2449 1380 κατά
2486 1328 2662 1397 σάρκα
2700 1328 2790 1379 διὰ
2816 1328 2914 1398 τὴν
2953 1328 3085 1397 πρὸς
3112 1327 3203 1380 τὸν
3238 1326 3452 1398 άληθῶς
3481 1326 3609 1379 Υίὸν
3638 1325 3805 1380 αὐτοῦ

2248 1436 2267 1466 ι
2304 1418 2474 1485 Λόγον
2503 1418 2803 1470 κοινωνίαν.
2852 1437 2870 1468 ι
2921 1420 3027 1472 Καὶ
3049 1418 3283 1486 ἐπιλέγει
3318 1416 3473 1487 ἑξῆς*
3507 1436 3526 1467 ι
3575 1413 3706 1470 Εἶτα
3745 1418 3805 1467 ὲν

2248 1525 2266 1557 ι
2304 1508 2468 1578 ἀρχῇ,
2504 1508 2658 1577 φησὶ,
2684 1507 2791 1577 πρὸ
2816 1507 2911 1561 τοῦ
2939 1508 3035 1579 τὴν
3064 1510 3165 1578 γῆν
3194 1508 3435 1578 ποιῆσαι.
3461 1507 3570 1577 Γῆν
3609 1508 3802 1571 ποίανς

2248 1616 2266 1647 ι
2302 1596 2516 1667 Ταύτην
2564 1598 2801 1668 δηλονότι
2848 1600 2945 1669 τὴν
2978 1601 3249 1670 ἡμετέραν
3302 1599 3497 1669 σάρκα,
3530 1598 3628 1668 τὴν
3664 1600 3804 1669 μετά

2247 1704 2265 1735 ι
2300 1686 2396 1756 τὴν
2442 1687 2722 1757 παρακοὴν
2770 1688 2871 1757 γῆν
2908 1683 3061 1750 αὖθις
3088 1689 3398 1758 γενομένην.
3440 1686 3529 1755 Γῆ
3571 1688 3681 1757 γὰρ
3724 1688 3800 1747 εἷ,

2247 1794 2265 1825 ι
2303 1779 2462 1846 φησὶ,
2492 1780 2587 1831 καὶ
2625 1782 2711 1845 εὶς
2753 1779 2870 1848 γῆν
2907 1780 3235 1848 ἀπελεύσῃ.
3274 1781 3419 1832 Ἔδει
3453 1779 3561 1849 γάρ
3595 1778 3802 1847 ταύτην

608 1890 625 1918 ι
676 1864 785 1923 ram
823 1872 1161 1939 produceret.
1196 1871 1492 1937 Quamnam
1541 1886 1669 1924 vero
1710 1873 1951 1925 terram?
1990 1871 2130 1926 Illam

2246 1884 2265 1915 ι
2303 1868 2494 1929 ἰάσεως
2522 1872 2721 1937 τυχεῖν,
2751 1869 2869 1922 τινά
2894 1870 3090 1935 τρόπον
3126 1872 3525 1941 κοινωνήσασαν
3556 1867 3635 1939 τῷ
3662 1869 3800 1937 ἀγίῳ

610 1979 627 2010 ι
676 1975 886 2027 nempe,
940 1970 997 2013 ut
1041 1970 1210 2029 patet,
1263 1977 1385 2029 qua:
1435 1970 1514 2015 est
1578 1972 1759 2014 nostra
1816 1977 1942 2015 caro
1977 1980 1990 2015 :
2023 1978 2142 2031 quae

607 2070 623 2097 ι
672 2060 788 2118 post
817 2049 1160 2103 commissum
1212 2060 1484 2119 peccatum
1516 2051 1566 2103 in
1598 2060 1793 2105 terram
1852 2052 2009 2105 rediit
2047 2054 2140 2105 de-

605 2160 623 2189 ι
674 2155 796 2192 ηυο.
834 2138 993 2193 Terra
1026 2156 1079 2192 et
1114 2141 1285 2201 enim.
1314 2141 1503 2208 inquit,
1536 2142 1659 2194 etin
1698 2152 1891 2194 terram
1924 2152 2141 2195 reuerte-

607 2249 622 2277 ι
671 2232 746 2281 ris
777 2230 837 2282 “.
869 2229 971 2282 Par
1019 2229 1118 2282 fuit
1161 2232 1325 2291 enim,
1356 2241 1415 2282 ut
1447 2230 1570 2284 huic
1599 2231 1895 2284 remedium
1930 2246 2142 2286 accom-

602 2337 622 2367 ‹
671 2320 971 2371 modaretnr
1018 2318 1250 2385 quodam
1286 2328 1471 2385 pacto,
1501 2332 1595 2385 per
1633 2319 1958 2373 sanctissimi
1994 2320 2137 2373 illius

603 2425 621 2456 ι
668 2405 825 2459 Verbi
882 2407 1444 2461 communicationem.
1484 2427 1502 2458 ι
1540 2406 1731 2463 Videte
1780 2420 1954 2462 autem
1992 2420 2049 2462 ut
2084 2410 2136 2463 in

598 2497 719 2549 istis
771 2511 954 2549 secum
1006 2498 1234 2565 ipsemet
1292 2496 1571 2551 Marcellus
1609 2508 1823 2567 pugnet.
1860 2498 1992 2552 Nam
2046 2500 2135 2568 qui

594 2586 723 2638 alibi
759 2586 969 2640 dixerat
1000 2605 1055 2640 ιι
1088 2586 1415 2653 Principium
1466 2590 1671 2641 viarum
1738 2590 1945 2641 Domini
2010 2604 2137 2643 con-

602 2694 622 2725 ι
667 2676 829 2729 ditam
867 2690 986 2730 esse
1018 2692 1258 2740 carnem,
1284 2697 1299 2727 ι
1337 2688 1391 2731 et
1424 2678 1513 2746 qni
1546 2681 1781 2732 secundo
1822 2679 1959 2740 loco,
1990 2694 2137 2732 eam-

592 2770 713 2819 dem
771 2769 946 2835 posuit
987 2767 1406 2831 fundamentum,
1460 2769 1780 2835 subjungit:
1820 2767 2135 2837 Priusquam

594 2868 733 2908 terra
772 2860 1095 2920 conderetur,
1135 2859 1221 2911 ubi
1282 2860 1458 2913 denuo
1505 2873 1599 2925 per
1642 2868 1838 2912 terram
1887 2860 2135 2926 intelligit

592 2961 811 2999 carnem
844 2965 857 3000 :
886 2964 1054 3011 neque
1099 2949 1250 3011 vidit,
1310 2950 1503 3003 dictam
1567 2951 2043 3018 inconsequenter,
2071 2958 2128 3013 ἦ(

592 3046 717 3091 ante
754 3053 970 3091 carnem
1018 3041 1289 3093 conditam
1328 3054 1445 3093 esse
1484 3055 1698 3094 carnem
1732 3059 1746 3093 :
1777 3053 1828 3094 et
1858 3051 1979 3110 post
2016 3057 2132 3094 car-

2245 1974 2265 2007 ι
2307 1956 2480 2027 Λόγῳ.
2522 1976 2541 2009 ι
2575 1958 2682 2011 Θέα
2703 1959 2760 2012 δὲ
2785 1960 2900 2023 πῶς
2920 1961 2977 2011 ὲν
2999 1959 3205 2023 τούτοις
3233 1962 3261 2014 ό
3284 1960 3596 2033 Μάρκελλος
3622 1958 3800 2028 ἑαυτῷ

2239 2046 2570 2115 περιπίπτει.
2599 2049 2781 2118 Φήσας
2807 2049 2936 2117 γοῦν
2970 2053 3025 2103 ὲν
3057 2050 3225 2121 ἑτέρῳ
3264 2068 3284 2101 ι
3320 2045 3458 2103 εἶναι
3490 2050 3591 2120 τὴν
3622 2049 3798 2121 ἀρχὴν

2244 2156 2264 2188 ι
2301 2138 2435 2190 ὁδῶν
2473 2136 2567 2189 τοῦ
2617 2139 2819 2209 Κυρίου
2874 2138 3342 2204 κατακτισθεϊσαν,
3393 2158 3413 2191 ι
3479 2139 3572 2191 καὶ
3634 2138 3798 2191 πάλιν

2238 2228 2517 2297 θεμέλιον
2552 2228 2649 2298 τὴν
2688 2230 2855 2299 αὐτὴν
2890 2226 3024 2283 εἷναι
3054 2228 3242 2295 εἰπὼν,
3284 2232 3481 2298 ἐπάγει
3516 2229 3600 2292 τὸ,
3635 2249 3653 2281 ι
3682 2230 3795 2302 Πρὸ

2242 2336 2261 2369 ι
2301 2318 2395 2370 τοῦ
2436 2321 2532 2389 τὴν
2569 2319 2671 2387 γῆν
2718 2322 2955 2388 ποιῆσαι.
3012 2338 3028 2370 ι
3072 2314 3182 2372 Εἶθ’
3226 2320 3513 2389 ὲρμηνεύει
3552 2320 3651 2391 τὴν
3689 2320 3795 2389 γῆν

2239 2408 2397 2461 πάλιν
2421 2408 2517 2478 τὴν
2564 2410 2737 2478 σάρκα
2776 2405 2933 2472 εἶναι,
2980 2410 3078 2481 οὐχ
3115 2411 3256 2480 ὁρῶν
3282 2411 3355 2474 ὼς
3399 2412 3651 2481 οὐδεμίαν
3680 2412 3794 2481 ἔχει

2237 2498 2572 2560 ἀκολουθίαν,
2603 2500 2706 2569 πρὸ
2730 2500 2830 2567 τῆς
2867 2501 3065 2570 σαρκὸς
3094 2502 3191 2569 τὴν
3228 2502 3405 2572 σάρκα
3442 2500 3680 2553 ἐκτίσθαι
3706 2500 3793 2553 λέ-

2237 2604 2373 2655 γειν,
2417 2590 2510 2641 καὶ
2550 2589 2685 2657 μετά
2724 2588 2820 2659 τὴν
2869 2590 3041 2642 κτίσιν
3088 2590 3185 2660 τῆς
3229 2590 3457 2660 σαρκὸς,
3489 2590 3649 2643 πάλιν
3694 2592 3793 2659 τὴν

2237 2679 2411 2747 σάρκα
2440 2679 2740 2748 ὀνομάζειν.
2779 2680 2835 2731 '0
2866 2679 2921 2731 δὲ
2947 2680 3055 2747 (66)
3088 2680 3166 2732 ἔτι
3197 2681 3327 2750 πρὸς
3358 2680 3560 2742 τούτοις
3594 2681 3792 2749 ἐπιφέ-

2237 2784 2319 2837 ρει
2350 2768 2473 2837 ἑξῆς
2500 2768 2688 2835 λέγων,
2716 2764 2853 2831 εἶτα,
2885 2788 2903 2818 ι
2950 2768 3059 2841 Πρὸ
3092 2769 3184 2821 τοῦ
3229 2769 3325 2832 τὰς
3364 2769 3629 2833 ἀϐύσσους
3667 2789 3791 2825 ποι-

2232 2856 2378 2924 ἧσαι.
2420 2874 2437 2904 ι
2476 2856 2852 2924 παροιμιωδῶς
2908 2858 2937 2907 ό
2980 2858 3262 2926 προφήτης
3304 2856 3400 2919 τὰς
3456 2858 3561 2910 τῶν
3617 2859 3791 2926 ἁγίων

2232 2945 2455 3013 καρδίας
2484 2942 2619 2998 εἶναι
2643 2946 2807 3012 λέγει,
2841 2947 2938 3008 τὰς
2962 2948 3018 2999 ἐν
3046 2947 3120 3015 τῷ
3145 2947 3349 2999 ἑαυτῶν
3384 2948 3534 3016 βάθει
3564 2948 3660 3018 τὴν
3693 2948 3789 3001 τοῦ

2232 3035 2539 3103 Πνεύματος
2574 3036 2799 3105 ἐχούσας
2824 3037 3048 3107 δωρεάν.
3074 3039 3182 3089 Καὶ
3224 3039 3280 3088 ὲν
3320 3036 3526 3099 τούτοις
3563 3037 3617 3089 δὲ
3650 3040 3789 3108 πρό·-

592 3143 713 3179 nem
737 3128 1024 3190 conditam,
1057 3127 1247 3181 iterum
1296 3129 1347 3181 in
1394 3131 1572 3184 carnis
1600 3134 1814 3184 nomine
1861 3134 2128 3188 insistere.

2232 3141 2377 3193 σχες,
2412 3126 2557 3189 ὅπως
2584 3129 2660 3189 εἰς
2689 3128 2786 3197 τὴν
2814 3126 2987 3195 σάρκα
3017 3124 3258 3178 ἐκλαϐὼν
3292 3125 3539 3196 εἰρῆσθαι
3558 3128 3639 3189 τὸ,
3667 3130 3788 3181 Κύ-

592 3218 683 3270 llle
712 3229 886 3271 tamen
933 3218 1031 3271 ista
1076 3218 1441 3285 superioribus
1493 3220 1555 3272 ad
1601 3220 1739 3272 hunc
1766 3220 1974 3273 modum
2001 3223 2127 3276 sub-

592 3306 759 3358 nectit
791 3319 806 3357 :
837 3306 924 3375 [ἢ.
975 3304 1093 3357 XIX
1140 3305 1263 3358 coll.
1313 3322 1365 3374 p.
1422 3305 1521 3359 I58
1550 3305 1634 3377 Β]
1672 3308 1845 3361 «Ante
1880 3308 2129 3363 formatas

596 3412 615 3444 ι
663 3400 900 3463 ahyssos.
941 3413 959 3446 ι
1023 3395 1245 3462 Abyuos
1322 3396 1770 3461 proverbialiter,
1823 3407 2126 3451 sanctorum

590 3486 749 3537 corda
803 3494 1073 3551 nuncupat
1108 3487 1382 3552 propheta,
1429 3486 1479 3537 in
1510 3501 1745 3553 quorum
1778 3501 1967 3554 nempe
2000 3504 2124 3555 pro-

590 3576 942 3629 funditatibus
972 3576 1107 3628 dona
1138 3576 1372 3643 Spiritus
1403 3578 1858 3632 recondehantur.
1900 3578 1994 3633 llic
2015 3579 2125 3646 jam

588 3665 641 3717 in
689 3665 805 3719 istis
861 3667 1104 3719 attendas
1152 3675 1350 3727 autem,
1404 3671 1672 3734 quomodo
1707 3671 1773 3731 is,
1800 3671 1890 3737 qui
1928 3672 2124 3724 dictum

586 3755 715 3808 l.llud
750 3754 1040 3808 :Dominus
1083 3758 1312 3808 condidit
1355 3775 1432 3809 me
1456 3760 1519 3821 ",
1556 3760 1621 3811 de
1649 3774 1814 3813 carne
1845 3762 2124 3815 intellexe—

588 3856 691 3907 rat,
732 3861 759 3897 a
800 3846 1075 3914 Scriptura
1116 3848 1371 3915 deinceps
1398 3850 1447 3900 in
1488 3863 1768 3916 angustum
1795 3865 2122 3921 compactos,

586 3950 705 4002 qua:
743 3936 890 3996 dicit,
932 3948 1202 3996 antequam
1250 3938 1601 4003 formarentur
1643 3943 1911 4009 abyssi";
1955 3944 2124 3997 inter-

586 4037 828 4093 pretatur
874 4025 1115 4095 abyssos,
1154 4038 1457 4082 sanctorum
1501 4032 1659 4082 corda
1698 4046 1839 4085 :nec
1891 4036 2124 4089 advertit

584 4120 723 4183 quod
774 4118 932 4168 corda
998 4127 1325 4188 sanctorum,
1379 4128 1503 4183 puta
1558 4122 1869 4186 Abrahami,
1932 4123 2119 4189 Isaaci,

582 4203 786 4267 Jacobi,
815 4204 1030 4273 Moysis,
1066 4204 1245 4269 Heliae,
1285 4209 1678 4273 Ilelchisedeci,
1710 4224 1762 4264 et
1795 4213 2120 4281 reliquoruu.

583 4297 958 4363 prephetarum
984 4336 997 4358 ,
1040 4309 1163 4351 ante
1208 4298 1511 4353 Servatoris
1557 4302 1981 4358 incarnationem
2008 4305 2120 4358 fue-

583 4394 718 4436 rant.
746 4384 842 4449 Qui
869 4394 1043 4451 potest
1079 4400 1207 4453 ergo
1254 4387 1379 4439 illud
1414 4388 1479 4439 ad
1504 4404 1718 4444 carnem
1747 4391 1932 4445 referri
1969 4395 2117 4445 :An-

2220 3233 2351 3282 ριος
2395 3216 2593 3271 ἕκτισέ
2636 3234 2729 3285 με,
2775 3216 2961 3268 ἔπειτα
3006 3216 3499 3287 στενοχωρούμενος
3550 3218 3653 3271 ὑπὸ
3685 3219 3787 3287 τῆς

2228 3306 2444 3376 Γραφῆς
2470 3306 2748 3375 λεγούσης,
2780 3305 2895 3373 Πρὸ
2924 3306 3029 3358 τοῦ
3054 3305 3158 3369 τὰς
3184 3308 3491 3372 ἀϐύσσους
3514 3308 3784 3376 ποιῆσαι,

2225 3398 2323 3460 τὰς
2352 3398 2448 3466 μὲν
2478 3396 2741 3459 ἀϐύσσους
2762 3396 3068 3465 ὲρμηνεύει,
3092 3396 3189 3458 τὰς
3215 3397 3320 3449 τῶν
3346 3398 3511 3463 ἁγίων
3535 3384 3783 3468 καρδίας,

2226 3486 2395 3553 λέγων
2427 3488 2593 3550 αὑτὰς
2632 3483 2790 3547 εἶναι,
2824 3487 2883 3538 οὑ
2928 3489 3123 3556 συνορᾷ
3169 3488 3247 3550 δὲ,
3277 3489 3356 3540 ὅτι
3390 3490 3443 3541 αί
3471 3488 3579 3542 τῶν
3611 3490 3783 3557 ἁγίων

2225 3576 2458 3645 καρδίαι,
2489 3575 2582 3627 τοῦ
2625 3575 2869 3646 Ἁϐραάμ
2897 3576 3091 3646 δηλαδὴ
3119 3578 3209 3629 καὶ
3233 3577 3325 3629 τοῦ
3368 3579 3547 3631 Ἰσαὰκ
3569 3582 3661 3633 καὶ
3686 3582 3781 3633 τοῦ

2237 3666 2449 3728 Ἰακὼϐ,
2478 3668 2747 3727 Μωῦσέως
2774 3682 2832 3716 τε
2868 3668 2958 3718 καὶ
2995 3666 3172 3719 Ἡλίου
3205 3669 3292 3721 καὶ
3328 3654 3655 3737 Μέλχισεδὲκ
3686 3674 3783 3725 καὶ

2222 3755 2329 3806 τῶν
2354 3756 2552 3807 λοιπῶν
2586 3754 2890 3825 προφητῶν,
2917 3756 3019 3826 πρὸ
3050 3756 3147 3825 τῆς
3171 3758 3369 3826 σαρκὸς
3396 3758 3650 3826 γεγόνασι
3680 3762 3777 3813 τοῦ

2224 3847 2488 3915 Σωτῆρος.
2522 3846 2641 3907 Πῶς
2671 3843 2763 3897 οὖν
2790 3846 3010 3898 δυνατὸν
3038 3848 3127 3897 ἐπὶ
3160 3846 3255 3917 τὴν
3285 3848 3459 3917 σάρκα
3488 3849 3778 3921 ἀναφέρειν

2222 3936 2338 4002 Πρὸ
2371 3936 2473 3988 τοῦ
2503 3938 2607 3999 τὰς
2646 3937 2953 3998 ἀϐύσσους
2998 3936 3277 4002 ποιῆσαι;
3325 3939 3433 3991 Καὶ
3463 3938 3561 4008 μεθ
3613 3941 3777 4012 ἔτερα

2220 4026 2275 4077 δὲ
2302 4022 2453 4087 αὖθις
2494 4026 2683 4092 ἐπάγει
2722 4026 2924 4091 λέγων·
2980 4045 2997 4075 ι
3046 4027 3111 4078 Τί
3147 4028 3324 4080 τοίνυν
3358 4029 3473 4081 ἐστὶ
3515 4030 3575 4082 τὸ
3604 4033 3775 4100 κεφά-

2226 4134 2245 4166 ι
2284 4116 2447 4179 λαιον,
2478 4116 2592 4183 Πρὸ
2629 4116 2734 4169 τοῦ
2771 4116 3077 4183 προελθεῖν
3104 4118 3210 4181 τὰς
3245 4119 3469 4186 «inde;
3505 4121 3673 4174 Τοῦτο
3705 4125 3770 4193 δὴ

2224 4226 2242 4257 ι
2280 4210 2409 4276 ἡμῖν
2462 4208 2521 4259 τὸ
2577 4208 2869 4276 μυστήριον
2923 4206 3247 4277 παρίστησιν
3302 4210 3335 4277 ἡ
3390 4210 3487 4279 τῆς
3560 4212 3769 4275 Ἐξόδου

2223 4317 2241 4349 ι
2282 4297 2483 4367 γραφὴ,
2512 4297 2637 4358 τοὺς
2659 4296 2764 4348 τῶν
2789 4296 3098 4348 ἀποστόλων
3128 4295 3328 4359 τύπους
3352 4299 3516 4352 πάλαι
3538 4318 3771 4373 προαγο-

2224 4407 2241 4438 ι
2285 4387 2524 4459 ρεύουσα·
2554 4386 2759 4439 δώδεκα
2794 4387 2899 4454 γὰρ
2928 4387 3094 4439 όντων
3122 4387 3211 4439 τὸν
3239 4389 3462 4460 ἀριθμὸν
3501 4390 3608 4445 τῶν
3634 4395 3771 4447 ἀπο-

583 4487 783 4543 tequam
839 4477 1011 4544 abyut'
1062 4452 1455 4543 formarentur?
1504 4478 1637 4532 Post
1691 4482 1941 4549 deinceps
1988 4484 2111 4545 alia,

2232 4499 2242 4531 t
2284 4452 2478 4533 στόλων
2503 4479 2706 4531 δώδεκα
2735 4452 2923 4547 πηγῶν
2955 4478 3242 4548 μέμνηται.
3278 4452 3389 4551 ίϐἹ)
3425 4500 3442 4532 ι
3478 4484 3586 4535 Καὶ
3613 4481 3769 4550 αὖθις

582 4566 775 4619 iterum
802 4566 1061 4618 subinfert
1112 4566 1355 4633 inquiens
1383 4566 1471 4637 [Β.
1506 4568 1601 4620 XX
1635 4571 1756 4623 coll.
1784 4587 1837 4639 p.
1870 4572 1966 4626 159
1997 4572 2059 4643 Β]
2096 4593 2107 4626 :

586 4673 603 4703 ι
636 4657 769 4719 Quid
804 4656 928 4709 illud
961 4668 1134 4711 autem
1178 4660 1477 4712 membrum
1511 4660 1611 4711 tibi
1646 4662 1755 4713 vult
1781 4678 1794 4713 :
1824 4664 2111 4733 Antequam

584 4766 602 4797 ι
650 4747 812 4812 fatue;
857 4748 1262 4813 producerentur
1283 4749 1634 4816 u"IEqnidem
1669 4752 1767 4805 hoc
1800 4756 2108 4823 mysterium

580 4853 603 4888 ι
653 4846 869 4889 enarrat
920 4836 1070 4889 nobis
1118 4835 1390 4905 Scriptura
1432 4838 1792 4894 Exodi"°“in
1831 4858 1939 4910 qua
1982 4843 2106 4897 olim

648 5039 705 5095 III
743 5032 840 5087 Ed.
867 5032 1065 5090 Paris..
1100 5049 1219 5103 pag.
1256 5033 1343 5087 46.

575 5105 693 5159 ¹³.¹’
713 5106 883 5159 Exod.
908 5122 997 5179 xv,
1026 5112 1113 5167 2'7.

643 5305 753 5371 (66)
774 5303 955 5379 _ango
986 5307 1069 5379 ᾆδε
1090 5317 1141 5379 et
1174 5309 1230 5359 ού
1266 5308 1499 5379 συνορῶν
1540 5309 1582 5360 δ’
1611 5310 1689 5361 ὃτι
1728 5310 1902 5362 αὐτῶν
1928 5327 1979 5361 τ.
2014 5310 2103 5375 ἀγ.

570 5375 626 5425 αἱ
662 5376 813 5443 καρδ.
851 5385 898 5425 et
922 5376 1071 5426 τοῦτο
1100 5376 1173 5429 δέ.

642 5445 749 5512 (δῖ’)
765 5443 1109 5496 Δώδεκατῶν
1128 5445 1327 5514 πηγῶν
1338 5446 1643 5513 μέμνηται.
1665 5445 1828 5499 Sensu
1853 5450 2104 5509 secundo,

570 5522 624 5583 ct
653 5516 871 5583 mystico
904 5516 1002 5565 hoc
1037 5530 1216 5567 verum
1252 5532 1367 5567 esse
1398 5526 1593 5583 potest,
1626 5525 1679 5566 ut
1720 5531 1789 5568 λιι
1823 5516 1893 5567 illi
1936 5516 2106 5567 fontes

573 5582 626 5633 in
664 5581 815 5645 Elim,
850 5584 985 5634 unde
1022 5585 1269 5636 Israelita:
1308 5586 1356 5636 in
1400 5581 1616 5637 deserto
1655 5584 2102 5645 refocillahantur,

574 5665 647 5701 xu
676 5651 937 5715 aposmlos
965 5650 1418 5718 przeliguraverint
1450 5666 1463 5703 :
1504 5655 1552 5705 id
1578 5655 1718 5705 enim
1747 5655 1892 5705 multi
1923 5654 2105 5706 volunt

569 5720 642 5773 ita
665 5732 799 5772 esse.
829 5718 1118 5783 Quomodo,
1151 5732 1203 5775 et
1234 5734 1457 5785 montes,
1494 5721 1671 5788 colles,
1698 5733 1877 5791 petra),
1908 5723 2093 5787 nubes,

1419 5037 1463 5066 “
1497 5036 1511 5089 I
1547 5036 1671 5091 Cor.
1705 5051 1786 5101 ιιι,
1828 5040 1908 5092 11.
1986 5040 2025 5069 ¹¹
2052 5039 2185 5093 Gen.
2223 5056 2303 5104 ιιι,
2336 5044 2421 5097 19.

2218 4570 2406 4637 ἐπάγει
2438 4569 2498 4621 τὸ
2528 4570 2677 4631 αὐτὸ,
2707 4571 2929 4638 γράφων
2959 4568 3129 4631 οὕτως
3149 4586 3161 4598 °
3198 4589 3217 4621 ι
3253 4571 3486 4635 Εἰκότως
3516 4570 3607 4626 οὖν
3637 4578 3764 4646 περὶ

2224 4678 2241 4711 ι
2281 4662 2378 4729 τῆς
2406 4660 2540 4725 κατὰ
2564 4661 2738 4730 σάρκα
2766 4659 3023 4726 γενέσεως
3051 4662 3079 4713 ό
3103 4659 3361 4731 δεσπότης
3386 4663 3471 4715 διὰ
3506 4664 3597 4717 τοῦ
3634 4684 3765 4737 προ-

2216 4770 2233 4801 ι
2275 4753 2439 4820 φήτου
2482 4751 2785 4820 Σολομῶνος
2814 4750 3078 4817 λέγοντος,
3132 4751 3236 4820 (68)
3271 4754 3389 4819 Πρὸ
3414 4756 3518 4808 τοῦ
3548 4762 3758 4825 προελ-

2211 4842 2332 4895 θεῖν
2371 4844 2478 4906 τὰς
2504 4840 2697 4909 πηγὰς
2725 4839 2839 4893 τῶν
2865 4840 3112 4907 ὑδάτων,
3142 4842 3265 4913 ἔφη.
3306 4862 3324 4893 ι
3380 4845 3498 4897 Ἐπὶ
3524 4848 3591 4900 τὰ
3632 4848 3757 4913 ἑξῖης

2499 5046 2539 5075 η
2573 5044 2729 5095 Prov.
2766 5042 2990 5105 vm,2‘2.
3091 5047 3133 5076 ¹⁸
3162 5045 3293 5100 Ibid.
3328 5047 3415 5102 Ἡ.
3550 5051 3594 5083 ¹⁵
3621 5052 3751 5111 Ibid.

2202 5312 2691 5389 lapidesdicuntur.
2713 5310 2815 5365 Sed
2847 5312 3147 5389 Marcellum
3178 5319 3251 5367 ait
3271 5316 3556 5389 Eusebius,
3586 5336 3747 5389 quam

2201 5392 2350 5501 lrecte
2380 5381 2589 5499 vidht‘arit.
2639 5393 2794 5434 sensu
2830 5385 3021 5447 primo,
3060 5394 3114 5438 et
3156 5386 3294 5437 κατὰ
3321 5389 3549 5457 γράμμα
3586 5381 3748 5447 intel-

2221 5463 2411 5501 exusse.
2507 5487 2519 5499 .

2221 5463 2411 5501 CXISSC.
2452 5463 2519 5499 Μ.

2272 5519 2383 5584 (68)
2415 5517 2753 5592 Σοζῑομῶνρς
2778 5519 3081 5592 λέγοντος.
3117 5522 3415 5589 Legendum
3459 5526 3624 5592 λέγει,
3658 5529 3741 5582 vel

2201 5586 2443 5652 λέγοντος
2464 5587 2665 5657 εἴρηκε.
2696 5586 2762 5640 Μ.
2779 5618 2846 5626 -
2865 5591 2990 5642 Dein
3021 5592 3173 5657 vulgo
3195 5586 3254 5641 τὸ
3283 5592 3479 5645 λεῖπον.
3516 5586 3676 5648 Porro
3698 5598 3739 5650 R

2200 5656 2469 5735 διαδόχους
2511 5655 2749 5735 αίγίττει,
2784 5660 2931 5735 .quod
2974 5655 3161 5735 falsum
3218 5673 3381 5735 estp.
3422 5662 3485 5715 70
3526 5664 3564 5717 D
3608 5667 3740 5735 lin.;

2205 5727 2340 5779 intra
2378 5727 2529 5794 vulgo
2558 5724 2588 5792 ἢ
2625 5726 2743 5777 καθ’
2774 5724 2867 5795 όμ.
2901 5738 2952 5782 et
2982 5729 3055 5791 ὡς
3081 5729 3171 5781 καὶ
3199 5729 3465 5793 πολλάκις.
