4048 6468
271 464 386 520 805

1391 463 1673 519 CONTRA
1714 461 2146 520 MARCELLUM
2184 461 2312 516 LIB.
2359 461 2425 516 II.

3414 461 3520 516 806

271 579 440 649 ιτερά
484 595 604 632 τινα
638 577 878 639 διελθὼν,
914 577 1160 646 επιφέρει
1194 595 1207 606 ’
1247 597 1264 628 ι
1295 579 1501 631 οὐκοῦν
1553 579 1829 648 ἐπειδήπεί

1955 595 1971 626 ι
2019 575 2379 645 apostolorum
2405 574 2516 644 typi
2542 572 3067 640 przenuntiabantur.
3095 571 3341 628 Meminit
3369 577 3520 628 enim

279 689 300 720 ι
337 669 468 738 περὶ⁵
510 667 620 719 τῶν
659 667 1003 736 προαγόντων
1035 668 1362 738 εἰρήκαμεν,
1408 667 1696 720 ἀκόλουθόν
1727 669 1844 720 ἐστι

277 776 298 807 ι
337 757 431 809 καὶ
457 755 516 808 τό
538 756 716 806 λεῖπον
741 753 1145 825 ἀναπληρῶσαι.
1164 755 1353 809 Λείπει
1373 754 1430 807 δὲ
1450 754 1531 817 τὸ,
1561 773 1579 805 ι
1604 757 1753 808 κατὰ
1773 755 1844 812 τὰ

279 866 298 896 ι
340 846 448 914 ὄρη
468 847 564 900 καὶ
598 845 736 910 τοὺς
757 845 1043 910 βουνούς.
1098 847 1209 918 Πρὸ
1235 847 1342 918 γὰρ
1364 845 1459 899 τοῦ
1479 845 1549 899 τὰ
1577 847 1677 918 ὅρη
1696 847 1845 916 ἐδρα-

277 955 298 986 σ
335 936 548 1006 σθῆναι,
599 935 751 1006 φησὶ,
789 936 894 1006 πρὸ
929 936 987 988 δὲ
1026 937 1242 989 πάντων
1283 936 1392 990 τῶν
1431 935 1656 1006 βουνῶν,
1680 937 1842 1005 γεννᾷ

277 1045 297 1077 ι
343 1044 428 1095 με.
462 1028 599 1096 Ὀρη
633 1027 724 1078 καὶ
755 1026 971 1096 βουνοὺς
995 1028 1118 1089 τοὺς
1137 1026 1460 1089 ἀποστόλους
1479 1028 1712 1088 καὶτοὺς
1733 1026 1841 1079 τῶν

278 1131 298 1164 ι
338 1113 650 1166 ἀποστόλων
675 1113 950 1184 διαδόχους
994 1111 1128 1167 εἶναι
1147 1154 1162 1178 ,
1188 1116 1274 1168 ἵνα
1303 1117 1455 1187 παρά
1495 1117 1620 1179 τοὺς
1649 1116 1840 1180 ἀλλους

277 1219 298 1251 ι
339 1202 656 1272 ἀνθρώπους
680 1202 777 1273 τὴν
822 1205 942 1257 κατ’
968 1203 1144 1256 αὐτῶν
1163 1203 1375 1258 δικαίαν
1407 1205 1676 1259 πολιτείαν
1703 1223 1840 1279 παρ-

278 1311 299 1342 (
338 1292 606 1362 οιμιωδῶς
653 1294 911 1364 σημαίνῃ.
975 1313 992 1345 ι
1045 1293 1307 1358 Τοιαύτας
1353 1295 1502 1358 τινὰς
1545 1297 1839 1367 ἑρμηνείας

270 1386 596 1457 ἐκθέμενος,
645 1384 800 1451 αὖθις
843 1390 935 1440 ἐπὶ
979 1389 1076 1450 τὰς
1122 1387 1479 1452 ἀποστολικάς
1523 1389 1836 1459 μεταϐαίνει

271 1477 478 1545 φωνὰς,
500 1479 755 1532 τάναντία
781 1478 860 1548 τῷ
900 1478 1202 1549 ’Λποστόλῳ
1228 1479 1613 1550 φθεγγόμενος.
1656 1479 1712 1531 '0
1741 1481 1836 1549 μὲν

270 1569 382 1641 γὰρ
416 1570 508 1623 τὸν
568 1570 802 1640 προόντα
862 1569 997 1623 Υἰόν
1029 1570 1134 1624 τοῦ
1165 1569 1312 1623 Θεοῦ
1336 1571 1431 1623 καὶ
1457 1572 1837 1638 Πρωτότοκον

271 1656 474 1724 πάσης
509 1659 758 1720 κτίσεως
801 1655 961 1708 αὐτὸν
1005 1651 1146 1708 εἶναι
1184 1655 1428 1714 ἐδίδασκε
1448 1673 1461 1686 ·
1487 1655 1554 1708 τά
1579 1655 1753 1708 πάντα
1777 1658 1835 1709 ἐν

271 1746 439 1816 αύτῷ,
465 1746 558 1798 καὶ
574 1745 640 1798 δι’
664 1744 824 1797 αὐτοῦ
854 1745 1114 1800 ἐκτίσθαι·
1139 1746 1300 1799 αὐτόν
1333 1763 1393 1798 τε
1427 1740 1566 1798 εἶναι
1584 1746 1688 1815 πρὸ
1709 1746 1835 1798 πάν-

267 1851 377 1888 των
424 1834 633 1906 μεγάλῃ
657 1832 752 1904 βοῇ
778 1835 1203 1906 μαρτυρόμενος
1229 1836 1258 1886 ό
1290 1834 1349 1886 δέ
1378 1834 1472 1886 ἐπὶ
1510 1833 1608 1904 τὴν
1631 1835 1831 1905 σάρκα,

1951 684 1969 716 ι
2016 673 2196 719 textus
2222 663 2312 719 ille
2336 663 2620 718 duodecim
2649 662 2878 716 lontium
2911 663 2963 717 in
2989 663 3126 717 Elim
3151 706 3169 732 ,
3221 676 3345 717 cum
3389 680 3523 732 apo-

1951 773 1970 804 i
2016 754 2278 810 stolarum
2320 755 2520 809 chorus
2567 762 2713 808 esset
2753 753 3136 809 duodenarius.
3169 772 3188 805 ι
3229 753 3371 808 Idem
3418 755 3521 808 ite-

1945 861 2062 900 rum
2093 845 2184 900 ille
2213 844 2414 913 regerit
2463 845 2530 898 ad
2588 844 2732 898 hunc
2761 844 3002 909 modum,
3031 844 3280 914 inquiens
3305 861 3320 898 :
3363 863 3382 895 ι
3408 844 3520 897 Ile-

1950 953 1967 984 σ
2018 936 2121 988 rito
2164 935 2330 1004 igitur
2354 935 2420 988 de
2453 933 2803 1002 generatione
2831 937 3124 988 secundum
3154 947 3376 988 Carnem
3414 933 3520 988 Do-

1947 1041 1966 1072 c
2013 1025 2190 1076 minus
2241 1037 2336 1090 per
2374 1024 2696 1092 prophetam
2755 1021 3102 1077 Salomonem
3135 1023 3320 1076 dixit:
3351 1026 3518 1077 Ante-

1947 1133 1965 1165 ι
2012 1129 2167 1182 quam
2196 1114 2366 1181 fontes
2408 1129 2670 1182 aquarum
2720 1114 3073 1182 provenirent.
3107 1131 3124 1163 ι
3157 1111 3214 1166 In
3247 1117 3522 1180 sequenti-

1940 1205 2072 1266 bus,
2119 1206 2364 1272 quadam
2411 1205 2516 1257 alia
2581 1214 2903 1273 prosecutus
2963 1204 3126 1273 stylo,
3191 1201 3514 1275 infert:[B.

1936 1292 2107 1366 XXII]
2136 1313 2153 1344 ι
2168 1293 2430 1361 Quocirca
2453 1310 2574 1348 cum
2594 1294 2954 1362 prmcedentia
2975 1295 3236 1348 fuerimus
3253 1294 3517 1358 exsecuti,

1945 1405 1963 1436 ι
2007 1399 2345 1455 consequens
2388 1394 2489 1448 est,
2522 1394 2583 1438 ut
2618 1385 2761 1454 quod
2788 1394 2954 1438 restat
2981 1383 3159 1438 adhuc
3185 1383 3518 1452 expleamus.

1943 1495 1961 1525 ι
2007 1476 2195 1530 Restat
2231 1485 2408 1529 autem
2456 1475 2608 1539 illud,
2645 1491 2752 1542 quo
2781 1473 3029 1527 meminit
3054 1475 3318 1528 montium
3355 1482 3518 1541 atque

1942 1583 1962 1615 ς
2005 1566 2269 1618 saltuum:
2304 1564 2377 1618 ait
2405 1565 2546 1618 enim
2579 1564 2905 1630 :Antequam
2938 1574 3135 1615 montes
3155 1563 3516 1628 ﬁrmarentur,

1943 1673 1962 1703 α
2009 1669 2132 1707 ante
2163 1669 2342 1707 omnes
2374 1655 2546 1706 saltus
2588 1654 2765 1722 genuit
2802 1667 2899 1704 me.
2935 1649 3070 1704 Esse
3109 1666 3275 1720 porro
3305 1659 3519 1704 montes

1946 1762 1963 1792 ι
2011 1745 2176 1797 hosce
2202 1754 2367 1812 atque
2405 1743 2579 1797 saltus
2613 1742 2893 1809 apostolos
2927 1751 2980 1796 et
3007 1755 3350 1796 successores
3382 1755 3514 1809 apo-

1943 1850 1960 1880 ι
2009 1829 2264 1883 stolorum
2306 1844 2323 1883 :
2369 1838 2429 1883 ut
2468 1831 2539 1882 ita
2594 1829 2807 1883 illorum
2841 1830 3142 1899 juStissima
3171 1830 3518 1884 conversatio

269 1927 366 1979 καὶ
400 1924 601 1994 ταύτην
626 1924 951 1977 καταϐάλλει
1000 1925 1097 1996 τὴν
1147 1924 1438 1994 θεολογίαν·
1464 1927 1658 1997 μικρὸν
1674 1926 1829 1980 ὔστε-

1936 1940 1953 1971 ‹
2001 1932 2167 1989 atque
2213 1921 2332 1974 vitae
2379 1921 2662 1985 institutio,
2693 1929 2818 1974 ante
2862 1935 3052 1976 omnes
3115 1920 3346 1974 aliorum
3375 1923 3516 1990 poli-

273 2030 366 2085 ρον
402 2015 494 2068 καί⁵
542 2011 743 2082 ταύτην
774 2012 1118 2084 ἀρνούμενος.
1163 2014 1325 2083 Λέγει
1362 2013 1420 2067 δὲ
1453 2015 1629 2067 οὔτωο
1672 2035 1690 2067 ι
1734 2015 1834 2067 Διά

277 2124 296 2157 ι
335 2105 494 2158 τοῦτο
511 2104 733 2167 εἰκότως
753 2105 1022 2176 ἐπιφέρει,
1050 2105 1150 2169 ’ος
1170 2105 1341 2159 ἐστιν
1359 2104 1535 2159 εἰκὼν
1554 2107 1660 2160 τοῦ
1685 2105 1834 2160 Θεοῦ

276 2215 294 2249 ι
333 2195 439 2249 τοῦ
456 2194 731 2262 ἀοράτου.
765 2214 784 2246 i
807 2196 944 2248 Πότε
969 2195 1257 2266 γενόμενος
1284 2195 1478 2262 εἰκών;
1505 2197 1576 2249 Ἦ
1595 2196 1834 2267 ὁπηνίκα

269 2285 331 2339 τ’)
367 2285 488 2338 κατ’
534 2285 715 2338 εἰκόνα
738 2285 830 2338 καὶ
867 2285 986 2338 καθ’
1009 2285 1268 2355 ὁμοίωσιν
1295 2286 1552 2356 ἀνείληφε
1573 2287 1832 2358 πλάσμα;

274 2395 292 2428 ι
333 2376 601 2447 Πρότερον
629 2375 756 2447 γάρ,
791 2375 978 2447 ὥσπερ
1006 2375 1263 2439 πολλάκις
1289 2377 1444 2446 ἔφην,
1474 2375 1626 2430 οὐδὲν
1652 2377 1835 2448 ἕτερον

275 2485 294 2518 ι
331 2463 401 2537 ἦν
433 2467 467 2536 ἢ
505 2467 694 2534 Λόγος·
737 2485 758 2518 ι
795 2467 890 2520 καὶ
940 2466 1186 2536 ἐπιμένει
1216 2466 1279 2520 τό
1325 2467 1456 2520 αὐτὸ
1488 2466 1835 2539 γυμνώτερον

265 2558 564 2626 διασαφῶν,
600 2558 666 2610 δι’
700 2551 774 2612 ὧν
805 2575 968 2628 φησιν
988 2575 1001 2586 ·
1027 2577 1044 2609 ι
1071 2557 1280 2611 Οὐκοῦν
1313 2558 1691 2630 πρόδηλον,ότι
1729 2559 1836 2630 πρὸ

275 2668 295 2702 ι
318 2651 423 2719 τῆς
453 2650 544 2703 τοῦ
569 2650 836 2721 ἡμετέρου
873 2648 1121 2720 σώματος
1140 2649 1456 2721 ἀναλήψεως
1475 2652 1503 2703 ὁ
1518 2652 1688 2719 Λόγος
1713 2650 1834 2703 καθ’

272 2755 292 2789 ι
316 2735 509 2789 ἐαυτὸν
538 2737 636 2788 οὐκ
683 2732 751 2806 ἦν
778 2736 940 2789 υἰκὼν
967 2737 1060 2790 τοῦ
1081 2737 1312 2808 ἀοράτου
1350 2737 1507 2793 Θεοῦ.
1563 2740 1677 2810 Τὴν
1727 2739 1836 2810 γάρ

272 2846 293 2878 ε
319 2828 502 2881 εἰκόνα
516 2829 744 2900 ὁρᾶσθαι
763 2831 1047 2900 προσήκει,
1075 2828 1159 2883 ἵνα
1178 2830 1265 2884 διὰ
1285 2829 1386 2900 τῆς
1401 2831 1603 2894 εἰκόνος
1617 2831 1678 2883 τὸ
1699 2831 1836 2895 τέως

271 2935 292 2968 ε
320 2917 394 2988 μὴ
426 2918 698 2989 δρώμενον
733 2919 959 2990 όρᾶσθαι
997 2919 1240 2990 δύνηται.
1269 2939 1288 2972 ι
1313 2923 1422 2974 Καὶ
1440 2923 1601 2975 πάλιν
1613 2922 1836 2993 προστί-

267 3009 392 3078 θησι
415 3008 585 3076 λέγων
605 3025 618 3038 ·
658 3026 677 3057 ‹
718 3007 840 3070 Πῶς
867 3004 959 3060 οὖν
980 3009 1160 3061 εἰκόνα
1192 3009 1284 3062 τοῦ
1317 3009 1548 3082 ἀοράτου
1574 3008 1708 3061 Θεοῦ
1745 3009 1835 3062 τὸν

271 3117 292 3150 ‹
329 3097 422 3150 τοῦ
445 3096 578 3150 Θεοῦ
619 3098 786 3163 Λόγον
822 3099 1091 3168 Ἀστέριος
1120 3094 1257 3151 εἶναι
1294 3101 1594 3169 γέγραφεν;
1629 3100 1695 3149 Δί
1727 3098 1836 3169 γὰρ

270 3208 290 3240 ι
335 3190 539 3252 εἰκόνες
595 3189 817 3250 τούτων,
853 3183 929 3243 ὧν
959 3192 1096 3242 εἰσιν
1145 3191 1372 3254 εἰκόνες,
1423 3190 1520 3244 καὶ
1544 3186 1830 3255 ἀπόντων,

271 3298 290 3331 ι
329 3278 591 3332 δεικτιηί
632 3282 784 3332 εἰσιν⁵
827 3280 966 3332 ὥστε
998 3281 1091 3333 καὶ
1131 3279 1221 3333 τὸν
1266 3281 1469 3333 ἀπόντα
1496 3281 1606 3350 (69)
1638 3281 1705 3334 δι’
1731 3282 1829 3334 αύ-

271 3386 290 3419 t
326 3369 432 3422 τῶν
449 3369 732 3437 φαίνεσθαι
749 3371 939 3423 δοκεῖν.
968 3371 1030 3422 Εἰ
1049 3371 1104 3423 δὲ
1124 3370 1216 3422 τοῦ
1241 3369 1374 3423 Θεοῦ
1402 3370 1632 3441 ἀοράτου
1654 3371 1826 3434 ὄντος,

270 3479 289 3510 σ
326 3461 552 3531 ἀόρατον
574 3458 710 3514 εἶναι
742 3464 837 3515 καλ⁸
858 3462 948 3514 τὸν
981 3463 1151 3528 Λόγον
1180 3462 1485 3531 συμϐαίνει,
1513 3463 1631 3525 πῶς
1665 3462 1828 3515 εἰκὼν

269 3572 288 3602 ι
327 3553 421 3604 τοῦ
455 3554 686 3622 ἀοράτου
714 3553 846 3606 Θεοῦ
874 3553 993 3606 καθ’
1015 3554 1206 3607 ἐαυτὸν
1235 3555 1264 3606 ὁ
1301 3554 1470 3622 Λόγος
1503 3551 1638 3607 εἶναι
1666 3555 1828 3607 δύνα-

268 3661 286 3692 i
326 3659 437 3704 ται,
476 3645 568 3695 καὶ
609 3643 767 3706 αὐτὸς
808 3644 1035 3714 ἀόρατος
1074 3643 1186 3708 div;
1223 3644 1481 3699 ἀδύνατον
1514 3647 1621 3716 γὰρ
1654 3646 1713 3699 τὸ
1753 3646 1828 3717 μὴ

267 3754 289 3787 ς
324 3735 518 3806 ὁρατὸν
547 3735 635 3789 διὰ
672 3736 764 3788 τοῦ
802 3738 1033 3808 ἀοράτου
1073 3738 1306 3807 φανῆναί
1353 3755 1503 3792 ποτε.
1540 3759 1559 3790 ι
1612 3739 1720 3791 Καὶ
1770 3742 1828 3791 ἐν

261 3826 471 3888 τούτοις
498 3827 554 3880 δὲ
581 3829 610 3880 ὁ
636 3828 949 3899 Μάρκελλος
976 3829 1036 3882 ού
1067 3830 1285 3899 συνορᾷ,
1315 3831 1416 3893 ὅτι,
1449 3833 1495 3882 εἰ
1525 3831 1622 3902 τὴν
1650 3830 1828 3902 σάρκα

260 3916 484 3988 δοίημεν
517 3913 654 3969 εἶναι
680 3917 778 3987 τὴν
809 3918 991 3970 εἰκόνα
1023 3918 1117 3971 τοῦ
1148 3917 1305 3981 Θεοῦ,
1338 3917 1454 3990 ὥρα
1479 3921 1572 3972 καὶ
1612 3921 1828 3974 πάντων

260 4005 560 4077 ἀνθρώπων
575 4006 670 4067 τὰς
692 4005 919 4076 σάρκας,
943 4006 1035 4058 καὶ
1057 4006 1124 4059 τά
1144 4007 1252 4059 τῶν
1278 4010 1541 4078 σωμάτων
1562 4008 1828 4079 πρόσωπα

261 4098 474 4160 εἰκόνας
500 4095 637 4151 εἶναι
666 4099 839 4167 λέγειν
861 4099 952 4152 τοῦ
981 4097 1138 4152 Θεοῦ.
1171 4099 1332 4151 Ὥστε
1363 4102 1483 4152 κατ’
1504 4099 1664 4152 αὑτὸν
1717 4118 1823 4170 μη-

263 4187 356 4240 δὲν
406 4186 679 4258 ἐξαίρετον
717 4190 1004 4260 ἐσχηκέναι
1042 4189 1132 4242 τὸν
1165 4189 1413 4259 Σωτῆρα.
1452 4190 1508 4242 'U
1546 4190 1591 4243 δ’
1639 4190 1825 4262 ὥσπερ

261 4278 647 4350 ἐπιλαθόμενος
679 4274 757 4335 ὧν
788 4282 925 4352 μετά
955 4281 1126 4334 ταῦτα
1159 4283 1284 4351 περὶ
1321 4281 1417 4351 τῆς
1448 4282 1646 4350 σαρκὸς
1700 4299 1824 4334 συν-

261 4370 485 4442 έγραψε,
515 4371 698 4424 δούλου
733 4373 944 4443 μορφὴν
981 4371 1148 4441 αὐτὴν
1176 4369 1344 4423 εἰπὼν
1375 4370 1433 4436 ἐξ
1466 4370 1824 4441 ἁποστολικῆς

260 4461 630 4531 παραθέσεως,
691 4464 782 4519 καὶ
826 4463 913 4516 διά
971 4463 1129 4515 τοῦτο
1195 4464 1269 4533 μὴ
1328 4462 1584 4514 δύνασθαι
1647 4465 1822 4514 συνεῖ-

1940 2033 1958 2064 ι
2011 2014 2147 2076 tias,
2193 2011 2527 2082 intelligatur
2572 2013 2888 2066 denotari.»
2942 2012 3328 2082 Huiuscemodi
3380 2028 3510 2066 suas

1936 2104 2416 2171 interpretatioiies
2444 2103 2533 2157 ubi
2574 2099 2951 2172 propasuerat,
2984 2103 3162 2174 pergit
3199 2104 3415 2159 demum
3446 2105 3513 2156 ad

1928 2197 2243 2250 testimonia
2285 2195 2601 2264 apostolica,
2645 2204 2702 2250 et
2739 2195 2999 2264 Apostolo
3039 2195 3312 2250 contraria
3355 2195 3410 2250 in
3451 2210 3517 2248 os

1933 2287 2211 2356 obgannit.
2265 2285 2408 2340 «Ille
2467 2287 2604 2340 enim
2658 2287 3075 2355 prcexistentem
3139 2285 3334 2340 Filium
3393 2286 3513 2348 Dei,

1940 2395 1958 2426 ι
2005 2376 2186 2431 omnis
2228 2385 2493 2431 creatura:
2554 2376 2980 2447 Primogenitum
3029 2376 3260 2445 appellat
3291 2376 3511 2429 :omnia

1937 2490 1959 2514 ι
2007 2471 2061 2522 in
2093 2470 2187 2524 illo
2216 2477 2270 2523 et
2297 2484 2396 2534 per
2431 2467 2580 2522 illum
2611 2469 2828 2523 condita
2882 2468 3039 2522 docet
3068 2484 3082 2520 :
3119 2482 3352 2533 eumque
3385 2477 3516 2520 ante

1941 2579 1958 2610 ι
2005 2560 2187 2612 omnia
2234 2560 2512 2614 exstitisse
2565 2577 2754 2630 magna
2785 2575 2904 2612 voce
2935 2567 3308 2624 protestetur;
3344 2568 3398 2610 at
3431 2562 3513 2611 hic

1943 2670 1960 2701 ‹
2007 2652 2140 2705 hanc
2166 2653 2332 2717 ipsam
2363 2653 2676 2722 theologiam
2710 2653 2784 2734 ad
2823 2666 3034 2704 carnem
3067 2651 3277 2702 deducit
3307 2662 3325 2700 :
3351 2665 3511 2717 quam

1941 2762 1958 2793 ι
2003 2753 2051 2796 et
2095 2745 2265 2812 ipsam
2293 2744 2471 2796 statim
2507 2754 2656 2812 negat
2687 2757 2704 2795 :
2735 2743 2811 2795 ait
2871 2752 3052 2794 autem
3100 2757 3114 2794 :
3155 2739 3242 2809 [Β.
3269 2737 3514 2810 LXXXI]

1941 2853 1957 2883 ι
2006 2832 2210 2888 Idcirco
2241 2835 2434 2891 merito
2466 2834 2650 2898 infert,
2687 2834 2789 2899 Qui
2834 2842 2917 2886 est
2940 2834 3113 2899 imago
3141 2833 3234 2885 Dei
3263 2831 3509 2885 invisibi-

1941 2943 1960 2975 ι
2005 2925 2093 2990 lis,
2125 2927 2342 2993 quando
2369 2935 2548 2978 autem
2594 2925 2667 2978 ita
2702 2924 2915 2978 factus?
2942 2923 3078 2976 Num
3115 2938 3238 2977 cum
3279 2923 3505 2992 ﬁgmen-

1941 3033 1960 3064 ι
2008 3023 2120 3068 tum
2152 3015 2446 3082 assumpsit
2472 3014 2598 3068 illud
2623 3015 2765 3082 quod
2799 3014 2998 3068 factum
3025 3023 3107 3067 est
3126 3013 3193 3067 ad
3221 3013 3510 3082 imaginem

1942 3122 1962 3153 ο
2007 3115 2062 3157 et
2087 3104 2538 3158 similitudinem?
2572 3109 2630 3166 ὦ
2663 3102 2823 3157 Prius
2852 3105 3076 3164 etenim,
3119 3105 3261 3170 quod
3305 3103 3496 3172 aliquo

1942 3214 1960 3245 ι
2009 3196 2108 3248 lies
2158 3195 2414 3255 diximus.
2466 3195 2598 3247 nihil
2646 3195 2794 3246 aliud
2820 3209 2985 3261 quam
3043 3195 3275 3248 Verbum
3319 3206 3455 3248 erat.
3487 3215 3504 3244 ι

1934 3284 2169 3346 Perstat,
2203 3293 2257 3336 et
2294 3283 2398 3338 hoc
2430 3283 2757 3352 explicatius
2809 3284 3065 3348 eiucidat,
3099 3285 3187 3337 ubi
3219 3285 3454 3352 loquitur
3491 3300 3506 3335 ε

1931 3375 2020 3446 [Β.
2041 3373 2232 3427 XXXII
2252 3376 2377 3427 coll.
2394 3390 2444 3442 p.
2464 3375 2534 3427 24
2556 3373 2626 3446 Β]
2648 3393 2666 3425 ι
2697 3374 2788 3429 Est
2804 3389 2934 3444 ergo
2957 3373 3332 3438 manifestum,
3357 3380 3501 3445 quod

1932 3482 2033 3520 non
2070 3475 2186 3520 erat
2214 3465 2448 3519 Verbum
2492 3467 2670 3535 imago
2707 3466 2996 3518 invisibilis
3025 3466 3120 3519 Dei
3168 3475 3294 3520 ante
3324 3468 3504 3520 carnis

1931 3568 2130 3613 nostra:
2176 3559 2628 3624 assumptionem.
2661 3556 2794 3609 Nam
2837 3570 3060 3609 necesse
3099 3567 3182 3608 est
3213 3557 3503 3626 imaginem

1929 3648 2101 3702 oculis
2125 3648 2294 3711 cerui,
2311 3656 2370 3700 ut
2393 3647 2466 3700 ita
2487 3663 2583 3714 per
2602 3647 2888 3717 imaginem
2905 3647 3249 3700 discernatur
3273 3647 3324 3701 id
3350 3649 3494 3715 quod

1930 3755 2033 3793 non
2054 3748 2258 3808 poterat
2276 3747 2429 3791 antea
2459 3738 2628 3791 oculis
2656 3738 2955 3801 usurpari.»
2978 3737 3106 3789 Dein
3127 3737 3275 3789 addit
3300 3738 3503 3802 κρυο-

1937 3847 1955 3880 ι
2006 3829 2128 3881 mad
2144 3829 2370 3880 modum
2400 3829 2566 3895 igitur
2590 3828 2837 3880 Asterius
2862 3825 3116 3887 allirmat,
3147 3826 3236 3878 Dei
3269 3825 3502 3879 Verbum

1934 3939 1953 3971 ι
1998 3921 2273 3975 exstitisse
2322 3920 2611 3988 imaginem
2676 3915 2965 3970 invisibilis
3029 3915 3161 3969 Dei?
3237 3916 3504 3986 Imagines

1933 4032 1949 4062 ι
1997 4012 2195 4066 etenim
2235 4021 2358 4065 sunt
2392 4025 2580 4063 earum
2623 4024 2804 4064 rerum
2859 4005 3297 4062 demonstrativae
3336 4009 3499 4061 etiam

1933 4122 1950 4152 ι
1995 4103 2330 4167 absentium,
2368 4116 2596 4170 quarum
2637 4109 2764 4153 sunt
2810 4099 3080 4166 imagines
3118 4117 3131 4150 :
3163 4099 3239 4152 ita
3299 4108 3354 4152 ut
3403 4113 3503 4166 pi-r

1933 4210 1951 4240 ι
2000 4192 2119 4245 illas
2147 4191 2231 4244 vel
2267 4192 2544 4245 absentem
2576 4191 2845 4260 possimus
2874 4190 3096 4243 intueri.
3138 4189 3339 4256 Quodsi
3380 4191 3499 4253 Dei,

1930 4301 1950 4332 ι
1998 4299 2119 4337 cum
2151 4284 2225 4336 sit
2258 4283 2568 4348 invisibilis,
2593 4284 2815 4336 verbum
2839 4282 3352 4352 quoqueinvisibile
3376 4281 3448 4335 sit
3477 4301 3492 4335 :

1929 4395 1946 4426 ι
1991 4374 2260 4443 quomodo
2293 4375 2510 4427 tandem
2548 4371 2802 4436 Verbum,
2845 4373 2897 4426 in
2927 4387 2988 4426 se
3020 4371 3316 4439 invisibile,
3353 4374 3497 4426 invi-

1929 4484 1946 4516 ι
1993 4465 2167 4520 sibilis
2201 4465 2292 4518 Dei
2333 4466 2509 4534 imago
2534 4477 2656 4518 esse
2691 4474 2866 4531 potest
2891 4463 2914 4516 ?
2939 4464 3100 4517 Certe
3141 4474 3224 4518 est
3274 4480 3494 4532 prorsus

261 4569 350 4606 ναι
377 4553 496 4622 (70)
520 4553 594 4624 τῷ
615 4554 792 4624 Λόγῳ,
828 4555 916 4607 διὰ
949 4555 1010 4607 τὸ
1023 4554 1206 4607 δούλου
1245 4553 1458 4625 μορφὴν
1486 4548 1653 4606 εἶναι’
1690 4554 1822 4607 ἀλλὰ

1935 4573 1951 4605 ι
1999 4555 2356 4625 impossibile,
2405 4566 2465 4608 ut
2510 4557 2650 4622 quod
2716 4571 2820 4608 non
2870 4556 3105 4618 videtur,
3149 4571 3246 4624 per
3290 4556 3496 4624 aliquid

261 4643 354 4710 καὶ
374 4647 552 4714 γυμνῇ
675 4645 880 4716 κεφαλῇ
915 4647 1124 4715 φήσας,
1159 4663 1176 4696 ι
1212 4644 1327 4707 πῶς
1366 4641 1594 4714 ἐγχωρεῖ
1624 4645 1721 4714 τὴν
1753 4646 1818 4698 ἐκ

267 4753 284 4783 ι
325 4735 428 4804 γῆς
455 4751 513 4787 τε
544 4731 728 4800 οὖσαν,
755 4738 847 4790 καὶ
877 4737 1041 4807 μηδὲν
1083 4735 1416 4804 ὠφελοῦσαν,
1446 4737 1503 4786 ἐν
1538 4737 1649 4796 τοῖς
1685 4735 1810 4805 μέλ-

265 4844 283 4875 ι
322 4824 501 4877 λουσιν
525 4825 682 4880 αἰῶσι
713 4829 948 4880 συνεῖναι
975 4827 1053 4897 τῷ
1076 4826 1255 4894 Λόγῳ;
1279 4845 1298 4877 υ
1339 4821 1476 4877 εἶναι
1508 4825 1692 4877 εἰκόνα
1721 4824 1814 4877 τοῦ

257 4916 486 4987 ἀοράτου
506 4915 662 4983 Θεοῦ,
685 4918 784 4988 τὴν
816 4918 991 4989 σάρκα
1024 4918 1114 4971 ἐπὶ
1148 4919 1240 4969 τοῦ
1270 4916 1532 4987 παρόντος
1558 4916 1819 4987 διισχυρί-

258 5006 408 5070 ζεται
433 5005 902 5079 διαϐεϐαιούμενος
927 5007 1327 5076 ἀποφαντικῶς,
1354 5007 1435 5059 ὅτι
1465 5007 1570 5076 πρὸ
1593 5006 1693 5076 τῆς
1725 5005 1817 5059 τοῦ

257 5097 524 5169 ἡμετέρου
581 5100 831 5171 σώματος
881 5100 1196 5170 ἀναλήψεως
1252 5098 1353 5151 οὐκ
1394 5093 1460 5168 ἦν
1517 5097 1684 5149 εἰκὼν
1720 5096 1814 5149 τοῦ

255 5189 487 5259 ἀοράτου
502 5187 656 5252 Θεοῦ,
677 5191 706 5242 ό
724 5190 895 5258 Λόγος
917 5189 1104 5243 αὑτοῦ.
1129 5191 1238 5242 Καὶ
1255 5185 1409 5250 αὖθις
1427 5187 1565 5257 μετά
1579 5187 1649 5239 τά
1664 5189 1818 5240 ἐκτε-

255 5279 419 5332 θέντα
463 5281 709 5352 ἐπιφέρει
748 5279 938 5349 λέγων’
984 5300 1002 5332 ι
1039 5283 1129 5334 Διὸ
1157 5278 1490 5350 πανταχόθεν
1529 5279 1706 5348 δῆλον,
1741 5282 1816 5332 εἰ-

331 5422 390 5480 ᾗ
442 5415 538 5469 Ed.
575 5413 770 5476 Paris.,
805 5433 924 5486 pag.
955 5417 1046 5471 47.

1929 4663 1947 4696 ι
1993 4644 2259 4700 invisibile
2294 4644 2686 4698 manifestetur.
2716 4664 2734 4695 ›
2771 4646 2886 4698 Non
2924 4646 3010 4698 hic
3059 4646 3310 4714 intelligit
3343 4646 3486 4699 Illar-

1923 4736 2119 4800 celius,
2155 4737 2297 4805 quod
2341 4737 2384 4790 si
2427 4738 2498 4790 sit
2540 4751 2764 4790 necesse
2795 4752 3013 4792 carnem
3051 4739 3336 4806 imaginem
3373 4739 3492 4790 ﬁeri

1925 4828 2062 4892 Del,
2106 4842 2302 4881 carnes
2353 4836 2407 4881 et
2449 4843 2678 4897 corpora
2725 4829 3003 4882 hominum
3059 4828 3390 4897 singulorum
3436 4841 3489 4883 et

1923 4931 2201 4986 personae.
2254 4918 2516 4986 imagines
2561 4918 2812 4972 dicantur
2867 4933 2986 4972 esse
3026 4917 3143 4974 Dei.
3188 4918 3263 4971 Ita
3304 4931 3355 4970 Ill
3396 4935 3495 4988 per

1921 5009 2272 5076 semetipsum
2321 5009 2596 5076 singulare
2639 5008 2773 5062 nihil
2821 5009 3017 5063 habeat
3058 5010 3335 5065 Servator.
3386 5012 3493 5064 Istc

1919 5098 2069 5166 vero,
2105 5109 2358 5167 tanquam
2399 5099 2599 5155 oblitus
2627 5115 2812 5154 eorum
2850 5116 2969 5169 qua:
2993 5101 3247 5171 deinceps
3273 5103 3338 5156 de
3371 5117 3489 5155 car-

1920 5203 1986 5241 ue
2026 5192 2298 5244 mandavit
2337 5191 2554 5254 litteris,
2583 5207 2705 5246 cum
2737 5207 2802 5245 ex
2834 5192 3158 5245 auctoritate
3191 5195 3487 5261 apostolica

1924 5283 2067 5336 servi
2105 5283 2332 5338 formam
2369 5285 2511 5339 illam
2539 5284 2895 5347 nominasset,
2928 5298 3025 5337 nec
3064 5283 3266 5338 idcirco
3296 5287 3489 5338 unieu-

325 5553 436 5621 (69)
464 5552 860 5628 Vi_ilgo_m‘t_6t’
889 5555 1066 5610 αὑτῶν
1103 5568 1154 5611 ει
1185 5557 1276 5608 τοῦ
1309 5558 1540 5628 ἀοράτου
1581 5559 1730 5619 ὄντος
1765 5567 1820 5611 et

1935 5556 2302 5628 .AO‘JO’WVGIQO’I.
2327 5555 2587 5628 Uliiforte
2606 5555 2912 5628 legendum,
2942 5567 2994 5628 et
3024 5558 3486 5628 distinguendum.

256 5626 433 5694 σάρκα
458 5623 568 5675 δείν
611 5625 708 5694 μὲν
735 5622 891 5677 εἶναι.

1913 5623 2049 5677 εἶναι
2081 5627 2135 5677 δὲ
2159 5626 2340 5697 εἰκόνα
2361 5626 2453 5677 τοῦ
2483 5626 2885 5697 ἀοράτου-Θεοῦ
2918 5626 3014 5697 τὴν
3045 5623 3238 5696 σάρκα,
3273 5627 3363 5677 ἐπὶ
3392 5629 3490 5681 τοῦ

327 5693 438 5766 (7D)
490 5693 583 5760 Μὴ
636 5694 927 5766 δύνασθαι
971 5697 1260 5750 συνεῖναι.
1323 5699 1432 5752 ’Λεί
1487 5700 1643 5761 forte,
1691 5713 1810 5750 nam

1935 5699 2177 5766 παρόντος
2201 5693 2585 5766 διισχυρίζεται
2619 5693 3127 5765 διοιὸεὸαιούμενος.⁷
3149 5697 3216 5748 Μ.
3246 5725 3310 5734 -
3353 5697 3483 5750 Dem

258 5764 383 5816 illud
421 5765 614 5829 νοειιίι.
651 5763 829 5831 Neque
858 5767 1020 5819 fuisse
1053 5767 1327 5819 auluuitam
1353 5773 1519 5823 verbo
1548 5775 1614 5820 ab
1654 5778 1806 5818 mtur-

258 5849 344 5892 uo,
372 5847 468 5886 nec
499 5831 729 5886 futuram
760 5836 1134 5901 adunienilaui,
1164 5851 1218 5891 ut
1251 5841 1433 5893 statim
1461 5842 1515 5891 ἐν
1539 5843 1647 5901 τοῖς
1674 5837 1796 5905 μέλ-

1912 5763 2067 5831 vulgo
2095 5763 2232 5818 εἶναι
2257 5763 2489 5834 διισχυρ.
2510 5776 2563 5819 et
2588 5763 2947 5834 ἀποφατικῶς
2985 5779 3038 5822 et
3073 5767 3242 5818 ταῦτα
3292 5768 3356 5818 τὰ
3401 5769 3485 5822 Ex-

1909 5837 2067 5890 θέντα
2094 5835 2168 5903 τῷ
2197 5834 2313 5902 Θεῷ
2347 5838 2519 5902 Λόγῳ.
