4048 6428
643 334 748 391 80⁸1

1299 330 1568 389 EUSEBII
1604 328 2078 387 CESARIENSIS
2112 329 2262 386 OL‘P.
2302 327 2482 386 PARS
2516 327 2607 386 IV.
2644 358 2713 371 —
2747 327 3163 387 DOGIA'I'ICA.

643 453 767 506 dam
796 463 915 509 esse
942 447 1117 505 Verbo
1141 465 1156 501 :
1179 448 1380 519 quique
1429 449 1593 504 etiam
1633 447 1968 518 apertissima
2010 446 2177 504 fronte

2292 465 2310 497 ι
2349 446 2480 499 κόνα
2523 445 2618 499 τοῦ
2666 445 2898 518 ἀοράτου
2941 444 3076 499 Θεοῦ
3115 443 3220 499 ὑπὸ
3260 445 3356 496 τοῦ
3403 441 3550 514 ἱεροῦ
3595 442 3846 514 εἰρῆσθαι

645 542 854 598 dixerat
887 561 899 595 :
928 557 948 590 ι
970 538 1268 606 Quomodo
1292 539 1692 595 concedendum
1741 547 1845 603 est,
1885 539 2030 593 illam
2061 554 2179 594 car-

649 651 669 684 ε
717 645 835 690 nem
877 631 1099 699 que'de
1135 641 1275 684 terra
1322 638 1550 699 sumpta
1575 638 1676 692 est,
1702 637 1758 683 et
1789 629 1921 684 nihil
1947 629 2183 698 prodest,

649 738 670 772 s
715 721 917 775 unitam
946 718 1117 775 Verbo
1140 719 1426 788 persistere
1455 717 1508 772 in
1539 718 1716 773 futuro
1734 719 1966 775 mulo?
1992 738 2012 772 ι
2037 718 2185 775 Illam

646 821 822 865 tamen
854 824 1072 866 carnem
1125 807 1411 877 imaginem
1452 820 1571 862 esse
1612 806 1709 863 Dei
1753 808 2036 864 invisibilis
2057 822 2188 864 con-

640 912 848 958 stanter
897 899 1127 956 amrmat
1165 916 1180 953 :
1212 898 1644 953 constantissime
1696 912 1896 968 negans
1938 885 2181 954 eamdem

642 994 836 1063 ipsam,
874 1002 999 1046 ante
1040 991 1283 1058 corporis
1313 992 1484 1045 nostri
1513 992 1956 1061 assumptionem,
1995 989 2184 1061 imagi-

644 1097 767 1138 nem
795 1081 886 1136 Dei
917 1080 1202 1135 invisibilis
1230 1080 1500 1135 exstitisse
1529 1098 1545 1136 :
1571 1081 1665 1136 sed
1695 1088 1900 1134 tantum
1949 1078 2184 1133 Verbum

640 1171 775 1239 ejus.
793 1169 888 1227 His
916 1171 986 1224 ita
1002 1170 1193 1240 positis
1207 1169 1468 1224 subinl'ert
1487 1171 1734 1239 inquiens
1756 1189 1768 1224 :
1787 1167 1877 1241 [Β.
1896 1167 2182 1239 LXXXIII]

646 1280 666 1312 ε
711 1259 993 1328 Quocirca,
1019 1261 1164 1315 omni
1202 1261 1358 1317 modo
1403 1270 1574 1328 patet,
1605 1260 1890 1329 imaginem
1924 1260 2016 1314 Dei
2045 1260 2183 1313 invi-

647 1370 666 1402 ε
710 1350 880 1406 sibilis
909 1366 938 1404 a
976 1361 1161 1406 sancto
1193 1352 1446 1420 Apostolo
1487 1351 1590 1404 dici
1631 1365 1845 1404 carnem
1873 1349 2036 1414 illam,
2064 1365 2183 1420 qua

646 1459 665 1489 ε
704 1439 954 1508 deinceps
1006 1438 1235 1493 accessit
1285 1439 1495 1492 verbo:
1524 1447 1583 1492 ut
1636 1452 1731 1507 per
1763 1436 1972 1492 visibile
2015 1437 2180 1491 videri

644 1547 663 1575 ο
711 1537 893 1598 posset
947 1528 1087 1594 quod
1142 1536 1227 1582 est
1281 1527 1574 1583 invisibile.
1633 1526 1818 1597 Imago
1867 1537 1962 1592 est,
2011 1528 2183 1596 inquit

2289 554 2308 586 ι
2347 534 2663 601 ἀποστόλου,
2685 535 2782 606 τὴν
2797 535 3235 606 προσγενομένην
3254 533 3332 604 τῷ
3350 533 3505 603 Λόγῳ
3521 533 3718 603 σάρκα·
3757 533 3846 586 ἵνα

2289 644 2308 676 ι
2370 625 2460 680 διὰ
2484 625 2578 680 τοῦ
2605 625 2836 697 ἀοράτου
2861 625 2974 697 (71)
2999 626 3094 680 καὶ
3112 625 3172 679 τὺ
3195 625 3387 694 ὁρατὸν
3423 624 3699 694 φαίνηται.
3744 624 3844 676 ει-

2289 731 2310 766 ε
2347 715 2470 768 κὼν
2495 713 2564 768 δέ
2604 715 2755 778 ἐστι,
2816 715 2978 786 φησὶν
3005 715 3034 768 6
3076 715 3411 779 ’Δπόστολος,
3432 712 3539 767 τοῦ
3588 711 3846 782 ἀοράτου

2297 822 2316 856 ι
2358 804 2526 858 Θεοῦ.
2545 803 2658 857 Νῦν
2683 804 2860 875 δῆλον,
2885 807 2986 869 ὅτι,
3010 805 3244 875 ὁπηνίκα
3267 806 3366 877 τὴν
3393 806 3512 857 κατ’
3541 804 3728 857 είκόνα
3748 800 3843 856 τοῦ

2289 915 2307 947 ι
2351 895 2485 950 Θεοῦ
2530 897 2828 968 γενομένην
2870 896 3122 966 ἀνείληφε
3173 897 3372 966 σάρκα,
3424 885 3586 949 ε’ίκὼν
3635 893 3843 964 ἀληθὴς

2289 1008 2307 1040 ι
2343 987 2435 1041 τοῦ
2466 987 2698 1058 ἀοράτου
2737 987 2871 1041 Θεοῦ
2900 989 3106 1056 γέγονε.
3143 988 3206 1039 Εἰ
3239 987 3347 1058 γὰρ
3391 987 3478 1039 διὰ
3507 987 3607 1056 τῆς
3633 985 3841 1048 εἰκόνος

2288 1097 2305 1129 ε
2340 1079 2540 1149 ταύτης
2568 1078 2658 1131 τὸν
2688 1077 2781 1131 τοῦ
2805 1078 2938 1131 Θεοῦ
2965 1079 3134 1147 Λόγον
3161 1077 3470 1147 ἠξιώθημεν
3494 1075 3719 1143 γνιῖιναι,
3750 1093 3842 1127 mo

2287 1189 2306 1219 ι
2347 1168 2553 1222 στεύειν
2579 1167 2860 1238 ὀφείλομεν
2894 1167 3038 1237 αὐτῷ
3067 1168 3144 1237 τῷ
3174 1168 3350 1237 Λόγῳ,
3379 1165 3469 1218 διὰ
3501 1167 3600 1236 τῆς
3632 1165 3839 1227 είκόνος

2286 1275 2304 1306 ι
2342 1257 2570 1326 λέγοντι,
2623 1257 2768 1326 Ἐγὼ
2804 1259 2901 1312 καὶ
2933 1263 2965 1312 ό
2991 1257 3192 1326 Πατὴρ
3215 1258 3283 1311 ἓν
3315 1257 3519 1326 ἐσμεν.
3554 1255 3695 1309 Οὔτε
3730 1255 3839 1326 γάρ

2285 1366 2305 1398 ε
2339 1348 2429 1402 ὼν
2457 1348 2626 1417 Λόγον
2661 1346 2782 1401 οὕτε
2807 1348 2897 1401 τὸν
2927 1349 3142 1418 Πατέρα
3176 1347 3267 1400 τοῦ
3309 1348 3501 1415 Λόγου,
3530 1346 3708 1416 ’χωρὶς
3739 1345 3840 1414 τῆς

2286 1457 2305 1491 ι
2340 1439 2544 1502 εἰκόνος
2583 1439 2784 1510 ταύτης
2816 1437 3016 1507 γνῶναί
3045 1456 3166 1492 τινα
3197 1438 3435 1492 δυνατόν.
3471 1456 3491 1487 ι
3538 1436 3642 1490 Καὶ
3679 1433 3842 1488 πάλιν

2281 1528 2547 1599 ἐπιφέρει·
2577 1545 2596 1579 ι
2629 1526 2784 1581 Οὕτω
2805 1526 2933 1596 γοῦν
2953 1529 3046 1580 καί
3063 1529 3091 1580 6
3107 1525 3421 1588 ’Δπόστολός
3445 1541 3624 1596 φησιν,
3652 1525 3841 1595 ὥσπερ

646 1637 665 1669 ε
708 1617 1016 1686 Apostolus.
1073 1615 1170 1670 Dei
1224 1617 1502 1672 invisibilis
1524 1618 1590 1674 ¹⁷.
1623 1618 1772 1672 Nunc
1823 1627 1987 1686 patet,
2040 1619 2177 1684 quod

2287 1636 2304 1667 ι
2336 1617 2758 1688 μικρῷιπρόσθεν
2770 1618 2992 1688 ἐφαμεν,
3010 1617 3337 1672 Ἐκένωσεν
3349 1616 3582 1678 ἑαυτὸν,
3598 1616 3841 1685 μορφὴν

636 1725 663 1758 ’s
707 1719 814 1762 tum
843 1708 1092 1776 primum,
1117 1723 1236 1762 cum
1281 1722 1500 1763 carnem
1541 1709 1849 1777 assumpsit.
1883 1709 2082 1762 factum
2125 1709 2177 1762 lu

2285 1726 2303 1757 ι
2339 1706 2562 1761 δούλου
2591 1707 2812 1771 λαϐὼν,
2861 1708 2949 1760 διὰ
2984 1707 3080 1776 τῆς
3129 1707 3340 1777 μορφῆς
3386 1705 3478 1758 τοῦ
3520 1703 3706 1757 δούλου
3739 1703 3840 1775 τὴν

641 1817 660 1850 ε
710 1799 991 1866 imaginem
1033 1797 1147 1861 Dei,
1175 1813 1298 1852 vere
1333 1799 1506 1867 imago
1551 1797 1712 1853 ﬂebat
1753 1798 2037 1854 invisibilis
2068 1799 2177 1854 Dei.

2288 1819 2305 1846 ε
2343 1796 2684 1867 ἀνθρωπίνην
2716 1799 2846 1866 ἡμῖν
2888 1796 3161 1866 σημαίνων
3192 1797 3387 1867 σάρκα,
3421 1795 3487 1866 ἢν
3516 1797 3544 1847 ό
3573 1795 3840 1865 δεσπότης

641 1907 660 1940 ε
705 1887 838 1943 Nam
866 1889 908 1943 si
940 1902 1036 1942 nos
1062 1896 1158 1958 per
1188 1889 1474 1958 imaginem
1512 1890 1667 1943 istam
1695 1903 1763 1943 eo
1795 1904 1978 1943 smnus
2011 1889 2183 1944 evecti

641 1997 662 2031 ι
705 1979 999 2045 dignitatis,
1031 1990 1087 2032 ut
1118 1978 1349 2033 Verbum
1387 1978 1482 2034 Dei
1529 1994 1852 2050 cognoscere
1897 1980 2178 2048 pessimus.

640 2090 659 2121 ε
705 2070 880 2124 Verbo
911 2079 1055 2124 certe
1088 2070 1190 2138 ipsi
1222 2070 1441 2124 credere
1480 2070 1737 2125 debemus
1768 2085 1864 2138 per
1894 2072 2181 2140 imaginem

641 2179 659 2211 ι
705 2158 986 2214 aﬂlrmanti
1014 2176 1029 2214 :
1054 2160 1167 2228 Ego
1205 2170 1253 2213 et
1287 2159 1445 2214 Pater
1477 2176 1639 2213 unum
1679 2177 1857 2214 sumus
1896 2161 1939 2194 ⁸⁸
1977 2161 2180 2231 Impos-

641 2268 661 2300 ι
709 2250 861 2304 sibile
891 2260 972 2305 est
998 2252 1161 2316 enim,
1195 2260 1252 2302 ut
1284 2250 1481 2321 absque
1507 2253 1607 2306 hac
1641 2252 1870 2320 imagine
1895 2253 2179 2322 quisquam

640 2354 660 2386 ε
700 2338 784 2391 vel
820 2335 1073 2402 Verbum,
1101 2339 1187 2393 vel
1246 2337 1404 2393 Verbi
1457 2339 1670 2393 Patrem
1723 2351 2032 2410 cognoscat.
2063 2360 2082 2393 ι
2118 2340 2182 2394 Et

635 2442 824 2482 rursus
855 2429 1090 2482 annectit
1120 2429 1210 2500 [IL
1245 2428 1530 2501 LXXXIV}
1562 2448 1575 2483 :
1601 2449 1620 2481 ι
1643 2429 2182 2500 Sicitaquepronun-

635 2521 736 2572 tiat
777 2518 1101 2586 Apostolus,
1146 2526 1203 2582 r14
1243 2529 1300 2573 ut
1338 2521 1496 2589 paulo
1541 2522 1789 2590 superius
1829 2533 1912 2576 est
1949 2537 1980 2574 a
2025 2523 2180 2578 nobis

633 2611 863 2677 positum
891 2625 902 2659 :
930 2609 1234 2663 Exinanivir
1261 2610 1612 2679 semetipsum,
1647 2611 1782 2664 servi
1830 2613 2051 2678 famam
2088 2629 2176 2666 as-

632 2716 839 2753 sumens
863 2700 925 2752 ι’.
965 2699 1065 2753 Per
1117 2702 1256 2754 servi
1297 2699 1520 2755 formam
1558 2703 1841 2757 humanam
1879 2705 2030 2759 nobis
2059 2720 2178 2759 car-

632 2803 754 2841 nem
802 2788 1068 2857 signilicat
1092 2830 1107 2854 ,
1149 2805 1307 2856 quam
1359 2791 1613 2845 Dominus
1653 2802 1836 2846 noster
1868 2793 2006 2848 Deus
2030 2837 2043 2861 ,
2081 2810 2175 2849 sua

631 2876 917 2930 eﬂ'ormans
965 2879 1223 2944 sapientia
1247 2915 1264 2945 ,
1298 2879 1462 2932 dixit:
1485 2877 1767 2935 Faciamus
1802 2882 2056 2937 hominem
2109 2887 2177 2939 ad

631 2969 906 3035 imaginem
943 2979 1170 3021 nostram
1203 2979 1248 3021 et
1273 2970 1340 3020 ad
1379 2970 1771 3022 similitudinem
1793 2971 1856 3024 ³⁸.
1875 2971 2036 3026 Recte
2061 2987 2178 3027 car-

635 3070 758 3108 nem
785 3056 1094 3119 humanam,
1118 3059 1400 3126 imaginem
1423 3059 1730 3112 nominavit.
1761 3059 1900 3114 Bene
1923 3064 2063 3116 enim
2088 3079 2177 3119 no-

633 3146 709 3197 vit
739 3147 1021 3214 imaginem
1051 3163 1167 3201 esse
1217 3149 1356 3201 illam
1392 3149 1546 3202 Verbi
1577 3151 1681 3213 sui,
1711 3152 1864 3218 paulo
1903 3163 2021 3220 post
2049 3156 2175 3208 sub-

634 3237 809 3288 stituri
834 3236 921 3308 [R.
945 3237 1192 3307 XXVI}:
1221 3239 1474 3307 Deinceps
1510 3252 1732 3293 conatur
1764 3245 2008 3311 probare,
2034 3247 2171 3314 quod

636 3325 762 3378 illud
791 3344 804 3380 :
836 3326 908 3378 De
934 3338 1077 3379 utero
1100 3329 1219 3379 ante
1245 3329 1520 3395 luciferum
1553 3332 1708 3397 genui
1739 3344 1785 3383 te
1806 3333 1873 3395 ¹²,
1915 3334 1977 3386 de
2013 3350 2173 3389 carne

635 3413 763 3467 item
799 3424 1107 3483 usurpatum
1138 3417 1230 3470 sit.
1265 3416 1529 3485 Loquitur
1573 3431 1751 3472 autem
1792 3423 1855 3473 ad
1889 3423 2029 3476 hunc
2064 3440 2175 3478 Ino-

636 3503 757 3555 dum
793 3520 807 3554 :
849 3521 867 3553 ι
900 3504 1158 3569 Quocirca
1192 3521 1310 3559 cum
1337 3521 1366 3558 a
1404 3508 1598 3560 Davide
1640 3510 1942 3565 nominetur
1988 3513 2175 3568 lucifer

639 3612 659 3645 ι
699 3594 848 3648 stella
891 3596 1007 3658 illa,
1040 3595 1160 3663 'quze
1224 3598 1362 3651 diem
1431 3598 1674 3667 designat
1723 3605 2172 3672 appropinquare,

639 3704 656 3734 ι
706 3701 805 3739 non
837 3697 918 3740 est
940 3687 1162 3742 ulterius
1191 3689 1618 3756 disquirendum,
1643 3691 1869 3759 quisille
1894 3694 1963 3746 sit
1985 3694 2177 3749 lucifer

640 3794 657 3826 ι
700 3779 787 3842 qui
825 3777 1153 3845 intelligitur.
1183 3779 1313 3832 Erat
1343 3789 1397 3832 et
1422 3781 1564 3832 enim
1598 3782 1748 3835 stella
1781 3783 1868 3836 illa
1925 3793 2049 3839 tunc
2079 3802 2174 3855 ap-

641 3885 659 3915 ε
706 3881 923 3932 parens.
955 3884 1073 3920 cum
1110 3869 1247 3922 diem
1287 3882 1339 3923 et
1366 3872 1663 3926 alierreLet
1694 3875 1951 3929 indicaret
1982 3879 2172 3946 magis.

641 3975 658 4005 ι
709 3954 778 4008 Ut
821 3957 890 4009 sit
948 3957 1284 4010 manifestum
1349 3960 1495 4023 illud,
1525 3964 1658 4015 Ante
1713 3963 1987 4018 luciferum
2017 3969 2172 4034 genui

640 4064 657 4093 ε
710 4057 791 4101 te:
829 4056 1135 4113 usurpatum
1169 4048 1233 4099 ab
1257 4049 1604 4116 omnipotenti
1638 4053 1760 4112 Deo,
1795 4055 1858 4108 de
1889 4053 2061 4108 Verbo
2088 4057 2174 4110 illo

641 4153 658 4184 ι
703 4137 842 4202 quod
892 4139 1218 4189 nascebatur
1247 4153 1368 4191 cum
1401 4155 1562 4193 carne
1613 4143 1835 4195 humana
1868 4159 1962 4212 per
2000 4146 2174 4214 Virgi-

641 4243 659 4274 ι
708 4241 824 4278 nem
859 4243 870 4277 :
905 4227 1133 4285 idipsutn
1186 4239 1478 4282 attestante
1542 4234 1903 4302 evangelista.
1941 4240 2169 4303 primum

708 4340 912 4424 )BnEd.
938 4339 1129 4405 Paris.,
1160 4357 1278 4412 pag.
1311 4343 1398 4396 48.

633 4422 742 4472 six,
775 4422 826 4464 μ).

1486 4344 1526 4373 ¹⁷
1556 4346 1755 4400 Coloss.
1788 4363 1822 4409 ι,
1859 4347 1945 4399 I5.

2048 4350 2089 4380 ’⁸
2109 4350 2262 4405 Joan.
2295 4372 2345 4418 Χ,
2374 4359 2461 4414 50.

2287 1907 2306 1938 ι
2345 1887 2498 1957 ἡμῶν
2518 1887 2666 1951 Θεὸς,
2688 1890 2753 1957 τῇ
2778 1886 2970 1940 ἑαυτοῦ
3004 1886 3337 1940 διαπλάττων
3365 1885 3544 1956 σοφίᾳ,
3572 1886 3840 1950 Ποιήσω-

2287 1997 2304 2028 ι
2337 1995 2452 2046 μεν
2487 1978 2815 2046 ἄνθρωπον,
2852 1979 2977 2050 ἔφη,
3014 1978 3139 2031 κατ’
3175 1978 3379 2030 εἰκόνα
3411 1975 3702 2046 ἡμετέραν
3737 1978 3837 2032 καὶ

2288 2086 2307 2119 ι
2348 2069 2456 2139 (72)
2484 2069 2783 2136 ὁμοίωσιν,
2819 2069 2997 2132 καλῶς
3023 2069 3119 2140 τὴν
3152 2067 3492 2139 ἀνθρωπίνην
3519 2069 3696 2138 σάρκα
3723 2070 3841 2121 ὀνο-

2286 2180 2304 2211 ι
2345 2161 2531 2230 μάζων
2569 2161 2771 2215 εἰκόνα.
2808 2162 2960 2231 ’ῌδει
3021 2162 3127 2231 γὰρ
3189 2161 3463 2232 ἀκριϐῶς,
3531 2162 3613 2212 ὅτι
3672 2159 3839 2213 εἰκὼν

2286 2265 2305 2298 ι
2343 2247 2490 2301 ἔσται
2513 2250 2706 2318 μικρὸν
2734 2249 2846 2319 (75)
2867 2249 3088 2320 ὕστερον
3103 2250 3194 2302 τοῦ
3217 2249 3407 2302 ἑαυτοῦ
3424 2249 3615 2317 Λόγου.
3643 2268 3663 2300 ι
3685 2251 3839 2303 Μετά

2279 2339 2453 2392 ταῦτα
2490 2342 2742 2408 πειρᾶται
2771 2341 3214 2406 κατασκευάζειν,
3240 2342 3320 2393 ὅτι
3358 2341 3558 2404 καὶτὸ,
3598 2341 3700 2393 Ἐκ
3732 2357 3831 2408 ται

2280 2429 2460 2497 στρὸς
2502 2432 2614 2498 πρὸ
2644 2431 2947 2499 ἑωσφόρον
2971 2431 3266 2501 ἐγέννησὰ
3299 2449 3391 2496 σε,
3429 2433 3556 2502 περὶ
3580 2432 3680 2500 τῆς
3708 2450 3840 2504 σαρ-

2281 2520 2373 2584 κὸς
2403 2521 2633 2588 ἐλέγετο.
2664 2523 2864 2593 Γράφει
2879 2523 2935 2575 δὲ
2957 2523 3129 2587 οὕτως
3157 2525 3293 2594 (74)⁶
3328 2524 3462 2594 ιξΔιά
3480 2523 3637 2574 τοῦτο
3658 2525 3842 2577 τοίνυν

2287 2631 2304 2662 ι
2345 2611 2438 2665 τοῦ
2492 2613 2588 2682 τὴν
2635 2615 2843 2684 ἡμέραν
2889 2613 2917 2665 ὁ
2951 2615 3204 2685 ηλοῦντος
3227 2616 3316 2667 τοῖ
3354 2617 3576 2686 ἀστέρος
3629 2616 3839 2684 ἑωσφό-

2284 2721 2302 2753 ι
2341 2720 2433 2775 ρου
2457 2704 2561 2756 ὑπὸ
2582 2703 2673 2756 τοῦ
2700 2709 2972 2775 προφήτου
2994 2705 3155 2758 Δαὸὶδ
3177 2708 3399 2769 εἰκότως
3425 2707 3838 2776 ὀνομασθέντος,

2283 2811 2300 2842 ι
2337 2793 2436 2846 οὐκ
2460 2793 2537 2846 ἐτι
2564 2791 2836 2862 ζητεῖσθαι
2857 2796 3059 2848 δίκαιον
3079 2797 3169 2848 τὸν
3195 2798 3482 2867 ἑωσφόρον,
3511 2799 3593 2858 τίς
3615 2797 3680 2867 δή
3708 2813 3840 2850 ποτε

2283 2902 2300 2934 ι
2335 2883 2408 2936 ὣν
2433 2879 2583 2948 οὗτος
2607 2887 2887 2956 τυγχάνει·
2926 2882 3078 2950 οὗτος
3104 2889 3210 2958 γὰρ
3246 2885 3313 2958 ἦν
3346 2893 3374 2940 ὁ
3397 2889 3696 2957 τηνικαῦτα
3736 2905 3842 2958 φα-

2282 2991 2300 3024 ι
2337 2975 2446 3038 νεὶς
2479 2976 2650 3045 ἀστὴρ
2674 2976 2808 3045 (75),
2843 2979 2870 3028 6
2897 2977 3074 3047 φέρων
3098 2994 3157 3029 τε
3188 2980 3280 3029 καὶ
3307 2978 3478 3048 δηλῶν
3506 2980 3603 3050 τὴν
3626 2981 3840 3052 ἡμέραν

2283 3083 2302 3114 ι
2341 3069 2452 3128 τοῖς
2483 3069 2675 3136 μάγοις
2711 3067 2840 3138 (76).
2871 3069 3134 3139 Πρόδηλον
3159 3067 3251 3122 οὖν
3274 3071 3353 3133 τὸ,
3379 3072 3495 3138 Πρὸ
3527 3073 3838 3140 ἑωσφόρον

2284 3169 2302 3201 ι
2337 3154 2631 3222 ἐγέννηαὰ
2650 3172 2742 3218 σε,
2771 3156 2874 3209 ὑπὸ
2901 3157 2990 3209 τοῦ
3020 3160 3450 3231 παντοκράτορος
3478 3163 3728 3232 εἰρῆσθαι
3743 3166 3841 3215 Δε-

2282 3259 2302 3291 ι
2339 3243 2552 3306 σπότου,
2578 3248 2702 3315 περὶ
2727 3246 2817 3297 τοῦ
2838 3247 2926 3299 διὰ
2947 3249 3043 3317 τῆς
3071 3249 3341 3318 Παρθένου
3364 3253 3712 3322 γεννηθέντος
3739 3255 3838 3307 σὺν

2285 3336 2400 3403 (τῇ
2431 3335 2741 3407 ἀνθρωπίνῃ
2784 3340 2942 3408 σαρκὶ
2979 3341 3169 3406 Λόγου,
3200 3341 3382 3410 σαφῶς
3408 3343 3501 3394 καὶ
3547 3330 3712 3397 τοῦτο
3741 3345 3837 3398 τοῦ

2284 3442 2300 3473 ι
2342 3424 2668 3492 Εὐαγγελίου
2705 3429 3076 3495 σημαίνοντος,
3103 3432 3361 3501 πρότερον
3389 3415 3492 3501 μὲν
3521 3435 3611 3486 τὸν
3630 3438 3839 3488 Δεσπό-

2286 3531 2301 3562 ι
2340 3530 2438 3583 την
2471 3514 2623 3583 ἡμῶν
2655 3515 2742 3568 διὰ
2771 3518 2866 3585 τῆς
2901 3519 3174 3588 Παρθένου
3209 3521 3476 3592 τετέχθαι,
3523 3522 3747 3595 ὕστερον
3776 3526 3838 3579 ἃ

2285 3621 2303 3651 ι
2338 3604 2429 3654 τὸν
2465 3605 2666 3675 ἀστέρα
2700 3609 2948 3677 φανῆναι,
2982 3611 3070 3662 τὸν
3104 3614 3199 3681 τὴν
3235 3616 3442 3684 ἡμέραν
3469 3616 3768 3670 δεικνύντα.
3811 3639 3830 3670 s

2292 3695 2412 3748 Ἐπὶ
2441 3696 2646 3760 τούτοις
2674 3702 2870 3768 προῖὼν
2898 3701 3054 3767 αὖθις
3081 3706 3334 3773 ἐπιλέγει·
3374 3729 3392 3758 ε
3413 3708 3644 3777 Εἴληφεν
3673 3711 3781 3780 γὰρ
3805 3712 3839 3763 6

2285 3805 2303 3837 ι
2340 3787 2618 3857 ἄνθρωπος
2648 3794 2705 3842 οὐ
2758 3795 2912 3860 μόνον
2949 3797 3044 3865 τὴν
3092 3798 3182 3848 ἐπὶ
3217 3799 3317 3867 γῆς
3350 3799 3454 3851 τῶν
3497 3806 3836 3872 πραγμάτων

2285 3895 2302 3925 ι
2345 3877 2606 3944 ἐξουσίαν,
2639 3881 2772 3933 ἀλλὰ
2808 3886 2898 3936 καὶ
2931 3886 3035 3938 τῶν
3068 3889 3124 3938 ἐν
3157 3890 3420 3957 οὐρανοῖς.
3458 3892 3731 3955 Εἰκότως·
3783 3895 3837 3946 εί

2285 3987 2302 4017 ι
2345 3970 2451 4039 γὰρ
2478 3973 2564 4022 ὅτε
2599 3975 2690 4024 καὶ
2723 3975 3001 4045 ἄνθρωπος
3038 3979 3272 4044 ἐγένετο,
3305 3983 3397 4032 καὶ
3436 3985 3656 4054 μεσίτης
3697 3985 3835 4038 Θεοῦ

2286 4081 2302 4108 ι
2347 4063 2438 4111 καὶ
2468 4061 2782 4132 ἀνθρώπων,
2817 4067 2935 4117 τότε
2980 4069 3058 4129 είς
3090 4070 3246 4122 αὐτὸν
3281 4072 3499 4142 ἐκτίσθη
3533 4075 3602 4126 τὰ
3635 4077 3834 4139 πάντα,

2285 4170 2302 4198 ‹
2346 4151 2418 4213 ὡς
2449 4152 2548 4222 ἔφη
2573 4156 2600 4206 6
2639 4156 2968 4219 Ἀπόστολος,
2997 4159 3065 4211 τά
3089 4176 3146 4210 τε
3176 4162 3231 4210 ὲν
3256 4161 3498 4231 οὐρανοῖς
3525 4165 3617 4215 καὶ
3650 4167 3717 4218 τὰ
3740 4168 3837 4220 ἐπὶ

2285 4260 2302 4289 ι
2342 4242 2441 4310 γῆς
2468 4245 2751 4297 ἀκόλουθόν
2781 4249 2926 4299 ἐστιν
2968 4250 3208 4320 ἀκριϐῶς
3236 4254 3540 4319 γινώσκειν,
3570 4258 3652 4308 ὅτι
3677 4256 3835 4320 ἐξου-

2568 4361 2608 4396 ¹⁹
2631 4360 2819 4429 Philip.
2849 4380 2905 4429 ιι,
2938 4364 2989 4417 7.
3095 4366 3138 4396 ²⁰
3173 4365 3306 4419 Gen.
3347 4383 3386 4431 ι,
3421 4369 3508 4424 26.
3618 4370 3659 4400 ³⁸
3689 4369 3830 4425 Psal.

706 4635 814 4724 (7Ll)
842 4636 962 4724 "Ira
990 4635 1085 4688 διὰ
1105 4637 1206 4690 τοῦ
1230 4637 1503 4724 ᾀορᾴςοι).
1523 4642 1590 4720 At
1612 4641 1715 4724 hoc
1731 4643 2057 4710 impossibile
2076 4657 2177 4724 est,

2283 4654 2471 4724 tumin
2504 4652 2672 4706 lucem
2705 4653 3045 4709 Servatorem
3077 4659 3418 4724 apparuerit?
3459 4662 3644 4714 statuit
3683 4665 3830 4719 enim

637 4715 688 4757 et
715 4706 998 4758 absurdum
1029 4719 1081 4757 ut
1117 4709 1511 4773 perinvisibile.
1546 4711 1748 4762 visibile
1781 4706 2055 4768 cernatur.
2091 4706 2178 4768 Li;

638 4775 986 4848 br‘ariusrctn
1009 4786 1100 4848 _et_
1125 4778 1305 4848 verba,
1335 4780 1679 4848 transposuit.
1730 4781 2053 4848 Legemlutn,
2091 4787 2177 4837 ἵνα

634 4841 821 4921 didam";
845 4843 1034 4921 ὁρατοῦ
1059 4845 1115 4895 τὸ
1143 4845 1365 4921 ἀόρατον
1397 4841 1669 4921 φαίνηται.
1695 4841 2003 4921 ill.-:Porro
2024 4841 2177 4921 vulgo

636 4911 844 4980 ἀληθῶς
874 4913 965 4963 τοῦ
993 4915 1108 4982 ἀορ.
1144 4911 1278 4966 θ.ὀι
1305 4911 1486 4981 ὠφειλ.
1533 4911 1584 4968 et
1618 4919 1724 4983 ἐγὼ
1769 4922 1858 4971 καὶ
1898 4939 1955 4972 π.
2003 4934 2054 4976 et
2095 4911 2176 4975 τιν

638 4990 746 5049 (γρ.
778 4983 875 5032 τινί
909 4984 1032 5048 Mp.)
1063 4984 1297 5034 δυνατόν.

707 5051 817 5120 (72)
852 5052 1014 5112 Vulgo
1046 5053 1161 5102 καθ’
1191 5056 1277 5120 ὀμ.

708 5119 817 5187 (75)
851 5120 1035 5169 Εὶκὼν
1054 5123 1180 5172 ἐστι
1205 5119 1434 5188 μικρόν.
1475 5123 1701 5189 Legend.
1733 5127 1898 5179 ἔσται.
1936 5128 2173 5194 Prophe-

640 5190 741 5240 tice
763 5204 898 5240 enim
926 5192 1119 5241 dictum
1155 5195 1314 5242 voluit
1344 5195 1391 5242 in
1414 5194 1712 5245 Pt-owrhiis
1742 5198 1879 5249 istud
1915 5215 1926 5248 :
1957 5190 2092 5252 unde
2123 5214 2175 5253 et

639 5258 972 5311 Salomuutun
999 5270 1149 5310 vocat
1173 5265 1480 5326 prophetam
1512 5263 1670 5313 Monl.
1712 5265 1779 5315 M.

709 5326 816 5394 (74)
855 5327 1013 5391 Vulgo
1035 5326 1176 5392 λέγει
1197 5329 1250 5379 δὲ
1281 5329 1415 5382 οὕτω
1443 5343 1491 5382 ct
1515 5332 1790 5396 δηλοῦντος
1825 5337 1912 5386 τοῦ
1950 5337 2068 5388 ἀςτ.

708 5396 816 5462 (75)
858 5396 916 5444 Ὀ
947 5399 1262 5467 τηνικαῦτα
1304 5406 1506 5465 φανεὶς
1543 5402 1750 5467 ἀστήρ.
1783 5406 1918 5456 Nova
1955 5420 2035 5458 est
2063 5411 2170 5459 luuc

642 5463 1029 5530 interpretatio,
1088 5463 1386 5519 Luctl'erum
1428 5473 1477 5521 in
1535 5463 1810 5534 psalrvtztx,
1863 5489 1981 5526 esse
2028 5477 2167 5526 illam

641 5533 867 5605 stellam,
895 5536 1140 5605 quiat-“Ite
1170 5537 1272 5587 dux
1313 5538 1481 5591 fuerat
1517 5533 1681 5605 inagis
1719 5548 1780 5592 ad
1818 5544 2083 5595 Christum
2119 5546 2165 5595 in

640 5599 963 5674 Bethlehmu.
1008 5603 1152 5666 Quod
1203 5611 1414 5659 omnino
1458 5599 1703 5673 suntnitut.
1735 5622 1787 5662 ut
1833 5623 2062 5674 certam,
2119 5614 2166 5664 id

639 5672 778 5734 quod
810 5682 1045 5725 versatur
1077 5676 1124 5726 in
1159 5680 1463 5743 quwstiono,
1510 5672 1576 5730 an
1607 5680 1755 5733 stella
1785 5682 1870 5734 illa
1906 5693 2026 5736 ante
2053 5672 2169 5736 edi-

2281 4723 2720 4802 liic_:tppariiisse:
2755 4752 2823 4763 -ο
2853 4725 3085 4802 Μλῡειιι
3114 4723 3482 4802 ίνιιίβο-ᾷηλῶν
3519 4732 3749 4802 ἡμέραν.

2349 4790 2869 4865 (Ἰώ-Τοῖς-Μάγοις.
2904 4794 3062 4858 Quasi
3106 4790 3255 4848 stella
3289 4790 3670 4865 Magorum-illa
3699 4804 3832 4855 luis-

2279 4871 2360 4932 s_et
2391 4863 2657 4932 ordinaria
2693 4878 2703 4911 :
2735 4877 2842 4926 aut,
2878 4866 3016 4929 quod
3049 4866 3180 4932 ipse,
3212 4863 3566 4928 soluscredo,
3602 4873 3674 4922 ait
3699 4887 3828 4924 cum

2277 4928 2529 4996 Gregorio
2563 4931 2819 4997 Nysseno,
2865 4928 3041 4985 caeteri
3068 4928 3264 4987 omnes
3295 4938 3642 4993 dissentiunt.
3677 4939 3830 4992 Nun-

2276 5014 2430 5064 quam
2464 4999 2604 5073 enim
2655 5002 2801 5064 prius
2833 5003 2964 5063 visa,
2993 5018 3088 5055 nec
3133 5005 3197 5056 ab
3246 5020 3308 5057 eo
3350 5015 3609 5073 tempore,
3642 5011 3831 5062 obser-

2277 5079 2392 5116 vata
2426 5070 2564 5133 quod
2593 5081 2732 5119 motu
2767 5082 2904 5121 mota
2938 5088 2985 5122 in
3017 5088 3223 5140 gyrum.
3265 5070 3482 5128 horsum
3518 5093 3725 5131 versum
3763 5082 3832 5131 ad

2275 5140 2630 5212 occidentem.
2688 5141 2835 5200 Quod
2885 5141 3110 5193 interdiu
3175 5147 3306 5202 visa.
3359 5149 3497 5212 quod
3541 5148 3832 5211 aliquando

2276 5218 2368 5278 per
2391 5206 2512 5278 dies
2541 5211 2798 5278 tumstlatn
2839 5212 3137 5263 occultata:
3173 5216 3309 5278 quod
3338 5206 3423 5265 Ulli
3457 5206 3709 5269 alicui-de
3741 5232 3828 5268 re-

2277 5273 2433 5337 liquis
2462 5275 2651 5351 stellis,
2704 5278 2816 5351 sine
2863 5281 3118 5351 miraculo
3152 5273 3259 5334 non
3297 5289 3465 5348 potuit
3494 5287 3828 5351 contingere,

2277 5352 2361 5392 aut
2386 5353 2439 5392 ut
2461 5345 2579 5394 huic
2609 5346 2896 5417 muneriet
2929 5350 3100 5401 ollicio
3127 5345 3427 5405 inserviret.
3468 5355 3583 5404 Ideo
3611 5345 3831 5417 quidam

2279 5425 2536 5485 cometam
2570 5415 3132 5484 aiuut:aliiangelum,
3161 5421 3418 5485 Spiritum
3442 5415 3679 5473 sanctum
3713 5423 3831 5481 alii,

2277 5479 2361 5529 alii
2392 5495 2569 5532 veram
2593 5485 2820 5546 stellam,
2854 5479 3018 5537 sed'in
3059 5479 3280 5540 nihilum
3314 5493 3622 5542 resolutam.
3664 5491 3728 5541 Μ.
3765 5479 3835 5529 -ὲ

2277 5547 2593 5625 lnfr_a_vulgo
2616 5551 2889 5625 ἐκτίσθαι)
2917 5555 2956 5606 Β
2978 5555 3218 5608 Ξγτισται
3242 5574 3254 5619 ;
3277 5559 3393 5611 dein
3415 5563 3566 5625 vulgo
3592 5561 3680 5609 ἐπὶ
3704 5559 3833 5625 γῆς,

2275 5617 2526 5700 colem,
2560 5630 2609 5673 et
2660 5620 2746 5670 διὰ
2795 5623 2886 5674 τοῦ
2939 5625 3072 5677 Θεοῦ
3133 5617 3249 5681 ei);
3279 5641 3332 5682 et
3388 5617 3686 5698 ὑπερϐολὴν

2277 5701 2385 5748 φιλ.
