4048 6492
1365 490 1648 548 CONTRA
1683 486 2111 546 MARCELLUM
2149 487 2279 542 LIB.
2316 486 2383 542 ll.
3011 527 3049 549 ,

3365 485 3471 541 810

258 634 281 669 ι
320 614 412 670 σία
440 613 501 667 ού
537 612 695 684 μόνον
719 611 825 663 τῶν
853 607 944 662 ἐπὶ
976 607 1100 679 γῆς,
1135 606 1303 679 αὐτῷ,
1334 608 1468 663 ἀλλά
1495 610 1590 663 καὶ
1614 608 1722 661 τῶν
1752 609 1811 662 ὲν

1926 625 1938 660 ι
1982 607 2051 662 de
2105 605 2325 675 Virgine
2379 603 2667 660 Dominum
2724 612 2973 660 nostrum
3020 613 3371 674 generatum,
3418 614 3479 665 et

257 725 282 761 ε
318 707 565 780 ούρανοὶς
590 703 815 756 δέδοται.
862 700 971 754 Kal
1016 695 1171 762 αὖθις
1213 699 1329 769 μεθ’
1369 699 1533 770 ἔτερα
1574 700 1769 769 ἐπάγει
1794 717 1809 732 ο

257 812 279 847 t
315 794 380 848 Εί
413 792 521 863 γὰρ
548 790 674 860 περί
702 806 847 851 τινος
874 790 1030 860 δόξης
1074 789 1319 859 δοθείσης
1358 790 1506 860 αὐτῷ
1534 790 1683 862 παρὰ
1718 790 1813 844 τοῦ

257 905 280 940 t
313 886 524 958 Πατρὸς
567 884 626 937 τὸ
657 884 800 953 ίερὸν
840 880 1169 951 Εύαγγέλιον
1216 880 1385 950 λέγει,
1431 882 1631 951 ταύτην
1658 884 1685 935 ό
1716 882 1811 936 ἄν-

257 992 281 1030 t
316 976 529 1047 θρωπος
558 972 644 1026 διὰ
666 971 760 1024 τοῦ
788 971 959 1039 Λόγου
1000 968 1235 1039 εἰληφὼς
1265 969 1537 1038 φαίνεται.
1574 969 1815 1041 Μεσίτης

258 1083 279 1119 s
316 1065 425 1134 γὰρ
460 1061 763 1131 γενόμενος,
795 1060 934 1114 κατά
977 1059 1067 1113 τὸν
1103 1054 1243 1129 ἱερὸν
1301 1058 1637 1123 ’Δπόστολον,
1680 1058 1813 1111 Θεοῦ

258 1171 280 1207 ί
319 1169 380 1206 τε
410 1152 501 1205 καὶ
530 1148 848 1221 ἀνθρώπων,
880 1151 944 1219 τῇ
977 1146 1187 1216 δοθείσῃ
1225 1147 1374 1217 αύτῷ
1406 1147 1555 1215 παρὰ
1581 1146 1674 1199 τοῦ
1703 1147 1815 1200 Πα-

258 1262 280 1295 s
318 1241 445 1313 τρδς
488 1241 775 1312 δόξῃλτοὺς
820 1236 1087 1301 θεοσεϐεῖς
1124 1237 1370 1303 ἐδόξασεν
1416 1235 1749 1309 ἀνθρώπους.
1789 1254 1809 1287 ι

250 1334 365 1387 Kal
395 1331 553 1385 πάλιν
596 1330 915 1401 προστίθησι
953 1328 1140 1382 ταῦτα·
1176 1347 1195 1379 ι
1235 1329 1343 1382 Kal
1370 1328 1569 1398 ἠξίωσε
1598 1328 1689 1381 τὸν
1721 1345 1817 1379 πε-

255 1442 278 1475 e
320 1423 480 1476 σόντα
504 1422 592 1477 διὰ
614 1423 714 1492 τῆς
755 1422 1037 1492 παρακοῆς
1064 1419 1345 1490 ἄνθρωπον
1382 1420 1461 1491 τῷ
1500 1419 1690 1473 ἑαυτοῦ
1728 1420 1816 1474 διὰ

258 1533 280 1567 s
311 1517 410 1587 τῆς
436 1515 711 1587 Παρθένου
747 1513 1079 1583 συναφθῆναι
1107 1513 1281 1581 Λόγῳ.
1318 1513 1448 1565 Ποία
1480 1513 1586 1583 γὰρ
1620 1515 1676 1565 ὲν
1719 1513 1816 1566 ἀν-

256 1622 279 1657 e
321 1603 558 1676 θρώποις
605 1604 767 1674 ἑτέρα
800 1601 997 1673 μείζων
1024 1601 1151 1666 δόξα
1192 1600 1385 1669 γένοιτ’
1416 1601 1482 1655 ἂν
1525 1603 1624 1671 τῆς
1660 1600 1815 1671 δόξης

258 1714 280 1749 s
317 1696 555 1767 ταύτης;
586 1693 768 1747 Είπὼν
790 1694 868 1759 δὲ,
896 1695 995 1758 ὅτι,
1027 1693 1289 1759 ἐδόξασά
1314 1702 1406 1759 σε,
1438 1694 1687 1765 ἐπιφέρει
1726 1694 1815 1747 λέ-

257 1806 280 1841 s
315 1804 427 1856 γων
447 1804 460 1816 ·
487 1786 584 1841 καί
609 1786 798 1841 nunc
820 1786 1078 1853 δοξάσω,
1107 1787 1191 1839 ἵνα
1216 1787 1281 1839 δι’
1313 1786 1613 1858 ὑπερϐολὴν
1638 1786 1818 1856 φιλαν-

258 1895 279 1931 α
317 1878 579 1951 θρωπιας,
623 1879 681 1931 ἑν
720 1882 784 1949 τῇ
832 1878 968 1949 μετά
999 1880 1097 1947 τὴν
1142 1878 1434 1931 ἀνάστασιν
1478 1879 1575 1951 τῆς
1616 1877 1816 1948 σαρκὸς

1918 714 1939 749 ‹
1987 696 2246 763 deinceps
2284 703 2458 749 ortum
2504 692 2671 748 fuisse
2718 693 3001 749 luciferum
3029 693 3120 762 qui
3151 693 3293 748 diem
3333 696 3478 754 indi-

1919 806 1939 841 ι
1983 796 2132 843 caret
2192 785 2296 859 [Β.
2332 775 2539 859 XCIV].
2571 804 2591 838 ι
2636 784 2961 855 Progressus
3018 785 3195 839 adhuc
3245 786 3478 847 ulterius

1913 878 2018 933 ista
2069 876 2353 945 loquitur:
2389 894 2409 928 ι
2442 875 2693 946 Suscepit
2738 877 2883 931 enim
2924 876 3087 933 homo
3131 894 3238 934 non
3298 880 3477 938 solum

1918 984 1939 1021 ι
1981 976 2301 1039 potestatem
2348 981 2529 1021 rerum
2571 981 2759 1021 earum
2805 980 2924 1034 qua:
2965 966 3019 1020 in
3060 977 3202 1022 terra
3235 968 3474 1039 fuerant,

1919 1078 1939 1111 ι
1982 1059 2077 1114 sed
2113 1068 2169 1114 et
2205 1058 2370 1113 etiam
2401 1072 2522 1127 quae
2560 1058 2612 1110 in
2655 1056 2829 1111 caelis.
2854 1055 2964 1112 Nec
3010 1057 3228 1125 injuria.
3259 1058 3396 1115 Nam
3428 1059 3478 1117 si

1919 1166 1940 1203 ι
1986 1160 2098 1205 tum
2146 1164 2267 1205 cum
2331 1151 2492 1204 homo
2551 1149 2724 1215 Ileret,
2774 1157 2831 1203 et
2871 1150 2964 1205 Dei
3009 1152 3275 1206 mediator
3312 1161 3481 1223 atque

1919 1258 1941 1293 ι
1986 1239 2289 1304 hominum,
2316 1255 2412 1309 per
2440 1253 2562 1293 eum
2595 1249 2649 1293 et
2690 1239 2743 1293 in
2776 1253 2841 1293 eo
2870 1241 3051 1294 omnia
3080 1253 3263 1296 creata
3294 1251 3478 1308 erant,

1920 1347 1941 1382 ι
1985 1340 2043 1382 ut
2068 1330 2265 1383 asserit
2300 1329 2587 1397 Apostolus
2611 1369 2628 1390 .
2658 1344 2883 1398 quicque
2926 1329 2980 1383 in
3014 1331 3167 1386 caelis
3211 1340 3388 1397 erant,
3423 1344 3481 1388 et

1921 1438 1942 1472 ι
1985 1434 2105 1489 ηοω
2141 1420 2192 1472 in
2226 1428 2367 1473 terra
2392 1420 2459 1484 ",
2489 1434 2829 1489 consequens
2866 1430 2949 1475 est
2979 1429 3173 1476 exacte
3197 1423 3480 1477 sciendum

1922 1528 1941 1563 ξ
1984 1526 2127 1575 esse,
2180 1519 2505 1579 potestatem
2544 1512 2594 1566 ei
2643 1526 2959 1566 concessam
2993 1526 3097 1567 non
3145 1522 3351 1567 tantum
3387 1527 3483 1568 0οο

1922 1619 1941 1654 ι
1984 1618 2100 1657 rum
2132 1617 2251 1672 quae
2304 1604 2358 1657 in
2403 1606 2585 1668 terris,
2638 1603 2734 1658 sed
2772 1605 2932 1656 etiam
2969 1611 3024 1657 et
3066 1618 3186 1673 quae
3215 1604 3269 1658 in
3326 1605 3483 1661 ctelis

1922 1712 1941 1745 ι
1988 1700 2165 1747 erant.
2223 1694 2281 1749 Si
2340 1693 2579 1763 loquitur
2662 1705 3066 1749 sacrosanctum
3128 1695 3479 1767 Evangelium

1921 1799 1940 1833 ι
1987 1782 2054 1837 de
2103 1776 2291 1850 aliqua
2331 1781 2404 1835 illi
2460 1795 2487 1834 a
2532 1778 2696 1836 Patre
2748 1796 3006 1837 concessa
3056 1783 3272 1854 gloria,
3336 1787 3484 1842 hanc

1923 1891 1942 1923 ι
1986 1883 2134 1927 certe
2201 1888 2296 1942 per
2346 1872 2515 1926 Deum
2569 1873 2730 1927 homo
2781 1874 3119 1929 convincitur
3183 1878 3479 1947 accepisse.

257 1986 278 2020 ι
314 1941 685 2040 δευτέρᾳδόξῃ
727 1941 1109 2039 τδννπρότερον
1140 1967 1332 2037 θνητὸν
1376 1941 1659 2039 ἄνθρωπον
1686 1941 1819 2021 ἀθά-

1926 1981 1943 2016 ι
1989 1941 2546 2032 Εοοιυείεὶηυὶαεω,
2610 1973 2671 2019 ut
2719 1975 2941 2028 sanctus
2985 1966 3101 2020 vult
3165 1941 3481 2037 Apostolus,

256 2077 278 2110 ι
316 2075 473 2114 νατον
489 2059 887 2129 ἀπεργάσηται,
904 2059 996 2111 καὶ
1018 2058 1252 2130 τοσαύτῃ
1274 2059 1431 2112 αὐτὸν
1453 2058 1647 2129 δοξάσῃ
1672 2057 1816 2129 δόξῃ,

256 2167 277 2201 t
321 2147 459 2202 ὥστε
499 2149 572 2219 μὴ
606 2149 762 2220 μόνον
796 2150 955 2201 αὑτὸν
987 2150 1087 2219 τῆς
1122 2150 1392 2220 προτέρας
1438 2149 1818 2219 ἀπαλλαγῆναι

257 2256 278 2289 ι
316 2238 578 2301 δουλείας,
608 2239 740 2291 ἀλλά
769 2240 863 2292 καὶ
898 2241 997 2309 τῆς
1030 2241 1171 2312 ὑπὲρ
1203 2240 1485 2310 ἄνθρωπον
1522 2239 1819 2309 ἀξιωθῆναι

255 2348 278 2381 e
315 2329 493 2402 δόξης.
531 2349 549 2382 ι
588 2331 695 2383 Καὶ
728 2327 882 2395 αὖθις
908 2332 1167 2401 ἐπιλέγειο
1205 2351 1225 2384 ι
1254 2334 1389 2397 Ἵνα,
1418 2333 1493 2396 ὡς
1519 2332 1675 2405 ἔφην,
1716 2332 1821 2386 ὑπὸ

260 2435 281 2471 s
318 2418 413 2473 τοῦ
442 2419 687 2473 διαϐόλου
718 2422 1067 2492 ἀπατηθέντα
1098 2423 1361 2494 πρότερον
1396 2422 1487 2477 τὸν
1514 2424 1817 2495 ἄνθρωπον,

260 2529 280 2563 t
318 2511 484 2565 αὐτὸν
503 2508 657 2576 αὖθις
681 2516 898 2585 νικῆσαι
922 2514 1013 2568 τὸν
1035 2515 1275 2569 διάϐολον
1297 2517 1823 2589 παρασκευάσῃ.Διὰ

261 2619 283 2653 s
315 2600 475 2655 τοῦτο
493 2603 749 2675 ἀνείληφε
766 2606 860 2657 τὸν
890 2605 985 2658 ἀνθ
994 2622 1195 2676 ρωπον,
1212 2607 1297 2660 ἵνα
1318 2605 1621 2671 ἀκολούθως
1632 2607 1822 2663 τοῦτον

260 2712 283 2745 4
320 2695 573 2767 ἀπαρχὴν
596 2697 695 2765 τῆς
723 2696 966 2760 ἐξουσίας
989 2697 1319 2768 παραλαϐεῖν
1350 2698 1760 2772 παρασκευάσῃ.
1794 2717 1815 2753 ι

254 2783 369 2838 Kal
394 2785 744 2855 προστίθησιν
774 2786 851 2838 ἔτι
880 2787 1073 2854 λέγων’
1105 2803 1124 2838 t
1153 2783 1319 2850 Οὗτος
1342 2787 1451 2858 γάρ
1477 2788 1622 2841 ἐστιν
1646 2790 1673 2841 ό
1694 2790 1824 2857 ἀγα-

261 2893 283 2927 s
319 2874 489 2946 πητὸς
510 2913 525 2940 ,
552 2878 596 2951 ’ό
630 2876 707 2946 τῷ
736 2877 893 2949 Λόγῳ
926 2877 1143 2941 ὲνωθεὶς
1176 2878 1479 2949 ἄνθρωπος,
1526 2880 1654 2950 περὶ
1691 2874 1750 2935 οὗ
1792 2881 1821 2933 ό

262 2984 285 3019 ι
324 2966 711 3038 εὐαγγελιστὴς
750 2967 886 3039 ἔφη’
939 2965 1124 3035 Οὗτός
1169 2970 1339 3023 ἐστιν
1385 2973 1419 3023 ό
1467 2971 1598 3034 Υιός
1637 2986 1755 3038 μου
1789 2972 1823 3024 ὀ

262 3078 285 3112 ε
320 3059 646 3129 ἀγαπητὸς,
667 3060 735 3113 ἐν
764 3053 813 3125 ᾦ
838 3059 1159 3128 εὐδόκησα.
1190 3080 1210 3111 ι
1231 3062 1340 3114 Kal
1368 3058 1521 3124 αὖθις
1552 3062 1819 3132 ἀπιφέρει·

262 3162 287 3198 s
323 3146 445 3199 Ὀτι
477 3148 505 3199 ό
527 3146 695 3214 Λόγος
723 3146 814 3200 τοῦ
847 3148 1077 3219 ἀοράτου
1106 3147 1241 3203 Θεοῦ
1286 3148 1373 3202 διὰ
1406 3149 1681 3221 Παρθένου
1709 3151 1820 3220 (77)

1924 2074 1944 2107 ι
1990 2054 2086 2108 Dei
2120 2055 2386 2107 mediator
2437 2062 2601 2123 atque
2650 2054 2929 2109 hominum
2949 2054 3016 2118 ",
3060 2055 3207 2111 viros
3250 2057 3367 2126 pios
3418 2072 3485 2112 ea

1925 2164 1943 2197 ι
1986 2144 2153 2215 gloria
2181 2143 2518 2213 gloriﬁcavit,
2555 2159 2717 2213 quam
2772 2146 2875 2213 ipsi
2920 2145 3217 2202 donaverat
3248 2147 3430 2205 Pater.
3458 2167 3479 2200 ι

1920 2237 1987 2291 Et
2019 2236 2169 2290 addit
2206 2250 2392 2290 rursus
2433 2234 2526 2308 [Β.
2552 2234 2735 2309 XCVI]
2776 2253 2791 2290 ι
2831 2255 2850 2287 ι
2880 2237 2945 2291 Et
2987 2237 3303 2308 dignitatem
3336 2239 3485 2294 illam

1925 2344 1944 2379 ι
1988 2326 2191 2381 homini
2243 2340 2341 2397 per
2393 2337 2677 2395 peccatum
2734 2327 2884 2399 lapso
2939 2329 3245 2392 concessit,
3288 2338 3349 2385 ut
3385 2344 3487 2384 suo

1926 2436 1946 2470 ι
1994 2419 2165 2487 ipsius
2191 2418 2368 2472 Verbo
2394 2432 2491 2487 per
2517 2416 2791 2487 Virginem
2824 2420 3089 2474 uniretur.
3126 2419 3311 2488 Ecqua
3337 2420 3485 2475 enim

1925 2525 1947 2563 ι
1989 2510 2094 2563 alia
2137 2510 2304 2564 haece
2349 2509 2525 2579 major
2556 2508 2727 2577 gloria
2766 2510 2913 2564 inter
2942 2510 3192 2565 homines
3220 2512 3489 2580 praedica-

1926 2619 1947 2653 ι
1994 2600 2119 2655 tur?
2142 2600 2276 2654 Cum
2314 2600 2541 2655 dixisset
2570 2599 2862 2671 gloriﬁcaui
2883 2613 2951 2663 te,
2983 2598 3169 2666 intert,
3201 2609 3252 2654 et
3291 2602 3485 2655 iterum

1928 2708 1948 2744 ι
1992 2692 2301 2762 gloriﬁcabo
2320 2691 2369 2723 ’⁸
2414 2700 2523 2747 :ut
2582 2706 2649 2746 ex
2704 2690 2969 2747 immensa
3027 2706 3124 2747 sua
3176 2692 3489 2747 misericor-

1928 2800 1948 2834 ι
1994 2784 2119 2850 dia,
2187 2785 2242 2838 in
2295 2785 2531 2838 secunda
2593 2789 2718 2853 post
2782 2783 2966 2837 carnis
3030 2782 3487 2837 resurrectionem

1928 2893 1947 2927 ς
1995 2874 2199 2945 gloria,
2282 2875 2559 2930 hominem
2638 2874 2790 2945 prius
2871 2872 3154 2928 mortalem
3234 2873 3491 2928 redderet

1928 2984 1946 3018 ι
1990 2965 2377 3033 immortalem,
2406 2976 2462 3021 et
2493 2974 2639 3021 tanta
2668 2965 2818 3019 illum
2846 2964 3015 3034 gloria
3048 2962 3403 3031 gloriﬁcaret,
3422 2967 3485 3027 είς

1929 3073 1950 3108 ι
1989 3065 2047 3111 ιιι
2064 3071 2168 3110 non
2187 3058 2345 3110 modo
2377 3057 2639 3110 servitute
2661 3055 2826 3125 priori
2854 3054 3113 3108 liberetur
3135 3092 3151 3117 ,
3176 3054 3269 3108 sed
3299 3052 3494 3124 majori

1928 3164 1947 3198 ε
1990 3146 2157 3217 gloria
2194 3148 2459 3201 vestiatur
2486 3161 2649 3217 quam
2685 3145 2865 3213 capiat
2894 3144 3076 3198 homo.
3098 3158 3117 3195 ο
3169 3142 3235 3197 Et
3267 3143 3490 3209 iterum,

265 3252 286 3286 ι
320 3233 678 3304 τεχθήσεσθαι
724 3234 936 3305 ἔμελλε,
968 3237 1061 3289 καὶ
1090 3235 1188 3307 τὴν
1226 3235 1569 3307 ἀνθρωπίνην
1618 3236 1820 3305 ἀναλή-

1926 3238 2015 3311 [R.
2036 3236 2272 3310 XCVII]:
2296 3256 2315 3289 ι
2338 3237 2405 3292 Ut
2427 3237 2697 3291 hominem
2714 3235 2861 3289 illum
2880 3236 3071 3304 priusa
3094 3232 3309 3289 diabolo
3330 3247 3497 3300 supe-

265 3341 286 3375 t
316 3324 510 3394 ψεσθαι
536 3326 732 3397 σάρκα.
762 3328 870 3379 Kal
896 3328 980 3380 ἴνα
1002 3327 1069 3379 δι’
1086 3326 1253 3397 αὐτῆς
1281 3328 1373 3381 τὸν
1405 3328 1667 3398 πρότερον
1695 3344 1823 3381 κατ-

266 3432 285 3465 ι
328 3414 619 3485 ισχύσαντα
679 3415 768 3468 τοῦ
817 3416 1104 3488 ἀνθρώπου
1163 3416 1404 3470 διάϐολον
1454 3417 1824 3486 καταγωνισά-

262 3520 285 3556 e
324 3521 504 3575 μενος,
531 3505 605 3576 μὴ
637 3507 795 3576 μόνον
826 3507 1101 3579 ἄφθαρτον
1126 3506 1288 3560 αὐτὸν
1319 3508 1413 3561 καὶ
1443 3509 1708 3562 ἀθάνατον
1740 3524 1826 3576 γε·

264 3609 286 3645 s
316 3592 501 3648 νέσθαι
535 3596 949 3670 παρασκευάσῃ,
980 3596 1115 3651 ἀλλά
1146 3598 1238 3651 καὶ
1270 3598 1556 3669 σύνθρονον
1581 3600 1638 3650 ὲν
1662 3598 1826 3670 ούρα-

265 3700 286 3736 ι
322 3685 432 3747 vel;
464 3684 542 3756 τῷ
581 3686 717 3757 Θεῷ.
761 3706 780 3739 ›
834 3687 1019 3741 Ταῦτα
1045 3688 1102 3742 δὲ
1134 3688 1310 3743 πάντα
1342 3690 1635 3756 ἀναγκαῖον
1692 3704 1825 3742 κατ-

262 3766 405 3843 ιχιιν
429 3773 487 3826 δν
516 3776 702 3846 μνήμῃ
719 3775 807 3829 διὰ
829 3775 898 3829 τὰ
928 3776 1185 3847 μέλλοντα
1220 3778 1309 3830 ὑπ’
1334 3778 1499 3831 αὑτοῦ
1523 3778 1632 3847 (78)
1663 3774 1828 3849 Μαρ-

259 3863 451 3919 κέλλου
484 3867 625 3920 κατὰ
666 3869 762 3937 τῆς
808 3868 1027 3939 σαρκὸς,
1064 3863 1132 3940 ἦς
1167 3869 1454 3939 ἀνείληφεν
1484 3871 1512 3921 ό
1550 3868 1643 3921 τοῦ
1688 3866 1822 3927 Θεοῦ

259 3954 452 4023 Λόγος,
492 3955 876 4027 προφέρεσθαι.
940 3958 1025 4020 Ὧς
1056 3958 1162 4028 γὰρ
1202 3960 1586 4030 ἀμνημονήσας
1621 3961 1825 4015 τούτων

261 4046 515 4100 ἁπάντων
543 4042 619 4101 ὧν
663 4047 894 4114 ἐξέθετο,
933 4050 1083 4114 τέλος
1114 4052 1213 4103 οὐκ
1251 4051 1423 4104 αἴσιον
1466 4053 1572 4105 οὐδ’
1605 4053 1824 4118 εὐσεϐὲς

262 4136 458 4206 ἐπάγει
497 4137 576 4208 τῷ
616 4140 868 4210 σωτηρίῳ
902 4138 1130 4211 σώματι.
1172 4142 1315 4211 Πρὸς
1357 4142 1565 4207 τούτοις
1599 4144 1821 4208 ἅπασιν,

262 4227 451 4299 ὥσπερ
482 4231 587 4284 τῶν
634 4231 914 4303 προτέρων
962 4232 1109 4303 αὐτῷ
1145 4234 1604 4306 κατωρθωμένων,
1636 4238 1826 4307 πειρᾶ-

260 4333 354 4377 ται
374 4318 643 4373 δεικνύναι
678 4322 773 4375 καὶ
799 4322 879 4385 τὸ,
912 4325 943 4375 ὁ
974 4324 1186 4390 Κύριος
1215 4326 1625 4387 ἐϐασίλευσεν.
1646 4328 1827 4396 ἀταλ-

262 4411 489 4466 υιιὰσθω
515 4412 553 4478 ἠ
592 4411 688 4481 τῆ,
723 4416 800 4476 εἰς
829 4414 925 4484 τὴν
964 4415 1139 4486 σάρκα
1165 4416 1544 4487 ἀναφέρεσθαι.
1576 4417 1736 4486 Λέγει
1768 4418 1826 4473 δὲ

263 4501 455 4565 οὕτως’
491 4523 509 4553 r
553 4505 609 4557 '0
642 4504 770 4572 γοῦν
818 4506 1077 4569 καταϐὰς,
1125 4507 1217 4559 καὶ
1257 4509 1354 4579 τὴν
1388 4509 1564 4579 σάρκα
1599 4508 1685 4561 διὰ
1727 4509 1825 4579 τῆς

1927 3347 1948 3383 ι
1995 3341 2194 3395 ratum,
2248 3328 2511 3384 victorem
2540 3326 2743 3382 diaboli
2782 3326 3157 3381 constitueret.
3204 3323 3490 3379 Hominem

1928 3441 1948 3475 ‹
1994 3422 2197 3477 idcirco
2222 3424 2276 3475 in
2312 3435 2372 3475 se
2396 3418 2724 3490 assumpsit,
2752 3426 2813 3472 ut
2833 3418 2973 3487 quod
3004 3429 3342 3484 consequens
3364 3413 3490 3479 fuit,

1928 3531 1948 3566 ι
1991 3512 2119 3568 huic
2150 3512 2421 3582 primitias
2457 3510 2741 3580 potestatis
2772 3522 2884 3562 suae
2909 3508 3229 3576 impertiret.
3254 3525 3273 3556 ι
3306 3505 3373 3559 Et
3398 3519 3498 3559 an-

1921 3604 2089 3663 nectit
2108 3602 2197 3675 [Β.
2215 3600 2438 3673 XXXV]
2458 3619 2471 3654 :
2496 3618 2516 3653 ι
2539 3599 2639 3656 Hic
2653 3608 2739 3655 est
2754 3599 2841 3653 ille
2857 3598 3103 3663 dilectus,
3124 3597 3281 3651 homo
3299 3611 3496 3665 nempe

1927 3712 1948 3747 ι
1997 3692 2175 3747 Verbo
2218 3692 2475 3746 adunitus
2505 3709 2518 3745 :
2547 3692 2613 3745 de
2657 3705 2765 3760 quo
2805 3689 3044 3758 loquitur
3094 3686 3427 3756 evangelista
3476 3701 3492 3723 ο

1930 3803 1949 3838 ι
1995 3785 2093 3839 Hic
2118 3794 2199 3838 est
2230 3782 2399 3838 Filius
2434 3798 2585 3837 meus
2619 3782 2848 3837 dilectus
2880 3781 2933 3834 in
2964 3794 3071 3849 quo
3104 3780 3430 3848 complacui.
3467 3797 3489 3832 ι

1927 3873 2283 3947 Adjungit[R.
2314 3872 2577 3945 XCVIII]:
2603 3891 2622 3925 ‹
2646 3873 2798 3939 Quod
2827 3870 3057 3926 Verbum
3086 3869 3369 3925 invisibilis
3396 3869 3496 3924 Dei

1929 3982 1949 4015 ε
1995 3964 2085 4033 qui
2118 3965 2239 4029 fuit,
2265 3980 2361 4033 per
2398 3961 2674 4032 Virginem
2713 3970 2832 4015 erat
2866 3961 3204 4025 nasciturus,
3253 3968 3309 4012 et
3337 3973 3487 4012 sum-

1929 4072 1949 4107 ι
1991 4065 2182 4121 pturus
2228 4056 2520 4109 humanam
2580 4068 2840 4117 carnem,
2896 4061 2952 4105 et
3004 4051 3059 4104 in
3111 4048 3199 4103 illa
3224 4049 3495 4103 diabolum

1931 4161 1950 4198 ι
1996 4146 2364 4201 debellaturus
2408 4146 2499 4215 qui
2544 4145 2673 4199 olim
2726 4143 3083 4212 pravaluerat
3120 4157 3134 4196 :
3168 4157 3274 4195 non
3325 4142 3378 4195 in
3417 4156 3500 4197 .eo

1931 4252 1950 4287 ι
1996 4244 2199 4289 tantum
2242 4238 2383 4305 quod
2430 4235 2579 4288 illum
2612 4234 2921 4288 redditurus
2963 4230 3063 4285 fuit
3112 4230 3500 4300 incorruptibi-

1931 4345 1952 4381 ι
1997 4326 2100 4382 lem
2147 4337 2202 4379 et
2234 4325 2619 4390 immortalem,
2662 4325 2756 4379 sed
2809 4323 2999 4378 eodem
3048 4320 3187 4377 solio
3243 4322 3297 4375 in
3343 4322 3500 4378 cmlis

1927 4434 1951 4470 ι
1995 4432 2116 4471 cum
2154 4417 2263 4471 Deo
2292 4431 2697 4471 consessurum.
2732 4434 2751 4467 ι
2800 4413 2937 4469 Sunt
2972 4414 3077 4468 ista
3120 4414 3346 4468 omnino
3381 4427 3499 4468 me-

1927 4510 2096 4563 moria
2142 4509 2442 4570 retinenda,
2491 4518 2709 4577 propter
2740 4505 2831 4559 illa
2860 4520 2979 4574 quae
3017 4504 3276 4573 producet
3312 4503 3501 4558 statim

269 4610 289 4645 ι
325 4594 604 4666 Παρθένου
629 4595 965 4667 προσλαϐὼν,
1001 4598 1305 4667 κατεστάθη
1327 4598 1577 4668 βασιλεὺς
1610 4599 1702 4651 ἐπὶ
1727 4598 1821 4671 τὴν

1930 4601 2157 4670 ipsemet
2212 4599 2543 4665 Marcellus,
2598 4610 2787 4653 contra
2846 4613 3065 4653 carnem
3125 4597 3271 4651 illan)
3334 4610 3499 4665 quam

270 4700 290 4735 ι
339 4683 681 4754 Ἐκκλησίαν,
706 4684 965 4755 δηλονότι,
994 4686 1079 4739 ῐνα
1109 4685 1197 4739 διὰ
1220 4687 1315 4739 τοῦ
1348 4688 1519 4756 Λόγου
1548 4690 1577 4740 ὁ
1600 4689 1700 4759 τῆς
1730 4688 1824 4758 βα-

270 4792 290 4827 t
329 4774 533 4837 σιλιίας
571 4773 679 4826 τῶν
715 4774 959 4844 οὐρανῶν
1008 4776 1271 4845 πρότερον
1318 4779 1686 4843 ἐκπεπτωκὼς
1733 4780 1825 4834 ἀν-

270 4881 292 4917 t
330 4863 546 4934 θρωπος
578 4863 857 4934 βασιλείας
898 4865 1097 4936 δυνηθῇ
1133 4870 1335 4937 τυχεῖν.
1380 4869 1579 4923 Τοῦτον
1617 4866 1708 4924 οὖν
1737 4870 1825 4925 τὸν

272 4970 294 5007 t
324 4953 606 5024 ἄνθρωπον
629 4955 721 5008 τὸν
749 4957 1032 5026 πρότερον,
1056 4957 1143 5010 διὰ
1168 4957 1264 5028 τὴν
1292 4960 1569 5031 παρακοὴν
1598 4960 1697 5031 τῆς
1732 4963 1826 5033 βα-

274 5060 293 5093 t
332 5043 536 5107 σιλείας
579 5046 989 5110 ἐκπεπτωκότα,
1039 5047 1241 5117 Κύριον
1277 5048 1369 5101 καὶ
1406 5047 1537 5101 Θεὸν
1574 5051 1823 5117 γενέσθαι

274 5152 293 5185 ι
332 5134 647 5205 βουλόμενος
672 5136 701 5187 ό
738 5134 889 5196 Θεὸς,
930 5134 1131 5206 ταύτην
1172 5136 1270 5206 τὴν
1313 5138 1620 5208 οἰκονομίαν
1650 5141 1827 5210 εἰργά-

274 5242 294 5276 ι
333 5240 481 5277 σατο.
528 5225 587 5278 'O
616 5220 708 5278 οὖν
739 5224 1037 5292 ἀγιὼτατος
1063 5229 1346 5298 προφήτης
1371 5228 1531 5281 Δαυῖδ
1558 5247 1824 5301 προφητι-

1929 4690 2219 4759 assumpsit
2246 4690 2339 4745 Dei
2376 4690 2637 4746 Verbum.
2672 4688 2849 4743 Veluti
2876 4690 3019 4743 enim
3046 4688 3244 4743 oblitus
3267 4689 3498 4743 istorum

1929 4782 2166 4835 omnium
2190 4796 2309 4851 quae
2336 4780 2588 4846 adduxit,
2621 4781 2782 4836 linem
2822 4781 3047 4835 minime
3072 4790 3499 4837 consentaneum

1929 4870 2140 4939 pietati,
2206 4879 2261 4925 et
2314 4869 2608 4925 infaustum
2657 4870 2794 4926 satis
2850 4871 3063 4940 corpori
3126 4870 3502 4940 superinducit

1943 4960 2275 5015 Servatoris.
2338 4958 2487 5016 Ultra
2541 4961 2645 5015 ista
2714 4961 2930 5031 quidem
2980 4960 3186 5025 omnia,
3245 4970 3501 5027 tanquam

1930 5060 2077 5105 recte
2107 5053 2490 5116 successerint,
2526 5061 2580 5107 et
2608 5068 2675 5109 ex
2703 5053 2883 5107 animo
2904 5054 3184 5123 superiora
3213 5090 3229 5115 ,
3274 5061 3503 5106 conatur

1931 5144 2238 5205 ostendere,
2266 5153 2321 5197 et
2350 5144 2498 5197 illum
2536 5145 2699 5198 etiam
2734 5153 2969 5207 textum,
3016 5141 3270 5213 Regnavit
3314 5139 3503 5195 Domi.

1934 5248 2055 5296 nus,
2094 5232 2313 5287 exsultet
2342 5244 2484 5287 terra
2520 5236 2589 5298 ",
2630 5238 2694 5289 de
2722 5247 2886 5289 carne
2923 5235 3355 5305 intelligendum.
3411 5232 3503 5286 Ait

343 5414 402 5473 ειη
430 5408 528 5464 Ed.
555 5408 727 5464 Paris.
760 5424 879 5481 pag.
906 5409 994 5464 49.
1066 5411 1109 5441 ²²
1133 5409 1341 5464 Coloss.
1356 5426 1411 5480 λ,
1441 5409 1526 5464 I6.
1604 5408 1651 5441 ”
1674 5408 1692 5463 I
1716 5406 1821 5462 Tin

1932 5447 1946 5473 ,
1976 5409 2027 5467 5.
2104 5407 2320 5463 “Joan.
2351 5424 2446 5473 xu,
2479 5406 2569 5465 28.
2644 5409 2687 5440 ’⁵
2720 5407 2863 5462 Psal.
2900 5423 3039 5473 xcvi,
3077 5407 3129 5461 I.

339 5606 451 5748 ξπ)
474 5606 643 5675 Vulgo
666 5611 763 5678 τῆς
791 5609 965 5680 Παρθ.

367 5676 455 5748 78)
484 5677 799 5730 Μέλλοντα
824 5679 925 5732 ὑπ’
956 5702 965 5732 ι

1946 5604 2187 5669 homine,
2208 5605 2418 5670 delirat,
2446 5621 2567 5658 cum
2588 5605 2723 5659 ultra
2741 5621 2927 5661 omnes
2943 5607 3206 5671 homines,
3225 5615 3344 5673 post
3372 5620 3500 5660 συν-

367 5674 455 5743 78)
484 5674 799 5730 Μέλλοκτα
824 5674 925 5732 ὑπ’
956 5677 1163 5732 αὑτοῦ.
1192 5676 1444 5741 Omnino,
1477 5686 1536 5729 ut
1573 5675 1821 5730 Eusebius

1943 5674 2154 5727 τέλειαν
2176 5677 2607 5735 exinnniemtum,
2640 5680 2779 5743 quod
2819 5676 2970 5740 τέλος
3006 5678 3102 5729 οὐκ
3132 5678 3305 5729 αἶσιον
3352 5686 3504 5729 recto

274 5746 372 5810 ait,
409 5747 524 5800 haec
554 5758 675 5798 sunt
706 5750 1062 5815 observanda.
1100 5748 1231 5800 Nam
1282 5746 1600 5815 stupendum
1636 5748 1687 5799 in
1723 5762 1833 5815 mo-

278 5830 390 5871 rem
419 5816 671 5869 insanivit
701 5814 1006 5879 Marcellus,
1030 5819 1074 5871 si
1099 5832 1222 5870 vera
1259 5814 1412 5870 nobis
1440 5816 1507 5867 de
1538 5816 1628 5870 illo
1654 5814 1833 5867 retulit

281 5884 637 5940 adversarius.
671 5884 804 5938 Nam
840 5886 907 5941 de
930 5887 1127 5941 Christi
1164 5901 1351 5951 carne,
1381 5886 1483 5941 hoc
1504 5895 1587 5940 est
1615 5884 1833 5940 Christo

516 5979 787 6041 ΡΛτιιοι.
838 5980 955 6041 Gn.
1023 5980 1244 6042 XXIV.

1944 5744 2419 5815 vocat.M.—Infra
2448 5748 2603 5813 vulgo
2624 5745 2826 5815 ταύτην
2841 5750 3028 5809 obtain,
3048 5746 3281 5811 ειλέγει,
3298 5744 3504 5815 Κύριος

1939 5812 2117 5880 Mam;
2139 5816 2260 5871 dein
2290 5812 2549 5878 λαϐόντος
2562 5816 2752 5887 χρόνου
2771 5812 2913 5870 τοῦδ.
2944 5817 3008 5873 Β.

3105 5981 3183 6037 26
