4048 6432
640 350 734 408 ΠΗ

1299 340 1562 399 susnsu
1598 335 2074 396 CESANENSIS
2112 333 2273 393 ore.
2307 320 2495 392 usus
2533 332 2625 391 ιν.
2663 366 2733 377 -
2762 289 3179 395 Decumum.

3756 334 3851 393 ιιι

647 479 825 524 autem
843 465 932 540 [Β.
958 410 1181 534 ιοῖηε
1219 480 1237 514 ι
1261 461 1363 529 Qui
1393 459 1703 525 descendit,
1734 458 1853 513 ideo
1885 466 1941 512 et
1972 470 2204 512 carnem

2319 472 2342 506 ι
2382 454 2497 517 κῶς
2515 454 2682 524 λέγει,
2735 456 2787 509 '0
2814 457 3023 525 Κύριος
3056 454 3462 521 ἐϐασίλευσεν,
3487 454 3856 524 ἀτίιλλιάσθω

648 576 669 609 ι
715 554 1001 624 assumpsit
1036 555 1104 607 de
1144 549 1362 619 Virgine
1384 588 1399 611 ,
1440 562 1531 602 rex
1560 555 1644 601 est
1670 546 1999 602 constitutus
2034 558 2209 612 super

647 664 666 697 ι
705 642 1017 705 Ecclesium,
1049 652 1239 707 nempe
1270 639 1321 689 in
1353 650 1474 689 eum
1510 633 1693 697 ﬁnem,
1734 642 1793 684 ut
1825 632 1903 685 sic
1938 646 2033 698 per
2065 630 2214 683 Ver-

646 752 667 788 ι
712 734 863 798 bum,
896 731 1056 785 homo
1094 728 1181 798 qui
1216 726 1365 795 prius
1390 722 1647 777 calorum
1690 734 1860 789 regno
1890 718 2210 780 exciderat,

644 840 666 876 ι
711 833 938 889 regnum
995 817 1125 872 illud
1179 815 1356 869 denuo
1410 819 1844 878 consequeretur.
1909 806 2211 861 Hominem

644 928 665 963 ι
710 924 845 979 ergo
870 909 1028 963 istum
1054 904 1149 974 qui
1186 916 1351 973 regno
1382 901 1533 969 prius
1563 900 1840 953 exciderat
1880 911 1975 965 per
2002 895 2211 949 inobe-

647 1018 666 1052 ι
710 1000 968 1055 dientiam
995 1010 1165 1060 suam,
1198 992 1481 1046 Dominum
1543 1000 1597 1044 et
1649 989 1813 1043 Deum
1848 988 1963 1042 ﬁeri
2010 985 2214 1041 volens

648 1106 668 1140 ι
712 1088 878 1149 Deus,
933 1088 1069 1138 hanc
1118 1079 1474 1137 oeconomiam
1534 1080 1604 1131 ita
1654 1077 2001 1145 dispensavit.
2049 1074 2214 1141 Quo-

648 1209 669 1234 ι
710 1182 859 1236 circa
890 1177 1259 1235 sanctissimus
1303 1181 1452 1227 vates
1497 1172 1663 1226 David
1704 1169 2017 1240 prophetico
2047 1177 2213 1220 more

651 1291 670 1327 ι
720 1273 900 1327 fatur:
938 1268 1189 1339 Regnavit
1214 1265 1495 1326 Dominus,
1521 1262 1743 1315 exsultet
1772 1274 1962 1315 terra.)
1988 1259 2051 1313 Et
2076 1266 2213 1327 post

646 1362 752 1417 alia
776 1360 1017 1429 quaedam
1056 1354 1318 1412 subiuicrt
1344 1352 1447 1424 [ἢ.
1476 1350 1540 1423 (η
1575 1371 1587 1405 :
1622 1372 1639 1402 ς
1664 1349 1741 1406 Oh
1779 1366 1935 1420 quam
1982 1361 2210 1403 causam

654 1471 673 1505 ι
719 1450 877 1521 quasi
903 1450 1156 1504 Dominus
1177 1456 1359 1500 noster
1398 1444 1554 1499 Jesus
1598 1443 1843 1499 Christus
1866 1482 1883 1508 ,
1913 1445 2062 1511 regni
2100 1440 2213 1495 ini-

654 1560 676 1595 ι
724 1542 858 1596 tium
882 1540 1188 1608 auspicatus
1215 1534 1392 1589 fuerat
1422 1549 1452 1586 a
1475 1534 1704 1605 quodam
1751 1540 1993 1603 tempore
2014 1573 2029 1597 ,
2063 1529 2209 1585 vati-

657 1651 678 1686 s
719 1632 919 1688 ciuium
954 1629 1101 1685 canit
1130 1625 1278 1698 :Ego
1318 1636 1494 1680 autem
1545 1640 1637 1678 rea:
1665 1624 1727 1677 ab
1760 1623 1851 1677 illo
1892 1623 2209 1677 constitutus

657 1742 678 1775 ι
723 1736 839 1777 sunt
870 1720 933 1774 ".
965 1738 985 1772 ι
1039 1718 1108 1773 Ει
1136 1733 1326 1772 rursus
1350 1716 1498 1771 addit
1518 1725 1542 1765 τ
1573 1715 1653 1769 0b
1675 1728 1795 1769 eam
1823 1728 2043 1769 causam
2088 1726 2209 1776 rex,

2320 561 2339 594 ι
2381 543 2421 609 ἡ
2453 543 2549 611 γῆ.
2588 562 2607 594 ι
2646 544 2749 597 Καὶ
2776 545 2890 616 μεθ’
2917 546 3073 616 ἔτερα
3100 545 3375 615 ἐπιφέρει·
3418 563 3437 595 ι
3480 546 3562 596 Δι’
3593 546 3659 614 ῆν
3692 543 3853 597 αἰτίαν

2321 650 2339 683 ι
2378 633 2565 705 ὥσπερ
2594 636 2766 706 ἀρχὴν
2799 637 3065 707 βασιλείας
3094 634 3199 690 ἀπό
3224 652 3367 699 τινος
3392 633 3647 699 λαὸόντος
3674 634 3853 704 χρόνου

2321 741 2341 775 ι
2381 724 2474 777 τοῦ
2499 726 2754 780 δεσπότου
2801 729 2956 798 ἡμῶν
2988 725 3236 797 Χριστοῦ,
3268 727 3301 793 ἡ
3346 726 3657 796 προφητεία
3682 725 3851 794 φησίν·

2321 829 2341 861 ι
2386 812 2531 883 Ἐγὼ
2550 813 2619 866 δὲ
2645 816 3011 885 κατεστάθην
3023 814 3317 880 ,βασιλεὺς
3340 817 3441 869 ὑπ’
3466 815 3673 869 αὐτοῦ.
3710 812 3733 866 ι’
3760 814 3859 867 Καὶ

2316 900 2477 954 πάλιν
2508 904 2773 973 ἐπιφέρει·
2794 923 2813 956 ι
2838 905 2935 957 Διὰ
2949 905 3100 958 τοῦτο
3110 903 3215 974 γὰρ
3230 905 3325 956 καὶ
3344 902 3618 972 βασιλεύει
3632 902 3761 974 (79),
3779 902 3860 956 ῐνα

2320 1008 2340 1040 ι
2371 992 2428 1043 ἐν
2456 994 2519 1062 τῇ
2545 992 2854 1065 ἀνθρωπίνῃ
2885 995 3047 1065 σαρκὶ
3072 992 3375 1062 γενόμενος,
3409 992 3667 1062 βασιλεύς
3692 1010 3749 1045 τε
3773 1010 3860 1046 κα-

2320 1098 2336 1127 ι
2377 1078 2597 1143 ταστὰς,
2645 1079 2731 1133 διὰ
2760 1080 2851 1132 τοῦ
2885 1081 3077 1149 Λόγου,
3124 1082 3152 1132 6
3182 1078 3437 1141 κενωθεὶς
3481 1080 3747 1151 πρότερον
3776 1082 3862 1134 ἄν·

2320 1185 2339 1218 ι
2374 1166 2604 1239 θρωπος,
2633 1172 2810 1224 πᾶσαν
2842 1171 3012 1242 ἀρχὴν
3043 1169 3132 1223 τοῦ
3177 1169 3446 1234 διαϐόλου,
3494 1174 3591 1223 καὶ
3624 1171 3860 1243 δύναμιν,

2319 1275 2337 1306 ι
2378 1260 2472 1311 καὶ
2498 1259 2740 1323 ἐξουσίαν
2774 1263 3109 1334 καταργήσῃ.
3140 1280 3159 1313 ι
3193 1261 3438 1314 Τοσαῦτα
3463 1263 3595 1333 περὶ
3622 1263 3719 1332 τῆς
3746 1279 3863 1334 σαρ-

2311 1350 2405 1414 κὸς
2428 1352 2520 1405 τοῦ
2562 1353 2828 1423 Σωτῆρος,
2860 1354 3178 1406 καὶτούτων
3216 1353 3294 1406 ἐτι
3337 1354 3507 1407 πολλὰ
3541 1354 3761 1409 πλείονα
3789 1357 3863 1410 εί-

2310 1441 2445 1506 πὼν,
2477 1443 2649 1513 φήσας
2681 1460 2737 1495 τε
2768 1442 2935 1515 αὑτὴν
2965 1439 3101 1496 εἶναι
3131 1444 3229 1515 τὴν
3262 1445 3445 1498 εἰκόνα
3487 1444 3583 1499 τοῦ
3615 1445 3749 1498 Θεοῦ
3778 1445 3867 1499 τοῦ

2308 1534 2561 1604 ἀοράτου,
2606 1536 2698 1588 καὶ
2738 1536 2828 1588 τὸν
2873 1535 3217 1607 Πρωτότοκον
3266 1536 3450 1607 πάσης
3496 1538 3750 1601 κτίσεως,
3784 1539 3871 1592 καὶ

2308 1623 2400 1675 τὸν
2431 1624 2671 1694 βασιλέα,
2705 1627 2796 1678 καὶ
2828 1626 2917 1679 τὸν
2970 1625 3195 1697 Ἰησοῦν,
3224 1626 3319 1679 καὶ
3345 1627 3435 1679 τὸν
3479 1629 3737 1696 Χριστὸν,
3785 1629 3873 1682 καὶ

2309 1714 2402 1767 τὸν
2429 1717 2729 1783 ἀγαπητὸν,
2762 1718 2856 1771 καὶ
2893 1719 2993 1771 ὅσα
3019 1716 3149 1771 ἄλλα
3177 1718 3455 1782 κατέλεξε·
3487 1720 3555 1773 δι’
3589 1721 3763 1791 αὑτήν
3791 1738 3869 1784 τε,

658 1832 678 1868 ι
725 1822 785 1867 ιιι
811 1826 932 1867 cum
958 1811 1193 1865 humana
1232 1823 1397 1864 carne
1427 1807 1752 1863 constitutus
1775 1846 1790 1871 ,
1822 1814 1879 1859 et
1906 1806 2204 1860 declaratus

2314 1779 2488 1857 ταῦτα
2532 1779 2722 1859 πάντα⁷
2756 1807 3016 1878 κληθῆναι
3077 1808 3165 1861 τὸν
3207 1779 3403 1876 Λόγον-
3431 1779 3873 1882 ἀτυοφηνάιιενος,

659 1920 681 1955 s
726 1916 845 1965 rex,
881 1900 1186 1955 exinanitus
1222 1898 1371 1967 prius
1406 1898 1591 1972 homo,
1622 1909 1782 1949 omne
1814 1893 2010 1948 diaboli
2044 1894 2204 1960 impe-

2314 1895 2494 1947 ὁποῖον
2520 1895 2668 1959 τέλος
2699 1897 2834 1967 αὐτῇ
2857 1897 3194 1969 περιτίθησιν
3221 1899 3321 1969 ήδη
3357 1878 3637 1970 θεωρῆσαι
3666 1878 3873 1973 καιρός.

659 2022 679 2050 t
725 1997 882 2061 rium,
907 1997 1012 2063 vim
1039 2005 1093 2048 et
1122 2002 1439 2063 potestatem
1471 2004 1568 2060 per
1591 1990 1823 2044 Verbum
1856 1996 2166 2043 evacuaret.
2213 2005 2231 2038 ι
2275 1985 2377 2041 Tot
2402 1989 2509 2046 ille.
2572 2002 2626 2044 et
2663 1991 2879 2060 quidem
2911 1993 3066 2061 longe
3089 1994 3264 2061 plura,
3304 1993 3370 2048 de
3399 2008 3569 2048 carne
3602 2009 3878 2051 commen.

653 2101 742 2145 tus
780 2087 1102 2151 Servatoris,
1149 2091 1208 2147 ᾖ
1250 2092 1531 2154 postquam
1602 2082 1752 2135 illam
1835 2082 2138 2136 nominarat
2187 2079 2277 2134 Dei
2313 2082 2600 2151 imaginem
2644 2084 2949 2150 invisibilis,
2996 2094 3050 2140 et
3086 2085 3262 2139 omnis
3298 2096 3563 2141 creaturae
3603 2088 3878 2159 primoge.

654 2183 847 2242 nilum,
877 2189 931 2233 et
978 2191 1177 2246 regem,
1208 2185 1261 2229 et
1297 2173 1498 2237 Iesum,
1565 2181 1621 2226 et
1658 2172 1954 2237 Christum,
2003 2180 2056 2226 et
2099 2169 2373 2238 dilectum,
2436 2185 2489 2227 et
2550 2189 2668 2242 quae
2706 2174 2804 2228 alia
2866 2174 3357 2237 commemoravit:
3397 2177 3623 2248 insuper
3656 2178 3875 2234 addide-

656 2278 761 2335 rat,
808 2277 1028 2340 prOpter
1070 2266 1213 2321 illam
1268 2267 1435 2335 ipsam
1471 2278 1717 2329 carnem,
1773 2271 1851 2316 tot
1898 2262 2203 2318 nominibus
2269 2260 2502 2319 Verbum
2559 2265 2868 2336 insignitum
2949 2264 3134 2331 fuisse,
3172 2264 3335 2321 linem
3385 2276 3568 2323 tamen
3616 2269 3697 2325 illi
3746 2282 3867 2325 eum

654 2361 883 2431 aﬁngit,
912 2372 1070 2430 quem
1097 2372 1238 2411 nunc
1271 2366 1479 2423 tempus
1511 2364 1594 2408 est
1624 2364 1681 2408 ut
1711 2353 2133 2410 consideremus.

1290 2446 1437 2501 CAP.
1482 2445 1568 2499 1V.

660 2540 1003 2607 Quulsntnam
1037 2537 1187 2605 ﬁnem
1212 2535 1465 2603 subinfert
1488 2532 1783 2607 Marcellus
1814 2533 2007 2589 Christi
2031 2548 2213 2604 regno,

1035 2615 1085 2659 et
1138 2608 1282 2657 carni
1327 2620 1481 2673 quam
1531 2606 1826 2672 assumpsit.

2940 2441 3098 2494 ΚΕΦ.
3152 2443 3222 2495 Δ’.

2326 2530 2551 2605 Ὀποῖογ
2577 2528 2927 2605 Μάρκελλος
2953 2531 3155 2605 ἐξάγει
3175 2532 3348 2605 τέλος
3370 2534 3445 2603 τῇ
3471 2536 3580 2588 τοῦ
3616 2538 3879 2605 Χριστοῦ

2494 2600 2801 2665 βασιλείᾳ,
2831 2600 2927 2653 καὶ
2966 2600 3039 2669 τῇ
3066 2602 3240 2668 σαρκὶ
3272 2602 3353 2671 ἣν
3378 2600 3693 2675 ἀνείληφέ.

728 2697 816 2769 [Β.
851 2696 915 2769 C]
950 2716 969 2748 ι
1001 2693 1149 2748 Hanc
1187 2695 1384 2748 etenim
1415 2695 1484 2749 ob
1512 2708 1729 2749 causam
1762 2704 2075 2763 regnaturus
2108 2702 2204 2757 est1

2388 2706 2406 2739 ι
2446 2687 2543 2739 Διά
2590 2688 2743 2740 τοῦτο
2796 2688 2901 2759 γὰρ
2962 2688 3288 2759 βασιλεύσει,
3342 2693 3398 2746 ὲν
3444 2698 3510 2765 τῇ
3564 2696 3882 2769 ἀνθρωπίνῃ

666 2807 686 2839 ε
729 2790 957 2843 humana
989 2798 1153 2839 carne
1178 2784 1429 2853 praeditus
1468 2798 1563 2851 per
1607 2783 1838 2837 Verbum
1886 2786 2204 2838 constitutus

2322 2797 2340 2830 ι
2375 2779 2535 2847 σαρκὶ
2584 2779 2889 2847 γενόμενος.
2942 2779 3189 2848 βασιλεὺς
3235 2798 3295 2833 τε
3339 2784 3614 2847 καταστὰς
3654 2788 3747 2840 διὰ
3790 2789 3882 2842 τοῦ

666 2897 687 2932 ι
728 2893 842 2943 rex,
873 2880 1035 2933 homo
1072 2874 1160 2928 ille
1186 2874 1311 2928 olim
1347 2874 1600 2942 deceptus
1629 2893 1641 2928 :
1667 2883 1721 2927 et
1750 2888 1959 2929 omnem
1990 2875 2061 2927 ita
2092 2875 2204 2927 dia‘-

2319 2888 2338 2920 ι
2376 2869 2569 2935 Λόγου,
2602 2868 2630 2919 ὁ
2664 2868 2958 2938 ἀπατηθεὶς
2990 2871 3248 2941 πρότερον
3277 2872 3559 2943 ἄνθρωπος
3598 2875 3743 2945 (80),
3782 2880 3884 2931 πᾶ-

667 2984 689 3019 s
730 2965 833 3021 boli
858 2962 1320 3034 potestatem,vim
1338 2976 1390 3014 et
1413 2963 1692 3029 imperium
1717 2964 2017 3017 evacuabit.
2035 2962 2204 3030 Opor-

2322 2978 2339 3009 ι
2378 2977 2474 3012 σαν
2501 2960 2674 3029 ἀρχὴν
2700 2959 2793 3011 τοῦ
2821 2960 3060 3013 διαϐόλου
3102 2963 3194 3013 καὶ
3236 2962 3461 3034 δύναμιν
3494 2966 3587 3018 καὶ
3631 2966 3884 3030 ἐξουσίαν

667 3072 689 3108 s
733 3064 801 3108 tet
826 3054 961 3107 enim
986 3052 1154 3114 illum,
1179 3050 1367 3119 inquit,
1398 3065 1608 3117 regnare
1635 3066 1793 3118 usque
1822 3050 1947 3103 dunt
1971 3052 2204 3103 inimicos

2322 3067 2339 3098 ι
2383 3053 2736 3120 καταργήσει;
2784 3053 2874 3102 Δεῖ
2925 3052 3033 3124 γὰρ
3090 3052 3249 3105 αὑτὸν
3302 3054 3624 3123 βασιλεύειν,
3680 3062 3885 3129 φησιν,

667 3166 689 3200 ι
733 3161 851 3199 suos
874 3152 1068 3197 statuat
1100 3142 1192 3194 sub
1215 3143 1422 3209 pedibus
1453 3142 1562 3193 suis
1595 3141 1661 3195 ⁸⁷.
1688 3142 1777 3194 Ait
1802 3141 1964 3209 igitur
2002 3143 2204 3195 divinus

2323 3156 2341 3189 t
2374 3140 2527 3209 ἄχρις
2553 3134 2613 3192 οῦ
2643 3140 2707 3193 ἂν
2731 3140 2795 3210 θῇ
2824 3142 2947 3202 τοὺς
2969 3140 3190 3213 ἐχθροὺς
3214 3143 3318 3196 ὑπὸ
3346 3146 3470 3207 τοὺς
3496 3148 3669 3210 πόδας
3695 3150 3883 3205 αὑτοῦ.

670 3252 693 3286 ι
736 3233 1042 3302 Apostolus,
1069 3233 1214 3301 regni
1246 3231 1442 3286 Christi
1475 3231 1635 3284 linem
1672 3241 1781 3285 tum
1807 3232 2064 3295 futurum,
2095 3246 2204 3286 cutr

2321 3246 2339 3278 ι
2372 3229 2481 3298 Τῆς
2504 3229 2680 3281 τοίνυν
2708 3227 2799 3280 τοῦ
2836 3228 3091 3283 δεσπότου
3118 3228 3275 3300 ἡμῶν
3303 3233 3537 3303 Χριστοῦ
3570 3235 3881 3304 βασιλείας,

668 3340 691 3375 ι
736 3325 837 3377 sub
862 3323 1082 3391 pedibus
1112 3322 1224 3391 ejus
1248 3323 1422 3374 omnia
1454 3320 1875 3378 collocabuntur.
1896 3322 1985 3391 [Β.
2013 3323 2073 3378 Cl
2093 3320 2204 3377 coll.

2319 3337 2338 3370 ι
2370 3318 2525 3371 τοῦτο
2557 3319 2619 3372 τὸ
2649 3320 2797 3381 τέλος
2823 3317 2959 3373 εἶναί
2986 3337 3146 3390 φησιν
3182 3323 3210 3373 ὁ
3244 3324 3385 3392 ἱερὸς
3437 3325 3790 3393 Ἀπόστολος,
3827 3327 3885 3381 τὸ

654 3404 692 3470 ἰ
734 3432 788 3486 p.
812 3415 957 3487 189].
984 3435 1002 3467 ›
1027 3416 1152 3469 Post
1178 3430 1343 3483 pauca
1368 3415 1607 3481 quaedam
1640 3414 1786 3468 addit
1814 3434 1826 3469 :
1863 3434 1882 3467 (
1925 3415 2204 3472 Maximum

2318 3428 2336 3461 ι
2374 3411 2548 3464 πάντα
2579 3411 2910 3479 ὑποταγῆναι
2952 3413 3064 3473 τοῖς
3103 3411 3259 3465 ποσὶν
3298 3413 3481 3466 αὑτοῦ.
3530 3434 3549 3465 ι
3585 3417 3702 3469 Καὶ
3746 3418 3884 3489 μετὰ

668 3522 691 3560 ι
740 3508 828 3561 hic
879 3506 1195 3576 mysterium
1249 3505 1631 3559 revelatnobis
1701 3506 2031 3574 Apostolus,
2089 3508 2204 3560 dum

2312 3498 2515 3570 βραχέα
2544 3502 2801 3570 ἐπιλέγει·
2836 3520 2854 3552 ι
2882 3502 3149 3570 Μέγιστον
3174 3505 3304 3572 ἡμῖν
3329 3508 3626 3577 μυστήριον
3647 3509 3884 3563 ἐνταῦθα

668 3614 691 3649 s
737 3597 1045 3666 pronuntiat
1091 3595 1394 3649 adfuturum
1426 3595 1773 3664 iinemregno
1792 3595 2204 3651 Christi.Finem

2317 3606 2335 3639 ι
2382 3590 2701 3653 ’Δπόστολος
2754 3591 3138 3655 ἀνακαλύπτει,
3175 3592 3322 3656 τέλος
3371 3610 3466 3663 μεν
3516 3596 3743 3651 ἔσεσθαι
3790 3600 3887 3669 φά·

670 3704 691 3738 ι
739 3699 895 3755 porro
954 3694 1083 3750 tum,
1136 3699 1254 3737 cum
1300 3696 1565 3752 ponentur
1612 3686 1788 3739 omnia
1846 3688 1944 3740 sub
1989 3687 2204 3755 pedibus

2315 3697 2334 3729 ι
2370 3697 2511 3732 σκων
2542 3684 2638 3749 τῆς
2670 3680 2901 3751 Χριστοῦ
2951 3682 3245 3750 βασιλείας,
3282 3684 3431 3746 τέλος
3461 3686 3518 3738 δέ
3560 3688 3707 3751 τότε,
3754 3690 3885 3743 ὅταν

673 3792 693 3824 σ
744 3772 877 3839 ejus.
905 3789 925 3824 ι
956 3772 1023 3825 Ει
1048 3773 1341 3839 explanans
1381 3773 1554 3826 adhuc
1585 3774 1721 3827 idem
1753 3775 2033 3829 dilucidius
2071 3774 2210 3830 scri-

664 3863 748 3919 bit
803 3861 891 3932 [Β.
930 3860 1037 3931 Cll]
1070 3880 1080 3914 :
1114 3882 1130 3913 ‹
1164 3863 1367 3915 Dictum
1391 3871 1522 3914 esta
1553 3862 1704 3915 nobis
1738 3864 1787 3915 in
1820 3865 2207 3931 superioribus,

670 3972 691 4004 ι
738 3952 1015 4006 Dominum
1044 3965 1279 4005 nostrum
1306 3951 1577 4004 Christum
1606 3953 1749 4019 regni
1776 3955 1854 4005 sui
1886 3954 2203 4021 principium

670 4058 692 4093 ι
738 4040 1011 4108 accepisse
1041 4058 1053 4091 :
1090 4040 1246 4105 idque
1273 4039 1443 4105 ipsum
1482 4038 1759 4090 docuimus
1795 4052 1824 4090 e
1867 4053 2020 4092 sacra
2056 4037 2203 4090 Scri-

670 4148 691 4182 ¢
740 4138 893 4198 plura
939 4129 1374 4182 demonstratum.
1406 4127 1785 4181 Testimonium
1824 4128 2050 4193 primum
2099 4135 2202 4191 est,

664 4218 777 4289 Ego
806 4221 1108 4273 constitutus
1145 4236 1259 4273 sum
1291 4220 1352 4270 ab
1384 4218 1473 4271 illo
1513 4234 1603 4272 rex
1631 4234 1786 4287 super
1825 4217 1957 4273 Sion
1982 4229 2203 4273 montem

740 4387 799 4444 PII
828 4380 922 4434 Ed.
955 4380 1121 4437 Puris.
1155 4396 1273 4451 pag.
1304 4379 1390 4436 50.

736 4540 1282 4626 (79)Altit01?t0.qﬁp
1315 4538 1771 4626 καὶβαιζαεύειΪ.
1788 4541 2033 4626 Legeud.
2060 4542 2207 4626 βασι-

663 4610 842 4664 λεύσει
889 4620 944 4662 ut
996 4610 1255 4679 principio
1305 4611 1576 4679 sequentis
1616 4612 1833 4677 capitis.
1873 4610 1968 4664 iubi
2016 4610 2202 4679 eadem

664 4679 895 4733 Marcelli
930 4681 1085 4732 verba
1125 4678 1452 4748 repetuntur,
1497 4689 1553 4731 ut
1603 4690 1655 4748 et
1686 4695 1801 4731 mox
1827 4694 1921 4747 pro
1950 4678 2203 4740 κενωθείς

665 4749 865 4802 rectius
896 4746 1206 4817 ἀπατηθείς,
1233 4758 1290 4800 ut
1316 4749 1471 4811 paulo
1499 4758 1616 4814 post
1644 4746 1854 4816 legitur,
1883 4759 1937 4801 et
1968 4764 2032 4801 ex
2074 4764 2205 4814 prae-

665 4817 979 4871 cedentibus
1000 4828 1247 4886 apparet;
1283 4817 1496 4869 tolerari
1523 4826 1769 4886 tamenet
1801 4820 1911 4871 haec
1939 4817 2203 4886 lectio_po-

662 4895 791 4949 test,
820 4900 939 4955 cum
971 4884 1381 4939 exinanitionem
1407 4886 1564 4955 regiae
1584 4885 1762 4955 gloria:
1788 4894 2037 4955 opponat.
2062 4884 2205 4940 Μ.-

663 4956 803 5008 Infra
835 4953 989 5020 vulgo
1017 4955 1112 5006 ὅσα
1143 4955 1325 5007 τᾶλλα.

734 5022 844 5092 (80)
900 5023 951 5074 '0
995 5023 1309 5090 ἀπατηθείς
1356 5024 1638 5090 πρότερον
1674 5023 1996 5091 ἅνθρωπος.
2028 5022 2082 5076 Id
2119 5032 2202 5076 est

664 5093 893 5145 humana
928 5104 1104 5145 nostra
1137 5105 1346 5155 natura,
1372 5109 1488 5160 qua:
1511 5098 1559 5145 in
1583 5095 1786 5146 Adamn
1821 5109 1913 5160 per
1949 5093 2201 5159 praevari-

2315 3787 2333 3819 ι
2372 3771 2542 3822 πάντα
2576 3772 2816 3841 ὑποταγῇ
2849 3775 2959 3837 τοῖς
3008 3775 3159 3826 ποσὶν
3208 3773 3391 3827 αὑτοῦ.
3428 3796 3445 3826 ι
3494 3778 3604 3829 Καὶ
3635 3778 3721 3831 ἐτι
3756 3780 3887 3851 μᾶλ-

2308 3860 2398 3912 λον
2425 3859 2917 3931 ἐπεξεργαξόμενος
2947 3864 3037 3915 τὸν
3070 3864 3230 3916 αὑτὸν
3257 3864 3433 3933 λόγον,
3466 3866 3609 3920 οὕτω
3634 3870 3846 3940 γράφει
3865 3888 3878 3904 ·

2314 3970 2331 4001 ι
2375 3954 2620 4021 Ἔφαμεν
2638 3952 2694 4003 ἐν
2715 3955 2823 4014 τοῖς
2850 3955 3342 4024 πρώγουσινὴμῶν
3368 3959 3548 4025 ῥητοῖς
3573 3959 3665 4011 τὸν
3694 3962 3885 4015 δεσπό-

2315 4060 2333 4091 ι
2376 4060 2473 4112 την
2502 4043 2654 4113 ἡμῶν
2681 4043 2772 4095 τὸν
2796 4044 3030 4115 Χριστὸν
3059 4044 3229 4114 ἀρχὴν
3259 4047 3545 4115 ἐσχηκέναι
3572 4048 3879 4117 βασιλείας,

2315 4150 2333 4182 ι
2374 4135 2434 4185 ἐκ
2469 4134 2573 4186 τῶν
2614 4133 2768 4186 Θείων
2800 4135 3033 4205 Γραφῶν
3056 4134 3354 4198 ἀποδείξεσι
3392 4135 3682 4206 χρώμενοι.
3718 4143 3879 4195 Ἐστι

2317 4238 2334 4271 ι
2379 4222 2476 4291 μὲν
2495 4224 2632 4294 μίαῆ
2649 4224 2896 4292 λέγουσα·
2930 4225 3076 4294 Ἐγὼ
3098 4224 3164 4277 δὲ
3189 4226 3559 4293 κατεστάθην
3572 4229 3880 4299 ,βασιλεὺς

1466 4382 1509 4412 ’⁸
1541 4381 1679 4436 Psal.
1714 4397 1772 4447 ιι,
1801 4378 1851 4434 6.
1925 4380 2003 4434 ³⁷1
2027 4380 2148 4436 Cor.
2178 4395 2266 4445 xv,
2285 4380 2375 4436 25.

2308 4537 2524 4611 θαρρεῖν
2547 4540 2988 4614 παρασκευάζῳν,
3011 4543 3207 4596 ὡσανεὶ
3244 4544 3413 4609 ἔλεγε.
3452 4542 3701 4613 Semper,
3741 4550 3877 4606 etin

2309 4621 2564 4663 aeternum
2592 4612 2854 4679 regnabit.
2889 4613 3020 4665 Nam
3055 4624 3111 4666 ut
3143 4624 3286 4666 recte
3313 4616 3561 4667 observat
3596 4615 3877 4673 OEcume-

2309 4679 2447 4762 nius:
2479 4683 2537 4733 τὸ
2550 4680 2859 4762 ιᾷχίριιςααξ
2886 4681 2945 4734 τὸ
2972 4683 3080 4762 ἑξως
3111 4682 3169 4762 οὑ
3199 4685 3371 4762 xeiras
3399 4681 3588 4762 χρόνου
3626 4688 3879 4762 συντελε-

2312 4749 2509 4821 στικὸν,
2674 4751 2778 4821 de},
2804 4746 2913 4801 οἷον
2940 4752 3019 4815 τό,
3056 4750 3162 4818 ἐγὼ
3195 4750 3309 4821 μεθ’
3352 4746 3501 4819 ὑμῶν
3529 4755 3665 4821 είμι,
3692 4758 3876 4820 πάσας

2308 4815 2407 4891 τὰς
2445 4820 2669 4890 ἡμέρας,
2731 4819 2977 4891 ἓως-’τῆς
3030 4815 3351 4883 συντελείας.
3390 4815 3553 4891 Ὠυοιι
3585 4815 3781 4891 ipsum
3808 4815 3877 4882 dt:

2311 4886 2768 4958 doncc'ohservat
2828 4886 3185 4958 Hieronymus
3242 4900 3425 4944 contra
3460 4886 3771 4948 Helvidium
3820 4906 3875 4950 et

2312 4966 2491 5033 uoster
2519 4958 2603 5033 hic
2630 4958 2680 5010 in
2707 4956 2830 5033 ﬁne.
2870 4958 2944 5011 De
2971 4956 3068 5033 loci
3093 4970 3265 5011 autem
3294 4974 3452 5011 sensu
3482 4971 3535 5011 et
3561 4961 3876 5033 intelligen-

2304 5026 2398 5083 tia,
2435 5026 2503 5076 ita
2536 5026 2623 5079 ille
2671 5027 2832 5077 tradit
2884 5042 2913 5078 a
2962 5027 3264 5081 Graecorum
3310 5026 3766 5084 commentariis?
3798 5032 3874 5086 Τὸ

2304 5086 2601 5166 βασιλεὺειν
2640 5094 2870 5166 ἐνταῦθα
2910 5099 3006 5166 οὑχ
3036 5096 3238 5166 ἀπλῷς,
3274 5097 3385 5148 ἀλλ’
3432 5091 3542 5147 οἷον
3578 5098 3659 5149 δεῖ
3702 5102 3873 5156 αὑτὸν

664 5162 926 5235 cntionem
970 5163 1268 5235 _ceci_derat,
1331 5156 1406 5214 inf
1433 5161 1649 5235 Chrisno
1702 5178 1794 5235 per
1822 5156 2195 5235 'obejiientiaiu

2310 5160 2383 5235 ιὸιΔ
2409 5164 2502 5235 τοῦ
2553 5164 2811 5233 βασιλέως
2864 5156 3054 5219 ποιεῖν.
3087 5156 3240 5217 Τοῦτ’
3282 5166 3394 5217 ἐστι
3428 5166 3697 5235 ,πολεμεῖν
3744 5170 3873 5232 τοὺς

666 5230 1026 5296 triumphavit.
1084 5230 1279 5283 Locum
1332 5246 1456 5283 vero
1514 5232 1650 5283 beati
1712 5231 1945 5297 Apostoli
1990 5245 2054 5282 ex
2107 5232 2195 5283 illa

662 5299 725 5350 ad
758 5299 775 5351 ι
811 5299 1052 5353 Corinth.
1089 5315 1173 5361 xv,
1221 5299 1307 5360 ‘28,
1360 5314 1515 5366 quem
1566 5314 1775 5352 sursum
1816 5311 1977 5366 atque
2034 5302 2194 5353 deor-

662 5383 778 5420 sum
819 5369 951 5419 adeo
998 5378 1172 5420 versat
1224 5369 1499 5432 Eusebius,
1549 5368 1658 5429 hic.
1702 5368 1846 5429 alibi,
1877 5377 1930 5421 et
1981 5367 2031 5420 in
2084 5371 2191 5421 line

662 5434 754 5489 llh.
790 5450 841 5497 ν,
892 5446 1036 5489 recte
1081 5437 1375 5501 Marcellus,
1417 5438 1483 5491 de
1518 5437 1730 5491 Christo
1766 5438 1977 5489 homine
2027 5439 2191 5491 inter-

662 5514 917 5576 pretatur.
940 5504 1007 5556 At
1043 5520 1261 5572 prorsus
1300 5507 1479 5573 impie,
1526 5510 1591 5560 ab
1618 5508 1707 5559 illo
1746 5506 1881 5568 loco,
1931 5508 1995 5557 de
2042 5506 2191 5576 regni

659 5574 817 5626 etiam
883 5581 936 5626 et
1007 5578 1249 5629 essentia:
1310 5580 1766 5629 consummatione
1841 5574 2191 5640 blasphelnat.

659 5644 735 5715 Ou
755 5642 898 5715 τέλος
916 5644 1167 5715 ἐπιτιθεὶς
1178 5647 1252 5715 τῇ
1276 5644 1513 5713 βασιλεία
1534 5642 1649 5698 εἶπε
1666 5644 1744 5708 τὸ,
1766 5646 1919 5715 ἄχρις
1935 5642 1992 5699 οὗ
2020 5647 2083 5698 ἂν
2103 5645 2190 5713 Θῇ,

658 5714 749 5764 καὶ
780 5712 921 5783 ἑξῆς.
958 5712 1091 5771 ’Δλλ’
1134 5712 1434 5779 ἀξιόπιστον
1462 5712 1624 5769 ποιῶν
1650 5717 1709 5768 τὸ
1754 5712 2053 5786 εἰρῆμὲνον,
2103 5712 2195 5768 καὶ

2298 5227 2869 5303 ἐχθροὺς,’συμμαχεῖν
2889 5235 3187 5303 τοῖςῌίδίοις.
3213 5235 3348 5297 Τοὺς
3384 5234 3483 5303 μὲν
3508 5227 3869 5303 τροποῦσθαι,

2294 5300 2419 5374 rei»;
2442 5303 2498 5374 δέ
2524 5300 2771 5374 ῥύεσθαι,
2786 5300 2942 5374 ἄχρις
2966 5300 3025 5357 οὗ
3047 5305 3110 5357 ἂν
3131 5304 3215 5374 Θῇ,
3238 5316 3339 5357 etc.
3364 5300 3646 5374 Μετὰνγὰρ
3668 5300 3867 5369 ταῦτα,

2294 5368 2679 5447 οὐδενὸς-λιτῶνΔ
2724 5368 3021 5447 similem
3076 5368 3249 5447 χρεία.
3294 5368 3700 5447 Α’ᾐστασίαστρς
3752 5368 3867 5447 γὰρ

2296 5391 2502 5433 υυυενος
2552 5391 2655 5423 των
2724 5391 2807 5441 ειρ

2296 5433 2521 5513 λοιπὸνὴ
2542 5391 2889 5513 Bestiam}:

2296 5507 2409 5569 τοῦ,
2427 5518 2479 5561 et
2497 5511 2667 5577 βασιλ.
2686 5511 2745 5562 οὑ
2765 5510 2850 5574 τό;
2876 5512 2997 5565 Mss.
3022 5512 3090 5562 ἴσ.
3115 5507 3274 5574 οὕτω,
3293 5507 3445 5564 codd.
3479 5507 3538 5564 οὗ
3558 5514 3638 5571 τό,
3672 5516 3709 5565 li
3740 5514 3867 5568 τοῦ-

2895 5443 3083 5496 -Μοχ
3119 5445 3269 5508 vulgo
3290 5442 3437 5511 ἐχθρ.
3462 5444 3749 5511 ὑποπόδιον
3766 5442 3871 5499 αὖ.

2297 5590 2359 5625 το
2387 5588 2437 5629 et
2459 5576 2790 5648 ὑποταγῆναι
2826 5584 2937 5643 τοῖς
2970 5582 3123 5635 ποσ¹ῑν
3157 5580 3336 5641 αὑτοῦ,
3370 5587 3423 5631 et
3452 5580 3543 5633 ὑπ’
3580 5583 3747 5634 αὑτοῦ
3741 5585 3865 5706 63a-

2301 5644 2476 5706 σιλεύς
2523 5659 2576 5703 et
2626 5650 2840 5706 εἴληφεν
2884 5653 2911 5703 ό
2963 5650 3243 5706 ἅνθρωπος
3292 5649 3484 5706 ἀργήν.
3522 5663 3575 5705 et
3617 5652 3696 5706 τῷ
3789 5654 3863 5706 εἴ)

2301 5644 2476 5709 σιλεύς
2523 5659 2576 5703 et
2626 5644 2840 5717 εἴληφεν
2884 5653 2911 5703 ὁ
2963 5650 3243 5720 ἅνθρωπος
3292 5649 3484 5719 ἀρχὴν,
3522 5663 3575 5705 et
3617 5652 3696 5722 τῷ
3741 5644 3811 5706 Θε
3834 5654 3863 5720 ξ)

2302 5730 2523 5769 καταστ.
