4048 6488
227 476 331 530 817

1335 474 1612 531 CONTRA
1651 472 2073 530 MARCELLUM
2110 472 2238 528 LIB.
2281 473 2346 527 II.

3334 474 3439 529 81⁵8

236 611 254 643 ι
303 609 414 657 σιος
436 593 623 664 ετρηκε
647 594 872 657 Παῦλος,
907 594 1047 648 οὕτω
1071 613 1184 659 πως
1213 596 1397 649 εἰπών·
1433 592 1578 650 Εἶτα
1604 595 1671 648 τὸ
1696 594 1785 648 τέ-

1900 613 1911 645 ι
1965 609 2204 648 carnem.
2237 591 2390 659 Quod
2416 593 2460 648 si
2491 600 2673 647 nostra
2719 598 2925 645 tantum
2955 606 3115 647 causa
3158 589 3448 662 assumpsit

235 702 256 735 ι
299 687 431 750 λος.
462 684 610 738 ὅταν
629 685 928 754 παραδιδῷ
951 685 1064 754 τὴν
1079 687 1404 750 ,βασιλείαν
1431 682 1510 751 τῷ
1544 685 1663 749 Θεῷ
1687 685 1784 738 καί

239 795 255 825 ι
297 776 502 845 Ππρί.
538 796 557 829 ι
586 776 808 839 Τούτοις
839 777 956 846 μεθ’
982 777 1144 849 ἕτερα
1171 777 1424 844 ἐπιλέγει·
1457 794 1476 826 ι
1501 776 1707 829 Οὐκοῦν
1726 776 1784 828 οὐ

239 882 258 914 ι
300 863 368 917 δι’
400 865 607 928 ἑαυτὸν,
647 865 782 918 ἀλλά
810 864 874 916 δι’
909 867 1077 934 ἡμᾶς,
1111 865 1208 935 τὴν
1265 864 1609 936 ἀνθρωπίνην
1647 863 1789 918 ἀνεί-

238 973 257 1006 ι
304 955 440 1025 ληφε
484 955 679 1026 σάρκα.
709 957 771 1009 El
804 957 859 1009 δὲ
898 957 964 1008 δι’
988 957 1132 1027 ἡμᾶς
1166 956 1470 1026 ἀνειληφὼς
1520 955 1785 1024 φαίνεται,

240 1061 259 1096 ι
307 1044 482 1098 πάντα
501 1046 557 1098 δὲ
583 1046 652 1100 τά
673 1047 792 1101 καθ’
820 1049 1066 1118 magri}
1092 1047 1254 1101 αὑτοῦ
1279 1047 1501 1119 προνοίᾳ
1518 1047 1610 1100 καὶ
1640 1047 1790 1116 ἐνερ-

239 1155 261 1189 r
307 1137 450 1208 γείᾳ,
480 1137 538 1192 ὲν
563 1138 640 1209 τῷ
671 1140 848 1211 καιρῷ
891 1139 990 1208 τῆς
1033 1139 1264 1211 κρίσεως
1294 1139 1476 1200 τέλους
1523 1137 1786 1202 τεύξεται,

241 1243 262 1276 ι
307 1225 490 1280 οὐκέτι
531 1227 649 1281 οὐδὲ
687 1228 891 1298 ταύτης
925 1229 1024 1296 τῆς
1051 1229 1110 1281 ὲν
1145 1228 1299 1299 μέρει
1337 1227 1610 1298 βασιλείας
1637 1227 1788 1280 ἐσται

241 1335 260 1367 ι
305 1318 483 1387 χρεία.
521 1338 541 1368 ι
579 1319 758 1372 Ταῦτα
790 1319 1103 1390 Μάρκελλος
1126 1318 1314 1382 εἰπὼν,
1343 1314 1461 1372 εἶτα
1501 1313 1788 1372 ’συναισθό-

239 1424 398 1477 μενος
436 1409 624 1462 ἑαυτοῦ
649 1412 726 1474 είς
759 1409 956 1463 ἄτοπον
978 1411 1428 1474 ’ὲκπεπτωκότος,
1455 1401 1790 1482 ’προστίθησι

234 1499 345 1560 τοῖς
382 1498 689 1568 εἰρημένοις
723 1497 891 1553 ταῦτα
915 1516 929 1530 ·
963 1517 982 1551 ι
1021 1500 1084 1553 Ei
1105 1499 1162 1553 δέ
1188 1517 1270 1562 τις
1304 1499 1473 1567 λέγοι,
1511 1499 1600 1552 διὰ
1619 1497 1792 1552 ταῦτα

238 1604 260 1638 ι
306 1587 404 1657 τὴν
427 1588 769 1661 ἀνθρωπίνην
803 1592 979 1662 σάρκα
1005 1589 1158 1656 ἀξίαν
1196 1586 1334 1643 εῖναι
1354 1590 1448 1643 τοῦ
1482 1591 1676 1658 Λόγου,
1709 1591 1792 1643 ὅτι

240 1694 260 1727 ι
306 1677 395 1730 διὰ
421 1677 520 1748 τῆς
544 1680 890 1744 ἀναστάσεως
918 1680 1178 1736 ἀθάνατον
1196 1681 1365 1752 αὐτὴν
1397 1678 1790 1750 ἀπειργάσατο,

238 1786 258 1818 ι
307 1765 517 1834 γνώτω,
552 1770 635 1821 ὅτι
679 1771 741 1823 οὐ
793 1773 897 1824 πᾶν
947 1772 1085 1842 ὅπερ
1127 1771 1408 1835 ἀθάνατον,
1462 1773 1617 1824 τοῦτο
1647 1769 1794 1836 ἄξιον

1895 703 1914 738 ι
1962 684 2127 746 illam,
2156 695 2307 740 certe
2333 684 2511 738 omnia
2542 699 2662 754 qua:
2693 692 2878 738 nostra
2916 697 3078 738 causa
3116 683 3450 753 providentia

1893 793 1916 827 ι
1961 784 2018 830 et
2051 774 2246 830 ell'ectu
2278 783 2556 844 procurat,
2591 773 2797 843 judicio
2821 781 3228 838 consummato,
3257 788 3450 828 conse-

1896 885 1916 919 ι
1961 878 2198 935 quemur
2238 866 2398 920 linem
2424 884 2438 920 :
2466 875 2524 919 ut
2560 881 2657 921 nec
2682 879 2818 936 opus
2843 865 2916 920 sit
2940 865 3044 919 hoc
3075 878 3241 934 regno
3281 864 3450 931 parti-

1894 976 1914 1010 ι
1961 957 2153 1013 culari.
2193 976 2212 1009 ι
2271 955 2396 1011 Haec
2440 956 2531 1011 ubi
2579 963 2832 1027 posuerat
2878 952 3178 1016 Marcellus,
3227 952 3328 1007 sibi
3355 951 3450 1006 de—

1890 1065 2036 1104 mum
2090 1049 2340 1105 conscius
2385 1062 2522 1118 quas
2577 1048 2630 1102 in
2679 1047 2946 1103 absurdae
2986 1047 3268 1114 opiniones
3311 1042 3448 1097 inci-

1890 1139 2076 1205 disset,
2131 1140 2197 1193 ad
2237 1138 2484 1208 superius
2510 1138 2652 1193 dicta
2685 1138 2925 1194 annectit
2967 1137 3066 1191 ista
3103 1135 3191 1208 [Β.
3233 1131 3392 1204 CVII]
3429 1147 3445 1185 :

1897 1249 1917 1281 ι
1965 1231 2116 1298 Quod
2142 1231 2187 1284 si
2221 1231 2343 1299 quis
2370 1229 2502 1285 velit
2527 1229 2875 1294 pronuntiare
2899 1269 2914 1292 ,
2953 1228 3023 1283 ob
3053 1227 3168 1282 haec
3196 1227 3310 1296 ipsa
3336 1240 3449 1279 me-

1896 1339 1915 1372 ι
1963 1321 2069 1375 reri
2101 1322 2389 1376 humanam
2417 1328 2740 1383 carnem,ut
2767 1320 2943 1374 Verbo
2969 1317 3344 1388 coniungatur,
3381 1316 3451 1369 ob

1897 1429 1916 1462 ι
1972 1412 2144 1480 ipsum
2184 1412 2314 1465 illud
2349 1411 2488 1479 quod
2522 1424 2618 1479 per
2647 1411 3104 1464 resurrectionem
3149 1409 3294 1464 illam
3328 1408 3454 1464 red-

1898 1521 1917 1555 ι
1966 1503 2160 1557 diderit
2189 1502 2589 1566 immortalem,
2635 1511 2931 1571 cognoscat
2970 1501 3016 1555 is
3061 1509 3294 1570 oportet,
3342 1514 3454 1554 non

1899 1609 1917 1640 ι
1965 1591 2008 1645 si
2043 1582 2170 1660 quid
2211 1591 2516 1644 immortale
2556 1592 2821 1654 exsistat,
2858 1590 2988 1644 illud
3018 1591 3200 1645 statim
3233 1591 3452 1659 dignum

1899 1700 1918 1734 ι
1973 1684 2083 1736 Deo
2142 1683 2282 1736 lleri.
2333 1683 2502 1750 Major
2549 1693 2634 1738 est
2683 1685 2825 1739 enim
2881 1683 2997 1754 ipsa
3050 1682 3457 1738 immortalitate

1899 1791 1920 1824 ι
1964 1772 2124 1836 Deus,
2156 1773 2248 1840 qui
2275 1786 2372 1826 sua
2406 1773 2641 1842 simplici
2671 1773 2966 1838 voluntate,
2986 1781 3162 1842 potest
3189 1788 3252 1826 ea
3275 1773 3457 1828 facere

238 1879 257 1909 ι
306 1857 460 1912 Θεοῦ.
501 1859 721 1921 Μείζων.
759 1862 868 1932 γάρ
918 1864 1012 1915 καὶ
1056 1863 1221 1933 αὐτῆς
1267 1866 1366 1934 τῆς
1413 1862 1708 1925 ἀθανασίας
1764 1863 1792 1916 6

1901 1881 1919 1913 ι
1965 1860 2311 1926 immortalia,
2337 1877 2456 1931 quae
2478 1876 2582 1915 non
2613 1871 2737 1916 sunt
2760 1861 2905 1916 talia.
2949 1859 3291 1914 Manifestum
3321 1873 3457 1915 vero

235 1965 257 1999 ι
297 1947 450 2014 Θεὸς,
468 1950 496 2001 ὀ
514 1952 578 2020 τῇ
599 1950 791 2003 ἑαυτοῦ
821 1951 1063 2023 βουλήσει
1084 1951 1176 2006 καὶ
1203 1952 1269 2007 τὰ
1305 1952 1378 2023 μὴ
1412 1953 1535 2005 ὄντα
1551 1952 1793 2007 ἀθάνατα

1900 1971 1917 2003 ι
1960 1964 2065 2015 est,
2093 1967 2198 2006 non
2224 1953 2364 2008 idem
2400 1967 2520 2009 esse
2539 1953 2759 2023 dignum
2790 1952 2902 2008 Deo
2932 1951 3352 2021 copulari,quod
3374 1959 3459 2006 est

236 2057 258 2089 ι
305 2041 480 2091 ποιεῖν
525 2040 837 2110 δυνάμενος.
879 2043 1000 2096 Ὅτι
1040 2042 1098 2096 δὲ
1143 2043 1203 2094 οὐ
1258 2043 1364 2095 πᾶν
1411 2043 1471 2095 τὸ
1527 2043 1791 2096 ἀθάνατον

235 2147 256 2180 ι
303 2128 541 2200 ἡνῶσθαι
555 2129 672 2202 Θεῷ
688 2130 833 2195 ἀξιον
844 2132 1017 2202 δῆλον,
1033 2133 1114 2186 ἂτι
1135 2134 1228 2186 καὶ
1244 2133 1349 2186 ἀπὸ
1364 2133 1476 2199 τοῦ,
1495 2134 1685 2204 ἀρχὰς,
1703 2135 1793 2187 καὶ

238 2237 259 2270 ι
308 2218 575 2288 ἐξουσίας,
611 2223 704 2276 καὶ
759 2209 1041 2291 ἀγγέλους,
1096 2225 1394 2289 ἀθανάτους
1435 2227 1593 2292 ὄντας
1629 2227 1791 2298 μηδὲν

234 2327 258 2364 ι
305 2310 580 2382 διαφορεῖν
608 2315 672 2383 τῇ
706 2314 914 2385 ένότητι
947 2314 1039 2369 τοῦ
1061 2315 1195 2368 Θεοῦ
1230 2317 1363 2388 (88).
1391 2337 1407 2369 ι
1427 2316 1589 2370 Ταῦτ’
1623 2317 1793 2371 εἰπὼν

233 2401 331 2462 καὶ
365 2401 552 2474 ὥσπερ
583 2406 664 2467 είς
708 2404 868 2474 βυθὸν
905 2407 1134 2470 ἀτοπίας
1172 2408 1360 2460 ἑαυτὸν
1401 2409 1793 2462 ἐκπεπτωκότα

233 2491 669 2563 συναισθόμενος,
700 2494 1080 2552 ἀνακαλεῖσθαι
1126 2499 1378 2568 πειρᾶται
1415 2499 1614 2569 τρόπον
1650 2499 1789 2563 τινὰ,

231 2581 739 2651 ἰξομολογούμενος,
770 2586 851 2638 ὅτι
885 2586 1048 2656 μηδὲν
1082 2588 1347 2656 ⁴ἠπίστατο
1387 2582 1461 2642 ὧν
1501 2589 1674 2658 ἔλεγε.
1703 2591 1794 2644 Διὸ

231 2673 498 2742 ἰπανάγει
519 2674 648 2745 (89)°
672 2695 690 2726 ι
710 2676 773 2734 Ei
791 2677 846 2729 δέ
872 2695 952 2741 τις
977 2679 1106 2752 περὶ
1129 2679 1226 2750 τῆς
1248 2680 1444 2751 σαρκὸς
1472 2680 1672 2751 ταύτης
1697 2683 1794 2752 τῆς

239 2781 260 2814 ι
314 2763 373 2816 έν
405 2763 483 2835 τῷ
514 2765 689 2836 Λόγῳ,
723 2765 989 2821 ἀθανάτου
1018 2769 1321 2837 γεγονυίας,
1356 2769 1669 2824 πυνθάνοιτό
1715 2787 1789 2835 τι,

238 2867 262 2901 ι
311 2851 488 2921 φαμὲν
518 2851 653 2924 πρὸς
683 2853 844 2907 αὐτόν
867 2873 881 2895 ι
918 2856 1040 2910 Ὅτι
1084 2856 1428 2928 δογματίζειν
1479 2860 1576 2929 μὲν
1634 2861 1794 2930 ἡμεῖς

240 2958 264 2993 ι
313 2941 438 3013 περὶ
461 2936 536 2996 ὧν
565 2943 649 3015 μὴ.
671 2945 914 3016 ἀκριϐῶς
954 2947 1103 3018 παρά
1135 2947 1243 3000 τῶν
1286 2949 1445 3002 θείων
1478 2951 1796 3021 μεμαθήκα-

241 3050 262 3084 ι
311 3049 412 3103 μεν
460 3034 689 3106 Γραφῶν
721 3036 820 3090 οὐκ
857 3038 1095 3106 ἀσφαλὲς
1141 3034 1278 3093 εἶναι
1330 3040 1633 3111 νομίζομεν.
1671 3041 1795 3105 Πῶς

241 3141 262 3172 ι
309 3123 420 3194 γὰρ
466 3123 624 3178 τοῦτο
672 3127 930 3197 πράττειν
958 3127 1178 3182 δυνατὸν
1206 3131 1318 3192 τοῖς
1351 3131 1444 3183 καὶ
1487 3130 1554 3183 τά
1595 3132 1795 3203 ἐτέρων

1898 2061 1918 2095 ι
1965 2042 2283 2107 immortale,
2303 2053 2583 2112 propterea
2604 2043 2744 2111 quod
2765 2042 3118 2112 principatus,
3139 2050 3456 2110 potestates,

1899 2152 1918 2184 ι
1955 2134 2124 2203 angeli
2160 2139 2218 2196 ἥς
2246 2149 2364 2187 cum
2396 2134 2503 2187 sint
2533 2143 2581 2187 et
2613 2133 2714 2202 ipsi
2736 2133 3087 2196 immortales,
3113 2130 3244 2186 nihil
3273 2139 3455 2186 tamen

1899 2242 1918 2274 ι
1957 2223 2150 2277 habent
2175 2238 2294 2277 cum
2331 2223 2422 2277 Dei
2456 2225 2660 2278 unitate
2683 2238 3017 2278 commune.)
3047 2221 3174 2279 Haec
3191 2221 3279 2276 ubi
3307 2221 3460 2276 dixe-

1896 2326 2017 2376 rat,
2063 2315 2330 2370 intellecto
2399 2316 2452 2370 in
2498 2331 2659 2386 quam
2707 2315 3028 2384 profundam
3099 2313 3454 2370 absurditatis

1894 2406 2144 2476 abyssum
2197 2407 2503 2472 inciderat,
2542 2422 2797 2462 revocare
2834 2416 3062 2461 conatur
3114 2405 3272 2460 modo
3320 2421 3456 2474 quo-

1894 2495 2050 2557 dam,
2083 2496 2417 2550 confessione
2453 2496 2590 2550 facta
2613 2534 2630 2561 ,
2667 2512 2726 2551 se
2752 2495 2884 2551 nihil
2913 2511 3099 2552 eorum
3144 2510 3264 2565 quae
3297 2495 3455 2561 dixit,

1895 2583 2223 2637 intellexisse
2257 2581 2348 2655 [Β.
2384 2583 2538 2638 CVIII
2566 2585 2690 2640 coll.
2715 2599 2768 2654 p.
2807 2585 2906 2637 I77
2948 2582 3038 2657 A].
3090 2603 3110 2636 ι
3153 2584 3416 2651 Quocirca
3439 2624 3456 2648 ,

1899 2692 1918 2724 ι
1957 2673 2052 2736 ait,
2091 2674 2134 2726 si
2169 2675 2292 2742 quis
2328 2690 2425 2730 nos
2453 2675 2752 2743 interroget
2784 2677 2850 2728 de
2881 2689 3042 2729 carne
3070 2675 3169 2728 ista
3198 2714 3214 2738 ,
3244 2689 3364 2743 quae
3394 2673 3450 2728 in

1900 2780 1920 2814 ι
1961 2762 2136 2819 Verbo
2182 2775 2280 2827 est,
2322 2779 2389 2818 an
2419 2765 2492 2820 sit
2521 2765 2860 2830 immortalis,
2890 2765 3300 2835 respondemus,
3353 2779 3457 2819 nos

1899 2873 1919 2906 ι
1962 2870 2064 2908 non
2112 2871 2270 2925 posse
2321 2857 2622 2926 dogmatice
2655 2851 3018 2912 determinare
3053 2857 3143 2910 illa
3182 2872 3300 2927 quae
3348 2870 3460 2912 non

1901 2963 1920 2996 ι
1957 2957 2147 2999 exacte
2172 2947 2521 3002 didicerimus
2545 2961 2577 3002 e
2611 2946 2905 3015 Scriptm-is
2937 2948 3108 3001 sacris
3129 2989 3144 3010 ,
3169 2947 3309 3018 quod
3340 2962 3461 3002 om-

1901 3056 1919 3087 ι
1961 3037 2087 3089 ιιίιιο
2134 3037 2364 3090 intutum
2392 3037 2718 3104 iudicamus.
2766 3036 2899 3090 Nam
2949 3052 3054 3106 quo
3089 3048 3244 3107 pacto
3295 3037 3346 3091 id
3383 3036 3460 3092 iIlt

1904 3146 1922 3180 ι
1959 3138 2220 3197 praestare
2248 3138 2522 3198 poterunt,
2556 3128 2648 3196 qni
2673 3128 2805 3182 scita
2838 3129 3158 3183 subvertunt
3187 3127 3414 3184 aliorum
3436 3127 3466 3185 ἓ

240 3235 263 3271 ι
302 3216 662 3289 ἀνατρέπουσι
682 3218 954 3288 δόγματας
985 3221 1121 3273 Ἀλλ’
1145 3221 1374 3293 ἐροῦμεν
1394 3223 1526 3294 πρὸς
1543 3223 1793 3296 τοὺςΚθθ)

1905 3239 1922 3272 ι
1963 3220 2206 3275 Dicemus
2256 3220 2418 3290 igitur
2471 3219 2536 3272 ad
2576 3219 2732 3282 illos,
2781 3219 2872 3289 qui
2922 3219 3203 3273 scientiam
3264 3220 3462 3274 harum

241 3326 263 3358 ι
310 3307 403 3361 τὸν
433 3309 634 3381 ἀκρισῆ
671 3311 797 3380 περὶ
838 3310 1025 3363 τούτου
1052 3311 1238 3381 μαθεῖν
1263 3314 1391 3385 παρ’
1417 3314 1575 3384 ἡμῶν
1607 3315 1792 3384 βουλο-

240 3413 264 3447 ι
313 3397 506 3466 μένους
534 3397 688 3465 λόγον
719 3399 851 3467 (9i),
879 3400 960 3452 ὅτι
989 3399 1328 3470 πεισθόμενοι
1349 3401 1424 3472 τῷ
1462 3403 1594 3472 ἱερῷ
1637 3405 1796 3456 Ἀποο

242 3506 264 3540 ι
311 3487 482 3556 στόλῳ
515 3489 689 3559 ῐσμεν,
721 3491 801 3544 ὅτι
833 3491 1003 3554 οὕτως
1033 3493 1177 3562 ἡμᾶς
1200 3494 1329 3563 ὁρᾷν
1352 3493 1419 3546 τὰ
1447 3494 1796 3565 ἀποκεκρυμ-

240 3596 262 3630 ι
312 3577 449 3648 μένα
495 3581 764 3651 μυστήρια
802 3581 1088 3651 προσήκει,
1121 3581 1196 3644 ὡς
1224 3581 1386 3643 αὐτὸς
1419 3581 1543 3650 ἔφη,
1570 3581 1797 3635 Βλέπο-

238 3689 264 3726 ‹
301 3687 420 3740 μεν
444 3669 554 3741 γὰρ
584 3670 730 3740 ἄρτι,
765 3673 915 3741 φησὶ,
951 3671 1022 3724 δι’
1045 3673 1342 3740 ἐσόπτρου
1368 3672 1438 3724 ἐν
1465 3673 1759 3742 αἰνίγματι
1780 3688 1792 3702 ·

237 3777 263 3814 ι
307 3762 442 3815 τότε
473 3759 542 3814 δὲ
576 3761 897 3828 πρόσωπον
933 3761 1084 3827 πρὸς
1129 3762 1471 3829 πρόσωπον.
1514 3763 1668 3828 Ἄρτι
1709 3779 1797 3829 γι-

240 3869 264 3904 ι
307 3849 620 3920 νώσκομεν
658 3850 727 3904 ἐκ
762 3851 982 3920 μέρους
1003 3893 1017 3916 ,
1062 3852 1194 3906 τότε
1235 3851 1304 3904 δὲ
1354 3852 1800 3922 ἐπιγνωσόμεθα

240 3961 264 4000 t
307 3941 501 4008 καθὼς
531 3944 628 3997 καί
663 3943 1136 4012 ἐπεγνώσθημεν.
1166 3943 1326 3994 Ὥστε
1361 3949 1432 4012 μή
1468 3959 1567 4011 μου
1597 3941 1799 3995 πυνθά-

242 4053 264 4087 ι
312 4050 403 4087 νου
438 4037 566 4105 περὶ
613 4026 686 4087 ὧν
718 4033 898 4102 σαφῶς
932 4034 1081 4104 παρὰ
1127 4033 1225 4103 τῆς
1270 4032 1418 4096 θείας
1459 4033 1679 4103 Γραφῆς
1724 4031 1798 4102 μὴ

243 4144 264 4178 ι
315 4123 628 4196 μεμάθηκα.
674 4125 773 4177 Διά
801 4124 959 4176 τοῦτο
982 4124 1161 4176 τοίνυν
1207 4121 1326 4175 οὐδὲ
1359 4123 1486 4194 περὶ
1524 4123 1622 4194 τῆς
1650 4122 1801 4198 θείας

243 4235 266 4271 ι
312 4217 548 4286 ὲκείνης,
576 4217 674 4287 τῆς
697 4216 776 4286 τῷ
795 4213 923 4285 θείῳ
954 4215 1108 4284 Λόγῳ
1142 4213 1546 4284 κοινωνησὰσης
1579 4213 1796 4284 σαρκὸς,

241 4327 265 4362 ι
313 4305 498 4376 σαφῶς
527 4307 696 4360 εἰπεῖν
749 4306 1064 4377 δυνήσομαι.
1111 4305 1224 4358 Νῦν
1275 4303 1333 4357 δὲ
1387 4303 1624 4356 πιστεύω
1681 4307 1801 4367 ταῖς

245 4419 267 4453 ι
309 4400 479 4464 θείαις
505 4399 765 4471 Γραφαῖς,
794 4400 875 4452 ὅτι
912 4393 991 4461 εἷς
1020 4397 1172 4461 Θεὸς,
1203 4399 1298 4450 καὶ
1330 4397 1358 4449 ὁ
1388 4396 1577 4449 τούτου
1607 4396 1798 4463 Λόγος,

1903 3331 1921 3364 ι
1955 3328 2134 3367 rerum
2159 3322 2403 3366 exactam
2431 3327 2460 3364 a
2489 3311 2643 3366 nobis
2672 3315 2952 3380 requirunt
2974 3352 2988 3374 ,
3014 3327 3112 3366 nos
3156 3312 3231 3366 ita
3265 3310 3463 3366 intelli-

1901 3424 1920 3454 ι
1957 3419 2080 3472 gere
2106 3444 2120 3466 ,
2158 3404 2234 3457 uti
2283 3418 2379 3471 par
2429 3412 2512 3456 est
2557 3401 2676 3456 illos
2708 3403 2798 3470 qui
2835 3403 3151 3456 abscondita
3201 3401 3461 3472 mysteria

1903 3508 1922 3541 ι
1962 3500 2386 3556 perscrutantnr.
2429 3487 2671 3543 Videmus
2693 3489 2850 3550 enim,
2884 3491 2961 3543 ait
2985 3501 3208 3544 sanctus
3232 3490 3464 3560 Aposto-

1905 3597 1922 3629 ι
1961 3580 2062 3641 lus,
2094 3580 2247 3647 quasi
2280 3596 2370 3645 per
2396 3580 2660 3648 speculum
2699 3583 2754 3635 in
2785 3582 3059 3651 aznigmate
3080 3594 3100 3633 :
3131 3591 3253 3635 tunc
3285 3589 3465 3636 autem

1905 3688 1923 3719 ι
1964 3671 2095 3738 [acie
2117 3674 2183 3724 ad
2207 3671 2419 3741 facient.
2449 3670 2515 3725 In
2544 3675 2784 3740 presenti
2818 3691 2881 3727 ex
2905 3685 3052 3743 parte
3081 3672 3462 3743 cognoscimus,

1906 3781 1924 3813 ι
1965 3773 2086 3816 tunc
2113 3773 2286 3818 autem
2316 3780 2679 3833 cognoscemus
2715 3765 2972 3832 quomodo
3009 3741 3366 3835 cognoscimur
3394 3764 3460 3818 ³⁸.

1907 3871 1924 3904 ι
1961 3851 2077 3907 Noli
2124 3853 2290 3922 igitur
2337 3868 2421 3907 me
2459 3854 2827 3923 interrogare,
2863 3855 2928 3907 de
2957 3855 3119 3908 rebus
3147 3870 3265 3923 quae
3316 3865 3466 3911 certo

1907 3964 1924 3995 ι
1963 3959 2289 4013 cognoscere
2339 3961 2444 3999 non
2496 3961 2712 4015 possum
2749 3961 2781 4001 e
2827 3946 3106 4014 Scriptura
3157 3961 3331 4000 sacra.
3382 3945 3466 4002 Ob

1909 4053 1927 4086 ι
1966 4037 2105 4089 hanc
2137 4052 2356 4090 causam
2385 4039 2727 4091 exactissime
2757 4041 3079 4105 respondere
3111 4053 3215 4092 non
3247 4053 3465 4107 possunt

1907 4145 1926 4179 ι
1965 4127 2030 4180 de
2073 4143 2238 4181 carne
2274 4129 2360 4181 illa
2408 4129 2583 4190 divina
2610 4168 2627 4194 ,
2672 4145 2790 4198 quae
2819 4131 3247 4183 communionem
3283 4128 3469 4183 habuit

1907 4238 1925 4271 ι
1965 4234 2087 4273 cum
2119 4220 2298 4274 divino
2320 4219 2511 4276 Verbo.
2538 4220 2724 4274 Fidem
2753 4218 2890 4275 ‘vero
2923 4224 3095 4275 sacris
3130 4221 3327 4276 litteris
3372 4224 3469 4276 ad-

1909 4327 1928 4361 ι
1969 4309 2126 4363 hibeo
2155 4326 2273 4378 quae
2300 4310 2582 4375 aﬂirmant,
2618 4330 2781 4366 unum
2810 4328 2930 4368 esse
2960 4314 3150 4374 Deum,
3195 4324 3250 4366 et
3300 4313 3469 4382 ipsius

1909 4416 1928 4449 ι
1963 4396 2199 4474 Verbum
2240 4415 2380 4467 esse,
2411 4402 2553 4469 quod
2589 4403 2654 4456 de
2688 4403 2848 4458 Patre
2882 4405 3165 4471 processit,
3203 4411 3261 4455 ut
3286 4410 3468 4456 omnia

243 4513 266 4545 ε
316 4491 553 4563 προῆλθε
589 4491 685 4560 μὲν
711 4488 804 4543 τοῦ
833 4489 1062 4560 Πατρὺς,
1091 4489 1177 4542 ἵνα
1209 4488 1388 4542 πάντα
1424 4487 1490 4540 δι’
1523 4484 1686 4539 αὐτοῦ
1712 4485 1793 4553 γέ-

1910 4507 1930 4542 ι
1967 4505 2064 4560 per
2090 4491 2217 4545 illud
2249 4493 2609 4547 conderentur
2643 4512 2657 4550 :
2693 4507 2809 4562 post
2852 4494 3045 4561 judicii
3078 4508 3205 4548 vero
3257 4504 3471 4561 tempus

243 4604 266 4638 ι
308 4600 488 4654 νηται,
525 4581 661 4654 μετά
706 4581 762 4634 δὲ
809 4580 898 4633 τὸν
941 4578 1128 4650 καιρὸν
1164 4579 1261 4650 τῆς
1293 4580 1544 4650 κρίσεως,
1578 4577 1672 4632 καὶ
1698 4577 1793 4649 τὴν

1909 4597 1930 4632 ι
1963 4590 2017 4636 et
2043 4596 2222 4636 rerum
2249 4585 2488 4637 omnium
2518 4588 2991 4652 restaurationem,
3021 4596 3076 4640 et
3100 4585 3469 4639 amolitionem

247 4698 267 4731 ι
311 4675 420 4732 τῶν
453 4676 702 4730 ἁπάντων
737 4671 1036 4743 διόρθωσιν,
1080 4669 1171 4722 καὶ
1221 4669 1310 4723 τὸν
1357 4669 1660 4738 ἀφανισμὸν
1702 4667 1793 4740 τῆς

1913 4689 1933 4725 ι
1973 4672 2209 4728 adversa:
2255 4674 2620 4744 cujuscunque
2666 4677 2995 4746 operationis
3080 4686 3208 4730 tunc
3254 4687 3308 4730 et
3359 4677 3474 4741 ipse

244 4791 266 4824 ι
314 4767 694 4837 ἀντικειμένης
746 4766 961 4834 ἀπάσης
1009 4762 1282 4832 ἐνεργείας
1315 4760 1448 4831 (92),
1489 4760 1609 4812 τότε
1641 4760 1793 4824 αὐτὸς

1913 4780 1934 4815 ι
1969 4764 2293 4830 subjicietur
2337 4767 2386 4821 ei
2436 4767 2525 4836 qui
2555 4769 2734 4822 omnia
2765 4770 3004 4837 subjecta
3051 4768 3126 4822 illi
3162 4767 3310 4828 fecit,
3364 4767 3478 4821 Deo

247 4880 269 4920 ς
316 4861 713 4929 ὑποταγήσεται
735 4856 814 4921 τῷ
843 4854 1166 4918 ὑποτάξαντι
1211 4851 1359 4923 αὑτῷ
1389 4852 1458 4904 τὰ
1481 4852 1658 4906 πάντα
1684 4851 1793 4923 Θεῷ

1915 4874 1934 4905 ι
1975 4855 2180 4909 scilicet
2208 4867 2371 4926 atque
2399 4855 2568 4921 Patri,
2588 4869 2644 4912 ut
2663 4857 2729 4912 ad
2750 4859 2997 4913 eumdem
3029 4858 3242 4910 modum
3277 4857 3342 4909 sit
3370 4856 3472 4908 ite-

248 4975 270 5010 (
315 4953 408 5007 καὶ
427 4951 622 5022 Πατρὶ,
654 4949 741 5006 ἵνα
765 4948 933 5010 οὕτως
1018 4948 1074 4998 ὲν
1101 4944 1218 5015 Θεῷ
1243 4945 1271 4996 ὁ
1292 4943 1483 5012 Λόγος,
1506 4942 1693 5013 ὥσπερ
1710 4945 1793 4998 καῖ

1916 4964 1935 4998 ι
1973 4962 2092 5001 rum
2123 4948 2174 5002 in
2203 4946 2316 5005 Deo
2340 4946 2602 5009 Verbum.
2632 4949 2700 5004 ad
2741 4964 2899 5018 quem
2931 4957 3049 5003 erat
3071 4946 3220 5001 olim.
3261 4965 3280 4997 ι
3321 4944 3478 5000 Hunc

251 5067 272 5099 ι
317 5045 579 5120 πρότερον
629 5037 718 5112 ἧν,
747 5059 767 5091 ι
795 5038 1015 5092 Τοιοῦτο
1044 5037 1196 5100 τέλος
1245 5037 1490 5106 ἐπήγαγε
1521 5038 1586 5106 τῇ
1639 5037 1793 5107 σαρκῖ

1908 5037 2124 5107 quidem
2174 5038 2335 5095 ﬁnem
2369 5041 2464 5112 ιτίι·
2511 5042 2602 5096 hic
2643 5039 2980 5095 admirabilis
3014 5037 3248 5109 scriptor
3274 5034 3478 5091 Christi

245 5135 340 5191 τοῦ
379 5132 629 5205 Σωτῆρος
652 5129 811 5203 ἡμῶν
839 5132 868 5185 ὁ
900 5129 1206 5204 θαυμαστὸς
1233 5120 1385 5189 οὗτος
1435 5128 1793 5197 συγγραφεὺς¹

1906 5131 2057 5186 carni
2081 5133 2384 5200 constituit,
2416 5132 2616 5188 oblitus
2649 5149 2838 5188 eorum
2864 5147 2986 5202 quae
3018 5132 3072 5185 in
3125 5129 3478 5199 praecedenti-

322 5300 382 5357 >I4
407 5292 506 5348 Ed.
531 5291 704 5346 Paris.
733 5305 854 5361 pag.
883 5290 970 5344 55.
1046 5289 1091 5321 δ’
1120 5289 1138 5343 ι
1167 5289 1290 5351 Cor.
1322 5303 1440 5354 χιιι,
1474 5287 1559 5374 12.

320 5451 433 5530 (8__8)
479 5451 556 5530 Τῇ
573 5453 816 5530 tia-denu
846 5451 951 5530 τοῦ
986 5448 1350 5530 Θερὶξηῦεςει
1379 5466 1392 5501 :
1423 5447 1662 5530 οξδαμεν,
1720 5460 1813 5504 aut

245 5517 428 5591 simile
459 5517 587 5591 quid
610 5522 677 5575 ad
708 5517 1032 5591 sententiam
1060 5518 1401 5591 fulciendam.
1437 5517 1507 5571 M.

322 5587 583 5663 (89)}«3
633 5591 957 5663 éﬂatfd'rﬂ;
989 5590 1198 5663 Iliatus_
1233 5598 1353 5641 erat
1389 5589 1441 5642 in
1474 5587 1765 5663 exemplari
1793 5604 1809 5641 :

249 5657 393 5718 forte
419 5657 498 5716 sic
520 5657 846 5730 supplendus
866 5679 879 5712 :
903 5660 964 5712 Ei
985 5659 1038 5712 δέ
1061 5676 1113 5711 τι
1130 5657 1366 5730 γένοιτο,
1401 5675 1464 5717 πε
1478 5658 1528 5716 οὶ
1554 5657 1677 5720 τῆς,
1698 5668 1801 5712 clc.

253 5732 327 5787 Μ.
353 5760 425 5800 --_
439 5730 564 5800 Iliox
589 5727 751 5800 vulgo,
778 5731 903 5800 ἀκρ.
931 5729 1193 5800 περὶτῶν
1213 5727 1371 5800 θείων

326 5798 439 5869 (90)
469 5799 637 5868 Vulgo
665 5795 801 5869 πρὸς
828 5795 1017 5852 αὐτόνξ
1044 5802 1110 5852 At
1134 5797 1212 5869 cf.
1237 5813 1290 5865 ι).
1324 5795 1422 5850 177

328 5866 440 5943 (ει)
499 5866 639 5939 Πύρ*
668 5866 898 5940 ἡμῶν...
939 5871 1138 5939 λόγον.
1189 5866 1348 5920 Deest
1384 5867 1623 5938 quidam,
1668 5875 1817 5935 puto,

1906 5449 2190 5525 ζητοῦντα,
2217 5451 2554 5525 βουλόμενον,
2581 5452 2902 5525 aut_aliqui_«_l
2919 5447 3202 5525 ejusmodi,
3221 5453 3272 5525 et
3299 5443 3479 5525 statim

1910 5513 2040 5592 ἱερῷ
2073 5513 2480 5590 ἀποσέόλῳξεει
2506 5513 2648 5571 enim
2682 5513 2835 5574 luetis
2861 5513 3009 5573 Pauli
3037 5532 3194 5584 quem
3227 5513 3483 5597 intendit,

1910 5591 1926 5638 Ι
1977 5598 2100 5638 (ζειν.
2159 5607 2278 5638 xm-
2356 5591 2441 5638 12.
2515 5590 2827 5638 Βλέπομεν
2876 5590 2985 5638 w‘m
3036 5587 3166 5638 ἆοτι
3224 5585 3283 5636 δι
3355 5585 3484 5638 εισ-

1909 5587 2100 5646 Ιῖῖυι.
2159 5607 2279 5655 χιιι,
2326 5587 2441 5643 ῚΞ.
2514 5590 2827 5658 Βλέπομεν
2876 5590 2985 5659 τὰρ
3036 5587 3166 5656 ἄρτι
3224 5587 3283 5636 δι

1911 5664 2152 5728 όπτρου.
2178 5660 2346 5716 Μ.--
2373 5658 2624 5726 Sttpplevi
2649 5661 2891 5715 defectus
2913 5674 2976 5710 ex
3006 5674 3057 5725 p.
3094 5654 3188 5728 ΓΠ
3225 5653 3281 5705 D.

1990 5725 2100 5799 192)
2160 5730 2264 5797 Mp.
2317 5730 2388 5782 ῐσ.
2440 5725 2757 5799 δυναστείας
2802 5731 2921 5791 loco
2974 5725 3283 5796 ὲνεργείας;
3327 5734 3494 5792 porto

1913 5796 2125 5868 \‘ttlgo'b
2154 5800 2449 5869 θαυμάσιος
2474 5796 2641 5862 οὗτος.
