4048 6424
669 421 771 479 M9

1289 425 1555 481 EUSEBII
1593 426 2062 485 CESARIENSIS
2097 428 2243 485 OPP.
2283 429 2460 485 PARS
2496 430 2585 485 IV.
2622 459 2685 473 -—
2730 427 3143 485 DOGMATICA.

3740 429 3835 483 820

668 533 771 591 bus
801 534 863 589 de
898 534 1081 589 eadem
1117 535 1203 589 illa
1231 552 1394 592 carne
1422 540 1533 607 ipse
1560 541 1866 611 scripserat.
1898 541 1953 595 In
1985 558 2195 611 sequen-

2309 545 2698 613 ἀμνημονήσας
2742 539 2816 600 ὧν
2867 547 2993 613 περὶ
3043 543 3210 612 αὐτῆς
3259 542 3347 595 διὰ
3394 544 3500 595 τῶν
3551 542 3837 612 ἔμπροσθεν

669 626 813 682 tibus
841 628 997 680 etiam
1035 629 1125 709 ille
1158 630 1267 699 ipse
1294 633 1382 699 qui
1406 624 1873 697 determinaverat,
1908 635 2023 688 sine
2052 651 2202 689 scru-

668 716 793 787 pulo
821 755 836 779 ,
877 732 1071 787 corpus
1100 719 1405 776 Servatoris
1436 724 1672 777 futurum
1703 733 1821 792 post
1864 723 2046 790 judicii
2081 734 2207 777 teni.

2305 633 2540 703 εἴρηκεν.
2589 629 2723 693 Εἴθ’,
2770 637 2798 686 ὁ
2830 633 3031 701 σαφῶς
3063 632 3202 685 οὕτω
3227 632 3286 683 τὸ
3316 631 3472 701 σῶμα
3498 633 3559 683 τὸ
3593 634 3836 701 σωτήριον

2303 724 2503 795 ἔρημον
2545 724 2639 776 τοῦ
2668 726 2837 791 Λόγου
2868 723 3209 794 γενήσεσθαι,
3234 722 3370 791 μετά
3383 722 3471 774 τὸν
3498 723 3597 791 τῆς
3623 722 3839 792 κρίσεως

666 819 766 876 pus
796 804 971 862 Verbo
1018 825 1114 864 suo
1160 812 1569 878 destituendum,
1609 823 1801 868 metunt
1833 816 2112 882 quemdam
2152 826 2195 869 et

2300 816 2488 884 καιρὸν
2522 816 2936 885 ἀποφηνάμενος
2987 814 3265 867 εὐλάϐειαν
3313 816 3713 881 προσποιεῖται,
3753 812 3840 863 καὶ

670 900 1023 953 reverentiam
1063 916 1170 969 prae
1198 917 1255 955 se
1286 902 1428 967 fert,
1459 913 1513 958 et
1542 920 1647 958 non
1677 918 1831 971 posse
1880 906 1954 959 ait
1988 921 2205 972 respon-

668 987 818 1053 dere,
849 992 893 1044 si
922 991 1038 1058 quis
1064 991 1206 1044 illum
1240 993 1304 1047 de
1348 992 1438 1046 illa
1468 1009 1631 1050 carne
1666 996 2092 1064 interrogaverit,
2120 997 2202 1049 di-

666 1086 876 1137 cturum
909 1094 1032 1133 vero
1070 1095 1129 1135 se
1153 1080 1221 1136 ad
1246 1082 1656 1152 interrogantem
1680 1085 1985 1152 quemlibet,
2027 1103 2046 1137 ι
2084 1084 2203 1141 Noli

672 1184 693 1218 ι
730 1169 991 1223 sciscitari
1029 1171 1093 1226 de
1122 1174 1279 1227 rebus
1308 1189 1423 1241 qum
1449 1190 1553 1228 non
1581 1175 1881 1229 didicimus.
1909 1195 1926 1226 ι
1961 1174 2057 1231 Hic
2092 1178 2202 1244 jam

664 1258 837 1326 quivis
860 1262 905 1314 ei
930 1275 1150 1331 oggerat
1182 1284 1196 1318 :
1227 1266 1361 1332 Quid
1396 1268 1732 1335 temetipsum
1781 1269 2072 1326 deridiculo
2104 1272 2202 1325 lia-

662 1347 775 1413 bes,
808 1350 1004 1405 liomu?
1033 1352 1292 1420 Quorsum
1326 1357 1377 1408 in
1412 1357 1569 1411 rebus
1598 1372 1716 1425 qua:
1742 1374 1844 1412 non
1879 1359 2129 1424 didicisti,
2154 1370 2205 1417 te

663 1452 759 1505 per
793 1443 1079 1512 praecipitia
1130 1450 1262 1514 agis,
1294 1446 1418 1500 dum
1464 1450 1514 1501 in
1544 1451 1760 1518 scriptis
1794 1450 1915 1505 illas
1941 1452 2147 1507 decidis
2180 1452 2204 1505 ?

660 1528 923 1593 Quorsum
958 1549 1060 1587 non
1088 1536 1327 1590 custodis
1370 1552 1432 1591 ea
1464 1552 1582 1605 qua:
1612 1540 1893 1609 suscepisti
1936 1541 2003 1595 ab
2039 1545 2205 1597 eccle—

659 1620 890 1675 siasticis
919 1621 1184 1691 Patribus,
1222 1636 1277 1680 et
1304 1628 1613 1684 doctoribus
1637 1668 1654 1694 ,
1708 1636 1766 1692 >14
1816 1632 2083 1687 novitates
2118 1647 2203 1687 se-

658 1712 861 1779 queris,
897 1714 986 1789 qui
1026 1730 1195 1784 nuper
1220 1727 1398 1771 natam
1436 1728 1490 1773 et
1535 1735 1564 1773 a
1598 1719 1702 1775 (ide
1740 1721 1967 1775 alienam
2014 1723 2203 1777 distor-

660 1800 858 1855 tionem
888 1802 939 1856 in
971 1805 1133 1858 vitam
1167 1807 1567 1864 subintrodueis
1592 1849 1607 1872 ,
1638 1812 1761 1864 dum
1796 1826 2014 1881 regnum
2041 1813 2202 1867 Chri—

2303 906 2376 976 μὴ
2406 906 2599 958 εἰδέναι
2632 909 2792 974 φησὶν
2838 905 3258 975 ἀποκρίνεσθαι,
3293 903 3345 954 εἴ
3375 920 3457 966 τις
3489 903 3648 955 αὑτὸν
3680 903 3840 971 ἔροιτο

2302 997 2542 1067 περὶτῆς
2562 999 2781 1067 σαρκὸς,
2801 1000 2968 1068 φῆσαι
2994 997 3037 1048 δ’
3050 996 3115 1048 ἂν
3138 995 3271 1066 πρὸς
3304 993 3393 1045 τὸν
3419 994 3725 1064 ἐρωτῶντα,
3752 989 3840 1056 Μή

2302 1105 2419 1141 που
2456 1088 2763 1141 πυνθάνου
2791 1090 2899 1157 (95)
2940 1086 3073 1154 περὶ
3101 1081 3187 1139 ὧν
3207 1085 3292 1154 μὴ
3327 1084 3654 1153 μεμάθηκα.
3699 1079 3843 1134 ’Λλλά

2301 1178 2395 1230 καὶ
2425 1179 2453 1230 ὁ
2481 1176 2655 1247 τυχὼν
2685 1173 2834 1230 εἶπεν
2868 1177 2934 1229 ἂν
2967 1177 3101 1246 πρὸς
3127 1175 3285 1227 αὐτόν
3304 1190 3317 1203 ·
3353 1173 3404 1226 τί
3445 1171 3508 1242 δὴ
3537 1168 3628 1224 οὖν
3660 1183 3845 1222 σαυτον

2303 1268 2585 1331 σκώπτεις,
2607 1267 2854 1337 ἄνθρωπε
2876 1285 2889 1331 ;
2915 1268 2977 1320 Τί
3004 1265 3215 1323 δὲκατά
3241 1263 3497 1334 κρημνῶν
3523 1262 3702 1323 ὠθεῖς,
3730 1259 3846 1330 περὶ

2299 1353 2373 1411 ὦν
2408 1360 2479 1430 μὴ
2513 1359 2833 1430 μεμάθηκας
2877 1359 3187 1428 ὁριζόμενος
3220 1356 3549 1426 ἐγγράφως;
3596 1354 3663 1405 Τί
3691 1352 3744 1403 δὲ
3780 1349 3848 1420 μὴ

2300 1450 2583 1517 φυλάττεις
2634 1450 2669 1504 δι
2718 1450 2870 1520 παρά
2896 1450 3003 1501 τῶν
3029 1445 3489 1517 ἑκκλησιαστικῶν
3516 1443 3767 1513 πατέρων
3793 1455 3847 1490 τε

2299 1542 2392 1593 καὶ
2419 1541 2748 1594 διδασκάλων
2773 1539 3131 1610 παρείληφας,
3164 1536 3501 1606 νεωτερίζεις
3538 1534 3581 1585 δ’
3603 1534 3849 1601 ἄντικρυς

2298 1634 2424 1685 νέαν
2459 1634 2552 1685 καὶ
2606 1633 2914 1698 ξενίζουσαν
2966 1632 3199 1698 εἰσάγων
3230 1628 3309 1698 τῷ
3344 1626 3441 1696 βίῳ
3492 1622 3848 1692 διαστροφὴν,

2298 1727 2470 1797 ἀρχήν
2500 1743 2556 1778 τε
2589 1725 2921 1795 πρόσκαιρον
2965 1723 3057 1774 καὶ
3084 1720 3353 1789 νεωτέραν
3381 1721 3447 1788 τῇ
3483 1716 3726 1786 βασιλεία
3763 1712 3851 1766 τοῦ

2299 1815 2529 1885 Χριστοῦ
2557 1814 2747 1877 διδοὺς,
2778 1814 2870 1866 καὶ
2904 1812 3105 1882 ταύτης
3129 1810 3281 1872 τέλος
3326 1808 3691 1877 ὑφιστάμενος
3711 1845 3725 1867 ,
3766 1804 3855 1856 καὶ

657 1890 725 1942 sti
756 1892 1148 1951 circumscribis
1182 1898 1383 1953 novitio
1421 1900 1652 1968 quodam
1688 1901 1952 1969 principio
1981 1912 2036 1957 et
2066 1912 2195 1957 tem-

2299 1905 2387 1957 τὸν
2422 1904 2516 1974 μὲν
2551 1902 2762 1972 ἀληθῶς
2796 1900 3056 1970 μονογενῆ
3091 1899 3182 1951 τοῦ
3242 1896 3377 1949 Θεοῦ
3413 1896 3537 1947 Υἱὸν
3589 1892 3855 1964 ἀρνούμε-

656 1980 822 2052 porali
841 2020 854 2045 ,
883 1983 1023 2051 quod
1050 1985 1154 2040 line
1180 2003 1388 2057 quoque
1425 1989 1817 2043 terminandum
1857 2006 1974 2046 esse
2003 1996 2194 2061 uoces;

656 2069 886 2140 abnegas
918 2088 1041 2129 vere
1084 2078 1412 2147 unigenitum
1461 2079 1596 2145 Dei,
1642 2080 1925 2135 substituis
1962 2079 2196 2136 Verbum

655 2157 1063 2217 insubstantiale
1107 2174 1161 2218 et
1206 2167 1592 2235 insubsisteus,
1645 2170 1786 2237 quod
1842 2171 2014 2237 ipsum
2063 2172 2197 2225 nihil

653 2248 795 2301 aliud
846 2254 1159 2317 prununtias
1200 2270 1347 2320 esse,
1379 2273 1539 2325 quam
1569 2274 1730 2313 unum
1756 2269 1914 2328 atque
1946 2262 2199 2315 idemmet

651 2354 773 2392 cum
798 2341 942 2396 Deo?
967 2343 1093 2409 Quae
1120 2348 1363 2416 quisquis
1393 2349 1607 2412 dixerit,
1632 2365 1736 2403 non
1773 2351 1963 2419 injuria
1990 2353 2198 2406 dicetur

652 2429 843 2486 Filium
877 2434 969 2490 Dei
998 2436 1283 2507 abnegare.
1316 2437 1430 2494 Non
1463 2450 1544 2494 est
1569 2445 1710 2496 enim
1737 2441 1907 2496 Filius
1927 2482 1943 2508 ,
1974 2442 2195 2497 verbum

652 2525 795 2591 quod
830 2540 930 2580 non
960 2530 1232 2596 subsistit;
1262 2546 1380 2584 cum
1412 2547 1507 2585 nec
1540 2534 1759 2586 verbum
1804 2534 2033 2588 bominis
2053 2535 2201 2587 dica-

655 2625 760 2681 tur,
808 2616 945 2670 ﬁlius
991 2620 1220 2675 hominis
1256 2638 1271 2674 :
1310 2631 1497 2692 utpote
1539 2625 1679 2691 quod
1723 2624 1835 2679 sola
1888 2625 2196 2693 operatione

651 2707 897 2762 subsistit
923 2709 975 2763 in
1004 2710 1266 2778 quuente.
1300 2712 1408 2767 Hoc
1438 2714 1607 2781 ipsum
1630 2714 1695 2768 de
1716 2714 1872 2768 Patre
1898 2729 1993 2767 suo
2013 2729 2196 2784 egres-

650 2813 768 2851 sum
796 2839 810 2861 ,
841 2812 965 2856 ante
1005 2818 1171 2857 annos
1204 2804 1435 2856 nondum
1469 2820 1592 2859 cccc
1640 2805 1962 2874 completos,
1998 2805 2191 2861 Filium

652 2887 742 2945 Dei
776 2888 972 2942 factum
1022 2891 1241 2945 inferius
1285 2909 1497 2957 narras.
1527 2911 1621 2963 per
1650 2896 1830 2949 carnis
1860 2898 2191 2966 assumptio-

651 2996 794 3043 nem,
828 2991 879 3034 et
899 2984 1138 3049 Superius
1170 2982 1349 3037 Iesum
1378 2985 1647 3039 Christum
1678 2972 2030 3054 nemiuatum,
2055 2988 2192 3040 ima-

649 3071 821 3139 ginem
846 3072 1044 3126 dictum
1083 3075 1170 3126 Dei
1201 3075 1481 3129 invisibilis
1506 3114 1521 3137 ,
1556 3086 1609 3129 et
1637 3079 2050 3143 primogenitum
2078 3092 2195 3131 om-

649 3163 733 3215 nis
787 3170 1046 3216 creaturm
1096 3184 1109 3218 :
1158 3181 1331 3232 regem
1378 3182 1592 3235 quoque
1636 3167 2009 3222 constitutum.
2065 3168 2193 3234 Quae

648 3254 848 3316 omnia,
884 3270 914 3308 a
952 3265 1186 3318 tempore
1216 3256 1303 3307 illn
1334 3257 1609 3322 designato
1630 3297 1645 3321 ,
1694 3258 1892 3325 incepit
1922 3259 2013 3311 ille
2037 3272 2191 3322 esse;

650 3358 767 3409 quae
812 3345 988 3396 omnia
1027 3345 1180 3397 simul
1215 3346 1548 3412 depositurus
1575 3356 1676 3409 est,
1710 3357 1830 3414 post
1853 3345 2035 3411 judicii
2065 3362 2194 3401 con-

650 3432 1078 3485 suiuniatimiem.
1114 3431 1233 3486 Htec
1272 3444 1449 3485 autem
1482 3435 1695 3487 ubinam
1745 3433 2030 3489 didicisti?
2061 3436 2195 3501 Quis

652 3521 838 3573 horum
874 3522 964 3573 tibi
1016 3520 1331 3575 informatur
1375 3524 1582 3577 exstitit
1610 3524 1637 3576 ?-
1678 3524 1974 3593 Episcopus
2027 3527 2192 3595 quis?

648 3609 844 3681 Synodi
874 3614 1035 3679 quae?
1069 3613 1205 3678 quod
1234 3613 1489 3681 scriptum
1529 3614 1597 3667 ab
1631 3613 1845 3666 homine
1869 3614 2195 3667 ecclesiasti-

645 3703 746 3755 co?
776 3717 967 3770 corpus
998 3702 1125 3755 illud
1156 3701 1462 3756 Servaturis
1491 3704 1792 3756 immortale
1814 3718 1919 3772 quo
1940 3703 2190 3758 secedet?

645 3794 776 3847 Nam
810 3811 928 3847 cum
958 3795 1291 3849 concesseris
1324 3796 1447 3847 illud
1472 3808 1591 3849 esse
1622 3795 1943 3858 immortale,
1971 3804 2026 3849 et
2056 3795 2191 3849 divi-

644 3901 771 3938 num
802 3885 1104 3953 :ippellaris,
1145 3900 1361 3939 necesse
1385 3897 1467 3938 cst
1493 3901 1761 3953 supponas
1790 3886 2194 3953 incorruptibile

645 3986 699 4029 et
724 3976 1199 4029 iudissolvendum.
1228 3976 1376 4040 Quod
1419 3992 1545 4029 vero
1574 3978 1760 4028 natura
1807 3992 1902 4029 sua
1950 3977 2059 4031 tale
2089 3987 2192 4043 est,

644 4079 823 4121 manet
858 4068 1039 4133 utique
1094 4068 1390 4120 subsistens
1440 4075 1493 4119 et
1537 4065 1931 4121 indissolutum.
1975 4065 2080 4120 Sed
2138 4077 2193 4122 tu

644 4155 877 4211 Verbum
914 4157 1091 4209 abillo
1126 4158 1285 4219 tollis,
1324 4166 1377 4209 et
1412 4172 1531 4209 cum
1567 4157 1672 4209 Deo
1702 4156 1998 4224 conjungis.
2033 4156 2194 4209 Numa

646 4266 766 4304 nam
801 4252 962 4316 igitur
996 4252 1110 4302 sine
1143 4247 1317 4302 Verbo
1340 4247 1507 4301 solum
1552 4247 1804 4301 subsistet
1830 4261 2025 4315 corpus
2056 4247 2193 4301 istud

642 4342 696 4396 in
728 4342 1009 4395 immortali
1041 4349 1095 4393 et
1130 4344 1432 4407 incorrupta
1468 4338 1940 4392 irrationabilitate
1961 4377 1976 4401 ,
2016 4346 2069 4389 et
2092 4337 2192 4388 im-

644 4436 982 4490 mobilitate?
1024 4438 1090 4485 At
1123 4432 1351 4487 Verbum
1402 4432 1574 4498 ipsum
1624 4431 1881 4483 concedet
1911 4431 1962 4481 in
2006 4430 2191 4491 Deum,

644 4533 696 4576 et
724 4540 909 4579 rursus
946 4522 1015 4575 illi
1047 4521 1397 4588 conjungetur
1421 4526 1546 4586 post
1571 4519 1752 4573 carnis
1773 4518 2189 4586 scparationem.

718 4735 775 4791 ἦ(
806 4730 901 4783 Ed.
933 4729 1101 4782 Paris.
1135 4743 1253 4796 pag.
1282 4726 1369 4779 51.

2296 2012 2403 2058 νος,
2427 1993 2593 2062 Λόγον
2618 1992 2672 2045 δὲ
2703 1991 2877 2060 ψιλὸν,
2914 1988 3159 2044 ἀνούσιω
3203 1987 3297 2041 καὶ
3325 1985 3692 2039 ἀνυπόστατον
3732 1983 3855 2033 ὑπο-

2295 2086 2600 2156 τιθέμενος·
2644 2083 2700 2135 ὃν
2741 2084 2847 2135 οὐδ’
2883 2083 3065 2151 ἕτερον
3106 2080 3140 2149 ἢ
3187 2079 3244 2131 ἓν
3283 2078 3377 2131 καὶ
3408 2075 3599 2129 ταύτὸν
3638 2073 3716 2142 τῷ
3741 2070 3857 2139 Θεῷ

2297 2174 2433 2229 εἶναι
2467 2176 2611 2245 φὴς;
2645 2175 2709 2225 Ὃ
2733 2172 2795 2242 δὴ
2826 2172 2919 2225 καὶ
2949 2170 3060 2241 (94)
3092 2172 3201 2231 πᾶς
3250 2168 3393 2220 εῐποι
3428 2167 3491 2219 ἂν
3526 2164 3857 2235 ἀρνούμενος

2294 2270 2383 2322 τὸν
2408 2267 2534 2319 Υἰὸν
2564 2264 2657 2317 τοῦ
2693 2262 2846 2327 Θεοῦ,
2876 2262 3116 2324 εἰκότως.
3169 2260 3243 2313 Οὐ
3272 2258 3379 2329 γὰρ
3406 2257 3521 2319 υἱὸς
3557 2256 3584 2307 ό
3615 2255 3692 2323 μὴ
3730 2256 3858 2321 ὑφει-

2298 2359 2435 2421 στὼς
2486 2357 2676 2423 Λόγος,
2712 2356 2785 2417 ὡς
2836 2353 2955 2407 οὐδὲ
3011 2355 3070 2406 ὲν
3121 2350 3390 2422 ἀνθρώπῳ
3422 2348 3578 2415 λόγος
3629 2346 3746 2407 υἱὸς
3793 2345 3858 2395 ἄν

2296 2466 2424 2503 ποτε
2454 2448 2641 2519 ῥηθείη
2670 2444 2975 2517 ἀνθρώπου,
3003 2442 3248 2513 ἐνεργείᾳ
3271 2441 3404 2510 μόνῃ
3430 2441 3486 2491 ἐν
3508 2436 3583 2506 τῷ
3610 2433 3857 2489 λαλοῦντι

2298 2539 2700 2607 συνιστάμενος.
2731 2535 2900 2587 Τοῦτο
2927 2536 2971 2587 δ’
3003 2536 3065 2586 ὲκ
3082 2532 3173 2585 τοῦ
3197 2530 3425 2601 Πατρὸς,
3458 2527 3566 2597 (95)
3595 2526 3704 2597 πρὸ
3724 2523 3857 2577 ἐτῶν

2295 2631 2400 2682 οὐδ’
2435 2630 2569 2682 ὂλων
2596 2626 2980 2700 τετρακοσίων,
3013 2626 3099 2677 διὰ
3118 2624 3214 2693 τῆς
3244 2620 3559 2691 ἀναλήψεως
3590 2618 3693 2688 τῆς
3729 2632 3860 2687 σαρ-

2294 2720 2406 2783 κὸς,
2442 2720 2566 2773 Υἰὸν
2602 2719 2693 2773 τοῦ
2724 2718 2856 2770 Θεοῦ
2891 2714 3243 2786 γεγεννῆσθαι
3266 2711 3445 2775 καθὼς
3471 2710 3592 2780 φὴς,
3621 2708 3719 2762 καὶ
3756 2709 3859 2776 ἰη-

2294 2808 2420 2861 σοῦν
2466 2809 2557 2862 καὶ
2606 2809 2836 2880 Χριστὸν
2876 2802 3186 2877 ὠνομάσθαι
3220 2804 3351 2867 ἄνω,
3408 2801 3591 2854 εἰκόνα
3651 2817 3713 2852 τε
3767 2795 3859 2851 τοῦ

2293 2900 2425 2953 Θεοῦ
2458 2898 2551 2953 τοῦ
2582 2900 2810 2970 ἀοράτου
2836 2898 3201 2969 χρηματίσαι,
3238 2895 3329 2947 καὶ
3381 2892 3722 2962 πρωτότοκον
3756 2888 3859 2942 πά-

2296 3008 2395 3063 σης
2427 2992 2673 3054 κτίσεως,
2700 2990 2871 3059 καὶδὴ
2902 2990 2992 3041 καὶ
3011 2987 3229 3057 βασιλέα
3251 2986 3371 3037 τότε
3405 2982 3664 3051 γενέσθαι
3694 2979 3861 3049 ἀρξά-

2301 3098 2458 3151 μενον
2485 3081 2687 3133 τούτων
2715 3080 2997 3141 ἁπάντων,
3042 3080 3106 3129 ὲκ
3135 3077 3225 3129 τοῦ
3255 3074 3579 3144 δηλωθέντος
3621 3073 3816 3143 χρόνον
3842 3113 3858 3137 ,

2297 3167 2487 3221 ἔπειτα
2514 3167 2686 3239 καιρῷ
2701 3168 2800 3235 τῆς
2820 3166 3123 3227 συντελείας
3138 3165 3340 3217 τούτων
3368 3162 3619 3215 ἁπάντων
3647 3161 3861 3231 ἀθρόως

2297 3257 2684 3328 παυθήσεσθαι.
2718 3256 2825 3309 Ποῦ
2860 3257 2922 3328 δὴ
2955 3253 3046 3309 οῦν
3089 3256 3257 3308 ταῦτα
3299 3256 3621 3325 μεμάθηκας
3646 3271 3659 3318 ;
3684 3256 3780 3316 Τίς
3805 3254 3861 3305 δέ

2298 3365 2377 3401 σοι
2413 3348 2612 3400 τούτων
2639 3347 2871 3415 κατέστη
2895 3346 3226 3410 διδάσκαλος,
3254 3347 3337 3407 τίς
3352 3346 3687 3407 ἐπισκόπων,
3713 3346 3862 3396 ποῖαι

2296 3438 2521 3501 σύνοδοι,
2556 3441 2705 3491 ποῖον
2740 3438 3202 3505 ὲκκλησιαστικῶν
3234 3435 3441 3506 ἀνδρῶν
3474 3436 3732 3504 γράμμα,
3758 3451 3859 3485 που

2291 3528 2347 3581 δέ
2380 3545 2460 3581 σοι
2491 3527 2552 3581 τὸ
2584 3528 2740 3597 σῶμα
2766 3529 2825 3579 τὸ
2846 3528 3106 3580 ἀθάνατον
3140 3528 3403 3597 χωρήσειε
3435 3525 3528 3577 τοῦ
3564 3525 3858 3593 Σωτῆροςς

2291 3619 2551 3672 ἀθάνατον
2604 3619 2708 3689 γὰρ
2761 3616 3035 3687 ὁμολογῶν
3066 3617 3158 3669 καὶ
3200 3616 3338 3671 θεῖον
3377 3613 3657 3685 ὀνομάζων
3689 3615 3859 3677 αὐτὸ,

2293 3712 2640 3773 πάντωςπου
2688 3710 2780 3761 καὶ
2814 3708 3087 3778 ἄφθαρτον
3129 3709 3221 3760 καὶ
3266 3707 3543 3761 ἀδιάλυτον
3584 3706 3856 3774 ὑποθήσῃ·

2293 3800 2535 3868 πεφυκὸς
2553 3797 2607 3850 δὲ
2625 3798 2881 3862 τοιοῦτον,
2908 3799 3054 3866 μένει
3076 3794 3342 3859 συνεστὼς
3364 3795 3561 3863 δηλαδὴ
3584 3798 3682 3847 καὶ
3704 3793 3863 3846 ἀδιά-

2290 3887 2468 3939 λυτον.
2515 3887 2673 3939 Ἀλλά
2699 3888 2789 3939 τὸν
2835 3888 3003 3954 Λόγον
3043 3887 3270 3957 ἀφῄρεις
3302 3886 3487 3949 αὐτοῦ,
3516 3887 3609 3938 καὶ
3638 3884 3862 3954 τῷΘεῷ

2293 3981 2575 4049 συνῆπτες.
2631 3978 2834 4031 Οὐκοῦν
2869 3981 2993 4033 ἄνευ
3028 3982 3200 4045 Λόγου
3254 3980 3412 4049 μόνου
3449 3979 3561 4047 (96)
3587 3978 3649 4029 τὸ
3698 3977 3864 4047 σῶμα

2292 4070 2546 4139 στήσεται
2587 4070 2644 4121 ὲν
2677 4069 2921 4138 ἀθανάτῳ
2955 4070 3048 4121 καὶ
3081 4069 3339 4137 ἀφθάρτῳ
3374 4067 3561 4137 ἀλογίᾳ
3594 4066 3692 4119 καὶ
3741 4069 3864 4121 ἀκι-

2290 4160 2451 4230 νησία
2470 4160 2557 4224 ;τὸ
2587 4159 2641 4212 δὲ
2658 4160 2815 4222 αὐτὸς
2836 4162 2863 4211 ὁ
2886 4160 3057 4227 Λόγος
3078 4162 3156 4222 εἰς
3176 4160 3266 4212 τὸν
3286 4159 3417 4211 Θεὸν
3466 4161 3729 4228 χωρήσει,
3767 4156 3865 4211 καὶ

2272 4248 2686 4319 συναφθήσεται
2708 4246 2861 4311 αὖθις
2887 4250 3034 4319 αὑτῷ
3064 4251 3201 4319 μετά
3219 4251 3306 4302 τὸν
3333 4250 3431 4318 τῆς
3464 4250 3661 4321 σαρκὸς
3692 4268 3864 4321 χωρι-

2272 4338 2447 4408 σμόν.
2480 4337 2623 4410 τΛρα
2656 4341 2727 4410 μὴ
2778 4339 2850 4393 ὢν
2883 4344 2938 4393 ὲν
2970 4342 3045 4411 τῷ
3078 4341 3214 4409 Θεῷ,
3241 4343 3325 4393 ὅτε
3365 4342 3431 4409 τῇ
3468 4340 3630 4409 σαρκὶ¹
3656 4341 3857 4411 συνῆν·

2293 4429 2409 4480 ἀλλ’
2444 4427 2516 4481 ὢν
2546 4431 2602 4481 ἐν
2635 4428 2777 4498 αὐτῷ
2810 4428 2897 4481 διὰ
2920 4429 3136 4490 παντὸς,
3175 4429 3440 4490 συναῒδιός
3473 4444 3531 4479 τε
3576 4428 3651 4480 ὢν
3680 4430 3783 4481 καλ⁵
3805 4430 3863 4482 ἓν

2294 4519 2385 4570 καὶ
2433 4518 2623 4570 ταύτὸν
2676 4518 2753 4588 τῷ
2785 4519 2933 4587 Θεῷ;
2975 4519 3098 4580 Πῶς
3127 4514 3218 4571 οὖν
3259 4518 3501 4588 ὑπῆρχεν
3541 4519 3599 4570 ἐν
3635 4517 3714 4587 τῷ
3756 4519 3864 4571 σὼ·

713 4912 821 4977 (95)
854 4910 945 4974 Μή
980 4928 1095 4962 που
1124 4911 1450 4962 πυνθάνου.
1503 4907 1631 4978 Ιέοε.
1694 4910 1763 4978 μή
1811 4927 1908 4977 μου
1944 4919 2004 4962 ut
2038 4907 2193 4977 paulo

2295 4910 2541 4978 ἀφαιρεῖς
2573 4940 2632 4950 —-
2676 4887 2906 4976 σῦνῆπτε
2932 4907 3017 4960 ubi
3042 4907 3399 4961 συνάπτεσθαι
3428 4922 3567 4963 corr.

644 4993 783 5033 ante.
810 4974 881 5031 Μ.
912 5010 979 5019 -—
999 4981 1126 5032 Dein
1150 4981 1304 5043 vulgo
1335 4980 1385 5030 τί
1412 4978 1467 5029 δὲ
1486 4974 1653 5049 οῦνίρι
1673 4974 1981 5049 ἐγγράφεις.

713 5052 822 5115 (9i)
855 5054 914 5101 Ὅ
944 5050 1019 5115 δὴ
1055 5050 1171 5101 καί.
1212 5050 1376 5117 Vulgo
1398 5049 1480 5100 ὅδε
1513 5048 1620 5100 καί,

714 5123 824 5185 (iiii)
889 5122 979 5171 Ἐκ
1009 5119 1110 5171 τοῦ
1152 5115 1399 5186 Πατρός.
1452 5120 1611 5171 Deest
1657 5116 1762 5180 hic,
1817 5118 2018 5188 προϊόν.
2059 5115 2191 5171 Illud

646 5190 791 5242 κάτω
846 5208 857 5239 :
908 5191 973 5239 ad
1031 5188 1297 5241 Christum
1348 5189 1557 5253 opinor.
1613 5202 1716 5238 non
1768 5188 1831 5238 ad
1866 5187 2189 5239 Marci-llum

646 5260 977 5311 referendum
1034 5269 1135 5317 est,
1206 5259 1305 5308 hoc
1364 5267 1461 5313 est.
1518 5256 1785 5307 Clit-istum
1839 5256 1963 5308 oliui
2014 5257 2187 5323 λόγον,

646 5329 808 5388 κάτω,
847 5330 896 5378 in
933 5328 1085 5378 terris
1115 5328 1468 5383 iucarnntum,
1506 5324 1904 5377 l'actmuFiliuui
1938 5327 2188 5383 hominis,

648 5414 746 5449 nun
770 5398 917 5448 κάτω
951 5400 1071 5463 φής,
1102 5397 1197 5446 hoc
1221 5404 1301 5445 est
1343 5397 1559 5445 inferius
1591 5395 1818 5444 allii-nius
1850 5395 1983 5445 istud
2017 5411 2031 5446 :
2070 5410 2189 5444 nam

643 5476 697 5517 et
720 5468 939 5517 inferius
973 5477 1023 5515 ιιι
1066 5466 1307 5532 superius
1334 5464 1555 5513 :nﬂirmul
1589 5478 1600 5511 :
1628 5463 1750 5513 hinc
1783 5463 1931 5523 illud,
1962 5464 2191 5532 Χριστόν

644 5536 947 5603 ὠνομάσθαι
987 5534 1095 5586 ἀνω
1130 5553 1140 5585 :
1176 5548 1505 5603 quanquuim
1529 5535 1703 5596 potius
1736 5534 2026 5603 putaverint
2080 5535 2189 5584 ἄνω

649 5601 960 5655 redundare.
988 5604 1193 5659 51,—“.
1225 5619 1274 5668 p.
1320 5603 1386 5655 50
1419 5601 1767 5669 τοῦτον-οὑχ
1795 5601 2191 5667 ὅλων-γεγεν-

648 5674 853 5740 νῆσθαι,
895 5675 1003 5725 ἀνω
1051 5676 1140 5726 καὶ
1171 5675 1317 5723 κάτω
1348 5675 1451 5739 φής
1484 5672 1654 5723 ιιεῖευ)
1682 5672 1788 5722 ἅνω
1825 5670 2190 5740 νοδικὼνομά-

648 5739 785 5797 σθαι.
823 5746 944 5793 liciti
974 5746 1126 5801 vulgo
1156 5744 1275 5792 Υἱὸν
1305 5742 1395 5792 τοῦ
1518 5757 1567 5805 γ.
1605 5750 1657 5818 ent
1685 5741 1775 5791 καὶ
1811 5739 2009 5818 Ἰησοῦν
2033 5743 2090 5818 ⁷Χ
2104 5757 2184 5809 ρι-

650 5814 767 5870 ,ῖῖὸν
824 5813 1125 5877 ὠνομάσθαι
1189 5823 1241 5866 ct
1294 5812 1382 5863 καὶ
1417 5811 1468 5862 δὲ
1500 5812 1586 5861 καὶ
1705 5824 1756 5864 Cl
1782 5806 1880 5861 ποῖ
1913 5810 1969 5875 ἐξ
1998 5806 2188 5865 ’δ’δνγει

2372 4960 2697 5045 (ﬁliuni:
2730 4960 2920 5045 Λόγου
2951 4960 3158 5045 μόνου.
3192 4980 3323 5036 lino,
3359 4960 3549 5047 μόνονς
3582 4978 3680 5031 hoc
3716 4980 3856 5046 vult,

2298 5047 2467 5102 solum
2500 5051 2597 5103 hoc
2628 5064 2821 5114 corpus
2854 5047 3069 5107 Christi,
3098 5052 3212 5101 sine
3240 5048 3395 5116 Λόγῳ
3435 5062 3531 5099 suo
3558 5047 3858 5104 subsistere

2298 5119 2512 5180 debere,
2542 5119 2860 5175 iuuittirlnle,
2888 5132 3005 5167 cum
3034 5118 3598 5170 czeterorumomuiuui
3620 5132 3857 5183 corpora

2299 5188 2469 5239 l'utura
2502 5189 2604 5239 sint
2632 5185 3039 5253 λογικά.Τυῑηιυ
3075 5188 3246 5240 locum
3280 5186 3357 5238 sic
3394 5185 3533 5250 lego,
3559 5196 3611 5236 ct
3652 5185 3856 5241 distin-

2298 5274 2396 5323 guo
2420 5277 2430 5309 :
2458 5256 2683 5317 Οὐκοῦν,
2724 5256 2847 5309 ἄνευ
2871 5256 2961 5306 τοῦ
2986 5256 3177 5321 Λόγου,
3215 5256 3368 5324 μόνον
3393 5254 3547 5305 τοῦτο
3584 5254 3647 5325 τὸ
3674 5256 3857 5325 σῶμα

2294 5327 2539 5395 στήσεται
2644 5327 2695 5376 ἁ.
2730 5344 2780 5377 κ.
2803 5328 2853 5378 ἀ.
2886 5327 2937 5377 ἁ.
2958 5343 3007 5377 κ.
3032 5323 3300 5393 ἀκινησίᾳ,
3336 5325 3421 5395 ὅτε
3450 5325 3607 5395 αὐτὸς
3629 5324 3654 5373 ὁ
3674 5323 3852 5391 λόγος,

2292 5394 2413 5458 etut,
2434 5399 2536 5465 ἄρα
2556 5395 2626 5464 μὴ
2656 5395 2747 5455 ὢν,
2773 5407 2900 5451 ultu.
2919 5395 3049 5446 ἀλλὰ
3082 5395 3257 5463 προὼν
3288 5397 3342 5443 ἐν
3372 5394 3513 5461 αὖτῴ
3539 5394 3851 5461 διαπαντός.

2295 5467 2380 5517 Sic
2408 5464 2512 5516 \‘ult
2547 5468 2802 5517 Ense-bilis
2840 5468 2880 5516 si
2925 5477 3037 5517 erat
3079 5467 3133 5513 ἐν
3180 5464 3467 5515 ὑποστάσει
3498 5478 3590 5514 sua
3635 5467 3854 5527 prupria

2292 5548 2409 5585 cum
2456 5538 2782 5595 incarnatus,
2815 5535 2915 5599 ἔξω
2938 5544 2988 5586 et
3020 5533 3417 5602 κεχωρισμένος
3458 5543 3573 5585 erat
3611 5530 3703 5581 τοῦ
3738 5533 3852 5585 Πα-

2292 5604 2437 5671 τρός,
2471 5621 2567 5656 cur
2603 5620 2705 5654 non
2762 5615 2811 5654 ut
2846 5615 2967 5655 ante
3008 5610 3221 5665 SlIEL‘Ulﬂ,
3254 5619 3371 5655 cnui
3415 5612 3552 5653 esset
3584 5602 3851 5671 συναέίδιος

2295 5669 2369 5741 τῷ
2388 5674 2597 5742 Πατρίῖ
2623 5673 2902 5742 M.——lu_fr:i
2928 5673 2993 5728 Ill.
3034 5677 3081 5727 in
3102 5688 3245 5728 corr.
3269 5688 3356 5742 γρ.
3376 5672 3515 5741 δίχα,
3536 5672 3654 5726 loco
3672 5669 3844 5741 δίκην.

2293 5740 2422 5798 Dein
2455 5740 2609 5811 vulgo
2630 5742 2777 5794 ἔσται
2808 5740 2930 5815 ἄρα.
