4048 6470
271 476 375 534 8¹31

1392 464 1674 523 CONTRA
1712 458 2140 519 MARCELLUM
2182 457 2310 515 LIB.
2353 458 2417 514 ll.

3398 457 3509 514 832

282 609 431 663 ματι,
475 591 523 643 εί
572 591 667 661 μὲν
686 590 859 659 ψυχῆς
890 588 1045 657 δίκην
1068 585 1233 640 οίκῶν
1262 588 1319 639 ἐν
1346 586 1493 656 αὐτῷ
1520 584 1701 650 ;εσται
1732 585 1837 663 ἀρα

1962 581 2143 634 ζτοιιιο
2171 594 2300 648 ergo
2332 589 2488 634 extra
2512 578 2677 641 Deum
2710 587 2821 633 tum
2852 592 2972 641 cum
3018 590 3182 632 carne
3215 590 3506 632 conversa-

280 660 341 735 ἐν
364 681 672 742 ὑποστάσει,
706 678 797 731 τοῦ
828 677 1040 747 Πατρὸς
1067 676 1487 748 κεχωρισμένος,
1524 673 1631 739 ζῶν
1661 690 1721 726 τε
1748 660 1840 725 καὶ

283 773 527 842 ὑφεστὼς
554 774 611 824 ἐν
699 769 951 840 ἀνείληφε
985 768 1094 837 (9Ἶ)
1135 766 1315 837 σαρκί.
1345 766 1409 818 Τί
1437 761 1529 817 οὖν
1568 763 1800 817 ἐκώλυεν
1822 801 1839 825 ,

286 865 380 917 καὶ
403 862 505 933 πρὸ
528 863 625 931 τῆς
644 859 737 912 τοῦ
765 860 967 928 κόσμου
1006 857 1334 918 συστάσεως,
1357 852 1485 906 Υίδν
1515 851 1649 905 Θεοῦ
1666 851 1843 915 ζῶντα

283 954 444 1006 αὐτὸν
467 950 775 1021 δμολογεῖν;
810 948 944 1002 Ἀλλ’
978 948 1118 1000 εἴποι
1147 946 1212 999 ἂν
1244 948 1393 1007 ἴσως,
1415 942 1662 1015 ἐνεργείᾳ
1684 944 1840 1012 μόνῃ,

282 1044 402 1113 οὐχ).
442 1042 497 1095 δέ
531 1041 713 1102 οὐσίας
750 1040 1073 1101 ὑποστάσει,
1112 1039 1204 1090 καὶ
1231 1039 1288 1089 ἐν
1322 1035 1399 1105 τῷ
1433 1033 1643 1103 σώματι
1684 1049 1843 1101 γεγο-

283 1135 459 1187 νὲναι·
518 1148 537 1182 t
574 1132 830 1202 δραστικῇ
880 1130 988 1201 γάρ
1035 1129 1281 1200 ἐνεργείᾳ
1333 1126 1502 1197 μόνῃ,
1558 1126 1725 1195 φησὶ,
1774 1125 1842 1194 τῇ

288 1242 308 1275 ι
354 1223 514 1294 σαρκὶ
531 1222 701 1275 συνὼν
726 1222 788 1274 τδ
813 1222 977 1275 κινεῖν
1002 1219 1188 1288 αὐτὴν,
1216 1217 1308 1270 καὶ
1333 1216 1613 1288 πράττειν,
1638 1215 1844 1285 ὅσαπερ

289 1330 309 1365 t
355 1316 414 1366 ἐν
425 1313 771 1381 Εὑαγγελίοις
792 1312 1034 1383 φέρεται,
1058 1311 1216 1380 οὐσίᾳ
1236 1308 1313 1378 τῷ
1335 1308 1454 1378 Θεῷ
1478 1307 1737 1377 συνῆπτο,
1756 1302 1844 1359 οἷα

294 1422 313 1455 ι
355 1405 525 1472 Λόγος
551 1404 805 1474 ὑπάρχων
828 1402 990 1456 αὑτοῦ
1018 1398 1315 1472 ἀχώριστος
1348 1402 1441 1453 καὶ
1472 1400 1839 1462 ἀδιάστατος.ι

284 1495 351 1547 Ei
377 1494 439 1564 δὴ
463 1495 631 1547 ταῦτα
665 1494 831 1561 λέγει,
877 1494 1212 1563 ἐρωτήσασιν
1244 1491 1372 1560 ἡμῖν
1425 1488 1842 1559 ἀποκρινάσθω·

282 1579 521 1653 ’Λρ¹ἐπὶ
556 1585 719 1653 μόνην
740 1583 837 1651 τὴν
872 1583 1047 1652 σάρκα
1078 1580 1277 1651 ταύτην
1303 1582 1337 1650 ἡ
1371 1578 1465 1632 τοῦ
1502 1580 1673 1646 Λόγου
1699 1579 1849 1649 ἐνέρ-

285 1690 410 1741 γεια
449 1673 700 1742 ἔφθακεν,
730 1672 849 1741 οὐχ).
903 1672 959 1725 δὲ
996 1672 1089 1725 καὶ
1133 1671 1215 1740 ἐφ’
1262 1671 1477 1742 ἐτέρους
1532 1668 1849 1741 ἀνθρώπους

282 1764 410 1825 τοὺς
429 1763 615 1829 ἁγίους
649 1762 741 1816 τοῦ
768 1762 926 1826 Θεοῦ,
957 1764 1052 1816 καὶ
1090 1764 1168 1825 είς
1221 1762 1289 1814 τά
1345 1760 1507 1814 λοιπά
1558 1760 1621 1831 δὴ
1673 1761 1849 1815 πάντα

283 1852 381 1905 τοῦ
410 1853 580 1920 Λόγου
606 1852 1088 1923 δημιουργήματα;
1110 1852 1228 1922 οὐχ).
1257 1854 1286 1904 6
1318 1851 1477 1914 αὐτὸς
1504 1852 1716 1921 ἐνεργεῖ
1742 1851 1845 1903 Λό-

286 1958 381 2011 γος
408 1959 421 2005 ;
448 1944 555 1994 Καὶ
583 1942 686 2012 μὴν
724 1942 1138 2012 μεμαθήκαμεν,
1170 1941 1245 2004 ὡς
1277 1960 1296 1993 ι
1330 1942 1409 2011 τῷ
1447 1942 1603 2011 Λόγῳ
1638 1942 1843 2013 Κυρίου

284 2034 337 2086 οἱ
388 2033 606 2103 οὐρανοὶ
647 2032 1074 2103 ἐστερεώθησαν,
1108 2051 1125 2083 ι
1183 2032 1278 2086 καὶ
1314 2052 1332 2083 ι
1374 2034 1441 2085 δι’
1476 2032 1639 2087 αὑτοῦ
1668 2034 1844 2086 πάντα

284 2121 518 2189 ἐγένετο·
563 2123 655 2176 καὶ
700 2124 866 2194 χωρὶς
901 2122 1064 2176 αὐτοῦ
1089 2124 1304 2190 ἐγένετο
1336 2124 1454 2176 οὐδὲ
1489 2125 1565 2177 ἐν.
1590 2144 1608 2176 ι
1639 2124 1846 2178 υὺκοῦν

285 2214 367 2266 ὃτι
392 2215 603 2282 ἐνεργεῖ
636 2214 744 2283 (98)
778 2214 871 2267 κα)¹
902 2216 992 2269 ἐπὶ
1031 2217 1241 2269 πάντων
1263 2231 1276 2245 ο
1300 2216 1542 2283 ἔγνωμεν
1598 2216 1705 2269 ἀπὸ
1741 2217 1847 2269 τῶν

289 2302 447 2356 θείων
476 2303 725 2374 Γραφῶν,
748 2307 840 2357 καὶ
862 2306 937 2368 ὡς
966 2308 1154 2374 Λόγος
1181 2310 1398 2373 Κειριόυ
1426 2306 1660 2375 ἐγένετο
1702 2306 1850 2375 πρὸς

299 2392 479 2460 Ὠσηὲ
516 2393 622 2446 τὸν
666 2396 769 2449 τοῦ
824 2396 1029 2461 Βεηρί’
1091 2396 1203 2458 καὶ,
1253 2398 1441 2465 Λόγος
1488 2398 1704 2463 Kvplov
1740 2396 1848 2465 (99)

290 2482 541 2551 ἐγενήθη
574 2485 720 2550 πρὸς
760 2485 1004 2537 Ἡσαΐαν
1031 2484 1163 2537 υἱὸν
1198 2484 1371 2553 Ἀμώς
1396 2503 1408 2515 ·
1458 2487 1550 2538 καὶ
1596 2488 1675 2551 ὡς
1728 2486 1855 2555 ἐγέ-

288 2588 425 2626 νετο
462 2574 648 2640 Λόγος
676 2575 894 2640 Kvplov
919 2576 1063 2641 πρὸς
1105 2576 1407 2643 Ἰερεμίαν·
1434 2594 1452 2626 ι
1489 2578 1583 2627 καὶ
1617 2577 1699 2643 ἐφ’
1724 2576 1853 2630 ἐκά-

292 2678 418 2715 στου
456 2663 513 2715 δὲ
557 2666 830 2734 προφήτου
862 2667 890 2717 6
919 2666 1079 2728 αὐτὸς
1123 2667 1339 2736 ἐνήργει
1381 2665 1474 2717 τοῦ
1514 2666 1648 2717 Θεοῦ
1678 2666 1853 2734 λόγος.

296 2752 415 2823 Ἆρ’
477 2748 570 2805 οὖν
612 2752 711 2822 τῆς
760 2752 878 2824 ἴσης
930 2755 1087 2818 ἀξίας
1138 2756 1217 2825 τῷ
1279 2759 1555 2824 μονογενεί
1602 2756 1713 2827 Υίῷ
1761 2755 1854 2808 τοῦ

292 2842 427 2896 Θεοῦ
458 2845 725 2907 κάκείνοις
748 2846 915 2899 ἅπασι
950 2848 1135 2916 μετῆν,
1169 2847 1260 2899 καὶ
1290 2846 1451 2899 πλέον
1474 2847 1621 2899 οὐδὲν
1648 2847 1858 2917 ὑπῆρχε

292 2934 373 3005 τῷ
406 2936 637 3005 Σωτῆρι,
669 2939 716 2988 εί
740 2938 803 3007 δὴ
835 2938 1082 3007 ἐνεργείᾳ
1114 2938 1249 3009 μόνῃ
1280 2938 1384 2990 ὑπὸ
1416 2938 1509 2990 τοῦ
1544 2939 1717 3005 Λόγου
1766 2939 1858 2991 τοῦ

294 3023 373 3094 τῷ
393 3023 511 3092 Θεῷ
549 3025 888 3094 συνημμένου
919 3028 1163 3079 ἐκινεῖτο.
1211 3026 1346 3077 Ἀλλ’
1377 3028 1496 3079 οὐδὲ
1523 3027 1591 3079 τά
1627 3030 1715 3080 ῐσα
1751 3031 1861 3090 τοτς

295 3114 602 3184 προφήταις
637 3114 821 3183 φέρειν
852 3114 1031 3167 δίδωσι
1056 3114 1370 3185 Μάρκελλος
1401 3115 1475 3185 τῷ
1518 3114 1739 3186 Χριστῷ
1766 3116 1861 3168 τοῦ

1941 674 2127 729 retur?
2165 688 2231 725 an
2254 674 2309 725 in
2333 671 2443 726 Deo
2473 672 2775 725 subsistens
2799 669 3147 737 sempiterno,
3176 677 3505 721 coaternum

1940 765 2229 824 exsistens,
2250 778 2412 815 unum
2441 771 2603 831 atque
2627 760 2766 815 idem
2795 773 3017 828 prorsus
3038 773 3159 813 cum
3189 756 3337 811 Deo?
3360 756 3509 824 Quo-

1942 853 2103 908 modo
2126 852 2290 922 igitnr
2320 867 2442 905 cum
2498 865 2725 921 corpore
2754 848 2889 916 fuit,
2921 850 2965 904 si
2995 851 3172 903 anima
3205 862 3399 916 expers
3423 848 3508 901 in-

1943 943 2208 997 habitavit
2250 942 2423 997 illud?
2453 941 2557 994 erit
2597 942 2670 995 ita
2699 941 2751 993 in
2787 939 3093 995 substantia
3140 937 3318 992 Patris
3349 951 3509 1005 sepa-

1945 1044 2119 1089 ratum
2145 1075 2160 1100 ,
2192 1036 2379 1089 vivens
2424 1036 2610 1101 uthue
2653 1042 2708 1087 et
2746 1032 3046 1087 subsistens
3096 1032 3151 1085 in
3199 1044 3363 1085 carne
3416 1027 3508 1087 illa

1944 1142 2105 1196 quam
2155 1126 2468 1196 assumpsit.
2519 1125 2657 1191 Quid
2709 1138 2839 1192 ergo
2888 1122 3141 1191 prohibet
3168 1122 3330 1176 etiam
3382 1129 3511 1174 ante

1944 1216 2130 1270 mundi
2158 1214 2315 1284 hujus
2331 1214 2764 1269 constitutionem
2797 1213 2989 1268 Filium
3013 1213 3103 1267 Dei
3128 1212 3304 1265 vivum
3332 1211 3513 1279 ipsum

1946 1305 2197 1359 conﬁteri
2234 1304 2257 1357 τ
2317 1303 2421 1359 Sed
2475 1303 2707 1357 fortasse
2744 1302 2979 1366 dixerit,
3025 1302 3138 1357 sola
3172 1299 3510 1371 operatione,

1946 1410 2053 1451 non
2101 1396 2419 1450 substantiae
2464 1394 2782 1465 hypostasi,
2831 1394 2884 1447 in
2936 1407 3165 1462 corpore
3220 1390 3514 1446 exstitisse.

1953 1501 1973 1535 ι
2010 1484 2298 1552 Operativa
2333 1485 2503 1547 enim,
2525 1484 2623 1547 ait,
2656 1484 2851 1536 virtute
2875 1480 3243 1550 sola,corpori
3274 1493 3515 1548 praesens

1953 1593 1974 1626 ι
2011 1584 2162 1635 erat,
2200 1574 2266 1629 ad
2301 1575 2474 1643 ipsum
2523 1574 2845 1629 movendum
2886 1583 2940 1627 et
2970 1572 3303 1641 operandum
3331 1568 3518 1623 omnia

1953 1684 1973 1717 ι
2009 1681 2128 1735 quae
2151 1676 2439 1719 narrantur
2470 1665 2522 1718 in
2558 1663 2887 1733 Evangeliis,
2914 1661 3221 1717 substantia
3254 1673 3383 1713 vero
3411 1658 3519 1711 Deo

1955 1773 1974 1807 ι
2010 1756 2473 1826 conjungebatur;
2502 1762 2686 1822 utpote
2717 1752 2951 1807 Verbum
2982 1752 3149 1821 ipsius
3194 1766 3314 1805 cmn
3349 1756 3518 1807 esset.

1957 1865 1976 1897 ι
2013 1846 2080 1898 ab
2126 1846 2243 1915 ipso
2280 1842 2642 1913 inseparabile
2693 1853 2749 1895 et
2794 1842 3183 1895 indistinctum.
3238 1858 3257 1891 ι
3297 1844 3355 1901 >14
3394 1836 3520 1891 llaec

1878 1922 1921 1976 Β
1950 1936 1995 1989 si
2044 1936 2246 1989 dixerit
2276 1973 2292 1999 ,
2333 1933 2737 1989 sciscitantibus
2788 1932 2947 1986 nobis
2988 1939 3097 1984 tum
3142 1928 3464 1997 respondeat
3502 1946 3513 1979 ε

1944 2026 2079 2081 Num
2110 2026 2448 2096 pertingebat
2474 2026 2541 2079 ad
2573 2024 2741 2080 solam
2769 2025 2912 2078 illam
2946 2038 3166 2079 carnem
3194 2021 3357 2077 Verbi
3376 2020 3521 2075 illius

1945 2117 2233 2185 operatio?
2264 2131 2441 2171 nonne
2466 2116 2631 2171 etiam
2659 2125 2714 2170 et
2742 2116 2810 2170 ad
2855 2126 3084 2169 caeteros
3131 2114 3381 2168 homines
3420 2112 3520 2166 Dei

1949 2219 2165 2263 sanctos
2190 2248 2203 2271 ,
2258 2217 2312 2263 et
2357 2209 2422 2261 ad
2466 2217 2690 2263 caeteras
2722 2223 2912 2263 omnes
2940 2222 2969 2261 a
2994 2206 3175 2261 Verbo
3219 2206 3521 2274 productas

1950 2300 2273 2355 creaturas?
2305 2299 2464 2354 Certe
2497 2300 2715 2369 quidem
2756 2298 2929 2353 edocti
2963 2314 3172 2362 sumus,
3196 2297 3372 2352 Verbo
3407 2295 3518 2349 Do-

1952 2390 2080 2443 mini
2119 2390 2288 2444 coelo:
2340 2390 2716 2445 constabilitos
2751 2408 2765 2443 :
2801 2400 2853 2443 et
2878 2390 3058 2443 omnia
3082 2403 3177 2457 per
3206 2388 3354 2442 illum
3380 2387 3520 2442 facta

1952 2480 2159 2534 fuisse:
2190 2491 2276 2543 et,
2305 2483 2423 2536 sine
2464 2481 2555 2535 illo
2596 2482 2799 2535 factum
2834 2480 2999 2535 fuisse
3038 2479 3217 2534 nihil:
3244 2480 3451 2534 scimus
3492 2492 3527 2533 ο

1954 2571 2152 2626 divinis
2175 2568 2495 2640 Scripturis,
2524 2573 2795 2641 quomodo
2834 2572 2922 2626 hic
2956 2572 3009 2625 in
3047 2572 3300 2626 omnibus
3334 2585 3528 2640 opere-

1957 2672 2061 2715 tur.
2092 2662 2366 2731 Scriptum
2388 2672 2505 2717 est:
2555 2661 2775 2718 Verbum
2804 2662 3021 2717 Domini
3064 2664 3131 2715 ad
3177 2662 3326 2726 Osee,
3352 2662 3524 2729 ﬁlium

1956 2752 2108 2807 Beeri
2143 2753 2222 2817 “;
2255 2764 2342 2809 et:
2385 2753 2601 2808 Verbum
2633 2753 2845 2807 Domini
2888 2754 3085 2823 factum
3118 2752 3290 2806 estad
3322 2752 3526 2805 Isaiam

1958 2846 2126 2912 filium
2153 2848 2310 2901 Amos
2334 2848 2374 2878 "
2398 2863 2413 2912 ;
2435 2856 2517 2902 et:
2556 2845 2780 2900 Verbum
2804 2846 3014 2900 Domini
3058 2846 3126 2899 ad
3155 2843 3523 2907 Ieremiam“.

1960 2938 2017 2992 In
2038 2953 2353 3006 unoquoque
2371 2940 2597 3008 denique
2622 2939 2879 3007 propheta
2896 2939 3222 3007 operabatur
3238 2936 3364 2991 illud
3385 2936 3527 2990 idem

1960 3029 2181 3081 verbum
2232 3030 2360 3093 Dei;
2399 3028 2658 3097 aequalem
2708 3030 2871 3098 igitur
2915 3029 2990 3084 illi
3018 3043 3209 3083 omnes
3236 3042 3355 3081 cum
3390 3024 3529 3079 Filio

1966 3119 2060 3173 Dei
2109 3119 2422 3187 dignitatem
2455 3120 2877 3189 participabant,
2909 3134 3012 3174 nec
3039 3127 3157 3173 erat
3186 3118 3363 3185 aliqua
3399 3117 3533 3172 Ser-

296 3204 453 3259 Θεοῦ.
509 3208 572 3258 Ut
619 3204 716 3275 μὲν
758 3204 867 3276 γὰρ
917 3206 1062 3276 ζωῆς
1115 3207 1329 3260 αἰωνίου
1359 3208 1624 3261 ἀθανάτου
1673 3226 1732 3262 τε
1771 3210 1859 3263 καὶ

1965 3210 2163 3264 vatoris
2198 3210 2585 3279 prterogativa;
2631 3210 2674 3263 si
2731 3210 2843 3263 sola
2875 3208 2965 3261 ille
2993 3207 3307 3277 operatione
3341 3204 3528 3269 Verbi,

295 3296 653 3366 ἀτελευτήτου
703 3295 1001 3359 τεύξονται,
1046 3299 1124 3360 είς
1155 3298 1279 3360 τοὺς
1314 3300 1559 3363 ἅπαντας
1580 3299 1781 3363 αίῶνας
1808 3303 1865 3353 ἐν

298 3389 367 3457 τῇ
396 3385 810 3458 κατηγγελμένῃ
840 3386 947 3438 τῶν
975 3388 1216 3459 οὐρανῶν
1244 3387 1487 3461 βασιλείᾳ
1531 3391 1864 3460 βιωσόμενοι,

299 3476 523 3544 ἀγαθῶν
544 3494 603 3529 τε
620 3477 1035 3541 ἀπολαύσοντες,
1066 3477 1104 3531 ἁ
1132 3480 1437 3547 ὀφθαλμὸς
1472 3484 1583 3533 οὐκ
1611 3478 1730 3534 εἶδε
1771 3482 1867 3534 καὶ

300 3563 411 3631 οὖς
438 3570 546 3621 οὐκ
586 3568 813 3635 ἤκουσε
851 3569 948 3620 καὶ
991 3569 1087 3621 ἐπὶ
1120 3569 1369 3635 καρδίαν
1407 3570 1715 3637 ἀνθρώπου
1756 3573 1868 3624 οὐκ

297 3656 481 3723 ἀνέϐη
505 3675 516 3688 ·
547 3660 575 3711 6
595 3658 651 3711 δὲ
679 3658 910 3728 Χριστὸς
942 3658 1034 3712 τοῦ
1066 3660 1222 3722 Θεοῦ,
1253 3662 1412 3723 αὐτὸς
1443 3663 1471 3714 6
1501 3662 1675 3724 κοινὸς
1706 3662 1872 3715 ἀπάν-

300 3763 413 3800 των
445 3746 653 3817 Σωτὴρ,
688 3749 716 3800 6
740 3748 1075 3816 πρωτότοκος
1109 3749 1215 3800 τῶν
1247 3750 1454 3820 νεκρῶν
1474 3789 1489 3812 ,
1519 3753 1551 3820 ή
1584 3751 1737 3814 ἐλπὶς
1772 3755 1870 3822 τῆς

301 3838 415 3893 τῶν
443 3840 611 3907 ἁγίων
645 3841 1011 3907 ἀναστάσεως,
1045 3841 1201 3910 μόνος
1243 3842 1351 3909 ἄρα
1388 3842 1508 3893 τότε
1548 3842 1873 3913 ἀπολειφθή-

305 3939 461 3982 σεται
508 3930 921 4001 παυθησομένης
963 3930 1124 3983 αὑτοῦ
1176 3934 1273 4001 τῆς
1316 3930 1607 3999 βασιλείας,
1642 3932 1735 3984 κα).
1774 3931 1874 4001 τῆς

307 4025 572 4087 ζωοποιοῦ
604 4026 800 4095 σαρκὸς
837 4027 1041 4095 ἐρήμου
1068 4024 1159 4077 καὶ
1202 4023 1397 4090 ἀλόγου
1443 4024 1873 4095 καταλειφθησο-

315 4113 504 4183 μένης,
536 4114 610 4175 eis;
642 4114 777 4183 μήτε
804 4114 1172 4184 προῦπάρχειν
1205 4112 1365 4166 αὐτὸν
1394 4112 1520 4165 Υἱὸν
1544 4114 1677 4166 Θεοῦ
1727 4115 1873 4179 ὄντα,

313 4208 451 4278 μήτε
483 4207 719 4277 διαρκεῖν
749 4210 825 4271 εἰς
856 4208 1102 4278 ἄπειρον,
1129 4207 1271 4261 κατὰ
1311 4210 1407 4280 τὴν
1436 4209 1529 4262 τοῦ
1562 4211 1875 4281 Μαρκέλλου

309 4300 673 4353 διδασκαλίαν.
708 4301 946 4363 Εἰκότως
974 4300 1080 4371 ἄρα
1114 4300 1288 4353 ταῦτα
1320 4299 1539 4367 βασιλέα
1564 4302 1641 4371 (l)
1680 4303 1770 4355 τὸν
1803 4303 1877 4366 ὡς

312 4389 527 4460 ἀληθῶς
576 4390 791 4460 θεοφιλῆ
848 4392 942 4444 κα).
981 4390 1373 4461 τρισμακάριον
1394 4391 1533 4444 κατὰ
1566 4392 1660 4445 τοῦ
1691 4393 1879 4464 ἀνδρὸς

314 4481 503 4547 ἐκίνει,
536 4481 707 4534 καίτοι
742 4481 905 4551 μυρία
928 4480 1372 4545 κολακεύσαντος,
1411 4484 1504 4535 καὶ
1525 4483 1693 4536 πολλά
1728 4484 1881 4553 βασι-

1965 3302 2107 3368 quod
2156 3315 2278 3353 cum
2309 3300 2417 3353 Deo
2450 3298 2661 3353 unitum
2713 3299 2986 3361 manebat,
3024 3298 3361 3350 movebatur.
3417 3295 3533 3348 lmo

1966 3406 2094 3445 vero
2124 3390 2411 3447 Marcellus
2445 3406 2549 3445 non
2582 3390 2819 3445 admittit
2861 3389 2955 3443 Dei
2986 3387 3209 3453 Filium,
3240 3389 3308 3443 ad
3344 3402 3532 3457 arqua-

1967 3482 2044 3537 les
2081 3484 2357 3551 portiones
2383 3497 2503 3535 cum
2556 3481 2816 3550 propheta
2870 3480 3080 3549 quovis.
3122 3480 3535 3548 Conscqueuter
3648 3500 3653 3503 -

1968 3574 2109 3628 enim
2142 3574 2217 3627 illi
2252 3574 2414 3627 vitam
2442 3582 2726 3634 aeternam.
2770 3571 3128 3625 immortalem
3149 3610 3164 3632 ,
3210 3581 3264 3623 et
3293 3569 3535 3623 indetcr—

1970 3666 2277 3721 minabilem
2304 3706 2319 3728 ,
2361 3680 2458 3735 per
2492 3664 2685 3719 saecula
2726 3677 2917 3732 nempe
2948 3664 3129 3717 omnia
3184 3662 3235 3715 in
3269 3660 3536 3731 promisso

1971 3758 2063 3811 illo
2108 3771 2272 3826 regno
2330 3757 2591 3811 cmlornm
2648 3756 2895 3819 victuri,
2948 3754 3203 3807 fruitione
3240 3750 3537 3821 gaudentes

1972 3847 2234 3901 bonorum
2259 3888 2272 3907 ,
2310 3862 2429 3916 quae
2456 3862 2552 3901 nec
2577 3846 2768 3900 oculus
2804 3846 2969 3908 vidit,
3001 3858 3103 3898 nec
3134 3844 3280 3897 auris
3308 3840 3535 3905 audivit,

1974 3955 2071 3993 nec
2104 3938 2343 3992 ascendit
2380 3939 2431 3991 in
2465 3953 2559 3991 cor
2593 3936 2847 3991 hominis.
2897 3935 3150 3990 Christus
3190 3943 3369 3988 autem
3400 3931 3539 3997 Dei,

1974 4029 2276 4083 communis
2314 4031 2551 4083 omnium
2590 4028 2870 4091 Servator,
2908 4036 3240 4081 mortuorum
3271 4024 3542 4093 primoge-

1978 4120 2122 4173 nitus
2149 4160 2163 4181 ,
2214 4134 2335 4189 spes
2369 4119 2783 4173 resurrectionis
2822 4127 3131 4172 sanctorum
3158 4157 3174 4184 ,
3224 4116 3374 4170 solus
3410 4124 3541 4168 tunc

1978 4211 2399 4280 derelinquetur,
2422 4209 2597 4263 ablato
2628 4209 2728 4263 sibi
2758 4223 2944 4278 regno,
2976 4222 3142 4262 carne
3172 4205 3415 4269 viviﬁca,
3446 4220 3546 4258 nu-

1978 4300 2042 4354 da
2076 4311 2133 4355 et
2154 4300 2454 4355 irrationali
2484 4300 2736 4354 derelicta
2772 4318 2783 4353 :
2818 4310 2875 4353 ut
2909 4300 3022 4368 qui,
3050 4316 3070 4349 ι
3108 4313 3212 4353 non
3241 4306 3361 4351 erat
3394 4295 3547 4366 prius

1980 4406 2137 4459 quam
2186 4400 2427 4447 exstaret
2474 4391 2676 4455 homo,
2732 4390 2904 4445 Filius
2960 4389 3091 4452 Dei;
3152 4408 3170 4441 ι
3221 4403 3396 4457 neque
3445 4401 3546 4455 per

1980 4483 2336 4536 aeternitatem
2369 4483 2735 4549 perseverabit
2777 4497 2895 4536 esse
2919 4521 2937 4546 ,
2982 4482 3134 4550 juxta
3182 4479 3419 4534 Marcelli
3448 4479 3546 4532 do-

313 4571 453 4634 λέως
498 4571 743 4641 ἐγκώμια
795 4571 958 4625 αὑτοῦ
1009 4574 1065 4624 ἐν
1124 4572 1512 4642 συγγράμματι
1560 4573 1855 4637 διελθόντος

1980 4574 2231 4627 ctrinam.
2259 4573 2522 4637 Quocirca
2555 4588 2661 4627 non
2694 4572 2963 4626 immerito
2982 4573 3215 4626 lmctam
3245 4567 3543 4633 horrenda,

313 4662 502 4715 Ταῦτα
540 4662 595 4714 δὲ
625 4664 719 4715 καὶ
751 4662 848 4732 τὴν
882 4663 1041 4729 ἀγίαν
1094 4662 1341 4728 σύνοδον,
1389 4666 1446 4715 ἐν
1497 4667 1563 4733 τῇ
1626 4664 1874 4737 βασιλικῇ

318 4753 674 4806 συνελθοῦσαν
729 4753 878 4806 πόλει
910 4752 968 4817 ἐξ
1017 4754 1290 4823 ἐπαρχιῶν
1344 4753 1645 4823 διαφόρων,
1682 4757 1878 4808 Πόντου

319 4846 413 4897 καὶ
446 4845 851 4907 Καππαδοκίας,
899 4845 1080 4907 Ἀσίας
1113 4862 1171 4896 τε
1205 4845 1297 4896 καὶ
1316 4846 1571 4914 Φρυγίας,
1607 4847 1698 4898 κα).
1725 4846 1882 4900 Βιθυ-

319 4936 459 4998 νίας,
496 4935 713 5006 Θρᾴκης
744 4952 805 4986 τε
846 4936 937 4989 κα).
966 4935 1074 4987 τῶν
1119 4936 1375 4987 ἐπέκεινα
1432 4935 1612 5006 μερῶν
1639 4975 1653 4998 ,
1707 4937 1888 5007 στηλι-

401 5118 460 5176 at
490 5110 587 5205 E3.
614 5100 785 5165 Paris.
814 5125 936 5181 pag.
965 5110 1053 5164 55.
1129 5111 1173 5142 ⁸⁸
1204 5110 1326 5168 Ose.
1368 5128 1408 5177 ι,
1454 5114 1503 5166 1.

398 5291 507 5362 (97)
554 5292 693 5361 Ἐνῇ
722 5293 1025 5361 ἀνείληφε.
1056 5291 1251 5345 Facilis
1279 5289 1565 5362 restitutio,
1600 5282 1719 5362 ἐξιμῇ
1748 5290 1890 5362 ἀνεί-

327 5355 960 5435 ληφεξΜ-βείη-νιηέό
985 5364 1161 5434 σάρκα
1195 5362 1309 5435 loco
1340 5359 1501 5435 capx‘i
1522 5370 1573 5435 et
1598 5355 1719 5411 ἀλλ³’
1738 5355 1891 5412 εἶπεν

329 5429 531 5487 et'inox
560 5435 606 5485 εί
635 5433 691 5485 δὲ
716 5432 885 5485 ταῦτα
912 5434 985 5495 λ.,
1019 5429 1179 5500 porro
1200 5429 1721 5500 ἐνέργειαέφθακεν,
1741 5445 1887 5483 corr.

330 5502 561 5571 ἔφθασεν
587 5512 641 5554 et
669 5502 1071 5571 ἐστερεώθησαν
1100 5503 1193 5553 καί
1220 5500 1283 5551 δι’
1310 5499 1471 5571 αὑτοῦ
1504 5499 1677 5551 πάντα
1700 5501 1781 5565 ἐγ.

406 5572 516 5641 (98)
544 5573 778 5624 Οὐκοῦν
798 5566 1041 5641 ἐνεργεῖ.
1086 5572 1247 5641 Lege,
1284 5570 1383 5621 οὑκ
1415 5566 1529 5641 οὖν,
1552 5571 1633 5641 ὅτι
1663 5571 1889 5637 ἐνεργεῖ.

335 5642 401 5697 Et
419 5639 631 5703 statim,
663 5639 976 5709 ἀγαθῶντε
1006 5640 1397 5695 ἀπολαύσονται
1430 5641 1498 5701 (c.
1522 5640 1553 5689 l.
1580 5639 1656 5709 5).

408 5710 519 5780 (99)
543 5707 720 5779 Vulgo
737 5713 949 5777 ἐγένετο
964 5722 1014 5764 et
1031 5712 1247 5780 ἐνήργει
1280 5710 1308 5761 6
1335 5709 1491 5770 αὐτὸς
1509 5718 1561 5762 ct
1577 5710 1623 5759 εἰ
1638 5707 1712 5772 δέ,
1730 5722 1887 5776 porro

336 5782 502 5851 ῆκουε
530 5789 587 5832 ct
610 5780 744 5851 Θεοῦ
767 5783 795 5833 6
823 5782 995 5845 κοινὸς
1022 5782 1120 5833 ἀπ.
1148 5783 1212 5833 Σ.

412 5850 488 5918 (l)
515 5850 794 5908 Βασιλέα.
827 5852 1239 5909 Constantinum
1269 5846 1516 5916 intelligit
1546 5848 1653 5918 jzun
1692 5846 1882 5902 delun-

1602 5114 1642 5144 “
1678 5113 1782 5169 lsa.
1808 5130 1847 5176 1,
1879 5117 1931 5170 1.

1980 4680 2159 4733 regem
2194 4665 2340 4719 illum
2375 4680 2500 4719 vere
2529 4665 2857 4735 religiosum,
2880 4673 2936 4717 et
2962 4673 3043 4717 ter
3060 4666 3269 4717 beatum
3286 4662 3545 4715 adversus

1984 4756 2301 4822 scriptorem
2337 4756 2710 4818 concitarunt,
2745 4755 2870 4809 licet
2901 4754 2975 4808 illi
3016 4755 3069 4808 in
3105 4754 3309 4821 scripto
3340 4765 3438 4805 suo
3465 4749 3548 4803 itt-

1982 4846 2147 4899 ﬁnitis
2178 4847 2350 4901 modis
2375 4848 2804 4912 adblandiretur,
2830 4855 2885 4901 et
2924 4845 3104 4899 multis
3134 4860 3256 4899 eum
3286 4842 3547 4898 encomiis

1984 4937 2316 4992 honestaret.
2367 4936 2496 4993 llaec
2530 4940 2584 4994 in
2626 4938 2776 4992 illum
2822 4944 3229 4993 commoverunt
3261 4948 3547 4991 sacrosan-

2008 5117 2050 5147 ⁴²
2078 5116 2189 5173 Jer.
2218 5134 2255 5185 ι,
2277 5116 2347 5185 2;
2382 5133 2509 5184 xxv,
2534 5118 2585 5173 l.

1987 5302 2157 5357 ctum,
2186 5296 2269 5350 cui
2304 5296 2565 5364 scriptum
2598 5296 2727 5351 illud
2758 5312 2913 5351 suum
2946 5294 3235 5351 Marcellus
3263 5294 3543 5351 offerebat.

1990 5364 2037 5435 Is
2064 5364 2390 5435 Marcellum.
2437 5366 2501 5417 ab
2543 5366 2860 5421 Eusebianis
2897 5370 3205 5435 episcopatu
3236 5375 3462 5429 motum,
3491 5367 3546 5421 in

1988 5434 2104 5506 ejus
2132 5434 2300 5506 locum
2323 5434 2515 5506 Basilio
2537 5436 2767 5506 quodam
2786 5434 3097 5506 subrogato,
3114 5436 3274 5506 jussit
3299 5436 3550 5490 exsulare

1987 5503 2043 5556 in
2084 5504 2312 5556 concilio
2360 5503 2978 5567 Constantinopolitano;
3018 5503 3160 5557 anno
3205 5503 3547 5559 Constantini

1988 5572 2199 5637 ultimo,
2231 5573 2429 5625 Christi
2467 5573 2590 5635 356,
2645 5572 2942 5636 celebrato,
2980 5574 3132 5640 cujus
3179 5574 3265 5626 hic
3306 5574 3552 5627 meminit

1989 5643 2267 5697 Eusebius.
2300 5642 2352 5693 In
2375 5657 2481 5707 quo
2518 5642 2781 5697 Eusebius
2811 5643 2898 5697 ille
2914 5644 3234 5696 Arianorum
3272 5652 3553 5708 protospa-

1991 5713 2161 5783 tarius
2182 5753 2195 5768 .
2236 5712 2359 5764 olim
2395 5712 2838 5783 Niconiediensis,
2871 5712 3216 5783 praesidebat.
3243 5710 3399 5765 bl.—
3430 5710 3550 5768 ilo:

1988 5782 2148 5851 Vulgo
2180 5783 2372 5834 Πόντου
2400 5798 2454 5833 τε
2483 5780 2595 5837 καί.
