4048 6484
569 350 675 412 σεδ

1222 340 1490 399 EUSEBII
1526 336 1996 395 CESARIENSIS
2031 335 2104 392 OF

2219 333 2399 388 PARS
2436 332 2523 386 ιν.
2550 363 2617 373 -
2653 329 3062 388 DOGM.\TICA.

3663 320 3763 381 εει

570 472 712 516 ctam
750 461 892 515 illam
923 458 1211 529 synodum,
1234 470 1353 525 quae
1383 455 1448 508 de
1472 451 1697 508 diversis
1727 451 1859 505 adeo
1889 449 2100 519 provin-

2209 447 2382 500 τεύειν
2422 446 2510 499 τὸν
2552 446 2738 517 ἄνδρα,
2784 445 2870 497 διὰ
2911 445 3021 515 τῆς
3038 448 3157 499 κατ’
3190 443 3352 499 αὑτοῦ
3396 440 3635 511 Γραφῆς,

570 549 689 617 ciis,
728 547 897 604 Ponto
920 587 937 612 ,
955 545 1296 616 ,Cappadocia
1317 586 1331 610 ,
1359 529 1531 610 Asia,
1554 541 1814 611 Phrygia,
1843 540 2108 611 Bithynia,

570 616 816 703 Thracia,
842 649 893 694 et
917 616 1259 694 ulterioribu’s
1286 636 1593 706 regionibus
1623 636 1672 688 in
1703 632 1900 702 regiam
1925 634 2107 685 urbem

568 741 891 789 convenerat
938 748 953 785 :
999 739 1053 783 et
1093 738 1151 783 ut
1195 728 1397 797 scripto
1446 727 1499 779 in
1551 726 1695 778 iHum
1733 723 2111 778 inveherentur

567 816 754 886 Patres
779 820 861 872 vel
892 819 1084 873 invitos
1107 824 1418 885 coegerunt.
1450 814 1574 869 Haec
1598 822 1651 869 et
1682 828 1781 869 nos
1820 813 1963 879 ipsos
1988 828 2109 881 pro-

578 918 865 962 traxerunt
894 909 958 961 ad
999 909 1136 961 hanc
1161 922 1280 975 quae
1326 921 1433 974 pra!
1483 905 1731 958 manibus
1777 914 1857 958 est
1902 904 2107 969 disqui-

566 1000 817 1054 sitionem
853 1035 871 1062 ,
925 1008 985 1051 ut
1042 996 1280 1063 vestigiis
1352 995 1494 1049 illius
1548 994 1732 1063 synodi
1799 993 2108 1047 insistentes

566 1089 868 1142 sanctiones
894 1096 1186 1148 tueremur.
1223 1093 1276 1140 et
1301 1083 1692 1139 comministris
1728 1084 1925 1135 nostris
1949 1082 2107 1135 satis-

564 1177 879 1240 faceremus,
915 1180 1000 1244 qui
1053 1179 1164 1233 hac
1228 1186 1283 1231 ut
1322 1174 1733 1244 aggrederentur
1766 1173 1917 1226 nobis
1946 1173 2105 1225 dede-

565 1276 690 1321 runt
712 1267 762 1319 in
789 1273 846 1330 ἦέ
880 1267 1163 1320 mandatis.
1210 1264 1459 1333 Inprimis
1504 1273 1703 1326 autem,
1736 1263 1987 1321 arbitror.
2018 1277 2108 1314 ne-

562 1356 800 1410 cessario
824 1358 951 1410 mihi
984 1357 1082 1410 hoc
1105 1355 1403 1409 faciendum
1427 1352 1619 1415 fuerat,
1648 1362 1863 1420 propter
1893 1365 1985 1404 eos
2012 1351 2103 1417 qui

561 1446 875 1500 existimant
900 1446 1043 1506 hunc
1068 1445 1259 1511 injuria
1288 1444 1443 1500 allici.
1480 1444 1639 1497 Decet
1662 1443 1803 1495 enim
1835 1441 1972 1494 hanc
1998 1439 2105 1493 fra-

564 1545 706 1591 trum
733 1546 1037 1591 nostrorum
1065 1536 1419 1604 suspicionem
1451 1536 1688 1589 eximere
1714 1547 1779 1586 ex
1803 1532 2018 1597 animis,
2048 1539 2103 1585 et

563 1626 870 1694 aliquandiu
906 1625 1151 1678 latentem
1191 1636 1245 1678 et
1277 1639 1372 1693 per
1406 1622 1623 1677 latibula
1657 1621 1976 1705 occultatam
2026 1620 2103 1690 ip-

561 1716 673 1771 sius
716 1716 767 1769 in
807 1713 999 1769 Filium
1031 1714 1121 1768 Dei
1155 1715 1481 1782 impietatem
1507 1755 1521 1779 ,
1560 1714 1613 1766 in
1659 1722 1896 1781 apertam
1926 1712 2100 1765 lucem

2217 540 2290 610 μὴ
2330 538 2603 600 θέλουσαν,
2648 537 2967 601 ἐξεϐιάζετο.
3017 538 3199 592 Ταῦτα
3234 536 3329 590 καὶ
3370 536 3516 605 ἡμᾶς
3555 533 3654 603 (2),
3679 528 3772 585 ἐπὶ

2213 630 2311 698 τὴν
2340 629 2478 697 μετά
2513 632 2667 698 Χεῖρα
2716 628 2955 692 ἐξέτασιν
3007 630 3285 700 προελθεῖν
3335 624 3764 695 κατηνάγκασεν,

2212 720 2344 787 ὁμοῦ
2371 719 2426 772 δὲ
2465 722 2575 782 τοῖς
2598 718 2804 783 δόξασιν
2831 722 2894 789 τῇ
2927 719 3055 789 ἁγίᾳ
3084 719 3285 789 συνόδῳ
3315 715 3767 785 παρισταμένους,

2212 809 2355 878 ὁμοῦ
2399 809 2493 860 καὶ
2559 812 2668 871 τοῖς
2731 808 3151 877 συλλειτουργοίς
3221 807 3548 879 προστάξασι
3619 800 3771 855 τοῦτο

2213 900 2413 968 πρᾶξαι
2482 900 2542 950 τὸ
2604 899 2782 951 ἱκανὸν
2839 898 3208 967 ποιουμένους.
3266 897 3511 951 Μάλιστα
3560 894 3619 946 δέ
3684 907 3770 961 μοι

2212 990 2499 1056 ἀναγκαῖον
2552 988 2787 1057 ἡγοῦμαι
2842 986 3195 1061 γεγεννῆσθαι
3256 986 3315 1039 τὸ
3385 986 3623 1056 γράμμα
3684 979 3772 1047 διά

2210 1081 2333 1142 τοὺς
2362 1078 2643 1147 ἠδικῆσθαι
2672 1078 2760 1129 τὸν
2790 1078 2953 1147 ἄνδρα
2978 1077 3340 1145 νενομικότας.
3360 1074 3478 1145 Χρὴ
3493 1073 3605 1141 γὰρ
3637 1071 3773 1123 ἀπο-

2212 1169 2541 1239 θεραπεῦσαι
2581 1169 2680 1237 τὴν
2721 1175 2828 1219 τῶν
2876 1166 3154 1237 ἡμετέρων
3200 1165 3441 1232 ἀδελφῶν
3491 1164 3771 1221 ὑπόνοιαν¹

2209 1260 2293 1315 διὰ
2328 1260 2420 1313 τοῦ
2458 1260 2692 1330 φανερὰν
2730 1259 3062 1328 καταστῆσαι
3084 1259 3181 1326 τὴν
3218 1259 3441 1327 μακροῖς
3495 1254 3597 1324 μὲν
3648 1250 3774 1321 χρό-

2209 1369 2316 1414 νοις
2345 1352 2763 1421 ἐμφωλεύσαμεν
2787 1350 2932 1419 αὐτῷ
2955 1352 3032 1411 εἰς
3074 1350 3161 1400 τὸν
3194 1349 3317 1400 Υιὸν
3350 1346 3443 1399 τοῦ
3465 1343 3603 1398 Θεοῦ
3645 1344 3775 1396 ἀπι-
3804 1394 3807 1395 ,

2211 1444 2381 1508 στίαν,
2416 1444 2529 1496 νυνὶ
2561 1443 2616 1495 δέ
2652 1442 3011 1513 ἐληλεγμένην
3053 1441 3127 1511 ('5)
3158 1440 3245 1493 διὰ
3276 1441 3372 1507 τῆς
3429 1436 3595 1488 αὑτοῦ
3636 1448 3775 1501 γρα-

2209 1533 2312 1600 φῆς
2333 1550 2344 1561 ·
2378 1534 2462 1602 ἢν,
2506 1533 2726 1603 μηδενὸς
2760 1532 3063 1597 καλοῦντος,
3095 1529 3386 1597 αὐτόμολος
3418 1528 3607 1597 φέρων
3639 1541 3778 1595 παρτ

2205 1624 2294 1694 ἦν,
2336 1626 2542 1695 βασιλεῖ
2586 1644 2644 1678 τε
2688 1628 2779 1677 ἐπὶ
2813 1629 2969 1697 χεῖρα
2996 1625 3136 1688 δοὺς,
3182 1623 3332 1691 ἠξίου
3363 1619 3660 1687 διαγνῶναι
3709 1616 3776 1668 τὰ

2207 1717 2659 1788 ὲγγεγραμμένα’
2712 1717 2851 1786 τάχα
2900 1734 2999 1769 που
3037 1715 3262 1778 ἐλπίσας
3307 1712 3413 1765 τῶν
3475 1712 3555 1771 εις
3610 1707 3775 1761 αὑτὸν

561 1804 915 1875 protrahere,
961 1820 1123 1874 quam
1167 1803 1382 1871 scriptis
1425 1806 1477 1856 in
1528 1804 1771 1871 praesenti
1814 1802 2104 1857 convictam

2213 1810 2498 1877 ἐγκωμίων
2542 1808 2696 1877 χάριν
2751 1810 2907 1871 αὐτὸς
2969 1809 3066 1877 μὲν
3106 1809 3284 1875 τυχεῖν
3316 1801 3625 1874 προνομίας
3679 1800 3778 1869 τῆς

562 1903 804 1949 tenemus
829 1894 996 1964 ipsius
1031 1910 1146 1963 qua:
1172 1909 1265 1948 sua
1295 1902 1503 1962 sponte,
1540 1893 1683 1947 nullo
1714 1894 1969 1947 incitante
2014 1909 2102 1947 re-

562 2000 681 2055 gent
726 1988 914 2042 adiens
964 1990 1016 2041 in
1063 2002 1251 2042 manus
1291 1987 1667 2056 pmsentabat,
1701 1987 1999 2041 obtestatus
2046 1995 2105 2041 ut

563 2077 876 2147 perlegeret.
908 2078 1169 2144 Sperabat
1201 2078 1344 2132 enim
1398 2077 1576 2131 forsan
1626 2086 1845 2145 propter
1877 2078 2107 2143 impera-

566 2167 699 2221 toris
733 2168 960 2221 iusertas
985 2165 1203 2231 laudes,
1245 2165 1357 2220 fore
1386 2174 1445 2220 ut
1486 2168 1704 2221 tutelam
1739 2175 1791 2220 et
1820 2165 2106 2234 protectio-

560 2272 684 2312 nem
716 2258 880 2328 ipsius
909 2269 1356 2327 consequeretur,
1386 2260 1618 2327 episcopi
1654 2274 1781 2312 vero
1811 2274 1946 2326 quos
1979 2273 2107 2310 con-

559 2345 715 2401 viciis
745 2346 1019 2414 proscidit,
1066 2348 1341 2417 suppliciis
1372 2347 1728 2401 traderentur.
1765 2346 1868 2399 Sed
1910 2360 2107 2417 nequa-

562 2450 721 2505 quam
750 2452 836 2492 res
860 2439 1120 2496 successit
1162 2454 1227 2492 ex
1258 2439 1419 2491 animi
1465 2440 1751 2490 sententia.
1802 2437 1941 2490 Deus
1991 2442 2107 2489 erat

561 2525 704 2581 enim
735 2528 951 2581 istorum
975 2528 1140 2594 judex
1168 2568 1182 2592 ,
1210 2538 1263 2581 et
1305 2529 1417 2596 ipse
1444 2528 1598 2582 Jesus
1632 2527 1880 2581 Christus
1908 2543 1934 2580 a
1968 2527 2106 2580 scri-

560 2627 716 2685 ptore
755 2620 1046 2686 despicatui
1085 2619 1321 2683 habitus.
1358 2619 1457 2683 Qui
1503 2635 1620 2672 cum
1670 2620 1844 2673 cordis
1876 2621 2102 2671 abscon-

561 2708 670 2761 dita
706 2709 951 2774 rimetur,
1001 2711 1170 2775 ipsum
1221 2711 1301 2763 sui
1351 2721 1716 2764 accusatorem
1759 2710 1871 2763 ﬁeri
1899 2750 1913 2773 ,
1959 2711 2100 2764 nullo

562 2798 868 2869 impellente
894 2841 907 2865 ,
939 2800 1219 2869 disposuit.
1267 2800 1418 2855 Unde
1444 2818 1563 2855 cum
1613 2803 1783 2854 adiret
1816 2802 2101 2870 imperato-

562 2904 673 2942 rem
702 2892 901 2958 scripto
940 2906 1039 2945 suo
1074 2891 1470 2959 gloriabundus,
1502 2890 1591 2943 ille
1618 2891 1821 2959 syuodo
1852 2889 2102 2942 transmi—

560 2980 633 3034 sit
686 2982 1044 3050 cognitionem
1108 2983 1320 3051 scriptis
1378 2991 1775 3038 contentorum.
1835 2979 2102 3048 Scriptum

2208 1900 2335 1968 παρ’
2360 1897 2505 1966 αὐτῷ
2532 1898 2608 1967 τῷ
2641 1899 2867 1967 βασιλεῖ,
2908 1900 3031 1961 τοὺς
3058 1898 3101 1949 δ’
3138 1899 3227 1950 ὑπ’
3258 1893 3420 1948 αὐτοῦ
3452 1906 3775 1961 κακηγορη-

2209 1986 2395 2049 θέντας
2446 1987 2769 2049 ἐπισκόπους
2821 1986 3183 2055 ὑποϐληθῆναι
3222 1983 3479 2054 τιμωρίᾳ.
3542 1981 3619 2035 Οὺ
3668 1980 3779 2049 μὴν

2208 2078 2326 2129 κατ’
2374 2075 2587 2137 ἐλπίδας
2647 2076 2795 2146 αὐτῷ
2855 2076 2924 2129 τὰ
2977 2076 3073 2147 τῆς
3140 2075 3413 2135 ἐκϐάσεως
3474 2071 3773 2143 προχωρεῖς

2209 2167 2340 2230 Θεὸς
2387 2168 2492 2237 γὰρ
2523 2164 2589 2237 ἦν
2638 2171 2667 2220 6
2696 2168 2898 2221 τούτων
2930 2170 3138 2237 κριτὴς,
3183 2166 3277 2219 καὶ
3320 2164 3483 2227 αὐτὸς
3528 2160 3778 2234 ,Χριστὸς

2218 2256 2440 2327 Ἰησοῦς,
2471 2258 2499 2307 6
2532 2257 2665 2327 πρὸς
2690 2256 2782 2309 τοῦ
2819 2257 3179 2327 συγγραφέως
3217 2254 3598 2323 άθετούμενος,
3624 2252 3686 2316 ὃς
3710 2251 3777 2323 δὴ

2205 2346 2273 2398 τὰ
2304 2347 2505 2417 κρύφια
2536 2348 2626 2400 τοῦ
2660 2347 2847 2418 ἀνδρὸς
2884 2346 3142 2418 συνορῶν,
3192 2346 3350 2399 αὑτὸν
3405 2343 3571 2397 αὑτοῦ
3645 2359 3775 2396 κατ-

2204 2439 2398 2508 ήγορον
2429 2440 2541 2508 ἅμα
2569 2439 2659 2490 καὶ
2687 2437 2922 2511 ἔλεγχον,
2978 2437 3199 2507 μηδενὸς
3232 2434 3669 2496 συνελαύνοντος,
3701 2430 3781 2500 γίο

2206 2528 2427 2594 γνεσθαι
2470 2528 2893 2597 παρεσκεύαζεν.
2954 2528 3112 2580 Ὅθεν
3146 2528 3174 2579 6
3230 2528 3327 2597 μὲν
3379 2525 3471 2578 ἐπὶ
3513 2525 3595 2594 τῷ
3648 2540 3784 2591 συγα

2204 2618 2486 2686 γράμματι
2514 2617 2975 2686 καλλωπιζόμενος
3011 2618 3215 2687 βασιλεῖ
3264 2617 3529 2688 προσῄει,
3560 2620 3588 2669 6
3616 2616 3675 2668 δὲ
3709 2617 3779 2687 τῇ

2208 2709 2406 2778 συνόδῳ
2448 2710 2721 2779 παρεδίδου
2750 2710 2846 2779 τὴν
2869 2709 3133 2780 διάκρισιν
3152 2710 3258 2762 τῶν
3283 2708 3775 2780 ἐγγεγραμμένων.

2218 2799 2278 2851 Ἠ
2303 2800 2344 2851 δ’
2366 2800 2493 2867 ἁγία
2519 2799 2610 2852 τοῦ
2633 2799 2766 2853 Θεοῦ
2795 2800 3005 2863 σύνοδος
3036 2798 3399 2870 ἀπεδοκίμαζε
3418 2800 3478 2850 τὸ
3509 2798 3774 2868 γράμμα.

2206 2890 2439 2952 Εἰκότως
2466 2892 2544 2942 ὅτι
2576 2893 2708 2961 μήτε
2733 2894 2903 2962 ἀρχὴν
2941 2892 3077 2961 μήτε
3128 2891 3279 2954 τέλος
3314 2890 3535 2953 εὐσεϐὲς
3588 2890 3781 2960 ὁμολο-

2209 2982 2295 3046 γεῖ
2324 2979 2417 3032 τοῦ
2443 2980 2568 3032 Υἱοῦ
2609 2980 2702 3032 τοῦ
2726 2981 2880 3033 Θεοῦ.

560 3087 722 3145 porro
755 3074 987 3144 synodus
1029 3074 1418 3129 condemnavit.
1459 3073 1572 3127 Nec
1622 3072 1813 3141 injuria
1846 3090 1859 3125 :
1888 3087 2010 3127 cum
2045 3074 2109 3126 de
2140 3073 2406 3141 principio
2433 3085 2487 3127 et
2548 3073 2652 3128 fine
2692 3075 2811 3128 Filii
2874 3073 2992 3141 Dei,
3032 3084 3221 3130 contra
3257 3089 3475 3132 omnem
3504 3075 3778 3133 determis

563 3176 655 3223 net
678 3167 950 3236 pietatem.

571 3333 630 3393 ᾗ
688 3325 1135 3382 REVERENDO
1188 3326 1551 3389 ΑΙ)ΜοῦοΜ
1622 3326 1715 3379 ET
1792 3326 2169 3394 DILEC'I'OC

632 3394 1145 3450 COMMINISTRO
1186 3396 1570 3461 FLACILLO,
1606 3394 1967 3451 EUSEBIUS
2017 3396 2102 3450 IN

632 3464 931 3519 ΒΟΜΙΝΟ
971 3466 1303 3521 SALUTEM
1347 3466 1414 3520 D.

634 3555 847 3610 Minime
876 3556 1110 3624 profecto
1142 3559 1439 3612 mirandum
1469 3567 1573 3623 est,
1611 3557 1652 3610 si
1689 3556 1870 3625 paucis
1899 3565 1953 3609 et
1978 3556 2104 3610 bre-

566 3648 705 3701 viter
741 3661 802 3700 ea
835 3648 1097 3702 refulasse
1129 3658 1409 3703 contentus
1442 3648 1657 3712 fuerim,
1700 3661 1817 3714 quae
1837 3647 2104 3701 verbosis-

563 3741 700 3795 sima
736 3738 981 3795 Marcello
1020 3750 1183 3803 sunt,
1225 3750 1278 3792 et
1307 3737 1617 3807 garrulitate
1656 3753 1859 3789 summa
1893 3736 2105 3803 scriptis

564 3828 969 3895 comprehensa.
1000 3828 1183 3893 Neque
1210 3831 1351 3882 enim
1391 3830 1573 3887 multis
1617 3828 1918 3885 necessario
1952 3825 2106 3879 refel-

566 3917 721 3971 lenda
753 3918 997 3983 fuerant,
1028 3934 1145 3986 quae,
1197 3935 1225 3972 a
1268 3920 1460 3988 seipsis
1507 3918 1764 3985 rejectitia
1821 3918 2106 3986 unicuique

565 4008 647 4063 vel
680 4009 835 4063 obvio
865 4011 1190 4063 viderentur.
1222 4010 1572 4075 Quamobrem
1615 4008 1897 4063 suffectura
1927 4009 2102 4062 omni-

565 4112 634 4153 no
667 4106 831 4161 ratus,
854 4113 968 4164 quae
996 4098 1196 4153 suutab
1220 4099 1430 4151 homine
1462 4097 1720 4164 profecta,
1760 4099 1808 4149 in
1838 4098 2103 4164 prioribus

566 4188 768 4242 duobus
817 4189 966 4242 libris
992 4228 1006 4253 ,
1046 4190 1291 4243 retulisse
1328 4190 1696 4243 tantummodo
1729 4188 2102 4256 contradispu-

567 4278 708 4335 tandi
738 4279 915 4332 labore
948 4280 1090 4332 omni
1141 4279 1570 4346 supersedebam,
1621 4286 1674 4330 et
1707 4278 1871 4344 ipsius
1902 4278 2102 4329 solum-

566 4368 724 4428 modo
746 4372 906 4424 verba
940 4374 1005 4422 ad
1040 4372 1209 4439 ipsum
1252 4370 1595 4423 refellendum
1634 4371 2016 4436 producebam.
2050 4368 2104 4420 In

636 4525 695 4585 »14
725 4519 822 4573 Ed.
854 4517 1021 4571 Paris.
1058 4533 1178 4586 pag.
1201 4516 1291 4570 56.
1388 4522 1445 4579 ὦ
1470 4515 1565 4573 Ed.
1596 4516 1763 4570 Paris.
1792 4533 1908 4587 pag.
1948 4518 2031 4571 57.

2209 3329 2291 3397 Ta
2378 3328 2761 3395 ΤΙΜΙΩΤΑΤῼ
2840 3328 2964 3379 ΚΑΙ
3024 3329 3369 3396 ΑΓΑΠΗΤῼ
3458 3332 3775 3384 ΣΥΑΑΕΙ-

2280 3398 2572 3455 ΤΟΥΡΓῼ.
2642 3398 3018 3455 ΦΛΑΚῙΛΛῼ
3084 3396 3158 3455 (ι)
3236 3399 3609 3453 ΕΥΣΕΒιοΣ
3676 3401 3782 3455 EN

2280 3398 2572 3464 ΤΟΥΡΓῼ.
2642 3398 3018 3464 maxuma
3084 3398 3158 3466 (ι)
3236 3399 3377 3449 an:

2276 3467 2501 3533 ΚΥΡΙῼ
2542 3464 2640 3533 (ι’)
2676 3468 2997 3518 XAIPEIN.

2274 3557 2337 3608 Εἰ
2372 3556 2506 3627 πρὸς
2544 3557 2640 3626 τὴν
2675 3556 2954 3627 ἀδόλεσχον
2991 3557 3067 3626 (5)
3097 3559 3188 3610 καὶ
3217 3559 3457 3627 πολυεπῆ
3510 3561 3777 3631 Μαρκέλο

2208 3644 2298 3696 λου
2328 3644 2540 3713 γραφὴν
2568 3644 2636 3696 τά
2661 3647 2786 3715 παρ’
2810 3645 2964 3715 ήμῶν
3009 3646 3067 3697 ἐν
3100 3646 3352 3715 βραχέσιν
3406 3649 3663 3716 ἧρκεσεν,
3710 3652 3773 3703 οὐ

2209 3735 2312 3803 χρὴ
2339 3734 2649 3803 θαυμάζειν.
2683 3736 2753 3786 υύ
2788 3735 2895 3804 γὰρ
2936 3735 2999 3805 δὴ
3032 3736 3237 3789 πολλῶν
3271 3738 3374 3788 ἔδει
3426 3737 3596 3805 λόγων
3638 3741 3777 3813 πρὸς

2212 3826 2536 3896 ἀνατροπὴν,
2573 3825 2678 3877 τῶν
2713 3827 2932 3879 αὐτόθεν
2963 3828 3056 3879 καὶ
3099 3832 3209 3891 τοῖς
3238 3828 3457 3897 τυχοῦσι
3488 3825 3776 3901 κατεγνω-

2214 3916 2441 3983 σμένων.
2478 3916 2565 3967 Διὸ
2588 3916 2649 3984 δὴ
2688 3917 2743 3967 ἐν
2773 3917 2891 3968 δυσὶ
2924 3921 3036 3980 τοῖς
3066 3918 3320 3987 πρώτοις,
3343 3920 3474 3990 μόνῃ
3504 3925 3569 3991 τῇ
3596 3938 3775 3995 παρα-

2212 4004 2355 4057 θέσει
2379 4006 2483 4058 τῶν
2512 4006 2602 4058 τοῦ
2635 4007 2820 4079 ἀνδρὸς
2853 4009 3106 4078 ῥημάτων
3136 4011 3473 4080 χρησάμενος
3514 4012 3637 4083 δίχα
3669 4015 3775 4067 πά-

2211 4113 2312 4165 σης
2340 4096 2721 4168 ἀντιρρήσεως,
2748 4097 2805 4162 ἐξ
2838 4098 3015 4151 αὐτῶν
3046 4100 3134 4151 τὸν
3170 4103 3287 4152 κατ’
3334 4101 3509 4155 αὐτῶν
3546 4104 3774 4175 ἔλεγχον

2211 4187 2437 4257 φανερὸν
2489 4188 2800 4257 ἐποιούμην.
2852 4189 2986 4241 Νυνὶ
3028 4189 3083 4240 δὲ
3126 4190 3260 4260 πρὸς
3289 4190 3469 4261 ἐκείνῃ
3500 4195 3566 4263 τῇ
3605 4194 3772 4265 φωρᾷ

2209 4278 2300 4329 καὶ
2331 4278 2425 4347 τὴν
2449 4280 2752 4349 ἀνατροπὴν
2779 4279 2885 4332 τῶν
2917 4280 3093 4333 αὐτῶν
3121 4280 3207 4333 διὰ
3254 4282 3420 4353 τριῶν
3464 4285 3570 4338 τῶν
3625 4287 3776 4357 μετὰ

2210 4372 2391 4452 χεῖρας
2422 4372 2781 4441 προσήγαγον.
2828 4372 2886 4424 '0
2924 4372 3020 4441 μέν
3054 4372 3181 4443 γὰρ,
3206 4372 3263 4424 ἐν
3294 4391 3347 4427 τι
3371 4375 3653 4445 διωλύγιον

636 4662 711 4735 (2i
748 4663 1050 4735 Ταῦταγκαῑ
1076 4662 1505 4735 ήμᾶςηΕκροιιίι
1549 4662 1635 4715 hic
1664 4662 1940 4728 Eusebius,
1966 4662 2106 4717 unde
2138 4667 2181 4722 D
2212 4661 2405 4735 fautor,
2438 4672 2490 4717 et
2525 4664 2591 4717 ab
2638 4664 2856 4719 Arianis
2908 4666 3174 4729 inductus,
3216 4666 3533 4733 Euphronii,
3572 4668 3767 4727 itidem

568 4733 787 4797 factum,
813 4743 862 4783 ut
890 4734 953 4785 ad
981 4733 1355 4784 cuni-timidum
1382 4733 1543 4785 hocce
1580 4734 1831 4799 scriptum
1858 4747 2098 4785 accesse-

572 4804 660 4862 rit,
691 4802 897 4854 concilii
936 4802 1138 4854 scilicet
1176 4803 1475 4866 imperium,
1524 4810 1577 4851 et
1615 4802 1863 4854 Actorum
1890 4802 2100 4855 concilii

571 4872 928 4925 defensionem
965 4872 1091 4923 :sed
1122 4869 1436 4923 factinerat.
1483 4869 1802 4924 Praesidebat
1842 4871 2103 4924 Eusebius

570 4940 1196 5007 Constantitiopolitanus.
1249 4939 1428 4992 Ariani
1462 4948 1611 4993 erant
1646 4954 1775 5006 pene
1812 4955 1995 4992 omnes
2051 4940 2100 4991 in

572 5010 661 5061 illo
686 5009 910 5061 concilio
958 5009 1261 5075 corigregati
1300 5026 1309 5057 :
1371 5018 1573 5060 tantum
1622 5023 1725 5059 non
1772 5009 2102 5061 ariauizabat

572 5078 855 5143 imperator
881 5093 894 5128 :
916 5076 1214 5128 Marcellum
1237 5076 1309 5128 illi
1332 5078 1686 5133 odernutndio
1703 5078 2097 5143 capitalissinm.

572 5145 695 5200 Haec
725 5144 957 5198 nOnideo
980 5144 1116 5195 dicta
1147 5154 1286 5200 sunt.
1321 5146 1691 5199 utMarcellum
1719 5156 1983 5200 tueantur.
2005 5147 2093 5198 sed

574 5224 627 5264 ut
651 5215 963 5283 Arianorum
1001 5215 1291 5278 operarios,
1333 5224 1384 5265 et
1411 5231 1597 5283 operas
1633 5215 1943 5267 iudicemus.
1973 5215 2102 5276 Θεὸς

571 5284 675 5353 γὰρ
720 5282 899 5353 ἔσεται
923 5283 950 5333 6
988 5282 1185 5335 τούτων
1214 5284 1421 5353 κριτής,
1448 5282 1509 5333 ιιι
1557 5284 1730 5353 verbis
1767 5285 2099 5349 Eusebiauis,

573 5351 661 5405 sed
687 5366 841 5404 sensu
869 5352 1233 5418 Epiphaniauo
1254 5351 1581 5405 concludam.
1613 5351 1682 5404 Μ.

619 5421 716 5550 ἐξ»)
740 5419 913 5491 Vulgo
940 5419 1141 5489 ἐλελεγ.
1175 5432 1229 5474 et
1255 5422 1393 5475 infra
1415 5422 1471 5484 ὃς
1493 5421 1548 5473 δὲ
1567 5438 1617 5475 τ.
1654 5439 1741 5491 κρ.
1770 5432 1824 5476 et
1856 5424 2101 5476 ἀπεδοκι-

686 5506 789 5542 ετο.

686 5506 789 5542 ετο.

576 5504 1124 5625 ιῘαιῐῗίωίιιεει-ιιιιιιιιιιι·
1181 5566 1289 5613 tres
1323 5570 1608 5625 sequentes
1656 5561 1792 5624 libri,
1825 5560 2092 5615 Flaccillo.

575 5622 710 5759 Em
767 5637 940 5680 autem
1005 5631 1277 5695 episcopus
1343 5622 1429 5681 ille
1502 5622 1831 5694 Antiochiae;
1876 5632 1974 5701 τῆς
2030 5636 2095 5682 ad

621 5693 851 5759 aphnen,
895 5696 1127 5755 Orientis
1174 5699 1539 5759 nietrnpolita,
1584 5698 1790 5755 Arianae
1834 5701 2095 5757 haereseos

621 5693 851 5766 aphnen,
895 5693 1127 5755 Orientis
1174 5693 1539 5769 metropolita,
1584 5693 2096 5757 Ariana’ha‘rescos

2209 4733 2409 4804 Ariani,
2445 4749 2743 4804 successor.
2768 4734 2834 4804 Als
2876 4744 2975 4795 est,
3007 4738 3096 4804 qui
3134 4743 3271 4802 apud
3311 4738 3523 4791 Suzoui.
3552 4736 3642 4791 lib.
3675 4755 3761 4803 Ill,

2208 4816 2328 4873 cap.
2359 4801 2410 4865 5,
2445 4803 2639 4854 dicitur
2669 4802 2968 4873 Πλάκητος,
3006 4801 3070 4857 ιιι)
3105 4801 3223 4859 aliis
3254 4805 3517 4866 Placidus.
3573 4801 3791 4864 εποΓὰ

2206 4869 2563 4922 librariorum.
2594 4869 2890 4938 Aliquoties
2926 4875 3064 4928 illius
3114 4878 3359 4928 meminit
3404 4877 3758 4932 Athanasius.

2205 4938 2338 5012 Quid
2362 4955 2487 4993 vero
2525 4942 2781 4993 hactenus
2815 4956 2842 5012 a
2872 4957 2935 5012 se
2971 4945 3263 5011 praestitum
3302 4946 3389 5006 sit,
3432 4956 3486 4998 et
3510 4946 3637 5012 quid
3688 4948 3763 5002 ab.

2203 5021 2265 5059 eo
2312 5009 2368 5079 in
2428 5014 2775 5076 sequentibus
2828 5009 2983 5063 libris
3035 5016 3449 5079 exspectandum
3504 5009 3608 5076 sit,
3662 5018 3759 5070 do-

2202 5087 2284 5128 cet
2331 5076 2592 5156 Euseliius
2646 5081 2698 5131 in
2738 5079 2881 5133 illis:
2943 5081 3032 5137 Διὸ
3079 5076 3145 5135 δέ
3186 5084 3241 5136 ἐν
3296 5081 3412 5136 δυσὶ
3461 5086 3569 5145 τοῖς
3608 5085 3760 5156 πρώ-

2202 5162 2328 5209 τοις,
2363 5158 2467 5199 etc.
2492 5147 2561 5199 Μ.

2270 5216 2621 5289 (ᾇξξ-Κυρίῳη
2642 5216 2806 5280 Vulgo
2844 5218 3077 5289 Χριστῷ,

2270 5285 2502 5362 (5)Vu|g.
2521 5286 2625 5362 Kal
2648 5290 2801 5341 πολὺ
2817 5285 2911 5341 ἐπὶ
2928 5285 3517 5362 Μαρκεξλλοψζδοηεπι
3532 5290 3751 5362 πολλήν.

2201 5352 2551 5427 δειιίοηιιιίιιο
2593 5357 2869 5418 legendum
2904 5352 3388 5427 εει,’πολυεπῆ.”ιι1
3418 5352 3751 5426 ιιορειιιῖΙΙέ,

2199 5426 2375 5498 statim
2402 5425 2467 5498 ab
2486 5426 2820 5498 initiogpritui
2843 5427 2957 5479 libri
2983 5428 3106 5480 εΔιὸ
3132 5429 3224 5481 καὶ
3249 5425 3389 5498 πέρα
3408 5428 3499 5481 τοῦ
3516 5425 3747 5498 δέοντος,

2200 5495 2275 5569 se;
2300 5494 2503 5569 μρικρξλν
2522 5494 2665 5569 sint?)
2688 5496 2777 5569 κςιῖ
2792 5496 3021 5569 ἄμετρον
3042 5499 3210 5569 μῆκος
3231 5494 3522 5569 έκξέπεσενή
3540 5494 3751 5569 τραφῆἓ

2198 5563 2479 5639 ώέῇμόνονέ
2481 5564 2593 5615 πῶν
2606 5566 2735 5639 ὲ-γγύ
2744 5583 2766 5627 ς
2780 5563 2877 5639 που
2894 5563 3118 5639 μυρίων,
3138 5568 3225 5619 τὸν
3238 5568 3331 5619 ἕνα
3342 5568 3492 5635 λόγον
3514 5563 3629 5620 ’ἀπα
3637 5563 3749 5639 ρτᾷ

2202 5630 2504 5707 σθῆναιζΜ.
2532 5662 2602 5707 -ς
2622 5630 2746 5707 Dein
2772 5630 2924 5703 vulgo
2941 5630 3022 5707 διὸ
3045 5636 3098 5688 δέ
3122 5648 3175 5689 et
3203 5640 3359 5707 φορᾷ.

2268 5701 2344 5771 (6)
2364 5703 2475 5756 Ἔν
2495 5719 2544 5755 τι
2565 5701 2895 5773 διωλύγιον.
2938 5704 3049 5760 Non
3074 5717 3155 5760 est
3185 5701 3408 5773 partitus
3438 5723 3588 5761 suum
3614 5722 3749 5785 opus.
