4048 6470
239 441 351 501 835
1225 441 1313 497 DE
1350 438 1811 496 ECCLESIASTlf

1920 439 2103 498 THEO
2148 440 2309 498 OGiA
2335 439 2461 495 LIB.
2497 439 2537 494 1.
3379 440 3486 497 826

239 564 343 621 καὶ
400 561 735 625 πολυπλανὲς
779 560 1116 631 σύγγραμμα
1162 562 1452 628 συντάξας,
1493 561 1652 615 τοῦτό
1681 579 1811 633 φησι

1918 562 2088 617 tribus
2112 570 2292 617 autem
2321 561 2441 618 istis
2467 574 2578 631 prie
2605 557 2881 623 manibus,
2906 557 3121 624 libellis,
3164 557 3303 615 ultra
3334 560 3483 617 illam

242 652 628 724 Minxévat,
648 651 735 703 διὰ
760 650 821 702 τὸ
835 650 931 703 ἕνα
952 650 1237 721 γνωρίζειν
1269 651 1400 706 Θεόν
1427 668 1442 683 ο
1485 653 1557 723 μή
1578 669 1653 723 πη
1678 652 1811 723 λάθῃ

1913 653 2162 722 superius
2189 652 2488 707 institutam
2522 651 2788 705 rationem
2817 688 2834 714 ,
2870 648 3248 705 refutationem
3281 664 3349 705 ex
3389 652 3486 707 ad—

234 739 324 812 τῷ
352 740 465 810 Υίῷ
491 737 584 792 τοῦ
619 736 752 796 Θεοῦ
782 737 961 810 χώραν
991 739 1167 803 διδοὺς
1208 741 1555 805 ὑποστάσεως
1578 742 1675 812 (7),
1704 741 1811 794 διε-

1912 758 2069 799 verso
2095 744 2375 798 adornavi.
2416 742 2509 797 ille
2535 743 2753 797 unicum
2802 740 2893 795 ubi
2933 740 3123 795 enixus
3153 748 3269 794 erat
3291 739 3483 807 fetum,

240 831 353 885 λὼν
380 832 481 901 τὴν
506 831 745 901 γραφήν.
769 830 957 900 Ἡμεῖς
986 830 1043 883 δὲ
1064 828 1162 900 τὴν
1183 831 1453 898 παναγίαν
1477 832 1570 885 καὶ
1588 846 1811 901 τρισμα·

1911 836 2233 891 immensum
2256 835 2388 891 illud
2417 849 2573 904 opus,
2594 843 2648 888 et
2669 832 2837 886 variis
2859 846 2924 885 ex
2948 831 3229 886 erroribus
3257 840 3489 887 contex-

240 924 440 996 κειρίαν
457 922 723 1000 τιμῶντες
745 923 970 994 Τριάδα,
991 924 1047 974 ὲν
1062 921 1335 985 τοσούτοις
1355 923 1454 993 τὴν
1480 924 1658 975 πᾶσαν
1682 922 1811 974 ὑπό-

1911 937 2041 994 tum,
2064 929 2165 982 hoc
2200 928 2269 982 ob
2297 942 2417 981 eam
2444 940 2661 979 causam
2694 922 2991 979 instituisse
3022 936 3079 976 se
3109 930 3315 987 narrat,
3360 937 3487 990 pro-

242 1017 396 1071 θεσιν
427 1013 855 1085 συνειλήφαμεν·
895 1014 1206 1085 φεισάμενοι
1244 1015 1344 1084 μὲν
1374 1014 1718 1082 πολυλογίας,
1752 1015 1810 1065 ὲν

1915 1028 2100 1088 pterea
2122 1017 2263 1086 quod
2290 1031 2455 1070 unum
2483 1014 2655 1070 solum
2685 1013 2850 1069 Deum
2895 1015 3235 1080 agnoscebat.
3268 1012 3488 1070 Veritus

239 1108 525 1176 ἑπιτόμοις
554 1106 611 1158 δὲ
644 1104 738 1158 καὶ
768 1105 991 1176 βραχέσι
1019 1106 1119 1176 τὴν
1153 1105 1329 1177 ἀληθῆ
1363 1109 1810 1176 παραστήσαντες

1916 1109 2192 1173 nimirum,
2217 1123 2306 1173 ne,
2342 1108 2385 1162 si
2420 1106 2474 1161 in
2506 1106 2689 1175 plures
2720 1105 2891 1160 libros
2916 1105 3045 1160 illud
3076 1107 3337 1176 scriptum
3363 1121 3489 1176 pro-

239 1200 543 1267 θεολογίαν.
577 1199 639 1250 El
669 1198 767 1268 μὲν
800 1194 892 1251 οὖν
938 1198 1227 1270 αὐτάρκως
1270 1196 1480 1268 ἔχειτὰ
1503 1199 1806 1268 γραφέντα,

1914 1213 2185 1271 pagasset,
2219 1199 2625 1254 subsistentiam
2651 1197 2843 1251 exinde
2876 1197 3015 1252 Filio
3046 1199 3140 1252 Dei
3169 1198 3362 1253 alicubi
3400 1199 3485 1253 iu-

238 1290 486 1360 κρίνειας
510 1288 574 1341 ἂν
601 1289 760 1352 αὐτὸς
792 1289 1127 1357 ἐντυγχάνων
1147 1307 1159 1319 ·
1184 1292 1231 1341 εί
1257 1289 1459 1341 δὲιτινα
1487 1288 1681 1351 λείποι,
1717 1290 1810 1343 καὶ

1919 1288 2149 1343 dulsisse
2186 1288 2476 1343 videretur.
2507 1287 2579 1339 At
2610 1300 2711 1340 nos
2741 1286 2832 1354 qui
2861 1287 3257 1341 sanctissimam
3307 1287 3491 1342 Trini-

236 1378 415 1432 ταῦτα
444 1378 916 1450 ἁναπληρώσειας·
942 1377 1160 1450 δηλαδὴ,
1206 1379 1300 1432 ἅτε
1332 1378 1559 1446 ἀδελφὸς
1580 1378 1808 1447 ἀδελφοῦ

1917 1387 2106 1444 tatem,
2131 1384 2185 1432 et
2212 1377 2450 1432 numeris
2481 1376 2730 1431 omnibus
2750 1376 3113 1431 beatissimam
3141 1393 3485 1444 veneramur,

238 1470 616 1540 ὑστερήματα,
648 1467 702 1521 ετ
725 1485 826 1520 που
855 1468 949 1521 καὶ
970 1467 1264 1540 θεραπείας
1285 1468 1473 1531 δέοιτο,
1494 1468 1561 1520 δι’
1579 1470 1811 1539 ἐπανορ-

1918 1476 1999 1522 ιοι
2031 1467 2221 1534 libris,
2275 1467 2377 1522 hoc
2409 1475 2492 1523 est
2545 1467 2739 1531 tribus,
2787 1467 3125 1536 dispertitum
3174 1471 3487 1525 universum

236 1560 465 1623 θὼσεως
494 1557 811 1629 ἀξιὼμενος.
858 1558 1162 1630 Ἐῥρὦθαί
1209 1575 1269 1612 σε
1318 1558 1413 1613 καὶ
1452 1560 1811 1630 μνημονεύειν

1915 1559 2038 1629 styli
2071 1568 2445 1630 argumentum
2479 1559 2843 1615 exsolvemus.
2866 1560 2992 1613 Eam
3022 1575 3184 1629 porro
3215 1561 3489 1616 scribendi

234 1651 377 1722 ἐμοῦ
401 1651 479 1722 τῷ
508 1652 695 1721 Κυρίῳ
722 1650 810 1704 διὰ
838 1651 1038 1714 παντὸς
1070 1650 1319 1722 εὔχομαι.

1911 1651 2166 1707 inivimus
2220 1650 2528 1715 rationem,
2575 1659 2654 1718 ut,
2707 1652 3101 1721 multiloquium
3130 1653 3485 1721 declinantes,

235 1747 568 1815 theologiam
632 1746 978 1814 coniunctam
1030 1761 1168 1800 .cum
1216 1745 1442 1800 veritate
1469 1783 1485 1811 ,
1529 1745 1770 1799 breviter
1829 1754 1883 1799 et
1919 1752 2174 1814 tanquam
2202 1759 2302 1813 per
2333 1744 2731 1815 compendium,
2764 1755 3215 1816 repmsentemus
3241 1766 3254 1802 :
3283 1747 3328 1800 si
3357 1745 3489 1800 satis

234 1841 347 1895 hoc
369 1854 468 1909 pro
496 1839 756 1907 dignitate
818 1838 1081 1895 fuerimus
1122 1840 1385 1905 exsecuti,
1446 1848 1598 1893 tuum
1630 1840 1734 1893 erit
1762 1854 1882 1893 cum
1922 1839 2238 1908 perlegeris,
2284 1838 2547 1909 judicare.
2596 1839 2651 1895 Si
2682 1841 2811 1913 quid
2868 1841 3132 1908 defuerit,
3192 1850 3343 1896 tuum
3383 1842 3490 1897 erit

234 1931 557 2001 adimplere,
595 1941 851 2001 tanquam
880 1932 1046 1988 frater
1077 1931 1350 1988 fraternos
1380 1933 1646 1991 defectus.
1667 1932 1723 1987 Si
1752 1942 1805 1988 et
1840 1948 1975 2004 Opus
2004 1934 2199 1989 alicubi
2234 1935 2570 1991 correctione
2601 1946 2767 2006 atque
2834 1937 3100 1991 medicina
3165 1935 3331 1992 fuerit
3359 1977 3375 2003 ,
3426 1936 3483 1991 in

234 2027 345 2082 hac
373 2042 586 2097 quoque
631 2038 781 2097 parte
816 2028 1250 2084 reformationem
1307 2029 1609 2085 adhibebis.
1664 2028 1809 2083 Bene
1848 2036 1900 2084 te
1924 2043 2139 2099 semper
2181 2030 2362 2086 valere
2406 2030 2609 2101 iubeo,
2640 2032 2852 2102 meique
2913 2030 3119 2104 iugiter
3178 2033 3235 2088 in
3283 2032 3388 2089 tuis
3416 2035 3486 2090 ad

234 2116 410 2173 Deum
448 2118 784 2176 orationibus
815 2122 883 2175 'et
934 2121 1215 2176 sacriﬁciis
1244 2136 1450 2176 memor
1500 2135 1622 2191 esse
1671 2120 1826 2178 velis.

246 2297 3438 2334 Μ

1253 2452 1395 2515 NN
1424 2454 1616 2508 ΠΡΟΣ
1649 2455 2102 2511 ΜΑΡΚΕΛΔΟΝ
2127 2454 2468 2509 ΕΛΕΓΧΩΝ

755 2623 1553 2758 ΕΥΣΕΒΙΟΥ
1627 2622 1974 2757 ΤΟΥ
2049 2620 2956 2761 ΠΑΜΦΙΛΟΥ

721 2867 979 2952 ΠΕΡΙ
1024 2867 1240 2954 ΤΗΣ
1315 2860 2287 2955 ΕΚΚΑΗΣΙΑΣΤΙΚΗΣ
2362 2867 2989 2962 ΘΕΟΛΟΓΙΑΣ

1225 3058 1332 3179 Λ
1359 3061 1781 3182 ΟΓΟΣ
1872 3060 2515 3177 ΠΡΩΤΟΣ.

1138 3457 1760 3585 EUSEBII
1835 3456 2601 3585 PAMPHILI

868 3691 992 3754 .DE
1028 3692 1424 3751 THEOLOGIA
1460 3693 1999 3753 ECCLESIASTICA
2036 3695 2318 3753 CONTRA
2348 3692 2778 3752 MARCELLUM

1404 3872 1770 3963 LIBER
1842 3872 2334 3963 PRIMUS.

245 4255 430 4317 TAAE
483 4259 570 4312 ΤΟ
596 4257 892 4314 ΠΡΩΤΟΝ
921 4261 1281 4315 IIEPIEXEI
1315 4262 1804 4319 ΣΥΓΓΡΑΜΜΑ.
1833 4271 1877 4329 C

237 4358 310 4405 α’.
353 4348 474 4422 Ὅτι
494 4348 704 4422 tuitur:
735 4349 1065 4422 Σαϐέλλιον
1126 4351 1403 4407 διέϐαλλε
1432 4352 1805 4422 Μάρκελλος,

311 4419 385 4474 τὰ
414 4420 521 4473 ιονα
552 4419 711 4485 αὐτῷ
731 4419 1009 4485 δοξάζων.

240 4490 311 4543 6'.
344 4490 465 4542 Ὅτι
494 4488 568 4559 τῇ
598 4490 923 4558 Ἐκκλησία
967 4489 1074 4544 τοῦ
1117 4491 1264 4544 Θεοῦ
1307 4492 1345 4559 ἡ
1392 4492 1655 4559 Χριστοῦ
1706 4492 1813 4559 χά-

300 4577 423 4628 ρις,
460 4558 577 4631 τὴν
624 4560 755 4631 περὶ
808 4560 1035 4629 Πατρός
1065 4560 1164 4613 καὶ
1197 4558 1343 4616 Υἰοῦ
1382 4558 1606 4631 γνῶσιν
1654 4558 1815 4626 ἐξαι-

304 4646 484 4698 ρετον
510 4629 865 4698 ἐδῳήσατο.

237 4706 311 4768 γ’.
346 4702 464 4752 Ὀτι
519 4700 801 4765 ποικίλως
835 4698 1198 4767 ἐσφάλησαν
1253 4703 1307 4754 οι
1368 4700 1699 4768 ἑτερόδοξοι
1741 4702 1812 4755 ἐν

310 4769 393 4833 τῷ
419 4771 553 4837 περὶ
594 4771 728 4824 Υιοῦ
747 4771 926 4839 λόγῳ.

236 4837 306 4893 δ’.
332 4838 673 4920 ᾭτιμάτηγ
703 4837 1096 4920 Χριᾲτιαρςορς
1115 4838 1407 4920 λέῖοῦσιζ
1438 4839 1738 4920 saturnia,-
1754 4842 1812 4895 οι

305 4908 395 4979 μὴ
434 4907 758 4977 ὑφιστάναι
784 4912 890 4963 τὸν
941 4910 1079 4963 Υὶὸν
1114 4907 1221 4964 τοῦ
1260 4911 1409 4964 Θεοῦ
1445 4910 1810 4981 ὁμολογοῦν..

309 4995 431 5033 τερ.

236 4998 525 5113 effeci“
554 5047 903 5119 Μάρκελλος
930 5047 1037 5100 τὸν
1059 5049 1193 5104 Υἱὸν
1223 5049 1329 5102 τοῦ
1365 5049 1513 5103 Θεοῦ
1545 5049 1801 5119 ἠρνεῖτο,

310 5118 422 5187 τὴν
452 5118 779 5173 Σαϐεωίου
812 5119 1042 5186 αἵρεσιν
1060 5120 1442 5187 μιμούμενος.

315 5255 374 5313 >14
400 5250 498 5305 Ed.
528 5247 705 5303 Paris.
739 5261 862 5318 pag.
888 5246 978 5303 58.

237 5386 294 5439 in
326 5382 607 5447 sectiones,
634 5382 801 5437 libros
840 5390 934 5437 ant
962 5392 1135 5437 tomos
1167 5382 1468 5448 Marcellus,
1494 5384 1617 5451 quia
1637 5383 1804 5438 Deum

236 5453 457 5508 unicum
527 5454 813 5506 fatebatur.
874 5452 1174 5517 Eusebius,
1217 5469 1368 5506 suam
1428 5454 1805 5509 refutationem

237 5527 294 5575 in
351 5534 459 5576 tres
521 5522 686 5576 libros
750 5522 1031 5584 distinxit,
1093 5524 1161 5575 ab
1210 5524 1397 5576 eodem
1444 5524 1611 5587 fonte,
1680 5525 1804 5590 quia

236 5593 581 5671 Trinitatem
624 5591 1191 5671 agnoscebat._Fort_e
1253 5592 1496 5671 illuduév
1548 5611 1603 5671 τι
1664 5595 1802 5671 γρά-

233 5664 369 5733 ψας,
393 5663 534 5731 quod
570 5661 720 5733 initio
753 5662 931 5729 posuit
973 5662 1232 5718 Eusebius
1278 5664 1342 5733 de
1379 5662 1649 5727 Marcello,
1679 5661 1803 5718 hoc

237 5731 403 5786 sensu
435 5732 752 5796 capiendum
776 5742 879 5795 est,
913 5742 972 5784 ut
999 5746 1104 5786 non
1136 5732 1187 5784 id
1212 5731 1462 5795 voluerit,
1506 5734 1641 5787 nihil
1667 5749 1803 5800 prae-

241 5811 391 5874 terea
423 5802 704 5874 scripsisse
722 5800 1051 5874 Marcellum,
1081 5802 1221 5869 quod
1240 5811 1399 5874 negat
1423 5802 1802 5874 llierqnymus,

238 5871 342 5939 sed
365 5888 469 5929 non
499 5861 755 5943 partitum
778 5871 882 5934 hoc
904 5861 1059 5929 suum
1082 5861 1216 5949 opus
1242 5873 1296 5929 in
1310 5861 1499 5943 "plura.
1524 5861 1606 5932 γὲι
1626 5861 1805 5949 ’ρετιὶὲ

2232 4265 2437 4322 LIBRI
2476 4266 2705 4322 PRM”
2746 4266 3031 4323 CAPITA.
3068 4273 3127 4333 ᾗ

1912 4358 1957 4413 l.
1992 4358 2278 4431 Sabellium
2302 4378 2334 4414 a
2364 4360 2619 4431 Marcello
2641 4362 2813 4426 inepte
2834 4362 3223 4431 reprehensum,
3256 4376 3375 4413 cum
3395 4376 3488 4416 eo-

1983 4430 2097 4483 dem
2128 4431 2181 4481 in
2204 4447 2378 4484 errore
2402 4447 2518 4483 cum
2541 4429 2772 4487 Snbellio
2796 4429 2906 4499 ipse
2925 4449 3015 4499 per
3038 4431 3213 4499 omnia
3234 4442 3481 4486 versetur.

1914 4496 1981 4553 ll.
2020 4499 2173 4564 Quod
2199 4516 2292 4563 per
2318 4499 2513 4553 Christi
2551 4499 2783 4568 gratiam
2806 4496 2999 4555 collata
3022 4502 3090 4554 sit
3114 4498 3364 4553 Ecclesiae
3391 4499 3490 4555 Dei

1984 4569 2239 4689 «(saeuiens
2286 4572 2526 4640 quaedam
2570 4572 2799 4640 cognitio
2855 4574 2919 4625 de
2966 4571 3126 4624 Patre
3174 4581 3330 4639 atque
3389 4568 3487 4624 Fi-

2008 4654 2079 4689 ιο.

2008 4654 2079 4692 ιο.

1914 4705 2003 4761 lll.
2036 4707 2189 4773 Quod
2220 4709 2379 4762 variis
2398 4709 2665 4763 erroribus
2695 4709 2938 4774 impliciti
2962 4708 3273 4774 erraverint,
3298 4707 3362 4761 de
3385 4705 3487 4762 Fi-

1986 4777 2060 4831 lio
2098 4780 2307 4832 diversa
2338 4779 2615 4832 sentientes
2641 4779 2705 4831 ab
2734 4780 2995 4835 Ecclesia.

1914 4846 2004 4902 IV.
2037 4848 2191 4919 Quod
2219 4848 2418 4919 [rastra
2433 4864 2503 4919 se
2534 4849 2808 4919 indigitent
2833 4847 3163 4903 Christianos
3200 4847 3289 4918 qui
3312 4847 3486 4903 subri-

1983 4916 2229 4973 stentiam
2264 4916 2396 4971 Filii
2416 4917 2517 4973 Dei
2549 4916 2990 4987 non'conﬁtentur

1912 5049 1977 5105 ν.
2009 5048 2159 5114 Quod
2189 5046 2470 5105 Marcellus
2500 5058 2708 5105 secutus
2732 5049 2953 5106 Sabellii
2986 5050 3235 5117 heresim
3285 5046 3493 5103 Filium

1981 5119 2079 5174 Dei
2111 5118 2352 5188 abneget.

1913 5385 2015 5440 bus
2046 5381 2382 5438 distinxisse.
2409 5380 2477 5437 Μ.

1981 5453 2058 5524 (7)
2102 5452 2491 5524 ’Υξτοθέσεωςκ
2519 5449 2649 5524 _Vult
2683 5449 3003 5524 hypostasi'n
3031 5466 3046 5503 :
3077 5455 3137 5524 _et
3171 5455 3350 5524 tamen
3372 5448 3488 5519 plu.

1910 5518 2019 5579 ries
2041 5518 2047 5523 ’
2070 5522 2323 5576 ὑπόθεσιν
2353 5538 2451 5590 pro
2487 5520 2649 5573 altera
2682 5518 2773 5574 illa
2805 5534 2939 5574 voce
2973 5520 3220 5590 positam
3238 5518 3488 5586 legimus.

1911 5594 2207 5663 Spontene,
2234 5602 2325 5646 aut
2356 5588 2640 5646 ex~errore
2666 5590 2897 5663 librarii.
2926 5590 3129 5663 nescio.
3180 5588 3321 5663 Nam
3344 5601 3495 5663 certe

1910 5659 2123 5719 constat
2147 5676 2209 5715 ex
2236 5662 2552 5717 Athanasio.
2580 5674 2771 5715 nomen
2798 5659 3173 5721 ὑποστάσεως,
3205 5659 3491 5713 abomina~

1910 5735 2041 5788 tioni
2076 5733 2240 5785 fuisse
2264 5731 2497 5784 Arianis.
2528 5729 2598 5784 Μ.
2629 5760 2701 5771 -
2733 5729 2937 5797 Scripsi
2975 5728 3325 5793 ὑποστάσεως
3371 5745 3493 5785 cum

1911 5805 2064 5911 eoid.
2093 5804 2207 5870 Loco
2224 5801 2569 5911 fixoﬁésawq'
2600 5801 2721 5857 dein
2750 5800 2911 5871 vulgo
2935 5799 2991 5853 δὲ
3022 5799 3289 5868 παναγίαν
3320 5817 3375 5855 κ.
3405 5818 3490 5875 sp.

1911 5883 1960 5911 nl
2026 5889 2220 5911 ’μνη-»νυσ-
2242 5890 2281 5911 .2"

1911 5883 1964 5930 et
1992 5874 2300 5939 διαπαντός.
