4048 6448
1191 488 1280 545 DE
1314 484 1854 544 ECCLESIASTICA
1894 481 2289 542 TIIEOLOGIA
2321 482 2451 538 LIB.
2480 482 2525 538 l.

3388 477 3494 532 830

252 630 369 678 σεις
400 613 729 678 εὐθύνοντες.
782 612 1010 681 Συνάψω
1040 612 1097 664 δὲ
1156 609 1307 671 κατὰ,
1326 608 1387 662 τὸ
1426 608 1559 663 αὐτὸ
1588 611 1654 679 τῇ
1699 608 1819 663 τοὺ-

1921 621 2043 661 esse
2073 598 2495 665 refutationem,
2537 612 2599 655 ut
2648 600 2721 654 ita
2752 596 2980 669 singulis
3024 602 3275 652 constare
3305 604 3493 663 queat,

252 724 362 761 των
384 709 541 778 φωρᾷ
568 707 669 781 τὴν
689 704 782 757 τοῦ
796 705 1045 775 Σωτῆρος
1071 700 1225 773 ἡμῶν
1252 701 1527 767 θεολογίαν
1554 699 1815 769 νεώτερον

253 797 356 866 μὲν
383 796 561 864 λέγειν
611 794 747 863 ἔχων
775 794 945 855 οὐδὲν,
978 792 1086 846 οὐδ’
1140 788 1375 862 ἐμαυτοῦ
1421 790 1584 859 σοφόν
1621 805 1675 841 τι
1720 789 1816 842 καὶ

248 887 450 939 οἰκεῖον
477 886 702 956 εὕρεμα,
724 884 896 952 τῆςδὲ
912 881 1234 953 Ἑκκλησίας
1257 880 1350 934 τοῦ
1377 880 1510 933 Θεοῦ
1543 880 1643 951 τὴν
1667 879 1817 933 ἀδιά-

252 978 451 1048 φθορον
471 973 815 1045 διδασκαλίαν
842 973 1246 1044 προϊσχόμενος,
1279 972 1346 1042 ἢν
1386 970 1535 1040 παρὰ
1556 962 1673 1023 τῶν
1715 970 1815 1023 αὑ-

246 1066 463 1120 τοπτῶν
490 1065 583 1117 καὶ
609 1063 890 1135 αὑτηκόων
922 1061 1016 1115 τοῦ
1071 1059 1268 1130 Λόγου,
1313 1059 1518 1137 ᾇνωθεν
1547 1060 1607 1128 ἐξ
1639 1059 1814 1131 ἀρχῆς

248 1154 661 1229 παραλαϐοῦσα,
695 1154 967 1224 φυλάττει.

1918 696 2069 750 illum
2102 693 2155 748 in
2182 707 2249 748 eo
2293 692 2438 762 quod
2494 691 2692 745 Filium
2730 689 2821 743 Dei
2860 686 3231 755 abnegaverit,
3262 699 3330 738 ne
3371 682 3494 737 uni-

1916 803 2041 844 cum
2086 787 2155 843 de
2178 786 2350 842 sacris
2388 785 2587 839 litteris
2614 783 2986 838 testimonium
3037 781 3103 832 ad
3134 791 3248 832 rem
3276 774 3493 845 apposi-

1917 888 2028 934 tum
2054 917 2071 943 ,
2103 880 2157 934 in
2210 878 2529 946 longissimo
2574 876 2665 931 illo
2708 889 2871 944 opere
2895 888 2994 927 suo
3023 870 3329 941 protulisse:
3378 866 3493 921 ltno

1915 982 2068 1032 vero,
2086 967 2344 1037 quidquid
2368 966 2434 1020 de
2460 965 2755 1035 Scripturis
2787 963 2988 1025 attulit,
3012 960 3346 1016 contrariam
3376 956 3491 1025 pla-

1918 1072 1989 1112 ne
2027 1071 2213 1113 vocem
2259 1055 2509 1110 emisisse
2549 1055 2761 1117 sciant,
2801 1061 2857 1106 et
2890 1066 2951 1105 ea
2982 1065 3102 1119 quae
3133 1046 3318 1103 abillo
3343 1045 3492 1100 dice-

1918 1148 2118 1203 bantur
2156 1147 2359 1215 impie,
2412 1148 2468 1202 in
2515 1156 2724 1200 rectum
2774 1143 3137 1210 retorquendo
3171 1152 3387 1194 sensum
3434 1142 3491 1190 et

248 1247 595 1316 σοιιιεηιίειιι,
629 1246 912 1303 direxisse.
946 1242 1067 1298 Istis
1098 1256 1260 1313 porro
1283 1243 1599 1311 conjunctae
1646 1239 1994 1310 copulaturus
2023 1254 2143 1294 sum
2191 1240 2258 1294 de
2291 1237 2598 1294 Servatoris
2645 1239 2820 1291 nostri
2865 1234 3149 1290 divinitate
3204 1230 3487 1287 rationes:

247 1338 383 1395 nihil
410 1354 441 1392 a
481 1352 568 1393 me
624 1338 742 1408 ipso
798 1336 1011 1390 uoviter
1065 1335 1431 1401 adinventum,
1466 1342 1559 1387 aut
1582 1332 1725 1388 domi
1759 1345 1891 1387 mea
1918 1339 2108 1385 natum
2133 1369 2151 1398 ,
2179 1343 2243 1385 ex
2282 1330 2539 1394 opinione
2581 1327 2883 1398 profectum
2952 1322 3230 1393 sapientia:
3261 1318 3492 1388 alicujus

246 1446 383 1486 meae
427 1430 738 1485 edictuma:
769 1429 862 1483 sed
902 1425 1158 1483 Ecclesia
1219 1425 1313 1481 Dei
1379 1426 1677 1480 doctrinam
1710 1438 1821 1492 pm
1860 1438 1948 1478 me
1986 1421 2198 1477 laturus
2250 1421 2654 1491 incorruptam,
2706 1431 2887 1489 "quam
2933 1431 2964 1470 a
3022 1414 3249 1470 testibus
3298 1408 3491 1466 auritis

244 1522 377 1577 olim
410 1531 572 1592 atque
607 1518 834 1576 oculatis
858 1515 1024 1573 Verbi
1062 1524 1365 1586 acceptum,
1414 1515 1482 1570 ab
1516 1514 1688 1575 initio.
1726 1513 1815 1569 illa
1829 1512 2074 1570 custodit
2096 1512 2272 1568 adhuc
2305 1511 2622 1567 inviolatam

886 1656 1044 1710 ΚΕΦ.
1091 1656 1168 1707 Λ¹.
1841 1642 1888 1698 Β

246 1770 378 1826 Ὀτι
423 1767 624 1840 μάτην
650 1764 1300 1840 Ea§é11¢qr_6té6_a_.l_.18
1341 1761 1692 1831 Μάρκελλος
1743 1761 1815 1816 τὰ

737 1836 844 1889 τσα
871 1832 1032 1899 αὐτῷ
1050 1831 1330 1897 δοξάζων.

314 1969 431 2041 Πρὸ
452 1968 510 2023 δὲ
540 1968 639 2039 τῆς
674 1966 878 2021 τούτων
908 1964 1227 2030 ἐξετάσεως,
1275 1964 1461 2036 ἐπειδὴ
1484 1962 1681 2035 μεταξὺ
1718 1963 1813 2017 τοῦ

244 2062 675 2134 συγγράμματος
702 2059 794 2112 τὸν
823 2056 1110 2111 Σασέλλιον
1138 2058 1230 2110 ὑπ’
1267 2057 1432 2111 αὑτοῦ
1479 2055 1814 2126 κοπτόμενον

241 2145 429 2224 εὖρον,
456 2150 825 2219 καταπλαγεὶς
860 2149 961 2221 τῆς
1013 2147 1352 2219 ἠλιθιότητος
1391 2148 1483 2201 τὸν
1523 2148 1712 2219 ἄνδρα,
1737 2146 1814 2210 ὡς

239 2243 346 2299 οὑκ
380 2242 631 2312 ἐφείσατο
674 2240 859 2305 κακῶς
908 2239 1226 2311 ἀγορεῦσαι,
1268 2238 1328 2293 ὸν
1361 2238 1579 2292 πάντων
1611 2237 1814 2308 μᾶλλον

240 2334 487 2388 ἱπαινεῖν
502 2332 664 2386 αὑτὸν
692 2332 880 2404 ἐχρῆν,
896 2330 1151 2401 ὁμόδοξον
1176 2329 1323 2401 αὑτῷ
1340 2328 1431 2383 καὶ
1457 2328 1814 2400 ὁμογνώμονα

150 2472 155 2477 .
240 2424 526 2495 γεγονότα,
580 2421 678 2492 οὐχ
722 2419 1019 2492 ἡγησάμην
1060 2420 1126 2473 ἄν
1157 2437 1208 2472 τι
1241 2417 1529 2492 παρελθεῖν
1559 2422 1682 2489 σιγῇ
1724 2418 1815 2471 τὸν

239 2514 424 2583 λόγον,
454 2510 790 2584 παραδοῦναι
815 2511 872 2564 δὲ
888 2511 985 2565 καὶ⁵
1004 2510 1197 2563 τούτου
1225 2508 1445 2579 ἔλεγχον
1470 2507 1549 2579 τῷ
1582 2509 1813 2579 παρόντι

171 2653 177 2659 .
240 2605 549 2678 γράμματι.
590 2602 663 2656 Τὸ
701 2602 799 2673 μὲν
830 2602 940 2672 γὰρ
970 2602 1096 2664 τοὺς
1163 2599 1259 2653 τοῦ
1299 2598 1429 2652 Υῐοῢ
1470 2598 1815 2667 λειτουργοὺς

240 2697 385 2768 πρὸς
415 2695 527 2766 (ll)
557 2693 723 2749 αὑτοῦ
752 2691 1159 2761 διαὸεᾶλῆσθαι,
1206 2690 1255 2743 εί
1288 2689 1384 2742 καὶ
1407 2686 1557 2759 αὑτῷ
1593 2684 1697 2759 μὲν
1723 2686 1818 2755 ψό-

242 2803 362 2855 γον,
396 2787 508 2847 τοῖς
530 2784 575 2837 δ’
598 2783 1067 2855 ἐλευθερουμένοις
1101 2782 1200 2846 τῆς
1232 2781 1369 2851 πρὸς
1402 2779 1567 2834 αὐτὸν
1617 2795 1813 2833 κοινω-

242 2876 364 2939 νίας
388 2874 628 2940 εὐδοξίαν
652 2876 956 2944 ὲπήγαγεν,
991 2876 1141 2944 ὅμως
1167 2870 1345 2941 εἴχετό
1371 2888 1516 2935 τινος
1544 2868 1815 2940 (συγγνώ-

2600 1650 2754 1705 CAP.
2792 1650 2835 1705 l.

1918 1742 2207 1800 Sabellium
2248 1760 2283 1797 α
2326 1741 2578 1796 Marcello
2608 1744 2777 1807 inepte
2821 1741 3213 1807 reprehensum,
3257 1752 3490 1795 cuiusc-

1984 1816 2104 1867 dem
2138 1816 2193 1866 in
2214 1828 2394 1867 errore
2415 1828 2534 1865 cum
2579 1810 2813 1867 Sabellio
2840 1811 2949 1879 ipse
2983 1827 3076 1878 per
3107 1810 3284 1865 omnia
3318 1822 3491 1863 aeru-

1985 1893 2095 1936 "ﬂ".

1981 1972 2054 2025 At
2083 1972 2401 2042 priusquam
2432 1972 2517 2027 his
2562 1970 2821 2041 accingar
2842 1969 3243 2035 examinandis,
3273 1982 3400 2026 cum
3433 1968 3491 2023 in

1913 2062 2097 2132 operis
2133 2073 2390 2119 contextu
2437 2061 2925 2117 animadvertercm
2976 2061 3269 2117 Sabellium
3319 2061 3389 2115 ab
3425 2073 3494 2120 eo

1915 2152 2055 2207 male
2081 2152 2666 2215 mulctatum,hominis
2695 2152 3001 2207 fatuitatem
3026 2152 3329 2205 admiratus
3345 2165 3490 2214 sum,

1913 2241 2055 2310 quod
2086 2240 2162 2295 illi
2185 2243 2497 2311 neutiquam
2531 2242 2857 2311 pepercerit,
2880 2241 2974 2295 sed
3006 2238 3334 2310 itnpetiverit
3369 2253 3488 2292 ma—

1914 2332 2127 2387 ledictis
2155 2372 2171 2396 ,
2215 2347 2374 2402 quem
2415 2333 2666 2388 laudibus
2699 2343 2826 2387 ante
2853 2331 2989 2386 alios
3021 2330 3278 2400 prosequi
3332 2329 3497 2384 debe-

1913 2423 2027 2488 bat,
2065 2423 2357 2492 utpotesui
2392 2423 2659 2493 dogmatis
2681 2432 3095 2485 assectatorem,
3145 2429 3203 2476 et
3246 2418 3493 2489 ejusdem

1914 2530 2038 2570 cum
2067 2517 2245 2585 seipso
2266 2514 2557 2584 opinionis.
2590 2515 2811 2569 Decrevi
2841 2514 2964 2569 ideo
2998 2512 3163 2566 verba
3208 2512 3324 2580 ejus
3360 2526 3497 2565 neu-

1914 2604 2117 2673 tiquam
2144 2603 2360 2658 silentio
2392 2602 2701 2672 praeterire,
2745 2602 2840 2656 sed
2872 2601 3034 2654 veluti
3072 2599 3360 2669 quamdam
3398 2612 3495 2653 ac-

1916 2695 2220 2749 cessionem
2240 2735 2257 2760 ,
2290 2693 2436 2747 illius
2460 2693 2842 2747 refutationem
2884 2692 3012 2745 huic
3043 2692 3193 2760 operi
3226 2691 3493 2761 adjicien-

1917 2788 2062 2841 dam.
2107 2784 2386 2855 Siquidem
2427 2784 2569 2853 quod
2613 2784 2705 2839 Dei
2753 2783 3033 2837 ministros
3067 2791 3283 2836 accuset
3309 2821 3325 2847 ,
3365 2781 3497 2835 licet

1919 2874 2051 2928 illud
2104 2874 2158 2928 in
2209 2874 2380 2943 ipsius
2426 2875 2812 2929 contumeliam
2853 2875 3032 2944 potius
3061 2874 3245 2937 cedat,
3276 2871 3497 2926 laudem

246 2970 378 3037 μης)
400 2965 624 3028 εἰκότως
660 2964 721 3017 τὸ
744 2964 920 3018 δοκεῖν
940 2963 1010 3016 τὰ
1045 2964 1119 3034 μὴ
1154 2962 1304 3031 αὑτῷ
1335 2962 1466 3030 φίλα
1498 2961 1778 3032 φαυλίζειν
1799 2977 1812 2990 ·

1920 2978 2050 3018 vero
2099 2977 2264 3034 atque
2294 2964 2751 3019 existimationem
2793 2966 3053 3035 majorem
3105 2962 3319 3017 illorum
3344 3000 3360 3025 ,
3398 2960 3497 3030 qui

242 3054 307 3107 τὸ
328 3054 384 3107 δὲ
406 3054 585 3107 λαθεῖν
612 3056 879 3107 κόπτοντα
904 3052 1065 3107 αὑτὸν
1082 3052 1172 3105 διὰ
1194 3053 1293 3122 τῆς
1312 3050 1407 3104 τοῦ
1439 3050 1817 3121 ὁμογνώμονος

251 3144 569 3214 δυσφημίας
622 3142 733 3215 (li)
772 3142 1047 3206 ἀναιδείας
1107 3141 1297 3213 ἔμοιγε
1349 3142 1516 3205 δοκεῖ,
1568 3142 1682 3212 ἅμα
1726 3140 1820 3194 καὶ

246 3233 622 3305 ἀναισθησίας,
667 3234 951 3304 ὑπάρχειν.
985 3232 1111 3286 Ὅτι
1162 3232 1221 3286 δὲ
1270 3231 1425 3285 ταῦθ’
1458 3231 1631 3295 οὕτως
1678 3230 1813 3302 εχει,

244 3326 439 3395 γένοιτ’
474 3325 544 3379 ἂν
566 3324 782 3395 ἔλεγχος
806 3325 969 3387 αὐτὸς
1002 3322 1216 3385 ἑαυτοῦ,
1242 3323 1549 3395 Υἱοπάτορα
1580 3323 1670 3377 τὸν
1687 3322 1819 3376 Θεὸν

247 3412 389 3467 κατὰ
416 3412 508 3465 τὸν
552 3412 859 3475 Σαϐἐλλιον,
909 3413 959 3465 εί
988 3414 1082 3465 καὶ
1123 3412 1201 3481 μὴ
1234 3411 1427 3482 γυμνῷ
1445 3410 1525 3481 τῷ
1544 3410 1708 3482 λόγῳ,
1748 3412 1817 3481 τῇ

243 3503 376 3573 γοῦν
399 3503 626 3575 ἀληθεία
650 3504 903 3573 εἰσάγων,
934 3502 1013 3573 τῷ
1061 3504 1160 3578 τὴν
1191 3504 1487 3556 ὑπόστασιν
1525 3503 1635 3573 (15)
1663 3504 1817 3556 ἀναι-

248 3598 363 3667 ρεῖν
418 3594 512 3647 τοῦ
558 3592 708 3658 Υἱοῦ,
740 3594 835 3647 ενα
877 3594 936 3647 δὲ
972 3593 1103 3647 Θεὸν
1154 3592 1453 3664 ὁρίζεσθαι,
1495 3594 1587 3646 καὶ
1628 3593 1817 3646 τοῦτον

247 3683 439 3739 ἑαυτοῦ
471 3683 707 3756 Πατέρα,
736 3684 829 3737 καὶ
856 3678 923 3737 αὖ
942 3683 1101 3736 πάλιν
1126 3684 1254 3736 Υίὸν
1282 3682 1575 3736 ἀποκαλεῖν
1598 3683 1814 3739 ἑαυτοῦ.

248 3774 422 3842 Λόγον
448 3774 557 3845 γὰρ
574 3769 714 3827 εἶναι
746 3773 870 3837 δοὺς
903 3774 997 3827 τὸν
1036 3774 1094 3826 ιν
1120 3773 1199 3844 τῷ
1226 3773 1365 3845 Θεῷ,
1390 3773 1449 3826 ἓν
1476 3791 1537 3827 τε
1563 3774 1659 3826 καὶ
1688 3774 1815 3826 ταὺ-

250 3864 343 3918 τὸν
393 3864 521 3918 ὄντα
563 3863 712 3935 αὐτῷ
757 3863 946 3917 τοῦτον
986 3863 1333 3934 ὁρισάμενος,
1366 3862 1585 3935 Πατέρα
1626 3862 1815 3916 τούτου

253 3954 609 4026 χρηματίζειν
634 3954 796 4008 αὑτὸν
826 3953 957 4025 ἔφη’
988 3954 1078 4006 τόν
1106 3970 1161 4007 τε
1185 3954 1355 4022 Λόγον
1381 3954 1509 4007 Υἱὸν
1542 3950 1679 4007 εἶναι
1718 3954 1816 4007 αὐ-

251 4054 370 4117 τοῦ,
403 4055 503 4107 οὐκ
526 4052 742 4123 ἀληθῶς
765 4053 895 4106 ὸντα
920 4053 1049 4107 Υἱὸν
1087 4054 1145 4105 ἐν
1172 4054 1358 4117 οὐσίας
1385 4053 1702 4117 ὑποστάσει,
1728 4070 1821 4105 κυ-

256 4151 387 4224 ρίως
435 4150 493 4204 δὲ
542 4150 637 4204 καὶ
682 4149 894 4221 ἀληθῶς
951 4149 1080 4203 ὄντα
1130 4150 1321 4218 Λόγον.
1367 4150 1816 4219 Ἐπισημαίνεται

254 4250 407 4321 γοῦν,
433 4252 513 4303 ὅτι
545 4250 622 4323 μὴ
644 4249 1096 4323 καταχρηστικῶς
1121 4250 1299 4319 λόγον,
1326 4249 1462 4304 ἀλλὰ
1489 4250 1693 4322 κυρίως
1722 4250 1817 4303 καὶ

256 4351 469 4423 ἀληθῶς
490 4352 619 4405 ὂντα
641 4351 833 4418 Λόγον,
864 4351 959 4404 καὶ
991 4350 1154 4421 μηδὲν
1189 4350 1375 4421 ἕτερον
1398 4350 1430 4422 ἢ
1454 4350 1642 4417 Λόγον.
1672 4350 1719 4419 (1
1729 4349 1805 4418 4).

256 4451 321 4504 Εἰ
370 4449 428 4503 δὲ
458 4450 621 4520 μηδὲν
648 4450 855 4521 ἕτερον,
890 4449 1070 4519 δῆλον,
1094 4450 1169 4513 ὡς
1202 4449 1321 4503 οὑδὲ
1345 4450 1468 4513 Υἱὸς
1500 4447 1567 4522 ἦν
1613 4451 1817 4521 κυρίως

259 4548 351 4599 καὶ
376 4548 611 4619 ἀληθῶς,
643 4548 803 4619 μέχρι
835 4547 891 4601 δὲ
922 4549 1103 4620 φωνῆς
1136 4546 1228 4600 καὶ
1256 4548 1513 4617 ὀνόματος
1548 4565 1819 4619 καταχρη-
1854 4570 1857 4573 ·

262 4650 461 4714 στικιῖις
491 4650 894 4721 ὠνομασμένος.
934 4648 1032 4702 Ἐν
1052 4666 1111 4701 τε
1146 4644 1283 4701 εἶναι
1312 4648 1485 4717 λέγων
1508 4650 1602 4703 καὶ
1626 4652 1821 4705 ταύτὸν

261 4745 343 4815 τῷ
376 4746 493 4817 Θεῷ
539 4747 630 4799 τὸν
676 4746 869 4815 Λόγον,
917 4745 1009 4799 τὸν
1050 4744 1420 4815 σαρκωθέντα,
1464 4746 1560 4801 καὶ
1613 4745 1678 4800 ἐκ
1724 4750 1824 4819 τῆς

262 4849 537 4920 Παρθένου
559 4846 839 4918 τεχθέντα,
868 4845 1000 4898 Θεὸν
1039 4844 1198 4897 αὑτὸν
1224 4843 1523 4914 ἀπέφηνεν.
1551 4846 1616 4898 Ὅ
1636 4845 1700 4917 δὴ
1729 4847 1831 4900 πά·

264 4952 352 5006 λαι
383 4952 474 5004 καὶ⁸
498 4948 773 5021 πρόπαλαι
803 4947 893 5002 τὸν
918 4945 1204 5001 magna»
1237 4943 1607 5016 φθεγξάμενον
1638 4946 1833 5000 ἀπεδο-

341 5143 399 5203 ›Ῑ‹
426 5134 524 5190 Ed.
555 5132 733 5188 Paris.
764 5145 890 5202 pag.
919 5128 1007 5186 6|.

336 5328 445 5397 (Η)
491 5324 600 5397 Τοῦ
635 5324 770 5379 Υιοῦ
801 5325 1203 5397 πιτουργυῂς.
1255 5324 1525 5397 Nusquam
1580 5324 1827 5397 alibiiita

273 5394 510 5476 loquitur
543 5396 838 5476 Eusebius:
884 5397 977 5447 sed
1008 5394 1165 5476 Θεοῦ,
1197 5394 1471 5476 quomodo
1498 5406 1553 5476 et
1586 5396 1675 5450 hic
1722 5396 1825 5476 legi

272 5468 446 5519 .lehet.
479 5465 728 5526 Intelligit
758 5478 874 5528 eos,
900 5479 1033 5525 quos
1057 5466 1109 5519 in
1141 5466 1313 5531 primo
1338 5466 1477 5519 libro
1498 5466 1563 5518 de
1592 5465 1828 5519 nomini-

272 5537 367 5589 bus
390 5538 591 5587 vitavit.
624 5536 911 5593 Asterium,
931 5532 1263 5595 Narcissum,
1298 5533 1598 5596 Paulinum,
1626 5545 1733 5588 etc.
1756 5533 1824 5587 M.

336 5606 449 5675 (l2)
489 5604 926 5675 ᾮμογνώμογος
952 5602 1332 5675 δυσφημίας.
1362 5605 1652 5675 Deest,_vel
1688 5604 1828 5667 τινά,

272 5672 355 5725 vel
402 5673 683 5725 £a6é).).tov
728 5676 794 5725 de
848 5674 1061 5727 nomine
1112 5672 1507 5741 compellatum.
1540 5673 1672 5727 Nam
1734 5675 1832 5726 αὑ-

271 5741 361 5797 τόν
391 5748 456 5795 atl
482 5742 789 5795 Marcellum
826 5744 1023 5811 refero.
1051 5742 1179 5796 Vult
1201 5753 1254 5794 et
1276 5744 1546 5810 stupidum
1580 5752 1631 5796 et
1661 5743 1835 5811 impu—

275 5816 487 5866 dentem
527 5827 646 5865 esse
671 5813 812 5877 quod
836 5810 1127 5865 Sabelliutn
1170 5812 1550 5878 reprehendat,
1582 5828 1703 5865 cum
1730 5810 1837 5879 (tuo

276 5880 999 5951 consctttiebat.M.—-Supra
1016 5881 1172 5954 vulgo
1188 5881 1373 5937 τοῦτον
1393 5898 1407 5948 ;
1427 5882 1550 5938 dcin
1580 5880 1683 5950 Mp.
1716 5898 1835 5948 συγ.

1920 3053 1988 3108 ab
2022 3052 2190 3122 ipsius
2217 3056 2594 3115 communione
2626 3062 2753 3108 sunt
2782 3054 2967 3117 alieni,
2994 3069 3099 3106 non
3129 3062 3307 3105 tamen
3336 3051 3497 3106 venia

1918 3154 2069 3199 caret
2116 3152 2172 3199 et
2210 3144 2562 3199 excusatione
2596 3162 2610 3198 :
2647 3160 2752 3199 non
2786 3144 3045 3211 absurda,
3080 3158 3203 3198 cum
3238 3158 3358 3210 qum
3392 3142 3499 3221 mi-

1924 3236 2072 3289 nime
2097 3234 2309 3304 probet,
2345 3248 2407 3288 ea
2434 3234 2793 3302 vituperanda
2820 3235 2922 3288 sibi
2954 3243 3199 3289 censeat.
3234 3234 3304 3287 At
3346 3233 3498 3287 illum

1918 3324 2055 3380 velle
2085 3325 2351 3379 mulctare
2385 3323 2544 3389 male,
2577 3325 2655 3378 sic
2681 3334 2741 3377 ut
2766 3332 2948 3393 speret
2976 3338 3036 3379 se
3064 3324 3367 3387 latiturutn,
3392 3324 3493 3393 qui

1918 3415 2163 3469 eamdem
2203 3413 2427 3483 impiam
2477 3427 2661 3467 secum
2694 3414 2872 3468 foveat
2910 3414 3225 3482 Opinionem
3250 3452 3266 3475 ,
3319 3413 3501 3482 impu-

1918 3503 2116 3559 dentia:
2150 3503 2430 3570 cujusdam
2472 3503 2828 3558 intoleranda:
2847 3543 2862 3568 ,
2885 3514 2941 3558 et
2969 3503 3167 3558 lrontis
3194 3502 3501 3573 perfrictis-

1917 3597 2068 3649 simae
2095 3594 2311 3648 videtur
2343 3608 2485 3657 esse,
2517 3608 2615 3648 nec
2640 3594 2861 3662 injuria.
2892 3592 3016 3648 Haec
3063 3603 3243 3648 autem
3289 3607 3351 3649 se
3398 3593 3501 3647 ha-

1916 3683 2044 3739 bere
2075 3684 2142 3739 ad
2178 3684 2323 3739 hunc
2370 3685 2589 3738 modum
2632 3693 2809 3754 patet,
2842 3698 3018 3753 neque
3046 3683 3185 3739 falso
3213 3698 3243 3737 a
3270 3698 3358 3739 me
3407 3697 3503 3738 ca-

1916 3772 2133 3828 lumniis
2158 3790 2279 3829 eutn
2320 3774 2671 3844 proscissum,
2705 3789 2771 3829 eo
2800 3778 2946 3843 quod
2996 3777 3063 3830 de
3096 3776 3374 3830 sententia
3403 3773 3505 3828 Sa-

1917 3864 2173 3928 belliana,
2192 3870 2251 3930 Ἐ
2282 3864 2450 3920 Deum
2476 3865 2762 3936 compellet
2788 3864 3199 3919 Filio~Patrem.
3221 3866 3335 3921 Non
3353 3875 3505 3921 certe

1917 3955 2181 4019 disertim,
2206 3962 2260 4020 et
2289 3954 2652 4018 totidem,hoc
2672 3953 2852 4009 fateor
2869 3955 3077 4019 verbis;
3098 3954 3300 4009 talibus
3319 3962 3504 4010 autem

1916 4046 2119 4109 utitur,
2155 4059 2278 4114 quae
2310 4044 2631 4113 bypostasin
2678 4043 2801 4098 Filii
2837 4044 3042 4101 directe
3075 4044 3264 4099 tollant
3296 4063 3309 4099 :
3340 4062 3506 4100 unum

1916 4136 2256 4191 solummodo
2298 4135 2485 4199 Deum,
2520 4144 2805 4191 statuant:
2831 4146 2996 4204 atque
3030 4136 3179 4191 illum
3216 4138 3387 4208 ipsum
3422 4137 3508 4193 sui

1918 4226 2082 4294 ipsius
2105 4226 2402 4296 genitorem
2440 4225 2748 4286 :_etFilium
2783 4227 3014 4297 denique
3034 4229 3295 4283 suietiam
3315 4228 3506 4298 ipsius.

1843 4305 1892 4363 D
1917 4314 2052 4370 Dato
2077 4316 2223 4370 enim
2245 4326 2301 4372 et
2327 4317 2832 4373 concessoVerbum
2858 4319 2911 4372 in
2938 4319 3049 4373 Deo
3078 4332 3199 4372 esse
3226 4359 3241 4384 ,
3277 4318 3419 4387 quod
3452 4325 3510 4372 et

1918 4422 2084 4460 unum
2109 4416 2273 4476 atque
2294 4408 2435 4463 idem
2468 4423 2588 4463 cum
2615 4409 2731 4479 ipso
2759 4409 3007 4474 exsistat,
3031 4423 3155 4463 eum
3175 4406 3397 4475 hujusce
3412 4405 3512 4464 Pa-

1920 4504 2056 4552 trem
2091 4497 2377 4554 dicendum
2429 4499 2637 4556 docet:
2674 4510 2729 4556 et
2757 4501 2987 4555 Verbum
3032 4500 3193 4554 etiam
3242 4499 3359 4567 ejus
3386 4515 3511 4556 esse

1921 4591 1962 4646 F
1968 4592 2141 4657 ilium,
2162 4606 2499 4663 nequaquam
2520 4592 2714 4647 Filium
2732 4593 3092 4650 exsistentem
3123 4593 3175 4646 in
3194 4592 3510 4647 substantiae

1922 4681 2271 4738 subsistentia
2282 4722 2297 4746 ,
2310 4685 2526 4752 proprie
2541 4697 2672 4738 vero
2686 4691 2740 4737 et
2752 4684 3047 4737 secundum
3066 4683 3237 4737 verita
3248 4681 3511 4746 tem,Ver-

1929 4771 2058 4827 bum
2088 4772 2439 4829 exsistentem
2476 4783 2677 4828 tamen.
2700 4772 2971 4841 Vultergo
3008 4773 3253 4843 intelligi,
3273 4772 3510 4830 Verbum

1935 4854 2087 4916 illum
2117 4876 2258 4931 esse,
2300 4879 2404 4919 non
2437 4862 2858 4928 cataehrestice,
2879 4864 2973 4918 sed
3004 4863 3290 4918 verissime
3309 4870 3363 4917 et
3381 4878 3511 4933 pro-

1935 4949 2209 5021 priissime
2233 4952 2494 5019 Verbum,
2521 4961 2685 5023 atque
2717 4962 2914 5021 prmter
2953 4950 3213 5019 Verbum,
3254 4952 3398 5007 aliud
3420 4952 3509 5006 ni-

1932 5324 2685 5400 7pﬁppa'rtlocoypc'tpttaet.
2716 5320 2846 5400 Dein
2880 5318 3208 5400 συγγνώμης
3226 5314 3507 5400 emendet.

2006 5360 2220 5399 ειμι-ωδε·
2246 5360 2364 5381 ιυυυ
2390 5360 2685 5395 ιγιιιιιυιυυο
2716 5360 2846 5376 υνυ-
2882 5360 2973 5387 πι
2999 5366 3008 5385 ι
3034 5360 3160 5387 ἐνι--
3182 5360 3207 5380 ν
3230 5360 3335 5371 ν--η
3356 5360 3377 5369 ν
3396 5360 3507 5372 ἰν--

2004 5399 2119 5469 (15)
2181 5396 2300 5465 Τὴν
2361 5396 2730 5469 ὐεῇοζζασιν.
2785 5389 2924 5469 Lege
2986 5389 3063 5459 τῷ
3124 5360 3238 5469 τῆνΔ
3277 5384 3513 5469 ὑπόστα-

1938 5464 2043 5521 σιν.
2072 5464 2129 5521 In
2156 5482 2221 5521 eo
2249 5464 2395 5534 quod
2426 5464 2545 5534 Filii
2584 5464 2989 5534 subsistentiam
3021 5465 3245 5534 negaret
3292 5468 3483 5534 separa

1938 5548 2046 5591 tam
2076 5548 2132 5591 et
2160 5524 2460 5604 propriam.
2496 5532 2563 5604 Μ.
2598 5561 2670 5604 τ-
2704 5530 2927 5604 Οοιτςκί
2958 5524 3227 5604 vulgatam
3254 5538 3319 5578 ex
3351 5524 3507 5577 codd.

1937 5608 2095 5678 ἀληθ.
2121 5594 2391 5673 εἶ’σάγοντι
2413 5603 2511 5672 τὴν
2537 5602 2724 5678 ὑπόστ.
2751 5608 2807 5653 et
2826 5594 2962 5678 sive:
2986 5594 3164 5678 ἀὐτ-ᾦ.
3332 5669 3343 5678 ⁸
3426 5661 3462 5678 Α.

2010 5667 2121 5745 (Ml
2178 5667 2264 5729 Ἡ’
2303 5667 2518 5745 Λόγοᾶτ.
2558 5672 2738 5745 Δβρίσει,
2790 5667 3155 5745 s_uil‘ulciend:_e
3231 5667 3513 5745 sententia

1939 5732 2025 5799 Bai"
2069 5746 2249 5813 λέγειν
2286 5732 2410 5813 aut
2454 5740 2647 5808 simile;
2700 5739 2905 5805 statim,
2952 5746 3073 5807 post
3102 5732 3507 5804 ὠνομασμένος,

1943 5820 2094 5876 deest
2116 5816 2251 5885 υἱός.
2283 5812 2354 5869 Μ.
