4048 6410
566 355 661 413 831
1216 351 1480 407 EUSEBII
1519 349 1989 406 CAESARIENSIS
2021 350 2169 406 OPP.
2210 349 2386 406 PARS
2423 347 2511 404 IV.
2551 378 2621 389 -—-
2658 341 3071 403 DOGMATICA.
3668 347 3774 405 852

572 467 663 529 htl,
683 468 823 536 quod
849 470 893 522 si
922 468 1067 520 aliud
1099 465 1253 529 nihil,
1276 475 1383 517 tum
1413 473 1559 517 certe
1593 466 1785 533 liquet,
1824 467 1962 533 quod
2005 482 2107 520 non

2223 464 2441 533 ιιίμασεν
2471 462 2818 533 ἡἘκκλησία
2848 461 2940 513 τοῦ
2974 458 3128 527 Θεοῦ,
3162 460 3273 522 τοῖς
3292 458 3474 522 ἀθέοις
3508 461 3668 512 αὐτον
3697 462 3778 514 aL

569 554 758 610 Filium
796 566 1113 625 vere~atque
1138 554 1351 623 proprie
1400 555 1544 608 dicat
1578 596 1595 618 ,
1643 557 1734 609 sed
1791 554 1966 609 Verbo
2006 566 2114 608 tan-

2223 554 2505 625 ρεσιὼταις
2526 553 2865 618 καταλέξασα
2900 551 3030 622 (15).
3608 611 3615 617 _

570 650 689 700 tum
709 627 862 700 lenus
888 657 1047 714 atque
1076 646 1289 700 nomine
1320 645 1709 700 catachreslice
1734 648 2119 713 usurpandum.
2145 644 2383 712 Cumque
2419 646 2651 699 Verhum
2683 647 2868 697 doceat
2889 659 3049 696 unum
3074 655 3193 695 esse
3240 649 3401 709 atque
3451 641 3587 693 idem
3623 655 3779 707 pros»

569 753 662 792 sus
691 753 813 791 cum
843 737 990 791 Deo:
1026 736 1151 791 illud
1182 751 1371 803 nempe
1451 736 1678 790 Verbum
1764 737 2105 788 incarnatum
2136 773 2153 797 ,
2206 744 2385 788 natum
2442 737 2505 787 de
2547 736 2762 803 Virgine
2796 754 2810 787 :
2853 735 3022 799 ipsum
3090 747 3208 785 esse
3270 732 3431 784 Deum
3472 739 3775 788 asseverat.

568 827 719 894 Quod
766 829 892 883 olim
944 829 1225 898 aliquando
1258 845 1287 883 a
1320 830 1553 884 Sabellio
1586 829 1873 899 prolatum,
1900 829 1967 883 ab
1996 828 2233 882 Ecclesia
2274 829 2378 883 fuit
2423 830 2672 897 rejectuu:
2701 870 2717 895 ,
2762 830 3034 897 ipsiusque
3080 839 3269 881 auctor
3345 842 3462 881 cum
3507 826 3776 885 hzeretic'ts

571 921 749 990 impiis
813 933 1212 977 annumeratus.

1214 1017 1361 1072 CAP.
1395 1017 1456 1071 11.

571 1102 724 1172 Quod
748 1121 835 1173 per
866 1104 1061 1161 Christi
1086 1108 1310 1175 gratiam
1339 1108 1526 1160 collata
1554 1117 1627 1160 est
1671 1107 1914 1161 Ecclesia!
1948 1107 2116 1162 excel-

741 1176 848 1229 lens
871 1178 1110 1243 qutedam
1135 1180 1361 1247 cognitio
1396 1180 1457 1230 tle
1502 1176 1659 1231 Patre
1680 1190 1726 1229 rt
1762 1176 1923 1230 Filio.

640 1330 891 1386 Omnium
948 1334 1215 1401 principes
1259 1332 1562 1388 Judatorum
1596 1334 1760 1398 natio,
1797 1334 1893 1389 Dei
1951 1336 2113 1391 unius

570 1420 929 1489 cognitionem
962 1432 1017 1475 et
1069 1422 1464 1477 confessionem
1517 1434 1891 1494 susceperunt,
1924 1437 2113 1479 coiutra

570 1521 788 1563 errores
819 1510 1104 1578 gentilitios
1139 1511 1206 1565 de
1246 1512 1467 1565 deorum
1510 1511 1870 1565 multitudine.
1902 1512 1969 1562 At
1994 1526 2117 1578 gra-

573 1597 645 1649 tis
672 1597 762 1650 illa
816 1597 1067 1652 salutaris
1124 1582 1375 1653 Ecclesiae
1431 1592 1890 1665 communicavit,
1952 1601 2113 1653 veluti

2870 1013 3025 1065 ΚΕΦ.
3054 1010 3129 1063 B’.

2219 1105 2346 1157 Ὀτι
2394 1102 2468 1173 τῇ
2509 1104 2835 1171 Ἐκκλησία
2881 1104 2984 1157 τοῦ
3029 1102 3175 1173 Θεοῦ
3209 1102 3247 1169 ἠ
3300 1101 3558 1173 Χριστοῦ
3598 1100 3784 1173 χάρις

2288 1174 2401 1241 τὴν
2437 1170 2573 1241 περὶ
2624 1170 2853 1241 Παξρῶς
2902 1173 2997 1226 καὶ
3029 1172 3160 1228 Flor}
3212 1170 3435 1239 γνῶσιν
3473 1171 3786 1239 ἐξαίρετον

2286 1244 2646 1311 ἐδωρήσατο.

2291 1336 2363 1388 Τὸ
2404 1335 2501 1404 μὲν
2526 1334 2631 1405 γὰρ
2657 1332 2787 1385 Θεὸν
2808 1333 3084 1402 ὁμολογεῖν
3101 1333 3194 1385 ἕνα
3227 1332 3361 1403 πρὸς
3379 1331 3785 1401 ἀντιδιαστολὴν

2218 1425 2317 1495 τῆς
2344 1424 2605 1493 Ἐλλήνων
2634 1422 2890 1474 πολυθέου
2920 1422 3125 1491 πλάνης
3153 1424 3359 1493 πρῶτοι
3386 1421 3787 1494 παρειλήφασιν

2234 1515 2497 1567 Ἰουδαίων
2530 1513 2735 1575 παῖδες·
2763 1513 2822 1565 τὸ
2858 1513 2914 1564 δὲ
2967 1513 3059 1565 καὶ
3103 1514 3322 1584 Πατέρα
3348 1514 3438 1566 τὸν
3467 1513 3627 1565 αὑτὸν
3652 1513 3786 1566 Υίοῦ

2225 1602 2544 1676 μονογενοῦς
2575 1601 2857 1672 γνωρίζειν
2881 1602 3156 1673 ἐξαίρετον
3189 1603 3356 1673 γέρας
3383 1604 3416 1671 ἡ
3442 1602 3597 1671 χάρις
3619 1603 3653 1671 ἡ
3681 1618 3788 1654 σω-

573 1688 859 1757 quamdam
916 1690 1269 1745 excellentem
1340 1694 1791 1761 praerogativam,
1866 1696 2113 1748 eumdem

2223 1696 2404 1767 τήριος
2424 1699 2489 1765 τῇ
2537 1695 2829 1765 Ἐκκλησία
2859 1693 3167 1764 δεδώρηται·
3203 1694 3328 1746 Υίὸν
3354 1694 3410 1746 δὲ
3440 1694 3548 1763 (16)
3579 1691 3789 1763 Ἰησοῦν

576 1777 759 1839 Deum,
790 1776 1002 1831 Patrem
1026 1778 1148 1841 Filii
1173 1781 1453 1850 unigeniti,
1485 1781 1744 1849 profiteri.
1780 1783 1974 1837 Filium
2021 1800 2118 1838 au-

571 1872 677 1917 tem
704 1864 854 1919 illum
894 1868 1068 1923 solum
1109 1873 1350 1939 agnoscit
1375 1869 1553 1926 Jesum
1584 1874 1875 1935 Christum,
1900 1882 2120 1943 praeter-

568 1962 633 2008 ea
667 1956 891 2011 nullum.
930 1958 1037 2013 Nec
1081 1960 1224 2013 illum
1247 1961 1539 2015 secundum
1574 1964 1971 2033 carnis,.quam
2005 1981 2119 2021 sus.

568 2046 731 2113 cepit,
770 2051 1169 2115 generationem
1210 2048 1369 2117 (hanc
1402 2052 1601 2106 etenim
1633 2061 1689 2106 et
1715 2055 1848 2108 servi
1870 2054 2115 2123 formam,

567 2145 627 2192 et
659 2136 827 2206 ﬁlium
854 2142 1075 2195 hominis
1101 2157 1315 2205 vocare,
1339 2143 1523 2203 educta
1546 2141 1686 2213 fuit),
1709 2146 1802 2199 sed
1824 2145 2117 2199 secundum

569 2225 716 2280 illam
766 2228 1120 2295 divinitatem,
1174 2248 1332 2301 quam
1368 2248 1396 2285 a
1444 2233 1601 2287 Patre
1658 2244 1712 2288 et
1761 2234 1871 2289 Deo
1932 2237 2118 2291 eodem

566 2316 757 2372 habuit
804 2329 929 2373 ante
963 2324 1142 2376 omnia
1191 2324 1408 2389 sarcula,
1446 2326 1708 2379 universis
1760 2327 2115 2395 incognitam.

570 2408 877 2464 Secundum
902 2426 1064 2481 quam
1091 2417 1515 2481 generationem,
1549 2426 1788 2484 paternas
1823 2418 2121 2473 divinitatis

570 2498 981 2568 plenitudinem,
1014 2512 1067 2557 et
1111 2505 1279 2571 ipsum
1324 2507 1542 2570 Filium,
1582 2507 1745 2560 Deum
1793 2508 2118 2571 constituit,

571 2602 678 2642 non
709 2605 737 2640 a
767 2590 946 2659 seipse
976 2608 1277 2660 possessam
1308 2596 1391 2650 vel
1420 2613 1448 2649 a
1495 2597 1652 2650 Patre
1697 2608 2020 2667 separatam,
2055 2605 2114 2663 ›Ῑ‹

570 2679 666 2733 sed
698 2694 795 2735 nec
821 2683 935 2735 sine
962 2684 1225 2753 principio
1254 2686 1397 2739 illam
1444 2696 1498 2741 et
1545 2688 1911 2755 ingeneratam
1947 2691 2120 2744 deita-

568 2775 700 2833 tem,
744 2770 937 2825 nedum
990 2772 1206 2827 aliunde
1238 2775 1528 2829 derivatam
1561 2778 1932 2847 peregrinam,
1989 2780 2118 2834 hos.

568 2858 757 2927 pitam,
796 2871 850 2914 et
886 2878 913 2915 a
940 2863 1099 2920 Patre
1126 2867 1372 2929 alienam,
1414 2869 1506 2922 sed
1538 2868 1602 2921 de
1631 2879 1852 2935 paterna
1890 2871 2118 2937 partici-

569 2948 805 3017 patione,
838 2950 1000 3005 veluti
1030 2954 1093 3005 de
1118 2954 1229 3024 jugi
1270 2965 1429 3023 puteo
1464 2957 1515 3008 in
1552 2958 1724 3023 ipsum
1766 2957 1955 3022 eﬂuso,
1996 2976 2121 3029 pro-

2222 1785 2452 1854 Χριστὸν
2491 1782 2649 1851 μόνον
2693 1778 2800 1834 οίδε
2834 1781 2927 1834 καὶ
2960 1781 3147 1834 οὐδένα
3177 1780 3380 1851 ἕτερον·
3410 1779 3469 1831 οὐ
3498 1778 3639 1831 κατά
3688 1777 3790 1847 τὴν

2217 1873 2316 1942 τῆς
2345 1872 2563 1941 σαρκὸς,
2597 1871 2663 1941 ἢν
2691 1871 2964 1939 ἀνείληφε,
2997 1870 3229 1937 γένεσιν,
3260 1868 3481 1939 (ταύτην
3512 1867 3621 1937 γὰρ
3646 1865 3791 1923 δού-

2217 1967 2329 2017 λου
2343 1963 2604 2033 μορφὴν,
2627 1962 2721 2015 καὶ
2745 1961 2885 2015 Υἱὸν
2902 1962 3214 2030 ἀνθρώπου
3234 1961 3416 2014 καλεῖν
3438 1957 3791 2028 δεδίδακται·)

2219 2056 2357 2108 κατὰ
2389 2055 2445 2106 δὲ
2478 2055 2575 2124 τὴν
2603 2051 2663 2117 ἐξ
2696 2052 2860 2105 αὑτοῦ
2884 2053 2978 2105 τοῦ
3014 2052 3147 2105 Θεοῦ
3180 2054 3272 2105 καὶ
3294 2050 3500 2121 [ἰατρὸς
3527 2050 3633 2120 πρὸ
3654 2050 3793 2102 πάν-

2219 2164 2325 2199 των
2351 2145 2576 2199 αἰώνων·
2611 2146 2883 2213 ἄγνωστον
2915 2146 3025 2207 τοῖς
3045 2146 3177 2196 πᾶσι
3199 2143 3319 2196 καθ’
3345 2145 3409 2212 ἢν
3434 2142 3495 2195 τὸ
3516 2142 3794 2212 πλήρωμα

2218 2238 2316 2305 τῆς
2371 2236 2642 2307 πατρικῆς
2670 2235 2941 2304 θεότητος,
2972 2236 3066 2287 καὶ
3106 2235 3266 2287 αὑτὸν
3306 2234 3453 2298 Υἱὸν,
3496 2232 3628 2286 Θεὸν
3657 2234 3793 2285 Om-

2222 2329 2473 2397 στήσατο,
2514 2328 2615 2379 οὐκ
2646 2327 2960 2397 ίδιὸκτητον,
2996 2326 3090 2378 καὶ
3108 2324 3201 2378 τοῦ
3233 2323 3443 2396 Πατρὸς
3473 2322 3794 2393 ἀφωρισμέ-

2220 2434 2335 2485 νην,
2368 2417 2473 2469 οὐδ’
2508 2417 2739 2486 ἀναρχόν
2770 2434 2891 2470 τινα
2936 2417 3030 2469 καὶ
3063 2416 3372 2485 ἀγέννητον,
3404 2413 3525 2467 οὐδὲ
3568 2412 3794 2468 ἄλλοθέν

2221 2510 2381 2563 ποθεν
2414 2510 2567 2579 ξένην
2599 2510 2693 2563 καὶ
2739 2508 2831 2561 τοῦ
2862 2508 3075 2581 Πατρὸς
3108 2506 3390 2578 ἀλλοτρίαν
3429 2504 3793 2574 ἐφελκόμενον

2221 2602 2465 2671 θεότητα,
2492 2602 2549 2667 ἐξ
2578 2601 2748 2669 αὐτῆς
2772 2600 2829 2652 δὲ
2853 2600 2951 2669 τῆς
2988 2598 3262 2670 πατρικῆς
3298 2595 3583 2669 μετουσίας
3598 2594 3794 2666 ὥσπερ

2220 2695 2327 2748 ἀπὸ
2376 2695 2581 2763 πηγῆς,
2628 2694 2715 2746 ἐπ’
2767 2692 2927 2746 αὐτὸν
2976 2692 3342 2762 προχεομένης
3389 2688 3790 2760 πληρούμενον.

2219 2787 2379 2856 Μόνῳ
2402 2785 2509 2856 γὰρ
2528 2788 2583 2838 ὲν
2607 2784 2754 2855 αὐτῷ
2773 2786 2879 2839 πᾶν
2907 2784 2974 2837 τὸ
3002 2782 3289 2850 πλήρωμα
3317 2782 3429 2851 (l7)
3451 2779 3559 2848 τῆς
3584 2793 3793 2847 πατρι-

2219 2877 2331 2942 κῆς
2376 2878 2603 2929 ἐνοικεῖν
2656 2877 2951 2941 θεότητος,
3004 2876 3033 2927 ὁ
3088 2872 3259 2943 μέγας
3311 2871 3623 2925 ἐπαίδευσεν
3673 2869 3791 2939 (18)

2230 2968 2565 3031 Ἀπόστολος.
2611 2968 2701 3021 Διὸ
2738 2969 2801 3037 δὴ
2835 2962 2914 3031 εἷς
2946 2967 3077 3032 Θεὸς
3107 2970 3173 3037 τῇ
3216 2965 3507 3035 Ἐκκλησία
3528 2963 3621 3016 τοῦ
3649 2960 3792 3014 Θεοῦ

569 3050 818 3129 pagatam
863 3058 987 3096 cum
1042 3046 1387 3111 plenitudine.
1442 3048 1720 3114 Siquidem
1764 3050 1817 3101 in
1872 3051 1959 3106 illo
1998 3054 2116 3108 solo

2223 3056 2563 3126 κηρύττεται·
2583 3058 2676 3109 καὶ
2706 3058 2806 3109 οὐκ
2838 3056 2982 3109 ἐστιν
3003 3056 3187 3127 ἕτερος
3225 3055 3363 3126 πλὴν
3388 3053 3574 3107 αὑτοῦ·
3610 3046 3693 3114 εἷς
3728 3050 3794 3103 δδ

573 3124 820 3183 habitare
866 3131 1235 3198 plenitudinem
1287 3146 1516 3200 paterna:
1570 3137 1782 3189 deitatis
1812 3137 1857 3168 "
1898 3154 2119 3207 magnus

2229 3124 2323 3200 xot‘t
2378 3148 2667 3217 μονογενὴς
2691 3146 2785 3199 τοῦ
2819 3147 2952 3200 Θεοῦ
2985 3124 3131 3213 Υἱὸς,
3182 3124 3345 3200 εἰκὼν
3389 3147 3487 3215 τῆς
3517 3144 3796 3213 πατρικῆς

574 3217 790 3273 edocuit
838 3223 1144 3287 Apostolus.
1211 3222 1358 3277 Hanc
1402 3225 1471 3278 ob
1524 3241 1741 3279 causam
1790 3227 1845 3279 in
1882 3228 2119 3283 Ecclesia

2231 3237 2501 3307 θεότητος,
2524 3238 2617 3291 καὶ
2647 3236 2733 3297 διὰ
2762 3236 2917 3290 τοῦτο
2942 3236 3093 3301 Θεός.

574 3323 716 3362 unus
741 3309 887 3364 solus
919 3311 1059 3365 Deus
1085 3314 1435 3366 annuntiatur
1461 3332 1473 3366 :
1503 3329 1673 3383 neque
1690 3316 1828 3369 alius
1851 3319 2119 3387 quispiam
2159 3335 2352 3392 prmter
2413 3343 2535 3382 eum
2570 3346 2583 3382 :
2640 3342 2780 3383 unus
2850 3329 3035 3381 itidem
3093 3326 3184 3382 Dei
3230 3325 3398 3382 Filius
3455 3325 3792 3395 unigenitus,

574 3401 751 3473 imago
797 3415 1033 3472 paterna:
1086 3406 1321 3473 deitatis,
1382 3415 1541 3475 atque
1594 3408 1666 3463 ita
1716 3409 1856 3465 Deus
1891 3414 1959 3466 ob
2002 3414 2103 3469 hoc
2139 3417 2332 3486 ipsum.

1194 3499 1343 3555 CAP.
1389 3499 1473 3555 Ill.

577 3590 731 3656 Quod
764 3593 924 3646 variis
960 3593 1219 3647 erroribus
1271 3595 1512 3663 impliciti
1541 3598 1850 3664 erraverint,
1886 3600 1950 3651 de
1985 3598 2126 3654 Filio

908 3663 1111 3717 diversa
1141 3659 1416 3719 sentientes
1449 3666 1511 3717 ab
1539 3664 1796 3719 Ecclesia.
1836 3659 1845 3664 ⁷

2646 3659 2661 3669 ’
2678 3659 2808 3741 περὶ
2821 3744 2829 3751 _
2842 3659 2947 3728 τοῦ
2982 3673 3113 3727 Υίοῦ
3150 3659 3329 3743 λόγῳῖ

648 3749 814 3817 Quam
844 3752 1059 3820 quidem
1086 3754 1365 3823 theologia:
1402 3756 1667 3811 rationem
1691 3757 1932 3827 plerique
1962 3758 2119 3813 intel-

2302 3766 2405 3818 'Hv
2427 3767 2492 3836 δὴ
2540 3749 2828 3833 θεολογίαν
2864 3769 2914 3819 οί
2940 3765 3124 3819 πολλοὶ
3154 3767 3293 3817 νοεῖν
3328 3764 3388 3818 οὐ
3422 3766 3793 3836 χωρήσαντες,

576 3838 744 3908 ligere
780 3856 883 3895 non
912 3842 1175 3907 valentes,
1215 3845 1391 3898 varios
1446 3846 1547 3900 sibi
1578 3862 1820 3901 errorum
1884 3850 2119 3904 tramites

2225 3857 2469 3921 ποικίλας
2510 3859 2783 3927 ἀτραποὺς
2814 3858 3116 3929 ἐπενόησαν
3165 3857 3392 3927 πλάνης·
3442 3858 3492 3909 oi
3526 3857 3624 3927 μὲν
3656 3856 3796 3909 Θεὸν

575 3932 992 3986 adinvenerunt.
1027 3932 1166 3988 Sunt
1194 3935 1284 4003 qui
1316 3934 1510 3989 Filium
1568 3937 1731 3991 Deum
1779 3953 1897 3993 esse
1931 3955 2119 3995 conce-

2223 3949 2404 4012 δόντες
2422 3948 2511 4000 τὸν
2538 3948 2683 4011 Υἱὸν,
2723 3950 2814 4002 τὸν
2840 3948 2885 4001 δ’
2915 3948 3217 4019 ἄνθρωπον,
3261 3948 3319 4001 ὃν
3346 3948 3652 4018 ἀνείληφεν,
3688 3949 3757 4017 ἀρ

576 4022 765 4075 dentes
788 4022 1057 4077 hominem
1087 4025 1314 4093 ejerant,
1342 4039 1498 4093 quem
1528 4028 1835 4096 assumpsit.
1872 4029 1973 4083 Alii
2006 4047 2119 4098 pro-

2227 4042 2540 4111 νησάμενοι·
2568 4043 2614 4093 oi
2649 4041 2705 4095 δὲ
2736 4039 2890 4110 ψιλὸν
2928 4040 3210 4111 ἄνθρωπον
3245 4038 3582 4108 ὑποθέμενοι,
3616 4038 3708 4091 τὸν
3742 4037 3792 4090 δ’

576 4113 703 4167 fessi
746 4128 866 4167 eum
894 4114 1163 4168 hominem
1214 4116 1436 4181 nudum,
1489 4117 1653 4170 Deum
1682 4118 1734 4170 in
1767 4118 1884 4187 ipso
1915 4120 2119 4189 ignora-

2230 4134 2286 4185 ὲν
2332 4132 2477 4203 αὐτῷ
2502 4132 2631 4185 Θεὸν
2680 4132 3061 4204 ἀγνοήσαντες·
3097 4133 3144 4184 οἱ
3167 4131 3245 4194 δὲ,
3291 4130 3437 4201 φόϐῳ
3465 4130 3559 4182 τοῦ
3612 4131 3793 4184 δοκεῖν

576 4212 723 4258 runt.
756 4202 947 4269 Tertii,
973 4216 1113 4259 metu
1142 4206 1232 4260 Dei
1252 4206 1473 4261 alterius
1496 4207 1895 4274 iutroducendi,
1917 4209 2119 4265 Patrem

2228 4202 2473 4292 δεύτερον
2523 4202 2855 4293 εἰσηγεῖσθαι
2886 4223 3042 4285 Θεὸν,
3067 4222 3157 4275 τὸν
3203 4221 3365 4275 αὐτὸν
3394 4217 3531 4275 εἶναι
3569 4222 3794 4293 Πατέρα

576 4305 736 4365 atque
752 4295 939 4349 Filium
958 4312 1122 4351 unum
1141 4312 1257 4353 esse
1274 4301 1630 4369 eumdcmque
1656 4300 1966 4366 opinantur.
1983 4302 2119 4369 Quas

2231 4318 2324 4375 καὶ
2363 4316 2487 4369 Υἱὸν
2529 4315 2861 4386 ὁρισάμενοι,
2908 4314 3004 4377 οὓς
3036 4315 3366 4384 ὲκτραπεῖσα
3404 4314 3437 4384 ή
3495 4313 3794 4384 Ἐκκλησία

576 4388 697 4442 vias
724 4389 851 4442 dum
880 4388 1118 4443 declinat
1150 4389 1387 4444 Ecclesia
1419 4390 1535 4454 Dei,
1565 4391 1889 4460 evangelica:
1921 4407 2119 4461 praeco-

2230 4402 2323 4456 τοῦ
2355 4403 2486 4457 Θεοῦ
2518 4403 2597 4474 τῷ
2647 4404 2743 4473 τῆς
2778 4402 3035 4472 ἀληθείας
3090 4401 3426 4472 εὐαγγελικῷ
3473 4401 3793 4473 κηρύγματι

576 4479 671 4535 nio
697 4480 941 4535 veritatis
968 4480 1244 4551 gloriatur.
1298 4481 1472 4537 Unum
1514 4483 1731 4551 quidem
1761 4483 1928 4538 Deum
1963 4484 2119 4553 profi-

2232 4494 2567 4564 σεμνύνεται,
2600 4494 2695 4546 ἕνα
2738 4494 2835 4563 μὲν
2861 4492 2949 4544 τὸν
2978 4490 3069 4545 ἐπὶ
3098 4491 3310 4545 πάντων
3337 4491 3469 4544 Θεὸν
3498 4491 3641 4561 ἔχειν
3685 4492 3790 4546 αύ-

2876 3517 3034 3578 ΚΕΦ,
3066 3516 3140 3573 I".

2231 3604 2357 3657 Ὅτι
2389 3604 2670 3669 ποικίλως
2712 3603 3071 3671 ἐσφάλησαν
3127 3606 3180 3658 ol
3220 3602 3549 3671 ἑτερόδοξοι
3598 3604 3667 3655 ὲν
3710 3600 3799 3668 τῷ

573 4572 674 4633 teri
703 4584 780 4635 se,
813 4586 971 4640 supra
1004 4586 1190 4627 omnes
1224 4573 1547 4639 venditans;
1577 4589 1742 4628 unum
1796 4589 2009 4643 quoque
2033 4574 2123 4631 Fi-

575 4662 705 4717 lium
740 4662 1069 4731 unigenitum
1117 4660 1268 4731 eius,
1308 4664 1477 4719 Deum
1508 4664 1573 4719 de
1625 4666 1733 4719 Deo
1756 4665 1939 4721 Jesum
1963 4666 2123 4720 Chri-

571 4764 714 4810 3tum
746 4770 1042 4825 agnoscens
1072 4772 1087 4821 ς
1113 4756 1361 4811 eumdem
1385 4757 1556 4826 ipsum
1590 4755 1831 4828 professa
1871 4756 2125 4812 Servato—

572 4861 689 4902 rem
722 4856 775 4901 et
817 4846 1013 4903 Filium
1064 4848 1318 4903 hominis.
1350 4847 1451 4915 Qui
1508 4864 1632 4903 cum
1693 4849 2123 4911 nondumhomo

573 4936 753 4998 factus
778 4936 975 5004 fuerat,
1012 4938 1181 4995 Filius
1214 4939 1305 4993 Dei
1333 4949 1510 4995 tamen
1555 4940 1865 4996 exsistebat.
1898 4939 2121 5007 Factus,

573 5029 718 5097 quod
745 5044 851 5083 non
874 5030 1022 5099 prius
1048 5030 1246 5095 fuerat,
1274 5031 1345 5087 ob
1360 5030 1782 5100 inexplicabilem
1806 5032 2121 5089 misericor-

575 5119 676 5177 dia:
702 5128 938 5190 paterna:
965 5122 1475 5177 transcendenuam.

649 5285 707 5344 εἰς
734 5279 831 5334 Ed.
859 5280 1029 5335 Paris.
1056 5295 1175 5353 pag.
1202 5282 1289 5338 62.
1362 5282 1408 5314 "
1436 5282 1640 5338 Coloes.
1670 5298 1731 5349 ιι,
1768 5286 1820 5340 9.

613 5435 755 5557 Ιιμδ)
778 5433 836 5490 In
882 5437 1007 5500 line,
1054 5438 1263 5523 legend:
1309 5441 1733 5510 ὲγκαταλέξασα.
1773 5443 1845 5499 Μ.
1885 5472 1955 5485 --
2000 5442 2121 5497 Mox

664 5520 730 5557 Ro
758 5507 913 5557 γάοις
939 5510 972 5557 ἢ
998 5524 1091 5557 του
1113 5510 1377 5557 humane-

575 5507 913 5581 “1.8914994
939 5507 1099 5581 ἡ,φέ
1113 5507 1377 5581 Σωτῆροξο

646 5520 730 5558 ιο
758 5520 825 5576 χά
866 5525 913 5571 ις
939 5520 972 5576 η
998 5524 1091 5561 του
1114 5520 1377 5581 Σωτῆρος.

646 5520 756 5641 (ῗθ)
797 5522 932 5630 flor
962 5576 1047 5631 δέ.
1072 5579 1162 5656 βία
1188 5581 1494 5656 legendum,
1515 5596 1641 5645 non,
1678 5593 1737 5656 ut
1767 5581 2016 5656 nlihi_v§v
2042 5581 2118 5634 δέ.

578 5641 730 5726 Illum
768 5660 975 5726 nempe,
1010 5647 1177 5726 enini
1207 5641 1491 5720 cognitio,'
1517 5662 1573 5707 ut
1631 5641 1796 5723 γέρας
1853 5644 2123 5723 ἐξαίρετον

579 5712 801 5773 dabatur
830 5712 1095 5773 Ecclesiae.
1130 5716 1199 5772 Μ.

2228 4586 2413 4656 χοῦσα·
2438 4581 2534 4640 ἕνα
2560 4586 2615 4640 δὲ
2656 4586 2751 4639 καὶ
2793 4584 2918 4637 Υἱὸν
2955 4584 3233 4655 μονογενῆ,
3266 4582 3396 4636 Θεὸν
3421 4584 3484 4636 ὲκ
3509 4582 3645 4636 Θεοῦ
3685 4584 3791 4655 Ἰη-

2232 4678 2356 4730 σοῦν
2383 4678 2615 4749 Χριστὸν
2646 4675 3073 4749 ὲπιγραφομένη,
3103 4677 3331 4747 Σωτῆρα
3359 4676 3450 4727 τὸν
3482 4674 3643 4729 αὑτὸν
3690 4678 3791 4731 καὶ

2228 4769 2353 4822 Υἱὸν
2374 4769 2659 4841 ἀνθρώπου
2686 4769 2983 4838 γινόμενον,
3002 4766 3354 4838 ὁμολογοῦσα·
3378 4766 3505 4819 ὄντα
3533 4765 3631 4836 μὲν
3652 4766 3788 4819 Υίὸν

2227 4860 2381 4926 Θεοῦ,
2432 4861 2560 4932 πρὶν
2589 4861 2621 4932 ἦ
2663 4860 2756 4913 καὶ
2790 4858 3073 4931 ἀνθρώπου
3099 4860 3370 4928 γενέσθαι·
3404 4861 3496 4913 καὶ
3524 4858 3681 4913 τοῦτο
3724 4859 3787 4913 δὲ

2226 4952 2531 5021 γενόμενον,
2568 4953 2702 5021 ὅπερ
2737 4950 2837 5004 οὐκ
2866 4946 2954 5022 ἦν,
3002 4952 3070 5005 δι’
3108 4952 3307 5020 ἄφατον
3351 4951 3653 5024 ὑπερϐολὴν
3682 4952 3785 5022 τῆς

2226 5038 2319 5101 τοῦ
2357 5041 2567 5112 Πατρὸς
2599 5039 2787 5109 φιλανθ
2796 5041 3020 5113 ρωπίας.

2295 5444 2406 5514 (l7)
2456 5443 2525 5514 Τὸ
2554 5441 2856 5514 πᾼήρωμα.
2898 5442 3047 5514 Illum
3081 5441 3170 5514 qui
3207 5440 3636 5514 eratnlﬁpmpa,
3692 5453 3787 5501 aut

2228 5510 2589 5585 ἔχονταηΡοει
2610 5511 2878 5585 θεότητος,
2898 5516 2987 5581 qui
3019 5512 3269 5585 habebat
3281 5510 3567 5585 πλήρωμαἶ

2300 5585 2409 5650 (18)
2448 5581 2853 5635 Ἐπαίδευσεν.
2886 5585 3193 5649 Apostolus,
3231 5581 3436 5635 Coloss.
3471 5597 3508 5645 ι,
3548 5582 3633 5645 19,
3695 5583 3785 5637 do-

2230 5663 2333 5717 cet,
2359 5655 2465 5705 πᾶν
2492 5652 2553 5702 τὸ
2587 5652 2853 5723 πλήρωμα
2906 5654 2957 5705 in
2994 5652 3083 5708 illo
3116 5652 3469 5723 κατοικῆσαι,
3522 5662 3577 5704 et
3638 5653 3780 5723 quod

2230 5724 2317 5781 hic
2342 5722 2628 5788 iudicatur,
2658 5721 2861 5777 (zeloss.
2894 5738 2953 5791 lt,
2981 5724 3037 5789 9,
3090 5723 3196 5776 πᾶν
3229 5722 3289 5775 τὸ
3353 5721 3620 5791 πλήρωμα
3684 5722 3781 5791 τῆς
