4048 6496
284 492 387 550 8⁸55

931 595 1083 659 ΚΕΦ.
1115 607 1187 661 Δ’.

283 697 412 769 ὀτι
448 704 642 769 μάτην
664 696 1053 769 Χριστφιῖνοὺς
1084 695 1334 769 ἑαυτοὺς
1352 695 1658 769 λέγουσενν
1690 695 1840 769 σιμὴ

347 763 669 835 ὑφίστάναι
698 765 804 818 τὸν
848 766 982 818 Υἱὸν
1012 763 1117 818 τοῦ
1145 765 1292 819 Θεοῦ
1320 763 1770 834 ὀμοζλογοῦντεςζ

358 854 418 909 Ὅ
453 855 552 926 μὲν
572 853 635 924 δὴ
660 855 758 924 τῆς
783 854 1039 923 ἀληθείας
1067 854 1222 920 λόγος
1253 854 1405 906 ταῦτ’
1443 856 1508 906 ὲκ
1550 853 1841 924 προσώπου

284 944 845 1016 βοᾷτῆςἘκκλησίας·
869 947 917 997 oi
945 945 999 996 δὲ
1017 945 1108 996 τὸν
1123 943 1248 996 Υἱὸν
1278 943 1372 996 τοῦ
1409 943 1544 996 Θεοῦ
1573 943 1845 1014 ἀρνούμε-

281 1052 380 1100 νοι,
407 1037 500 1088 ἕνα
541 1033 596 1085 δὲ
626 1033 756 1086 Θεὸν
777 1029 910 1086 εἶναι
954 1034 1270 1100 φάσκοντες,
1313 1033 1405 1086 καὶ
1449 1033 1599 1086 οὐδὲν
1636 1034 1840 1103 ἕτερον,

280 1126 333 1180 τί
363 1126 456 1179 καὶ
479 1125 863 1196 παρενοχλοῦσι
906 1125 1080 1195 μάτην
1103 1127 1169 1196 τῇ
1207 1124 1523 1196 Ἐκκλησίᾳ,
1550 1128 1669 1188 ταῖς
1716 1125 1844 1178 Ἰου-

279 1216 440 1270 δαίων
465 1216 807 1286 προσομιλεῖν
836 1218 1176 1285 συναγωγαῖς
1204 1216 1355 1284 δέονς
1387 1217 1450 1268 Τί
1480 1217 1536 1269 δὲ
1567 1216 1661 1269 καὶ
1684 1215 1843 1286 βλασ-

283 1309 482 1377 φήμοις
537 1309 677 1376 σφᾶς
724 1307 922 1369 αὐτοὺς
958 1307 1338 1380 περιπείρουσι
1369 1307 1565 1374 λόγοις,
1606 1305 1694 1360 τὸν
1749 1308 1843 1360 ἕνα

280 1398 409 1451 Θεὸν
438 1398 890 1465 συκοφαντοῦντες
929 1397 1038 1466 (19)
1082 1398 1285 1460 διτταῖς
1327 1399 1670 1468 ὲπηγορίαις,
1703 1401 1748 1451 εί
1777 1398 1841 1469 δὴ

278 1488 370 1541 τὸν
391 1489 554 1542 αὑτὸν
572 1487 788 1557 Πατέρα
819 1488 1015 1541 καὶτὸν
1031 1489 1190 1541 αὐτὸν
1207 1487 1332 1541 Υἱὸν
1349 1488 1687 1542 ὑποτίθενται
1702 1505 1717 1554 ;
1735 1490 1844 1542 Καὶ

278 1577 420 1641 τίνος
456 1578 563 1648 γάρ
589 1579 702 1629 ἐστι
725 1577 902 1649 πατὴρ
930 1577 1152 1648 μηδενὸς
1177 1577 1480 1648 ὑφεστῶτος
1515 1578 1631 1631 υἱοῦ
1653 1596 1667 1643 ;
1690 1580 1843 1642 Τίνος

279 1667 337 1720 δὲ
361 1668 472 1730 υίὸς
495 1668 664 1730 ἔσται,
702 1668 774 1738 μὴ
816 1670 1257 1739 προϋπάρχοντος
1290 1669 1382 1722 τοῦ
1428 1673 1841 1741 γεγεννηκότος;

279 1755 374 1821 Εἷς
393 1757 450 1810 δὲ
475 1757 570 1822 ῶν,
601 1759 815 1821 πάντως
838 1775 940 1812 που
978 1760 1140 1822 αὐτὸς
1171 1759 1321 1813 ἔσται
1355 1762 1383 1812 ὁ
1423 1762 1725 1833 σαρκωθεὶς
1750 1763 1844 1815 καὶ

279 1848 465 1902 παθὼν
525 1849 616 1902 καὶ
686 1849 777 1902 τὸν
833 1851 890 1903 ὲν
969 1849 1273 1921 ἀνθρώποις
1331 1851 1586 1916 διανύσας
1649 1852 1843 1916 θνητὸν

281 1938 414 2009 βίον.

1220 477 1308 542 bs
1346 475 1878 544 ECCLESIASTICA
1919 473 2314 542 THEOLOGIA
2349 472 2553 540 1.13.1.

1868 621 1916 679 Α

3403 477 3509 535 854

2590 601 2855 673 CAPJV.

1949 696 2102 764 Quod
2129 698 2410 768 [rustraise
2438 697 2768 768 denominant
2802 693 3158 768 Christianos,
3186 692 3277 763 qui
3305 689 3508 746 Filium

2313 767 2412 821 Dei
2439 783 2542 820 non
2562 766 2794 836 fatentur
2827 765 3135 818 substitisse.

2013 863 2189 932 Atque
2211 863 2309 918 ista
2336 863 2556 933 quidem
2589 861 2837 916 veritatis
2866 858 3044 912 oratio
3078 865 3161 911 est
3193 869 3291 924 per
3321 854 3510 909 Eccle-

1943 949 2038 1004 siae
2060 952 2390 1019 praeconium
2433 949 2799 1020 proclamata.’
2837 945 2915 1000 llli
2976 959 3138 1016 porro
3186 945 3275 1012 qui
3311 943 3509 998 Filium

1946 1039 2041 1094 Dei
2081 1041 2417 1104 inliciantur,
2450 1055 2616 1094 unum
2645 1054 2777 1093 vero
2808 1038 2980 1093 solum
3014 1035 3179 1089 Deum
3203 1049 3324 1090 esse
3355 1034 3508 1089 dicti-

1945 1139 2081 1196 tant,
2117 1147 2217 1186 nec
2244 1139 2437 1201 przcter
2462 1131 2612 1184 illum
2650 1128 2792 1184 aliud
2828 1147 2840 1183 :
2874 1142 3132 1198 quorsum
3168 1139 3227 1180 se
3251 1123 3507 1178 molestos

1944 1222 2200 1278 Ecclesiae
2227 1217 2319 1276 Dei
2344 1222 2601 1277 exhibent
2622 1221 2868 1284 ulterius,
2894 1221 2984 1289 qui
3013 1219 3195 1288 potius
3210 1218 3513 1273 debuerant

1944 1311 2225 1381 aggregari
2256 1313 2320 1367 ad
2347 1327 2646 1382 synagogas
2663 1309 3006 1365 Judmorurn?
3037 1315 3094 1372 ἧς
3126 1309 3391 1375 Quorsum
3422 1322 3510 1361 se-

1943 1413 2055 1458 mel
2084 1417 2298 1472 quoque
2330 1403 2473 1471 ipsos
2504 1403 2685 1456 verbis
2718 1403 3090 1470 transadigunt
3132 1400 3514 1469 blaspheman-

1945 1495 2108 1554 tibus,
2141 1508 2303 1546 unum
2335 1494 2523 1554 Deum,
2549 1493 2894 1562 sycophantae
2925 1492 3066 1545 velut
3095 1490 3292 1551 solent,
3327 1489 3515 1544 convi-

1945 1586 2154 1639 ciantes
2182 1600 2280 1655 per
2318 1586 2424 1638 duo
2456 1585 2799 1653 cognomina,
2853 1586 2895 1637 si
2927 1583 3176 1638 eumdem
3212 1583 3386 1652 ipsum
3417 1582 3512 1636 Fi-

1944 1675 2097 1740 lium,
2124 1690 2282 1744 quem
2323 1686 2377 1729 et
2403 1674 2640 1740 Patrem,
2676 1692 2772 1743 per
2800 1674 2978 1728 omnia
3006 1689 3127 1728 esse
3151 1674 3508 1727 contendunt.

1944 1765 2108 1833 Cujus
2135 1767 2334 1819 ctenim
2360 1775 2514 1835 pater
2539 1778 2683 1822 esset
2718 1767 2826 1831 illc,
2861 1747 2950 1835 qui
2981 1765 3153 1818 [ilium
3181 1781 3286 1820 non
3315 1765 3515 1819 haheat

1945 1858 2032 1925 qui
2063 1857 2362 1911 subsistat?
2395 1858 2564 1928 Cujus
2598 1875 2760 1929 porro
2783 1869 2840 1913 et
2877 1859 2969 1912 ille
2999 1858 3160 1920 ﬁlius,
3207 1856 3360 1923 cujus
3397 1856 3532 1909 nul-~

1950 1946 2031 2000 lus
2069 1950 2474 2015 prmexstiterit,
2511 1950 2600 2018 qui
2633 1951 2819 2019 genuit
2852 1965 2973 2004 eum
3014 1948 3214 2019 pater?
3243 1947 3398 2004 Unus
3441 1948 3516 2001 si-

280 2037 502 2105 quidem
565 2051 687 2090 cum
752 2037 995 2098 exsistat,
1029 2053 1129 2091 nec
1158 2037 1327 2104 aliud,
1371 2040 1591 2093 omnino
1629 2039 1746 2093 ﬁeri
1800 2055 1906 2094 non
1949 2051 2124 2110 potest
2158 2044 2334 2110 aliter,
2371 2045 2502 2114 quin
2550 2061 2689 2099 unus
2743 2043 3110 2115 idemque_sit
3156 2045 3514 2109 incarnatus,

281 2144 496 2200 passus,
528 2139 582 2185 et
628 2130 681 2184 in
713 2131 929 2186 homine
953 2147 1072 2196 suo,
1125 2133 1288 2185 vitam
1333 2133 1638 2203 transigens
1681 2136 1989 2191 mortalem.

958 2248 1115 2300 ΚΕΦ.
1148 2245 1226 2300 E'.

281 2337 478 2409 Ὅπως
524 2336 902 2409 Μᾴρκελλοςλ
927 2336 1036 2389 τόν
1074 2335 1210 2409 Υἱὸν·
1243 2337 1350 2392 τοῦ
1391 2339 1540 2393 Θεοῦ
1582 2340 1840 2409 ἠρνεῖτο,

383 2405 498 2473 τὴν
517 2406 622 2460 τοῦ
647 2407 974 2460 Σαϐελλίου
991 2407 1338 2475 προαίρεσιν
1351 2405 1735 2479 μιμούμεὲος.

359 2495 520 2548 Ἀλλὰ
572 2495 744 2548 ταῦτα
772 2496 998 2563 λέγοντα
1032 2496 1331 2549 Σαόέλλιον
1356 2499 1390 2567 ἡ
1431 2498 1723 2568 Ἐκκλησία
1749 2499 1842 2552 τοῦ

279 2571 412 2638 Θεοῦ
440 2584 516 2648 ὡς
540 2585 672 2639 ἄθεα
710 2585 803 2638 καὶ
828 2584 1056 2654 δυσσεϐῆ
1083 2584 1384 2655 τολμῶντα,
1414 2587 1626 2658 μακρὰν
1645 2575 1842 2656 ἤλασε.

281 2674 465 2728 Ταῦτα
505 2675 561 2728 δὲ
589 2675 904 2748 Μάρκελλος
943 2675 1293 2729 ἀνανεοῦσθαι
1327 2679 1602 2750 πειρᾶται,
1635 2694 1845 2749 προκα-

278 2766 520 2838 λύμματι
563 2766 839 2839 χρώμενος
881 2769 941 2820 οὐ
999 2766 1209 2838 πιθανῷ
1253 2768 1412 2839 λόγῳ.
1461 2769 1592 2822 Θεὸν
1621 2769 1730 2838 γὰρ
1752 2770 1848 2822 ἕνα

279 2857 454 2928 ὀρθῶς
478 2858 812 2929 ὁριζόμενος,
841 2857 1025 2911 τοῦτον
1054 2859 1213 2911 αὐτὸν
1243 2859 1414 2927 Λόγον
1447 2859 1589 2930 ἔχειν
1627 2861 1685 2911 ὲν
1719 2860 1846 2912 ἑαυ-

279 2947 359 3018 τῷ
379 2949 653 3020 ἡνωμένον
688 2950 779 3004 καὶ
814 2950 1154 3020 συνημμένον
1178 2949 1327 3019 αὑτῷ
1377 2967 1540 3022 φησιν
1561 2967 1575 2984 ο
1615 2952 1847 3006 κᾶπειτα

279 3039 374 3094 τοῦ
404 3039 521 3104 ἐνὸς
546 3039 680 3094 Θεοῦ
708 3040 768 3094 τὸ
799 3041 897 3110 μέν
927 3058 980 3094 τι
1005 3040 1226 3112 Πατέρα
1245 3040 1416 3106 καλεῖ,
1446 3042 1508 3095 τὸ
1530 3043 1584 3095 δὲ
1603 3043 1748 3097 Υίόν·
1772 3044 1848 3107 ὡς

279 3130 470 3201 διπλῆν
507 3147 626 3183 τινα
658 3131 750 3183 καὶ
783 3127 1031 3184 σύνθετον
1058 3130 1241 3184 οὐσίαν
1273 3135 1329 3184 ὲν
1361 3132 1533 3202 ἑαυτῷ
1554 3129 1688 3187 εἷναι

281 3224 391 3277 Καὶ
418 3221 568 3294 πόσῳ
610 3220 797 3275 τούτου
846 3223 1107 3292 κρείττων
1160 3225 1215 3274 έν
1249 3221 1432 3276 κακῶν
1484 3223 1677 3295 ἐκλογῇ
1712 3225 1741 3276 ό
1772 3222 1848 3296 μὴ

280 3310 501 3382 διαιρῶν
552 3309 648 3380 μὲν
692 3310 790 3379 τὴν
817 3308 1049 3378 ἄναρχον
1084 3311 1176 3362 καὶ
1203 3309 1494 3381 ἀγέννητον
1531 3313 1623 3365 καὶ
1662 3312 1848 3382 θεῖκὴν
1897 3377 1902 3383 .

281 3397 527 3468 δύναμιν,
571 3397 659 3450 τὸν
692 3397 852 3450 αὑτὸν
898 3397 942 3450 δ’
1000 3393 1136 3449 εἶναι
1189 3398 1462 3467 ὁμολογῶν
1527 3401 1717 3473 γυμνῷ
1770 3401 1848 3473 τῷ

281 3487 426 3558 λόγῳ
453 3487 584 3557 (21).
616 3487 771 3557 Πόσῳ
795 3486 851 3540 δὲ
870 3482 1141 3558 ἑκατέρων
1169 3486 1390 3556 βελτίων
1413 3491 1725 3555 όΊουδαῖος,
1757 3493 1848 3546 τὸν

2589 2234 2744 2289 CAP.
2789 2232 2855 2289 ν.

1946 2320 2221 2386 ριιοιηοάο
2256 2311 2538 2406 Marcellus
2579 2324 2778 2406 Filium
2810 2325 2905 2379 Dei
2949 2324 3245 2406 abnegavit,
3274 2323 3502 2380 Sabellii

2297 2405 2491 2448 sectam
2517 2405 2725 2448 secutus
2749 2406 2795 2449 et
2818 2405 3162 2465 propositum.

2018 2487 2304 2541 Enimvero
2344 2485 2639 2541 Sabellium
2669 2500 2792 2540 cum
2822 2480 2934 2540 haec
2954 2497 3222 2550 tueretur,
3253 2495 3512 2550 tanquam

1947 2576 2166 2629 atheum
2214 2575 2490 2630 hominem
2521 2584 2577 2628 et
2602 2575 2763 2644 impie
2802 2577 3083 2642 audacem,
3114 2575 3359 2632 Ecclesia
3394 2576 3515 2641 Dei,

1946 2667 2135 2734 procul
2165 2667 2495 2724 amandavit.
2517 2667 2641 2721 Haec
2662 2669 2850 2722 eadem
2886 2667 3173 2722 Marcellus
3203 2668 3518 2722 instaurare

1948 2758 2162 2812 demum
2204 2757 2427 2828 satagit,
2477 2764 2739 2824 praetextu
2772 2757 3004 2824 quodam
3055 2745 3208 2819 usus,
3264 2770 3519 2812 sermone

1949 2863 2055 2902 non
2087 2849 2373 2902 admodum
2402 2847 2687 2916 probabili.
2725 2846 2898 2902 Unum
2933 2846 3078 2900 enim
3130 2845 3300 2900 Deum
3367 2857 3520 2901 recte

1949 2938 2224 3008 professus
2254 2941 2394 2994 hunc
2426 2942 2602 3009 ipsum
2647 2940 2837 3003 Deum,
2866 2939 3206 2993 continuisse
3238 2939 3289 2990 in
3322 2952 3382 2992 se
3430 2937 3518 2991 af-

1950 3032 2128 3084 ﬁrmat
2173 3031 2411 3085 Verbum
2437 3046 2591 3084 suum
2637 3029 2741 3084 sibi
2800 3029 3100 3095 adunitum,
3149 3028 3362 3097 sibique
3387 3043 3518 3083 con-

1949 3131 2176 3176 cretum.
2207 3123 2384 3189 Atque
2436 3122 2564 3174 hinc
2590 3135 2934 3189 progressus,
2984 3120 3127 3173 illius
3161 3120 3321 3174 unius
3353 3135 3518 3189 quem

1951 3213 2124 3267 tenuit
2154 3213 2275 3276 Dei,
2306 3211 2453 3265 aliud
2478 3209 2694 3265 Patrem
2734 3221 2928 3276 vocat,
2987 3211 3133 3265 aliud
3177 3209 3397 3276 Filium,
3451 3223 3533 3266 ac.

1950 3304 2073 3358 siin
2105 3319 2213 3358 uno
2234 3311 2290 3358 et
2319 3303 2508 3357 eodem
2555 3301 2695 3356 foret
2733 3302 2929 3372 duplex
2967 3305 3214 3372 quaedam
3253 3306 3514 3369 essentia,

1951 3395 2139 3450 eadem
2167 3403 2222 3448 et
2249 3394 2570 3462 composita.
2609 3393 2672 3448 Et
2698 3402 2901 3460 quanto
2931 3394 3153 3464 quidem
3190 3395 3427 3459 rectius,
3485 3409 3518 3450 θ

1952 3485 2161 3539 duobus
2195 3484 2372 3549 malis,
2405 3486 2450 3539 is
2476 3484 2566 3554 qui
2595 3485 2853 3548 divinam,
2882 3485 3173 3554 ingenitam
3206 3495 3261 3540 et
3294 3487 3518 3556 impriu-

282 3579 379 3632 ἕνα
400 3577 532 3630 Θεὸν
563 3578 623 3631 οὐ
659 3576 879 3648 διαιρῶν
901 3579 979 3642 είς
1019 3577 1235 3648 Πατέρα
1272 3580 1366 3632 καὶ
1399 3580 1522 3633 Υἱὸν
1545 3582 1846 3654 Μαρκέλλῳ

1950 3573 2203 3642 cipiatam
2229 3574 2483 3627 virtutem
2517 3588 2858 3642 nequaquam
2886 3574 3154 3637 dividens,
3200 3590 3366 3628 unum
3397 3588 3520 3629 esse

283 3669 695 3743 παραπλησίως,
711 3669 829 3722 οὐδὲ
848 3668 938 3722 τὸν
961 3667 1121 3723 αὑτὸν
1143 3668 1451 3742 Υἱοπάτορα
1480 3671 1618 3724 κατὰ
1644 3668 1734 3726 τὸν
1754 3675 1850 3726 Σα-

284 3762 489 3816 δέλλιον
518 3761 769 3829 εἰσάγων,
793 3761 926 3814 ἀλλὰ
957 3762 1140 3817 σέϐων
1157 3761 1253 3832 μὲν
1275 3763 1364 3815 τὸν
1383 3763 1534 3827 Θεὸν,
1571 3764 1849 3836 γνωρίζων

283 3854 340 3907 δὲ
371 3854 464 3906 καὶ
513 3853 820 3923 προσδοκῶν
870 3853 960 3908 τὸν
997 3854 1228 3924 Χριστὸν
1280 3855 1442 3907 αὐτοῦ
1494 3855 1584 3908 τὸν
1629 3857 1716 3910 διὰ
1741 3857 1848 3911 τῶν

284 3944 576 4017 προφητῶν
619 3942 766 4015 ἥξειν
801 3945 1214 4016 κηρυττόμενον·
1255 3946 1313 3999 ὃν
1345 3946 1585 4010 ἐλθόντα,
1615 3949 1736 4001 ἐπεὶ
1773 3951 1846 4020 μὴ

285 4036 662 4109 παρεδέξαντο,
695 4037 848 4107 δίκην
891 4039 988 4108 τῆς
1018 4039 1097 4101 είς
1140 4036 1299 4091 αὑτὸν
1331 4039 1588 4104 ἀπιστίας
1616 4041 1848 4112 ὑπέσχον

285 4143 344 4180 τε
378 4127 471 4180 καὶ
501 4126 774 4196 ὑφέξουσι.

933 4396 1086 4450 xm.
1114 4399 1201 4463 (τι.

427 4485 625 4550 Ὅπως
652 4485 690 4553 ἡ
723 4486 1058 4554 Ἐκκλησία
1077 4487 1183 4540 τοῦ
1222 4488 1368 4542 Θεοῦ
1420 4490 1707 4543 πιστεύει.

355 4577 421 4629 Oi
445 4577 501 4629 δὲ
530 4577 803 4629 πιστεύειν
832 4579 910 4641 είς
937 4577 1027 4632 τὸν
1067 4579 1389 4648 ἀφικόμενον
1416 4580 1480 4631 δι’
1509 4581 1670 4650 εὐχῆς
1701 4578 1849 4650 ἐχην-

286 4682 377 4730 τες
418 4668 544 4738 τρία
600 4667 768 4721 ταῦτα
799 4668 1135 4740 γνωριοῦσιψ
1175 4669 1287 4740 (22)
1311 4670 1401 4722 τὸν
1442 4672 1504 4723 ὲκ
1541 4671 1849 4741 σπέρματος

287 4759 469 4822 Δαϐὶδ,
501 4759 594 4812 καὶ
621 4760 718 4830 τῆς
737 4760 906 4830 αὐτῆς
947 4759 1105 4828 ἁγίας
1133 4760 1425 4832 Παρθένου’
1463 4761 1556 4814 καὶ
1590 4761 1680 4814 τὸν
1711 4764 1849 4814 ένοι-

287 4849 532 4919 κήσαντα
555 4849 727 4919 τούτῳ
751 4849 878 4902 Υἱὸν
907 4849 999 4904 τοῦ
1034 4849 1167 4902 Θεοῦ
1197 4850 1429 4922 προόντα
1457 4852 1551 4904 καὶ
1579 4851 1850 4915 οὺσιωδῶς

359 5053 422 5112 pls
447 5047 548 5105 Ed.
582 5046 754 5103 Paris.
783 5063 905 5119 pag.
934 5047 1022 5114 63,
1059 5048 1145 5120 64.)

1948 3674 2109 3732 atque
2130 3664 2343 3717 unicum
2374 3664 2628 3718 exsertim
2656 3662 2956 3718 allirmavit.
2980 3664 3044 3718 Et
3064 3672 3269 3733 quanto
3300 3665 3518 3732 quidem

1949 3761 2180 3820 utroque
2207 3753 2398 3807 melius
2424 3751 2666 3816 Jttdwus,
2693 3769 2857 3807 unum
2893 3754 3061 3808 Deum
3102 3769 3210 3808 non
3268 3756 3520 3808 dividens

1949 3844 2002 3898 in
2036 3843 2252 3898 Patrem
2285 3852 2339 3898 et
2371 3845 2422 3898 in
2452 3843 2688 3898 Filium?
2731 3845 2872 3914 quod
2903 3844 3182 3899 Marcellus
3227 3845 3378 3900 facit.
3407 3845 3520 3900 Nec

1948 3935 2195 3988 eumdem
2243 3935 2382 4003 quod
2434 3933 2700 3989 Sabellius
2734 3936 2883 3998 facit,
2909 3934 3521 3989 Filio-Patrem-intro-

1951 4028 2101 4081 ducit
2130 4045 2143 4081 :
2174 4029 2266 4082 sed
2300 4043 2422 4081 cum
2453 4028 2618 4081 Deum
2655 4037 2970 4090 veneretur,
3017 4028 3261 4097 agnoscit
3315 4037 3369 4081 et
3419 4042 3518 4081 ex-

1948 4128 2158 4186 spectat
2189 4119 2458 4174 Christum
2486 4119 2603 4188 ejus
2627 4134 2723 4186 pcr
2767 4119 3057 4189 prophetas
3085 4120 3463 4172 annuntiatum
3498 4135 3516 4174 :

1949 4220 2107 4274 quem
2126 4221 2245 4259 cum
2267 4208 2588 4272 advenisset,
2608 4208 2732 4276 quia
2763 4223 2866 4260 non
2891 4217 3263 4275 susceperant,
3287 4207 3520 4261 inﬁdeli-

1951 4299 2078 4353 tatis
2105 4298 2248 4354 illius
2287 4314 2498 4370 pinnam
2555 4298 2818 4353 sull'erunt
2858 4300 3034 4353 adhuc
3061 4308 3115 4353 et
3144 4299 3512 4354 sustinebunt.

2553 4389 2746 4461 mw.
2780 4388 2865 4444 Vl.

2282 4481 2555 4546 Quomodo
2584 4482 2765 4534 credat
2799 4479 3036 4534 Ecclesia
3069 4479 3182 4532 Dei.

2020 4574 2090 4628 At
2117 4573 2207 4641 qui
2234 4574 2286 4626 in
2320 4573 2487 4638 illum,
2515 4574 2606 4641 qui
2633 4573 2871 4638 advenit,
2914 4573 3141 4625 credere
3182 4571 3516 4637 desiderant,

1952 4666 2065 4720 haec
2116 4668 2217 4718 tria
2262 4665 2547 4718 manifeste
2602 4665 3006 4720 conﬁtebuntur
3045 4684 3058 4718 :
3110 4674 3294 4718 natum
3325 4664 3392 4718 de
3429 4679 3517 4718 se-

1953 4759 2095 4812 mine
2131 4757 2365 4822 Davidis,
2417 4759 2642 4828 ipsaque
2671 4759 2803 4812 adeo
2833 4758 3177 4812 sanmissima
3238 4755 3459 4826 Virgine
3492 4773 3507 4810 :

1953 4849 2158 4902 Filium
2213 4864 2426 4920 quoque
2477 4850 2571 4904 Dci
2609 4865 2732 4904 eum
2781 4849 3199 4911 inhabitantem,
3233 4849 3322 4918 qui
3365 4849 3515 4918 prius

290 5231 906 5313 9W??C,gmjkaftx&;
922 5238 1258 5313 κατοικῆσαι.
1281 5237 1544 5313 M.—-:3_[ox
1569 5255 1636 5291 vn
1647 5239 1729 5313 [go
1761 5241 1841 5313 διὸ

2013 5242 2125 5313 (21)
2156 5239 2372 5310 Γυμνῷ
2397 5237 2476 5313 τῷ
2507 5238 2687 5308 λόγῳ.
2719 5235 3249 5313 Sabelliusjamtpm
3267 5235 3388 5313 _vnlt
3421 5252 3511 5313 er-

287 5303 368 5366 δέ,
384 5301 456 5380 -εὶ
477 5308 548 5380 ἣν
658 5301 862 5374 θεολογ.
893 5317 946 5380 et
971 5301 1050 5380 οἷς
1079 5301 1308 5380 ἐκτραπ.
1333 5319 1387 5361 et
1415 5308 1541 5362 Υἱὸν
1582 5301 1836 5364 τοῦθεοῦ

1947 5301 2351 5378 κοᾌιιίιτριῖιηῐί
2383 5301 2547 5370 clam,
2568 5301 2670 5361 υόιι
2700 5307 2965 5380 cxsertint
2991 5303 3390 5380 Σαβελλιάζειν.
3411 5306 3513 5380 Διη-

289 5383 349 5426 π.
369 5375 798 5445 -κεᾷνθρωπον
829 5385 881 5428 rt
901 5376 994 5428 ἕνα
1024 5378 1072 5428 δ.
1103 5375 1192 5428 τὸν
1214 5378 1274 5429 Θ.

357 5441 467 5512 (19)
500 5441 655 5514 ,ναις
678 5446 1189 5512 Συκοφαντοῦντα.
1221 5449 1329 5500 luto
1362 5448 1838 5514 συκοφαντοῦντες.

283 5510 382 5585 ξεί
424 5510 564 5565 enim
597 5510 928 5585 συκοφαντία
967 5516 1091 5568 illud
1135 5518 1200 5569 de
1230 5517 1334 5569 Deo
1366 5510 1678 5582 praedicare,
1705 5510 1845 5585 quod

286 5579 430 5635 Deus
463 5597 567 5634 non
591 5579 807 5652 erataln
842 5595 1109 5648 postremo
1138 5586 1240 5638 line
1263 5579 1476 5652 capitis,
1499 5585 1620 5639 lerri
1663 5579 1840 5643 forsan

285 5662 468 5725 posset
498 5660 553 5725 et
584 5651 774 5722 θνητὸν
808 5652 938 5721 βίον.
962 5652 1241 5708 M.-—'Deiu
1269 5651 1398 5707 sese
1431 5663 1485 5708 et
1508 5655 1622 5707 υίοῦ
1647 5657 1835 5725 ὕφεστ.

283 5727 340 5772 et
367 5721 632 5789 ἑνωμένον
671 5725 760 5773 καὶ
784 5739 901 5776 συν.

1942 5381 2040 5435 ἀεὶ

1947 5452 2120 5503 adhuc
2143 5458 2510 5515 θχενεειιιιιιιιι
2540 5449 2848 5505 crcdchnut,
2894 5456 2945 5496 et
2982 5447 3205 5498 credunt
3239 5461 3431 5515 verum
3461 5457 3514 5498 et

2109 5383 2268 5434 Deum
2333 5397 2437 5432 non
2492 5380 2843 5431 clivitlclnmt:
2881 5376 3002 5443 quia
3059 5377 3328 5428 Christum
3375 5377 3511 5442 ejus,

1950 5536 2154 5573 merum
2196 5512 2484 5576 hominem.
2514 5519 2578 5568 de
2619 5515 2925 5570 hominibus
2950 5516 3208 5568 l'utut'unt.
3237 5512 3510 5570 M.—Mox

1954 5591 2113 5651 Vulgo
2145 5588 2314 5641 σέϐων
2338 5589 2429 5640 καὶ
2465 5587 2554 5639 τὸν
2577 5586 2636 5638 Θ.

2015 5659 2126 5727 (‘22)
2172 5659 2335 5727 Vulgo
2368 5656 2724 5727 γνωρίζουσις
2757 5665 2807 5727 et
2829 5654 3317 5727 aﬁsara10qlil._i_n
3342 5669 3511 5727 cor_r.;

1944 5721 2066 5781 mox
2107 5721 2298 5797 vnlgof
2322 5721 2528 5789 ρι’Υἱὸς
2571 5725 2667 5797 (τοῦ
2691 5725 2842 5795 ἀνορ.
2879 5727 2935 5797 ὅ]
2959 5738 3011 5780 ct
3047 5721 3210 5794 τριῶν
3232 5723 3290 5776 δέ
3324 5736 3376 5775 et
3404 5721 3513 5797 εἷεν

356 5788 811 5867 (ἓογυῠσίανὲνς
829 5792 1018 5867 ἐαυτῷ
1058 5793 1226 5847 εἶναι.
1278 5792 1490 5867 ﬂecte,
1547 5808 1601 5850 et
1659 5805 1834 5852 tamen

1947 5797 2132 5850 ἁποὸλ.
2166 5788 2224 5849 εἴ
2254 5796 2350 5866 τὴν
2386 5797 2482 5867 μὲν
2513 5788 2695 5867 σάρκα
2729 5788 2863 5848 τ.’σ.
2894 5794 3062 5850 Porro
3084 5788 3255 5860 't'ulgo
3312 5796 3513 5847 σκοπὸν

285 5855 456 5925 ιχειν,
474 5868 530 5912 ut
555 5862 708 5928 paulo
728 5863 874 5929 prius
905 5855 1001 5931 legi
1031 5875 1254 5932 poterat.
1278 5861 1344 5912 Μ.

1941 5878 1990 5922 et
2025 5867 2455 5936 δογματίζοντες.
