4048 6428
619 294 728 350 855

1281 287 1549 347 EUSEBII
1585 287 2059 346 CE‘SARIENSIS
2097 287 2245 345 OPP.
2285 286 2463 343 PARS
2499 287 2591 343 IV.
2630 317 2699 329 —
2736 285 3155 344 DOGMATICA.

3712 284 3815 349 856

621 409 883 473 exstabat,
930 414 985 459 et
1034 406 1460 462 subslantlaliter
1491 408 1819 462 consistebat
1857 425 1871 461 :
1907 421 2006 462 nec
2054 422 2152 459 non

2263 406 2565 474 ὑφεστῶτω
2592 407 2684 458 καὶ
2715 406 2805 457 τὸν
2846 404 3034 458 τούτου
3067 404 3285 475 Πατέρα
3309 402 3463 466 Θεὸν,
3498 404 3587 472 ὑφ’
3617 398 3681 456 οὗ
3728 405 3820 458 καὶ

622 500 776 554 istius
810 497 1033 569 Patrem.
1068 499 1233 552 Deum
1259 537 1274 562 ,
1333 513 1361 550 a
1410 514 1516 567 quo
1556 500 1753 572 missus
1803 497 2019 550 advenit
2050 498 2158 559 ille,

621 591 1066 658 quernadmodum
1109 589 1175 644 ab
1224 589 1337 656 ipso
1383 604 1522 656 smpe
1551 589 1763 657 ponitur
1793 590 1844 641 in
1894 588 2158 643 confesso.

618 678 783 734 Nobis
810 681 973 749 igitur
992 696 1125 734 unus
1151 679 1291 733 Deus
1319 690 1422 744 est,
1442 697 1473 731 a
1500 692 1601 749 quo
1628 689 1747 731 sunt
1776 681 1952 732 omnia
1973 679 2041 743 “,
2075 695 2161 734 se-

617 774 849 824 Cundum
890 771 1125 840 Apostoli
1187 770 1412 823 dictum.
1444 770 1509 823 Et
1541 785 1676 824 unus
1705 772 1958 823 Dominus
2011 771 2164 824 Jesus

617 858 867 916 Christus
908 874 1001 930 per
1047 876 1195 926 quem
1229 870 1350 913 sunt
1394 875 1565 913 omnia
1622 862 1688 922 ",
1726 862 1815 927 qui
1848 860 1954 913 Deo
1991 862 2163 915 Filius

617 951 923 1019 unigenitus
950 951 1371 1019 praeexsistebat.
1406 951 1470 1001 Et
1499 951 1705 1011 tertius,
1728 952 2018 1003 secundum
2046 965 2163 1003 car-

617 1054 737 1094 nem
764 1039 928 1093 Filius
968 1042 1199 1094 hominis
1236 1058 1247 1093 :
1280 1054 1437 1108 quem
1485 1041 1754 1092 hominem
1786 1049 1964 1092 nostra
2001 1056 2162 1094 causa

615 1132 847 1199 suscepit
871 1130 1036 1185 Filius
1066 1132 1179 1185 Dei.
1206 1130 1309 1184 Sed
1346 1146 1441 1184 nec
1468 1146 1661 1197 corpus
1684 1131 1824 1197 quod
1851 1133 2159 1197 assumpsit,

613 1227 731 1271 erat
779 1218 919 1271 idem
955 1233 1075 1271 cum
1126 1218 1260 1271 Filio
1298 1218 1408 1282 Dei,
1451 1218 1542 1285 qui
1583 1218 1873 1285 assumpsit
1913 1234 1926 1268 :
1992 1232 2165 1286 neque

613 1306 731 1375 ipse
760 1308 851 1360 Dei
891 1309 1061 1363 Filius
1103 1324 1240 1362 unus
1268 1308 1511 1375 idemque
1535 1309 1689 1361 debet
1712 1308 2007 1361 existimari
2041 1325 2161 1362 cum

613 1398 858 1466 genitore
886 1409 999 1452 suo.
1033 1398 1073 1451 E
1107 1400 1277 1452 tribus
1306 1407 1483 1451 autem
1522 1386 1797 1464 subjectis
1840 1400 1989 1453 hisce
2015 1439 2029 1464 ,
2090 1398 2165 1451 illi

613 1489 702 1555 qui
727 1486 937 1542 duobus
966 1489 1240 1541 concessis
1267 1488 1485 1542 tertium
1514 1486 1786 1555 rejiciunt,
1817 1490 1883 1542 ab
1926 1488 2164 1543 Ecclesia

612 1578 707 1632 Dei
746 1586 869 1633 sunt
903 1578 1205 1648 rejiciendi.

1241 1665 1390 1721 CAP.
1435 1665 1541 1719 vu.
1569 1666 1581 1737 ι

2261 498 2421 560 αὐτὸς
2478 496 2810 549 ἀπεστάλθαι
2849 496 3084 565 συνεχῶς
3128 494 3399 565 ὁμολογεῖ.
3440 496 3600 565 Ἦμῖν
3640 495 3819 549 τοίνυν

2262 583 2339 649 εἷς
2366 587 2495 649 Θεὸς
2523 590 2551 639 6
2586 587 2793 657 Πατὴρ,
2834 588 2901 651 ἐξ
2938 584 3007 642 οὗ
3040 589 3110 639 τὰ
3137 586 3351 649 πάντα.
3384 586 3623 640 κατὰτὸν
3664 586 3820 640 Ἀπό-

2263 678 2461 730 στολον·
2519 681 2610 731 καὶ
2652 675 2730 743 εἷς
2758 681 2956 750 Κύριος
2994 678 3198 747 Ἰησοῦς
3225 678 3475 750 Χριστὸς,
3522 676 3594 729 δι’
3627 671 3709 731 ὀὗ
3748 675 3819 729 τὰ

2262 766 2471 829 πάντα,
2504 770 2531 819 6
2561 768 2739 837 προὼν
2768 768 2860 821 τοῦ
2890 766 3021 820 Θεοῦ
3052 768 3339 839 μονογενὴς
3367 770 3509 831 Υἱὸς,
3527 768 3619 820 καὶ
3638 764 3819 837 τρίτος

2260 858 2288 907 6
2322 857 2458 909 κατά
2486 858 2662 927 σάρκα
2693 859 2815 920 Υἰὸς
2840 858 3139 928 ἀνθρώπου,
3172 859 3230 910 ὃν
3274 860 3340 911 δι’
3372 860 3516 929 ἡμᾶς
3537 859 3820 930 ἀνείληφεν

2261 949 2288 998 6
2317 947 2442 1009 Υἱὸς
2464 948 2556 999 τοῦ
2589 948 2745 1003 Θεοῦ.
2797 950 2931 1001 Ἀλλ’
2955 950 3074 1002 οὕτε
3107 950 3134 1001 ὃ
3163 950 3414 1019 ἀνείληφε
3448 951 3604 1021 σῶμα
3626 951 3821 1004 ταύτὸν

2260 1031 2422 1104 ῆντῴ
2450 1037 2755 1106 ἁνειληφότι
2796 1038 2909 1108 Υἰῷ
2936 1038 3028 1092 τοῦ
3073 1036 3227 1091 Θεοῦδ
3259 1038 3381 1090 οὔτε
3426 1038 3583 1101 αὐτὸς
3618 1041 3647 1091 6
3696 1038 3822 1099 Υἱὸς

2260 1126 2353 1177 τοῦ
2381 1127 2512 1178 Θεοῦ
2543 1124 2622 1188 εἷς
2656 1128 2749 1181 καὶ
2792 1131 2819 1181 6
2862 1130 3023 1192 αὐτὸς
3057 1128 3121 1182 ἂν
3154 1129 3429 1199 νομισθείη
3453 1128 3528 1198 τῷ
3563 1146 3821 1199 γεγεννη-

2260 1222 2399 1271 κότι⁶
2431 1220 2597 1289 τριῶν
2624 1220 2686 1289 δὴ
2720 1221 2921 1275 τούτων
2953 1222 3339 1291 ὑποκειμένων,
3363 1224 3411 1274 οἰ
3432 1222 3523 1275 δύο
3570 1223 3822 1287 δνδόντες,

2260 1310 2321 1360 τὸ
2354 1311 2533 1380 τρίτον
2566 1311 2609 1362 δ’
2635 1312 2873 1365 ἐκποδὼν
2904 1313 3228 1384 ποιούμενοι,
3258 1314 3355 1384 τῆς
3370 1312 3693 1384 Ἐκκλησίας
3718 1310 3824 1369 εἶεν

2265 1398 2330 1451 ἂν
2362 1399 2672 1470 ἀπόϐλητοι.

2913 1675 3068 1728 ΚΕΦ.
3100 1676 3173 1729 Z'.

612 1774 763 1841 Quod
776 1777 1032 1846 digeram»
1054 1777 1116 1829 ab
1140 1775 1373 1829 Ecclesia
1388 1776 1575 1844 dogma
1592 1786 1807 1840 luentes,
1826 1796 1856 1830 a
1873 1778 2152 1846 theologica

2265 1759 2452 1826 Ὅπως
2490 1764 2543 1813 οἱ
2565 1762 2895 1846 ὲτερόδρξοιι
2922 1765 3228 1846 διαφόρως,
3246 1764 3354 1833 τῆς
3383 1767 3513 1841 περὶ
3544 1766 3651 1819 τοῦ
3686 1766 3825 1820 Υἰοῦ

608 1850 671 1899 de
696 1846 789 1898 Dei
818 1843 957 1899 Filio
980 1848 1203 1911 ratione,
1241 1861 1340 1898 non
1371 1843 1471 1897 uno
1508 1850 1657 1899 modo
1690 1850 1799 1900 solo
1826 1843 2153 1901 exciderunt.

678 1934 905 1989 Carnem
936 1945 1083 1988 certe
1120 1933 1424 1988 Servatoris
1461 1935 1606 1987 athei
1653 1937 1868 2003 quidam
1921 1938 2157 1991 haeretici

608 2023 945 2093 abnegando,
981 2033 1034 2078 et
1090 2025 1344 2093 opinione
1395 2034 1601 2078 tantum
1656 2027 1816 2087 nuda,
1874 2036 2033 2096 atque
2065 2042 2159 2096 per

605 2114 944 2181 phantasiam
1001 2116 1055 2167 in
1102 2116 1262 2168 terris
1309 2117 1621 2184 apparuisse
1667 2115 1837 2169 solam
1889 2118 2155 2183 dicendo,

604 2204 762 2273 primi
787 2206 940 2257 erant
970 2205 1061 2272 qui
1092 2205 1144 2257 in
1185 2206 1284 2258 hoc
1311 2219 1507 2273 genere
1541 2220 1570 2258 a
1607 2220 1769 2273 Scopo
1795 2208 2039 2260 veritatis
2065 2222 2157 2260 ex-

603 2296 875 2367 ciderunt.
926 2296 1086 2364 Atqui
1116 2296 1569 2365 dispensationem
1615 2297 1759 2349 illam
1790 2298 1838 2349 in
1867 2313 2028 2351 carne
2059 2299 2153 2352 ad-

603 2386 887 2451 miserunt,
936 2387 1266 2453 abnegantes
1324 2390 1808 2455 prmexsislentiam
1856 2388 1978 2442 Filii
2040 2390 2153 2456 Dei,

603 2480 802 2541 'varias,
838 2478 1113 2546 quodjam
1139 2479 1272 2541 dixi,
1316 2493 1558 2532 errorum
1606 2480 1825 2535 semitas
1871 2481 2157 2536 adinvene-

603 2578 750 2622 runt.
785 2568 921 2621 Sunt
944 2570 1032 2637 qui
1068 2584 1275 2622 merum
1311 2568 1454 2620 illum
1498 2570 1767 2622 hominem
1801 2572 2150 2637 arbitrantur,

604 2658 772 2711 nihilo
803 2658 1076 2711 meliorem
1106 2657 1383 2711 hominum
1422 2666 1612 2709 natura
1673 2659 1988 2721 communi,
2048 2660 2153 2712 nisi

602 2760 857 2816 quantum
878 2750 941 2801 ad
965 2749 1179 2801 virtutis
1205 2749 1604 2815 praerngativas.
1630 2749 1700 2800 At
1728 2752 1814 2816 qui
1849 2752 2020 2818 ipsum
2054 2764 2151 2802 su—

600 2852 695 2905 per
724 2837 902 2890 omnia
940 2838 1104 2890 Deum
1128 2851 1325 2903 corpus
1377 2836 1708 2888 inhabitasse
1750 2835 2036 2901 affirmant,
2095 2846 2149 2890 et

601 2928 772 2995 ipsum
796 2928 874 2980 sui
915 2928 1082 2995 ipsius
1120 2926 1313 2979 Filium
1340 2927 1612 2979 exstitisse
1647 2938 1911 2988 asserunt,
1938 2938 2152 2995 propter

602 3017 745 3067 illam
773 3017 1060 3068 secundum
1084 3016 1354 3067 hominem
1390 3016 1869 3082 dispensationem,
1902 3032 2021 3067 cum
2046 3018 2149 3071 duo

603 3107 980 3168 concederent,
1025 3107 1189 3158 Deum
1236 3117 1394 3172 atque
1456 3107 1763 3167 hominem,
1810 3121 1837 3157 a
1875 3107 2032 3157 tertio
2067 3122 2151 3159 se-

601 3194 859 3261 metipsos
877 3193 1238 3255 excluserunt,
1265 3193 1607 3245 Servatorem
1639 3195 1809 3259 ipsum
1838 3194 1925 3245 Dei
1958 3193 2149 3248 Filium

602 3284 928 3352 unigenitum
970 3283 1300 3351 abnegando.
1328 3288 1383 3343 ὦ
1416 3281 1565 3335 Hanc
1597 3284 1722 3335 olim
1751 3283 2013 3336 Sahellius
2041 3294 2151 3337 tue-

599 3372 759 3427 batur
797 3374 1120 3426 sententiam
1150 3391 1161 3425 :
1220 3382 1273 3426 et
1308 3374 1371 3425 ad
1422 3374 1564 3425 illam
1597 3388 1736 3427 nunc
1770 3374 1977 3427 delatus
2008 3374 2149 3427 Mar-

599 3464 764 3517 cellus
794 3464 941 3515 ahiit.
972 3463 1093 3527 Qui,
1123 3479 1228 3516 non
1260 3464 1417 3516 aliter
1474 3478 1631 3531 quam
1666 3464 1833 3517 Judaei
1868 3466 2105 3519 infideles
2132 3504 2147 3529 ,

598 3570 654 3608 se
689 3556 851 3607 Deum
878 3569 1165 3622 agnoscere
1186 3556 1521 3623 proﬁtentur,
1542 3557 1630 3623 qui
1654 3567 1735 3609 est
1754 3571 1915 3623 super
1938 3571 2147 3621 omnes,

598 3645 779 3698 ethoc
824 3646 1169 3698 vehementer
1220 3656 1430 3715 urgent.
1489 3648 1736 3702 Secundo
1769 3662 1980 3715 quoque
2032 3648 2148 3703 loco

600 3748 817 3787 carnem
846 3744 1139 3801 agnoscunt
1159 3737 1223 3789 de
1248 3735 1463 3802 Virgine
1493 3748 1754 3803 sumptam
1772 3737 2143 3791 sanctissima:

602 3824 817 3874 tertium
850 3838 979 3875 vero
1010 3824 1160 3887 illud,
1187 3826 1326 3891 quod
1354 3834 1436 3877 est
1460 3827 1685 3891 primum
1725 3826 1913 3878 salutis
1951 3837 2147 3879 nostra:

598 3923 778 3979 caput,
808 3912 1021 3976 Filium,
1050 3929 1206 3981 quem
1242 3915 1383 3967 velut
1430 3917 1601 3967 obviis
1636 3916 1771 3967 nlnis
1807 3918 2144 3981 amplectun-

600 4012 705 4063 tur,
733 4002 903 4055 lncem
934 4013 1094 4066 atque
1126 4007 1430 4071 veritatem,
1459 4020 1551 4074 per
1577 4007 1979 4075 abnegatinnem
2002 4010 2144 4076 Filii,

596 4107 626 4145 a
656 4095 898 4149 veritatis
936 4096 1051 4148 luce
1085 4098 1416 4151 exciderunt.
1449 4098 1583 4151 Hinc
1609 4109 1709 4161 est,
1738 4111 1794 4151 ut
1819 4099 1934 4152 illos
1960 4104 2144 4153 audia-

593 4200 716 4238 mus
746 4202 906 4239 unum
942 4188 1159 4254 quidem
1190 4188 1353 4240 Deum
1380 4192 1715 4253 conlitentes,
1739 4201 1791 4242 et
1819 4205 2030 4244 carnem
2056 4208 2145 4244 ve-

596 4286 850 4329 nerantes
878 4292 904 4329 a
936 4276 1228 4331 Servatore
1252 4288 1553 4347 susceptam
1588 4298 1602 4332 :
1638 4290 1691 4331 at
1732 4280 1923 4333 Filium
1954 4282 2145 4334 nihilo-

2645 1834 2949 1902 θεολογίας
2971 1835 3441 1888 ἐκπεπτώκασιν.

2333 1918 2441 1988 Τὴν
2489 1920 2551 1990 δὴ
2601 1921 2696 1989 μὲν
2743 1923 2919 1990 σάρκα
2967 1922 3059 1975 τοῦ
3100 1923 3346 1992 Σωτῆρος
3387 1922 3532 1977 άθεοί
3548 1938 3692 1985 τινες
3711 1923 3825 1977 τῶν

2260 2012 2576 2081 ἑτεροδόξων
2610 2015 3094 2085 παραιτησάμενοι,
3139 2018 3263 2089 δόξῃ
3291 2017 3346 2069 δέ
3386 2035 3489 2069 τινι
3524 2019 3826 2085 φαντασίας

2259 2094 2432 2168 ὦφθαι
2462 2103 2621 2155 αὑτὸν
2642 2104 2731 2155 ἐπὶ
2767 2104 2865 2173 τῆς
2900 2105 3003 2179 γῆς
3040 2107 3336 2175 εἰρηκότες,
3370 2108 3573 2176 πρῶτοι
3605 2107 3697 2160 τοῦ
3720 2109 3825 2179 τῆς

2259 2192 2511 2261 ἀληθείας
2542 2195 2739 2246 σκοποῦ
2790 2177 3242 2266 διημαρτήκασιν.
3271 2199 3331 2249 Ui
3360 2198 3526 2267 δὲτὴν
3560 2177 3823 2269 ἔνσαρκον

2259 2286 2565 2353 οἰκονομίαν
2600 2288 3073 2357 παραδεδεγμένοι,
3106 2290 3195 2341 τὸν
3229 2290 3284 2342 δὲ
3312 2290 3540 2360 προόντα
3562 2290 3652 2343 τοῦ
3684 2290 3823 2344 Θεοῦ

2259 2374 2383 2425 Υἰὸν
2429 2377 2811 2445 ἀρνησάμενοι,
2855 2377 3120 2441 ποικίλας,
3160 2380 3233 2440 ὡς
3266 2380 3422 2448 ἔφην,
3466 2382 3676 2443 ἑαυτοῖς
3719 2382 3828 2435 ἀν-

2258 2465 2403 2527 οδίας
2435 2468 2755 2536 ἐπενόησαν.
2790 2468 2851 2521 Οἱ
2878 2468 2933 2520 δὲ
2979 2468 3130 2537 ψιλὸν
3179 2470 3481 2539 ἄνθρωπον,
3510 2470 3607 2539 τῆς
3634 2471 3825 2540 κοινῆς

2258 2557 2507 2607 ἁπάντων
2526 2558 2734 2625 φύσεως
2772 2562 2888 2611 κατ’
2919 2561 3067 2612 οὐδὲν
3102 2562 3379 2631 κρείττονα
3408 2562 3439 2632 ἦ
3470 2564 3589 2615 ὅσον
3619 2564 3826 2633 ἀρετῆς

2255 2649 2648 2716 προτερήμασι,
2684 2651 2959 2716 γεγονέναι
3002 2651 3159 2703 αὑτὸν
3205 2654 3503 2723 εἰρηκότες.
3536 2655 3598 2705 Οί
3639 2654 3683 2705 δ’
3730 2655 3827 2707 αὑ-

2253 2738 2341 2787 τὸν
2367 2740 2641 2808 ἐνοικῆσαι
2685 2741 2772 2793 τὸν
2817 2741 2921 2793 τῶν
2951 2742 3083 2794 ὅλων
3108 2742 3237 2794 Θεὸν
3275 2742 3350 2811 τῷ
3384 2744 3591 2813 σώματι
3614 2744 3825 2814 δογμα-

2253 2830 2517 2891 τίσαντες,
2557 2831 2681 2883 Υἱόν
2708 2850 2767 2883 τε
2796 2834 2955 2885 αὐτὸν
3013 2833 3204 2885 ἑαυτοῦ
3238 2836 3568 2904 χρηματίσαι
3598 2837 3820 2903 φάντες,

2252 2918 2407 2988 δι’ἣν
2458 2922 2716 2989 ὑπέμεινε
2765 2926 2881 2975 κατ’
2931 2925 3207 2996 ἄνθρωπον
3254 2927 3582 2995 οἰκονομίαν,
3627 2927 3719 2979 δύο
3743 2927 3823 2979 δι-

2251 3008 2429 3070 δόντες
2482 3003 2645 3073 οὗτοι,
2683 3011 2813 3063 Θεὸν
2868 3012 2959 3063 καὶ
3009 3011 3310 3081 ἄνθρωπον,
3358 3012 3451 3064 τοῦ
3501 3014 3687 3081 τρίτου
3724 3013 3821 3065 τὸν

2178 3068 2217 3122 C
2256 3068 2515 3164 μονογενῆ
2533 3068 2789 3149 τοῦΙΘεοῦ
2818 3098 2963 3163 Υἱὸν,
2985 3068 3368 3170 ἀρνησάμενοι.
3410 3068 3624 3152 Τούτων
3650 3100 3820 3153 πάλαι

2255 3188 2350 3255 μὲν
2388 3187 2685 3251 Σαϐἐλλιος,
2733 3191 2849 3241 νυνὶ
2906 3190 2961 3242 δὲ
3009 3192 3346 3260 Μάρκελλος,
3384 3195 3446 3261 τῇ
3479 3191 3673 3264 γνώμῃ
3702 3210 3820 3264 συν-

2251 3278 2609 3345 απαχθέντες,
2632 3279 2720 3330 τὸν
2745 3281 2840 3348 μὲν
2871 3282 2961 3333 ἐπὶ
2999 3282 3210 3333 πάντων
3256 3282 3386 3334 Θεὸν
3422 3283 3685 3337 Ἰουδαίων
3701 3287 3817 3349 τοῖς

2251 3367 2493 3427 ἀπίστοις
2517 3370 2712 3437 ὁμοίως
2758 3367 2815 3422 εὖ
2844 3371 2985 3441 μάλα
3014 3373 3209 3424 εἰδέναι
3230 3373 3678 3443 ὃιισχυρίζονταιο
3716 3376 3815 3429 καὶ

2249 3456 2495 3527 δεύτερον
2545 3461 2640 3528 τὴν
2696 3461 2867 3532 σάρκα
2912 3462 3005 3532 τὴν
3060 3480 3122 3514 ,κ
3180 3462 3276 3531 ﬁ};
3321 3465 3477 3530 ἁγίας
3532 3464 3812 3536 Παρθένου

2250 3551 2745 3618 συνωμολογήκασι”
2795 3553 2904 3621 (25)
2945 3554 3006 3605 τὸ
3036 3553 3092 3605 δὲ
3123 3553 3325 3621 τρίτον,
3363 3554 3493 3606 αὐτὸ
3538 3556 3600 3606 τὸ
3638 3556 3817 3624 κεφά-

2257 3637 2408 3690 λαιον
2454 3642 2550 3708 τῆς
2582 3643 2828 3694 ἁπάντων
2868 3645 3019 3713 ἡμῶν
3072 3644 3363 3715 σωτηρίας,
3418 3647 3510 3697 τὸν
3540 3647 3667 3699 Υίὸν
3718 3649 3814 3701 τοῦ

2248 3728 2379 3779 Θεοῦ
2410 3732 2969 3802 παραγκωνισάμενοι,
2990 3733 3101 3799 φῶς
3117 3734 3243 3785 ὂντα
3268 3734 3357 3785 καὶ
3383 3735 3633 3804 ἀλήθειαν
3650 3738 3812 3806 ὁμοῦ,

2248 3823 2309 3887 τῇ
2341 3822 2563 3889 ἀρνήσει
2616 3822 2707 3873 τοῦ
2759 3823 2906 3885 Υίοῦ,
2952 3823 3161 3875 καὶτοῦ
3199 3825 3296 3893 τῆς
3342 3824 3597 3893 ἀληθείας
3634 3829 3815 3895 φωτὸς

2249 3913 2679 3966 ἐκπεπτώκασιν.
2730 3915 2918 3966 Ἔνθεν
2950 3916 3044 3967 ἕνα
3084 3912 3179 3985 μὲν
3221 3916 3352 3967 Θεὸν
3404 3918 3814 3985 ὁμολογούντων

2247 4002 2421 4053 αὐτῶν
2456 4004 2695 4067 ἀκούσει,
2740 4005 2832 4057 καὶ
2882 4005 2976 4075 τὴν
3011 4007 3186 4076 σάρκα
3224 4007 3278 4060 δὲ
3318 4007 3410 4059 τοῦ
3450 4010 3698 4079 Σωτῆρος
3728 4029 3812 4063 τι-

2250 4094 2487 4163 μώντων’
2507 4096 2596 4148 τὸν
2627 4096 2680 4147 δὲ
2705 4098 3052 4165 ἐνοικήσαντα
3084 4102 3148 4168 τῇ
3190 4102 3349 4170 σαρκὶ
3374 4101 3506 4153 Θεοῦ
3541 4102 3669 4155 Υἱὸν
3702 4123 3811 4173 φω-

2246 4186 2305 4252 νῇ
2333 4187 2426 4252 μὲν
2462 4186 2553 4237 καὶ
2596 4186 2794 4253 χείλεσι
2826 4188 3294 4257 παραδεχομένων,
3342 4190 3485 4261 ἔργῳ
3520 4192 3575 4243 δὲ
3615 4211 3809 4264 παραι-

2244 4277 2532 4345 τουμένων.
2559 4278 2684 4329 Υίὸν
2706 4279 2810 4349 γὰρ
2830 4279 2961 4331 Θεοῦ
2998 4281 3131 4349 χρῆν
3161 4279 3360 4350 ζητεῖν,
3390 4283 3605 4351 ἀληθῶς
3631 4286 3809 4347 ζῶντα

596 4367 771 4419 minus
809 4366 901 4421 Dei
935 4369 1323 4421 inhabitantem
1366 4369 1502 4423 hanc
1531 4385 1771 4433 carnem,
1811 4386 1937 4423 voce
1990 4382 2141 4427 tenus

2252 4367 2334 4417 καὶ
2364 4367 2661 4433 ὑφεστῶτα·
2702 4368 2823 4420 οὔτε
2874 4371 2961 4421 τὸν
3000 4372 3178 4431 αὑτὸν,
3321 4374 3630 4441 ἀνείληφεν,
3678 4376 3806 4429 ὄντα

597 4465 757 4523 atque
786 4456 957 4520 labiis,
993 4473 1110 4509 cum
1148 4468 1459 4526 agnoscant,
1488 4474 1545 4513 re
1572 4461 1679 4528 ipsa
1728 4462 1942 4529 penitus
1979 4464 2141 4517 abne-

591 4556 799 4612 gantes.
825 4545 955 4599 Nam
986 4548 1175 4601 Filium
1207 4550 1298 4602 Dei
1350 4550 1617 4615 inquirere
1645 4552 1901 4605 debemus
1945 4554 2093 4606 illum
2126 4595 2141 4618 ,

591 4636 685 4703 qui
711 4638 853 4689 vivat
880 4647 933 4690 et
959 4638 1211 4691 subsistat
1234 4654 1388 4692 vere:
1420 4655 1521 4692 non
1557 4641 1693 4693 idem
1718 4645 1803 4709 qui
1832 4656 2137 4710 censeatur,

592 4740 712 4779 cum
739 4726 825 4779 illo
880 4731 1018 4795 quod
1079 4732 1365 4798 assumpsit
1396 4744 1650 4798 corpore;
1702 4747 1800 4784 nec
1835 4734 1969 4785 idem
2016 4748 2139 4785 cum

2248 4455 2475 4524 σώματι,
2506 4457 2627 4509 οὔτε
2652 4458 2740 4508 τὸν
2758 4460 2915 4510 αὑτὸν
2946 4460 3070 4511 ὄντα
3090 4461 3165 4529 τῷ
3192 4462 3306 4530 Θεῷ
3330 4464 3419 4514 καὶ
3444 4464 3634 4535 Πατρί.
3667 4465 3805 4519 υῦτε

2245 4545 2349 4615 γὰρ
2370 4548 2459 4597 τὸν
2493 4547 2746 4600 ἐπέκεινα
2774 4548 2878 4599 τῶν
2916 4550 3049 4602 ὅλων
3092 4551 3221 4602 Θεὸν
3269 4553 3393 4605 Υίὸν
3429 4554 3492 4606 ἀν
3518 4572 3603 4617 τις
3635 4556 3803 4609 εἰπὼν

2245 4638 2466 4707 εὐσεϐὴς
2492 4639 2593 4709 εἴη·
2614 4640 2776 4707 (τίνος
2801 4640 2905 4709 γάρ
2944 4641 3091 4693 ἔσται
3120 4644 3245 4705 Υἱὸς
3273 4646 3299 4696 ὁ
3330 4645 3425 4713 τὴν
3452 4647 3686 4715 ἄναρχον
3713 4649 3803 4701 καὶ

2245 4729 2530 4798 ἀγέννητον
2561 4730 2785 4798 θεότητα
2817 4732 3268 4802 περιϐεϐλημένος
3290 4737 3327 4801 ς)
3361 4735 3482 4787 οὔτε
3516 4736 3603 4788 τὸν
3647 4754 3803 4805 μονο-

592 4814 699 4867 Deo
742 4827 899 4883 atque
928 4817 1103 4870 Patre.
1148 4818 1328 4886 Neque
1373 4820 1512 4871 enim
1557 4822 1847 4873 secundum
1886 4822 2137 4889 pietatem

2252 4822 2367 4890 γενῆ
2396 4822 2485 4873 τοῦ
2512 4821 2642 4874 Θεοῦ
2688 4823 2813 4873 Υίὸν
2843 4825 2998 4876 αὑτὸν
3033 4821 3169 4877 εἶναι
3216 4826 3303 4879 τὸν
3344 4828 3561 4897 Πατέρα
3604 4846 3689 4894 τις
3726 4832 3801 4884 εί-

592 4920 715 4961 νειέ
749 4910 976 4961 senserit
1033 4911 1098 4975 is,
1143 4912 1231 4977 qui
1293 4910 1487 4963 Filium
1520 4910 1797 4977 proﬁtetur
1823 4926 1941 4965 esse
1987 4911 2135 4964 illum

2252 4912 2351 4965 τὼν
2389 4914 2642 4984 δράσεται
2676 4914 2771 4982 τὴν
2809 4916 2946 4967 κατά
2975 4915 3081 4967 τῶν
3109 4916 3399 4986 δυσφήμων
3436 4920 3609 4990 δίκην.

592 4994 757 5047 Deum
793 4999 880 5064 qui
921 5007 1005 5049 est
1054 5014 1212 5066 super
1263 5000 1463 5053 omnia.
1513 4999 1743 5067 Eceujns
1794 5002 1985 5053 matris
2019 5016 2139 5054 esse
2178 5013 2351 5068 potest
2379 5005 2466 5055 ille
2493 5004 2682 5067 Filius,
2707 5007 2796 5071 qni
2841 5006 3121 5059 divinitate
3185 5009 3418 5076 ingenita
3488 5023 3541 5065 et
3590 5013 3797 5086 absque

591 5088 696 5141 ullo
727 5091 1008 5159 principio,
1039 5093 1320 5147 amicitur?
1352 5093 1460 5146 Nec
1491 5096 1532 5146 si
1559 5094 1676 5159 quis
1710 5096 2045 5164 unigenitum
2079 5096 2173 5151 Dei
2215 5097 2425 5160 Filium,
2462 5098 2821 5152 eumdemmet
2843 5108 2895 5153 et
2917 5099 3127 5154 Patrem
3159 5116 3280 5155 esse
3306 5108 3512 5169 doceat,
3536 5106 3796 5172 judiciqu

590 5186 783 5248 poterit
826 5186 1117 5251 declinare,
1152 5191 1293 5256 quod
1346 5199 1427 5243 est
1479 5198 1662 5242 contra
1692 5192 1981 5247 maledicos
2026 5194 2399 5247 constitutum.

662 5405 719 5461 ἧς
749 5398 842 5454 Ed.
874 5402 1044 5458 Paris.
1080 5418 1196 5471 pag.
1225 5404 1310 5457 65.

1428 5405 1474 5435 “
1502 5404 1709 5459 Coloss.
1739 5418 1777 5471 t,
1810 5407 1892 5460 16.
1970 5408 2014 5438 ⁸⁵
2043 5406 2175 5459 Ibid.
2216 5406 2294 5459 ΓΙ.

660 5572 771 5657 ςῖῗγ)
815 5575 881 5657 Td
904 5575 968 5657 qs
998 5578 1387 5657 τρίτονΝιιίςο
1422 5582 1555 5657 ἀλλὰ
1580 5582 1836 5657 τὸᾼτρίτον
1872 5592 1922 5637 et
1954 5582 2066 5657 Mp._
2092 5599 2152 5657 γρ

2252 5581 2362 5657 μῶς
2412 5582 2528 5638 loco
2556 5580 2709 5653 ὁμοῦ,
2744 5596 2794 5641 et
2819 5605 2903 5657 γρ.
2948 5588 3195 5651 exuam;
3240 5588 3354 5647 loco
3383 5588 3627 5644 ἀκούσει.
3663 5588 3799 5646 l‘citt

585 5644 743 5711 Vulgo
774 5646 873 5711 χρὴ
912 5648 1087 5712 ζητεῖν
1112 5662 1164 5703 et
1195 5644 1397 5701 κατῖτ.
1428 5644 1707 5704 ὀυςςεειῗιν
1730 5654 1880 5721 δίκην
1914 5665 1965 5708 et
2002 5644 2081 5704 διὸ
2104 5644 2170 5704 ’δὲ
2205 5644 2322 5718 τήν.
