4048 6456
254 402 355 464 8³7

911 518 1065 573 ΚΕΦ.
1098 517 1180 571 H'.

254 612 586 682 Παρὰθεσις
623 611 732 681 τῆς
778 607 1158 743 ὐτιιᾶξὲοέῧις
1185 606 1691 674 ἐκκλησιαστικης
1731 613 1827 669 ορ·

320 773 412 826 Διὸ
441 773 506 845 δὴ
530 773 626 844 τὴν
653 769 867 823 εὐθεῖαν
898 768 990 822 καὶ
1015 765 1299 838 βασιλικὴν
1323 764 1440 818 ὁδὸν
1458 760 1827 838 ὀρθοτομοῦσα

255 864 285 935 Ι]
331 861 625 933 Ἐκκλησία
663 859 756 914 τοῦ
782 859 939 923 Θεοῦ,
969 859 1064 921 τὰς
1097 857 1207 928 μὶν
1229 855 1394 919 ἄλλας
1440 852 1827 926 παρεκτροπὰς

251 952 638 1022 ἀπεδοκίμασε,
671 952 783 1013 τοῖς
805 950 850 1004 δ’
873 948 1045 1019 αὐτῆς
1072 947 1349 1019 θρέμμασι
1376 945 1478 1016 τῆς
1504 943 1687 998 ὲνθέου
1725 941 1825 1012 χά-

252 1059 400 1116 ριτος
428 1040 757 1111 παραδίδωσι
794 1039 892 1111 τὴν
931 1038 1153 1108 γνῶσιν,
1193 1039 1313 1092 κατ’
1345 1037 1475 1090 αὐτὸ
1500 1036 1600 1106 τῆς
1634 1034 1827 1102 παλιγ-

251 1132 499 1200 γενεσίας
533 1132 828 1203 μυστήριον
867 1129 1148 1201 ὁμολογεῖν
1187 1127 1511 1182 διδάσκουσα
1555 1126 1692 1196 (καὶ)
1738 1143 1827 1178 πι-

251 1219 464 1273 στεύειν
493 1219 605 1288 (24)
623 1221 705 1283 είς
733 1220 830 1274 ἕνα
857 1216 1244 1288 Θεὸν,Πατέρα
1274 1214 1709 1286 παντοκράτορα,
1738 1230 1826 1266 τε-

248 1309 400 1363 λείαν
425 1310 518 1364 καὶ
547 1304 748 1380 ἀκριὸἧ
798 1309 889 1362 καὶ
914 1308 1202 1379 ὁλόκληρον
1238 1306 1441 1378 ταύτην
1484 1305 1681 1359 ειδέναι
1709 1303 1822 1375 (25)

249 1398 592 1468 παρέχουσαν
619 1397 714 1468 τὴν
740 1397 1031 1465 θεολογίαν,
1059 1397 1094 1466 ἡ
1117 1396 1247 1451 Θεὸν
1281 1396 1378 1467 μὲν
1409 1396 1502 1448 ἕνα
1525 1393 1826 1465 παραδίδω-

251 1504 358 1550 σιν,
399 1490 728 1560 ἀφορίζουσα
765 1489 862 1559 τῆς
907 1487 1220 1560 Ἑλληνικῆς
1263 1487 1354 1539 καὶ
1387 1484 1645 1539 πολυθέου
1691 1483 1823 1535 πλάο

250 1595 368 1647 νης·
411 1580 626 1650 Πατέρα
651 1578 708 1631 δὲ
735 1579 895 1631 αὐτὸν
919 1575 1024 1631 οῐδε
1056 1579 1156 1648 τῆς
1194 1577 1488 1646 Ἰουδαϊκῆς
1518 1573 1823 1645 χωρίζουσα

249 1668 610 1734 διδασκαλίας,
659 1669 1073 1740 παντοκράτορα
1109 1669 1181 1722 δὲ·
1208 1667 1368 1722 αὐτὸν
1415 1666 1684 1735 ὁμολογεῖ,
1724 1665 1824 1734 τῆς

251 1755 360 1809 τῶν
410 1758 582 1811 ἀθέων
627 1759 946 1828 ἑτεροδόξων
997 1755 1446 1828 ἀποστρεφομένη
1495 1754 1593 1825 τὴν
1637 1749 1824 1806 δυσσέ-

1249 392 1339 451 DE
1374 385 1906 450 ECCLISIAS'I‘ICA
1936 379 2334 440 'I'IIEOLOGIA
2365 379 2496 437 LIB.
2530 375 2577 434 ῐ.

1851 521 1900 577 Α

2583 496 2693 552 AP.
2737 494 2876 551 VIII.

2537 499 2693 554 CAP.
2737 499 2876 551 VIII.
3077 518 3088 530 ·

1927 596 2255 664 Proponitur
2303 592 2599 648 orthodoxa
2643 598 2697 645 et
2743 585 3000 644 salutaris
3046 581 3298 639 Ecclesiae
3338 581 3497 653 (ideo.

1995 752 2338 822 Quapropter
2359 751 2448 806 via
2478 749 2624 820 regia
2652 755 2812 819 atque
2842 756 2988 802 recta
3021 744 3278 803 incedens
3305 745 3498 802 Eccle-

1925 846 2006 901 sia
2059 845 2174 909 Dei,
2231 842 2550 899 diverticula
2595 856 2627 895 a
2679 855 2739 895 se
2775 841 2991 909 ablegat
3044 837 3500 908 cujusquemodi:

1927 936 2063 1000 suis,
2091 934 2181 1004 qui
2227 943 2370 995 sunt,
2402 932 2636 988 alumnis
2676 932 2868 1002 gratia
2904 931 3104 986 divina:
3134 931 3498 1000 cognitionem

1926 1025 2271 1080 commendat
2319 1039 2334 1075 :
2379 1022 2506 1077 dum
2558 1022 2614 1078 in
2669 1022 2790 1092 ipso
2831 1021 3259 1092 regenerationis
3317 1020 3502 1077 sacra-

1925 1112 2106 1170 mento
2133 1114 2290 1169 docet
2325 1113 2590 1179 confiteri,
2645 1122 2700 1168 et
2732 1113 2955 1169 credere
3009 1114 3062 1168 in
3114 1128 3279 1170 unum
3332 1113 3502 1168 Deum

1926 1207 2144 1262 Patrem
2191 1207 2658 1275 omnipotentem,
2729 1204 3024 1274 perfectam
3088 1206 3202 1260 suis
3257 1204 3506 1260 numeris

1925 1295 2199 1357 exactam,
2219 1304 2276 1349 et
2300 1303 2732 1350 consummatam
2766 1293 3003 1363 undique
3033 1293 3175 1348 hanc
3205 1307 3318 1362 pra:
3341 1308 3403 1348 se
3424 1292 3504 1347 fe-

1925 1399 2053 1441 rens
2083 1384 2406 1439 credeudam
2433 1381 2714 1450 theologia:
2744 1383 3031 1448 rationem,
3078 1395 3187 1451 qua
3212 1380 3354 1435 Deus
3381 1394 3503 1434 esse

1927 1489 2062 1529 unus
2095 1476 2344 1541 traditur,
2387 1479 2724 1545 paganorum
2777 1474 2843 1528 de
2891 1474 2996 1528 dlis
3043 1457 3229 1529 multis
3279 1474 3502 1528 errores

1925 1565 2285 1627 refelluntur;
2329 1580 2431 1634 qua
2457 1564 2771 1634 agnoscitur
2812 1563 2952 1618 idem
2985 1564 3131 1619 Deus
3163 1563 3326 1643 Pater
3358 1582 3372 1643 ς
3403 1577 3503 1631 per

1924 1672 2085 1726 quam
2142 1656 2543 1711 confessionem
2593 1670 2750 1710 suam
2795 1656 3123 1710 discernitur
3174 1654 3416 1709 Ecclesia
3469 1670 3502 1709 a

1925 1747 2170 1814 Judmis;
2215 1761 2322 1817 qua
2387 1745 2697 1814 agnoscitur
2743 1745 2886 1801 idem
2944 1745 3286 1816 omnipotens
3339 1760 3497 1808 esse,

251 1845 420 1900 σειαν.
459 1849 642 1912 Οὐδεὶς
668 1847 796 1916 γοῦν
829 1848 935 1903 τῶν
965 1847 1285 1919 ἑτεροδόξων
1315 1846 1457 1899 είποι
1490 1845 1557 1899 ἂν
1585 1844 1673 1898 τὸν
1707 1845 1820 1897 Πα-

1925 1841 2208 1893 atheorum
2240 1847 2296 1893 et
2347 1838 2727 1892 haereticorum
2771 1837 3102 1912 impietatem
3158 1837 3498 1892 detestando.

233 1935 383 2007 ⁷τέρα
415 1935 507 1990 τοῦ
539 1938 797 2010 Χριστοῦ,
834 1939 998 1992 αὐτὸν
1025 1933 1163 1991 εἶναι
1211 1938 1303 1991 τὸν
1335 1937 1466 1990 Θεὸν
1498 1937 1590 1989 τὸν
1627 1949 1823 1989 παντο-

251 2028 513 2100 κράτορα,
539 2030 614 2106 ὡς
655 2029 774 2082 οὐδὲ
817 2029 1081 2084 Ἰουδαίων
1115 2029 1498 2102 ὁμολογήσειεν
1533 2027 1598 2080 ἄν
1624 2045 1706 2090 τις
1729 2029 1821 2081 τὸν

250 2120 382 2173 Θεὸν
407 2110 623 2191 Πατέρα
656 2116 812 2186 εἶναι,
847 2121 937 2174 τὸν
972 2121 1232 2192 μονογενῆ
1269 2120 1396 2173 Υίὸν
1427 2120 1500 2190 μὴ
1519 2117 1672 2182 εἰδώς
1695 2135 1708 2148 ⁹
1739 2121 1836 2202 οὖή

251 2208 305 2260 δέ
333 2225 398 2276 γε
422 2209 618 2279 Ἕλλην
655 2210 750 2264 ἕνα
783 2210 939 2280 μόνον
966 2212 1186 2280 φήσειεν
1215 2210 1410 2263 ειδέναι
1437 2208 1588 2262 Θεόν.
1620 2209 1717 2261 Διά
1739 2225 1821 2261 τοι

250 2295 451 2350 τούτων
470 2297 719 2352 ἁπάντων
740 2297 1179 2366 ἀποκαθαίρουσα
1201 2298 1296 2368 τὴν
1316 2297 1520 2367 πλάνην
1538 2299 1570 2368 ἡ
1594 2296 1822 2369 Ἐκκλη-

252 2385 362 2449 σία,
394 2387 484 2438 τὸν
514 2387 609 2438 ενα
640 2386 770 2439 Θεὸν
805 2387 1081 2457 κηρύττει,
1110 2387 1272 2441 αὑτὸν
1312 2382 1448 2440 εἶναι
1482 2388 1574 2439 καὶ
1603 2369 1822 2457 Πατέρα

251 2480 345 2532 καὶ
377 2477 783 2550 παντοκράτορα
821 2478 1162 2542 διδάσκουσα,
1209 2478 1424 2550 Πατέρα
1459 2463 1556 2548 μὲν
1587 2477 1702 2540 ἐνὸς
1727 2478 1820 2530 τοῦ

248 2570 487 2640 Χριστοῦ
530 2571 712 2640 μόνου,
756 2569 863 2636 τῶν
911 2571 967 2623 δὲ
1009 2571 1208 2624 λοιπῶν
1247 2571 1500 2624 ἁπάντων
1545 2573 1677 2627 Θεὸν
1727 2577 1821 2629 καὶ

248 2659 474 2731 κτίστην
513 2660 606 2712 καὶ
638 2660 858 2732 Κύριον.
891 2661 1044 2739 Οῦτω
1086 2662 1180 2714 καὶ
1212 2661 1338 2714 Υἱὸν
1383 2662 1515 2716 Θεοῦ
1557 2666 1820 2735 μονογενῆ

263 2750 469 2820 Ἰησοῦν
494 2753 726 2823 Χριστὸν
753 2753 1101 2823 παραδίδωσι,
1129 2754 1221 2806 τὸν
1241 2754 1349 2824 πρὸ
1373 2756 1587 2809 πάντων
1613 2757 1819 2811 αἰώνων

249 2842 316 2894 ὲκ
337 2841 430 2894 τοῦ
462 2843 671 2913 Πατρὸς
698 2845 1085 2913 γεγεννημένον
1106 2863 1120 2874 ·
1160 2845 1221 2897 οὐ
1264 2845 1354 2898 τὸν
1383 2845 1541 2898 αὑτὸν
1584 2847 1710 2899 ὄντα
1745 2847 1821 2918 τῷ

250 2934 447 3004 Πατρὶ,
484 2934 602 2986 καθ’
640 2935 829 2986 ἑαυτὸν
862 2934 917 2986 δὲ
945 2934 1073 2988 ὄντα
1107 2935 1200 2987 καὶ
1229 2929 1429 2998 ζῶντα,
1473 2937 1566 2988 καὶ
1607 2937 1821 3008 ἀληθῶς

247 3023 379 3076 Υἱὸν
433 3023 653 3077 συνόντα
685 3022 820 3094 (26),
867 3023 999 3076 Θεὸν
1043 3023 1156 3094 (27)
1187 3023 1251 3075 ὲκ
1285 3022 1440 3088 Θεοῦ,
1489 3025 1584 3078 καὶ
1616 3025 1729 3093 φῶς
1757 3027 1821 3078 ὲκ

249 3112 448 3182 φωτὸς,
484 3115 574 3166 καὶ
613 3113 755 3184 ζωὴν
795 3116 858 3167 ὲκ
902 3115 1079 3184 ζωῆς·
1124 3113 1370 3177 ἀλέκτοις
1403 3115 1496 3167 καὶ
1541 3117 1817 3186 ἀρρήτοις,

252 3297 430 3366 λόγοις
461 3300 524 3350 ὲκ
550 3296 644 3350 τοῦ
663 3298 874 3368 Πατρὸς
903 3298 994 3350 ἐπὶ
1017 3299 1257 3369 σωτηρίᾳ
1285 3299 1392 3350 τῶν
1411 3299 1547 3352 ὅλων
1569 3316 1823 3372 γεγεννη-

255 3390 434 3459 μένον,
451 3392 544 3443 καὶ
565 3381 670 3459 οὐχχ
686 3389 883 3460 ὁμοίως
911 3391 1006 3459 μὲν
1034 3393 1144 3453 τοῖς
1171 3391 1374 3453 λοιποῖς
1396 3393 1668 3462 γεννητοῖς
1695 3393 1824 3444 ὑπο-

253 3480 476 3543 στάντα,
510 3481 626 3534 οὐδὲ
656 3481 796 3551 ζωὴν
828 3481 1035 3551 ἐμφερῆ
1065 3484 1174 3544 τοῖς
1211 3481 1276 3533 δι’
1301 3481 1459 3533 αὑτοῦ
1491 3482 1821 3552 γεγεννημέ-

251 3587 364 3633 νοις
397 3569 591 3634 ζῶντα,
635 3572 793 3640 μόνον
842 3572 899 3624 δὲ
953 3570 1012 3635 ὲξ
1045 3571 1210 3623 αὐτοῦ
1250 3571 1343 3624 τοῦ
1390 3572 1601 3642 Πατρὸς
1631 3574 1824 3626 ἀποτε-

251 3661 474 3734 χθέντα,
509 3664 602 3716 καὶ
629 3663 907 3733 αὑτοζωὴν
949 3663 1092 3717 ὂντα.
1122 3664 1233 3717 Καὶ
1259 3663 1462 3733 ἔπρεπε
1497 3663 1605 3733 γὰρ
1626 3663 1704 3734 τῷ
1733 3665 1821 3716 ἐπὶ

252 3753 471 3807 πάντων
495 3752 632 3824 Θεῷ,
667 3752 772 3824 πρὸ
811 3753 1009 3816 παντὸς
1044 3750 1324 3821 γεννητοῦ,
1355 3751 1448 3803 καὶ⁵
1473 3752 1577 3823 πρὸ
1607 3752 1821 3805 πάντων

253 3841 484 3908 αίώνων,
526 3844 586 3895 τὸ
620 3843 901 3913 μονογενὲς
943 3841 1100 3894 τοῦτο
1133 3841 1525 3912 προϐάλλεσθαι
1557 3841 1820 3913 γέννημα,

254 3931 441 4003 ῶσπερ
472 3933 594 3988 τινὰ
624 3933 863 4004 κρηπίδα
891 3933 983 3986 καὶ
1015 3931 1257 4002 θεμέλιον
1296 3931 1533 4002 ἀρραγῆ,
1561 3931 1668 3983 τῶν
1697 3929 1824 4001 μελ-

253 4020 454 4077 λόντων
473 4025 537 4077 δι’
553 4025 712 4078 αὑτοῦ
736 4023 1108 4095 γεννήσεσθαι.
1129 4024 1218 4075 Διὸ
1335 4023 1439 4092 πρὸ
1469 4023 1682 4076 πάντων
1717 4021 1821 4075 τῶν

259 4115 560 4186 μελλόντων
583 4092 797 4170 ἔσεσθαι
829 4092 917 4168 τὸν
941 4115 1068 4167 Υίὸν
1093 4092 1306 4183 ἐγέννα,
1333 4114 1521 4184 ὥσπερ
1536 4113 1679 4176 τινὸς
1707 4130 1819 4180 φω-

253 4207 344 4269 τὸς
374 4207 587 4272 ἀκτῖνα,
609 4208 704 4259 καὶ
734 4204 880 4273 ζωῆς
917 4205 1118 4273 πηγὴν,
1171 4204 1261 4256 καὶ
1287 4203 1553 4273 θησαυρὸν
1582 4200 1818 4269 ἀγαθῶν,

260 4310 280 4344 ι
305 4294 360 4344 ὲν
386 4286 430 4358 ᾧ
457 4293 655 4354 πάντες
709 4293 843 4344 είσὶν
873 4294 921 4343 οἱ
964 4291 1222 4362 θησαυροὶ
1258 4292 1354 4361 τῆς
1384 4291 1570 4360 σοφίας
1601 4291 1693 4342 καὶ
1722 4291 1822 4358 τῆς

261 4400 280 4431 ι
300 4383 551 4450 γνώσεως
585 4383 910 4454 ἀπόκρυφοι,
939 4401 956 4433 ι
993 4383 1132 4434 κατὰ
1177 4381 1264 4434 τὸν
1291 4382 1430 4435 θεῖον
1480 4381 1816 4434 Ἀπόστολον.

1849 3175 1888 3232 C

185 3271 192 3275 λ
250 3205 347 3258 καὶ
379 3204 722 3258 παντάπασιν
762 3205 1058 3273 ἀγνώστοις
1099 3206 1250 3276 ἡμῖν,
1292 3207 1386 3258 καὶ
1420 3208 1822 3279 ἀκαταλήπτοις
1849 3204 1890 3232 ¹¹

1923 1927 2111 1983 Nullus
2138 1938 2318 1982 autem
2355 1927 2516 1997 plane
2556 1927 2699 1982 inter
2753 1926 2910 1981 aliter
2953 1926 3304 1994 profitentes,
3336 1939 3502 1996 quam

1922 2020 2164 2080 Ecclesia
2210 2019 2406 2082 docet,
2456 2016 2804 2074 cenfitebitur
2833 2018 2999 2073 Deum
3033 2018 3252 2073 Patrem
3297 2017 3501 2075 Christi

1921 2131 2042 2172 esse
2087 2110 2238 2170 illum
2281 2111 2373 2185 qui
2411 2108 2552 2164 Deus
2586 2121 2671 2164 est
2705 2110 3082 2179 onmipotens;
3114 2114 3173 2172 >3
3205 2115 3266 2162 ut
3321 2123 3422 2164 nec
3468 2123 3503 2165 e

1921 2206 2225 2262 Iudaeorum
2273 2210 2423 2262 secta
2469 2200 2740 2268 quispiam
2797 2206 2883 2253 est
2924 2197 3268 2264 professurus
3328 2195 3502 2252 Deum

1921 2298 2159 2362 Patrem,
2188 2314 2310 2354 cum
2342 2298 2461 2367 ejus
2488 2293 2688 2352 hlium
2713 2289 3048 2358 unigenitum
3080 2302 3188 2343 non
3212 2287 3498 2343 admittat:

1920 2390 2015 2442 sed
2073 2403 2175 2444 nec
2234 2403 2568 2459 paganorum
2647 2389 2788 2442 ullus
2890 2379 3261 2445 concesserit.
3331 2393 3502 2434 unum

1921 2478 2094 2533 solum
2135 2493 2258 2534 esse
2292 2479 2484 2534 Deum.
2538 2479 2622 2536 Ab
2659 2479 2886 2534 istorum
2926 2471 3174 2534 omnium
3223 2471 3502 2526 erroribus

1919 2570 2160 2626 Ecclesia
2220 2583 2279 2624 se
2315 2570 2603 2634 mundans,
2661 2585 2825 2624 unum
2884 2571 3049 2624 Deum
3102 2561 3398 2639 pradicet.
3447 2566 3503 2612 et

1919 2662 2164 2716 eumdem
2199 2676 2321 2716 esse
2350 2663 2506 2717 docet
2540 2659 2758 2717 Patrem
2799 2671 2855 2716 et
2885 2662 3309 2730 omnipotentem
3343 2675 3358 2714 :
3395 2650 3502 2710 Pe-

1922 2763 2057 2806 trem
2087 2753 2303 2821 quidem
2333 2753 2496 2808 unius
2521 2753 2691 2808 solius
2736 2751 2977 2816 Christi;
3018 2751 3259 2806 omnium
3314 2758 3495 2803 autem

1919 2841 2202 2896 Dominum
2254 2851 2308 2895 et
2354 2841 2714 2906 conditorem,
2767 2847 2822 2894 et
2872 2839 3064 2894 Deum.
3108 2838 3192 2893 Ad
3245 2837 3494 2892 eumdem

1921 2953 2130 3008 quoque
2177 2939 2394 2992 modum
2445 2937 2541 2991 Dei
2596 2936 2796 2992 Filium
2847 2937 3182 3006 unigenitum
3251 2932 3498 3001 agnoscit

1920 3045 2066 3096 eum,
2097 3032 2186 3099 qui
2220 3039 2346 3086 ante
2381 3031 2564 3084 omnia
2592 3027 2790 3082 secula
2818 3028 2886 3082 de
2909 3027 3073 3082 Patre
3103 3027 3202 3081 fuit
3232 3028 3446 3095 genitus
3475 3045 3490 3080 :

1923 3134 2026 3173 non
2068 3119 2217 3173 illum
2243 3129 2410 3184 certe,
2451 3117 2697 3173 eumdem
2757 3132 2882 3172 cum
2923 3115 3081 3170 Patre
3120 3117 3495 3182 exsistentem,

1925 3219 1979 3264 at
2009 3225 2105 3279 per
2132 3226 2190 3265 se
2232 3200 2643 3276 subsistentem,
2689 3211 3067 3277 viventemque
3105 3221 3233 3262 vere
3276 3207 3492 3271 Filium,

1924 3313 2046 3351 cum
2075 3296 2234 3352 Patre
2271 3302 2694 3356 coexsistentem
2735 3299 2900 3354 Deum
2947 3299 3013 3353 de
3045 3298 3173 3364 Deo,
3204 3297 3381 3350 lumen
3431 3300 3498 3351 de

1923 3389 2162 3445 lumine:
2199 3392 2364 3444 vitam
2393 3392 2457 3445 de
2485 3392 2593 3446 vita
2621 3409 2636 3457 ;
2675 3389 3137 3446 inenarrabilibus
3159 3428 3172 3451 ,
3208 3387 3498 3443 ineffabili-

1923 3478 2066 3542 bus,
2120 3480 2433 3537 omnimodo
2482 3483 2778 3555 incognitis
2831 3493 2884 3535 et
2939 3480 3497 3550 imperscrutahilibus

1923 3569 2222 3624 rationibus
2251 3570 2319 3626 de
2347 3573 2508 3626 Patre
2541 3575 2806 3643 genitum,
2841 3575 2907 3626 ad
2941 3571 3174 3626 'salutem
3230 3572 3497 3625 universis

1921 3663 2341 3730 procurandam.
2405 3660 2519 3716 Non
2576 3664 2832 3718 similiter
2886 3663 3009 3717 aliis
3057 3661 3492 3717 subsistentem:

1922 3767 2022 3806 nec
2047 3751 2209 3806 vitam
2240 3752 2507 3807 viventem
2537 3769 2656 3807 cum
2695 3755 2800 3808 illis
2829 3769 3011 3824 parem
3049 3754 3139 3823 qui
3171 3755 3240 3809 ab
3272 3769 3336 3808 eo
3369 3763 3497 3808 sunt

1922 3843 2136 3897 creati:
2173 3843 2344 3897 solum
2388 3844 2454 3898 de
2510 3845 2625 3898 solo
2678 3844 2840 3899 Patre
2885 3847 3120 3916 genitum
3154 3861 3168 3900 :
3202 3846 3496 3914 ipsainmet

1921 3933 2088 3987 vitam
2126 3935 2500 3990 exsistentem.
2538 3935 2669 3988 Erat
2718 3937 2863 3990 enim
2915 3936 3026 3991 Deo
3068 3937 3399 3991 conveniens
3442 3947 3498 3991 et

1922 4037 2241 4092 congruum,
2285 4026 2375 4094 qui
2421 4039 2582 4093 super
2619 4040 2809 4080 omnes
2846 4035 2951 4090 est,
3004 4027 3096 4095 qui
3136 4036 3262 4081 ante
3315 4029 3496 4082 omnia

1923 4114 2125 4182 genita,
2160 4123 2285 4169 ante
2323 4116 2519 4171 sarcula
2568 4119 2750 4171 omnia
2780 4118 3109 4182 exsistebat,
3161 4119 3494 4188 unigenitum

1923 4206 2025 4259 hoc
2070 4207 2316 4275 geniuien
2375 4210 2711 4275 producere,
2759 4208 2923 4262 veluti
2966 4210 3253 4278 quamdam
3319 4211 3493 4264 basim

1922 4294 2160 4349 futurum
2203 4307 2257 4349 et
2285 4297 2717 4364 fundamentum,
2751 4310 2804 4353 et
2845 4300 3267 4354 sustentaculum
3299 4301 3496 4355 immo-

1922 4388 2027 4442 bile
2059 4404 2244 4443 eorum
2271 4390 2510 4444 omnium
2545 4406 2667 4460 quae
2699 4401 2856 4446 erant
2893 4393 2945 4446 in
2987 4393 3244 4447 secundis
3298 4395 3499 4466 produ-

257 4470 534 4527 Τοσούτων
567 4473 802 4542 ἀγαθῶν,
843 4475 870 4525 ὁ
905 4474 1061 4544 μόνος
1110 4473 1308 4540 ἀγαθὸς
1353 4473 1540 4543 Πατὴρ
1567 4473 1656 4526 τὸν
1694 4471 1820 4524 Υίὸν

1924 4478 2112 4531 cendo.
2150 4477 2300 4533 Hanc
2326 4482 2396 4533 ob
2417 4494 2638 4534 causam
2678 4479 2877 4534 Filium
2929 4470 3326 4552 progeneravit,
3371 4492 3497 4538 ante

256 4563 453 4635 ύφίστη
484 4563 758 4635 αὑτοζωὴν
803 4564 950 4629 ὅντα,
989 4563 1245 4627 ζωοποιὸν
1277 4563 1385 4616 τῶν
1417 4563 1571 4627 ὅλων,
1605 4563 1697 4614 καὶ
1728 4561 1823 4613 αύ-

255 4654 432 4722 τοφῶς
457 4654 516 4707 τὸ
538 4654 808 4725 ἀληθινὸν,
834 4656 926 4707 καὶ
954 4655 1130 4724 πάσης
1152 4655 1341 4725 νοερᾶς
1370 4655 1461 4706 καὶ
1489 4655 1709 4723 λογικῆς
1736 4653 1825 4706 ού-

259 4742 378 4806 σίας
423 4745 776 4812 φωτιστικόν⁹
827 4747 920 4797 καὶ
961 4745 1266 4813 αύτύλογον,
1315 4746 1408 4798 καὶ
1464 4745 1673 4814 σοφίαν,
1735 4763 1822 4798 σο-

261 4834 374 4902 φῶς
402 4833 512 4902 (28)
547 4834 614 4886 τὰ
641 4836 814 4886 πάντα
839 4835 934 4888 καὶ
983 4835 1211 4902 λογικῶς
1244 4834 1600 4904 ὑφιστάμενον
1627 4853 1687 4888 τε
1729 4838 1822 4889 καὶ

255 4923 573 4977 διοικοῦντα.
605 4918 704 4975 Ὧν
742 4925 804 4995 δὴ
842 4927 998 4996 χάριν
1025 4927 1053 4977 ὁ
1087 4926 1375 4996 μονογενὴς
1403 4925 1530 4988 Υίὸς
1558 4925 1652 4978 τοῦ
1686 4924 1820 4979 Θεοῦ

263 5014 421 5084 μόνος
479 5013 640 5078 αὐτὸς
696 5015 788 5067 καὶ
843 5015 964 5068 οὐδὲ
1014 5015 1170 5079 ἄλλος
1217 5016 1576 5088 ἀνηγόρευται
1622 5033 1682 5069 τε
1733 5019 1827 5072 καὶ

259 5103 426 5158 εστιν.

330 5377 441 5452 (ἳέ)
471 5379 852 5452 Διδάσκουσα
878 5384 1200 5447 πιστεύειν,
1234 5383 1349 5452 lege
1385 5385 1478 5439 καὶ
1529 5385 1826 5440 πιστεύειν.

261 5445 436 5525 Corde
468 5450 608 5525 enim
638 5455 897 5525 creditur,
925 5469 1046 5525 _ore
1076 5455 1135 5506 ﬁt
1190 5445 1455 5510 confessio
1489 5472 1503 5507 :
1541 5464 1828 5525 utrumque

261 5520 502 5588 exigitur
534 5518 585 5570 in
613 5535 767 5588 sacro
790 5521 1134 5588 baptismate.

337 5587 873 5666 (ξω-Παρέχουσαιξ
910 5592 1241 5666 θεολογίαν.
1292 5591 1442 5666 Lege
1489 5596 1824 5666 παρέχουσα.

261 5652 502 5728 Ecclesia
537 5652 746 5728 tiem'pe,
775 5661 889 5712 suis
931 5652 1161 5714 alumnis
1193 5663 1329 5715 hanc
1369 5652 1531 5717 Iidem
1554 5652 1671 5728 {sic
1713 5673 1829 5716 sta-

265 5724 361 5783 tim
396 5724 723 5798 χωρίζουσα.
762 5729 832 5783 Μ.
863 5760 931 5770 -—
960 5730 1080 5785 Mox
1114 5735 1273 5802 vulgo
1301 5731 1392 5785 τὸν
1421 5724 1565 5786 Θεὸν
1582 5731 1823 5804 Πατέρα.

1927 4584 1988 4623 ea
2037 4569 2218 4624 omnia
2263 4586 2382 4640 qua:
2424 4573 2767 4641 producenda
2826 4584 3018 4638 erant,
3060 4583 3313 4643 tanquam
3361 4575 3498 4630 lucis

1928 4661 2200 4726 cujusdam
2257 4663 2486 4726 radium,
2534 4664 2658 4718 vita:
2706 4664 2934 4728 fontem,
2972 4665 3233 4718 bonorum
3283 4666 3497 4718 thesau-

1929 4765 2067 4813 rum,
2092 4768 2110 4801 ι
2133 4750 2185 4803 in
2216 4767 2324 4820 quo
2339 4762 2668 4806 suntomnes
2691 4754 2969 4821 sapientiae
2996 4755 3232 4808 thesauri
3265 4757 3497 4809 abscon-

1928 4840 2019 4893 diti
2043 4851 2096 4894 et
2123 4842 2468 4910 cognitionis,
2496 4861 2514 4893 ι
2534 4846 2980 4912 quemadmodum
3009 4845 3222 4899 divinus
3254 4847 3495 4900 docebat

1927 4929 2218 4998 Apostolus
2255 4932 2321 4987 “.
2375 4933 2668 4988 Tantorum
2726 4935 3019 5006 taliumque
3057 4937 3346 5003 bonorum,
3403 4940 3493 5006 qui

1922 5021 2069 5075 solus
2121 5022 2294 5077 bonus
2358 5022 2518 5078 Pater
2563 5034 2667 5091 est,
2719 5025 2911 5080 Filium
2961 5031 3250 5096 progenuit
3311 5044 3492 5093 suum,

1927 5111 2214 5181 ipsammet
2244 5114 2408 5169 vitam
2434 5117 2784 5170 exsistentem
2805 5158 2820 5184 ,
2862 5124 2918 5171 et
2945 5119 3187 5172 omnium
3219 5133 3340 5188 qua:
3370 5128 3496 5174 sunt

1997 5387 2106 5460 (gs)
2142 5387 2279 5460 ηὸν
2303 5387 2798 5460 συνιένταηυεεδῑ,
2823 5385 3121 5460 τῷγΠατρί.

1996 5456 2122 5530 (27)-
2152 5458 2258 5530 ΜΡἶ
2291 5475 2380 5530 γρ.
2422 5458 2606 5530 ’Πατρί
2643 5469 2768 5512 ante
2815 5456 2946 5512 Θεόν
2986 5456 3310 5530 ponendum.
3369 5458 3490 5514 Mox

1924 5525 2183 5588 νυιαοδιὸ
2204 5525 2261 5578 δέ
2290 5525 2341 5579 ei
2374 5527 2505 5580 αὐτὸ
2531 5525 2665 5594 φῶς,
2697 5537 2802 5580 etc.

1995 5595 2108 5663 (28)
2142 5597 2251 5648 Kal
2290 5598 2535 5663 σοφίαν,
2565 5597 2790 5663 σαφῶς.
2831 5596 3015 5650 Potius
3039 5596 3362 5664 αὐτοσοφίαν
3383 5635 3398 5659 ,
3429 5606 3489 5664 1n

1926 5657 2233 5735 αὐτόλογον.
2278 5657 2446 5735 εἰς’θι
2477 5681 2604 5721 mss.
2639 5657 2711 5721 ér.
2838 5667 2932 5719 121
2970 5666 3030 5720 D.
3069 5666 3186 5720 Mox
3224 5657 3392 5735 v'ulgO'
3419 5657 3488 5718 tit»

1924 5733 1981 5786 δέ
2007 5744 2060 5789 et
2090 5733 2494 5803 ἀναγορεύεται.
