4048 6424
1324 357 1591 417 EUSEBII
1624 360 2091 419 CESARIENSIS
2127 362 2274 418 OPP.
2311 363 2489 421 PARS
2528 360 2615 421 iV.
2654 394 2725 407 —
2758 364 3170 423 DOGMATICA.

3755 366 3855 423 800

667 473 1051 531 viviﬁcatorem
1081 475 1403 545 :ipsammel
1445 478 1618 535 lucem
1650 496 1857 548 veram,
1930 466 2327 538 illuminantem
2394 500 2583 541 omnes
2640 486 2972 543 substantias
3016 493 3227 542 ratione
3265 484 3517 556 praeditas
3563 492 3619 541 et
3647 485 3852 541 intelle-

668 574 799 636 ctu;
831 567 1113 637 ipsammet
1173 572 1460 640 rationem,
1515 574 1881 643 etaipssmmet
1912 577 2245 646 sapientiam,
2284 580 2554 647 sapienter
2609 590 2666 634 et
2710 581 2999 635 secundum
3050 580 3315 634 rationem
3379 578 3634 647 optimam
3677 577 3852 632 omnis

667 660 1040 730 producentem
1080 670 1135 716 et
1180 664 1656 721 administrantem.
1711 666 1973 734 Quocirca
2015 670 2316 740 unigenitus
2342 670 2513 727 Filius
2539 670 2655 739 Dei,
2710 670 2860 727 solus
2918 671 3033 741 ipse
3097 676 3203 735 est,
3246 676 3421 738 neque
3476 676 3670 738 praeter
3732 680 3852 721 eum

665 753 803 812 allus
828 764 935 822 est,
964 766 1190 813 autesse
1221 757 1440 812 dicitur.

1255 850 1479 908 CAPUT
1523 847 1615 909 IX.

666 936 818 1005 Quod
859 957 962 996 non
984 940 1223 996 similiter
1252 952 1630 1064 αιᾳὲειεωεενω
1665 916 1918 1001 creatura
1953 948 2201 1005 subsistat

1386 1028 1527 1066 ams.

735 1101 908 1168 Atque
936 1099 1052 1153 ideo
1081 1103 1393 1169 reprehendi
1442 1119 1541 1158 nec
1588 1104 1853 1161 immerito
1897 1109 2092 1162 debent
2138 1109 2197 1174 ii-,

662 1189 752 1258 qui
790 1189 904 1240 ausi
930 1198 1053 1241 sunt
1077 1189 1221 1243 illum
1248 1196 1304 1253 »14
1340 1204 1636 1246 creaturam
1678 1197 1971 1261 nominare,
2000 1196 2199 1265 ipsum-

658 1293 762 1347 que
783 1278 962 1332 dicere
994 1293 1025 1333 e
1091 1295 1195 1333 non
1224 1291 1369 1346 ente,
1403 1284 1853 1350 quemadmodum
1894 1295 1943 1339 et
1993 1296 2198 1341 cantem

655 1369 1022 1438 producuntur
1073 1378 1354 1433 creaturae,
1414 1381 1844 1445 progeneratum.
1886 1374 2019 1429 Nam
2076 1379 2192 1446 qui,

656 1472 859 1525 quaeso,
899 1460 969 1512 ita
997 1474 1116 1514 esse
1161 1470 1333 1531 potest
1365 1461 1579 1517 Filius?
1627 1465 1724 1531 Qui
1773 1467 1863 1520 Dei
1895 1468 2197 1537 unigenitus

656 1542 846 1613 Filius,
878 1549 921 1602 si
954 1551 1192 1604 eamdem
1223 1567 1343 1607 cum
1385 1554 1602 1623 reliquis
1644 1559 1904 1612 creaturis
1948 1570 2193 1613 naturam

657 1637 944 1702 sortiatur;
992 1639 1094 1692 hoc
1133 1640 1276 1693 enim
1320 1652 1494 1710 pacto,
1554 1644 1789 1711 ipsorum
1836 1650 2012 1716 potius
2055 1659 2196 1706 esset

656 1723 842 1790 lrater,
876 1740 1033 1794 quam
1058 1728 1224 1783 Filius
1253 1729 1345 1784 Dei
1376 1749 1389 1784 :
1419 1734 1521 1787 hoc
1552 1743 1705 1801 pacto
1749 1736 1815 1790 de
1854 1739 2033 1793 multis
2057 1740 2192 1808 'pro-

656 1814 831 1870 ductis
889 1817 1002 1887 ipse
1056 1834 1194 1877 unus
1259 1822 1361 1875 erit
1393 1838 1409 1876 :
1444 1822 1604 1877 veluti
1654 1827 1741 1893 qui
1794 1828 2195 1897 participaverit

655 1905 940 1960 creationis
972 1906 1129 1975 illius,
1157 1924 1262 1963 non
1301 1912 1366 1966 de
1400 1914 1801 1981 pmexsistente
1836 1918 2107 1987 subjecto,
2140 1931 2193 1975 et

653 1992 888 2061 ejusdem
918 1996 987 2051 sit
1016 2012 1133 2052 cum
1172 2003 1432 2057 creaturis
1468 2007 1874 2061 communionis.
1907 2008 2190 2066 Enimvero

651 2081 815 2152 longe
849 2085 1003 2139 aliter
1041 2087 1105 2141 de
1130 2102 1193 2142 eo
1213 2091 1392 2144 divina
1416 2094 1631 2148 oracula
1665 2098 2039 2165 praedicarunt.
2088 2097 2187 2156 Ubi

2233 863 2281 921 Α

2953 854 3107 907 ΚΕΦ.
3134 851 3211 906 Θν.

2303 945 2432 1000 Ὀτι
2447 943 2533 1015 μὴ
2562 942 2683 1009 τοῖς
2705 940 3293 1077 πομοῖςέἔὲιὲξρισιν
3315 936 3531 1007 ὁμοίως
3555 933 3653 989 καὶ
3673 936 3705 988 ό
3727 929 3854 997 Υιὸς

2373 1104 2482 1175 (29)
2515 1103 2670 1158 Ὅθεν
2703 1102 2922 1167 εἰκότως
2953 1101 3019 1155 ἀν
3056 1117 3139 1163 τις
3175 1097 3465 1169 μέμψαιτο,
3512 1100 3627 1158 τοῖς
3654 1092 3855 1163 κτίσμα

2301 1197 2459 1250 αὐτὸν
2488 1196 2646 1265 φάναι
2674 1193 3057 1264 τετολμηκόσιν
3108 1190 3166 1254 ἐξ
3190 1190 3289 1242 οὐκ
3318 1187 3485 1240 όντων
3508 1184 3852 1255 δμοίως-(50)·

2299 1288 2409 1347 τοῖς
2440 1283 2640 1346 λοιποῖς
2680 1282 2968 1352 κτίσμασιν
3004 1279 3307 1349 γενόμενον.
3344 1276 3453 1329 Καὶ
3490 1275 3607 1336 πῶς
3633 1274 3741 1342 γὰρ
3778 1271 3854 1323 ἔτι

2299 1373 2448 1427 ἔσται
2473 1374 2595 1436 Υἱός
2621 1391 2635 1439 ;
2662 1373 2783 1436 Πῶς
2808 1372 2865 1426 δὲ
2900 1368 3184 1440 μονογενὴς
3229 1366 3322 1420 τοῦ
3353 1364 3485 1419 Θεοῦ
3517 1365 3546 1415 ὁ
3564 1363 3662 1433 τὴν
3688 1361 3855 1432 αὐτὴν

2298 1468 2408 1528 τοῖς
2440 1466 2640 1527 λοιποῖς
2671 1464 2959 1533 κτίσμασιν
2990 1459 3421 1531 ἐπιγραφόμενος
3451 1454 3647 1519 φύσιν;
3680 1452 3857 1521 ταύτῃ

2296 1554 2402 1623 γὰρ
2432 1554 2653 1622 ἀδελφὸς
2696 1553 2759 1607 ἂν
2796 1551 2994 1605 τούτων
3020 1549 3225 1617 γένοιτο
3254 1546 3469 1618 μᾶλλον,
3502 1544 3623 1613 οὐχ).
3649 1542 3706 1595 δὲ
3728 1541 3856 1604 Υἱὸς

2296 1645 2389 1696 τοῦ
2427 1644 2559 1696 Θεοῦ
2584 1661 2596 1673 ·
2641 1644 2752 1713 (51)
2799 1642 2907 1694 τῶν
2956 1658 3015 1693 τε
3048 1639 3258 1693 πολλῶν
3287 1636 3526 1708 γενητῶν
3561 1635 3713 1686 ισται
3751 1626 3854 1696 εἷς,

2298 1732 2390 1785 ἀτε
2412 1732 2511 1802 τῆς
2534 1732 2593 1796 ἐξ
2635 1735 2735 1785 οὐκ
2764 1730 2927 1785 ὄντων
2968 1730 3195 1791 κτίσεως
3242 1727 3439 1797 ὁμοίως
3482 1725 3661 1786 αὐτοῖς
3692 1737 3858 1793 μετα·

2297 1822 2435 1892 σχὼν
2458 1823 2566 1893 (59.)
2600 1823 2900 1883 κοινωνίας.
2946 1821 3083 1873 Ἀλλ’
3116 1820 3213 1889 οὐχ
3243 1812 3343 1872 ὧδε
3372 1818 3441 1871 τά
3464 1817 3579 1869 θεῖα
3600 1815 3729 1885 περὶ
3761 1812 3857 1866 αὐ-

2294 1910 2387 1963 τοῦ
2416 1910 2658 1962 παιδεύει
2705 1909 2887 1977 λόγια·
2930 1909 3039 1961 ἀλλ’
3073 1909 3160 1961 ὅτε
3203 1907 3298 1978 μὲν
3325 1905 3425 1974 τῆς
3461 1903 3566 1956 τῶν
3608 1900 3855 1970 γενητῶν

2293 1999 2574 2071 ὑπάρξεως
2600 2000 2695 2070 τὴν
2716 1999 3055 2053 διδασκαλίαν
3093 1998 3353 2060 καλεῖται,
3393 1997 3505 2067 (55)
3539 1993 3754 2065 ἀθρόως
3784 1992 3855 2045 τὰ

2292 2091 2467 2145 πάντα
2500 2092 2761 2162 μαρτυρεῖ
2780 2090 2843 2142 δι’
2865 2088 3028 2160 αὐτοῦ
3058 2088 3336 2156 γεγονεναι
3358 2102 3371 2116 ’
3408 2103 3428 2136 ι
3451 2085 3635 2137 Πάντα
3657 2082 3792 2153 γὰρ,
3826 2099 3848 2135 ι

651 2175 792 2226 enim
816 2174 881 2226 de
908 2190 1091 2230 rerum
1129 2182 1479 2248 productione
1512 2200 1692 2241 sermo
1741 2188 2039 2245 instituitur
2073 2209 2088 2246 :
2117 2192 2182 2246 ibi

2297 2200 2315 2232 ι
2343 2180 2522 2253 [φησὶ]
2560 2199 2578 2231 ι
2605 2180 2672 2233 δι’
2698 2178 2859 2232 αὐτοῦ
2889 2179 3119 2247 ἐγένετο,
3156 2178 3249 2231 καὶ
3279 2176 3446 2246 χωρὶς
3471 2172 3634 2227 αὐτοῦ
3669 2172 3855 2241 ἀγένε-

648 2261 830 2316 omuia
860 2275 952 2330 per
980 2263 1123 2317 illum
1158 2266 1295 2323 facta
1326 2271 1493 2326 fuisse
1515 2310 1530 2336 ,
1577 2288 1681 2328 non
1713 2290 1814 2329 una
1848 2278 1966 2332 vice
2002 2280 2189 2333 testiﬁ-

650 2360 860 2406 cantur.
924 2351 1116 2408 Omnia
1155 2359 1323 2421 enim.
1378 2360 1647 2431 inquiunt,
1711 2380 1801 2432 per
1846 2367 1997 2421 illum
2045 2369 2188 2437 facta

647 2450 791 2503 sunt,
816 2450 863 2494 et
893 2444 1002 2497 sine
1030 2461 1088 2499 eo
1118 2446 1248 2499 nihil
1280 2450 1477 2517 factum
1504 2462 1578 2506 est
1608 2453 1675 2505 ".
1708 2454 1772 2508 Et
1795 2455 1918 2510 alihi
1948 2475 1962 2512 :
1997 2456 2064 2511 In
2098 2461 2188 2514 illo

648 2530 860 2584 condita
896 2544 1014 2587 sunt
1056 2538 1316 2603 universa,
1364 2556 1481 2607 qua
1526 2550 1646 2595 sunt
1683 2534 1753 2597 in}
1783 2546 1941 2611 talis,
1995 2557 2043 2601 et
2073 2565 2189 2619 qua:

646 2635 800 2688 super
824 2632 1044 2689 terram;
1076 2626 1179 2679 sive
1206 2628 1430 2682 oisibilia
1456 2628 1671 2697 fuerint,
1696 2649 1786 2687 sea
1812 2636 2090 2691 invisibilia
2118 2639 2184 2696 “.

645 2707 717 2765 Εῑ
742 2710 956 2777 iterum,
992 2712 1178 2768 Onmia
1194 2724 1285 2783 per
1308 2718 1497 2785 ipsum,
1524 2729 1570 2773 et
1590 2722 1643 2774 in
1667 2724 1778 2789 ipso
1800 2727 2005 2781 condita
2026 2740 2146 2783 sunt
2165 2745 2184 2784 :

643 2800 819 2869 etipse
843 2811 916 2855 est
939 2814 1057 2857 ante
1085 2807 1260 2859 omnia
1294 2805 1360 2870 ⁸⁹,
1393 2815 1466 2873 et,
1500 2824 1519 2860 ι
1554 2808 1618 2863 in
1640 2812 1752 2879 ipso
1785 2816 1957 2869 omnia
1985 2819 2183 2874 substi-

646 2898 839 2958 terunt,
871 2894 1158 2949 secundum
1204 2897 1501 2954 doctrinam
1548 2903 1892 2970 apostolicam
1936 2907 2003 2962 '°.
2050 2909 2182 2966 Cum

645 2992 775 3039 vero
803 2988 866 3039 de
889 2985 1055 3055 ipsius
1090 2986 1370 3042 divinitate
1420 2993 1792 3048 tractationem
1833 2996 2094 3067 instituit,
2152 3017 2182 3055 a

645 3086 828 3130 rerum
850 3078 1083 3131 omnium
1112 3079 1456 3136 universitate
1484 3097 1603 3136 eum
1632 3095 1876 3154 separat:
1908 3090 2181 3148 Dominum

645 3179 776 3220 vero
801 3167 970 3234 ipsum
1003 3178 1160 3234 atque
1188 3170 1400 3235 herum,
1440 3174 1774 3231 conditorem
1820 3188 1976 3250 atque
2017 3179 2180 3237 Deum

645 3260 705 3307 ct
756 3254 1107 3339 Servatorem‘
1155 3266 1395 3327 agnosclt
1466 3263 1835 3319 universorum
1866 3310 1880 3335 ,
1929 3269 2181 3341 illumque

641 3341 836 3409 solum,
872 3359 969 3401 nec
1009 3347 1077 3399 ab
1110 3346 1197 3400 illo
1218 3348 1405 3414 alium,
1451 3349 1543 3406 Dei
1590 3356 1828 3422 agnoscit
1868 3364 1918 3413 et
1964 3358 2176 3427 fatetur,

640 3432 970 3503 unigenitum
1002 3434 1406 3505 :Sapientiam,
1450 3440 1719 3507 Verbum,
1762 3446 1954 3515 vitam,
2009 3450 2178 3507 lucem

2296 2291 2391 2327 ιτο
2419 2274 2536 2326 οὐδὲ
2565 2272 2655 2325 ἓν·
2699 2290 2717 2324 ι
2747 2272 2840 2325 καὶ
2876 2288 2896 2321 ι
2930 2272 3016 2324 Ἐν
3047 2269 3191 2339 αὐτῷ
3213 2266 3431 2337 ἐκτίσθη
3463 2264 3532 2318 τὰ
3578 2263 3757 2316 πάντα
3783 2260 3854 2316 τά

2293 2382 2313 2417 ι
2337 2366 2393 2418 ὲν
2414 2366 2524 2425 τοῖς
2548 2364 2794 2433 οὐρανοῖς
2821 2362 2914 2415 κα)⁵
2933 2360 3002 2413 τά
3026 2360 3117 2413 ἐπὶ
3137 2360 3235 2429 τῆς
3262 2357 3385 2427 γῆς,
3414 2356 3521 2409 εῐτε
3542 2353 3713 2426 δρατά
3741 2354 3853 2406 εἴτε

2293 2473 2311 2507 ι
2333 2455 2556 2526 ἀόρατα,
2591 2456 2681 2506 καὶ
2709 2454 2777 2507 τὰ
2801 2454 2974 2507 πάντα
3000 2452 3066 2505 δι’
3095 2450 3277 2517 αὐτοῦ,
3307 2451 3400 2505 καὶ
3420 2451 3499 2513 είς
3519 2448 3680 2503 αὐτὸν
3704 2446 3854 2501 [κτε-

2294 2561 2313 2596 ι
2338 2562 2478 2610 σται,
2514 2544 2605 2597 καὶ
2625 2544 2782 2608 αὐτός
2809 2545 2923 2596 ἐστι
2948 2543 3051 2616 πρὸ
3074 2543 3287 2597 πάντων
3311 2559 3325 2573 ο
3360 2561 3379 2594 ι
3410 2540 3646 2605 καὶμΤά
3668 2540 3851 2594 πάντα

2292 2652 2313 2686 ι
2334 2637 2389 2688 ὲν
2422 2634 2570 2705 αὐτῷ
2613 2635 2924 2706 συνέστηκε,
2950 2651 2969 2687 ι
3003 2634 3140 2688 κατά
3178 2633 3278 2697 τάς
3315 2629 3672 2695 ἀποστολικάς
3704 2629 3851 2683 διδα-

2287 2725 2541 2788 σκαλίας·
2585 2727 2674 2779 ὅτε
2710 2726 2766 2778 δὲ
2793 2726 2889 2796 τὴν
2922 2726 3048 2797 περὶ
3097 2722 3259 2779 αὐτοῦ
3291 2723 3565 2790 θεολογίαν
3612 2720 3848 2788 εἰσάγει,

2282 2816 2390 2870 τῶν
2420 2817 2516 2888 μὲν
2540 2816 2738 2870 λοιπῶν
2763 2816 3014 2870 ἁπάντων
3046 2816 3207 2870 αὐτὸν
3238 2815 3504 2887 ἀφορίζει,
3537 2812 3745 2884 Κύριον
3790 2809 3849 2864 δι

2282 2907 2438 2960 αὐτὸν
2466 2908 2557 2960 καὶ
2596 2908 2876 2976 δεσπότην,
2906 2908 2996 2960 καὶ
3043 2902 3388 2977 δημιουργὸν,
3422 2903 3517 2958 καὶ
3558 2901 3715 2967 Θεὸν,
3751 2900 3849 2954 καὶ

2281 2994 2508 3065 Σωτῆρα
2526 2995 2631 3047 τῶν
2662 2994 2796 3048 ὅλων
2819 2991 2927 3047 οἶδε
2944 3010 2958 3025 ⁶
2988 2993 3245 3065 μονογενῆ
3267 3010 3326 3045 τε
3356 2992 3483 3045 Υίδν
3514 2988 3648 3043 Θεοῦ
3684 2990 3847 3061 μόνον

2280 3084 2438 3137 αὐτὸν
2466 3086 2559 3138 καὶ
2591 3085 2775 3137 οὐδένα
2798 3084 2951 3137 ἄλλον
2975 3082 3260 3151 ἀποφαίνει
3279 3098 3290 3110 ·
3310 3081 3507 3151 Σοφίαν
3528 3097 3588 3133 τε
3615 3080 3714 3134 καὶ
3743 3079 3849 3133 Δόο

2279 3194 2394 3245 γον,
2425 3177 2517 3229 καὶ
2540 3176 2701 3246 ζωὴν,
2720 3177 2809 3229 καὶ
2831 3176 2944 3243 φῶς
2971 3175 3125 3246 μόνον
3152 3174 3312 3228 αὐτὸν
3348 3173 3626 3237 ἀποκαλεῖ,
3656 3172 3847 3225 εἰκόνα

2279 3283 2338 3320 τε
2364 3266 2457 3319 τοῦ
2486 3265 2619 3318 Θεοῦ
2646 3265 2737 3318 τοῦ
2766 3266 2994 3336 ἀοράτου
3019 3281 3033 3295 ·
3068 3265 3157 3318 καὶ
3188 3264 3521 3336 ἀπαύγασμα
3559 3264 3737 3334 φωτὸς
3760 3264 3845 3317 ἀῑ-

2277 3357 2407 3421 δίου,
2434 3358 2592 3427 ἕτερά
2618 3373 2675 3409 τε
2709 3356 2874 3427 μύρια
2898 3356 3101 3418 τούτοις
3121 3355 3322 3426 ἀδελφά
3334 3358 3470 3427 περὶ
3491 3355 3655 3409 αὐτοῦ
3686 3351 3844 3419 δοξά-

2280 3448 2390 3512 ζειν
2426 3448 2685 3511 διδάσκει,
2717 3441 2817 3500 ὧδέ
2866 3463 2940 3518 πη
2977 3448 3073 3517 τῆς
3123 3446 3389 3518 πατρικῆς
3430 3445 3703 3515 θεότητος,
3742 3445 3843 3517 τὴν

639 3520 812 3590 ipsum
862 3525 1091 3594 appellat
1138 3526 1658 3600 solum:imagiuem
1705 3536 1794 3590 Dei
1856 3538 2176 3601 invisibilis:

2283 3534 2411 3608 πρὸς
2433 3537 2590 3607 μόνον
2619 3537 2799 3600 αὐτὸν,
2822 3536 3020 3590 ὡσανεὶ
3044 3537 3178 3608 πρὸς
3208 3536 3336 3589 Υίὸν
3376 3534 3658 3606 μονογενῆ,
3702 3535 3841 3589 ιδιά-

639 3609 776 3668 lucis
822 3617 1159 3683 sempiterna:
1200 3618 1564 3690 relucentiam,
1609 3633 1663 3678 et
1712 3626 1856 3682 hisce
1899 3634 2175 3702 congenita

636 3716 885 3759 sexcenta
910 3708 1100 3761 similia
1126 3712 1339 3763 nomina
1363 3713 1580 3767 adhibet
1608 3714 1802 3784 quibus
1828 3716 1975 3774 illum
2007 3722 2173 3790 glori-

637 3795 766 3850 ﬁcat
798 3814 811 3849 :
848 3796 1040 3864 quibus
1070 3799 1315 3855 omnibus
1359 3802 1410 3855 id
1450 3804 1593 3883 agitl
1619 3816 1677 3859 ut
1708 3818 1941 3877 paterna!
1962 3811 2175 3867 deitatis

636 3883 956 3952 peculiarem
983 3895 1035 3938 et
1055 3887 1321 3955 propriam
1344 3888 1653 3945 relationem
1675 3897 1922 3950 ostendat
1947 3898 2011 3950 ad
2029 3896 2170 3952 illum

637 3975 1004 4028 tantummodo
1056 3985 1318 4044 spectare,
1381 3981 1538 4034 veluti
1596 3983 1660 4036 ad
1706 3983 1898 4039 Filium
1926 3987 2171 4056 unigeni-

635 4071 769 4117 tum.
808 4062 943 4119 Hinc
988 4066 1206 4133 factum,
1244 4077 1302 4121 ut
1347 4084 1535 4139 magna
1570 4087 1700 4127 voce
1731 4073 1888 4128 Pater
1914 4077 1985 4129 illi
2009 4078 2171 4132 dede-

634 4150 727 4219 rit,
760 4155 1020 4221 praeconio
1042 4170 1140 4209 suo
1168 4156 1393 4222 caelesti,
1434 4161 1498 4212 ad
1534 4157 1781 4217 Jordanis
1811 4162 1999 4218 ﬂuenta
2024 4166 2172 4221 testi-

636 4242 893 4306 monium,
921 4245 1062 4310 quod
1085 4245 1228 4299 solus
1252 4247 1351 4314 ipsi
1382 4259 1524 4302 esset
1547 4251 1795 4318 dilectus,
1830 4254 1916 4307 ubi
1942 4256 2167 4311 ell‘atur:

636 4325 739 4380 Hie
775 4340 847 4381 est
880 4329 1051 4384 Filius
1087 4348 1227 4385 meus
1265 4333 1501 4400 dilectus,
1540 4337 1596 4390 in
1636 4353 1739 4407 quo
1768 4338 1996 4393 mihimet
2032 4357 2174 4394 com-

634 4419 809 4487 placui
852 4422 920 4474 ".
950 4420 1098 4487 Quod
1150 4424 1319 4492 ipsum
1369 4428 1728 4481 testimonium
1772 4434 2003 4485 secunda
2035 4432 2170 4499 vice,

635 4526 755 4567 cum
780 4514 833 4568 in
856 4524 1035 4569 monte
1062 4514 1533 4571 transformaretur
1556 4520 1627 4584 ",
1652 4519 2018 4591 ingeminavit,
2056 4536 2171 4576 rem

708 4705 767 4772 β
794 4700 887 4753 Ed.
918 4700 1092 4772 Paris.
1114 4716 1231 4772 pag.
1258 4701 1346 4756 67.

1465 4703 1509 4735 "
1549 4701 1702 4759 Joan.
1736 4720 1777 4770 1,
1816 4704 1870 4760 5.

636 4768 681 4802 "
698 4769 883 4824 Matth.
909 4785 1037 4835 xvu,
1063 4768 1115 4825 5.

709 4953 814 5028 [29)
839 4953 980 5028 Qua;
998 4954 1087 5008 hic
1119 4953 1385 5028 habentur
1438 4953 1575 5020 apud
1621 4953 1930 5019 Eusebium,
1980 4955 2169 5009 recitat
2197 4957 2243 5013 D

635 5022 903 5085 Socrates,
931 5025 1023 5078 lib.
1061 5040 1101 5087 ι,
1128 5039 1250 5092 cap.
1292 5022 1383 5092 2|,
1440 5032 1497 5075 ut
1554 5030 1762 5076 tueatur
1807 5035 2081 5077 auctorem
2137 5038 2169 5077 a

635 5094 935 5163 suspicione
968 5091 1271 5145 Arianismi.
1313 5091 1416 5145 Sed
1472 5106 1576 5143 non
1610 5092 1871 5159 persuasit
1917 5092 2171 5146 illustris-

636 5166 772 5217 simo
803 5162 1048 5225 Baronio,
1077 5162 1144 5215 ad
1169 5176 1366 5214 annum
1401 5158 1543 5225 540;
1576 5174 1744 5228 neque
1769 5176 1893 5216 vero
1946 5176 2170 5230 persua-

636 5178 772 5217 snmo
804 5175 1048 5225 uaromo,
1077 5175 1144 5215 aa
1169 5176 1366 5214 annum
1402 5175 1543 5225 om;
1576 5175 1744 5225 neque
1769 5176 1893 5216 vero
1946 5176 2170 5225 persua-

634 5230 1113 5369 del5l8)m‘lE-fgl.oim
1163 5301 1349 5352 ὄντων
1383 5298 1499 5352 τῶν
1556 5298 1782 5369 ὁμοίως.
1825 5297 2169 5369 ϐοηὶθςεηηι

633 5366 836 5440 legend.
863 5367 921 5432 ἐξ
943 5371 1039 5440 οὐκ
1058 5370 1223 5440 δντων
1245 5370 1422 5430 αὐτὸν,
1447 5368 1663 5437 ὁμοίως.
1686 5366 1787 5440 §ed
1816 5368 2173 5440 apudUSocra-

637 5434 737 5490 tein
768 5448 871 5501 est,
912 5438 968 5502 ἐξ
994 5440 1090 5490 οὐκ
1119 5439 1304 5502 ὄντων,
1340 5434 1517 5507 ὅμοιον
1547 5440 1673 5497 τοῖς.
1798 5434 1862 5476 -έ
1895 5438 2013 5491 Τῶν
2050 5448 2173 5492 ante

633 5508 827 5576 ὁμοίως
856 5522 957 5559 non
988 5518 1067 5560 est
1092 5510 1142 5560 in
1172 5510 1351 5569 codd.,
1375 5505 1764 5576 'quareudelevi.

696 5574 805 5652 ἐτη)
844 5577 1029 5652 ταύῖτη
1067 5574 1501 5652 ,τῆρ,.άδε4έτε⁵ς
1540 5574 1657 5652 μὴ.
1684 5576 1902 5652 τούτων
1943 5574 2169 5652 γένοέτο

629 5642 882 5710 μᾶλλον,
904 5647 1032 5713 οὐχὶ
1056 5642 1121 5698 δὲ
1150 5642 1276 5710 Υἱὸς
1298 5642 1401 5699 τοῦ
1422 5645 1587 5698 Θεοῦ.
1617 5642 1735 5699 Haec
1762 5646 1951 5700 desunt
1981 5647 2033 5700 in
2064 5643 2166 5700 30-

636 5722 801 5766 crate.

1972 4704 2015 4737 ”
2039 4704 2242 4762 Coloss.
2271 4722 2309 4774 t,
2350 4706 2431 4761 16.

2280 3624 2473 3689 ζουσαν
2502 3627 2683 3695 σχέσιν
2711 3625 3136 3697 ἐπιδεικνύμενα.
3173 3625 3263 3679 Διὸ
3286 3626 3379 3679 καὶ
3404 3624 3529 3679 Υἱὸν
3554 3625 3841 3697 ἀγαπητὸν

2278 3714 2609 3784 ἀνεκήρυττε
2652 3714 2809 3784 μόνον
2843 3714 3002 3768 αὐτόν
3022 3726 3035 3744 ⁶
3068 3714 3209 3783 ἀμφὶ
3240 3712 3309 3767 τὰ
3343 3712 3606 3784 Ἰορδάνου
3646 3711 3841 3783 ῥεῖθρα

2278 3805 2312 3873 ἡ
2336 3804 2573 3875 πατρικὴ
2592 3805 2699 3871 (54)
2730 3804 2877 3877 φωνὴ
2911 3805 3115 3875 μεγάλη
3150 3802 3493 3874 μαρτυροῦσα
3524 3802 3647 3873 βοᾷ·
3680 3821 3699 3854 ι
3724 3795 3836 3856 οὗ·

2282 3911 2301 3943 ι
2325 3893 2414 3956 τός
2442 3896 2585 3946 ἐστιν
2616 3895 2644 3946 ὁ
2674 3894 2797 3957 Υἱός
2832 3911 2931 3963 μου
2957 3896 2985 3947 ὀ
3008 3893 3301 3964 ἀγαπητὸς,
3336 3898 3392 3947 ὲν
3482 3894 3751 3964 εὐδόκησα
3769 3911 3785 3925 ·
3810 3912 3831 3946 ι

2276 3983 2383 4036 Καὶ
2408 3984 2644 4054 δευτεροί
2664 4001 2723 4051 γε
2744 3984 2838 4055 τὴν
2868 3986 3167 4055 μαρτυρίαν
3191 3985 3282 4037 καὶ
3303 3985 3396 4036 ἐπὶ
3422 3985 3520 4055 τῆς
3541 3986 3601 4039 ὲν
3617 3985 3698 4055 τῷ
3716 3986 3837 4058 ὄρει

2278 4073 2758 4145 μεταμορφώσεως,
2787 4076 2876 4128 τὸν
2921 4075 3079 4127 αὐτὸν
3108 4073 3602 4145 ὲπισφραγιζομὲνη
3649 4075 3831 4144 λόγον.

2276 4164 2444 4216 Αὐτοῦ
2472 4164 2752 4236 τοιγαροῦν
2775 4164 2866 4217 τοῦ
2894 4165 3001 4219 τῶν
3024 4165 3156 4218 ὅλων
3182 4165 3313 4218 Θεοῦ
3336 4165 3535 4237 ταύτην
3557 4166 3704 4235 αὐτῷ
3730 4165 3835 4238 τὴν

2280 4254 2577 4323 μαρτυρίαν
2604 4253 3033 4325 παρασχομένου,
3069 4252 3162 4307 τοῦ
3201 4271 3259 4307 τε
3283 4254 3656 4323 εὐαγγελιστοῦ
3678 4256 3835 4327 διαρο

2278 4345 2438 4415 ρήδην
2476 4346 2635 4398 αὐτὸν
2676 4346 2798 4398 Υίὸν
2836 4346 3095 4415 μονογενῆ
3127 4342 3261 4399 εἶναι
3296 4346 3630 4409 διδάσκοντος
3650 4346 3719 4398 δι’
3750 4342 3831 4401 ὧν

2276 4434 2375 4505 ἔφη
2394 4452 2407 4467 ο
2446 4457 2461 4487 ι
2483 4437 2610 4489 Θεὸν
2635 4437 2801 4499 οὐδεὶς
2830 4430 3038 4507 ἑώρακε
3065 4436 3277 4489 πώποτε
3295 4453 3310 4468 ο
3333 4440 3362 4490 ὁ
3389 4438 3676 4509 μονογενὴς
3700 4439 3831 4505 Υἱδς

2280 4543 2301 4578 t
2344 4524 2693 4598 ἢιμονογενὴς
2712 4526 2840 4593 Θεὸς
2871 4527 3002 4599 (55),
3027 4529 3055 4579 ό
3075 4526 3147 4580 ὢν
3167 4530 3245 4590 είς
3268 4527 3358 4581 τὸν
3379 4526 3572 4581 κόλπον
3591 4529 3685 4581 τοῦ
3712 4530 3829 4583 Πα-

2958 4709 3000 4741 ³⁶
3043 4706 3174 4764 Ibid.

2530 4708 2574 4739 “
2605 4708 2739 4762 Ibid.
2771 4708 2851 4762 17.
2958 4709 3000 4741 ⁸⁸
3043 4706 3174 4764 Ibid.
3273 4710 3317 4742 “
3372 4708 3557 4764 Matth.
3601 4725 3683 4777 ttt,
3731 4705 3825 4768 17.

2338 4952 2427 5026 (32
2484 4956 2584 5009 Ἶσ.
2616 4955 2707 5009 καί
2733 4971 2859 5010 mss.

2343 4956 2453 5096 (55)
2497 5025 2859 5096 Διδασκαᾷία

2259 5073 2271 5091 ,
2343 5025 2453 5096 (35)
2474 5096 2477 5097 ν
2497 5025 2895 5097 sicanang
2936 5025 3218 5081 καλεῖται.
3272 5026 3463 5097 Ιιοιξιις⁸
3484 5036 3815 5097 corruptus:

2280 5110 2378 5150 nec
2402 5094 2618 5164 adjuvat
2647 5096 2732 5148 hic
2763 5095 3014 5149 Socrates
3044 5118 3054 5150 :
3085 5112 3205 5148 nam
3227 5096 3406 5149 omisit
3440 5094 3578 5148 forte
3611 5113 3625 5127 ο
3649 5094 3819 5152 ἐῑσάι

2269 5182 2373 5233 γει.
2396 5163 2647 5218 Μέ-Διδ
2674 5166 2899 5234 ποιεῖται
2926 5167 3104 5230 codd.,
3126 5166 3214 5231 qui
3242 5180 3357 5217 Iuox
3391 5166 3520 5234 φησί
3545 5180 3653 5219 om.
3682 5166 3814 5223 Dein

2270 5232 2423 5317 vulgo
2451 5237 2562 5317 ὲκτ.
2588 5234 2758 5285 πάντα
2781 5232 2865 5285 τά.
2922 5234 3058 5287 lul'ra
3102 5234 3281 5301 vulgo‘
3314 5232 3725 5305 ἐπιδεικνυμένη
3762 5247 3818 5292 et

2270 5303 2403 5355 ἀνακ
2447 5303 2643 5371 ρύττει.
3590 5303 3598 5304 ί
3714 5303 3723 5305 ἡ

2340 5320 2449 5436 (δέ)
2480 5371 2713 5451 ,Ῥξῑθρα
2732 5371 2781 5451 ἠ.
2796 5370 3071 5451 cummi:
3097 5370 3276 5451 '10"?
3300 5370 3509 5451 ῥεῖθραο
3527 5374 3658 5451 ἕπου
3690 5390 3753 5441 γε
3776 5375 3811 5446 ὴ

2270 5442 2521 5523 πατρική.
2552 5438 2620 5492 Μ.
2643 5468 2711 5478 -—
2743 5438 2919 5509 Vulgo
2940 5440 3083 5509 ἀμφὶ
3115 5439 3265 5510 Ἰορδ.
3297 5438 3435 5495 Dein
3456 5442 3612 5512 vulgo
3644 5438 3809 5513 μαρτξ

2269 5511 2559 5650 iuguli
2574 5578 3107 5650 μονογενὴὴςρεός,
3130 5577 3397 5650 Νοιιᾼευιιι
3432 5579 3545 5632 hac
3578 5594 3810 5650 evange-

2265 5645 2399 5700 lista;
2429 5645 2444 5700 ξ
2472 5648 2562 5699 sed
2590 5661 2686 5701 nec
2714 5645 2874 5701 credo
2900 5647 3137 5708 Eusebii,
3166 5648 3266 5700 nisi
3301 5648 3483 5701 forsan
3511 5650 3677 5779 lyceo;
3708 5645 3809 5720 μο-

2265 5715 2480 5779 νογενὴς
2498 5715 2646 5776 Θεός.
2671 5743 2739 5757 -
2759 5714 2902 5770 Infra
2924 5716 3081 5779 vulgo
3111 5717 3302 5770 ιδωκεν
3326 5716 3463 5769 ὥστε
3487 5734 3529 5767 π
3602 5756 3615 5770 .

2262 5715 2480 5785 νογενὴς
2498 5715 2646 5776 Θεός.
2671 5743 2739 5757 -
2759 5714 2902 5770 Infra
2924 5716 3081 5786 vulgo
3111 5717 3302 5770 ιδωκεν
3326 5716 3463 5769 ὥστε
3487 5714 3615 5779 πᾶς.
