4048 6486
249 488 352 544 841

1194 480 1282 536 DE
1322 478 1865 539 ECCLESIASTICA
1905 430 2305 536 TIiEOLOGlA
2340 477 2475 536 LIB.
2516 477 2555 534 l.

3408 482 3515 539 84⁸2

238 602 402 670 τρὸς,
424 597 655 666 ἐκεῖνος
674 596 1036 667 ἐξηγήσατο.
1063 616 1081 648 ι
1119 594 1279 649 Ἀλλὰ
1302 594 1394 649 καὶ
1417 594 1579 648 αὑτοῦ
1598 595 1695 648 τοὺ
1718 596 1801 649 Σω

1933 592 2180 647 eamdem
2216 587 2384 646 veluti
2413 588 2589 661 sigillo
2614 602 2716 646 suo
2740 590 3196 647 communiturus.
3244 590 3515 659 Quocirca

235 694 406 763 κτῆρος
436 692 497 744 ὲν
516 692 636 753 ταῖς
662 691 788 761 περὶ
811 687 975 740 αὑτοῦ
1001 684 1369 747 διδασκαλίαις
1390 684 1544 737 ταῦτ’
1569 684 1828 756 ἐπισφρα-

1929 697 2053 737 cum
2075 679 2384 751 huiusmodi
2412 680 2785 738 testimonium
2826 681 2927 750 ipsi
2960 681 3339 739 universorum
3370 683 3512 741 Deus

236 782 566 852 7tt,opt£vou,
609 781 679 834 δι’
722 774 797 831 ὧν
840 777 1047 845 ἔλεγεν·
1085 777 1251 829 Οὕτω
1292 775 1401 844 γὰρ
1440 773 1801 844 ἠγάπησεν-ι

1927 772 2278 838 exhibuerit;
2346 786 2583 842 cumque
2639 773 2861 828 disertis
2924 772 3107 829 verbis
3157 772 3508 847 Evangelista

236 873 386 941 Θεὸς
409 873 518 927 τόν
540 875 790 940 κόσμον,
820 867 976 923 ὥστε
1010 870 1117 923 τὸν
1144 867 1281 921 Υίὸν
1304 866 1491 921 αὑτοῦ
1514 866 1622 921 τὸν
1637 885 1821 937 μονο-

233 966 383 1037 rem}
422 965 665 1027 ἔδωκεν,
700 963 802 1016 ἵνα
834 960 954 1039 πᾶς
982 964 1015 1016 ὀ
1054 960 1359 1014 πιστεύων
1390 960 1476 1025 είς
1495 958 1682 1013 αὐτὸν
1709 961 1820 1029 ἔχῃ

231 1057 390 1127 ζωὴν
416 1056 676 1110 αἰώνιον.
708 1055 767 1108 '0
792 1056 928 1126 μετὰ
947 1052 1150 1116 ταύτας
1180 1050 1279 1115 τὰς
1303 1050 1485 1121 φωνὰς
1507 1050 1730 1122 γενητὸν
1759 1051 1819 1115 ἐξ

230 1150 330 1203 οὑκ
376 1148 566 1211 ὄντων,
594 1148 688 1201 καὶ
736 1148 941 1218 κτίσμα
965 1145 1075 1217 (36)
1118 1142 1461 1216 προηγμένον
1501 1142 1566 1195 ἐκ
1606 1140 1699 1196 τοῦ
1741 1143 1817 1213 μὴ

227 1238 385 1301 ὄντος
420 1239 512 1292 τὸν
535 1238 665 1292 Υίὸν
692 1238 1025 1310 ὁριζόμενος,
1056 1234 1246 1306 λέληθε
1272 1232 1509 1304 τοῦνομα
1544 1233 1642 1304 μὲν
1664 1232 1815 1303 αὑτῷ

232 1331 395 1402 μόνον
427 1329 807 1401 χαριζόμενος,
822 1328 883 1382 τὸ
907 1328 951 1381 δ’
973 1326 1189 1398 ἀληθῶς
1210 1326 1338 1379 Υἱὸν
1363 1322 1502 1379 εἶναι
1537 1323 1809 1397 ἀρνούμε-

226 1436 341 1484 νος.
385 1421 445 1473 Ὀ
486 1420 594 1491 γὰρ
626 1417 687 1485 ἐξ
717 1420 816 1471 οὐκ
852 1418 1020 1471 ὄντων
1058 1416 1315 1485 γεγονὼς,
1355 1416 1457 1468 οὑκ
1500 1414 1565 1468 ἂν
1596 1412 1813 1486 ἀληθῶς

226 1511 427 1581 γένοιτ’
450 1511 515 1567 ἂν
546 1513 672 1577 Υίὸς
703 1511 796 1566 τοῦ
820 1509 953 1564 Θεοῦ
972 1527 985 1539 ο
1019 1509 1101 1562 ὅτι
1142 1508 1274 1581 μηδὲ
1306 1506 1433 1563 ἄλλο
1462 1523 1515 1559 τι
1547 1506 1656 1559 τῶν
1687 1522 1811 1575 γεν-

228 1617 428 1674 νητων.

1924 864 2261 937 pronuntiet.
2292 878 2416 919 eum
2451 877 2575 920 esse
2599 862 2797 919 Filium
2835 864 3197 935 unigenitum,
3226 867 3351 922 dum
3382 882 3512 939 pro-

1928 955 2145 1011 nuntiat
2178 972 2192 1009 :
2226 954 2397 1009 Deum
2429 970 2578 1011 nemo
2600 956 2732 1011 vidit
2757 971 2991 1024 unquam
3015 972 3034 1011 :
3053 954 3376 1028 Unigenitus
3404 959 3513 1016 Fi-

1924 1048 2028 1101 lius
2072 1044 2187 1119 (aut
2228 1047 2371 1101 Deus
2405 1046 2738 1118 unigenitus)
2771 1050 2863 1119 qui
2905 1058 3017 1103 erat
3053 1051 3109 1104 in
3141 1051 3265 1105 sinu
3300 1048 3508 1119 Patris,
3570 1098 3573 1099 ν

1924 1141 2035 1210 ipse
2054 1140 2324 1195 enarravit
2349 1137 2416 1194 ⁸³.
2450 1137 2642 1194 Adhuc
2669 1154 2793 1193 cum
2828 1138 3092 1195 Servatur
3120 1141 3342 1211 insuper
3368 1142 3505 1213 ipse,

1921 1232 2066 1285 inter
2118 1230 2445 1295 docendum,
2508 1230 2613 1285 hoc
2662 1232 2923 1301 assignet,
2972 1232 3062 1287 ubi
3102 1232 3173 1287 ita
3216 1233 3504 1303 loquitur:

1918 1323 2006 1378 Ita
2026 1322 2169 1378 Deus
2191 1323 2376 1377 dilexit
2405 1325 2665 1378 mundum
2686 1362 2704 1389 ,
2748 1335 2805 1377 ut
2836 1321 3038 1379 Filium
3066 1326 3230 1393 ipsius
3264 1326 3511 1398 unigeni-

1918 1425 2029 1468 tum
2062 1415 2266 1470 dederit
2288 1454 2305 1481 ,
2332 1424 2390 1469 ut
2421 1416 2595 1470 omnis
2635 1415 2800 1483 quiin
2836 1432 2954 1471 eum
2990 1418 3303 1484 crediderit,
3344 1420 3506 1473 vitam

1916 1506 2182 1571 possideat
2214 1516 2464 1562 wternam
2511 1506 2577 1562 “.
2624 1506 2887 1577 Quisquis
2934 1508 3097 1579 igitur
3133 1513 3193 1573 r14
3222 1518 3344 1579 post
3388 1508 3505 1564 haec

1918 1598 2230 1654 testimonia
2266 1599 2607 1671 progenitum
2635 1600 2787 1655 illum
2820 1600 2888 1656 de
2914 1614 3021 1656 non
3044 1602 3302 1667 entibus,
3346 1611 3403 1659 et
3435 1617 3506 1657 ex

226 1709 340 1752 non
368 1702 497 1749 ente
553 1692 873 1762 productam
939 1690 1291 1748 aﬂirmaverit
1331 1699 1660 1752 creaturam,
1704 1689 1871 1745 istum
1911 1691 2145 1759 Filium;
2222 1708 2417 1750 nomen
2473 1696 2524 1750 ei
2602 1696 2804 1751 nudum
2872 1696 3248 1751 tantummodo
3312 1694 3503 1767 largiri

228 1784 673 1855 deprehenditur,
722 1798 911 1840 revera
965 1792 1143 1839 autem
1176 1780 1372 1838 Filium
1427 1796 1568 1850 esse,
1608 1795 1927 1854 pernegare.
1962 1785 2097 1840 Nam
2142 1787 2233 1857 qui
2296 1786 2364 1841 de
2422 1802 2527 1841 non
2599 1786 2988 1844 exsistentibus
3026 1795 3321 1858 generatus
3376 1802 3504 1855 est,

226 1883 278 1943 is
307 1894 459 1942 certe
485 1883 576 1939 Dei
603 1880 778 1939 Filius
815 1896 939 1939 esse
974 1894 1164 1937 revera
1208 1878 1397 1951 nequit
1427 1896 1444 1935 :
1476 1894 1584 1936 non
1628 1881 1805 1950 magis
1842 1896 2004 1952 quam
2044 1882 2260 1953 quidvis
2284 1883 2436 1938 aliud
2466 1892 2733 1939 creatum.

903 1975 1061 2029 ΚΕΦ.
1091 1974 1149 2028 I'.

228 2068 351 2122 Ὀτι
374 2069 561 2137 μόνος
594 2067 661 2121 ἐκ
693 2067 799 2122 τοῦ
830 2067 1060 2135 Πατρός
1088 2067 1398 2137 γεννηθείς
1432 2068 1673 2135 εἰκότως
1710 2070 1811 2124 καί

295 2138 446 2205 Θεὸς
491 2139 588 2193 καί
628 2138 967 2209 μονογενὴς
1026 2138 1155 2205 Υἱὸς
1194 2140 1382 2209 μόνος
1424 2139 1607 2205 αὐτὸς
1638 2141 1813 2195 ἀνεί-

372 2225 486 2261 ται.

372 2225 486 2261 ται.

282 2225 409 2367 ῗέἹ)
447 2301 504 2353 Ὀ
532 2300 576 2353 δ’
602 2298 817 2369 ἀληθῶς
852 2298 977 2363 Υίὸς
1004 2298 1099 2352 τοῦ
1130 2301 1265 2353 Θεοῦ
1302 2298 1363 2365 ὲξ
1404 2299 1583 2355 αὐτοῦ’
1612 2300 1709 2355 ἅτε
1745 2299 1809 2371 δὴ

217 2391 285 2445 ἐκ
307 2392 518 2463 Πατρὸς
546 2392 883 2463 ἀποτεχθεὶς,
910 2392 1133 2455 εἰκότως
1156 2392 1248 2445 καὶ
1264 2393 1565 2464 Ἀγαπητὸς
1598 2394 1690 2445 καὶ
1707 2393 1813 2447 Μο-

217 2486 445 2554 νογενὴς
496 2485 883 2556 χρηματίζειεν
912 2484 979 2538 ἂν
1009 2482 1105 2538 τοῦ
1151 2484 1393 2557 Πατρός·
1436 2484 1577 2538 οὕτω
1616 2485 1671 2538 δὲ
1716 2486 1810 2538 καὶ

216 2576 351 2640 Θεὸς
382 2576 446 2631 ἂν
468 2578 552 2647 ετη
585 2576 717 2648 ('58).
748 2576 813 2629 Τί
840 2576 949 2649 γὰρ
982 2576 1048 2630 ἂν
1074 2576 1285 2645 γένοιτο
1312 2576 1446 2630 Θεοῦ
1470 2577 1716 2647 γέννημα
1730 2575 1810 2647 τῷ

216 2670 571 2739 γεγεννηκότι
604 2667 1075 2740 ἀφωμοιωμένον;
1128 2662 1325 2735 Κτίζει
1358 2668 1458 2740 μὲν
1499 2665 1594 2724 οὖν
1651 2669 1806 2739 βασι-

215 2758 341 2822 λεὺς
363 2759 538 2822 πόλιν,
564 2758 680 2812 ἀλλ’
704 2758 765 2810 οὑ
794 2758 960 2829 γεννᾷ
985 2757 1140 2810 πόλιν
1162 2775 1175 2788 ο
1213 2760 1409 2830 γεννᾷν
1435 2758 1491 2813 δὲ
1522 2759 1659 2824 υἱὸν,
1693 2758 1805 2811 ἀλλ’

213 2850 277 2904 οὑ
305 2852 509 2916 κτίζειν
536 2850 759 2918 λέγεται
781 2866 795 2880 ο
831 2852 925 2903 καὶ
951 2851 979 2901 ὸ
1012 2849 1340 2922 δημιουργὸς
1370 2850 1644 2921 τεχνίτης,
1687 2848 1803 2902 ἀλλ’

216 2944 339 3014 οὐχὶ
366 2943 548 3014 πατὴρ
587 2942 781 3009 γένοιτ’
824 2941 890 2995 ἂν
920 2940 1015 2993 τοῦ
1061 2943 1198 3013 πρὸς
1240 2943 1399 2996 αὑτὸν
1445 2943 1806 3013 δημιουργου-

218 3037 382 3107 μένου
402 3050 416 3065 ’
456 3034 551 3088 τοῦ
583 3034 629 3088 δ’
659 3032 718 3101 ἐξ
743 3031 907 3088 αὑτοῦ
931 3032 1128 3100 φύντος
1160 3031 1279 3086 υίοῦ
1311 3035 1411 3087 οὑκ
1440 3033 1507 3088 ἂν
1539 3034 1803 3105 δημιουρ-

211 3130 311 3199 γὸς
353 3129 593 3200 λεχθείη.
629 3129 739 3182 Καὶ
771 3127 836 3199 δὴ
879 3127 974 3180 καὶ
1004 3127 1034 3180 ό
1080 3126 1189 3180 τῶν
1218 3126 1355 3181 ὅλων
1381 3127 1513 3192 Θεὸς
1562 3127 1656 3180 τοῦ
1708 3128 1804 3198 μὲν

212 3222 347 3276 Υίοῦ
376 3221 586 3293 Πατὴρ,
617 3219 712 3273 τοῦ
752 3219 809 3272 δὲ
854 3219 1060 3290 κόσμου
1086 3218 1311 3290 κτίστης
1353 3217 1420 3272 ἂν
1453 3220 1675 3282 εἰκότως
1709 3219 1803 3271 καὶ

2607 1980 2715 2035 AP.
2762 1977 2831 2034 Χ.

2607 1980 2715 2035 AP.
2762 1980 2831 2034 Χ.

1917 2071 2071 2139 Quod
2108 2088 2227 2127 cunt
2253 2073 2397 2128 solus
2422 2074 2490 2127 sit
2508 1980 2763 2127 deCPatre
2795 2073 3123 2143 progenitus,
3146 2074 3335 2128 merito
3353 2074 3501 2130 solus

1982 2167 2178 2220 dicitur
2206 2166 2315 2235 ipse
2340 2176 2386 2221 et
2411 2165 2572 2230 Deus,
2602 2178 2649 2220 et
2678 2162 3020 2237 Unigeuitus,
3046 2175 3203 2236 atque
3234 2163 3435 2220 Filius.

1986 2302 2088 2372 Qui
2128 2304 2424 2360 secundum
2465 2304 2755 2359 veritatem
2792 2302 2891 2359 Dei
2928 2302 3099 2359 Filius
3140 2312 3259 2367 est,
3303 2300 3372 2358 de
3403 2302 3497 2359 illo

1912 2397 2017 2452 hoc
2042 2406 2148 2463 est,
2180 2396 2247 2452 de
2276 2396 2436 2451 Patre
2465 2397 2705 2466 genitus,
2732 2395 2861 2466 quid
2884 2398 3082 2450 mirum
3109 2395 3153 2451 si
3178 2393 3500 2453 etDilectus

1912 2491 2117 2553 audiat,
2163 2500 2217 2545 et
2243 2488 2419 2544 Patris
2474 2489 2559 2543 sui
2595 2486 2941 2560 Unigenitus,
2982 2488 3054 2543 ob
3112 2501 3275 2559 quam
3322 2488 3498 2559 ipsam

1910 2596 2132 2636 causam
2167 2591 2222 2639 et
2247 2582 2392 2636 Deus
2443 2580 2644 2635 fuerit?
2673 2580 2747 2635 De
2769 2579 2879 2635 Deo
2896 2580 3163 2650 siquidem
3187 2581 3317 2650 quid
3348 2583 3499 2637 aliud

1909 2674 2053 2744 gigni
2080 2674 2271 2743 possit,
2300 2686 2461 2743 quam
2499 2672 2643 2743 quod
2672 2673 2773 2742 ipsi
2805 2687 2903 2743 per
2935 2674 3121 2727 omnia
3162 2674 3237 2728 sit
3278 2673 3497 2728 similli—

1909 2766 2095 2820 mum?
2138 2764 2337 2821 Condit
2374 2764 2627 2834 equidem
2667 2764 2944 2819 civitatem
2988 2778 3108 2828 rex,
3163 2777 3270 2818 non
3312 2772 3497 2819 autem

1909 2857 2078 2927 gignit
2115 2856 2421 2921 civitatem;
2451 2857 2674 2928 gignere
2708 2869 2839 2910 vero
2871 2854 3037 2909 tilium
3059 2894 3075 2919 ,
3109 2870 3215 2909 non
3253 2855 3498 2912 condere

1907 2950 2108 3005 dicitur
2154 2968 2169 3007 :
2233 2948 2429 3003 artifex
2481 2948 2648 3003 etiam
2706 2956 3081 3010 constructor,
3146 2959 3495 3016 nequaquam

1909 3056 2043 3097 vero
2080 3050 2234 3112 pater
2265 3040 2383 3110 ejus
2425 3041 2533 3095 dici
2588 3040 2775 3107 debet,
2823 3039 2967 3109 quod
3003 3039 3316 3095 construxit
3348 3056 3364 3093 :
3400 3038 3495 3109 qui

1906 3132 2002 3186 ﬁlii
2037 3132 2182 3187 dese
2209 3131 2547 3202 progenerati
2590 3131 2842 3186 conditor
2885 3144 2993 3184 non
3036 3129 3365 3198 appellatur.
3408 3130 3495 3183 Ad

1907 3224 2159 3280 eumdem
2189 3224 2409 3279 modum
2436 3224 2816 3278 universorum
2844 3221 3147 3289 Deus,Filii
3180 3224 3264 3278 sui
3301 3221 3490 3287 Pater,

212 3316 445 3386 ποιητὴς
471 3313 699 3382 λέγοιτο.
728 3311 792 3364 Εἰ
819 3312 862 3365 δ’
889 3309 1037 3376 ἆπαξ
1064 3326 1167 3363 που
1191 3310 1285 3382 τῆς
1310 3310 1349 3362 Γ
1355 3311 1531 3382 ραφῆς
1558 3310 1800 3381 εὑρίσκει

1909 3315 2092 3368 mundi
2124 3313 2376 3369 conditor
2410 3312 2616 3381 optimo
2638 3311 2761 3381 jure
2788 3323 2843 3366 et
2868 3320 3216 3367 constructor
3246 3312 3493 3381 appella-

210 3422 295 3467 τις
316 3404 625 3475 εἰρημένον,
652 3403 867 3469 Κύριος
899 3400 1102 3455 ἐκτισέ
1121 3418 1198 3472 με
1216 3401 1413 3471 ἀρχὴν
1432 3401 1585 3455 ὁδῶν
1612 3401 1798 3455 αὑτοῦ

209 3499 297 3562 είς
337 3482 483 3564 ἔργα
518 3494 705 3547 αὐτοῦ
730 3532 745 3556 ,
786 3490 877 3545 τὸν
911 3490 1035 3545 νοῦν
1071 3495 1391 3545 ἐπισκοπεῖν
1425 3492 1527 3565 χρὴ
1565 3492 1658 3545 τοῦ
1708 3492 1797 3546 λό-

210 3603 330 3655 γου,
364 3586 424 3639 ὃν
483 3586 676 3657 μικρὸν
706 3586 929 3658 ὕστερον
960 3584 1293 3657 ὲκθήσομαι⁴
1350 3584 1485 3638 ἀλλὰ
1526 3586 1621 3655 μὴ,
1659 3584 1797 3638 κατὰ

209 3678 551 3750 Μάρκελλον,
581 3679 645 3731 ὲκ
683 3679 810 3749 μιᾶς
839 3677 1039 3743 λέξεως
1078 3678 1139 3730 τὸ
1170 3676 1505 3748 κυριώτατον
1533 3677 1631 3747 τῆς
1674 3677 1797 3729 Ἐκ-

211 3772 441 3842 κλησίας
472 3771 873 3842 παρασαλεὺειν
921 3771 1121 3840 δόγμαῖ
1154 3772 1424 3833 Κάκεῖνος
1468 3768 1598 3841 γὰρ,
1652 3768 1799 3837 ἅπαξ

208 3864 449 3926 ἀκούσας
488 3864 657 3932 Λόγον
691 3861 827 3917 εἶναι
856 3864 948 3917 τὸν
970 3862 1118 3926 Υίὸν,
1148 3858 1241 3914 ἐπὶ
1264 3860 1357 3915 τὸν
1381 3858 1666 3930 ἄνθρωπον
1699 3877 1798 3913 κα-

208 3954 485 4017 ταπεσὼν,
514 3955 614 4024 τὴν
643 3953 875 4024 ὕπαρξιν
898 3952 1077 4023 ὴθέτει
1104 3950 1291 4004 αὑτοῦ.
1326 3951 1419 4005 Ὃν
1447 3950 1511 4021 δὴ
1542 3951 1635 4004 καὶ
1660 3950 1797 4024 πρὸς

207 4046 373 4102 αὑτοῦ
396 4048 491 4099 καὶ
515 4046 650 4116 πρὸς
674 4045 767 4098 τοῦ
785 4043 996 4115 Πατρὸς
1018 4041 1461 4114 μαρτυρούμενον
1483 4038 1623 4095 εἶναι
1646 4041 1793 4106 Υίὸν,

208 4138 329 4201 πιῖις
360 4140 475 4201 τοῖς
514 4138 721 4201 λοιποῖς
748 4136 1025 4207 γεννητοῖς
1059 4132 1426 4204 παραϐάλλειν
1452 4133 1630 4200 ὅσιον;
1670 4132 1796 4196 Πῶς

206 4235 255 4289 δ’
286 4234 435 4289 ἔσται
471 4235 802 4305 Μονογενὴς,
830 4233 907 4304 τῷ
935 4230 1130 4303 πλήθει
1160 4231 1270 4285 τῶν
1300 4232 1598 4301 γεγονότων
1630 4248 1794 4284 συνα-

208 4328 609 4401 ριθμοὺμενος;
642 4328 753 4381 Καὶ
784 4325 888 4396 μὴν
923 4324 983 4389 se
1022 4323 1191 4393 αὑτῆς
1225 4324 1322 4394 τῆς
1354 4325 1725 4395 προσηγορίας
1768 4326 1797 4377 ὁ

210 4422 328 4485 υἱὸς
355 4421 453 4491 τὴν
482 4420 617 4491 πρὸς
657 4420 750 4472 τὸν
783 4417 995 4489 πατέρα
1034 4416 1267 4488 φυσικὴν
1304 4415 1488 4487 σχέσιν
1525 4417 1793 4488 παρίστη-

209 4527 301 4565 σιν
319 4527 332 4540 °
359 4509 436 4573 ὡς
469 4505 537 4562 αὖ
564 4509 724 4562 πάλιν
748 4508 810 4561 τὸ
846 4505 1126 4578 μονογενὲς
1164 4507 1335 4575 ὄνομα
1363 4506 1455 4558 καὶ
1484 4505 1577 4558 τοῦ
1605 4507 1795 4574 γένους

209 4602 538 4671 ἐφάπτεται,
569 4602 662 4653 καὶ
690 4600 788 4671 τῆς
819 4602 1122 4671 γεννήσεως
1149 4599 1338 4667 αὑτῆς,
1382 4598 1475 4651 καὶ
1513 4596 1606 4651 τοῦ
1636 4598 1794 4669 μόνον

1903 3414 2011 3459 tur.
2038 3404 2193 3471 Quod
2213 3405 2258 3460 si
2276 3403 2442 3458 semel
2469 3417 2565 3473 per
2586 3402 2894 3472 Scripturas
2912 3402 3224 3457 inveniatur
3247 3402 3488 3457 dictum:

1900 3498 2161 3552 Dominus
2212 3496 2449 3550 condidit
2498 3512 2577 3548 me
2619 3495 2937 3564 principium
2979 3496 3186 3550 viarum
3221 3495 3374 3565 ejus,
3418 3496 3492 3550 ad

1899 3606 2055 3659 opera
2093 3595 2208 3659 ejus
2242 3590 2310 3656 ⁸⁸,
2334 3588 2551 3658 penitus
2592 3589 2923 3642 sententiam
2957 3585 3077 3657 ejus
3123 3587 3275 3654 dicti,
3323 3602 3490 3659 quam

1896 3681 2056 3752 paulo
2089 3692 2211 3752 post
2239 3680 2592 3750 expositurus
2622 3693 2767 3744 sum,
2794 3679 3058 3734 debemus
3078 3678 3437 3750 introspicere
3470 3700 3484 3735 :

1898 3788 1997 3828 nec
2044 3773 2188 3843 quod
2239 3771 2495 3827 Marcello
2556 3778 2874 3841 usurpatum
2928 3769 3053 3835 fuit,
3107 3782 3332 3842 propter
3380 3772 3489 3829 hoc

1898 3863 2118 3918 unicum
2171 3863 2584 3927 testimonium,
2636 3861 3071 3918 ecclesiasticum
3145 3863 3485 3933 praecipuum

1896 3952 2090 4024 dogma
2111 3954 2457 4009 labefactare.
2478 3954 2573 4008 Ille
2587 3953 2729 4008 enim
2751 3968 2875 4009 cum
2898 3955 3197 4011 audivisset
3220 3956 3300 4011 vel
3315 3957 3485 4012 semel

1898 4047 2131 4113 positum
2176 4044 2371 4100 Filium
2433 4044 2672 4100 Verbum
2724 4045 3029 4109 nominari,
3086 4045 3155 4099 ad
3210 4043 3483 4101 humanas

1898 4138 2136 4191 rationes
2167 4135 2452 4204 delapsus,
2498 4134 2668 4204 ipsius
2702 4134 2863 4203 plane
2914 4132 3136 4189 sustulit
3177 4133 3483 4188 subsisten-

1897 4229 2047 4284 tiam.
2082 4227 2213 4283 Cum
2245 4228 2336 4298 qui
2374 4242 2470 4296 per
2495 4226 2763 4297 seipsum,
2790 4234 2844 4281 et
2869 4239 2966 4295 per
3000 4224 3180 4281 Patris
3208 4225 3482 4296 prolatum

1897 4319 2291 4383 testimonium,
2328 4316 2499 4373 Filius
2526 4326 2901 4386 usurparetur,
2932 4318 3037 4371 nisi
3069 4331 3340 4372 summam
3382 4332 3482 4388 per

1896 4412 2227 4481 impietatem
2278 4426 2404 4467 cum
2465 4409 2675 4465 caeteris
2733 4409 3000 4465 creaturis
3062 4424 3166 4466 nec
3223 4412 3481 4481 componi

1896 4503 2089 4557 debeat
2120 4516 2295 4572 neque
2314 4502 2641 4571 comparari.
2671 4499 2804 4555 Nam
2834 4514 2942 4570 quo
2968 4511 3125 4571 pacto
3155 4500 3481 4574 Unigenitus

1898 4591 2152 4662 appellari
2180 4600 2378 4662 queat,
2420 4592 2513 4661 qui
2550 4606 2673 4646 cum
2708 4590 3055 4647 multitudine
3083 4603 3482 4650 annumeratur

206 4690 371 4757 εἶναι,
411 4695 507 4747 καὶ
540 4693 831 4764 μηδέτερον
868 4689 1015 4762 αὑτῷ
1060 4691 1160 4761 τῆς
1202 4689 1447 4758 υἱότητος
1489 4691 1786 4747 κοινωνεῖν.

1904 4683 2308 4740 creaturarum?
2328 4684 2460 4738 Cum
2480 4684 2563 4738 vel
2586 4683 2653 4738 de
2675 4683 2910 4737 nominis
2933 4683 3105 4738 solius
3127 4686 3481 4753 usurpatione

221 4781 361 4837 Ἀλλ’
389 4780 598 4835 ἐοίκασι
619 4783 809 4835 ταὺτὸν
829 4781 1131 4853 Μαρκέλλῳ
1164 4778 1331 4842 πάθος
1352 4780 1674 4833 πεπονθέναι
1697 4781 1791 4834 καὶ

205 4872 375 4933 οὗτοι.
421 4878 479 4929 '0
514 4876 610 4947 μὲν
642 4874 751 4946 γὰρ
772 4875 879 4928 δέει
906 4875 1001 4927 τοῦ
1039 4874 1111 4945 μὴ
1145 4873 1238 4925 δύο
1267 4872 1430 4935 Θεοὺς
1462 4874 1654 4935 εἰπεῖν,
1690 4872 1790 4942 τὴν

204 4968 435 5040 ἄρνησιν
457 4968 551 5020 τοῦ
575 4967 702 5021 Υἱοῦ
730 4966 1115 5039 προύϐάλλετο,
1142 4965 1240 5035 τὴν
1266 4966 1561 5017 ὑπόστασιν
1583 4964 1789 5018 ἀθετῶν

205 5061 375 5118 αὑτοῦ
396 5077 409 5092 ο
439 5064 488 5114 oi
514 5062 588 5125 δὲ,
607 5060 699 5115 δύο
729 5060 907 5122 δόντες
929 5059 1274 5121 ὑποστάσεις,
1302 5058 1401 5127 τὴν
1436 5058 1532 5127 μὲν
1564 5057 1789 5127 ἀγέννη-

192 5168 323 5215 τον,
351 5151 451 5221 τὴν
500 5150 540 5202 δ’
571 5148 630 5212 ἐξ
660 5149 757 5201 οὐκ
790 5147 957 5201 ὄντων
1000 5147 1332 5208 κτισθεῖσαν,
1374 5148 1469 5198 ’ένα
1520 5146 1619 5215 μὲν
1654 5144 1787 5199 Θεὸν

193 5246 269 5314 ὑφ
289 5242 548 5295 ίστανται.
588 5242 645 5294 Ὁ
676 5240 732 5292 δὲ
773 5239 893 5303 mg
916 5240 1015 5293 οὑκ
1048 5238 1121 5291 ἐτ’
1152 5238 1352 5301 αὑτοῖς,
1386 5236 1507 5289 οὑδὲ
1540 5238 1781 5306 Μονογε-

1897 4777 2041 4831 ﬁlius
2077 4775 2379 4830 naturalem
2428 4776 2720 4847 quamdam
2765 4774 3011 4829 obtineat
3060 4776 3128 4830 ad
3172 4776 3478 4847 genitorem

1896 4881 2051 4922 suum
2088 4866 2426 4930 relationem,
2460 4880 2693 4936 cumque
2720 4880 2917 4921 nomen
2954 4865 3107 4931 illud,
3140 4867 3477 4937 unigenitus,

1897 4957 1965 5013 ad
1994 4973 2162 5027 genus
2193 4959 2463 5027 pertingat
2485 4998 2500 5023 ,
2551 4968 2607 5012 et
2652 4958 3056 5029 generationem
3083 4998 3099 5025 ,
3139 4958 3313 5013 solum
3352 4973 3480 5015 eum

1895 5050 2098 5105 indicet
2123 5060 2173 5105 et
2194 5050 2497 5104 solitarium
2535 5068 2548 5103 :
2578 5064 2680 5105 nec
2714 5050 2769 5105 in
2796 5050 3061 5112 ﬁliatione
3084 5064 3203 5117 sua,
3236 5064 3478 5120 quocun-

1893 5158 1999 5211 que
2041 5158 2163 5197 cum
2211 5143 2319 5197 alio
2370 5142 2803 5212 participantem.
2837 5143 2989 5207 mAt
3037 5143 3184 5198 enim
3224 5145 3479 5199 videntur

1893 5234 2052 5287 iidem
2081 5234 2169 5288 isti
2201 5250 2323 5289 cum
2349 5233 2600 5289 Marcello
2641 5235 2832 5290 eodem
2867 5235 3025 5304 plane
3054 5235 3215 5291 modo
3262 5233 3467 5291 affecti.

290 5410 348 5468 ᾗ
380 5404 475 5458 Ed.
505 5402 700 5467 Paris,
737 5417 891 5473 pagg.
917 5400 1006 5469 68,
1034 5402 1120 5457 69.
1201 5400 1245 5431 ⁸³
1274 5399 1428 5455 Joan.
1461 5415 1498 5465 ι,
1530 5398 1615 5453 18.
1691 5399 1736 5430 ⁵⁸
1762 5398 1801 5453 δε

1904 5439 1915 5452 .
1952 5412 2035 5462 Ill,
2074 5393 2154 5449 16.
2234 5395 2277 5424 ⁵⁸
2311 5392 2470 5447 Prov.
2498 5405 2618 5458 vm,
2654 5391 2746 5445 22.

272 5599 387 5666 ('56)
417 5598 816 5668 Προηγμένον.
846 5598 1031 5657 Recte.
1073 5598 1212 5651 male
1236 5609 1412 5653 autem
1439 5597 1493 5650 in
1528 5596 1779 5664 Socrate,

198 5669 641 5753 προηγούμενον,
676 5669 832 5753 forte.
863 5668 1235 5753 προαγόμενον
1270 5684 1307 5753 :_
1336 5669 1429 5723 sed
1458 5669 1627 5753 'hanc
1680 5683 1778 5753 np-

198 5737 379 5799 st'rant
403 5737 684 5793 lectionem
713 5737 1378 5809 tnalim.M.—Deinvulgo
1409 5737 1617 5806 γένοιτο
1646 5738 1775 5801 υἱός.

284 5810 396 5838 ΙΧἾὶ
437 5811 501 5838 'n
525 5809 574 5838 λ’
602 5808 834 5838 Annal...
907 5811 1156 5838 una-nilne!
1214 5811 1334 5838 Innh
1387 5810 1414 5838 Ᾱ
1447 5808 1490 5838 ἓν
1548 5807 1752 5838 ΑιῚ.¹..-...-

282 5810 397 5881 (57)
437 5811 501 5863 '0
522 5809 574 5862 δ’
598 5808 852 5877 άληθῶς.
906 5811 1159 5865 Socrates
1214 5808 1362 5878 legit,
1386 5810 1415 5861 ό
1447 5808 1490 5861 δ’
1546 5808 1774 5873 ἀλύτως,

198 5886 301 5939 sed
335 5883 511 5934 minus
545 5880 758 5933 sincera
803 5892 889 5933 est
918 5882 1061 5935 illius
1089 5881 1248 5935 lectio
1281 5895 1439 5953 quam
1467 5889 1668 5936 nostra.
1700 5878 1773 5934 M.

202 5985 271 5997 -—
321 5951 453 6008 Dein
478 5952 634 6008 vulgo
670 5950 764 6003 ἆτε
796 5949 874 6002 δέ.

202 5985 271 5997 --
321 5965 453 6008 ueni
478 5965 634 6019 vutgo
670 5966 764 6003 ατε
796 5965 874 6002 οε.

538 6042 1197 6105 Ps1n01..Gn.XXIV

1955 5598 2068 5670 (58)
2103 5592 2393 5674 Τίγὰρ-ἂν
2423 5600 2674 5674 γένοιτο.
2706 5598 2866 5651 Deest
2910 5612 3010 5674 vox
3063 5598 3271 5664 γένοιτο
3329 5597 3469 5674 apud

1884 5669 2162 5723 Soeratetn
2196 5672 2355 5734 male,
2388 5670 2479 5736 qui
2505 5678 2559 5723 et
2584 5677 2841 5723 nostram.
2860 5669 3467 5737 scripturamcorrigit.

1880 5738 2092 5811 legend.
2133 5741 2296 5811 enim,
2321 5739 2355 5811 ἢ
2384 5739 2466 5804 τὸ,
2491 5737 2571 5811 τῷ
2591 5738 2963 5811 γεγεννηκότι.
2995 5736 3285 5811 bis—Mox
3312 5741 3469 5811 vulgo

1881 5806 2011 5881 61311..
2049 5809 2307 5881 τεχνίτης
2328 5806 2384 5866 et
2415 5806 2568 5881 ὲκκλ.
2606 5806 3006 5881 παρασκεύειν
3037 5808 3215 5879 δόγμα
3248 5816 3303 5863 et
3333 5806 3468 5862 avet

1880 5879 1974 5933 καί
2008 5890 2061 5938 et
2095 5879 2617 5951 συναριθμοὺμενον.

3065 6038 3134 6095 :27
