4048 6480
621 408 726 462 845
1008 436 1033 469 χ

1278 404 1548 463 EUSEBH
1586 405 2064 464 CESARIENSIS
2102 407 2248 463 OPP.
2292 409 2473 463 PARS
2512 409 2597 464 IV.
2640 443 2707 453 —
2744 410 3166 468 DOGMATICA.
3743 420 3832 475 8“

624 526 741 580 Prae
795 534 932 578 metu
987 537 1216 592 namque
1249 523 1361 587 ille,
1414 540 1480 578 ne
1535 525 1671 579 duos
1722 526 1996 579 videretur
2043 524 2171 580 Deos

2280 525 2377 595 νὴς
2398 527 2568 591 ἔσται,
2598 526 2718 580 οὐδὲ
2745 528 2849 599 μὴν
2865 529 2998 600 (38')
3016 530 3235 600 Κύριος,
3256 530 3372 583 οὐδὲ
3386 531 3539 595 Θεὸς,
3566 535 3724 603 μηδὲν
3750 536 3835 605 μὲν

626 619 885 687 proﬁteri,
918 616 985 669 ad
1002 613 1123 668 Filii
1154 614 1419 683 processit
1454 616 1882 683 abnegationem,
1920 616 2168 684 hyposta-

628 711 727 763 sim
793 708 957 775 ipsius
1014 705 1319 759 iniiciando.
1376 706 1453 758 llli
1518 721 1649 759 vero
1705 722 1825 759 cum
1882 707 2179 759 concedant

635 778 1123 870 hypostases‘duas,
1150 810 1309 848 unam
1344 796 1656 864 ingenitam,
1692 803 1923 847 creatam
1955 794 2177 846 alteram

634 892 688 942 de
746 904 849 942 non
893 886 1313 947 exsistentibus,
1354 901 1516 939 unum
1566 886 1779 953 quidem
1847 884 2180 937 substituunt

627 980 811 1031 Deum.
839 980 906 1030 At
934 977 1330 1029 nullusinterea
1359 974 1459 1053 illis
1483 973 1648 1027 Filius
1664 973 1889 1027 habetur
1916 972 1967 1024 in
1996 988 2180 1026 nume-

624 1079 761 1134 rato,
790 1084 895 1123 non
935 1068 1274 1137 Unigeuitus,
1331 1080 1437 1120 non
1498 1064 1776 1126 Dominus,
1834 1079 1935 1115 non
1991 1064 2175 1115 Deus:

622 1176 795 1229 neque
823 1160 965 1214 enim
996 1159 1285 1228 quidquam
1318 1157 1515 1223 habet_,
1564 1156 1858 1209 secundum
1897 1167 2022 1218 eos,
2058 1168 2177 1207 cum

618 1265 843 1323 paterna
878 1252 1157 1305 divinitate
1205 1262 1485 1303 commune
1519 1264 1533 1299 :
1563 1250 1655 1300 sed
1698 1261 1791 1315 per
1821 1246 1997 1297 omnia
2030 1258 2178 1298 com-

621 1347 839 1415 ponitur
900 1358 1021 1397 cum
1056 1352 1425 1395 creaturarum
1472 1340 1624 1391 turba
1675 1338 1727 1390 in
1772 1339 1891 1401 hoc,
1935 1337 2074 1404 quod
2113 1336 2180 1390 de

622 1435 790 1490 nihilo
811 1434 1204 1504 procreabatur
1241 1450 1254 1483 :
1290 1432 1382 1485 sed
1407 1446 1508 1484 non
1535 1431 1597 1483 ad
1630 1431 1789 1482 istunt
1832 1428 2045 1482 modum
2076 1426 2177 1481 Ec-

622 1529 809 1583 clesia.
847 1525 980 1579 Nam
1020 1523 1210 1577 Filium
1244 1524 1333 1577 Dei
1369 1522 1624 1590 pradicat
1660 1522 1825 1575 Deum
1867 1520 2179 1573 Dominum-

622 1638 727 1692 que
751 1620 1027 1675 verissime
1049 1616 1247 1670 Filium
1272 1628 1393 1669 esse
1424 1628 1572 1679 eum,
1598 1622 1760 1681 atque
1789 1611 1956 1665 Deum
1985 1611 2175 1666 docet:

623 1733 728 1772 non
778 1714 1041 1769 communi
1104 1712 1333 1780 quadam
1380 1724 1501 1765 cum
1557 1709 1737 1762 multis
1781 1708 2027 1771 ratione,
2086 1705 2178 1775 qui

2285 617 2644 669 ὲπικοινωνῶν
2685 621 2749 688 τῇ
2786 620 2877 671 τοῦ
2920 620 3131 690 [ἰατρὸς
3169 620 3533 692 θεότητι,τοίς
3563 624 3619 676 δε
3652 625 3835 689 λοιποῖς

2285 708 2562 776 κτίσμασι,
2592 708 2712 768 καθ’
2739 710 2767 761 6
2795 710 2854 773 ἐξ
2893 712 2990 763 οὐκ
3026 712 3196 764 ὄντων
3231 714 3459 783 ὑπέστη,
3511 714 3837 784 παραϐαλλό-

2289 818 2462 869 μενος.
2512 801 2648 853 Ἀλλ’
2675 803 2771 871 οὐχ
2799 802 2967 864 οὕτως
2990 804 3022 872 ἡ
3070 802 3360 873 Ἐκκλησία
3383 822 3395 833 ·
3427 805 3518 857 τὸν
3542 806 3587 858 δ’
3620 808 3739 859 Υἰὺν
3757 807 3838 860 τοῦ

2284 890 2439 951 Θεοῦ,
2458 890 2587 943 Θεὸν
2618 894 2709 944 καὶ
2738 891 2937 961 Κύριον
2966 892 3349 965 ἀνακηρύττει,
3380 898 3471 947 καὶ
3495 897 3705 967 άληθῶς
3727 898 3839 949 Υἱὺν

2284 975 2420 1033 εἶναι
2452 982 2545 1033 καὶ
2570 981 2699 1034 Θεὸν
2732 983 2969 1036 διδάσκει
2998 1002 3008 1012 ·
3041 984 3101 1037 οὐ
3134 984 3273 1036 κατὰ
3311 987 3435 1049 τοὺς
3469 988 3696 1050 πολλοὺς
3725 990 3840 1052 τοὺς

2285 1070 2511 1142 ἐπίκλην
2530 1073 2922 1141 ὀνομασθέντας
2957 1076 3102 1139 υἱούς
3126 1093 3184 1128 τε
3218 1077 3309 1128 καὶ
3343 1077 3497 1141 θεοὺς
3518 1081 3643 1150 περὶ
3673 1074 3743 1133 ὧν
3770 1082 3840 1132 εἴ-

2289 1176 2464 1228 ρηται,
2506 1161 2643 1229 Ἐγὼ
2667 1159 2823 1215 εἶπα*
2865 1165 2998 1218 Θεοί
3042 1164 3212 1227 ἐστε,
3258 1166 3353 1218 καὶ
3402 1166 3523 1219 υἱοὶ
3572 1168 3843 1235 Ὑψίστου

2284 1248 2524 1314 πάντες,
2561 1250 2681 1302 καθ’
2711 1250 2738 1302 ὃ
2765 1250 2819 1302 δὲ
2858 1252 3017 1319 μόνος
3062 1252 3241 1315 αὐτὸς,
3283 1256 3312 1305 6
3353 1253 3414 1318 ἐξ
3451 1253 3616 1307 αὐτοῦ
3656 1272 3842 1325 γεννη-

2285 1337 2395 1402 θεὶς
2433 1340 2525 1391 τοῦ
2560 1342 2767 1412 Πατρὸς
2812 1346 2868 1395 ὲν
2918 1348 3097 1414 μορφῇ
3142 1345 3354 1415 ὑπῆρχε
3390 1346 3548 1409 Θεοῦ,
3592 1347 3754 1399 εἰκὼν
3800 1348 3842 1397 τ’

2283 1428 2349 1501 ἦν
2382 1433 2474 1486 τοῦ
2509 1433 2641 1486 Θεοῦ
2682 1434 2773 1487 τοῦ
2821 1436 3049 1507 ἀοράτου
3094 1440 3186 1491 καὶ
3244 1438 3591 1508 Πρωτότοκος
3638 1439 3844 1507 ἁπάσης

2284 1525 2531 1586 κτίσεως.
2572 1526 2659 1579 Διὸ
2702 1528 2791 1581 καὶ
2836 1530 2999 1598 τιμᾷν
3047 1531 3140 1583 καὶ
3173 1530 3349 1583 σέϐειν
3388 1530 3482 1583 καὶ
3529 1532 3845 1600 προσκυνεῖν

2287 1616 2443 1684 μόνον
2475 1617 2652 1682 αὑτὸν,
2685 1615 2769 1671 οἷα
2802 1621 3003 1693 Κύριον
3033 1621 3125 1675 καὶ
3147 1623 3392 1694 Σωτῆρα,
3426 1622 3521 1675 καὶ
3542 1620 3699 1687 Θεὸν,
3728 1621 3847 1675 tau-

2281 1707 2379 1776 τῆς
2410 1725 2474 1776 με
2482 1708 2698 1779 μὰΟηκα
2706 1729 2819 1781 μεν.

622 1808 1033 1865 denominantur
1080 1806 1178 1873 ﬁtii
1221 1813 1381 1873 atque
1440 1806 1546 1864 dii.
1627 1810 1811 1870 utpote
1854 1802 1921 1856 de
1978 1800 2171 1869 quibus
2210 1798 2407 1854 dicitur
2456 1821 2467 1855 :
2509 1804 2618 1874 Ego
2662 1809 2773 1861 dixi
2803 1823 2821 1860 :
2857 1808 2943 1862 Dii
2983 1812 3138 1876 estis,
3185 1821 3233 1864 et
3284 1810 3384 1878 ﬁlii
3455 1826 3630 1863 omnes
3690 1809 3849 1864 Altis-

618 1900 736 1955 stmi
776 1898 820 1929 ”
856 1912 871 1947 .'
902 1898 992 1950 sed
1027 1906 1184 1965 prout
1231 1910 1326 1964 par
1355 1904 1473 1947 erat
1510 1892 1656 1945 illum
1691 1892 1863 1945 solum
1907 1891 2044 1957 dici,
2082 1890 2171 1958 qui
2212 1891 2277 1945 de
2310 1891 2402 1946 illo
2425 1898 2815 1962 procreabatur
2842 1900 3055 1967 'Patre,
3116 1902 3205 1970 qui
3265 1903 3319 1955 in
3363 1901 3539 1955 forma
3574 1900 3672 1955 Dei
3704 1903 3847 1954 exsi-

619 1995 797 2051 stebat
837 2010 847 2044 :
887 2000 942 2046 et
966 1991 1140 2060 imago
1167 1989 1342 2042 fuerat
1371 1986 1655 2039 invisibilis
1696 1984 1829 2048 Dei,
1862 1982 2259 2053 Primogenitus
2303 1986 2567 2041 universa:
2625 2002 2905 2047 creaturae.
2973 1984 3234 2061 Quocirca
3296 1992 3363 2047 ab
3403 1992 3644 2047 Ecclesia
3673 1992 3847 2048 edocti

618 2106 802 2145 sumus
856 2089 1003 2143 illum
1069 2084 1237 2141 solum
1301 2082 1523 2145 colere,
1585 2079 1874 2144 venerari,
1947 2079 2209 2145 adorare,

615 2184 832 2239 existat.

1259 2273 1417 2329 CAP.
1446 2270 1535 2325 Xl.

616 2369 772 2434 Quod
788 2367 1020 2422 Ecclesia
1052 2379 1212 2417 unum
1236 2375 1483 2434 agnoscat
1512 2369 1557 2415 et
1586 2370 1764 2434 notum
1800 2358 1962 2434 faciat
1984 2358 2169 2422 Deum,

664 2440 800 2492 .licet
847 2453 1010 2505 nuper
1056 2429 1323 2488 admiserit
1374 2433 1524 2486 illaut
1574 2431 1837 2500 formam,
1906 2429 2046 2484 Deus
2110 2435 2174 2483 de

686 2507 817 2562 Deo.

686 2601 839 2668 Quod
870 2600 916 2655 ai
946 2608 1130 2652 autem
1167 2604 1479 2662 vereantur,
1510 2610 1577 2651 ne
1604 2597 1737 2650 duos
1762 2593 1898 2649 Deos
1933 2607 2173 2663 pronun-

618 2697 778 2749 tiasse
810 2692 1080 2752 videatur,
1106 2688 1281 2742 sciant
1310 2695 1545 2755 oportet,
1575 2686 1717 2753 quod
1750 2693 2022 2753 utcunque
2046 2682 2173 2736 licet

614 2782 809 2836 Filium
842 2780 1195 2849 proliteamur
1214 2775 1403 2841 Deum,
1429 2791 1566 2829 unus
1591 2784 1796 2839 tamen,
1833 2783 2021 2829 nostra
2050 2788 2171 2830 sen-

614 2875 804 2937 tentia,
848 2874 985 2925 Deus
1016 2871 1085 2924 sit
1112 2887 1125 2921 :
1163 2868 1253 2922 ille
1283 2867 1558 2930 nimirum,
1591 2867 1682 2935 qui
1716 2866 1863 2920 solus
1907 2861 2171 2932 principio

613 2969 782 3021 caret,
826 2958 915 3026 qui
973 2956 1243 3024 ingenitus
1291 2972 1305 3021 ;
1354 2954 1448 3023 qui
1484 2954 1755 3021 propriam
1786 2968 1815 3005 a
1842 2967 1901 3006 se
1931 2949 2171 3021 possidet

613 3049 944 3104 divinitatem
975 3085 990 3111 ,
1025 3047 1114 3115 qui
1157 3045 1256 3113 ipsi
1292 3045 1512 3111 insuper
1544 3042 1680 3098 Filio
1706 3044 1999 3098 exsistendi
2038 3056 2167 3097 cau-

612 3156 748 3202 sam,
777 3150 831 3193 et
862 3139 1038 3192 taliter
1070 3137 1365 3192 exsistendi
1390 3135 1558 3190 dedit.
1580 3135 1685 3189 Per
1701 3149 1864 3204 quem
1895 3144 1950 3188 et
1996 3134 2168 3203 ipsum

615 3247 694 3293 se,
723 3230 891 3284 Filius
918 3227 1205 3283 conﬁtetur
1228 3228 1430 3291 vivere,
1463 3228 1551 3280 ubi
1586 3227 1683 3291 ait,
1719 3225 2169 3291 Quemadmodum

612 3338 693 3375 me
720 3323 861 3374 misit
890 3322 1059 3373 vivens
1099 3316 1261 3373 Pater
1290 3334 1308 3369 :
1345 3328 1393 3372 et
1438 3334 1530 3389 ego
1575 3320 1686 3373 vivo
1718 3335 1810 3388 per
1852 3316 2068 3372 Patrem
2100 3316 2165 3368 ⁸⁷.

613 3413 681 3465 Et
705 3410 1136 3481 quemadmodum
1167 3407 1331 3461 Pater
1355 3409 1504 3461 habet
1534 3409 1692 3462 vitam
1743 3410 1796 3460 in
1842 3408 2009 3475 διείρεο
2043 3423 2061 3460 ;
2095 3410 2170 3459 ita

617 3519 817 3571 quoque
866 3512 913 3554 et
958 3498 1103 3553 Filio
1160 3499 1300 3551 dedit
1351 3499 1537 3553 habere
1587 3500 1745 3552 vitam
1793 3500 1849 3552 in
1900 3499 2069 3566 seipso
2100 3498 2166 3551 ⁵⁸.

2278 2086 2461 2148 utpOte
2525 2083 2616 2152 qui
2684 2085 2966 2151 Dominus,
3042 2086 3322 2153 Servatur,
3373 2096 3427 2142 et
3489 2086 3637 2141 Deus
3705 2085 3847 2140 illius

2917 2270 3070 2323 ΚΕΦ.
3104 2270 3207 2329 IA'.

2275 2381 2461 2446 Ὅπως
2490 2383 2596 2436 ἕνα
2610 2382 2755 2435 Θεὸν
2776 2383 2813 2448 ἡ
2833 2384 3160 2451 Ἐκκλησιά
3176 2383 3452 2452 γνωρίζει,
3476 2400 3671 2435 καιτοι
3698 2382 3851 2437 Θεὸν

2585 2455 2651 2507 ἐκ
2686 2454 2831 2507 Θεοῦ
2872 2454 3021 2508 εἷναι
3054 2453 3521 2523 παριιδεχομένη.

2342 2592 2403 2643 Ei
2428 2592 2481 2644 δὲ
2520 2591 2681 2660 φόϐον
2718 2592 2898 2654 αὐτοῖς
2936 2594 3169 2663 ἐμποιεῖ,
3204 2594 3277 2663 μή
3308 2609 3380 2661 πη
3413 2590 3519 2660 ἄρα
3548 2590 3642 2642 δύο
3676 2591 3845 2652 Θεοὺς

2271 2682 2381 2752 (59)
2414 2682 2764 2755 ἀναγορεύειν
2789 2683 3015 2749 δόξαιεν,
3042 2685 3293 2747 ἴστωσαν,
3323 2684 3418 2746 ὡς,
3449 2684 3543 2735 καὶ
3580 2683 3678 2734 τοῦ
3715 2682 3842 2734 non

2271 2772 2407 2844 πρὸς
2438 2773 2596 2843 ἡμῶν
2626 2772 3049 2844 ὁμολογουμένου
3078 2773 3232 2836 Θεοῦ,
3270 2769 3347 2836 εἷς
3378 2774 3441 2827 ἂν
3468 2774 3683 2840 γένοιτο
3711 2771 3845 2835 Θεὸς

2273 2866 2458 2935 μόνος·
2495 2867 2697 2928 ἐκεῖνος
2726 2868 2754 2919 6
2787 2865 2943 2935 μόνος
2971 2866 3200 2937 ἄναρχος
3230 2868 3321 2919 καὶ
3350 2866 3665 2936 ἀγέννητος,
3692 2868 3721 2919 6
3748 2866 3847 2937 τὴν

2271 2956 2497 3025 θεότητα
2516 2956 2717 3009 οἰκείαν
2749 2956 3102 3025 κεκτημένος,
3131 2956 3279 3026 αὐτῷ
3310 2974 3369 3009 τε
3404 2956 3479 3027 τῷ
3509 2957 3626 3027 Υἱῷ
3659 2958 3759 3010 τοῦ
3782 2955 3849 3010 εἷ-

2271 3065 2381 3111 ναι,
2418 3048 2512 3100 καὶ
2544 3046 2635 3100 τοῦ
2665 3047 2853 3117 τοιῷδε
2875 3044 3033 3111 εἶναι,
3062 3048 3297 3115 γεγονὼς
3317 3046 3509 3111 αἴτιος,
3549 3048 3617 3100 δι’
3656 3049 3720 3101 6v
3754 3051 3849 3102 καὶ

2271 3139 2429 3201 αὐτὸς
2455 3141 2483 3191 ὁ
2513 3138 2638 3202 Υἱὸς
2662 3139 2913 3209 ὁμολογεῖ
2944 3138 3060 3210 ζῇν,
3096 3140 3350 3208 ἄντικρυς
3381 3139 3584 3206 λέγων·
3632 3142 3848 3205 Καθὼς

2269 3227 2588 3281 ἀπέστειλέ
2606 3244 2683 3296 με
2710 3231 2742 3281 ό
2775 3226 2885 3288 ζῶν
2914 3228 3133 3295 Πατὴρ,
3168 3229 3327 3297 κάγὼ
3355 3228 3426 3289 ζῶ
3463 3229 3559 3283 διὰ
3600 3231 3712 3283 τὸν
3732 3235 3850 3285 Παο

2270 3319 2426 3386 τέρα.
2470 3322 2577 3373 Καὶ
2611 3319 2813 3388 ὥσπερ
2842 3318 2952 3388 γὰρ
2988 3322 3023 3373 ό
3053 3319 3255 3387 Πατὴρ
3280 3320 3431 3386 ζωὴν
3453 3322 3579 3388 ἔχει
3609 3321 3684 3373 ἐν
3710 3322 3853 3375 ἑαυ-

2269 3411 2369 3476 τῷ,
2403 3411 2553 3463 οὕτω
2579 3412 2678 3464 καὶ
2704 3411 2783 3475 τῷ
2818 3410 2925 3476 Υιῷ
2954 3411 3136 3464 ἔδωκε
3170 3410 3322 3479 ζωὴν
3350 3411 3513 3479 ἔχειν
3534 3412 3604 3463 ἐν
3626 3412 3848 3476 ἐαυτῷ.

2269 3504 2357 3557 Διὸ
2386 3504 2478 3556 καὶ
2505 3504 2659 3573 ἡμῶν
2686 3505 2778 3559 καὶ
2802 3503 2994 3557 ἑαυτοῦ
3029 3504 3157 3556 Θεὸν
3188 3500 3322 3557 εἶναι
3354 3503 3591 3555 διδάσκει
3626 3504 3721 3556 τὸν
3745 3505 3855 3556 Πα-

613 3594 785 3658 Quam
814 3592 886 3665 pb
922 3606 1140 3647 causam
1202 3598 1442 3644 nostrum
1497 3588 1588 3644 ille
1619 3590 1786 3643 Deum
1838 3604 1958 3644 esse
2007 3590 2167 3644 docet

2276 3596 2402 3667 τέρα
2437 3598 2494 3648 ὲν
2542 3591 2621 3658 οἷς
2664 3613 2846 3666 φησιν’
2892 3595 3231 3665 Ἀνέρχομαι
3268 3595 3415 3661 πρὸς
3457 3594 3562 3646 τὸν
3608 3596 3855 3662 Πατέρα

616 3684 857 3747 Patrem,
883 3693 1042 3752 atque
1071 3696 1225 3736 suum
1267 3682 1456 3747 Deum,
1494 3682 1578 3735 ubi
1610 3682 1868 3749 loquitur,
1925 3680 2073 3734 Vado
2099 3684 2166 3734 ad

2276 3705 2387 3756 μου
2436 3687 2533 3740 καὶ
2570 3686 2799 3753 Πατέρα
2844 3685 3037 3754 ὑμῶν,
3086 3685 3181 3739 καὶ
3224 3687 3371 3738 Θεόν
3397 3703 3515 3752 μου
3560 3686 3661 3739 καὶ
3697 3688 3858 3741 Θεὸν

617 3772 831 3828 Patrem
860 3788 1051 3836 meum,
1084 3784 1127 3824 et
1158 3773 1369 3824 Patrem
1401 3783 1626 3825 vestrum
1661 3786 1677 3821 :
1723 3771 1887 3843 Deum
1921 3788 2089 3824 meum
2119 3782 2166 3823 et

2276 3778 2455 3848 ὑμῶν.
2489 3779 2595 3831 Καὶ
2628 3778 2865 3847 κεφαλὴν
2888 3778 2943 3829 δὲ
2973 3776 3134 3829 αὐτοῦ
3170 3777 3266 3846 μὲν
3293 3779 3385 3830 τοῦ
3410 3777 3537 3829 Υἱοῦ
3568 3778 3662 3830 τὸν
3689 3779 3854 3839 Θεὸν,

616 3866 782 3920 Deum
836 3880 1061 3918 vestrum
1081 3864 1125 3895 ⁸³
1157 3880 1169 3915 :
1198 3864 1291 3918 sed
1325 3872 1381 3918 et
1423 3873 1585 3933 caput
1615 3878 1828 3933 quoque
1875 3862 2000 3917 Filii
2050 3878 2167 3918 esse

2276 3872 2373 3939 τῆς
2403 3870 2447 3923 δ’
2484 3870 2804 3939 Ἐκκλησιας
2856 3868 2947 3921 τὸν
2972 3868 3096 3921 Υἱὸν
3141 3869 3169 3920 6
3208 3869 3379 3939 μέγας
3418 3868 3745 3933 Ἀπόστολος
3777 3872 3860 3924 δι-

616 3960 779 4013 Deum
812 3960 964 4011 docet
990 3957 1239 4011 Ecclesiae
1262 3962 1318 4019 ὦ
1355 3957 1633 4009 alumnum
1676 3971 1904 4024 magnus
1934 3957 2165 4025 Aposto-

2276 3961 2479 4023 δάσκει,
2528 3960 2657 4028 ἡμῖν
2703 3958 2901 4025 λέγων·
2950 3957 3192 4026 Κεφαλὴ
3243 3956 3311 4009 δὲ
3355 3956 3460 4010 τοῦ
3509 3959 3781 4024 Χριστοῦ
3826 3964 3858 4013 ό

614 4053 697 4105 lus
719 4052 808 4105 ubi
836 4052 931 4113 ait,
965 4051 1130 4119 Caput
1160 4060 1332 4101 autem
1366 4047 1580 4112 Christi,
1622 4048 1759 4100 Deus
1786 4059 1859 4101 est
1894 4048 1957 4102 °°.
2012 4048 2166 4103 Nunc

2277 4053 2448 4116 Θεός“
2484 4050 2559 4118 πῆ
2602 4049 2659 4102 δὲ
2702 4050 2827 4119 περὶ
2868 4047 2959 4101 τοῦ
3010 4046 3140 4100 Υἱοῦ
3186 4046 3439 4115 φάσκων
3495 4046 3604 4099 Καὶ
3653 4051 3859 4102 αὐτὸν

612 4144 807 4196 iterum
843 4143 908 4195 de
934 4140 1069 4194 Filio
1102 4126 1450 4208 prolocutus:
1490 4140 1654 4204 Atque
1686 4140 1855 4206 ipsum
1899 4141 2037 4192 dedit
2081 4158 2169 4193 ca-

612 4246 703 4304 put
746 4251 902 4302 super
935 4236 1130 4296 omnia,
1167 4233 1418 4285 Ecclesia:
1453 4248 1563 4286 sua:
1604 4248 1718 4299 qua:
1749 4243 1821 4284 est
1868 4249 2055 4300 corpus
2085 4234 2167 4300 ip-

610 4330 718 4380 sius
748 4325 814 4359 ⁶⁰⁹
846 4323 1137 4389 Quocirca,
1156 4320 1414 4391 princeps
1436 4316 1524 4370 hic
1543 4314 1801 4373 Ecclesia:
1817 4328 1870 4374 et
1888 4322 1995 4375 dux
2022 4321 2167 4375 dica-

613 4430 740 4473 tur:
782 4428 941 4488 caput
973 4430 1151 4471 autem
1182 4416 1341 4483 hujus
1376 4417 1481 4468 erit
1506 4416 1666 4467 l’ater
1712 4432 1725 4466 :
1777 4415 1848 4466 ita
1895 4429 2033 4467 unus
2071 4415 2170 4468 iste

2270 4145 2453 4197 ἔδωκε
2506 4140 2775 4210 κεφαλὴν
2811 4139 2963 4208 ὑπὲρ
2990 4140 3184 4192 πάντα
3223 4138 3293 4205 τῇ
3334 4139 3678 4205 Ἑκκλησίᾳ,
3716 4140 3860 4208 ἥτις

2270 4236 2401 4288 ἐστὶ
2438 4235 2502 4286 τὸ
2538 4231 2705 4301 σῶμα
2733 4232 2937 4285 αὑτοῦ.
2973 4229 3180 4284 Οὐκοῦν
3220 4229 3320 4299 τῆς
3370 4229 3467 4299 μὲν
3513 4230 3859 4299 Ἐκκλησίας

2272 4326 2430 4387 αὐτὸς
2462 4324 2569 4392 (40)
2604 4323 2839 4395 ἀρχηγὸς
2880 4324 2945 4376 ἂν
2995 4322 3102 4392 εἴη,
3135 4324 3227 4374 καὶ
3262 4321 3466 4391 κεφαλὴ
3502 4321 3556 4373 δὲ
3596 4324 3777 4377 αὑτοῦ
3831 4328 3861 4376 ὁ

2272 4417 2479 4486 Πατήρσ
2507 4408 2657 4477 οὗτος
2684 4409 2763 4475 εἷς
2796 4412 2927 4475 Θεὸς
2952 4415 2979 4465 6
3001 4412 3091 4463 τοῦ
3134 4412 3451 4480 μονογενοῦς
3474 4411 3601 4464 Υἱοῦ
3626 4413 3861 4485 Πατὴρ,

613 4511 751 4563 Deus
776 4520 830 4563 et
858 4510 1050 4563 unicus
1080 4508 1242 4561 fuerit
1275 4508 1367 4575 qui
1401 4518 1483 4559 est
1518 4505 1676 4558 Pater
1705 4505 1825 4558 Filii
1874 4506 2166 4573 unigeniti:

2276 4508 2369 4559 καὶ
2413 4508 2507 4576 μία
2538 4508 2568 4575 ἡ
2604 4506 2693 4558 καί
2724 4503 2813 4557 τοῦ
2842 4504 3007 4557 αὑτοῦ
3041 4504 3132 4555 τοῦ
3165 4503 3398 4573 Χριστοῦ
3435 4504 3663 4575 κεφαλή.
3697 4507 3860 4570 Μιᾶς

611 4604 827 4655 unicum
858 4602 1020 4654 etiam
1051 4608 1215 4667 caput
1248 4599 1415 4665 ipsius
1447 4597 1669 4651 Christi.
1697 4595 1831 4649 Cum
1877 4610 2008 4648 vero
2048 4596 2168 4649 uni-

612 4708 734 4745 cum
770 4692 839 4744 sit
860 4689 1206 4758 principium,
1237 4696 1401 4755 caput
1430 4688 1593 4740 etiam
1644 4685 1865 4737 unicum
1919 4684 2009 4748 sit,
2039 4698 2163 4751 quo-

614 4785 772 4836 modo
800 4783 888 4835 ﬁet
910 4793 967 4835 ut
993 4782 1101 4836 sint
1131 4781 1235 4834 duo
1288 4779 1389 4842 Dii,
1439 4788 1493 4832 et
1531 4794 1633 4831 non
1669 4793 1829 4841 unus,
1859 4793 2049 4847 nempe
2079 4778 2165 4831 ille

608 4875 776 4939 solus,
805 4874 895 4941 qui
924 4872 1127 4926 nullum
1156 4886 1212 4925 se
1246 4870 1577 4937 superiorem
1630 4869 1824 4922 habet:
1859 4870 1945 4923 cui
1986 4870 2162 4923 nullus

608 4966 745 5020 alius
792 4980 1010 5019 causam
1062 4962 1389 5018 subsisteudi
1440 4961 1703 5015 contulit?
1749 4963 1865 5030 qui,
1908 4973 1965 5015 ut
2004 4977 2160 5016 suum

609 5056 1442 5129 peculiumquoddam,deitatem
1471 5054 1903 5123 inprincipiatam
1922 5064 1976 5107 et
2005 5055 2157 5124 inge-

682 5221 740 5277 »Β
787 5214 881 5265 Ed.
915 5210 1111 5278 Paris,
1142 5227 1263 5282 pag.
1290 5212 1376 5265 70.
1454 5212 1498 5242 "
1530 5210 1666 5266 Psal.
1697 5228 1881 5278 uxxr,
1910 5213 1961 5268 6.

619 5318 694 5360 χι,
727 5298 813 5354 5.⁴
857 5301 924 5331 ⁶⁰⁶
952 5300 1149 5370 Ephes.
1181 5322 1221 5371 ι,
1250 5303 1339 5369 22,
1374 5299 1465 5360 9-5.

678 5465 807 5535 (58")
844 5466 1008 5535 Vulgo
1040 5466 1138 5536 μέν
1172 5479 1224 5522 et
1250 5469 1459 5538 ὑπῆρχε
1494 5466 1587 5519 τοῦ
1620 5465 1752 5519 Θεοῦ
1795 5476 1850 5521 et
1913 5467 2162 5539 μεμάθη-

607 5553 787 5671 3M(’69)
823 5606 1187 5675 Διαγορεύειν
1234 5606 1422 5671 δόξαι,
1475 5608 1830 5661 ὲνίστωσαν.
1884 5606 2050 5675 Lege,
2113 5616 2169 5661 et

610 5674 895 5741 distingue,
926 5674 1172 5744 δόξαιμεν
1193 5694 1205 5707 °
1233 5677 1549 5732 ἐνέστωσαν.
1577 5677 1646 5730 Μ.
1673 5674 1993 5743 -Δόξαιενί,
2018 5679 2171 5730 ἵστω-

614 5760 711 5794 στιν
726 5746 866 5805 rod.;
900 5747 1020 5796 dein
1049 5748 1201 5818 vulgo
1227 5746 1418 5818 μὲςῶν
1450 5759 1504 5807 et
1534 5767 1587 5805 κ.
1617 5748 1802 5819 ὥσπερ
1827 5751 1853 5802 6
1884 5750 2077 5818 Πατήρ
2109 5757 2161 5804 et

612 5812 845 5881 κεφαλὴν
870 5814 963 5882 μὲν
990 5832 1037 5867 τ.

2039 5218 2255 5276 “'Joan.

2272 4599 2325 4651 δὲ
2358 4598 2518 4667 οὔσης
2540 4598 2710 4667 ἀρχῆς
2731 4613 2789 4648 τε
2820 4597 2911 4649 καὶ
2938 4595 3193 4665 κεφαλῆς,
3222 4595 3338 4658 πῶς
3364 4597 3429 4649 ἂν
3457 4597 3701 4663 γένοιντο
3723 4599 3862 4652 Θεοὶ

2271 4690 2382 4754 δύο,
2412 4692 2529 4761 οὐχὶ
2560 4690 2615 4742 δὲ
2660 4684 2741 4751 εἷς
2780 4690 2984 4751 ἐκεῖνος
3032 4688 3209 4757 μόνος,
3246 4690 3274 4740 6
3303 4689 3502 4758 μηδένα
3543 4689 3856 4762 ἀνώτερον,

2275 4782 2405 4852 μηδὲ
2438 4781 2624 4833 ἑαυτοῦ
2657 4782 2824 4833 αἴτιον
2857 4779 3040 4848 ἕτερον
3063 4779 3528 4849 ὲπιγραφόμενος;
3556 4781 3770 4833 οἰκεῖον
3799 4784 3861 4837 δὲ

2272 4876 2363 4927 καὶ
2390 4876 2641 4943 ἄναρχον,
2672 4874 2764 4926 καὶ
2789 4872 3077 4945 ἀγέννητον
3104 4872 3202 4939 τῆς
3232 4870 3563 4941 μοναρχικῆς
3588 4871 3861 4937 ἐξουσίας

2270 4967 2365 5039 τὴν
2387 4967 2611 5035 Οεὸτητα
2635 4964 2989 5035 κεκτημένος,
3015 4964 3105 5016 καὶ
3124 4964 3199 5032 τῷ
3226 4964 3340 5033 Υἰῷ
3359 4964 3454 5034 τῆς
3488 4964 3685 5017 ἑαυτοῦ
3722 4966 3860 5019 θεό-

2270 5060 2424 5131 τητὸς
2460 5078 2518 5111 τε
2552 5060 2645 5111 καὶ
2671 5057 2815 5127 ζωῆς
2842 5056 3121 5127 μεταδοὺς,
3152 5059 3179 5109 6
3211 5056 3267 5110 δὲ
3300 5058 3463 5109 αὑτοῦ
3499 5057 3569 5109 τὰ
3592 5057 3863 5127 σύμπαν-

2287 5220 2464 5287 vn,57.
2542 5219 2588 5248 ⁵⁸
2617 5216 2958 5281 Joan.v,26.
3031 5216 3074 5247 ’θ
3104 5214 3259 5269 Joan.
3288 5233 3380 5279 υ,
3418 5216 3503 5268 17.
3554 5215 3600 5245 ⁸⁸
3655 5209 3675 5263 1
3717 5210 3873 5273 Cor.

2342 5468 2453 5538 (ΔΟ)
2499 5470 2777 5545 Ἀρχητὸς
2807 5468 2881 5521 ἂν
2925 5470 3033 5534 εἴη.
3066 5468 3225 5545 ξοτιθ
3254 5469 3424 5545 deest.
3458 5472 3552 5545 καὶ
3604 5474 3855 5545 κεφαλή.

2272 5538 2403 5592 Nam
2430 5552 2717 5609 caputest,
2748 5542 2813 5591 de
2864 5552 2969 5605 quo
3009 5538 3183 5591 ταῦτα
3232 5539 3470 5609 στρέφει,
3515 5541 3648 5595 latet
3685 5538 3861 5599 'fort'e

2274 5610 2579 5662 arianizans
2608 5607 2697 5661 hic
2728 5608 3025 5671 Eusebius,
3070 5610 3219 5662 hisce
3268 5607 3414 5662 enim
3470 5620 3525 5662 et
3566 5613 3861 5669 similibus

2276 5680 2593 5753 testimoniis
2622 5678 2906 5753 utebantur
2936 5678 3103 5753 illi,et
3124 5677 3319 5753 Filium
3352 5678 3464 5753 Dei,
3484 5681 3857 5753 ἄναρχονγηε-

2275 5748 2490 5821 nabant,
2527 5758 2581 5802 et
2626 5748 2812 5821 ἀΐδιον.
2849 5746 2921 5799 Μ.
2952 5778 3015 5789 -—
3047 5748 3177 5805 Dein
3204 5750 3363 5819 vulgo
3391 5751 3423 5821 ἡ
3456 5751 3549 5803 τοῦ
3580 5746 3753 5807 dii-e06
3794 5765 3861 5809 et

2277 5818 2482 5884 γένοιτο
2516 5828 2569 5873 et
2594 5819 2712 5887 οὐχὶ
2742 5815 2839 5881 εἷς.
