4048 6486
242 431 355 491 855

1264 424 1352 480 DE
1388 420 1916 481 ECCLESIASTICA
1957 416 2355 475 THEOLOGIA
2395 416 2526 472 LIB.
2565 415 2611 470 I.

3409 407 3505 464 διε

238 564 311 602 τα
356 546 467 619 (Η)
522 546 993 616 ὑποστησάμενος·
1056 545 1085 594 6
1135 539 1480 594 ἀποστέλλων
1542 538 1732 590 αὐτόν·
1796 538 1824 589 6

1935 543 2172 589 aeratam
2206 547 2328 588 cum
2361 530 2708 586 monarchica
2745 536 3017 599 potestate
3072 541 3326 598 suprema
3381 540 3512 598 pos-

239 637 598 710 προστάττων
644 635 815 705 αὐτῷ,
863 636 891 687 6
935 632 1341 702 ὲντελλόμενοςσ
1403 632 1434 682 6
1468 629 1761 682 διδάσκων·
1797 629 1826 680 6

241 725 424 779 πάντα
455 723 604 794 αὐτῷ
630 722 978 794 παραδιδοὺς,
1019 723 1047 773 6
1079 720 1315 785 δοξάζων
1356 720 1550 772 αὐτόν·
1592 721 1619 772 6
1657 719 1824 789 ὑπερ-

240 818 394 888 υψῶν
413 836 428 849 ·
461 818 490 869 6
520 815 804 879 ἀναδείξας
829 814 1052 884 βασιλέα
1083 813 1190 866 τῶν
1213 812 1348 865 ὅλων
1368 829 1381 842 ·
1415 814 1442 864 6
1472 813 1650 864 πᾶσαν
1678 811 1826 880 αὐτῷ

238 909 341 980 τὴν
372 909 553 978 κρίσιν
579 905 943 976 παραδιδούς
988 906 1016 956 6
1069 905 1156 958 καὶ
1182 905 1328 973 ἡμᾶς
1361 903 1506 974 αὑτῷ
1547 901 1825 955 πείθεσθαι

241 1000 595 1071 βουλόμενοςσ
629 1000 658 1050 6
689 998 780 1050 τὸν
813 999 870 1049 ὲν
892 996 1040 1066 δεειᾷ
1071 998 1170 1066 τῆς
1205 994 1676 1065 μεγαλοπρεπείας
1729 994 1827 1045 αὑ-

236 1090 335 1145 τοῦ
372 1090 620 1160 κατέχειν
663 1089 850 1160 Θρόνον
879 1088 1327 1159 ὲγκελευόμενος;
1372 1088 1430 1138 ἐν
1461 1086 1539 1156 τῷ
1573 1103 1826 1156 προσφω-

239 1185 356 1238 νεῖν
387 1182 536 1253 αὐτῷ
567 1183 658 1236 καὶ
701 1183 880 1250 λέγειν
900 1201 914 1212 ·
950 1181 1146 1235 Κάθου
1172 1181 1239 1233 ἐκ
1266 1178 1482 1243 δεξιῶν
1511 1195 1651 1248 μουο
1682 1181 1710 1230 6
1739 1178 1826 1230 διὰ

240 1272 418 1327 ταῦτα
454 1274 652 1338 πάντα,
687 1273 782 1326 καὶ
817 1272 981 1327 αὐτοῦ
1025 1271 1286 1342 ὑπάρχων
1319 1271 1413 1324 τοῦ
1445 1270 1573 1324 Υἱοῦ
1599 1270 1751 1333 Θεὸς,
1783 1262 1827 1336 ᾧ

242 1365 564 1435 πειθόμενος
593 1367 622 1419 6
653 1363 960 1434 Μονογενὴς
981 1362 1146 1418 αὐτοῦ
1180 1366 1331 1426 παῖς,
1364 1363 1664 1416 ἐκένωσεν
1688 1362 1825 1416 ἐαυ-

239 1456 371 1520 τὸν,
403 1456 806 1511 ἐταπείνωσεν
828 1455 1064 1519 ἑαυτὸν,
1095 1454 1332 1525 μορφὴν
1347 1454 1571 1508 δούλου
1589 1455 1828 1520 ἀνείλη-

239 1563 379 1616 φεν,
403 1546 673 1613 ὑπήκοος
697 1545 872 1616 μέχρι
894 1546 1153 1601 θανάτου
1179 1544 1447 1616 γέγονεν’
1468 1537 1513 1612 ᾧ
1540 1545 1633 1598 καὶ
1657 1561 1826 1615 προσ-

240 1637 485 1710 εύχεται,
512 1633 556 1706 ᾧ
581 1638 852 1692 κελεύοντι
879 1637 1152 1691 πείθεται·
1188 1630 1232 1705 ᾧ
1266 1638 1362 1689 καῖ
1388 1637 1732 1707 εὐχαριστεῖ·
1769 1633 1826 1687 6v

239 1733 339 1786 καὶ
403 1731 562 1802 μόνον
608 1729 858 1802 ἀληθινὸν
910 1729 1043 1782 Θεὸν
1078 1728 1328 1798 ἡγεῖσθαι
1371 1729 1516 1799 ἡμᾶς
1565 1726 1826 1792 διδάσκει,

241 1825 469 1897 μείζονά
503 1843 563 1878 τε
596 1821 733 1877 εἶναι
782 1823 974 1878 ἑαυτοῦ
1005 1823 1288 1895 ὁμολογεῑο
1329 1822 1388 1877 ὃν
1422 1823 1515 1876 ἐπὶ
1541 1823 1672 1875 πᾶσι
1706 1821 1827 1874 τούσ-

1930 627 2137 690 sidens,
2174 623 2370 680 Filium
2405 622 2728 692 participem
2757 619 2890 675 fecit
2919 635 3031 674 suae
3055 619 3178 673 vitae
3220 629 3277 674 et
3311 617 3515 673 divini-

1931 719 2060 772 tatis
2091 736 2103 771 :
2136 732 2228 772 sua
2267 710 2447 770 omnia
2480 713 2724 782 subjecta
2763 713 2810 767 ei
2845 711 3068 765 tradidit
3113 728 3126 765 :
3167 727 3293 766 cum
3335 709 3511 775 misit,

1928 811 2212 866 mandavit
2243 810 2346 874 illi,
2380 810 2431 863 in
2467 807 2752 877 praeceptis
2787 805 2955 869 dedit,
2991 805 3197 869 docuit,
3225 805 3407 860 omnia
3434 802 3512 857 illi

1930 905 2171 970 donavit,
2226 901 2377 955 illum
2439 897 2783 970 gloriﬁcavit,
2852 895 3003 949 illum
3059 896 3507 966 superexaltavit,

1927 1013 2113 1065 regem
2153 995 2531 1051 universorum
2570 984 2892 1055 declaravit,
2921 989 3186 1056 judicium
3230 1005 3392 1045 omne
3434 989 3510 1046 illi

1932 1090 2177 1152 tradidit,
2221 1103 2321 1144 nos
2375 1087 2544 1140 voluit
2595 1086 2670 1138 illi
2727 1079 3128 1153 obtemperare,
3177 1082 3340 1152 jussit
3385 1097 3508 1138 eum

1929 1184 2113 1238 sedem
2157 1196 2310 1236 suam
2371 1178 2708 1234 constituere
2763 1195 2792 1233 a
2853 1178 3044 1232 dextra
3089 1175 3513 1246 magniﬁcentia:

1929 1283 2059 1332 suae,
2106 1284 2229 1322 cum
2265 1268 2344 1322 sic
2384 1266 2533 1320 illum
2581 1263 2780 1321 aﬂatus
2822 1269 3267 1336 proloqueretur,
3304 1265 3441 1321 Sede
3477 1274 3513 1319 α

1929 1362 2128 1415 dextris
2173 1364 2322 1427 meis,
2352 1361 2444 1431 qui
2477 1361 2548 1416 ob
2579 1360 2679 1415 ista
2701 1359 2912 1429 singula
2945 1371 2999 1415 et
3031 1361 3313 1428 universa,
3341 1361 3513 1432 ipsius

1929 1449 2050 1506 Filii
2069 1453 2292 1508 exsistat
2325 1451 2498 1507 Deus:
2527 1452 2611 1507 cui
2646 1453 3050 1521 obtemperatus
3088 1452 3395 1523 unigenitus
3426 1441 3512 1508 Fi-

1931 1545 2058 1609 lius,
2099 1551 2276 1600 semet
2303 1545 2609 1598 exinanivit
2643 1545 2841 1612 ipsum,
2871 1556 2990 1598 sese
3023 1544 3352 1609 humiliavit,
3394 1544 3510 1600 for-

1931 1651 2073 1690 mam
2122 1639 2266 1690 servi
2318 1635 2617 1705 accipiens,
2662 1635 2843 1689 lactus
2891 1635 3152 1691 obediens
3203 1651 3376 1706 usque
3438 1639 3508 1692 ad

1931 1740 2183 1784 mortem.
2213 1727 2386 1795 Quem
2416 1728 2670 1796 precibus
2705 1727 3045 1796 interpellat:
3080 1728 3167 1783 cui
3189 1729 3398 1796 obedit,
3422 1730 3512 1786 cui

1930 1821 2134 1891 gratias
2185 1821 2316 1891 agit,
2366 1834 2526 1890 quem
2590 1820 2765 1874 solum
2819 1820 3038 1874 unicum
3097 1835 3288 1876 verum
3341 1822 3518 1878 Deum.

237 1934 354 1982 τοις
384 1917 617 1972 καὶΘεὸν
646 1912 785 1971 εἶναι
812 1919 1004 1970 ἑαυτοῦ
1036 1917 1242 1980 πάντας
1300 1917 1446 1991 ἡμᾶς
1477 1915 1671 1969 εἰδέναι
1703 1914 1825 1985 βού-

1935 1915 2152 1968 credere
2206 1927 2305 1967 nos
2347 1912 2546 1967 docet:
2591 1928 2752 1983 quem
2799 1927 2858 1967 se
2891 1913 3152 1982 majorem
3195 1913 3507 1984 proﬁtetur,

238 2007 416 2079 λεται.
448 2010 544 2064 ’ον
570 2009 711 2063 οὔτω
749 2008 1040 2074 δοξάζοντα
1063 2009 1152 2062 τὸν
1179 2007 1373 2062 ἑαυτοῦ
1394 2009 1632 2079 Πατέρα,
1665 2012 1826 2079 ἀμοι-

240 2101 416 2166 ϐαίως
447 2102 804 2170 ἀντιδοξάζων
840 2105 867 2156 6
899 2103 1110 2174 Πατὴρ,
1143 2104 1238 2157 καὶ
1269 2102 1494 2173 Κύριον,
1528 2103 1620 2155 καὶ
1643 2103 1828 2174 Σωτῆ-

241 2211 336 2268 ρα,
360 2195 455 2249 καὶ
483 2194 614 2249 Θεὸν
645 2197 754 2249 τῶν
784 2195 940 2260 ὅλων,
967 2196 1061 2249 καὶ
1092 2195 1377 2266 σύνθρονον
1409 2195 1508 2265 τῆς
1538 2195 1702 2248 αὐτοῦ
1734 2195 1830 2265 βα-

241 2286 451 2351 σιλείας
472 2287 727 2354 ἀνέδειξε.
755 2288 821 2340 ’Δ
841 2287 904 2358 δὴ
932 2287 1334 2360 πεπαιδευμένη
1359 2290 1392 2359 ὴ
1424 2288 1718 2360 Ἐκκλησία
1733 2285 1825 2341 τοῦ

240 2379 401 2446 Θεοῦ,
430 2381 628 2452 ἑαυτῆς
652 2382 750 2450 μὲν
776 2383 869 2434 καὶ
893 2381 1047 2444 Θεὸν,
1080 2382 1174 2435 καὶ
1217 2381 1420 2454 Κύριον
1454 2384 1548 2436 καὶ
1581 2384 1825 2455 Σωτῆρα.

240 2472 341 2527 τοῦ
389 2473 434 2526 δ’
460 2474 552 2527 ἐπὶ
587 2475 803 2528 πάντων
833 2474 968 2528 Θεοῦ
999 2473 1127 2527 Υίὸν
1157 2475 1420 2546 μονογενῆ
1470 2475 1632 2530 αὑτὸν
1666 2475 1827 2544 γινώ-

242 2579 397 2617 σκειν
417 2604 431 2628 ,
458 2567 551 2619 καὶ
577 2567 767 2621 οὐδένα
794 2567 892 2638 μὲν
918 2566 1074 2620 ἄλλον
1093 2565 1202 2619 τῶν
1227 2567 1499 2636 γεννητῶν
1530 2566 1829 2638 ἀναγορεύ-

242 2672 330 2708 ειν
362 2656 496 2713 Θεὸν
522 2657 683 2723 ἀξιοῖ,
715 2659 876 2729 μόνον
897 2659 953 2712 δὲ
990 2658 1176 2713 τοῦτον
1209 2654 1316 2712 οἶδε
1345 2659 1499 2721 Θεὸν,
1527 2659 1586 2712 ὃν
1613 2659 1769 2729 μόνον
1802 2662 1829 2713 6

242 2747 437 2821 Πατὴρ
461 2750 521 2814 ἐξ
546 2750 740 2805 ἑαυτοῦ
769 2751 979 2820 ἐγέννα.
1019 2753 1226 2824 Ὥσπερ
1253 2746 1346 2806 οὖν
1375 2750 1537 2815 αὐτὸς
1560 2750 1649 2805 διὰ
1676 2751 1830 2805 Σολο-

251 2839 433 2911 μῶνος
488 2841 728 2914 παρίστη
755 2842 931 2912 λέγων
956 2861 970 2875 ·
1017 2843 1138 2912 Πρὸ
1163 2842 1269 2898 τοῦ
1305 2841 1411 2912 ὅρη
1441 2841 1825 2912 ἑδρασθῆναι,

247 2931 366 3001 πρὸ
393 2933 462 2987 δὲ
486 2933 729 2989 πάντων
751 2936 996 3000 βουνῶν
1022 2935 1205 3006 γεννᾷ
1234 2953 1328 3007 με,
1365 2929 1468 2989 ὧδέ
1501 2954 1576 3008 πη
1605 2938 1707 3008 ὅρη
1738 2937 1832 2991 καὶ

249 3022 472 3093 βουνοὺς
496 3024 595 3089 τὰς
623 3025 775 3089 θείας
807 3028 901 3080 καὶ
932 3025 1337 3098 ὑπερκοσμίους
1365 3027 1622 3098 δυνάμεις
1654 3028 1828 3080 αίνιτ-

247 3115 495 3186 τόμενος.

889 3390 1046 3446 ΚΕΦ.
1096 3391 1196 3445 IB'.

299 3478 397 3546 Ὠς
433 3481 695 3550 ἇρῤητος
721 3483 909 3539 αὐτοῦ
934 3487 973 3554 ή
993 3485 1062 3539 ἐκ
1091 3485 1199 3540 τοῦ
1232 3486 1462 3554 Πατρός
1491 3485 1796 3556 γέννησις.

325 3572 392 3624 El
425 3571 482 3625 δὲ
516 3572 580 3644 δὴ
608 3573 720 3642 (42)
756 3575 1170 3647 περιεργάζοιτό
1199 3594 1302 3641 τις,
1343 3578 1439 3630 κα),
1470 3576 1586 3640 πῶς
1612 3577 1679 3630 ἂν
1712 3592 1836 3645 γεν-

251 3666 468 3736 νήσειεν
487 3668 517 3720 6
547 3667 701 3733 Θεὸς,
727 3669 844 3734 ταῦς
871 3669 918 3722 6‘
943 3669 1095 3725 ἐσται
1120 3671 1311 3743 Πατὴρ
1341 3671 1408 3742 (6)
1439 3671 1695 3724 ἐπέκεινα
1726 3671 1836 3724 τῶν

250 3757 426 3823 eam;
480 3758 539 3811 τὸ
567 3761 840 3832 τολμηρὸν
865 3763 962 3816 τοῦ
993 3764 1275 3835 πύσματος
1307 3766 1648 3836 κατασιγάσῃ
1677 3766 1705 3816 6
1725 3765 1834 3835 φή-

253 3869 354 3915 σας
373 3869 386 3882 ’
431 3852 732 3920 Βαθύτερά
764 3843 874 3924 (ιδ)
905 3869 1020 3908 σου
1046 3855 1131 3924 μὴ
1163 3855 1334 3922 (bitat,
1366 3857 1462 3910 καὶ
1491 3858 1838 3928 ὑψηλότερά

249 3961 370 3999 σου
380 3943 466 4013 μὴ
483 3943 716 4008 ἐξέταζε
740 3963 754 3976 ο
784 3944 824 3999 ἆ
844 3947 1183 4016 προσετάγη
1211 3965 1328 4014 σοι,
1354 3949 1538 4003 ταῦτα
1568 3950 1830 4005 διανοοῦ

250 4037 327 4090 οὐ
340 4035 452 4105 γάρ
469 4037 604 4089 ἐστι
615 4051 713 4090 σοι
729 4038 898 4106 χρεία
914 4038 1033 4091 τῶν
1060 4039 1355 4107 κρυπτῶν.
1376 4042 1526 4093 Καὶὸ
1546 4043 1754 4106 Παῦλος
1779 4043 1837 4096 δὲ

251 4125 442 4180 εἰπών·
467 4126 536 4181 Ὠ
548 4125 741 4194 βάθος
764 4128 1030 4182 πλούτου
1051 4130 1148 4182 καὶ
1174 4132 1411 4199 σοφίας,
1436 4131 1534 4187 καὶ
1565 4131 1838 4201 γνώσεως

254 4217 405 4272 Θεοῦ
420 4217 441 4269 !
478 4217 558 4283 ὠς
595 4218 1033 4288 ἀνεξερεύνητα
1078 4221 1152 4274 τὰ
1194 4222 1444 4290 κρίματα
1480 4223 1666 4278 αὐτοῦ
1689 4223 1708 4275 !
1739 4223 1839 4276 καὶ

254 4307 713 4378 ἀνεξιχνίαστοι
745 4313 804 4364 αἱ
837 4311 963 4366 ὁδοὶ
993 4313 1216 4367 αὐτοῦέ
1246 4313 1348 4367 Τὸν
1387 4314 1696 4386 περαιτέρω
1728 4332 1836 4384 χω-

256 4403 370 4473 ρεῖν
400 4400 719 4471 τολμῶντα,
753 4402 826 4474 μὴ
858 4404 1167 4472 ἀνεφίκτοις
1209 4406 1506 4476 ἐπιχειρεῖν
1538 4406 1570 4476 ἢ
1607 4405 1839 4458 πειθέτω

252 4490 427 4560 λέγων
447 4492 708 4564 πρότερον
734 4493 913 4557 αὐτὸς,
941 4493 976 4546 ἃ
994 4493 1056 4564 δή
1094 4512 1255 4565 φησιν
1282 4495 1341 4560 ἐξ
1366 4497 1467 4550 οὐκ
1492 4495 1660 4550 ὄντων
1683 4513 1839 4565 γεγο-

1932 2020 2206 2076 quemque
2241 2005 2416 2060 adhuc
2455 2020 2621 2076 super
2647 2004 2854 2072 omnia,
2889 2020 3047 2060 suum
3081 2021 3298 2078 quoque
3341 2007 3509 2063 Deum

1931 2113 2072 2163 esse,
2107 2113 2205 2152 nos
2231 2111 2422 2153 onmes
2457 2108 2513 2152 et
2557 2097 2801 2168 singulos
2834 2098 2975 2153 scire
3019 2099 3211 2156 voluit.
3241 2100 3412 2169 Quem
3443 2097 3510 2158 ad

1931 2191 2094 2247 istum
2132 2192 2350 2247 modum
2396 2188 2615 2246 Patrem
2647 2205 2803 2246 suum
2856 2189 3278 2262 gloriﬁcantem,
3323 2193 3510 2260 Pater,

1930 2285 2222 2350 viceversa
2270 2281 2613 2355 gloriﬁcavit,
2665 2296 2898 2349 eumque
2949 2283 3258 2352 Dominum,
3311 2285 3510 2342 Serva-
3625 2303 3630 2307 '

1934 2385 2130 2443 torem,
2162 2377 2332 2432 Deum
2360 2374 2765 2443 universorum,
2803 2384 3116 2431 consortem
3161 2378 3243 2432 sui
3289 2393 3511 2450 quoque

1933 2469 2142 2540 imperii
2177 2469 2352 2540 palam
2377 2467 2698 2524 declaravit.
2729 2465 2857 2524 Ilaec
2886 2483 2916 2522 a
2947 2457 3059 2525 Deo
3091 2471 3280 2526 edocta
3324 2471 3511 2527 Eccle-

1930 2563 2012 2619 sia
2050 2562 2199 2619 illum
2230 2565 2421 2630 Deum,
2451 2563 2760 2628 Dominum,
2789 2563 3158 2633 Servatorem,
3190 2563 3389 2622 Filium
3414 2563 3512 2623 hei

1941 2660 2179 2727 supremi
2214 2657 2562 2731 Unigenitum
2601 2659 2869 2731 agnoscit,
2904 2675 3007 2716 nec
3034 2659 3101 2716 ab
3139 2675 3206 2717 eo
3254 2677 3377 2716 cum
3432 2679 3513 2717 re-

1933 2753 2182 2819 cesserit,
2221 2753 2366 2808 inter
2402 2761 2707 2819 creaturas,
2743 2762 3005 2823 praeterea
3049 2754 3350 2825 quidquam
3380 2769 3512 2824 pro;

1933 2847 2118 2899 litetur
2164 2844 2358 2900 Deum.
2411 2844 2597 2901 Solum
2661 2843 2816 2900 illum
2850 2844 3049 2916 quippe
3100 2844 3270 2900 Deum
3326 2847 3503 2911 novit,

1931 2952 2093 3008 quem
2118 2937 2294 2994 solum
2339 2939 2406 2993 de
2436 2952 2495 2993 se
2528 2937 2715 3009 genuit
2737 2936 2918 2993 Pater.
2957 2937 3426 3006 Quemadmodum
3459 2945 3515 2992 et

1933 3030 2050 3102 ipse
2080 3045 2178 3099 per
2217 3029 2562 3086 Salomonem
2602 3031 2847 3104 loquitur
2887 3035 2904 3084 :
2925 3028 3266 3100 ‘Priusquam
3312 3039 3514 3084 montes

1931 3121 2316 3185 slabilirentur,
2377 3136 2500 3176 ante
2535 3139 2713 3177 omnes
2773 3123 2933 3177 colles
2960 3123 3238 3193 progenuit
3265 3132 3366 3176 me.
3412 3120 3519 3176 Pe'.‘

1859 3250 1906 3313 Ο
1938 3224 2150 3269 montes
2174 3223 2231 3269 et
2261 3213 2430 3268 colles
2483 3214 2558 3269 ibi
2590 3215 2836 3268 indicare
2873 3213 3043 3268 voluit
3083 3212 3300 3268 divinas
3331 3222 3388 3269 et
3421 3219 3517 3268 su-

1936 3305 2338 3375 permundanas
2376 3313 2696 3376 potestates.

2570 3396 2722 3452 CAP.
2766 3395 2876 3452 XII.

1975 3495 2035 3553 iii
2060 3488 2211 3555 Quod
2237 3490 2303 3545 sil
2340 3491 2710 3544 inenarrabilis
2736 3490 2885 3545 illius
2907 3489 2972 3545 de
3000 3488 3166 3546 Patre
3191 3492 3483 3563 generatio.

2008 3581 2166 3647 Quod
2198 3582 2244 3636 si
2271 3581 2393 3651 quis
2428 3582 2697 3638 curiosius
2731 3581 2822 3637 hic
2851 3582 3214 3654 sategerit,et
3248 3585 3524 3653 quomodo

1937 3673 2009 3730 sit
2038 3673 2132 3742 ille,
2159 3673 2306 3730 Deus
2339 3685 2492 3744 roget
2519 3695 2532 3729 :
2565 3675 2836 3744 quomodo
2867 3676 2974 3730 erit
3017 3675 3203 3741 Pater,
3225 3676 3325 3747 qui
3356 3688 3524 3748 super

1937 3767 2118 3820 omnia
2161 3767 2292 3822 est?
2338 3769 2597 3824 audacem
2645 3767 2803 3839 hujus
2854 3767 3088 3823 hominis
3139 3768 3524 3840 interrogatio-

1939 3872 2062 3912 nem
2101 3870 2418 3928 compescet
2443 3860 2489 3916 is
2516 3860 2609 3930 qui
2642 3862 2743 3925 ait,
2775 3857 3141 3925 Profundiora
3164 3869 3214 3915 le
3237 3899 3255 3926 ,
3288 3877 3350 3915 ne
3377 3871 3524 3932 quc-

1937 3946 2123 4001 slveris
2144 3989 2158 4013 ,
2208 3959 2256 4002 et
2298 3947 2585 4002 excelsiora
2634 3957 2684 4002 te
2709 3989 2726 4015 ,
2770 3963 2832 4001 ne
2863 3947 3120 4017 ,exquiras
3148 3963 3167 4001 :
3196 3947 3293 4001 illa
3323 3950 3525 4017 cogite.

1938 4055 2056 4108 qua:
2093 4036 2185 4089 tibi
2212 4037 2481 4104 imperavit
2512 4053 2530 4091 :
2558 4053 2720 4108 neque
2754 4037 2891 4091 enim
2920 4037 3016 4090 tibi
3042 4053 3173 4106 aput
3195 4050 3269 4093 est
3295 4050 3527 4094 secreto—

1941 4146 2059 4184 rum
2085 4130 2166 4194 “;
2200 4139 2256 4185 et
2284 4128 2485 4183 Paulus
2507 4128 2583 4182 ait
2605 4129 2772 4184 etiam
2821 4143 2835 4180 :
2871 4128 2915 4184 Ο
2942 4128 3168 4183 altitudo
3193 4130 3521 4199 divitiarum,

1939 4223 2212 4290 sapientia:
2241 4231 2288 4276 el
2327 4222 2560 4276 scientiae
2591 4219 2688 4275 Dei
2713 4221 2734 4274 !
2764 4236 2924 4290 quam
2972 4221 3525 4290 incomprehensibilia

1942 4324 2062 4367 sunt
2102 4314 2316 4384 judicia
2345 4313 2506 4384 ejus!
2555 4323 2606 4367 et
2650 4313 3143 4386 imperveuigabiles
3176 4319 3272 4372 via:
3311 4318 3424 4387 ejus
3456 4318 3524 4371 “.

1942 4405 2102 4460 Hunc
2129 4420 2261 4460 vero
2294 4419 2709 4475 progressurum
2731 4403 2925 4459 audaci
2957 4405 3202 4463 facinore
3238 4408 3415 4463 adhuc
3446 4407 3530 4463 ul-

1944 4497 2118 4552 terius
2148 4496 2405 4552 cobibere
2441 4496 2636 4552 saltem
2669 4496 2924 4563 debeant,
2970 4506 3028 4551 ut
3055 4498 3336 4555 inaccessa
3373 4515 3532 4570 pror-

255 4584 421 4649 νέναι,
467 4584 582 4649 πῶς
609 4586 704 4638 καὶ
751 4584 872 4638 τίνα
899 4586 1097 4656 τρόπον
1132 4589 1362 4658 ὑπέστη,
1404 4588 1627 4660 μηδαμῆ
1668 4589 1832 4659 μηδα-

1947 4603 2039 4643 sus
2085 4590 2464 4660 aggrediatur;
2481 4605 2544 4645 ea
2576 4603 2698 4659 qua:
2744 4599 2872 4644 sunt
2901 4589 2970 4644 ab
2999 4589 3114 4659 ipso
3150 4593 3301 4661 prius
3329 4594 3529 4662 posita,

257 4674 376 4746 μῶς
406 4675 536 4728 ὄντα
561 4677 842 4748 πρότερον.
871 4677 945 4730 Οὐ
972 4677 1079 4750 γὰρ
1115 4677 1179 4749 δὴ
1214 4681 1356 4733 κατὰ
1389 4681 1514 4743 τοὺς
1545 4683 1672 4752 παρ’
1708 4683 1837 4752 ἡμῖν

255 4763 526 4835 τεχνίτας,
549 4764 680 4837 ὓλην
708 4768 1181 4838 προῦποκειμένην
1205 4768 1380 4822 λαὸὼν
1406 4772 1526 4833 ταῖς
1551 4772 1754 4841 χερσὶν,
1783 4771 1842 4823 τὸ

256 4855 370 4908 πᾶν
397 4845 740 4927 ἐτεκτήνατο.
771 4857 980 4930 ’Ὥσπερ
1009 4859 1074 4930 δὴ
1117 4858 1295 4924 τοῦτο,
1325 4862 1392 4930 τῇ
1430 4859 1588 4927 φύσει
1623 4861 1840 4931 ἀμήχα-

255 4962 368 5011 νον,
398 4945 520 5000 ὅσον
547 4947 633 4999 ἐπ’
665 4946 990 5019 ἀνθρώποις,
1015 4949 1157 5017 λέγω
1185 4949 1241 5002 δὲ
1273 4949 1334 5002 τὸ
1370 4949 1635 5020 μηδαμῶς
1669 4950 1843 5021 ὑπάρ-

255 5054 352 5110 χον
378 5038 444 5091 ἐκ
465 5037 560 5091 τοῦ
586 5039 661 5109 μὴ
695 5039 846 5103 ὄντος
879 5044 958 5103 είς
986 5041 1047 5094 τὸ
1073 5037 1212 5095 είναι
1242 5042 1533 5113 παράγειν,
1582 5042 1731 5113 αὐτῷ
1753 5043 1843 5096 δυ-

256 5130 416 5196 νατὸν
445 5130 704 5200 κατέστη,
737 5132 831 5184 καὶ
853 5132 1042 5201 γέγονε
1075 5133 1186 5204 (44)
1207 5133 1314 5186 τῶν
1338 5132 1474 5187 ὅλων
1504 5133 1754 5206 ποιητὴς,
1782 5135 1842 5187 οὑ

333 5257 394 5315 >11
424 5249 521 5305 Ed.
553 5247 754 5316 Paris.,
790 5266 913 5322 pag.
943 5252 1032 5306 7i.

280 5482 293 5492 ο
327 5410 444 5492 (41)
497 5411 1050 5492 ’Υποστησάιιενοφ
1077 5415 1255 5492 Deest
1275 5417 1424 5489 αὐτῷ
1449 5459 1463 5483 ,
1501 5433 1725 5492 nempe__
1754 5417 1845 5472 Fi-

252 5481 351 5536 lio.
386 5481 514 5534 Haec
545 5485 749 5548 omnia,
778 5481 857 5538 de
878 5487 1095 5540 homine
1127 5487 1348 5543 Christo
1396 5481 1457 5542 in
1487 5481 1659 5545 sacris
1691 5489 1843 5544 litte-

254 5554 336 5625 ris
366 5551 619 5617 recitata,
652 5556 718 5625 ad
744 5555 1000 5618 deitatem
1030 5557 1213 5610 retulit
1270 5557 1557 5625 Eusebius,
1589 5560 1840 5613 Arianaaa

259 5619 363 5698 εἰᾶθ’
387 5635 636 5698 prorsus.
666 5621 738 5676 M.
763 5626 978 5698 ῖ-ῌΜοκ
1011 5630 1170 5698 vulgo
1195 5627 1285 5698 τὸν
1309 5630 1372 5680 ὲκ
1397 5619 1576 5694 δεξιᾶς
1612 5646 1663 5681 τ.
1691 5645 1747 5698 μ.
1790 5640 1844 5684 ct

253 5690 417 5744 ἰταπ.
448 5690 641 5769 ὲαοτὸν
674 5710 730 5753 ιι..
765 5690 1129 5769 6061.10166»?
1154 5690 1707 5769 γενόμενοςξυιιιιδει]
1754 5716 1844 5754 se-

254 5771 457 5840 quente
483 5759 729 5840 γέγονεν.2
755 5774 810 5840 et
841 5766 935 5818 καὶ
966 5759 1236 5821 κελεύοντι
1270 5759 1322 5824 et
1359 5759 1465 5840 τῆς
1502 5768 1840 5840 ἑαυτοῦβασ.

255 5840 313 5885 et
450 5847 585 5906 πεπ.
610 5840 664 5885 et
691 5833 894 5906 Σαλομ,

329 5901 446 5975 (42)
487 5900 658 5972 Vulgo
685 5901 748 5975 δή
778 5900 912 5976 om.;
961 5907 1083 5965 dein
1127 5910 1283 5983 vulgo
1337 5910 1439 5982 τῆς
1492 5911 1742 5977 πεύσεως
1793 5921 1846 5972 et

1947 4680 2013 4734 de
2037 4680 2495 4751 progeneratione
2522 4695 2552 4735 e
2594 4695 2701 4736 non
2729 4682 3129 4739 exsistentibus
3163 4701 3175 4738 :
3211 4687 3355 4753 quod
3389 4700 3532 4755 quo-

1951 4772 2113 4826 modo
2145 4773 2258 4827 ﬁeri
2292 4775 2467 4842 potuit
2515 4772 2676 4828 velim
2729 4776 3004 4846 explicet,
3038 4790 3160 4830 cum
3215 4779 3533 4848 neutiquam

1951 4862 2141 4916 nullibi
2187 4872 2466 4918 exstarent
2497 4865 2604 4919 illa.
2641 4865 2759 4920 Non
2807 4867 2975 4929 enim,
3024 4876 3084 4922 ut
3115 4866 3356 4923 artiﬁces
3391 4872 3533 4940 apud

1953 4968 2051 5008 nos
2077 4952 2272 5021 solent,
2306 4954 2593 5009 materiam
2621 4955 3006 5027 praajacentem
3054 4966 3332 5027 acceptam
3364 4957 3536 5011 mani-

1951 5046 2074 5112 bus,
2115 5046 2428 5102 universum
2457 5048 2656 5105 exinde
2705 5049 3112 5104 conlormavit:
3147 5051 3243 5106 sed
3272 5060 3332 5105 ut
3356 5050 3532 5121 ipsum

1953 5137 2055 5192 hoc
2106 5150 2315 5194 naturae
2366 5141 2584 5211 quidem
2639 5142 2976 5211 impossibile
3023 5141 3223 5209 fuerat,
3272 5153 3530 5214 quantum

1130 5255 1174 5285 ⁶¹
1196 5254 1349 5313 Eccl.
1385 5269 1468 5321 ιιι,
1499 5253 1594 5312 22.
1643 5256 1719 5332 λ⁶²
1745 5254 1906 5311 Rom.
1934 5273 2012 5324 rt,
2041 5259 2132 5317 53.

1948 5423 2295 5493 κατασιγάση
2309 5463 2323 5475 .

2021 5494 2134 5563 (45)
2160 5492 2467 5561 Βαθύτερά
2495 5510 2633 5548 σου.
2667 5492 2844 5548 Locus
2874 5504 2957 5549 est
2982 5493 3156 5550 Sirae.
3181 5510 3265 5558 ιιι,
3294 5494 3387 5556 22,
3446 5494 3538 5548 ubi

1945 5561 2181 5636 legimus
2211 5563 2571 5636 χαλεπώτερα
2600 5581 2695 5636 σου
2735 5567 2808 5636 μὴ
2860 5564 3034 5636 ζήτει,
3068 5567 3164 5618 καὶ
3213 5564 3542 5636 ἰσχυρότερα

1951 5650 2043 5686 σου
2069 5633 2143 5705 μὴ
2177 5633 2429 5700 ἐξέταζε,
2467 5633 2554 5689 ubi
2583 5635 2688 5688 alia
2725 5633 2832 5689 sint
2877 5633 2927 5688 in
2960 5641 3203 5690 eamdem
3249 5633 3367 5705 cum
3422 5633 3542 5689 istis

1949 5704 2294 5778 sententiam.
2315 5705 2480 5778 M.V—
2508 5706 2638 5760 Dein
2673 5706 2831 5774 vulgo
2852 5708 3145 5777 ἐπιχωρεῖν
3183 5707 3219 5772 ἡ
3244 5715 3298 5761 el
3328 5704 3365 5760 ἃ.
3386 5705 3444 5760 δὲ
3476 5721 3539 5778 φ.

1952 5785 2006 5828 et
2040 5776 2148 5827 πᾶν
2182 5776 2533 5830 ἐπεκτείνατο
2570 5786 2625 5831 et
2650 5781 3008 5845 προαγαγεῖν.

2026 5846 2136 5915 (48)
2172 5845 2292 5898 Ίῶν
2318 5847 2476 5901 ὅλων
2508 5846 2785 5912 ποιητής.
2830 5846 2921 5900 Vel
2953 5857 3010 5900 ut
3053 5849 3104 5899 in
3136 5847 3381 5916 margine
3413 5845 3534 5904 fuit.

1955 5919 2175 5988 σιωπῇ,
2208 5920 2392 5976 statim
2417 5917 2582 5974 αὑτοῦ
2612 5916 2728 5971 υἱοῦ
2765 5919 3003 5987 γένησις.
3046 5917 3118 5975 Μ.
3151 5944 3221 5960 -
3267 5919 3398 5974 Dein
3439 5916 3534 5971 τοῦ
