4048 6428
608 379 714 437 διτ

1308 362 1578 422 EUSEBII
1613 355 2092 421 CESARIENSIS
2130 352 2278 408 OPP.
2320 349 2499 406 PARS
2536 350 2624 406 IV.
2667 380 2736 393 —
2775 345 3193 405 DOGMATICA.

3727 339 3830 396 848

607 492 830 562 quidem
870 485 936 542 ad
980 484 1275 539 humanum
1328 479 1587 550 operandi
1647 481 1865 533 modum
1918 480 2160 545 spectat,

2264 468 2385 522 κατ’
2417 466 2720 538 ἄνθρωπον,
2748 465 3006 537 ἀρρήτοις
3036 462 3092 516 δὲ
3127 460 3222 514 καὶ
3252 455 3552 531 ἀφράστοις
3579 455 3714 525 ἡμῖν
3741 453 3830 508 λό-

610 583 900 646 nimirum,
949 578 1017 633 de
1063 573 1249 632 nullibi
1272 574 1570 630 exsistente
1596 571 1852 634 materia,
1879 566 2161 622 essentiam

613 689 792 731 rerum
823 679 1182 728 constructam
1230 666 1366 723 dare
1401 682 1416 720 :
1447 666 1545 736 ipsi
1583 674 1760 718 tamen
1795 659 2164 736 universitatis

608 720 1158 834 ιοῖἷᾶἐξίίέίιε
1173 720 1278 815 ίυίι
1296 720 1482 829 plane:
1498 767 1552 814 et
1574 756 1774 811 factum
1798 765 1902 808 est.
1927 720 2104 820 Captu
2114 767 2162 803 ιιι

610 861 712 915 hoc
762 860 1053 912 humanum
1104 852 1435 908 transcendit
1474 861 1740 919 prorsus:
1783 857 1956 914 neque
2007 843 2165 910 hujus

610 953 688 1009 rei
721 952 858 1007 ratio
887 946 1273 1019 comprehendi
1317 955 1568 1000 sermone
1605 948 1699 995 aut
1726 937 2034 994 annuntiari
2069 950 2162 1003 po-

609 1053 733 1102 test.
780 1042 861 1099 Ad
902 1040 1149 1096 eumdem
1197 1037 1446 1098 modum,
1472 1043 1526 1090 et
1557 1032 1725 1088 multo
1745 1029 1959 1101 quidem
1994 1026 2166 1094 magis

607 1134 867 1206 unigeniti
901 1130 1016 1200 ejus
1056 1129 1178 1185 Filii
1206 1127 1498 1200 generatio,
1524 1118 2079 1194 incomprehensibilis
2109 1128 2166 1172 et

608 1223 1022 1295 investigabilis,
1052 1236 1157 1277 nou
1192 1220 1344 1275 nobis
1363 1215 1719 1279 solummodo,
1750 1214 1842 1268 sed
1863 1221 1917 1267 et
1950 1209 2165 1265 virtuti-

609 1321 709 1373 hus
758 1317 826 1372 iis
856 1314 1040 1379 fuerit,
1069 1329 1193 1386 qua
1216 1325 1313 1365 nos
1357 1309 1516 1379 longo
1549 1314 1809 1374 superant
1853 1304 2160 1359 intervallo.

608 1407 889 1478 Siquidem
910 1405 1000 1460 illa
1039 1418 1155 1475 qua
1193 1417 1290 1472 per
1315 1410 1562 1455 naturam
1589 1412 1742 1452 suam
1769 1395 1992 1452 inferius
2035 1397 2164 1450 sub-

605 1501 828 1563 sidunt,
855 1497 1003 1553 etab
1030 1494 1117 1550 illa
1158 1493 1338 1548 divina
1374 1489 1729 1545 inenarrabili
1759 1489 1998 1544 essentia
2040 1495 2164 1543 sunt

607 1590 915 1660 longissimo
935 1596 989 1642 et
1032 1584 1270 1641 inferiori
1308 1591 1482 1639 tractu
1511 1589 1740 1647 semota,
1765 1579 2034 1650 quomodo
2064 1592 2160 1646 po-

607 1682 769 1736 terint
815 1679 1122 1750 cognitione
1171 1691 1269 1733 sua
1319 1675 1386 1730 ad
1436 1673 1690 1729 sublimia
1740 1673 1872 1728 etin
1900 1670 2163 1725 altissimo

607 1773 799 1843 posita,
845 1769 1130 1842 aspirare?
1171 1768 1273 1837 Qui
1326 1767 1524 1837 poterit
1559 1764 1698 1828 ﬁeri,
1739 1774 1798 1817 ut
1824 1763 2005 1817 animo
2040 1763 2161 1831 quis

605 1881 666 1924 ea
695 1831 1014 1935 assequatur
1061 1863 1200 1934 (quas
1245 1861 1373 1916 olim
1422 1859 1642 1914 omnino
1695 1872 1801 1911 non
1850 1853 2156 1917 exstabant,
2193 1831 2235 1887 Β
2265 1853 2377 1901 σιν;

604 1961 699 2016 sed
744 1960 809 2014 de
856 1973 961 2013 non
996 1970 1147 2019 esse,
1179 1953 1244 2007 ad
1290 1952 1585 2006 subsistere
1629 1963 1821 2012 suum,
1865 1961 1962 2018 per
1990 1945 2156 1999 Deum

603 2059 729 2107 sunt
768 2049 1026 2121 producta
1060 2045 1288 2117 originis
1316 2053 1588 2097 auctorem
1618 2079 1633 2105 ,
1663 2050 1995 2106 causamque
2027 2035 2159 2102 ipsis

603 2141 900 2199 exsisteudi
938 2138 1310 2203 exsistentem)
1336 2145 1460 2189 ante
1480 2149 1629 2189 suam
1662 2133 1899 2200 ipsorum
1927 2130 2157 2198 primam

599 2232 1007 2305 productionem
1036 2228 1062 2283 ‘i
1098 2228 1204 2282 Aut
1246 2240 1346 2281 nos
1375 2225 1492 2279 heri
1537 2234 1698 2292 atque
1732 2222 1930 2276 nudius
1967 2221 2160 2276 tertius

603 2326 792 2395 pellem
834 2324 1006 2378 induti
1038 2331 1200 2391 atque
1225 2335 1446 2375 carnem
1477 2335 1491 2371 :
1527 2317 1741 2371 ossibus
1780 2325 1943 2386 atque
1972 2313 2155 2368 nervis

603 2414 1012 2488 cumpaginati:
1053 2414 1145 2483 qui
1197 2427 1295 2468 nec
1338 2411 1427 2466 illa
1475 2409 1690 2479 quidem
1747 2409 1995 2462 novimus
2040 2420 2160 2474 qua:

597 2511 750 2581 juxta
786 2523 885 2563 nos
911 2507 1216 2562 consistunt
1239 2545 1256 2572 ,
1295 2504 1568 2574 quomodo
1619 2503 1738 2555 sine
1768 2497 2007 2569 pericqu
2046 2498 2160 2552 dis-

602 2601 948 2672 quisitionem
1001 2599 1066 2654 de
1115 2595 1477 2653 ineﬂ'abilibus
1506 2592 1900 2649 instituemus?
1932 2591 2163 2659 qualiter

608 2699 668 2759 ᾖ(
705 2692 898 2746 Filium
927 2705 1080 2746 suum
1119 2689 1407 2758 progenuit
1437 2685 1620 2752 Pater,
1651 2692 1957 2751 satageutes
1990 2701 2004 2737 :
2037 2695 2159 2736 cum

603 2787 884 2839 innumera
918 2781 1024 2837 sint
1053 2779 1161 2845 illa,
1187 2793 1306 2847 qua:
1334 2791 1455 2830 cum
1505 2776 1569 2830 ad
1623 2776 1788 2845 pedes
1832 2775 1992 2829 etiam
2031 2788 2160 2826 nos-

601 2886 715 2933 tros
745 2874 1146 2946 provolvantur,
1187 2870 1342 2926 nobis
1373 2879 1552 2926 tamen
1593 2869 1808 2939 penitus
1846 2875 1973 2920 sunt
2004 2865 2156 2918 inco-

601 2967 770 3039 gnita.
797 2963 1057 3034 Exemplo
1094 2976 1208 3017 rem
1252 2961 1409 3016 istam
1445 2958 1745 3014 illustrabo.
1777 2956 1973 3025 Ecquis
2012 2956 2156 3009 enim

599 3059 732 3114 mihi
766 3057 1018 3127 expedire
1049 3054 1270 3125 poterit,
1304 3051 1483 3107 anima
1505 3051 1716 3119 corpori
1742 3048 2011 3117 quomodo
2027 3062 2159 3102 con-

601 3150 926 3205 catenatur?
963 3148 1194 3217 qualiter
1241 3144 1366 3198 inde
1403 3144 1609 3197 exeat?
1641 3139 1875 3208 qualiter
1909 3137 2153 3206 ingressa

585 3243 702 3297 -fuit
732 3242 800 3295 ab
852 3239 1048 3294 initio?
1079 3253 1198 3307 quae
1228 3237 1399 3308 ipsius
1438 3233 1644 3303 species
1668 3231 1694 3285 ?
1738 3230 1914 3301 qualis
1965 3230 2159 3300 ﬁgura,

600 3335 795 3399 forma,
819 3333 1051 3396 habitus,
1083 3330 1320 3384 essentia
1346 3327 1369 3381 τ
1397 3325 1638 3380 Nondum
1668 3338 1765 3394 per
1793 3322 2157 3378 curiositatem

600 3442 772 3482 meam
804 3425 965 3479 ullam
1007 3434 1254 3476 naturam
1277 3433 1376 3490 ego
1399 3419 1698 3472 daemonum
1722 3414 1971 3484 indagavi
2000 3429 2016 3468 :
2053 3428 2158 3467 non

599 3518 829 3588 explicui
883 3514 1217 3571 substantias
1265 3510 1580 3580 angelorum
1615 3524 1629 3560 :
1664 3521 1769 3561 non
1815 3505 2050 3575 qualiter
2101 3519 2161 3558 se

598 3613 833 3667 habeant
864 3609 1218 3679 principatus,
1257 3602 1456 3665 throni,
1495 3599 1893 3655 dominationes
1926 3615 1940 3651 :
1972 3597 2038 3651 de
2061 3609 2161 3664 po-

600 3701 886 3758 testatibus
913 3738 930 3762 ,
957 3708 1011 3752 et
1065 3695 1246 3750 mundi
1284 3691 1715 3748 moderatoribus
1757 3689 1952 3745 rescivi
2004 3689 2156 3743 nihil.

599 3793 665 3848 Et
691 3793 734 3847 si
757 3805 889 3846 sane
920 3789 986 3843 ab
1015 3789 1133 3843 istis
1161 3801 1246 3841 me
1277 3799 1381 3840 non
1399 3782 1702 3853 expediam,
1725 3781 1850 3850 quid
1880 3781 2008 3834 mihi
2038 3795 2160 3849 pro-

601 3884 744 3939 derit
776 3881 1100 3949 investigare
1148 3879 1434 3934 scientiam
1458 3917 1473 3941 ,
1503 3876 1568 3929 de
1595 3874 1797 3929 deitate
1843 3873 2158 3944 ingenerata

599 3985 655 4031 et
699 3975 962 4046 principio
995 3973 1143 4027 omni
1193 3970 1518 4040 superiore?
1572 3967 1710 4035 Quid
1745 3967 1811 4021 de
1863 3965 2160 4021 inaccessis

600 4069 926 4139 quaestiones
965 4064 1228 4120 instituo?
1271 4063 1541 4131 quomodo
1572 4060 1713 4115 Deus
1753 4061 2014 4130 prodierit
2048 4060 2159 4115 Pa-

605 4174 686 4216 ter
713 4159 832 4215 Filii
871 4158 951 4213 sui
985 4156 1240 4226 nnigeniti
1266 4155 1290 4209 ?
1321 4154 1474 4224 quasi
1510 4168 1612 4206 non
1641 4150 1910 4207 suﬂiceret
1936 4153 1989 4206 in
2027 4153 2162 4206 dile-

602 4251 674 4306 cti
705 4253 786 4305 sui
811 4249 1176 4304 testimonium
1215 4258 1436 4316 paterna
1470 4245 1557 4297 illa
1589 4259 1716 4308 vox,
1749 4259 1912 4312 quam
1935 4244 2001 4298 de
2023 4244 2160 4299 cosio

601 4342 956 4414 promulgavit
986 4343 1190 4405 dicens,
1218 4338 1319 4392 Hic
1349 4347 1423 4392 est
1458 4335 1505 4389 Ρ
1511 4339 1633 4390 ilius
1662 4353 1806 4390 meus
1836 4335 2078 4399 dilectus,
2103 4337 2160 4390 in

598 4449 702 4503 quo
739 4431 1050 4499 complacui,
1083 4431 1250 4498 ipsum
1283 4430 1461 4482 audite
1483 4428 1552 4481 ⁸³.
1586 4427 1738 4493 Quod
1768 4427 1812 4480 sl
1858 4426 2154 4494 praecipiat,

2264 575 2398 628 γοις,
2427 558 2567 611 οὕτω
2598 558 2692 611 καὶ
2733 555 2868 608 πολὺ
2900 553 3060 606 πλέον
3107 553 3142 623 ἡ
3177 550 3270 605 τοῦ
3299 545 3635 616 Μονογενοῢς
3669 546 3835 600 αὑτοῦ

2262 651 2512 722 γέννησις
2536 650 2686 717 ἀνεξε
2696 649 2946 720 ρεύνητος
2967 646 3061 700 καὶ
3092 643 3488 715 ἀνεξιχνίαστος
3512 640 3578 695 ἂν
3604 640 3715 710 εἴη,
3740 640 3833 711 οὐ)

2263 744 2412 813 ἡμῖν,
2439 740 2514 803 ὡς
2538 739 2605 793 ἂν
2636 738 2770 809 φαίη
2798 755 2903 800 τις,
2950 737 3151 807 μόνοις,
3192 733 3329 789 ἀλλὰ
3355 731 3451 786 καὶ
3488 729 3691 792 πάσαις
3718 733 3840 793 tat;
3895 751 3908 764 --

2263 831 2560 902 κρείττοσιν
2587 830 2619 900 ἢ
2650 828 2769 882 καθ’
2795 828 2940 898 ἡμᾶς
2969 826 3251 896 δυνάμεσι.
3282 822 3363 876 Τὰ
3385 822 3494 894 γὰρ
3519 818 3717 892 μακρῷ
3739 821 3840 889 τὴν

2263 924 2422 992 φύσιν
2455 919 2849 991 ὑποϐεϐηκότα,
2904 917 3053 971 κάτω
3097 933 3154 968 τε
3200 915 3295 969 καὶ
3346 910 3683 984 πορρωτάτω
3741 910 3841 980 τῆς

2262 1017 2498 1088 ἀρρήτου
2537 1013 2630 1067 καλ⁵
2655 1012 2844 1082 θεῖκῆς
2880 1007 3193 1064 καθεστῶτα
3220 1006 3426 1069 οὐσίας,
3473 1005 3591 1066 πῶς
3626 1002 3695 1057 ἂν
3721 1001 3839 1069 ἐφί-

2264 1123 2410 1160 κοιτο
2435 1105 2536 1175 τῆς
2573 1103 2826 1157 ἐπέκεινα
2859 1103 2953 1156 καὶ
2983 1099 3242 1154 ἀνωτάτω
3283 1095 3672 1167 καταλήψεωςς
3718 1093 3840 1156 Πῶς

2261 1199 2305 1252 δ’
2333 1198 2399 1252 ἂν
2416 1197 2484 1250 τὰ
2514 1194 2588 1267 μὴ
2614 1195 2742 1248 ὄντα
2765 1193 3043 1264 πρότερον,
3067 1191 3132 1244 δι’
3161 1189 3325 1242 αὑτοῦ
3360 1188 3405 1241 δ’
3434 1189 3500 1240 ὲκ
3525 1186 3623 1240 τοῦ
3657 1186 3735 1256 μὴ
3757 1184 3843 1238 ιν-

2261 1306 2350 1354 τος
2384 1291 2464 1353 είς
2492 1288 2553 1341 τὺ
2587 1282 2724 1340 εἶναι
2765 1285 3124 1358 προαχθέντα,
3157 1281 3252 1335 τοῦ
3293 1279 3733 1351 παραγαγόντος,
3765 1279 3844 1331 αἱ·

2261 1382 2372 1434 τίον
2401 1396 2461 1433 τε
2492 1379 2671 1443 αὐτοῖς
2699 1378 2798 1450 τῆς
2821 1375 3105 1448 ὑπάρξεως
3127 1371 3436 1444 γενομένου,
3471 1370 3624 1442 σχοίη
3657 1370 3726 1425 ἀν
3756 1385 3840 1432 τις

2263 1472 2369 1544 πρὸ
2408 1472 2509 1542 τῆς
2537 1471 2802 1540 γενέσεως
2853 1467 2951 1537 τὴν
3006 1466 3240 1535 γνῶσιν;
3287 1465 3467 1516 Ἥπου
3500 1478 3564 1530 γε
3597 1462 3762 1532 ἡμεῖς
3792 1461 3839 1514 at

2262 1561 2456 1633 χθιζοὶ,
2503 1559 2677 1632 δέρμα
2723 1559 2816 1612 καὶ⁵
2869 1555 3041 1629 κρέας
3078 1551 3448 1625 ἐνδεδυμένον
3497 1551 3712 1612 ὀστέοις
3749 1550 3844 1602 καὶ

2261 1653 2472 1723 νεύροις
2510 1652 2828 1722 ὲνειρμένοι,
2889 1648 2983 1702 καὶ
3021 1647 3153 1719 μηδὲ
3184 1645 3252 1699 τὰ
3283 1643 3404 1698 καθ’
3434 1645 3583 1714 ἡμᾶς
3617 1642 3837 1705 εἰδότες,

2262 1745 2360 1816 τὴν
2396 1743 2522 1816 περὶ
2559 1743 2668 1796 τῶν
2696 1742 2950 1813 ἀρρήτων
2979 1738 3258 1794 ἀκίνδυνον
3301 1733 3642 1805 ποιησόμεθα
3677 1734 3843 1804 ζήτη-

2404 1837 2521 1899 πῶς
2555 1836 2743 1904 ἐγέννα
2774 1833 2866 1886 τὸν
2891 1833 3018 1886 Υίὺν
3043 1833 3072 1884 ό
3096 1830 3284 1902 Πατὴρ
3317 1826 3843 1898 πολυπραγμονοῦν-

2261 1944 2370 1990 τες.
2399 1927 2516 1979 Ὀτι
2541 1925 2598 1979 δὲ
2618 1924 2713 1978 καὶ
2739 1923 2846 1976 τῶν
2874 1920 3026 1995 παρὰ
3047 1919 3213 1983 πόδας
3242 1917 3410 1990 μυρία
3432 1917 3530 1988 τὴν
3559 1915 3841 1986 ἡμετέραν

2258 2015 2618 2089 διαδιδράσκει
2649 2013 2848 2083 γνῶσιν
2874 2012 3030 2083 δῆλον
3057 2009 3123 2064 ἂν
3151 2009 3236 2081 εῐη
3264 2008 3493 2062 ἐνθένδε.
3518 2007 3618 2068 Τίς
3644 2005 3756 2079 γὰρ
3776 2006 3842 2060 ἂν

2258 2105 2432 2156 είπεῖν
2464 2102 2595 2173 ἔχοι,
2633 2102 2750 2165 πῶς
2771 2100 3086 2171 καθεῖρκται
3112 2097 3191 2168 τῷ
3217 2097 3428 2168 σώματι
3459 2099 3494 2168 ἡ
3518 2096 3690 2166 ψυχὴ,
3727 2096 3841 2159 πῶς

2258 2193 2459 2262 iactat;
2505 2194 2621 2258 πῶς
2643 2193 2700 2246 δὲ
2725 2193 2823 2263 τὴν
2862 2193 3036 2264 ἀρχὴν
3069 2189 3382 2262 είσεκρίθη;
3417 2189 3601 2241 ὁποῖον
3641 2187 3702 2242 δὲ
3741 2189 3841 2242 αὑ-

2258 2285 2358 2355 τῆς
2385 2287 2445 2339 τὺ
2480 2283 2654 2352 εἶδος
2686 2284 2738 2338 τι
2774 2283 2836 2338 τδ
2873 2284 3092 2354 σχῆμας
3129 2281 3212 2345 τίς
3250 2282 3284 2352 ἡ
3327 2280 3542 2352 μορφή;
3576 2279 3662 2343 τίς
3697 2279 3841 2352 #05-

2261 2377 2378 2443 σία;
2413 2376 2577 2432 Οὔπω
2612 2395 2700 2449 μοι
2732 2374 2823 2430 τὸν
2849 2378 2977 2446 περὶ
2996 2374 3262 2445 δαιμόνων
3293 2372 3405 2445 (45)
3438 2372 3638 2444 (λόγον)
3674 2372 3840 2426 πολυ-

2259 2469 2609 2538 πραγμονεῖν,
2646 2465 2708 2520 οὔ
2732 2465 2822 2519 τὸν
2851 2465 2977 2537 περὶ
3002 2464 3189 2528 οὐσίας
3217 2462 3462 2532 ἀγγέλων
3483 2477 3498 2493 ο
3528 2463 3591 2515 οὐ
3619 2462 3715 2515 τὸν
3744 2479 3837 2516 πε-

2260 2557 2316 2629 ρὶ
2340 2555 2521 2630 ἀρχῶν
2550 2557 2644 2610 καὶ
2670 2555 2896 2627 θρόνων,
2946 2554 3041 2607 καὶ
3081 2553 3446 2624 κυριοτήτωνο
3491 2552 3554 2604 οὐ
3590 2551 3686 2606 τὸν
3711 2551 3838 2626 περὶ

2259 2647 2536 2713 ἐξουσιῶν,
2563 2647 2656 2700 καὶ
2689 2645 3163 2716 κοσμοκρατόρων.
3198 2645 3260 2697 Εἰ
3289 2644 3335 2698 δ’
3373 2645 3431 2696 ὲν
3457 2643 3672 2707 τούτοις
3697 2645 3836 2698 ᾶπα-

2257 2758 2342 2794 σιν
2371 2738 2775 2811 ἀμηχανοῦμεν,
2813 2735 2867 2790 τί
2900 2737 2982 2791 δεῖ
3019 2735 3120 2808 τὴν
3150 2735 3276 2808 περὶ
3316 2734 3416 2806 τῆς
3453 2735 3697 2805 ἀνάρχου
3747 2735 3836 2787 καὶ

2255 2833 2550 2902 ἀγεννήτου
2584 2830 2834 2898 θεότητος
2865 2827 3065 2897 γνῶσιν
3095 2825 3501 2898 διερευνᾶσθαι;
3545 2825 3611 2878 Τί
3640 2825 3710 2878 τὰ
3739 2827 3836 2878 ἀν-

2253 2926 2450 2994 έφικτα
2471 2923 2712 2993 ὲρωτᾷν“;
2748 2920 2863 2984 πῶς
2887 2918 3018 2973 Υἱοῦ
3060 2915 3376 2990 μονογενοῦς
3407 2917 3435 2969 ὁ
3463 2915 3598 2980 Θεὸς
3630 2915 3836 2984 ὑπέστη

2257 3017 2483 3088 Πατήρς
2517 3015 2594 3078 ώς
2622 3013 2695 3084 μὴ
2733 3011 3088 3083 ἀπαρκούσης
3122 3012 3252 3080 ἡμῖν
3276 3008 3372 3079 τῆς
3408 3006 3685 3079 πατρικῆς
3723 3024 3834 3075 φωρ

2257 3104 2357 3174 νῆς
2389 3103 2523 3175 πρὸς
2557 3100 2860 3172 μαρτυρίαν
2905 3098 3000 3152 τοῦ
3039 3095 3366 3169 Ἀγαπητοῦ,
3419 3096 3479 3148 δν
3533 3095 3834 3166 ἀνεκήρυξε

2187 3187 2228 3245 C
2261 3192 2429 3247 είπών
2452 3210 2466 3224 '
2503 3189 2689 3257 Οὗτός
2707 3192 2876 3244 ἐστιν
2911 3192 2944 3244 ὁ
2982 3189 3113 3254 Υἱός
3136 3205 3255 3257 μου
3288 3191 3322 3241 d
3344 3185 3674 3256 ἀγαπητὸς,
3702 3187 3772 3240 ἐν
3793 3179 3840 3252 ᾧ

2260 3280 2592 3347 ηὐδόκησα,
2618 3277 2808 3331 αὐτοῦ
2831 3277 3099 3331 ἀκούετε.
3121 3276 3185 3328 Εἰ
3216 3274 3280 3346 δὴ
3305 3273 3524 3328 ἀκούειν
3549 3272 3717 3326 αὐτοῦ
3748 3277 3838 3341 ἑγ-

2261 3369 2558 3433 κελεύεται,
2586 3366 2846 3438 βασιλικῷ
2875 3368 3023 3438 νόμῳ
3050 3363 3491 3438 πειθαρχοῦντες,
3519 3364 3838 3435 ἀκούσωμεν

2258 3462 2352 3516 τοῦ
2387 3459 2667 3531 ἀγαπητοῦ
2711 3459 2860 3512 Υίοῦ.
2898 3458 2961 3511 Τί
2995 3459 3054 3511 δὲ
3082 3451 3238 3521 οὗτος
3265 3457 3395 3528 περὶ
3425 3457 3618 3509 ἑαυτοῦ
3660 3455 3838 3526 βούλε-

2258 3569 2349 3604 ται
2407 3551 2552 3621 ἡμᾶς
2609 3548 2825 3610 εἰδέναι,
2887 3549 3228 3618 παραστήσει
3261 3545 3467 3615 λέγων’
3521 3545 3688 3600 Οὕτω
3731 3546 3838 3616 γὰρ

2259 3641 2573 3712 ἠγάπησεν
2608 3643 2640 3694 ό
2670 3638 2812 3704 Θεὸς
2843 3639 2952 3692 τὸν
2979 3641 3230 3707 κόσμον,
3254 3635 3410 3690 ὥστε
3429 3637 3539 3690 τὸν
3572 3636 3713 3690 Υιὸν
3736 3639 3838 3689 αὺ-

2260 3732 2366 3786 τοῦ
2409 3731 2517 3784 τὸν
2556 3729 2850 3799 μονογενῆ
2889 3728 3131 3794 ἔδωκεν,
3182 3729 3283 3780 ἵνα
3312 3726 3430 3794 πᾶς
3469 3730 3502 3781 ό
3543 3729 3842 3781 πιστεύων

2260 3825 2348 3888 εἰς
2391 3820 2580 3874 αὑτὸν
2602 3821 2715 3889 ἐχῃ
2751 3818 2909 3888 ζωὴν
2923 3821 3178 3872 αἰώνιον.
3226 3819 3548 3872 Πιστευτέον
3578 3818 3713 3889 δῆτα
3742 3821 3841 3871 ai:-

2260 3911 2359 3981 τῷ,
2409 3911 2485 3972 ώς
2525 3908 2591 3963 ἂν
2622 3909 2723 3980 τῆς
2760 3909 2975 3962 αἰωνίου
3007 3907 3263 3979 τύχοιμεν
3290 3906 3458 3976 ζωῆς.
3513 3907 3578 3959 '0
3609 3906 3724 3976 γὰρ
3748 3923 3840 3960 πι-

2261 4001 2514 4064 στεύων,
2559 4002 2744 4070 φησὶν,
2774 4003 2860 4065 είς
2891 3999 3077 4053 αὐτὸν
3099 3998 3223 4068 ἔχει
3255 3997 3409 4064 ζωὴν
3445 3996 3708 4060 αἰώνιον,
3743 3999 3840 4068 οὐχ

2260 4093 2289 4143 ὁ
2321 4087 2600 4158 γινώσκων
2632 4090 2777 4151 ὅπως
2799 4090 2863 4141 ὲκ
2884 4086 2976 4140 τοῦ
3015 4086 3227 4157 Πατρὸς
3263 4084 3602 4155 γεγέννηταιο
3638 4085 3703 4135 οὐ
3731 4085 3842 4154 γὰρ

2265 4181 2329 4234 ἄν
2352 4197 2457 4232 τινι
2487 4180 2652 4250 μετῆν
2685 4179 2829 4249 ζωῆς
2858 4178 3098 4239 αἰωνίου,
3132 4178 3181 4229 εί
3215 4176 3280 4246 δὴ
3324 4174 3466 4228 τοῦτ’
3494 4175 3733 4247 εἴρηται,
3761 4179 3843 4230 ὅτι

2262 4270 2481 4338 Μηδεὶς
2505 4268 2656 4339 ἔγνω
2699 4270 2807 4322 τὸν
2833 4269 3064 4338 Πατέρα
3103 4271 3156 4321 εὶ
3181 4267 3268 4337 μὴ
3304 4270 3337 4322 ό
3371 4269 3533 4334 Υἱός·
3556 4269 3714 4338 μηδὲ
3737 4270 3843 4322 τὸν

2272 4361 2409 4413 Υἱόν
2443 4376 2532 4425 τις
2568 4360 2719 4428 ἔγνω
2767 4361 2819 4413 ει
2844 4359 2923 4428 μὴ
2955 4360 3141 4427 μόνος
3189 4361 3222 4411 ό
3251 4357 3556 4427 γεννήσας
3587 4359 3779 4413 αὐτὸν
3811 4363 3842 4413 ό

2264 4450 2486 4519 Πατήρ.
2533 4451 2800 4521 Ἀπαρκεῖ
2826 4448 3108 4519 τοιγαροῦν
3133 4451 3264 4518 ἡμῖν
3297 4451 3331 4519 ἡ
3362 4450 3543 4513 πίστις
3571 4451 3708 4520 πρὸς
3736 4467 3845 4504 σω-

601 4525 743 4578 hunc
767 4523 976 4587 audire,
1009 4522 1262 4575 mandato
1293 4521 1416 4576 huic
1441 4522 1588 4588 regio
1619 4522 2053 4588 obtemperantes
2073 4518 2160 4572 Fi-

2269 4518 2470 4613 τήριον,
2497 4543 2529 4613 ἠ
2562 4518 2691 4594 Θεὸν
2716 4540 2935 4611 Πατέρα
2968 4518 3381 4613 παντοκράτορα
3410 4518 3726 4612 παρέχουσα
3756 4559 3844 4610 γι-

599 4617 727 4670 lium
779 4615 1032 4670 dilectum
1073 4616 1378 4670 audiamus.
1421 4614 1697 4679 Quodnam
1734 4628 1865 4668 vero
1905 4614 2038 4668 illud
2070 4613 2162 4677 sit,

598 4707 742 4773 quod
767 4719 864 4759 nos
888 4704 956 4758 de
987 4705 1165 4773 seipso
1192 4703 1488 4774 intelligere
1518 4703 1730 4758 volebat
1749 4744 1763 4767 ,
1798 4705 1910 4772 ipse
1937 4720 2034 4758 nos
2064 4707 2162 4759 do-

605 4796 767 4862 cebit,
787 4796 872 4849 ubi
894 4796 999 4848 ait:
1033 4794 1122 4849 Sic
1141 4797 1279 4849 enim
1307 4794 1440 4849 Deus
1461 4796 1642 4849 dilexit
1662 4798 1935 4863 mundum,
1967 4807 2021 4849 ut
2057 4795 2165 4849 Fi-

605 4885 733 4939 lium
768 4901 920 4937 suum
952 4887 1272 4955 unigenitum
1307 4887 1474 4948 daret,
1504 4898 1557 4938 ιιι
1591 4889 1755 4941 omnis
1786 4889 1877 4956 qui
1915 4891 2076 4940 credit
2112 4890 2164 4941 in

2271 4631 2516 4696 νώσκειν,
2544 4633 2638 4685 καὶ
2667 4633 2758 4684 τὸν
2799 4630 3057 4701 μονογενῆ
3089 4614 3255 4682 αὑτοῦ
3289 4631 3414 4684 Υίὸν
3442 4633 3842 4704 ἐπιγράφεσθαι

2273 4725 2514 4794 Σωτῆρα.
2558 4726 2654 4787 Ὃς
2702 4723 2765 4793 δὴ
2817 4723 2950 4794 πρὸς
2996 4725 3101 4785 τοῖς
3151 4723 3350 4788 ἄλλοις,
3407 4723 3502 4776 καὶ
3553 4724 3709 4777 ταῦθ’
3742 4719 3844 4778 ὧδε

2274 4816 2573 4887 παρεδίδου,
2602 4815 2774 4883 λέγων
2795 4831 2805 4844 ο
2843 4814 2913 4867 Τὸ
2936 4815 3369 4883 γεγεννημένον
3398 4815 3465 4867 ἐκ
3487 4813 3597 4882 τῆς
3618 4815 3847 4889 σαρκὸς

2272 4907 2426 4975 σάρξ
2446 4909 2595 4970 ἐστι,
2646 4909 2742 4960 καὶ
2777 4906 2844 4960 τὸ
2889 4907 3319 4975 γεγεννημένον
3343 4907 3409 4959 ἐκ
3439 4907 3545 4961 τοῦ
3582 4911 3847 4976 πνεύμα-

600 4994 715 5030 eum
735 4994 835 5030 non
861 4988 1056 5043 pereat,
1075 4980 1164 5031 sed
1177 4978 1362 5031 habeat
1380 4980 1533 5030 vitam
1548 4993 1788 5033 a'ternam
1804 4982 1868 5038 ⁸⁸,
1915 4980 1986 5035 Illi
2010 4983 2160 5050 igitur

2268 5015 2370 5063 τος
2415 4998 2649 5067 πνεῦμά
2692 4998 2848 5049 ἐστι·
2902 4997 3135 5064 πνεῦμα
3174 4997 3243 5049 δὲ
3271 5002 3304 5052 d
3328 5000 3490 5063 Θεός.
3531 4999 3621 5051 Διὸ
3654 5001 3842 5052 ἕπεται

601 5071 924 5123 credendum
976 5080 1094 5130 est,
1151 5081 1210 5123 ut
1239 5072 1403 5125 vitam
1435 5083 1689 5126 aeternam
1738 5089 2160 5144 consequamur.

597 5163 730 5217 Nam
769 5165 859 5232 qui
887 5165 938 5216 in
969 5180 1114 5225 euut,
1145 5164 1336 5230 inquit,
1370 5165 1563 5226 credit,
1601 5166 1762 5220 habet
1803 5167 1968 5220 vitam
2001 5177 2161 5221 teter-

598 5270 750 5320 nam;
793 5270 894 5308 non
931 5256 1020 5325 qui
1056 5258 1336 5326 cognoscit
1375 5257 1646 5324 quomodo
1671 5266 1833 5311 natus
1861 5269 1945 5313 est
1970 5260 2036 5313 de
2061 5259 2161 5313 Pa-

671 5398 728 5454 ὧ
769 5392 869 5446 Ed.
898 5394 1095 5459 Paris.,
1124 5411 1244 5464 pag.
1274 5396 1362 5452 72.
1458 5397 1503 5428 ⁸³
1526 5396 1710 5452 Matth.
1746 5401 1938 5468 xm,5.

601 5595 999 5673 προαγαγόντος
1024 5598 1192 5673 αἰτίου
1223 5629 1288 5673 -_—
1323 5600 1474 5670 σχοίη
1504 5599 1567 5673 ἂν
1598 5601 1694 5670 τῆς
1713 5601 1931 5673 πρώτης
1963 5604 2155 5673 γεννή-

601 5676 736 5748 σεως
771 5667 948 5748 (codd.
989 5667 1269 5748 γενέσεως)
1302 5667 1363 5748 τὶς
1384 5667 1473 5738 γνξ
1503 5672 1565 5725 li.
1598 5667 1768 5739 p.09.
1794 5667 2158 5743 Porro-vulgo

600 5730 632 5796 ἦ
799 5736 952 5803 ἡμεῖς
982 5730 1033 5787 et
1055 5730 1421 5807 ποιησώμεθα.

672 5801 779 5870 (45)
809 5801 1344 5876 Πολυπριτγμονεῖν.
1375 5811 1531 5867 Deest
1563 5810 1735 5879 λόγον,
1764 5813 1970 5883 opinor.
2005 5813 2068 5868 Μ.
2088 5843 2156 5853 —-

2268 5091 2424 5150 νοεῖν,
2473 5089 2546 5150 ώς
2594 5087 2688 5139 καὶ
2716 5087 2776 5139 τὸ
2815 5089 3209 5158 γεγεννημένον
3239 5091 3304 5142 ἐκ
3329 5089 3422 5141 τοῦ
3451 5088 3585 5141 Θεοῦ
3615 5090 3748 5152 Θεὸς
3780 5089 3844 5142 ἂν

2266 5179 2371 5247 εἴη.
2404 5182 2551 5248 Ὅσῳ
2589 5179 2642 5230 δὲ
2697 5179 2796 5248 τῆς
2839 5180 3070 5247 γεώδους
3121 5182 3321 5252 σαρκὸς
3360 5183 3388 5233 ὁ
3433 5181 3847 5237 ἐπέκεινα.τιῖ›ν

2263 5268 2396 5321 ὅλων
2422 5270 2550 5334 Θεὸς
2584 5270 3016 5340 ἀπηλλοτρίωται
3064 5273 3155 5326 καὶ
3197 5272 3605 5342 ἀπεσχοίνισται
3639 5277 3706 5344 τῇ
3743 5274 3841 5341 φ’)-

2034 5404 2084 5436 ⁶⁵
2109 5404 2264 5461 Joan.
2302 5425 2382 5473 In,
2419 5412 2500 5466 16.

2266 5605 2394 5687 Dein
2426 5608 2582 5676 vulgo
2613 5609 2669 5662 ὃν
2700 5611 2928 5687 ἐκήρυξε
2958 5613 3132 5680 λέγων
3154 5624 3217 5687 et
3245 5616 3292 5666 εἰ
3321 5613 3375 5665 δὲ
3411 5615 3631 5669 ἀκούειν
3670 5628 3722 5670 et
3757 5635 3844 5687 γε·

2265 5677 2487 5756 γένηται
2513 5692 2565 5731 et
2601 5677 2961 5756 μετείηζωῆς
2990 5677 3042 5737 et
3072 5684 3208 5752 πρὸς
3238 5686 3514 5754 σωτηρίαν
3543 5699 3598 5740 et
3631 5689 3723 5740 τὸν
3757 5677 3848 5744 αὑ-

2266 5752 2357 5826 τοῡ
2401 5753 2671 5826 μονογενῆΔ
2701 5752 2825 5826 Tios
2847 5753 3043 5823 ὑπογρ.
3073 5756 3302 5826 Σωτῆρα
3323 5772 3335 5784 ⁵
3369 5752 3428 5818 ὃς
3460 5756 3540 5807 δέ.
3577 5757 3748 5815 Purro
3777 5760 3849 5826 ῶς

2261 5817 2322 5869 τὺ
2367 5834 2546 5884 γεγεν.
2577 5817 2846 5884 (tt—0.626;
2875 5817 3002 5875 ἐστι’
3023 5835 3073 5879 et
3107 5817 3271 5896 σαρκ.
3302 5817 3624 5896 γεννήσεως.
