4048 6452
282 464 391 518 8W

1316 457 1404 514 DE
1445 454 1981 514 ECCLESIASTICA
2027 453 2423 514 THEOLOGIA
2468 457 2598 515 LIB.
2639 459 2681 513 1.

3454 464 3563 523 850

282 604 393 648 σει,
418 595 656 655 τοσουτῳ
682 584 786 655 χρὴ
815 584 953 635 νοεῖν
984 581 1077 635 καὶ
1104 582 1204 653 τῆς
1232 581 1340 633 τῶν
1363 580 1583 652 σαρκῶν
1612 579 1846 649 γενέσεω

1983 588 2083 632 tre.
2110 577 2279 634 Nemn
2306 582 2449 635 enim
2477 590 2590 636 tum
2620 581 2786 636 vitam
2818 590 3245 652 consequeretur
3269 592 3557 651 aeternam,

282 674 759 747 ἀπηλλοτριῶσθαι
792 673 882 725 τὸν
910 674 1132 743 τρόπον,
1164 671 1285 727 καθ’
1314 672 1374 726 ὃν
1405 673 1434 725 ὁ
1456 672 1645 742 Πατὴρ
1678 670 1871 739 ἐγέννα

279 768 373 820 τὸν
400 767 544 821 Υἱόν.
589 767 662 819 οὐ
694 763 802 836 γάρ
841 784 894 819 τι
936 764 1279 836 προϊέμενος,
1324 763 1435 818 οὐδ’
1467 762 1867 835 ἀλλοιούμενος,

279 859 404 913 οὐδέ
432 875 495 928 γε
524 856 843 928 παθητικῶς
868 856 1203 928 κινούμενος,
1225 856 1335 909 οὐδ’
1367 856 1507 920 ὅλως
1538 873 1592 909 τι
1609 856 1717 909 τῶν
1739 857 1870 927 ἡμῖν

279 948 759 1018 συνεγνωσμένων,
796 949 1102 1020 ὑπομένων,
1137 948 1334 1020 ὑφίστη
1369 948 1551 1003 αὐτόν.
1589 948 1724 1002 Οὐδὲ
1760 950 1869 1020 γὰρ

281 1039 443 1110 σῶμα
470 1034 559 1109 ἦν,
589 1039 665 1103 ὡς
699 1040 999 1112 ἀπόρροιαν
1026 1039 1135 1109 (46)
1170 1040 1203 1111 ἢ
1250 1039 1497 1110 μείωσιν,
1555 1038 1589 1110 ἦ
1625 1039 1866 1101 ἔκτασιν,

277 1132 311 1203 ἢ
359 1131 678 1203 μεταϐολὴν,
720 1132 754 1203 ἢ
788 1133 1019 1205 τροπὴν,
1064 1132 1280 1205 won.
1331 1132 1365 1204 ἢ
1411 1132 1599 1206 μέρος,
1632 1133 1666 1205 ἢ
1698 1132 1869 1198 πάθος

276 1223 368 1273 ἐπ’
399 1221 547 1293 αύτῷ
573 1222 923 1292 λογίσασθαι·
955 1223 1160 1277 τούτων
1192 1224 1239 1278 δ’
1274 1225 1432 1288 ἐκτὸς
1473 1226 1732 1280 ἁπάντων
1769 1228 1867 1298 ἄῤ-

279 1316 444 1383 ῥητον
472 1317 603 1387 ἡμῖν
649 1318 742 1369 καὶ
772 1316 1203 1385 ἀνεπιλόγιστον,
1241 1318 1443 1388 μᾶλλον
1475 1319 1531 1372 δὲ
1566 1319 1715 1392 πάσῃ
1744 1336 1867 1389 γεν-

275 1410 413 1478 νητῇ
450 1406 608 1476 φύσει
631 1407 1049 1479 ἀνεξερεύνητον
1082 1409 1177 1462 καὶ
1206 1410 1611 1480 ἀνεξιχνίαστον
1641 1413 1740 1483 τὴν
1768 1430 1863 1482 γε-

273 1501 621 1571 νεσιουργίαν
667 1502 887 1573 ὑφίστη.
929 1502 1096 1574 Γεννᾷ
1131 1504 1229 1575 μὲν
1257 1502 1352 1559 οὖν
1385 1506 1480 1558 καὶ
1522 1507 1551 1559 ὁ
1587 1506 1739 1577 ἥλιος
1766 1506 1863 1578 τὴν

272 1591 485 1665 αὐγὴν,
528 1593 746 1661 λέγεται
787 1594 843 1647 δὲ
880 1595 974 1648 καὶ
1013 1596 1043 1649 ὁ
1082 1596 1211 1660 Υἱὸς
1257 1599 1627 1668 ἀπαύγασμα
1667 1600 1864 1668 φωτὸς

270 1684 470 1739 ἀϊδίου
500 1686 597 1739 καὶ
620 1686 986 1756 ἀπαύγασμα
1010 1687 1121 1758 τῆς
1145 1688 1353 1756 δόξης,
1379 1690 1442 1743 οὐ
1468 1691 1567 1762 μὲν
1592 1692 1733 1745 κατά
1762 1693 1862 1763 τὴν

270 1776 538 1849 αἰσθητὴν
568 1776 661 1830 τοῦ
687 1778 862 1846 φωτὸς
887 1780 1072 1834 εἰκόνα
1096 1782 1373 1849 (ἐπέκεινα
1398 1781 1508 1854 γάρ
1533 1782 1735 1846 παντὸς
1763 1800 1863 1836 πα·

273 1870 674 1941 ραδείγματος),
698 1871 960 1942 ἀῤῥήτοις
990 1873 1152 1927 αὐτὸν
1191 1876 1285 1928 καὶ
1327 1876 1734 1947 ἀκαταλήπτοις
1775 1879 1857 1932 λό-

268 1979 391 2029 γοις
415 1961 635 2034 ὑφίστη,
656 1963 753 2015 καὶ
776 1963 964 2018 τοῦτον
987 1964 1085 2019 ἕνα
1116 1967 1208 2019 καὶ
1228 1968 1528 2039 Μονογενῆ.
1561 1969 1853 2025 Δυσσεσῶν

266 2053 328 2105 δὲ
360 2052 451 2105 καὶ
488 2051 664 2106 ἀθέων
704 2054 936 2125 ἀνδρῶν,
986 2055 1082 2127 τὴν
1110 2056 1370 2112 πολύθεον
1403 2058 1612 2129 πλάνην
1634 2078 1856 2133 νενοση-

267 2144 462 2207 κότων,
492 2147 901 2217 ἀππεφράχθω
947 2151 1055 2203 πᾶν
1090 2150 1282 2221 στόμα,
1320 2155 1368 2205 oi
1407 2151 1502 2206 τοῦ
1535 2154 1858 2224 μονογενοῦς

270 2236 400 2290 Υίοῦ
424 2237 521 2308 τὴν
542 2238 815 2309 ἐξαίρετον
834 2242 930 2294 καὶ
953 2241 1257 2307 ἰδιάζουσαν
1273 2244 1524 2317 γέννησιν
1550 2249 1629 2312 εις
1653 2247 1858 2317 πλῆθος

265 2330 695 2394 καταϐάλλοντες
736 2334 967 2402 Πατέρα
994 2334 1228 2405 ἀνδρῶν
1269 2354 1335 2391 τε
1364 2338 1516 2392 θεῶν
1546 2342 1855 2413 τε.ἀνειρή-

266 2416 445 2486 κασίν,
511 2422 647 2493 ὀμοῦ
698 2423 797 2493 μὲν
847 2424 1045 2495 ἄνδρας
1092 2426 1346 2496 μίξαντες
1395 2428 1559 2493 θεοῖς,
1605 2430 1742 2502 ὁμοῦ
1795 2433 1852 2486 δὲ

263 2511 476 2575 τούτοις
507 2514 725 2585 ὁμοφυῆ
759 2515 851 2568 καὶ
878 2516 971 2569 τὸν
1005 2518 1165 2571 αὐτὸν
1193 2520 1573 2592 εἰσηγούμενοι
1608 2524 1850 2595 Πατέρα.

276 2604 415 2657 Ἀλλ’
445 2606 565 2659 οὐδὲ
607 2606 706 2677 μὲν
737 2608 985 2678 ἐνεργείᾳ
1010 2608 1298 2683 δαιμονικῇ
1332 2613 1392 2665 τὸ
1416 2613 1675 2678 δυσσεσὲς
1700 2617 1853 2670 τουτὶ

263 2696 359 2749 καὶ
390 2696 548 2751 ἄθεον
580 2699 892 2770 προήκαντο
927 2702 1097 2771 ῥῆμα,
1130 2700 1209 2772 τῷ
1233 2702 1411 2774 θνητῷ
1444 2706 1539 2759 καὶ
1563 2706 1852 2782 παθητικῷ

261 2788 357 2841 καὶ
395 2788 761 2860 ἁμαρτητικῷ
782 2790 928 2859 γένει
958 2791 1065 2845 τῶν
1103 2793 1407 2865 ἀνθρώπων
1448 2798 1709 2868 ὁμοφυεῖς
1758 2804 1852 2855 καὶ

258 2879 559 2946 ὁμοπαθεῖς
591 2878 769 2943 θεοὺς,
810 2881 902 2934 καὶ
940 2880 1031 2933 τὸν
1074 2882 1281 2936 τούτων
1312 2885 1488 2939 κοινὸν
1526 2888 1850 2961 ὑποθέμενοι

259 2970 499 3042 Πατέρα,
551 2970 769 3035 πάντως
806 2988 910 3025 που
945 2977 1057 3038 τοῖς
1087 2976 1275 3029 παισὶν
1307 2980 1795 3049 παρωμοιωμένον,
1821 2986 1850 3036 ὁ

1973 672 2018 727 si
2072 672 2187 728 inec
2229 674 2469 729 conditio
2500 683 2701 731 statuta
2750 674 2943 730 fuisset
2971 693 2986 731 :
3020 675 3181 745 quia,
3212 675 3386 731 Nemo
3414 681 3559 734 novit

1973 759 2195 816 Patrem
2224 764 2327 817 nisi
2372 761 2565 829 Filius,
2581 780 2743 833 neque
2778 762 2981 819 Filium
3008 766 3126 835 quis
3150 768 3291 821 novit
3320 768 3426 822 nisi
3457 767 3560 823 Pa—

1971 866 2053 909 ter
2073 858 2239 920 solus,
2268 860 2357 927 qui
2392 857 2543 911 illum
2592 859 2861 927 generavit
2890 857 2957 914 ".
3005 858 3214 914 Sullicit
3239 873 3371 931 ergo
3402 862 3559 915 nobis

1972 948 2038 1001 ad
2069 947 2299 1004 salutem
2338 949 2471 1004 lides
2495 988 2511 1011 ,
2547 964 2609 1005 ea
2659 965 2780 1018 qua:
2819 950 2983 1004 Deum
3014 952 3171 1005 nobis
3200 951 3425 1007 exhibet
3462 952 3557 1006 Pa-

1974 1045 2110 1091 trem
2136 1076 2152 1102 ,
2181 1038 2611 1107 omnipotentem
2642 1079 2659 1105 ,
2694 1048 2748 1094 et
2800 1037 2997 1093 Filium
3051 1040 3225 1108 ipsius
3270 1038 3557 1110 subsignat

1974 1130 2347 1191 Servalorem.
2382 1129 2486 1197 Qui
2514 1140 2568 1184 et
2608 1129 2724 1193 ipse
2766 1130 2909 1185 inter
2934 1130 3042 1185 alia
3077 1130 3233 1186 nobis
3259 1130 3362 1184 ista
3404 1144 3556 1185 com-
3613 1186 3620 1203 ,

1974 1222 2250 1277 mendavit
2280 1223 2567 1294 inquiens:
2598 1222 2751 1288 Quod
2790 1232 2971 1276 natum
3007 1232 3085 1277 est
3128 1237 3195 1276 ea:
3216 1237 3398 1288 carne,
3428 1235 3555 1276 caro

1971 1323 2048 1370 est
2078 1332 2098 1380 ;
2125 1326 2171 1369 et
2202 1317 2342 1385 quod
2386 1328 2565 1377 natum
2615 1326 2691 1369 est
2722 1330 2786 1367 ea:
2828 1316 3018 1381 spiritu
3040 1356 3055 1379 ,
3099 1314 3318 1383 spiritus
3348 1324 3425 1367 est
3463 1313 3550 1380 “;

1970 1406 2113 1463 Deus
2160 1417 2338 1462 autem
2381 1409 2601 1475 spiritus
2635 1417 2709 1461 est
2750 1406 2815 1459 ⁸⁷.
2852 1407 3206 1475 Consequens
3253 1405 3416 1475 igitur
3443 1412 3552 1471 est,

1966 1512 2027 1556 ut
2050 1499 2601 1570 intelligamus,quod
2632 1507 2818 1553 natum
2840 1507 2926 1553 est
2957 1498 3024 1581 de
3057 1497 3187 1563 Deo,
3220 1496 3390 1551 Deum
3406 1510 3548 1552 esse.

1969 1594 2240 1661 Quantum
2272 1607 2403 1648 vero
2434 1592 2579 1647 Deus
2604 1593 2693 1647 ille
2730 1592 3107 1647 universorum
3140 1603 3303 1658 super
3328 1602 3550 1642 carnem

1967 1689 2107 1745 hanc
2132 1699 2409 1743 terrenam
2447 1687 2718 1743 exaltatus
2744 1725 2761 1750 ,
2806 1686 2876 1740 ab
2926 1684 3074 1740 illius
3124 1683 3287 1738 modo
3321 1679 3555 1737 recessit-

1961 1790 2018 1837 et
2046 1796 2305 1836 mensura
2336 1798 2349 1835 :
2377 1780 2432 1835 in
2483 1788 2696 1834 tantum
2730 1778 2889 1834 nobis
2917 1776 3098 1832 animo
3129 1772 3548 1844 concipiendum

1963 1867 2047 1929 est
2080 1913 2095 1937 ,
2146 1874 2363 1928 modum
2413 1872 2565 1926 illum
2592 1912 2608 1937 ,
2649 1870 2947 1926 secundum
2975 1882 3136 1938 quem
3170 1866 3331 1922 Pater
3364 1866 3549 1936 genuit

1968 1965 2193 2031 Filium,
2228 1964 2413 2020 multis
2447 1963 2664 2032 quidem
2698 1962 3034 2032 parasangis,
3067 1959 3346 2016 carnalem
3379 1973 3544 2030 gene-

1963 2055 2118 2109 randi
2161 2056 2379 2109 modum
2417 2068 2770 2122 exsuperare.
2808 2059 2866 2116 >14
2920 2051 3107 2119 Neque
3151 2052 3296 2105 enim
3339 2050 3545 2119 aliquid

1960 2147 2284 2213 emittenda,
2322 2146 2519 2202 nedum
2568 2146 2686 2214 ipse
2737 2146 2999 2200 alteratus
3023 2183 3040 2208 ,
3076 2153 3169 2196 aut
3202 2158 3301 2213 per
3329 2142 3544 2212 passio-

1960 2256 2083 2297 nem
2123 2238 2366 2300 aﬂ'ecms
2395 2239 2730 2309 aiiqualiter,
2755 2249 2810 2294 et
2833 2279 2849 2306 ,
2880 2249 2941 2294 ut
2991 2238 3275 2308 expediam
3331 2234 3502 2290 verbo
3525 2274 3542 2297 ,

1960 2332 2095 2388 nihil
2125 2347 2313 2388 eorum
2349 2332 2655 2395 subeumlo,
2696 2347 2817 2402 quae
2852 2331 3054 2388 nostris
3082 2326 3278 2385 animis
3297 2337 3428 2384 sunt
3452 2342 3545 2384 co-

1956 2426 2198 2497 gnitione
2231 2424 2717 2493 apprehensibilia,
2748 2423 2900 2478 illum
2928 2423 3226 2479 subsistere
3258 2419 3407 2475 fecit.
3422 2418 3545 2476 Non

1954 2520 2099 2574 enim
2133 2532 2335 2589 corpus
2368 2526 2487 2574 erat
2516 2516 2685 2580 Patri,
2739 2525 2800 2571 ut
2833 2514 3089 2570 emuxum
3133 2515 3269 2583 ipsi,
3298 2513 3544 2568 diminu-

1958 2612 2182 2675 tionem,
2222 2610 2628 2678 extensionem,
2657 2609 3193 2670 lransmutationem,
3229 2605 3543 2659 conversio-

1954 2720 2077 2760 nem
2105 2743 2124 2771 ,
2150 2702 2355 2759 ﬂuxum
2382 2742 2399 2769 ,
2429 2713 2613 2773 partes
2633 2742 2648 2767 ,
2686 2702 2998 2772 passionem
3043 2700 3405 2754 attribuamns
3431 2696 3542 2752 ullo

1952 2806 2131 2867 pacto.
2163 2796 2247 2852 Ab
2297 2796 2417 2850 istis
2448 2803 2631 2849 autem
2668 2794 2929 2849 omnibus
2978 2792 3117 2846 liber
3148 2802 3203 2847 et
3250 2798 3497 2845 semotus
3522 2827 3539 2852 .

1952 2886 2320 2956 generationis
2356 2885 2575 2939 modum
2625 2884 2828 2939 subivit
2854 2883 2968 2947 ille,
3002 2896 3108 2937 non
3136 2880 3538 2950 explicabilem,

1952 2976 2550 3044 incomprehensibilem
2589 3000 2599 3030 ;
2640 2977 2751 3030 imo
2776 2984 2832 3030 et
2863 2975 3130 3029 universa:
3158 2984 3536 3028 creaturarum

256 3062 302 3115 δ’
325 3063 773 3133 ἐκκλησιαστικδς
798 3064 971 3137 κήρυξ
999 3067 1116 3130 ἐνὸς
1144 3067 1277 3120 Θεοῦ
1300 3068 1396 3121 ἓνα
1434 3075 1694 3144 μονογενῆ
1722 3074 1848 3128 Υἱὸν

1955 3078 2159 3123 natura:
2186 3107 2203 3134 ,
2236 3068 2397 3125 nullis
2428 3069 2672 3138 vestigiis
2721 3067 3055 3124 odorandam
3082 3107 3100 3135 ,
3133 3065 3279 3120 nulla
3312 3064 3539 3119 investi-

256 3158 369 3218 τοῖς
418 3158 584 3210 πᾶσιν
641 3156 1026 3228 ἀνακηρύττει,
1079 3159 1139 3212 ὃν
1200 3160 1341 3232 ὑπὲρ
1399 3164 1496 3233 τῆς
1560 3164 1669 3217 τῶν
1728 3183 1848 3234 γεν-

1955 3164 2173 3229 gatione
2224 3162 2639 3231 assequendam.
2684 3159 2965 3230 Prugignit
3014 3160 3232 3227 quidem
3272 3154 3524 3225 splendo.

258 3245 436 3309 νητῶν
505 3247 764 3302 ἁπάντων
833 3249 1104 3319 σωτηρίας
1165 3266 1223 3303 τε
1289 3252 1383 3305 καὶ
1426 3254 1683 3323 προνοίας
1742 3257 1844 3326 ὐφ-

1955 3269 2063 3308 rem
2094 3254 2161 3309 de
2187 3268 2246 3309 se
2275 3253 2378 3308 sol.
2412 3252 2624 3307 Dicitur
2658 3261 2839 3307 autem
2868 3250 3059 3341 Filius,
3109 3250 3359 3318 splendor
3397 3247 3536 3301 lucis

259 3328 401 3403 ίστη-
1885 3328 1911 3332 ’ν
1951 3358 2163 3401 wternce
2194 3347 2240 3379 ⁸⁸
2274 3363 2289 3403 :
2337 3356 2386 3400 et
2425 3345 2612 3414 gloria:
2635 3344 2885 3415 splendor
2914 3328 2981 3410 θ’,
3028 3343 3125 3397 sed
3174 3356 3282 3395 non
3334 3352 3534 3394 secun-

257 3421 384 3475 dmn
432 3422 572 3479 lucis
626 3423 901 3481 sensibilis
933 3426 1247 3497 imaginem.
1288 3427 1424 3485 Nam
1461 3447 1625 3503 supra
1657 3439 1836 3494 omnis
1876 3440 2108 3510 exempli
2179 3438 2590 3494 similitudinem
2618 3477 2634 3501 ,
2704 3434 3171 3492 inenarrabilibus
3196 3448 3321 3488 eum
3357 3431 3535 3487 modis

254 3525 313 3571 et
364 3516 947 3588 iucomprebendendis
996 3523 1254 3592 produxit
1316 3525 1479 3583 Pater
1530 3548 1543 3583 :
1600 3546 1833 3604 eumque
1873 3552 2038 3591 unum
2075 3545 2131 3591 et
2181 3535 2556 3607 Unigenitum.
2626 3532 2815 3601 lmpiis
2877 3542 3056 3587 autem
3096 3529 3370 3597 omnibus,
3401 3536 3458 3583 et
3500 3544 3532 3583 a

254 3610 457 3678 pietate
500 3614 762 3679 remotis,
809 3628 900 3684 qui
953 3617 1145 3672 morbo
1192 3616 1443 3675 laborant
1489 3622 1555 3679 de
1610 3625 1835 3682 deorum
1874 3629 2245 3694 multitudine,
2310 3628 2638 3684 obturantur
2696 3643 2791 3683 ora
2828 3644 2842 3683 :
2878 3627 2971 3694 qui
3001 3626 3330 3697 singularem
3367 3626 3530 3679 istam

252 3714 310 3760 et
332 3716 588 3761 aeternam
617 3709 878 3779 unigeniti
918 3710 1037 3767 Filii
1077 3714 1518 3785 generationem,
1552 3718 1606 3775 in
1644 3723 2048 3781 multitudinem
2111 3726 2367 3781 deorsum
2431 3722 2765 3793 conjiciunt,
2825 3720 3045 3777 Patrem
3122 3722 3394 3775 hominum
3433 3735 3534 3776 no-

254 3801 526 3859 minantes
565 3806 923 3876 deorumque,
969 3807 1216 3866 homines
1258 3811 1361 3867 diis
1385 3817 1837 3888 commiscentes,
1878 3820 2095 3878 Patrem
2124 3832 2491 3894 supponentes
2553 3823 2637 3878 bis
2701 3836 3085 3892 congenerem.
3121 3820 3262 3886 Alii,
3295 3834 3390 3889 per
3415 3819 3528 3873 dte—

254 3908 478 3949 monum
535 3895 949 3963 operationem,
1005 3898 1228 3964 impium
1292 3901 1433 3958 istud
1493 3910 1711 3961 verbum
1780 3920 1835 3964 et
1875 3912 2144 3968 atlieismo
2203 3914 2420 3984 plenum
2494 3913 2792 3985 promlere,
2842 3914 2971 3968 deos
3011 3926 3370 3981 congeneres,
3428 3910 3529 3966 iis-

252 3984 488 4054 demque
521 3986 864 4057 passionibus
897 3985 1184 4054 obnoxios,
1210 3990 1406 4058 quibus
1444 3997 1694 4061 mortale,
1752 4001 2027 4066 passibile.
2098 4010 2153 4057 et
2218 3984 2689 4073 peccabilegenns
2734 4003 3016 4058 hominum
3047 4002 3312 4073 subiacet,
3334 4002 3527 4058 horum

250 4078 497 4131 omnium
548 4086 604 4131 et
650 4078 984 4147 singulorum
1045 4078 1262 4135 Patrem
1330 4082 1523 4152 Deum,
1574 4089 1802 4159 singulis
1851 4101 1905 4147 et
1958 4096 2227 4151 universis
2274 4098 2586 4151 assimiluri.
2636 4094 2825 4151 Prteco
2871 4105 3051 4150 autem
3106 4096 3525 4153 Ecclesiasticus

252 4170 411 4223 unius
438 4168 554 4234 Dei,
583 4184 746 4224 unum
780 4171 1084 4236 annuntiat,
1114 4182 1170 4227 et
1209 4176 1547 4245 unigenitum
1576 4180 1774 4237 Filium
1808 4203 1820 4238 :
1862 4200 2022 4255 quem
2078 4189 2242 4245 Pater
2292 4191 2360 4244 ad
2408 4190 2638 4246 salutem
2673 4191 3097 4255 universorum,
3180 4199 3235 4244 et
3299 4189 3527 4261 singulis

252 4261 647 4329 providendum
679 4264 967 4329 creaturis,
997 4266 1294 4324 subsistere
1320 4269 1474 4325 fecit.

902 4356 1168 4412 ΚΕΦ.1Γ⁹.

247 4442 378 4497 Ὀτι
420 4444 720 4512 ἀναγκαία
757 4446 857 4526 καί
892 4449 1191 4526 σωτήριος
1232 4452 1360 4526 τοῖς
1404 4453 1613 4523 πᾶσιν,
1651 4459 1686 4526 ἠ
1730 4459 1837 4513 τοῦ

785 4518 920 4573 Υἱοῦ
954 4519 1300 4578 ἐπιστασία.

326 4609 547 4680 Ἐπειδὴ
572 4611 681 4681 γὰρ
701 4614 734 4681 ἡ
760 4611 867 4665 τῶν
900 4614 1199 4690 γεγονότων
1223 4616 1384 4685 φύσις
1414 4618 1472 4671 ὲν
1503 4619 1716 4690 σώμασι
1740 4622 1834 4675 καὶ

244 4702 579 4773 ἀσωμάτοις,
614 4704 879 4774 ἐμψύχοις
904 4722 963 4757 τε
995 4706 1087 4758 καὶ
1111 4683 1359 4778 ἀξιίύγοις,
1387 4683 1623 4779 λογικοίς
1652 4730 1713 4765 τε
1738 4717 1833 4769 καὶ

242 4795 478 4864 ἀλόγοις,
527 4795 739 4866 θνητοῖς
780 4814 840 4849 τε
884 4798 978 4851 καὶ⁸
1005 4798 1309 4865 ἀθανάτοις,
1344 4803 1406 4855 τὸ
1447 4804 1702 4876 διάφορον
1735 4822 1829 4858 κε-

242 4890 491 4959 κτημένη
516 4928 530 4952 ,
560 4889 640 4959 τῷ
674 4891 813 4963 ὑπὲρ
840 4893 1058 4946 πάντων
1093 4896 1184 4946 καὶ
1212 4896 1306 4949 ἐπὶ
1338 4897 1554 4950 πάντων
1580 4899 1698 4969 Θεῷ
1729 4917 1827 4952 πε-

239 4980 423 5044 ’ἀζειν
452 4982 545 5033 καὶ
572 4981 677 5034 τῶν
702 4983 801 5052 τῆς
827 4984 991 5037 αὑτοῦ
1026 4985 1279 5055 θεότητος
1314 4990 1694 5061 μαρμαρυγῶν
1726 4992 1825 5064 οὐχ

235 5089 271 5115 η
290 5088 324 5127 α
355 5090 414 5125 τε
449 5068 516 5143 ἦν
554 5073 800 5143 μετέχειν
830 5075 897 5127 δι’
928 5077 1235 5148 ὑπερϐολὴν
1265 5080 1363 5151 τῆς
1388 5081 1495 5135 ἀπὸ
1524 5081 1617 5133 τοῦ
1648 5084 1827 5153 κρείτ-

237 5180 389 5228 ιιονος
411 5165 721 5235 ἐλλείψεως,
758 5168 973 5239 μακρὰν
1001 5168 1057 5221 δὲ
1099 5171 1193 5223 καὶ
1220 5173 1576 5245 πορρωτάτω,
1609 5173 1822 5242 φύσεως

237 5255 511 5327 ἀσθενείᾳ,
542 5255 801 5310 διολισθὲν
825 5258 891 5311 ἂν
921 5257 1029 5329 εἴη,
1060 5260 1169 5330 (47)
1208 5264 1257 5315 εί
1291 5263 1367 5334 μὴ
1391 5264 1525 5317 Θεοῦ
1572 5266 1825 5337 Σωτῆρος

238 5345 393 5416 ῐτυχε
445 5346 659 5417 βοηθοῦ,
699 5347 922 5412 εἰκότως
955 5350 987 5420 ἡ
1024 5354 1261 5424 πατρικὴ
1298 5354 1699 5427 φιλανθρωπία,
1735 5359 1825 5410 τὸν

2558 4368 2713 4423 CAP.
2758 4367 2893 4422 Xlll.

2016 4458 2170 4525 Quod
2200 4459 2451 4513 adventus
2484 4457 2614 4512 Filii
2651 4461 2892 4514 omnibus
2922 4460 3082 4531 fuerit
3124 4462 3375 4517 salutaris
3403 4472 3454 4517 et

2562 4547 2908 4587 necessarius.

2011 4620 2459 4691 Quandoquidem
2492 4636 2625 4677 vero
2675 4637 2857 4677 rerum
2901 4633 3383 4693 progeneratarum
3427 4640 3525 4681 na-

1937 4724 2077 4779 tura,
2116 4730 2238 4784 qute
2262 4712 2627 4769 dilicrentiam
2665 4717 2860 4770 sortita
2898 4726 2983 4771 est
3010 4716 3391 4787 multiplicem,
3424 4732 3524 4788 per

1934 4822 2229 4875 corporeus
2256 4818 2309 4862 et
2335 4808 2689 4875 incorporeas
2723 4813 2991 4864 essentias
3010 4850 3025 4875 ,
3054 4812 3323 4866 animatas
3352 4822 3409 4867 et
3435 4813 3522 4867 in-

1933 4902 2205 4956 animatas
2236 4942 2250 4964 ,
2279 4904 2577 4957 rationales
2603 4944 2613 4963 .
2643 4914 2698 4957 et
2730 4904 3110 4970 irrationales,
3156 4908 3411 4962 mortales
3467 4919 3523 4964 et

1932 4991 2273 5048 immortales
2298 5034 2313 5059 ,
2365 4998 2804 5066 appropinquare
2837 4999 2946 5053 Deo
2972 5038 2988 5065 ,
3018 5001 3108 5067 qui
3142 5015 3303 5070 super
3336 5003 3520 5057 omnia

1930 5092 1985 5137 et
2018 5100 2113 5151 per
2147 5086 2330 5139 omnia
2362 5098 2577 5154 praeest,
2603 5094 2660 5151 ᾖ
2698 5088 2843 5142 illius
2866 5090 3169 5145 divinitatis
3198 5090 3520 5160 splendores

1930 5174 2076 5228 nullo
2132 5177 2290 5229 modo
2338 5178 2516 5246 potuit
2555 5179 2883 5247 participare
2912 5218 2926 5243 ,
2971 5178 3042 5233 ob
3095 5178 3315 5231 nimiam
3370 5179 3517 5231 illam

1930 5283 2082 5321 suam
2120 5268 2486 5324 deiicientiam
2514 5310 2529 5335 ,
2558 5285 2656 5341 per
2705 5287 2864 5341 quam
2906 5290 2933 5325 a
2975 5280 3167 5326 natura
3219 5272 3305 5326 illa
3346 5270 3516 5325 subli-

1933 5362 2174 5416 missima
2215 5375 2545 5419 semovetur.
2580 5363 2732 5419 Unde
2763 5379 2960 5435 magno
2984 5405 3000 5432 ,
3050 5367 3162 5420 imo
3196 5364 3515 5435 longissimo

312 5514 373 5573 >14
402 5509 499 5566 Ed.
534 5511 731 5578 Paris.,
755 5529 913 5585 pagg.
937 5515 1119 5581 75,74.
1152 5516 1405 5575 “Matth.
1444 5521 1630 5589 x1,27.
1661 5520 1961 5589 “Joannu,
1997 5521 2050 5576 6.
2092 5522 2310 5577 "Joan.
2334 5524 2517 5589 “,24.
2594 5524 2641 5558 ⁸⁸
2657 5524 2784 5592 Sap.
2816 5540 2922 5589 vn,
2955 5524 3042 5579 26.
3126 5525 3412 5594 “Liebm,
3454 5526 3507 5581 3.

312 5748 620 5835 (ιω-γυιων
648 5756 753 5835 καὶ
788 5754 1051 5835 μείωσιν,
1068 5754 1189 5835 _d_ein
1220 5758 1346 5829 ῥοὴν
1376 5770 1428 5813 et
1456 5778 1803 5835 γεννησιουρ-

235 5822 441 5906 «(lux-et
471 5822 565 5906 mi.
588 5823 616 5875 ὁ
643 5822 879 5906 mulcet
903 5826 1001 5879 ἀπ.
1024 5822 1403 5906 δόξηςίροὶτο-
1442 5822 1699 5906 αἰσθητόν
1743 5822 1800 5890 ὀι

236 5890 482 5969 ιιι-ἀΐδιον
514 5900 571 5969 et
600 5890 1039 5969 καταξάλλοντες
1055 5890 1109 5952 et
1138 5890 1293 5969 ἀνδρ.
1326 5904 1416 5956 καὶ
1450 5890 1609 5960 θεῶνί
1658 5906 1793 5962 Dein

234 5962 379 6016 ἄλλοι
410 5961 466 6017 δὲ
507 5962 605 6035 μέν
628 5976 682 6020 et
711 5964 791 6031 τῷ
817 5966 964 6035 διαφ.
1001 5968 1105 6039 Mp.
1131 5971 1200 6023 ῖσ.
1228 5961 1305 6023 τό.

1995 5772 2106 5845 (47)
2143 5776 2211 5828 El
2234 5772 2321 5844 μὴ
2364 5776 2513 5829 Θεοῦ
2544 5774 2859 5845 ΣωτήριΟς.
2898 5774 2972 5830 Ita
3014 5775 3223 5843 legend.
3284 5776 3508 5829 omnino

1917 5854 2065 5909 patet
2088 5844 2270 5921 [vulgo
2301 5845 2541 5921 siqpuq],
2572 5844 2776 5912 statim,
2805 5846 3085 5920 χωροῦντα
3112 5846 3216 5919 [sic
3246 5856 3297 5903 et
3318 5845 3507 5921 codd.)

1915 5930 2105 5985 nempe
2132 5916 2317 5972 lilium.
2360 5916 2427 5971 M.
