4048 6426
630 406 724 460 851
1294 402 1563 462 EUSEBII
1602 403 2081 462 CA'ZSARIENSIS
2119 402 2269 461 OPP.
2311 404 2487 461 PARS
2527 406 2614 462 IV.
2653 438 2723 449 —
2764 404 3178 463 DOGMATICA.
3747 399 3850 464 8m

629 520 930 585 in'ervallo,
957 529 1179 591 propter
1202 520 1498 575 naturalem
1530 534 1681 575 suam
1714 520 2083 576 infirmitatem
2112 520 2157 575 al

2284 522 2446 575 αὐτοῦ
2493 522 2757 593 μονογενῆ
2803 522 2975 577 Παῖδα
3021 522 3113 574 ἐπὶ
3150 521 3283 575 πᾶσι
3332 518 3587 591 καθίστη,
3636 517 3735 571 καὶ
3769 516 3852 573 se

629 616 717 669 illo
744 613 1029 668 excidisset
1050 651 1069 679 ,
1101 612 1203 670 nisi
1246 612 1410 672 Deum
1446 611 1744 679 adiutorem
1782 613 1956 681 ipsum
1989 614 2157 667 nauci.

2282 614 2493 667 πάντων
2522 613 2822 684 χωροῦντα,
2853 615 2947 668 καὶ
2978 616 3089 678 τοῖς
3112 616 3276 667 πᾶσιν
3314 612 3735 678 ἐπιστατοῦντα,
3764 614 3853 667 καὶ

628 713 888 771 sceretur,
924 712 1150 773 paterna
1180 704 1269 758 illa
1294 703 1402 757 'Dei
1435 702 1825 767 misericordia,
1858 718 1957 758 nec
1987 706 2157 758 itnme

2279 702 2376 767 τὰς
2428 702 2487 768 ἐξ
2540 705 2706 758 αὐτοῦ
2766 704 3027 776 χορηγίας
3080 703 3404 774 ὲπάρδοντα.
3472 704 3699 758 Πάντων
3748 703 3853 776 γὰρ

626 798 751 865 rito,
783 812 939 853 suum
969 796 1156 853 Filium
1204 795 1534 866 unigenitum
1564 810 1726 864 super
1755 808 1945 851 omnes
1974 796 2157 852 cons'ti

2279 795 2505 866 ἁθρόως,
2540 797 2648 849 τῶν
2680 814 2739 850 τε
2768 800 2886 852 κατ’
2911 797 3157 869 οὐρανὸν,
3192 798 3286 850 καὶ
3316 798 3425 851 τῶν
3468 800 3560 851 ἐπὶ¹
3599 798 3705 868 γῆς
3748 814 3856 852 ποι·

624 890 747 957 tuit,
780 899 963 959 utpote
986 889 1074 959 qui
1104 901 1200 957 per
1228 887 1407 944 omnia
1426 895 1771 954 commearet,
1795 887 2157 943 omnibusloct

2282 886 2415 955 μένα
2466 886 2561 939 καὶ
2602 887 2850 958 Σωτῆρα.
2900 879 3167 959 κηδεμόνα
3217 903 3276 940 τε
3325 887 3421 940 καὶ
3467 887 3709 957 φύλακα,
3765 886 3855 940 καὶ

622 982 979 1038 moderatoris
1008 978 1341 1048 praesideret,
1378 988 1431 1033 et
1459 978 1578 1033 illos
1604 977 1824 1048 largiter
1846 978 1911 1033 de
1942 994 2035 1034 sua
2062 995 2157 1035 mut

2281 976 2459 1047 ίατρὸν
2482 1016 2497 1039 ,
2547 977 2641 1030 καὶ
2689 978 3025 1051 κυϐερνήτην
3075 978 3233 1051 μόνον
3284 979 3448 1039 αὐτὸν
3502 980 3532 1031 δ
3585 980 3857 1048 γεννήσας

624 1069 894 1131 uincentia
931 1069 1203 1139 irrigaret.
1253 1067 1530 1125 Universis
1568 1069 1834 1136 siquidem
1875 1078 1927 1125 et
1954 1070 2157 1142 singuli:

2278 1067 2516 1135 ἀνέδειξέ
2567 1070 2777 1141 Πατὴρ,
2823 1072 2923 1142 τῆς
2961 1070 3068 1124 τῶν
3109 1070 3245 1129 ὅλων
3293 1070 3607 1139 συστάσεως
3655 1088 3718 1123 τε
3762 1069 3853 1123 καὶ

621 1176 745 1217 eum
794 1161 975 1227 Pater,
1004 1162 1096 1229 qui
1128 1169 1425 1231 genuerat,
1472 1172 1579 1216 tam
1630 1162 1719 1231 qui
1751 1170 1878 1217 sunt
1919 1162 1974 1217 in
2000 1162 2153 1219 curiis

2274 1161 2588 1230 διοικήσεως
2632 1161 2776 1231 μόνῳ
2796 1163 2922 1226 τοὺς
2948 1161 3139 1226 οἴακας
3156 1162 3290 1232 (ιτ)
3307 1160 3621 1232 ἐγχειρίσας
3641 1178 3653 1190 ι
3672 1160 3703 1212 ὃ
3719 1160 3854 1212 διδά-

622 1263 781 1321 quam
815 1254 906 1324 qui
945 1268 1107 1325 super
1137 1262 1325 1319 terras,
1359 1260 1628 1322 pastorem
1661 1253 1940 1309 constituit
1969 1263 2025 1309 et
2044 1240 2157 1309 Ser-

2278 1268 2394 1304 σκει
2436 1251 2605 1320 λέγων
2638 1253 2827 1317 αὑτός·
2879 1253 3085 1307 Πάντα
3121 1270 3223 1323 μοι
3265 1252 3561 1321 παρεδόθη
3594 1252 3717 1307 ὑπὸ
3745 1250 3849 1304 τοῦ

620 1352 858 1401 vatorem
881 1384 899 1407 .
924 1354 1223 1402 curatorem
1266 1344 1412 1398 dedit
1448 1353 1502 1397 et
1542 1344 1837 1411 custodem,
1902 1345 2157 1400 medicun

2272 1344 2500 1412 Πατρός
2508 1362 2647 1413 μου.
2666 1345 2775 1398 Καὶ
2790 1339 2964 1409 αὖθις,
2984 1345 3161 1415 Ὀτὰρ
3178 1345 3377 1415 Πατὴρ
3395 1343 3560 1415 φιλεῖ
3576 1344 3683 1397 τὸν
3694 1342 3849 1406 Υἱὸγ,

623 1437 682 1493 et'
700 1436 1112 1505 gubernatorem
1154 1434 1348 1507 solum.
1384 1433 1458 1489 Illi
1492 1450 1673 1498 rerum
1706 1435 1943 1492 omnium
1971 1437 2157 1505 guber-

2275 1436 2372 1489 καί
2401 1436 2597 1490 πάντα
2622 1429 2881 1489 δέδωκεν-
2916 1438 2986 1488 ὲν
3013 1435 3087 1504 τῇ
3124 1435 3278 1505 χειρί
3306 1436 3514 1507 αὐτοῦ.
3556 1435 3616 1488 '0
3641 1435 3713 1499 δ’,
3761 1428 3850 1489 οἷα

620 1526 816 1587 uacula
861 1527 914 1580 in
966 1541 1154 1582 manus
1201 1524 1385 1591 dedit,
1418 1526 1509 1595 qui
1536 1535 1594 1582 et
1625 1527 1713 1583 illa
1747 1528 2087 1597 produceret,
2118 1542 2157 1583 e1

2275 1527 2437 1597 σοφὸς
2462 1527 2818 1598 κυϐερνήτης,
2849 1526 2940 1579 τὸν
2962 1527 3162 1599 κλῆρον
3190 1526 3342 1598 παρά
3365 1526 3460 1581 τοῦ
3478 1526 3707 1598 Πατρὺς
3728 1526 3850 1579 ὐπο-

620 1618 883 1686 producta
933 1627 1262 1686 procurreret.
1296 1618 1351 1673 ld
1377 1621 1519 1683 quod
1552 1622 1667 1689 ipse
1695 1620 1888 1683 docet,
1938 1619 2026 1674 ubi
2075 1620 2157 1684 ait.

2269 1618 2607 1688 δεδεγμένος,
2642 1618 2837 1681 ἐπιϐὰς
2866 1618 2960 1671 τοῦ
3010 1618 3324 1687 σύμπαντος
3369 1619 3598 1689 κόσμου,
3643 1620 3760 1673 ἀνω
3788 1635 3847 1672 τε

622 1709 812 1765 Omnia
832 1711 957 1766 mihi
979 1710 1175 1764 tradita
1211 1722 1329 1766 sunt
1374 1728 1407 1766 α
1431 1709 1591 1767 Patre
1611 1715 1727 1768 med
1748 1713 1817 1768 ⁷⁸.
1847 1713 1912 1768 Ει
1942 1728 2125 1768 runsus
2153 1732 2157 1767 :

2273 1711 2409 1781 πρὸς
2432 1711 2523 1764 τὸν
2549 1710 2713 1765 αὑτοῦ
2734 1711 2953 1782 Πατέρα
2977 1709 3209 1781 βλέπων,
3242 1710 3364 1779 ἀγει
3384 1712 3475 1766 καὶ
3500 1711 3657 1781 φέρει
3682 1710 3851 1779 πήδα.

619 1800 783 1858 Pater
809 1802 943 1861 enim
968 1802 1138 1873 diligit
1168 1801 1389 1867 Filium,
1412 1814 1459 1858 et
1483 1806 1655 1859 omnia
1678 1805 1755 1860 illi
1777 1805 1833 1858 in
1866 1822 2051 1860 manus
2081 1808 2157 1861 de-

2269 1805 2493 1877 λιουχῶν
2519 1808 2579 1860 τὸ
2600 1807 2726 1871 πᾶν,
2756 1807 2875 1861 ούδέ
2914 1808 2977 1860 τὸ
3018 1804 3381 1877 σμικρότατον
3427 1802 3536 1860 τῶν
3577 1801 3849 1873 δεομένων

619 1892 695 1945 dit
717 1892 782 1945 ".
829 1891 984 1962 Isque
1027 1892 1175 1949 velut
1226 1894 1457 1963 prudens
1487 1897 1816 1967 gubernator
1858 1896 2157 1969 quispiam,

2270 1896 2372 1966 τῆς
2420 1897 2478 1963 ἐξ
2531 1896 2694 1950 αὐτοῦ
2739 1896 3002 1970 χορηγίας
3043 1894 3320 1967 παρορῶν,
3349 1893 3458 1948 οὐδ’
3486 1892 3849 1966 ὑπερφρονῶν

618 1993 817 2040 sortem
847 1985 991 2042 illam
1022 1988 1112 2043 ubi
1145 1989 1212 2045 de
1239 1987 1395 2047 Patre
1424 1999 1753 2060 susceperat,
1800 2005 1962 2061 super
2008 2007 2166 2047 mun-

618 2076 743 2132 dum
783 2082 1083 2142 ascendens
1119 2083 1430 2138 universum
1456 2122 1473 2150 ,
1502 2097 1821 2153 sursumque
1854 2084 1920 2139 ad
1952 2082 2167 2139 Patrem

616 2184 775 2226 suum
801 2172 1044 2237 intuitus,
1074 2174 1475 2230 universitatem
1524 2188 1703 2229 rerum
1735 2175 1844 2246 agit
1865 2214 1881 2241 ,
1918 2174 2022 2232 fert
2052 2190 2169 2231 mo-

616 2262 856 2321 derando
888 2263 1122 2336 singula,
1152 2279 1253 2320 nec
1281 2264 1363 2320 vel
1397 2265 1786 2321 minutissimas
1816 2281 1903 2322 res
1943 2283 2044 2338 ope
2088 2269 2168 2339 ip-

616 2354 727 2410 sius
757 2370 1025 2427 operaque
1051 2356 1352 2427 indigentes
1372 2399 1387 2424 ,
1414 2358 1633 2428 insuper
1672 2358 1871 2425 habet,
1900 2371 1992 2415 aut
2022 2360 2169 2417 vilis-

616 2446 779 2505 simas
814 2448 1115 2518 despectui.
1166 2448 1409 2520 Cumque
1455 2450 1655 2522 iugiter
1704 2451 1924 2507 assistat
1972 2453 2163 2507 borum

614 2540 840 2614 singulis
860 2581 878 2607 ,
912 2542 1107 2612 cuique
1136 2544 1213 2598 rei
1244 2541 1437 2599 dividit
1473 2559 1535 2599 ea
1562 2559 1684 2614 quae
1730 2544 2033 2601 conducunt
2065 2562 2082 2599 :
2112 2554 2169 2599 et

616 2626 868 2705 tanquam
903 2635 1140 2695 medicus
1184 2637 1489 2708 suppeditat
1546 2636 1835 2701 universis,
1869 2650 1988 2706 quae
2018 2634 2165 2692 salu-

614 2733 720 2789 tem
764 2726 1009 2784 videntur
1074 2727 1320 2784 allatura.
1376 2728 1510 2783 Hinc
1557 2729 1839 2784 admodum
1879 2742 2116 2799 congrue
2144 2767 2161 2793 ,

611 2834 784 2889 neque
813 2820 979 2875 vitam
1014 2819 1343 2879 abhorrebat
1366 2822 1677 2892 victumque
1708 2821 2020 2875 humanum.
2054 2818 2161 2875 Sed

608 2927 731 2967 cum
761 2913 828 2967 ab
856 2913 1002 2967 omni
1024 2920 1165 2969 retro
1194 2912 1537 2983 antiquitate,
1569 2911 1865 2969 subsidium
1899 2910 2161 2967 subminio

606 3000 815 3061 strabat
863 2999 1162 3067 afﬂuenter,
1195 3002 1505 3058 hominibus
1557 3001 1649 3070 qui
1702 3016 1732 3055 a
1766 3000 1963 3057 saeculo
2010 3000 2161 3055 vixe-

606 3102 757 3159 runt.
810 3092 921 3148 Deo
948 3093 1087 3156 caris
1116 3106 1169 3148 et
1204 3094 1397 3149 amicis
1427 3113 1441 3148 :
1480 3108 1620 3148 nunc
1642 3094 1876 3148 humana
1900 3093 2071 3149 forma
2100 3108 2160 3150 se

607 3183 1042 3254 conspiciendum
1087 3184 1369 3247 insinuans
1412 3185 1708 3255 majoribus
1762 3182 2154 3241 Hebraeorum:

2273 1987 2379 2041 τῶν
2430 1987 2799 2062 βραχυτάτων.
2842 1988 2933 2042 Διδ
2958 1986 3042 2061 δὴ.
3082 1989 3192 2051 τοῖς
3218 1986 3404 2049 πᾶσιν,
3426 1984 3550 2039 ἐπεὶ
3579 1985 3847 2057 πάρεστιν

2274 2079 2515 2151 ἑκάστῳ,
2548 2078 2725 2151 νέμων
2750 2078 2819 2133 τά
2850 2077 3155 2150 πρόσφορα,
3183 2080 3248 2149 τῇ
3284 2094 3344 2130 τε
3374 2075 3483 2130 τῶν
3519 2074 3659 2130 ὅλων
3686 2074 3846 2147 θερα-

2274 2172 2402 2243 πείᾳ
2432 2172 2586 2242 δίκην
2620 2169 2802 2243 ίατροῦ
2840 2168 2909 2224 τά
2946 2170 3183 2241 ἁρμόδια
3208 2169 3343 2240 πρὸς
3371 2166 3646 2239 σωτηρίαν
3673 2168 3845 2238 ἐπαρ-

2273 2261 2404 2318 κῶν.
2441 2263 2602 2319 Ὅθεν
2634 2263 2857 2324 εἰκότως
2887 2261 3007 2316 οὑδέ
3048 2260 3144 2315 τοῦ
3169 2260 3288 2315 κατ’
3324 2259 3609 2332 ἄνθρωπον
3641 2258 3842 2329 ὑπερε-

2273 2360 2507 2432 φρόνησε
2559 2358 2696 2429 βίου,
2750 2357 2885 2411 ἀλλά
2942 2356 3036 2411 καὶ
3087 2355 3255 2410 πάλαι
3304 2354 3573 2426 πρότερον
3616 2346 3735 2415 τοῖς
3784 2351 3842 2419 ἐξ

2270 2451 2463 2516 αίῶνος
2491 2450 2756 2521 φιλοθέοις
2783 2448 3008 2520 ἀνδράσι
3037 2447 3135 2521 τὴν
3158 2446 3219 2514 ἐξ
3241 2445 3407 2501 αὐτοῦ
3437 2448 3703 2517 παρεῖχεν
3732 2446 3848 2499 ἐπι-

2272 2545 2510 2615 κουρίαν,
2544 2539 2647 2599 ὧδε
2682 2544 2779 2616 μὲν
2813 2527 3135 2614 ἀνθρωπείιρ
3168 2541 3404 2611 σχήματι
3428 2541 3541 2601 τοῖς
3574 2535 3843 2609 Ἑϐραίων

2269 2636 2637 2708 προπάτορσιν
2660 2634 3097 2705 ἐπιφαινόμενος,
3118 2625 3221 2687 ὧδε
3240 2630 3299 2684 δὲ
3332 2632 3443 2693 τοῖς
3461 2629 3671 2683 τούτων
3708 2628 3843 2683 ἀπο-

2266 2728 2440 2795 γόνοις
2477 2727 2765 2798 ἀρμοδίους
2810 2726 3222 2796 διαταττόμενος
3271 2722 3488 2794 νόμους,
3537 2721 3640 2793 ήδη
3668 2720 3729 2774 δὲ
3752 2720 3844 2777 καὶ

2264 2822 2375 2883 τοῖς
2404 2819 2713 2891 μετέπειτα,
2740 2818 2830 2873 διά
2854 2817 3168 2891 προφητῶν,
3199 2802 3497 2888 μελλούσης
3523 2812 3691 2867 αὐτοῦ
3722 2812 3841 2867 Oso-

2265 2912 2487 2980 φανείας
2512 2912 2710 2967 ἅπασιν
2735 2911 3030 2983 ἐκλάμψειν
3053 2907 3381 2983 ἀνθρώποις,
3395 2906 3628 2975 ἐξεδίδου
3656 2904 3843 2959 θεσπί-

2267 3022 2464 3074 σματα.
2517 3005 2605 3069 Ὠς
2647 3004 2705 3059 δὲ
2746 3004 2776 3058 δ
2820 3003 2933 3074 (ιδ)
2987 3002 3190 3056 τούτων
3238 3001 3581 3072 προσήλαυνε
3624 2998 3837 3070 χρόνος,

2265 3097 2444 3169 ἔργοις
2498 3096 2733 3169 ἐπλήρου
2782 3094 3027 3150 παλαιῶν
3078 3092 3341 3165 χρησμῶν
3394 3091 3836 3162 ἀτωτελέσματα,

2267 3190 2358 3241 καὶ
2387 3187 2452 3259 δὴ
2482 3187 2659 3260 παρῆν
2681 3186 2864 3242 λοιπὸν
2896 3182 3097 3256 ἀναμὶξ
3122 3184 3200 3256 τῷ
3230 3182 3409 3255 θνητῷ
3438 3183 3540 3255 βίῳ
3570 3182 3686 3253 (49)
3715 3197 3840 3237 συν-

607 3253 755 3329 nunc
793 3288 921 3330 vero
953 3274 1183 3343 posteris
1219 3274 1463 3341 illorum,
1501 3253 1673 3345 ileges
1716 3274 1847 3345 ipsis
1896 3290 2157 3347 congruas

2263 3253 2672 3351 αγελαξόμεῶς.
2721 3277 2893 3343 Δύτός
2945 3253 3014 3332 τε*
3058 3273 3131 3350 ἦν
3235 3253 3329 3330 τού
3354 3253 3492 3331 Θεοῦ
3514 3253 3737 3347 μονογε
3750 3274 3837 3346 θὴς

604 3366 952 3437 promulgans
984 3383 999 3421 :
1037 3373 1093 3421 et
1119 3354 1518 3437 postremo'per
1542 3365 1853 3437 prophetas,
1882 3367 2161 3424 vaticiniis

605 3456 792 3522 variis,
826 3454 964 3524 apud
1009 3455 1381 3523 posteritatem
1404 3494 1420 3517 .
1455 3470 1609 3511 suam
1632 3456 1866 3512 divinam
1899 3458 2039 3514 inter
2064 3458 2161 3513 lto-

604 3547 779 3613 mines
807 3545 1261 3616 dispensationem
1296 3545 1467 3601 multo
1492 3556 1617 3601 ante
1644 3548 1993 3605 annuntians.
2017 3547 2159 3616 Qua-

603 3653 724 3703 rum
751 3638 992 3709 quidem,
1021 3637 1160 3709 apud
1188 3636 1440 3693 saeculum
1474 3639 1625 3709 prius
1654 3640 1993 3695 oraculorum
2015 3656 2158 3697 com-

600 3731 951 3803 plementum,
1002 3728 1091 3784 ubi
1128 3739 1338 3799 tempus
1369 3730 1699 3798 advenerat,
1729 3733 2104 3803 consignatum
2132 3775 2147 3798 ,

602 3820 776 3889 reipsa
802 3818 1053 3877 en‘ectum
1085 3819 1254 3875 dedit.
1293 3820 1500 3889 Sulque
1530 3818 1753 3889 factum,
1787 3830 1849 3877 ut
1875 3822 2151 3895 deinceps,

600 3911 740 3981 apud
782 3911 1032 3966 homines
1077 3911 1315 3966 humano
1354 3926 1504 3967 more
1531 3923 1865 3969 versaretur.
1916 3913 2155 3986 Eratque

598 4002 908 4072 unigenitus
954 4000 1044 4057 Dei
1084 4000 1254 4057 Filius
1282 4002 1420 4069 ipse,
1464 4002 1557 4072 qui
1597 4004 1650 4058 in
1685 4003 1915 4071 imagine
1946 4006 2151 4073 divina,

595 4092 700 4150 hoc
732 4103 816 4150 est
837 4108 1067 4164 corpore
1094 4098 1454 4148 instrumento
1482 4134 1499 4158 ,
1530 4108 1652 4149 cum
1684 4094 1921 4153 humano
1960 4114 2156 4170 genere

594 4186 1057 4241 conversationem
1090 4185 1278 4239 habuit
1304 4226 1318 4251 ,
1349 4184 1589 4240 docendo
1609 4226 1624 4251 ,
1654 4189 1896 4244 sanando
1918 4232 1934 4256 ,
1962 4190 2155 4246 divina:

593 4292 705 4334 suae
750 4278 1027 4348 sapientiae
1066 4275 1326 4343 ineﬂ'abili
1379 4276 1626 4332 doctrina
1672 4279 2049 4337 lnstituendo:
2090 4290 2148 4353 ᾖ(

591 4371 793 4439 quique
827 4370 1019 4435 adhuc,
1052 4369 1115 4423 ad
1146 4380 1335 4429 nutum
1373 4371 1453 4425 sui
1485 4369 1665 4427 Patris
1693 4413 1707 4437 ,
1743 4377 1811 4429 de
1841 4374 2153 4431 misericor-

588 4460 677 4517 dia
709 4459 826 4529 ejus
855 4462 1201 4531 exsuperanti
1234 4477 1404 4531 usque
1433 4463 1498 4517 ad
1533 4474 1721 4532 portas
1746 4468 1936 4522 mortis
1960 4472 2148 4534 evasit,

586 4569 694 4624 quo
711 4562 777 4652 ‘et
807 4552 961 4619 illos,
991 4553 1082 4652 qui
1132 4554 1205 4609 ibi
1254 4555 1657 4652 detinebantur,
1696 4560 1885 4628 gratim
1934 4574 2149 4630 quoque
2179 4596 2222 4652 Β

587 4646 877 4717 participes
906 4661 1017 4701 suae
1053 4644 1254 4701 iaceret
1279 4687 1294 4712 ,
1326 4648 1391 4701 ad
1414 4649 1579 4703 vitam
1613 4663 1717 4702 una
1739 4662 1920 4705 secum
1967 4659 2146 4705 extra-

582 4750 721 4797 ctos.
769 4741 848 4796 Ad
880 4740 1041 4795 istum
1065 4740 1287 4795 modum
1318 4741 1459 4795 Deus
1490 4741 1541 4795 in
1586 4741 1801 4798 Christo
1822 4751 1963 4807 erat,
1988 4759 2144 4798 mun-

581 4834 709 4888 dum
737 4833 1097 4891 reconcilians
1142 4832 1284 4888 sibi:
1318 4833 1396 4888 sic
1430 4835 1483 4887 in
1514 4849 1679 4890 carne
1725 4836 1901 4891 obivit
1923 4851 2142 4892 meone.

581 4929 745 4982 miam
777 4967 795 4994 ,
828 4934 1113 4996 antequam
1148 4926 1262 4995 ipse
1320 4926 1679 4992 subsistebat,
1722 4928 2007 4984 divinitate
2058 4943 2143 4998 pa-

576 5028 745 5074 terna:
774 5020 956 5089 gloriae
998 5018 1295 5073 honoratus
1324 5034 1339 5073 :
1374 5034 1478 5073 non
1513 5019 1752 5088 rapinam
1785 5021 1989 5076 ducens
2020 5034 2141 5076 esse

572 5114 835 5186 aequalem
882 5114 1024 5181 Deo,
1054 5115 1402 5183 semetipsum
1438 5124 1616 5175 tamen
1660 5116 1985 5172 exinaniens
2012 5158 2028 5183 ,
2082 5125 2138 5172 et
2176 5116 2399 5175 formam
2469 5124 2608 5180 servi

2261 3373 2406 3439 Υἱὸς,
2428 3374 2505 3436 ὡς
2527 3376 2586 3426 ἐν
2612 3371 2887 3443 ἀγάλματι
2914 3370 3065 3442 θείῳ,
3090 3369 3168 3441 τῷ
3191 3370 3285 3424 τοῦ
3315 3368 3567 3441 σώματος
3592 3368 3833 3440 ὀργάνῳ,

2256 3464 2336 3536 τῷ
2386 3464 2493 3519 τῶν
2541 3464 2839 3537 ἀνθρώπων
2884 3462 3193 3535 καθομιλῶν
3239 3464 3387 3533 γένει
3432 3462 3829 3528 διδασκαλίαις.

2258 3558 2569 3631 θεραπείαις
2594 3557 2778 3611 ἐνθέου
2813 3557 3005 3627 σοφίας
3028 3595 3043 3617 ,
3077 3557 3408 3628 ἀπορρήτοις
3438 3556 3827 3627 παιδεύμασιν.

2257 3650 2367 3724 (50)
2402 3650 2539 3721 Ἤδη
2583 3649 2640 3703 δι
2687 3648 2863 3703 αὐτῶν
2911 3648 3071 3721 μέχρι
3119 3647 3351 3702 θανάτου
3398 3647 3583 3701 πυλῶν
3632 3646 3831 3720 ἡλαυνε

2258 3740 2521 3815 πατρικοῦ
2566 3739 2828 3811 νεύματος
2869 3738 3281 3812 ὑπερϐαλλούσῃ
3314 3737 3716 3813 φιλανθρωπίᾳ,
3754 3739 3831 3804 ὡς

2256 3830 2321 3885 ἀν
2348 3830 2444 3884 καὶ
2482 3828 2607 3893 τοὺς
2638 3828 2765 3901 τῇδε
2810 3828 2910 3899 τῆς
2952 3830 3147 3883 ἐαυτυύ
3181 3827 3537 3894 καταξιώσειε
3582 3830 3828 3902 χάριτος,

2255 3922 2349 3976 ἐπὶ
2396 3922 2494 3993 τὴν
2542 3921 2669 3993 παρ’
2706 3919 2855 3991 αὐτῷ
2897 3919 3040 3986 ζωὴν
3075 3920 3444 3993 παρελκύσας.
3494 3919 3655 3974 Οὕτω
3695 3919 3832 3987 Geo:

2249 4008 2319 4083 ἦν
2352 4014 2410 4065 ἐν
2438 4010 2655 4085 Χριστῷ
2695 4011 2897 4083 κόσμον
2930 4011 3314 4066 καταλλάσσων
3340 4010 3550 4084 ἐαυτῷ·
3594 4011 3693 4066 καὶ
3729 4011 3831 4085 τὴν

2253 4105 2515 4177 ἐνσαρκον
2554 4104 2843 4176 ὑπέμεινεν
2890 4105 3220 4176 οἰκονομίαν,
3262 4104 3444 4177 προὼν
3492 4106 3593 4178 μὲν
3632 4105 3826 4179 αὐτῆς,

2252 4197 2345 4250 καὶ
2370 4196 2757 4269 προϋπάρχων,
2794 4195 3005 4268 θεότητι
3034 4196 3308 4267 πατρικῆς
3332 4197 3491 4268 δόξης
3524 4197 3829 4271 τετιμημέ-

2251 4305 2339 4351 νος
2358 4307 2370 4320 ·
2398 4288 2458 4342 οὐ
2484 4289 2589 4361 μὴν
2626 4308 2644 4341 ι
2661 4290 2951 4361 ἁρπαγμὸν
2979 4283 3277 4361 ἡγούμενος
3304 4290 3366 4343 τὸ
3393 4284 3534 4344 εἶναι
3566 4289 3660 4344 ίσα
3683 4286 3826 4363 Θεῷ,

2256 4400 2274 4430 ι
2303 4380 2490 4434 ἐαυτὸν
2523 4380 2569 4433 δ’
2599 4376 2691 4435 οὖν
2719 4380 2980 4445 κενώσας,
3020 4383 3114 4435 καὶ
3158 4383 3372 4452 μορφὴν
3399 4383 3589 4440 δούλου
3620 4383 3825 4449 λαϐὼν,

2254 4489 2274 4522 ι
2308 4471 2661 4525 ἐταπείνωσεν
2692 4472 2902 4536 ἐαυτὸν,
2934 4473 3173 4543 ὑπήκοος
3210 4472 3288 4543 τῷ
3324 4474 3501 4545 Πατρὶ
3531 4475 3827 4546 γενόμενος

2257 4582 2275 4615 ι
2312 4563 2471 4635 μέχρι
2526 4563 2774 4631 θανάτου,
2815 4583 2834 4616 ι
2894 4565 2980 4629 ἵν’,
3039 4564 3227 4635 ῶσπερ
3267 4566 3296 4617 δ
3336 4564 3565 4629 θάνατος
3606 4566 3678 4620 δι’
3704 4567 3826 4631 ἑνὸς

2250 4653 2662 4726 ἁμαρτήσαντος
2704 4654 2990 4727 ἀνθρώπου
3036 4656 3234 4719 παντὸς
3285 4657 3679 4728 κατεκυρίευσε
3730 4660 3824 4728 γι-

2249 4762 2391 4809 νους,
2427 4746 2568 4799 οὕτω
2596 4746 2687 4801 καὶ
2718 4748 2751 4820 ή
2784 4746 3000 4811 αἰώνιος
3026 4748 3139 4821 ζωὴ
3160 4747 3249 4803 διὰ
3276 4748 3379 4820 τῆς
3406 4749 3574 4804 αὐτοῦ
3596 4751 3823 4823 χάριτος

2247 4837 2355 4889 τῶν
2411 4839 2523 4913 (51)
2572 4844 2652 4905 εἰς
2704 4840 2867 4895 αὐτὸν
2925 4838 3333 4914 [πιστευόντων]
3396 4843 3491 4896 καὶ
3542 4842 3611 4897 δι’
3652 4844 3819 4899 αὑτοῦ

2246 4929 2323 4999 τῷ
2368 4930 2484 5003 Θεῷ
2535 4933 2627 4986 καὶ
2658 4932 2831 5004 Πατρὶ
2868 4932 3031 4987 αὐτοῦ
3080 4934 3516 5006 γνωριζομένων,
3569 4934 3821 5007 βασιλεύ-

2248 5039 2406 5079 σειεν.

2684 5137 2965 5181 assumens
2992 5166 3007 5193 ,
3054 5123 3359 5181 bumiliavit
3384 5139 3444 5183 se
3474 5124 3654 5183 iactus
3682 5127 3813 5184 obe-

656 5306 715 5362 rn
749 5296 848 5352 Ed.
879 5297 1075 5363 Paris.,
1100 5314 1223 5370 pag.
1249 5300 1335 5355 75.
1428 5302 1471 5333 ⁷⁸
1500 5300 1686 5360 Matth.
1709 5320 1785 5372 ιι,
1812 5306 1901 5359 27.
1977 5306 2021 5337 "
2047 5304 2202 5363 Joan.
2234 5323 2315 5374 ut,
2340 5308 2428 5363 55.

572 5578 602 5602 ν
640 5517 1322 5602 ρΤχνιιίερέγχεειρήσας
1340 5532 1393 5577 et
1425 5524 1591 5578 πᾶσιν
1628 5526 1749 5577 ἐπεὶ
1787 5527 2046 5597 πάρεστιν
2090 5536 2143 5582 et

566 5585 611 5652 ᾧ
730 5588 826 5658 μέν
858 5585 1182 5653 ωήῶδετοίς.

640 5657 751 5733 ςῤ8)
792 5660 1119 5733 ἐὶ-τούτων
1165 5664 1558 5729 πρεσέλαυνε.
1618 5665 1849 5720 Τούτων.
1898 5667 2135 5733 Nempe,

2246 5527 2411 5605 2.__L!.
2440 5561 2506 5605 :—
2543 5528 2657 5584 Mox
2685 5532 2843 5605 vulgo
2867 5532 2957 5585 ml.
2987 5531 3295 5605 6e_1rapsin.

2440 5601 3007 5679 ξυναγςέαζόμενος.
3036 5600 3696 5679 Ροτίεῌσυναυλιζόμενος.
3730 5610 3802 5666 Ι.

2308 5670 2419 5747 (50)
2446 5670 2741 5747 Υιιιεοῌήδη
2765 5673 2827 5747 δή
2854 5684 2908 5728 et
2929 5672 3034 5743 Mp.
3066 5691 3157 5747 γρ.
3190 5676 3316 5747 ᾅδου
3361 5670 3479 5733 loco
3511 5670 3801 5744 ’θανάτους

567 5727 1138 5823 2::‘12'3§.1‘“}Br_89€’:
1164 5726 1273 5823 ,δέαὲ
1318 5735 1691 5823 τξολυτρόπειέςπ
1754 5750 1948 5823 Pam-
2000 5726 2132 5823 9‘3""

2260 5726 2354 5793 lein
2401 5726 2675 5813 'vulgov'rﬁ'
2712 5726 2942 5815 θεότητι,
2968 5726 3033 5800 et
3072 5726 3164 5799 ΐᾶοὶ
3193 5726 3805 5823 Ἰδι’ἐνδεξ-ἀριιιῂρίτψςιίἶδνί

572 5796 834 5876 allocutus
862 5796 953 5876 est
978 5817 989 5851 :
1018 5796 1449 5876 ideolegentluni
1475 5796 1797 5876 παρέλαυνέ,
1822 5808 2084 5874 ρτῖειθτίίι
2112 5826 2125 5861 :
2232 5828 2319 5874 τος

576 5866 807 5935 explicat
832 5868 995 5934 enim,
1027 5871 1164 5940 quod
1201 5866 1413 5941 ponitur
1442 5891 1469 5929 a
1510 5866 1569 5929 BI
1619 5866 1874 5933 Paulo'ad
1902 5876 2035 5934 ileb.
2076 5894 2121 5945 ι,

2299 5853 2382 5947 iiii
2394 5882 2410 5945 )
2425 5885 2527 5948 Είς
2544 5885 2747 5938 αὐτόν.
2765 5886 2997 5950 Apparet
3022 5890 3205 5948 deesse
3227 5891 3313 5947 hic
3329 5892 3709 5949 πιστευόντων.
3727 5891 3798 5948 ν.
