4048 6460
278 429 390 488 853

1278 428 1364 483 DE
1404 430 1938 485 ECCLESIASTICA
1975 427 2365 483 TllEOLOGlA
2401 427 2527 481 LIB.
2570 429 2606 479 l.

3440 424 3544 479 854

278 546 441 603 diens
467 544 613 601 Patri
638 560 807 615 usque
835 546 898 599 ad
958 554 1209 600 mortem.
1279 546 1355 600 lta
1393 554 1449 599 ut
1482 546 1932 615 quemadmodum
1972 561 2121 600 mors
2155 560 2251 615 per
2280 559 2443 599 unum
2470 544 2742 599 hominem
2778 552 3112 613 peccantem,
3144 543 3195 596 in
3229 556 3399 611 genus
3426 544 3545 595 uni.

278 657 504 699 versum
542 644 819 698 dominata
865 641 1035 696 fuerat
1068 660 1081 694 :
1110 643 1190 698 sic
1227 650 1282 695 et
1326 642 1436 695 vita
1488 652 1708 703 aeterna,
1761 656 1857 709 per
1898 641 2068 707 ipsius
2131 620 2357 711 gratiam
2382 681 2397 703 ,
2435 638 2720 707 imperium
2788 639 2843 692 in
2883 653 2978 693 eos
3028 649 3217 691 omnes
3251 634 3545 702 obtineret,

277 737 378 807 qui
412 737 467 792 in
495 736 643 792 ilium
692 735 1016 797 crederent,
1042 743 1095 789 et
1124 748 1219 801 per
1246 732 1393 787 illum
1420 777 1433 801 ,
1468 733 1576 788 Deo
1611 744 1667 788 et
1714 732 1862 786 Patri
1904 732 2092 800 ipsius,
2131 728 2901 807 cogniticommendarentur.

926 828 1081 879 ΚΕΦ.
1120 827 1214 878 ῘΔ’.

280 919 411 978 ὀτι
452 921 708 990 εὐλόγως
746 921 785 988 ἡ
826 920 1155 990 Ἐκκλησία
1197 916 1268 990 τὰ
1304 918 1462 990 αξιτά
1484 916 1872 985 φρονήσαντα

494 988 798 1055 Σαϐελλίῳ
823 988 1180 1056 Μάρκελλον
1215 988 1641 1056 ἀπεδοκίμασε.

352 1081 592 1146 Εἰκότως
625 1078 737 1150 (52)
788 1078 853 1149 δὴ
894 1078 1067 1131 ταῦτα
1102 1076 1447 1148 κηρύττουσα
1480 1079 1513 1145 ἡ
1553 1075 1867 1147 Ἐκκλησία,

278 1172 474 1244 ὥσπερ
499 1190 551 1225 τι
582 1170 837 1241 κίϐδηλον
864 1166 1327 1239 παραχαράξαντα
1350 1168 1612 1238 νόμισμα,
1643 1168 1743 1235 τὴν
1774 1166 1871 1236 ἄρ-

278 1280 441 1334 νησιν
464 1261 561 1315 τοῦ
596 1260 725 1314 Υίοῦ
778 1258 874 1313 τοῦ
928 1257 1099 1322 Θεοῦ,
1144 1258 1235 1312 τὸν
1281 1258 1564 1311 Σαϐέλλιον
1620 1257 1871 1311 ἀπεδοκί-

282 1371 449 1429 μασε,
488 1354 663 1407 καίτοι
715 1351 848 1406 Θεὸν
874 1350 970 1404 ἕνα
1018 1348 1236 1413 ειδέναι,
1274 1349 1386 1421 (55)
1418 1351 1512 1402 καὶ
1538 1349 1678 1419 πλὴν
1701 1347 1865 1402 αὐτοῦ

280 1442 362 1515 μὴ
386 1439 548 1509 εῖναι,
587 1440 891 1513 Μαρκέλλῳ
924 1437 1319 1510 παραπλησίως
1351 1437 1579 1506 λέγοντα
1600 1455 1612 1467 ο
1642 1437 1737 1489 καὶ
1772 1437 1869 1490 αὑ-

274 1536 377 1593 τοῦ
414 1536 471 1589 δὲ
517 1534 611 1588 τοῦ
644 1534 897 1604 Σωτῆρος
928 1531 1085 1603 ἡμῶν
1122 1532 1172 1584 ol
1216 1532 1643 1603 πρωτοκήρυκες
1682 1529 1869 1583 Ἐϐιω-

276 1627 465 1691 ναίους
497 1622 778 1696 ὠνόμαζον
813 1622 1073 1694 Ἑϐραῐκῇ
1118 1625 1269 1693 φωνῇ
1296 1662 1311 1685 ,
1342 1621 1455 1688 (54)
1488 1638 1737 1691 πτωχους
1765 1620 1867 1690 τὴν

275 1716 523 1775 διάνοιαν
555 1712 978 1777 ἀποκαλοῦντες,
1009 1713 1135 1774 τοὺς
1172 1710 1269 1763 ἕνα
1298 1710 1401 1780 μὲν
1425 1710 1558 1763 Θεὸν
1610 1710 1868 1778 λέγοντας

277 1808 500 1874 ειδέναι,
531 1808 626 1861 καὶ
664 1804 761 1858 τοῦ
785 1804 1037 1875 Σωτῆρος
1072 1803 1134 1856 τὸ
1169 1803 1328 1873 σῶμα
1372 1801 1447 1875 μὴ
1477 1800 1863 1874 ἀρνουμένους,

275 1898 381 1971 τὴν
407 1899 465 1953 δὲ
493 1899 585 1952 τοῦ
619 1895 746 1951 Υίοῦ
775 1895 1001 1967 θεότητα
1038 1894 1113 1965 μὴ
1145 1895 1373 1957 εἰδότας.
1412 1894 1523 1947 Καὶ
1568 1893 1659 1947 τὸν
1692 1894 1867 1963 Σαμο-

278 1992 451 2046 σατὲα
476 1991 539 2063 δὴ
566 1990 772 2060 καίπερ
813 1988 1021 2061 Ἰησοῦν
1057 1988 1150 2040 τὸν
1189 1987 1424 2057 Χριστὸν
1453 1985 1546 2039 τοῦ
1566 1985 1703 2039 Θεοῦ
1728 1981 1866 2039 εἶναι

273 2083 617 2147 διδάσκοντα,
648 2081 781 2135 Θεόν
803 2097 863 2133 τε
894 2079 991 2133 ἕνα
1016 2079 1108 2132 τὸν
1140 2080 1234 2131 ἐπὶ
1261 2080 1480 2133 πάντων
1508 2078 1709 2148 ὁμοίως
1737 2079 1865 2148 ὁμο-

1886 836 1934 888 Α

2576 820 2725 876 CAP.
2774 819 2911 874 XIV.

2020 912 2175 977 Quod
2205 910 2470 975 Ecclesia,
2504 927 2595 964 nec
2618 914 2898 977 iminerilo,
2930 911 3242 966 Marcellum
3273 914 3502 982 ejeceril,

2120 988 2355 1035 eamdem
2391 999 2507 1035 cum
2533 982 2764 1036 Sabellio
2798 982 3051 1051 foventem
3082 985 3400 1051 Opinionem.

2043 1072 2174 1136 iure
2204 1075 2411 1142 optimo
2455 1074 2723 1140 Ecclesia,
2753 1089 2873 1143 qua:
2920 1076 3200 1155 veritatem
3225 1076 3384 1130 istam
3420 1090 3544 1146 pro-

1972 1165 2181 1231 ﬁtetur,
2214 1162 2506 1219 Sabellium
2532 1180 2563 1220 a
2595 1180 2653 1221 se
2683 1165 2940 1242 rejectum
2975 1165 3269 1236 ablegavit,
3300 1165 3394 1233 qui
3426 1175 3547 1219 tan-

1971 1270 2134 1327 quam
2175 1256 2538 1310 adullerinum
2594 1257 2862 1325 quoddam
2908 1257 3216 1321 numisma,
3273 1256 3395 1311 Filii
3451 1258 3545 1312 Dei

1970 1349 2750 1419 consignavitabnegationem
2783 1367 2798 1403 :
2852 1358 3131 1419 utcunque
3163 1364 3329 1404 unum
3376 1350 3543 1405 Deum

1970 1443 2060 1497 ille
2108 1442 2457 1497 conﬁteretur
2484 1483 2499 1507 ,
2534 1452 2625 1506 et,
2661 1441 3111 1510 quemadmodum
3147 1457 3292 1498 nunc
3313 1442 3543 1498 Marcel-

1971 1534 2077 1599 lus,
2141 1534 2321 1603 palam
2354 1533 2792 1603 proloqueretur,
2831 1548 2891 1587 se
2922 1532 3138 1588 nonnisi
3180 1548 3345 1588 unum
3375 1533 3544 1588 Deum

1968 1624 2303 1692 agniturum.
2341 1624 2451 1679 Sed
2481 1633 2537 1679 et
2570 1622 2877 1685 Servatoris
2911 1626 3081 1680 nostri
3112 1625 3271 1697 primi
3303 1624 3377 1680 illi
3406 1640 3546 1696 pra:-

1967 1731 2134 1772 cones
2163 1714 2472 1783 Ebionaaos,
2502 1717 2607 1771 hoc
2639 1724 2724 1770 est
2747 1718 3046 1796 mendicos,
3084 1716 3349 1774 Hebraice
3369 1717 3546 1774 nomi-

1969 1818 2173 1863 narunt
2198 1808 2339 1873 illos,
2369 1819 2594 1876 propter
2623 1807 2928 1863 intellectus
2974 1809 3253 1879 animique
3280 1808 3543 1864 mendici-

1970 1910 2157 1966 tatem,
2190 1900 2285 1971 qui
2319 1915 2380 1956 se
2412 1899 2580 1955 Deum
2614 1915 2780 1953 unum
2823 1908 3034 1954 tantum
3087 1900 3369 1969 agnituros
3394 1899 3545 1954 dice-

1969 1992 2118 2053 bant,
2142 1999 2198 2046 et
2227 1990 2356 2045 licet
2381 2005 2603 2045 carnem
2629 1989 2828 2046 Christi
2863 2004 2966 2045 non
3020 1990 3382 2060 abnegarent,
3416 1988 3540 2044 Filii

1971 2093 2148 2138 tamen
2172 2081 2266 2137 Dei
2306 2082 2648 2138 divinitatem
2686 2098 2792 2138 non
2829 2081 3156 2138 fatebantur.
3190 2080 3296 2138 Sed
3328 2092 3382 2138 et
3407 2081 3546 2137 Pau-

272 2173 537 2245 λογοῦντα
565 2172 869 2243 Μαρκέλλῳ
886 2212 902 2239 ,
933 2173 1039 2242 τῆς.
1072 2171 1397 2240 Ἑκκλησίας
1417 2168 1511 2223 τοῦ
1537 2168 1672 2222 Θεοῦ
1709 2168 1863 2222 ἀλλό-

1970 2173 2081 2227 lum
2118 2172 2184 2227 de
2208 2172 2517 2237 Samosata,
2551 2172 2785 2227 alienum
2844 2172 2912 2226 ab
2960 2172 3203 2227 Ecclesia
3228 2173 3545 2243 pronuntia-

272 2284 430 2339 τριον
456 2265 744 2337 ἀπέφηναν
801 2266 852 2317 οἱ
888 2263 1329 2335 ὲκκλησιαστικοὶ
1366 2260 1629 2332 Πατέρες,
1672 2260 1753 2313 ὅτι
1791 2260 1865 2332 μὴ

274 2359 375 2413 καὶ
398 2358 527 2413 Υίὸν
550 2356 709 2421 Θεοῦ,
740 2357 834 2409 καὶ
861 2356 1015 2420 Θεὸν,
1040 2354 1147 2427 πρὸ
1172 2355 1272 2425 τῆς
1304 2354 1573 2422 ὲνσάρκου
1598 2352 1867 2420 γενέσεως

272 2451 409 2505 ϐντα
438 2450 528 2504 τὸν
557 2448 793 2521 Χριστὸν
819 2446 1105 2519 ὡμολόγει.
1147 2445 1286 2498 Ἀλλ’
1311 2438 1464 2508 οὗτος
1495 2444 1594 2513 μὲν
1614 2484 1628 2507 ,
1664 2443 1753 2521 Ᾱὼς
1784 2445 1867 2506 εἰς

271 2541 369 2595 τὸν
403 2518 637 2613 Χριστὸν
670 2518 912 2605 ἀσεϐῶν,
947 2539 1048 2609 τῆς
1080 2538 1405 2606 Ἐκκλησίας
1441 2536 1605 2590 αὑτοῦ
1648 2518 1866 2606 μακρὰν

271 2632 565 2702 ἡλαύνετο³
603 2630 888 2695 Σαϐέλλιος
913 2630 981 2698 δ’,
1013 2629 1087 2694 ὡς
1116 2632 1198 2693 είς
1219 2629 1386 2682 αὐτὸν
1415 2626 1750 2699 πλημμελῶν
1773 2628 1867 2680 τὸν

275 2725 520 2797 ῌατέρα,
549 2723 608 2777 δν
630 2723 760 2777 Υίὸν
789 2722 969 2792 λέγειν
1003 2721 1225 2792 ἐτόλμα,
1258 2720 1355 2791 τὴν
1395 2720 1517 2790 ῐσην
1544 2722 1657 2782 τοῖς
1685 2717 1867 2781 ἀθέοις

274 2814 629 2887 αίρεσιὼταις
661 2814 853 2885 ὑπεῖχε
885 2813 1172 2884 τιμωρίαν.
1228 2811 1339 2883 (55)
1384 2812 1466 2866 Τὰ
1510 2810 1599 2866 ῐσα
1645 2810 1689 2863 δ’
1715 2810 1865 2881 αὐτῷ

275 2905 632 2976 ὑπειδόμενος
657 2904 975 2976 Μάρκελλος
1022 2902 1236 2968 παθεῖν,
1295 2903 1618 2973 καινοτέραν
1674 2901 1865 2968 ἐξεῦρε

275 3001 346 3070 τῇ
381 2998 562 3073 πλάνῃ
590 2998 858 3069 μηχανὴν,
882 2996 1016 3050 Θεὸν
1043 2998 1138 3049 καὶ
1161 2996 1252 3048 τὸν
1286 2997 1343 3048 ὲν
1381 2994 1531 3065 αὐτῷ
1562 2995 1733 3063 Λόγον
1766 2995 1864 3049 ἕνα

280 3091 384 3166 μιν
424 3086 565 3145 εἶναι
612 3088 944 3163 ὁριζόμενος,
980 3086 1075 3141 δύο
1110 3087 1155 3140 δ’
1191 3086 1339 3156 αὐτῷ
1372 3086 1585 3157 Πατρὸς
1613 3085 1709 3139 καὶ
1733 3083 1864 3138 Υῑοῦ

274 3184 637 3256 χαριζόμενος
673 3182 992 3254 ὲπηγορίας.
1039 3180 1116 3234 Οὐ
1155 3179 1260 3251 μὴν
1290 3178 1478 3234 ἔλαθεν
1497 3219 1511 3244 ,
1542 3177 1651 3230 οὐδ’
1674 3177 1866 3246 ἐξέφυ-

276 3291 398 3344 ηεν,
429 3273 528 3343 ὀψέ
562 3290 693 3327 ποτε
722 3270 995 3343 φωραθεὶς
1016 3274 1131 3335 τοῖς
1156 3270 1269 3341 (56)
1296 3270 1459 3333 αὐτὸς
1487 3267 1653 3323 αὐτοῦ
1680 3268 1865 3323 δικτύ-

273 3385 381 3432 οις.
422 3365 591 3437 Πλὴν,
611 3365 707 3419 καὶ
733 3365 861 3436 πρὶν
886 3362 1110 3426 ἀλῶναι,
1145 3360 1444 3431 συνειδήσει
1473 3359 1862 3430 πληττόμενος,

276 3461 361 3523 εις
383 3458 697 3527 ἀποσκευὴν
719 3456 819 3525 τῆς
847 3455 1121 3518 ὑπονοίας,
1150 3453 1489 3524 βλασφημεῖν
1517 3451 1744 3523 ὥρμητο
1770 3452 1865 3505 τὸν

278 3549 589 3604 Σαϐίλλιον.

1971 2271 2094 2316 rnnt
2116 2260 2309 2317 Patres
2330 2261 2715 2328 ecclesiastici,
2742 2262 2869 2318 licet
2893 2263 3075 2319 .lesum
3111 2263 3205 2319 Dei
3261 2263 3542 2319 Christum

1968 2354 2316 2423 profiteretur
2346 2370 2361 2407 :
2397 2354 2563 2408 Deum
2606 2370 2771 2410 unum
2798 2371 2960 2426 super
2983 2370 3192 2422 omnes,
3222 2356 3450 2426 perinde
3477 2370 3545 2411 ac

1970 2441 2279 2509 Marcellus,
2325 2455 2676 2516 agnosceret,
2715 2458 3005 2517 propterea
3037 2448 3180 2518 quod
3210 2462 3317 2503 non
3378 2447 3543 2502 simul

1969 2537 2221 2593 crederet
2254 2536 2529 2593 Christum
2558 2537 2728 2593 fuisse
2776 2537 2972 2593 Filium
3008 2540 3102 2595 Del
3130 2550 3186 2596 et
3221 2539 3389 2596 Deum
3415 2548 3545 2594 ante

1968 2640 2121 2682 suam
2174 2628 2625 2683 incarnationem.
2660 2629 2947 2697 Quocirca,
2982 2631 3147 2687 veluti
3187 2632 3239 2686 in
3264 2630 3542 2687 Christum

1970 2718 2189 2788 impius,
2225 2717 2382 2790 longe
2435 2720 2537 2774 fuit
2586 2722 2654 2777 ab
2705 2723 2945 2778 Ecclesia
2975 2723 3173 2778 Christi
3208 2722 3540 2777 eliminatus.

1970 2810 2238 2868 Sabellius
2268 2812 2487 2883 insuper
2519 2820 2577 2879 >14
2609 2816 2771 2871 veluti
2804 2816 3000 2887 impius
3023 2816 3263 2886 inipsum
3296 2813 3540 2878 Patrem,

1969 2920 2130 2975 quem
2164 2904 2359 2959 Filium
2397 2908 2670 2976 appellare
2696 2923 2860 2963 ausus
2894 2907 3092 2972 fuerat,
3118 2908 3366 2964 eamdem
3400 2920 3544 2974 quoe

1968 3011 2074 3064 que
2101 3009 2316 3064 pinnam
2362 3011 2485 3051 cum
2517 2997 2783 3053 haereticis
2806 2997 3087 3068 sacrilegis
3115 2996 3340 3052 subivit.
3398 2993 3543 3049 lar-

1968 3086 2139 3141 cellus
2191 3088 2397 3142 veritus
2436 3102 2503 3142 ne
2533 3089 2649 3157 pari
2679 3102 2801 3143 cum
2824 3088 2914 3143 illo
2947 3101 3106 3157 pana
3163 3074 3539 3154 mulctaretur.

1969 3176 2161 3231 haeresi
2197 3191 2308 3231 sua:
2355 3178 2664 3232 machinam
2704 3176 3129 3233 sulllaminaudaa
3163 3192 3356 3231 novam
3387 3177 3545 3231 adin-

1968 3267 2150 3332 venit;
2215 3267 2380 3322 Deum
2412 3278 2573 3337 atque
2597 3269 2834 3323 Verbum
2865 3269 2918 3323 in
2962 3268 3093 3335 Deo,
3128 3284 3291 3322 unum
3320 3270 3542 3339 quidem

1970 3359 2397 3423 determinando,
2424 3360 2517 3414 sed
2544 3359 2718 3414 eidem
2749 3359 3019 3431 geminam
3055 3359 3540 3427 nomenclaturam,

1971 3451 2147 3505 Patris
2212 3462 2372 3520 atque
2421 3449 2541 3505 Filii
2594 3450 2920 3519 adaptando.
2998 3448 3106 3505 Sed
3144 3464 3320 3520 neque
3351 3449 3441 3505 ille
3465 3450 3539 3505 ita

1888 3539 1932 3595 C
1966 3544 2125 3597 latuit
2155 3560 2171 3597 ι
2204 3557 2304 3598 nec
2336 3546 2459 3596 εει-ο
2492 3544 2618 3598 licet
2652 3542 2922 3609 irretitus,
2965 3556 3062 3596 sua
3106 3542 3276 3613 ipsius
3304 3542 3439 3597 retia
3464 3540 3547 3597 ei-

280 3642 473 3715 fugere
499 3641 697 3713 potuit.
731 3640 799 3697 At
831 3641 1149 3706 enimvero,
1202 3640 1518 3709 priusquam
1584 3638 2103 3708 deprehenderetur,
2172 3638 2513 3694 conscientia
2582 3638 2896 3695 stimulante
2946 3638 3190 3710 propria,
3222 3646 3282 3692 ut
3322 3651 3541 3693 omnem

281 3756 315 3796 a
344 3756 405 3797 se
429 3740 797 3811 suspicionem
828 3738 1168 3799 amoliretur,
1187 3737 1256 3793 ad
1285 3734 1581 3791 Sabellium
1605 3735 1858 3806 prorupit
1896 3736 2337 3791 conviciandum.

911 3832 1070 3887 ΚΕΦ.
1122 3832 1224 3885 1Ε’.

289 3926 543 3993 Ὁκοίοις
558 3925 789 3997 ῥήμασι
798 3923 1145 3997 Μάρκελλος
1163 3923 1272 3997 τὸν
1285 3923 1613 3997 suasum
1624 3922 1857 3997 ἔκοπτε,

386 3992 903 4068 προσποὶούμενος
934 3995 1021 4065 μὴ
1054 3996 1127 4049 τὰ
1160 3994 1265 4048 ισα
1287 3993 1449 4059 αὐτῷ
1482 3992 1745 4063 φρονεῖν.

355 4086 546 4155 Ὅπως
570 4084 629 4139 δὲ
659 4085 751 4141 τὸν
782 4083 952 4157 ἄνδρα
982 4083 1227 4138 διέϐαλεν
1266 4083 1525 4154 ὀνομαστὶ
1558 4082 1860 4154 μνημονεύ-

283 4195 382 4242 σας
416 4176 602 4241 αὑτοῦ,
637 4177 961 4239 ἐπάκουσον,
988 4175 1162 4230 ταῦτα
1188 4177 1315 4247 περὶ
1358 4173 1524 4229 αὑτοῦ
1559 4175 1861 4246 γράφοντος

280 4271 475 4333 αὐτατς
496 4266 809 4331 συλλαϐαῖς·
847 4287 866 4321 ι
887 4266 1171 4330 Σαϐέλλιος
1201 4266 1309 4338 γὰρ
1341 4268 1436 4319 καὶ
1467 4266 1629 4329 αὐτὸς
1654 4266 1753 4337 τῆς
1777 4266 1862 4336 ὀρ-

288 4380 308 4413 c
343 4358 446 4429 θῆς
488 4358 775 4430 ὀλισθήσας
830 4357 1083 4423 πίστεως,
1138 4356 1262 4411 οὔτε
1312 4357 1405 4410 τὸν
1448 4356 1581 4410 Θεὸν
1618 4353 1861 4427 ἀκριϐῶς

288 4472 307 4504 ι
343 4451 507 4521 ιγνω.
537 4449 660 4504 οὔτε
687 4451 779 4504 τὸν
819 4450 974 4518 ἆγιον
1004 4448 1171 4504 αὐτοῦ
1197 4448 1388 4517 Λόγον.
1431 4447 1489 4502 '0
1515 4447 1624 4518 γὰρ
1667 4446 1741 4518 μὴ
1769 4447 1861 4500 τὸν

286 4563 305 4596 σ
344 4542 516 4611 Λόγον
535 4542 697 4611 γνοὺς
718 4542 952 4613 ἠγνόησε
979 4543 1074 4595 καὶ
1098 4540 1191 4594 τὸν
1214 4540 1455 4611 Πατέρα.
1501 4538 1710 4606 οὐδεὶς
1750 4541 1860 4611 γὰρ

2605 3829 2757 3886 CAP.
2791 3830 2907 3886 XV.

1970 3966 2176 4033 Quibus
2212 3966 2379 4021 verbis
2445 3964 2733 4019 Marcellus
2787 3964 3081 4021 Sabellium
3119 3952 3380 4031 concidit,
3415 3966 3546 4020 dum

2311 4037 2376 4089 ab
2405 4053 2464 4091 eo
2497 4053 2550 4091 se
2583 4037 2747 4092 videri
2777 4038 2882 4090 vult
2909 4037 3206 4091 dissentire.

2039 4171 2177 4226 Audi
2220 4186 2350 4228 vero
2393 4172 2589 4243 quibus
2628 4172 2719 4229 ille
2756 4172 2935 4229 verbis
2966 4171 3263 4227 Sabellium
3296 4181 3544 4237 accusat,

1968 4264 2023 4318 in
2056 4264 2259 4333 quibus
2310 4264 2459 4319 illum
2508 4265 2797 4335 compellat
2823 4266 2890 4320 de
2913 4266 3151 4320 nomine.
3193 4263 3332 4318 Sunt
3362 4273 3547 4319 autem

1967 4372 2091 4426 qua:
2114 4356 2307 4413 scribit
2343 4358 2459 4412 haec
2506 4358 2805 4427 ipsissima.
2838 4356 2924 4429 [Β.
2973 4355 3266 4428 XXXVIII]
3301 4374 3320 4407 ‹
3352 4355 3547 4411 Sabel-

1975 4466 1991 4498 ι
2023 4447 2125 4503 lius
2160 4459 2341 4503 autem
2370 4448 2459 4503 ille
2493 4463 2616 4503 cum
2642 4463 2671 4501 a
2698 4459 2845 4503 recta
2886 4447 2991 4502 (ide
3042 4448 3334 4509 deviasset.
3369 4460 3547 4515 neque

1974 4558 1992 4591 ι
2033 4540 2197 4593 Deum
2238 4550 2430 4595 exacte
2488 4541 2855 4610 agnoscebat,
2910 4554 3083 4611 neque
3137 4538 3543 4593 sanctissimum

286 4657 304 4686 ι
341 4630 489 4696 οἶδε.
537 4635 692 4705 φησὶ,
737 4634 843 4687 τὸν
896 4631 1130 4701 Πατέρα
1195 4634 1249 4685 ει
1287 4631 1373 4702 μὴ
1443 4634 1475 4686 ό
1537 4632 1691 4698 Υἱὸς,
1748 4631 1861 4703 (57)

1974 4650 1993 4683 ι
2032 4632 2150 4696 ejus
2195 4631 2450 4687 Verbum.
2492 4632 2623 4686 Nam
2656 4632 2746 4701 qui
2781 4632 3024 4687 Verbum
3056 4632 3352 4693 nesciebat,
3401 4632 3446 4686 is
3496 4642 3549 4685 et

286 4747 305 4779 ι
336 4726 635 4789 τουτέστιν,
672 4728 702 4780 ό
730 4724 899 4793 Λόγος
925 4725 991 4778 δι’
1024 4723 1190 4779 αὑτοῦ
1222 4724 1320 4795 τὴν
1358 4723 1451 4776 τοῦ
1488 4723 1702 4794 Πατρὸς
1728 4742 1863 4796 παρ-

287 4836 308 4873 ‹
340 4816 459 4887 ἔχει
492 4816 713 4886 γνῶσιν.
756 4815 913 4871 Οῦτω
974 4815 1082 4889 γὰρ
1119 4816 1212 4869 καὶ
1242 4816 1379 4887 πρὸς
1422 4814 1547 4879 τοὺς
1582 4815 1859 4886 οἰομένους

286 4924 305 4958 ι
348 4905 648 4978 τηνικαῦτα
690 4905 798 4959 τῶν
840 4906 1108 4961 Ἰουδαίων
1156 4904 1354 4960 εἰδέναι
1404 4905 1496 4959 τὸν
1528 4905 1680 4972 Θεὸν,
1731 4907 1859 4961 ἀθε-

355 5024 419 5085 vis
456 5018 556 5077 Ed.
582 5020 782 5086 Paris.,
806 5037 927 5091 pag.
960 5020 1050 5075 76.
1111 5024 1155 5054 "
1188 5021 1377 5081 Matth.
1408 5039 1487 5089 ιι,
1515 5022 1609 5081 27.

351 5176 466 5319 (52)
497 5176 667 5247 Vulgo
693 5178 751 5231 δέ
771 5188 824 5233 et
849 5179 1007 5247 Θεοῦ,
1036 5180 1345 5235 Σαϐέλλιον.

380 5249 471 5317 55)
533 5248 642 5302 Kal
700 5247 887 5315 πλήν.
946 5252 1260 5305 Audendum
1314 5253 1345 5305 h

380 5247 471 5317 55)
533 5248 642 5302 Kal
700 5247 887 5315 πλήν.
946 5252 1260 5305 Audendum
1314 5253 1421 5314 hic,
1467 5251 1552 5306 vel
1597 5252 1736 5317 ἑνός,
1779 5251 1862 5306 vel

282 5317 450 5392 αὐτοῦ
479 5318 605 5392 [hoc
632 5331 725 5392 est
745 5321 796 5372 in
821 5319 1208 5392 codd.],etiam
1237 5322 1455 5392 ειδέναι,
1476 5339 1573 5392 pro
1604 5317 1763 5375 εἶναι.
1789 5322 1858 5379 Μ.

356 5388 779 5462 (54)]ζτωχοὺς
815 5388 931 5459 τὴν
950 5388 1239 5462 διάνοιαν.
1263 5388 1558 5448 Transtulit
1594 5394 1664 5447 ab
1713 5394 1861 5459 Igna-

289 5460 384 5535 tio,
424 5460 491 5514 ad
530 5460 865 5535 Philadelph.
903 5462 1016 5535 καὶΔ
1043 5460 1231 5535 έστινό
1263 5462 1521 5535 τοιοῦτος,
1547 5463 1716 5534 πένης
1762 5464 1857 5535 τὴν

284 5532 524 5585 διάνοιαν
555 5529 630 5593 ὡς
658 5530 888 5601 ἐπίκλην
926 5530 1142 5596 Ἐϐιών,
1174 5537 1239 5583 tte
1283 5534 1367 5587 his
1398 5532 1617 5601 Origen.
1672 5529 1858 5587 contra

287 5602 518 5675 Celsum,
552 5600 641 5654 lib.
674 5616 732 5675 ιι,
781 5600 853 5654 Ol
896 5602 1002 5675 ἀπὸ
1044 5602 1312 5675 Ἰουδαίων
1353 5604 1432 5666 είς
1489 5600 1728 5675 Χριστὸν
1773 5622 1860 5657 πι-

289 5672 599 5745 gratiosis-sc,
653 5671 714 5723 οὐ
774 5672 1208 5745 καταλελοίπασι-
1248 5672 1341 5726 τὸν
1400 5671 1627 5743 πάτριον
1673 5674 1856 5745 νόμον.

286 5741 471 5816 Βιοῦσι
532 5740 638 5811 γὰρ
690 5742 808 5816 κατ’
859 5743 1055 5816 αὑτὸν.
1107 5741 1381 5811 ἐπώνυμοι
1426 5740 1527 5816 τῆς
1575 5740 1860 5816 καταξτὴν

288 5811 512 5884 ἐκδοχὴν
546 5812 843 5884 πτωχείας,
859 5812 954 5865 τοῦ
980 5814 1144 5884 νόμου
1174 5811 1546 5884 γεγενημένοι.
1581 5814 1770 5869 Ἐϐιών
1800 5811 1859 5868 τε

288 5881 443 5955 γαρό
465 5881 678 5952 πτωχὸς
712 5882 859 5955 παρά
900 5881 1169 5949 Ἰουδαίοις
1188 5881 1468 5940 καλεῖται·
1533 5885 1624 5939 καὶ
1672 5885 1860 5939 Ἐϐιω-

1976 4741 1993 4773 ι
2034 4722 2245 4778 l’atrem
2284 4724 2469 4792 utique
2498 4725 2800 4793 ignorabat.
2835 4721 3005 4777 Nemo
3026 4724 3182 4783 enim,
3216 4722 3409 4791 inquit.
3434 4720 3541 4775 Ροο

1973 4835 1991 4867 ι
2034 4828 2162 4870 trem
2191 4818 2325 4871 novit
2358 4818 2456 4869 nisi
2482 4813 2655 4869 Filius
2681 4816 2752 4882 τ’,
2777 4815 2881 4871 hoc
2935 4827 3020 4870 est
3072 4815 3308 4871 Verbum
3335 4830 3434 4884 per
3466 4830 3525 4868 se

1978 4928 1996 4959 ι
2038 4907 2216 4963 Patris
2245 4908 2609 4978 cognitionem
2631 4908 2869 4975 exhibet.
2919 4906 3033 4962 Hoc
3082 4908 3227 4961 enim
3258 4907 3421 4962 modo
3450 4906 3532 4961 ,ιυ-

1968 5184 2106 5253 ναῐοι
2161 5181 2607 5253 χρηματίζουσιν,
2637 5184 2685 5236 ol
2726 5183 2867 5253 ene,
2892 5181 3166 5236 Ἰουδαίων
3207 5182 3299 5235 τὸν
3338 5182 3512 5251 Ἰησοῦ

1966 5252 2041 5316 ὡς
2085 5252 2318 5326 Χριστὸν
2340 5252 2793 5326 παραδεξάμενοι.
2821 5252 2977 5309 Μ.-
3007 5253 3130 5309 Mox
3160 5254 3318 5325 vulgo
3351 5253 3519 5325 ὲνσάρ

1967 5340 2071 5395 κου
2084 5394 2087 5395 ν
2098 5324 2425 5395 γεννήσεως.

2178 5389 2357 5467 Vulgo
2380 5394 2447 5461 τᾲ
2557 5389 2647 5448 ἴσα
2673 5394 2822 5467 αὑτῷ
2845 5405 2900 5447 et
2932 5394 3243 5467 έξέφευγεν.

2038 5463 2153 5535 (56)
2183 5464 2310 5531 Τοῖς
2342 5465 2547 5533 αὐτοῖς
2569 5467 2756 5521 αὐτοῦ
2792 5463 3077 5532 δικτύοις.
3139 5468 3297 5519 Deest
3340 5463 3543 5535 aliquid

1964 5537 2242 5590 sententia:
2267 5535 2573 5600 iniciendae,
2601 5539 2871 5591 irretitum
2902 5537 3012 5589 vult
3040 5536 3157 5590 suis
3206 5537 3434 5591 retibus.
3462 5535 3538 5589 Μ.

1961 5606 2213 5675 —Codd.
2235 5609 2350 5671 τοῖς
2370 5605 2530 5670 αὐτὸς
2555 5606 2719 5660 αὑτοῦ
2743 5624 2757 5673 ;
2790 5607 2913 5661 dein
2944 5605 3105 5675 vulgo
3130 5606 3429 5659 διέϐαλλεν.

2035 5674 2144 5746 (57)
2157 5677 2480 5747 Τουτέστινό
2500 5676 2655 5746 λόγος
2678 5695 2690 5707 ·
2721 5679 2747 5731 ὁ
2764 5677 2871 5747 γὰρ
2889 5674 3129 5745 λόγοςίδϋ
3144 5676 3307 5730 αὐτοῦ
3336 5677 3379 5730 Β
3395 5686 3449 5730 et
3478 5691 3536 5747 p.

2035 5691 2144 5746 (οι)
2158 5691 2480 5730 ἰόυτεστινο
2500 5691 2655 5746 Αογος
2678 5695 2690 5707 ·
2721 5691 2747 5731 0
2764 5691 2871 5747 γαρ
2891 5691 3045 5745 Αογος
3062 5691 3128 5730 σι’
3144 5691 3307 5730 αυτου
3336 5691 3379 5730 tt
3395 5691 3449 5730 et

1963 5747 2032 5800 78
2062 5748 2125 5800 Δ.
2160 5746 2292 5820 Dcin
2326 5760 2486 5820 vulgo
2515 5747 2769 5820 παρέχοι,
2811 5764 2935 5803 mox
2965 5748 3141 5820 οὐδεὶς
3174 5746 3463 5820 γινώσκει,
3518 5764 3536 5805 :

1963 5832 2127 5891 90""!
2148 5816 2304 5891 “1'50
2324 5816 2578 5889 ἡτφάλει.
2599 5816 2643 5876 li
2664 5816 2875 5877 induxit
2905 5817 3168 5890 ἀκριϐῶς,
3204 5833 3324 5874 mox
3382 5816 3543 5888 vulgo

1964 5886 2189 5959 ἔγραψεο
