4048 6456
261 460 374 519 857
1246 457 1339 515 DE
1375 457 1919 516 ECCLESIASTICA
1959 455 2372 516 THEOLOGIA
2407 453 2539 512 LIB.
2578 453 2623 512 Ι.
3429 444 3541 512 8ὗὸ

262 574 363 640 τὰς
404 571 502 630 τοῦ
531 573 785 646 Σωτῆρος
810 571 1017 645 φωνὰς,
1055 573 1124 628 δι’
1165 563 1242 628 ὧν
1272 573 1377 645 ἔφη
1403 590 1418 604 ο
1455 574 1673 640 οὐδεὶς
1697 571 1833 644 ἔτη.

1958 572 2015 625 ln
2050 570 2146 627 illo
2169 577 2351 625 autem
2377 582 2539 640 passu
2569 580 2677 637 quo
2710 565 3010 624 Sabellium
3066 571 3313 633 accusat,
3368 561 3540 621 verba

260 666 375 721 τὸν
392 665 626 736 Πατέρα
647 669 700 720 ει
726 665 813 737 μὴ
845 668 878 720 ό
916 665 1072 734 Υἱός,
1101 665 1200 719 καὶ
1226 658 1274 732 ᾧ
1298 666 1376 720 ἂν
1407 669 1441 720 ό
1467 665 1599 732 Υἱὸς
1619 667 1833 720 ἀποκα-

1954 660 2266 718 Servatoris
2318 658 2811 725 commemoravit,
2854 659 3054 728 quibus
3087 657 3203 713 ait:
3241 654 3412 711 Nemo
3441 671 3540 710 no-

261 761 471 828 λύψει.
504 758 715 829 ’Ὥσπερ
757 756 816 810 δὲ
864 755 1336 828 ἐπανορθούμενος
1365 756 1557 823 αὑτὰς,
1599 758 1722 812 ἀντὶ
1752 756 1833 810 rei

1949 754 2023 809 ait
2049 749 2268 807 Patrem
2292 751 2395 805 nisi
2426 747 2627 815 Filius,
2650 761 2698 805 et
2715 751 2802 803 cui
2829 747 3008 804 Filius
3031 748 3190 804 voluit
3214 747 3446 802 reuelare
3466 747 3536 802 ".

269 849 413 904 ΐίοῦ
451 850 648 920 Λόγον
687 843 844 910 αὖθις
887 847 1170 920 ὀνομάζει,
1206 841 1310 902 ὧδε
1344 849 1536 917 λέγων·
1576 866 1595 898 ι
1638 846 1833 914 Οὐδεὶς

1952 844 2085 911 ουκ
2130 844 2258 900 dum
2310 842 2527 908 recitat,
2570 850 2827 911 tanquam
2896 851 3273 906 correcturus,
3320 846 3380 905 »Β
3436 855 3538 911 pro

263 960 285 995 ι
324 940 436 1012 ττάρ
455 936 602 1005 οἶδε,
629 941 784 1010 φησὶ,
812 940 920 996 τὸν
946 942 1177 1011 Πατέρα
1199 943 1250 995 εὶ
1284 939 1370 1011 μὴ
1410 944 1443 994 ό
1479 941 1632 1006 Υἱὸς,
1665 939 1851 994 τουτέ-

263 1051 285 1086 s
325 1051 440 1088 στιν
482 1035 512 1087 ό
555 1035 771 1113 Λόγος,
811 1053 829 1085 ι
859 1035 954 1088 καὶ
987 1035 1237 1107 ἐπιφέρει
1259 1053 1273 1065 ι
1307 1053 1326 1085 ι
1360 1034 1419 1087 '0
1444 1034 1552 1104 γάρ
1581 1033 1754 1101 Λόγος
1781 1031 1849 1086 δι’

265 1144 284 1176 ι
335 1122 528 1177 ἑαυτοῦ
555 1122 652 1196 τὴν
664 1123 878 1196 Πατρὸς
896 1125 1122 1196 παρέχει
1153 1123 1377 1193 γνῶσιν,
1404 1143 1422 1173 ι
1447 1123 1542 1176 καὶ
1562 1120 1850 1193 προστίθη-

259 1233 370 1270 σιν’
399 1235 418 1268 ι
459 1215 742 1270 ’Λδύνατον
771 1212 840 1288 ἧν
871 1217 1070 1286 ἑτέρως
1095 1215 1299 1284 γνῶναι
1315 1214 1406 1269 τὸν
1420 1214 1622 1286 Θεὸν,ἧ
1647 1213 1734 1270 διά
1753 1212 1847 1267 τοῦ

265 1327 285 1360 s
299 1307 430 1361 ἰδίου
442 1308 640 1375 Λόγου.
656 1327 674 1359 ι
685 1310 794 1363 Καὶ
810 1303 963 1370 αὖθις
979 1308 1191 1376 Λόγον,
1213 1307 1335 1360 ἀντὶ
1350 1305 1443 1360 τοῦ
1468 1305 1626 1370 Υιοῦ,
1642 1304 1843 1376 τίθησι’

259 1400 360 1454 καὶ
394 1399 487 1452 τὸν
513 1398 666 1468 ἆγιον
704 1398 868 1454 αὑτοῦ
903 1399 1076 1468 Λόγον
1110 1396 1394 1453 ἀποκαλεῖ.
1451 1398 1562 1450 Καὶ
1601 1399 1659 1450 ἐν
1704 1396 1847 1451 οὓτω

257 1491 621 1564 βραχυτάτοις
653 1492 862 1563 ῥήμασι
892 1487 1154 1554 πολλάκις
1206 1491 1304 1560 μὲν
1335 1490 1709 1561 ἐμνημόνευσε
1744 1489 1847 1544 Λό-

254 1602 382 1654 γου,
418 1583 549 1638 Υἱοῦ
567 1585 623 1638 δὲ
648 1585 757 1636 οὐδ’
773 1582 939 1649 ἅπαξ.
970 1583 1126 1637 ’Λλλὰ
1144 1585 1238 1637 καὶ
1267 1584 1436 1653 αὐτὴν
1460 1582 1553 1636 τοῦ
1592 1583 1845 1654 Σωτῆρος

259 1676 550 1745 μεταποιεῖ
578 1674 678 1746 τὴν
700 1673 879 1745 ῥῆσιν,
904 1674 1026 1728 ἀντὶ
1057 1673 1173 1739 τοῦ,
1192 1675 1220 1726 ό
1240 1673 1367 1738 Υἱὸς
1387 1673 1630 1742 ἐπάγων,
1657 1673 1845 1726 τουτέ-

259 1781 381 1817 στιν
420 1767 454 1818 ό
483 1766 676 1834 Λόγος
697 1807 712 1831 ,
757 1763 877 1835 οὐχὶ
912 1763 1114 1836 μᾶλλον
1143 1764 1244 1835 τῆς
1275 1763 1371 1816 τοῦ
1407 1762 1537 1816 Υἱοῦ
1568 1762 1842 1832 σημασίας

1954 934 2101 991 Filio
2155 933 2386 992 Verbum
2432 948 2558 990 eum
2618 933 2939 988 nominavit.
2995 933 3089 989 Sic
3138 932 3281 988 enim
3337 931 3532 986 fatur:

1957 1045 1978 1080 ι
2024 1026 2195 1082 Nemo
2219 1027 2357 1082 novit
2410 1024 2629 1080 Patrem
2656 1025 2758 1079 nisi
2789 1022 2988 1091 Filius,
3022 1025 3127 1080 hoc
3153 1032 3240 1080 est
3280 1021 3534 1090 Verbum,

1956 1138 1974 1171 ι
2009 1119 2213 1190 quibus
2248 1117 2399 1178 addit
2435 1137 2448 1172 :
2491 1115 2729 1172 Verbum
2765 1115 2966 1171 etenim
2994 1130 3091 1185 per
3125 1129 3187 1170 se
3225 1113 3406 1169 Patris
3435 1128 3535 1170 ex-

1957 1232 1976 1265 ι
2006 1211 2159 1268 hibet
2187 1209 2552 1282 cognitionem
2582 1225 2597 1263 :
2626 1207 2824 1278 quibus
2857 1205 3105 1276 adiungit
3131 1225 3148 1263 :
3192 1204 3535 1276 lmpossibile

1956 1326 1974 1358 ι
2007 1302 2272 1374 siquidem
2301 1310 2424 1358 erat
2447 1299 2695 1369 alioquin
2719 1299 2889 1354 Deum
2913 1311 3266 1370 cognoscere,
3306 1297 3411 1352 nisi
3434 1311 3535 1367 per

1954 1417 1972 1450 ι
2007 1397 2282 1467 proprium
2312 1395 2482 1468 ipsius
2521 1391 2780 1450 Verbum.
2818 1411 2840 1448 s
2877 1393 3076 1450 lterum
3099 1402 3281 1448 autem
3312 1407 3411 1462 pro
3443 1391 3535 1447 Fi-

1947 1490 2019 1545 lio
2081 1489 2365 1544 substituit
2431 1485 2698 1542 Verbum:
2732 1494 2788 1542 et
2825 1496 3074 1542 sanctum
3131 1485 3250 1556 ejus
3296 1483 3534 1542 Verbum

1945 1583 2210 1636 nominat.
2249 1579 2405 1649 Saepe
2435 1595 2663 1636 numero
2697 1587 2880 1634 autem
2917 1594 3016 1648 per
3058 1591 3221 1634 voces
3247 1589 3357 1633 tam
3391 1592 3531 1648 pau-

1944 1676 2197 1730 cissimas
2230 1673 2418 1742 Verbi,
2451 1672 2640 1728 nullibi
2677 1680 2859 1728 autem
2905 1670 3055 1736 Filii,
3094 1671 3426 1726 mentionem
3458 1668 3532 1725 fa-

1943 1768 2040 1822 cit.
2070 1765 2210 1833 Quin
2237 1776 2293 1823 et
2322 1765 2499 1837 ipsam
2552 1762 2864 1820 Servatoris
2915 1765 3210 1820 dictionem
3261 1761 3532 1818 transfor—

258 1856 607 1930 ἁρμοζούσης
637 1859 702 1928 τῇ
725 1857 819 1911 τοῦ
849 1857 1064 1929 Πατρὸς
1097 1856 1388 1928 ὲπηγορίᾳ.
1421 1854 1583 1943 Ὀὶεν
1615 1855 1833 1918 είκότως

1950 1867 2062 1913 mat
2098 1874 2112 1910 :
2148 1857 2236 1912 ubi
2274 1871 2376 1928 pro
2409 1857 2572 1924 Filio,
2605 1845 2897 1922 subiniert,
2957 1857 3064 1914 hoc
3111 1866 3197 1913 est
3247 1856 3528 1915 Verbum:

252 1929 412 2021 ὁμὲν
430 1949 617 2022 Σωτὴρ
648 1948 941 2020 προσφυῶς
970 1949 1250 2019 ἐφήρμοσε
1276 1949 1341 2019 τῇ
1369 1945 1460 2000 τοῦ
1493 1929 1704 2017 ἦατρὸς
1740 1945 1833 2017 τὴν

1944 1949 2108 2020 idque
2131 1964 2256 2004 cum
2288 1947 2414 2006 Filii
2450 1951 2766 2023 appellatio,
2806 1951 2978 2006 multo
3031 1949 3202 2021 magis
3225 1947 3530 2019 paternita-

252 2042 352 2096 τοῦ
383 2039 512 2095 Υίοῦ
547 2039 888 2110 συζυγίαν-ό
927 2039 984 2092 δὲ
1015 2039 1107 2092 τὸν
1137 2039 1265 2091 Υἱὸν
1292 2040 1464 2091 εἰπεῖν
1493 2035 1840 2107 παραιτησά-

259 2150 422 2205 μενος
444 2133 556 2188 ἄνω
577 2132 728 2187 κάτω
754 2133 844 2187 τὸν
874 2131 1045 2200 Λόγον
1073 2129 1185 2200 (62)
1217 2129 1403 2201 θρυλεῖ
1433 2131 1528 2182 καὶ
1548 2127 1839 2182 Σαδελλίου

257 2227 360 2297 μὲν
408 2226 726 2296 κατηγορεῖ,
777 2224 870 2276 τὸν
917 2223 1045 2276 Υἰὸν
1099 2221 1434 2293 ἀρνουμένου
1457 2238 1470 2251 ·
1529 2220 1722 2274 ταύτὸν
1781 2219 1838 2274 δὲ

253 2318 512 2390 πράττων
557 2318 772 2388 ἐκείνῳ,
807 2315 1222 2388 σχηματίζεται,
1265 2317 1333 2387 τῇ
1363 2315 1484 2369 κατ’
1514 2313 1678 2368 αὐτοῦ
1721 2313 1838 2367 δια-

252 2411 384 2483 ϐολῇ
403 2412 504 2484 τὴν
522 2415 623 2482 τῆς
650 2410 969 2476 κακοδοξίας
992 2409 1250 2464 ὑπόνοιαν
1275 2408 1544 2463 ἐκκλίνειν
1569 2408 1833 2479 οἰόμενος.

251 2504 317 2557 El
348 2503 448 2573 μὲν
475 2498 567 2557 οὖν
593 2501 671 2572 τῷ
692 2502 963 2574 Σαϐελλίῳ
994 2501 1270 2573 μέμφεται
1299 2501 1390 2555 τὸν
1420 2501 1550 2554 Υἱὸν
1577 2500 1672 2555 τοῦ
1700 2499 1836 2554 Θεοῦ

250 2593 594 2667 ἀρνουμένῳ,
645 2595 820 2666 ἐαυτῷ
844 2597 1106 2667 πρότερον
1128 2594 1267 2667 χρῆν
1303 2593 1654 2666 μέμψασθαι·
1697 2595 1748 2648 εί
1778 2594 1836 2647 δὲ

249 2689 336 2741 δτι
373 2687 434 2742 ὃν
465 2688 627 2754 αὐτὸς
668 2688 896 2760 ὡρίζετο
929 2689 1121 2758 Λόγον,
1157 2687 1446 2751 meum;
1485 2686 1670 2757 ἠγνόει
1690 2705 1704 2718 ⁸
1734 2688 1836 2742 οὐκ

245 2780 428 2851 ὀρθῶς
450 2779 608 2835 τοῦτό
632 2797 695 2848 γε
721 2782 930 2853 ᾐτιᾶτο.
965 2779 1103 2835 Οὔτε
1129 2779 1239 2851 γὰρ
1261 2778 1570 2846 Σαδέλλιον,
1593 2777 1706 2833 οὔτ’
1734 2780 1835 2833 αὐ-

244 2873 376 2937 τοὺς
418 2871 726 2937 Ἰουδαίους,
758 2875 885 2936 τοὺς
911 2873 1002 2927 τὸν
1027 2872 1262 2944 Χριστὸν
1287 2870 1382 2924 τοῦ
1400 2870 1536 2924 Θεοῦ
1568 2870 1835 2943 ἀρνουμέ-

245 2981 392 3028 νους,
427 2964 487 3018 ὅν
512 2981 646 3036 φησι
671 2964 993 3037 Μάρκελλος
1013 2966 1071 3018 ὲν
1100 2963 1178 3035 τῷ
1204 2962 1324 3035 Θεῷ
1356 2959 1496 3018 εἶναι
1522 2964 1696 3032 Λόγον
1713 3004 1727 3028 ,
1762 2961 1832 3015 δι’

244 3051 309 3111 οὗ
333 3057 524 3111 Μωσεῖ
551 3057 646 3109 καὶ
677 3057 792 3121 τοῖς
825 3058 1131 3128 προφήταις
1155 3055 1584 3127 κεχρημάτικεν,
1633 3053 1831 3124 ἀγνοῆ-

247 3165 361 3212 σαι,
397 3146 587 3201 τοῦτον
629 3147 686 3200 δὲ
715 3146 959 3219 ἀκριϐῶς
991 3148 1212 3213 εἰδέναι,
1243 3147 1340 3201 καὶ
1372 3149 1402 3201 ό
1425 3148 1536 3211 πᾶς
1562 3145 1706 3199 εἴποι
1740 3143 1828 3211 ἂν,

1944 2043 2013 2097 tis
2034 2041 2300 2099 vocabulo
2325 2043 2654 2100 conveniret
2692 2059 2854 2115 quam
2887 2041 3050 2100 Verbi
3082 2059 3096 2097 :
3139 2057 3263 2096 cum
3305 2051 3361 2098 et
3413 2042 3532 2110 ipse

1942 2131 2204 2188 Servatur
2228 2134 2385 2205 juxta
2435 2136 2872 2207 congruentiam,
2929 2135 3123 2190 Filium
3178 2149 3304 2190 cum
3367 2130 3532 2188 Patre

1941 2224 2312 2296 copulaverat.
2376 2226 2456 2283 lla
2501 2241 2719 2299 semper
2776 2227 3051 2298 refugiens
3104 2226 3530 2297 appellationem

1939 2317 2084 2382 Filii,
2113 2319 2374 2390 Verbum,
2404 2333 2598 2376 vocem
2633 2335 2836 2392 susque
2863 2320 3039 2390 deque
3073 2327 3275 2374 versat.
3336 2316 3534 2373 Sabel-

1940 2410 2070 2465 lium
2100 2419 2249 2466 certe
2288 2410 2512 2466 damnat
2551 2410 2914 2482 abnegantem
2960 2410 3181 2476 Filium,
3231 2418 3288 2465 et
3347 2418 3527 2464 tamen

1938 2517 1999 2558 se
2025 2500 2360 2557 conformem
2385 2501 2562 2557 eidem
2587 2511 2807 2572 praestat
2833 2519 2848 2556 :
2878 2501 3034 2571 quasi
3070 2509 3255 2571 posset
3301 2509 3358 2555 et
3415 2498 3530 2555 vel-

1938 2596 2034 2666 let,
2086 2596 2156 2651 ab
2204 2596 2348 2652 illius
2382 2595 2767 2661 accusatione,
2826 2595 3196 2665 suspicionem
3252 2594 3530 2650 haereseos

1936 2688 2176 2744 amoliri.
2205 2688 2338 2746 Cum
2367 2689 2410 2745 si
2438 2688 2601 2744 vellet
2625 2688 2920 2745 Sabellium
2951 2690 3022 2744 ob
3056 2688 3108 2744 id
3139 2687 3315 2758 ipsum
3341 2686 3528 2741 redar-

1935 2797 2121 2854 guere,
2151 2785 2298 2852 quod
2324 2781 2524 2836 Filium
2551 2781 2641 2836 ille
2681 2782 2775 2838 Dei
2808 2781 3130 2851 ahnegaret,
3166 2779 3525 2851 semetipsum

1934 2883 2061 2930 ante
2080 2888 2205 2928 eum
2237 2874 2474 2930 debebat
2504 2888 2788 2930 accusare.
2817 2874 2971 2942 Quod
2998 2873 3046 2929 si
3073 2871 3347 2930 Sabellius
3372 2874 3527 2943 igno-

1935 2967 2114 3031 rabat,
2137 2979 2298 3035 quem
2328 2975 2490 3021 vocat
2532 2966 2648 3038 ipse
2687 2967 2952 3033 Verbum,
2995 2982 3102 3022 non
3139 2975 3260 3021 erat
3284 2966 3390 3022 hoc
3423 2980 3524 3020 no-

1933 3060 2078 3116 mine
2103 3060 2455 3116 incusandus.
2483 3060 2622 3117 Nam
2666 3075 2767 3117 nec
2788 3069 2940 3116 certe
2959 3059 3259 3126 Sabellius,
3305 3075 3375 3116 ne
3402 3059 3528 3129 qui-

1934 3149 2055 3205 dem
2106 3147 2278 3207 Judaei
2330 3151 2424 3220 qui
2483 3151 2761 3209 Christum
2799 3152 2948 3208 illum
2995 3152 3090 3209 Dei
3155 3153 3524 3219 abnuebant,

243 3241 308 3295 οὐ
338 3240 498 3311 μόνον
530 3240 800 3295 Ἰουδαίων
827 3239 964 3294 ἀλλά
991 3241 1086 3295 καὶ
1125 3241 1412 3312 Ἑλλήνων.
1467 3239 1699 3308 Λογικὸν
1722 3236 1832 3310 γὰρ

1938 3255 2096 3312 quem
2124 3240 2414 3332 blarcellus
2443 3242 2700 3310 afﬁrmat,
2740 3245 2793 3300 in
2828 3246 2940 3300 Deo
2975 3242 3216 3299 Verbum
3241 3257 3384 3332 esse,
3427 3257 3526 3314 per

241 3333 329 3396 τίς
354 3332 455 3386 οὐκ
477 3331 542 3385 ἂν
561 3332 944 3404 ὁμολογήσειεν
971 3328 1112 3386 εἶναι
1138 3332 1230 3385 τὸν
1253 3331 1407 3396 Θεὸν,
1425 3330 1501 3394 ὼς
1527 3330 1622 3384 καὶ
1645 3329 1830 3400 σοφὸν,

245 3425 342 3478 καὶ
366 3425 570 3494 ἀγαθὸν
601 3425 696 3480 καὶ
727 3425 952 3480 δυνατόν
974 3443 989 3490 ;
1025 3423 1315 3488 Σαϐέλλιος
1339 3424 1396 3477 δὲ
1418 3423 1579 3477 τοῦτο
1611 3424 1708 3494 μὲν
1733 3423 1835 3476 οὐκ

243 3516 312 3571 ἂν
360 3517 623 3588 ἀρνηθείη
663 3518 898 3584 είδέναι;
942 3517 1024 3571 ὅτι
1056 3516 1112 3571 δὲ
1145 3517 1219 3589 μὴ
1266 3517 1359 3570 καὶ
1391 3515 1522 3570 Υἱὸν
1562 3514 1656 3569 τοῦ
1695 3513 1832 3569 Θεοῦ

242 3607 424 3672 ζῶντα
461 3609 554 3662 καὶ
584 3607 892 3678 ὑφεστῶτα,
918 3609 1052 3663 ὄντα
1073 3625 1133 3663 τε
1155 3609 1249 3662 καὶ
1277 3607 1513 3679 προόντα
1543 3606 1643 3677 τῆς
1697 3624 1834 3679 σαρ-

241 3703 339 3766 κός
396 3702 668 3773 ὁμολογεῖ.
707 3701 927 3774 Ταύτης
962 3703 1125 3755 ἕνεκα
1173 3701 1272 3772 τῆς
1309 3701 1448 3771 πρὸς
1511 3699 1833 3771 Μάρκελλον

243 3791 586 3864 συμφωνίας,
623 3791 825 3862 ὁμοίως
864 3790 1017 3862 αὐτῷ
1053 3791 1153 3862 τῆς
1185 3791 1279 3845 τοῦ
1317 3791 1454 3844 Θεοῦ
1509 3790 1837 3862 Ἐκκλησίας

238 3884 439 3954 ἠλάθη.
475 3884 597 3947 Πῶς
619 3885 676 3937 δὲ
699 3883 770 3938 τά
804 3883 895 3939 ίσα
923 3885 1243 3956 Μάρκελλος
1265 3884 1343 3956 τῷ
1366 3885 1641 3957 Σαϐελλίῳ
1673 3884 1836 3957 ἐφρό-

237 3995 341 4040 νει,
377 3976 534 4047 δῆλος
586 3976 653 4030 ἂν
702 3976 790 4046 εἴη
839 3977 899 4042 ἐξ
933 3970 1008 4030 ὧν
1055 3977 1114 4031 ἓν
1150 3978 1245 4031 καὶ
1300 3978 1496 4032 ταύτὸν
1553 3973 1695 4033 εἶναι
1743 3977 1835 4031 τὸν

236 4069 374 4121 Θεὸν
426 4071 522 4123 καὶ
578 4070 671 4123 τὸν
725 4070 891 4124 αὑτοῦ
922 4071 1092 4140 Λόγον
1142 4069 1495 4137 διεστείλατο,
1563 4072 1692 4125 ποτὲ
1735 4071 1835 4142 μὲν

236 4162 423 4224 αὐτοῖς
457 4163 695 4233 ῥήμασιν
723 4161 913 4216 εἰπών.

1936 3345 2098 3402 quem
2121 3329 2326 3387 Mosem
2383 3342 2439 3390 et
2478 3335 2775 3405 prophetas
2825 3334 3225 3403 alloquebatur.
3264 3331 3380 3390 lmo
3417 3348 3525 3390 non

1935 3420 2308 3478 soliseJudaei
2338 3424 2444 3481 hoc
2495 3425 2678 3481 dicent
2738 3426 2984 3497 apprime
3037 3425 3380 3496 intelligere,
3427 3423 3528 3481 sed

1936 3513 2038 3583 ipsi
2072 3514 2240 3570 etiam
2274 3516 2497 3587 pagani.
2526 3515 2665 3572 Nam
2689 3516 2814 3588 quis
2839 3533 2942 3572 non
2979 3516 3148 3572 Deum
3198 3525 3380 3573 mente
3403 3531 3529 3574 esse

1935 3607 2223 3676 praeditum
2249 3607 2532 3676 fatebitur,
2565 3619 2626 3666 ut
2680 3610 3010 3681 sapientem,
3067 3619 3130 3665 ut
3187 3610 3389 3666 bonum
3417 3649 3434 3675 ,
3465 3624 3528 3664 τι

1935 3700 2254 3766 potentem?
2289 3697 2560 3756 Sabellius
2591 3700 2741 3757 nullo
2763 3710 2912 3757 certe
2952 3708 3114 3758 ruodo
3167 3707 3434 3756 lateretur
3463 3715 3528 3759 sc

1933 3791 2036 3846 hoc
2070 3791 2344 3861 ignorare.
2373 3793 2514 3860 Quin
2564 3792 2763 3849 Filium
2790 3793 2883 3850 Dei
2909 3795 3093 3849 vivum
3127 3805 3183 3849 et
3219 3792 3527 3849 subsisten-

1933 3894 2062 3953 tem,
2095 3886 2184 3956 qui
2211 3897 2266 3942 et
2290 3895 2456 3951 esset,
2483 3897 2538 3942 et
2570 3897 2695 3944 ante
2724 3901 2947 3942 carnem
2984 3896 3322 3956 assumptam
3352 3894 3522 3951 esset,

1932 3988 2278 4048 agnosceret.
2318 3977 2387 4032 Et
2420 3989 2600 4034 tamen
2638 3978 2708 4034 ob
2731 3979 2875 4033 hanc
2905 3978 3076 4048 ipsam
3100 3992 3226 4033 cum
3257 3977 3362 4032 hoc
3389 3975 3528 4031 Mar-

1933 4069 2072 4124 cello
2100 4073 2649 4139 contesserationem,
2675 4072 2886 4144 ejectus
2915 4070 3004 4125 ille
3042 4069 3145 4125 fuit
3178 4068 3248 4124 ab
3278 4068 3525 4124 Ecclesia

1934 4163 2050 4218 Dei.
2079 4161 2200 4231 Quo
2254 4176 2416 4236 pacto
2473 4180 2659 4221 autem
2720 4165 3006 4221 Marcellus
3041 4165 3276 4230 dicatur,
3331 4162 3522 4218 eadem

236 4267 362 4305 cum
391 4251 628 4308 Sabellio
658 4255 933 4324 opinatus,
1000 4256 1349 4314 manifestum
1417 4258 1550 4322 ﬂet,
1606 4264 1893 4327 propterea
1933 4257 2074 4327 quod
2112 4273 2279 4314 unum
2332 4270 2494 4330 atque
2551 4260 2694 4316 idem
2739 4260 3061 4333 proﬁteatur
3109 4258 3302 4322 Deum,
3357 4264 3526 4327 atque

236 4343 407 4414 ipsius
436 4343 532 4400 Dei
564 4343 822 4412 Verbum,
859 4348 1012 4403 hisce
1050 4350 1346 4420 aliquando
1375 4351 1558 4408 verbis
1586 4364 1740 4406 usus.

874 4444 1035 4500 ΚΕΦ.
1077 4445 1176 4501 1Ζ’.

238 4530 440 4599 Ὅπως
474 4531 712 4601 ἠρνεῖτο
742 4534 1302 4662 γυμνῇστξῑῧιεξθαλῇ
1333 4539 1450 4608 τὴν
1480 4541 1826 4596 ὑπόστασιν

871 4624 980 4661 του
1082 4626 1182 4662 .ov.

871 4624 980 4661 του
1028 4624 1054 4662 1
1064 4624 1182 4664 κου.

312 4716 333 4749 ι
367 4699 431 4751 Εἰ
471 4699 569 4770 μὲν
595 4698 704 4770 γὰρ
733 4701 767 4771 ἡ
798 4699 893 4754 τοῦ
929 4700 1042 4770 (65)
1089 4702 1403 4773 πνεύματος
1446 4703 1691 4770 ἐξέτασις
1738 4705 1826 4775 γί-

243 4807 262 4840 ι
306 4805 489 4856 γνοιτο
547 4776 706 4861 μόνη,
741 4791 800 4845 ἒν
849 4792 944 4845 καὶ
980 4793 1178 4846 ταύτὸν
1224 4795 1457 4859 εἰκότως
1490 4796 1558 4850 ἂν
1597 4796 1626 4848 ὁ
1655 4795 1828 4864 Λόγος

248 4899 268 4931 ι
307 4877 450 4936 εἶναι
477 4881 555 4952 τῷ
582 4881 701 4953 Θεῷ
729 4885 991 4952 φαίνοιτο·
1017 4905 1035 4937 ι
1065 4885 1176 4954 (64)
1208 4887 1339 4940 ποτὲ
1367 4887 1424 4941 δὲ
1462 4889 1825 4960 παραϐάλλων

229 4973 310 5046 τῷ
343 4974 670 5046 ἀνθρωπείῳ
709 4977 854 5047 λόγῳ
896 4978 987 5031 τὸν
1029 4978 1123 5032 τοῦ
1172 4978 1332 5044 Θεοῦ,
1373 4979 1468 5034 καὶ
1529 4981 1817 5051 ἐπιλέγων,

237 5085 255 5118 ι
290 5067 350 5119 ἒν
400 5067 495 5120 καὶ
525 5068 721 5121 ταύτὸν
757 5064 898 5122 εἶναι
932 5069 1011 5141 τῷ
1066 5069 1393 5142 ἀνθρωπείῳ
1437 5071 1529 5124 τὸν
1583 5073 1642 5125 ὲν
1672 5072 1821 5142 αὐτῷ

237 5176 255 5210 ι
291 5159 488 5227 Λόγον,
539 5158 717 5213 οὐδενὶ
750 5158 1116 5232 χωριζόμενον
1147 5163 1321 5234 ἑτέρῳ
1353 5164 1387 5235 ἢ
1441 5164 1580 5238 μόνῃ
1615 5167 1684 5236 τῇ
1718 5163 1818 5235 τῆς

308 5298 368 5356 >14
402 5290 503 5348 Ed.
543 5292 745 5360 Paris.,
773 5309 896 5366 pag.
930 5295 1021 5360 78,
1049 5297 1137 5354 79.
1214 5299 1261 5330 "
1296 5299 1487 5356 Matth.
1515 5317 1594 5366 ιι,
1617 5301 1705 5358 27.

240 5506 1224 5655 λέξξξεῖςςιεξεεξξξεέμεέλξέεῇν,
1240 5516 1430 5655 se
1489 5527 1546 5574 ει

310 5648 423 5727 (ϐξ)
477 5648 822 5727 "religarat;
853 5648 1151 5727 ἐξέτασις.
1210 5653 1361 5724 Vult,
1391 5658 1602 5727 opinor,
1636 5670 1691 5716 ut
1735 5677 1822 5717 se-

235 5719 474 5774 cundum
505 5719 785 5787 deitatem,
823 5724 912 5775 vei
935 5719 1170 5779 divinam
1210 5719 1480 5783 rationem
1510 5719 1822 5788 considere-

241 5805 360 5872 nms
388 5789 712 5872 λόγονλιιαιῐι
734 5790 983 5872 πνεῦμα,
1014 5795 1114 5872 ipsi
1138 5797 1356 5872 ponitur
1375 5815 1474 5870 pro
1504 5800 1616 5857 Deo
1648 5821 1661 5856 :
1695 5806 1823 5872 quia

241 5818 360 5844 ιιιιιδ
388 5818 566 5857 Λυῐυν,
590 5818 712 5845 “aut
745 5818 983 5864 πνευμα,
1018 5818 1114 5862 ψει
1138 5818 1356 5866 μυηιιηΐ
1375 5818 1474 5870 pl’O
1507 5818 1616 5857 υεο
1648 5821 1661 5856 ε
1735 5821 1782 5858 Ill

238 5859 504 5939 Servatur
529 5860 694 5939 digit.
722 5861 863 5916 Deus
892 5867 1114 5939 spiritus
1149 5879 1230 5939 est
1249 5867 1432 5938 (Joau.
1465 5886 1540 5938 tv,
1570 5818 1782 5939 ωλι.

308 5929 422 5997 (64)
455 5930 606 5985 ιιοτὲ
634 5930 701 5986 δὲ
741 5934 1163 6004 παραϐάλλων.
1219 5929 1538 6009 Marcellus,
1586 5929 1820 6001 verbum

2463 4448 2523 4505 >3
2564 4440 2718 4497 CAP.
2759 4440 2924 4499 XVII.

2042 4532 2196 4598 Quod
2220 4533 2652 4602 manifestissime
2679 4544 2918 4606 perneget
2948 4535 3262 4606 hypostasin
3289 4532 3447 4589 Filii.

2003 4644 2024 4679 ι
2067 4627 2155 4699 [Β.
2182 4625 2320 4681 LXII
2346 4627 2468 4683 coll.
2495 4643 2549 4698 p.
2607 4627 2759 4701 l07.]
2789 4628 3066 4697 Siquidem
3089 4628 3259 4684 solius
3298 4627 3525 4696 spiritus

1937 4739 1955 4771 ι
1999 4720 2308 4789 disquisitio
2373 4719 2487 4784 ﬁat,
2540 4721 2786 4785 omnino,
2851 4737 2951 4776 nec
3012 4720 3231 4790 injuria,
3277 4719 3520 4775 Verbum

1933 4831 1952 4864 ι
1995 4828 2156 4866 unum
2185 4823 2348 4883 atque
2378 4813 2519 4868 idem
2552 4829 2676 4868 cum
2712 4813 2822 4869 Deo
2854 4812 3123 4868 videbitur
3143 4828 3284 4869 esse.
3306 4831 3326 4864 ι
3353 4811 3522 4868 Com-

1925 4919 2134 4974 ponens
2184 4914 2363 4960 autem
2409 4904 2699 4976 aliquando
2743 4905 2981 4961 Verbum
3013 4904 3105 4958 Dei
3129 4918 3253 4958 cum
3279 4903 3524 4957 humano

1928 4992 2126 5057 verbo,
2186 4992 2437 5064 adjungit
2483 5012 2495 5047 :
2533 5012 2552 5046 ι
2610 4993 2783 5049 Unum
2825 5005 2990 5063 atque
3026 5009 3121 5064 per
3143 4993 3328 5048 omnia
3371 4991 3520 5048 idem

1932 5101 1951 5134 ι
1993 5100 2116 5138 cum
2166 5087 2387 5140 homine
2418 5101 2540 5140 esse
2594 5087 2724 5141 illud
2770 5087 2912 5156 quod
2951 5089 3003 5141 in
3033 5087 3148 5156 ipso
3178 5087 3338 5145 inest.
3384 5084 3518 5139 Ver-

1932 5193 1950 5228 ι
1992 5177 2120 5232 hum
2169 5178 2340 5234 nihilo
2369 5180 2587 5251 quidem
2630 5180 2699 5235 ab
2744 5179 2853 5236 alio
2894 5179 3363 5243 discriminatum,
3413 5175 3518 5233 nisi

1925 5522 2040 5583 Dei.
2067 5536 2190 5577 cum
2228 5521 2464 5576 hominis
2494 5521 2662 5577 verbo
2690 5522 3084 5590 componebat,
3113 5532 3163 5576 et
3209 5521 3512 5590 ἐνδιάθετον

1919 5603 1978 5665 et
2005 5594 2356 5665 προφορικόν,
2390 5592 2668 5665 legendum
2695 5593 2776 5664 τῷ
2801 5595 2858 5646 ὲν
2878 5592 3173 5665 ἀνθρώπῳ,
3201 5607 3303 5665 n_o_n
3328 5589 3514 5665 τιξὰν-

1924 5643 3510 5734 (Ξρᾠὲεὶᾠῖρᾆἑιἐξβξίιιιόιιοὲζέεῆίιᾶίιιιῷὖὲ,ίΜέῠείη

1924 5682 2200 5787 υρωπειῳ.
2231 5682 2377 5731 patet
2398 5682 2464 5717 ex
2491 5682 2653 5729 paulo
2676 5682 2800 5728 p05t
2821 5682 3199 5732 sequentibus.
3220 5682 3510 5715 m.-—ueiu

1921 5737 2150 5818 vulgar:
2183 5735 2249 5818 ὴν
2270 5733 2320 5787 Θ.
2358 5750 2422 5818 μἶ
2457 5733 2610 5818 οὐδὲν
2664 5736 2750 5818 ετ.
2784 5729 2874 5804 ἦν.
2921 5734 3090 5818 Porro
3114 5731 3512 5818 ~vulgo‘lrpam

1922 5804 2024 5890 ψεν
2052 5815 2107 5860 et
2128 5803 2336 5890 τούτοις
2362 5803 2526 5890 αὑτὸν
2559 5805 2747 5870 εἰπὼν,
2776 5803 2870 5890 πρ.
2910 5815 2963 5860 ct
2995 5803 3245 5876 χωρῆσαι
3279 5812 3333 5859 et
3385 5805 3510 5859 ἐπι·

1927 5877 2149 5931 σκόπτει
2174 5887 2226 5932 ct
2256 5877 2314 5931 οὐ
2347 5877 2455 5952 γὰρ
2490 5875 2553 5930 ἄν
2583 5887 2636 5932 et
2662 5875 2884 5946 παρείη.
