4032 6434
602 398 711 461 839

1297 396 1565 453 EUSEBII
1602 397 2067 458 CESABIENSIS
2103 401 2251 459 OPP.
2292 402 2470 460 PARS
2504 404 2595 462 IV.
2634 437 2704 451 —
2738 406 3158 467 DOGMATICA.

610 536 635 573 ι
671 520 847 587 operis
876 518 1242 574 tantummodo
1276 518 1533 576 eﬂicacia.
1580 540 1601 575 ι
1631 522 1895 591 Quocirca
1936 525 2026 580 ubi
2084 523 2146 577 ita

2268 541 2287 575 ι
2323 524 2574 596 πράξεως
2611 526 2877 599 ἐνεργείᾳ.
2907 546 2925 581 ι
2951 529 3173 603 Διόπερ,
3206 532 3337 586 ποτε
3376 532 3474 603 μὲν
3497 531 3824 606 ἀπεφαίνετο

603 608 807 674 statuit,
858 607 1169 678 priusquam
1224 613 1453 667 mundus
1511 615 1899 681 produceretur
1932 656 1945 678 ,
2028 616 2158 670 nihil

603 697 826 755 omnino
874 704 1069 767 prater
1138 699 1304 754 Deum
1370 704 1658 768 exstitisse,
1712 714 1768 758 et
1830 703 1955 759 allbi
2009 706 2160 761 hisce

598 786 731 853 ipsis
768 788 950 844 verbis
997 789 1208 843 utitur:
1256 808 1274 840 ι
1312 788 1450 845 Cum
1499 792 1732 846 nondum
1780 793 1883 848 iste
1929 795 2157 850 mundus

605 896 627 929 ε
667 878 957 947 productus
999 877 1188 946 fuerat,
1243 890 1438 950 praeter
1477 882 1641 937 Deum
1680 883 1895 952 quidem
1960 885 2155 951 solum,

605 986 627 1023 ι
668 969 802 1025 nihil
854 978 973 1027 erat
1021 970 1200 1037 aliud;
1231 990 1250 1025 ι
1293 982 1348 1026 et
1392 973 1481 1028 ubi
1528 973 1767 1028 divinum
1831 975 1962 1030 illud
2024 976 2158 1033 Ver-

599 1060 768 1126 bum,
834 1069 1019 1117 nostro
1072 1062 1361 1142 indicativo
1422 1078 1517 1133 per
1576 1064 1760 1121 omnia
1838 1067 2158 1126 assimilavit

598 1154 784 1218 verbo,
833 1148 887 1208 in
924 1154 1118 1224 quibus
1152 1142 1261 1210 ista
1285 1156 1476 1211 scribit
1530 1155 1624 1228 [Β.
1679 1156 1769 1211 LV
1803 1159 1925 1215 coll.
1982 1174 2035 1228 p.
2087 1159 2157 1216 39

599 1243 663 1299 D.
696 1243 798 1299 ιιι
826 1244 885 1303 D.
913 1244 1015 1300 125
1031 1244 1117 1318 8.]
1162 1262 1223 1300 ιι
1262 1244 1718 1313 Quemadmodum
1770 1264 1859 1305 res
1892 1252 2155 1308 universe

603 1353 626 1388 ι
664 1348 785 1405 qua:
810 1336 1084 1405 producta:
1106 1336 1335 1403 fuerunt,
1360 1354 1390 1393 a
1417 1336 1577 1395 Patre
1602 1341 2037 1412 producebantur
2058 1357 2155 1412 per

607 1444 627 1477 ε
669 1424 927 1494 Verbum,
982 1428 1049 1483 ad
1077 1427 1322 1485 eumdem
1346 1429 1560 1486 modum
1588 1441 1643 1489 et
1663 1448 1783 1503 qua
1812 1449 1844 1487 a
1889 1433 2049 1490 Patre
2068 1434 2153 1490 di-

602 1536 622 1567 t
657 1518 938 1580 cebantur,
968 1534 1064 1591 per
1078 1519 1313 1577 Verbum
1346 1523 1576 1580 indicem
1596 1525 1947 1583 edebantur.»
1973 1528 2152 1598 Atque

595 1610 695 1676 ita,
723 1623 845 1665 cum
874 1610 977 1666 hoc
999 1618 1153 1680 pacto
1194 1611 1546 1669 indicativum
1571 1614 1795 1671 verbum
1828 1617 2147 1687 compellans-

594 1706 682 1755 εει
721 1699 918 1771 ipsum.
952 1714 1203 1757 sermone
1248 1705 1623 1779 progrediente
1671 1714 1849 1761 tamen
1896 1708 2148 1764 eumdem

592 1788 770 1858 ipsum
814 1804 842 1843 a
872 1787 1031 1846 Patre
1059 1790 1473 1862 inseparabilem
1496 1796 1830 1864 pronuntiat,
1857 1797 1999 1867 quod
2025 1812 2147 1867 spe-

2260 615 2365 686 πρὸ
2385 617 2485 687 τῆς
2510 617 2605 671 τοῦ
2636 620 2841 690 κόσμου
2887 621 3197 685 συστάσεως
3241 624 3407 695 μηδὲν
3454 624 3643 697 ἕτερον
3690 623 3825 685 εἶναι

2260 709 2398 779 πλὴν
2438 708 2609 774 Θεοῦ,
2668 712 2764 765 καὶ
2814 712 2976 766 πάλιν
3022 715 3205 779 αὐτοῖς
3242 717 3480 787 ῥήμασιν
3514 717 3722 787 ἔλεγεν,
3748 722 3823 777 ὅτι

2262 819 2281 849 ι
2328 801 2494 871 μήπω
2525 801 2619 855 τοῦ
2652 804 2855 875 κόσμου
2880 805 3179 873 γεγονότος.
3202 807 3355 861 οὐδὲν
3396 808 3581 880 ἓτερον
3604 804 3673 881 ἦν
3693 809 3819 881 πλὴν

2262 910 2281 941 ι
2325 890 2461 944 Θεοῦ
2509 892 2706 964 μόνου’
2749 913 2768 947 ›
2821 896 2951 949 ποτὲ
2989 895 3047 949 δὲ
3082 896 3162 967 τῷ
3199 899 3454 971 ἡμετέρῳ
3505 901 3820 973 σημαντικῷ

2257 983 2399 1054 λόγῳ
2433 984 2525 1038 τὸν
2555 983 2651 1038 τοῦ
2677 984 2811 1039 Θεοῦ
2841 987 3196 1059 παρέϐαλλεν,
3227 990 3288 1042 ὲν
3311 984 3393 1054 οἷς
3421 984 3527 1046 ὧδε
3546 993 3787 1064 ἔγραφεν
3810 1009 3822 1024 ·

2262 1092 2281 1125 ι
2306 1075 2517 1147 Ὠσπερ
2542 1075 2613 1130 τά
2632 1079 2894 1146 γεγονότα
2920 1078 3097 1134 πάντα
3124 1080 3229 1134 ὑπὸ
3259 1080 3355 1134 τοῦ
3389 1083 3609 1155 Πατρὸς
3626 1082 3718 1138 διά
3735 1085 3825 1139 τοῦ

2259 1182 2278 1215 ι
2325 1166 2499 1235 Λόγου
2536 1165 2780 1235 γέγονεν,
2833 1168 2979 1222 οὕτω
3012 1169 3107 1222 καὶ
3156 1168 3226 1223 τά
3274 1170 3543 1241 λεγόμενα
3583 1174 3691 1225 ὑπὸ
3738 1171 3826 1227 τοῦ

2257 1272 2278 1303 ι
2317 1254 2534 1329 Πατρὸς
2561 1256 2649 1312 διά
2678 1255 2773 1311 τοῦ
2802 1258 2977 1328 Λόγου
3001 1259 3344 1331 σημαίνεται.
3386 1279 3406 1313 ι
3447 1262 3561 1316 Καὶ
3586 1262 3653 1335 δὴ
3675 1262 3827 1331 λόγον

2253 1346 2582 1418 σημαντικὸν
2604 1350 2663 1403 έν
2704 1348 2913 1414 τούτοις
2942 1350 3106 1404 αὐτὸν
3143 1349 3399 1414 ἀνειπὼν,
3439 1350 3646 1423 προῖὼν
3681 1354 3825 1424 ἑξῆς.

2252 1435 2553 1509 ἀχώριστον
2596 1439 2760 1493 αὑτὸν
2790 1442 2859 1511 τῇ
2904 1441 3218 1507 ὑποστάσει,
3242 1441 3302 1497 ἒν
3332 1444 3426 1497 καὶ
3454 1444 3654 1497 ταύτὸν
3687 1441 3828 1499 εἶναι

2248 1528 2327 1599 τῷ
2374 1529 2551 1601 Πατρὶ
2596 1529 2953 1601 παρίστησιν.
2997 1523 3102 1584 ὧδέ
3144 1548 3220 1603 πη
3271 1531 3474 1601 λέγων·
3515 1550 3536 1583 ι
3577 1530 3830 1587 Τοῦτοδδ

2255 1638 2275 1672 ι
2320 1620 2501 1693 ῥᾴδιον
2521 1617 2671 1691 οἴμαι
2685 1624 2799 1685 τοῖς
2820 1620 3164 1693 εὐφρανοῦσι,
3196 1624 3292 1677 καὶ⁵
3318 1623 3427 1678 ἀπὸ
3452 1622 3655 1695 μικροῦ
3683 1641 3832 1689 τινος

2253 1729 2282 1761 ι·
2318 1711 2411 1765 καὶ
2423 1710 2678 1766 ταπεινοῦ
2694 1712 2813 1767 καθ’
2828 1712 3429 1784 ήμᾶςπαραδιίγματος
3451 1713 3680 1783 γνῶναι.
3695 1714 3831 1769 οὐδὲ

2256 1820 2272 1853 ι
2314 1800 2424 1874 γὰρ
2456 1802 2549 1856 τὸν
2578 1801 2671 1856 τοῦ
2692 1801 2979 1875 ἀνθρώπου
2999 1803 3157 1873 λόγον
3169 1803 3397 1877 δυνάμει
3418 1806 3513 1859 καὶ
3532 1806 3831 1863 ὑποστάσει

591 1884 707 1932 etat
745 1878 813 1932 ad
864 1861 1192 1951 hypostasin
1240 1898 1428 1951 suam,
1486 1861 1759 1954 unumque
1809 1861 1933 1942 cum
1988 1861 2146 1944 Patre

2258 1912 2276 1945 ι
2316 1861 2547 1969 impluat
2567 1896 2676 1949 τινὶ
2705 1861 2948 1950 δυνατόν.
2978 1861 3085 1950 Ἕν.
3118 1896 3227 1968 γάρ
3254 1861 3369 1950 to}:
3401 1896 3496 1952 καὶ
3523 1861 3728 1952 ταύτὸν
3754 1898 3834 1971 τῷ

592 1974 755 2039 atque
800 1968 938 2024 idem
990 1970 1167 2037 docet,
1216 1974 1365 2030 hisce
1409 1974 1634 2031 verbis:
1677 1996 1697 2030 ι
1738 1976 1918 2048 Atque
1951 1978 2145 2046 'istud,

594 2074 616 2109 ι
655 2057 868 2128 opinor,
919 2062 1011 2133 qui
1040 2073 1189 2119 recte
1234 2065 1417 2122 volunt
1456 2080 1668 2135 sapere,
1715 2082 1821 2123 non
1855 2069 2145 2125 admodum

594 2163 617 2202 ι
653 2146 941 2207 dimcuitcr
967 2152 1245 2210 coiiecturi
1272 2164 1397 2210 sunt
1426 2156 1494 2212 ab
1520 2157 1644 2212 exili
1675 2159 1911 2229 quodam
1961 2171 2016 2216 et
2040 2161 2145 2216 bu-

593 2254 614 2288 ι
655 2237 767 2293 mili
814 2239 957 2295 inter
984 2242 1229 2299 homines
1250 2245 1514 2317 exemplo.
1540 2245 1673 2301 Nam
1705 2264 1803 2305 nec
1825 2250 2142 2318 humanum,

592 2347 611 2377 ε
660 2328 729 2385 ab
757 2328 974 2387 homine
1002 2335 1245 2403 verbum,
1266 2347 1540 2406 potestate
1575 2341 1755 2411 quivis
1784 2352 1839 2398 et
1868 2343 2147 2416 bypostasi

592 2438 612 2470 ε
652 2422 1005 2489 separaverit.
1041 2424 1134 2480 Est
1165 2427 1311 2483 enim
1339 2429 1587 2497 verbum,
1614 2447 1778 2487 unum
1811 2442 1973 2504 atque
2004 2436 2146 2491 idem

591 2527 612 2560 ι
642 2525 766 2567 cum
793 2513 1008 2568 homine
1039 2529 1054 2567 :
1084 2530 1189 2571 non
1212 2516 1369 2572 aliter
1392 2519 1613 2576 omnino
1641 2523 2144 2595 separabile,quom

593 2617 623 2655 ιη
650 2600 817 2657 solius
855 2604 1187 2673 operationis
1230 2603 1444 2662 electu.
1477 2627 1497 2661 ι
1523 2607 1639 2677 Qua
1689 2611 2040 2670 similitudine
2088 2625 2146 2669 et

589 2689 715 2746 alibi
744 2706 872 2749 usus
896 2702 1001 2759 est,
1033 2695 1119 2751 ubi
1151 2697 1227 2750 ait
1256 2697 1347 2770 [Β.
1383 2699 1514 2773 LVI]
1543 2719 1557 2755 :
1594 2719 1615 2753 ι
1644 2700 1986 2772 Οοωευηιιιιε
2018 2717 2145 2761 sunt

591 2799 615 2832 a
654 2795 776 2850 qua
796 2779 955 2838 Pater
978 2783 1122 2854 loqui
1153 2785 1592 2857 deprehenditur,
1636 2791 1726 2847 illa
1755 2793 1936 2848 omnia
1965 2795 2145 2865 prolo-

589 2888 614 2923 ο
650 2872 834 2942 quitur
861 2887 959 2941 per
989 2872 1220 2931 Verbum
1268 2892 1446 2933 suum.
1489 2881 1668 2951 Atque
1716 2883 1823 2939 hoc
1876 2884 1930 2939 in
1988 2886 2145 2944 nobis

591 2976 614 3013 ι
655 2963 785 3030 ipsis
810 2975 1034 3034 apparet
1060 2978 1182 3021 esse
1213 2967 1307 3030 ita,
1335 2969 1600 3040 siquidem
1621 2973 1803 3043 parvis
1832 2974 1993 3031 liceat
2022 2993 2140 3033 ma-

590 3070 611 3105 ι
649 3069 755 3124 gua
780 3070 1121 3127 componere.
1170 3056 1307 3115 Nam
1334 3076 1667 3135 quascunque
1715 3081 1814 3122 nos
1854 3066 2008 3137 juxta
2044 3086 2145 3126 no-

588 3174 598 3189 ι
651 3155 822 3199 atrum
852 3160 1040 3215 posse,
1082 3148 1263 3205 dicere
1292 3152 1375 3205 vel
1411 3151 1593 3211 facere
1628 3158 2012 3228 cupiverimus,
2046 3176 2144 3226 per

2257 2004 2277 2037 ι
2316 1985 2637 2059 ἀνθρώπῳό
2663 1986 2840 2057 λόγος,
2880 1989 2975 2043 καὶ
2998 1988 3175 2044 οὐδενὶ
3216 1989 3586 2063 χωριζόμενος
3632 1991 3829 2064 ἑτέρῳ,

2256 2096 2276 2129 ι
2320 2078 2355 2149 ἢ
2385 2078 2525 2150 μόνῃ
2558 2080 2627 2151 τῇ
2654 2077 2756 2149 τῆς
2784 2079 3039 2150 πράξεως
3069 2081 3345 2153 ένεργείᾳ.
3376 2099 3396 2133 r
3435 2081 3548 2137 Καὶ
3575 2077 3738 2146 αὖθις
3763 2086 3831 2154 τῇ

2249 2171 2385 2243 αὐτῇ
2423 2170 2686 2243 κέχρηται
2716 2170 2884 2224 εἰκόνι
2914 2172 2973 2225 ὲν
3010 2166 3095 2236 οἷς
3121 2188 3255 2244 φησι
3274 2189 3287 2203 ·
3326 2190 3346 2225 ι
3383 2173 3571 2228 Πάντα
3594 2174 3708 2245 γάρ
3729 2174 3835 2229 ὅσα.

2258 2280 2276 2313 ι
2318 2261 2386 2316 ἂν
2413 2263 2444 2316 ό
2478 2262 2668 2335 Πατὴρ
2694 2260 2852 2336 λέγῃ,
2875 2262 3049 2317 ταῦτα
3094 2263 3374 2335 πανταχοῦ
3405 2263 3497 2318 διά
3520 2265 3617 2318 τοῦ
3651 2266 3831 2335 Aci-rw

2257 2373 2274 2405 ι
2315 2354 2487 2424 λέγων
2516 2355 2783 2424 φαίνεται.
2801 2354 2973 2411 Τοῦτο
3000 2356 3058 2411 δδ
3084 2356 3244 2429 δῆλόν
3275 2357 3397 2411 ἑστι
3419 2358 3516 2412 καὶ
3545 2360 3641 2429 ἀφ’
3667 2359 3828 2431 ἡμῶν

2256 2465 2275 2499 ι
2320 2446 2523 2511 αὐτῶν,
2557 2448 2659 2501 ὅσα
2688 2446 2859 2520 μικρά
2893 2447 3150 2519 μεγάλοις
3174 2448 3268 2504 καὶ
3295 2448 3463 2514 θείοις
3499 2450 3825 2507 ἀπεικάσαι.

2256 2558 2274 2590 ‹
2319 2540 2430 2593 Καὶ
2474 2540 2642 2611 ἡμεῖς
2669 2538 2799 2610 γὰρ,
2836 2538 3015 2597 πάντα
3042 2540 3145 2594 ὃσα
3172 2538 3239 2594 ἀν
3278 2538 3556 2611 θέλωμεν,
3589 2539 3739 2595 κατά
3768 2540 3833 2595 τὸ

2255 2650 2274 2681 ι
2311 2629 2530 2684 δυνατὸν
2558 2628 2735 2696 λέγειν
2759 2645 2821 2682 τε
2852 2630 2947 2683 καὶ
2968 2632 3163 2695 ποιεῖν,
3179 2629 3258 2701 τῷ
3281 2630 3538 2703 ἡμετέρῳ
3562 2631 3831 2703 ποιοῦμεν

2255 2742 2273 2773 ι
2312 2722 2474 2792 λόγῳ.
2518 2740 2538 2774 a
2571 2718 2757 2775 Ταῦτα
2787 2720 2849 2773 ού
2890 2720 3093 2792 μᾶλλον
3124 2720 3445 2794 Μαρκέλλω
3473 2722 3829 2793 ἢΣαδελλιου

2248 2813 2491 2883 λέγοντος
2533 2811 2752 2867 ἀκούειν
2786 2813 3052 2883 προσήκει
3073 2811 3332 2883 νομίζειν,
3356 2814 3407 2866 ei
3441 2812 3517 2885 μὴ
3541 2814 3651 2886 ἀρα
3682 2814 3832 2871 τοῦτ’

2248 2903 2584 2958 ὲπισκώπτοι
2611 2902 2883 2974 Σαόελλίῳ
2912 2902 3255 2977 Μάρκελλος,
3271 2904 3355 2957 ὅτι
3383 2903 3460 2976 μὴ
3485 2905 3720 2971 ἀναιδῶς
3738 2905 3831 2962 τὸν

2247 2999 2306 3050 ὲν
2333 2995 2411 3067 τῷ
2436 2993 2557 3067 Θεῷ
2584 2995 2918 3067 σημαντικὸν
2943 2996 3137 3064 Λόγον,
3176 2993 3256 3061 ὡς
3285 2996 3449 3061 αὐτὸς
3471 2996 3665 3063 οἴεται,
3700 2997 3832 3053 Υἱὸν

2247 3086 2448 3159 ἐτόλμα
2466 3084 2768 3158 ὀνομάζειν.
2800 3086 2874 3141 ού
2897 3086 3007 3158 γὰρ
3032 3081 3101 3142 αὖ
3132 3086 3367 3158 τοσαύτη
3394 3086 3545 3159 αὐτῷ
3560 3087 3831 3159 λογισμοῦ

2173 3211 2219 3272 c
2250 3180 2429 3272 MV
2451 3179 2625 3272 αγοεατ
2644 3177 3609 3272 ὼςβάῖονίέεξριυξςάνθρφτεοιςυξιαι
3634 3180 3719 3272 τῷ
3736 3180 3832 3272 ενι

590 3250 613 3287 ι
652 3244 892 3291 nostrum
940 3253 1040 3294 nos
1088 3240 1313 3297 verbum
1358 3243 1451 3299 illa
1477 3244 1670 3302 eﬂecta
1696 3248 1908 3307 damus.
1962 3270 1983 3305 ι
2018 3251 2145 3309 Haec

2250 3240 2463 3326 πάν-τιον
2496 3240 2858 3340 διδόναινΘειῖι.
2904 3240 3027 3324 Οὐδ’
3054 3240 3228 3335 οὕτως
3260 3240 3587 3343 ἧλῑθιοςνῆν,
3737 3270 3833 3326 τὸν

585 3339 686 3381 nos
727 3338 939 3396 oportet
983 3332 1295 3391 existimare
1343 3349 1447 3391 non
1478 3338 1655 3394 minus
1692 3339 2005 3399 Marcellum
2063 3346 2145 3401 di-

586 3422 800 3470 centem
838 3418 1045 3483 audire,
1083 3437 1246 3490 quam
1281 3421 1595 3485 Sabellium.
1637 3429 1747 3486 Nisi
1795 3432 1935 3490 forte
1961 3435 2142 3492 riden-

582 3506 709 3560 dum
751 3508 967 3566 volebat
996 3511 1289 3569 Sabellium
1333 3515 1618 3576 ﬂarcellus
1655 3523 1977 3594 propinare;
2018 3529 2143 3598 quia

584 3613 691 3655 non
741 3600 995 3669 audebat,
1058 3605 1200 3674 quod
1247 3622 1411 3665 ausus
1437 3620 1522 3667 est
1574 3613 1709 3683 ipse,
1742 3614 1975 3673 Verbum
2016 3620 2145 3676 illud

581 3687 680 3746 Dei
716 3691 1100 3763 indicativum,
1144 3702 1289 3769 quod
1327 3702 1600 3758 existimat
1655 3715 1896 3776 tantum,
1945 3709 2143 3767 Filium

581 3781 677 3838 Dei
718 3785 1017 3843 nominare.
1059 3788 1220 3847 Certe
1270 3809 1377 3850 non
1426 3810 1494 3851 eo
1517 3798 1762 3869 prorupit
1804 3799 1851 3855 is
1896 3801 2140 3869 insania,

583 3882 645 3927 ut
678 3888 1006 3946 sermonem,
1060 3895 1155 3951 per
1201 3886 1384 3939 omnia
1420 3886 1659 3943 humano
1707 3889 2040 3949 simillimum
2080 3900 2139 3959 ᾖ(

585 3962 960 4022 Deoomniutn
1008 3984 1263 4040 supremo
1294 3974 1520 4030 auderet
1548 3978 1842 4035 ascribere.
1893 3979 2000 4036 Sed
2042 3996 2145 4037 nec

579 4067 649 4110 eo
672 4056 918 4114 stultitiae
945 4059 1182 4125 devenit,
1211 4073 1269 4117 ut
1304 4064 1528 4121 verbum
1560 4067 1777 4139 aliquod
1827 4086 1931 4126 non
1964 4073 2146 4129 subsi-

580 4164 753 4225 stens,
798 4155 996 4213 Filium
1049 4159 1144 4215 Dei
1173 4161 1497 4217 nominaret.
1552 4161 1815 4230 Quocirca
1848 4169 1939 4238 qui
1980 4183 2144 4223 unum

579 4245 715 4301 dixit
754 4246 921 4302 Deum
969 4247 1257 4319 Sabellius,
1309 4249 1503 4308 Filium
1524 4268 1652 4309 vero
1682 4254 1988 4326 abnegavit,
2017 4274 2147 4314 con-

577 4348 905 4409 sequenter,
961 4344 1253 4400 secundum
1306 4358 1457 4400 suam
1510 4348 1929 4415 suppositionem
1996 4365 2148 4405 eum-

575 4429 697 4484 dem
750 4429 1036 4487 aﬂlrmavit
1060 4432 1298 4500 Patrem,
1332 4451 1491 4505 quem
1531 4444 1587 4492 et
1624 4435 1839 4492 Filium.
1870 4436 2149 4496 Marcellus

2248 3362 2323 3435 μὴ
2345 3361 2626 3431 ὑφεστῶτα
2648 3361 2833 3431 λόγον,
2862 3360 2990 3415 Υῑὸν
3006 3360 3141 3416 Θεοῦ
3160 3361 3367 3416 καλεῖν.
3389 3363 3611 3433 Διόπερ,
3636 3361 3834 3417 2am-

2243 3454 2354 3518 λιος
2407 3453 2502 3507 ινα
2557 3453 2697 3507 Θεὸν
2742 3451 2934 3518 εἰπὼν,
2986 3452 3082 3507 τὸν
3138 3452 3198 3507 δὲ
3245 3452 3375 3507 Υἱὸν
3420 3453 3828 3525 ἀρνησάμενος,

2243 3545 2525 3617 ἑπομένως
2562 3548 2630 3615 τῇ
2674 3543 2824 3616 αὐτῷ
2851 3543 3069 3617 δοθείσῃ
3103 3542 3378 3609 ὑποθέσει,
3406 3543 3497 3598 τὸν
3527 3544 3694 3599 αὐτὸν
3719 3545 3835 3598 Πα-

2242 3634 2376 3705 τέρα
2397 3629 2535 3687 εῖναι
2554 3636 2648 3687 καὶ
2662 3632 2789 3686 Υῑόν
2810 3631 3034 3702 ἔφασκε.
3052 3631 3373 3706 Μάρκελλος
3393 3632 3450 3688 δέ
3467 3632 3602 3706 (65),
3625 3634 3834 3705 ὁμοίως

2244 3724 2439 3795 ἐκεινῳ
2462 3722 2521 3776 ἓν
2545 3723 2641 3776 καὶ
2661 3721 2857 3778 ταύτὸν
2886 3717 3026 3776 εἶναι
3060 3722 3154 3775 τὸν
3174 3721 3328 3789 Θεὸν,
3362 3723 3457 3777 καὶ
3477 3723 3569 3777 τὸν
3595 3725 3656 3778 έν
3678 3724 3834 3796 αὐτῷ

2245 3810 2418 3878 Λόγον
2448 3808 2644 3874 διδοὺς,
2681 3810 2857 3881 μάτην
2884 3808 3150 3879 ἐσφάλθαι
3174 3808 3265 3864 τὸν
3287 3810 3595 3874 Σαϐέλλιον,
3629 3812 3754 3885 οὐχὶ
3774 3813 3833 3867 δε

2246 3902 2341 3955 καὶ
2365 3901 2556 3955 ἑαυτὸν
2582 3898 2851 3972 ὁμολογεῖ.
2898 3900 2967 3954 Ἦ
3017 3900 3129 3973 γὰρ
3164 3901 3415 3956 κάκεῖνον
3461 3902 3829 3976 ἀποδέχεσθαι

2247 3991 2405 4063 χρῆν,
2431 3990 2467 4061 ἢ
2498 3992 2593 4045 καὶ
2630 3988 2793 4044 αὐτὸν
2830 3989 3141 4061 μέμφεσθαι
3166 4005 3181 4019 °
3215 3991 3251 4063 ἢ
3290 3993 3647 4065 μεμφόμενον
3684 3996 3830 4049 έκεῖ-

2247 4100 2361 4150 νον,
2396 4083 2497 4155 τὴν
2534 4082 2726 4153 ὁμοίαν
2756 4081 2908 4153 αὺτῷ
2947 4080 3267 4149 κακοδοξίαν
3305 4085 3694 4156 ἐκτρέπεσθαι,
3732 4089 3831 4141 καὶ

2251 4172 2326 4244 μὴ
2354 4171 2788 4244 ἀνδριαντοποιοῦ
2825 4171 2981 4242 δίκην
3017 4170 3367 4227 ὑποτίθεσθαι
3408 4172 3501 4227 τὸν
3546 4173 3704 4241 Θεὸν,
3758 4178 3829 4249 τῇ

2249 4262 2441 4317 ἑαυτοῦ
2480 4263 2775 4335 ἑνθυμήσει
2801 4264 2895 4318 καὶ
2917 4261 2995 4333 τῷ
3021 4261 3136 4334 ιδιῳ
3154 4262 3405 4336 λογισμῷ
3445 4265 3835 4337 προσδιαλεγό-

2254 4373 2433 4428 μενον,
2465 4356 2624 4410 αὺτόν
2650 4372 2709 4410 τε
2739 4355 2915 4427 ἑαυτῷ
2950 4354 3455 4429 παρακελευόμενον
3475 4358 3679 4429 λέγειν,
3706 4360 3828 4433 (66)

2253 4448 2388 4517 ’Δγε
2430 4447 2764 4516 ποιήσωμεν,
2807 4444 2908 4514 ἄγε
2954 4444 3249 4518 πλάσωμεν
3294 4447 3612 4520 ἀνδριάντα.
3670 4449 3832 4506 οὕτω

576 4535 706 4577 vero
735 4524 827 4594 qui
864 4525 1085 4588 perinde
1138 4535 1301 4598 atque
1346 4528 1435 4583 ille
1470 4530 1633 4585 Deum
1678 4545 1844 4585 unum
1896 4532 2144 4603 idemque

2251 4538 2359 4609 γὰρ
2379 4538 2472 4590 καὶ⁵
2490 4524 2580 4590 τὸν
2590 4535 2720 4589 Θεὸν
2736 4536 3014 4608 εἰρηκέναι
3025 4536 3110 4601 τὸ,
3125 4537 3479 4609 Ποιήσωμεν
3492 4541 3830 4610 ἄνθρωπον,

573 4615 846 4671 statuebat
875 4633 997 4672 cum
1032 4615 1209 4675 Verbo
1233 4636 1352 4685 suo,
1380 4620 1562 4690 inepte
1590 4635 1814 4679 accusat
1839 4624 2138 4682 Sabellium

571 4708 797 4775 erroris,
825 4724 1049 4779 prorsus
1075 4712 1176 4767 nisi
1208 4729 1268 4768 se
1291 4723 1345 4769 et
1371 4729 1584 4771 errasse
1609 4715 1862 4774 fateatur.
1893 4717 2028 4773 Nam
2061 4719 2143 4773 vel

574 4814 699 4855 cum
742 4801 979 4857 Sabeliio
1008 4805 1329 4873 conspirare
1378 4807 1630 4873 debebat,
1670 4810 1756 4864 vel
1785 4811 2139 4879 semetipsum

573 4893 927 4963 redarguere,
967 4906 1060 4951 aut
1100 4897 1146 4953 si
1197 4900 1524 4968 redarguere
1563 4900 1862 4957 Sabellium
1902 4900 2139 4967 volebat,

572 4987 817 5042 eamdem
864 5004 1081 5060 pravam
1116 5007 1268 5046 suam
1314 4993 1562 5047 heresim
1604 4992 1857 5061 abjurare
1886 4974 2010 5049 e’um
2050 4996 2143 5053 dce

571 5078 690 5135 cuit
726 5094 740 5131 :
782 5096 882 5138 nec
929 5082 1224 5141 admodum
1278 5084 1511 5156 alicujus
1554 5095 1750 5140 statuae
1799 5084 2139 5151 conﬂatoris,

574 5172 743 5228 Deum
780 5189 1085 5245 supponere
1120 5177 1536 5249 colloquentem,
1569 5194 1690 5232 cum
1720 5194 1817 5234 sua
1841 5177 2137 5233 ratiocina-

577 5266 745 5329 tione,
790 5275 845 5322 et
890 5269 1055 5323 animi
1111 5271 1194 5324 sui
1250 5270 1654 5341 intelligentia:
1698 5272 1984 5341 ipsumque
2037 5265 2140 5321 sibi

574 5356 678 5429 ipsi
702 5358 1054 5429 imperantem
1083 5362 1425 5420 introducere
1452 5366 1520 5420 ad
1554 5364 1695 5419 hunc
1737 5363 1954 5420 modum
1988 5378 2001 5413 :
2037 5358 2141 5414 Fa-

661 5503 723 5563 >I4
756 5500 854 5557 Ed.
875 5499 1071 5571 Paris.,
1099 5519 1222 5575 pag.
1259 5505 1347 5563 80.

670 5661 757 5742 ἒξ)
788 5663 957 5742 Vulgo
981 5667 1179 5742 όμοξως
1208 5668 1431 5742 αὐέῷ-θι
1451 5670 1604 5723 ἀποδ.
1637 5671 1822 5742 ἐχρῆν.

669 5679 2047 5814 utwmzsﬁamsxtsw..
2086 5752 2143 5795 ιιι

578 5801 712 5859 altas
740 5801 1007 5873 habetur,
1052 5801 1232 5866 statim
1268 5828 1363 5881 pro
1402 5801 1703 5880 μῆὸέτιοτε,
1754 5801 1975 5870 restitue
2016 5801 2144 5867 ποτὲ

2250 4631 2374 4701 ἔφη,
2403 4630 2534 4701 μηδὲ
2544 4629 2674 4682 ποτὲ
2704 4629 2803 4701 μὲν
2823 4628 3142 4694 ἐνδιάθετον,
3166 4630 3241 4695 ὡς
3263 4632 3350 4685 ἐπ’
3361 4630 3634 4705 ἀνθρώπῳ
3647 4634 3830 4705 λόγον,

2251 4722 2379 4775 ποτὲ
2419 4720 2475 4773 δὲ
2500 4719 2856 4793 σημαντικὸν,
2873 4719 2948 4784 ὼς
2963 4720 3055 4773 τὸν
3088 4723 3146 4775 έν
3168 4724 3299 4793 ἡμῖν
3324 4724 3659 4796 προφορικὸν
3681 4767 3696 4787 ,
3735 4726 3835 4781 καὶ

2251 4818 2308 4869 ὲν
2345 4814 2422 4886 τῷ
2436 4812 2555 4885 Θεῷ
2584 4812 2949 4867 ὑποτίθεσθαι.
2982 4811 3169 4867 Ταῦτα
3192 4814 3302 4887 γάρ
3330 4815 3618 4871 Σαδελλίου
3645 4819 3834 4891 ἢἸουο

2250 4906 2415 4960 δαίων
2442 4905 2588 4969 τινὸς
2620 4903 2732 4958 τῶν
2756 4904 2847 4957 τὸν
2880 4904 3009 4958 Υἱὸν
3038 4904 3134 4957 τοῦ
3172 4903 3309 4958 Θεοῦ
3345 4906 3834 4977 ἀπαρακαλύπτως

2248 4997 2591 5069 ἀρνουμένων
2605 4994 2830 5051 ἀνεκτὸν
2852 4990 2921 5067 ἦν
2954 4994 3200 5066 μᾶλλονῆ
3220 4994 3547 5066 Χριστιανοῦ
3581 4996 3842 5065 λέγοντος

2248 5086 2485 5142 ἀκούειν.
2526 5088 2584 5143 '0
2606 5088 2673 5155 δ’,
2693 5088 2883 5159 ὥσπερ
2901 5086 3440 5158 ιγκαλλωπιζόμενος
3466 5091 3533 5159 τῇ
3564 5090 3832 5163 Ἰουδαϊκῇ

2246 5178 2579 5252 διδασκαλίᾳ,
2613 5182 2670 5251 τῇ
2695 5178 2993 5252 Ἐκκλησία
3018 5178 3254 5251 Χριστοῦ
3284 5180 3415 5251 περὶ
3454 5180 3548 5233 τοῦ
3591 5181 3667 5251 μὴ
3696 5177 3835 5236 εἶναι

2246 5271 2338 5324 τὸν
2370 5272 2496 5326 Υἱὸν
2537 5271 2631 5325 τοῦ
2673 5271 2830 5337 Θεοῦ,
2878 5272 2939 5325 τὸ
2983 5271 3241 5336 δυσσεϐὲς
3299 5272 3450 5325 τουτὶ
3513 5272 3608 5325 καὶ
3674 5271 3834 5325 ἄθεον

2250 5364 2459 5434 εἰσάγει
2490 5364 2685 5435 δόγμα,
2721 5363 2830 5435 πρὸ
2863 5362 2959 5417 τοῦ
3000 5364 3093 5417 τὸν
3127 5363 3331 5434 κόσμον
3372 5362 3628 5430 γενέσθαι
3666 5363 3833 5433 μηδὲν

2326 5688 2375 5725 ν.
2417 5669 2486 5723 Μ.
2509 5701 2578 5712 -—
2595 5666 2765 5753 Vulgo
2796 5684 2955 5750 supra
2990 5669 3341 5753 πλάσσιομεν.
3367 5667 3482 5753 ὺξοι
3508 5667 3687 5753 vuigo_

2252 5738 2315 5814 δὴ
2524 5749 2579 5792 et
2610 5739 2763 5864 έέκκλ.
2794 5738 2887 5800 τοῦ
2919 5758 3005 5811 χρ.
3040 5752 3092 5797 et
3122 5738 3231 5793 τοῦ
3251 5738 3566 5810 ποιηθέντος
3603 5740 3756 5810 αὐτῷ
3784 5750 3838 5797 et

2252 5829 2400 5869 παοα
2434 5829 2458 5868 s
2494 5828 2624 5879 ειγμ
2654 5827 2762 5866 νον.
