4032 6448
1203 490 1293 547 os
1340 472 1883 548 ECCLESIASTICA
1925 458 2327 544 sacomam
2367 482 2494 542 ιω.
2536 483 2578 544 l.

3436 488 3543 542 8(2

237 609 427 683 ἓτερον
461 608 601 667 εἶναι
638 614 776 685 πλὴν
808 612 942 668 Θεοῦ
980 614 1165 685 μόνου,
1195 613 1260 666 δι’
1292 612 1413 667 ὅλου
1442 609 1536 663 τοῦ
1574 610 1818 681 πονηθέν-

1940 610 2150 665 ciamus
2181 607 2435 676 agedum,
2480 607 2709 675 agedum
2748 607 3035 675 ﬁngamus,
3095 622 3197 678 age
3230 607 3462 665 conﬂem
3478 622 3544 661 us

240 720 331 768 τος
349 704 499 776 αὐτῷ
526 707 955 778 συγγράμματος
977 705 1421 769 κατασκευάζων,
1446 704 1511 757 ἶν’
1528 702 1828 776 ἀποκλείσῃ

1938 710 2199 756 statuam.
2230 699 2307 753 Ita
2340 700 2486 754 enim
2518 701 2778 768 supponit
2816 701 2981 753 Deum
3027 700 3321 771 aliquando
3350 704 3531 772 prolo-

237 794 315 866 τῷ
357 798 472 871 ΥΞῷ
516 798 615 870 τὴν
667 800 920 871 πάροδον.
968 800 1127 854 ’Λλλά
1158 799 1254 853 καὶ
1285 797 1609 867 σεμνύνεται
1642 796 1818 867 αὐχῶν

1936 802 2143 854 cntum,
2178 788 2468 844 Faciamus
2499 792 2762 844 hominem
2791 791 2858 844 ".
2885 791 3162 861 Nusquam
3187 803 3341 848 certe
3374 800 3534 847 vocat

238 889 336 942 ἕνα
390 890 523 944 Θεὸν
569 890 786 944 εἰδέναι*
837 892 914 956 ὡς
970 892 1090 962 οὐχὶ
1141 891 1236 945 καὶ
1263 889 1422 961 ἡμῶν
1448 889 1607 944 τοῦτο
1638 888 1826 957 λεγόν-

235 998 366 1045 των,
398 982 490 1035 τὸν
518 983 646 1037 Υίὸν
692 983 786 1037 τοῦ
816 984 950 1038 Θεοῦ
986 982 1201 1054 ἀληθῶς
1240 982 1370 1036 Υίὸν
1416 978 1557 1035 εἶναι
1586 980 1825 1053 παραδε-

235 1073 557 1145 δειγμένων,
597 1077 727 1149 παρ’
744 1077 909 1131 αὑτοῦ
924 1075 1405 1148 τεμεμαθηκότων
1424 1076 1519 1129 ἕνα
1536 1074 1824 1145 γνωρίζειν

234 1165 390 1232 Θεὸν,
424 1168 587 1222 αὐτόν
618 1187 677 1222 τε
700 1165 839 1224 εἶναι
862 1170 995 1224 Θεὸν
1027 1170 1163 1242 ὁμοῦ
1187 1171 1281 1225 καὶ
1304 1169 1527 1241 Πατέρα
1546 1166 1667 1237 (67)
1690 1165 1821 1220 Υἱοῦ

231 1258 330 1312 τοῦ
362 1260 708 1331 μονογενοῦς,
736 1263 931 1318 ἑαυτοῦ
946 1263 1154 1335 δηλαδὴι
1164 1263 1319 1327 ὅντος
1332 1261 1546 1334 ἀληθῶς
1561 1259 1693 1314 Υἱοῦ
1717 1259 1823 1331 πρὸ

232 1351 455 1404 πάντων
483 1352 694 1408 αίώνων
730 1353 790 1421 ἐξ
823 1354 990 1409 αὑτοῦ
1015 1354 1409 1426 γεγενημένου,
1435 1354 1531 1407 καὶ
1558 1352 1620 1406 οὐ
1661 1350 1821 1422 μόνον

229 1442 408 1512 Λόγου
451 1444 789 1516 κεκλημένου
841 1445 949 1518 πρὸ
980 1446 1077 1518 τῆς
1118 1445 1435 1517 ἀναλήψεως
1466 1444 1565 1515 τῆς
1596 1443 1819 1515 σαρκὸς,

229 1536 368 1607 ὅπερ
392 1536 425 1588 ό
454 1538 701 1606 γενναῖος
741 1537 1060 1610 διορίζεται,
1110 1536 1247 1591 ἀλλά
1286 1537 1381 1589 καὶ
1425 1534 1599 1608 μυρία
1631 1534 1817 1611 ἕτερα,

226 1629 257 1682 ὀ
274 1628 334 1682 δὲ
366 1627 474 1683 κᾶν
502 1628 698 1701 τούτῳ,
727 1630 827 1702 τῆς
848 1628 1002 1695 θείας
1020 1630 1248 1707 Γραφῆς
1275 1629 1693 1701 καταψεύδεται,
1713 1630 1821 1701 πρὸ

226 1722 330 1794 τῆς
386 1723 655 1796 ὲνσάρκου
713 1724 1018 1796 παρουσίας
1071 1724 1237 1803 μηδὲν
1275 1724 1464 1799 ἕτερον
1519 1723 1817 1797 κεκλῆσθαι

228 1816 392 1872 αὐτὸν
414 1815 905 1889 ἀπισχυριζόμενος
930 1818 963 1887 ἢ
985 1817 1175 1886 Λόγον.

1935 884 2173 939 Verbum
2210 883 2356 937 intus
2384 884 2761 948 constitutum,
2792 888 3065 953 quomodo
3099 884 3251 954 loqui
3287 899 3404 939 mos
3437 893 3533 938 est

1933 977 1985 1031 in
2023 976 2306 1031 humanis:
2333 987 2390 1030 at
2427 977 2698 1031 interdum
2742 987 2898 1032 vocat
2934 979 3312 1042 indicativum,
3354 976 3532 1032 simil.

1928 1071 2118 1127 limum
2152 1082 2342 1127 nostro
2371 1072 2536 1127 verbo
2560 1072 2857 1146 prolatitio.
2888 1072 3046 1127 Esset
3071 1072 3174 1127 hoc
3206 1072 3260 1126 in
3289 1070 3531 1126 Sabellio

1928 1165 2151 1235 quidem
2228 1165 2553 1221 tolerabile:
2586 1165 2669 1219 vel
2716 1166 2767 1229 in
2802 1164 3115 1221 Judmorum
3184 1164 3370 1235 aliquo
3432 1163 3531 1235 qui

1926 1260 2046 1314 sine
2077 1258 2531 1327 tergiversatione
2561 1259 2739 1328 aliqua
2777 1258 2972 1313 Filium
2997 1258 3093 1313 Dei
3124 1265 3531 1329 pernegaturus

1926 1360 2071 1406 esset
2107 1372 2122 1407 :
2161 1361 2216 1405 at
2249 1353 2372 1422 quis
2409 1353 2525 1407 haec
2554 1352 2827 1407 dicentem
2854 1350 3230 1407 Christianum
3256 1350 3433 1407 ferat?
3458 1350 3532 1406 At

1928 1444 2020 1498 ille
2067 1444 2229 1500 veluti
2266 1446 2359 1515 qui
2414 1446 2745 1517 gloriaretur
2793 1446 2860 1501 de
2908 1444 3229 1511 Judaismo,
3294 1444 3528 1515 impium

1928 1537 2123 1610 dogma
2163 1548 2328 1607 atque
2366 1539 2591 1594 atheum
2633 1538 2935 1593 introducit
2985 1537 3037 1591 in
3079 1535 3405 1602 Ecclesium,
3438 1533 3531 1591 Fi-

1928 1631 2059 1686 lium
2085 1632 2181 1687 Dei
2204 1633 2521 1702 neutiquam
2552 1632 2854 1696 exstitisse,
2902 1642 3031 1686 ante
3074 1629 3262 1684 mundi
3316 1629 3526 1699 produ-

1927 1721 2162 1778 ctionem
2193 1743 2207 1779 :
2241 1740 2364 1779 cum
2392 1724 2511 1780 solo
2540 1724 2649 1779 Deo
2681 1734 2911 1793 excepto
2943 1722 3078 1778 nihil
3101 1722 3263 1793 plane
3285 1729 3529 1778 exstaret

1927 1816 2047 1871 ibi:
2093 1818 2306 1887 hocque
2356 1817 2533 1889 ipsum
2583 1817 2965 1882 constabilire,
3005 1832 3104 1888 per
3150 1814 3345 1884 scripti
3376 1814 3529 1869 illius

228 1910 316 1966 sui
345 1924 659 1981 processum
688 1920 920 1967 conatur
953 1896 1271 1968 universum
1305 1928 1321 1967 :
1360 1912 1413 1967 in
1443 1927 1567 1969 eum
1619 1911 1808 1978 linem,
1845 1920 1904 1967 ut
1935 1911 2076 1969 Filio
2141 1927 2363 1969 omnem
2428 1915 2637 1969 aditum
2670 1914 2739 1968 ad
2785 1911 3204 1969 subsistentiam
3254 1908 3527 1973 interclu-

226 2008 343 2065 dat.
380 2005 487 2063 Sed
520 2016 576 2064 et
602 2008 828 2080 insuper
855 2010 1211 2077 vehementer
1244 2010 1526 2079 gloriatur.
1560 2024 1621 2066 se
1652 2025 1817 2064 unum
1860 2012 2237 2066 tantummodo
2282 2011 2451 2067 Deum
2522 2026 2857 2089 agnoscere:
2921 2011 3081 2080 quasi
3117 2011 3220 2067 hoc
3266 2024 3366 2065 nos
3415 2023 3525 2064 non

226 2100 614 2157 conﬁteremur
642 2118 767 2159 cum
791 2103 906 2172 illo,
936 2105 1030 2183 qui
1059 2114 1240 2169 tamen
1273 2105 1367 2169 Dei
1398 2120 1585 2166 revera
1617 2106 1815 2161 Filium
1854 2119 1979 2162 esse
2031 2107 2369 2177 accepimus,
2417 2115 2473 2164 et
2531 2107 2601 2162 ab
2640 2108 2873 2177 ipsemet
2914 2106 3081 2161 etiam
3147 2104 3289 2173 Filio
3354 2121 3526 2159 unum

224 2196 397 2253 Deum
427 2212 729 2270 agnoscere
762 2199 943 2256 edocti
981 2201 1207 2265 luimus,
1240 2201 1527 2272 ipsumque
1561 2201 1729 2257 Deum
1750 2215 1872 2264 esse
1912 2202 2261 2273 simulatque
2280 2202 2496 2259 Patrem
2524 2203 2650 2259 Filii
2674 2204 2969 2274 unigeniti,
2998 2203 3083 2258 sui
3108 2216 3305 2274 nempe
3324 2202 3525 2273 ipsius,

223 2290 318 2361 qui
351 2306 450 2347 nos
486 2293 569 2350 sic
591 2293 798 2361 docuit,
840 2296 933 2367 qui
982 2311 1109 2353 vere
1146 2296 1316 2357 Filius
1354 2298 1657 2353 exsistebat
1681 2308 1811 2353 ante
1856 2299 2042 2353 omnia
2083 2298 2306 2365 saecula,
2349 2300 2418 2356 de
2452 2299 2545 2355 illo
2596 2299 2762 2355 Patre
2819 2300 3058 2371 genitus,
3084 2312 3247 2369 quem
3284 2314 3391 2354 non
3428 2313 3522 2353 so,

225 2387 335 2441 ium
378 2388 616 2445 Verbum
687 2393 1017 2463 compellare
1064 2391 1308 2450 solemus
1337 2435 1353 2460 ,
1405 2393 1571 2450 etiam
1608 2402 1737 2449 ante
1776 2406 2090 2467 susceptam
2115 2410 2359 2461 carnem,
2395 2396 2475 2449 uti
2504 2395 2656 2449 illum
2702 2391 3111 2450 circumscribit
3174 2393 3355 2449 bonus
3418 2391 3527 2447 iste

221 2486 329 2551 vir,
362 2485 459 2542 sed
490 2486 672 2543 multis
699 2487 822 2544 aliis
855 2489 1170 2545 nominibus
1198 2529 1215 2553 ,
1267 2490 1363 2560 qui
1428 2489 1533 2557 hoc
1592 2490 1709 2561 ipso
1758 2489 2027 2556 mendacii
2089 2491 2340 2562 coarguit
2366 2488 2733 2560 Scripturam,
2778 2488 2915 2548 dum
2960 2487 3342 2544 vehementius
3374 2501 3527 2543 assc-

220 2588 378 2635 verat
429 2578 581 2637 illum
628 2581 776 2639 nullo
806 2581 913 2638 alio
960 2583 1183 2637 nomine
1238 2582 1518 2639 exstitisse
1544 2591 1759 2651 notum,
1790 2591 1923 2639 ante
1952 2578 2109 2638 suam
2143 2582 2603 2639 incarnationem.

864 2678 1022 2732 ΚΕΦ.
1064 2679 1171 2732 IH’.

217 2765 422 2843 'Oi'wc
468 2767 585 2836 πρὸ
630 2766 746 2843 siis
792 2769 1307 2843 ἐνανθρωπῖίσεως
1375 2769 1579 2843 οὐδὲν.
1607 2770 1817 2843 ἕτερον

287 2835 561 2913 ἔφασκεν
572 2835 888 2913 ξεῖναι-τρν
934 2835 1072 2913 flor
1094 2835 1143 2911 ἦ
1163 2835 1380 2911 Λόγον,
1425 2840 1589 2909 αὐτῷ
1621 2835 1817 2913 μόὶοον

288 2907 499 2978 ὅμοιον
524 2908 606 2976 τῷ
630 2910 767 2980 παρ’
790 2907 1146 2981 ἀνθρώποις.

300 2998 638 3053 Ἐπάκουσον
682 2989 839 3068 γοῦν,
879 2999 959 3064 ὡς
993 2992 1397 3055 διαϐεϐαιοῦται
1415 3040 1432 3066 ,
1480 3000 1665 3064 αὐτοῖς
1715 2997 1818 3071 ρή-
1886 3021 1890 3025 ·

220 3107 355 3165 μασι
405 3090 595 3146 τοῦτον
634 3093 865 3166 γράφων
904 3092 996 3147 τὸν
1035 3093 1271 3166 τρόπον’
1327 3112 1347 3145 ι
1395 3093 1559 3147 Ὥστε
1607 3108 1815 3147 παντα-

222 3206 244 3242 ι
290 3186 448 3260 κόθεν
481 3186 594 3260 (68)
631 3188 759 3242 εστὶ
789 3186 972 3259 δῆλον,
1006 3188 1171 3261 μηδὲν
1204 3188 1393 3261 ἕτερον
1434 3189 1501 3260 τῇ
1549 3186 1814 3259 ἀϊδιότητι

223 3298 243 3332 ι
286 3277 383 3333 τοῦ
404 3277 581 3348 Λόγου
611 3277 905 3351 ἁρμόττειν
930 3277 1121 3349 δνομα,
1160 3278 1193 3349 ἢ
1222 3276 1393 3345 τοῦθ’,
1424 3277 1564 3349 ὅπερ
1585 3278 1615 3331 δ
1645 3274 1817 3345 ἀγιώ-

220 3392 243 3433 e
287 3389 450 3436 τατος
481 3370 577 3427 τοῦ
609 3370 746 3425 Θεοῦ
790 3369 1040 3442 μαθητὴς
1077 3370 1173 3423 καλ⁸
1205 3368 1503 3433 ἀπόστολος
1538 3368 1814 3441 Ἰωάννης,

221 3485 241 3519 ι
288 3467 347 3519 ἑν
396 3465 541 3538 ἀρχῇ
591 3463 687 3518 τοῦ
741 3462 1077 3533 Εὐαγγελίου
1129 3461 1373 3536 εἴρηκεν.
1430 3461 1653 3534 Ἐπειδὴ
1706 3460 1815 3534 γὰρ

222 3576 243 3610 r
293 3556 435 3629 μετά
479 3556 580 3630 τὴν
624 3556 728 3627 τῆς
781 3556 984 3628 σαρκὸς
1022 3555 1289 3627 ἀνάληψιν
1337 3555 1576 3627 Χριστός
1619 3571 1680 3608 τε
1723 3553 1817 3608 καὶ

217 3668 240 3701 s
300 3648 509 3721 Ἰησοῦς
536 3647 886 3722 κηρύττεται,
916 3646 1028 3720 ζωή
1063 3664 1122 3701 τε
1157 3648 1251 3702 καὶ
1290 3647 1443 3713 ὁδὸς,
1497 3647 1594 3701 καὶ
1633 3646 1816 3720 ἡμέρα

220 3757 243 3791 ι
289 3741 384 3794 καὶ
415 3740 751 3808 ἀνάστασις,
796 3738 893 3795 καὶ
942 3738 1083 3811 θύρα
1147 3739 1243 3794 καὶ
1289 3738 1493 3811 ἄρτος,
1538 3739 1637 3792 καὶ⁵
1683 3738 1737 3792 εί
1758 3756 1814 3793 τι

218 3849 241 3884 s
286 3832 477 3905 ἓτερον
533 3832 641 3887 ὑπὸ
700 3830 813 3886 τῶν
856 3831 1021 3888 θείων
1067 3830 1387 3905 ὀνομάζοιτο
1442 3830 1696 3905 Γραφῶν,
1752 3831 1813 3887 οὐ

218 3945 239 3979 s
288 3925 445 3998 παρά
498 3925 657 3981 τοῦτο
699 3926 916 3996 ἀγνοεῖν
969 3927 1119 3999 ἡμᾶς
1165 3927 1434 3997 προσήκει
1492 3925 1553 3980 τὸ
1600 3924 1817 3998 πρῶτον

2463 2684 2526 2744 >11
2551 2675 2708 2735 CAP.
2761 2674 2945 2732 XVIII.

1922 2771 2081 2841 Quod
2110 2772 2330 2842 animat
2380 2769 2580 2842 Filium
2599 2779 2734 2842 (ante
2762 2775 3094 2842 assumptum
3134 2782 3354 2842 carnem,

1989 2836 2211 2913 prorsus
2245 2841 2398 2896 aliud
2428 2840 2691 2896 exstitisse
2711 2854 2874 2913 quam
2926 2836 3175 2901 Verbum,
3208 2836 3519 2899 consimili!-

1992 2930 2139 2968 munt
2162 2913 2397 2967 humano
2427 2913 2605 2967 verbo.

1990 3006 2130 3062 Audi
2151 3017 2338 3062 autem
2356 3005 2630 3076 quomodo
2644 3004 2749 3060 hoc
2770 3003 2947 3075 ipsum
2964 3003 3184 3065 doceat,
3204 3002 3333 3057 dum
3354 3001 3529 3058 discu-

1918 3098 1990 3154 tis
2014 3097 2235 3169 quidem
2262 3095 2445 3152 verbis
2464 3097 2539 3153 ita
2572 3095 2766 3152 scribit
2794 3093 2888 3169 [Β.
2910 3093 3187 3167 XXXVII}
3211 3111 3257 3149 ει
3280 3094 3431 3148 Adeo
3464 3100 3527 3149 It

1923 3208 1945 3243 ι
1988 3188 2146 3260 plane
2167 3189 2317 3245 omni
2336 3188 2500 3244 modo
2531 3188 2882 3254 manifestum
2909 3189 3094 3256 fuerit,
3114 3188 3324 3245 nullum
3353 3187 3524 3244 alium

1923 3297 1945 3331 s
1988 3292 2184 3335 nomen
2210 3278 2500 3335 aeternitati
2525 3276 2685 3333 Verbi
2702 3280 3093 3336 convenienter
3113 3279 3523 3344 ascribendum,

1924 3393 1942 3425 ι
1985 3388 2147 3443 quam
2173 3373 2278 3429 hoc
2302 3371 2504 3443 ipsum,
2527 3372 2673 3444 quod
2702 3388 2733 3427 ε
2764 3372 3113 3430 sanctissimo
3149 3371 3244 3428 Dei
3270 3372 3528 3443 apostolo

1925 3483 1944 3517 ι
1986 3475 2042 3521 et
2070 3464 2343 3535 discipulo
2387 3463 2621 3539 Joanne,
2674 3467 2727 3521 in
2768 3466 3044 3538 principio
3072 3466 3297 3537 ponitur
3335 3464 3522 3521 Evan-

1926 3578 1945 3613 ι
1985 3558 2132 3630 gelii.
2199 3558 2483 3631 Siquidem
2536 3561 2604 3627 is,
2664 3569 2791 3629 post
2843 3569 3181 3631 assumptam
3246 3573 3520 3625 carnem,

1925 3672 1954 3716 ι
1983 3652 2236 3725 Christus
2273 3661 2330 3708 et
2353 3650 2514 3709 Iesus
2531 3653 3126 3724 pradieatur,vitaque
3148 3660 3207 3709 et
3236 3652 3347 3717 via,
3379 3652 3517 3718 dies,

1925 3765 1952 3810 r
1990 3746 2345 3811 resurrectio,
2382 3746 2608 3814 ostium,
2639 3746 2819 3817 panis,
2856 3756 2911 3804 et
2942 3752 3064 3818 qua!
3085 3755 3287 3803 cetera
3318 3744 3393 3801 illi
3422 3758 3524 3801 no-

1926 3857 1944 3889 ι
1992 3840 2135 3902 mina
2196 3839 2251 3895 in
2311 3838 2615 3910 Scripturis
2680 3839 3055 3895 sacrosanctis
3116 3839 3515 3902 ascribuntur,

1927 3952 1955 3991 ί
1993 3942 2175 3995 tamen
2214 3950 2324 3989 non
2355 3934 2616 3990 debemus
2658 3935 2936 4004 ignorare,
2970 3933 3116 4004 quod
3160 3931 3417 4003 princeps
3442 3930 3522 3987 illi

221 4041 241 4075 ι
287 4022 485 4092 ὄνομα,
518 4020 600 4074 ὅτι
638 4019 813 4089 Λόγος
855 4018 966 4091 (69)
1010 4015 1103 4093 ἦν.
1147 4019 1247 4073 Διά
1275 4018 1436 4073 τοῦτο
1480 4017 1612 4090 γὰρ,
1646 4017 1743 4072 καὶ
1790 4019 1818 4072 6

1930 4043 1948 4077 ι
1993 4039 2188 4086 nomen
2242 4022 2479 4080 Verbum
2532 4023 2733 4082 fuerat.
2764 4022 2847 4081 Ob
2899 4024 3039 4106 hanc
3071 4023 3247 4094 ipsam
3295 4036 3519 4080 causam

217 4133 238 4169 ι
280 4114 591 4186 ἀγιώτατος
630 4114 1026 4186 εὐαγγελιστὴς
1054 4112 1149 4167 καὶ
1186 4111 1433 4185 μαθητὴς
1455 4112 1549 4168 τοῦ
1578 4110 1807 4184 Κυρίου,

215 4227 237 4265 ι
284 4208 492 4283 σφόδρα
525 4206 847 4281 ἐγρηγορὼς
874 4206 956 4279 τῷ
988 4205 1280 4279 πνεύματι,
1309 4205 1409 4278 τῆς
1442 4204 1649 4261 ἀνωθεν
1686 4222 1815 4277 μνη-

215 4323 234 4356 s
285 4301 529 4376 μονεύων
562 4283 777 4377 ἀργῆς,
814 4303 910 4356 καὶ
965 4298 1191 4374 μηδενὸς
1229 4298 1343 4373 (70)
1388 4298 1678 4370 νεωτέρου,
1717 4298 1814 4377 Ἐν

214 4414 234 4449 ι
281 4394 444 4483 ἀρχῇ
483 4390 563 4478 ἦν
588 4397 621 4449 ό
658 4395 871 4475 Λόγος,
916 4391 1043 4483 ἔφη,
1086 4392 1185 4448 καί
1225 4395 1260 4446 ὁ
1297 4392 1489 4461 Λόγος
1537 4386 1619 4460 ἦν
1662 4388 1813 4483 πρὸς

215 4508 235 4541 ι
281 4482 403 4543 τὸν
427 4485 599 4553 Θεὸν,
627 4488 727 4541 καὶ
767 4486 913 4553 Θεὸς
948 4482 1029 4557 ἦν
1064 4488 1098 4540 ό
1124 4486 1337 4556 Λόγος,
1373 4485 1462 4538 ἴνα
1489 4483 1641 4557 δείξῃ
1673 4482 1729 4536 εῐ
1756 4500 1811 4537 τι

216 4601 236 4629 s
284 4581 471 4647 καινὸν
496 4582 592 4635 καὶ⁹
630 4579 895 4652 νεώτερον
920 4579 1113 4649 δνομα,
1144 4578 1287 4633 τοῦτ’
1327 4577 1435 4631 ἀπὸ
1469 4577 1569 4647 τῆς
1618 4576 1812 4647 καινῆς

214 4694 236 4730 s
283 4675 434 4747 αὑτῷ
481 4674 577 4729 καὶ
614 4674 744 4738 νέας
772 4672 982 4745 ὑπῆρξε
1016 4670 1160 4736 κατά
1204 4671 1384 4743 σάρκα
1426 4670 1759 4740 οἰκονομίας.
1788 4688 1806 4721 ι

211 4769 326 4824 Καὶ
355 4767 486 4839 ιῇς
532 4766 807 4835 ἐπι-λέγει’
850 4785 869 4817 ι
899 4764 1129 4827 Οὐκοῦν,
1176 4762 1285 4836 πρὸ
1329 4762 1431 4834 μὲν
1472 4760 1568 4815 τοῦ
1618 4758 1814 4815 κατελ-

216 4883 237 4916 s
283 4862 399 4917 θεῖν
449 4862 546 4917 καὶ
595 4860 684 4915 διά
729 4860 830 4932 τῆς
867 4859 1145 4931 Παρθένου
1188 4856 1482 4928 τεχθῆναι,
1530 4856 1704 4924 Λόγος
1743 4849 1811 4926 ἦν

1922 4133 1940 4167 ι
1983 4115 2364 4171 sanctissimus
2405 4114 2739 4184 evangelista
2796 4123 2852 4170 et
2914 4112 3215 4183 discipulus
3263 4111 3517 4177 Domini,

1925 4224 1946 4259 ι
1990 4206 2146 4263 valde
2170 4207 2393 4278 quidem
2419 4207 2507 4263 ille
2530 4208 2726 4277 spiritu
2757 4207 3021 4279 vigilans,
3052 4207 3144 4261 ubi
3170 4205 3340 4270 illius,
3369 4203 3519 4275 quod

1925 4321 1943 4353 ι
1981 4302 2194 4358 eratab
2222 4303 2370 4363 omni
2402 4312 2553 4358 retro
2586 4302 2896 4358 aeternitate
2933 4300 3191 4372 principii
3236 4298 3515 4363 meminit,

1924 4413 1943 4446 ι
1990 4409 2089 4449 nec
2117 4393 2347 4450 inferius
2374 4395 2735 4461 descendens,
2776 4393 2846 4450 In
2879 4394 3163 4465 principio,
3200 4393 3362 4457 dixit,
3401 4399 3516 4446 erat

1922 4505 1941 4537 ι
1992 4484 2216 4541 Verbum
2240 4502 2259 4540 :
2290 4498 2340 4541 et
2393 4485 2616 4541 Verbum
2680 4496 2795 4541 erat
2834 4488 2976 4555 apud
3017 4486 3187 4540 Deum
3215 4502 3234 4537 :
3273 4495 3321 4543 et
3374 4483 3515 4539 Deus

1922 4599 1939 4631 ι
1976 4590 2089 4633 erat
2136 4579 2274 4635 illud
2326 4579 2642 4644 Verbum",
2698 4590 2757 4634 ut
2787 4580 2867 4635 sic
2906 4578 3251 4644 ostenderet,
3288 4578 3333 4632 si
3365 4578 3515 4648 quod

1923 4692 1941 4725 ι
1982 4672 2129 4728 aliud
2156 4674 2223 4729 de
2246 4688 2386 4729 novo
2408 4684 2464 4729 et
2486 4658 2750 4730 novitium
2781 4672 2857 4727 illi
2892 4671 3260 4741 adaptabatur
3288 4685 3512 4737 nomen,

1922 4784 1941 4816 ι
1986 4766 2113 4820 illud
2139 4766 2189 4821 ei
2222 4766 2543 4831 accessisse,
2578 4781 2606 4819 a
2640 4780 2779 4820 nova
2811 4764 2902 4824 illa
2931 4779 3029 4819 sua
3062 4762 3363 4820 secundum
3389 4777 3515 4817 car-

1922 4878 1938 4911 ι
1984 4874 2106 4914 nem
2131 4858 2559 4929 dispensatione.
2612 4876 2631 4910 ι
2666 4855 2878 4924 Quibus
2906 4855 3161 4924 adiunxit
3187 4855 3241 4910 in
3276 4870 3516 4925 sequen-

203 4979 221 5007 ι
287 4956 469 5030 μόνον.
507 4955 686 5022 Ἐπεὶ,
716 4954 770 5007 τί
799 4954 913 5026 (7i)
948 4953 1137 5025 ἕτερον
1166 4947 1259 5023 ἦν,
1292 4950 1400 5021 «pb
1430 4949 1527 5003 τοῦ
1572 4949 1675 5021 τὴν
1714 4949 1809 5003 ἀν-

203 5072 221 5102 ι
283 5048 569 5122 θρωπίνην
592 5048 883 5103 ἀναλαόεῖν
910 5048 1091 5120 σάρκα
1121 5046 1184 5100 τὸ
1221 5042 1481 5098 κατελθὸν
1513 5042 1600 5096 ἐπ’
1642 5040 1808 5113 ἐσχά-

203 5168 221 5199 ι
280 5162 395 5200 των
420 5142 531 5197 τῶν
572 5140 833 5215 ήμερῶν;
875 5140 951 5205 ὡς
992 5139 1088 5193 καὶ
1120 5137 1285 5216 αὐτὸς
1328 5135 1558 5208 ἔγραφε.
1606 5134 1719 5188 Καὶ
1748 5134 1811 5187 τὸ

1930 5158 1937 5191 ι
1980 5153 2124 5195 terea
2156 5141 2451 5211 quidquam
2476 5140 2597 5196 l‘uit.
2624 5140 2760 5195 Nam
2788 5140 2916 5211 quid
2954 5147 3072 5193 erat
3094 5136 3238 5191 aliud
3258 5176 3273 5200 ,
3302 5150 3515 5205 quaeso,

205 5259 221 5289 ι
279 5236 544 5310 γεννηθὲν
570 5238 636 5289 ὲκ
684 5234 784 5306 τῆς
829 5233 990 5303 ἁγίας
1023 5231 1325 5304 Παρθένου,
1364 5230 1519 5284 οὐδὲν
1550 5229 1739 5302 ἓτερον
1774 5229 1807 5299 ἢ

1930 5253 1936 5284 ι
1984 5234 2295 5303 priusquam
2336 5234 2625 5287 humanam
2676 5244 2980 5289 assumeret
3012 5245 3258 5294 carnem,
3288 5230 3337 5283 id
3369 5228 3518 5298 quod

206 5354 223 5384 ι
288 5332 525 5400 Λόγος.»
576 5328 689 5383 Καὶ
735 5327 900 5383 πάλιν
950 5326 1236 5397 ἐπιφέρειο
1293 5345 1311 5377 ι
1347 5324 1620 5395 Πρότερον
1679 5322 1807 5395 γὰρ,

1930 5346 1937 5376 l
1982 5327 2260 5382 descendit
2291 5327 2341 5381 in
2368 5327 2679 5383 novissimis
2712 5326 2940 5383 diebus?
2966 5324 3109 5396 quod
3145 5334 3199 5378 et
3234 5322 3409 5385 ipsqu
3448 5320 3519 5375 ab

206 5439 225 5473 s
283 5420 492 5492 ὦσπερ-
522 5418 782 5481 πολλάκις
816 5416 973 5489 ἔφην,
1000 5416 1152 5471 οὐδὲν
1181 5417 1367 5488 ἕτερον
1398 5412 1467 5489 ἦν
1502 5415 1535 5486 ἢ
1566 5414 1757 5485 Λόγος.
1784 5434 1802 5466 ι

1930 5437 1941 5471 ι
1980 5435 2047 5475 eo
2082 5420 2342 5491 scriptum
2368 5418 2689 5475 alﬁrtnatur.
2717 5421 3029 5485 Enimvero,
3060 5414 3201 5487 quod
3227 5417 3293 5470 de
3326 5421 3517 5467 sancta

1915 4952 2098 5008 tibus:
2137 4971 2156 5005 ι
2194 4954 2465 5020 Quocirca
2493 4952 2812 5030 priusquam
2836 4950 2943 5005 huc
2972 4949 3041 5004 ad
3080 4964 3181 5005 nos
3210 4948 3510 5005 descende-

1922 5064 1941 5097 ι
1985 5052 2088 5111 ret,
2122 5056 2177 5101 et
2222 5047 2288 5101 de
2341 5046 2559 5117 Virgine
2601 5054 2939 5111 nasceretur,
2970 5042 3203 5100 Verbum
3239 5057 3340 5098 nec
3375 5057 3516 5112 pra:-

294 5569 354 5629 >3
394 5562 493 5621 Ed.
518 5561 975 5634 Paris.,pag.8l.
1028 5562 1073 5592 ⁷⁷
1108 5559 1243 5615 Gen.
1283 5556 1331 5627 t,
1358 5558 1449 5616 26.
1525 5558 1572 5590 ⁷⁸
1598 5556 1758 5613 Joan.
1785 5572 1823 5623 ι,
1860 5557 1910 5612 l.

289 5728 405 5800 (67)
449 5730 558 5783 Kal
589 5728 726 5800 Υῖὸν
748 5728 1141 5800 μονογενοῦς.
1192 5724 1363 5800 Patet
1407 5724 1694 5800 legendum
1721 5727 1809 5800 (ex

222 5794 396 5863 codd.
414 5802 535 5870 dedi
563 5794 783 5870 Πατέρα
817 5794 950 5852 Υίοῦ
984 5799 1076 5853 τοῦ
1104 5816 1223 5869 μον.
1260 5807 1309 5851 et
1336 5794 1509 5870 delevi
1552 5812 1676 5870 mox
1700 5798 1810 5850 τῶν

225 5882 348 5927 ante
378 5869 611 5939 αἰώνων)
644 5866 865 5941 Πατέρα
889 5870 1025 5924 ἰ’ίοῦ
1081 5866 1426 5941 μονογενοῦς.
1474 5866 1667 5941 Statim
1699 5884 1813 5941 Are-

222 5943 418 6013 scribe,
442 5942 538 6013 οδε
567 5930 673 5995 κᾶν
700 5930 874 6013 τούτῳ
902 5942 1006 6013 [sic
1038 5930 1101 5999 ct‘
1119 5930 1302 6010 codd"
1340 5930 1501 6011 vulgo
1522 5930 1670 5995 ὧδεΊ.
1698 5936 1771 5993 ll.

290 6012 403 6085 (68)
437 6012 605 6085 Vulgo
637 6014 752 6067 ἐστὶ
778 6012 957 6084 δῆλον.

1987 5732 2099 5800 (69)
2127 5731 2299 5795 Vulgo
2331 5731 2426 5783 ὢν.

1989 5793 2101 5873 (70)
2129 5793 2258 5857 Post
2286 5807 2338 5855 ll.
2375 5819 2423 5855 ν.
2458 5802 2522 5855 Β.
2548 5800 2809 5871 ὀνόματος
2828 5797 3072 5871 ἐμνήσθη
3091 5796 3173 5852 vel
3190 5794 3367 5851 simile
3384 5793 3520 5867 quid

1915 5874 2185 5928 excidisse
2215 5874 2407 5929 credit.

1986 5945 2098 6016 (7t)
2125 5944 2299 6021 Vulgo
2328 5940 2395 6016 ἦν
2427 5945 2645 6017 ἕτεροις
2679 5958 2804 6001 mos
2845 5941 3001 6015 vulgo
3030 5936 3260 6011 ἔγραψε.
