4032 6454
534 400 643 457 865

1202 392 1473 452 EUSEBII
1512 391 1993 453 CESARIENSIS
2030 392 2183 448 OPP.
2224 390 2406 449 PARS
2441 391 2530 448 lV.
2572 425 2642 435 —
2680 392 3101 451 DOGMATICA.

3690 388 3793 444 86l

543 538 563 570 ι
606 515 824 587 Virgine
854 514 1204 579 nascebatur,
1249 512 1381 568 nihil
1415 513 1518 569 nisi
1559 514 1792 569 Verbum
1823 523 1959 568 erat.
2004 532 2022 565 ι
2053 512 2117 567 Ει

2227 513 2331 567 Καὶ
2360 512 2712 584 προστίθησιν
2739 508 2894 575 αὖθις
2921 512 3148 581 φάσκων
3166 529 3179 541 ·
3218 529 3236 563 ι
3269 509 3329 564 '0
3363 508 3464 579 μὲν
3492 506 3605 576 γὰρ
3625 504 3796 573 Δάτος

538 604 807 661 subinfert
823 605 999 661 denuo
1019 602 1113 677 [Β.
1141 602 1301 659 XLIII
1318 603 1443 661 coll.
1457 620 1522 674 'p.
1545 604 1638 667 '55,
1658 604 1717 656 Ι).
1738 602 1808 657 R’.
1841 599 2106 675 X’XXVH

542 720 561 751 ι
608 697 767 753 Prius
799 699 969 762 enim,
1002 699 1077 753 uti
1109 698 1311 753 dictum
1338 707 1613 767 estsaepe,
1657 696 1791 781 nihil
1839 697 1942 752 nisi
1979 694 2111 750 Ver-

541 808 559 838 s
604 788 946 843 buml’uerat.
988 806 1008 839 ›
1057 787 1138 842 Ad
1183 802 1302 858 qua:
1346 788 1596 855 deinceps
1645 784 1909 840 accedunt
1961 787 2106 839 ista:

539 899 557 929 ι
603 879 840 934 Verbum
864 879 1080 948 quidem
1114 880 1164 933 in
1207 880 1474 950 principio
1512 887 1647 939 erat,
1674 877 1809 932 nihil
1845 878 2112 933 exsistens

542 990 558 1019 ι
603 971 773 1034 aliud,
800 986 961 1041 quam
985 969 1247 1027 Verbum.
1284 971 1457 1028 Verbo
1485 970 1824 1025 autem‘huic
1855 970 2111 1025 adunitus

539 1080 559 1111 ι
605 1061 791 1125 homo,
822 1077 943 1116 cum
967 1063 1117 1131 prius
1132 1077 1238 1118 non
1256 1072 1429 1129 esset,
1457 1062 1617 1117 homo
1640 1059 1819 1124 ﬁebat,
1845 1060 1987 1129 quod
2012 1074 2113 1114 nos

539 1173 557 1203 ‹
609 1152 791 1219 docuit
832 1150 1111 1213 Joannes:
1146 1153 1216 1208 Et
1262 1152 1485 1209 Verbum
1532 1168 1657 1206 caro
1702 1155 1900 1221 factum
1933 1160 2009 1205 est
2040 1152 2110 1216 τ’,

541 1263 560 1293 ε
603 1252 662 1299 ut
704 1243 872 1301 solius
916 1243 1080 1301 Verbi
1116 1246 1365 1301 videatur
1401 1246 1469 1299 ob
1521 1245 1627 1300 hoc
1676 1244 1849 1314 ipsum
1912 1242 2115 1300 fecisse

543 1354 561 1384 ε
606 1338 959 1393 mentionem.
1004 1335 1138 1391 Nam
1185 1335 1299 1392 sive
1330 1336 1556 1400 Christi,
1587 1350 1682 1391 seu
1711 1334 1947 1390 nominis
1983 1331 2111 1391 Jesu

543 1448 563 1479 ι
608 1429 954 1486 meminerint
982 1443 1152 1484 sacrae
1167 1429 1407 1494 Litterae,
1434 1428 1683 1483 videntur
1701 1428 1789 1483 his
1806 1426 2115 1491 nominibus

546 1538 565 1570 ι
601 1519 927 1591 compellare
949 1517 1186 1575 Verbum
1229 1519 1360 1574 illud
1403 1519 1521 1583 Dei,
1563 1523 1622 1582 »Β
1662 1528 1785 1589 post
1808 1528 2111 1586 susceptam

546 1616 848 1669 (carnem.
911 1609 1063 1677 Quod
1106 1610 1151 1664 si
1209 1610 1336 1681 quis
1386 1610 1654 1679 receperit
1681 1624 1739 1666 se
1770 1618 2112 1665 ostensurum

546 1724 563 1753 ι
608 1716 799 1757 nomen
831 1701 1053 1769 Christi,
1085 1700 1207 1756 Filii
1228 1742 1243 1763 ,
1276 1710 1402 1755 ante
1435 1700 1571 1755 Novi
1599 1700 1938 1756 Testamenti
1976 1709 2114 1754 tem-

548 1813 565 1843 ι
605 1808 733 1862 pora
753 1804 1095 1862 usurpatum,
1121 1802 1175 1847 et
1196 1790 1367 1848 Verbo
1392 1793 1707 1861 ascriptum,
1727 1790 1773 1846 is
1795 1790 1931 1846 sciat
1950 1803 2113 1859 opor-

2215 623 2234 656 ι
2281 606 2340 657 ὲν
2387 604 2529 675 ἀρχῇ
2568 600 2657 677 ἦν,
2696 604 2860 677 μηδὲν
2907 604 3093 676 ἓτερον
3136 603 3213 657 ῶν
3257 603 3291 673 ἢ
3333 594 3525 669 Λόγος
3557 600 3587 651 ό
3619 598 3676 651 δὲ
3719 596 3799 665 τῷ

2214 715 2234 747 ι
2279 695 2438 767 Λόγῳ
2474 695 2696 761 ἐνωθεὶς
2744 696 3052 769 ἄνθρωπος,
3095 696 3197 749 οὐκ
3228 695 3304 748 ὣν
3342 693 3608 765 πρότερον
3640 686 3799 757 γέγο-

2216 808 2234 840 ι
2281 806 2369 841 νεν
2416 788 2721 860 ἄνθρωπος,
2751 789 2826 852 ὡς
2868 788 3107 842 διδάσκει
3156 788 3303 858 ἡμᾶς
3354 784 3467 857 (72)
3501 783 3756 851 Ἰωάννης
3780 795 3794 808 ⁸

2216 897 2236 930 ε
2282 879 2392 933 Καὶ
2426 881 2460 931 d
2507 880 2703 949 Λόγος
2747 876 2905 946 σὰρξ
2954 877 3211 946 ἐγένετο.
3267 873 3368 927 Διά
3413 871 3573 925 τοῦτο
3618 868 3800 921 τοίνυν

2216 990 2236 1023 ι
2281 970 2375 1025 τοῦ
2408 972 2582 1039 Λόγου
2620 970 2973 1042 μνημονεύων
3015 968 3263 1038 φαίνεται
3309 966 3487 1036 μόνον.
3522 964 3649 1016 Εἴτε
3690 958 3800 1030 γὰρ

2216 1083 2236 1117 ι
2295 1063 2494 1135 Ἰησοῦ,
2529 1062 2641 1117 εἴτε
2673 1061 2909 1135 Χριστοῦ
2940 1062 3200 1132 ὀνόματος
3243 1056 3573 1131 μνημονεύοι
3608 1056 3645 1125 ἡ
3679 1051 3801 1105 θεία

2216 1174 2236 1207 ι
2285 1153 2494 1225 Γραφὴ,
2520 1152 2610 1207 τὸν
2645 1151 2783 1223 μετά
2810 1152 2911 1223 τῆς
2933 1149 3278 1223 ἀνθρωπίνης
3316 1146 3445 1202 ὂντα
3475 1142 3683 1216 σαρκὸς
3703 1137 3801 1194 τοῦ

2220 1266 2239 1299 t
2286 1245 2423 1300 Θεοῦ
2457 1246 2627 1315 Λόγον
2652 1243 2943 1316 ὀνομάζειν
2982 1244 3252 1314 φαίνεται.
3284 1242 3348 1294 El
3370 1239 3427 1293 δέ
3461 1254 3548 1300 τις
3573 1235 3672 1289 καὶ
3695 1232 3804 1304 πρὸ

2219 1357 2238 1390 ι
2282 1339 2383 1409 τῆς
2413 1338 2558 1400 Νέας
2580 1335 2874 1406 Διαθήκης,
2895 1334 3003 1405 (75)
3033 1333 3127 1387 τοῦ
3158 1329 3419 1403 Χριστοῦ,
3445 1327 3580 1381 Υἱοῦ
3608 1326 3802 1395 ὄνομα,

2219 1448 2239 1483 ε
2285 1430 2396 1498 (74)
2422 1428 2499 1500 τῷ
2530 1428 2688 1499 Λόγῳ
2718 1427 2866 1499 μόνῳ
2908 1426 3179 1480 δεικνύναι
3217 1421 3475 1477 δύνασθαι
3525 1414 3805 1487 ἐπαγγέλ-

2219 1540 2239 1573 t
2282 1521 2446 1585 λοιτο,
2472 1520 2694 1591 εὑρήσει
2723 1518 2883 1572 τοῦτο
2910 1514 3264 1589 προφητικῶς
3297 1511 3607 1584 εἰρημένον.
3635 1528 3654 1561 ι
3692 1507 3809 1563 Καὶ

2219 1611 2337 1685 μεθ’
2379 1612 2541 1683 ἕτερα
2589 1612 2786 1681 ἐπάγει
2827 1610 3039 1679 λέγων’
3087 1625 3106 1658 t
3138 1605 3377 1668 Εἰκότως
3419 1599 3513 1656 οῦν
3554 1600 3665 1672 πρὸ
3705 1598 3809 1669 τῆς

2221 1722 2241 1756 ι
2284 1704 2512 1758 καθόδου
2554 1704 2716 1758 τοῦτο
2781 1698 2872 1775 ἦν,
2930 1703 3065 1773 ὅπερ
3114 1698 3374 1761 πολλάκις
3419 1695 3651 1766 ἔφαμεν,
3691 1690 3809 1763 (75)

2224 1814 2243 1847 ι
2289 1796 2493 1865 Λόγοςο
2525 1796 2663 1866 μετά
2704 1797 2761 1849 δὲ
2792 1794 2890 1868 τὴν
2920 1794 3165 1856 κάθοδον,
3196 1792 3291 1845 καὶ
3328 1791 3425 1862 τὴν
3466 1789 3567 1860 τῆς
3605 1784 3812 1857 σαρκὸς

551 1905 569 1934 ι
614 1892 710 1951 tet,
746 1883 863 1939 haec
907 1884 1089 1939 omnia
1127 1882 1443 1954 prophetice
1497 1882 1572 1936 ita
1608 1881 1773 1936 dicta.
1812 1899 1832 1934 ι
1887 1879 1955 1935 Et
1994 1886 2118 1950 post

2228 1906 2246 1939 ι
2292 1864 2559 1958 ἀνάληψιν
2620 1864 2893 1959 διαφόρων
2958 1886 3053 1940 καὶ
3114 1884 3225 1938 τῶν
3281 1880 3593 1953 ὲπηγοριῶν
3645 1875 3812 1931 τετύ-

542 1985 736 2031 ctetera
772 1974 1041 2030 subinl'ert
1077 1974 1328 2044 inquiens
1354 1990 1426 2027 is!
1464 1972 1583 2030 Non
1616 1972 1887 2030 immerito
1914 1972 2113 2043 igitur,

548 2086 567 2117 ι
616 2067 721 2132 iam
769 2081 912 2139 saepe
955 2065 1217 2131 diximus,
1255 2073 1382 2121 ante
1426 2082 1583 2122 suum
1621 2066 1942 2135 descensum
1998 2073 2117 2121 erat

546 2180 563 2209 ε
608 2156 840 2213 Verbum
865 2175 881 2212 :
910 2166 1034 2228 post
1063 2157 1383 2213 descensum
1407 2165 1463 2211 et
1486 2157 1666 2213 carnis
1686 2156 2108 2226 assumptionem

547 2273 567 2304 ι
606 2254 785 2308 varias
825 2252 1021 2308 exinde
1065 2250 1454 2322 appellationes
1494 2252 1750 2306 obtinuit.
1811 2270 1830 2305 ι
1872 2250 1937 2306 Et
1996 2250 2112 2306 haec

540 2352 668 2399 sunt
694 2343 912 2413 quidem
950 2341 1061 2405 illa,
1116 2341 1314 2412 quibus
1341 2341 1777 2405 demonstratur,
1800 2338 2110 2395 Marcellum

540 2434 937 2503 deprehensum
957 2432 1160 2487 Filium
1188 2432 1279 2487 Dei
1297 2431 1445 2485 illum
1473 2431 1742 2486 viventem
1782 2444 1909 2486 vere
1930 2439 1985 2485 et
2014 2445 2111 2485 ex-

543 2531 825 2585 sistentem
865 2542 995 2584 vere
1027 2528 1324 2599 abnegasse
1355 2544 1368 2578 :
1406 2536 1462 2583 et
1492 2527 1692 2582 nudum
1732 2536 1941 2582 tantum
1974 2511 2111 2583 Ver-

542 2620 1000 2691 bumimagiuari.
1035 2618 1141 2675 Sed
1167 2627 1223 2674 et
1252 2619 1472 2688 insuper
1504 2628 1747 2689 apparet,
1784 2633 1852 2673 ex
1886 2619 1952 2675 iis
1991 2634 2112 2689 qua

542 2710 597 2766 in
627 2710 1057 2781 pmcedentibus
1084 2710 1152 2764 de
1192 2708 1360 2779 ipsius
1403 2708 1542 2765 libro
1586 2709 1760 2779 posita
1810 2717 1959 2775 sunt,
2020 2725 2115 2764 cu-

536 2799 778 2870 iusmodi
810 2800 959 2855 illum
983 2800 1219 2855 Verbum
1248 2813 1369 2855 esse
1396 2799 1738 2869 opinabatur,
1767 2814 1889 2854 cum
1920 2814 2112 2855 exem-

541 2890 633 2962 plo
657 2892 725 2945 de
749 2891 985 2945 humano
1014 2889 1180 2945 verbo
1206 2900 1469 2944 uteretur.
1518 2889 1696 2945 Unum
1723 2904 1917 2961 nempe
1940 2890 2112 2947 idem-

2230 1997 2249 2031 ι
2294 1995 2448 2050 χηκε.
2479 1998 2497 2031 ι
2540 1979 2727 2033 Ταῦτα
2773 1980 2873 2051 μὲν
2900 1977 3012 2043 οὖν,
3039 1978 3106 2032 δι’
3140 1971 3215 2031 ῶν
3240 1972 3561 2047 Μάρκελλος
3589 1970 3813 2025 ἁλίσκε-

2221 2089 2334 2135 ται,
2374 2070 2463 2125 τὸν
2502 2072 2600 2143 μὲν
2628 2072 2757 2126 Υίὸν
2784 2071 2877 2125 τοῦ
2914 2071 3049 2125 Θεοῦ
3077 2071 3171 2125 τὸν
3206 2069 3356 2133 ὄντα,
3386 2068 3481 2121 καὶ
3506 2064 3689 2130 ζῶντα
3716 2062 3815 2117 καὶ

2215 2161 2429 2233 ἀληθῶς
2455 2162 2582 2217 Υίδν
2612 2162 2741 2217 ὄντα
2766 2161 3120 2235 ἀρνούμενος,
3164 2160 3338 2230 Λόγον
3375 2158 3434 2211 δὲ
3466 2155 3623 2227 ψιλὸν
3657 2152 3814 2207 είσά-

2215 2272 2347 2325 γων.
2387 2254 2666 2310 Δέδεικται
2698 2255 2755 2309 δὲ
2785 2255 2875 2309 διὰ
2905 2253 3013 2308 τῶν
3057 2250 3366 2323 ἔμπροσθεν
3394 2241 3816 2319 παρατεθεισῶν

2216 2348 2380 2403 αὑτοῦ
2411 2349 2603 2419 φωνῶν
2642 2349 2736 2402 καὶ
2762 2350 2943 2402 ὁποῖον
2973 2347 3135 2401 αὑτὸν
3166 2342 3305 2398 εἶναι
3328 2343 3497 2411 Λόγον
3525 2336 3818 2393 ὑπετίθετο

2219 2440 2627 2513 παραδείγματι
2660 2440 2939 2512 χρώμενος
2976 2439 3054 2511 τῷ
3086 2437 3415 2509 ἀνθρωπείῳ
3456 2435 3624 2503 λόγῳ,
3652 2432 3713 2484 ἓν
3756 2445 3817 2483 τε

2219 2533 2315 2585 κα)⁸
2346 2533 2542 2587 ταύτὸν
2570 2528 2710 2587 εἶναι
2742 2533 2916 2603 λέγων
2950 2530 3113 2585 αὑτὸν
3152 2529 3231 2600 τῷ
3264 2528 3403 2599 Θεῷ.
3430 2526 3542 2580 Καὶ
3575 2524 3640 2593 δὴ
3683 2519 3819 2575 ταύ-

2219 2643 2320 2697 την
2362 2625 2535 2698 ἀρχὴν
2587 2616 3069 2698 ὑποστησάμενος,
3128 2620 3435 2685 ἀκολούθως
3475 2622 3540 2672 ὲκ
3571 2615 3675 2685 τῆς
3725 2614 3816 2667 δο-

2220 2714 2407 2787 θείσης
2434 2714 2583 2786 αύτῷ
2631 2715 2983 2779 ὑποστάσεως
3025 2714 3117 2767 ἐπὶ
3163 2711 3225 2765 τὸ
3257 2704 3689 2779 καταψεύδεσθαι
3718 2703 3818 2773 τῆς

2219 2805 2579 2863 θεοπνεύστου
2608 2810 2831 2881 Γραφῆς
2867 2806 3224 2878 διαστρόφους
3252 2820 3311 2856 τε
3346 2801 3516 2871 αὐτῆς
3545 2794 3819 2853 ποιεῖσθαι

2218 2900 2318 2964 τάς
2343 2902 2657 2975 ἑρμηνείας,

543 2999 651 3053 que
696 2984 843 3039 illum
896 2999 1017 3039 cum
1064 2984 1175 3039 Deo
1223 2998 1343 3039 esse
1395 2991 1659 3039 statuens.
1713 2982 1825 3039 Hoc
1858 2989 1924 3039 ad
1978 2986 2123 3043 hunc
2197 2994 2422 3049 modum
2487 2996 2787 3052 constituto
2812 2993 3084 3065 principio
3128 2999 3526 3058 consequenter
3556 2984 3623 3039 ad
3671 2982 3818 3038 hanc

544 3094 697 3133 suam
749 3078 1200 3148 suppositionem,
1255 3076 1431 3145 pergit
1476 3077 1541 3133 ad
1612 3077 1955 3133 mendacium
2008 3079 2304 3151 Scriptura:
2369 3087 2799 3159 impingendum,
2870 3096 2926 3141 et
2969 3085 3035 3139 ad
3088 3083 3237 3137 illam
3305 3076 3817 3149 interpretandam,

544 3172 812 3227 detortam
834 3171 889 3226 in
929 3172 1251 3227 sententiam
1282 3187 1455 3226 suam.

1174 3264 1324 3321 CAP.
1367 3265 1507 3320 XIX.

550 3358 704 3431 Quod
729 3376 893 3431 sacrm
911 3357 1221 3431 Scriptura,
1248 3375 1349 3412 non
1375 3358 1737 3431 tantummodo
1769 3358 1997 3414 Verbum
2029 3378 2126 3431 ap-

616 3430 803 3498 pellent
834 3429 928 3483 Dei
962 3427 1181 3493 Filium,
1212 3432 1303 3483 sed
1338 3430 1594 3482 sexcentis
1628 3428 1747 3483 aliis
1776 3431 1994 3487 diversis
2035 3427 2129 3486 no-

616 3500 865 3564 minibus,
892 3501 1055 3554 etiam
1080 3508 1202 3552 ante
1226 3499 1645 3553 incarnationem
1666 3515 1842 3555 suam.

620 3588 697 3644 De
720 3589 915 3658 quibus
937 3591 1180 3659 quidem,
1201 3589 1247 3645 si
1272 3590 1325 3644 in
1358 3591 1631 3660 praesenti,
1658 3591 1933 3663 paulisper
1958 3593 2126 3665 dispi-

550 3688 781 3748 ciamus,
818 3697 929 3737 nou
972 3682 1205 3738 absurde
1230 3681 1473 3737 facturos
1493 3681 1842 3749 arbitramur,
1872 3692 1931 3740 ut
1954 3686 2126 3755 ignari

550 3775 743 3829 barum
773 3789 954 3828 rerum
990 3773 1315 3844 intelligant,
1355 3774 1559 3829 nullam
1597 3774 1755 3845 plane
1787 3775 2125 3845 Scripturam

552 3866 702 3921 illius
737 3866 921 3922 favere
958 3866 1222 3937 Opinioni,
1250 3865 1341 3935 qui
1381 3866 1610 3921 novitati
1654 3867 1881 3922 studens
1914 3882 1945 3922 a
1980 3875 2128 3923 recta

551 3959 660 4012 lide
699 3958 973 4013 aberravit
999 3973 1009 4007 :
1038 3957 1149 4011 imo
1171 3957 1331 4027 plane
1359 3957 1694 4013 contrarium
1733 3958 2130 4027 proloquantur

552 4064 744 4106 omnes
760 4066 773 4102 :
790 4048 1156 4104 etocclamant
1168 4048 1286 4105 suis
1300 4048 1624 4104 testimoniis
1642 4059 1826 4105 contra
1845 4065 2130 4119 perversas

552 4142 725 4210 ipsius
764 4140 1123 4195 narrationes.
1156 4139 1389 4196 Omnino
1417 4147 1597 4194 autem
1628 4154 1850 4195 necesse
1869 4139 2129 4195 fuitistutl

555 4229 797 4302 aggredi,
829 4239 1113 4299 propterea
1157 4230 1300 4300 quod
1330 4237 1480 4295 sunt,
1508 4228 1597 4297 qui
1633 4230 1938 4297 suspiciunt
1966 4231 2128 4284 istum

552 4323 852 4389 hominem,
900 4338 969 4377 ne
1019 4320 1140 4390 quis
1205 4319 1441 4375 fortasse
1495 4320 1563 4374 de
1592 4319 1807 4374 illorum
1881 4335 2128 4386 numero,

554 4428 650 4484 per
709 4429 987 4469 sacrarum
1073 4412 1403 4468 Litterarum
1484 4405 1870 4483 ignorantiam’,
1942 4412 2132 4468 existi-

552 4514 667 4562 met
702 4506 869 4563 l'erire
902 4508 1050 4561 illum
1068 4520 1290 4575 scopum
1330 4502 1596 4560 veritatis.
1637 4506 1815 4573 Atque
1845 4504 1975 4558 illud
2006 4514 2132 4558 ante

553 4601 660 4656 alia
694 4599 747 4653 in
783 4596 1141 4669 quaestionem
1172 4611 1451 4662 vocemus,
1484 4590 1636 4667 'quod
1666 4597 1936 4651 aﬂirmare
1968 4612 2131 4653 ausus

554 4702 658 4755 cst,
692 4692 889 4747 Filium
924 4693 1011 4747 Dei
1037 4690 1179 4746 nullo
1204 4690 1311 4745 alio
1344 4690 1582 4754 nomine,
1617 4690 1722 4745 nisi
1752 4690 1915 4745 Verbi
1943 4699 2129 4745 notum

559 4782 935 4853 appellatione,
1001 4782 1315 4852 priusquam
1380 4782 1445 4837 de
1498 4781 1722 4851 Virgine
1779 4791 2122 4836 nasceretur.

555 4867 721 4939 quue
747 4870 816 4925 ob
853 4885 973 4925 eam
998 4884 1219 4925 causam
1246 4870 1390 4939 quod
1419 4880 1546 4925 ante
1568 4872 1912 4942 praseutiam
1943 4872 2125 4926 incar-

554 4961 795 5017 nationis
825 4962 958 5017 nillil
983 4962 1126 5016 aliud
1173 4969 1230 5028 >11
1280 4978 1441 5032 quam
1484 4963 1719 5017 Verbum
1746 4972 1913 5018 erat:
1953 4978 2133 5032 neque

554 5054 663 5108 alio
696 5055 805 5109 ullo
870 5056 1113 5121 nomine,
1156 5056 1259 5111 nisi
1309 5056 1623 5125 prophetice
1653 5066 1961 5111 vocaretur.
1999 5055 2133 5111 Ver-

635 5180 694 5238 »14
730 5173 825 5232 Ed.
859 5173 1055 5241 Paris.,
1086 5191 1209 5243 pag.
1252 5173 1432 5241 83,85.
1472 5174 1515 5204 ⁷³
1546 5172 1703 5229 Joan.
1735 5191 1773 5230 ι.
1798 5174 1886 5229 14.

2153 3274 2201 3338 C

2870 3268 3027 3322 ΚΕΦ.
3070 3265 3169 3320 ιΘι.

2230 3362 2421 3427 Ὅπως
2450 3362 2510 3414 αἱ
2538 3358 2684 3415 θεῖαι
2703 3360 2932 3429 Γραφαὶ
2964 3360 3036 3413 οὺ
3064 3357 3258 3429 μόνον
3279 3355 3493 3429 Λόγον,
3714 3347 3818 3403 και

2292 3419 2480 3501 μυρία
2514 3419 2762 3501 crepa:
2789 3419 2887 3483 καὶ
2959 3419 3099 3501 πρό
3134 3425 3242 3501 τῆς
3303 3419 3821 3493 ἐνανθρωπήσεως

2296 3497 2599 3572 ὦιῖόμαζον
2628 3497 2737 3555 τὸν
2767 3501 2905 3555 Υἱὸν
2934 3499 3041 3553 τοῦ
3072 3497 3241 3552 Θεοῦ.

2301 3593 2415 3662 (76)
2454 3587 2555 3645 ’Ὧν
2588 3593 2867 3663 βραχείας,
2895 3590 2988 3643 ἐπὶ
3015 3587 3106 3641 τοῦ
3142 3587 3429 3658 παρόντος,
3466 3584 3650 3648 καλῶς
3675 3584 3825 3656 ἔχειν

2229 3685 2402 3755 ἐφάνη
2431 3702 2520 3755 μοι
2547 3681 2960 3753 διασκέψασθαι,
2989 3684 3100 3745 τοῖς
3128 3697 3186 3733 τε
3211 3678 3499 3748 ἀγνοοῦσιν
3528 3676 3823 3744 ἐπιδεῖξαι,

2229 3778 2305 3841 ὼς
2349 3777 2572 3848 οὐδεμία
2619 3776 2717 3849 μὲν
2749 3774 2896 3847 αὑτῷ
2941 3772 3314 3845 νεωτερίζοντι
3345 3771 3443 3825 καὶ
3493 3772 3593 3842 τῆς
3631 3769 3826 3840 ὑγιοῦς

2232 3870 2618 3943 ὲκτρεπομένῳ
2670 3870 2903 3934 πίστεως
2954 3868 3170 3938 συνᾴδει
3234 3864 3447 3938 Γραφὴ,
3505 3862 3826 3917 τούναντίον

2232 3958 2289 4010 δὲ
2324 3960 2493 4011 πᾶσαι
2536 3957 3006 4028 ἀντιφθέγγονται,
3040 3956 3136 4010 καὶ
3182 3951 3653 4026 ἀντιμαρτυροῦσι
3699 3954 3829 4016 ταῖς

2231 4050 2331 4102 οὐκ
2367 4048 2541 4121 ὀρθῶς
2576 4048 2723 4119 αὑτῷ
2762 4048 3235 4121 παραληφθείσαις
3275 4046 3616 4117 διηγήσεσιν.
3642 4044 3829 4115 Ὅπερ

2233 4144 2398 4214 ἐχρῆν
2432 4143 2663 4214 μάλιστα
2693 4145 2804 4207 τοῖς
2848 4143 2941 4196 τὸν
2975 4142 3146 4213 ἄνδρα
3178 4139 3410 4211 τιμῶσιν
3452 4136 3824 4205 ἐνδείξασθαι,

2240 4238 2441 4308 μήποτ’
2480 4237 2589 4307 ἄρα
2614 4254 2696 4300 τις
2757 4236 2939 4290 αὐτῶν
2967 4234 3195 4307 ἀπειρία
3226 4234 3338 4287 τῶν
3382 4232 3542 4287 θείων
3584 4234 3828 4301 ἀναγνειυ⁴

2240 4330 2424 4400 μάτων
2474 4330 2759 4399 τυγχάνειν
2801 4330 2963 4383 αὑτὸν
3008 4328 3105 4383 τοῦ
3160 4329 3261 4399 τῆς
3310 4327 3569 4399 ἀληθείας
3614 4328 3825 4382 σκοποῦ

2236 4422 2524 4491 νομίσειεν.
2559 4422 2671 4475 Καὶ
2696 4422 2759 4490 δὴ
2793 4421 2980 4475 τοῦτον
3007 4420 3223 4493 πρῶτον
3247 4418 3663 4490 διασκοπητέον,
3695 4420 3726 4473 δ
3755 4420 3822 4493 δὴ

2235 4514 2329 4567 καὶ
2354 4514 2686 4586 τετόλμηκεν
2715 4514 3120 4587 ἀποφήνασθαι,
3150 4514 3280 4585 πρὶν
3328 4512 3585 4584 τεχθῆναι
3609 4512 3698 4567 διά
3722 4513 3827 4583 τῆς

2163 4638 2206 4692 D
2238 4602 2513 4673 Παρθένου
2543 4604 2633 4657 τὸν
2648 4604 2774 4656 Υἱὸν
2794 4603 2888 4656 τοῦ
2911 4601 3071 4666 Θεοῦ,
3100 4602 3174 4672 μὴ
3200 4602 3311 4672 (77)
3330 4601 3628 4671 κεκλῆσθαι
3650 4601 3827 4673 ἑτέρῳ

2239 4693 2517 4764 ὀνόματιῆ
2556 4694 2745 4763 Λόγον.
2780 4693 2933 4763 Μηδὲ
2982 4694 3089 4763 γὰρ
3121 4688 3257 4745 εἶναι
3295 4694 3457 4746 αὐτόν
3488 4710 3541 4745 τι
3579 4693 3688 4764 πρὸ
3724 4693 3826 4765 τῆς

2236 4784 2500 4853 ὲνσάρκου
2523 4785 2824 4855 παρουσίας
2845 4784 2876 4854 ἢ
2902 4783 3094 4851 Λόγον,
3122 4783 3244 4854 μηδ’
3262 4782 3578 4853 ὠνομάσθαι
3596 4783 3823 4852 ἑτέρως,

2237 4878 2283 4927 εί
2325 4877 2398 4948 μὴ
2442 4876 2550 4946 ἀρα
2591 4876 2977 4949 προφητικῶς
3021 4876 3192 4943 Λόγον
3256 4875 3366 4945 γὰρ
3420 4871 3559 4929 εἶναί
3611 4892 3675 4928 τε
3728 4878 3823 4929 καὶ

2240 4965 2574 5036 ὠνομάσθαι,
2608 4967 2703 5019 καὶ
2746 4966 2898 5019 οὐδὲν
2944 4966 3129 5035 ἕτερον
3180 4968 3397 5034 φάσκει,
3442 4965 3578 5037 μετά
3628 4966 3686 5020 ἃ
3721 4968 3825 5039 τὴν

2243 5055 2504 5128 ἐνσαρκον
2539 5056 2859 5129 παρουσίαν,
2900 5057 3169 5129 διαφόρων
3219 5058 3313 5110 καὶ
3365 5057 3473 5110 τῶν
3510 5058 3824 5129 ἐπηγοριῶν

633 5315 747 5388 (γε)
790 5314 961 5384 Vulgo
991 5317 1018 5367 ὁ
1056 5316 1230 5369 Ἰωάν.
1260 5314 1326 5371 It.
1361 5315 1583 5369 alterum
1606 5314 1891 5387 ἄνθρωπος
1913 5314 2053 5370 delet
2086 5329 2115 5368 e

2247 5316 2457 5384 legend.
2520 5317 2839 5379 ὑπόστασιν,
2891 5318 2979 5388 hic
3038 5332 3135 5388 pro
3180 5316 3553 5380 ὑποστάσεως,
3610 5314 3820 5385 legend.

562 5404 685 5439 mox
725 5403 883 5457 μονον
912 5388 1077 5441 sCril).

565 5454 914 5579 Y_('i_2i)MToi5
966 5455 1245 5525 Χριστοῦ,
1301 5456 1408 5509 τοῦ
1450 5455 1611 5509 Υἱοῦ.
1681 5454 1918 5527 Legeud.
1966 5456 1999 5524 ἢ
2041 5454 2135 5508 τοῦ

619 5545 719 5579 ;ου.
770 5576 773 5577 ,
810 5568 818 5577 .

619 5545 719 5580 εου.
753 5545 818 5579 Μ.

638 5599 748 5668 (74)
785 5596 873 5663 Τῷ
911 5600 1069 5669 λόγῳ
1111 5598 1296 5667 μόνῳ.
1359 5594 1601 5651 Obscure
1632 5636 1647 5659 ,
1706 5605 1759 5651 et
1820 5595 2136 5669 imperfecte

569 5666 879 5739 lll_tltl,:I]|l0tl
914 5666 1164 5739 τῷλόγῳ
1198 5669 1358 5739 μόνῳ.
1398 5669 1536 5721 idem
1569 5679 1682 5731 est,
1716 5681 1777 5739 ac
1812 5668 1856 5720 si
1907 5666 2132 5739 diceret,

564 5737 645 5806 τῷ
687 5737 828 5808 λόγῳ
861 5736 1017 5808 μονον
1077 5736 1233 5803 ὄντι,
1281 5736 1431 5792 tieest
1478 5747 1656 5808 autem
1720 5736 2134 5808 διαφερόμενον,

569 5807 1011 5879 προστιθέμενον,
1045 5821 1135 5862 aut
1167 5809 1338 5862 simile
1361 5809 1507 5879 quid.
1543 5807 1797 5879 Δοθείσης
1828 5807 1976 5879 αύτῷ
2005 5808 2137 5858 ὑποο

570 5861 846 5945 σὲάσεωςξ
875 5861 1028 5935 antea
1051 5861 1278 5935 tuemini
1307 5861 1558 5932 ὑπόθεσιν
1590 5861 1869 5949 δεῐίρῶιῐι,
1911 5861 1998 5933 ubi
2021 5886 2138 5933 erat

2248 5389 2555 5461 ὑποθέσεως
2582 5388 2658 5461 [et
2676 5389 2762 5461 psic
2782 5385 3013 5461 _COtltl.}.A

2316 5460 2426 5523 (75)
2466 5455 2633 5529 Vulgo
2663 5460 2691 5510 ό
2724 5456 2891 5524 Λόγος
2924 5455 2978 5511 et
3004 5458 3139 5529 infra
3172 5455 3421 5511 ὑπέθετο.

2312 5530 2423 5597 (76)
2441 5526 2658 5597 Initium
2683 5530 2851 5596 ipsum
2875 5526 3437 5597 capitis‘depravatum
3466 5535 3567 5592 est,
3600 5527 3817 5590 legend.

2245 5592 2375 5671 περὶ
2407 5592 2505 5653 ’ὧν
2556 5598 2653 5671 διὰΔ
2704 5592 2853 5671 βραη
2890 5592 2995 5653 etc.
3032 5594 3105 5650 Μ.
3134 5592 3203 5638 -ζ-
3236 5596 3359 5651 Μοι
3396 5598 3554 5667 vulgo
3594 5599 3822 5671 οὐδεμία

2242 5668 2388 5722 αὑτῶ
2415 5687 2463 5724 ν.
2495 5680 2549 5723 et
2577 5671 2606 5722 ὁ
2636 5668 2691 5721 δὲ
2720 5668 2832 5722 καί.

2314 5724 2427 5826 (77)
2455 5740 2552 5826 Illi;
2570 5739 2900 5826 κεκλήσθω.
2915 5738 3028 5819 lmo
3044 5737 3358 5826 κεκλῇσθαι.
3377 5737 3644 5826 ιερ-Μοι
3664 5740 3825 5814 vulgo

2244 5809 2557 5883 ὠνομάσθαι
2593 5810 2777 5883 ἕτερον
2808 5821 2862 5868 et
2886 5809 3041 5865 τοῦτο
3075 5810 3130 5863 δὲ
3156 5809 3250 5865 οὖν
3276 5826 3372 5879 πρ.
3398 5810 3632 5865 δεκτέον.
