4032 6456
229 431 342 512 eos

1227 445 1316 504 ne
1350 401 1890 506 secessus'ncs
1933 444 2335 503 THEOLOGIA
2378 443 2508 500 us.
2551 445 2593 500 ι.

3415 446 3525 507 866

229 576 616 649 τετυχηκέναι.
659 573 832 630 Τοῦτο
857 573 923 645 δὴ
955 567 1054 627 οῦν
1080 569 1296 644 πρῶτον
1331 571 1569 638 δεκτέον,
1594 571 1805 644 ἀμαθῶς

1932 570 2061 626 bum
2088 584 2219 626 vero
2236 579 2292 626 et
2313 578 2440 626 erat
2462 577 2576 624 tum
2599 578 2652 624 et
2677 567 2982 634 dicebatur,
3005 575 3064 624 et
3089 568 3231 625 nihil
3259 569 3430 628 aliud.
3453 575 3525 629 At

230 671 334 726 καὶ
366 670 476 724 τῶν
509 668 670 724 θείων
713 664 949 740 Γραφῶν
987 664 1459 737 ἀνεπιστημόνως,
1493 663 1656 718 αὑτὸν
1688 665 1805 718 ἀπο

1927 668 2217 731 postquam
2250 675 2416 716 carne
2465 671 2682 732 sumpta
2711 659 2953 725 advenit,
3003 661 3245 718 diversis
3298 664 3521 731 quidem

235 763 570 838 φηνὰμενον.

224 1115 596 1187 Παραθέσεις
627 1115 726 1187 καὶ
765 1115 1070 1187 ἑρμηνεῖαι
1109 1112 1345 1187 mem}
1383 1110 1503 1166 τῶν
1550 1111 1672 1187 ἀπὸ
1710 1109 1822 1182 τῆς

297 1182 463 1254 θείας
508 1182 755 1256 Γραφῆς
781 1182 1167 1251 ἆᾶτοδείξεωόι,
1206 1183 1277 1238 ἐν
1304 1183 1472 1250 ὅλοις
1500 1182 1822 1252 τριάκοντα

295 1259 670 1327 κεφαλαίοις.

293 1356 366 1402 α’.
407 1348 631 1422 Πρῶτον
679 1348 780 1420 μὲν
811 1346 924 1419 γὰρ
956 1345 1119 1410 αὐτὸς
1153 1349 1183 1399 ὸ
1219 1344 1362 1409 θεῖος
1423 1345 1820 1418 εὐαγγελιστὴς

234 1441 517 1523 Ἰωάννης,
533 1442 564 1493 ό
580 1439 645 1511 δὴ
662 1438 799 1510 (77⁹)
817 1439 992 1506 Λόγον
1008 1437 1169 1492 αὐτὸν
1197 1436 1455 1500 ἀνειπὼν,
1473 1437 1574 1491 οὐκ
1597 1440 1679 1502 εἰς
1710 1455 1818 1504 μα-

220 1533 381 1606 κρὸν,
419 1532 536 1587 ἀλλ’
582 1530 744 1594 εὐθὺς
792 1531 889 1583 καὶ
931 1529 1084 1602 παρά
1136 1530 1273 1585 πόδα
1305 1529 1440 1584 Θεὸν
1479 1531 1641 1585 αὐτὸν
1678 1531 1818 1584 ὠνό-

221 1642 387 1698 μασε,
434 1627 648 1695 φήσας·
707 1621 818 1678 Καὶ
874 1621 1022 1688 Θεὸς
1055 1617 1136 1693 ἦν
1167 1625 1201 1676 ό
1246 1623 1459 1691 Λόγος.
1509 1623 1818 1693 Δυνάμενος

217 1717 354 1787 γοῦν
379 1717 578 1780 είπεῖν,
607 1713 721 1787 (78)
747 1715 843 1768 καὶ
863 1715 1000 1770 Θεοῦ
1027 1711 1095 1787 ἦν
1117 1715 1148 1767 ὁ
1183 1714 1376 1783 Λόγος,
1401 1712 1561 1769 τοῦτο
1591 1715 1688 1785 μὲν
1716 1716 1817 1768 οὐκ

215 1810 350 1882 ἔφη,
375 1809 453 1872 ὡς
475 1808 541 1863 ἂν
584 1809 658 1880 μή
689 1825 772 1871 τις
799 1807 964 1862 αὑτὸν
1000 1805 1079 1878 τῷ
1109 1805 1260 1878 παρὰ
1288 1804 1595 1878 ἀνθρώποις
1626 1807 1814 1878 ὅμοιον

215 1898 359 1956 εῖναι
417 1902 644 1971 φήσειε·
693 1898 826 1953 Θεὸν
870 1899 927 1952 δὲ
978 1897 1144 1952 αὑτὸν
1184 1897 1374 1962 καλεῖ,
1418 1897 1483 1950 τὸ
1536 1898 1816 1970 ὑπερφυὲς

213 1993 316 2048 τοῦ
351 1993 481 2062 περὶ
529 1991 694 2045 αὑτὸν
740 1989 1081 2062 θεοπρεποῦς
1125 1987 1470 2061 ἀξιώματος,
1520 1989 1664 2044 οὕτω
1697 1990 1810 2044 δει-

1927 750 2102 806 titulis
2139 751 2529 824 usurpabatur.
2560 750 2718 819 Quod
2765 751 2833 808 ab
2874 751 2968 807 illo
3007 752 3085 808 ita
3112 753 3375 824 positum,
3417 755 3525 812 lm-

1924 842 2104 912 perite
2129 843 2358 908 dictum,
2389 853 2446 899 et
2469 858 2566 914 per
2595 858 2866 899 summam
2906 842 3316 914 Scripturarum
3361 845 3516 915 igno-

1926 934 2184 1002 rantiam,
2210 944 2337 991 ante
2364 936 2547 992 omnia
2589 935 3078 992 demonstrandum
3096 945 3202 992 est.

2561 1025 2717 1083 CAP.
2759 1025 2880 1082 XX.

1924 1137 2226 1209 Proposita:
2265 1158 2360 1208 per
2405 1151 2586 1215 partes
2614 1159 2642 1196 e
2668 1145 2835 1197 sacris
2885 1142 3123 1208 Litteris,
3155 1153 3205 1198 et
3235 1142 3520 1215 explicata:

2389 1227 2500 1268 xu
2538 1214 3046 1268 demonstrationes.
3305 1214 3310 1215 “
3456 1239 3459 1242 -

1997 1351 2050 1404 1.
2087 1346 2360 1417 Imprimis
2403 1347 2736 1420 evangelista
2790 1347 3034 1404 Joannes
3097 1362 3238 1418 Ipse,
3295 1349 3392 1419 qui
3452 1350 3523 1404 de

1921 1439 2088 1496 Verbi
2121 1439 2491 1512 appellatione
2536 1456 2662 1496 eum
2693 1441 2943 1512 agnovit,
2976 1456 3084 1497 non
3114 1440 3304 1498 multis
3343 1441 3521 1498 inter-

1920 1533 2137 1602 positis,
2168 1533 2298 1604 quin
2344 1534 2552 1599 statim,
2587 1541 2644 1590 et
2695 1533 2750 1589 in
2800 1535 3091 1604 procinctu
3139 1535 3310 1602 velut,
3346 1534 3520 1590 Deum

1919 1627 2176 1680 eumdem
2207 1626 2465 1697 appellat,
2495 1625 2753 1696 inquiens
2787 1643 2801 1681 :
2830 1625 2902 1681 Et
2936 1625 3081 1683 Deus
3107 1636 3224 1682 erat
3269 1625 3521 1683 Verbum.

1919 1717 2056 1773 Cum
2091 1718 2238 1773 enim
2275 1718 2326 1774 ei
2371 1718 2536 1774 facile
2561 1717 2757 1774 fuisset
2780 1719 2968 1775 dicere
2995 1736 3011 1773 :
3039 1727 3098 1776 et
3131 1721 3374 1776 divinum
3397 1733 3520 1776 erat

1919 1808 2185 1876 Verbum,
2223 1809 2328 1865 hoc
2359 1825 2470 1866 non
2519 1811 2594 1865 ita
2644 1817 2852 1881 posuit,
2884 1826 2956 1868 ne
2983 1813 3112 1883 quis
3142 1811 3296 1867 illum
3325 1813 3520 1882 opina-

1920 1910 2078 1953 retur
2124 1899 2361 1955 similem
2417 1903 2659 1956 bumano
2707 1901 2927 1957 cuidam
2975 1902 3145 1959 verbo
3189 1903 3514 1959 exstitisse:

1915 1994 2015 2048 sed
2043 1993 2284 2064 appellat
2313 2009 2438 2048 eum
2472 1993 2643 2050 Deum
2673 2012 2686 2048 :
2711 2011 2820 2066 quo
2849 1996 3050 2052 divina:
3083 1996 3367 2069 dignitatis
3398 1997 3518 2069 ejus

1916 2085 2435 2141 excellentissimam
2477 2087 2742 2143 indicaret
2768 2098 3041 2143 naturam.

1985 2177 2042 2231 2.
2085 2175 2387 2234 Transiens
2447 2179 2578 2234 hinc
2649 2181 2716 2235 sd
2778 2179 2943 2235 aliam
3007 2179 3515 2241 considerationem

215 2100 375 2147 κνυς.

289 2176 356 2247 β’.
395 2172 653 2238 Μεταϐἀς
681 2173 739 2227 δὲ
777 2174 862 2244 ἐφ’
888 2173 1080 2246 ἑτέραν
1123 2174 1368 2228 ἐπίνοιαν
1411 2173 1512 2246 τῆς
1542 2174 1672 2246 περὶ
1716 2175 1813 2227 αὑ-

211 2268 311 2323 τοῦ
356 2267 696 2336 δοξολογίας,
739 2267 869 2332 Φῶς
917 2266 1077 2319 αὑτὸν
1109 2266 1394 2338 ὠνόμασε,
1433 2268 1805 2339 προῦπάρχειν

1919 2267 2231 2337 quamdam,
2265 2268 2414 2325 illius
2458 2283 2623 2340 quam
2656 2271 2896 2326 habebat
2925 2269 3369 2342 gloriﬁcationis,
3401 2269 3515 2324 Lu-

210 2359 381 2415 αὺτὸν
431 2360 528 2430 τῆς
583 2358 680 2411 τοῦ
746 2357 998 2429 σώματος
1043 2357 1365 2428 ἀναλήψεως
1385 2397 1400 2423 ,
1464 2356 1608 2410 κατὰ
1651 2355 1805 2410 τοῦτο

1919 2375 2025 2413 cem
2078 2360 2229 2414 illum
2278 2368 2462 2427 vocat,
2497 2371 2555 2418 et
2601 2377 2702 2433 per
2728 2363 2883 2419 illum
2913 2364 3093 2436 ipsum
3129 2363 3343 2420 titulum
3375 2379 3517 2435 pras-

210 2454 351 2509 αὑτὸ
406 2451 688 2524 δηλώσας,
752 2452 812 2505 ὲν
874 2445 956 2516 οἷς
1013 2451 1142 2521 περὶ
1187 2449 1283 2504 τοῦ
1344 2449 1652 2504 Βαπτιστοῦ
1700 2469 1805 2522 φη-

1919 2452 2195 2507 exstitisse
2227 2465 2351 2508 eum
2382 2453 2633 2510 indicare
2660 2454 2833 2511 voluit
2864 2465 2992 2511 ante
3015 2465 3359 2525 assumptum
3389 2471 3517 2512 cor-

211 2567 324 2604 σιν·
1913 2559 2015 2613 pus
2042 2558 2199 2599 suum
2232 2563 2245 2599 :
2276 2545 2548 2615 siquidem
2572 2547 2639 2602 de
2667 2547 2914 2616 Baptista
2953 2546 3169 2604 locutus
3186 2547 3299 2603 ait:

284 2641 353 2711 γ’.
402 2641 523 2694 Οὐκ
561 2633 642 2710 ἦν
689 2635 919 2703 ἐκεῖνος
967 2635 1035 2690 τὸ
1071 2633 1218 2705 φῶς,
1260 2633 1398 2688 ἀλλ’
1441 2634 1543 2686 ἵνα
1583 2650 1805 2703 μαρτυ-

1984 2636 2039 2693 δ.
2080 2635 2209 2691 Non
2236 2645 2355 2692 erat
2387 2637 2475 2691 ille
2511 2637 2628 2703 lux,
2661 2640 2751 2694 sed
2789 2649 2848 2693 ut
2875 2641 3235 2695 testimonium
3273 2639 3518 2711 perhibe-

199 2737 379 2806 ρήσῃ
404 2732 540 2801 περὶ
565 2730 673 2786 τοῦ
702 2729 915 2800 φωτὸς,
942 2728 974 2783 ὃ
1001 2727 1232 2799 φωτίζει
1259 2725 1458 2780 πάντα
1493 2726 1805 2796 ἄνθρωπον

1919 2741 1990 2783 ret
2020 2730 2086 2784 de
2115 2728 2316 2784 lumine
2354 2728 2472 2798 illo,
2500 2731 2642 2802 quod
2682 2730 2953 2785 illuminat
2995 2747 3202 2787 onmem
3243 2734 3515 2788 hominem

205 2829 542 2899 ἐρχόμενον
585 2826 672 2889 είς
710 2822 816 2875 τὸν
867 2823 1122 2892 κόσμον.
1174 2820 1271 2873 Ἑν
1313 2816 1395 2883 τῷ
1451 2819 1660 2888 κόσμῳ
1705 2814 1804 2888 ἦν,

1919 2822 2273 2876 venientemin
2308 2822 2446 2876 hunc
2468 2823 2749 2877 mundum.
2783 2821 2852 2877 In
2889 2825 3088 2878 mundo
3117 2834 3259 2890 eral,
3291 2834 3341 2880 et
3362 2840 3515 2880 mutt-

206 2919 314 2976 καὶ
354 2921 387 2973 ὀ
423 2917 652 2986 κόσμος
699 2913 772 2966 δι’
817 2912 1005 2967 αὑτοῦ
1054 2909 1316 2980 ἐγένετο,
1351 2910 1451 2962 καὶ
1498 2911 1531 2963 ὀ
1575 2909 1805 2977 κόσμος

1919 2913 2010 2965 dus
2031 2928 2124 2982 per
2155 2913 2328 2982 ipsum
2357 2912 2534 2982 [actus
2554 2924 2653 2978 est,
2678 2923 2728 2968 et
2759 2915 2991 2970 mundus
3030 2931 3151 2969 eum
3179 2932 3284 2971 non
3311 2933 3514 2987 cogno-

204 3011 404 3069 αῠτὸν
449 3011 562 3063 οὐκ
591 3009 764 3077 ἔγνω.
795 3006 901 3071 Ely
948 3002 1023 3057 τὰ
1058 3001 1181 3056 ιὸια
1221 2997 1392 3072 ἦλθε,
1433 2999 1534 3053 καὶ
1567 3002 1622 3053 οὶ
1669 3000 1805 3054 ἴδιοι

1919 3007 2000 3058 rit.
2035 3004 2100 3057 In
2130 3004 2350 3073 propria
2381 3006 2544 3070 venit,
2583 3014 2634 3058 et
2664 3006 2750 3059 sui
2800 3022 2922 3060 eum
2963 3023 3070 3061 non
3112 3022 3417 3077 receperunt
3440 3011 3512 3066 ⁸⁸.

204 3102 400 3159 αὐτὸν
427 3101 500 3154 οὐ
549 3095 910 3166 παρέλαϐον.
952 3094 1116 3165 Ὁρᾷς
1159 3093 1307 3155 ὅπως
1352 3089 1565 3154 τούτοις
1603 3092 1664 3144 οὐ
1705 3091 1805 3144 Λό-

1919 3093 2076 3150 Vides
2107 3106 2314 3164 autem,
2347 3106 2404 3150 ut
2445 3096 2501 3151 in
2541 3097 2661 3153 istis
2712 3113 2822 3153 non
2859 3097 3099 3154 Verbum
3137 3101 3512 3172 solummodo,

207 3212 306 3264 γον
340 3192 522 3264 μόνον,
548 3189 624 3253 ὡς
653 3187 828 3241 ἐδόκει
867 3184 1198 3256 Μαρκέλλῳ,
1227 3181 1362 3237 ἀλλὰ
1393 3183 1488 3237 καὶ
1519 3183 1675 3246 Θεὸν,
1708 3184 1805 3236 καὶ

1919 3188 2005 3243 sed
2056 3198 2111 3243 et
2158 3189 2326 3244 Deum
2375 3197 2432 3243 et
2488 3189 2690 3255 lucem,
2725 3189 2880 3244 illum
2934 3190 3267 3257 nominavit,
3316 3203 3512 3251 contra

207 3289 326 3360 φῶς
371 3285 535 3340 αὑτὸν
566 3282 841 3354 ὠνόμασε,
877 3278 1252 3352 προϋπάρχειν
1287 3294 1348 3332 τε
1384 3277 1547 3332 αὐτὸν
1577 3276 1803 3344 ἐδίδαξε,

1919 3296 2071 3351 quam
2137 3280 2394 3336 Marcello
2457 3282 2773 3336 videbatur.
2829 3281 3236 3338 Praeexstitisse
3294 3299 3516 3356 quoque

206 3383 304 3436 καὶ
343 3380 438 3433 τὸν
483 3378 688 3446 κόσμον
714 3374 782 3428 δι’
810 3371 976 3427 αὐτοῦ
1005 3370 1308 3440 γεγονέναι.
1337 3371 1547 3441 ’Ὠσπερ
1578 3371 1689 3442 γὰρ
1717 3370 1806 3423 διὰ

202 3472 304 3528 τοῦ
348 3469 487 3524 Θεοῦ
549 3466 661 3540 (79)
729 3467 906 3535 Λόγου
955 3463 1314 3534 γεγεννῆσθαι
1354 3463 1422 3516 τὰ
1455 3465 1662 3529 πάντα,
1713 3465 1808 3517 καὶ

204 3567 381 3638 χωρὶς
409 3562 577 3616 αὑτοῦ
619 3557 876 3629 γενέσθαι
922 3557 1076 3610 οὐδὲν
1121 3556 1489 3627 προείρηκεν,
1535 3555 1679 3608 οῦτω
1711 3557 1808 3609 καὶ

202 3660 295 3714 διὰ
324 3656 437 3728 (80)
476 3654 572 3708 τοῦ
605 3653 781 3722 φωτός
801 3669 815 3683 ο
848 3652 901 3704 '0
929 3651 1041 3720 γὰρ
1068 3650 1318 3718 κόσμος,
1342 3649 1499 3719 φησὶ,
1526 3649 1805 3704 διἀὺτοῦ

202 3751 468 3821 ἐγένετο.
507 3749 596 3812 Ὠς
634 3743 773 3800 εἶναι
805 3745 863 3798 ἓν
904 3745 999 3798 καὶ
1038 3742 1234 3796 ταύτὸν
1273 3740 1343 3796 τό
1386 3741 1512 3811 φῶς
1555 3741 1654 3796 καὶ
1699 3742 1807 3798 τὸν

207 3844 364 3899 Θεὸν
399 3844 616 3910 Λόγον,
647 3839 834 3908 Λέγων
861 3837 918 3890 δὲ
951 3836 1019 3890 δι’
1049 3835 1215 3889 αὑτοῦ
1252 3834 1635 3906 γεγεννῆσθαι,
1673 3837 1806 3889 ποτὲ

209 3933 312 4002 μὲν
340 3929 434 3982 τὸν
467 3929 694 3996 κόσμον,
729 3925 860 3978 ποτὲ
899 3923 955 3975 δὲ
998 3923 1067 3976 τὰ
1100 3924 1299 3986 πάντα,
1348 3922 1410 3975 τὸ
1448 3922 1559 3993 (81)
1594 3925 1805 3995 ὑπηρε-

202 4023 362 4076 τικὸν
391 4020 487 4074 τοῦ
521 4019 656 4072 Θεοῦ
688 4017 1009 4090 παρίστησι.
1051 4016 1361 4086 Δυνάμενος
1397 4015 1528 4084 γοῦν
1569 4019 1596 4070 ό
1639 4017 1805 4085 εὐαγ-

206 4112 465 4183 γελιστὴς
521 4113 714 4173 εἰπεῖν,
765 4109 969 4162 Πάντα
1022 4107 1124 4162 ὑπ’
1172 4107 1358 4162 αὑτοῦ
1409 4107 1668 4177 ἐγένετο,
1711 4107 1806 4161 καὶ

204 4204 396 4270 αὖθις,
432 4204 542 4258 Καὶ
582 4206 614 4257 ὁ
652 4203 882 4270 κόσμος
909 4202 1011 4255 ὑπ’
1037 4199 1226 4254 αὑτοῦ
1255 4199 1515 4269 ἐγένετο,
1540 4202 1660 4271 οὐχ,
1703 4203 1805 4255 ὑπ’

202 4297 419 4361 αὑτοῦ,
453 4297 579 4366 ἔφη,
614 4294 749 4348 ἀλλὰ
774 4293 848 4346 δι’
870 4293 1057 4347 αὑτοῦ
1091 4288 1170 4362 ἦν
1199 4308 1212 4321 ·
1241 4292 1305 4344 ἵν’
1328 4293 1476 4362 ἡμᾶς
1507 4293 1807 4367 ἀναπέμψῃ

205 4395 301 4445 tu".
331 4393 430 4462 τὴν
458 4391 566 4443 τῶν
595 4389 734 4441 ὅλων
766 4385 1079 4457 ποιητικὴν,
1112 4382 1207 4436 τοῦ
1248 4384 1461 4455 Πατρὸς
1495 4383 1801 4438 αὐθεντίαν.

219 4483 384 4538 Ἀλλὰ
415 4482 516 4536 καὶ
544 4485 575 4535 ὀ
607 4481 866 4549 κόσμος,
895 4479 1078 4547 φησὶν,
1121 4476 1309 4530 αὐτὸν
1341 4479 1450 4529 οὐκ
1482 4475 1658 4546 ἔγνω.
1700 4478 1804 4531 Τὸν

201 4575 266 4629 δὲ
304 4576 400 4627 ἐπὶ
442 4573 660 4626 πάντων
687 4571 820 4623 Θεὸν
851 4573 1107 4638 φυσικαῖς
1139 4569 1372 4631 ἐννοίαις
1402 4569 1641 4633 ἅπαντες
1669 4571 1802 4642 ὁμο⁴

1910 3372 2144 3428 allirmat
2201 3373 2353 3426 illum
2403 3389 2417 3426 :
2468 3381 2524 3427 et
2579 3374 2844 3428 mundum
2906 3389 3005 3443 per
3057 3375 3237 3445 ipsum
3299 3376 3513 3434 factum

1909 3466 2101 3522 fuisse.
2128 3465 2602 3533 Quemadmodum
2630 3466 2779 3520 enim
2809 3466 2864 3521 in
2887 3468 3328 3536 praecedentibus
3356 3473 3514 3527 dixe-

1910 3567 2016 3625 rat,
2048 3559 2231 3613 omnia
2257 3556 2519 3628 producta
2551 3556 2725 3612 fuisse
2750 3572 2848 3628 per
2887 3558 3130 3614 Verbum
3157 3560 3277 3628 Dei,
3303 3573 3360 3618 et
3388 3562 3511 3619 sine

1910 3651 2003 3706 illo
2062 3651 2197 3706 nihil
2239 3650 2402 3721 plane
2455 3659 2849 3721 procreatum,
2912 3651 2993 3705 ita
3046 3668 3267 3723 quoque
3315 3665 3372 3710 et
3415 3670 3514 3726 per

1909 3739 2085 3796 lucem
2117 3740 2237 3794 ait:
2268 3737 2415 3793 Nam
2446 3739 2702 3802 mundus,
2748 3739 2952 3809 inquit,
2990 3755 3083 3808 per
3128 3740 3282 3794 illum
3333 3742 3510 3810 [actus

1909 3843 2005 3894 est,
2048 3839 2108 3885 ut
2141 3833 2214 3886 ita
2246 3845 2388 3884 unus
2420 3831 2674 3896 idemque
2707 3827 2894 3896 fuerit,
2925 3826 3068 3894 Lux,
3102 3839 3157 3885 et
3189 3828 3335 3884 Deus
3374 3829 3508 3884 Ver-

1910 3923 2322 3990 bum.Cumque
2355 3937 2454 3993 per
2482 3923 2630 3976 illum
2662 3919 2901 3976 afﬁrmet
2932 3920 3138 3977 factum
3170 3939 3318 3980 nunc
3348 3939 3511 3979 mun-

1908 4021 2062 4082 dum,
2103 4032 2248 4072 nunc
2305 4029 2506 4072 caetera
2556 4015 2768 4081 omnia,
2817 4015 3132 4071 subindicat
3185 4014 3337 4071 illum
3393 4017 3513 4074 Deo

1908 4109 2375 4165 subministrasse.
2405 4104 2540 4160 Nam
2579 4110 2638 4169 »Β
2673 4119 2799 4160 cum
2846 4113 3036 4174 posset
3066 4103 3136 4159 ad
3177 4105 3343 4160 istum
3392 4120 3508 4160 mo-

1909 4202 2035 4256 dum
2059 4199 2308 4272 proferre
2329 4196 2662 4266 evangelista
2690 4211 2704 4248 :
2746 4196 2944 4250 Omnia
2972 4197 3039 4250 ab
3070 4195 3165 4250 illo
3187 4196 3333 4266 facta
3354 4207 3506 4264 sunt,

1910 4303 2073 4362 atque
2107 4294 2304 4347 iterum
2339 4307 2353 4345 :
2385 4287 2621 4344 Mundus
2655 4294 2718 4342 ab
2752 4287 2848 4341 illo
2878 4287 3056 4358 factus
3099 4298 3198 4358 est,
3234 4303 3341 4344 non
3372 4289 3506 4346 i!lud

1909 4387 2110 4459 posuit,
2143 4386 2208 4440 ab
2235 4401 2339 4440 eo:
2374 4385 2470 4439 sed
2499 4400 2592 4452 per
2615 4400 2754 4439 eum.
2799 4381 2919 4450 Quo
2952 4383 3167 4438 scilicet
3197 4383 3506 4440 remitteret

1909 4496 2006 4537 nos
2052 4480 2119 4534 ad
2172 4479 2543 4533 authenticam
2574 4476 2754 4532 Patris
2784 4476 2970 4532 omnia
2999 4475 3223 4531 creandi
3258 4483 3504 4546 potesta-

1911 4587 2040 4627 tem.
2089 4571 2197 4626 Sed
2247 4581 2296 4626 et
2336 4573 2591 4634 mundus,
2626 4569 2826 4639 inquit,
2860 4569 3034 4638 ipsum
3080 4583 3185 4622 non
3236 4568 3506 4638 cognovit.

207 4665 460 4735 λογοῦσιν
499 4663 797 4735 ἅνθρωποι,
826 4661 920 4714 καὶ
954 4660 1162 4731 πρῶτοί
1199 4677 1262 4728 γε
1299 4661 1569 4714 Ἰουδαίων
1613 4664 1803 4728 παῖδες

1919 4664 2043 4720 Cum
2076 4667 2267 4730 Deum,
2299 4663 2394 4734 qui
2447 4663 2520 4718 sit
2564 4678 2730 4732 super
2759 4660 2966 4725 omnia,
3007 4675 3108 4730 per
3137 4659 3390 4716 notiones
3423 4660 3506 4713 in-

206 4760 274 4811 ὲκ
305 4757 416 4809 τῶν
469 4751 822 4825 προφητικῶν
875 4752 914 4803 Γ
921 4751 1107 4823 ραφῶν
1155 4751 1684 4822 χειραγωγούμενοι,
1726 4754 1802 4817 ὼς

208 4852 308 4907 καὶ
338 4850 501 4912 αὐτὸς
530 4849 768 4919 παρίστη
804 4845 1144 4917 Μάρκελλος,
1173 4848 1228 4897 ἐν
1255 4849 1367 4909 τοῖς
1410 4847 1536 4917 ἑξῆς
1569 4846 1797 4918 προϊών.

207 4941 424 4998 Οὐκοῦν
459 4941 643 5012 ἕτερος
669 4935 738 5010 ἦν
769 4933 941 5001 οὗτος,
968 4938 1026 4990 ὃν
1051 4939 1079 4989 ὁ
1112 4939 1316 5008 κόσμος
1349 4939 1449 4991 οὐκ
1481 4939 1642 5007 ἔγνω,
1668 4937 1800 5002 Θεὸς

207 5037 306 5090 καὶ
320 5035 512 5103 Λόγος,
541 5033 657 5102 φῶς
677 5032 936 5102 ὑπάρχων
966 5048 1026 5083 τε
1043 5032 1135 5083 καὶ
1149 5031 1541 5101 ὠνομασμένος
1561 5051 1573 5060 ·
1597 5032 1713 5101 φῶς
1735 5033 1792 5084 δὲ

205 5130 309 5184 οὐκ
324 5127 602 5199 αἰσθητὸν,
623 5124 746 5178 οὐδὲ
764 5125 872 5196 (8'2)
890 5124 1110 5194 σαρκῶν
1123 5125 1257 5200 (82⁴)
1272 5123 1582 5195 ὀφθαλμοὺς
1597 5126 1799 5197 ὁμοίως

286 5322 347 5380 ᾗ
371 5315 471 5372 Ed.
501 5315 706 5376 Paris.,
743 5329 864 5384 pag.
891 5311 981 5370 δι.
1066 5313 1113 5344 ⁸⁸
1145 5311 1304 5367 Joan.
1338 5328 1378 5377 ι,
1413 5311 1467 5377 8,
1509 5312 1597 5366 ll.

308 5525 420 5579 77‘l
444 5524 616 5579 Vulgo
649 5526 756 5579 ὅδε.

308 5525 420 5595 77')
444 5525 616 5594 Vulgo
649 5526 756 5579 ὅδε.

307 5595 396 5668 78)
427 5596 536 5668 Kal
565 5598 708 5668 Θεὸς
731 5596 808 5664 ἦν
837 5598 869 5649 ό
892 5594 1103 5668 Λόγος.
1133 5591 1386 5668 1ιηο,λκαὶ
1412 5590 1554 5653 Θεῖος
1571 5588 1733 5668 _[d9d_i
1757 5603 1789 5645 e

211 5660 386 5738 codd;
406 5684 460 5738 κ.
501 5660 694 5738 8506],
724 5660 934 5738 poterat
971 5660 1211 5738 Joannes
1248 5665 1470 5738 dixisse,
1498 5660 1621 5738 nasi:
1645 5660 1788 5738 θεῖος

209 5735 278 5811 ἦν
311 5740 340 5790 ὁ
367 5736 544 5811 λόγος,
568 5749 622 5790 at
644 5732 798 5811 dixit,
827 5736 926 5811 καὶ
956 5736 1100 5811 Θερς
1117 5732 1218 5806 ἦν,
1247 5734 1448 5803 aliquid
1477 5734 1623 5811 aliud
1654 5733 1793 5811 dixit

212 5802 488 5877 pretend
536 5807 759 5877 φωτίζει
793 5807 969 5860 πάντα
1009 5802 1637 5878 ἄνθρωπον;“-ηιυιξιεῑιῖ
1657 5802 1792 5878 citat

211 5870 606 5951 evangelistam
629 5920 644 5944 ,
689 5870 1030 5951 aliudqueut
1060 5870 1319 5951 Alegitur,
1347 5870 1535 5951 ἦντὸΔ
1555 5871 1682 5942 ςρῶς
1726 5872 1794 5926 τὸ

213 5944 504 6019 (111)077-67-
519 5948 550 6002 ὃ
565 5946 812 6019 φωτίζει.
836 5944 981 6003 Μζ-
993 5944 1306 6021 Ιηίτιινυιεο
1323 5944 1696 6018 προϋπάρχειν
1712 5960 1786 5996 τε.

1909 4758 2048 4812 sitas
2076 4774 2105 4810 a
2135 4765 2332 4810 natura
2366 4763 2704 4826 cognoscant
2729 4767 2924 4808 omnes
2954 4769 2969 4807 :
3001 4752 3273 4821 imprimis
3317 4763 3501 4806 autem

1909 4850 2005 4905 filii
2046 4849 2376 4916 Iudaeorum,
2448 4846 2870 4903 manuductione
2911 4843 3323 4913 Scripturarum
3376 4859 3505 4913 pro-

1908 4942 2293 5012 pheticarum,
2341 4941 2487 5010 quod
2547 4939 2931 5010 progrediente
2997 4950 3252 4991 sermone
3315 4935 3504 4990 docuit

1907 5034 2140 5104 ipsemet
2173 5031 2482 5087 Marcellus.
2515 5030 2787 5097 Quocirca
2832 5037 2954 5084 erat
2998 5028 3140 5083 alius
3179 5029 3285 5084 iste
3329 5042 3497 5095 quem

1910 5127 2146 5182 mundus
2191 5143 2298 5181 non
2335 5125 2610 5197 cognovit,
2662 5122 2805 5178 Deus
2844 5130 3010 5191 atque
3057 5119 3323 5186 Verbum,
3377 5119 3500 5174 Lux

1970 5516 2084 5586 (79)
2114 5517 2218 5570 Ἵσ.
2254 5516 2412 5584 λόγον
2438 5513 2546 5585 Μρ.
2579 5513 2701 5568 Mox
2724 5511 2886 5584 vulgo
2909 5510 3029 5564 οὐδὲ
3058 5508 3118 5586 ἓβν
3155 5525 3253 5582 πρ.

1971 5578 2086 5661 (80)
2117 5587 2228 5642 Τοῦ
2263 5578 2507 5661 φωτόςξ
2553 5586 2750 5661 fama
2791 5578 3052 5661 κόσμρς..
3076 5578 3360 5661 ιςεὲεεηι,
3400 5578 3492 5631 Ἐν

1896 5651 2190 5731 τῷ’κόσμῳ
2215 5651 2322 5728 γέἱρ
2361 5651 2459 5728 ἦν,
2480 5659 2576 5710 καὶ
2603 5651 2867 5731 δ’κόσμος
2897 5651 2964 5706 δι’
2992 5651 3176 5707 αὑτοῦ.
3216 5651 3328 5707 Hoc
3380 5661 3490 5718 est,

1898 5726 1988 5801 qui
2018 5726 2116 5784 lux'
2141 5726 2258 5783 erat
2283 5726 2338 5783 et
2367 5726 2672 5801 dicebatur.
2709 5726 2780 5786 Μ.

1973 5802 2085 5866 (Si)
2138 5801 2538 5868 Ύπηρετικόν.
2578 5799 2742 5855 Forte
2769 5793 2961 5866 αὐτοῦ,
2990 5795 3068 5866 τῷ
3094 5791 3236 5863 Θεῷ.
3271 5791 3344 5850 Μ.

1977 5871 2091 5935 (82)
2119 5869 2291 5942 Vulgo
2315 5870 2600 5942 σαρκικόν.

1975 5942 2110 6013 (82°)
2145 5941 2279 5996 υὺδὲ
2313 5939 2461 6016 «90.,-
2495 5939 2602 6013 mp.
