4032 6436
566 337 672 398 867

1231 331 1498 389 EUSEBII
1538 326 2018 387 CESARIENSIS
2055 326 2206 383 OPP.
2249 325 2433 383 PARS
2472 326 2564 381 ιγ.
2605 357 2673 367 -
2713 323 3134 382 DOGMATICA.

3724 319 3819 374 863

567 456 837 509 exsistens
862 460 914 507 et
940 451 1238 522 appellatus
1253 452 1368 507 lux.
1398 452 1515 507 Lux
1546 460 1729 507 autem
1762 466 1867 506 non
1902 450 2132 505 sensibi-

2242 449 2376 519 ἡλίῳ
2426 446 2689 518 φωτίζον·
2740 447 2881 501 οὕτω
2924 447 3032 518 γὰρ
3084 444 3152 499 ἂν
3204 444 3298 497 καὶ
3342 445 3375 514 ἡ
3443 438 3555 494 τῶν
3618 436 3821 507 ἀλόγων

567 544 660 610 lis,
693 559 795 599 non
828 543 1129 613 corporalis
1162 561 1175 597 :
1204 559 1307 597 non
1342 559 1461 611 qua:
1496 543 1705 606 oculos,
1735 552 1795 595 ut
1822 540 1903 595 sol
1937 540 2135 594 illumi-

570 642 714 692 nret
738 657 755 691 :
798 651 920 688 nam
956 636 1035 690 sic
1065 634 1205 689 illius
1241 635 1376 689 adeo
1427 636 1716 705 participes
1761 635 1956 689 ﬁerent
1985 647 2137 687 crea-

569 738 701 783 turae
738 728 1099 783 irrationales.
1141 726 1296 781 Nunc
1324 727 1501 795 qualis
1528 736 1648 781 erat
1678 725 1766 780 ille
1797 726 1891 780 lux
1917 741 2016 780 nos
2043 727 2138 780 do-

567 830 677 885 cet,
709 820 1001 889 inquiens:
1034 819 1162 873 Erat
1211 828 1386 873 autem
1431 818 1525 872 tua:
1569 819 1882 872 illuminans
1928 834 2137 871 omnem

565 920 827 973 hominem
856 914 1131 969 venientem
1166 912 1223 965 in
1243 911 1380 965 hunc
1410 912 1685 963 mundum.
1718 910 1801 962 Ad
1834 907 1978 964 solos
2008 922 2137 975 ergo

566 1006 813 1060 homines
860 1002 1165 1071 pertinebat
1220 999 1500 1055 rationalis
1557 1001 1663 1054 ista
1716 999 1829 1054 lux.
1866 998 2134 1066 Quocirca

565 1112 662 1165 per
690 1095 985 1165 potentiam
1016 1108 1169 1147 suam
1200 1093 1457 1161 praeditus
1490 1092 1776 1147 intellectu
1803 1103 1861 1147 et
1892 1093 2131 1157 ratione,

565 1191 657 1262 qui
700 1198 783 1243 est
825 1189 937 1252 lux,
972 1188 1038 1241 ad
1087 1186 1376 1256 imaginem
1426 1199 1581 1239 suam
1616 1193 1672 1240 et
1723 1185 2133 1239 similitudinem

564 1274 854 1337 rationales
910 1279 1119 1332 animas
1166 1288 1221 1333 et
1267 1276 1632 1347 intelligentes
1688 1278 1962 1347 produxit.
2015 1277 2133 1331 Non

562 1385 680 1429 erat
707 1388 837 1443 ergo
861 1373 949 1426 illa
975 1372 1065 1425 lux
1100 1371 1403 1435 sensibilis;
1438 1382 1495 1424 ut
1530 1385 1703 1440 neque
1736 1372 1878 1425 Deus
1902 1379 2021 1425 erat
2049 1370 2135 1424 ille

563 1465 653 1534 qui
692 1475 779 1519 est
809 1478 971 1533 super
994 1464 1268 1517 universa.
1309 1461 1453 1517 Deus
1479 1463 1623 1517 enim
1659 1461 1747 1517 lux
1776 1470 1882 1529 est,
1909 1472 1964 1517 et
1994 1471 2137 1517 tene~

562 1555 673 1610 bra:
698 1572 803 1610 non
835 1563 957 1609 sunt
986 1554 1039 1607 in
1074 1567 1160 1607 eo.
1186 1551 1301 1606 Lux
1327 1561 1507 1606 autem
1544 1561 1627 1606 est
1648 1552 1952 1615 inaccessa,
1988 1554 2134 1621 quod

560 1644 849 1718 Apostolus
884 1648 1061 1711 docet,
1095 1644 1183 1698 ubi
1219 1647 1295 1697 ait
1326 1662 1338 1697 :
1370 1644 1560 1698 Lucem
1592 1645 1842 1698 habitans
1896 1646 2131 1721 inacces-

560 1758 697 1805 sam,
725 1753 873 1809 quem
926 1750 1075 1791 uento
1102 1738 1251 1799 vidit,
1294 1738 1384 1791 sed
1427 1754 1517 1791 nec
1545 1747 1714 1804 potest
1740 1738 1913 1790 videre
1936 1737 2003 1794 ⁸¹.
2033 1736 2134 1790 Ille

560 1839 735 1885 autem
765 1830 819 1881 in
852 1832 1046 1883 mundo
1088 1832 1223 1895 erat,
1257 1828 1567 1882 illuminans
1625 1846 1825 1882 omnem
1871 1831 2133 1883 hominem

560 1921 845 1977 venientem
902 1922 957 1974 in
1010 1922 1286 1974 mundum.
1341 1920 1446 1975 Sed
1492 1930 1547 1974 et
1593 1922 1849 1985 mundus,
1898 1922 1994 1983 ait,
2038 1936 2135 1990 per

559 2015 703 2069 banc
733 2014 909 2068 lucem
941 2012 1117 2067 lactus
1149 2022 1303 2079 erat;
1346 2014 1623 2078 nimirum,
1652 2014 1794 2082 quod
1846 2028 2134 2083 supremus

557 2105 743 2169 Pater,
768 2120 865 2174 per
891 2102 1087 2159 Filium
1126 2118 1283 2159 suum
1327 2106 1579 2160 universa
1629 2106 2007 2161 constituerat.
2038 2108 2134 2159 At-

556 2212 665 2267 que
709 2198 782 2252 ita
837 2206 945 2251 tres
996 2197 1111 2251 ista!
1165 2196 1578 2267 appellationes,
1625 2198 1679 2251 in
1732 2212 1900 2252 unum
1953 2198 2131 2253 locum

556 2293 828 2357 congesta:
877 2300 908 2339 a
962 2285 1233 2357 theologo,
1272 2286 1327 2340 ln
1366 2287 1636 2357 principio
1680 2286 1986 2357 Scriptura
2019 2304 2133 2344 suae

555 2379 831 2450 leguntur,
858 2380 978 2448 quae
1006 2379 1093 2448 pie
1119 2378 1339 2448 quidem
1375 2386 1431 2433 et
1462 2379 1583 2434 sine
1627 2379 1739 2434 ulla
1775 2380 2011 2446 oﬂ'ensa,
2037 2398 2135 2451 po-

554 2479 811 2524 testatem
862 2469 1165 2539 insignium
1224 2468 1353 2524 Filii
1408 2469 1545 2537 Dei,
1594 2485 1792 2543 nempe
1857 2470 2132 2541 Verbum,

555 2561 701 2617 Deus
725 2572 889 2631 atque
919 2561 1033 2617 lux.

626 2656 681 2710 4.
723 2655 981 2723 Quartam
1018 2655 1106 2710 his
1139 2654 1379 2711 annectit
1422 2655 1563 2711 idem
1598 2670 1665 2712 eo
1685 2655 1824 2723 loco,
1871 2657 2134 2730 Unigeni-

557 2763 671 2805 tum
701 2751 974 2821 appellans
996 2749 1117 2806 istis
1138 2750 1398 2805 vocibus:
1420 2749 1491 2803 Et
1537 2748 1759 2806 Verbum
1780 2770 1904 2808 caro
1929 2755 2131 2824 factum

565 2855 664 2910 est,
704 2857 753 2898 et
782 2843 1030 2897 habitauit
1058 2844 1111 2895 in
1142 2841 1289 2897 nobis
1319 2864 1330 2898 :
1366 2842 1436 2895 Et
1472 2843 1698 2899 vidimus
1724 2844 1947 2915 gloriam
1990 2850 2129 2917 ejus,

556 2937 782 3010 gloriam
819 2938 973 3008 quasi
1010 2935 1275 3007 Unigenili
1302 2955 1333 2989 a
1384 2935 1566 3003 Patre,
1596 2940 1807 3009 plenum
1846 2944 2037 3013 gratia
2080 2953 2132 2997 et

561 3030 798 3084 ueritatis
819 3024 889 3084 θ’.
926 3026 1003 3082 lta
1031 3045 1246 3100 quoque
1274 3040 1327 3084 et
1359 3028 1676 3100 Unigenitus
1706 3033 1991 3089 dicebatur
2016 3034 2129 3103 ille,

2239 540 2392 603 ζώων
2468 540 2628 609 φύσις
2703 543 2947 611 μετεῖχεν
3020 538 3209 591 αὑτοῦ.
3270 522 3407 589 Νυνὶ
3464 534 3523 586 δὲ
3587 530 3823 583 διδάσκει

2236 634 2419 686 ὁποιον
2477 629 2545 702 ἦν
2604 634 2751 701 φῶς,
2801 632 3004 699 λέγων·
3054 626 3176 685 Ἠν
3233 626 3346 695 (85)
3417 623 3487 677 τὸ
3548 621 3709 692 φῶς,
3761 620 3823 671 τὸ

2236 722 2486 791 φωτίζον
2528 724 2725 777 πάντα
2748 724 3059 791 ἄνθρωπον
3095 722 3423 788 ἐρχόμενον
3446 718 3534 782 εὶς
3559 714 3665 767 τὸν
3686 712 3827 766 κόσ-

2233 834 2368 885 μον.
2405 817 2543 884 (85')
2570 818 2745 870 Μόνον
2775 819 2879 887 ἄρα
2906 811 2974 886 ἦν
3005 813 3308 882 ἀνθρώπων
3324 811 3387 864 τὸ
3422 809 3642 877 λογικὸν
3673 806 3826 859 τοῦτο

2238 911 2371 978 φῶς.
2412 912 2501 963 Διδ
2526 912 2752 981 δυνάμει
2797 911 2955 981 νοερᾷ
2992 908 3085 961 καὶ
3116 907 3309 976 ὶογικῇ
3350 906 3449 968 τὰς
3487 904 3625 971 me"
3648 900 3827 953 εἰκόνα

2236 1007 2333 1075 τὴν
2366 1004 2528 1057 αὑτοῦ
2563 1004 2656 1056 καὶ
2694 1003 2951 1073 ὁμοίωσιν
2995 998 3371 1069 πεποιημένας
3410 994 3595 1066 ψυχὰς
3637 990 3827 1063 νοεράς

2236 1096 2331 1149 καὶ
2361 1094 2585 1163 λογικὰς
2614 1092 2999 1167 ἀπειργάζετο.
3035 1092 3123 1153 Ὠς
3150 1089 3206 1141 δὲ
3232 1090 3329 1141 οὐκ
3364 1086 3631 1156 αἰσθητὸν
3672 1079 3832 1149 ἐτύγ-

2238 1206 2365 1260 χανε
2406 1188 2539 1257 φῶς,
2571 1188 2743 1250 οὕτως
2784 1187 2904 1240 οὐδὲ
2934 1187 2995 1239 τὸ
3040 1185 3297 1237 ἐπέκεινα
3330 1181 3440 1233 τῶν
3484 1180 3627 1233 ὅλων
3670 1174 3830 1239 aint;

2235 1283 2264 1334 6
2291 1281 2421 1342 Θεὸς
2443 1277 2530 1351 ἦν.
2573 1280 2633 1332 '0
2665 1280 2776 1349 γάρ
2824 1279 2955 1341 Θεὸς
3006 1277 3122 1345 φῶς
3165 1279 3301 1337 ὲστι,
3346 1274 3443 1328 καὶ
3488 1272 3684 1324 σκοτία
3731 1270 3830 1322 οὐκ

2237 1372 2382 1425 ἔστιν
2417 1374 2472 1423 έν
2508 1370 2655 1438 αὐτῷ
2677 1371 2921 1440 οὐδεμία.
2957 1369 3067 1423 Καὶ
3106 1369 3215 1440 γὰρ
3252 1371 3279 1421 6
3330 1368 3426 1438 μὲν
3460 1360 3579 1433 φῶς
3622 1360 3831 1432 ἀπρόσ-

2240 1483 2348 1518 ιτον
2372 1461 2461 1536 ἦν,
2484 1463 2557 1527 ὡς
2584 1466 2612 1516 6
2638 1464 2778 1526 θεῖος
2819 1462 3139 1525 Ἀπόστολος
3169 1460 3411 1514 διδάσκει
3433 1499 3447 1523 ,
3481 1456 3681 1523 λέγων’
3704 1451 3832 1517 φῶς

2235 1558 2413 1612 οίκῶν
2457 1560 2803 1625 ἀπρόσιτον,
2860 1552 2933 1609 δν
2990 1553 3151 1609 εἶδεν
3198 1553 3433 1620 οὐδεὶς,
3497 1550 3626 1603 οὐδ’
3683 1545 3833 1600 ἰδεῖν

2235 1650 2503 1703 δύναται.
2550 1649 2601 1701 Ὁ
2633 1649 2684 1700 δ’
2723 1649 2791 1701 ὲν
2828 1646 2907 1714 τῷ
2948 1649 3152 1717 κόσμῳ
3185 1642 3284 1715 ἦν,
3329 1640 3593 1713 φωτίζων
3634 1638 3833 1693 πάντα

2236 1742 2550 1811 ἄνθρωπον
2579 1742 2902 1812 ἐρχόμενον
2946 1742 3033 1807 είς
3074 1739 3181 1792 τὸν
3222 1738 3475 1807 κόσμον.
3527 1732 3697 1787 Ἀλλά
3737 1731 3835 1783 καὶ

2241 1840 2268 1890 6
2309 1835 2530 1905 κόσμος,
2566 1835 2719 1903 φησι,
2770 1832 2855 1886 διὰ
2900 1831 3053 1885 τοῦδε
3105 1830 3196 1883 τοῦ
3244 1828 3422 1898 φωτὸς
3453 1826 3687 1894 γέγονε,
3738 1820 3831 1874 τοῦ

2242 1929 2574 2001 κρείττονος,
2616 1927 2817 1999 δηλαδὴ
2868 1926 2962 1977 τοῦ
3012 1923 3224 1995 Πατρὸς
3280 1920 3368 1974 διὰ
3421 1918 3516 1972 τοῦ
3583 1914 3724 1969 Υίοῦ
3772 1913 3833 1967 τὸ

2244 2024 2350 2075 πᾶν
2384 2022 2793 2090 συνισταμένου.
2826 2020 2985 2090 Τρεῖς
3021 2019 3119 2088 μὲν
3148 2016 3211 2085 δὴ
3244 2007 3404 2069 αὗται
3437 2012 3577 2066 κατὰ
3604 2010 3668 2063 τὸ
3699 2005 3836 2063 αὐτὸ

2240 2111 2347 2165 τῶν
2374 2106 2467 2164 τοῦ
2507 2107 2637 2163 Υίοῦ
2675 2108 2767 2162 τοῦ
2800 2108 2933 2162 Θεοῦ
2966 2107 3078 2178 (84)
3117 2104 3428 2176 δυναμένων
3461 2100 3705 2172 εὔφημοι
3739 2096 3833 2152 καὶ

2240 2201 2482 2266 εὐσεϐεῖς
2533 2201 2822 2272 ὲπηγορίαι
2859 2198 2938 2270 τῷ
2993 2198 3227 2267 θεολόγῳ
3264 2195 3362 2266 τῆς
3394 2192 3623 2266 Γραφῆς
3671 2190 3834 2259 ἀρχο-

2244 2295 2390 2366 μένῳ
2429 2292 2896 2366 παρελείφθησανο
2928 2293 2957 2345 6
2988 2290 3181 2358 Λόγος,
3224 2287 3319 2341 καὶ
3364 2288 3393 2339 6
3436 2284 3593 2349 Θεὸς,
3631 2282 3732 2336 καὶ
3772 2278 3833 2332 τδ

2243 2387 2376 2457 φῶς.

2311 2660 2373 2715 δ’.
2419 2659 2556 2732 Ἤδη
2626 2660 2682 2713 δὲ
2736 2659 2829 2712 καὶ
2896 2658 3162 2729 τετάρτην
3234 2654 3591 2728 προστίθησιν
3644 2656 3675 2709 6
3732 2653 3831 2710 αὖ·

2240 2749 2351 2815 τὸς,
2386 2750 2667 2821 Μονογενῆ
2717 2750 2809 2803 τὸν
2863 2749 3024 2803 αὑτὸν
3079 2746 3388 2811 ἀποκαλῶν,
3431 2748 3489 2799 ὲν
3536 2741 3619 2810 οἷς
3660 2760 3830 2818 φησιν’

2239 2845 2350 2899 Καὶ
2409 2846 2442 2899 ὁ
2499 2845 2689 2914 Λόγος
2749 2842 2905 2910 σὰρξ
2976 2841 3243 2911 ἐγένετο,
3300 2841 3400 2894 καὶ
3469 2838 3835 2904 ἐσκήνωσαν

2238 2938 2309 2990 ἐν
2364 2935 2527 3006 ἡμῖν,
2600 2936 2698 2989 καὶ
2756 2933 3125 3003 ἐθεασάμεθα
3182 2932 3301 3000 τὴν
3366 2931 3559 2995 δόξαν
3614 2929 3832 2997 αὐτοῦς

2240 3028 2430 3094 δόξαν
2500 3029 2581 3094 ὡς
2643 3026 3023 3095 Μονοτενοῦς
3102 3026 3261 3094 παρὰ
3338 3025 3601 3092 Πατρός,
3668 3024 3834 3092 πλή-

551 3124 867 3195 priusquam
935 3123 1337 3177 incarnaretur.
1392 3122 1527 3177 Nam
1592 3135 1870 3195 utcunque
1943 3137 2130 3182 nostra

2239 3139 2351 3189 ρης
2409 3120 2649 3190 χάριτος
2701 3118 2800 3172 καὶ
2851 3118 3155 3186 ἀληθείας.
3212 3116 3420 3170 Οὐκοῦν
3473 3117 3571 3170 καὶ
3623 3118 3653 3170 6
3712 3118 3833 3171 M6-

555 3226 740 3276 causa,
766 3212 910 3281 quod
933 3213 1009 3265 ait
1042 3230 1055 3265 :
1083 3211 1221 3265 Caro
1244 3213 1420 3281 factus
1443 3224 1515 3268 est
1542 3212 1744 3269 Sermo.
1772 3214 2132 3271 Nihilominus

2239 3214 2463 3284 νογενὴς
2510 3211 2603 3266 τοῦ
2652 3210 2786 3264 Θεοῦ
2844 3212 2970 3281 πρὶν
3028 3210 3061 3279 ἢ
3108 3209 3207 3275 τὴν
3269 3210 3447 3279 σάρκα
3504 3207 3829 3270 ἀναλαϐεῖν,

553 3316 656 3359 nos
693 3302 795 3372 ipsi
849 3303 1045 3373 quibus
1082 3304 1325 3358 revelare
1374 3310 1433 3367 ἧι
1482 3307 1733 3375 dignatus
1762 3317 1846 3363 est
1881 3308 2136 3363 divinita-

2236 3304 2623 3377 ἐχρημάτιζεν.
2671 3302 2732 3354 El
2791 3301 2899 3371 γάρ
2955 3301 3050 3354 καὶ⁵
3104 3300 3174 3354 τὰ
3236 3300 3505 3370 μάλιστα,
3553 3300 3725 3370 φησι,
3766 3300 3836 3353 δι’

555 3404 668 3451 tem
698 3394 875 3462 suam,
912 3399 1226 3466 neutiquam
1273 3399 1325 3453 in
1374 3412 1592 3453 carnem
1644 3401 2019 3470 respicientes,
2050 3409 2132 3457 est

2239 3400 2402 3469 ἡμᾶς,
2435 3401 2463 3451 6
2497 3399 2687 3466 Λόγος
2710 3394 2865 3463 σὰρξ
2885 3394 3143 3462 ἐγένετο,
3181 3393 3295 3446 ἀλλ’
3328 3395 3479 3464 ὅμως
3524 3395 3716 3463 ἡμεῖς.
3751 3388 3836 3458 οἷς

556 3485 704 3540 enim
740 3500 869 3540 caro
909 3489 1052 3542 servi
1108 3486 1305 3554 forma,
1338 3490 1431 3544 sed
1480 3490 1533 3543 in
1572 3490 1739 3558 ipsius
1786 3490 2014 3560 gloriam
2050 3492 2132 3546 in—

2239 3490 2570 3561 κατηξίωσεν
2601 3486 2932 3554 ἐνδείξασθαι
2959 3486 3055 3557 τὴν
3087 3486 3279 3539 ἑαυτοῦ
3318 3486 3547 3556 θεότητα
3572 3525 3587 3549 ,
3615 3485 3720 3539 οὐκ
3754 3488 3837 3549 εἰς

555 3587 791 3643 tuentes,
823 3594 943 3649 qua:
989 3590 1146 3635 extra
1196 3582 1413 3650 quidem
1464 3596 1664 3651 corpus
1707 3598 1738 3636 a
1786 3593 1969 3638 mente
1998 3598 2131 3654 pura

552 3670 749 3725 visitur
791 3682 847 3725 et
882 3672 1163 3738 defaecata,
1209 3674 1440 3728 vidimus
1471 3673 1589 3743 ejus
1617 3674 1867 3744 gloriam,
1899 3676 2130 3743 gloriam

553 3759 902 3829 ineffabilem,
931 3771 983 3817 et
1037 3774 1255 3833 captum
1305 3764 1601 3833 quemlibet
1648 3765 1942 3820 humanum
1977 3774 2129 3818 tran-

554 3855 927 3919 scendentem,
957 3856 1170 3924 qualem
1206 3855 1465 3909 nimirum
1500 3856 1624 3925 quis
1673 3855 1957 3927 imaginari
2001 3854 2130 3912 velit

556 3946 791 4015 gloriam
845 3944 1119 4017 Unigeniti
1174 3948 1290 4001 Dei.
1350 3947 1480 4001 Erat
1528 3957 1709 4001 autem
1739 3964 1768 4002 a
1803 3950 1986 4015 Patre,
2022 3950 2128 4004 ista

556 4039 752 4111 gloria.
792 4039 1195 4094 Animadvertis
1233 4055 1339 4095 non
1368 4040 1459 4094 hic
1481 4040 1609 4105 dici,
1636 4041 1868 4095 vidimus
1894 4042 2127 4110 gloriam

554 4131 693 4201 ejus,
731 4132 958 4203 gloriam
996 4131 1159 4185 veluti
1192 4129 1379 4198 Verbi,
1424 4149 1490 4187 ne
1530 4144 1640 4185 tum
1684 4148 1805 4187 cum
1834 4134 2042 4187 dixerat
2072 4134 2126 4188 in

2230 3583 2329 3653 τὴν
2355 3583 2532 3654 σάρκα
2567 3580 2899 3651 ἀφορῶντες,
2925 3578 3061 3649 αὕτη
3107 3577 3217 3649 γὰρ
3249 3577 3364 3647 (85)
3408 3578 3592 3650 μορφὴ
3637 3578 3836 3632 δούλου

2229 3670 2318 3745 ἦν,
2355 3674 2468 3728 ἀλλ’
2495 3676 2574 3735 εἰς
2599 3674 2697 3743 τὴν
2726 3670 2883 3737 δόξαν
2914 3669 3079 3723 αὐτοῦ
3114 3670 3211 3743 τὴν
3241 3669 3399 3734 ἐκτὸς
3441 3670 3537 3724 τοῦ
3572 3669 3836 3740 σώματος

2231 3766 2307 3835 νῷ
2334 3765 2558 3836 καθαρῷ
2587 3764 2989 3835 θεωρουμένην,
3024 3762 3369 3833 ἐθεασάμεθα
3401 3762 3500 3834 τὴν
3529 3762 3690 3830 δόξαν
3743 3766 3838 3818 αὺ-

2230 3860 2347 3924 τοῦ,
2402 3859 2561 3924 δόξαν
2620 3858 2857 3930 ἄρρητον
2914 3856 3009 3909 καὶ
3061 3856 3239 3909 πάντα
3293 3855 3505 3925 θνητῶν
3564 3856 3834 3928 λογισμὸν

2232 3952 2685 4022 ὑπερϐαίνουσαν,
2718 3950 2908 4004 ὁποίαν
2928 3966 3009 4012 τις
3033 3950 3301 4020 ὲννοήσειε
3332 3947 3489 4012 δόξαν
3517 3948 3651 4001 Υἰοῦ
3684 3947 3829 4003 Θεοῦ

2234 4044 2573 4115 μονογενοῦς.
2617 4040 2723 4095 Ἦν
2760 4042 2817 4096 δὲ
2862 4042 2999 4114 αὕτη
3056 4042 3207 4113 παρὰ
3257 4040 3353 4095 τοῦ
3406 4042 3622 4114 Πατρὸς
3672 4042 3829 4110 δόξα.

2240 4139 2403 4207 Ὁρᾷς
2430 4177 2444 4201 ,
2477 4138 2623 4198 ὅπως
2666 4136 2765 4188 οὐκ
2803 4131 2953 4201 εἷπε,
2987 4135 3081 4188 καὶ
3129 4132 3472 4203 ἐθεασάμεθα
3517 4133 3619 4206 τὴν
3665 4134 3832 4199 δόξαν

553 4224 1023 4293 praecedentibus:
1060 4224 1285 4278 Verbum
1349 4241 1473 4277 caro
1516 4224 1714 4292 factum
1760 4225 1880 4290 fuit,
1924 4226 2019 4280 sed
2071 4235 2130 4278 ut

2239 4230 2414 4292 αὑτοῦ,
2446 4229 2598 4293 δόξαν
2624 4228 2697 4291 ὡς
2729 4228 2922 4295 Λόγου.
2953 4227 3129 4280 καίτοι
3180 4224 3477 4297 προειπὼν,
3533 4225 3599 4277 '0
3629 4228 3830 4297 Ao'roc

553 4314 779 4385 intelligi
825 4326 1005 4385 posset
1038 4316 1339 4385 cujusmodi
1395 4313 1628 4368 Verbum
1666 4312 1757 4369 ille
1795 4328 1916 4368 eum
1962 4328 2130 4385 pone-

2239 4318 2384 4388 σὰρε
2412 4318 2666 4387 ἐγένετο,
2696 4316 2810 4369 ἀλλ’
2841 4320 2926 4369 ἵνα
2943 4316 3129 4390 διδάξῃ
3166 4317 3347 4370 ὁποῖον
3377 4316 3539 4369 αὑτὸν
3580 4317 3829 4388 ὑπεστή-

554 4419 659 4473 ret,
708 4407 971 4481 (minime
1009 4410 1225 4478 quidem
1282 4408 1636 4461 indicativum
1667 4423 1679 4458 :
1714 4422 1840 4461 nam
1887 4408 2127 4464 Verbum

2239 4431 2361 4467 σατο
2388 4414 2576 4483 Λόγον·
2610 4412 2712 4483 (δτι
2744 4411 2818 4483 μὴ
2843 4413 3195 4484 σημαντικὸν,
3220 4414 3337 4476 πῶς
3357 4414 3467 4484 γὰρ
3498 4415 3595 4467 καὶ
3622 4408 3737 4469 οἷόν
3765 4433 3826 4469 τε

553 4501 770 4571 quidem
810 4502 937 4566 tale,
970 4516 1099 4555 caro
1133 4500 1250 4556 fieri
1300 4500 1581 4569 nequibat)
1609 4499 1959 4569 Unigenitum
1987 4516 2127 4571 pra:-

2239 4502 2299 4578 ἧν
2322 4508 2412 4560 τὸν
2438 4508 2675 4560 τοιοῦτον
2700 4508 2878 4577 σάρκα
2912 4504 3163 4573 γενέσθαι
3187 4523 3200 4567 ;
3226 4504 3246 4574 )
3300 4506 3615 4574 ἀναγκαίως
3655 4508 3828 4561 Μονο-

553 4594 785 4661 dixerat,
816 4605 872 4649 et
918 4593 1142 4661 gloriam
1204 4593 1319 4663 ejus
1358 4592 1539 4657 talem,
1592 4594 1809 4663 qualem
1850 4592 1974 4649 Filii
2026 4593 2122 4650 Dei

2239 4600 2366 4670 γενῆ
2425 4598 2583 4653 αὐτὸν
2637 4600 2884 4670 προεῖπε.
2926 4597 3038 4650 Καὶ
3069 4596 3168 4667 τὴν
3212 4594 3368 4660 δόξαν
3395 4597 3560 4650 αὑτοῦ
3614 4600 3825 4674 ταύτην

554 4686 818 4756 unigeniti
868 4686 1096 4755 gloriam
1132 4685 1499 4755 intelligimus.
1531 4685 1596 4739 Et
1620 4686 1848 4755 gloriam
1895 4686 1968 4741 illi
2004 4702 2125 4742 eam

2239 4689 2375 4745 εἶναι
2400 4686 2636 4746 διδάσκει
2659 4732 2672 4757 ,
2723 4690 2844 4745 καθ’
2878 4690 2945 4761 ἢν
2981 4692 3177 4743 νοεῖται
3213 4690 3511 4762 μονογενὴς
3547 4691 3645 4744 τοῦ
3680 4693 3822 4749 Θεοῦ

551 4790 579 4829 a
616 4774 775 4830 Patre
826 4791 1038 4845 quoque
1091 4777 1249 4830 docet
1295 4784 1351 4828 et
1401 4792 1505 4831 non
1555 4777 1772 4833 aliunde
1819 4778 2126 4834 advenisse.

2239 4782 2380 4848 Υίός.
2431 4780 2725 4855 Ὑπάρχειν
2750 4799 2810 4835 τε
2839 4780 2949 4852 (86)
2985 4780 3153 4852 αὐτῷ,
3182 4782 3336 4852 φησὶ,
3381 4783 3481 4854 τὴν
3518 4782 3680 4849 δόξαν
3722 4786 3821 4839 οὐκ

550 4869 686 4924 Nam
729 4886 828 4925 nec
868 4872 1185 4941 ingenitam,
1229 4888 1325 4927 nec
1366 4874 1633 4943 principio
1684 4882 1981 4942 carentem,
2026 4890 2127 4931 nec

2239 4876 2454 4931 άλλοθεν
2482 4876 2515 4948 ἢ
2548 4874 2698 4949 παρὰ
2722 4871 2815 4926 τοῦ
2843 4872 3055 4944 Πατρός
3078 4886 3091 4899 ·
3121 4872 3181 4925 οὐ
3217 4872 3325 4944 γὰρ
3352 4872 3670 4944 ἀγέννητον,
3698 4876 3819 4931 om

547 4976 581 5015 a
624 4976 683 5017 se
718 4977 1044 5033 possessam,
1083 4974 1139 5018 et
1180 4980 1284 5017 non
1332 4965 1551 5019 aliunde
1597 4966 1825 5035 gloriam
1864 4967 2120 5033 habebat,

2239 4971 2488 5042 ἄναρχον,
2519 4970 2638 5023 οὐδὲ
2674 4968 2969 5038 ίδιόκτητον
3002 4960 3115 5037 εἶχε
3140 4966 3240 5036 τὴν
3264 4951 3455 5033 δόξαν,
3482 4966 3619 5021 ἀλλά
3668 4969 3818 5041 παρῇ

551 5058 647 5111 sed
676 5070 706 5109 a
735 5056 894 5111 Patre
940 5072 1039 5112 suo
1090 5067 1369 5125 acceptam
1405 5077 1417 5112 :
1448 5060 1589 5126 quod
1647 5060 1808 5114 docet
1863 5062 1979 5129 ipse
2035 5060 2122 5114 in-

2239 5061 2322 5114 τοῦ
2380 5061 2591 5133 Πατρὸς
2625 5057 2802 5111 λαϐὼν
2857 5058 2985 5129 (87).
3041 5055 3111 5112 Ὃ
3137 5054 3199 5130 δὴ
3237 5059 3331 5111 καὶ
3370 5058 3531 5122 αὐτὸς
3570 5060 3817 5129 παρίστη

554 5150 750 5219 quiens
780 5167 792 5200 :
828 5148 1011 5214 Pater,
1050 5149 1287 5219 glori/ica
1324 5166 1404 5203 me
1447 5151 1615 5219 gloria
1644 5149 1739 5204 illa
1785 5170 1943 5221 quam
1980 5155 2121 5222 apud

2239 5154 2421 5224 λέγων,
2440 5153 2653 5221 Πάτερ,
2691 5152 2956 5215 δόξασόν
2980 5166 3056 5219 με
3080 5149 3155 5219 τῇ
3188 5150 3359 5219 δόξῃ,
3381 5149 3466 5217 ἡν
3499 5146 3669 5218 εῖχον
3698 5148 3816 5219 api

556 5252 607 5298 te
654 5244 837 5310 habui,
884 5254 1006 5299 ante
1059 5246 1480 5298 constitutionem
1524 5246 1676 5299 istius
1723 5247 1998 5310 mundi",
2028 5247 2117 5301 cui

2239 5248 2336 5302 τοῦ
2368 5248 2475 5301 τὸν
2506 5250 2739 5315 κόσμον
2768 5245 2918 5299 εἶναι
2939 5244 3099 5314 παρὰ
3122 5244 3247 5299 σοι.
3278 5245 3376 5297 Ὃν
3398 5243 3495 5297 καὶ
3524 5242 3815 5313 ἀμείϐεται

630 5409 689 5469 >14
719 5404 815 5459 Ed;
860 5404 1058 5474 Paris.,
1085 5422 1210 5479 pag.
1238 5409 1324 5465 85.
1400 5409 1443 5441 ’ί
1468 5411 1487 5465 ι
1514 5409 1655 5465 Tim.
1676 5428 1747 5477 Vl,
1781 5413 1869 5471 16.
1947 5412 1992 5445 ⁸³
2016 5410 2171 5469 Joan.
2208 5411 2343 5479 1,14.
2421 5412 2467 5445 ⁸³
2492 5411 2652 5471 Joan.
2674 5426 2810 5479 xvn,
2840 5410 2894 5467 5.

630 5562 875 5641 (§_3)_'ﬂv_
900 5570 927 5620 ὁ
956 5568 1111 5641 Nm
1140 5570 1314 5641 vulso-

2239 5577 2323 5631 λου
2332 5595 2457 5635 σαν.

627 5634 984 5719 (ζῇῖῌνίόνιυν
1012 5634 1261 5719 δίῃ,Μοὶ
1293 5643 1452 5719 vulgo
1485 5644 1723 5701 διδάσκει
1756 5644 2087 5711 Λπόστολος.

2305 5648 2417 5719 (86)
2444 5634 2524 5719 ilo.
2558 5646 2705 5716 αὑτῷ
2735 5646 2817 5704 vel
2847 5644 3016 5703 αὑτοῦ
3051 5643 3184 5717 Μρ.,
3205 5649 3365 5719 vulgo
3396 5648 3600 5719 αὐτόνος
3642 5688 3645 5693 ν

628 5653 760 5706 (ω’)
795 5653 984 5692 Μονων
1012 5653 1117 5708 Mp.
1146 5653 1261 5695 Mox
1293 5653 1452 5715 vulgo
1485 5653 1723 5701 διδάσκει
1756 5653 2087 5711 Λπόστολος.

628 5706 744 5846 284)
770 5708 870 5775 Mp.
904 5710 976 5762 ίσ.
1015 5708 1311 5779 δυνάμεων.
1361 5715 1498 5796 inira
1524 5721 1679 5782 vulgo
1723 5720 2113 5808 ἐχρημάτισεν.

652 5775 742 5846 85)
777 5777 942 5846 Vulgo
982 5797 1090 5840 om.
1137 5784 1249 5835 καί.
1284 5786 1428 5841 lnlra
1471 5786 1660 5846 θνητὸν
1716 5789 1737 5841 )
1838 5790 2116 5846 υπεοὸάλ·

2328 5653 2417 5714 86)
2452 5653 2524 5701 ῐσ.
2558 5653 2705 5716 αὐτῷ
2735 5653 2817 5704 vel
2847 5653 3016 5703 αὑτοῦ
3052 5653 3184 5717 Mp.,
3205 5653 3365 5719 vulgo
3396 5653 3600 5705 αὐτόνολ
3642 5688 3645 5693 ν

2302 5653 2414 5790 ίὸἹ)
2448 5718 2617 5787 Vulgo
2640 5719 2747 5779 δδε.
2772 5729 2827 5773 et
2856 5737 2975 5774 mox
3008 5721 3159 5790 παρά
3186 5737 3281 5775 σου
3298 5718 3609 5794 θιιιδόξασά
3633 5720 3813 5781 atad

2239 5799 2280 5846 Et
2303 5788 2470 5845 αὐτοῦ
2507 5791 2707 5846 πάντες
2736 5800 2791 5846 et
2816 5790 3007 5845 ἀκούει
3039 5790 3175 5846 Σαϐ.

652 5775 742 5848 85)
777 5777 942 5851 Vulgo
982 5797 1090 5840 om.
1137 5775 1249 5835 καί.
1284 5786 1428 5841 lnl'ra
1471 5775 1660 5857 θνητόν
1716 5775 1799 5841 )’”
1838 5775 2116 5861 ξ’)’περδάλὲ

2239 5799 2280 5847 τι
2303 5775 2470 5845 ἀύτοῦ
2507 5775 2707 5854 πάντες
2736 5775 2791 5846 ει
2816 5790 3007 5845 ἀκούει
3039 5775 3175 5846 Σάὄ.
