4032 6460
239 437 350 494 859

1208 437 1290 492 DE
1330 435 1868 493 ECCLESIASTICA
1907 435 2304 493 THEOLOGIA
2343 437 2477 496 LIB.
2518 434 2558 494 i.

239 553 425 620 λέγων
457 553 485 605 6
516 552 728 625 Πατήρο
769 552 875 608 Καὶ
907 550 1172 616 ἐδόξασα
1220 552 1319 604 καὶ
1348 551 1533 605 πάλιν
1570 551 1824 616 δοξάσω.

1939 555 2274 621 respondens
2315 553 2390 605 ait
2435 551 2599 606 Pater
2633 566 2648 604 τ
2678 548 2746 603 Et
2779 551 3079 621 gloriﬁcaoi
3123 560 3194 615 te,
3231 564 3276 606 et
3328 554 3519 608 iterum

240 647 360 699 Καὶ
401 648 480 701 ἔτι
529 649 730 719 μᾶλλον
769 648 869 719 τὴν
921 647 1220 700 ὑπόστασιν
1265 645 1429 699 αὐτοῦ
1468 647 1779 716 συνίστησιν
1807 649 1835 699 6

240 737 412 800 αὐτὸς
463 737 853 808 εὐαγγελιστὴς
885 739 1194 809 ἐπιφέρων,
1264 739 1513 808 Ἰωάννης
1563 740 1837 810 μαρτυρεῖ

239 829 376 899 περὶ
402 829 565 882 αὑτοῦ
592 829 686 881 καὶ
712 830 952 900 κέκραγε
994 830 1168 898 λέγων
1195 849 1208 861 ο
1239 825 1431 897 Οὗτος
1463 828 1540 901 ἦν
1572 836 1604 885 ό
1641 833 1832 885 ὀπίσω

238 932 362 981 μου
385 917 706 984 ἐρχόμενος
733 956 745 979 ,
777 918 845 984 ὃς
876 920 1216 988 ἔμπροσθέν
1250 937 1367 988 μου
1405 922 1652 990 γέγονεν
1673 962 1688 986 ,
1742 921 1833 976 ὅτι

240 1006 475 1075 πρῶτός
501 1027 618 1077 μου
661 1008 760 1082 ἦν,
799 1011 888 1064 ὅτι
937 1012 1006 1065 ἐκ
1053 1013 1161 1064 τοῦ
1209 1011 1602 1080 πληρώματος
1643 1014 1830 1066 αὐτοῦ

238 1098 416 1166 ἡμεῖς
447 1100 669 1168 πάντες
720 1104 1030 1173 ἐλάϐομεν.
1086 1103 1246 1156 ’Δλλὰ
1299 1104 1525 1171 βοῶντος
1564 1107 1829 1164 Ἰωάννου.

237 1190 326 1242 ὅτι
355 1191 570 1260 πρῶτος
613 1189 682 1264 ἦν
720 1194 884 1248 αὑτοῦ
911 1235 925 1258 ,
953 1195 1050 1247 οὐκ
1092 1195 1277 1248 ἀκούει
1319 1198 1346 1248 6
1375 1196 1491 1258 νέος
1520 1197 1827 1260 Σαϐελλιος,

239 1283 421 1344 καίτοι
450 1284 590 1336 κατὰ
611 1287 789 1356 σάρκα
811 1286 1018 1356 προῆγε
1065 1286 1158 1338 τοῦ
1186 1285 1402 1357 (88-89)
1441 1287 1539 1356 τὴν
1566 1289 1778 1356 γένεσιν
1803 1292 1830 1342 6

240 1372 554 1444 Βαπτιστὴς
600 1376 868 1444 Ἰωάννης.
903 1375 1026 1438 Πῶς
1060 1370 1152 1428 οὖν
1175 1376 1532 1446 μαρτύρεται,
1567 1378 1652 1430 ὃτι
1678 1377 1827 1448 πρῶ-

235 1480 334 1529 τος
363 1465 525 1518 αὑτοῦ
560 1461 628 1536 ἦν
651 1469 747 1537 ςτῇ
775 1467 873 1536 μὲν
903 1468 1010 1538 γὰρ
1035 1469 1177 1522 κατὰ
1207 1470 1382 1539 σάρκα
1415 1471 1578 1539 γεννή
1592 1487 1692 1529 σει.
1729 1469 1827 1522 οὐκ

236 1551 310 1627 ἦν
334 1558 550 1628 πρῶτος
577 1558 740 1611 αὑτοῦ
766 1563 791 1612 6
815 1560 1006 1630 Σωτήρ
1030 1576 1046 1590 ο
1081 1559 1281 1613 οὐκοῦν
1304 1561 1425 1613 καθ’
1459 1563 1486 1614 ὂ
1513 1561 1828 1632 Μονογενὴς

233 1641 308 1718 ἦν
337 1645 431 1699 τοῦ
453 1646 609 1711 Θεοῦ,
642 1647 853 1718 πρῶτος
884 1643 952 1719 ἦν
981 1649 1074 1702 τοῦ
1106 1651 1373 1706 Ἰωάννου.
1399 1651 1495 1717 καὶ
1519 1650 1826 1723 ἔμπροσθεν

237 1737 407 1791 αὑτοῦ
433 1739 675 1804 γέγονεν.
706 1734 831 1809 'Ap'
853 1735 945 1794 οὖν
965 1742 1272 1812 ἐπιδέχεται
1288 1743 1460 1796 ταῦτα
1483 1744 1576 1795 ἐπὶ
1601 1743 1690 1796 τὸν
1716 1746 1827 1797 Πα-

236 1827 377 1900 τέρα
401 1830 493 1882 καὶ
507 1827 640 1882 Θεὸν
663 1829 768 1882 τῶν
789 1816 924 1884 ὅλων
960 1833 1346 1904 ἀναφέρεσθαι,
1376 1834 1408 1906 ἢ
1443 1835 1536 1887 ἐπὶ
1569 1834 1824 1888 άνοῦσιον

1937 642 2330 713 gloriﬁcabo“.
2390 644 2496 698 Sed
2539 645 2718 699 adhuc
2757 644 2989 698 ulterius
3042 645 3377 715 evangelista
3431 647 3522 702 ille

1935 734 2078 788 idem
2109 735 2177 789 de
2207 735 2485 804 hypostasi
2513 735 2685 803 ipsius
2710 735 2962 804 perhibet
2993 737 3389 804 testimonium,
3425 739 3518 792 ubi

1935 825 2169 881 Joannes
2218 826 2461 896 Baptista
2512 827 2880 882 testimonium
2915 827 2962 882 ei
2994 828 3289 898 perhibuit,
3314 839 3370 885 et
3401 830 3519 885 cla-

1934 921 2104 975 mavit
2137 921 2321 976 dicens
2356 921 2502 975 :Hic
2552 931 2665 974 erat
2708 922 2798 990 qui
2827 929 2942 989 post
2984 938 3067 975 me
3112 923 3346 987 ueniens,
3394 934 3518 977 ante

1934 1032 2015 1068 me
2047 1015 2219 1083 factus
2251 1027 2348 1079 est,
2381 1016 2504 1085 quia
2538 1017 2686 1083 prior
2715 1031 2796 1067 me
2841 1026 2976 1080 erat,
3009 1017 3135 1086 quia
3177 1017 3242 1070 de
3285 1017 3516 1084 plenitu-

1932 1113 2056 1165 diue
2084 1112 2198 1183 ejus
2227 1128 2402 1165 omnes
2432 1111 2725 1179 accepimus
2742 1112 2809 1167 ⁸⁸.
2855 1112 2962 1167 Sed
2996 1112 3321 1166 clamantem
3346 1110 3482 1166 Joan
3501 1140 3515 1152 ι

1933 1219 2056 1258 nem
2088 1204 2230 1273 quod
2281 1205 2431 1272 prior
2469 1204 2587 1272 ipso
2629 1201 2811 1267 fuerit,
2841 1203 3113 1260 Sabellius
3173 1220 3280 1258 non
3340 1206 3514 1270 audit,

1933 1310 2208 1367 utcunque
2250 1299 2317 1351 de
2350 1298 2705 1366 generatione
2743 1289 2884 1366 apud
2918 1296 3135 1350 Patrem
3163 1295 3407 1366 Baptista
3433 1299 3517 1353 in-

1931 1392 2192 1445 stituebat
2247 1404 2572 1445 sermonem.
2626 1389 2911 1457 Quomodo
2956 1390 3120 1456 igitur
3165 1389 3215 1444 ei
3266 1389 3516 1443 testimo-

1931 1485 2078 1538 nium
2108 1484 2375 1551 perhibet,
2413 1483 2560 1552 quod
2589 1492 2716 1538 ante
2755 1482 2932 1551 ipsum
2978 1479 3140 1534 erat?
3167 1481 3336 1536 Certe
3365 1481 3512 1549 quod

1929 1583 2142 1644 spectat
2195 1574 2378 1628 carnis
2422 1573 2868 1644 generationem,
2909 1570 3173 1626 Servator
3235 1585 3342 1624 non
3393 1577 3516 1624 erat

1929 1675 2056 1718 ante
2078 1681 2199 1720 eum
2231 1681 2244 1717 :
2277 1668 2591 1720 necessario
2618 1665 2728 1719 vult
2767 1666 3064 1720 secundum
3095 1678 3240 1730 eam,
3271 1676 3376 1731 qua
3416 1661 3514 1716 Dei

1929 1757 2128 1811 dicitur
2164 1755 2506 1828 Unigenitus.
2550 1756 2861 1812 Secundum
2913 1757 3058 1812 hanc
3115 1760 3266 1824 prior
3305 1753 3515 1810 Joanne

1931 1842 2054 1906 fuit,
2088 1853 2144 1898 et
2171 1854 2298 1898 ante
2333 1859 2456 1899 eum
2520 1843 2875 1897 nascebatur.
2917 1841 3239 1896 Patieturne
3289 1842 3392 1895 ista
3444 1842 3513 1894 ad

239 1921 336 1973 καὶ
349 1919 717 1973 ἀνυπόστατον
733 1923 790 1974 ἐν
820 1921 899 1991 τῷ
929 1921 1047 1991 Θεῷ
1084 1923 1254 1990 Λόγον
1267 1923 1355 1977 τὸν
1393 1923 1552 1976 αὑτὸν
1589 1924 1718 1977 ὄντα
1749 1924 1824 1994 τῷ

1928 1925 2141 1982 Patrem
2175 1937 2230 1982 et
2260 1928 2638 1983 universorum
2667 1927 2838 1981 Deum
2870 1927 3088 1991 referri,
3121 1941 3188 1980 an
3221 1927 3401 1995 potius
3438 1926 3509 1978 ad

238 2011 395 2084 Θεῷς
444 2013 555 2066 Καὶ
585 2013 701 2076 πῶς
739 2013 804 2069 ἂν
832 2015 917 2085 εἴη
940 2015 1160 2068 δυνατὸν
1192 2016 1318 2086 περὶ
1350 2016 1444 2069 τοῦ
1475 2016 1550 2087 μὴ
1583 2017 1826 2086 ὑφεστῶ-

237 2120 332 2167 τος
358 2103 517 2172 λόγου
534 2104 787 2173 λέγεσθαι
808 2107 886 2170 τὸ,
915 2105 1294 2175 Ἐμπροσθέν
1315 2125 1434 2177 μου
1455 2107 1662 2177 γέγονε
1687 2125 1705 2169 ,'
1731 2108 1826 2172 Τίς

237 2193 287 2246 δ’
317 2194 460 2248 οὕτω
486 2195 700 2266 μανείη,
735 2197 809 2262 ὼς
865 2198 1084 2268 νομίσαι
1118 2197 1370 2269 Ἰωάννην
1401 2197 1492 2250 τὸν
1515 2198 1825 2270 Βαπτιστὴν

237 2303 308 2338 πε
315 2287 370 2356 ρί
386 2286 480 2339 τοῦ
497 2287 633 2341 Θεοῦ
650 2288 756 2342 τῶν
776 2289 912 2342 ὅλων
929 2289 1206 2360 εἰρηκέναι
1221 2289 1302 2354 τὸ,
1313 2291 1694 2359 Ἐμπροσθέν
1706 2308 1826 2361 μου

237 2376 448 2446 γέγονε
468 2418 482 2441 ,
515 2381 610 2432 καὶ
655 2382 738 2434 ὅτι
794 2381 1023 2450 πρῶτός
1044 2399 1164 2451 μου
1188 2377 1301 2452 ἦν;
1329 2382 1535 2435 Οὐκοῦν
1558 2383 1825 2438 δέδεικται

237 2469 328 2522 διὰ
371 2471 575 2524 τούτων
632 2474 999 2544 προῦπάρχων
1046 2474 1144 2543 τῆς
1196 2474 1438 2527 Ἰωάννου
1491 2476 1753 2544 γενέσεως
1797 2478 1826 2530 6

238 2562 682 2634 θεολογούμενος,
719 2566 812 2618 καὶ
870 2565 1176 2636 ἔμπροσθεν
1221 2566 1385 2620 αὑτοῦ
1430 2567 1668 2636 γεγονὼς
1711 2567 1824 2634 (90)

241 2655 473 2726 συνέστη
495 2674 554 2710 τε
585 2659 647 2710 οὺ
685 2659 843 2728 μόνον
881 2659 1052 2727 Λόγος
1071 2701 1084 2726 ,
1117 2659 1251 2712 ἀλλὰ
1288 2661 1379 2712 καὶ
1407 2659 1538 2724 Θεὸς
1564 2661 1656 2714 καὶ
1687 2660 1823 2728 φῶς,

237 2749 336 2802 καὶ
359 2749 690 2820 Μονογεονὴς,
724 2750 829 2822 πρὸ
862 2750 961 2821 τῆς
1001 2751 1266 2822 ἐνσάρκου
1311 2754 1611 2823 παρουσίας
1653 2753 1827 2826 ὑπάρ-

237 2858 350 2910 χων
379 2857 438 2893 τε
466 2841 560 2894 καὶ
584 2841 989 2914 ὠνομασμένος.
1018 2844 1234 2897 Τούτων
1267 2843 1322 2897 δέ
1357 2845 1520 2898 πόθεν
1557 2847 1592 2907 ἠ
1626 2846 1825 2914 γνῶσις

237 2931 316 3003 τῷ
349 2933 729 3004 εὐαγγελιστῇ,
760 2935 918 2996 αὐτὸς
956 2934 1183 3004 δηλώσει
1207 2934 1378 3002 λέγων
1411 2934 1568 3005 ἑξῆς,
1601 2939 1628 2988 6
1653 2937 1826 2990 Μονο-

237 3025 405 3095 γενὴς
439 3025 565 3089 Υἱὸς
598 3028 630 3078 6
649 3025 724 3078 ὢν
758 3028 837 3088 εἰς
858 3028 948 3079 τὸν
976 3027 1175 3079 κόλπον
1198 3027 1291 3081 τοῦ
1318 3027 1533 3098 Πατρὸς
1553 3067 1568 3091 ,
1618 3029 1826 3090 ἐκεῖνος

238 3115 566 3186 ἐξηγήσατο.
623 3118 785 3189 Ὁρᾷς
837 3116 988 3188 παρὰ
1039 3118 1182 3181 τίνος
1227 3117 1511 3188 μεμάθηκε
1557 3117 1650 3171 τοῦ
1697 3119 1823 3171 Υῐοῦ

239 3209 341 3278 τὴν
368 3206 664 3276 θεολογίαν.

1930 2022 2156 2072 verbum
2204 2019 2632 2074 involuntarium
2674 2029 2729 2073 et
2768 2019 3068 2073 inexistens
3105 2019 3160 2072 in
3188 2018 3334 2084 Deo,
3367 2019 3512 2087 quod

1929 2126 2050 2165 cum
2069 2109 2179 2166 Deo
2210 2112 2348 2166 idem
2372 2112 2443 2166 sit
2463 2112 2486 2164 τ
2507 2111 2612 2166 Sed
2632 2112 2696 2168 de
2722 2112 2887 2166 verbo
2912 2128 3018 2166 non
3047 2111 3400 2175 subsistente,
3424 2122 3511 2164 est

1929 2200 2263 2271 impossibile
2284 2210 2346 2256 ut
2373 2202 2588 2256 dicatur
2628 2200 2763 2256 illud
2797 2217 2811 2255 :
2850 2203 2988 2256 Ante
3030 2217 3113 2256 me
3153 2199 3349 2270 fuerat.
3374 2199 3510 2266 Quis

1929 2297 2066 2348 adeo
2098 2293 2322 2348 insanus
2354 2303 2457 2358 est,
2491 2304 2550 2348 ut
2580 2293 2836 2362 opinetur
2862 2292 3164 2362 Baptistam
3199 2295 3264 2348 de
3285 2293 3508 2348 univer-

1930 2400 2112 2443 sorum
2158 2386 2270 2441 Deo
2322 2386 2512 2441 isthaec
2570 2400 2910 2452 usurpasse:
2942 2385 3076 2438 Erat
3117 2395 3239 2440 ante
3296 2401 3398 2448 me,
3453 2397 3512 2441 et

1928 2481 2076 2548 prius
2100 2495 2178 2531 me
2224 2480 2432 2548 genitus
2455 2488 2530 2532 est
2554 2478 2580 2531 Ρ
2617 2483 2675 2541 vlt
2707 2477 2846 2532 liinc
2876 2478 3044 2548 igitur
3071 2477 3508 2532 demonstratum

1929 2582 2038 2636 est,
2070 2586 2194 2627 eum
2243 2572 2311 2625 de
2359 2570 2518 2636 cujus
2557 2569 2847 2624 divinitate
2880 2570 3082 2640 agitur,
3112 2577 3240 2623 ante
3265 2569 3508 2639 genitum

1927 2663 2191 2720 Joannem
2246 2662 2594 2718 substitisse:
2630 2669 2685 2715 et
2734 2662 2886 2731 prius
2925 2659 3016 2715 illo
3064 2661 3304 2731 genitum
3336 2661 3510 2716 exstio

1929 2753 2110 2808 tisse:
2151 2753 2242 2823 qui
2295 2768 2400 2808 non
2440 2752 2612 2807 solum
2664 2753 2822 2806 modo
2877 2750 3143 2817 Verbum,
3200 2752 3297 2808 sed
3344 2752 3508 2816 Deus,

1929 2846 2045 2909 lux,
2079 2845 2426 2916 Unigenitus,
2456 2854 2584 2900 ante
2612 2844 2906 2899 adventum
2933 2843 2987 2897 in
3017 2857 3185 2898 carne
3210 2852 3265 2898 et
3309 2852 3427 2899 erat
3451 2852 3511 2898 et

1927 2938 2232 2991 dicebatur.
2296 2937 2450 2992 Unde
2507 2952 2638 2990 vero
2692 2936 2808 2990 hac
2859 2935 3101 3004 cognitio
3157 2935 3510 3004 evangelista

1927 3028 2243 3092 accesserit,
2263 3028 2376 3098 ipse
2395 3044 2494 3083 nos
2521 3028 2736 3083 docebit
2763 3027 2816 3081 in
2841 3026 3224 3094 sequentibus,
3247 3025 3510 3095 Unigeni-

1929 3127 2015 3171 tus
2055 3117 2248 3182 Filius,
2291 3119 2385 3187 qui
2416 3130 2536 3173 erat
2575 3119 2626 3172 in
2667 3119 2789 3173 sinu
2825 3117 3031 3180 Patris,
3056 3119 3174 3185 ipse
3201 3116 3504 3172 enarravit.

1932 3207 2092 3262 Vides
2118 3208 2278 3264 Verbi
2311 3209 2612 3263 divinitatis
2651 3209 2891 3264 rationes
2917 3206 3059 3262 unde
3082 3205 3294 3262 didicit.

309 3298 372 3352 ε’.
401 3302 476 3352 Οὐ
505 3275 612 3370 γὰρ
645 3301 849 3371 Μωσῆς
873 3316 1034 3370 φησιν
1060 3299 1194 3370 (9i),
1243 3301 1364 3354 οὐδὲ
1407 3302 1700 3373 προφητῶν
1742 3321 1824 3367 τις

1998 3300 2050 3354 5.
2092 3299 2210 3354 Non
2258 3300 2471 3371 Moyses
2519 3301 2614 3367 ait,
2653 3301 2747 3356 sed
2792 3314 2894 3355 nec
2934 3295 3318 3370 prophetarum
3360 3298 3512 3369 quis-

237 3389 348 3441 τῶν
380 3390 518 3459 μετὰ
544 3389 747 3442 Μωσέα
768 3405 780 3419 ·
812 3388 932 3440 οὐδέ
957 3405 1020 3456 γε
1041 3389 1290 3456 ἀγγέλων
1313 3407 1418 3454 τις,
1447 3391 1479 3460 ἢ
1508 3391 1614 3443 τῶν
1649 3409 1829 3463 κρειτο

238 3478 409 3532 τόνων
455 3479 739 3548 δυνάμεων
759 3517 773 3541 ,
806 3477 918 3531 ἀλλ’
942 3478 1103 3542 αὐτὸς
1137 3480 1164 3531 6
1215 3482 1507 3551 μονογενὴς
1536 3481 1661 3543 Υἱὸς
1685 3483 1826 3536 τοῦτ’

238 3570 563 3641 ἐξηγήσατο.
590 3570 795 3624 Οὐκοῦν
839 3573 868 3624 6
907 3572 1004 3642 μὲν
1046 3571 1274 3642 ἀόρατος
1315 3572 1446 3636 Θεὸς
1489 3574 1588 3626 οὐκ
1633 3573 1828 3646 ἐξηγή-

241 3679 408 3726 σατο,
447 3665 476 3716 6
522 3663 578 3715 δὲ
629 3662 920 3734 μονογενὴς
962 3662 1087 3725 Υἱὸς
1134 3664 1326 3734 ὁρατὸς
1364 3663 1684 3735 γενόμενος,
1729 3667 1827 3737 τὴν

239 3755 373 3826 περὶ
395 3755 486 3807 τοῦ
517 3754 730 3824 Πατρὸς
761 3753 1067 3827 ἀνθρώποις
1093 3755 1352 3826 ἐξήγησιν
1381 3756 1692 3826 ἐποιήσατο,
1721 3758 1828 3810 ἐτε-

242 3869 335 3924 ρος
380 3850 454 3904 ὣν
497 3850 697 3922 δηλαδὴ
745 3851 894 3921 παρὰ
921 3851 1011 3903 τὸν
1063 3852 1294 3921 ἀόρατον
1347 3851 1512 3906 Θεόν·
1558 3853 1694 3906 ἀλλὰ
1733 3853 1826 3906 καὶ

241 3943 613 4015 προῦπάρχων
641 3939 732 4014 ἦν,
767 3945 868 3995 οὐκ
911 3945 969 3996 ἐν
995 3945 1062 4014 τῇ
1111 3943 1318 4015 διανοίᾳ
1349 3943 1440 3996 τοῦ
1468 3944 1680 4016 Πατρὸς
1703 3983 1718 4008 ,
1751 3946 1826 4008 ὡς

241 4033 418 4085 ἐδόκει
447 4033 771 4103 Μαρκέλλῳ,
803 4033 917 4086 ἀλλ’
943 4034 1000 4086 ἐν
1030 4036 1143 4097 τοῖς
1165 4033 1383 4096 κόλποις
1419 4033 1610 4099 αὑτοῦ,
1637 4030 1826 4107 ὥσπερ

244 4125 359 4193 (92)
385 4125 449 4194 δὴ
477 4126 510 4193 ἡ
521 4127 610 4194 μίν
639 4124 967 4196 ἐπήγγελται
990 4125 1020 4177 6
1053 4124 1243 4196 Σωτὴρ
1266 4126 1345 4189 είς
1366 4125 1599 4190 κόλπους
1631 4126 1826 4198 ’Δόρασ

243 4218 325 4286 ἀμ
352 4218 448 4268 καὶ
485 4215 668 4269 Ἰσαὰκ
695 4218 786 4269 καί
822 4215 1015 4269 Ἰακὼό
1043 4215 1540 4278 διαναπαύσασθαι,
1566 4216 1709 4270 οὕτω
1731 4219 1824 4270 καὶ

241 4312 269 4360 6
305 4309 432 4371 Υἱὸς
459 4312 538 4371 εὶς
559 4309 648 4362 τὸν
678 4309 875 4361 κόλπον
903 4303 970 4379 ἦν
1001 4307 1094 4360 τοῦ
1121 4309 1334 4379 Πατρὸς
1356 4348 1372 4374 ,
1402 4309 1499 4379 οὐχ
1545 4307 1628 4372 εἷς
1673 4311 1766 4362 καὶ⁵
1796 4312 1824 4363 6

241 4401 404 4463 αὐτὸς
445 4399 520 4453 ὢν
548 4400 625 4470 τῷ
663 4401 856 4471 Πατρι,
887 4399 1009 4451 ἐπεὶ
1041 4399 1175 4469 μηδὲ
1206 4402 1366 4471 ἡμεῖς
1393 4401 1547 4454 αὐτοὶ
1587 4401 1822 4471 ἐσόμεθα

241 4495 354 4556 τοῖς
379 4493 556 4561 ἁγίοις
597 4493 887 4562 πατράσιν.
933 4491 1092 4543 Ἀλλὰ
1119 4491 1226 4562 γὰρ
1253 4491 1346 4544 ἐπὶ
1385 4492 1598 4557 τούτοις
1644 4495 1820 4564 τήρει,

242 4587 390 4648 ὃπως
414 4584 550 4655 μετὰ
567 4585 625 4637 τὸ
640 4582 785 4647 ἅπαξ
805 4583 1066 4655 ὀνομάσαι
1085 4585 1255 4652 Λόγον
1280 4583 1374 4637 καὶ
1389 4582 1519 4637 Θεὸν
1542 4585 1632 4638 τὸν
1658 4586 1819 4639 αὑτὸν

242 4678 508 4739 ἀνειπεῖν,
543 4677 635 4729 καὶ
659 4677 772 4746 φῶς
795 4671 1161 4743 ἀποκαλέσαι,
1193 4674 1289 4728 καὶ
1318 4674 1598 4746 Μονογενῆ
1627 4675 1814 4745 φάναι,

245 4771 338 4822 καὶ
361 4769 490 4821 Υἱὸν
516 4767 648 4821 Θεοῦ
691 4767 1053 4839 ὁμολογῆσαι,
1084 4770 1183 4822 οὐκ
1222 4768 1300 4822 ἐτι
1330 4767 1501 4835 Λόγον
1539 4769 1814 4840 ὀνομάζει,

245 4862 378 4914 ἀλλὰ
412 4861 505 4912 καὶ
537 4860 698 4913 αὑτὸν
727 4859 910 4913 λοιπὸν
949 4863 1150 4931 ἱστορεί
1199 4862 1288 4914 τὸν
1321 4862 1584 4932 Σωτῆρα,
1620 4861 1680 4914 οὐ
1711 4861 1816 4914 Λό-

244 4971 338 5021 γον
366 4952 560 5004 ἐαυτὸν
583 4950 959 5005 ἀποκαλοῦντα
981 4989 996 5014 ,
1044 4952 1180 5006 ἀλλὰ
1214 4954 1341 5006 Υίὸν
1371 4955 1465 5007 καὶ
1512 4953 1813 5023 Μονογενῆ,

244 5046 334 5098 καὶ
366 5044 501 5112 φῶς,
536 5045 630 5096 καὶ
654 5042 837 5113 ζωὴν,
881 5045 974 5095 καὶ
1000 5043 1290 5113 ἀλήθειαν,
1324 5045 1419 5098 καὶ
1442 5042 1579 5098 ἄλλα
1616 5045 1815 5116 μυρία·

243 5139 432 5208 ὥσπερ
453 5133 547 5190 οὖν
571 5135 801 5190 ἀκοῦσαι
834 5137 1094 5210 πάρεστιν
1115 5137 1280 5191 αὑτοῦ
1307 5130 1407 5192 ὧδέ
1435 5154 1512 5208 πη
1535 5137 1816 5190 διδάσκον-

243 5245 332 5290 τος
353 5245 367 5258 ο
406 5228 568 5280 Οὕτω
589 5227 697 5296 γὰρ
722 5225 1038 5294 ἠγάπησεν
1053 5230 1084 5282 ό
1105 5227 1246 5293 Θεὸς
1270 5226 1377 5281 τὸν
1387 5229 1639 5296 κόσμον,
1660 5225 1816 5280 ὥστε

245 5321 352 5373 τὸν
395 5317 531 5374 Υὶόν
553 5317 737 5372 αὑτοῦ
779 5317 884 5372 τόν
903 5317 1201 5388 μονογενῆ
1240 5317 1464 5372 ἔδωκεν
1487 5357 1502 5380 ,
1537 5317 1640 5370 ἵνα
1697 5314 1816 5382 πᾶς

1928 3393 2074 3461 piam
2107 3400 2230 3461 post
2271 3391 2511 3462 Moysem
2538 3407 2553 3445 :
2578 3406 2684 3447 non
2716 3406 2746 3445 e
2790 3403 3018 3445 numero
3047 3387 3387 3458 angelorum,
3415 3399 3512 3442 aut

1930 3484 2243 3540 sublimium
2274 3484 2472 3553 aliquis
2498 3491 2827 3553 potestatum
2861 3500 2875 3536 :
2901 3482 2995 3537 sed
3037 3481 3152 3550 ipse
3179 3479 3352 3536 Filius
3379 3482 3508 3536 uni-

1928 3578 2166 3644 genitus,
2209 3577 2311 3631 hoc
2347 3577 2664 3631 enarrabat.
2722 3573 3049 3644 Unigenitus
3083 3571 3277 3636 Filius,
3324 3571 3507 3629 factus

1929 3667 2182 3731 visibilis,
2219 3669 2619 3721 enarrationem
2665 3666 2732 3721 de
2768 3665 2930 3720 Patre
2961 3664 3105 3736 apud
3149 3665 3397 3720 homines
3421 3667 3509 3720 in-

1929 3760 2190 3814 stituebat
2213 3760 2380 3823 alius,
2403 3773 2595 3828 nempe
2620 3759 2920 3824 euistens,
2961 3758 3029 3813 ab
3058 3757 3314 3812 invisibili
3355 3756 3503 3812 Deo:

1927 3851 2021 3904 sed
2046 3860 2101 3904 et
2131 3850 2548 3917 praexsistebat
2583 3848 2674 3903 ille
2709 3865 2842 3914 non,
2870 3849 3016 3918 quod
3045 3847 3299 3902 Marcello
3329 3849 3506 3903 visum

1926 3949 2030 4005 est,
2071 3940 2124 3993 in
2175 3951 2356 3996 mente
2396 3939 2609 4005 Patris;
2636 3940 2732 3995 sed
2775 3941 2830 3994 in
2875 3941 2999 3994 sinu
3041 3937 3200 4008 ejus:
3232 3941 3508 4009 quomodo

1926 4031 2180 4096 promisit
2232 4031 2491 4086 Servator
2545 4031 2724 4096 nobis,
2783 4045 2882 4087 nos
2934 4031 2990 4085 in
3030 4032 3153 4086 sinu
3201 4032 3503 4098 Abraham,

1926 4120 2096 4188 Isaac,
2129 4129 2184 4176 et
2213 4118 2384 4177 Jacob
2419 4121 2701 4192 quieturos
2735 4137 2750 4177 :
2784 4123 2858 4177 ita
2893 4131 2948 4178 et
2991 4121 3110 4192 ipse
3145 4131 3268 4176 erat
3300 4121 3353 4177 in
3382 4122 3504 4178 sinu

1926 4213 2125 4279 Patris,
2153 4228 2262 4270 non
2290 4231 2431 4270 unus
2468 4215 2719 4284 idemque
2744 4230 2865 4268 cum
2897 4229 2997 4271 suo
3023 4213 3206 4268 Patre.
3234 4213 3366 4268 Nam
3405 4230 3506 4271 nec

1926 4321 2025 4360 nos
2055 4305 2220 4361 futuri
2256 4320 2448 4361 sumus
2477 4307 2640 4361 iidem
2675 4322 2797 4361 cum
2839 4307 3045 4361 sanctis
3090 4306 3196 4362 illis
3235 4296 3502 4376 patribus.

1925 4398 2033 4453 Sed
2065 4409 2120 4454 et
2162 4399 2292 4453 illud
2337 4399 2560 4469 insuper
2590 4399 2992 4454 observandum
3025 4400 3193 4463 venit,
3236 4401 3382 4469 quod
3415 4401 3506 4455 ubi

1924 4492 2091 4547 semel
2109 4492 2339 4546 Verbum
2360 4493 2761 4554 nominaverant,
2791 4491 3038 4547 eumdem
3065 4492 3231 4546 etiam
3257 4501 3312 4545 et
3336 4491 3504 4547 Deum

1923 4592 1979 4637 et
2007 4582 2182 4638 lucem
2219 4583 2377 4648 dixit,
2403 4592 2458 4638 et
2486 4582 2830 4652 Unigenitum
2863 4582 3175 4654 appellavit,
3212 4593 3270 4637 et
3309 4581 3506 4637 Filium

1924 4675 2020 4730 Dei
2050 4676 2359 4729 conﬁtetur.
2395 4672 2506 4730 Nec
2563 4656 2819 4744 deinceps
2853 4675 3006 4729 illum
3055 4671 3294 4730 Verbum
3343 4689 3503 4729 usur-

1924 4779 2037 4839 pat,
2071 4771 2166 4824 sed
2194 4779 2248 4824 et
2280 4767 2623 4823 Servatorem
2651 4777 3062 4831 commemorat,
3083 4767 3304 4836 insuper
3329 4766 3504 4834 ipsum

1925 4870 1985 4912 se
2015 4856 2287 4914 dicentem
2327 4873 2436 4913 non
2466 4858 2725 4922 Verbum,
2760 4857 2855 4910 sed
2895 4854 3092 4909 Filium
3139 4856 3502 4924 unigenitum,

1924 4949 2122 5016 lucem,
2160 4951 2348 5014 vitam,
2393 4949 2701 5011 veritatem,
2736 4957 2792 5002 et
2819 4955 3077 5001 sexcenta
3114 4949 3333 5016 quidem
3370 4948 3497 5002 alia.

1919 5042 2186 5096 Nimirum
2217 5044 2406 5097 audire
2435 5043 2562 5098 licet
2595 5042 2770 5111 ipsum
2812 5043 2893 5096 sic
2927 5042 3212 5095 docentem
3244 5058 3259 5094 :
3293 5040 3382 5094 Sic
3420 5044 3503 5094 di-

1921 5133 2050 5186 lexit
2096 5132 2237 5186 Deus
2282 5136 2558 5196 mundum,
2607 5142 2662 5184 ut
2707 5129 2910 5183 Filium
2957 5147 3112 5183 suum
3176 5131 3502 5199 unigenitum

1923 5231 2094 5289 daret,
2125 5235 2181 5278 ut
2209 5228 2378 5278 omnis
2407 5226 2497 5294 qui
2530 5224 2702 5277 credet
2750 5225 2806 5277 in
2839 5239 2955 5276 eum
2993 5239 3096 5275 non
3132 5236 3306 5287 pereat
3334 5225 3400 5276 ⁸⁸.
3437 5225 3502 5277 Ει

1923 5319 2158 5373 iterum:
2188 5317 2371 5388 Neque
2419 5321 2558 5372 enim
2604 5320 2747 5373 misit
2809 5319 2950 5372 Deus
3005 5316 3206 5372 Filium
3258 5334 3411 5371 suum
3448 5321 3505 5371 in

319 5508 380 5568 ᾖ(
405 5501 507 5557 Ed.
527 5499 724 5569 Parim,
758 5515 881 5573 pag.
906 5497 997 5556 86.
1069 5499 1118 5531 “
1148 5498 1305 5555 Joan.
1337 5513 1434 5566 xit,
1461 5497 1552 5553 28.
1609 5498 1653 5530 ⁸⁸
1679 5496 1824 5552 Joan.

1942 5496 2028 5563 15,
2065 5499 2146 5552 16.
2223 5499 2267 5530 ⁸⁸
2299 5495 2687 5562 Joan.m,16.

320 5743 534 5816 (88-89)
564 5742 728 5816 Vulgo
753 5745 959 5815 πατρός
981 5753 1034 5800 et
1066 5742 1201 5799 infra
1226 5740 1439 5812 πρῶτος
1472 5741 1635 5794 αὐτοῦ
1657 5736 1725 5813 ἦν
1761 5750 1817 5796 et

248 5819 338 5870 ἐπὶ
359 5815 611 5870 ἀκούσιον
637 5815 691 5869 et
711 5816 956 5886 νομίσας.

317 5888 425 5958 (90)
455 5882 793 5956 Συνέστηκεν
821 5887 880 5940 οὺ
915 5886 1074 5957 vulgo
1107 5895 1160 5941 et
1187 5886 1281 5941 τοῦ
1314 5885 1442 5940 Υἱοῦ
1473 5882 1776 5952 Θεολογιαν.

1991 5736 2086 5807 (9i
2113 5735 2271 5807 ,Ἀλλ’
2295 5736 2440 5790 οὐδέ
2484 5735 2810 5805 προφητῶν
2867 5735 3130 5807 etc."th
3171 5744 3254 5794 est
3285 5749 3414 5792 vera
3435 5736 3500 5792 Io

1923 5806 2395 5879 ctio.7M._-_-A(Bgo
2414 5810 2574 5865 codd.
2595 5818 2816 5865 secutus
2842 5823 2959 5865 sum
2987 5806 3006 5879 )

1991 5878 2102 5950 (92)
2145 5877 2314 5948 Vulgo
2344 5877 2420 5932 δέ.

3415 436 3522 492 8ῖο
3607 490 3633 508 ,
