4032 6434
2664 160 2677 197 l

560 396 658 453 8⁵11
1299 387 1571 450 EUSEBII
1607 381 2087 450 CESARIENSIS
2122 391 2274 451 OPP.
2318 388 2501 448 PARS
2533 389 2622 447 IV.
2660 420 2730 432 —
2765 389 3185 450 DOGMATICA.
3710 399 3811 457 872

561 510 840 574 mundum,
878 514 934 559 ut
955 505 1158 575 judicet
1192 507 1449 559 mundum
1467 506 1535 560 "’.
1576 504 1640 560 Et
1670 507 1829 559 tertio
1855 522 1868 558 :
1898 505 2002 571 Qui
2029 521 2119 559 non

2234 506 2269 557 ό
2325 505 2628 560 πιστεύων
2666 508 2755 573 είς
2782 505 2972 561 αὐτόν
3006 506 3094 576 μὴ
3114 507 3431 576 ἀπόληται.
3463 509 3578 564 Kal
3609 511 3776 566 πάλιν
3793 530 3806 542 ·

558 599 749 662 credit,
772 596 889 665 jam
920 595 1196 664 judicatus
1243 606 1341 659 est,
1374 596 1499 665 quia
1528 610 1633 648 non
1664 594 1834 648 credit
1857 596 1912 648 in
1941 609 2119 648 nomen

2226 598 2310 651 Οὐ
2359 598 2470 666 γὰρ
2528 597 2890 653 ἀπέστειλεν
2934 601 2969 653 ό
3031 598 3178 665 Θεὸς
3226 600 3336 653 τὸν
3388 600 3527 655 Υίόν
3569 604 3662 668 είς
3708 603 3813 658 τὸν

559 686 819 760 unigeniti
868 682 1001 738 Filii
1031 683 1126 740 Dei
1148 685 1215 739 ⁸⁸.
1248 683 1325 739 ita
1365 685 1468 739 hoc
1497 684 1550 737 in
1576 684 1691 738 loco
1721 682 1915 738 iterum
1944 698 1959 738 :
1988 683 2119 738 Deut

2229 690 2482 757 κόσμον,
2516 689 2617 745 ἵνα
2643 691 2818 761 κρίνῃ
2838 690 2945 745 τὸν
2973 690 3226 760 κόσμον.
3264 692 3375 746 Kal.
3405 689 3565 758 αὖθις
3585 714 3601 730 ·
3645 695 3702 748 '0
3747 696 3814 751 es

559 776 703 831 dedit
732 783 781 830 et
798 776 941 829 misit
964 773 1013 827 F
1015 774 1387 839 ilium,muudi
1409 772 1780 837 Servatorem;
1810 784 1864 828 et
1886 775 1979 844 qui
2013 776 2129 829 mit-

562 869 798 935 tebatur,
821 876 941 923 erat
967 868 1187 923 omnino
1208 866 1344 921 alius
1368 882 1397 920 a
1419 868 1684 923 mittente.
1714 865 1977 933 Quocirca
1997 868 2127 922 mihi

558 959 777 1015 videtur
799 958 1121 1015 Servatoriu
1146 957 1517 1026 sequentibus,
1545 966 1800 1028 tanquam
1819 956 2127 1013 Marcellum

558 1058 617 1106 et
656 1060 882 1107 caeteros
910 1052 1002 1119 qui
1059 1058 1267 1104 natura:
1285 1046 1404 1105 Filii
1450 1049 1709 1115 invident,
1753 1051 2130 1120 pronuntiasse

559 1145 705 1216 quod
730 1145 986 1215 scriptum
1006 1152 1089 1199 est
1112 1160 1124 1197 ι
1142 1141 1194 1196 Ν
1199 1159 1330 1198 anne
1352 1145 1407 1199 in
1430 1144 1538 1212 leqe
1560 1156 1728 1200 uestra
1746 1146 1997 1212 scriptum
2017 1155 2125 1200 est:

568 1242 628 1303 ﬁt
664 1237 774 1308 Ego
818 1238 952 1304 dixi,
985 1237 1059 1290 dii
1096 1237 1237 1291 estis.
1281 1234 1387 1291 Eos
1429 1238 1568 1291 dixit
1609 1237 1753 1301 deos,
1789 1246 1856 1290 ad
1885 1253 2014 1305 quos
2045 1238 2129 1306 fa-

560 1340 701 1384 ctum
720 1338 796 1383 est
820 1330 1028 1383 verbum
1054 1328 1148 1383 Dei
1166 1342 1358 1398 meque
1380 1329 1565 1398 poterit
1591 1328 1805 1383 dissolvi
1826 1327 2124 1397 Scriptura.

560 1418 725 1486 Quem
770 1418 935 1472 Pater
966 1418 1333 1486 sanctiﬁcanit,
1367 1429 1415 1473 et
1464 1421 1519 1472 in
1562 1421 1812 1473 mundum
1847 1422 2009 1484 misit,
2036 1437 2127 1474 vos

558 1511 733 1564 dicitis
761 1526 780 1564 :
805 1512 956 1575 Quod
983 1510 1329 1579 blasphemas,
1357 1510 1601 1579 quoniam
1628 1511 1763 1577 dixi,
1783 1512 1919 1579 quod
1950 1508 2127 1566 Filius

559 1602 657 1657 Dei
683 1619 797 1657 sum
817 1602 885 1655 δ’.
910 1602 1145 1656 Audisne
1184 1602 1271 1655 hic
1317 1601 1526 1670 quoties
1564 1616 1623 1656 se
1656 1601 1910 1657 Servator
1957 1603 2128 1658 nomio

558 1702 651 1748 net
688 1707 797 1747 non
833 1690 1087 1756 Verbum,
1116 1691 1209 1744 sed
1249 1688 1445 1744 Filium
1490 1699 1545 1743 et
1572 1688 1916 1760 Unigenitum
1948 1708 1960 1743 :
1994 1707 2126 1759 qua-

559 1783 683 1839 liter
729 1788 851 1837 s'ese
886 1796 916 1834 a
950 1779 1110 1835 Patre
1164 1780 1387 1834 missum
1433 1779 1622 1834 doceat
1660 1798 1673 1834 :
1706 1790 1759 1833 et
1814 1781 2123 1849 priusquam

558 1877 882 1939 mitteretur,
924 1871 1319 1927 sanctiﬁcatum
1351 1888 1367 1939 ;
1416 1848 2002 1940 et,quemadmodum,
2031 1887 2125 1926 eos
2156 1848 2198 1905 Β

556 1965 645 2035 qui
677 1971 971 2035 gravantur
991 1961 1233 2018 conﬁteri
1264 1962 1441 2031 ipsum
1470 1960 1664 2016 Filium
1689 1976 1809 2017 esse
1830 1961 1947 2026 Dei,
1973 1977 2125 2016 aver-

555 2064 721 2120 setur,
747 2070 779 2110 e
809 2054 1005 2109 divinis
1036 2053 1332 2122 Scripturis
1366 2052 1585 2117 docens,
1613 2054 1755 2122 quod
1786 2066 1890 2107 non
1917 2061 2121 2107 tantum

558 2145 651 2199 lilii
688 2145 804 2210 Dei,
857 2145 953 2200 sed
985 2144 1146 2198 etiam
1181 2144 1253 2197 dii
1294 2143 1549 2198 mortales
1577 2144 1821 2199 homines
1850 2143 2122 2215 appellen-

559 2245 648 2291 tur
679 2254 694 2291 :
728 2246 786 2291 ut
825 2237 1044 2290 minime
1076 2235 1393 2303 blaspheme
1419 2235 1620 2290 dictum
1649 2236 1930 2301 habeatur,
1954 2237 2125 2291 conﬁ-

560 2326 662 2382 teri
695 2325 843 2381 illum
868 2326 1051 2387 simul,
1075 2335 1131 2380 et
1158 2325 1250 2380 Dei
1276 2323 1495 2390 Filium,
1521 2335 1577 2379 et
1612 2324 1803 2389 Deum,
1841 2339 1999 2394 quem
2023 2325 2124 2379 Pa-

553 2430 641 2474 ter
673 2416 1031 2472 sanctiﬁcavit
1060 2425 1114 2470 et
1142 2416 1194 2470 in
1233 2416 1488 2470 mundum
1513 2416 1679 2470 misit.
1710 2416 1847 2482 Quid
1878 2431 2008 2486 ergo
2034 2416 2123 2470 ille

552 2508 883 2579 patiebatur,
911 2508 1001 2577 qui
1030 2516 1152 2578 post
1183 2508 1343 2561 hasce
1372 2521 1531 2561 voces
1552 2522 1715 2563 ausus
1749 2516 1833 2562 est
1857 2509 2121 2562 exsertim

552 2599 755 2667 dicere,
781 2599 1018 2655 Verbum
1044 2613 1167 2653 esse
1190 2598 1362 2663 illum,
1381 2612 1483 2653 nec
1512 2608 1770 2669 praeterea
1794 2600 2118 2669 quidquam:

552 2696 717 2756 atque
753 2689 823 2744 ob
848 2703 968 2744 eam
1004 2702 1224 2743 causam
1266 2688 1339 2741 ita
1385 2688 1610 2743 totidem
1647 2690 1827 2745 verbis
1857 2691 2117 2754 scribere,

552 2777 645 2850 [R.
670 2777 839 2834 XXIV
878 2778 1001 2835 coll.
1044 2796 1096 2849 p.
1126 2777 1219 2851 42]
1253 2796 1273 2830 ι
1311 2776 1431 2834 Non
1469 2780 1707 2833 nominat
1746 2796 1869 2835 eum
1904 2781 1995 2837 Dei
2029 2781 2118 2836 Fi-

556 2883 578 2919 ι
622 2867 753 2922 lium
790 2884 806 2921 :
833 2870 927 2924 sed
950 2868 1145 2939 ubique
1159 2868 1354 2923 Filium
1378 2869 1609 2924 hominis
1635 2871 1821 2940 seipse
1851 2872 2116 2943 appellat,

555 2975 577 3009 ι
621 2968 680 3013 ιιι
706 2959 787 3014 sic
816 2974 913 3028 per
944 2960 1246 3015 istiusmodi
1272 2960 1986 3026 confessionem,hominem
2019 2982 2117 3019 na-

554 3069 575 3104 s
621 3050 864 3106 turaliter
883 3054 1251 3118 exsistentem,
1288 3053 1382 3109 Dei
1425 3054 1618 3109 Filium
1659 3054 1854 3111 factum
1897 3072 2119 3127 persua-

2223 780 2311 850 μὴ
2345 782 2649 835 πιστεύων
2694 780 2813 852 ἤδη
2842 780 3127 851 κέκριται,
3163 782 3254 837 ὅτι
3300 786 3373 839 οὐ
3406 788 3813 840 πεπίστευκεν

2228 876 2316 940 εις
2355 872 2423 927 τὸ
2452 872 2641 944 ὄνομα
2688 872 2798 928 τοῦ
2866 874 3239 944 μονογενοῦς
3290 876 3426 931 Υίοῦ
3476 876 3585 931 τοῦ
3636 878 3809 933 Θεοῦ.

2228 965 2340 1017 Καὶ
2396 963 2630 1018 ἐνταῦθα
2691 965 2886 1019 πάλιν
2949 965 3014 1019 '0
3076 965 3195 1035 μὲν
3248 967 3395 1034 Θεὸς
3434 967 3642 1023 ἐδίδου
3707 969 3807 1023 καὶ

2227 1056 2567 1112 ἀπέστελλε
2608 1056 2717 1111 τόν
2752 1056 2889 1112 Υίόν
2927 1056 3171 1126 Σωτῆρα
3215 1058 3324 1113 τοῦ
3367 1060 3604 1130 κόσμου
3624 1100 3641 1124 ,
3686 1060 3718 1114 ὀ
3752 1060 3812 1116 δὲ

2226 1150 2582 1204 ἀπεστέλλετο
2645 1150 2833 1222 ἔτερος
2892 1151 2970 1205 ὢν
3030 1151 3230 1223 δηλαδὴ
3302 1151 3457 1224 παρὰ
3524 1154 3621 1209 τὸν
3676 1155 3812 1211 ἀπο-

2228 1244 2535 1300 στέλλοντα.
2584 1245 2676 1297 Διό
2720 1262 2809 1315 μοι
2864 1245 3014 1299 δοκεῖ
3062 1246 3151 1300 διά
3206 1244 3313 1299 τῶν
3350 1246 3515 1316 ἑξῆς,
3556 1248 3635 1311 ὼς
3672 1248 3809 1321 πρὸς

2227 1332 2389 1388 αὐτὸν
2420 1333 2735 1405 Μάρκελλον
2765 1336 2855 1390 καὶ
2883 1334 3021 1407 πρὸς
3042 1338 3169 1401 τοὺς
3201 1337 3691 1410 ὀιαφθονουμένους
3740 1344 3807 1412 τῇ

2226 1424 2321 1477 τοῦ
2347 1424 2477 1477 Υιοῦ
2508 1425 2666 1494 φύσει
2703 1427 3121 1498 ἀναγεγράφθαι
3162 1429 3325 1493 αὐτὸς
3359 1432 3388 1483 ὀ
3417 1431 3610 1503 Σωτὴρ
3649 1433 3808 1504 ἡμῶν

2227 1514 2464 1587 εἰρηκώς
2482 1534 2496 1547 ·
2533 1519 2654 1571 οὐκ
2689 1518 2823 1572 ἐστι
2849 1519 3257 1590 γεγραμμένον
3284 1521 3355 1575 ἐν
3386 1521 3467 1588 τῷ
3489 1524 3683 1592 νόμῳ,
3718 1524 3811 1579 ὅτι

2224 1608 2339 1676 ἐγὼ
2356 1604 2513 1662 εἶπαι
2544 1611 2676 1664 Θεοί
2704 1610 2876 1678 dare;
2913 1612 2979 1665 Et
3000 1612 3269 1679 ἐκείνους
3287 1607 3416 1667 εἷπε
3438 1614 3633 1681 θεοὺς,
3656 1616 3811 1685 πρὸς

2226 1698 2335 1763 οὓς
2358 1702 2392 1753 ό
2424 1701 2607 1770 λόγος
2628 1700 2865 1770 ἐγένετο
2883 1703 2990 1757 τοῦ
3015 1704 3184 1759 Θεοῦ·
3212 1705 3311 1759 καὶ
3335 1708 3408 1759 οὺ
3428 1704 3680 1761 δύναται
3698 1710 3809 1762 ,ιυ-

2227 1788 2402 1857 θῆναι
2424 1791 2461 1857 ἠ
2486 1792 2718 1861 Πραφή.
2739 1795 2842 1847 ὀν
2862 1796 2896 1848 ό
2914 1794 3117 1863 Πατὴρ
3139 1796 3375 1866 ἠτίασε,
3403 1797 3503 1851 καί
3525 1798 3800 1853 ἀπέστειο

2224 1883 2334 1934 λεν
2349 1885 2435 1948 εὶς
2452 1882 2558 1936 τόν
2576 1885 2826 1954 κόσμον,
2848 1886 3018 1956 ὑμεῖς
3035 1886 3261 1957 λέγετε,
3286 1888 3376 1942 ὅτι
3391 1890 3805 1961 βλασφημεῖς.

2226 1971 2313 2025 ὅτι
2334 1968 2525 2037 εἷπον,
2550 1974 2679 2039 Υίὸς
2711 1976 2818 2030 τοῦ
2850 1978 2999 2032 Θεοῦ
3040 1980 3177 2048 ειμι.
3203 1979 3447 2045 ’Δκούεις
3472 1980 3666 2044 ὁσάκις
3690 1980 3806 2053 (93)

2224 2065 2384 2127 αὐτὸς
2397 2068 2425 2119 6
2439 2065 2627 2138 Σωτὴρ
2643 2067 2837 2121 ἑαυτὸν
2856 2070 2916 2123 οὐ
2930 2070 3119 2138 Λόγον,
3134 2070 3271 2125 ἀλλὰ
3286 2072 3415 2125 Υἱόν
3429 2073 3701 2144 ὠνόμασε,
3716 2075 3809 2128 καὶ

2223 2154 2500 2228 Μονογενῆ
2536 2162 2852 2231 προσεῖπεν·
2870 2162 3018 2224 ὅπως
3047 2160 3105 2213 δὲ
3127 2162 3463 2219 ἀπεστάλθαι
3483 2166 3697 2229 ἑαυτὸν,
3714 2166 3811 2218 καὶ

2224 2246 2479 2316 ἠγιάσθαι
2509 2248 2613 2320 πρὸ
2639 2250 2734 2304 τοῦ
2757 2252 3125 2323 ἀποσταλῆναι
3160 2252 3265 2306 ὑπὸ
3292 2255 3386 2308 τοῦ
3403 2252 3617 2328 Πατρός
3632 2257 3807 2312 ἐδίδα-

2226 2353 2343 2401 σκε,
2381 2339 2474 2392 καὶ
2489 2340 2565 2403 ὡς
2584 2342 2712 2406 τοὺς
2727 2342 3019 2408 ὀκνοῦντας
3043 2345 3172 2399 Υἱὸν
3198 2348 3358 2401 αὑτὸν
3383 2349 3668 2420 ὁμολογεῖν
3711 2351 3808 2405 τοῦ

2223 2428 2356 2483 Θεοῦ
2378 2430 2635 2499 δυσωπεῖ,
2667 2433 2931 2488 διδάσκων
2957 2438 3020 2490 ὲκ
3044 2439 3141 2509 τῆς
3168 2439 3319 2504 θείας
3358 2441 3581 2513 Γραφῆς
3601 2481 3617 2507 ,
3639 2443 3717 2507 ὡς
3743 2445 3806 2497 οὐ

2226 2522 2385 2591 μόνον
2402 2523 2509 2574 υἱοὶ
2524 2523 2680 2589 Θεοῦ,
2697 2524 2834 2577 ἀλλὰ
2848 2526 2941 2579 καὶ
2960 2526 3072 2581 θεοὶ
3098 2529 3281 2600 θνητοὶ
3294 2531 3391 2603 τὴν
3422 2532 3585 2601 φύσιν
3611 2534 3806 2607 ἄνδρες

2222 2620 2528 2692 ἐκλήθησαν
2548 2639 2563 2653 ο
2593 2622 2674 2676 διὸ
2696 2626 2769 2696 μὴ
2812 2627 3009 2698 χρῆναι
3039 2627 3279 2699 νομίζειν
3318 2628 3640 2700 βλάσφημον
3665 2627 3806 2685 εἶναι

2221 2711 2282 2764 τὸ
2332 2714 2426 2766 καὶ
2466 2713 2595 2768 Υίόν
2641 2716 2775 2769 Θεοῦ
2823 2718 2919 2771 καὶ
2953 2717 3086 2771 Θεὸν
3125 2720 3407 2790 ὁμολογεῖν
3446 2721 3506 2774 ὃν
3548 2724 3576 2774 ὀ
3610 2722 3804 2795 Πατὴρ

2221 2803 2416 2871 inlatis
2442 2806 2537 2860 καὶ¹
2563 2806 2877 2862 ἀπέστειλεν
2903 2810 2981 2875 είς
3008 2810 3100 2863 τὸν
3143 2811 3366 2881 κόσμον.
3407 2811 3472 2864 Τί
3506 2808 3602 2866 οὖν
3635 2814 3807 2884 ἐχρῆν

2220 2896 2412 2949 παθεῖν
2461 2898 2552 2951 τὸν
2598 2900 2734 2969 μετὰ
2782 2900 2881 2965 τὰς
2914 2901 3180 2966 τοσαύτας
3228 2904 3411 2972 φωνάς
3447 2904 3801 2977 τολμήσαντα

2222 2984 2408 3053 φάναι,
2429 2985 2537 3057 (94)
2557 3005 2576 3037 ι
2611 2988 2731 3041 ὅλον
2752 2984 2890 3043 εἶναι
2920 2991 3217 3058 αὑτόνηκαὶ
3247 2993 3396 3046 οὐδὲν
3418 2993 3628 3063 ἕτερον,
3661 3014 3679 3047 ι
3713 2996 3804 3049 αὑ-

2219 3078 2423 3143 τολεξεί
2456 3096 2515 3131 τε
2542 3080 2819 3151 εἰρηκότα,
2858 3101 2875 3133 ι
2907 3084 3000 3136 καὶ
3025 3082 3114 3138 διὰ
3139 3084 3325 3147 τοῦτο,
3354 3087 3453 3156 οὐχ
3484 3088 3616 3141 Υίὸν
3662 3088 3801 3144 Θεοῦ

556 3162 576 3196 ι
622 3146 767 3213 deat,
809 3161 908 3215 per
950 3145 1255 3213 huiusmodi
1286 3163 1406 3202 cum
1437 3147 1544 3202 Deo
1588 3149 2041 3203 communionem.
2085 3169 2103 3203 ι

2227 3186 2246 3220 ι
2280 3169 2441 3221 αὐτὸν
2458 3145 2730 3239 ὀνομάζει,
2754 3170 2886 3224 ἀλλὰ
2911 3172 3186 3242 πανταχοῦ
3215 3145 3340 3227 Υίὸν
3365 3145 3658 3247 ἀνθρώπου
3682 3180 3803 3231 ἐαυ-

548 3233 677 3291 Haec
705 3251 826 3290 cum
884 3236 1135 3291 dicantur
1181 3252 1212 3290 a
1248 3238 1523 3303 Marcello,
1579 3238 1747 3294 miror
1788 3254 1887 3307 ego
1922 3241 2116 3308 quibus

2224 3278 2243 3311 ι
2276 3260 2365 3313 τὸν
2397 3233 2563 3328 λέγει,
2600 3261 2687 3315 ἵνα
2718 3262 2806 3314 διὰ
2834 3262 2933 3331 τῆς
2959 3233 3211 3336 τοιαῦτης
3239 3233 3525 3336 ὁμολογίας
3561 3269 3674 3338 (95)
3711 3269 3800 3323 θέο

548 3328 721 3383 ocnlis
775 3339 972 3384 contra
1030 3330 1211 3396 tueri,
1270 3330 1463 3398 quibus
1507 3328 1710 3384 labellis
1750 3333 2118 3385 contradicere

2223 3368 2243 3401 ι
2273 3367 2355 3402 σει
2399 3350 2491 3402 τὸν
2521 3348 2805 3420 ἄνθρωπον
2826 3392 2842 3417 ,
2871 3328 2960 3406 διὰ
3008 3353 3108 3425 τῆς
3136 3328 3460 3423 πρὸς-αὑτόν
3489 3328 3800 3423 κοινωνίας,

550 3430 631 3475 tot
662 3423 858 3475 audeat
899 3421 1240 3475 testimoniis.
1269 3421 1406 3487 Quin
1452 3430 1506 3474 et
1544 3421 1735 3477 ducem
1787 3437 1907 3478 esse
1947 3425 2115 3493 ipsum

547 3524 607 3563 se
629 3508 888 3564 Servator
931 3510 1007 3563 ait
1033 3521 1395 3579 congruenter
1425 3511 1491 3565 iis
1528 3526 1647 3581 quae
1690 3514 1756 3567 de
1816 3514 1934 3569 luce
1994 3525 2118 3569 sunt

546 3600 824 3668 praedicta,
849 3598 985 3671 Ego,
1020 3601 1293 3671 inquiens,
1328 3619 1442 3656 sum
1470 3604 1565 3657 lux
1603 3605 1785 3659 mundi
1802 3608 1870 3660 '°.
1918 3608 1984 3663 Et
2018 3611 2118 3663 ite-

546 3703 665 3743 rum
696 3706 710 3740 :
740 3688 853 3758 Ego
882 3705 998 3743 sum
1029 3690 1142 3756 lux,
1172 3700 1221 3744 et
1246 3694 1459 3755 veritas,
1478 3704 1524 3745 et
1554 3695 1659 3747 vita
1679 3695 1745 3747 ⁹¹.
1768 3695 1831 3750 Et
1860 3697 2071 3751 demum
2095 3712 2113 3752 :

548 3777 664 3832 Lux-
701 3782 835 3834 venit
864 3781 920 3833 in
949 3784 1222 3847 mundum,
1262 3795 1310 3837 et
1340 3786 1635 3839 dilexerunt
1666 3787 1901 3843 homines
1950 3793 2116 3861 magis

546 3871 785 3925 tenebras
806 3889 962 3942 quam
990 3874 1157 3928 lucem
1182 3877 1248 3929 ".
1267 3874 1417 3942 Quod
1443 3877 1489 3931 si
1522 3879 1643 3947 quis
1666 3880 1983 3951 interroget,
2014 3900 2115 3938 un-

500 4020 503 4023 λ
546 3964 615 4015 de
666 3962 906 4027 advenit,
953 3964 1299 4033 respondebit
1350 3966 1396 4020 is
1432 3968 1523 4036 qui
1570 3968 1753 4035 dixit,
1788 3969 1889 4036 Qui
1928 3974 2115 4026 desur-

549 4067 664 4104 sum
706 4053 838 4106 venit
886 4069 1040 4122 supsr
1090 4070 1266 4109 omnes
1306 4068 1379 4109 est
1410 4056 1480 4123 ⁹³,
1514 4068 1569 4112 et
1604 4058 1707 4123 Qui
1747 4062 1810 4115 de
1858 4062 1985 4117 caelo
2028 4081 2116 4118 ve-

551 4141 648 4207 nit,
672 4142 811 4209 quod
847 4142 992 4204 vidit.
1019 4153 1066 4197 et
1091 4145 1309 4212 audivit,
1352 4150 1682 4215 testiﬁcatur.
1709 4152 1752 4183 ”
1784 4153 1914 4219 Quis
1936 4166 2117 4210 autem

550 4240 668 4285 erat
686 4233 773 4285 ille
807 4235 898 4303 qui
930 4234 994 4290 de
1026 4235 1162 4290 cmlo
1190 4237 1386 4291 venit?
1429 4237 1565 4293 Num
1614 4256 1717 4295 non
1760 4258 1885 4297 caro
1906 4284 1920 4307 ,
1956 4260 2118 4314 quam

551 4325 842 4393 assumpsit
886 4323 1191 4382 Servatur?
1246 4328 1632 4398 Nequaquam,
1680 4336 1772 4387 sed
1816 4335 1929 4404 ipse
1980 4345 2117 4402 erat,

548 4427 740 4483 nempe
765 4416 853 4468 lux
876 4415 1310 4489 Verbum,atque
1336 4422 1496 4485 Deus,
1524 4421 1844 4494 Unigenitus
1879 4428 2115 4484 existens

2223 3458 2240 3489 ι
2270 3440 2399 3491 Υἰὸν
2444 3439 2578 3493 Θεοῦ
2625 3440 2879 3507 γενέσθαι
2930 3444 3348 3517 παρασκευάσῃ.
3385 3462 3404 3497 s
3456 3445 3646 3500 Ταῦτα
3689 3448 3802 3521 γὰρ

2214 3529 2532 3602 Μάρκελλος
2572 3530 2741 3583 εἰπὼν
2763 3571 2777 3596 ,
2807 3532 2907 3586 οὐκ
2946 3529 3042 3586 οἶδ’
3072 3534 3221 3597 ὅπως
3250 3536 3457 3599 ὁποίοις
3495 3538 3803 3610 ὀφθαλμοῖς

2214 3615 2325 3682 οἷός
2355 3636 2413 3671 τε
2453 3616 2521 3690 ἦν
2547 3620 2884 3676 ἀντιϐλέπειν
2903 3662 2917 3687 ,
2948 3622 2982 3693 ἢ
3019 3624 3191 3687 ποίοις
3237 3625 3472 3696 χείλεσιν
3501 3629 3801 3700 ἀντιφθέγ-

2213 3710 2427 3777 γεσθαι,
2453 3712 2575 3773 ταῖς
2602 3712 2892 3775 τοσαύταις
2926 3714 3273 3786 μαρτυρίαις.
3316 3718 3427 3770 Kal.
3459 3718 3575 3787 φῶς
3609 3718 3667 3772 δὲ
3695 3722 3798 3775 αὑ-

2213 3803 2303 3856 τὸν
2334 3798 2471 3855 εἶναι
2490 3802 2520 3853 ὀ
2548 3803 2734 3875 Σιινιὴρ
2762 3805 3020 3875 παρίστη,
3049 3808 3355 3878 συμφώνως
3386 3814 3500 3875 τοῖς
3531 3814 3661 3883 περὶ
3700 3814 3797 3869 τοῦ

2214 3891 2391 3958 φωτὸς
2422 3892 2834 3961 προαποδοοεῖσι
2860 3935 2874 3958 ,
2898 3894 3072 3963 λέγων
3091 3935 3106 3961 ,
3125 3896 3270 3966 Ἐγώ
3299 3902 3418 3969 είμι
3448 3900 3514 3953 τὸ
3543 3902 3670 3970 φῶς
3687 3904 3797 3959 τοῦ

2215 3984 2465 4052 κόσμου.
2488 3983 2597 4035 Kal.
2611 3983 2793 4037 πάλιν⁹
2810 3984 2951 4055 Ἐγώ
2968 3990 3083 4057 εἰμι
3100 3989 3165 4042 τὸ
3182 3987 3327 4058 φῶς,
3345 3993 3445 4045 καὶ
3462 3993 3502 4061 ἡ
3518 3993 3794 4062 ἀλήθεια,

2215 4075 2313 4127 καὶ
2335 4076 2373 4144 ἡ
2392 4073 2524 4145 ζωή.
2546 4077 2653 4129 Καὶ
2679 4072 2833 4140 αὖθις
2850 4092 2865 4107 ·
2886 4078 3006 4133 Ὅτι
3026 4079 3093 4133 τό
3112 4079 3240 4150 φῶς
3260 4083 3560 4150 ἐλήλυθεν
3582 4089 3671 4153 είς
3686 4086 3797 4142 τὸν

2217 4164 2464 4233 κόσμον,
2508 4166 2605 4219 καὶ
2644 4167 2972 4237 ἠγάπησαν
3016 4175 3071 4224 οἱ
3111 4171 3407 4240 ἄνθρωποι
3434 4174 3679 4245 μᾶλλον
3724 4178 3795 4232 τὸ

2217 4254 2437 4319 σκότος
2465 4256 2504 4323 ἦ
2530 4255 2596 4308 τὸ
2618 4256 2762 4325 φῶς.
2796 4260 2905 4313 Kal.
2936 4260 2991 4313 εί
3013 4261 3078 4328 γέ
3108 4278 3193 4325 τις
3219 4262 3426 4333 ἔροιτο,
3462 4266 3630 4321 πόθεν
3661 4268 3792 4340 ἐλή-

2219 4344 2395 4411 λυθεν,
2432 4349 2853 4419 ἀποκρινεῖταιὸ
2886 4354 3074 4418 εἰπὼν,
3120 4356 3174 4408 Ὀ
3205 4354 3425 4412 ἄνωθεν
3440 4359 3792 4431 ἐρχόμενος,

2220 4438 2416 4492 ἐπάνω
2446 4440 2686 4496 πάντων
2705 4444 2903 4510 ἐστὶν,
2935 4449 3049 4511 καὶ,
3096 4449 3160 4502 '0
3185 4450 3254 4503 ἐκ
3282 4452 3387 4507 τοῦ
3405 4455 3666 4526 οὐρανοῦ
3698 4458 3793 4527 ἐρ-

548 4513 603 4559 et
632 4504 821 4562 Filius.
862 4508 911 4563 ls
936 4509 1024 4562 illa
1055 4512 1237 4565 omnia
1270 4528 1390 4582 quae
1414 4516 1564 4582 vidit,
1593 4526 1648 4570 et
1675 4516 1897 4583 audivit,
1924 4522 2112 4575 testiﬁ-

2219 4532 2482 4619 χόμενος,
2521 4534 2553 4588 ὃ
2585 4536 2806 4604 ἑώρακε
2837 4504 2937 4591 καὶ
2965 4504 3225 4608 ἤκουσε,
3250 4504 3556 4617 μαρτῳᾱεῖ.
3603 4554 3701 4619 Τίς
3723 4504 3790 4609 1ὀ⁹

548 4605 721 4653 catur.
754 4600 836 4653 An
865 4601 1070 4655 audivit
1092 4603 1204 4658 haec
1227 4613 1280 4658 et
1316 4605 1467 4671 vidit,
1496 4623 1616 4661 cum
1651 4609 1703 4662 in
1745 4612 1903 4666 ter-ris
1930 4627 2111 4667 versa-

549 4690 744 4742 retur?
776 4689 911 4755 Non,
937 4692 1031 4747 sed
1062 4695 1229 4763 prius.
1268 4697 1337 4749 At
1372 4713 1617 4765 quaenam
1655 4700 1743 4755 illa
1789 4714 1965 4771 erant,
1992 4720 2110 4775 quae

548 4788 605 4832 et
628 4780 779 4845 vidit,
805 4783 905 4836 nisi
936 4782 1097 4840 Pater
1125 4786 1147 4838 ?
1182 4786 1351 4852 Quem
1402 4789 1489 4843 ille
1520 4793 1745 4859 audivit,
1786 4806 1983 4864 praeter
2010 4796 2113 4850 Pa-

550 4871 722 4923 trem?
751 4873 899 4927 Adeo
921 4885 1099 4929 autem
1122 4880 1474 4949 semetipsum
1497 4881 1733 4939 Verbum
1770 4900 2111 4958 nequaquam

548 4961 963 5031 signiﬁcativum
987 4982 1106 5023 esse
1130 4970 1407 5039 professus
1437 4984 1541 5040 est,
1576 4983 1633 5039 ὦ
1660 4980 1751 5032 sed
1768 4978 1961 5035 Filium
1988 4997 2110 5036 vere

548 5055 727 5109 vivum
784 5069 839 5111 et
885 5061 1269 5120 subsistentem
1295 5109 1309 5133 ,
1344 5078 1402 5125 ut
1447 5071 1521 5125 ita
1557 5071 1719 5127 fuerit
1761 5075 2106 5143 prolocutus,

549 5144 710 5200 Pater
726 5149 895 5221 diligit
925 5150 1213 5221 Filium,et
1243 5161 1419 5214 omnia
1444 5163 1657 5215 tradidit
1680 5166 1735 5217 in
1760 5182 1920 5220 manu
1949 5171 2061 5236 ejus
2086 5187 2098 5223 :

548 5238 635 5303 qui
665 5243 823 5292 credit
858 5244 912 5295 in
946 5241 1168 5311 Filium,
1198 5252 1354 5303 vitam
1389 5254 1542 5308 liabet
1580 5263 1830 5311 arternam
1869 5260 1939 5311 ".
1968 5261 2104 5315 Cre-

2211 4618 2278 4693 ἦν
2307 4625 2335 4674 6
2365 4626 2651 4695 ἐρχόμενος
2674 4630 2737 4681 ὲκ
2756 4628 2851 4681 τοῦ
2874 4631 3101 4702 οὐρανοῦ
3125 4650 3140 4699 ;
3173 4636 3322 4706 Μήτι
3348 4656 3409 4707 γε
3454 4644 3486 4712 ή
3525 4644 3685 4716 σάρξ,
3718 4650 3791 4721 ἢν

2212 4716 2495 4786 ἀνείληφεν
2520 4721 2547 4770 ο
2577 4718 2807 4789 Σωτήρ;
2840 4722 3122 4793 Οὐδαμῶς,
3162 4726 3279 4780 ἀλλ’
3315 4732 3477 4796 αὐτὸς
3518 4716 3787 4806 δηλονότι,

2208 4806 2423 4907 τὸιφῶς,
2458 4810 2553 4862 καὶ
2580 4813 2608 4862 6
2643 4812 2813 4907 Λόγος
2836 4854 2850 4877 ,
2883 4816 2974 4867 καὶ
3003 4819 3031 4869 ὀ
3060 4816 3192 4882 Θεὸς
3213 4859 3228 4885 ,
3257 4824 3353 4876 καὶ
3387 4826 3416 4877 ὀ
3446 4827 3786 4907 Μονογενὴς,

2211 4899 2304 4952 καὶ
2338 4902 2365 4952 ὁ
2401 4902 2547 4967 Υἱὸς,
2568 4903 2729 4966 αὐτὸς
2764 4902 2837 4957 ὢν
2854 4908 3025 4961 ταῦτα
3062 4910 3257 4968 πάντα.
3309 4916 3376 4969 Ἀ
3420 4916 3636 4988 ἑώρακε
3676 4899 3790 4981 τοί-

2210 5007 2303 5044 νυν
2331 4986 2482 5056 οῦτος
2506 4994 2601 5047 καὶ
2625 4993 2660 5047 ἃ
2686 4995 2906 5065 ἤκουσε,
2946 5002 3105 5073 φησὶ,
3140 5011 3425 5078 μαρτυρεῖ.
3456 4986 3669 5069 Οῦκοῦν
3692 5020 3788 5071 καὶ

2207 5080 2352 5151 ἑώρα
2379 5084 2471 5135 καὶ
2493 5083 2693 5153 ἤκουσε
2732 5087 2861 5155 πρὶν
2902 5089 2994 5141 ἐπὶ
3022 5091 3124 5161 γῆς
3166 5094 3356 5150 ἐλθεῖν.
3387 5097 3519 5153 Τίνα
3543 5101 3601 5155 δὲ
3635 5105 3786 5177 ἑώρα

2212 5172 2320 5243 (96)
2354 5176 2387 5245 ἦ
2422 5176 2513 5229 τὸν
2545 5177 2794 5247 Πατέρα;
2824 5177 2977 5244 Τίνος
3004 5181 3060 5234 δὲ
3087 5184 3316 5255 ἡκουσεν
3351 5190 3384 5259 ἢ
3410 5191 3503 5244 τοῦ
3528 5172 3780 5267 Πατρὸςς

2211 5266 2351 5319 οὕτω
2392 5268 2450 5321 δὲ
2485 5268 2715 5334 ἑαυτὸν,
2751 5270 2811 5323 οὐ
2850 5272 3021 5343 Λόγον
3062 5282 3427 5349 σημαντικὸν,
3470 5286 3607 5341 ἀλλά
3653 5266 3783 5345 Υίὸν

621 5397 678 5453 >Ι⁴
719 5392 813 5445 Ed.
845 5394 1039 5463 Paris.,
1072 5415 1192 5469 pag.
1232 5400 1321 5459 87.
1395 5407 1439 5438 "’
1466 5405 1620 5463 Joan.
1648 5424 1730 5474 lli,
1762 5410 1849 5465 l7.
1922 5412 1969 5444 ⁸⁸
2002 5413 2112 5467 Ibid

621 5476 637 5512 I
688 5460 740 5512 6.
820 5464 865 5495 ⁸³
914 5464 1066 5512 Ιιιιιιι-
1112 5486 1166 5512 ιιι
1217 5473 1285 5512 tu
1403 5478 1450 5509 ss
1487 5479 1593 5512 Ιιιειι
1647 5473 1702 5512 ’χί
1809 5482 1853 5512 οι
1886 5481 1997 5512 1ι.;,ι
2070 5486 2119 5512 τι

2219 5420 2278 5512 ῖς..
2397 5423 2565 5512 βοέῃ.
2592 5433 2882 5512 εισι-56.
2954 5440 3001 5473 ⁸⁸
3031 5438 3183 5498 Joan.
3224 5458 3338 5512 vm,
3374 5445 3461 5503 12.
3540 5446 3586 5480 ⁸⁸
3615 5447 3778 5508 Joan.

548 5474 637 5513 ινι
688 5460 740 5515 6.
820 5464 865 5495 ⁹²
914 5460 1303 5542 ἆυιιιι.ἰιῖ,19.

534 5658 927 5796 Θεὲἓό)ΐξὲ2ρο
958 5682 1067 5722 om.
1099 5673 1257 5739 αὐτός
1282 5692 1295 5745 ;
1324 5692 1442 5735 mox
1487 5677 1645 5753 vulgo
1701 5685 2014 5762 άπεστάλθη
2041 5700 2095 5749 et

620 5801 727 5872 (94)
762 5802 866 5874 Mp.
896 5805 966 5860 ῐσ.
994 5807 1164 5879 λόγον.

1403 5473 1735 5536 οιιωαλί.
1809 5481 2021 5539 “Ibid.
2069 5486 2157 5543 52.
2234 5473 2698 5566 διιδιάῗὲἕὴςῖεξ
