4032 6456
264 372 376 429 875
1222 374 1309 429 DE
1348 374 1888 434 ECCLESIAST.C.\
1928 378 2323 437 TllEOLOGlA
2363 382 2490 439 LIB.
2534 385 2577 439 Ι.
3433 400 3537 455 874

262 484 484 558 άληθῶς
538 483 719 548 ζῶντα
784 487 875 538 καὶ
931 484 1221 554 ὑφεστῶτα
1280 487 1587 553 ἐδίδασκεν,
1632 487 1707 553 ὡς
1767 488 1790 539 λ

1900 495 1929 550 ι
1958 490 2135 545 dimus
2164 492 2368 558 itaque,
2393 479 2536 562 quod
2587 494 2783 550 Filium
2836 514 2994 554 suum
3026 500 3171 557 Deus
3205 518 3326 559 cum
3351 508 3540 580 dilige-

262 598 383 648 γειν
404 622 419 643 ,
456 580 518 635 Ὃ
539 582 742 649 Πατὴρ
779 578 983 649 ἀγαπᾷ
1011 580 1118 634 τὸν
1166 581 1302 636 Υἱύν
1330 582 1429 634 καὶ
1459 582 1655 636 πάντα
1676 583 1790 637 dedi

1960 592 2040 635 ret
2071 582 2252 647 Pater,
2280 585 2465 638 omnia
2495 586 2597 654 ipsi
2645 588 2697 642 in
2730 604 2923 645 manus
2959 595 3201 649 tradidit.
3243 578 3539 656 Attemlen-

262 690 372 727 κεν
401 670 478 725 ἐν
519 672 593 742 τῇ
626 674 779 742 χειρὶ
832 674 1049 729 αὐτοῦ·
1086 677 1118 728 ὀ
1167 674 1467 727 πιστεύων
1494 674 1607 743 (97)
1633 677 1721 740 εἰς
1744 693 1790 729 τι

1952 673 2077 726 dum
2116 686 2200 729 est
2243 689 2407 744 porro
2452 678 2643 733 sedulo
2682 680 2749 733 ad
2784 680 2937 749 illud,
2976 688 3177 751 omnia,
3215 700 3401 757 utpote
3428 709 3539 764 quo

274 766 418 818 Υἰόν
450 764 574 833 ἔχει
608 762 761 833 ζωὴν
803 766 1064 820 αἰώνιον.
1119 766 1471 836 Πιστεύωμεν
1508 768 1720 833 τοίνυν,
1766 769 1790 820 ὃ

1953 779 2133 819 rerum
2163 768 2406 823 omnium
2442 771 2811 828 subsistentia:
2844 780 3378 848 comprehendantur
3405 804 3552 841 ξιιμ-ι

259 856 355 909 τὸν
380 858 505 910 Υἱὸν
534 856 763 925 ἀγαπῶν
787 858 1023 930 sum”;
1054 859 1229 912 πάντα
1248 857 1477 912 δέδωκεν
1509 860 1568 913 ἐν
1606 863 1671 931 τῇ
1704 879 1785 931 χει

1949 856 2015 911 de
2057 866 2115 911 et
2155 858 2343 915 videre
2381 861 2653 931 quispiam
2712 877 2898 935 posset
2950 874 3378 941 magnitudinem
3428 895 3528 948 po—

258 948 448 1001 αὑτυῦ.
499 949 801 1021 Ἐπιμελῶς
826 950 884 1004 δὲ
914 950 1242 1021 προσεκτέον
1273 949 1353 1020 τῷ
1374 950 1571 1005 πάντα
1601 952 1702 1021 τῆς

1949 946 2131 1003 tentia:
2161 948 2285 1004 Filii
2330 952 2459 1021 Dei;
2490 954 2615 1008 dum
2655 959 2942 1029 recogitet,
2984 946 3536 1051 quautatn‘qualem-

258 1042 534 1113 γεννητῶν
576 1043 860 1115 ὑπάρξεως
889 1042 1143 1096 ἁπάντων
1169 1043 1551 1115 περιληπτικῴ
1592 1045 1705 1098 δντι
1730 1086 1744 1109 ,
1773 1046 1790 1100 ἐ

1944 1054 2049 1106 que
2072 1040 2126 1095 in
2170 1057 2389 1099 manum
2456 1048 2656 1103 tradita
2702 1053 2839 1107 sita
2886 1054 3051 1114 Patre
3089 1041 3272 1117 rerum
3308 1040 3534 1121 univer-

246 1126 317 1187 οὗ
351 1134 413 1188 τὺ
448 1135 675 1206 μέγεθος
702 1137 801 1207 τῆς
821 1134 916 1190 τοῦ
943 1135 1073 1189 Υίοῦ
1107 1137 1202 1189 τοῦ
1231 1136 1367 1190 Θεοῦ
1400 1136 1703 1207 δυνάμεως,
1742 1137 1790 1189 ῐδ

1941 1144 2123 1184 sarum
2156 1134 2527 1192 subsistentia.
2563 1139 2620 1195 Si
2668 1158 2921 1214 magnum
2978 1149 3051 1204 sit
3096 1152 3296 1209 caelum
3340 1166 3394 1211 et
3428 1158 3530 1216 hoc

249 1224 321 1277 ἄν
348 1242 453 1289 τις,
489 1228 747 1297 ἐννοήσας
770 1228 872 1298 ὅσῃ
907 1228 1000 1280 καὶ
1032 1227 1195 1298 ὁποίᾳ
1233 1228 1378 1299 χειρὶ
1420 1230 1567 1301 παρὰ
1600 1230 1693 1284 τοῦ
1726 1232 1790 1284 Il:

1942 1220 2275 1290 universum,
2300 1238 2449 1285 certe
2482 1246 2600 1299 quae
2628 1248 2790 1303 supra
2819 1246 2948 1292 sunt
2970 1239 3072 1295 ista
3094 1244 3270 1300 oculis
3299 1262 3530 1318 usurpa-

249 1266 318 1277 ..η
359 1266 453 1289 ...,,
489 1266 745 1297 -..νη-..ς
771 1266 872 1298 ..νη
910 1266 1000 1280 η...
1033 1266 1195 1298 mm,
1234 1266 1378 1299 λων.
1426 1266 1567 1301 ...τω
1610 1266 1693 1284 ..νυ
1726 1266 1790 1284 ιιι

246 1318 380 1388 τρὸς
413 1319 733 1372 ὑπεδέδεκτο
765 1319 865 1389 τὴν
912 1319 1020 1371 τῶν
1068 1318 1238 1372 ὄντων
1277 1321 1532 1375 ἁπάντων
1579 1322 1790 1396 ῦπαρξυ

1945 1266 2030 1273 π-..
2048 1266 2275 1290 --.υ-...η
2301 1266 2449 1285 ws“,
2482 1266 2599 1299 quor.
2628 1266 2790 1303 nupta
2819 1266 2948 1292 auus
2970 1266 3072 1295 tata
3094 1266 3270 1300 UCGIIS
3299 1266 3527 1318 usurpa-

1942 1321 2013 1377 ta,
2040 1313 2093 1368 in
2122 1320 2487 1385 potestatibus
2510 1325 2863 1383 subsistentia
2892 1330 3252 1404 incorporeis,
3279 1341 3527 1394 incorru-

246 1408 314 1461 Εί
344 1408 454 1479 γὰρ
485 1408 548 1478 δὴ
578 1407 747 1477 μέγας
777 1409 805 1460 6
852 1408 1075 1478 σύμπας
1116 1409 1346 1478 οὐρανός
1382 1428 1441 1464 τε
1484 1412 1577 1464 καὶ
1609 1412 1790 1483 κόσμοι

1938 1407 2243 1476 ptibilibus,‘
2277 1412 2709 1486 intelligibilibus
2736 1431 2791 1476 et
2830 1424 3053 1492 divinis,
3093 1430 3265 1486 multo
3302 1434 3523 1502 quidem

246 1499 346 1551 καὶ
386 1499 593 1552 τούτων
635 1498 716 1551 ἔτι
784 1498 984 1570 μακρῷ
1038 1499 1323 1570 κρείττονα
1371 1503 1464 1555 καί⁵
1512 1503 1790 1575 διαφέροντ

1938 1499 2088 1554 hisce
2134 1512 2261 1559 sunt
2287 1506 2600 1577 majora,et
2630 1513 2699 1567 ab
2747 1515 2867 1572 istis
2914 1518 3073 1591 longe
3117 1498 3523 1595 discrepantia:

241 1589 503 1658 τυγχάνει
547 1588 616 1641 τὰ
663 1589 919 1642 ἐπέκεινα
943 1590 1050 1643 τῶν
1091 1591 1386 1661 ὁρωμένων
1429 1594 1488 1645 ἐν
1521 1594 1790 1665 ἀσωμάτοι

1932 1606 1963 1645 e
1982 1606 2105 1661 ique
2135 1595 2204 1651 ab
2233 1597 2353 1654 istis
2380 1602 2660 1673 universa,
2687 1623 2810 1677 qua:
2841 1625 2965 1665 cum
2994 1622 3213 1683 captum
3242 1626 3526 1676 transcen—

242 1682 341 1733 καὶ
372 1681 689 1750 ἀφθάρτοις,
716 1684 929 1752 νοεραίς
952 1698 1011 1735 τε
1036 1683 1131 1737 καὶ
1164 1683 1339 1747 θείαις
1374 1684 1659 1754 ὑφεστῶτα
1680 1686 1790 1741 δυνι

1933 1682 2065 1737 dant
2115 1698 2379 1755 nostrum,
2414 1705 2654 1750 nostram
2691 1713 2911 1770 quoque
2961 1681 3524 1779 refugiuntcoguitio-

244 1788 396 1841 μεσι,
442 1773 619 1826 πάντα
662 1790 721 1826 τε
768 1774 868 1827 ὅσα
915 1774 1008 1828 τὸν
1056 1775 1326 1848 ἡμέτερον
1387 1778 1790 1851 διαδιδράσκοντ

1934 1789 2080 1830 nem.
2110 1776 2212 1834 lsta
2258 1784 2438 1839 omnia
2469 1797 2526 1842 et
2572 1788 2779 1860 singula
2820 1808 2943 1848 cum
2995 1800 3154 1853 unica
3190 1800 3279 1855 illa
3327 1819 3525 1863 manu

238 1840 389 1925 νοῦν,
416 1862 514 1931 τὴν
540 1862 814 1934 ἡμετέραν
856 1864 1057 1931 γνῶσιν
1078 1840 1343 1921 ⁷λανθάνει
1363 1883 1378 1897 ο
1410 1840 1616 1924 τούτων
1655 1872 1790 1926 άπάι

2480 1840 2520 1842 ρ
2576 1840 2779 1860 --Ὃ---
2825 1840 2942 1848 η...
2996 1840 3154 1853 ...ηπ
3190 1840 3279 1855 ...ι-
3328 1840 3520 1863 ...α-...λ

1900 1874 1901 1881 ‘
1934 1866 2056 1923 Filii
2092 1868 2187 1926 Dei
2233 1875 2497 1946 unigeniti
2540 1882 2933 1951 apprehendat,
2968 1893 3228 1957 potentia:
3265 1909 3377 1949 suae
3409 1900 3520 1952 vir--

236 1968 349 2004 των
390 1952 490 2021 μία
519 1951 612 2006 τοῦ
642 1954 979 2023 Μονογενοῦς
1024 1956 1152 2009 Υίοῦ
1190 1956 1285 2011 τοῦ
1336 1958 1471 2013 Θεοῦ
1509 1962 1631 2033 χεὶρ
1668 1981 1790 2035 περι

1933 1968 2124 2027 tutem,
2149 1976 2365 2020 omnem
2397 1972 2826 2040 magnitudinem
2848 1992 3214 2051 supergressa:
3240 1987 3519 2055 patefacit.

235 2041 596 2115 δραττομένη,
628 2045 726 2115 τῆς
753 2046 1217 2117 άπειρομεγέθους
1237 2049 1400 2104 αὐτοῦ
1422 2052 1709 2125 δυνάμεως
1729 2056 1790 2128 τὴ

1930 2049 2082 2117 Quod
2125 2054 2322 2124 ipsum,
2354 2066 2410 2112 et
2439 2075 2539 2127 per
2570 2063 2733 2119 aliam
2780 2041 2937 2123 suam
2970 2041 3161 2128 vocem
3192 2041 3400 2134 in-dicat
3429 2080 3521 2136 Fi-

234 2135 440 2208 ἁρετὴν
474 2136 843 2191 ἐπιδείκνυται
882 2138 1014 2211 (98).
1054 2142 1118 2195 Ὀ
1142 2141 1205 2214 δὴ
1221 2144 1316 2196 καὶ
1351 2144 1418 2197 δι’
1443 2144 1637 2217 ἑτέρας
1666 2148 1790 2201 πάλι

1927 2139 2033 2197 lius
2070 2144 2157 2199 ubi
2207 2145 2479 2218 loquitur,
2524 2151 2716 2210 Omnih
2741 2158 2868 2213 mihi
2895 2163 3093 2218 tradita
3121 2176 3246 2220 sunt
3287 2186 3320 2223 a
3359 2135 3519 2227 Patre

234 2229 403 2291 αὐτὸς
455 2231 485 2282 6
534 2230 663 2294 Υἱὸς
710 2233 947 2305 παρίστη
986 2234 1192 2305 φωνῆς,
1241 2234 1464 2335 λέγωνί.
1496 2238 1700 2335 Πάντα
1720 2258 1790 2335 με

1928 2250 2040 2289 meo
2065 2237 2132 2289 ".
2154 2236 2357 2296 Deinde
2383 2257 2449 2299 ac
2477 2245 2523 2301 si
2556 2262 2653 2302 nos
2680 2249 2733 2304 in
2758 2251 2967 2311 incerto
2998 2256 3519 2335 baereremus,quis-

230 2320 538 2390 παρεδόθη
574 2322 693 2378 ὑπὸ
745 2323 850 2377 τοῦ
906 2325 1139 2393 Πατρός
1181 2344 1324 2396 μου.
1374 2324 1510 2392 Εἶθ’,
1645 2331 1790 2427 Δἡμῶ

1926 2340 2051 2382 nam
2087 2328 2177 2385 ille
2216 2342 2383 2399 esset,
2416 2346 2471 2390 et
2513 2339 2714 2408 qualis,
2750 2345 2843 2414 qui
2875 2346 3184 2416 depositum
3230 2320 3517 2427 receperat

232 2411 587 2484 ἀπορούντων
608 2454 624 2478 ,
646 2414 731 2478 τίς
768 2415 890 2468 ποτ’
920 2410 1011 2488 ἦν,
1043 2417 1138 2470 καὶ
1186 2419 1215 2471 6
1249 2418 1514 2491 πηλίκος,
1549 2422 1578 2473 6
1605 2420 1704 2493 τὴν
1734 2440 1790 2477 το

1923 2416 2268 2489 istiusmodi,
2325 2423 2545 2493 Nolito,
2623 2410 2785 2500 ait,'
2817 2454 3055 2507 quazrere
3130 2458 3222 2498 nec
3284 2448 3515 2506 interro-

230 2502 439 2576 σαύτην
456 2506 924 2579 παρακαταθήκην
940 2508 1385 2580 ὑποδεδεγμένος,
1521 2510 1696 2581 ζήτει,
1718 2532 1790 2586 φη

1920 2525 2047 2579 gare
2071 2515 2229 2583 quis?
2280 2515 2403 2605 lion
2455 2534 2541 2578 est
2581 2528 2729 2584 enim
2788 2502 2877 2586 ille
2916 2534 3043 2589 talis
3098 2539 3191 2608 qui
3227 2541 3297 2595 ab
3332 2502 3513 2602 homi-

234 2584 311 2661 σῖ,
323 2596 468 2666 μηδ’
501 2598 706 2666 ἐρώτα.
751 2599 965 2672 Οὑγὰρ
994 2599 1108 2671 ἔχει
1142 2602 1304 2671 φύσιν
1332 2602 1641 2708 ἀνθρώποις

1922 2603 2081 2660 nibus
2113 2594 2289 2675 possit
2310 2618 2703 2684 comprehendi
2732 2641 2745 2675 :
2780 2584 2891 2681 imo
3025 2584 3243 2701 quidem
3266 2584 3513 2708 periect'e

232 2687 514 2760 ρίζεσθαι,
558 2690 672 2743 ἀλλ’
715 2692 835 2745 οὑδὶ
877 2696 999 2756 ταῖς
1054 2695 1326 2765 κρείττοσι
1373 2697 1469 2751 καὶ
1520 2697 1787 2770 θειοτέραι

1920 2692 2147 2766 intelligi
2179 2708 2361 2768 potest
2408 2702 2481 2758 ab
2510 2706 2707 2777 illisce,
2740 2727 2862 2782 quae
2897 2687 3511 2799 ευηιέιιρέῖιιέξβξυῖὲῖ

229 2780 525 2852 δυνάμεσιν
552 2783 585 2852 ἡ
614 2782 849 2854 ἀκριϐὴς
875 2785 970 2838 τοῦ
1018 2785 1149 2839 Υίοῦ
1189 2787 1284 2840 τοῦ
1315 2788 1451 2841 Θεοῦ
1490 2791 1790 2862 κατάληψις

1920 2785 2155 2842 statibus
2192 2804 2361 2855 ;cum
2411 2793 2483 2849 sit
2522 2795 2696 2854 Filius
2741 2780 2860 2858 Dei.
2909 2780 3179 2874 Quocirca
3222 2780 3509 2888 postquam

224 2874 321 2926 Διὸ
368 2875 675 2946 προφήσας,
721 2874 923 2929 Πάντα
948 2893 1049 2945 μοι
1077 2877 1377 2947 παρεδόθη
1411 2881 1530 2978 ὑπὸ
1552 2882 1666 2978 τοῦ
1698 2886 1789 2938 Πα

1915 2878 2327 2947 enuntiaverat,
2365 2882 2561 2941 Omnia
2594 2892 2728 2945 mihi
2776 2894 2906 2949 data
2947 2914 3070 2956 sunt
3102 2922 3136 2959 a
3161 2874 3330 2963 Patre
3360 2874 3507 2978 .meo,

224 2965 368 3031 τρός
378 2982 519 3033 μου,
548 2966 831 3037 ἐπήγαγε·
880 2966 993 3020 Καὶ
1034 2967 1234 3035 οὐδεὶς
1285 2969 1394 3039 (99)
1435 2970 1790 3069 ἐπιγινωσκε

1915 2964 2136 3024 intulit:
2169 2969 2238 3026 Et
2284 2989 2435 3029 nemo
2479 2980 2619 3031 novit
2666 2980 2891 3053 Filium,
2924 2993 3028 3046 nisi
3074 2994 3242 3052 Pater
3263 3001 3331 3054 ”.
3362 2964 3509 3069 Quo:

223 3056 335 3110 τὸν
362 3056 525 3121 Υιὸν,
539 3060 589 3110 εὶ
599 3056 686 3126 μὴ
704 3061 737 3112 ό
750 3057 969 3127 Πατήρ.
995 3058 1310 3127 Σεσιγάσθω
1324 3062 1503 3115 τοίνυν
1525 3064 1633 3127 πᾶς
1647 3064 1790 3136 amp

1913 3058 2061 3115 circa
2100 3061 2320 3121 silentio
2361 3067 2670 3127 involvatur
2703 3079 2883 3136 omnis
2914 3082 2981 3137 de
3012 3083 3152 3142 Filio
3182 3089 3278 3145 Dei
3320 3108 3506 3150 sermo

224 3149 392 3219 ρητος
431 3149 558 3219 περὶ
597 3147 691 3202 τοῦ
732 3148 863 3203 Υίοῦ
894 3148 989 3203 τοῦ
1025 3150 1161 3205 Θεοῦ
1185 3153 1357 3221 Λόγος
1376 3192 1391 3218 ,
1422 3156 1516 3208 καὶ
1553 3155 1701 3227 μόνῳ
1726 3157 1790 3229 τς

1912 3153 2109 3219 quiest
2142 3154 2542 3227 inenarrabilis,
2573 3173 2628 3217 et
2659 3166 2765 3221 soli
2796 3170 2914 3241 ejus
2960 3172 3107 3230 Patri
3149 3147 3507 3241 commendet-

221 3238 400 3311 Πατρὶ
416 3239 801 3310 παραδεδόσθω
817 3242 848 3311 ὴ
867 3242 964 3312 τῆς
994 3240 1054 3307 ἐξ
1081 3242 1246 3297 αὐτοῦ
1262 3245 1528 3312 γενέσεως
1547 3247 1711 3302 αὐτοῦ
1732 3250 1790 3321 (11

1913 3250 2003 3297 tur
2042 3243 2189 3301 illius
2234 3248 2300 3304 de
2341 3251 2524 3323 scipso
2560 3238 2933 3325 generationis
2964 3269 3158 3327 modus
3207 3280 3263 3327 et
3306 3276 3507 3332 intelli-

220 3331 425 3399 γνῶσις
445 3371 460 3395 ,
498 3331 632 3403 μηδὲ
668 3334 980 3405 περαιτέρω
1002 3352 1085 3398 τις
1107 3335 1286 3406 ζητῶν
1319 3339 1571 3433 χωρείτω
1595 3342 1790 3411 φύσεως

1911 3336 2094 3403 gentia
2131 3352 2148 3389 :
2184 3351 2285 3395 nec
2312 3341 2671 3413 disquirendo
2699 3352 2970 3422 quispiam
3003 3363 3386 3433 progrediatur
3422 3331 3504 3422 ul-

220 3422 355 3494 πέρι
370 3424 465 3476 καὶ
478 3424 667 3488 οὐσίας
683 3426 1016 3497 ἀπορρήτου.
1041 3427 1194 3499 Μόνη
1215 3427 1273 3528 δε
1290 3430 1421 3528 ημῖν
1492 3433 1660 3528 αὑτοῦ
1680 3437 1790 3505 περ

1912 3425 2110 3494 terius,
2146 3428 2199 3482 in
2244 3441 2440 3488 natura
2475 3446 2529 3491 et
2559 3440 2865 3500 substantia
2908 3422 3280 3511 inenarrabili.
3327 3458 3503 3528 Ipsius

216 3513 392 3568 αὑτοῦ
416 3515 733 3570 διδασκαλία
763 3519 829 3587 τῇ
859 3518 959 3587 τῆς
983 3517 1218 3582 πίστεως
1240 3518 1574 3588 βεὸαιούσθω
1598 3524 1802 3597 χάριτι,

216 3604 409 3675 σαφῶς
434 3605 611 3661 πάντα
627 3606 775 3676 αὑτῷ
794 3608 899 3661 ὑπὸ
917 3606 1010 3660 τοῦ
1027 3607 1237 3680 Πατρδς
1261 3611 1657 3680 παραδεδόσθαι
1679 3633 1804 3670 παι-

210 3698 465 3752 δεύουσα.
501 3697 711 3751 Οὐκοῦν
748 3699 777 3750 6
816 3699 914 3768 μὲν
927 3699 1057 3763 Θεὸς
1086 3699 1256 3754 ἐδίδου
1278 3703 1373 3756 καὶ
1390 3706 1679 3777 παρεδίδου
1705 3711 1799 3763 ἐπὶ

218 3788 503 3858 βελτιώσει
525 3789 621 3843 καὶ
645 3788 884 3860 ὠφελείᾳ
901 3828 914 3852 ,
938 3786 1025 3842 οἷα
1047 3789 1259 3864 Σωτῆρι
1283 3796 1376 3847 καὶ
1399 3796 1568 3868 ίατρῷ
1589 3798 1683 3851 καὶ
1708 3818 1802 3853 κυ-

210 3879 450 3952 ϐερνήτῃ
498 3879 607 3934 τῶν
656 3880 791 3934 ὅλων
838 3882 938 3951 τὴν
976 3883 1278 3955 παράδοσιν
1300 3886 1651 3957 ποιούμενος’
1693 3892 1799 3946 όδὲ

209 3970 345 4036 Υἱὸς
376 3971 669 4043 ἑλάμὼνε,
707 3973 802 4027 καὶ
846 3969 936 4027 οἷα
974 3974 1164 4037 πιστὸς
1198 3977 1666 4049 παραθηκοφύλαξ
1698 3983 1799 4053 τὴν

206 4064 359 4119 δόσιν
376 4064 629 4136 ὑπείχετο
652 4065 753 4134 (2),
775 4066 873 4136 οὑχ
892 4066 968 4131 ὼς
984 4068 1156 4139 Λόγος
1183 4069 1437 4135 ἀνούσιος
1464 4073 1557 4126 καὶ
1587 4074 1793 4128 ἀνυπό-

208 4174 429 4221 στατος,
448 4158 565 4212 ἀλλ’
596 4159 672 4224 ὡς
704 4158 921 4230 ἀληθῶς
938 4160 1065 4226 Υἱὸς
1098 4160 1175 4215 ὢν
1201 4164 1513 4235 Μονογενὴς
1537 4166 1633 4219 καὶ
1655 4168 1794 4237 ἀγα-

203 4249 385 4322 πητὸς
416 4248 512 4303 τοῦ
543 4250 779 4322 Πατρός.

1908 3524 2091 3571 autem
2124 3520 2191 3575 de
2243 3523 2424 3594 seipso
2456 3527 2706 3587 doctrina
2754 3535 3097 3597 solummodo
3136 3560 3232 3613 per
3266 3520 3499 3618 gratiam

1906 3624 2029 3678 qua
2056 3627 2123 3666 ex
2152 3613 2267 3672 ﬁde
2288 3628 2373 3675 est
2397 3621 2678 3694 obsignata
2726 3641 2943 3686 maneat
2976 3651 3133 3703 :qua:
3165 3613 3350 3696 omnia
3376 3646 3502 3714 qui-

1906 3702 2029 3757 dem
2069 3704 2168 3773 ipsi
2211 3711 2411 3767 tradita
2459 3730 2489 3768 a
2542 3716 2705 3774 Patre
2743 3734 2846 3776 suo
2881 3702 3170 3783 maniieste
3204 3702 3498 3789 admodum.

1905 3810 2005 3851 nos
2036 3799 2213 3857 docet.
2245 3802 2402 3861 Dedit
2443 3822 2575 3879 ergo
2602 3809 2744 3868 Deus
2780 3824 2945 3883 atque
2976 3820 3199 3877 tradidit
3231 3823 3305 3878 illi
3355 3828 3500 3885 hanc

1905 3889 2255 3951 traditionem
2308 3912 2485 3969 suam,
2516 3902 2585 3958 ad
2625 3907 3065 3966 emendationem
3090 3924 3146 3968 et
3186 3917 3495 3985 profectum

1904 3982 2301 4056 universitatis,
2328 4000 2588 4063 tanquam
2624 3997 2930 4067 Servatori,
2959 3982 3201 4071 medico,
3220 4010 3497 4078 guberna-

1904 4078 2005 4131 tori
2028 4082 2295 4137 omnium.
2332 4092 2391 4150 »Β
2424 4087 2596 4145 Filius
2618 4105 2683 4145 ea
2718 4095 2945 4166 recepit,
2971 4107 3026 4153 et
3058 4110 3317 4173 tanquam
3355 4106 3497 4161 ﬁdus

1901 4172 2171 4244 quispiam
2195 4175 2427 4248 depositi
2454 4194 2638 4240 custos
2676 4186 2875 4243 donum
2922 4190 3051 4247 illud
3085 4172 3227 4265 apud
3257 4213 3317 4253 se
3350 4199 3495 4254 deti-

1896 4266 2048 4333 nuit,
2091 4282 2198 4324 non
2247 4282 2306 4326 ut
2332 4274 2569 4332 Verbum
2633 4282 2999 4341 insubsistens
3054 4295 3111 4343 et
3176 4290 3485 4348 substantia

201 4357 420 4407 carens,
450 4342 544 4396 sed
580 4352 833 4411 tanquam
864 4344 929 4408 is,
989 4344 1082 4413 qui
1109 4360 1236 4402 vere
1257 4362 1381 4404 cum
1430 4350 1504 4405 sit
1538 4350 1709 4408 Filius
1730 4391 1746 4416 ,
1779 4355 2089 4426 unigenitus
2128 4372 2184 4417 et
2227 4364 2456 4425 dilectus
2493 4369 2664 4437 Patri,
2706 4374 2775 4428 ad
2806 4375 2950 4444 hac,
2984 4382 3335 4452 semetipsum
3374 4386 3490 4456 ipse

200 4435 506 4490 nominavit
529 4450 722 4506 panem
751 4436 891 4500 vitae,
918 4436 1166 4507 inquiens
1198 4456 1213 4493 :

273 4528 344 4592 ζ’.
381 4530 503 4583 Ἔτι
546 4532 683 4602 πρὸς
725 4531 933 4595 τούτοις
966 4535 1061 4588 καὶ
1102 4535 1265 4606 ἄρτον
1311 4536 1410 4607 τῆς
1451 4536 1595 4634 (ibi;
1621 4540 1789 4634 Δαὐτὸς

1967 4546 2021 4599 7.
2061 4548 2177 4620 Ego
2206 4571 2319 4608 sum
2345 4559 2497 4623 ponis
2534 4560 2674 4614 viae.
2715 4562 2828 4634 Ego
2855 4582 2970 4619 sum
3000 4570 3152 4632 panis
3197 4572 3287 4627 ille
3317 4576 3483 4632 vivus.

200 4620 398 4676 ἑαυτὸν
415 4621 685 4692 ὠνόμαζε,
708 4622 879 4692 λέγων
899 4641 911 4654 ·
950 4624 1090 4695 Ἐγώ
1105 4629 1221 4695 ειμι
1237 4630 1269 4682 d
1286 4626 1464 4697 ἄρτος
1482 4629 1593 4698 τῆς
1610 4630 1779 4700 ζωῆς.

211 4711 356 4783 Ἐ’τώ
386 4715 505 4784 ειμι
536 4718 570 4769 ό
597 4715 775 4783 ἄρτος
807 4721 840 4771 ὁ
865 4715 996 4785 ζῶν,
1028 4721 1061 4773 ὀ
1092 4719 1161 4773 ἐκ
1188 4719 1295 4775 τοῦ
1318 4722 1581 4790 οὐρανοῦ
1608 4740 1784 4778 κατα-

198 4802 328 4870 ϐάς.
381 4803 492 4857 Καὶ
545 4804 694 4868 ὅπως
743 4806 957 4877 ὑπῆρχε
1007 4805 1137 4873 ζῶν.
1182 4808 1427 4880 διεσάφει
1476 4813 1781 4884 τρανότατα

194 4894 491 4967 διαρθρῶν,
520 4899 578 4951 ὲν
608 4892 690 4960 οἷς
724 4915 876 4969 φησι,
910 4900 1117 4966 Καθὼς
1147 4900 1467 4957 ἀπέστειλέ
1494 4922 1572 4973 με
1612 4908 1645 4959 ό
1673 4905 1785 4967 ζῶν·

194 4987 422 5056 Πατὴρ,
464 4987 627 5057 κάγὼ
655 4986 729 5049 ζῶ
763 4989 861 5043 διὰ
884 4992 991 5043 τὸν
1022 4992 1270 5062 Πατέρα.
1308 4995 1418 5049 Καὶ
1455 4996 1519 5049 '0
1550 4998 1785 5066 τρώγων

184 5097 286 5148 με,
314 5080 590 5147 κάκεῖνος
619 5079 783 5146 ζήσει
815 5080 889 5134 δι’
916 5083 1039 5151 ἐμέ.
1074 5082 1244 5137 Τοῦτο
1274 5085 1331 5138 δὲ
1358 5084 1452 5139 καὶ
1484 5088 1543 5140 ὲν
1576 5088 1784 5160 ἑτέροις

191 5170 432 5236 ἐδίδαξεν
464 5171 635 5226 εἰπών
653 5190 666 5202 ·
706 5174 930 5241 ’Ὠσπερ
960 5175 1069 5243 γὰρ
1095 5179 1128 5230 ό
1148 5177 1351 5245 Πατὴρ
1376 5176 1531 5247 ζωὴν
1556 5180 1681 5249 ἔχει
1712 5182 1783 5234 ἐγ

187 5263 402 5329 ἐαυτῷ,
436 5265 590 5319 οὕτω
624 5265 723 5320 καὶ
774 5265 854 5332 τῷ
904 5266 1018 5333 Υίῷ
1048 5267 1127 5338 (3)
1156 5268 1379 5325 ἔδωκεν
1422 5272 1589 5343 ἔχειν
1626 5272 1780 5343 («chr

266 5408 345 5473 if
364 5401 459 5473 Ed.
484 5400 655 5458 Paris.
682 5418 805 5473 pag.
839 5402 1029 5468 88,89.

1891 4642 1984 4709 qui
2024 4643 2090 4696 de
2114 4646 2241 4699 calo
2281 4649 2526 4706 descendi
2552 4654 2618 4707 ".
2648 4652 2892 4720 Qualiter
2930 4669 3111 4716 autem
3158 4669 3313 4721 vivus
3340 4670 3485 4723 exsi-

1890 4733 2091 4799 stebat,
2120 4739 2462 4805 apertissime
2501 4744 2799 4800 deetaravit
2851 4749 3128 4817 inquiens,
3165 4754 3293 4809 dum
3338 4758 3482 4813 aﬂir-

1894 4834 2024 4888 mat,
2054 4825 2510 4891 Quemadmodum
2550 4837 2694 4889 misit
2734 4855 2814 4892 me
2856 4841 3030 4897 vivens
3083 4842 3264 4911 Pater,
3308 4860 3357 4902 et
3386 4868 3481 4921 ego

1892 4914 2006 4969 vivo
2038 4933 2132 4985 per
2152 4917 2371 4976 Patrem
2398 4924 2468 4981 ”.
2489 4926 2555 4981 Et
2587 4946 2599 4980 :
2631 4928 2737 4994 Qui
2770 4949 2849 4986 me
2873 4926 3120 5005 comedit,
3156 4939 3245 4994 ille
3269 4914 3479 5013 propter

1891 5022 1973 5059 me
2024 5010 2151 5064 vivet
2178 5012 2215 5064 ¹.
2261 5012 2375 5071 Hoc
2405 5015 2579 5087 ipsum
2611 5021 2740 5076 alibi
2795 5024 3039 5093 edocuit,
3078 5010 3373 5101 inquiensi
3408 5035 3478 5090 Et

1889 5102 2329 5165 quemadmodum
2380 5107 2546 5165 Pater
2580 5114 2738 5167 vitam
2786 5118 2938 5171 habet
2978 5121 3032 5173 in
3067 5126 3363 5191 semetipso,
3400 5131 3478 5183 ita

1890 5200 1937 5242 et
1966 5188 2111 5247 Filio
2145 5196 2294 5251 dedit
2342 5199 2533 5257 habere
2563 5206 2723 5259 vitam
2753 5208 2807 5262 in
2850 5215 3129 5284 semetipso
3145 5216 3187 5269 '.
3223 5188 3476 5289 Erat-igi—

1890 5289 1979 5335 tur
2012 5285 2169 5352 panis
2209 5288 2335 5345 vita
2370 5310 2383 5344 :
2427 5300 2483 5347 et
2523 5294 2577 5349 in
2626 5298 2767 5352 coelo
2816 5301 3165 5371 subsistebat,
3198 5285 3476 5379 angelicas

256 5473 305 5505 "
332 5470 525 5527 Matth.
555 5488 632 5537 si,
658 5470 781 5528 27f
826 5475 871 5506 "
896 5477 1026 5530 ibid.
1103 5475 1148 5508 "
1171 5474 1325 5531 Joan.
1351 5493 1423 5541 vr,
1452 5478 1542 5545 55,
1570 5480 1662 5538 41.
1738 5485 1785 5517 "
1813 5484 1943 5541 ibid.
1977 5486 2067 5541 58.
2146 5487 2159 5517 ‘
2199 5489 2330 5545 ibid.
2408 5492 2428 5523 ’
2456 5491 2612 5548 Joan.
2641 5513 2695 5561 τ’,
2731 5498 2821 5555 26.

255 5649 367 5719 (97)
406 5650 591 5729 Vulgo
612 5653 939 5724 πιστεύομεν
988 5664 1042 5709 ει
1099 5656 1223 5711 dein
1269 5657 1557 5729 ὑπάρξεως
1590 5663 1764 5718 ἀπάν.

179 5714 291 5776 των
322 5714 372 5774 et
395 5720 739 5776 ἀπεδέδεκτο.

253 5792 369 5857 (98)
399 5790 571 5859 Vulgo
594 5792 683 5846 ὅδε
708 5804 761 5847 et
792 5795 902 5848 ἀπὸ
934 5795 1029 5848 τοῦ
1056 5816 1113 5849 π.

255 5864 367 5933 (99}
394 5862 565 5933 Vulgo
590 5862 847 5931 γινώσκει
882 5877 936 5920 et
966 5882 1088 5921 mox
1113 5868 1510 5938 παραδιδόσθω.

507 5956 783 6019 Ριτιιοι..
829 5958 947 6021 Gtt.
1000 5962 1047 6027 Χ
1066 5962 1233 6023 XIV.

2046 5669 2218 5755 \‘i'ulgo
2242 5687 2352 5755 om.
2372 5676 2539 5755 αὑτοῦ
2568 5687 2621 5733 et
2653 5696 2771 5755 nuta
2800 5685 3208 5755 παραδίδοσθαι.

1943 5738 2022 5809 (2)
2060 5738 2230 5811 νυΓεο
2264 5746 2439 5815 ὲπείχ.
2470 5759 2524 5801 et
2572 5766 2691 5804 mox
2723 5738 2891 5821 ἄρτον
3250 5763 3464 5833 τρανώ,

1872 5826 2032 5863 τατα.

1945 5879 2022 5952 (ὅ)
2058 5879 2227 5952 Vulgo
2250 5884 2501 5943 δέδωκεν.

3060 5994 3140 6052 28
