4032 6440
549 377 655 431 873

1225 359 1485 417 EUSI'IBII
1524 352 1990 414 (LESARIENSIS
2024 349 2175 407 OPP.
2216 346 2392 403 PARS
2428 346 2519 402 IV.
2558 376 2625 386 ——
2666 339 3081 399 υοωιιιτιαςι.

3695 337 3797 391 876

550 496 778 548 virtutes
798 488 1031 557 irrigans
1056 494 1220 552 atque
1253 478 1523 545 nutriens,
1551 490 1637 545 pet
1684 489 1796 530 suae
1823 470 2120 527 divinitatis

2227 467 2289 519 ἐν·
2312 463 2522 529 ἐαυτῷ.
2554 466 2617 515 Ἀ
2628 465 2677 534 ρ’
2705 457 2797 515 οὖν
2828 460 2921 514 καὶ
2946 459 3109 529 ἄρτος
3134 453 3200 529 ἦν
3221 457 3365 526 ζωῆς
3385 473 3398 486 ·
3429 456 3524 508 καὶ
3551 456 3798 525 ὑπῆρχεν

551 588 907 656 potestatem:
924 574 1049 630 llzec
1084 580 1205 628 erat
1229 570 1341 636 ille,
1379 567 1694 637 priusquam
1724 565 1776 620 in
1799 573 1996 619 terram
2026 563 2119 618 de-

553 671 833 729 scenderet
866 665 1074 734 ;Filius
1104 673 1243 728 erat,
1269 662 1437 716 vitam
1470 661 1523 715 in
1574 658 1751 727 seipso
1793 657 2116 712 continens:

553 765 621 818 ad
648 776 772 818 eum
798 759 1016 815 modum
1047 771 1153 826 quo
1185 753 1239 809 in
1272 767 1331 809 se
1366 753 1596 808 habebat
1615 750 1781 805 vitam
1812 747 1992 803 Pater.
2022 747 2121 801 Pa-

551 857 651 910 tris
675 855 821 911 enim
852 851 935 907 sui
980 848 1147 903 vitam
1193 856 1247 901 et
1276 845 1474 900 divina:
1519 857 1630 899 suae
1668 842 1793 897 vita
1826 840 1967 910 quod
1997 854 2123 909 pro~

550 949 726 1018 prium
790 944 966 998 fuerat
1013 948 1176 1009 atque
1212 936 1482 1006 peculiare
1518 934 1622 1007 (ob
1652 933 1794 1004 quod
1831 932 1978 987 solus
2027 932 2123 987 ba-

552 1038 682 1093 bere
724 1033 925 1090 dicitur
956 1028 1440 1090 immortalitatem,
1481 1024 1935 1095 quemadmodum
1970 1022 2122 1076 locu-

551 1139 640 1184 tus
701 1137 783 1197 est
827 1122 1044 1179 divinus
1099 1117 1615 1191 Apostolus)nemo
1669 1126 1867 1185 praeter
1928 1112 2123 1168 Filium

550 1217 827 1290 possidere
875 1214 1075 1284 poterit
1110 1210 1237 1281 :qui
1280 1219 1337 1266 et
1374 1210 1552 1281 imago
1591 1209 1677 1264 sui
1726 1206 1906 1263 Patris
1948 1205 2041 1271 sit,
2071 1214 2127 1260 et

553 1312 728 1366 factus
755 1322 971 1378 quoque
999 1305 1065 1360 ad
1122 1302 1415 1373 imaginem
1457 1298 1656 1355 Patris.
1688 1298 1831 1353 Ante
1870 1312 2000 1353 vero
2044 1298 2127 1351 di-

550 1410 695 1457 ctam
751 1399 840 1454 ille
884 1400 1048 1452 vitam
1078 1393 1344 1465 possidet,
1383 1406 1491 1447 non
1546 1391 1664 1446 sine
1693 1388 1983 1461 principio,
2020 1403 2126 1442 non

553 1491 875 1561 ingenitam,
914 1502 1065 1543 suam
1112 1484 1415 1555 propriam,
1446 1482 1597 1539 velut
1622 1481 1800 1537 Patris
1827 1480 2127 1551 possessio-

553 1595 701 1644 nem,
723 1578 815 1634 sed
837 1590 996 1647 quam
1021 1574 1231 1644 accepit
1252 1588 1283 1627 a
1315 1571 1497 1627 Patre.
1546 1573 1625 1627 ita
1647 1570 1793 1626 enim
1823 1570 1920 1635 ait,
1938 1568 2007 1623 Et
2034 1567 2130 1623 Fi-

554 1674 627 1727 lio
659 1671 804 1726 dedit
840 1671 1001 1723 vitam
1034 1666 1226 1720 habere
1256 1665 1313 1717 in
1358 1662 1654 1731 semetipso,
1687 1660 2129 1731 quemadmodum

556 1759 718 1815 Pater
736 1758 895 1812 habet
927 1758 1109 1821 vitam,
1144 1756 1200 1808 in
1232 1754 1420 1823 seipso.
1450 1750 1545 1807 Ille
1572 1766 1700 1822 ergo
1727 1751 1895 1815 dedit,
1922 1749 2130 1817 accepit

2219 560 2277 611 ὲν
2308 556 2386 627 τῷ
2411 554 2647 627 οὐρανῷ,
2681 552 2779 617 τὰς
2809 549 3107 620 άγγελικάς
3133 548 3389 619 δυνάμεις
3420 546 3675 619 ἐπάρδων
3708 547 3800 600 καὶ

2218 648 2433 719 τρέφων
2460 649 2525 715 τῇ
2552 645 2652 715 τῆς
2680 643 2931 712 θεότητος
2954 637 3122 693 αὑτοῦ
3149 638 3395 707 δυνάμει.
3427 636 3540 690 Καὶ
3562 634 3803 688 τοσαῦτα

2219 736 2307 810 ἦν,
2345 740 2473 811 πρὶν
2523 738 2617 791 ἐπὶ
2650 738 2752 808 γῆς
2786 734 2977 788 ὲλθείνο
3033 731 3159 793 Υἱός
3202 748 3262 783 τε
3292 727 3361 801 ἦν
3394 726 3539 800 ζωὴν
3567 725 3712 798 ἔχων
3746 728 3803 779 ὲν

2221 830 2401 901 ἑαυτῷ
2446 829 2648 900 ὁμοίως
2676 828 2755 899 τῷ
2786 828 2963 900 Πατρὶ
2994 825 3141 897 ζωὴν
3170 822 3345 893 ἔχοντι
3397 826 3455 876 ὲν
3490 820 3695 889 ἑαυτῷ.
3730 819 3805 873 Τδ

2222 921 2331 991 γὰρ
2362 919 2638 991 ἐξαίρετον
2668 918 2762 971 καὶ
2794 917 2995 982 ἰδιάζον
3022 916 3122 987 τῆς
3149 912 3245 967 τοῦ
3261 912 3476 987 Πατρδς
3498 910 3801 980 ἀγεννήτου

2223 1018 2317 1071 καὶ
2350 1016 2536 1086 θεῖκῆς
2562 1012 2729 1083 ζωῆς,
2757 1013 2825 1067 δι’
2857 1014 2924 1084 ἢν
2956 1012 3115 1084 μόνος
3156 1008 3301 1080 ἔχειν
3333 1006 3637 1061 ἀθανασίαν
3665 1002 3804 1058 κατὰ

2223 1107 2314 1161 τόν
2346 1106 2487 1158 θεῖον
2531 1104 2851 1157 ’Λπόστολον
2870 1102 3108 1174 εἴρηται,
3147 1100 3307 1171 μόνος
3336 1097 3403 1152 ἂν
3430 1095 3543 1168 ἔχοι
3571 1097 3602 1149 6
3636 1095 3763 1158 Υίός
3786 1110 3804 1124 θ

2225 1198 2320 1251 ἅτε
2352 1193 2515 1248 εἰκὼν
2562 1192 2657 1246 τοῦ
2691 1192 2905 1263 Πατρδς
2952 1192 3050 1245 καὶ
3098 1189 3238 1243 κατὰ
3279 1187 3436 1242 τοῦτο
3494 1186 3803 1257 τυγχάνων.

2230 1288 2383 1357 Ἔχει
2428 1286 2485 1339 δὲ
2530 1285 2627 1355 τὴν
2676 1268 2972 1356 εἰρημένην
3019 1281 3188 1353 ζωὴν,
3231 1281 3329 1334 οὐκ
3378 1279 3635 1350 ἄναρχον,
3682 1275 3807 1330 οὐδὲ

2227 1378 2539 1447 ἀγέννητον,
2574 1375 2694 1429 οὐδὲ
2741 1374 3040 1444 ίδιόκτητον
3067 1372 3268 1443 ὁμοίως
3304 1369 3384 1442 τῷ
3429 1370 3627 1442 Πατρὶ,
3669 1368 3807 1420 ἀλλά

2226 1468 2377 1539 παρά
2414 1467 2509 1522 τοῦ
2549 1467 2763 1539 Πατρδς
2802 1463 3004 1520 λαϐὼν.
3040 1461 3196 1518 Οὕτω
3235 1464 3343 1535 γάρ
3372 1478 3534 1533 φησι·
3570 1462 3682 1515 Καὶ
3726 1458 3811 1524 τῷ

2236 1560 2346 1627 Υἱῷ
2368 1560 2550 1615 ἔδωκε
2578 1558 2731 1627 {iam
2754 1557 2825 1611 ἐν
2858 1555 3063 1622 ἐαυτῷ
3087 1555 3253 1625 ἔχειν
3276 1554 3373 1625 (ι),
3402 1554 3599 1620 καθὼς
3630 1555 3664 1607 ό
3690 1555 3811 1607 Πα-

2228 1652 2339 1721 τὴρ
2363 1649 2517 1720 ζωὴν
2549 1650 2677 1720 ἔχει
2703 1651 2773 1704 ἐν
2789 1646 2999 1713 ἑαυτῷ.
3035 1645 3244 1701 Οὐκοῦν
3266 1646 3295 1698 6
3324 1645 3422 1716 μὲν
3449 1644 3673 1706 ἔδωκεν,
3695 1644 3725 1696 6
3750 1642 3808 1695 δὲ

2230 1742 2438 1813 εἴληφε.
2473 1742 2584 1795 Καὶ
2637 1741 2796 1812 μόνος
2846 1737 2990 1793 τοῦτ’
3029 1737 3223 1809 είληφε
3262 1736 3325 1789 τὸ
3366 1736 3557 1809 γέρας,
3605 1736 3683 1798 ὡς
3731 1734 3809 1806 μὴ

555 1853 680 1907 iste.
712 1850 981 1919 Solusque
1005 1849 1145 1903 hanc
1168 1846 1333 1901 habet
1358 1846 1458 1900 iste
1480 1842 1990 1914 praerogativammt
2018 1855 2122 1894 non

2227 1833 2423 1898 ἔξωθέν
2469 1832 2632 1886 ποθεν
2671 1831 2822 1902 αὐτῷ
2868 1827 3189 1903 πορίζεσθαι
3229 1829 3429 1899 ὁμοίως
3462 1830 3573 1891 τοῖς
3600 1826 3810 1890 λοιποῖς

554 1962 584 1995 e
616 1942 750 1999 foris
795 1941 1015 1996 aliunde
1049 1940 1116 1995 ad
1167 1937 1321 1992 illum
1369 1936 1669 1991 accesserit
1708 1934 1841 1998 vita,
1868 1935 2132 2004 quemad-

558 2034 772 2088 modum
816 2030 1034 2086 catteris
1059 2026 1327 2085 creaturis
1358 2025 1618 2083 accedere
1656 2022 1811 2088 solet,
1834 2024 1929 2079 sed
1960 2023 2014 2078 in
2046 2037 2133 2076 se-

558 2125 676 2192 ipso
704 2122 1088 2177 scaturientem
1120 2118 1264 2173 illam
1295 2125 1494 2183 teneat,
1525 2116 1819 2171 secundum
1860 2114 2130 2171 conditio-

554 2231 679 2269 nem
704 2213 819 2283 ejus
840 2229 961 2285 quae
994 2215 1047 2268 in
1068 2211 1230 2267 Patre
1268 2218 1373 2268 est.
1414 2210 1700 2278 Quocirca,
1734 2223 1854 2279 qua:
1898 2207 2126 2279 partici-

558 2309 788 2381 pant'de
839 2308 949 2362 vita
998 2306 1204 2372 omnia,
1242 2292 1430 2359 vivunt
1476 2298 1565 2358 illa
1609 2303 1676 2358 de
1724 2300 1846 2357 Filii
1884 2300 2132 2372 largitate

555 2410 959 2473 supermogata,
1002 2399 1149 2454 solus
1200 2406 1381 2453 autem
1420 2397 1536 2467 ipse
1565 2397 1730 2450 vitam
1764 2395 1925 2451 habet
1961 2395 2016 2449 in
2045 2408 2133 2449 se-

558 2497 675 2566 ipso
700 2494 1106 2557 scaturientem,
1141 2483 1301 2545 Patre
1340 2488 1485 2544 illam
1514 2487 1798 2559 largiente,
1833 2487 1899 2542 ad
1942 2501 2129 2541 eorum

558 2604 714 2643 usum
744 2595 799 2642 et
836 2584 1150 2639 fruitiouem
1172 2624 1187 2650 ,
1218 2582 1311 2653 qui
1343 2580 1597 2650 deinceps
1637 2587 1793 2634 erant
1826 2580 1931 2633 vita
1956 2576 2129 2632 viviti-

557 2679 737 2734 caudi.
768 2677 825 2733 ld
848 2676 992 2747 quod
1035 2676 1261 2746 ipsemet
1297 2680 1528 2727 testatur
1555 2672 1827 2740 inquiens.
1863 2669 2130 2736 Quemad-

555 2769 766 2823 modum
783 2780 865 2821 me
892 2766 1034 2819 misit
1060 2764 1232 2817 virens
1255 2759 1435 2826 Pater,
1455 2771 1503 2816 et
1530 2776 1621 2831 ego
1652 2762 1762 2816 vivo
1788 2772 1999 2830 propter
2021 2761 2129 2816 Pa-

554 2870 706 2913 trem.
739 2857 805 2911 Et
832 2873 845 2909 :
874 2854 977 2921 Qui
1002 2852 1247 2915 comedit,
1270 2851 1361 2905 ille
1390 2861 1600 2919 prapter
1620 2866 1701 2904 me
1726 2850 1873 2905 uiuet.
1918 2847 2018 2903 Hic
2051 2861 2125 2903 est

552 2942 729 3012 panis,
761 2942 850 3013 qui
872 2941 937 2993 de
970 2941 1098 2995 caelo
1124 2939 1385 2994 descendit
1402 2940 1443 2997 ³.
1467 2937 1630 2993 Vides
1658 2947 1857 3005 autem,
1889 2949 1948 2993 ut
1971 2939 2126 3008 panis

556 3044 675 3089 erat
717 3034 865 3100 vitae,
894 3032 1059 3088 etiam
1100 3031 1227 3087 dum
1277 3032 1451 3085 adhuc
1482 3030 1536 3085 in
1569 3030 1724 3086 caelis
1762 3040 1924 3087 esset.
1955 3037 2017 3096 >3
2045 3029 2126 3087 0b

557 3141 720 3193 quam
749 3125 922 3195 ipsam
960 3137 1182 3179 causam
1212 3121 1409 3192 legitur
1437 3121 1631 3177 alicubi
1668 3122 1888 3186 dictum,
1927 3121 2125 3177 Panem

560 3212 871 3283 angelorum
907 3211 1205 3266 comedebat
1230 3211 1385 3265 homo
1414 3211 1458 3266 ⁸.
1485 3209 1805 3281 Priusquam
1837 3226 1966 3282 ergo
1999 3213 2125 3267 mit-

559 3312 782 3369 teretur,
812 3301 1025 3358 vivebat
1058 3303 1112 3357 in
1167 3302 1340 3368 caelo,
1371 3311 1425 3357 et
1463 3318 1557 3373 per
1594 3303 1809 3359 Patrem
1860 3304 2075 3359 vivebat
2108 3324 2122 3361 :

560 3412 664 3452 non
696 3403 755 3449 ut
778 3394 1007 3450 Verbum
1034 3394 1480 3462 signiﬁcativum;
1525 3408 1629 3449 non
1660 3403 1717 3448 ut
1763 3410 1925 3450 unum
1968 3404 2128 3467 atque

561 3489 700 3542 idem
742 3502 864 3541 cum
897 3486 1009 3539 Deo
1042 3486 1331 3552 exsistens,
1360 3485 1455 3540 sed
1495 3494 1753 3554 tanquam
1786 3487 1833 3541 is
1874 3487 1965 3555 qui
1996 3488 2125 3543 sub-

559 3579 797 3641 sisteret,
826 3588 882 3630 et
925 3575 1088 3627 vitam
1138 3574 1239 3628 sibi
1284 3575 1553 3644 propriam
1593 3575 1902 3643 possidebat
1934 3596 1947 3630 :
1981 3576 2124 3630 illam

562 3668 785 3731 scilicet,
816 3680 977 3735 quam
1010 3663 1167 3719 Pater
1190 3663 1449 3734 elargitus
1480 3664 1553 3718 illi
1578 3664 1775 3721 fuerat.
1801 3666 2129 3737 Progressus

561 3762 759 3821 .lenuo,
790 3756 1161 3811 excellentiam
1210 3765 1450 3824 paternae
1479 3755 1662 3824 gloriae
1700 3757 1825 3811 dum
1857 3757 2123 3822 insinuat,

562 3850 640 3901 ait
668 3864 683 3902 :
728 3848 1177 3911 Quemadmodum
1210 3862 1291 3899 me
1319 3844 1480 3900 Pater
1511 3848 1707 3917 docuit,
1751 3851 1852 3903 ista
1880 3851 2066 3919 loquor
2080 3852 2123 3906 '.

565 3938 651 4005 Et,
692 3937 797 4003 Qui
831 3954 910 3991 me
940 3937 1104 4000 misit,
1135 3939 1180 3991 is
1208 3953 1407 3992 mecum
1437 3948 1512 3993 est
1534 3952 1553 3991 :
1588 3956 1691 3994 non
1722 3958 1802 3996 me
1824 3944 2020 3998 dimisit
2049 3960 2129 3997 so-

563 4033 694 4095 lum,
720 4032 967 4101 quoniam
995 4046 1087 4099 ego
1104 4030 1311 4097 ubique,
1328 4046 1445 4100 quia
1465 4043 1583 4084 sunt
1602 4034 1703 4100 ipsi
1731 4036 2125 4103 compiacentia,

564 4123 759 4190 facio‘.
787 4120 947 4177 Omni
989 4122 1145 4175 modo
1171 4123 1258 4176 hic
1282 4123 1409 4177 mihi
1440 4123 1695 4179 observes
1727 4124 1904 4187 velim,
1931 4127 2059 4196 quid
2076 4135 2130 4181 et

564 4214 852 4282 quomodo,
888 4213 1101 4282 ubique,
1136 4212 1492 4267 dicatur.Non
1520 4212 1859 4278 enim,Nune
1892 4214 2128 4279 ait,dum

566 4304 618 4356 in
669 4304 828 4357 terris
875 4316 971 4373 per
1007 4316 1231 4356 carnem
1264 4317 1383 4358 cum
1422 4303 1733 4358 hominibus
1765 4319 1973 4370 versor,
2012 4320 2131 4374 quae

565 4390 707 4446 Patri
740 4401 862 4446 sunt
883 4394 1296 4462 complacentia,
1326 4392 1468 4447 facio
1501 4396 1634 4449 :sed
1677 4409 1890 4463 semper
1926 4405 1981 4450 et
2011 4398 2129 4451 ubl-

2230 1925 2363 1989 ζῶσι
2392 1925 2490 1997 τὴν
2515 1924 2682 1996 ζωὴν,
2722 1924 2838 1978 ἀλλ’
2869 1926 2929 1977 ὲν
2953 1920 3133 1992 ἑαυτῷ
3162 1919 3514 1993 πηγάζουσαν
3541 1919 3687 1990 ἐχειν
3711 1920 3814 1973 αὐ-

2228 2012 2347 2085 τὴν,
2385 2013 2528 2067 κατά
2573 2013 2672 2083 τὴν
2717 2015 2778 2067 ὲν
2810 2011 2889 2083 τῷ
2920 2012 3114 2083 Πατρί.
3144 2011 3237 2064 Διὸ
3269 2011 3447 2064 πάντα
3480 2010 3580 2081 μὲν
3608 2009 3679 2063 τὰ
3709 2009 3811 2078 τῆς

2230 2104 2375 2176 ζωῆς
2410 2106 2615 2177 μέτοχα
2645 2104 2703 2173 ἐξ
2738 2104 3098 2178 ἐπιχορηγίας
3122 2102 3216 2158 τοῦ
3252 2103 3382 2157 Υἱοῦ
3414 2100 3479 2173 ζῇ
3500 2118 3514 2131 ·
3554 2102 3718 2173 μόνος
3749 2100 3811 2153 δὲ

2230 2197 2389 2259 αὐτὸς
2414 2197 2769 2269 πηγάξουσαν
2802 2196 2945 2269 ζωὴν
2975 2196 3088 2267 ἔχει
3131 2197 3190 2249 ἑν
3223 2193 3421 2264 ἐαυτῷ,
3460 2192 3557 2247 τοῦ
3594 2192 3813 2267 Πατρδς

2230 2287 2379 2359 αὑτῷ
2404 2287 2560 2342 τοῦτο
2586 2288 2975 2359 δωρησαμένου
3006 2290 3087 2351 είς
3114 2286 3415 2341 ἀπόλαυσιν
3444 2284 3555 2339 τῶν
3590 2284 3811 2356 μελλόν-

2227 2396 2334 2435 των
2346 2381 2412 2434 δι’
2428 2380 2591 2434 αὑτοῦ
2605 2379 3005 2445 ζωοποιεῐσθαι.
3033 2381 3098 2433 '0
3112 2379 3176 2451 δὴ
3196 2378 3274 2449 (5)
3290 2378 3384 2433 καὶ
3394 2378 3555 2442 αὐτὸς
3565 2378 3813 2432 διδάσκει

2228 2471 2430 2540 λέγων’
2464 2471 2666 2536 Καθὼς
2697 2470 3021 2528 ἀπέστειλέ
3041 2487 3119 2542 με
3169 2475 3202 2525 ό
3244 2469 3356 2532 ζῶν
3393 2470 3617 2540 Πατὴρ,
3649 2468 3817 2539 κάγὼ

2229 2562 2301 2625 ζῶ
2326 2564 2424 2620 διὰ
2451 2565 2559 2620 τὸν
2581 2563 2835 2633 Πατέρα.
2881 2564 2993 2618 Καί
3010 2580 3024 2594 ·
3063 2564 3126 2617 '0
3146 2563 3382 2632 τρώγων
3402 2579 3500 2634 με,
3530 2561 3813 2628 κάκεῖνος

2228 2654 2389 2721 ζήσει
2416 2656 2491 2711 δι’
2518 2656 2643 2726 ἐμέ.
2664 2654 2857 2724 ,Οὗτός
2888 2657 3060 2711 ἐστιν
3076 2659 3109 2710 ὀ
3135 2654 3315 2725 ἄρτος
3348 2658 3381 2709 ό
3409 2655 3478 2709 ἐκ
3498 2653 3607 2710 τοῦ
3635 2656 3814 2723 οὐρα·

2225 2749 2339 2803 νοῦ
2366 2748 2643 2815 καταϐάς.
2686 2750 2848 2821 Ὁρᾷς
2872 2749 3020 2813 ὅπως
3055 2748 3151 2801 καὶ
3183 2749 3240 2801 ὲν
3277 2744 3491 2817 οὐρανῷ
3522 2744 3813 2817 ὑπάρχων,

2226 2838 2389 2909 άρτος
2416 2835 2484 2910 ἦν
2514 2838 2788 2914 ζωῆς.,Διδ
2816 2837 3064 2893 λέλεκταί
3125 2854 3226 2891 που
3250 2853 3264 2867 ·
3288 2836 3495 2904 Ἄρτον
3541 2835 3815 2904 ἀγγέλων

2226 2931 2445 3000 ἔφατον
2456 2934 2487 2984 d
2500 2932 2825 3000 ἄνθρωπος.
2840 2929 2950 2984 Καὶ
2968 2929 3100 3002 πρὶν
3115 2927 3450 2983 ἀπεστάλθαι
3465 2928 3573 2999 ἄρα
3599 2927 3707 2980 ὑπὸ
3717 2926 3813 2981 τοῦ

2230 3023 2463 3093 Πατρδς,
2493 3023 2549 3075 ὲν
2593 3020 2804 3093 οὐρανῷ
2829 3016 2898 3091 ἦν
2930 3019 3027 3091 (6),
3060 3020 3155 3074 καὶ
3195 3017 3289 3091 ἔζη
3329 3019 3415 3072 διά
3455 3018 3547 3072 τὸν
3589 3020 3814 3091 Πατέρα

2227 3116 2324 3185 οὺχ
2350 3114 2424 3177 ὡς
2437 3115 2607 3184 Λόγος
2636 3112 3095 3185 σημαντικός,οω
3118 3112 3195 3175 ὡς
3217 3111 3275 3165 ἓν
3297 3112 3392 3165 καὶ
3410 3111 3609 3165 ταύτὸν
3635 3114 3813 3183 ὑπάρ-

2228 3224 2337 3276 χων
2368 3206 2445 3276 τῷ
2470 3206 2607 3276 Θεῷ,
2634 3206 2749 3258 ἀλλ’
2773 3205 2849 3269 ὡς
2876 3205 3123 3275 ὑφεστὼς
3162 3207 3259 3259 καὶ
3290 3204 3433 3275 ζωὴν
3464 3204 3602 3257 ἰδίαν
3643 3204 3811 3275 ἔχων,

2226 3300 2291 3370 ἢν
2337 3301 2365 3351 6
2411 3299 2599 3371 Πατὴρ
2629 3298 2778 3370 αὐτῷ
2822 3298 3039 3352 δέδωκε.
3077 3299 3187 3353 Καὶ
3218 3297 3422 3370 προῖὼν
3466 3298 3525 3351 δὲ
3574 3283 3705 3368 ἑξῆς
3749 3298 3813 3351 τὸ

2227 3391 2487 3461 ὑπερέχον
2539 3391 2640 3460 τῆς
2701 3390 2794 3444 τοῦ
2831 3390 3045 3464 Πατρδς
3091 3390 3250 3462 δόξης
3297 3389 3569 3461 παριστὰς
3619 3389 3809 3458 ἔλεγε·

2222 3481 2427 3547 Καθὼς
2465 3480 2701 3546 ἐδίδαξέ
2728 3481 3063 3550 μεΠατὴρ,
3111 3480 3303 3536 ταῦτα
3323 3477 3517 3537 λαλῶ.
3554 3480 3700 3540 Καὶ·
3749 3480 3813 3536 '0

2226 3573 2465 3643 πέμψας
2493 3589 2570 3641 με
2588 3572 2715 3642 μετ’
2744 3573 2888 3641 ἐμοῦ
2914 3574 3105 3627 ἐστιν.
3127 3576 3248 3628 Οὐκ
3273 3574 3471 3644 ἀφῆκέ
3490 3592 3567 3643 με
3594 3577 3813 3644 μόνον,

2226 3666 2314 3720 ὅτι
2340 3666 2454 3735 ἐγὼ
2475 3666 2548 3720 τὰ
2582 3664 2806 3735 ἀρεστὰ
2845 3664 3005 3731 αὐτῷ
3047 3666 3197 3720 ποιῶ
3230 3667 3513 3722 πάντοτε.
3545 3669 3717 3740 Τήρει
3753 3669 3813 3722 δὲ

2226 3757 2488 3830 ἀκριϐῶς,
2504 3759 2652 3820 ὅπως
2667 3760 2880 3829 εἴρηται
2908 3761 3184 3814 πάντοτε.
3203 3761 3278 3813 Οὐ
3307 3761 3436 3830 γάρ,
3463 3760 3605 3827 Νῦν,
3620 3762 3811 3832 φησὶν,

2226 3849 2313 3901 ὅτε
2347 3849 2437 3900 ἐπὶ
2473 3849 2573 3918 γῆς
2601 3847 2907 3920 ἀνθρώποις
2939 3849 3027 3903 διὰ
3071 3851 3271 3920 σαρκὸς
3302 3851 3497 3921 ὁμιλῶ,
3570 3853 3640 3905 τά
3684 3854 3817 3923 ἀρε-

2230 3939 2419 4011 στάτῷ
2449 3940 2721 4012 (7)Πατρὶ
2769 3941 3193 4014 διαπράττομαι,
3237 3943 3373 3996 ἀλλά
3411 3945 3508 3997 καὶ
3552 3944 3811 3999 πάντοτε.

2228 4030 2336 4082 Καὶ
2367 4028 2535 4082 ταῦτα
2575 4029 2631 4082 δὲ
2681 4030 2861 4084 λαλεῖν
2905 4033 3265 4104 μαρτύρεται,
3320 4034 3485 4104 ἅπερ,
3530 4034 3608 4097 ὡς
3657 4035 3814 4104 παρά

2226 4118 2577 4187 διδασκάλου,
2611 4122 2762 4193 παρά
2799 4122 2895 4175 τοῦ
2946 4123 3157 4195 Πατρδς
3218 4124 3570 4195 μεμάθηκεν·
3613 4122 3814 4178 οὐκοῦν

2228 4212 2322 4262 καὶ
2355 4211 2669 4266 διδάσκαλον
2700 4214 3063 4285 ἐπιγράφεται
3090 4216 3181 4269 τὸν
3211 4217 3455 4289 Πατέρα,
3496 4218 3684 4287 ἕτερος
3708 4218 3809 4284 ὢν,

2228 4303 2444 4375 δηλαδὴ,
2495 4306 2623 4376 παρ’
2674 4306 2859 4370 αὐτὸν,
2914 4307 2967 4358 sl
2985 4324 3049 4375 γε
3076 4310 3180 4371 πᾶς
3220 4309 3327 4380 ὅτῳ
3367 4307 3813 4381 μαθητευόμενος

2228 4397 2412 4469 ἕτερος
2436 4399 2689 4469 τυγχάνει
2717 4398 2810 4451 τοῦ
2836 4399 3191 4463 διδάσκοντος.
3224 4402 3288 4454 Εἰ
3330 4401 3375 4453 δ’
3402 4402 3460 4456 ὲν
3487 4402 3566 4473 τῷ
3590 4402 3712 4473 Θεῷ
3737 4398 3813 4474 ἦν

565 4492 686 4545 que.
722 4477 847 4533 Haec
873 4491 1052 4533 autem
1088 4480 1161 4533 ita
1192 4496 1251 4535 se
1278 4480 1512 4535 locutum
1542 4491 1791 4548 testatur,
1820 4494 1877 4539 ut
1914 4486 2005 4555 qui
2039 4485 2126 4540 illa

2228 4491 2256 4543 6
2283 4490 2471 4559 Λόγος,
2519 4490 2585 4543 δι’
2615 4491 2673 4545 6v
2714 4492 2807 4545 καὶ
2844 4491 3062 4560 λογικὸς
3101 4491 3166 4546 ἂν
3193 4494 3385 4565 ῥηθείη
3420 4494 3529 4548 τῶν
3554 4495 3649 4548 τοῦ
3692 4495 3811 4549 Πα-

566 4576 845 4635 acceperat
871 4581 900 4620 a
928 4565 1088 4621 Patre
1108 4582 1225 4622 suo.
1257 4567 1520 4636 Quocirca
1544 4573 1817 4626 doctorem
1846 4588 2000 4629 suum
2040 4575 2124 4628 iu-

566 4656 753 4712 scribit
783 4656 1020 4721 Patrem,
1051 4656 1188 4712 alius
1217 4660 1284 4714 ab
1312 4674 1377 4714 eo
1421 4661 1603 4729 procul
1628 4663 1793 4719 dubio
1820 4666 2124 4721 exsistens:

565 4750 828 4817 siquidem
860 4749 1035 4803 omnis
1058 4752 1149 4810 qui
1178 4751 1246 4805 ab
1274 4751 1379 4806 alio
1398 4753 1944 4817 edocetur,diversus
1975 4758 2129 4827 plane

566 4844 634 4895 ab
662 4842 751 4896 illo
774 4843 1005 4907 exsistit,
1032 4843 1122 4912 qui
1162 4844 1341 4897 docet.
1376 4845 1530 4912 Quod
1573 4848 1617 4901 si
1658 4848 1712 4901 in
1745 4847 1855 4905 Deo
1897 4849 2126 4904 Verbum

566 4942 681 4986 crat
712 4935 953 5002 (propter
1001 4935 1143 5004 quod
1178 4934 1386 5003 logicus
1424 4936 1633 4991 dicatur
1674 4938 1803 5009 ille),
1843 4942 2129 5011 cogitatio-

569 5038 695 5076 num
729 5024 812 5078 sui
849 5024 1024 5079 Patris
1053 5034 1106 5078 et
1141 5039 1395 5083 sensuum
1441 5031 1813 5083 tantummodo
1854 5029 2126 5099 signiﬁca-

569 5112 736 5167 tivum
768 5130 782 5167 :
812 5114 904 5183 qui
958 5122 1135 5183 potest
1184 5113 1323 5181 ﬁeri,
1369 5124 1427 5168 ut
1472 5114 1542 5169 sit
1591 5114 1705 5186 ipse
1745 5120 2003 5187 magister
2042 5123 2124 5175 sui

571 5201 736 5269 ipsius
781 5200 1138 5257 informator?
1173 5200 1469 5269 Quomodo,
1501 5218 1620 5258 cum
1667 5221 1696 5261 a
1736 5208 1845 5263 Deo
1868 5211 1941 5265 sit
1980 5211 2125 5266 iuse—

650 5345 710 5410 ἧς
737 5338 833 5392 Ed.
866 5338 1041 5395 Paris.
1069 5357 1193 5410 pag.
1227 5342 1294 5396 90

2229 4582 2355 4654 τρδς
2398 4584 2685 4655 νοημάτων
2735 4587 3071 4655 σημαντικός
3116 4603 3200 4650 τις
3239 4587 3345 4641 ὤν’
3387 4586 3503 4648 πῶς
3540 4586 3607 4639 ἂν
3643 4584 3811 4650 αὐτὸς

2234 4673 2420 4727 ἑαυτοῦ
2450 4676 2658 4743 γένοιτο
2679 4676 2997 4740 διδάσκαλος
3021 4693 3035 4742 ;
3066 4678 3190 4741 Πῶς
3213 4678 3257 4731 δ’
3283 4677 3586 4749 ἀχώριστος
3608 4676 3685 4730 ὢν
3709 4675 3809 4730 τοῦ

2232 4764 2383 4831 Θεοῦ,
2409 4767 2598 4819 ἑαυτὸν
2623 4767 2805 4834 ἔλεγεν
2831 4767 3196 4833 ἀπεστάλθαι;
3222 4770 3349 4833 Πῶς
3373 4769 3449 4833 δὲ,
3470 4769 3529 4822 ἓν
3550 4770 3649 4824 καὶ
3674 4770 3810 4823 ταὺ-

2231 4857 2321 4910 τὸν
2370 4858 2627 4929 ὑπάρχων
2668 4859 2746 4930 τῷ
2796 4860 2938 4932 Θεῷ,
2983 4861 3049 4914 τά
3097 4862 3303 4932 ἀρεστά
3353 4862 3616 4933 πράττειν
3655 4854 3812 4934 αὐτῷ

2230 4945 2653 5019 διεμαρτύρετο;
2700 4950 2761 5002 Ei
2795 4950 2852 5003 δὲ
2882 4952 3016 5022 πρὸς
3056 4952 3229 5005 ταῦτα
3272 4952 3420 5020 λέγοι
3459 4953 3809 5023 Μάρκελλος,

2230 5033 2287 5085 ὲν
2327 5038 2393 5105 τῇ
2427 5038 2592 5105 σαρκὶ
2622 5036 2750 5089 ὄντα
2792 5040 2884 5092 τὸν
2929 5040 3120 5109 Λόγον,
3159 5042 3361 5106 ταύτας
3405 5044 3683 5113 εἰρηκέναι
3707 5044 3812 5109 τὰς

2232 5127 2432 5193 φωνὰς,
2467 5129 2563 5181 καὶ
2596 5131 2649 5182 τί
2670 5132 2826 5185 τοῦτο
2850 5134 3093 5204 φήσομεν
3126 5135 3260 5206 πρὸς
3285 5134 3379 5188 τὸν
3423 5135 3497 5207 μὴ
3518 5135 3810 5205 ὁμολογεῖν

2231 5217 2321 5270 τὸν
2373 5219 2500 5273 Υἱὸν
2541 5221 2617 5291 (8)
2675 5224 2838 5276 αὐτὸν
2897 5220 3055 5291 εἶναι,
3083 5226 3219 5280 ἀλλὰ
3251 5228 3422 5295 Λόγον
3456 5227 3649 5298 μόνως
3683 5228 3811 5292 Πὼς

642 5381 834 5461 53035:
1230 5381 1459 5469 "TPsal.
1489 5431 1691 5481 Lxsvn,
1713 5418 1816 5482 25;
1851 5420 1889 5472 ll
1928 5420 2081 5475 Esdr.
2113 5437 2185 5489 Ix,
2224 5426 2305 5477 l5.
2382 5428 2403 5458 '
2436 5425 2593 5481 loan.
2631 5445 2747 5493 vm,
2776 5431 2867 5487 ‘28.
2945 5433 2963 5463 '
2992 5433 3118 5487 ibid.
3143 5433 3234 5487 29.

573 5545 720 5669 “34)
750 5544 916 5618 Vulgo
945 5549 1001 5601 ὲν
1019 5550 1195 5623 ἐαυτῷ
1215 5553 1390 5623 ἔχειν;
1430 5569 1591 5626 supra
1619 5558 1774 5628 vulgo
1819 5560 1958 5613 κατὰ
2007 5559 2129 5613 τοῦ-

643 5686 720 5755 (5)
746 5685 913 5756 Vulgo
938 5689 1015 5744 δέ.

645 5756 720 5826 (6i
751 5756 871 5811 Mss.
894 5758 1021 5829 ιζην
1047 5778 1061 5826 ;
1086 5778 1207 5817 mox
1229 5765 1386 5834 vulgo
1409 5766 1512 5819 οὐδ’
1531 5769 1605 5831 ὡς
1621 5780 1671 5824 et
1693 5769 1819 5839 ἑξῆς
1836 5772 2123 5843 ὑπεροχήν,

2233 5574 2286 5619 et
2318 5565 2454 5619 inira
2486 5568 2569 5620 ὅτι
2593 5569 2701 5622 ὲπί.

2305 5636 2383 5703 (7i
2415 5635 2579 5705 Vulgo
2599 5640 2745 5705 αὑτῷ
2773 5641 2868 5705 τῷ.

2306 5693 2379 5777 (8)
2412 5693 2579 5777 Vulgo
2610 5710 2701 5762 τὸν
2718 5693 2805 5783 ’μὴ
2822 5696 2984 5783 ’ὁμολ.
3023 5713 3113 5765 τὸν
3139 5713 3286 5769 risv.
