4032 6476
211 426 319 480 8Τῖ

1170 424 1259 480 DE
1292 422 1841 481 ECCLESIASTICA
1879 422 2276 479 TllEOLOGIA
2316 422 2446 478 LIB.
2484 424 2523 479 Ι.

3386 424 3492 479 87R

210 541 256 595 δ’
287 543 348 593 ἐν
387 545 453 613 τῇ
490 545 655 615 σαρκὶ
692 542 782 615 ἦν,
816 546 905 599 ὅτε
938 544 1114 599 ταῦτα
1154 543 1371 611 ἔλεγεν;
1406 544 1547 615 Ἀρά
1579 558 1643 611 γε
1677 540 1805 604 ζῶν.

1915 540 2195 609 parabilis,
2239 542 2463 594 missum
2513 537 2716 595 fatetur
2773 541 3127 611 semetipsum
3163 541 3497 608 ?Qnomodo

210 632 310 684 καὶ
346 631 625 700 ὑφεστὼς,
647 636 743 687 καί⁵
777 634 872 689 τοῦ
903 636 1119 707 Πατρὸς
1165 633 1427 705 ὑπάρχων
1462 634 1650 699 ὲκτός;
1696 634 1807 687 Καὶ

209 721 299 786 τίς
326 717 395 793 ἦν
426 724 455 775 0
485 723 675 795 Πατὴρ
720 724 857 789 τότε,
895 726 971 797 μὴ
1012 726 1105 779 τὸν
1136 727 1334 778 οίκείον
1373 724 1708 795 κεκτημένος
1746 726 1807 777 ἐν

208 812 395 885 ἑαυτῴ
424 817 618 885 Λόγον,
649 817 765 871 ἀλλ’
801 818 1047 887 ὑφεστὼς
1074 818 1203 873 ἄνευ
1247 818 1452 886 Λόγου;
1499 816 1726 869 ὲνοικῶν
1750 816 1806 870 δὲ

209 911 271 963 ὲν
303 914 368 981 τῇ
418 912 580 983 σαρκὶ
620 915 651 967 ό
691 914 884 984 Λόγος,
915 914 993 969 ὅτ’
1022 914 1117 968 ἐπὶ
1157 914 1263 983 γῆς
1304 916 1543 967 ἑποιείτο
1563 914 1662 977 τάς
1694 913 1807 966 δια-

207 1003 427 1076 τριϐάς,
449 1005 497 1058 εί
523 1004 621 1076 μὲν
645 1005 741 1060 τοῦ
762 1006 975 1078 Πατρὸς
994 1005 1153 1069 ἐκτὸς
1170 1000 1259 1077 ἦν,
1278 1005 1388 1071 ζῶν
1414 1006 1508 1060 καὶ
1534 1004 1804 1076 ὑφεστὼς,

208 1096 307 1147 καὶ
345 1096 445 1166 τὴν
493 1096 674 1167 σάρκα
715 1095 883 1152 κινῶν
928 1095 1109 1166 ψυχῆς
1157 1096 1333 1169 δίκην,
1368 1096 1555 1165 ῑτερος
1599 1096 1804 1167 δηλαδὴ

208 1188 366 1260 παρὰ
392 1188 483 1243 τὸν
510 1189 751 1264 Πατέρα,
793 1190 888 1244 καὶ
924 1188 1017 1243 δύο
1047 1188 1211 1243 πάλιν
1253 1188 1603 1253 ὑποστάσεις,
1642 1188 1806 1250 αὑτός

206 1296 269 1333 τε
298 1280 392 1333 καὶ
420 1281 449 1333 0
470 1281 693 1353 Πατὴρ,
724 1282 993 1353 ὑπῆρχον.
1024 1281 1263 1345 Μάταιός
1284 1297 1345 1334 τε
1371 1282 1479 1344 πᾶς
1500 1282 1527 1334 0
1547 1278 1803 1350 Μαρκέλ-

207 1368 305 1424 λου
358 1371 676 1444 πεφώραται
735 1372 928 1437 πόνος,
977 1370 1209 1442 ουσιὼδη
1252 1372 1427 1441 Λόγον
1476 1371 1655 1435 ζῶντα
1708 1370 1805 1424 καὶ

209 1462 527 1531 ὑφεστῶτα,
566 1464 657 1517 τὸν
691 1465 749 1517 ἰν
766 1466 1021 1539 τῇξσαρκῑ
1057 1466 1346 1534 γενόμενον
1368 1463 1705 1536 ὁριζομένου.
1742 1464 1805 1516 Εἰ

204 1554 433 1620 δ’ὲκτὸς
475 1557 687 1628 ὑπῆρχε
730 1557 826 1611 τοῦ
860 1557 995 1613 Θεοῦ
1041 1558 1119 1630 (9)
1142 1561 1170 1613 0
1210 1561 1269 1611 ὲν
1305 1556 1384 1629 τῷ
1414 1556 1630 1627 σώματι
1662 1574 1803 1611 κατ-

204 1648 375 1701 οικῶν
432 1647 633 1717 Λόγος,
672 1649 874 1720 ἥνωται
910 1649 969 1703 δὲ
1012 1650 1108 1704 καὶ
1145 1650 1386 1721 συνῆπτο
1432 1649 1511 1719 τῷ
1542 1648 1681 1720 Θεῷ,
1729 1647 1805 1711 ὡς

202 1738 267 1791 εν
292 1741 387 1792 καὶ
411 1740 605 1793 ταὺτδν
634 1736 773 1793 εἷναί
800 1758 858 1793 τε
889 1741 1037 1811 αὑτῷ
1059 1740 1119 1807 ἐξ
1144 1742 1391 1813 ἀνάγκης
1421 1739 1605 1804 δώσει,
1633 1740 1667 1811 ἢ
1701 1740 1804 1793 αὑ-

203 1828 301 1885 τὸν
337 1826 479 1884 εἶναι
510 1832 602 1884 τὸν
641 1832 861 1903 Πατέρα
898 1834 957 1886 ὲν
986 1836 1051 1905 τῇ
1092 1834 1337 1905 σαρκὶ,ἢ
1384 1831 1499 1903 (10)
1538 1832 1630 1884 τὸν
1672 1831 1801 1884 Υίὸν

209 1923 500 1991 ὑφεστῶτα
528 1924 647 1978 καθ’
680 1925 874 1979 ἑαυτὸν
902 1927 995 1979 καὶ
1024 1926 1351 1997 ἐνεργοῦντα
1374 1929 1433 1980 ὲν
1459 1924 1539 1995 τῷ
1562 1923 1796 1995 σώματι,

206 2014 241 2086 ἢ
267 2014 446 2087 ψυχὴν
488 2015 798 2088 ἀνθρώπου,
845 2017 957 2089 ἢεί
1002 2018 1172 2089 μηδὲν
1215 2017 1441 2081 τούτων,
1492 2017 1798 2087 αὐτόματον

205 2107 473 2161 κινεῖσθαι
510 2107 609 2179 τὴν
654 2109 853 2181 σάρκα,
898 2110 1105 2181 ἄψυχον
1148 2105 1315 2165 οὖσαν
1360 2110 1456 2163 καὶ
1487 2110 1701 2179 ἄλογον.
1736 2111 1798 2162 El

211 2198 310 2269 μὲν
339 2195 432 2253 οὖν
476 2200 569 2253 τὸν
600 2201 819 2274 Πατέρα
865 2202 1035 2271 λέγοι,
1086 2201 1240 2256 ἔσται
1289 2203 1318 2256 0
1366 2203 1558 2274 Πατὴρ
1586 2203 1735 2274 αὑτῴ
1772 2206 1801 2257 ὀ

206 2291 489 2362 γεννηθεὶς
534 2295 628 2346 καὶ
668 2293 855 2347 παθὼν
893 2296 986 2349 καὶ
1020 2297 1129 2350 πᾶν
1169 2294 1331 2367 ἔργον
1370 2295 1799 2368 άνθρωποπαθὲς

204 2383 525 2454 ὑπομείνας,
540 2384 567 2437 ὃ
590 2384 653 2456 δὴ
675 2384 1048 2458 φθεγξάμενον
1062 2387 1349 2443 Σαόέλλιον
1368 2389 1622 2451 ἀσεϐείας
1638 2389 1802 2460 ἐγρά-

204 2474 345 2544 ψατο
378 2476 597 2548 γραφὴν
620 2477 713 2531 τοῦ
748 2478 883 2531 Θεοῦ
924 2480 956 2550 ἡ
992 2480 1311 2551 Ἐκκλησία.
1353 2482 1416 2533 El
1454 2481 1511 2534 δὲ
1558 2480 1649 2535 τὸν
1685 2482 1800 2532 Πα-

204 2562 339 2634 τέρα
380 2564 558 2633 λέγειν
603 2567 663 2619 οὑ
711 2566 931 2638 θεμιτὸν
976 2569 1491 2642 ὲνανθρωπήσαντα,
1536 2572 1626 2625 τὸν
1681 2571 1801 2624 Υἰδν

204 2656 491 2727 ὁμολογεῖν
534 2659 768 2731 ἀνάγκη,
812 2659 964 2731 αὑτῷ
1012 2662 1487 2734 μαθητευομένους
1528 2663 1685 2716 τοῦτο
1728 2664 1803 2716 δι-

203 2751 477 2807 δάσκοντι.
518 2754 582 2807 El
620 2754 675 2807 δὲ
723 2754 912 2807 τοῦτον
954 2756 1171 2826 ἀρνοίτο
1209 2757 1530 2827 Μάρκελλος
1567 2758 1804 2827 ὑφεστά-

201 2862 315 2909 ναι,
341 2844 460 2915 ὥρα
490 2845 644 2914 ψιλὸν
670 2847 955 2919 ἄνθρωπον
999 2847 1161 2901 αὑτὸν
1202 2849 1556 2903 ὑποτίθεσθαι
1580 2851 1646 2901 ὲκ
1694 2849 1800 2902 σώ-

208 2953 382 3007 ματος
414 2938 511 2991 καὶ
544 2938 727 3009 ψυχῆς
776 2940 1106 3005 συνεστῶτα,
1151 2942 1227 3005 ὡς
1270 2941 1435 3013 μηδὲν
1478 2942 1579 3012 τῆς
1615 2942 1802 3011 κοινῆς

205 3028 515 3100 ἀνθρώπων
543 3030 883 3085 διαλλάττειν
910 3032 1147 3102 φύσεως.
1196 3035 1357 3089 Ἀλλά
1386 3037 1480 3089 καὶ
1505 3036 1666 3089 τοῦτο
1707 3037 1806 3107 τῆς

218 3122 549 3192 Ἐκκλησίας
563 3124 897 3194 ἀπελήλαται
912 3125 1178 3197 τὸδόγμαο
1196 3126 1225 3181 ὃ
1238 3127 1296 3181 δὲ
1321 3128 1486 3182 πάλαι
1510 3128 1607 3199 μὲν
1629 3128 1813 3181 Ἐὃιω-

206 3217 367 3277 ναῖοι,
397 3216 596 3269 νεωστὶ
621 3216 676 3269 δὲ
709 3220 738 3271 0
761 3218 1111 3288 Σαμοσατεὺς
1152 3218 1245 3272 καὶ
1274 3219 1324 3273 οί
1360 3220 1591 3291 ἐπίκλην
1618 3218 1678 3284 ἐξ
1716 3220 1813 3271 αὑ-

1908 647 2029 683 cnm
2062 632 2133 685 sit
2170 646 2334 683 unum
2362 641 2525 700 atque
2550 631 2690 685 idem
2724 648 2845 685 cum
2876 633 3003 695 Deo,
3028 648 3087 687 se
3124 633 3230 686 Deo
3259 635 3499 702 cenipla-

1906 723 2083 774 centia
2127 723 2389 791 perlicere
2441 732 2681 778 testatur
2710 723 2732 776 ?
2761 724 2916 791 Quod
2951 726 2995 780 si
3053 726 3381 794 respondeat
3429 728 3497 779 ad

1908 812 2022 867 lucc
2050 812 2362 879 Marcellus,
2408 813 2645 869 Verbum
2694 831 2919 872 carnem
2969 818 3168 873 factum
3208 819 3323 875 lucc
3367 835 3501 890 pro-

1907 897 2224 961 nuntiasse:
2254 915 2309 961 et
2336 907 2465 976 quid
2501 909 2643 963 istud
2676 909 2898 978 inquam
2945 910 3010 963 ad
3041 910 3195 977 illud,
3229 925 3335 966 non
3366 927 3500 966 con-

1909 996 2049 1048 literi
2076 1010 2201 1050 eum
2238 995 2433 1052 Filium
2464 1012 2603 1063 esse,
2628 1001 2723 1055 sed
2751 1000 2929 1055 solum
2959 1000 3220 1056 Verbum.
3254 1001 3500 1070 Qualiter

1906 1103 2036 1142 vero
2064 1086 2119 1142 in
2160 1104 2327 1145 carne
2365 1090 2467 1146 fuit
2494 1106 2618 1146 cum
2647 1094 2761 1148 haec
2788 1092 3203 1165 proloqueretur
3228 1094 3253 1148 l
3285 1095 3499 1151 Numne

1907 1180 2119 1245 vivens,
2160 1180 2501 1245 subsistens,
2536 1192 2691 1239 extra
2750 1183 2965 1239 Patrem
3018 1184 3400 1241 constitutus?
3434 1186 3501 1241 Et

1905 1273 2269 1341 quis,qua2so,
2294 1284 2413 1329 erat
2441 1283 2550 1328 tum
2577 1274 2667 1329 ille
2694 1274 2881 1340 Pater,
2907 1276 2997 1345 qui
3023 1291 3180 1332 suum
3205 1278 3257 1331 in
3283 1292 3343 1333 se
3368 1278 3499 1332 Ver-

1907 1364 2032 1415 bum
2065 1372 2192 1417 tunc
2222 1378 2328 1418 non
2354 1364 2711 1433 possidebat?
2737 1366 2834 1421 sed
2858 1366 2977 1421 sine
3022 1380 3124 1420 suo
3159 1364 3338 1421 Verbo
3366 1367 3497 1421 sub-

1906 1453 2136 1509 sistebat
2171 1452 2195 1508 ?
2228 1468 2452 1509 carnem
2498 1470 2630 1511 vero
2677 1456 2917 1513 Verbum
2973 1466 3101 1511 tunc
3150 1456 3496 1524 inhabitans,

1906 1562 2030 1600 cum
2073 1548 2125 1602 in
2172 1548 2334 1604 terris
2374 1548 2463 1603 hic
2511 1559 2972 1617 conversaretur,
3021 1550 3290 1621 siquidem
3342 1562 3497 1607 extra

1906 1654 2063 1693 suum
2118 1639 2333 1695 Patrem
2384 1640 2598 1707 fuerat,
2634 1642 2864 1709 vivens,
2898 1646 3224 1709 subsistens,
3277 1659 3499 1700 carnem

1911 1745 2134 1786 movens
2156 1734 2225 1786 ad
2253 1732 2431 1787 instar
2462 1735 2680 1797 animae,
2711 1734 2935 1789 omnino
2961 1744 3081 1789 erat
3119 1734 3260 1790 alius
3283 1750 3313 1788 a
3341 1734 3503 1791 Patre

1907 1837 2027 1887 suo,
2053 1824 2250 1879 et-dua:
2271 1833 2383 1878 tum
2405 1824 2752 1896 hypostases,
2793 1828 2906 1898 ipse
2931 1835 3095 1898 atque
3118 1827 3297 1891 Pater,
3323 1826 3505 1883 subsi-

1830 1904 1872 1958 Β
1901 1915 2139 1969 stebant.
2166 1915 2528 1974 Frustraneus
2551 1918 2836 1989 eritporro
2859 1918 3100 1975 Marcelli
3126 1920 3278 1974 labor
3301 1920 3503 1986 omnis,

1901 2005 1994 2075 qui
2023 2006 2193 2074 illum,
2231 2011 2373 2077 quod
2416 2010 2467 2063 in
2505 2024 2674 2065 carne
2709 2009 2812 2064 fuit
2844 2009 3207 2067 substantiale
3238 2008 3503 2075 Verbum,

1902 2100 2105 2164 vivum,
2131 2110 2188 2155 et
2218 2102 2521 2157 subsistens
2548 2103 2953 2158 determinavit.
2982 2103 3140 2172 Quod
3180 2106 3224 2158 si
3263 2104 3499 2159 Verbum

1902 2191 2032 2247 illud
2060 2193 2203 2263 quod
2230 2193 2575 2249 inliabitabat
2608 2210 2853 2260 carnem,
2896 2207 3053 2253 extra
3096 2200 3262 2252 Deum
3303 2197 3504 2259 fuerat.

1902 2286 2113 2340 unitum
2169 2299 2300 2340 vero
2351 2285 2454 2340 fuit
2501 2298 2557 2342 et
2596 2289 2909 2360 copulatum
2968 2289 3189 2355 eidem,
3239 2298 3501 2358 tanquam

1907 2382 1966 2439 >14
1996 2392 2162 2431 unum
2202 2389 2365 2447 atque
2392 2378 2533 2433 idem
2560 2395 2683 2433 cum
2730 2394 2796 2435 eo
2840 2398 2853 2434 :
2882 2381 3105 2435 omnino
3134 2395 3503 2436 concessurus

1901 2480 1983 2523 eat
2008 2467 2081 2522 illi
2110 2470 2506 2537 exsistentiam,
2535 2482 2587 2526 et
2620 2471 2794 2541 ipsum
2818 2486 3032 2542 quoque
3057 2487 3201 2538 esse,
3237 2488 3361 2527 cum
3394 2488 3512 2527 car.

1905 2574 1973 2615 ne
1997 2561 2348 2616 exsistentem
2376 2561 2618 2631 Patrem,
2651 2571 2707 2619 et
2734 2563 2931 2619 Filium
2957 2579 2988 2618 a
3014 2579 3073 2620 se
3095 2574 3149 2620 et
3182 2580 3277 2635 per
3301 2578 3360 2620 se
3386 2566 3513 2619 sub-

1904 2653 2211 2721 sistentem,
2240 2663 2295 2709 et
2330 2656 2382 2709 in
2408 2670 2637 2725 corpore
2658 2666 2972 2728 operantem
3012 2675 3027 2712 :
3057 2668 3151 2713 aut
3184 2658 3373 2713 saltem
3406 2659 3507 2712 lm-

1908 2759 2121 2798 manam
2166 2746 2401 2801 animam
2442 2748 2534 2802 :si
2573 2749 2706 2803 nihil
2759 2749 2995 2816 horum;
3053 2761 3164 2805 tum
3207 2760 3361 2807 certe
3408 2766 3506 2805 sna

1908 2849 2103 2909 sponte
2148 2854 2245 2909 per
2272 2854 2331 2896 se
2361 2844 2566 2896 moveri
2610 2857 2855 2908 carnem,
2902 2842 3136 2898 fateatur
3164 2858 3386 2898 necesse
3423 2856 3511 2898 est

1911 2932 2208 2986 inanimam
2262 2944 2320 2988 et
2372 2934 2741 2990 irrationalem
2787 2954 2801 2989 :
2852 2937 2935 2991 sin
2986 2951 3117 2991 vero
3172 2938 3512 2991 concesserit

1912 3037 2033 3078 esse
2064 3023 2280 3078 Patrem
2315 3042 2328 3079 :
2356 3026 2462 3079 erit
2492 3024 2563 3079 illi
2590 3025 2771 3091 Pater,
2808 3028 3043 3097 genitus,
3072 3011 3288 3097 passus,
3314 3037 3368 3081 et
3393 3043 3511 3081 om-

1914 3116 2004 3167 nia
2032 3115 2270 3169 humana
2301 3130 2463 3183 opera
2504 3117 2595 3186 qui
2633 3117 2854 3172 subivit.
2896 3116 3051 3184 Quod
3087 3133 3212 3174 cum
3243 3118 3512 3173 Sabellius

1913 3206 2044 3261 olim
2091 3205 2404 3272 aﬂlrmavit,
2442 3208 2721 3277 inscripsit
2758 3209 2805 3262 ei
2857 3210 3033 3263 dicam
3080 3210 3376 3279 impietatis
3409 3209 3513 3265 Ec-

206 3304 299 3358 τοῦ
333 3276 630 3358 Παυλιανοὶ
656 3276 1025 3378 φρονήσαντες
1061 3276 1194 3379 (ll),
1239 3276 1556 3378 δυσφήμων⁸
1578 3276 1805 3376 ὑπέμει-

1915 3300 2076 3355 clesia
2132 3299 2251 3355 Dei.
2309 3299 2464 3367 Quod
2499 3301 2543 3356 si
2596 3276 2748 3356 nefas
2791 3302 2859 3355 sit
2899 3302 3105 3363 dicere.
3157 3276 3511 3357 incarnatum

202 3416 304 3454 ναν
326 3398 502 3469 δίκην.
523 3398 588 3451 Τί
611 3399 675 3471 δὴ
697 3395 789 3452 οὖν
815 3398 1063 3454 λείπεται
1088 3400 1227 3470 μετά
1247 3399 1474 3470 ταῦταῆ
1499 3399 1597 3471 τὴν
1627 3399 1805 3470 σάρκα

210 3492 371 3562 μόνον
402 3492 643 3562 εἰσάγειν
668 3493 790 3564 δίχα
818 3494 1020 3559 παντὸς
1058 3495 1267 3549 ὲνοίκου
1304 3494 1415 3547 τῶν
1454 3494 1611 3565 δίκην
1655 3493 1808 3564 παρά

206 3587 322 3649 τοῖς
350 3585 779 3655 Θαυματοποιοίς
824 3587 1135 3658 αὐτόματον
1162 3587 1488 3657 κινουμένην
1510 3602 1524 3649 ;
1550 3587 1661 3641 Καὶ
1690 3586 1807 3649 πῶς

209 3677 242 3747 ἡ
269 3676 429 3748 σὰρξ,
455 3678 550 3731 καὶ
583 3678 712 3731 αὐτὸ
736 3678 859 3732 καθ’
888 3679 1050 3733 ἑαυτὸ
1082 3681 1143 3733 τὸ
1179 3680 1360 3749 σῶμα,
1389 3678 1512 3749 δίχα
1540 3678 1632 3732 τοῦ
1656 3680 1809 3749 ὲνερ-

209 3768 436 3838 γοῦντος
485 3767 637 3823 εἶπεν
673 3770 784 3841 (12)
818 3770 905 3835 ἂν,
952 3771 1158 3839 Καθὼς
1203 3772 1440 3836 ἐδίδαξέ
1478 3790 1576 3841 με,
1620 3772 1808 3825 ταῦτα

207 3860 420 3926 .laJrB;
451 3862 568 3926 πῶς
590 3863 697 3934 δὲὴ
732 3862 888 3935 σὰρξ,
926 3859 1078 3917 εἶπεν
1103 3862 1168 3917 ἂν
1188 3864 1291 3927 ὅτι,
1325 3863 1472 3932 Ἐγὼ
1493 3865 1564 3917 τὰ
1585 3864 1810 3933 ἀρεστὰ

208 3951 373 4018 αὐτῷ
419 3952 567 4006 ποιῶ
608 3952 909 4018 πάντοτεδ
946 3955 1071 4017 Πῶς
1104 3953 1165 4007 δὲ
1206 3955 1239 4024 ἡ
1288 3952 1427 4024 σὰρξ
1474 3951 1808 4006 ἀπεστάλθαι

210 4043 412 4115 ἑαυτὴν
448 4045 601 4116 παρὰ
635 4044 730 4097 τοῦ
774 4047 989 4116 Πατρὸς
1026 4044 1250 4114 ἔλεγεν;
1293 4041 1441 4117 Ἀρα
1492 4044 1547 4097 δὲ
1587 4043 1809 4113 Πατέρα

210 4136 314 4204 τῆς
346 4136 548 4206 σαρκὸς
576 4135 670 4188 τὸν
710 4134 843 4189 Θεὸν
888 4136 1068 4202 λέγειν
1112 4138 1281 4200 ὅσιον,
1316 4136 1347 4206 ἢ
1384 4136 1587 4206 μᾶλλον
1621 4134 1715 4188 τοῦ
1752 4136 1810 4186 ὲν

209 4229 354 4299 αὑτῆ
420 4227 804 4291 κατοικοῦντος
826 4244 887 4280 τε
922 4230 1017 4281 καὶ
1055 4227 1437 4300 ὲνεργοῦντος;
1482 4229 1577 4291 Τίς
1615 4223 1708 4281 οὖν
1742 4222 1809 4297 ἦν

209 4310 403 4383 οὗτος
433 4318 647 4389 Πότερα
695 4320 723 4372 ὁ
756 4320 815 4371 ὲν
839 4318 917 4389 τῷ
947 4320 1059 4388 (ίὸ)
1086 4319 1206 4391 Θεῷ
1249 4320 1441 4388 Λόγος,
1467 4321 1629 4384 αὐτὸς
1672 4318 1744 4373 ὢν
1781 4321 1809 4371 0

210 4412 347 4475 Θεὸς
385 4410 531 4465 κατά
560 4410 873 4473 Σαδέλλιον,
923 4410 978 4483 ἢ,
1022 4412 1157 4484 ὅπερ
1201 4414 1348 4466 ὅσιον
1380 4413 1473 4466 καὶ
1503 4412 1699 4483 ἀληθὲς
1725 4412 1808 4463 λέ-

211 4521 354 4573 γειν,
378 4505 407 4557 0
433 4502 541 4567 ζῶν
566 4504 657 4557 καὶ
683 4501 931 4571 ὑφεστὼς
956 4505 1272 4575 Μονογενὴς
1299 4504 1426 4568 Υίὺς
1449 4504 1541 4558 τοῦ
1564 4505 1720 4559 Θεοῦ.
1748 4506 1809 4557 ΕΞ

210 4591 271 4645 δὲ
303 4590 573 4663 μηδέτερα
612 4591 816 4646 τούτων
842 4593 1012 4661 λέγοι,
1040 4594 1099 4658 ἐξ
1137 4596 1387 4666 ἀνάγκης
1440 4596 1807 4666 ὑποστήσεται

218 4684 399 4757 ψυχὴν
438 4684 749 4756 ἀνθρώπου,
788 4689 880 4739 καὶ
912 4687 1065 4740 ἔσται
1101 4687 1251 4758 αὑτῴ
1288 4687 1441 4757 ψιλὸς
1470 4688 1755 4760 ἄνθρωπος
1782 4691 1809 4740 ὁ

216 4776 474 4847 Χριστός.
517 4778 628 4832 Καὶ
658 4778 840 4831 οὐκέτι
899 4779 1203 4843 Σαόἐλλιος,
1252 4781 1548 4843 Παυλιανὸς
1594 4782 1640 4834 δ’
1677 4785 1808 4852 ἡμῖν

213 4866 390 4931 ἔσται,
414 4870 443 4921 0
470 4868 592 4932 νέος
635 4870 1007 4943 συγγραφεύς.
1037 4872 1099 4926 Εἰ
1123 4872 1180 4926 δὲ
1218 4873 1310 4926 τὸν
1333 4877 1390 4927 ὲν
1422 4874 1499 4945 τῷ
1528 4875 1649 4947 Θεῷ
1672 4878 1805 4949 φαίη

214 4960 389 5030 Λόγον
420 4961 696 5031 ἐνοικῆσαι
724 4966 790 5034 τῇ
817 4966 1001 5036 σαρκὶ,
1028 4964 1182 5019 οὐδὲν
1203 4962 1390 5037 ἕτερον
1410 4966 1537 5021 ὄντα
1563 4967 1804 5039 ἦΛόγον,

215 5054 311 5108 καὶ⁵
341 5054 514 5124 Λόγον
543 5057 878 5127 σημαντικὸν
911 5058 944 5129 ἦ
968 5058 1321 5131 ἐνεργητικόν
1340 5077 1352 5087 ·
1381 5060 1475 5113 καὶ
1514 5061 1630 5125 πῶς
1651 5054 1805 5125 οὗτος

214 5140 372 5201 εἶπεν
394 5147 460 5202 ἂν
479 5147 579 5219 ζῇν
605 5146 909 5212 ἰδιάζουσαν
932 5150 1077 5222 ζωὴν
1100 5148 1255 5221 παρὰ
1288 5150 1382 5205 τὸν
1404 5151 1626 5222 Πατέρα
1649 5169 1662 5216 ;
1692 5151 1803 5205 Ποῦ

211 5236 273 5290 δι
298 5239 461 5301 αὐτὸς
483 5238 790 5291 ἀπέσταλτο
814 5238 1159 5308 συνημμένος
1186 5241 1280 5293 καὶ
1304 5241 1581 5311 ἡνωμένος
1606 5241 1694 5293 ἀεὶ
1728 5242 1804 5313 τῷ

294 5444 354 5503 »Β
394 5438 493 5493 Ed.
519 5438 693 5495 Paris.
721 5455 843 5511 pag.
874 5439 967 5494 91.

291 5622 370 5693 (9)
414 5624 619 5705 ’βξκςὸς
669 5626 925 5705 ὑπάρχει
972 5627 1072 5681 τοῦ
1126 5628 1296 5705 θεοῦ.
1346 5629 1563 5705 Potius
1597 5633 1815 5705 ὑπῆρχε

1910 3391 2080 3446 fuisse
2114 3390 2373 3458 Patrem;
2408 3405 2634 3448 necesse
2668 3403 2753 3446 est
2787 3392 2854 3447 de
2888 3391 3027 3446 Filio
3060 3392 3163 3446 hoc
3194 3390 3515 3461 pronuntie-

1912 3499 2059 3547 mus,
2093 3494 2163 3539 au
2194 3484 2365 3555 ipsius
2394 3484 2583 3539 schola
2608 3493 2666 3540 et
2698 3484 3009 3552 disciplina,
3041 3484 3132 3554 qui
3176 3485 3279 3539 hoc
3304 3484 3512 3546 docuit,

1910 3576 2159 3647 profecti.
2215 3577 2370 3643 Quod
2425 3578 2471 3632 si
2532 3576 2682 3631 illum
2713 3577 3071 3648 abnegaverit
3122 3576 3513 3633 subsistentem

1909 3667 2222 3737 Marcellus,
2260 3684 2469 3725 merum
2498 3671 2647 3725 illum
2681 3670 2953 3725 hominem
2980 3672 3247 3724 concedat
3276 3677 3491 3737 Oportet

1909 3759 1979 3814 de
2016 3775 2246 3830 corpore
2277 3771 2442 3831 atque
2471 3761 2653 3815 anima
2681 3761 3036 3816 constitutum
3064 3780 3078 3813 :
3112 3762 3183 3815 ita
3222 3770 3281 3814 ut
3308 3778 3335 3813 a
3371 3749 3515 3821 com:

1914 3854 2059 3907 muni
2103 3863 2297 3909 natura
2331 3854 2609 3909 hominum
2650 3854 2963 3910 nullatenus
3016 3855 3257 3910 recedat.
3313 3855 3421 3911 Sed
3448 3867 3506 3910 et

1914 3945 2105 4014 dogma
2138 3958 2242 3999 noc
2286 3944 2532 4001 Ecclesia
2560 3946 2750 4012 reiecit
2782 3946 2948 4001 etiam
2991 3960 3006 4000 :
3039 3947 3183 4015 quod
3227 3961 3349 4002 eum
3380 3949 3511 4002 olim

1914 4036 2153 4091 Ebionaai
2192 4046 2510 4091 tuerentur:
2561 4048 2616 4092 et
2642 4053 2748 4092 non
2786 4039 2858 4093 ita
2894 4038 3106 4106 pridem
3138 4050 3512 4111 propugnaret

1914 4128 2328 4195 Samosatenus,
2357 4140 2415 4185 et
2444 4130 2539 4201 qui
2574 4130 2643 4185 ab
2692 4130 2783 4185 illo
2814 4131 3263 4197 denominantur,
3301 4132 3516 4188 Panlia-

1914 4225 1991 4289 ni,
2023 4221 2376 4293 blasphemia:
2399 4208 2749 4286 sententiam,
2775 4224 2843 4277 ab
2875 4222 3117 4280 Ecclesia
3147 4224 3311 4279 latam
3344 4224 3398 4277 in
3421 4240 3517 4281 eos

1914 4314 2218 4370 subierunt.
2248 4313 2388 4381 Quid
2426 4328 2557 4385 ergo
2587 4324 2758 4371 restat
2790 4314 2960 4379 aliud,
2992 4331 3157 4385 quam
3200 4327 3258 4370 ut
3290 4332 3515 4371 carnem

1916 4412 2222 4467 introducat
2255 4409 2456 4464 nudam
2490 4411 2641 4466 omni
2671 4424 2899 4479 prorsus
2936 4413 3294 4467 habitatore?
3326 4416 3516 4467 admo—

1914 4504 2041 4558 dum
2078 4518 2263 4558 eorum
2307 4518 2597 4573 puparum,
2648 4518 2787 4574 quos
2817 4504 3024 4573 seipsos
3066 4505 3400 4569 motitantes,
3450 4522 3513 4559 a—

1848 4627 1885 4677 ι,
1914 4606 2086 4666 gyrta:
2122 4596 2559 4651 circumducunt.
2594 4594 2659 4648 Et
2686 4610 2795 4665 quo
2828 4605 2987 4662 pacto
3022 4610 3175 4662 caro,
3218 4605 3274 4649 et
3309 4597 3514 4665 ipsum-

1917 4698 2029 4743 inet
2050 4703 2147 4759 per
2177 4690 2415 4759 seipsum
2467 4702 2659 4755 corpus
2691 4689 2901 4756 absque
2938 4687 3045 4741 ullo
3086 4689 3405 4756 inoperante
3434 4690 3513 4742 di-

1915 4781 2077 4849 xerit,
2118 4780 2251 4847 Quaz
2281 4779 2369 4833 ille
2401 4796 2483 4833 me
2530 4779 2733 4844 docuit,
2787 4796 2850 4833 ea
2883 4782 3168 4851 proloquor
3189 4782 3213 4831 ?
3243 4782 3517 4849 quomodo

1912 4889 2044 4928 caro
2072 4872 2294 4936 dixerit,
2344 4871 2455 4943 Ego
2498 4888 2717 4939 semper,
2760 4881 2809 4925 ct
2836 4872 3027 4943 ubique
3058 4889 3120 4925 ea
3153 4888 3361 4940 operor,
3397 4888 3517 4941 qum

1912 4974 2032 5016 sunt
2059 4962 2139 5015 illi
2175 4961 2598 5031 complacenlia?
2626 4961 2745 5029 Quo
2806 4972 2982 5030 pacto,
3020 4978 3080 5017 se
3127 4977 3259 5017 caro
3291 4964 3514 5017 missam

1914 5058 2110 5114 dixerit
2144 5070 2175 5108 a
2215 5056 2410 5125 patre?
2452 5059 2609 5111 Anne
2661 5057 2845 5111 carnis
2872 5066 3081 5126 patrem
3112 5058 3295 5111 dicere
3322 5056 3510 5120 Deum,

1913 5159 2159 5204 sanctum
2189 5147 2318 5203 est?
2354 5156 2449 5203 aut
2476 5149 2655 5217 potius
2686 5147 2825 5217 ejus,
2850 5150 2943 5219 qui
2970 5164 3193 5205 carnem
3230 5150 3434 5206 insidet
3462 5166 3517 5204 et

1915 5242 2222 5297 inhabitet?
2250 5240 2383 5307 Quis
2417 5242 2634 5297 tandem
2681 5243 2771 5297 ille
2803 5242 3003 5297 fuerit?
3033 5243 3245 5299 Nnmne
3283 5244 3513 5298 Verbum

1998 5631 2042 5699 (1
2063 5628 2107 5698 ι)
2136 5628 2461 5702 ᾴυσφημίας
2490 5628 2561 5683 Μ.
2596 5630 2649 5685 in
2695 5646 2879 5696 corn;
2926 5646 3054 5686 mox
3089 5634 3245 5702 vulgo
3274 5634 3327 5686 τί
3367 5634 3426 5688 δέ
3459 5644 3515 5689 et

221 5692 325 5764 [sic
347 5692 557 5775 coddg.
590 5692 909 5775 utjvm'za't,
941 5708 997 5754 et
1026 5699 1318 5770 συνῆπται.
1346 5702 1416 5757 Μ.
1445 5702 1632 5758 -Μοι
1657 5692 1805 5775 νὶἰιέε

1924 5692 2213 5775 δίκηνίτῂν
2233 5692 2290 5749 π.

223 5766 388 5831 σαρκὶ
421 5766 516 5819 καὶ
541 5784 591 5820 τ.
624 5766 772 5820 Υίόν.

223 5834 426 5975 “11695)?
430 5833 672 5976 Eliges?
713 5841 882 5907 deest,
917 5851 972 5898 et
997 5856 1121 5897 mox
1146 5841 1304 5911 vulgo
1330 5842 1417 5897 ὅδε
1439 5842 1628 5913 φθεγξ,
1655 5858 1706 5900 ει
1738 5845 1811 5900 in.

2000 5744 2502 5843 (“filiis—eiusat:
2528 5788 2540 5833 ;
2575 5788 2698 5825 mox
2734 5774 2894 5843 vulgo
2923 5774 2988 5827 ἂν
3015 5772 3128 5841 ἐγὼ
3159 5774 3247 5828 τά,

2002 5839 2116 5918 (ιε)
2140 5839 2315 5911 Vulgo
2360 5859 2470 5897 om.
2494 5842 2591 5912 τῷ,
2628 5853 2684 5898 et
2737 5839 2875 5898 infra
2920 5839 3079 5914 vulgo
3114 5846 3457 5918 συνημμένος
3480 5848 3515 5916 ἢ

1928 5911 2218 5979 ὴναμένος·
