4032 6442
587 365 690 419 879

1280 358 1540 415 EL'SEBII
1579 354 2055 414 CIESARIENSIS
2090 355 2241 413 OPP.
2285 353 2463 411 PARS
2502 354 2591 415 iV.
2630 381 2701 395 -—
2741 349 3161 411 DOGMATICA.

3729 347 3834 401 880

589 482 718 537 illud
739 482 880 552 quod
910 481 959 534 in
998 479 1105 533 Deo
1132 482 1327 544 fuerat,
1354 479 1580 550 ipsemet
1608 481 1747 535 idem
1776 478 1940 543 Deus,
1968 487 2029 533 ut
2054 477 2152 533 Sa-

2256 475 2372 547 Θεῷ
2392 492 2406 541 ;
2432 475 2554 538 Πῶς
2577 471 2893 527 διδάσκαλον
2914 468 3080 525 αὐτοῦ
3105 483 3272 539 φησιν
3296 475 3436 520 εἰναι
3462 464 3556 519 τὸν
3583 464 3835 537 Πατέρας

588 574 751 626 bellin
785 572 979 640 placuit
1007 570 1147 624 iaut
1176 570 1353 640 potius
1397 570 1559 640 (quod
1586 584 1708 625 cum
1739 570 2024 624 sanctitate
2044 578 2150 624 stat

588 674 642 715 et
676 662 919 728 veritate)
953 661 1138 714 vivens
1186 670 1240 714 et
1274 658 1579 715 subsistens
1620 660 1930 719 unigenitus
1982 659 2151 713 Filius

594 755 687 809 Dei
707 755 731 780 ‘
756 753 907 818 Quod
936 752 981 806 si
1018 751 1148 806 nihil
1182 752 1373 805 borum
1408 750 1507 821 ipsi
1545 750 1811 815 arriserit,
1840 749 2151 806 omnimodo

587 845 879 900 substituet
913 843 1001 897 hic
1020 844 1306 897 humanam
1331 843 1602 909 animam;
1630 850 1790 911 atque
1816 841 1891 896 ita
1942 842 2048 896 erit
2077 842 2151 896 illi

588 935 766 989 nudus
796 934 956 989 homo
990 930 1254 987 Christus.
1287 929 1399 985 Nec
1427 930 1653 985 ulterius
1688 930 1844 986 nobis
1887 928 2152 985 Sabellius

587 1026 845 1095 prodibit,
868 1023 965 1078 sed
1000 1022 1066 1076 de
1087 1031 1234 1077 secta
1258 1020 1663 1086 Pauliauorum,
1691 1036 1863 1078 novus
1891 1022 2148 1092 scriptor.

587 1116 741 1184 Quod
771 1116 815 1171 si
866 1114 1099 1170 Verbum
1153 1113 1281 1168 illud
1314 1114 1514 1167 dixerit
1552 1113 1828 1168 hominem
1884 1114 2150 1181 habitare,

589 1206 730 1274 quod
768 1205 818 1258 in
851 1202 960 1259 Deo
1018 1204 1140 1271 fuit,
1187 1204 1317 1258 nihil
1350 1203 1494 1258 aliud
1551 1204 1748 1273 ipsum,
1779 1204 1881 1260 nisi
1918 1202 2149 1261 Verbum

590 1298 877 1361 exsistens,
908 1306 961 1351 et
983 1294 1212 1351 Verbum
1242 1293 1657 1365 significativum
1690 1296 1773 1351 vel
1794 1296 2148 1366 operativum,

589 1403 695 1456 quo
722 1397 878 1458 pacto
894 1388 998 1442 hoc
1014 1387 1241 1450 dicatur,
1266 1388 1429 1439 vitam
1456 1386 1726 1457 propriam
1750 1397 1804 1442 et
1829 1387 2153 1457 peculiarem

590 1476 775 1531 vivere
821 1475 1118 1546 seiunctam
1151 1490 1181 1528 a
1214 1473 1406 1529 Patre?
1437 1474 1556 1542 Quo
1587 1478 1785 1531 missus
1823 1477 1924 1532 fuit
1949 1477 2037 1533 ille
2062 1478 2155 1548 qui

591 1567 809 1635 quidem
861 1566 1106 1622 counitus
1132 1581 1366 1636 semper,
1394 1576 1449 1620 et
1487 1567 1763 1637 copulatus
1798 1567 1946 1623 Patri
1978 1570 2156 1624 consi-

592 1659 807 1713 stebat?
832 1657 947 1723 Quo
974 1667 1130 1727 pacto
1150 1670 1531 1727 praeceptorem
1558 1673 1711 1713 suum
1733 1657 1959 1713 affirmat
1984 1658 2151 1715 Deum

593 1748 849 1803 Patrem?
878 1763 983 1818 quo
1014 1760 1176 1817 pacto
1220 1764 1279 1803 se
1309 1763 1522 1817 semper
1562 1758 1618 1805 ct
1667 1756 1725 1814 >14
1763 1752 1961 1820 ubique
2006 1752 2151 1806 Patri

2251 567 2374 631 Πῶς
2397 568 2454 621 δὲ
2475 566 2542 620 τά
2565 565 2773 636 ἀρεστά
2810 563 2889 635 τῷ
2932 563 3110 633 Πατρὶ
3132 561 3367 615 πάντοτε
3408 559 3675 631 πράττειν
3716 560 3842 610 ἑαυ-

2247 662 2339 714 τὸν
2362 660 2581 727 ἔλεγεν;
2628 650 2791 711 αὗται
2831 656 2942 728 γὰρ
2997 653 3297 726 διαρρήδην
3340 651 3471 706 Υἱοῦ
3526 651 3843 722 ὑφεστῶτος

2251 753 2343 806 καὶ
2364 750 2564 816 ζῶντος
2592 750 2705 819 (ﬂ)
2727 745 2837 827 εἷεν
2861 748 2929 802 ἀν
2953 746 3151 817 φωναὶ,
3169 746 3265 799 καὶ
3287 745 3356 797 δι’
3380 744 3504 799 ὅλου
3526 743 3585 798 δὲ
3606 742 3721 815 (15)
3747 742 3844 796 τοῦ

2249 842 2577 911 Εὑαγγελίου
2613 842 2645 894 6
2680 842 2970 912 εὐχόμενος
3009 838 3090 909 τῷ
3125 838 3321 910 Πατρὶ,
3357 838 3597 904 δοξάζων
3618 838 3710 891 τὸν
3733 837 3848 891 Ila-

2248 933 2382 1004 τέρα
2403 934 2433 985 6
2459 931 2608 1003 παρὰ
2644 929 2741 983 τοῦ
2771 929 2984 1001 Πατρός
3006 927 3334 998 δοξασθῆναι
3357 926 3548 992 ἀξιῶν,
3571 926 3626 980 τί
3657 927 3847 997 ἓτερον

2251 1023 2285 1094 ἢ
2313 1021 2598 1092 ὑφεστῶτα
2626 1020 2817 1074 ἑαυτὸν
2838 1020 3099 1082 δείκνυσι,
3149 1019 3245 1071 καὶ
3286 1018 3525 1088 μάλιστα
3561 1020 3656 1073 ὅτε
3687 1018 3845 1087 φησὶ,

2252 1115 2367 1168 Δύο
2412 1110 2736 1181 ἀνθρώπων
2773 1112 2811 1179 ἡ
2845 1110 3142 1180 μαρτυρία
3185 1107 3420 1177 ἀληθής
3460 1108 3658 1162 ἐστιν.
3699 1106 3851 1176 Ἐγώ

2250 1209 2364 1277 ειμι
2395 1209 2429 1260 ό
2468 1201 2784 1275 μαρτυρῶν
2814 1202 2949 1272 περὶ
2984 1201 3275 1273 ἐμαυτοῦ·
3309 1202 3425 1255 καίο
3484 1202 3548 1254 '0
3598 1203 3852 1271 πέμψας

2248 1315 2323 1369 με
2352 1297 2556 1367 Πατὴρ
2581 1294 2873 1366 μαρτυρεῖ
2895 1296 3027 1365 περὶ
3056 1293 3223 1365 ἐμοῦ.
3250 1292 3351 1347 Διά
3380 1292 3658 1347 τοσούτων
3681 1292 3851 1355 αὐτὸς

2253 1390 2283 1442 6
2330 1388 2521 1460 Σωτὴρ
2562 1386 2742 1451 ζῶντα
2800 1387 2992 1441 ἑαυτὸν
3033 1388 3415 1459 παραστήσας,
3452 1384 3700 1456 οὐδαμοῦ
3747 1385 3852 1455 μὲν

2253 1480 2449 1548 Λόγον
2469 1477 2660 1531 ἑαυτὸν
2682 1475 2988 1546 ὠνόμασεν,
3014 1474 3144 1528 Υἰδν
3166 1473 3245 1539 δὲ,
3269 1474 3364 1527 καὶ
3388 1471 3525 1542 φῶς,
3550 1472 3649 1526 καὶ
3671 1472 3854 1524 Μονο-

2254 1572 2408 1641 γενῆ,
2433 1570 2529 1623 καὶ
2550 1570 2716 1641 ἄρτον
2740 1568 2884 1639 ζωῆς
2911 1565 3021 1637 (16)
3092 1564 3227 1639 [Καὶ
3250 1565 3433 1620 πάντα
3456 1564 3638 1633 λόγον,
3668 1563 3704 1634 ἢ
3740 1562 3851 1616 Λό-

2255 1660 2396 1732 γον,]
2440 1661 2549 1715 Kal
2591 1660 2748 1728 λόγον
2794 1659 2895 1730 μὲν
2928 1658 3073 1729 ἔχειν
3120 1657 3359 1713 διδάσκει
3408 1656 3661 1725 φάσκων,
3704 1651 3854 1708 Ἐάν

2255 1769 2345 1818 τις
2371 1750 2573 1820 ἀγαπᾷ
2598 1768 2695 1821 με,
2734 1750 2841 1804 τὸν
2868 1752 3063 1820 Λόγον
3090 1767 3209 1819 μου
3242 1748 3521 1818 τηρήσειο
3558 1744 3760 1799 ἑαυτὸν
3791 1743 3856 1796 ἃ

593 1855 691 1895 suo
719 1839 1103 1908 complacentia
1137 1839 1335 1895 fecisse
1365 1840 1539 1895 dicet?
1577 1840 1713 1895 Sunt
1754 1842 1896 1897 enim
1944 1842 2027 1897 hae
2055 1858 2151 1897 vo-

2256 1844 2423 1913 Δόγον
2456 1838 2592 1895 εἷναι
2631 1841 2691 1895 οὗ
2725 1857 2909 1912 φησιν.
2945 1841 3069 1905 Πῶς
3109 1836 3203 1894 οὖν
3239 1840 3375 1911 μετά
3419 1838 3594 1892 ταῦτα
3640 1837 3852 1893 πάντα.

595 1950 687 1990 ces
725 1935 856 1989 satis
889 1932 1050 1988 clara:
1080 1942 1135 1988 et
1168 1931 1465 1986 manifestae
1494 1931 1587 1985 filii
1632 1931 1772 1987 illius
1803 1933 1908 1987 vivi
1941 1944 1996 1990 et
2022 1935 2154 1990 sub-

596 2026 857 2087 sistentis,
892 2024 982 2095 qui
1015 2025 1210 2093 ubique
1257 2034 1401 2078 certe
1438 2038 1535 2093 per
1588 2023 1935 2094 Evangelium
1958 2025 2152 2095 depre-

595 2128 753 2171 ratur
794 2116 1032 2184 Patrem,
1091 2125 1147 2170 et
1182 2130 1210 2169 a
1242 2114 1424 2179 Patre,
1476 2124 1534 2170 ut
1583 2130 1642 2170 se
1671 2114 1954 2185 glorificet,
1998 2118 2151 2186 petit.

594 2210 723 2275 Quae
775 2208 991 2279 quidem
1061 2206 1261 2275 omnia,
1318 2207 1447 2277 quid
1516 2207 1658 2261 aliud
1714 2206 1932 2273 docent,
1990 2224 2153 2280 quam

595 2302 769 2370 ipsum
817 2314 1002 2355 revera
1032 2300 1376 2355 substitisse?
1423 2298 1690 2369 imprimis
1718 2298 1807 2353 ubi
1854 2300 1929 2353 ait
1963 2299 2155 2356 :Duo-

592 2411 708 2447 rum
747 2393 1010 2446 hominum
1048 2392 1396 2445 testimonium
1425 2406 1602 2445 rerum
1627 2400 1721 2444 est.
1767 2390 1877 2461 Ego
1905 2408 2042 2458 sum,
2067 2392 2155 2462 qui

592 2484 944 2538 testimonium
989 2483 1231 2551 perhibeo
1265 2482 1597 2549 mihimetipsi
1649 2496 1668 2534 :
1695 2490 1742 2534 et
1790 2482 1875 2552 qui
1910 2482 2050 2536 misit
2075 2498 2156 2537 me

594 2573 778 2639 Pater,
802 2573 865 2627 de
884 2589 964 2627 me
990 2575 1034 2625 is
1057 2574 1286 2641 perhibet
1310 2573 1658 2625 testimonium
1678 2571 1720 2623 '.
1751 2570 1852 2625 Tot
1873 2570 2006 2625 locis
2032 2584 2153 2625 cum

594 2679 655 2719 se
686 2664 865 2718 vivum
896 2662 1267 2732 praedicaverit
1295 2662 1569 2728 Servator,
1602 2675 1866 2731 nusquam
1887 2674 1945 2715 se
1975 2669 2152 2715 tamen

605 2754 825 2810 Verbum
862 2753 1176 2817 nominavit,
1219 2752 1313 2807 sed
1355 2751 1569 2817 Filium,
1620 2762 1676 2807 et
1710 2751 1905 2816 lucem,
1950 2761 2005 2806 et
2038 2753 2153 2805 uni-

594 2846 853 2917 genitum,
876 2853 930 2899 et
963 2859 1154 2914 panem
1180 2847 1321 2897 vitae.
1366 2840 1537 2896 Verba
1570 2852 1751 2897 autem
1780 2856 1875 2896 sua
1912 2850 1968 2898 et
1992 2843 2153 2897 verba

593 2951 654 2991 se
690 2936 886 2991 habere
917 2934 1131 3005 quidem
1184 2932 1361 2999 docet,
1416 2932 1507 2987 ubi
1537 2932 1632 2997 ait,
1667 2930 1729 2987 Si
1774 2932 1887 3002 quis
1931 2928 2154 2987 Verbum

593 3041 764 3079 meum
811 3021 1185 3079 custodiunt“
1212 3038 1228 3077 :
1259 3032 1313 3076 at
1340 3022 1710 3091 semetipsum,
1746 3020 1979 3077 Verbum
2028 3037 2155 3077 nus-

593 3130 755 3184 quam
799 3116 1060 3170 nominat.
1102 3113 1166 3168 Et
1198 3121 1343 3168 certe
1377 3113 1798 3168 erubescendum
1836 3112 1909 3168 illi
1957 3113 2151 3181 fuerat,

592 3207 708 3275 qui,
738 3206 885 3261 hisce
922 3206 1173 3260 omnibus
1203 3218 1309 3257 non
1341 3204 1699 3272 obstantibus,
1745 3202 1976 3259 Verbum
2008 3204 2155 3260 illum

593 3306 648 3350 et
678 3295 809 3350 nihil
850 3295 993 3363 aliud
1018 3296 1124 3350 nisi
1162 3294 1396 3349 Verbum
1444 3295 1763 3364 designavit.
1786 3295 2004 3352 Audisis
2028 3311 2157 3369 ergo

593 3403 711 3456 qua:
744 3386 981 3456 scripsit,
1019 3387 1171 3441 dixit.
1203 3386 1292 3459 [Β.
1335 3384 1625 3458 XXXVIH
1665 3406 1685 3439 ι
1712 3387 1861 3443 Adeo
1897 3396 1955 3443 ut
1978 3390 2156 3443 omni-

598 3478 801 3532 umodo
847 3476 1193 3532 manifestum
1256 3477 1438 3542 fuerit,
1514 3477 1715 3531 nullum
1770 3478 1913 3534 aliud
1962 3494 2154 3535 nomen

599 3588 616 3619 ι
646 3568 803 3625 Verbi
830 3570 1115 3625 aeternitati
1142 3584 1439 3641 congruere
1462 3579 1654 3641 praeter
1676 3571 1778 3625 hoc
1801 3571 1995 3641 ipsum,
2019 3571 2158 3641 quod

596 3681 614 3713 ι
639 3661 1014 3717 sanctissimus
1043 3660 1132 3716 Dei
1186 3661 1481 3731 discipulus
1528 3672 1584 3717 et
1620 3666 1897 3732 apostolus
1922 3661 2159 3718 Joannes

595 3774 614 3805 ι
645 3754 695 3806 in
725 3753 994 3823 principio
1042 3752 1317 3823 Evangelii
1366 3753 1685 3808 nominavit.
1724 3772 1744 3806 ι
1771 3753 1837 3808 Et
1877 3754 2152 3810 secundo:

595 3864 613 3895 ε
651 3844 717 3900 Ut
747 3845 1074 3910 ostenderet,
1127 3844 1267 3913 quod
1312 3844 1355 3899 si
1380 3859 1574 3898 novum
1629 3858 1822 3899 nomen
1861 3845 2074 3915 aliquod
2100 3854 2155 3901 et

595 3951 615 3984 ε
647 3949 820 4004 nuper
850 3933 1033 3989 datum
1060 3934 1108 3987 ei
1146 3934 1517 3997 conveniebat,
1545 3949 1575 3987 a
1597 3947 1735 3988 novo
1760 3944 1815 3988 et
1847 3948 2015 4005 nuper
2041 3944 2151 3990 tra-

596 4045 614 4077 ι
644 4027 755 4081 dito
793 4035 1135 4093 testamento,
1167 4026 1269 4080 hoc
1304 4035 1421 4081 erat
1466 4026 1640 4095 ipsum
1670 4041 1962 4097 congruum
1991 4029 2064 4083 illi
2099 4029 2153 4084 in

592 4138 612 4169 ε
638 4133 801 4173 carne
831 4117 1237 4187 dispensationi.
1267 4135 1285 4168 ι
1323 4116 1387 4171 Ει
1409 4117 1567 4171 tertio
1586 4135 1600 4172 :
1619 4136 1637 4168 ι
1664 4116 1948 4185 Quocirca,
1973 4121 2154 4191 prius-

593 4233 610 4260 ε
634 4224 797 4279 quam
833 4209 1200 4274 descenderet,
1229 4218 1284 4263 et
1310 4208 1376 4263 de
1400 4206 1622 4280 Virgine
1650 4219 1984 4265 nasceretur.
2016 4209 2151 4267 Ver-

594 4321 612 4350 ε
632 4301 758 4353 bum
775 4308 892 4353 erat
914 4298 1304 4353 tantummodo.
1330 4297 1466 4364 Quid
1487 4299 1631 4353 enim
1648 4309 1792 4355 esset
1811 4299 1954 4355 aliud
1976 4302 2152 4372 prius-

2254 1936 2353 1988 οὐκ
2388 1934 2613 2005 ἐρυθριᾷ
2638 1935 2667 1988 6
2697 1934 2856 2005 μόνον
2901 1932 3092 2001 Λόγον,
3136 1933 3229 1985 καὶ
3272 1933 3423 1985 οὐδὲν
3464 1932 3654 2002 ἕτερον
3705 1926 3852 1984 εἶναι

2255 2026 2415 2079 αὐτὸν
2442 2024 2897 2096 ἀποφηνάμενοςς
2934 2023 3265 2077 Ἐπάκουσον
3281 2022 3410 2089 γοῦν
3432 2022 3580 2085 ὅπως
3609 2020 3850 2094 ἔγραφε,

2255 2117 2445 2184 λέγων,
2485 2135 2503 2167 ι
2530 2116 2693 2169 Ὥστε
2736 2114 3069 2184 πανταχόθεν
3104 2113 3262 2183 δῆλόν
3304 2115 3422 2166 ἐστι
3455 2111 3623 2183 μηδὲν
3656 2110 3854 2179 ἕτερον

2262 2227 2279 2259 ι
2307 2210 2373 2278 τῇ
2410 2206 2670 2278 ἀῖδιότητι
2700 2205 2794 2260 τοῦ
2823 2204 3002 2274 Λόγου
3033 2203 3324 2276 ἁρμόττειν
3370 2202 3563 2273 ὖνομα,
3598 2203 3631 2273 ἢ
3670 2202 3850 2263 τοῦθ’,

2264 2318 2281 2350 ι
2304 2300 2439 2370 ὅπερ
2458 2300 2487 2351 6
2508 2297 2812 2367 ἀγιώτατος
2831 2296 2927 2351 τοῦ
2950 2296 3085 2351 Θεοῦ
3117 2295 3365 2368 μαθητὴς
3396 2297 3494 2350 καὶ
3543 2294 3856 2357 ἀπόστολος

2262 2412 2280 2442 ι
2322 2392 2592 2462 Ἰωάννης,
2619 2392 2677 2443 ὲν
2710 2392 2851 2462 ἀρχῇ
2886 2388 2980 2443 τοῦ
3010 2388 3340 2459 Εὐαγγελίου
3372 2384 3680 2460 εἶπενμῖ).
3710 2386 3855 2459 [Καὶ

2263 2505 2281 2537 ι
2302 2481 2509 2554 πάλιν·]
2531 2484 2645 2535 Ἵνα
2665 2482 2816 2556 δείξῃ
2835 2484 2916 2536 ὅτι
2930 2481 3241 2552 εῐτιικαινὸν
3260 2481 3355 2535 καὶ
3368 2480 3630 2551 νεώτερον
3645 2480 3852 2550 ὄνομα,

2264 2593 2284 2626 ι
2304 2573 2448 2627 τοῦτ’
2481 2574 2588 2626 ἀπὸ
2616 2572 2717 2643 τῆς
2757 2575 2951 2643 καινῆς
2980 2571 3137 2642 αὐτῷ
3167 2572 3263 2627 καὶ
3302 2572 3429 2636 νέας
3460 2572 3675 2644 ὑπῆρξε
3706 2570 3855 2625 κατά

2263 2686 2281 2716 ι
2308 2665 2486 2736 σάρκα
2512 2665 2839 2735 οἰκονομίας.
2861 2662 2996 2736 [Καὶ
3010 2659 3213 2738 αὖθιςο]
3236 2662 3446 2718 Οὐκοῦν
3478 2662 3585 2734 πρὸ
3618 2662 3724 2733 μιν
3752 2659 3854 2716 τοῦ

2263 2777 2282 2811 ι
2312 2758 2717 2819 mamma
2743 2757 2832 2811 διὰ
2852 2759 2947 2831 τῆς
2980 2758 3253 2830 Παρθένου
3277 2757 3558 2829 τεχθῆναι,
3574 2757 3755 2825 Λόγος
3781 2751 3857 2828 ἦν

2262 2872 2280 2904 ι
2308 2854 2488 2923 μόνον.
2530 2851 2685 2906 Ἐπεὶ
2709 2851 2761 2905 τί
2789 2851 2877 2904 ἓτε
2888 2868 2978 2923 ρον
3006 2846 3099 2921 ἦν,
3124 2851 3231 2923 πρὸ
3253 2849 3347 2904 τοῦ
3372 2849 3473 2921 τὴν
3493 2848 3854 2922 ἀνθρωπίνην

2263 2966 2281 2997 ι
2303 2944 2591 2999 ἀναλαϐεῖν
2622 2944 2821 3013 σάρκα,
2837 2944 2898 2996 τὸ
2928 2941 3194 3012 κατῆλθον
3216 2943 3303 2995 ἐπ’
3329 2941 3572 3012 ἐσχάτων
3602 2940 3714 2993 τῶν
3739 2939 3855 3011 (l8)

2262 3054 2281 3086 ι
2312 3033 2531 3105 ἡμερῶν
2550 3049 2563 3098 ;
2583 3033 2659 3096 ὡς
2686 3033 2780 3087 καὶ
2806 3033 2970 3096 αὐτὸς
2996 3033 3260 3103 γέγραφε.
3278 3030 3388 3085 Kal
3407 3031 3470 3083 τὸ
3497 3028 3766 3101 γεννηθὲν
3787 3030 3857 3083 ιιι

2264 3138 2281 3169 ι
2315 3120 2414 3191 τῆς
2440 3118 2718 3190 Παρθένου
2744 3118 2895 3173 οὐδὲν
2922 3119 3108 3191 ἕτερον
3130 3114 3200 3191 ἦν
3229 3119 3262 3191 ἢ
3299 3119 3491 3188 Λόγος.
3524 3136 3543 3171 ι
3592 3117 3856 3173 Τοσαῦτα

2261 3210 2564 3282 Μαρκέλλῳ
2604 3211 2775 3263 εἰπεῖν
2823 3209 2917 3263 καὶ
2952 3208 3331 3281 ἀποφήνασθαι
3374 3210 3630 3281 πάρεστι,
3656 3208 3748 3262 διά
3790 3208 3859 3263 τὸ

2264 3304 2338 3375 μὴ
2364 3302 2645 3374 ὁμολογεῖν
2672 3303 2764 3355 τὸν
2804 3303 2932 3356 Υἱδν
2968 3301 3063 3355 τοῦ
3100 3300 3259 3367 Θεοῦ,
3290 3301 3428 3374 πρὸς
3454 3301 3515 3355 ὃν
3544 3298 3702 3356 εἶπεν
3730 3300 3804 3355 ἀν
3825 3304 3859 3356 6

2261 3392 2665 3464 Εὑαγγελιστὴς
2720 3393 2860 3464 μέγα
2897 3391 3213 3464 ἐπιϐοήσας.
3257 3391 3322 3445 Τί
3357 3392 3494 3463 φῂς,
3549 3390 3856 3463 ἀνθρωπε;

2260 3486 2333 3538 Ui:
2360 3487 2556 3555 Λόγον
2605 3484 2765 3539 αὐτὸν
2803 3484 2939 3555 ἔφην
2976 3484 3136 3555 μόνον
3160 3524 3176 3547 ,
3224 3483 3386 3539 ἀλλὰ
3430 3483 3530 3537 καὶ
3562 3483 3718 3537 Θεὸν
3747 3482 3857 3537 καὶ

2257 3573 2384 3645 φῶς
2407 3576 2473 3629 τό
2504 3574 2755 3645 φωτίζον
2796 3574 2994 3629 πάντα
3039 3573 3355 3644 ἄνθρωπον
3397 3575 3731 3645 ἐρχόμενον
3755 3578 3855 3641 εις

2256 3667 2363 3720 τὸν
2396 3666 2649 3736 κόσμον,
2679 3667 2777 3721 καὶ
2806 3665 3118 3737 Maroni-ﬁ
3155 3666 3293 3721 Υιὸν
3324 3666 3431 3721 τὸν
3452 3668 3541 3731 εἰς
3572 3665 3682 3720 τόν
3704 3669 3859 3721 κόλ-

2256 3776 2375 3814 πον
2405 3759 2510 3814 τοῦ
2554 3759 2800 3827 Πατρός.
2821 3760 2913 3832 Μὴ
2932 3760 2997 3830 δὴ
3031 3761 3190 3833 μόνον
3217 3755 3310 3814 οὖν
3333 3760 3740 3829 συκοφαντείτω
3759 3776 3855 3823 τις

2256 3851 2346 3903 τὸν
2363 3849 2608 3919 θεολόγον
2628 3850 2763 3922 (19),
2782 3852 2897 3905 ἀλλ’
2922 3852 3165 3924 ἀκριϐῶς
3192 3854 3434 3906 ἑπαῖέτω
3458 3852 3855 3916 αὐτοῦ,όποῖον

2256 3942 2485 3995 ὑπέθετο
2512 3942 2703 4011 Λόγον,
2719 3942 2870 4015 παρὰ
2902 3944 3069 4008 πόδας
3091 3945 3354 4015 συνάψας,
3397 3945 3508 4000 Kal
3536 3943 3685 4009 Θεὸς
3709 3938 3794 4014 ἦν
3816 3948 3854 3999 ό

2256 4040 2447 4108 Λόγος
2467 4053 2481 4068 ’
2507 4038 2598 4091 καὶ
2620 4035 2928 4110 προστιθεὶς
2953 4035 3035 4100 τὸ,
3055 4035 3258 4090 Πάντα
3275 4035 3350 4090 δι’
3366 4034 3553 4090 αὐτοῦ
3577 4032 3851 4104 ἐγένετο.

2256 4127 2413 4181 Κατά
2447 4127 2505 4181 δὲ
2556 4127 2717 4182 αὑτὸν
2763 4126 2855 4180 τὸν
2905 4125 3012 4179 τῶν
3052 4125 3187 4180 ὅλων
3229 4125 3462 4197 Σωτῆρα
3512 4124 3635 4179 οὐδὲ
3689 4124 3851 4191 ἀπαξ

2255 4219 2570 4290 ὠνόμασται
2598 4219 2790 4287 Λόγος,
2841 4216 2978 4271 ἀλλά
3010 4216 3141 4281 Υἱὸς
3171 4216 3330 4281 Θεοῦ,
3365 4217 3459 4271 καὶ
3496 4214 3848 4286 Μονογενὴς,

2258 4311 2353 4365 καὶ
2386 4311 2520 4381 φῶς,
2565 4312 2661 4365 καὶ
2702 4310 2838 4384 ζωὴ,
2884 4312 2980 4365 καὶ
3009 4310 3256 4383 ἀλήθεια,
3291 4311 3386 4366 καὶ
3419 4310 3598 4365 πάντα
3635 4308 3849 4380 μᾶλλον

592 4405 795 4459 «quam
850 4406 1072 4447 carnem
1140 4391 1434 4445 humanam
1510 4392 1843 4458 assumebat,
1899 4394 1966 4462 is,
2034 4398 2149 4465 qui,
2183 4390 2289 4472 Di)
2324 4402 2511 4470 Λόγος.

593 4484 781 4553 «quod
821 4482 889 4537 ab
927 4484 1042 4552 ipso
1088 4486 1347 4554 scriptum
1411 4492 1515 4551 est,
1580 4485 1862 4541 descendit
1899 4487 1952 4540 in
2028 4490 2339 4549 novissimis
2394 4496 2763 4565 temporibus?
2812 4507 2959 4552 certe
3014 4503 3173 4551 natus
3206 4494 3273 4550 de
3330 4491 3553 4564 Virgine
3600 4494 3738 4549 nihil
3785 4511 3850 4551 a-

592 4598 611 4628 ε
639 4578 748 4632 liud
774 4586 911 4631 erat.
944 4594 963 4627 ι
994 4575 1114 4630 Haec
1149 4575 1307 4630 facile
1328 4574 1427 4631 fuit
1492 4578 1725 4633 sciscere
1762 4588 1812 4632 et
1875 4581 2081 4635 sentire
2139 4580 2415 4650 Marcello,
2469 4599 2753 4659 propterea
2808 4587 2951 4658 quod
2976 4585 3173 4641 Filium
3222 4585 3317 4641 Dei
3353 4600 3459 4640 non
3493 4586 3845 4655 proﬁteatur,

586 4672 655 4725 nd
686 4683 844 4739 quem
876 4682 972 4722 sua
1020 4665 1287 4722 referebat
1334 4669 1681 4737 evangelista.
1733 4668 1871 4738 Quid
1923 4674 2023 4737 ais,
2090 4674 2161 4727 mi
2202 4676 2405 4733 homo?
2470 4679 2585 4736 Non
2633 4680 2782 4735 illum
2843 4678 3182 4734 solummodo
3224 4674 3529 4732 nominavit
3579 4672 3841 4749 Verbum,

585 4761 673 4815 sed
698 4768 747 4813 et
780 4757 987 4811 Deum:
1018 4760 1107 4810 sed
1134 4762 1322 4821 lucem,
1348 4759 1736 4814 illuminantem
1794 4777 1998 4815 omnem
2038 4764 2297 4819 hominem
2344 4770 2396 4823 in
2463 4771 2600 4825 hunc
2670 4772 2926 4826 mundum
2992 4774 3277 4828 venientem
3317 4791 3338 4829 :
3376 4778 3469 4831 sed
3502 4778 3844 4848 unigenitum

589 4851 806 4913 Filium,
845 4849 933 4917 qui
968 4848 1070 4918 fuit
1106 4850 1162 4902 in
1202 4852 1321 4903 sinu
1362 4848 1603 4905 Patris’.
1647 4850 1815 4908 Nemo
1874 4855 2076 4911 idcirco
2101 4857 2169 4911 de
2207 4858 2333 4915 hinc
2380 4863 2685 4936 theologum
2754 4874 2806 4920 et
2854 4867 3234 4937 evangelistam
3282 4869 3670 4934 calumnietur,
3734 4874 3841 4928 sed

584 4956 708 4995 cum
758 4941 1106 4995 accnratione
1146 4940 1294 4993 illum
1347 4942 1548 5004 audiat,
1600 4942 1889 5011 qualenam
1925 4944 2161 4999 Verbum
2202 4948 2537 5021 designabat,
2602 4971 2726 5010 cum
2753 4956 2939 5010 statim
2967 4956 3232 5025 intulerit,
3262 4957 3329 5012 Et
3367 4958 3510 5014 Deus
3534 4970 3651 5015 erat
3708 4959 3842 5015 Ver-

586 5035 725 5087 bum.
783 5032 881 5087 Cui
932 5044 985 5086 et
1024 5033 1221 5103 adjecit
1265 5034 1413 5099 illud,
1470 5033 1659 5091 Omnia
1694 5054 1785 5106 per
1821 5039 1973 5092 illum
2012 5041 2152 5110 facta
2189 5054 2309 5097 sunt
2337 5047 2401 5100 ⁸⁸.
2455 5050 2525 5103 At
2574 5049 2645 5103 ab
2695 5051 2927 5121 ipsomet
2988 5052 3280 5109 Servatore
3346 5056 3739 5122 universitatis,
3772 5074 3844 5114 ne

656 5178 716 5235 »Ιι
752 5171 849 5226 Ed.
891 5171 1064 5225 Paris.
1092 5187 1212 5239 pag.
1241 5171 1333 5225 92.

653 5245 670 5273 ⁷
702 5242 856 5296 Joan.
881 5257 999 5307 vm,
1039 5244 1126 5307 17,
1156 5243 1239 5295 l8.
1314 5243 1336 5273 ⁸
1372 5241 1501 5295 ibid.
1534 5241 1624 5307 5|,
1648 5242 1735 5297 52.
1809 5247 1830 5275 '
1859 5243 2014 5301 Joan.
2056 5263 2092 5307 ι.
2143 5251 2152 5301 l

2264 5286 2277 5307 .
2320 5246 2407 5302 18.
2487 5248 2530 5278 "
2554 5248 2687 5304 ibid.
2714 5251 2770 5304 5.

651 5381 764 5468 il!)
786 5380 954 5468 linis?
978 5380 1174 5468 CFW
1193 5381 1301 5468 ἕαὶ
1336 5382 1541 5468 iis“:

2256 5402 2298 5457 Ρ.
2414 5386 2617 5468 ‘DL—
2646 5388 2763 5468 Non
2797 5388 2957 5468 vulgo
2986 5391 3212 5468 Ejpatpe.

786 5450 958 5533 Vulgo
986 5451 1071 5533 ἄν,
1101 5462 1154 5503 et
1191 5466 1312 5533 mus
1341 5450 1604 5533 οὺδαρζῆ.Δ
1632 5522 1644 5533 ι
1850 5523 1891 5533 _
1940 5525 1950 5533 _

2256 5450 2262 5457 ’
2318 5459 2429 5533 (ﬂ)
2449 5450 2856 5533 Εὐαγγελίουῌ
2871 5450 3081 5533 sinsi}:
3108 5450 3252 5533 [lege
3274 5457 3451 5519 εἶπεν.
3484 5464 3560 5520 Μ.

651 5520 757 5604 (l6)
780 5601 788 5604 _
811 5520 919 5604 Kal
975 5522 1179 5604 Fair-ta
1224 5523 1425 5604 ταύτην,
1450 5520 2135 5604 .'i'(.lo'7-or.‘..4‘3nigmata
2244 5600 2266 5604 _
2309 5520 2763 5604 (18)'_Vulgo_'om.
2791 5529 2917 5583 τῶν.
2950 5531 3071 5604 hic;
3097 5520 3259 5604 vulgo
3294 5537 3388 5588 καὶ
3418 5536 3535 5603 φῶς
3564 5554 3616 5589 τ.
3667 5555 3725 5604 φ.
3764 5554 3829 5591 π.

580 5600 702 5643 sunt
729 5593 849 5671 ista,
888 5592 1024 5671 forte
1052 5592 1353 5671 legendum,
1380 5593 1472 5671 καὶ
1493 5594 1777 5671 πανταχοῦ
1794 5594 1946 5671 λόγον
1960 5592 2131 5671 ’στρέ-

2256 5592 2663 5671 ἱνθρίὲρχῘείς
2681 5617 2729 5671 τ.
2762 5618 2815 5653 κ.
2852 5604 2943 5654 καὶ
2968 5602 3098 5657 Θεὸν
3130 5592 3227 5657 xlii
3268 5622 3325 5671 μ..
3369 5592 3492 5659 Υὶδν
3516 5592 3613 5659 τὸν
3646 5592 3729 5671 εἰς
3773 5626 3832 5660 κ.

581 5679 713 5725 γιον,
751 5662 841 5742 καὶ
874 5661 1069 5747 way-.9,
1098 5662 1130 5732 ἢ
1172 5660 1264 5713 xal
1296 5662 1456 5741 αὐτὸν
1493 5660 1773 5747 λόγρνιιξν
1805 5660 1945 5735 ἔχειν
1982 5660 2131 5747 ξιδά-
2232 5687 2279 5721 τ.
2434 5660 2615 5747 »ξείἱοὺ
2644 5660 2797 5747 λόγον
2833 5672 2997 5747 μόνον⁸
3018 5673 3119 5747 ἔφη
3152 5660 3333 5747 αὐτόν.
3370 5673 3607 5747 Μὴξοῦν.

580 5747 723 5813 σκων
744 5732 965 5813 φάσκει.
998 5733 1413 5813 ξριιδιιξνορίιιυτ
1439 5742 1521 5786 est
1552 5732 1775 5813 {Idli‘iSli‘S
1812 5732 1914 5788 non
1942 5736 2126 5789 admu-

2305 5740 2416 5809 (19)
2449 5742 2619 5810 Vulgo
2636 5732 2890 5810 θεολόγον
2920 5743 3010 5797 καὶ
3039 5732 3487 5813 ε’ὑᾶγγελιστήν.”

574 5804 698 5854 clunt
725 5792 981 5857 diversus.
1005 5792 1293 5872 bl.——[Kai
1316 5804 1491 5857 πάντα
1524 5802 1770 5874 μᾶλλονῆ
1791 5806 1957 5874 Λόγον
1994 5806 2035 5859 ιι
2062 5808 2131 5859 rl.

2310 5792 2349 5809 \'
2400 5792 2411 5806 Ι
2468 5792 2521 5795 'V
2554 5792 2612 5810 0'
2658 5792 2880 5810 ”""l"
2923 5792 3009 5797 ’⁷⁷⁷⁷
3041 5792 3399 5817 ’⁷⁷⁷10⁷⁷’””’Ί

1809 5247 1830 5275 ⁹
1859 5243 2014 5301 Joan.
2056 5263 2092 5310 ι.
2143 5248 2277 5313 1,9,
2320 5246 2407 5302 18.
