4032 6444
544 345 638 397 887
1279 340 1546 397 EUSEBII
1584 339 2047 398 CESABIENSIS
2084 337 2232 394 ΟΡΡ.
2272 337 2449 393 PARS
2486 337 2575 393 Π.
2602 368 2670 378 -—
2703 335 3122 393 DOGMATICA.
3700 334 3799 390 888

545 473 768 533 posset,
808 465 897 533 qui
933 471 1016 518 est
1064 463 1287 533 imago?
1328 461 1555 518 dixisset
1600 464 1826 533 utique,
1870 477 1988 534 quae
2035 470 2118 515 est

2222 459 2420 527 λέγειν,
2457 460 2515 521 ὃς
2549 460 2695 511 ἐστιν
2722 455 2917 521 εἰκών;
2956 455 3076 509 δέον
3106 456 3155 509 εί
3189 452 3298 525 ἄρα
3338 453 3532 524 φῆσαι,
3566 453 3602 523 ἧ
3654 456 3799 505 ἐστιν

545 556 744 624 imago.

2217 570 2241 603 ε
2251 551 2377 605 ικών
2386 593 2397 604 .

617 647 700 701 15.
730 645 870 701 Alibi
912 660 1127 715 quoque
1173 645 1313 702 idem
1360 645 1611 702 eumdem
1662 644 1895 716 appellat
1924 644 2114 714 imagi-

2292 651 2370 696 ιε’.
2413 643 2524 697 Καὶ
2574 643 2632 695 ὲν
2676 642 2847 713 ἑτέρῳ
2901 634 2957 694 δὲ
3006 640 3169 693 πάλιν
3213 640 3241 691 ὁ
3286 640 3445 700 αὐτὸς
3489 635 3676 689 εἰκόνα
3708 634 3799 687 τοῦ

545 754 665 791 nem
717 738 832 802 Dei.
869 756 888 790 ι
926 737 1076 805 Quod
1123 739 1169 793 si
1217 740 1595 794 absconditum
1646 739 1717 793 sit
1762 736 2113 807 Evangelium

2218 734 2352 788 Θεοῦ
2370 734 2526 787 αὐτὸν
2542 733 2790 804 ὠνόμαζε
2822 734 3014 802 λέγων,
3039 752 3057 784 ι
3089 732 3149 785 Εἰ
3179 733 3236 785 δὲ
3266 732 3357 784 καὶ
3380 730 3494 783 ἔστι
3524 728 3802 797 κεκαλυμ-

550 848 568 879 ‹
607 841 850 885 nostrum
877 873 891 895 ,
923 832 989 885 ab
1019 832 1084 886 iis
1110 839 1196 886 est
1228 831 1602 887 absconditum
1635 832 1725 900 qui
1760 840 2020 900 pereunt,
2060 830 2113 883 in

2226 850 2243 879 ι
2279 826 2435 898 μένον
2452 825 2512 877 τὸ
2530 825 2642 896 (42)
2659 825 2989 894 Εὑαγγέλιον
3011 825 3188 895 ἡμῶν,
3208 828 3263 877 ὲν
3280 828 3391 887 τοῖς
3408 822 3803 893 ἀπολλυμένοις

548 939 566 971 ι
604 923 800 989 quibus
842 924 982 978 Deus
1016 924 1196 981 saeculi
1244 924 1402 980 istius
1437 923 1736 979 obcaecavit
1780 924 2114 979 intellectum

2228 940 2245 971 ι
2278 922 2394 974 ἐστὶ
2412 918 2851 989 κεκαλυμμένον,
2872 921 2930 971 ὲν
2950 913 3031 981 οἷς
3054 920 3083 970 ὁ
3104 918 3237 980 Θεὸς
3264 918 3358 970 τοῦ
3389 917 3586 980 αἰῶνος
3607 916 3802 969 τούτου

549 1032 565 1062 ι
605 1015 999 1069 incredulurum
1027 1057 1041 1081 ,
1074 1031 1141 1071 ne
1181 1016 1466 1070 irradiaret
1502 1016 1553 1069 in
1584 1016 1841 1071 cordibus
1867 1016 2115 1084 ipsorum

2223 1033 2241 1065 ι
2278 1012 2554 1081 ἐτύφλωσε
2587 1011 2653 1064 τὰ
2686 1014 2930 1083 νοήματα
2959 1012 3067 1064 τῶν
3117 1010 3380 1073 ἀπίστων,
3427 1009 3567 1078 πρὸς
3610 1007 3672 1060 τὸ
3730 1008 3802 1077 μὴ

549 1125 569 1156 ι
608 1108 926 1163 illuminatio
954 1108 1232 1179 Evangelii
1260 1108 1386 1163 Jesu
1436 1108 1663 1170 Christi,
1705 1108 1797 1177 qui
1829 1116 1913 1162 est
1937 1108 2115 1176 imago

2225 1123 2243 1153 ι
2277 1100 2625 1169 καταυγάσαι
2651 1100 2763 1171 (45)
2798 1103 2990 1164 ὲνταίς
3015 1101 3263 1172 καρδίαις
3292 1098 3472 1168 αὐτῶν
3507 1100 3603 1152 τὸν
3637 1114 3805 1167 φωτι-

548 1218 565 1247 ι
603 1198 718 1252 Dei.
775 1218 793 1253 1
852 1199 950 1255 Ubi
1004 1200 1386 1255 advertendum
1422 1198 1579 1253 nobis
1611 1200 1795 1253 animo
1825 1208 1948 1265 est,
1972 1201 2114 1267 quod

2225 1213 2243 1244 ε
2282 1191 2417 1262 σμὸν
2443 1191 2538 1245 τοῦ
2570 1191 2903 1260 Εὑαγγελίου
2933 1190 3028 1243 τοῦ
3061 1190 3319 1260 Χριστοῦ,
3355 1191 3413 1252 ὅς
3454 1192 3604 1242 ἐστιν
3640 1187 3804 1242 εἰκὼν

542 1291 753 1345 divinus
769 1291 1060 1359 Apostolus
1088 1290 1557 1346 determinativum
1588 1290 1654 1345 de
1673 1289 1889 1345 Christo
1907 1305 2115 1345 sermo-

2227 1305 2244 1337 t
2280 1284 2371 1337 τοῦ
2390 1284 2547 1339 Θεοῦ.
2580 1303 2598 1334 1
2630 1282 2799 1336 Ἔνθα
2820 1285 2914 1337 καὶ
2937 1285 3202 1354 προσήκει
3229 1282 3319 1334 τὸν
3344 1281 3468 1333 νοῦν
3487 1281 3800 1351 ἐπιστῆσαι,

542 1394 663 1434 nem
688 1381 940 1445 instituit,
972 1381 1259 1449 imaginem
1284 1380 1376 1433 Dei
1398 1380 1605 1435 scilicet
1622 1381 1897 1451 appellans
1918 1381 2113 1451 ipsum,

2215 1378 2297 1441 ὡς
2322 1382 2349 1432 ὁ
2382 1379 2523 1443 Θεῖος
2573 1379 2890 1441 Ἀπόστολος
2920 1378 3104 1449 ὁρικὸν
3126 1377 3451 1447 ἐξηνέγκατο
3481 1377 3639 1444 λόγον
3680 1375 3806 1445 περὶ

540 1486 609 1525 ne
642 1473 762 1540 quis
791 1472 925 1525 duos
949 1471 1231 1539 imaginari
1263 1470 1393 1525 deos
1423 1479 1623 1540 posset,
1642 1470 1735 1526 sed
1756 1486 1943 1537 unum,
1965 1486 2116 1525 nem-

2216 1471 2309 1523 τοῦ
2346 1470 2605 1541 Χριστοῦ,
2628 1469 2796 1522 εἰπὼν
2829 1469 2990 1522 αὑτὸν
3041 1468 3222 1521 εἰκόνα
3252 1467 3346 1520 τοῦ
3388 1465 3543 1529 Θεοῦ,
3584 1467 3673 1518 ἵνα
3725 1466 3800 1535 μή

540 1576 606 1629 pe
634 1576 755 1615 eum
781 1563 869 1630 qui
902 1575 1059 1629 supra
1096 1562 1278 1615 omnia
1301 1573 1401 1617 est.
1425 1563 1481 1617 Si
1506 1564 1647 1617 enim
1677 1576 1817 1616 unus
1844 1570 1927 1616 est
1950 1561 2113 1629 Deus,

2216 1581 2299 1626 τις
2330 1563 2422 1615 δύο
2455 1564 2608 1624 θεοὺς
2648 1562 2905 1614 ὑπολάϐοι
2938 1559 3074 1614 εἶναι
3096 1602 3109 1626 ,
3140 1559 3252 1614 ἀλλ’
3292 1561 3387 1611 ἕνα
3417 1559 3510 1611 τὸν
3539 1559 3633 1610 ἐπὶ
3661 1558 3802 1611 πάν-

542 1666 591 1707 et
623 1666 815 1724 praeter
841 1654 990 1707 illum
1020 1670 1125 1708 non
1152 1662 1237 1709 est
1263 1654 1422 1721 alius,
1461 1654 1629 1723 ipsius
1656 1652 1726 1708 sit
1749 1662 1985 1721 oportet,
2022 1654 2111 1723 qui

2216 1672 2342 1708 των.
2372 1655 2434 1708 Εἰ
2462 1655 2570 1727 γὰρ
2599 1650 2679 1718 εἷς
2702 1654 2855 1716 Θεὸς,
2888 1653 2983 1705 καὶ
3014 1653 3112 1705 οὐκ
3146 1651 3289 1703 ἔστιν
3318 1650 3501 1719 ἕτερος
3528 1648 3669 1717 πλὴν
3698 1648 3801 1699 αὐ-

540 1760 638 1815 per
658 1745 851 1800 Filium
889 1762 1044 1801 suum
1073 1757 1330 1815 tanquam
1353 1761 1448 1817 per
1467 1746 1757 1813 imaginem
1778 1744 2105 1814 agnoscitur.

2215 1748 2329 1811 τοῦ,
2372 1749 2533 1809 αὐτὸς
2564 1746 2630 1800 ἂν
2661 1746 2746 1816 εἴη
2776 1748 2803 1797 ὁ
2847 1747 2939 1798 καὶ
2969 1744 3054 1797 διὰ
3087 1743 3181 1795 τοῦ
3215 1742 3344 1795 Υἱοῦ
3372 1741 3446 1803 ὡς
3481 1740 3546 1793 δι’
3589 1741 3802 1802 εἰκόνος

540 1808 879 1905 Quapropter
900 1846 955 1889 et
992 1836 1162 1891 Filius
1187 1808 1417 1906 quoque
1450 1808 1714 1899 Deus‘est,
1748 1808 1969 1905 propter
2007 1834 2109 1889 Pa-

2214 1808 2628 1910 γνιοριζόμενος.
2660 1808 2750 1890 Διὸ
2785 1838 2877 1890 καὶ
2913 1840 2939 1890 ὁ
2973 1837 3098 1899 Υἱὸς
3127 1835 3280 1898 Θεὸς,
3312 1833 3400 1887 διὰ
3426 1833 3524 1903 τὴν
3561 1834 3618 1883 ἐν
3653 1831 3802 1901 αὑτῷ

540 1928 635 1980 tris
665 1928 913 1996 liguram,
955 1928 1007 1981 in
1037 1928 1171 1997 ipso,
1200 1938 1256 1981 ut
1285 1928 1336 1981 in
1363 1928 1617 1997 imagine,
1643 1926 2014 1982 resultantem.
2052 1927 2106 1981 ld

2211 1931 2301 1985 τοῦ
2332 1932 2544 2002 Πατρὸς
2577 1932 2653 1994 ὡς
2679 1933 2736 1983 ὲν
2762 1932 2930 1984 εἰκόνι
2959 1930 3257 2001 μόρφωσιν.
3290 1929 3359 1979 Ὃ
3378 1926 3441 1997 δὴ
3464 1925 3803 1995 παρίστησιν

538 2019 679 2087 quod
714 2018 927 2073 divinus
959 2019 1252 2086 Apostolus
1275 2019 1497 2083 indicat,
1529 2021 1655 2074 dum
1703 2018 1997 2091 aliquando
2034 2020 2110 2073 in-

2212 2029 2236 2079 ὁ
2272 2025 2412 2089 Θεῖος
2449 2018 2791 2088 Ἀπόστολος,
2832 2024 2954 2076 τοτὲ
2990 2023 3091 2093 μὲν
3128 2021 3320 2089 λέγων,
3361 2018 3430 2083 ὃς
3478 2019 3547 2072 ἐν
3595 2015 3804 2087 μορφῇ

538 2112 697 2178 quit,
727 2111 820 2179 qui
873 2126 990 2163 cum
1030 2112 1083 2163 in
1123 2110 1223 2164 Dei
1269 2111 1441 2178 forma
1476 2121 1648 2165 esset:
1681 2111 1971 2181 aliquando
2004 2126 2105 2165 au»

2211 2116 2357 2172 Θεοῦ
2384 2118 2691 2185 ὑπάρχων,
2733 2115 2856 2168 τοτὲ
2884 2116 2939 2167 δὲ
2972 2115 3132 2167 αὐτὸν
3176 2114 3356 2166 εἰκόνα
3384 2111 3477 2163 τοῦ
3511 2110 3648 2163 Θεοῦ
3680 2113 3799 2182 ὀρι-

536 2209 665 2266 tem,
698 2216 820 2256 eum
852 2201 1139 2267 imaginem
1174 2203 1265 2257 Dei
1314 2202 1501 2257 delinit
1534 2217 1675 2257 esse.
1706 2204 1887 2271 Atque
1917 2203 1988 2256 ita
2022 2203 2106 2255 in-

2212 2212 2449 2282 ζόμενος.
2503 2209 2711 2262 Οὐκοῦν
2768 2207 2906 2279 μετὰ
2954 2206 3064 2259 τῶν
3113 2204 3287 2258 ἄλλων
3334 2202 3649 2275 ὲπηγοριῶν
3706 2200 3804 2256 καὶ

541 2301 624 2343 ter
650 2301 879 2346 caeteras
908 2292 1349 2347 nomenclaturas
1394 2292 1565 2349 Filius
1618 2302 1676 2349 et
1706 2303 1825 2348 erat
1858 2305 1913 2349 et
1957 2295 2107 2349 dice-

2209 2304 2369 2358 εἰκὼν
2409 2302 2501 2356 τοῦ
2537 2301 2673 2355 Θεοῦ
2705 2301 2811 2371 πρὸ
2839 2300 2944 2369 τῆς
2986 2300 3253 2369 ὲνσάρκου
3283 2296 3589 2367 παρουσίας
3612 2299 3641 2348 ὁ
3671 2294 3801 2357 Υἱὸς

536 2384 694 2437 batur
751 2384 927 2452 imago
960 2384 1054 2439 Dei
1085 2425 1099 2451 ,
1134 2383 1445 2455 priusquam
1491 2385 1545 2438 in
1594 2400 1759 2440 carne
1805 2385 2102 2440 adveniret.

2207 2395 2273 2470 ἦν
2296 2415 2354 2450 τε
2386 2397 2480 2449 καὶ
2504 2394 2835 2465 ὠνόμασται.
2868 2392 3027 2445 Ἀλλὰ
3057 2388 3231 2444 ταῦτα
3258 2390 3357 2460 μὲν
3384 2379 3494 2442 ἀπὸ
3524 2388 3627 2458 τῆς
3653 2388 3799 2440 Και-

535 2477 829 2545 Atqueista
859 2478 1076 2547 quidem
1112 2492 1283 2547 pauca
1318 2478 1385 2532 de
1434 2478 1753 2542 innumeris,
1790 2494 1855 2533 ne
1890 2481 2104 2533 modum

2208 2491 2303 2561 νῆς
2342 2488 2632 2559 Διαθήκης,
2666 2486 2820 2555 ὀλίγα
2851 2485 2957 2539 ἀπὸ
2991 2484 3197 2555 μυρίων
3222 2485 3355 2554 ἡμῖν
3382 2481 3544 2550 λόγου
3580 2497 3800 2551 συμμε-

534 2566 881 2632 excedamus,
922 2566 1119 2622 eNovo
1153 2565 1500 2623 Testamento
1551 2570 1777 2623 adducta
1814 2570 1943 2624 sint.
1967 2567 2105 2635 Quin

1277 2577 1500 2622 amento
1551 2570 1777 2623 adducta
1814 2570 1943 2624 sint.
1967 2567 2105 2635 Quin
2214 2582 2369 2652 τρίας
2395 2581 2553 2652 χάριν
2585 2578 2869 2648 συνῆκται.

534 2669 589 2713 et
620 2659 747 2712 olim
772 2660 1095 2714 exsistentes
1120 2661 1395 2729 prophetae
1423 2660 1542 2725 Dei,
1576 2663 1823 2717 eumdem
1873 2661 2104 2717 diversis

536 2750 855 2820 thenlogicis
883 2752 1191 2806 nominibus
1213 2753 1571 2807 honorat-unt.

603 2840 691 2894 16.
723 2841 819 2895 Est
842 2840 932 2911 qui
960 2857 1080 2894 eum
1104 2882 1119 2906 ,
1152 2840 1413 2911 Spiritum
1460 2844 1551 2897 Dei
1583 2851 1778 2905 vocat,
1806 2843 2056 2913 inquiens
2087 2863 2100 2897 :

2277 2857 2371 2914 ις’.
2392 2849 2502 2901 Καὶ
2530 2849 2578 2900 οί
2608 2847 2776 2900 πάλαι
2806 2848 2904 2916 μὲν
2924 2846 3205 2917 γενόμενοι
3230 2844 3325 2898 τοῦ
3349 2844 3487 2898 Θεοῦ
3512 2844 3797 2916 προφῆται

531 2932 845 3003 Egredietur
869 2932 1018 2998 virga
1043 2935 1107 2988 de
1135 2936 1310 2989 radice
1349 2934 1490 2990 Iesse
1529 2954 1547 2990 :
1592 2943 1649 3000 ›Ῑ‹
1692 2949 1739 2991 et
1769 2939 1869 3007 ﬂos
1913 2942 1977 2990 de
2017 2954 2105 2991 ra-

2207 2944 2294 2997 τὸν
2329 2941 2489 2997 αὑτὸν
2525 2940 2635 3010 (44)
2668 2939 2945 3011 διαφόροις
2990 2938 3193 3008 ἐτίμων
3221 2936 3539 3005 θεολογίαις.
3591 2938 3651 2989 '0
3696 2938 3799 3007 μὲν

530 3026 644 3077 dice
668 3024 778 3093 ejus
805 3028 1070 3092 ascendet,
1107 3037 1156 3080 et
1190 3028 1472 3095 requiescet
1508 3044 1664 3097 super
1689 3029 1837 3082 illum
1874 3029 2104 3097 Spiritus

2205 3034 2313 3105 γὰρ
2344 3032 2609 3088 ἀπεκάλει
2642 3029 2805 3083 αὐτὸν
2858 3028 3074 3098 πνεῦμα
3109 3025 3204 3080 τοῦ
3233 3027 3392 3093 Θεοῦ,
3422 3028 3617 3096 λέγων,
3666 3027 3794 3093 Ἐξ-

530 3116 762 3183 Domini,
802 3118 1018 3185 spiritus
1038 3118 1309 3186 sapientia:
1338 3129 1385 3171 et
1425 3118 1778 3188 intelligentiae
1806 3119 1873 3186 ”,
1896 3130 1949 3173 et
1978 3134 2097 3189 quae

2204 3131 2509 3186 ελεύσεται
2523 3122 2746 3192 ῥάϐδος
2759 3123 2826 3175 ἐκ
2848 3121 2959 3191 τῆς
2970 3121 3138 3190 ῥίζης
3152 3122 3381 3176 Ἰεσσαί
3386 3138 3400 3151 ο
3415 3121 3511 3174 καὶ
3530 3119 3796 3187 ἇνθοςέκ

529 3218 851 3277 sequuntur.
898 3208 1188 3279 Perspicue
1208 3211 1477 3280 siquidem
1509 3211 1563 3265 in
1590 3211 1706 3268 istis
1731 3211 2098 3268 manifestavit

2202 3222 2309 3290 τῆς
2325 3216 2490 3288 ῥίζης
2503 3216 2614 3287 (45)
2632 3214 3019 3281 ἀναϐήσεται,
3039 3214 3141 3267 καὶ
3159 3214 3653 3268 ὲπαναπαύσεται
3678 3213 3794 3284 (46)

528 3314 651 3353 eum
678 3301 769 3368 qui
800 3298 866 3355 de
882 3302 1085 3356 semine
1110 3302 1276 3357 David
1316 3302 1493 3357 fuerat
1527 3304 1821 3359 secundum
1855 3321 2093 3372 carnem,

2204 3314 2290 3367 ἐπ’
2333 3309 2521 3365 αὐτὸν
2547 3306 2787 3377 πνεῦμα
2814 3306 2920 3360 τοῦ
2954 3306 3124 3369 Θεοῦ,
3152 3305 3389 3375 πνεῦμα
3416 3306 3661 3374 σοφίας,
3692 3304 3796 3357 καὶ

531 3402 587 3443 et
621 3392 933 3447 inhabitans
967 3394 1128 3446 etiam
1168 3395 1221 3448 in
1261 3393 1352 3449 illo
1384 3394 1473 3449 Dei
1522 3394 1781 3451 Verbum.
1821 3396 1973 3453 Unde
2013 3398 2099 3452 di~

2202 3403 2531 3465 συνέσεως,
2555 3398 2649 3452 καὶ
2677 3396 2746 3450 τὰ
2784 3396 2932 3467 ἑξῆς.
2963 3395 3161 3466 Σαφῶς
3188 3396 3298 3467 γὰρ
3330 3395 3420 3449 τὸν
3446 3396 3512 3449 ὲκ
3538 3396 3794 3467 σπέρμα-

534 3483 688 3536 vinus
714 3482 1003 3549 Apostolus
1030 3498 1171 3539 nunc
1210 3483 1478 3553 loquitur,
1500 3483 1753 3542 Dominus
1786 3496 1962 3541 autem
1996 3490 2100 3557 spi-

2199 3512 2287 3558 τος
2332 3492 2517 3554 Δαὸὶδ,
2570 3488 2712 3543 κατὰ
2746 3489 2925 3560 σάρκα
2968 3489 3066 3541 καὶ
3106 3486 3196 3540 τὸν
3232 3487 3595 3557 ὲνοικήσαντα
3640 3486 3791 3557 αὐτῷ

528 3573 661 3626 ritus
687 3582 762 3627 est
794 3574 868 3637 ";
912 3588 1055 3630 nunc
1090 3574 1282 3629 iterum
1305 3616 1320 3638 ,
1370 3574 1606 3629 Christus
1639 3576 1735 3628 Dei
1770 3580 2024 3645 potentia,
2049 3592 2096 3634 et

2203 3588 2326 3641 Θεὸν
2350 3586 2540 3655 Λόγον,
2558 3583 2646 3637 διὰ
2671 3581 2874 3635 τούτων
2903 3581 3127 3652 ἐδήλου.⁴
3147 3580 3338 3633 Ἔνθεν
3368 3582 3397 3633 ὁ
3437 3578 3584 3642 Θεῖος
3626 3579 3795 3632 Ἀπό-

526 3664 786 3729 sapientia
832 3663 925 3718 Dei
966 3666 1032 3717 ".
1086 3665 1240 3721 Alius
1288 3666 1509 3735 insuper
1558 3666 1820 3736 propheta
1865 3684 1986 3723 eum
2028 3672 2095 3725 ad

2201 3678 2383 3742 στολος
2412 3677 2544 3730 ποτὲ
2581 3675 2679 3745 μὲν
2716 3673 2923 3741 ἔλεγεν·
2982 3674 3035 3726 '0
3077 3670 3147 3725 δὲ
3187 3673 3404 3740 Κύριος
3440 3672 3507 3725 τὸ
3550 3673 3793 3742 πνεῦμά

528 3752 775 3807 eumdem
814 3754 1031 3808 modum
1068 3755 1315 3825 spiritum
1367 3756 1628 3826 appellat,
1677 3757 1910 3825 Spiritus
1939 3760 2095 3829 faciei

2199 3771 2385 3823 ἐστιν’
2444 3768 2575 3821 ποτὲ
2620 3765 2697 3831 δὲ,
2728 3765 2981 3833 Χριστὸς
3028 3764 3176 3820 Θεοῦ
3215 3763 3467 3834 δύναμις
3495 3763 3596 3818 καὶ
3638 3765 3791 3819 Θεοῦ

526 3854 720 3897 nostra
739 3843 979 3898 Christus
1012 3845 1263 3900 Dominus
1295 3848 1361 3901 ’⁸.
1387 3847 1451 3901 Ει
1487 3848 1541 3903 in
1580 3846 1875 3919 Evangelia
1903 3850 1971 3906 de
2002 3866 2096 3907 eo-

2195 3860 2402 3929 σοφία.
2426 3859 2537 3911 Καὶ
2556 3857 2741 3927 ἕτερος
2766 3854 2821 3908 δὲ
2848 3857 3049 3926 ὁμοίως
3069 3854 3287 3927 πνεῦμα
3309 3855 3472 3908 αὑτὸν
3495 3855 3787 3920 ἀποκαλεῖ,

524 3937 646 3989 dem
694 3937 1052 4003 liquidissimo
1101 3938 1342 3993 dicitur:
1382 3937 1519 3993 Ecce
1575 3956 1707 4009 puer
1748 3958 1892 3995 meus
1942 3960 2092 4011 quem

2194 3952 2389 4019 λέγων,
2424 3949 2666 4018 Πνεῦμα
2696 3946 3018 4016 προσώπου
3048 3947 3220 4017 ἡμῶν
3248 3946 3503 4016 Χριστὸς
3544 3948 3784 4017 Κύριος.

526 4028 677 4097 elegi,
715 4029 937 4083 dilectus
978 4046 1122 4084 meus
1164 4030 1219 4083 in
1243 4048 1343 4100 quo
1389 4032 1514 4086 bene
1550 4035 1863 4101 complacuit
1901 4038 2092 4090 animm

2194 4041 2305 4095 Καὶ
2333 4044 2391 4095 ὲν
2417 4040 2494 4111 τῷ
2526 4039 2843 4110 Εὑαγγελίῳ
2874 4039 2930 4093 δὲ
2964 4040 3091 4109 περὶ
3128 4038 3293 4093 αὑτοῦ
3325 4039 3513 4107 σαφῶς
3543 4041 3784 4111 εἴρηται·

523 4134 672 4172 mete.
691 4116 900 4172 Portam
928 4121 1172 4187 spiritum
1212 4137 1381 4175 meum
1407 4137 1562 4191 super
1593 4139 1731 4191 eum,
1749 4133 1799 4178 et
1823 4124 2092 4192 judicium

2208 4130 2364 4187 Ἰδοὺ
2397 4135 2429 4186 ό
2454 4132 2593 4199 παῖς
2607 4149 2749 4201 μου,
2797 4130 2871 4184 ὃν
2901 4129 3154 4200 ᾑρέτισα
3174 4147 3188 4161 ’
3238 4133 3275 4191 ci
3309 4130 3623 4201 ἀγαπητός
3660 4148 3786 4199 μου

523 4210 759 4277 gentibus
795 4212 1058 4264 nuntiabit
1074 4212 1139 4266 ”.

2194 4225 2281 4288 εις
2305 4222 2377 4276 ὃν
2403 4221 2753 4291 ηὐδόκησεν
2772 4223 2812 4290 ἠ
2841 4219 3012 4290 ψυχή
3032 4238 3171 4291 μου.
3198 4220 3429 4275 Ἔδωκα
3452 4221 3520 4276 τὸ
3544 4221 3786 4293 πνεῦμά

2188 4331 2305 4383 μου
2338 4314 2431 4367 ἐπ’
2471 4314 2678 4381 αὑτὸν,
2710 4314 2914 4383 κρίσιν
2944 4312 3068 4379 τοῖς
3095 4313 3338 4367 ἔθνεσιν
3364 4312 3611 4378 ἐξοίσει.

593 4389 682 4443 Π.
712 4388 863 4443 Alius
890 4404 1051 4459 porro
1087 4392 1347 4460 propheta
1376 4391 1542 4446 vitam
1578 4407 1709 4447 eum
1730 4405 1906 4457 vocat,
1931 4404 1981 4450 et
2004 4396 2089 4449 lu-

2266 4404 2349 4468 tC'.
2386 4404 2685 4477 Προφητῶν
2709 4404 2767 4459 δὲ
2790 4404 2948 4468 ἄλλος
2998 4401 3143 4476 ζωὴν
3171 4404 3356 4469 αὑτὸν,
3380 4406 3474 4458 καὶ
3507 4404 3623 4475 φῶς
3651 4407 3786 4461 ὠνό-

519 4494 663 4545 eem,
693 4480 781 4534 ubi
816 4479 984 4536 Deum
1032 4482 1111 4535 sic
1137 4480 1429 4550 alloquitur
1458 4483 1739 4553 inquiens,
1768 4485 1922 4554 Apud
1945 4496 1995 4539 te
2015 4498 2089 4541 est

2199 4496 2335 4566 μαζε
2366 4496 2499 4567 (47),
2527 4498 2585 4549 ἐν
2630 4495 2711 4567 τῷ
2761 4496 3102 4568 προσφωνεῖν
3138 4493 3216 4565 τῷ
3247 4494 3386 4566 Θεῷ,
3431 4497 3525 4550 καὶ
3576 4497 3783 4565 λέγειν,

520 4570 638 4639 fans
662 4571 803 4637 vitaz,
841 4579 891 4624 et
917 4571 969 4623 in
1008 4571 1205 4625 lumine
1241 4581 1331 4624 tuo
1370 4572 1657 4625 uidebimus
1683 4571 1860 4627 lumen
1878 4573 2090 4640 ".Qui-

2194 4591 2293 4644 ὅτι·
2317 4590 2480 4658 Παρὰ
2494 4590 2593 4643 σοι
2623 4588 2785 4658 πηγὴ
2816 4587 3073 4656 ζωῆς,ὲν
3098 4586 3178 4652 τῷ
3193 4588 3341 4656 φωτί
3365 4604 3481 4641 σου
3511 4589 3785 4658 ὀψόμεθα

517 4680 641 4718 nam
672 4672 788 4719 erat
818 4662 903 4717 ille
926 4662 1049 4717 vitae
1096 4662 1216 4717 fons
1247 4662 1386 4733 apud
1433 4664 1643 4719 Deum?
1691 4664 1814 4733 quis
1860 4664 2085 4720 lumen?

2195 4680 2337 4750 φῶς.
2369 4682 2464 4745 Τίς
2495 4681 2603 4754 γὰρ
2630 4676 2699 4752 ἦν
2734 4682 2769 4752 ἡ
2822 4679 2972 4749 παρὰ
3000 4678 3077 4749 τῷ
3121 4678 3241 4751 θεῷ
3278 4679 3429 4751 πηγὴ
3460 4681 3561 4752 τῆς
3608 4682 3780 4754 ζωῆς.

518 4757 687 4826 ipsius
718 4770 932 4825 nempe,
957 4756 1049 4825 qui
1076 4756 1131 4810 in
1169 4755 1462 4827 Evangelia
1493 4755 1649 4822 dixit,
1675 4755 1788 4825 Ego
1825 4773 1941 4810 sum
1990 4757 2086 4812 lux

2192 4767 2369 4821 καὶτὸ
2421 4769 2558 4838 φῶς,
2590 4769 2623 4839 ἢ
2663 4768 2823 4832 αὐτὸς
2857 4769 2886 4819 ὁ
2917 4771 2975 4821 ὲν
3007 4768 3359 4837 Εὐαγγελίοις
3405 4770 3596 4834 εἰπὼν,
3637 4772 3783 4844 Ἐγώ

518 4848 701 4900 mundi
724 4849 768 4879 ²⁹
794 4864 810 4913 ;
838 4856 913 4913 et,
941 4846 1050 4914 Ego
1081 4862 1196 4900 sum
1219 4849 1301 4901 via
1326 4858 1375 4901 et
1398 4848 1605 4909 veritas,
1637 4858 1685 4900 et
1719 4848 1826 4901 vita
1850 4847 1916 4899 ³ο.
1946 4849 2083 4915 Quo-

2189 4857 2532 4927 εὶμιτύςρῶς
2575 4860 2683 4914 τοῦ
2729 4859 2992 4927 κόσμου’
3039 4860 3150 4913 καί⁶
3195 4859 3341 4930 Ἐγίί)
3378 4863 3495 4931 ειμι
3542 4864 3581 4931 ή
3632 4864 3781 4934 ὁδὸς

590 5016 648 5071 ᾖ(
683 5010 777 5063 Ed.
815 5010 989 5065 Paris.
1020 5027 1140 5083 pag.
1177 5011 1265 5067 97.

590 5079 1049 5161 νιειιίλχιηξηῖ.
1146 5083 1191 5113 ³⁸
1218 5081 1259 5134 Il
1283 5080 1411 5161 Dor.
1446 5084 1642 5161 tlt,__l"l.
1670 5155 1708 5161 ,Δ
1741 5088 1789 5161 ’ξ
1818 5087 1835 5139 l
1868 5088 1994 5143 Cor.
2021 5104 2059 5154 1,
2099 5091 2182 5147 ει.

2179 5133 2192 5147 .
2268 5093 2531 5149 "Thren.
2571 5110 2660 5160 tv,
2710 5094 2801 5149 20.
2876 5096 2920 5128 ³⁷
2951 5094 3141 5153 Matth.
3194 5110 3312 5161 xu,
3368 5092 3456 5148 18.
3544 5094 3589 5125 ³⁸
3619 5090 3769 5149 Psal.

516 5165 683 5215 xxxv,
723 5150 809 5204 10.
885 5152 929 5183 ²⁹
955 5150 1110 5207 Joan.
1141 5151 1387 5217 ν111,12;
1424 5166 1500 5216 ts,
1538 5154 1593 5209 5.
1669 5155 1712 5186 '°
1749 5156 1905 5212 Joan.
1934 5150 2055 5225 xiv,
2083 5161 2135 5219 6.

586 5356 702 5440 ί
720 5354 889 5440 V-ngo
921 5355 1076 5440 τοῦτο
1467 5426 1476 5440 1
1665 5432 1679 5440 Δ
1855 5433 1867 5440 _
1961 5435 1971 5440 _
2040 5434 2083 5440 __

1467 5426 1476 5440 .
1665 5432 1679 5440 _
1855 5433 1867 5440 _
1961 5435 1971 5440 _
2040 5434 2083 5440 __
2191 5370 2477 5434 correctio,
2512 5370 2733 5440 ἐτίμων.
2771 5369 2839 5423 Μ.

587 5426 697 5495 (ιὸ)
741 5426 897 5512 (apo?
927 5426 1021 5512 ’τό
1076 5426 1162 5512 Li?"
1216 5426 1604 5512 καταργῆσαι..
1652 5432 2083 5512 Apostolusin‘ll

1387 5426 1604 5512 irrigat:
1652 5432 1936 5512 Apostolus
1960 5434 2083 5512 in‘ll
2261 5440 2373 5512 (45)
2401 5426 2563 5506 Vulgo
2595 5426 2692 5510 τῆς
2714 5444 2764 5512 ῤ.
2796 5439 2979 5494 αὐτοῦ.

518 5493 641 5548 Cur.
669 5513 740 5561 tv,
768 5499 821 5558 5,
856 5498 1047 5551 habet:
1074 5493 1171 5560 Ε’ὶς
1217 5498 1281 5549 τὸ
1304 5497 1389 5567 μὴ
1414 5493 1713 5568 ἀύτάσαί
1744 5504 1947 5571 αὐτοῖς
1975 5505 2084 5559 τόν

518 5568 821 5632 φωτισμὸν
851 5566 969 5619 τῶν
997 5568 1179 5632 Ebur.
1210 5565 1319 5632 τῆς
1356 5569 1541 5632 δόξης
1578 5571 1684 5624 τοῦ
1710 5573 1987 5632 Χριστοῦ.
2027 5587 2082 5629 et

2260 5493 2370 5632 iiii?
2424 5493 2944 5564 Ἐἓαναὲἱὰύσεται
2968 5511 3062 5564 ἐπ’
3093 5511 3297 5564 αὐτόν.
3341 5512 3494 5579 Apud
3524 5508 3774 5632 Prng‘be-

2192 5592 2295 5632 tam
2368 5585 2564 5632 eeitur.
2614 5581 3025 5632 ἀναπαύσεται
3078 5580 3171 5632 ἐπ’
3200 5582 3618 5632 αὐτούς.Μ.-
3692 5601 3765 5632 ox

518 5568 821 5648 φωτισμὸγ
851 5568 972 5648 τῷν
988 5568 1179 5648 Ebur.
1210 5568 1319 5648 τῇς
1356 5569 1541 5648 δόξης
1578 5571 1684 5648 (of)
1710 5568 2009 5648 Χριστοῦ,⁸
2027 5587 2082 5648 et

2192 5568 2295 5633 tam
2351 5568 2564 5648 legitur,
2614 5581 3025 5635 ἀναπαύσεται
3078 5580 3171 5633 ἐπ’
3200 5568 3767 5644 αὐτούς.Μ.-Μοι

518 5636 819 5723 posti-8525,
853 5639 1087 5698 additur,
1122 5639 1373 5707 ἀοράτου.
1401 5639 1468 5692 Μ.
1505 5670 1573 5683 --
1596 5640 1715 5696 Mox
1748 5636 1903 5715 iulgo
1933 5636 2079 5699 ista.

1989 5644 2079 5699 διὰ
2188 5652 2345 5723 vulgo
2373 5636 2529 5723 λόγον
2554 5636 2688 5723 Θεὸν
2716 5662 2769 5704 et
2798 5650 2985 5705 ἄλλοτε
3019 5651 3089 5723 δὲ,
3111 5669 3200 5723 χρ.
3232 5665 3281 5705 et
3305 5636 3581 5723 ἐπ”αὺτιῖλ

520 5671 637 5715 ru:-
666 5671 819 5704 υςυδ,
853 5671 1087 5698 ηυυιιυις
1122 5671 1373 5707 υιυγίιιυυ.
1401 5671 1468 5692 ινι-
1505 5671 1573 5683 .—
1596 5671 1715 5696 Πιυλ
1751 5671 1903 5715 νυιδυ
1933 5671 1961 5696 υ
1989 5671 2079 5699 om

516 5724 608 5765 του
620 5715 693 5793 le‘t‘
710 5706 796 5793 6‘65
817 5724 947 5793 παρ.
1201 5782 1212 5793 ι
1389 5779 1425 5793 ἢ
1843 5785 1856 5793 _
1906 5785 1927 5793 _

2189 5671 2345 5716 vulgo
2374 5671 2529 5719 Λογον
2554 5671 2688 5703 σεον
2716 5671 2769 5704 et
2798 5671 2985 5705 αΑΑοτε
3019 5671 3078 5704 οε
3111 5671 3143 5721 χ
3186 5693 3200 5706 .
3232 5671 3281 5705 et
3305 5671 3388 5705 επ·
3414 5671 3582 5723 αυτῳ.

2254 5721 2362 5791 (i7)
2393 5722 2553 5792 Vulgo
2582 5722 2831 5789 ὠνόμασε
2862 5734 2910 5778 et
2941 5723 2998 5775 ὲν
3027 5722 3105 5793 τῷ
3137 5671 3452 5792 ἔύαγγελίω
3484 5724 3674 5777 εἰπών.

587 5725 608 5758 J
635 5725 688 5759 9|.
710 5725 796 5760 οοε
817 5725 892 5761 πα
932 5747 947 5761 ο

587 5777 697 5845 t-ll)
722 5725 1025 5847 diagofpmc
1063 5797 1132 5835 σε
1160 5782 1354 5850 τίμων.
1387 5779 1685 5851 Depravalc
1715 5804 1726 5851 ς
1764 5785 1856 5847 sed
1902 5785 2077 5843 facilis
