4032 6478
205 431 214 434 ·
291 412 402 467 895

1257 407 1347 462 DE
1387 406 1929 462 ECCLESIASTICA
1982 407 2383 464 THEOLOGIA
2424 408 2556 466 LIB.
2593 409 2635 464 Ι.

3469 413 3577 470 894

285 521 422 584 τοῦ,
455 514 546 587 οἷς
571 521 920 588 ἐθέλησενέ
939 519 1084 587 Θεὸς
1115 521 1425 589 γνωρίσαι,
1457 520 1598 585 τίςό
1619 519 1876 585 πλοῦτος

1987 538 2114 592 quos
2157 522 2319 576 voluit
2377 522 2515 576 Deus
2572 537 2902 590 cognouere,
2945 539 3191 592 quartana
3233 525 3340 577 sint
3372 525 3578 580 divitia

284 609 400 678 τῆς
417 610 602 688 δόξῃς
616 611 724 667 τοῦ
728 614 1067 682 μυστηρίου
1082 613 1297 666 τούτου
1311 611 1382 664 ἐν
1395 609 1520 675 τοῖς
1533 611 1797 669 ἔθνεσιν,
1816 610 1882 676 ὅς

284 704 421 756 ἐστι
437 703 690 772 Χριστὸς
703 704 772 757 ἐν
785 703 947 773 ὑμῖν,
966 705 1005 772 ἡ
1021 704 1199 768 ἐλπίς
1209 701 1320 772 τῆς
1334 701 1540 769 δόξης.
1556 703 1720 772 Ὁρᾷς
1737 702 1885 765 ὅπως

291 795 592 867 μυστήριον
632 790 703 866 ἦν
758 796 1255 867 ἀποκεκρυμμένον
1320 795 1606 866 πρότερον,
1666 793 1784 846 νυνὶ
1825 793 1882 846 δὲ

287 887 626 958 φανερωθὲν,
655 889 684 940 ό
718 887 846 950 Υἱὸς
871 887 965 941 τοῦ
993 887 1150 942 Θεοῦ.
1179 887 1380 958 Διόπερ
1409 887 1460 940 οἱ
1497 887 1594 957 μὲν
1627 885 1719 939 τοῦ
1746 884 1881 938 Θεοῦ

287 980 566 1050 προφῆται
601 978 680 1050 τῷ
721 981 1045 1053 προφητικῷ
1090 979 1364 1050 πνεύματι
1401 978 1678 1050 μυστικῶς
1718 977 1881 1031 αὐτὸν

287 1074 623 1142 ὲθεολόγουν.
667 1074 742 1128 Τό
772 1074 830 1130 δὲ
875 1073 1078 1145 πλῆθος
1123 1073 1219 1127 τοῦ
1263 1072 1532 1128 Ἰουδαίων
1582 1071 1771 1135 ἔθνους
1822 1073 1881 1125 ὲν

285 1167 482 1236 ἀγνοίᾳ
517 1165 781 1238 ἐτύγχανε
824 1165 918 1220 τοῦ
967 1166 1351 1238 κεκρυμμένου
1401 1165 1722 1237 μυστηρίου·
1758 1163 1880 1216 ὅθεν

284 1257 418 1311 Θεὸν
461 1257 561 1329 μὲν
591 1258 901 1314 ἐδιδάσκετο
929 1260 1025 1311 ἕνα
1067 1258 1288 1323 εἰδέναι,
1317 1258 1406 1312 διά
1431 1257 1490 1312 τὺ
1529 1259 1594 1328 τῇ
1629 1256 1880 1326 πολυθέῳ

283 1350 466 1424 πλάνῃ
499 1351 740 1421 συνεχῶς
774 1349 1174 1422 ὑποσύρεσθαιο
1232 1351 1454 1421 Πατέρα
1499 1349 1554 1402 δὲ
1603 1349 1734 1402 ὅντα
1785 1347 1878 1402 τόν

282 1442 418 1497 Θεὸν
447 1442 576 1496 Υίοῦ
602 1443 696 1496 τοῦ
723 1441 1060 1512 Μονογενοῦς
1095 1444 1299 1512 ἠγνόειο
1325 1443 1484 1495 τοῦτο
1511 1440 1620 1513 γὰρ
1649 1440 1878 1508 ἐφυλάτ-

280 1552 406 1589 τετο
463 1537 529 1606 τῇ
609 1535 670 1600 ἐξ
699 1534 868 1588 tavth
909 1533 1205 1605 Ἐκκλησία
1250 1533 1313 1586 τὸ
1371 1532 1691 1603 μυστήριον,
1755 1530 1875 1583 κατ’

281 1627 562 1699 ἐξαίρετον
617 1626 774 1698 χάριν
823 1628 959 1698 αὐτῇ
1007 1626 1403 1696 δεδωρημένον.
1450 1624 1536 1677 Ἐν
1563 1623 1713 1693 αὐτῷ
1768 1625 1878 1694 γάρ

281 1717 408 1780 εισι,
441 1715 582 1769 κατά
624 1715 716 1768 τὸν
754 1714 1094 1780 ’Λπόστολον,
1128 1715 1330 1777 πάντες
1372 1714 1421 1766 οἱ
1465 1711 1729 1784 θησαυροὶ
1776 1716 1875 1784 τῆς

1985 616 2223 684 mysterii
2249 615 2403 668 istius
2433 616 2485 666 in
2512 614 2776 684 gentibus,
2808 613 2901 683 qui
2941 623 3016 668 est
3052 613 3300 669 Christus
3327 615 3380 668 in
3409 616 3575 680 vobis,

1983 723 2101 777 spes
2138 709 2324 778 gloria!
2347 708 2463 777 ejus
2493 707 2560 759 ".
2602 704 2764 761 Vides
2810 715 2871 760 ut
2896 689 3277 762 absconditum
3319 707 3424 763 hoc
3451 722 3576 778 my-

1983 801 2210 857 sterium
2253 800 2432 854 fuerat
2465 801 2614 870 prius
2644 839 2662 866 ,
2695 813 2840 854 nunc
2875 807 3056 854 autem
3084 797 3387 853 revelatum
3423 817 3436 853 :
3482 798 3575 852 Fi-

1981 893 2087 948 lius
2124 891 2241 947 Dei.
2298 891 2641 960 Quapropter
2693 893 2976 960 prophetae
3028 890 3122 945 Dei
3175 890 3466 961 mysticum
3519 893 3603 947 ina

1982 987 2205 1040 modum
2266 983 2589 1056 prophetico
2639 981 2850 1053 Spiritu
2897 998 3022 1039 eum
3081 982 3448 1049 deiﬁcarunt;
3477 981 3576 1039 Ju-

1979 1079 2224 1136 daeorum
2271 1088 2459 1133 autem.
2475 1077 2655 1132 omnis
2683 1075 2979 1132 multitudo
3001 1076 3058 1130 in
3080 1075 3385 1146 ignorantia
3413 1076 3576 1131 istius

1981 1169 2230 1243 mysterii
2283 1170 2675 1241 persistebant.
2737 1168 2908 1223 Deum
2945 1167 3166 1238 quidem
3197 1183 3367 1222 unum
3400 1183 3572 1238 agno-

1978 1279 2132 1319 scere
2162 1263 2362 1328 edocti,
2386 1277 2454 1317 eo
2485 1261 2630 1332 quod
2689 1259 2742 1315 in
2782 1274 3004 1315 errores
3035 1259 3104 1314 de
3141 1260 3366 1313 deorum
3425 1258 3571 1313 mul-

1982 1354 2215 1408 titudine
2245 1353 2441 1420 sapius
2465 1350 2963 1406 abstrahebantur:
2993 1348 3212 1404 Patrem
3241 1363 3373 1404 vero
3399 1349 3569 1403 Deum

1979 1443 2242 1512 unigeniti
2274 1444 2358 1498 sui
2384 1441 2503 1496 Filii
2539 1441 2888 1511 ignorabant.
2939 1441 3078 1496 Nam
3119 1441 3223 1496 hoc
3273 1441 3342 1496 de
3388 1442 3570 1510 genti-

1979 1535 2084 1590 bus
2133 1533 2396 1590 Ecclesiae
2443 1533 2830 1588 reservabatur
2878 1531 3203 1603 mysterium
3231 1571 3246 1595 ,
3307 1541 3567 1601 tauquam

1981 1623 2163 1694 gratia
2200 1622 2449 1692 quaedam
2484 1621 2786 1684 excellens.
2813 1621 2915 1690 ipsi
2948 1620 3334 1691 impertienda.
3389 1628 3449 1683 ὦ
3507 1618 3566 1674 In

1980 1718 2096 1784 ipso
2128 1713 2274 1770 enim
2310 1725 2460 1781 sunt,
2498 1715 2641 1782 quod
2658 1713 2953 1783 Apostolus
2982 1713 3241 1769 observat
3268 1712 3340 1778 ⁵³,
3373 1725 3572 1766 omnes

281 1808 476 1876 σοφίας
528 1807 625 1861 καὶ⁸
653 1808 909 1875 γνώσεως
942 1806 1475 1879 ἀπόκρυφοι.-Ἀλλά
1511 1805 1621 1878 γὰρ
1671 1806 1760 1860 διὰ
1787 1824 1874 1860 το-

1982 1809 2226 1864 thesauri
2252 1806 2560 1862 absconditi
2581 1805 2935 1873 cognitionis.
2996 1802 3289 1858 Enimvero
3327 1810 3406 1855 tot
3452 1801 3568 1868 jam

281 1874 486 1952 σούτων
506 1902 536 1952 ό
559 1874 819 1954 τοῦΘεοῦ
869 1901 1060 1967 Λόγος,
1155 1874 1213 1952 έν
1242 1899 1385 1971 ἀρχῇ
1426 1901 1563 1972 πρὸς
1589 1874 1695 1952 ήτὸν
1718 1899 1872 1962 Θεὸν,

1980 1901 2333 1966 testimoniis,
2364 1899 2461 1954 Dei
2491 1897 2624 1953 illud
2665 1897 2902 1953 Verbum
2930 1895 3074 1966 quod
3129 1894 3182 1948 in
3236 1894 3394 1949 initio
3445 1901 3572 1948 erat

275 1989 338 2041 ού
395 1988 555 2058 μόνον
600 1989 769 2056 Λόγος
817 1988 1175 2058 κεκλημένος,
1214 1989 1290 2052 ὼς
1324 1988 1645 2060 Μάρκελλος
1677 1987 1871 2051 οἴεται,

275 2078 591 2149 ἀπεδείχθη,
629 2079 766 2132 ἀλλά
799 2080 892 2131 καὶ
925 2079 1070 2143 Υίὸς,
1105 2081 1198 2132 καὶ
1226 2080 1560 2150 Μονογενὴς,
1595 2080 1688 2132 καὶ
1736 2078 1872 2147 φῶς,

275 2170 372 2222 καὶ
404 2170 587 2238 ἄρτος,
621 2168 961 2239 καὶἸησοῦς,
990 2171 1085 2222 καὶ
1111 2171 1366 2238 Χριστὸς,
1397 2172 1494 2224 καὶ
1522 2171 1746 2242 Κύριος,
1781 2171 1875 2224 καὶ

274 2261 585 2332 ἀρχιερεὺς.
612 2264 706 2316 καὶ
729 2262 1091 2334 ἀπαύγασμα,
1116 2263 1211 2315 καὶ
1233 2264 1545 2335 χαρακτὴρ,
1569 2265 1664 2316 καὶ
1687 2262 1871 2326 εἰκὼν,

273 2352 372 2405 καὶ
397 2352 750 2420 Πρωτότοκος
790 2354 972 2426 πάσης
1005 2356 1258 2420 κτίσεως,
1288 2357 1384 2410 καὶ
1419 2357 1570 2429 πηγὴ
1590 2357 1755 2429 ζωῆς,
1781 2358 1875 2412 καὶ

275 2441 529 2515 ἀλήθεια,
558 2446 653 2497 καὶ
678 2447 943 2516 ποταμὸς,
994 2448 1090 2501 καὶ¹
1121 2447 1459 2520 δικαιοσύνη,
1497 2449 1591 2503 καὶ
1619 2450 1769 2520 ἥλιος
1799 2451 1876 2504 δι-

274 2535 594 2606 καιοσύνης,
643 2537 738 2589 καὶ
780 2537 964 2606 σοφία,
996 2540 1091 2592 καὶ
1123 2539 1280 2605 ξύλον
1321 2541 1484 2612 ζωῆς,
1521 2542 1615 2595 καὶ
1648 2542 1872 2611 Κύριος,

275 2626 372 2679 καὶ
400 2625 552 2688 Θεὸς,
591 2627 686 2680 καὶ
736 2629 1066 2699 Ἀγατιητὸς,
1103 2631 1197 2682 καὶ
1232 2632 1430 2700 ἱερεὺς,
1476 2631 1574 2684 καὶ
1611 2630 1871 2703 βραχίων,

277 2715 394 2786 (55)
441 2717 535 2770 καὶ
576 2719 859 2790 σωτήριον,
901 2722 996 2774 καὶ
1029 2721 1205 2775 πάντα
1237 2721 1431 2785 ταῦτα,
1503 2721 1577 2775 ὢν
1607 2724 1702 2776 καὶ
1743 2738 1876 2796 προ-

275 2810 544 2881 ὕπάρχων
573 2811 675 2879 τῆς
698 2813 921 2882 σαρκὸς,
944 2814 1274 2883 ὠνομάζετο
1307 2815 1382 2877 ὡς
1398 2817 1454 2868 αἱ
1485 2817 1874 2887 παρατεθεῖσαι

275 2904 492 2974 Γραφαὶ
538 2903 894 2972 δεδηλώκασι.
945 2905 1064 2959 Τίνι
1088 2905 1268 2959 τοίνυν
1297 2907 1464 2976 λόγῳ,
1489 2908 1663 2960 ταῦτα
1696 2909 1877 2962 πάντα

274 2997 476 3066 παρεὶς
509 2996 848 3066 Μάρκελλος,
872 2998 964 3049 ἐπὶ
1001 2997 1161 3067 μόνου
1197 2998 1290 3051 τοῦ
1319 2999 1494 3066 Λόγου
1521 2999 1761 3066 locarat;
1811 3001 1872 3053 οὐ

271 3082 566 3136 διαϐαίνων
603 3085 703 3154 μὲν
735 3085 828 3137 καὶ
870 3086 965 3138 ἐπὶ
999 3085 1096 3149 τὰς
1125 3086 1318 3150 λοιπὰς
1343 3089 1682 3159 ἐπωνυμίας,
1715 3091 1874 3160 μόνον

271 3176 333 3228 δὲ
384 3176 560 3244 Λόγον
608 3178 768 3230 αὐτὸν
822 3174 962 3230 εἶναι
1001 3179 1225 3247 φάσκων
1260 3179 1354 3232 τοῦ
1383 3179 1540 3233 Θεοῦο
1573 3183 1664 3234 καὶ
1716 3183 1873 3252 λόγον

1977 1988 2120 2056 apud
2151 1987 2344 2049 Deum.
2372 2003 2481 2043 non
2522 1986 2684 2042 modo
2729 1985 2871 2054 quod
2928 1983 3215 2040 Marcellus
3266 1983 3570 2052 epinatur,

1979 2081 2213 2135 Verbum
2235 2081 2440 2135 dictum
2466 2088 2570 2142 est.
2608 2083 2703 2139 sed
2734 2089 2789 2133 et
2815 2077 3006 2144 Filius,
3040 2087 3095 2133 et
3131 2075 3477 2146 Unigenitus,
3510 2085 3570 2129 et

1978 2173 2090 2238 lux,
2111 2183 2166 2228 et
2193 2173 2370 2242 panis,
2401 2181 2457 2229 et
2486 2170 2668 2237 Iesus,
2695 2180 2752 2226 et
2774 2171 3048 2237 Christus,
3081 2178 3136 2225 et
3174 2167 3462 2230 Dominus,
3511 2176 3568 2220 et

1975 2265 2245 2330 Pontifex,
2295 2275 2350 2319 ct
2386 2265 2665 2334 splendor.
2695 2274 2749 2320 et
2792 2264 3102 2327 character,
3150 2268 3206 2316 et
3256 2260 3460 2330 imago,
3512 2269 3570 2313 et

1977 2357 2381 2427 Primogenitus
2424 2357 2603 2412 omnis
2641 2365 2944 2411 creaturae:
2985 2363 3042 2409 et
3074 2351 3196 2408 fons
3220 2353 3368 2416 vitae,
3403 2360 3456 2406 et
3483 2365 3569 2405 ve-

1977 2450 2454 2517 ritas,etﬁumen,
2501 2459 2556 2506 et
2585 2449 2824 2520 iustitia,
2855 2459 2910 2505 et
2960 2446 3046 2505 sol
3098 2447 3344 2517 iustitiae,
3384 2456 3441 2501 et
3483 2459 3570 2499 sa-

1977 2544 2204 2613 pientia,
2229 2555 2286 2599 et
2311 2545 2520 2613 lignum
2544 2545 2690 2610 vitae,
2726 2553 2782 2598 et
2812 2541 3094 2607 Dominus,
3122 2550 3181 2598 et
3217 2541 3382 2601 Deus,
3407 2547 3463 2593 et
3486 2537 3570 2591 di-

1976 2633 2170 2698 lectus,
2202 2641 2257 2687 et
2286 2633 2577 2694 Sacerdos.
2615 2641 2670 2687 et
2709 2632 3019 2696 brachium,
3053 2640 3109 2686 et
3157 2629 3400 2685 salutare
3442 2650 3452 2682 :
3511 2636 3568 2682 et

1975 2725 2129 2780 hisce
2157 2725 2378 2794 quidem
2404 2724 2658 2778 omnibus
2675 2722 3054 2792 appellabatur
3079 2719 3416 2784 nominibus,
3441 2733 3565 2772 cum

1976 2819 2290 2884 exsisteret,
2313 2826 2364 2871 et
2400 2815 2804 2887 praeexsisteret
2837 2824 2961 2869 ante
2993 2828 3217 2868 carnem
3247 2819 3518 2879 sumptam
3547 2823 3564 2865 :

1977 2919 2036 2963 ut
2058 2925 2087 2964 e
2108 2909 2333 2977 prolatis
2357 2909 2446 2964 hic
2481 2908 2787 2978 Scripturis
2814 2917 3096 2961 ostensum
3125 2913 3230 2961 est.
3267 2903 3400 2970 Quia:
3423 2903 3566 2954 ratio

1976 2998 2289 3052 Marcellum
2321 2998 2413 3052 hic
2445 2997 2760 3062 commovit,
2793 3005 2850 3049 ut
2877 2996 2992 3050 istis
3039 2995 3314 3048 universis
3339 2999 3565 3061 praeter-

1977 3091 2180 3154 missis,
2213 3090 2265 3144 in
2297 3088 2414 3143 solo
2436 3088 2615 3143 Verbo
2647 3086 2952 3142 resideret?
2988 3085 3175 3154 Neque
3199 3084 3348 3138 enim
3384 3094 3568 3135 trans-

1980 3182 2078 3236 ivit
2106 3182 2172 3234 ad
2226 3189 2456 3236 caeteras
2507 3176 2972 3242 nomenclaturas,
3009 3174 3354 3230 solummodo
3412 3171 3563 3224 illum

277 3269 639 3337 σημαντικὸν,
686 3270 814 3322 ποτὲ
852 3269 952 3338 μὲν
981 3269 1322 3340 ἡσυχάζοντα
1359 3273 1416 3325 ὲν
1441 3272 1516 3343 τῷ
1549 3273 1690 3344 Θεῷ,
1744 3275 1874 3328 ποτὲ

1979 3274 2072 3329 Dei
2107 3272 2344 3328 Verbum
2373 3287 2494 3328 esse
2522 3271 2752 3337 statuit;
2787 3279 2842 3324 et
2876 3269 3104 3322 verbum
3131 3265 3352 3335 quidem
3391 3263 3568 3334 signi-

274 3358 335 3412 δέ
365 3359 618 3429 ἐνεργείᾳ
664 3362 800 3433 μόνῃ
836 3361 1100 3414 λαλοῦντα
1142 3364 1173 3432 ἢ
1211 3364 1552 3434 πράττοντα;
1589 3362 1774 3420 Ἥδιά
1813 3367 1875 3419 τὸ

275 3450 660 3515 Σαῦελλιάζειν
693 3452 974 3524 ἄντικρυς,
1007 3456 1102 3508 καὶ
1127 3455 1200 3526 μὴ
1231 3458 1508 3512 πιστεύειν
1537 3460 1615 3523 εἰς
1641 3461 1876 3515 τὸνΥίὸν

274 3541 372 3596 τοῦ
397 3542 553 3607 Θεοῦ,
593 3544 727 3613 μηδὲ
748 3545 1034 3616 γνωρίζειν
1068 3548 1128 3599 τὸ
1157 3549 1455 3618 μυστήριον
1493 3550 1554 3602 τὸ
1589 3551 1876 3622 προϋπάρ-

275 3651 375 3702 χον
409 3635 507 3705 μὲν
544 3635 731 3698 πάλαι,
794 3637 931 3708 μόνῃ
969 3637 1028 3690 δὲ
1077 3641 1145 3709 τῇ
1179 3629 1478 3712 Ἐκκλησία
1513 3641 1608 3693 τοῦ
1639 3643 1872 3713 Χριστοῦ

279 3726 372 3778 ita
423 3728 522 3798 τῆς
576 3729 740 3782 αὐτοῦ
775 3730 1088 3801 φανερωθὲν
1122 3731 1363 3801 χάριτος.
1409 3735 1473 3786 Ei
1505 3734 1560 3787 δὲ
1601 3735 1743 3802 λέγοι
1777 3754 1876 3805 μυ-

283 3821 502 3889 στήριον
557 3815 697 3873 εἶναι
747 3822 1125 3892 ἀγνοούμενον,
1178 3824 1239 3876 τὸ
1276 3823 1385 3896 (56)
1420 3826 1591 3894 Λόγον
1639 3824 1783 3894 ἔχειν
1818 3831 1876 3881 ὲν

283 3912 462 3982 ἑαυτῷ
490 3913 580 3966 τὸν
606 3913 760 3977 Θεὸν,
789 3913 1088 3986 κεχρῆσθαι
1105 3915 1268 3986 λόγῳ,
1284 3917 1441 3970 τοῦτο
1467 3917 1574 3989 γὰρ
1592 3919 1740 3990 αὑτῴ
1757 3921 1879 3974 Μα-

285 4004 500 4076 ρκέλλῳ
531 4005 679 4060 δοκεί
702 4006 838 4074 (57),
885 4005 1075 4058 τοῦτον
1099 4008 1361 4078 γράφοντι
1388 4007 1478 4061 τὸν
1498 4010 1718 4080 τρόπον’
1755 4031 1773 4062 ι
1811 4013 1853 4063 Τ
1861 4012 1876 4064 ί

288 4113 309 4147 t
348 4097 458 4168 γὰρ
489 4097 674 4168 ἕτερον
722 4094 791 4168 ἦν
831 4099 1326 4168 ἀποκεκρυμμένον
1363 4104 1694 4174 μυστήριον,
1737 4107 1876 4159 κατά

290 4207 312 4238 ι
343 4188 434 4240 τὸν
461 4188 632 4256 Λόγον
654 4206 668 4254 ;
695 4189 868 4254 οὕτως
895 4190 951 4243 δὲ
979 4187 1048 4262 ἦν
1073 4193 1566 4262 ἀποκεκρυμμένον
1593 4195 1740 4265 ἐντῷ
1759 4197 1879 4267 Θεῷ

289 4296 309 4328 σ
345 4276 502 4330 τοῦτο
555 4279 822 4350 πρότερον
874 4280 934 4333 τὸ
973 4283 1294 4352 μυστήριον,
1337 4281 1477 4336 ὥστε
1522 4285 1726 4355 μηδένα
1781 4287 1875 4339 τοῦ

290 4389 309 4421 ι
346 4368 612 4440 προτέρου
633 4369 766 4423 λαοῦ
806 4371 992 4440 σαφῶς
1016 4371 1085 4425 τὰ
1101 4373 1243 4426 κατά
1270 4373 1359 4426 τὸν
1385 4373 1556 4442 Λόγον
1588 4376 1806 4430 είδέναισ
1855 4397 1872 4430 i

286 4463 337 4514 εἰ
361 4461 426 4532 δὴ
446 4457 538 4514 οὖν
565 4461 724 4516 τοῦτο
760 4463 930 4531 λέγοι,
971 4464 1308 4534 μανθανέτω,
1355 4465 1435 4518 ὅτι
1466 4467 1559 4519 καὶ
1591 4468 1700 4530 πᾶς
1745 4468 1876 4520 Ἰου-

1976 3366 2279 3429 ﬁcativum,
2311 3363 2584 3418 interdum
2615 3362 2669 3415 in
2692 3363 2802 3415 Deo
2833 3359 3255 3428 conquiescens,
3291 3355 3564 3410 interdum

1975 3473 2035 3512 re
2065 3466 2118 3511 et
2155 3470 2253 3511 ore
2282 3455 2578 3526 prolatum,
2607 3453 2692 3507 vel
2728 3453 2896 3509 etiam
2940 3465 3195 3521 operans.
3225 3447 3388 3504 Certe
3433 3461 3566 3518 pro-

1973 3558 2157 3616 pterea
2189 3547 2334 3617 quod
2366 3545 2842 3607 Sabellianizaret,
2880 3558 2982 3597 nec
3003 3543 3057 3596 in
3088 3541 3180 3596 Dei
3210 3539 3406 3594 Filium
3442 3552 3568 3593 cre-

1975 3637 2154 3702 deret,
2203 3651 2303 3692 nec
2333 3639 2654 3706 agnosceret
2685 3634 3006 3705 mysterium
3062 3631 3214 3695 illud,
3250 3631 3393 3700 quod
3450 3631 3568 3700 qui-

1976 3729 2098 3784 dem
2129 3729 2543 3798 prteexsistebat
2576 3726 2702 3782 olim
2756 3744 2770 3780 :
2833 3734 2888 3778 at
2923 3725 3020 3780 soli
3053 3723 3256 3780 Christi
3310 3721 3568 3777 Ecclesia:

1976 3837 2071 3892 per
2107 3822 2278 3890 ipsius
2307 3820 2536 3890 gratiam
2572 3819 2875 3873 revelatum
2901 3827 3004 3871 est.
3032 3816 3185 3882 Quod
3212 3815 3256 3869 si
3280 3815 3424 3868 dicat
3453 3829 3570 3886 my-

1976 3914 2203 3968 sterium
2233 3912 2365 3967 illud
2393 3912 2728 3982 incognitum
2765 3925 2907 3976 esse,
2946 3911 3112 3964 Deum
3145 3923 3267 3961 cum
3291 3907 3345 3960 in
3374 3921 3433 3961 se
3464 3906 3567 3958 ha-

1977 4006 2131 4060 beret
2166 4005 2433 4068 Verbum,
2465 4003 2630 4058 verbo
2664 4002 2755 4058 illo
2789 4017 2971 4066 usum,
2999 4001 3102 4054 hoc
3127 3998 3396 4066 siquidem
3423 3995 3570 4049 Mar-

1977 4098 2116 4151 cello
2148 4097 2362 4150 videtur
2406 4097 2480 4150 ita
2535 4110 2677 4158 esse,
2709 4105 2831 4149 cum
2861 4094 2941 4148 sic
2974 4092 3259 4162 scripserit
3293 4110 3305 4145 :
3349 4109 3368 4141 ‹
3428 4089 3568 4156 Quid

1985 4207 2005 4240 c
2041 4189 2186 4241 aliud
2221 4187 2400 4240 fuerat
2431 4186 2751 4258 mysterium
2792 4185 2926 4240 illud
2968 4183 3375 4246 absconditum,
3401 4197 3566 4251 quam

1986 4298 2006 4332 ι
2034 4278 2276 4334 Verbum
2303 4278 2327 4332 τ
2355 4278 2432 4331 Ita
2468 4286 2647 4332 autem
2677 4278 2728 4330 in
2755 4277 2863 4331 Deo
2879 4275 3032 4340 olim,
3055 4286 3176 4330 erat
3201 4275 3305 4329 hoc
3333 4274 3567 4327 abscon-

1985 4389 2004 4423 ι
2037 4369 2209 4423 ditum
2261 4369 2606 4439 mysterium;
2653 4377 2713 4421 ut
2764 4382 2922 4421 nemo
2952 4366 3093 4436 apud
3141 4365 3383 4434 priorem
3413 4362 3565 4416 illum

1987 4481 2005 4516 ι
2039 4461 2296 4532 populum
2334 4459 2666 4530 intelligeret
2729 4458 2895 4524 clare,
2949 4473 3071 4526 qua:
3123 4455 3443 4524 spectabant
3499 4455 3567 4507 ad

283 4552 451 4606 δαίων
492 4554 616 4606 τῶν·
651 4554 743 4607 τὸν
789 4556 1024 4626 Χριστὸν
1063 4554 1157 4608 τοῦ
1193 4556 1328 4610 Θεοῦ
1379 4558 1453 4629 μὴ
1487 4560 1876 4627 ὲπεγνωκότων

1990 4572 2008 4606 ι
2050 4551 2309 4606 Verbum.
2344 4570 2364 4604 ι
2400 4548 2457 4604 Si
2489 4555 2590 4604 hoc
2620 4549 2882 4618 posuerit,
2919 4549 3096 4602 discat
3138 4549 3374 4616 0p0t‘lel,
3423 4545 3567 4614 quod

284 4645 672 4716 ὁμολογήσειεν
711 4643 778 4699 ἂν
811 4647 902 4700 τὸν
954 4648 1124 4715 Λόγον
1179 4648 1322 4716 ἔχειν
1365 4650 1456 4701 τὸν
1500 4649 1656 4716 Θεὸν,
1679 4652 1774 4703 καὶ⁸
1805 4653 1878 4722 μὴ

287 4736 430 4792 εἶναι
456 4740 667 4807 ἄλογον.
689 4739 860 4793 Τοῦτο
897 4740 952 4794 δὲ
983 4742 1078 4794 καὶ
1105 4741 1392 4804 Σαϐέλλιος
1420 4743 1603 4806 αὐτὸς,
1645 4745 1740 4798 καὶ
1770 4749 1879 4809 πᾶς

289 4829 496 4900 Ἕλλην
541 4847 601 4882 τε
632 4832 728 4883 καὶ
769 4831 1062 4902 βάρϐαρος,
1099 4832 1127 4884 ὁ
1155 4832 1287 4885 Θεὸν
1319 4827 1459 4886 εἶναι
1487 4835 1876 4906 ὑφιστάμενος,

288 4921 708 4990 ἀναμφιλέκτως
730 4924 972 4993 φήσειεν·
1002 4926 1068 4976 "A
1078 4942 1154 4993 μα
1182 4923 1292 4996 γὰρ
1311 4923 1390 4995 τῷ
1411 4925 1542 4979 Θεὸν
1573 4929 1766 4990 εἰπεῖν,
1784 4929 1880 4981 καὶ

292 5013 454 5080 σοφὸν
488 5014 650 5066 αὑτὸν
682 5017 810 5077 νοεῖ,
861 5015 952 5067 καὶ
985 5010 1224 5084 λογικὸν,
1258 5017 1351 5068 καὶ
1396 5016 1641 5082 δυνατὸν,
1674 5019 1768 5071 καὶ
1799 5018 1879 5071 δί-

291 5122 468 5169 καιον,
500 5105 595 5159 καὶ
638 5105 863 5174 ἀγαθόν.
902 5108 1062 5160 Ποῖον
1093 5105 1186 5162 οὖν
1229 5111 1529 5181 μυστήριον
1557 5107 1625 5183 ἦν
1674 5115 1877 5167 ἀποκε-

289 5189 606 5267 κρυμμένον
634 5198 694 5250 τὸ
742 5200 856 5260 τοῖς
909 5201 1074 5251 πᾶσιν
1128 5201 1586 5273 ὁμολογούμενον;
1627 5206 1722 5268 Τίς
1771 5205 1882 5278 γὰρ

290 5287 391 5338 οὐκ
439 5287 507 5338 ἂν
563 5286 707 5339 εἴποι
762 5289 820 5340 ἐν
866 5287 944 5358 τῷ
999 5288 1119 5359 Θεῷ
1171 5291 1363 5359 σοφίαν
1419 5288 1578 5360 εἶναι,
1637 5296 1730 5347 καὶ
1788 5295 1879 5347 δύ-

404 5445 462 5501 μΙς
501 5440 597 5492 Ed.
634 5441 802 5496 Paris.
841 5459 960 5506 pas.
1003 5445 1126 5499 100.

401 5513 444 5542 δι
468 5511 682 5566 Colossi.
721 5531 759 5579 ι,
791 5514 978 5568 25-27.
1057 5518 1102 5548 ³³
1133 5516 1343 5571 Coloss.
1386 5534 1447 5579 ιι,
1502 5518 1554 5570 3.

366 5624 481 5692 (55)
506 5625 602 5692 Βρ.

371 5643 481 5692 [om
640 5643 733 5679 και
757 5643 1070 5701 (δικαιοσύνη
1095 5647 1169 5684 (ξος

371 5695 484 5764 (56)
563 5697 622 5749 όν
661 5701 816 5765 vulgo
840 5713 1027 5753 contra
1048 5705 1169 5755 ιςοιί.

370 5766 481 5836 (57)
512 5766 844 5835 Μαρκέλ..ἰῳ
869 5770 1050 5824 δοκεῖ.
1078 5772 1297 5826 lict-tius
1322 5771 1517 5833 ἐδόκει,
1551 5775 1754 5830 statim,
1797 5775 1874 5825 Ic-

299 5838 529 5907 gettdum
561 5839 775 5906 Opinor,
809 5840 840 5909 ἦ
874 5842 931 5894 τὸ
967 5845 1105 5896 κατὰ
1134 5844 1218 5894 τὸν
1251 5843 1427 5911 λόγον,
1471 5862 1609 5905 tnux,
1645 5847 1872 5914 unaue:-

640 5629 733 5679 καὶ
757 5629 1070 5701 δικαιοσύνη
1095 5633 1252 5685 codd.

1984 4647 2293 4702 Iudaeorum
2319 4643 2565 4715 quilibet,
2595 4643 2686 4712 qui
2716 4642 2995 4697 Christum
3023 4640 3117 4694 Dei
3151 4655 3259 4692 non
3283 4646 3567 4708 agnoscat,

1983 4740 2221 4793 Verbum
2255 4747 2437 4791 tamen
2483 4735 2685 4789 habere
2735 4733 2905 4788 Deum
2952 4731 3307 4787 conlitebitur
3340 4767 3353 4790 ,
3398 4745 3573 4798 neque

1984 4847 2103 4887 esse
2151 4832 2299 4884 illum
2360 4829 2600 4899 alogum.
2639 4828 2751 4881 Hoc
2818 4828 3052 4896 ipsemet
3108 4824 3424 4878 Sabellius:
3465 4823 3572 4876 hoc

1983 4924 2236 4977 ethnicus
2266 4921 2444 4990 quivis
2481 4921 2741 4973 fatebitur
2771 4937 2784 4972 :
2833 4919 2936 4972 hoc
2963 4917 3250 4976 barbarus,
3275 4915 3368 4983 qui
3403 4915 3570 4966 Deum

1985 5020 2254 5086 agnoscit,
2281 5018 2398 5071 sine
2419 5017 2674 5085 scrupulo
2707 5013 3076 5068 conﬁtebitur.
3135 5013 3268 5065 Nam
3304 5013 3406 5064 hoc
3454 5013 3573 5078 ipso

1949 5110 2128 5178 mquod
2169 5110 2335 5162 Deum
2363 5107 2749 5169 conﬁteantur,
2786 5105 3086 5175 sapientem
3116 5103 3447 5169 intelligunt,
3481 5115 3570 5151 ra-

1989 5202 2265 5264 tionalem,
2290 5209 2588 5269 potentem,
2615 5197 2822 5264 justum
2852 5237 2866 5261 ,
2916 5199 3139 5251 bonum.
3188 5194 3253 5247 Et
3299 5191 3570 5261 quodnam

1993 5301 2104 5344 tum
2141 5291 2459 5360 mysterium
2518 5292 2619 5344 hoc
2674 5289 2947 5344 occultum
2995 5288 3196 5350 fuerat,
3255 5286 3400 5353 quod
3452 5291 3574 5336 erat

1984 5638 2181 5705 λέκτῳ,
2219 5650 2271 5688 et
2313 5638 2445 5689 Θεὸν
2483 5639 2673 5692 εἰπεῖν,
2713 5651 2815 5688 non
2851 5635 2990 5705 Θεῷ.
3017 5635 3158 5688 M.-—
3186 5633 3304 5686 Mox
3341 5633 3580 5705 vulgo)»;

1986 5701 2365 5778 ἀμφιλέκτως,
2434 5709 2535 5776 Mp.
2587 5701 3000 5776 ἀναμφιλέκτως
3060 5718 3113 5760 et
3160 5706 3220 5757 τὸ
3273 5704 3388 5776 Θεῴ
3420 5747 3432 5770 ,
3466 5701 3576 5774 ΜΡ.

1984 5781 2134 5832 Θεὸν.
