4032 6442
530 341 635 396 893

1203 333 1472 390 ECSEBH
1511 334 1982 390 CESARIENSIS
2019 334 2167 390 OPP.
2205 333 2387 388 PARS
2426 333 2514 388 IV.
2550 363 2618 374 -—-
2661 333 3058 390 ῡΟΟΜΑΊἸιρᾹ

3672 339 3780 392 896

531 457 674 528 apud
705 468 890 510 omnes
913 453 964 506 in
993 453 1239 507 conlesso
1275 453 1506 522 positum
1531 453 1555 506 ?
1599 453 1732 518 Quis
1761 468 1865 506 non
1893 452 2088 506 dixerit

2195 468 2370 520 ναμιν,
2435 451 2525 501 καὶ
2577 449 2739 518 ζωὴν,
2785 450 2877 500 καὶ
2921 449 3055 516 φῶς,
3098 450 3190 501 καὶ
3235 449 3510 519 ἁὶήθειαν,
3560 453 3655 503 καὶ
3699 451 3778 502 διο

533 552 586 603 in
620 549 726 602 Deo
774 544 1096 614 sapientiam
1127 560 1269 607 esse.
1293 555 1343 600 et
1382 547 1698 614 potentiam,
1727 557 1782 599 et
1822 547 2009 610 vitam,
2041 553 2094 597 et

532 638 728 698 lucem,
763 643 819 689 et
848 634 1153 698 veritatem,
1189 644 1241 688 et
1264 635 1553 703 justitiam,
1591 643 1644 688 et
1698 634 1985 695 rationem,
2041 643 2094 688 et

527 726 788 796 quidquid
818 725 1017 778 bonum
1049 736 1100 780 et
1129 725 1412 779 honestum
1445 724 1567 778 est?
1593 724 1729 790 Quin
1767 723 1944 792 potius
1972 739 2092 777 eum

528 833 668 881 esse,
719 818 902 872 omnia
944 819 1042 871 ista
1077 834 1092 870 :
1123 827 1216 870 aut
1245 817 1288 870 si
1325 824 1382 881 ᾖ
1425 817 1553 886 quid
1597 817 1680 871 bis
1721 817 1986 884 superius,
2042 826 2097 870 et

529 907 722 963 melius
748 907 1037 971 exstiterit,
1072 907 1215 974 quod
1241 907 1394 960 nobis
1449 907 1520 959 sit
1576 905 1927 974 incognitum.
1973 902 2096 960 "th

528 1011 744 1063 natura,
781 1014 810 1052 a
837 999 1009 1065 seipsa
1031 998 1220 1053 edocta
1256 998 1401 1065 cogit
1428 1011 1865 1066 unumquemque
1889 998 1953 1053 de
1986 1000 2095 1053 Deo

531 1092 792 1160 proliteri.
817 1090 968 1146 Unde
996 1101 1049 1146 et
1079 1092 1144 1144 de
1172 1091 1305 1144 Filio
1337 1091 1514 1145 edocti
1540 1105 1729 1144 sumus
1784 1092 1900 1146 btec
1927 1092 2092 1144 etiam

529 1179 765 1246 singula,
793 1179 1128 1247 unigenitum
1185 1179 1334 1232 illum
1375 1195 1515 1247 esse,
1546 1179 1763 1244 Filium,
1820 1182 2092 1236 hmredem

531 1274 708 1329 Patris
742 1275 847 1338 sui,
877 1275 1054 1328 omnia
1083 1277 1445 1344 possidentem
1483 1290 1601 1343 quae
1628 1275 1864 1345 possidet
1912 1275 2090 1333 Pater.

535 1365 687 1419 Unde
719 1366 917 1420 dicitur
965 1366 1148 1429 fuisse,
1198 1365 1453 1432 informa
1485 1365 1600 1430 Dei,
1671 1376 1726 1421 cl
1777 1368 1947 1436 imago
1977 1368 2090 1432 Dei,

525 1453 677 1521 juxta
697 1454 932 1508 divinum
952 1456 1283 1524 Apostolutn,
1311 1457 1401 1509 ubi
1432 1457 1506 1509 ait
1534 1475 1547 1511 :
1585 1456 1688 1522 Qui
1713 1459 1902 1511 cumin
1923 1459 2094 1525 [arma

531 1545 628 1598 Dei
656 1556 807 1609 esset,
840 1564 939 1600 non
969 1559 1040 1601 est
1064 1551 1353 1603 arbitratus
1390 1551 1648 1617 rapinam,
1681 1567 1792 1604 esse
1831 1568 1886 1604 se
1913 1569 2093 1616 mqua-

530 1638 629 1690 Iem
653 1638 758 1691 Deo
793 1639 857 1691 ⁸⁸.
886 1639 950 1691 Ει
978 1653 1165 1693 rursus
1197 1659 1212 1694 :
1257 1640 1362 1705 Qui
1389 1652 1462 1695 est
1486 1643 1658 1711 imago
1686 1642 1785 1695 Dei
1826 1644 1893 1697 ⁵⁸.
1950 1645 2094 1709 Quo-

530 1730 673 1781 circa
703 1731 841 1798 quod
874 1729 1014 1784 Deus
1040 1741 1158 1785 erat
1208 1732 1432 1799 logicus,
1477 1749 1580 1788 non
1620 1736 1716 1789 fuit
1757 1736 1852 1789 ltoc
1901 1747 2092 1806 myste-

531 1817 690 1880 rium,
723 1818 861 1885 quod
894 1836 924 1871 a
954 1819 1144 1872 atecqu
1169 1820 1528 1874 absconditum
1567 1824 1763 1890 fuerat,
1803 1836 1851 1878 et
1879 1844 1911 1879 α
1942 1844 2091 1896 gene-

530 1908 841 1962 rationibus.
876 1907 1058 1979 Neque
1115 1909 1242 1964 illttd
1297 1927 1437 1966 nunc
1492 1916 1786 1969 revelatum
1843 1917 2040 1972 dicitur
2076 1959 2090 1982 ,

528 2001 668 2074 quod
693 2000 917 2070 singulis
949 2002 1274 2066 hominibus,
1299 2017 1394 2070 per
1421 2006 1667 2060 notiones
1697 2008 1969 2063 naturales
2001 2025 2092 2064 co-

528 2090 894 2157 guitissimum
916 2102 1019 2146 est.
1057 2092 1206 2158 Quod
1245 2096 1289 2150 si
1339 2097 1638 2164 interroget
1671 2098 1959 2166 quispiam,
2025 2099 2089 2152 il-

527 2181 619 2234 lud
669 2182 950 2250 qunlenatn
1007 2185 1158 2237 erat?
1191 2188 1477 2255 respondet
1518 2188 1828 2257 Apostolus,
1864 2191 1950 2244 ubi
1995 2192 2089 2252 ait,

527 2275 593 2326 At
623 2274 831 2328 nuncin
863 2276 1056 2330 sanctis
1085 2278 1472 2342 manifestatum
1497 2290 1569 2333 est
1603 2281 1693 2346 "',
1721 2281 1785 2335 iis
1815 2282 2090 2347 nimirum,

526 2366 720 2435 quibus
749 2365 917 2421 voluit
946 2369 1047 2424 hoc
1101 2368 1274 2438 ipsum
1304 2370 1444 2426 Deus
1481 2371 1746 2435 revelare.
1797 2389 1918 2443 qua:
1969 2384 2094 2428 sunt

527 2457 729 2511 divitiae
765 2457 970 2527 gioriae,
1009 2461 1247 2531 mysterii
1293 2464 1452 2530 hujus
1487 2464 1538 2517 in
1601 2466 1853 2535 gentibus
1898 2467 2093 2536 quibus

527 2559 611 2604 est
644 2549 892 2604 Christus
919 2552 968 2604 in
995 2553 1169 2607 nobis.
1204 2553 1450 2610 Christus
1504 2567 1624 2610 erat
1673 2557 1836 2625 igitur
1892 2567 2094 2627 myste-

527 2641 668 2694 rium
704 2641 830 2695 illud
859 2662 871 2696 :
902 2641 1071 2698 Filius
1102 2645 1146 2698 is
1174 2645 1426 2698 nimirum
1466 2645 1578 2700 Dei.
1604 2645 1867 2711 Quocirca
1901 2649 2092 2718 mysti-

526 2748 648 2785 cum
677 2733 728 2785 in
754 2733 990 2797 modum,
1019 2734 1166 2788 illum
1215 2735 1342 2788 olim
1372 2737 1750 2791 diversimodis
1774 2737 2092 2807 appellatio-

526 2825 688 2880 nibus
710 2827 985 2896 prophette
1001 2824 1458 2893 gloriﬁcaverunt,
1484 2827 1535 2881 id
1561 2829 1700 2896 quod
1724 2839 1840 2882 erat
1873 2829 2090 2884 inenar—

526 2913 694 2968 rabile
720 2916 1113 2971 a-bscondentes
1143 2933 1158 2972 :
1201 2916 1450 2986 illiusque
1487 2918 1866 2973 revelationem
1904 2921 2089 2989 gratia:

525 3005 694 3075 ipsius
729 3007 780 3060 in
817 3022 1003 3061 omnes
1033 3005 1413 3074 diﬂ‘undendaz,
1461 3009 1616 3079 quasi
1665 3011 1974 3065 thesaurum
2004 3027 2088 3067 re-

2196 539 2505 608 καιοσὺνην,
2553 541 2645 592 καὶ
2672 540 2845 607 λόγον,
2893 541 2986 592 καὶ
3026 542 3136 592 πᾶν
3167 542 3195 593 ὃ
3220 558 3272 593 τι
3321 539 3484 594 καλὸν
3501 541 3605 594 καὶ
3641 543 3782 608 ἀγα-

2195 630 2320 694 θόν;
2379 628 2577 700 μᾶλλον
2638 629 2693 682 δὲ
2759 629 2920 683 αὑτὸν
2982 625 3119 683 εἶναι
3179 631 3355 684 πάντα
3412 630 3622 695 ταῦτα,
3683 635 3779 684 καί

2195 720 2250 772 εἴ
2263 738 2313 772 τι
2335 720 2537 773 τούτων
2562 719 2830 793 ἀνώτερον
2858 738 2914 773 τε
2943 721 3032 774 καὶ
3054 726 3318 792 κρεῖττον,
3337 725 3430 776 καὶ
3447 727 3480 793 ἡ
3491 727 3583 793 μῖν
3599 725 3778 791 ἄγνω-

2197 811 2452 878 στον(58)
2489 828 2502 840 ·
2533 809 2706 863 ταῦτα
2755 812 2861 883 γὰρ
2902 811 3277 876 αὐτοδίδακτος
3308 813 3467 883 φύσις
3493 812 3780 884 ὁμολογεῖν

2196 903 2442 972 περὶτοῦ
2468 902 2602 955 Θεοῦ
2637 903 2815 956 πάντα
2858 904 3142 973 ἄνθρωπον
3168 903 3548 974 ἐξαναγκάζει.
3585 905 3782 959 Ἔνθεν

2195 996 2288 1048 καὶ
2311 996 2401 1048 τὸν
2428 996 2558 1048 Υἱὺν
2576 995 2936 1066 διδασκόμεθα
2965 996 3141 1050 πάντα
3162 995 3333 1050 ταῦτα
3361 992 3519 1059 εἶναι,
3549 999 3644 1051 ᾶτε
3668 999 3779 1050 Mo-

2197 1090 2384 1160 νογενῆ
2413 1089 2558 1152 Υἱὸν,
2598 1090 2692 1142 καὶ
2718 1089 3046 1161 κληρονόμον
3087 1089 3214 1141 ὄντα
3257 1089 3350 1142 τοῦ
3397 1090 3631 1161 Πατρός,
3685 1091 3780 1144 καὶ

2199 1181 2363 1232 πάντ’
2421 1178 2648 1248 ἔχοντα,
2695 1179 2794 1231 ὅσα
2846 1182 2940 1233 καὶ
2996 1182 3023 1232 ὁ
3077 1179 3286 1251 Πατήρ.
3325 1180 3414 1231 Διὸ
3454 1180 3525 1230 ἐν
3573 1178 3781 1247 μορέεεῖ

2197 1267 2340 1323 Θεοῦ
2379 1268 2626 1320 λέλεκται
2681 1268 2824 1337 (59)·
2887 1269 2977 1322 καὶ
3037 1269 3214 1322 εἰκὼν
3268 1269 3372 1322 τοῦ
3426 1270 3575 1322 Θεοῦ
3640 1269 3778 1338 (ϐυ),

2193 1361 2336 1415 κατὰ
2364 1360 2453 1412 τὸν
2476 1359 2617 1412 θεῖον
2659 1359 3000 1424 Ἀπόστολον,
3030 1362 3272 1428 φήσαντα
3291 1399 3303 1411 .
3347 1363 3450 1424 Ὃς
3474 1361 3545 1412 ἐν
3572 1360 3782 1428 μορφῇ

2197 1455 2343 1509 Θεοῦ
2362 1453 2668 1521 ὑπάρχω-ν,
2699 1453 2809 1518 οὐχ
2843 1450 3155 1518 ἁρπαγμὸν
3185 1448 3455 1518 ἡγήσατο
3486 1446 3637 1504 εἶναι
3663 1451 3778 1504 (6|)

2195 1546 2300 1599 ἴσα
2325 1544 2464 1609 Θεῷ.
2489 1544 2599 1596 Καὶ
2621 1543 2801 1595 πάλιν·
2837 1543 2941 1606 Ὃς
2960 1541 3130 1594 ἐστιν
3147 1539 3324 1593 εὶκὼι·
3346 1540 3451 1592 τοῦ
3475 1541 3780 1610 Θεοῦ.ἶοὐκ

2193 1637 2299 1708 ἄρα
2329 1637 2389 1689 τὸ
2422 1635 2636 1704 λογικὸν
2666 1629 2802 1687 εἶναι
2833 1633 2923 1685 τὸν
2949 1633 3080 1685 Θεὸν
3099 1632 3252 1684 τοῦτο
3275 1627 3342 1702 ἦν
3364 1631 3427 1683 τὸ
3440 1631 3784 1700 μυστήριον

2193 1732 2254 1782 τὸ
2265 1726 2793 1796 ἀποκεκρυμμένα·
2807 1726 2925 1780 ἀπὸ
2941 1725 3059 1778 τῶν
3073 1724 3300 1778 αἰώνων
3315 1725 3413 1778 καὶ
3428 1724 3544 1777 ἀπὸ
3565 1723 3684 1775 τῶν
3697 1742 3784 1792 γε-

2192 1817 2373 1870 νεῶνο
2409 1815 2528 1868 οὐδὲ
2573 1814 2726 1868 τοῦτο
2766 1814 2859 1868 νῦν
2903 1814 3239 1884 ἐφανερώθη,
3287 1813 3347 1865 τὸ
3399 1817 3658 1882 φυσικαῖς
3689 1815 3782 1864 ὲν-

2194 1911 2366 1972 νοίαις
2419 1911 2584 1962 πᾶσιν
2649 1907 2956 1978 ἀνθρώποις
3020 1906 3382 1976 ἐγνωσμένον.
3447 1905 3610 1958 Ἀλλὰ
3671 1907 3784 1977 γὰρ

2195 2003 2363 2062 ποῖαι,
2383 2001 2430 2051 εἰ
2456 1997 2628 2070 ἔροιτό
2656 2014 2760 2058 τις,
2797 1997 3150 2066 ἀποκρίνεται
3183 1999 3210 2048 ό
3247 1997 3595 2058 ’Λπόστολο;·
3628 1998 3782 2049 Νυνὶ

2193 2092 2258 2144 δὲ
2269 2090 2626 2160 ἐφανερώθη,
2643 2089 2838 2156 λέγων,
2854 2087 2978 2153 τοῖς
2988 2088 3177 2157 ἁγίοις
3192 2087 3400 2150 αὐτοῦ,
3417 2082 3497 2150 οἷς
3513 2086 3785 2157 ἠθέλησεν

2193 2186 2220 2237 ὁ
2248 2183 2377 2245 Θεὸς
2403 2183 2686 2252 γνωρίσαι,
2715 2180 2795 2244 τίς
2821 2183 2847 2233 ὁ
2871 2179 3100 2243 πλοῦτος
3124 2181 3222 2252 τῆς
3254 2179 3412 2248 δόξης
3448 2178 3540 2231 τοῦ
3570 2194 3782 2248 μυστη-

2198 2274 2310 2345 ρίου
2334 2273 2524 2325 τούτου
2555 2274 2612 2324 ἐν
2638 2273 2748 2334 τοῖς
2779 2270 3006 2334 ἔθνεσιν,
3029 2265 3110 2333 οἷς
3140 2272 3256 2322 ἐστι
3281 2269 3513 2340 Χριστὸς
3541 2273 3602 2322 ἐν
3629 2271 3778 2340 ὑμῖν.

2195 2365 2432 2434 Χριστὸς
2454 2359 2546 2416 οὖν
2575 2358 2644 2432 ἦν
2671 2363 2730 2415 τὸ
2759 2363 3087 2434 μυστήριον·
3119 2362 3275 2432 δῆλον
3306 2363 3350 2415 δ’
3385 2364 3466 2415 ὅτι
3498 2363 3630 2426 Υἱὸς
3665 2365 3781 2434 (62)

2195 2456 2286 2508 τοῦ
2315 2455 2470 2509 Θεοῦ.
2510 2455 2600 2507 Διὸ
2652 2455 2929 2525 μυστικῶς
2978 2455 3242 2526 πρότερον
3273 2455 3548 2526 διαφόροις
3589 2457 3639 2508 0i
3685 2454 3781 2508 τοῦ

2193 2548 2327 2600 Θεοῦ
2358 2546 2632 2619 προφῆται
2661 2547 2822 2599 αὑτὸν
2848 2545 3094 2611 ἐδόξαζον
3128 2547 3468 2616 ἐπηγορίαις,
3501 2547 3563 2600 τὸ
3603 2548 3784 2619 amp-

2194 2640 2354 2708 ρητον
2390 2635 2849 2706 ἀποκρύπτοντες,
2884 2636 2979 2688 καὶ
3015 2637 3078 2706 τῇ
3114 2635 3280 2688 αὑτοῦ
3330 2637 3514 2708 χάριτι
3557 2636 3658 2708 τὴν
3699 2639 3783 2699 εἰς

2194 2728 2404 2792 πάντας
2442 2727 2781 2796 ἀποκάλυψιν
2809 2726 2971 2780 αὐτοῦ
2999 2727 3408 2798 ταμιευόμενοι.
3439 2729 3571 2781 Ὅτε
3597 2729 3783 2781 τοίνυν

2194 2805 2332 2890 μετά
2364 2819 2629 2882 τοσαύτας
2652 2817 2760 2873 τῶν
2787 2819 3018 2888 Γραφῶν
3047 2820 3354 2890 μαρτυρίας
3382 2819 3782 2890 διῐσχυρίζεται

2191 2909 2528 2982 Μάρκελλος,
2569 2910 2676 2963 τὸν
2703 2911 2772 2963 ἐν
2803 2908 2960 2976 ἀρχῇ
2995 2911 3211 2977 Λόγον,
3243 2910 3372 2982 πρὶν
3399 2910 3432 2980 ἦ
3467 2912 3569 2980 τὴν
3599 2911 3782 2983 σάρκα

2193 3001 2500 3065 ἀναλαϐεῖν,
2531 3002 2694 3072 μηδὲν
2721 3003 2906 3072 ἕτερον
2935 2998 3071 3054 εἶναι
3095 3003 3126 3072 ἢ
3151 3003 3323 3070 Λόγον
3344 3019 3358 3034 ’
3390 3004 3484 3056 καὶ
3515 3003 3642 3074 μηδ’
3670 3006 3784 3058 ἐτέ-

525 3106 810 3152 servantes
841 3099 1199 3153 reconditum.
1229 3098 1363 3153 Cum
1393 3114 1520 3155 vero
1552 3112 1672 3167 post
1704 3111 1782 3156 tot
1834 3117 1866 3156 e
1917 3105 2090 3158 sacris

2198 3110 2273 3165 ρῳ
2299 3095 2636 3165 χρηματίσαι
2655 3091 2903 3162 ὀνόματι·
2939 3093 3058 3146 τότε
3080 3092 3136 3146 δὲ
3167 3093 3435 3165 διαφόρων
3463 3096 3784 3166 ἐπηγοριιῖη

527 3188 830 3257 Scripturis
856 3188 1163 3244 testimonia
1189 3191 1479 3245 contendat
1501 3191 1780 3247 Marcellus
1808 3193 2087 3248 nihilomi-

527 3294 650 3342 nus,
681 3280 830 3347 illud,
857 3279 922 3334 In
947 3283 1206 3352 principio
1256 3289 1387 3337 erat'
1410 3281 1631 3338 Verbum
1653 3284 1724 3350 ⁸³,
1755 3285 1888 3340 nihil
1943 3286 2085 3341 aliud

527 3372 785 3438 indicare,
818 3387 978 3442 quam
998 3389 1142 3438 eum,
1169 3374 1479 3444 priusquam
1505 3379 1812 3432 assumebat
1841 3392 2085 3441 carnem,

525 3462 658 3516 nihil
689 3463 832 3517 aliud
887 3479 1045 3532 quam
1098 3464 1327 3519 Verbum
1375 3467 1694 3524 exstitisse:
1753 3482 1929 3537 neque
1979 3467 2087 3521 ullo

525 3562 721 3622 praeter
746 3553 873 3608 illud
913 3555 1132 3610 nomine
1160 3555 1483 3625 appellatum
1513 3574 1526 3611 :
1553 3567 1662 3612 tum
1692 3572 1820 3612 vero
1852 3559 2086 3628 primum

523 3659 620 3712 per
642 3646 821 3699 varias
849 3646 1144 3701 indicatum
1179 3651 1644 3715 nomenclaturas,
1697 3649 1914 3718 quando
1951 3647 2086 3703 Ver—

2193 3185 2565 3258 τετυχηκέναι,
2597 3185 2683 3236 ὅτε
2714 3184 2742 3235 ὀ
2777 3185 2948 3253 Λόγος
2992 3183 3130 3256 σὰρξ
3164 3186 3401 3254 ἐγένετο,
3438 3187 3547 3258 πρὸ
3585 3186 3782 3240 τούτου

2196 3279 2360 3349 μηδὲν
2410 3278 2592 3347 ἕτερον
2647 3274 2774 3328 ὄντα
2823 3277 2856 3346 ἦ
2899 3278 3098 3346 Λόγον·
3146 3278 3265 3340 πῶς
3296 3279 3398 3332 οὐκ
3429 3278 3652 3350 ἀμαθὴς
3684 3281 3783 3332 καὶ

2194 3370 2448 3433 ἀσύνετος
2479 3369 2604 3433 ¹τῶν
2656 3369 2815 3422 θείων
2863 3371 3124 3442 ἐλέγχοιτ’
3172 3371 3240 3426 ἂν
3289 3372 3777 3443 ἀναγνωσμάτωνς

2206 3462 2364 3516 Ἀλλά
2425 3462 2554 3533 γὰρ,
2603 3461 2791 3515 τούτου
2841 3464 3152 3528 συστάντος,
3217 3465 3352 3537 φέρε
3406 3466 3614 3531 λοιπὸν,
3663 3467 3781 3519 ὦσ-

2195 3573 2302 3626 περ
2355 3555 2782 3618 ἀναϐεϐιωκότα,
2840 3557 2932 3609 τὸν
2984 3558 3100 3612 νέον
3156 3558 3442 3613 Σαϐελλιον
3504 3561 3782 3614 ἐποπτεὺ-

2197 3665 2398 3718 σωμεν.

524 3738 649 3793 hum
682 3754 813 3794 caro
845 3739 1046 3796 factum
1072 3740 1268 3807 fuerat,
1299 3756 1425 3798 cum
1451 3743 1602 3814 prius
1658 3754 1857 3814 prater
1886 3741 2125 3799 Verbum
2162 3744 2321 3814 plane
2342 3740 2476 3796 nihil
2542 3743 2880 3808 exstitisset;
2923 3752 3070 3800 certe
3113 3759 3337 3814 prorsus
3383 3748 3473 3802 hic
3519 3747 3778 3806 indoctus

523 3832 962 3902 deprehenditur,
993 3844 1047 3890 et
1080 3835 1132 3890 in
1167 3836 1462 3910 Scripturis
1502 3838 1673 3894 sacris
1721 3837 2086 3909 intelligendis
2123 3839 2280 3908 plane
2341 3837 2541 3894 infans.
2577 3835 2689 3893 Hoc
2751 3851 2884 3893 vero
2923 3838 3001 3894 sic
3029 3839 3317 3908 adornata,
3352 3839 3584 3913 agedum
3615 3841 3778 3897 uein-

525 3943 674 4001 σερε,
698 3930 864 3985 veluti
896 3931 1217 3998 redivivum,
1258 3949 1455 3990 novum
1489 3935 1634 3992 hunc
1659 3934 1956 3991 Sabellium
1986 3935 2454 4007 introspiciamus.

599 4089 791 4160 and,
826 4087 1002 4144 Paris.
1030 4103 1160 4160 pag.
1191 4089 1311 4160 lQl.

594 4159 641 4191 ⁸³
668 4157 897 4229 Philipp.
925 4175 986 4227 tt,
1017 4158 1070 4213 6.
1115 4157 1193 4192 ’⁸⁵
1221 4159 1386 4216 Hebr.
1414 4175 1468 4225 1,.
1487 4160 1539 4216 ’5.
1610 4160 1676 4193 ⁸⁵·
1697 4160 1905 4218 Coloss.
1936 4176 1973 4226 ι,
2002 4159 2091 4218 26.

2196 4163 2218 4195 ⁸
2242 4159 2398 4216 Joan.
2426 4177 2467 4226 ι,
2494 4161 2544 4216 1.

591 4338 704 4410 (58)
729 4337 895 4410 Yulgo
927 4340 1048 4408 ἀγν.
1089 4341 1196 4410 εἴη.

589 4409 705 4498 ea
732 4409 902 4498 Σειιιξο
943 4410 1179 4498 ins-sse-

595 4479 708 4552 (θο)
729 4479 928 4552 ﬁlatim!-
955 4480 1061 4552 tat}
1090 4479 1260 4538 Θεοῦ.
1294 4479 1444 4538 Adde
1469 4480 1724 4552 ἀοράτου.
1753 4481 1823 4536 Μ.

594 4547 707 4624 (6t)
729 4549 901 4624 Vulgo
926 4552 987 4604 τὸ
1009 4547 1168 4606 εἶναι.
1539 4547 1549 4552 ⁷
1925 4558 1927 4561 ’

2268 4342 2380 4420 (62)
2413 4342 2610 4420 erigas:
2638 4345 2692 4400 δ’
2726 4346 2815 4401 ὅτι
2845 4349 2997 4415 Υἱός.
3042 4347 3215 4420 Ἐστιεῇ
3256 4348 3418 4420 δῆλον
3470 4349 3550 4415 δὶ,
3584 4352 3779 4407 καθότι

2195 4414 2324 4491 ἴζιδς
2353 4415 2447 4491 τοῦ
2475 4414 2648 4491 Θεοῦ,
2678 4431 2871 4491 nempe
2907 4414 3032 4491 ante
3058 4418 3252 4491 saecula
3285 4414 3576 4491 exsisteus.
3603 4439 3780 4491 oppo-

2195 4484 2333 4540 situs
2361 4484 2474 4561 tilio
2505 4487 2762 4545 hominis.
2781 4484 2852 4543 ll.
2877 4487 3080 4546 --Mox
3119 4489 3277 4561 vulgo
3311 4489 3569 4555 ἐδόξασαν
3596 4484 3654 4548 ei
3671 4484 3777 4548 ea-

2166 4578 2172 4584 ·
2197 4553 2490 4628 μιευμένοι.
