4032 6466
208 410 314 465 θοι

1210 409 1298 467 DE
1335 406 1882 467 ECCLESIASTICA
1913 404 2329 465 THEOLOGIA.
2363 403 2491 460 LIB.
2534 402 2597 459 Il.

3389 402 3497 459 90!

210 526 514 581 ὑπόστασιν
540 523 637 580 τοῦ
668 524 796 580 Υἱοῦ
827 529 1010 598 γυμνῇ
1040 530 1107 598 τῇ
1135 525 1366 599 κεφαλῇ,
1392 528 1529 599 πρὸς
1560 527 1662 597 τῆς
1696 527 1795 580 τῶι

1912 522 2045 579 nihil
2076 537 2298 594 prorsus
2343 520 2625 575 exstitisse
2661 528 2862 588 ιιι-αξιοι·
2894 518 3064 573 Deum
3095 518 3274 574 docet.
3317 516 3497 576 Verba

208 619 491 690 γεννητῶν
520 618 881 691 δημιουργίας
925 619 1093 690 μηδὲν
1137 620 1323 689 ἕτερον
1363 615 1501 672 εἶναι
1545 620 1686 689 πλὴν
1709 618 1804 671 τοῦ

1909 628 2088 672 autem
2113 616 2237 686 ejus
2263 616 2380 669 haec
2411 614 2526 682 ipsa
2549 620 2711 667 sunt:
2738 609 2812 683 [Ρ.
2842 610 2979 666 XCII
3004 621 3059 665 et
3094 610 3277 686 XCIle
3315 630 3335 665 r
3358 612 3531 669 Cou-.'

208 710 352 766 Θεοῦ
386 712 550 784 μόνου
589 711 1055 782 ἀποφαινόμενος·
1100 712 1301 783 γράφει
1337 710 1381 764 δ’
1418 708 1512 765 οὖν
1534 706 1637 765 ὦδε
1668 711 1795 764 κατὰ

1912 726 1931 759 ι
1977 720 2184 762 cessam
2217 705 2293 759 illi
2330 704 2582 775 gloriam,
2626 701 2885 758 Asterius
2916 713 2972 757 et
3009 704 3267 784 gloriam,
3295 712 3351 760 et
3383 720 3495 760 non

207 804 360 870 λέξιν
391 806 557 876 ἰτὴν
580 804 830 860 δοθεῖσαν
854 806 1004 877 αὐτῷ
1026 804 1182 870 δόξαν
1218 804 1495 876 Ἀστέριος
1510 804 1669 869 δόξαν
1683 806 1807 858 δνο-

1906 818 1943 858 ι
1975 796 2203 867 gloriam
2244 794 2492 849 nominat
2532 810 2547 847 :
2584 791 2714 846 dum
2768 801 2873 845 non
2911 778 3303 857 reminiscﬂur,
3349 784 3499 861 quod

216 915 239 949 ε
284 896 469 967 μάζει,
491 898 584 950 καὶ
612 896 675 949 οὐ
692 896 853 963 δόξαν
876 897 1038 969 μόνον
1055 896 1189 968 (70),
1208 896 1345 951 ἀλλά
1362 899 1456 951 καὶ
1472 897 1795 968 προκόσμιοι

1912 908 1932 941 ι
1979 904 2104 943 cum
2141 887 2380 943 nondum
2430 885 2665 939 mundus
2708 892 2855 938 esset
2896 882 3186 949 conditus,
3222 884 3361 939 nihil
3398 898 3500 938 ex-

217 1009 237 1041 ι
279 990 456 1057 δόξαν.
475 990 588 1042 Οὺκ
601 989 817 1055 ἐννοῶν,
844 991 949 1054 ὅτι,
978 991 1143 1062 μήπω
1162 990 1257 1043 τοῦ
1272 990 1479 1061 κόσμου
1496 990 1803 1059 γεγονότος,

215 1101 236 1132 ι
285 1082 399 1151 (71)
425 1081 577 1135 οὐδὲν
590 1082 778 1155 ἕτερον
819 1077 888 1153 ἦν
910 1080 1049 1153 πλὴν
1063 1080 1199 1134 Θεοῦ
1227 1081 1411 1151 μόνου.
1452 1100 1470 1132 ι
1507 1080 1619 1133 Καὶ
1649 1076 1805 1144 αὖθις

206 1174 275 1229 τὸ
314 1174 449 1230 αὐτὸ
482 1174 697 1245 βεϐαιοῖ
728 1175 938 1245 λέγων·
971 1194 989 1226 ι
1026 1174 1271 1246 Οὐρανὸς
1297 1172 1588 1244 καὶγῆκαὶ
1623 1172 1804 1226 πάντα

213 1287 235 1320 r
273 1269 344 1323 τὰ
381 1270 439 1322 ὲν
470 1269 722 1338 οὐρανοῖς
763 1268 860 1322 καὶ
890 1268 982 1321 ἐπὶ
1002 1266 1104 1337 τῆς
1126 1268 1230 1338 γῆς
1251 1267 1402 1333 ὄντα,
1420 1267 1526 1321 ὑπὸ
1543 1265 1644 1321 τοῦ
1666 1265 1803 1320 Θεοῦ

213 1380 234 1411 r
274 1361 585 1431 γεγένηται.
610 1361 672 1414 Ei
696 1360 877 1414 τοίνυν
903 1358 1064 1413 τοῦτο
1096 1358 1362 1424 πιστεύοι,
1399 1360 1613 1431 ἀνάγκη
1639 1359 1804 1414 αὑτὸν

212 1472 232 1503 s
279 1454 499 1506 κάκεῖνο
544 1451 945 1523 συνομολογεῖν,
994 1451 1075 1505 ὅτι
1136 1450 1276 1523 πλὴν
1313 1450 1449 1505 Θεοῦ
1493 1451 1648 1506 οὐδὲν
1688 1452 1805 1506 ἔτε-

214 1560 451 1615 ερον.»

862 1630 1020 1682 ΚΕΦ.
1075 1629 1151 1684 Β’.

320 1722 516 1788 Ὅπως
551 1720 647 1775 καὶ
666 1718 1004 1781 Ἰουδατζων
1030 1720 1105 1791 τῇ
1134 1722 1283 1790 δόξῃ
1304 1723 1691 1794 διελέγχεται.

290 1816 456 1887 Ὁρᾷς
502 1812 752 1867 Ἰουδαῖον
777 1813 890 1883 (72)
920 1813 1199 1883 ἄντικρυς,
1225 1815 1318 1869 τὸν
1366 1817 1645 1891 Μονογενῆ
1672 1818 1803 1874 Υίὸν

202 1908 303 1961 τοῦ
334 1904 495 1972 Θεοῦ,
538 1906 606 1958 δι’
629 1899 691 1959 οὗ
738 1905 808 1959 τὰ
848 1906 1027 1959 πάντα
1055 1907 1299 1975 γέγονεν,
1342 1908 1695 1979 ἀρνούμενον.
1733 1911 1797 1964 Εἰ
1835 1884 1873 1938 Β

202 2000 319 2072 γὰρ
347 1998 487 2070 πλὴν
518 1996 655 2052 Θεοῦ
679 1998 830 2052 οὐδὲν
855 1999 1043 2069 ἕτερον
1076 1994 1143 2070 ἦν
1176 2000 1284 2071 πρὸ
1314 2001 1415 2071 τῆς
1455 2000 1550 2053 τοῦ
1589 2002 1796 2072 κόσμου

202 2093 495 2161 γενέσεως,
527 2093 627 2146 οὐκ
672 2089 741 2165 ἦν
791 2092 899 2164 ἄρα
942 2094 970 2146 6
1011 2092 1158 2157 Υίός.
1205 2095 1314 2146 Καὶ
1360 2094 1478 2157 πῶς
1525 2096 1704 2150 πάντα
1730 2096 1797 2149 δι’

202 2183 373 2238 αὐτοῦ
405 2184 619 2252 ἐγένετο
654 2184 749 2237 καὶ
781 2186 951 2255 χωρὶς
985 2184 1150 2238 αὑτοῦ
1183 2186 1399 2256 ἐγένετο
1430 2186 1552 2239 οὐδὲ
1598 2187 1694 2253 iv;
1739 2190 1797 2241 '0

206 2278 309 2347 μὲν
332 2273 425 2331 οὖν
470 2278 739 2341 Ἰουδαῖος.
776 2280 804 2331 6
832 2279 924 2332 τὸν
960 2279 1195 2351 Χριστὸν
1228 2279 1321 2332 τοῦ
1361 2279 1497 2333 Θεοῦ
1531 2280 1799 2353 ἀρνούμε-

204 2386 317 2435 νος,
358 2369 465 2440 πρὸ
500 2370 599 2441 τῆς
642 2369 736 2423 τοῦ
772 2370 978 2442 κόσμου
1013 2370 1281 2440 γενέσεως
1318 2373 1470 2427 οὐδὲν
1501 2368 1627 2426 οἶδε’
1657 2374 1798 2446 πλὴν

202 2462 342 2517 Θεοῦ
364 2462 547 2533 μόνου,
568 2452 1089 2534 συμμαρτυροῦντος
1123 2462 1272 2534 αὑτῷ
1305 2464 1628 2536 Μαρκέλλου
1657 2466 1793 2538 (75)·

200 2558 239 2626 ἡ
262 2554 321 2607 δὲ
355 2553 593 2625 Χριστοῦ
609 2554 929 2625 Ἐκκλησία,
963 2555 1063 2606 σὺν
1101 2556 1385 2628 παρρησίᾳ
1414 2557 1565 2630 πάσῃ
1594 2557 1797 2629 σεμνύ-

201 2663 359 2700 νεται
389 2646 623 2713 λέγουσα
643 2663 656 2676 ·
692 2647 867 2715 Ἡμῖν
899 2643 989 2713 εἷς
1030 2647 1175 2715 Θεὸς
1204 2651 1237 2703 ὀ
1266 2647 1492 2717 Πατὴρ,
1527 2650 1597 2715 ἐξ
1623 2645 1697 2707 οὗ
1723 2651 1797 2706 τὰ

200 2740 435 2793 πάντα·
472 2738 571 2793 καὶ
606 2736 693 2805 εἷς
734 2740 951 2807 Κύριος
997 2740 1237 2807 Ἰησοῦς
1274 2741 1550 2810 Χριστὸς,
1602 2741 1679 2795 δι’
1720 2738 1794 2799 οὗ

200 2831 277 2884 τὰ
306 2829 522 2884 πάντα.
562 2831 732 2884 Ἐπὰν
770 2831 827 2884 δὲ
869 2831 1023 2903 λέγῃ,
1068 2832 1150 2885 Δι’
1173 2828 1246 2888 οὗ
1281 2834 1355 2887 τὰ
1392 2834 1609 2899 πάντα,
1654 2829 1796 2889 οἶδεν

199 2924 369 2977 αὑτὸν
394 2922 501 2994 πρὸ
529 2924 767 2977 πάντων.
809 2924 972 2976 Ὥστε
1003 2924 1108 2995 πρὸ
1152 2925 1254 2995 τῆς
1281 2924 1373 2979 τοῦ
1405 2927 1613 2997 κόσμου
1642 2928 1796 2997 γενέ-

202 3018 388 3079 σεωςὸ
410 3015 584 3083 λέγων
604 3015 753 3068 οὐδὲν
767 3014 954 3086 ἕτερον
977 3011 1115 3069 εἶναι
1140 3015 1279 3086 πλὴν
1313 3016 1450 3069 Θεοῦ
1480 3018 1667 3087 μόνου,
1691 3018 1793 3089 τῆς

201 3107 465 3179 ἀληθείας
502 3106 919 3177 καταψεύδεται.
961 3107 1067 3160 Σὺν
1101 3107 1209 3178 γὰρ
1235 3107 1313 3177 τῷ
1354 3108 1500 3178 μόνῳ
1530 3108 1651 3179 Θεῷ
1698 3110 1793 3164 καὶ

200 3201 231 3252 6
257 3198 570 3268 Μονογενὴς
585 3197 753 3251 αὐτοῦ
771 3197 898 3261 Υἱὸς
920 3193 988 3269 ἦν
1017 3198 1125 3269 πρὸ
1144 3199 1246 3269 τῆς
1261 3200 1356 3253 τοῦ
1371 3200 1577 3271 κόσμου
1596 3201 1789 3255 συστά-
1821 3223 1863 3281 C

204 3306 367 3353 σεως,
397 3288 597 3358 καὶτῷ
639 3288 818 3359 Πατρὶ
848 3289 1035 3360 συνῆν.
1082 3289 1254 3343 Τοῦτο
1292 3289 1395 3362 γὰρ
1429 3290 1635 3358 ἐδίδαξε
1678 3290 1795 3363 (74)

200 3380 300 3435 νῦν
320 3382 414 3435 καὶ
440 3381 469 3433 6
498 3380 688 3434 εἰπών’
716 3381 835 3433 Ἐπ’
850 3379 1116 3450 ἐσχάτου
1140 3381 1251 3453 (75)
1276 3380 1644 3452 τῶνήμερῶν
1666 3384 1796 3438 τού-

196 3490 319 3527 των
333 3472 645 3540 ἐλάλησεν
678 3471 825 3541 ἡμῖν
845 3473 916 3525 ὲν
947 3471 1078 3536 Υιῷ,
1103 3472 1177 3526 ὃν
1206 3474 1388 3540 ἔθηκε
1411 3476 1795 3544 κληρονόμον

196 3565 465 3631 πάντων,
496 3565 572 3619 δι’
603 3560 676 3620 οὗ
713 3565 810 3618 καὶ
852 3566 1106 3633 ἐποίησε
1141 3565 1285 3632 τσὺς
1311 3564 1559 3633 αἰῶνας.
1594 3569 1705 3621 Καὶ
1734 3568 1793 3621 ἐν

196 3659 533 3730 Παροιμίαις
557 3657 644 3710 διὰ
667 3656 1031 3727 Σολομῶντος,
1050 3657 1212 3733 αὐτὸς
1238 3659 1269 3709 6
1298 3658 1423 3722 Υἱὸς
1451 3659 1581 3729 περὶ
1597 3659 1792 3714 ἑαυτοῦ

196 3747 442 3803 διδάσκει
475 3746 683 3815 λέγων’
754 3747 964 3801 Ἡνίκα
1007 3746 1288 3814 ἡτοίμαζε
1334 3744 1444 3799 τὸν
1490 3746 1791 3814 οὐρανὸν,

196 3840 615 3911 συμπαρήμην
654 3838 835 3905 αὐτῷ.
874 3838 1035 3893 Ἀλλὰ
1071 3838 1187 3892 καί’
1211 3838 1405 3904 Αὐτὸς
1428 3838 1511 3907 ἦν
1538 3837 1605 3891 τὸ
1642 3837 1791 3908 φῶς,

194 3935 291 3988 τὸ·
317 3932 568 4003 φωτίζον
601 3932 799 3985 πάντα
834 3930 1151 3999 ἄνθρωπον
1184 3930 1519 4000 ’ἐρχόμενον
1549 3933 1637 3997 εις
1682 3929 1794 3983 τὸν

194 4030 452 4097 κόσμον.
492 4024 733 4095 Ἐπειδὴ·
780 4025 877 4076 Ἐν
924 4022 1004 4089 τῷ
1039 4024 1245 4092 κόσμῳ
1265 4019 1345 4092 ἦν
1372 4025 1469 4077 καὶ
1493 4027 1526 4077 ό
1561 4026 1792 4094 κόσμος

193 4120 271 4173 δι’
289 4117 476 4173 αὐτοῦ
499 4116 755 4187 ἐγένετο.
779 4117 842 4169 Ei
870 4116 925 4169 δὲ
956 4116 984 4169 6
1018 4114 1222 4187 κόσμος
1260 4117 1328 4169 δι’
1353 4115 1520 4169 αὐτοῦ
1550 4117 1787 4186 ἐγένετο,

190 4214 375 4285 δῆλον,
416 4214 491 4277 ὼς
538 4212 859 4284 προϋπῆρχε
902 4210 997 4263 τοῦ
1039 4211 1269 4281 κόσμου.
1322 4214 1437 4266 Οὐκ
1474 4212 1586 4285 ἄρα
1628 4212 1791 4283 μόνος

191 4306 261 4382 ἦν
284 4311 313 4361 6
345 4308 477 4369 Θεὸς
507 4308 613 4379 πρὸ
638 4307 741 4377 τῆς
778 4305 869 4359 τοῦ
903 4306 1111 4375 κόσμου
1156 4307 1468 4370 συστάσεως
1489 4323 1503 4335 ·
1539 4307 1703 4377 συνῆν
1729 4306 1789 4360 δὲ

194 4399 346 4470 αὐτῷ
374 4401 403 4451 6
422 4397 734 4469 Μονογενὴς
777 4396 944 4451 αὑτοῦ
974 4396 1123 4461 Υἱὸς,
1156 4398 1235 4459 εἰς
1268 4395 1326 4447 ὃν
1347 4395 1568 4467 ἀφορῶν
1609 4398 1638 4450 6
1677 4396 1789 4448 Πα-

191 4496 301 4565 τὴρ
346 4492 598 4563 ἔχαιρεν,
634 4492 708 4553 ὼς
746 4490 984 4545 διδάσκει
1023 4490 1207 4553 αὐτὸς,
1238 4488 1313 4543 ῶν
1344 4488 1457 4560 (76)
1513 4491 1547 4559 ἡ
1599 4489 1782 4559 σοφία,

1912 1002 1930 1032 ε
1975 980 2157 1037 stabat
2188 978 2333 1033 aliud
2368 988 2567 1048 praeter
2596 977 2770 1031 solum
2813 976 3003 1031 Deum.
3026 995 3046 1030 ι
3081 976 3190 1033 Sed
3230 987 3287 1032 et
3328 977 3502 1032 idem~

1908 1075 2200 1144 metipsum
2263 1069 2587 1134 conﬁrmat,
2661 1069 2915 1139 inquiens
2982 1084 2999 1123 :
3065 1086 3087 1122 ι
3155 1069 3364 1127 Caelum
3445 1079 3502 1126 et

1911 1180 1930 1213 ι
1978 1172 2145 1226 terra,
2175 1172 2229 1215 et
2260 1175 2382 1231 quae
2408 1161 2459 1214 in
2492 1160 2646 1214 caelis
2670 1169 2798 1214 sunt
2827 1168 2883 1214 et
2912 1160 2967 1215 in
2999 1168 3147 1215 terra
3179 1160 3435 1216 universa
3466 1177 3499 1215 a

1910 1270 1930 1303 ι
1981 1254 2089 1308 Deo
2125 1252 2347 1306 fuerunt
2395 1251 2561 1306 facta.
2614 1250 2730 1305 Iloc
2775 1250 2821 1305 si
2861 1251 3089 1315 credat,
3143 1266 3369 1307 necesse
3414 1264 3502 1308 est

1910 1361 1929 1394 ι
1978 1343 2122 1413 quod
2160 1343 2438 1414 cOnSpiret
2475 1344 2594 1415 ejus
2627 1342 2813 1413 opinio
2839 1356 2964 1397 cum
2993 1356 3083 1408 ea,
3110 1341 3263 1409 Quod
3298 1356 3502 1413 praeter

1910 1453 1929 1487 ι
1979 1436 2145 1491 Deum
2177 1437 2307 1491 nihil
2337 1444 2525 1490 eruta

2524 1622 2589 1680 »Β
2620 1613 2772 1670 CAP.
2817 1616 2885 1673 Il.

1977 1709 2131 1774 Quod
2163 1708 2458 1763 Judaianre
2486 1711 2896 1776 deprehenditur
2930 1710 2987 1764 in
3027 1712 3274 1778 opinions
3304 1727 3422 1766 sua.

1976 1798 2139 1854 Vides
2174 1811 2231 1853 ιιι
2263 1810 2472 1854 tantum
2504 1817 2611 1856 non
2646 1800 2974 1857 seJudzeum
3024 1813 3268 1872 prmstet,
3302 1820 3501 1874 perne-

1902 1908 2036 1961 gans
2065 1893 2158 1948 Dei
2191 1892 2384 1948 Filium
2417 1894 2781 1965 unigenitum,
2819 1909 2918 1966 per
2959 1909 3122 1966 quem
3150 1898 3333 1955 omnia
3366 1915 3500 1955 cou-

1902 1986 2059 2040 didit.
2114 1986 2391 2056 Siquidem
2448 1997 2645 2056 printer
2696 1987 2868 2042 Deum
2921 1988 3059 2043 nihil
3112 2000 3235 2045 erat
3306 1992 3493 2060 aliud,

1900 2080 2212 2150 priusquam
2267 2079 2501 2136 mundus
2540 2080 2988 2151 producebatur:
3026 2091 3140 2137 tum
3192 2094 3346 2140 certe
3386 2101 3495 2142 non

1900 2180 2019 2226 erat
2047 2169 2247 2239 Filius;
2275 2180 2329 2227 et
2363 2182 2502 2237 tum,
2530 2173 2803 2242 quomodo
2825 2175 3009 2229 omnia
3040 2191 3138 2247 per
3168 2176 3321 2232 illum
3352 2178 3496 2237 facta

1900 2264 2135 2331 fuerant,
2162 2273 2216 2319 et
2248 2264 2368 2319 sine
2397 2279 2462 2319 eo
2508 2265 2713 2319 factum
2743 2276 2827 2321 est
2878 2266 3055 2321 nihil?
3082 2267 3245 2324 Certe
3280 2269 3498 2329 Iudaeus

1899 2356 1991 2426 qui
2021 2350 2298 2413 Christum
2331 2370 2452 2411 esse
2481 2364 2747 2428 pernegat
2775 2357 2865 2413 Dei
2899 2356 3121 2427 Filium,
3152 2370 3279 2417 ante
3304 2365 3497 2420 mundi

1898 2453 2347 2509 constitutionem
2374 2462 2632 2523 agnoscet
2654 2453 2928 2508 exstitisse
2952 2453 3113 2522 plane
3137 2455 3272 2510 nihil
3296 2469 3498 2528 praeter

1898 2544 2071 2601 solum
2102 2545 2269 2619 Deum
2300 2563 2315 2599 :
2352 2548 2443 2600 cui
2484 2545 2733 2615 perbibet
2766 2544 3057 2604 Marcellus
3090 2551 3491 2608 testimonium.

1896 2642 1968 2696 At
2012 2638 2219 2696 Christi
2270 2639 2546 2706 Ecclesia,
2594 2656 2719 2696 cum
2765 2642 2915 2697 omni
2952 2641 3205 2701 libertate
3255 2645 3496 2715 glori0se

1897 2734 2180 2806 proﬁtetur
2209 2750 2222 2787 :
2258 2732 2428 2787 Nobis
2461 2749 2600 2787 unus
2648 2733 2789 2787 Deus
2836 2744 2915 2788 est
2952 2733 3137 2803 Pater,
3172 2752 3201 2791 ε
3232 2753 3336 2807 quo
3368 2748 3495 2793 sunt

1897 2828 2114 2882 omnia:
2144 2835 2194 2881 et
2226 2842 2362 2879 unus
2398 2825 2659 2880 Dominus
2701 2824 2861 2881 Jesus
2907 2826 3173 2896 Christus,
3216 2847 3310 2899 per
3338 2846 3495 2903 quem

1895 2926 2024 2974 sunt
2055 2919 2233 2973 omnia
2264 2918 2330 2969 ".
2391 2916 2526 2971 Cum
2574 2932 2706 2973 vero
2764 2919 2912 2975 dicat
2950 2935 2963 2971 ε
3004 2919 3113 2977 Per
3167 2941 3322 2994 quem
3368 2935 3495 2981 sunt

1897 3012 2097 3078 omnia,
2126 3012 2277 3065 illum
2309 3010 2557 3080 agnoscit
2584 3019 2714 3065 ante
2739 3014 2949 3068 omnia.
2978 3014 3132 3071 Adeo
3158 3025 3219 3070 ut
3248 3018 3342 3087 qui
3377 3028 3497 3073 tue-

1897 3112 2005 3169 tur,
2052 3111 2180 3157 ante
2224 3104 2485 3158 mundum
2533 3103 2853 3167 conditum,
2888 3104 3027 3159 nihil
3075 3108 3297 3164 omnino
3344 3110 3497 3166 aliud

1899 3195 2069 3251 fuisse
2105 3204 2303 3265 praeter
2345 3193 2552 3258 Deum,
2604 3194 2893 3250 veritatem
2945 3197 3116 3267 ipsam
3173 3202 3491 3257 mentiatur.

1898 3286 2017 3344 Una
2045 3287 2244 3342 etenim
2277 3300 2401 3341 cum
2440 3284 2531 3339 illo
2561 3284 2678 3340 solo
2710 3284 2843 3353 Deo,
2886 3293 2943 3343 et
2973 3288 3287 3360 unigenitus
3322 3293 3499 3363 ipsius

1894 3380 2065 3437 Filius
2087 3389 2207 3436 erat
2230 3388 2357 3436 ante
2387 3379 2576 3436 mundi
2604 3380 3021 3449 productionem
3049 3396 3066 3438 :
3093 3393 3150 3439 et
3177 3400 3301 3439 cum
3331 3384 3495 3444 Patre

1894 3470 2347 3526 conversabatur.
2393 3470 2507 3527 Hoc
2550 3471 2754 3527 etenim
2784 3472 3005 3527 edocuit
3052 3474 3099 3528 is
3159 3476 3253 3546 qui
3305 3477 3493 3533 dixit:

1894 3562 1962 3618 In
1984 3563 2278 3619 novissimis
2289 3563 2370 3618 his
2392 3564 2594 3628 diebus,
2615 3563 2824 3619 locutus
2848 3575 2924 3619 est
2951 3566 3105 3621 nobis
3127 3568 3181 3621 in
3194 3564 3341 3623 Filio
3369 3586 3490 3634 suo,

1892 3671 2048 3727 quem
2078 3656 2253 3724 posuit
2286 3656 2548 3711 heredem
2584 3658 2842 3723 omnium,
2889 3674 2984 3729 per
3013 3676 3167 3731 quem
3204 3672 3255 3716 et
3289 3667 3495 3719 secula

1894 3751 2133 3805 condidit
2155 3750 2220 3805 ⁸³.
2250 3751 2315 3805 Ει
2348 3753 2401 3805 in
2442 3750 2753 3807 Proverbiis
2785 3766 2883 3822 per
2913 3750 3290 3821 Salomonem,
3316 3755 3491 3813 Filius

1895 3846 2010 3917 ipse
2035 3846 2102 3900 de
2129 3859 2188 3900 se
2211 3844 2415 3911 docuit,
2444 3845 2577 3901 Cum
2609 3857 2822 3916 pararet
2854 3849 3063 3909 cretum,
3097 3850 3315 3904 aderam
3351 3852 3401 3906 ei
3420 3852 3488 3907 “.

1894 3936 2000 3992 Sed
2028 3946 2082 3992 et
2102 3937 2231 3991 Erat
2272 3938 2384 4008 ipse
2416 3938 2529 4005 lux,
2555 3939 2866 3994 illuminant
2889 3957 3093 3996 omnem
3114 3942 3377 3999 hominem
3403 3960 3495 3998 oe-

1893 4031 2119 4085 nientem
2137 4031 2191 4083 in
2213 4028 2351 4082 hunc
2372 4030 2626 4084 mundum
2641 4030 2705 4084 ⁸⁸.
2721 4029 3192 4102 Quandoquidem,
3208 4034 3274 4089 In
3291 4040 3493 4093 mundo

1891 4130 2089 4189 erat,et
2113 4126 2339 4175 mundus
2353 4137 2443 4190 per
2462 4122 2633 4187 ipsum
2656 4120 2834 4191 factus
2864 4124 2965 4192 fuit
2984 4121 3032 4155 “
3066 4124 3219 4190 Quod
3242 4126 3287 4179 si
3313 4127 3490 4182 factus

1891 4212 1992 4268 fuit
2020 4229 2118 4285 per
2146 4215 2323 4285 ipsum
2361 4217 2617 4278 mundus,
2647 4224 2798 4270 certe
2833 4226 2981 4284 patet
3018 4216 3152 4272 illud
3183 4219 3330 4288 quod
3359 4232 3491 4276 ante

1891 4306 2153 4361 mundum
2189 4303 2368 4359 fuerat
2396 4304 2531 4373 ipse.
2561 4304 2827 4370 Quocirca
2862 4306 3033 4369 solus,
3063 4318 3190 4361 ante
3224 4309 3488 4365 mundum

1891 4397 2165 4451 conditum
2217 4411 2322 4451 non
2368 4406 2485 4450 erat
2532 4395 2675 4451 Deus
2714 4415 2729 4450 :
2775 4401 3207 4455 conversabatur
3248 4417 3372 4457 cum
3420 4419 3489 4459 eo

1891 4489 2200 4559 unigenitus
2225 4488 2343 4558 ejus
2374 4487 2563 4555 Filius,
2602 4488 2655 4541 in
2684 4502 2846 4558 quem
2876 4505 3000 4544 cum
3033 4490 3200 4547 Pater
3231 4493 3484 4550 intueba-

192 4586 369 4653 λέγων
412 4586 470 4637 ὲν
514 4584 875 4654 Παροιμίαις·
928 4580 1076 4651 Ἐγὼ
1122 4580 1289 4650 ήμην
1323 4576 1364 4653 ᾗ
1417 4581 1784 4650 προσέχαιρε

1900 4589 1999 4643 tur,
2032 4580 2337 4650 gaudebat,
2376 4580 2520 4649 quod
2568 4579 2684 4648 ipse
2731 4593 2833 4635 nos
2866 4580 3083 4647 docuit,
3120 4582 3208 4638 illa
3252 4586 3307 4639 in
3345 4584 3484 4642 Pro-

192 4679 324 4731 καθ’
351 4677 601 4746 ἡμέραν.
638 4676 748 4729 Καὶ
790 4676 951 4738 αὐτὸς
979 4675 1037 4727 δὲ
1068 4677 1097 4729 6
1135 4674 1285 4739 Υἱὸς,
1334 4676 1456 4738 ταῖς
1484 4676 1784 4745 πατρικαῖς

192 4770 424 4833 ἐννοίαις
474 4770 795 4834 ὲνατενίζων
826 4808 840 4832 ,
906 4768 1249 4839 εὐφροσύνης
1310 4768 1636 4840 ἐπληροῦτο.
1692 4766 1784 4819 Διό

193 4876 380 4931 φησιν’
418 4862 849 4929 Ηὺςρραινόμην
877 4860 944 4913 δὲ
981 4860 1241 4913 ἐνώπιον
1276 4860 1464 4914 αὐτοῦ
1495 4861 1566 4913 ἐν
1600 4858 1785 4925 παντὶ

190 4950 395 5020 καιρῷ.
447 4950 634 5005 Ταῦτα
669 4952 766 5021 μὲν
800 4953 836 5022 ἡ
868 4951 1107 5023 Χριστοῦ
1124 4951 1422 5021 Ἐκκλησία
1470 4953 1538 5006 τὰ
1582 4951 1781 5022 εὐσεδῆ

190 5047 287 5101 καὶ
319 5046 441 5099 Θεία
471 5044 746 5116 μυστήρια
772 5044 1167 5100 παραλαϐοῦσα
1197 5045 1478 5116 φυλάττει.
1526 5045 1584 5097 'U
1617 5044 1673 5097 δὲ
1697 5044 1786 5097 λέ-

197 5172 255 5229 pls
294 5165 391 5219 Ed.
434 5164 613 5221 Paris.
650 5181 775 5235 pag.
812 5165 937 5219 I04.

266 5238 307 5267 ⁶¹
350 5236 523 5292 lCor.
552 5252 681 5301 vui,
711 5235 765 5289 6.
880 5237 925 5267 ⁸³
964 5235 1133 5291 Hebr.
1186 5254 1236 5303 I,
1283 5236 1338 5291 2.

192 5308 280 5360 50.
358 5308 405 5338 “
445 5307 577 5361 ibid.

254 5403 369 5543 (7οζ
397 5404 575 5458 Μόνον
598 5403 684 5458 ἀλ.
714 5422 767 5457 κ.
801 5420 897 5476 πρ.
930 5405 976 5457 δ.
1014 5403 1175 5471 vulgo
1200 5420 1308 5457 om.

256 5475 338 5543 (71
406 5474 599 5528 Οὐδὲν
648 5476 853 5543 ἕτερον
894 5472 974 5543 ἦν
1026 5474 1197 5543 πλὴν
1240 5493 1308 5529 το

256 5475 369 5545 (71)
406 5475 599 5528 Οὐδὲν
648 5475 857 5544 ἕτερον
894 5475 974 5545 ἦν
1026 5475 1197 5544 πλὴν
1240 5476 1347 5531 τοῦ
1383 5476 1551 5531 Θεοῦ.
1612 5475 1767 5529 Solus

189 5545 331 5618 Deus
368 5558 489 5598 erat
528 5559 780 5600 creatura
833 5550 998 5611 nulla,
1039 5548 1335 5618 hocgtotics
1362 5551 1588 5618 urgebat
1620 5545 1767 5598 Mar-

1455 5236 1501 5267 “
1541 5234 1705 5290 Prov.
1755 5249 1877 5299 vm,
1924 5232 2016 5287 27.

1889 4669 2098 4727 verbiis
2127 4672 2429 4742 Sapientia,
2470 4673 2764 4743 inquiens:
2798 4672 2913 4744 Ego
2942 4691 3088 4729 eram
3114 4679 3169 4729 in
3200 4692 3306 4747 qua
3350 4694 3486 4748 gau-

1890 4766 2041 4819 debat
2073 4766 2323 4818 continuo
2346 4764 2411 4816 ".
2459 4764 2564 4819 Sed
2609 4775 2665 4820 et
2706 4768 2937 4836 lpsemet
2972 4765 3141 4823 Filius
3172 4770 3489 4838 replebatur

1890 4855 2285 4921 oblectatione,
2331 4856 2456 4909 dum
2490 4858 2543 4910 in
2596 4864 2851 4925 paternas
2902 4858 3262 4928 cogitationes
3298 4861 3483 4917 intue-

1892 4957 2064 5003 retur.
2093 4946 2357 5012 Quocirca
2387 4948 2551 5013 dixit,
2588 4947 2904 5003 Ookctabar
2938 4962 3117 5005 autem
3146 4968 3327 5007 coram
3362 4954 3484 5018 illo,

1893 5043 2033 5093 omni
2088 5052 2315 5108 tempore
2351 5038 2420 5092 ⁸⁸.
2472 5036 2599 5094 Haec
2656 5052 2783 5096 sunt
2844 5040 2934 5095 illa
2985 5045 3241 5114 mysteria
3290 5059 3483 5100 sacro-

2128 5231 2173 5263 “
2210 5226 2371 5283 Joan.
2415 5245 2465 5295 I,
2498 5232 2555 5287 9.
2649 5232 2694 5264 “
2735 5233 2864 5291 ibid.
2898 5234 2985 5290 IO.
3084 5237 3126 5269 "
3166 5234 3331 5292 Prov.
3360 5252 3482 5304 νιιι,

1978 5399 2068 5470 72)
2112 5398 2428 5473 Ἰουδαῖονἐ
2456 5398 2594 5473 N_a_m
2641 5396 2815 5457 Judaei
2846 5442 2863 5468 ,
2925 5403 3311 5473 paternitatem
3369 5402 3484 5459 Deo

406 5474 599 5528 Οὐδὲν
648 5468 860 5544 ἕτερον’
894 5472 974 5545 ἦν
1026 5468 1197 5544 πλὴν
1240 5476 1347 5531 τοῦ
1383 5476 1551 5531 Θεοῦ.
1612 5473 1771 5529 Solus

1900 5468 2266 5545 letrahebant,
2286 5469 2459 5545 αὐτῷ.
2489 5468 2566 5545 ll:

1955 5542 2068 5612 (73)
2124 5539 2495 5613 Μαρκέλλῳ.
2540 5539 2677 5594 Tum
2738 5540 3029 5613 legendum
3099 5543 3368 5608 Ἰουδαῖοι,
3425 5555 3481 5599 et

188 5616 379 5682 rellus,
405 5626 596 5670 contra
646 5618 944 5681 Asterium,
1000 5618 1092 5687 qui
1135 5616 1408 5671 Christum
1430 5611 1769 5671 vereaturam

188 5688 443 5737 docebat.
474 5689 566 5737 sed
625 5688 809 5737 multis
870 5692 1083 5737 smculis
1137 5689 1337 5737 mundo
1380 5689 1768 5737 antiquiorem.

1900 5611 2425 5695 ςυμμαρτυροῦντες,
2446 5611 2535 5665 hic
2556 5626 2687 5683 ergo
2709 5611 2932 5681 repone,
2959 5614 3308 5737 Μαρκέλλου,
3333 5618 3479 5685 quod

1900 5701 2003 5737 :uln
2040 5686 2115 5737 ίσ.
2143 5699 2192 5736 ιιι
2224 5681 2335 5737 MD.
2362 5692 2466 5735 est.
2500 5682 2583 5736 Μ.
2610 5710 2679 5721 --
2709 5680 2831 5737 Mox
2868 5686 3028 5737 vulao
3097 5685 3236 5737 έγοι.

188 5688 443 5745 docebat.
474 5689 566 5740 sed
625 5688 809 5743 multis
870 5692 1083 5743 saeculis
1137 5689 1337 5743 mundo
1380 5689 1768 5756 antiquiorem.

189 5756 477 5829 Eusebius,
525 5758 740 5829 Asterie
773 5759 1092 5829 σύμψηφος,
1136 5767 1409 5827 arreptum
1452 5758 1773 5829 interpreta-

190 5838 277 5879 tur
297 5828 519 5889 millies,
553 5828 618 5880 de
653 5826 857 5897 negata
886 5826 1003 5885 Filii
1073 5832 1365 5899 uypostasi.
1422 5828 1491 5885 Μ.
1528 5858 1600 5866 -
1624 5826 1767 5882 Infra

185 5903 346 5968 vulgo
373 5900 532 5954 αὑτὸν
577 5900 836 5969 κάκείνῳ.

1880 5680 2009 5740 Cuitt
2040 5680 2196 5755 re.in
2224 5681 2335 5753 ΜΡ.
2362 5692 2466 5755 est.
2500 5682 2583 5736 Μ.
2610 5680 2679 5721 ~1—
2709 5680 2831 5737 Μοι
2868 5686 3028 5755 vulgo

1954 5701 2003 5737 ιιι
2040 5686 2115 5737 ίσ.
2143 5687 2192 5736 in
2224 5685 2335 5753 ΜΡ.
2362 5692 2466 5735 est.
2500 5685 2583 5736 Μ.
2610 5710 2679 5721 --
2709 5685 2831 5737 Mox
2868 5686 3028 5755 vulgo
3064 5685 3236 5755 λέγοι.

1954 5754 2070 5825 (Ἡ)
2110 5753 2234 5825 Μεθ·
2274 5752 2447 5825 ήμᾶςτ
2850 5823 2858 5825 Α
2914 5808 2943 5825 -μ

1951 5822 2064 5893 (75)
2109 5822 2275 5890 Vulgo
2297 5822 2560 5893 texiter
2590 5834 2643 5877 et
2676 5838 2795 5878 mox
2832 5823 3113 5881 ἁπάντων.

1950 5899 2062 5969 (76)
2108 5897 2167 5950 Ἡ
2202 5896 2407 5963 σοφία,
2444 5895 2541 5947 καὶ
2571 5896 2788 5965 λόγων.
2819 5896 2909 5953 Sic
2940 5899 3151 5968 legend.
3190 5897 3267 5951 M.
