4032 6438
585 321 690 375 903

1250 313 1519 371 EUSEBH
1560 311 2043 369 CESABIENSIS
2080 310 2235 369 OPP.
2278 312 2461 367 PARS
2500 313 2566 368 lV
2632 342 2701 351 -
2740 308 3162 365 DOGMATICA.
3728 316 3816 373 so;

587 443 791 499 sancta,
821 447 939 503 qua:
968 430 1134 487 semel
1171 439 1393 500 accepta
1435 429 1635 485 Christi
1670 429 1907 485 Ecclesia
1941 430 2029 499 pie
2065 445 2153 483 cu.

2269 449 2397 499 γων,
2432 449 2450 481 ι
2491 434 2659 502 μήπω
2707 427 2800 482 τοῦ
2855 428 3061 498 κόσμου
3109 425 3398 495 γεγονότος
3446 423 3611 495 μηδὲν
3657 424 3821 496 ἕτερον

585 528 771 584 ςιοιιίι.
796 524 845 580 ls
874 540 1028 589 vero,
1054 523 1144 593 qui
1165 533 1369 587 tuetur,
1388 540 1407 574 ι
1435 533 1561 577 ante
1579 523 1834 577 mundum
1865 524 2162 587 conditum,

586 619 717 674 nihil
735 628 930 687 praeter
952 616 1124 671 solum
1147 614 1313 668 Deum
1331 615 1632 678 exstitisse,
1658 633 1677 665 ι
1708 628 1739 667 e
1764 613 1973 668 duobus
1999 629 2161 667 unum

585 695 911 766 necessario.
926 706 1222 772 constituit,
1252 704 1547 761 Sabellium
1588 720 1666 769 se,
1694 705 1778 760 vel
1808 702 2074 760 Judaeum.
2100 710 2158 768 >3

584 800 720 856 Nam
752 802 795 857 si
832 802 897 856 de
922 800 1001 855 sui
1038 798 1199 852 animi
1236 798 1503 853 sententia
1540 795 1735 851 Filium
1771 808 1951 866 neget,
1984 797 2161 851 solum

586 894 757 949 Deum
788 891 1080 963 professus,
1124 887 1341 944 Judzeus
1390 898 1474 944 est
1518 889 1607 958 qui
1656 888 1930 943 Christum
1968 889 2162 957 rejicit.

590 985 685 1041 Vel
706 987 750 1041 si
784 984 956 1038 Verbo
986 993 1145 1039 tenus
1174 981 1418 1053 agnoscit
1442 979 1567 1035 Filii
1600 980 1956 1043 vocabulum,
1985 980 2161 1049 ipsum

587 1087 766 1133 autem
799 1075 991 1135 Filium
1026 1090 1146 1131 esse
1183 1089 1349 1129 unum
1379 1072 1549 1127 Deum
1588 1072 1758 1137 dicat,
1787 1088 1951 1126 unum
2001 1078 2164 1140 atque

587 1170 857 1237 eumdem,
885 1169 959 1224 ita
988 1176 1044 1223 et
1075 1166 1286 1221 Patrem
1316 1176 1370 1220 et
1397 1164 1596 1219 Filium
1622 1164 2002 1218 arbitrabitur.
2028 1163 2163 1218 Nam

588 1264 634 1317 si
664 1271 791 1319 ante
818 1262 1099 1326 mundum,
1122 1259 1255 1315 nihil
1283 1256 1532 1313 exstabat
1562 1258 1721 1328 plane
1745 1267 1942 1325 praeter
1971 1256 2161 1321 Deum,

588 1355 704 1426 ipse
738 1354 823 1412 vel
866 1355 1027 1411 Pater
1054 1360 1109 1411 et
1140 1353 1307 1409 Filius
1362 1352 1525 1408 simul
1559 1352 1706 1407 erit:
1751 1352 1832 1408 vel
1867 1362 2019 1409 certe
2058 1368 2163 1408 non

587 1449 837 1516 genuerit
873 1447 1063 1502 ﬁlium.

1231 1538 1383 1595 CAP.
1428 1537 1515 1594 Ill.

590 1630 860 1697 Quomodo
898 1629 993 1683 Dei
1036 1628 1260 1684 Verbum
1301 1631 1356 1683 in
1405 1628 1513 1683 Deo
1550 1629 1826 1693 exsistam,
1855 1630 1968 1683 sine
2017 1630 2165 1697 prin-

954 1700 1088 1768 cipio
1116 1699 1368 1769 deﬁnivit,
1398 1710 1446 1753 et
1480 1700 1797 1768 ingenitum.

658 1790 763 1847 Sed
812 1790 1023 1845 videtur
1060 1788 1343 1845 Marcellus
1373 1804 1517 1853 eum,
1548 1791 1636 1857 qui
1675 1790 1726 1842 in
1766 1789 1873 1843 Deo
1906 1800 2027 1843 erat
2060 1787 2162 1843 Lo—
2193 1807 2237 1863 Β

589 1899 713 1953 gon,
748 1882 1041 1939 secundum
1075 1897 1235 1952 quem
1273 1881 1475 1950 logicos
1523 1880 1862 1950 intelligitur,
1911 1880 2158 1933 enimdem

587 1984 709 2025 esse
745 1978 799 2026 et
828 1970 1023 2025 Filium
1062 1970 1352 2030 arbitrari:
1387 1980 1445 2025 ut
1484 1970 1558 2024 ita
1592 1969 1708 2039 ipse
1753 1970 1824 2023 sit
1863 1970 1944 2025 sui
1994 1968 2164 2037 ipsius

590 2060 776 2127 Pater,
801 2072 857 2117 et
882 2075 913 2115 e
941 2074 1201 2115 converso
1227 2058 1311 2115 sui
1342 2059 1512 2130 ipsius
1540 2059 1731 2115 Filius.
1761 2061 1981 2115 Andisis
2008 2076 2162 2131 ergo,

587 2168 709 2222 qua:
738 2154 957 2207 totidem
986 2152 1163 2209 verbis
1186 2154 1406 2223 scripsit
1432 2171 1446 2208 :
1478 2151 1549 2226 [Β
1586 2152 1719 2208 XCII
1751 2154 1880 2209 coll.
1906 2170 1959 2224 p.
1995 2153 2064 2209 39
2093 2153 2157 2226 Β]

591 2265 613 2297 ι
654 2246 795 2300 Ante
851 2245 1090 2301 universi
1140 2246 1552 2311 conditionem,
1602 2256 1759 2313 erat,
1813 2255 1874 2300 ut
1924 2246 2159 2312 videtur,

592 2354 613 2389 ι
661 2336 817 2406 quies
846 2335 984 2402 alta,
1031 2336 1086 2392 in
1134 2335 1247 2392 Deo
1293 2337 1470 2393 Verbo
1520 2338 1820 2394 exsistente
1866 2355 1881 2395 :
1922 2339 1966 2393 si
2021 2338 2164 2393 enim

592 2445 616 2480 ι
660 2428 847 2483 credat
881 2427 1127 2484 Asterius
1163 2426 1331 2483 Deum
1367 2441 1489 2483 esse
1522 2429 1763 2484 universi
1806 2428 2162 2494 conditorem,

595 2535 615 2568 ι
660 2527 806 2572 certe
848 2516 1000 2573 nobis
1045 2517 1172 2572 illud
1219 2532 1582 2574 concessurus
1609 2527 1727 2584 est,
1760 2518 1908 2573 illum
1952 2534 2167 2588 semper

595 2627 617 2661 ι
661 2610 959 2673 exstitisse,
1003 2625 1278 2679 nunquam
1330 2610 1627 2665 exsistendi
1674 2610 2001 2680 principium
2042 2624 2162 2665 sor-

594 2719 615 2751 ε
663 2702 835 2765 iitum,
879 2701 1062 2754 omnia
1110 2711 1288 2755 autem
1342 2702 1411 2756 ah
1459 2700 1550 2755 illo
1580 2700 1725 2756 facta
1782 2699 1975 2765 fuisse,
2017 2700 2165 2755 etde

594 2812 614 2845 ι
660 2792 828 2847 nihilo
875 2791 1083 2846 facta.»
1133 2791 1294 2848 Vides
1336 2801 1396 2847 ut
1445 2793 1613 2848 Deum
1658 2800 1906 2848 statuens
1959 2793 2165 2861 absque

586 2886 732 2938 omni
767 2884 1029 2955 principio
1060 2881 1297 2939 Verbum
1329 2885 1474 2955 quod
1515 2885 1567 2940 in
1606 2884 1698 2941 illo
1728 2892 1870 2951 erat,
1901 2885 1953 2939 in
1982 2886 2166 2955 quiete

587 2973 818 3036 statuit,
871 2982 996 3029 ante
1070 2973 1255 3029 mundi
1332 2974 1714 3039 condituram,
1782 2975 2162 3030 constitutum.

588 3064 775 3135 Pergit
806 3079 987 3135 porro,
1031 3074 1085 3119 et
1120 3065 1362 3136 adjungit
1406 3082 1420 3120 :
1476 3084 1495 3118 ι
1536 3064 1595 3121 Si
1644 3065 1791 3121 istud
1834 3065 2059 3131 credat,
2111 3076 2166 3120 et

2267 519 2405 576 εἶναι
2445 523 2584 592 πλὴν
2615 520 2751 575 Θεοῦ
2790 521 2976 590 μόνου,
3009 538 3026 569 ν
3065 518 3212 571 ὸὋείν
3238 516 3467 587 θάτερον
3494 516 3680 569 ἑαυτὸν
3713 517 3823 571 ὄντα

2267 615 2528 687 παρίστη,
2561 613 2593 684 ἢ
2642 613 2916 675 Ἰουδαῖον,
2947 612 2979 682 ἢ
3010 609 3322 663 Σαϐἐλλιον.
3356 610 3427 661 Ἢ
3469 607 3577 679 γάρ
3622 608 3825 661 αὐτόθεν

2264 705 2592 775 ἀρνούμενος
2630 705 2722 757 τὸν
2771 703 2919 768 Υἰὸν,
2949 701 3083 755 Θεὸν
3114 701 3171 754 δὲ
3227 701 3390 771 μόνον
3422 698 3674 770 εἰσάγων,
3710 699 3824 753 Ἰου-

2263 798 2412 859 δαῖος
2481 795 2634 850 ἔσται
2683 796 2775 848 τὸν
2821 794 3058 867 Χριστὸν
3111 791 3531 864 ἀρνούμενοςοῆ
3569 793 3724 864 μέχρι
3754 790 3828 844 λό-

2264 907 2359 958 γου
2391 888 2505 961 (77)
2534 887 2631 959 τὴν
2664 887 2759 941 τοῦ
2772 886 2902 941 Υἱοῦ
2920 887 3223 959 πρόσρησιν
3252 884 3667 956 ἀποδεχόμενος,
3684 885 3828 940 αὐτὸν

2263 982 2305 1035 δ’
2340 977 2481 1034 εἶναι
2514 980 2743 1050 φάσκων
2777 979 2873 1032 τὸν
2928 979 3027 1034 tva
3068 977 3222 1042 Θεὸν,
3282 977 3408 1030 Υίὸν
3439 977 3575 1047 ὁμοῦ
3608 976 3716 1047 (78)
3748 977 3830 1029 καὶ

2265 1074 2503 1144 Πατέρα,
2532 1073 2624 1126 τὸν
2653 1070 2940 1125 mentm
2968 1069 3345 1125 ὲνανεώσεται.
3378 1069 3443 1123 Εἰ
3473 1069 3581 1140 γὰρ
3614 1067 3717 1141 πρὸ
3746 1065 3828 1119 τοῦ

2264 1164 2468 1234 κόσμου
2502 1162 2655 1216 οὐδὲν
2682 1162 2870 1233 ἕτερον
2900 1157 2968 1232 ἦν
2998 1160 3137 1232 πλὴν
3160 1160 3318 1227 Θεοῦ,
3371 1159 3533 1223 αὐτὸς
3556 1159 3707 1212 ἔσται
3732 1158 3831 1211 Πα-

2263 1254 2366 1325 τὴρ
2389 1255 2484 1307 καὶ
2511 1253 2659 1319 Υἱὸς,
2689 1253 2722 1324 η
2750 1252 2873 1306 οὐδὲ
2899 1252 3009 1318 ἕξει
3044 1253 3177 1305 υἱόν.

2934 1523 3092 1577 ΚΕΦ.
3135 1522 3209 1575 Γ’.

2267 1607 2467 1673 Ὅπως
2492 1608 2601 1662 τὸν
2619 1610 2813 1679 Λόγον
2839 1610 2948 1665 τοῦ
2973 1611 3123 1665 Θεοῦ
3149 1612 3219 1666 ἐν
3249 1608 3332 1677 τῷ
3360 1608 3482 1675 Θεῷ
3499 1609 3649 1664 ὄντα
3667 1608 3834 1679 drap-

2483 1697 2599 1750 χον
2621 1676 2775 1737 εἶναι
2800 1682 2900 1736 καὶ
2939 1682 3274 1752 ἀγέννητον
3304 1676 3568 1749 ὡρίζετο.

2348 1770 2486 1825 Ἀλλ’
2517 1771 2662 1826 ἔοικε
2688 1772 3009 1844 Μάρκελλος
3024 1775 3115 1829 τὸν
3144 1777 3201 1828 tv
3233 1772 3386 1839 αύτῷ
3414 1772 3493 1845 τῷ
3520 1772 3643 1843 Θεῷ
3658 1771 3837 1842 Λόγον,

2264 1864 2386 1919 καθ’
2401 1865 2461 1919 ὃν
2477 1866 2692 1934 λογικὸς
2720 1868 2941 1931 νοεῖται,
2959 1866 3144 1921 τοῦτον
3168 1863 3308 1921 εἶναι
3338 1867 3569 1937 φάσκειν
3582 1866 3678 1920 τὸν
3698 1866 3838 1919 Υἱόνο

2263 1956 2404 2012 ὥστε
2431 1953 2572 2014 εῖναι
2603 1957 2769 2012 αὐτὸν
2792 1958 2988 2012 ἑαυτοῦ
3022 1958 3244 2031 Πατέρα
3270 1958 3366 2013 καὶ
3390 1955 3457 2013 αὖ
3495 1959 3659 2014 πάλιν
3688 1958 3842 2012 αὐτὸν

2265 2050 2460 2104 ἑαυτοῦ
2488 2050 2637 2106 Υίόν.
2671 2051 3005 2106 Ἐπάκουσον
3030 2049 3161 2119 γοῦν
3197 2050 3307 2105 τῶν
3346 2051 3512 2105 αὐτοῦ
3536 2051 3749 2121 φωνῶν,
3780 2050 3841 2104 δι’

2263 2135 2337 2197 ὧν
2366 2140 2555 2197 τοῦτον
2595 2142 2797 2214 γράφει
2833 2142 2928 2197 τὸν
2971 2143 3173 2214 τρόπον
3198 2160 3213 2174 ν
3251 2161 3270 2193 ι
3308 2144 3423 2216 Πρὸ
3464 2144 3574 2215 γὰρ
3616 2144 3719 2213 τῆς
3760 2143 3843 2212 δη-

2271 2251 2290 2286 (
2334 2234 2622 2305 μιουργίας
2664 2233 2886 2304 ἀπάσης
2930 2232 3133 2303 ἡσυχία
3153 2241 3237 2297 τις
3273 2228 3362 2304 ἦν,
3395 2233 3473 2297 ὡς
3499 2233 3670 2299 εἰκὸς,
3701 2231 3841 2294 δντος

2272 2344 2290 2377 ι
2326 2328 2383 2379 tv
2407 2326 2485 2398 τῷ
2510 2325 2629 2398 Θεῷ
2657 2325 2753 2379 τοῦ
2784 2326 2982 2393 Λόγου.
3004 2326 3069 2379 Et
3096 2324 3206 2397 γὰρ
3232 2325 3465 2398 ποιητὴν
3482 2326 3741 2380 ἁπάντων
3762 2324 3845 2377 τὸν

2272 2437 2291 2471 ι
2328 2417 2461 2471 Θεὸν
2524 2418 2804 2489 Ἀστέριος
2857 2418 3223 2473 πεπίστευκεν
3274 2413 3453 2482 εἶναι,
3538 2417 3702 2489 δῆλον
3770 2416 3845 2470 ὅτι

2272 2528 2291 2561 ι
2333 2510 2753 2582 συνομολογήσει
2789 2512 2924 2580 ἡμῖν
2958 2509 3054 2564 καὶ
3086 2509 3269 2574 αὐτὸς,
3303 2510 3395 2564 τὸν
3426 2509 3528 2581 μὲν
3562 2510 3653 2563 ἀεὶ
3675 2509 3844 2579 ύπάρ-

2272 2619 2292 2652 ‹
2328 2611 2447 2672 χειν
2466 2642 2480 2667 ,
2520 2602 2654 2671 μηδὲ
2684 2601 2908 2657 πώποτε
2939 2601 3113 2674 ἀρχὴν
3135 2600 3231 2655 τοῦ
3266 2600 3407 2655 εἶναι
3436 2601 3697 2667 λαϐόντα,
3723 2601 3844 2656 τάδε

2272 2709 2292 2743 ι
2330 2692 2658 2762 γεγενῆσθαί
2699 2708 2768 2744 τεν
2792 2691 2900 2745 ὑπὸ
2925 2690 3113 2756 αὐτοῦ,
3157 2690 3253 2747 καὶ
3280 2691 3340 2759 ἐξ
3370 2692 3473 2747 οὐκ
3498 2692 3672 2747 ὄντων
3700 2709 3848 2762 γεγε-

2271 2801 2291 2835 r
2331 2783 2544 2855 νῆσθαι.
2577 2802 2597 2836 ι
2647 2784 2809 2856 Ὁρᾷς
2852 2785 3023 2849 ὅπως,
3060 2783 3155 2837 τὸν
3186 2784 3320 2838 Θεὸν
3348 2785 3585 2857 ἄναρχον
3614 2787 3847 2858 ὑποστη-

2267 2876 2525 2947 σάμενος,
2544 2876 2638 2930 τὸν
2665 2877 2838 2945 Λόγον
2860 2878 2920 2930 tv
2951 2875 3102 2947 αὐτῷ
3118 2875 3247 2929 ὄντα
3265 2877 3323 2930 tv
3353 2878 3555 2949 ἠσυχίᾳ
3577 2874 3721 2933 εἶναι
3750 2877 3849 2951 πρὸ

2264 2968 2366 3038 τῆς
2389 2967 2750 3040 δημιουργίας
2773 2967 2886 3040 (79)
2917 2967 3046 3041 ἔφη,
3081 2968 3175 3022 καὶ
3199 2967 3407 3040 προῖὼν
3429 2968 3559 3039 ἑξῆς
3588 2970 3845 3039 ἐπιλέγει·

2273 3076 2291 3109 ι
2330 3059 2392 3113 Ei
2419 3059 2600 3113 τοίνυν
2645 3060 2805 3112 τοῦτο
2847 3059 3116 3127 πιστεύει,
3164 3060 3379 3132 ἀνάγκη
3426 3061 3592 3115 αὐτὸν
3637 3062 3850 3116 κάκεῖνο

595 3172 616 3206 ι
663 3156 794 3211 illud
849 3172 1065 3227 quoque
1128 3171 1250 3212 eum
1318 3156 1479 3212 fateri
1552 3170 1776 3212 necesse
1836 3166 1955 3223 est,
2026 3158 2165 3228 quod

2278 3169 2298 3202 ι
2337 3150 2735 3222 συνομολογεῖν,
2757 3152 2839 3205 ὅτι
2865 3151 3003 3224 πλὴν
3029 3151 3186 3218 Θεοῦ,
3209 3152 3364 3208 οὐδὲν
3382 3152 3570 3226 ἕτερον
3593 3150 3681 3226 ἦν.
3701 3151 3850 3227 Εἷχεν

594 3262 615 3297 ι
659 3245 816 3315 plane
851 3258 1046 3316 praeter
1081 3248 1253 3302 Deum
1288 3247 1421 3301 nihil
1448 3256 1563 3301 erat
1592 3246 1758 3302 aliud.
1795 3247 1992 3303 Habuit
2015 3263 2167 3319 ergo,

593 3354 615 3389 ι
667 3330 897 3393 Verbum
950 3340 1004 3393 in
1080 3338 1239 3394 Patre
1309 3339 1644 3407 subsistens,
1695 3355 1851 3395 suam
1922 3341 2167 3411 peculia-

594 3445 615 3481 r
662 3443 775 3483 rem
826 3429 1071 3499 gloriam.
1098 3448 1117 3482 ι
1158 3429 1294 3486 Hinc
1319 3430 1609 3501 profectus,
1644 3439 1699 3485 et
1744 3440 2033 3497 aeternum,
2068 3434 2169 3489 hoc

587 3530 672 3574 est
700 3522 993 3592 ingenitum
1021 3536 1141 3577 esse
1171 3520 1402 3577 Verbum
1441 3522 1793 3591 pronuntiat:
1826 3519 1918 3593 [Β.
1954 3522 2167 3579 XLVIII

588 3613 714 3668 coli.
744 3630 795 3683 p.
822 3613 892 3667 '55
922 3612 987 3686 C]
1022 3633 1041 3666 ι
1068 3613 1236 3669 Audis
1284 3628 1415 3684 ergo
1460 3612 1697 3684 Spiritus
1749 3616 1928 3671 sancti
1966 3631 2168 3671 conso-

593 3726 613 3757 ι
663 3708 929 3773 nantiam,
960 3707 1050 3778 qui
1094 3722 1193 3777 per
1237 3706 1439 3761 multas
1484 3716 1539 3761 et
1581 3708 1826 3764 diversas
1869 3722 2163 3778 personas,

596 3818 615 3849 ι
662 3800 821 3854 Verbi
856 3801 1146 3856 aeternitati
1183 3800 1552 3855 testimonium
1590 3800 1856 3868 perhibet.
1887 3819 1905 3852 ι
1944 3801 2011 3855 Et
2044 3816 2166 3855 rur-

591 3906 723 3946 sus:
763 3908 781 3942 ι
813 3890 877 3944 Et
915 3892 984 3947 oh
1035 3892 1140 3947 hoc
1190 3892 1367 3962 ipsum
1426 3891 1707 3946 exorditur
1747 3892 1815 3947 ab
1863 3896 2168 3949 :eternitate

598 4000 616 4031 ι
666 3978 845 4046 Verbi,
886 3979 953 4034 In
980 3982 1239 4051 principio
1278 3991 1388 4035 erat
1425 3980 1675 4047 Verbum,
1704 3991 1753 4037 et
1798 3981 2022 4037 Verbum
2053 3993 2166 4037 erat

597 4089 618 4122 ι
666 4073 806 4139 apud
836 4072 1025 4138 Deum,
1051 4083 1099 4127 et
1130 4072 1271 4127 Deus
1314 4083 1425 4127 erat
1474 4072 1699 4127 Verbum
1727 4073 1792 4128 ".
1830 4073 2027 4130 Tribus
2079 4076 2166 4131 bic

597 4181 617 4214 ι
658 4166 927 4219 continuis
960 4165 1285 4221 testimoniis
1317 4180 1446 4220 usus
1474 4166 1833 4222 aeternitatem
1861 4166 2018 4223 Verbi
2052 4167 2166 4222 vult

598 4274 617 4307 ι
663 4256 1074 4311 εοηειειὺὶίὶτε.»
1131 4256 1380 4323 Qualiter
1430 4271 1558 4310 vere
1604 4256 1837 4312 Verbum
1881 4259 2163 4313 counitum

590 4336 711 4404 crat
742 4349 871 4412 Deo,
896 4359 953 4403 et
982 4364 1105 4404 cum
1138 4347 1230 4403 illo
1255 4363 1359 4402 una
1392 4348 1717 4416 ingenitum,
1754 4358 1967 4404 tueatur
1987 4364 2165 4419 opera

590 4443 823 4512 pretium
860 4451 976 4506 est,
1024 4450 1082 4495 ut
1131 4440 1298 4511 ipsius
1344 4441 1523 4495 verbis
1572 4440 1809 4510 positum
1859 4442 2161 4497 audiamus.

2277 3263 2296 3296 ι
2336 3241 2430 3299 οὖν
2460 3245 2562 3315 τὴν
2607 3244 2815 3299 οἰκείαν
2840 3244 2997 3311 δόξαν
3022 3247 3051 3300 ό
3079 3246 3276 3316 Λόγος,
3307 3245 3384 3301 ὣν
3412 3249 3473 3301 tv
3501 3247 3582 3319 τῷ
3607 3250 3799 3321 Πατρί.
3829 3268 3845 3301 ι

2280 3333 2557 3389 Ἐντεῦθεν
2600 3335 2846 3402 εἰκότως,
2888 3337 2982 3391 καὶ
3041 3337 3233 3406 ἀΐδιον,
3288 3338 3592 3394 τοῦτ’ἓστιν
3637 3342 3853 3413 ἀγέννη-

2266 3445 2379 3494 τον,
2408 3424 2549 3482 εἷναί
2579 3446 2713 3501 φησι
2746 3429 2839 3483 τὸν
2874 3430 3069 3499 Λόγον,
3103 3424 3207 3485 ὧδε
3250 3431 3515 3503 γράφωνο
3542 3452 3561 3485 ι
3613 3434 3852 3498 ’Δκούεις

2272 3538 2292 3573 ι
2332 3520 2512 3574 τοίνυν
2543 3521 2646 3592 τῆς
2676 3523 2999 3594 συμφωνίας
3026 3523 3119 3577 τοῦ
3160 3524 3318 3592 ἁγίου
3362 3525 3717 3598 Πνεύματος,
3770 3527 3853 3582 διὰ

2273 3629 2293 3664 ι
2330 3612 2539 3667 πολλῶν
2565 3614 2658 3667 καὶ
2684 3614 2960 3687 διαφόρων
2982 3614 3288 3687 προσώπων
3314 3621 3382 3691 τῇ
3402 3619 3495 3674 τοῦ
3520 3621 3700 3691 Λόγου
3720 3639 3854 3694 μαρ-

2272 3724 2292 3758 ι
2331 3705 2599 3778 τυρούσης
2631 3708 2917 3779 ἀζίδιότητι.
2960 3728 2978 3759 ι
3010 3709 3121 3765 Καὶ
3149 3708 3345 3763 πάλιν·
3384 3731 3404 3764 ι
3444 3713 3553 3767 Καὶ
3587 3713 3679 3767 an;
3704 3713 3856 3768 τοῦτο

2273 3817 2292 3850 ι
2337 3798 2566 3871 ἄρχεται
2597 3799 2697 3871 μὲν
2740 3800 2848 3854 ἀπὸ
2892 3801 2993 3873 τῆς
3031 3802 3334 3873 ἀῖδιότητος
3370 3804 3467 3858 τοῦ
3497 3806 3698 3876 Λόγου,
3757 3808 3855 3863 Ἐν

2273 3910 2293 3946 ι
2325 3891 2486 3963 ἀρχῇ
2525 3888 2607 3964 ἦν
2632 3891 2745 3964 (80)
2777 3897 2811 3949 ό
2846 3895 3058 3964 Λόγος,
3097 3894 3295 3965 λέγων,
3340 3897 3442 3952 καὶ
3488 3902 3522 3953 ό
3560 3902 3757 3972 Λόγος
3783 3898 3857 3971 ἦν

2273 4004 2292 4038 ι
2340 3985 2489 4053 πρὸς
2507 3986 2617 4039 τὸν
2637 3984 2802 4050 Θεὸν,
2824 3986 2924 4041 καὶ
2952 3988 3097 4054 Θεὸς
3118 3984 3197 4060 ἦν
3211 3992 3243 4043 ό
3262 3991 3477 4060 Λόγος·
3495 3991 3678 4063 τρισὶν
3700 3992 3856 4048 ἐπαλ-

2273 4095 2293 4130 ι
2338 4077 2517 4150 λήλοις
2535 4079 2857 4153 μαρτυρίαις
2884 4079 3166 4151 χρώμενος
3196 4081 3295 4155 τὴν
3328 4083 3606 4157 ἀῖδιότητα
3635 4088 3737 4140 τοῦ
3754 4086 3857 4142 Λό-

2274 4192 2293 4225 ι
2334 4189 2432 4241 γου
2448 4172 2720 4227 δεικνύναι
2737 4173 3007 4244 βούλεται.
3035 4194 3055 4227 ι
3080 4176 3269 4240 Ὅπως
3284 4176 3341 4229 δὲ
3371 4175 3610 4249 ἡνῶσθαι
3642 4178 3855 4250 τῷΘεῷ

2268 4268 2362 4321 καὶ
2378 4266 2769 4338 πναγὲννητον
2792 4262 2929 4321 εἷναι
2957 4266 3108 4338 αύτῷ
3126 4268 3219 4321 τὸν
3252 4268 3425 4337 Λόγον
3456 4268 3690 4339 ἔφασκε,
3721 4271 3857 4342 πάρ-

2267 4376 2412 4412 εστιν
2440 4358 2603 4412 αὑτοῦ
2632 4357 2955 4425 ἐπακοῦσαι,
3001 4352 3106 4413 ὧδέ
3151 4376 3228 4430 πη
3270 4359 3539 4430 λέγοντοςο
3564 4380 3585 4415 ι
3618 4362 3738 4435 Τὴν
3762 4364 3856 4434 μιν

2270 4451 2413 4505 κατά
2435 4451 2612 4525 σάρκα
2659 4453 2973 4524 οἰκονομίαν
2988 4452 3066 4523 τῷ
3086 4452 3356 4525 ἀνθρώπῳ
3384 4453 3663 4527 διαφέρειν
3698 4455 3857 4525 γινώ-

597 4550 617 4585 ι
642 4532 1101 4602 Dispensationem
1118 4532 1334 4602 quidem
1363 4530 1417 4585 in
1436 4546 1600 4587 carne
1631 4532 1771 4588 illitis
1792 4533 1857 4587 ad
1895 4533 2165 4588 hominem

2275 4514 2518 4617 σκομενί
2533 4546 2631 4618 τὴν
2658 4546 2717 4599 δὲ
2744 4514 2884 4601 κατΙά
2929 4514 3147 4617 πνεῦμα
3188 4514 3468 4620 ἀῖδιότητα
3488 4514 3744 4620 ’ἡνῶσθαι
3782 4548 3857 4620 τῷ

592 4633 842 4693 spectare
873 4622 1223 4693 intelligimus
1252 4642 1264 4676 :
1306 4632 1361 4676 at
1392 4637 1542 4687 vero,
1573 4624 1871 4677 secundum
1910 4623 2162 4693 spiritum

593 4714 953 4769 aeternitatem
1002 4714 1121 4784 ejus
1193 4714 1401 4769 unitam
1476 4729 1596 4769 cum
1659 4715 1823 4771 Patre
1891 4716 2167 4772 credimus

592 4821 731 4862 C888.
766 4824 786 4857 ι

1234 4896 1387 4953 CAP.
1446 4895 1533 4951 ιν.

632 4998 691 5055 is
736 4988 1011 5056 Quomodo
1049 5006 1234 5063 unum_
1254 4990 1574 5063 etquidem
1601 5005 1709 5045 esse
1738 4991 1945 5046 uerbum
1974 5001 2130 5063 atque

1196 5059 1368 5114 Deum
1391 5061 1549 5117 dixit.

664 5153 766 5221 Qui
798 5154 864 5207 ad
896 5153 1039 5209 hunc
1081 5151 1297 5207 modum
1346 5152 1399 5205 in
1442 5154 1552 5207 Deo
1593 5153 1815 5209 verbum
1865 5168 1988 5211 esse
2035 5169 2171 5211 con-

669 5276 728 5333 »Β
760 5269 859 5339 ΕΛ.
882 5266 1054 5323 Paris.
1079 5283 1201 5339 pag.
1241 5267 1498 5334 105,l06.

690 5341 711 5370 '
749 5338 905 5394 Joan.
934 5355 975 5404 ι,
1005 5339 1057 5393 1.

668 5434 779 5503 ('77)
817 5432 1074 5503 Ἠμέχρι
1104 5433 1310 5503 λόγου.
1341 5431 1505 5485 Forte
1534 5432 1712 5502 μόνου.
1744 5434 1815 5489 Μ.

668 5436 756 5497 ('77
817 5436 1074 5503 Ἡμέχρι
1104 5436 1310 5503 λόγου.
1341 5436 1505 5485 Forte
1534 5436 1712 5502 μόνου.
1744 5436 1815 5489 Μ.

667 5436 779 5576 (78;
826 5505 933 5576 Kal
964 5503 1194 5573 Πατέρα
1243 5504 1655 5576 ἐνανεώσεται.
1693 5504 1873 5571 Forte,
1918 5506 2011 5561 ἕνα
2073 5508 2165 5562 καὶ

597 5574 767 5629 αὑτὸν
789 5575 1087 5644 νομίσεται,
1121 5586 1219 5629 hoc
1251 5583 1353 5634 est.
1379 5574 1608 5644 Sabeiiii
1628 5576 1865 5630 tuebitur
1890 5578 2159 5635 haeresim.

598 5647 788 5699 Addidi
818 5643 881 5699 ex
917 5648 1073 5701 codd.
1105 5647 1193 5700 τὸν
1236 5643 1525 5699 Σασέλλιον
1558 5643 1631 5699 cf.
1664 5660 1717 5714 p.
1758 5647 1857 5700 107
1904 5647 1945 5700 D
1975 5648 2070 5704 ﬂu.
2104 5648 2162 5701 lu

598 5721 703 5789 tinge
731 5717 939 5789 plenius
987 5716 1179 5789 leges._
1207 5716 1433 5789 iiabrb;
1476 5716 1627 5789 ἔσται
1672 5717 1863 5789 Πατὴρ
1906 5718 2039 5789 ὁμοῦ
2072 5722 2166 5772 καὶ

596 5786 743 5853 Υἱὸς,
766 5784 796 5856 ἢ
827 5784 1239 5852 ὃλως,οὖθ“ἓξει⁷
1259 5787 1403 5854 nev,
1430 5788 1477 5843 ei
1506 5788 1606 5843 hoc
1629 5797 1712 5843 est
1739 5784 2066 5845 lud‘aismus.
2094 5789 2162 5843 Μ.

2274 4637 2448 4710 Πατρί
2480 4638 2943 4710 πεπιστεύκαμεν.
2986 4656 3006 4691 ι

2922 4909 3077 4963 ΚΕΦ.
3120 4912 3194 4963 Δθ.

2275 4997 2473 5065 Ὅπως
2493 4998 2563 5053 ἐν
2584 5000 2681 5054 καὶ
2700 5001 2890 5055 αὑτὸν
2913 4998 3067 5127 εἶὲν-ἐι
3094 5002 3201 5057 τόν
3229 5004 3427 5075 Λόγον
3448 5004 3545 5058 καὶ
3575 5003 3688 5058 τὸν
3708 5008 3855 5059 Θεὸν

3059 5090 3143 5127 τε.

3059 5090 3143 5143 τε.

2347 5160 2546 5217 Τοῦτον
2586 5162 2697 5233 (8i)
2740 5162 2805 5233 δὴ
2844 5164 2935 5217 τὸν
2965 5166 3165 5237 τρόπον
3200 5170 3258 5221 tv
3285 5165 3365 5237 τῷ
3392 5166 3513 5237 Θεῷ
3532 5166 3663 5232 δοὺς
3714 5164 3854 5222 εἶναι

2271 5441 2514 5566 :linira
2547 5444 2617 5569 te
2654 5445 2713 5499 δὲ
2752 5462 2873 5515 γεγ.
2914 5447 3193 5503 transtulit
3219 5446 3390 5504 Mont.
3423 5450 3604 5503 omnia
3627 5448 3849 5521 (πάντα)

2310 5530 2338 5567 u
2370 5530 2455 5568 em
2488 5532 2549 5569 es
2582 5556 2595 5569 .
3416 5534 3427 5547 '

2310 5530 2455 5568 ntem
2488 5530 2595 5571 eSl.
3416 5534 3427 5547 “

2484 5586 2582 5666 _S_ic_
2604 5585 2751 5666 Mpi
2779 5587 2944 5666 codd:
2961 5598 3036 5666 et.
3054 5591 3215 5661 vulgo
3243 5592 3329 5661 ἐφ’

2341 5654 2673 5733 (§l_i)__Vulgo:
2692 5657 2783 5733 _‘Ev
2807 5659 2949 5733 ἀρχῇ
2976 5654 3071 5733 οὖν
3100 5654 3304 5719 εῖηιοὲ
3334 5654 3423 5717 ἐπ’
3456 5662 3737 5733 ἀλλήλαις.

2339 5725 2628 5799 t8i)Vulgo
2647 5727 2705 5780 δέ
2736 5740 2790 5785 ει
2828 5725 3043 5801 ἕν’λεῷ.
