4032 6440
551 391 651 447 907
1011 375 1018 382 "
1256 380 1518 439 EUSEBll
1558 373 2028 433 CxESARlENSlS
2067 373 2426 430 OPP.‘PARS
2465 373 2548 428 tv.
2591 398 2662 414 -
2691 367 3112 425 DOGMATICA.
3678 367 3783 424 903

554 505 888 570 exhibet,-lis
930 503 1019 570 qui
1069 513 1162 568 per
1213 499 1381 568 ipsam
1412 496 1802 549 illuminantur.
1844 489 1949 544 Sed
1976 490 2100 544 illud

2218 487 2611 559 ρωτιζομένοις.
2670 484 2780 551 (88)
2848 481 3006 534 Ἀλλὰ
3057 480 3155 551 τὴν
3187 479 3390 549 μονάδα
3442 479 3576 548 φησὶ
3622 479 3784 549 Μάρ-

559 601 696 670 quod
728 568 1002 666 ponituria
1035 591 1304 654 Marcello,
1337 589 1617 643 monadem
1661 583 1971 654 operatione
2023 584 2107 637 di-

2218 579 2397 640 κελλος
2448 574 2696 646 ἐνεργείᾳ
2749 569 3140 633 πλατύνεσθαι,
3195 571 3289 622 ἐπὶ
3357 568 3452 637 μέν
3509 569 3784 637 σωμάτων

558 658 736 753 latari,
767 689 818 742 in
854 684 1168 752 corporibus
1220 681 1394 735 locum
1443 681 1633 741 habet;
1673 687 1726 729 at
1769 676 1832 729 de
1861 676 2107 743 incorpo-

2218 669 2391 741 χώραν
2425 667 2555 737 ἔχει,
2593 666 2686 718 ἐπὶ
2720 664 2776 716 δὲ
2814 663 2910 733 τῆς
2941 662 3230 732 ἀσωμάτου
3278 661 3372 713 καὶ
3424 658 3653 722 άλέκτου
3688 659 3788 711 καὶ

559 798 667 842 rea,
693 775 1038 833 inenarrabili
1076 783 1130 826 et
1157 771 1410 826 indicibili
1437 769 1734 823 substantia
1775 781 1959 819 verum
2005 781 2108 819 non

2218 759 2586 828 άνεκφράστου
2615 755 2796 818 οὐσίας
2818 754 2913 807 οὑκ
2931 753 3029 806 ἔτι.
3064 753 3198 807 Οὺδέ
3220 752 3328 822 γὰρ
3345 753 3402 804 ἐν
3434 749 3512 818 τῷ
3529 751 3785 820 ἐνεργεῖν

556 841 662 928 est,
725 872 906 940 Neque
959 868 1099 922 enim
1163 865 1414 919 dilatatur
1464 864 1516 916 in
1581 858 1870 928 operando,
1939 872 2110 926 neque

2218 853 2558 911 πλατύνεται,
2592 849 2699 901 οὐδ’
2725 850 2780 900 ἐν
2809 848 2885 917 τῷ
2915 847 2986 918 μὴ
3018 847 3258 914 ἐνεργεῖν
3282 843 3642 895 συστέλλεται·
3669 841 3787 894 οὐδ’⁸

556 963 892 1017 contrahitur
925 959 974 1011 in
1010 972 1115 1012 non
1146 956 1437 1025 operando,
1477 969 1645 1022 neque
1688 954 1921 1006 humano
1959 964 2110 1002 more

2218 946 2344 1008 ὅλως
2375 943 2572 1013 ὁμοίως
2606 939 2912 1010 ἀνθρώποις
2937 939 3166 1008 ἐνεργεῖ,
3192 936 3298 988 οὐδ’
3337 935 3537 1005 ὁμοίως
3564 931 3787 1004 ἀνθρώ-

555 1063 844 1122 operatur,
906 1058 997 1103 aut
1038 1049 1274 1102 humano
1323 1062 1472 1100 more
1517 1053 1904 1098 commovetur.
1970 1041 2107 1095 Deus

2218 1054 2332 1100 ποις
2359 1038 2582 1088 κινεῖται
2603 1050 2616 1062 ·
2646 1033 2811 1102 μονὰς
2840 1029 2895 1082 δέ
2923 1029 2998 1082 ὢν
3023 1029 3323 1098 ἀδιαίρετος
3350 1030 3378 1080 ό
3406 1026 3536 1090 Θεδς
3557 1026 3649 1078 τὸν
3686 1042 3791 1094 μο-

559 1148 673 1200 ideo
736 1159 854 1198 cum
895 1143 965 1196 sit
1008 1141 1231 1196 indivisa
1279 1140 1471 1201 unitas,
1515 1136 1704 1190 Filium
1767 1149 1921 1187 suum
1991 1133 2110 1186 uni-

2218 1128 2399 1197 νογενῆ
2415 1125 2576 1180 αὑτοῦ
2594 1125 2719 1176 Υίὸν
2753 1123 2812 1187 ἐξ
2839 1122 3028 1174 ἐαυτοῦ
3058 1121 3266 1189 ἐγέννα,
3301 1120 3361 1171 οὐ
3381 1117 3784 1190 διαιρούμενος,

557 1237 792 1305 genitum
819 1237 883 1288 de
914 1235 1090 1302 seipso
1134 1231 1406 1301 generavit
1439 1247 1452 1294 ;
1487 1246 1590 1283 non
1628 1231 1712 1282 ille
1756 1229 1974 1293 divisus,
2005 1241 2108 1279 non

2218 1219 2316 1272 οὐδ’
2339 1217 2640 1277 ἀλλοίωσιν,
2665 1217 2697 1284 ἢ
2729 1215 2952 1286 τροπὴν,
2984 1214 3016 1284 ἢ
3047 1212 3171 1282 ροὴν
3189 1251 3202 1273 ,
3231 1211 3263 1281 ἡ
3289 1228 3340 1262 τι
3372 1211 3539 1272 πάθος
3567 1208 3788 1277 ὑπομέο

554 1328 814 1382 alteratus
843 1344 856 1389 ;
898 1341 999 1378 non
1030 1323 1430 1378 conversionem
1463 1337 1648 1391 passus
1682 1336 1854 1389 neque
1884 1319 2105 1381 fluxum,

2218 1326 2333 1364 νων.
2364 1307 2496 1359 Οὑδέ
2522 1304 2628 1376 γὰρ
2658 1305 3025 1374 προστάττων,
3059 1301 3179 1352 οὐδὲ
3203 1299 3632 1368 ἐγκελευόμενος,
3655 1298 3792 1352 οὐδὲ

561 1427 654 1472 aut
693 1420 851 1472 alicui
891 1417 1157 1485 subjectus
1196 1413 1451 1484 passioni.
1493 1412 1674 1479 Neque
1726 1412 1867 1462 enim
1925 1408 2110 1477 praeci-

2218 1396 2514 1468 νομοθετῶν
2569 1395 2768 1464 ὁμοίως
2812 1393 3120 1463 ἀνθρώποις
3166 1390 3376 1460 γλώττῃ
3423 1389 3516 1443 καὶ
3573 1389 3793 1457 χείλεσι

540 1512 732 1578 μρίεης,
766 1523 933 1577 neque
964 1509 1254 1574 imperans,
1283 1519 1386 1558 non
1432 1503 1575 1570 leges
1639 1504 1880 1556 scribens
1927 1509 1982 1552 ut
2015 1502 2110 1552 bo-

2218 1488 2404 1549 λαλῶν,
2439 1485 2610 1540 ταῦτα
2640 1486 2897 1554 πράττει·
2931 1483 3048 1536 οὑδέ
3079 1500 3140 1550 γε
3179 1481 3396 1551 ἀφορῶν
3445 1481 3522 1542 εἰς
3551 1480 3652 1550 τὴν
3684 1478 3794 1531 τοῦ

2210 1580 2407 1641 παντὸς
2427 1579 2802 1648 διακόσμησιν,
2831 1575 3030 1644 ὁμοίως
3059 1577 3190 1644 ημῖν
3233 1572 3529 1643 ὀφθαλμοῖς
3565 1570 3799 1641 χρώμε-

557 1700 829 1759 cperatur,
861 1701 1034 1754 neque
1068 1662 1310 1754 respectu
1345 1684 1529 1738 habito
1581 1685 1643 1737 ad
1693 1692 1939 1736 ornatum
1989 1683 2107 1734 uni-

2218 1689 2295 1733 νος
2332 1670 2444 1739 (89)
2479 1668 2772 1729 ἐνατενίζει
2801 1668 2961 1719 ὃποτε
2997 1667 3090 1718 κα).
3114 1667 3179 1717 τὰ
3212 1666 3284 1735 μὴ
3326 1666 3452 1716 ὄντα
3488 1662 3797 1734 προλαϐὼν

557 1784 719 1846 versi,
769 1778 1054 1834 simillimis
1105 1777 1256 1830 nobis
1308 1775 1478 1829 oculis
1518 1776 1752 1828 intuetur
1801 1793 1812 1827 :
1861 1790 1981 1828 cum
2013 1788 2107 1842 per

2218 1767 2429 1836 ὲρρήτῳ
2445 1764 2538 1815 καὶ
2559 1761 2711 1829 θεῐκῇ
2738 1759 2982 1827 δυνάμει,
3011 1757 3084 1818 ὡς
3103 1758 3201 1826 ἤδη
3230 1757 3360 1808 ὄντα
3382 1755 3474 1807 καὶ
3495 1754 3800 1822 ὑφεστῶτα

560 1874 808 1926 virtutem
861 1885 1010 1924 suam
1054 1868 1466 1923 inenarrabilem
1508 1877 1561 1920 et
1600 1867 1832 1920 divinam
1876 1880 1936 1918 ea
1995 1881 2110 1935 qua:

2218 1859 2424 1928 θεωρεῖ.
2475 1855 2610 1907 Ἀλλ’
2657 1852 2776 1904 οὐδὲ
2828 1850 2994 1902 ποιῶν
3042 1850 3134 1902 καὶ
3186 1846 3528 1918 δημιουργῶν
3577 1844 3801 1914 ὁμοίως

558 1964 791 2016 nondum
829 1971 952 2014 sunt
1005 1961 1259 2030 producta
1289 1959 1629 2026 anticipando
1676 1958 1969 2018 intueatur,
2003 1971 2108 2010 non

2218 1951 2324 2010 τοῖς
2351 1947 2478 2018 παρ’
2516 1948 2646 2017 ἡμῖν
2695 1943 2963 2014 τεχνίταις
3013 1939 3481 2012 προῦποκειμένην
3524 1937 3654 2005 ὓλην
3685 1935 3800 1988 λα-

559 2068 711 2107 secus
737 2029 1032 2121 atquejam
1059 2050 1402 2104 subsistentia
1447 2059 1502 2103 et
1546 2051 1825 2118 producta.
1877 2047 1980 2102 Sed
2016 2063 2110 2102 ne-

2218 2037 2321 2090 6ὼν
2358 2038 2512 2109 χερσὶ
2570 2037 2660 2088 καὶ
2690 2034 2971 2096 δακτύλοις
3003 2032 3338 2084 τεκταίνεται
3384 2029 3522 2099 (90),
3554 2029 3801 2100 ἀρρήτῳ

558 2154 660 2206 que
690 2139 764 2197 is,
796 2147 855 2189 ut
882 2136 1019 2204 apud
1049 2150 1146 2188 nos
1171 2133 1406 2188 artifices
1439 2131 1645 2196 solent,
1673 2133 1725 2185 in
1759 2133 2031 2200 operando
2057 2141 2110 2184 et

2218 2131 2267 2182 δέ
2298 2130 2456 2182 πάλιν
2490 2131 2583 2182 καὶ
2605 2128 2978 2198 ἁκαταλήπτῳ
3010 2125 3234 2194 δυνάμει
3265 2123 3322 2189 ἐξ
3359 2125 3458 2176 οὐκ
3489 2123 3655 2175 δντων
3698 2125 3799 2186 εις

557 2228 788 2281 creando
806 2224 1078 2278 materiam
1097 2224 1551 2293 praeexsistcntem
1571 2222 1814 2274 manibus
1835 2230 2106 2288 acceptam

2218 2221 2271 2273 τὸ
2303 2217 2437 2273 εἶναι
2472 2220 2566 2290 τὴν
2601 2220 2705 2273 τῶν
2737 2218 2978 2288 γενητῶν
3025 2217 3276 2271 ἁπάντων
3321 2216 3659 2285 ὑπεστήσατο
3689 2214 3804 2267 οὐ-

557 2317 740 2386 digitis
769 2315 1085 2383 compingit,
1133 2313 1228 2367 sed
1276 2327 1371 2382 per
1428 2311 1756 2366 ineﬂ‘abilem
1813 2311 2008 2365 iterum
2058 2319 2110 2365 et

2218 2312 2352 2364 σίαν.
2383 2311 2516 2381 Ἤδη
2547 2307 2639 2365 οὖν
2666 2311 2840 2363 πάντα
2858 2309 3035 2377 λόγοις
3064 2310 3193 2379 ἡμῖν
3223 2307 3480 2378 ἀρρήτοις
3500 2305 3590 2358 καὶ
3616 2304 3800 2358 ἀσολ-

560 2404 1154 2473 incomprehensibilem
1203 2403 1456 2457 virtutem
1501 2417 1650 2456 suam
1679 2440 1693 2463 ,
1760 2415 1938 2454 rerum
1987 2415 2110 2468 pro-

2218 2403 2476 2470 λογίστοις
2511 2402 2702 2457 ἐποίει.
2733 2401 2876 2472 Τίδὴ
2910 2401 3017 2473 χρὴ
3032 2400 3299 2469 -ἀγωνιᾷν,
3340 2397 3413 2467 μὴ
3439 2396 3634 2466 ὁμοίοις
3666 2398 3799 2459 τοῖς

559 2498 837 2549 doctarum
865 2495 1103 2548 omnium
1141 2495 1493 2550 substantiam
1535 2493 1599 2546 ad
1631 2491 1759 2547 Esse
1789 2507 1940 2546 suum
1988 2506 2107 2560 per-

2218 2495 2424 2565 θνητοῖς
2441 2494 2596 2560 ζώοις
2620 2496 2789 2558 πάθος
2813 2513 2867 2548 τι
2894 2511 2959 2547 πε
2969 2495 3021 2566 ρ).
3036 2493 3206 2547 αὑτὸν
3229 2491 3474 2562 εἴποιμεν
3498 2489 3800 2559 γεγονέναι

558 2588 731 2640 duxit.
773 2588 948 2655 Atque
979 2589 1050 2639 ita
1088 2587 1301 2655 quidem
1338 2586 1516 2641 omnia
1543 2586 1719 2638 effecit
1748 2585 1856 2649 ille,
1894 2585 2110 2638 rationi-

2218 2588 2306 2640 ἐπὶ
2339 2589 2402 2657 τῇ
2435 2587 2529 2641 τοῦ
2562 2585 2692 2640 Υίοῦ
2726 2588 3010 2657 γεννήσει;
3043 2585 3149 2654 (91)
3189 2586 3254 2653 ἢν
3304 2584 3446 2654 ὑπὲρ
3477 2583 3651 2635 πάντα
3686 2583 3800 2633 καὶ

562 2681 659 2729 bus
691 2687 854 2744 atque
895 2676 1064 2730 modis
1098 2677 1553 2730 inscrutabilibns.
1591 2674 1727 2740 Quid
1756 2689 1854 2726 nos
1873 2674 2110 2728 sollicite

2218 2676 2320 2746 πρὸ
2352 2675 2565 2728 πάντων
2589 2676 2819 2747 ὑπέστη,
2850 2676 2909 2729 οὐ
2934 2676 3075 2729 κατά
3106 2693 3157 2728 τι
3189 2673 3296 2727 τῶν
3326 2676 3392 2744 τῇ
3433 2672 3638 2742 θνητῶν
3674 2673 3794 2740 φύ-

561 2769 678 2819 ideo
715 2769 1044 2828 laboramus,
1078 2775 1132 2817 ut
1163 2765 1390 2818 similem
1419 2765 1704 2832 quamdam
1730 2765 2029 2831 passionem
2055 2764 2106 2816 in

2218 2783 2302 2818 σει
2339 2767 2810 2837 συνεγνωσμένων,
2853 2767 2994 2820 κατὰ
3015 2766 3074 2819 δέ
3103 2766 3192 2818 τδν
3222 2764 3370 2835 αὐτῷ
3405 2765 3548 2834 μόνῳ
3576 2779 3798 2833 γνωρι-

561 2858 648 2909 illo
688 2855 1070 2926 imaginemur?
1102 2860 1158 2917 >3
1209 2856 1261 2908 in
1300 2855 1414 2907 Filii
1447 2855 1526 2908 sui
1570 2855 1946 2922 generatione,
1978 2868 2108 2921 qua-

2218 2856 2436 2928 ζόμενον
2459 2859 2658 2930 τρόπον
2674 2874 2690 2888 ·

561 2953 662 3006 lem
692 2954 740 3004 in
774 2952 982 3005 czrteris
1038 2951 1396 3003 animantibus
1427 2963 1440 3000 :
1471 2965 1629 3018 quam
1704 2949 1790 3002 ille
1841 2948 2056 3015 quidem
2119 2952 2520 3016 generationem
2596 2967 2758 3021 super
2812 2954 3014 3019 omnia,
3073 2962 3127 3005 et
3165 2963 3291 3007 ante
3335 2951 3514 3006 omnia
3559 2949 3798 3011 subivit,

561 3045 756 3096 nonad
819 3044 1032 3095 modum
1080 3051 1132 3094 et
1182 3043 1582 3110 proportionem
1627 3040 1865 3095 mortalis
1901 3050 2146 3106 natura;
2189 3045 2280 3097 sed
2335 3045 2488 3112 juxta
2519 3047 2733 3099 modum
2782 3046 2932 3099 illum
2968 3055 3128 3114 atque
3177 3045 3466 3108 rationem,
3498 3058 3615 3114 quae
3663 3055 3801 3096 erat

557 1601 729 1654 mines
771 1598 978 1659 solent;
1033 1610 1137 1649 non
1184 1594 1362 1663 lingua
1408 1593 1614 1646 locutus
1664 1602 1756 1644 aut
1807 1591 2106 1644 labiis'ista

563 3140 662 3202 ipsi
694 3139 790 3192 soli
827 3137 1040 3207 cognita
1069 3144 1122 3190 et
1147 3136 1440 3189 intellecta.

1169 3225 1318 3280 CAP.
1352 3225 1463 3278 Vll.

595 3341 869 3407 Quomodo
903 3339 1136 3391 Ecclesia
1185 3335 1364 3390 Patris
1399 3337 1661 3404 .prwdicat
1699 3337 2072 3391 monarchiam.

629 3519 914 3572 Enimvero
947 3517 1168 3579 vereris,
1203 3517 1272 3570 mi
1302 3516 1482 3580 homo,
1518 3516 1665 3580 illud,
1702 3531 1766 3570 ne
1794 3516 1836 3571 si
1867 3517 2001 3570 duas
2031 3515 2114 3568 fa-

558 3622 709 3665 teare
740 3612 1076 3679 bypostases,
1115 3610 1221 3662 duo
1250 3609 1432 3662 itidem
1466 3608 1724 3677 principia
1770 3609 2117 3662 subintrodu-

560 3718 670 3765 cas.
703 3711 756 3755 et
795 3717 823 3753 a
878 3699 1088 3754 deitatis
1147 3701 1221 3752 ita
1278 3699 1495 3752 excidas
1552 3699 1886 3751 monarcbia.
1929 3699 2114 3752 Discas

560 3807 706 3860 ergo,
734 3790 873 3859 quod
905 3804 1026 3843 cum
1056 3804 1212 3842 unus
1256 3789 1328 3842 sit
1366 3788 1481 3842 sine
1535 3787 1796 3857 principio
1843 3787 2115 3856 ingenitus

565 3882 726 3943 Deus,
758 3879 924 3933 Filius
951 3889 1124 3932 autem
1148 3879 1210 3932 de
1241 3878 1335 3932 illo
1361 3888 1751 3949 progeneretur
1779 3895 1793 3931 :
1821 3893 1989 3932 unum
2023 3892 2117 3931 ne-

544 3972 797 4025 cessario
826 3970 1142 4039 principium
1189 3969 1388 4031 fuerit,
1437 3969 1749 4022 monarchia
1802 3977 1856 4022 et
1890 3983 2113 4037 regnum

560 4079 758 4126 unum;
801 4077 920 4114 cum
953 4061 1250 4114 subscribat
1277 4062 1390 4129 ipse
1417 4060 1584 4112 Filius
1619 4069 1846 4127 paterno
1868 4058 2114 4128 imperio,

550 4164 615 4207 et
653 4152 992 4222 principatui.
1033 4149 1208 4219 Caput
1229 4153 1367 4203 enim
1397 4150 1597 4204 Christi
1629 4149 1768 4202 Dens
1796 4157 1901 4214 est,
1931 4163 2117 4203 secun-

563 4247 692 4298 dum
721 4245 1031 4312 Apostolum
1073 4262 1086 4297 :
1125 4244 1216 4298 sed
1244 4243 1445 4297 vereris
1479 4243 1830 4295 vehementer
1857 4254 1922 4295 ne
1951 4253 2113 4310 coga-

547 4337 720 4389 turis
768 4338 870 4389 duo
926 4335 1188 4404 principia
1240 4333 1416 4397 fateri,
1463 4331 1554 4401 qui
1594 4331 1731 4386 duas
1771 4332 2116 4386 confitebitur

559 4428 875 4496 hypostases
920 4426 1095 4479 Patris
1123 4431 1286 4492 atque
1319 4423 1437 4476 Filii
1478 4439 1492 4476 :
1538 4425 1631 4476 sed
1679 4429 1734 4475 et
1777 4421 1916 4475 istud
1945 4421 2115 4484 disce,

558 4520 696 4586 quod
728 4506 1004 4586 quiPatris
1030 4529 1081 4572 et
1111 4518 1230 4571 Filii
1281 4518 1599 4586 hypostases
1630 4513 1764 4568 duas
1785 4553 1799 4578 ,
1828 4513 1960 4567 duos
1993 4528 2116 4568 esse

664 4684 721 4741 53
762 4677 860 4730 Ed.
896 4675 1093 4741 Paris,
1129 4694 1246 4747 pag.
1280 4678 1406 4730 109.

2867 3222 3021 3277 ΚΕΦ.
3048 3225 3126 3276 Ζο.

2221 3330 2414 3398 Ὅπως
2452 3333 2490 3400 ἠ
2543 3333 2868 3400 Ἐκκλησία
2900 3331 3013 3419 τὴγ
3036 3333 3150 3386 -τοῦ
3176 3333 3404 3401 Πατρός
3451 3323 3804 3404 μοναρχίαν

2849 3418 3143 3471 κηρυττει.

2296 3513 2454 3566 Ἀλλὰ
2483 3513 2644 3586 φοσῇ,
2677 3510 2722 3569 ῶ
2753 3516 3026 3587 ἄνθρωπε,
3057 3515 3152 3585 μὴ,
3179 3515 3272 3568 δύο
3301 3516 3623 3580 ὑποστάσεις
3651 3519 3802 3586 διω-

2214 3605 2468 3675 λογήσας,
2495 3604 2588 3658 δύο
2620 3606 2794 3677 ἀρχὰς
2819 3606 3150 3674 εἰσαγάγοις,
3186 3606 3281 3659 καί
3306 3607 3406 3676 τῆς
3450 3599 3801 3680 μοναρχικῆς

2215 3698 2463 3769 θεότητος
2503 3699 2776 3761 ἐκπέσοις.
2823 3699 3075 3752 Μάνθανε
3107 3699 3304 3761 τοίνυν,
3345 3700 3420 3762 ὡς
3471 3701 3586 3763 ἑνὸς
3627 3701 3802 3768 ὄντος

2214 3792 2450 3861 άνάρχου
2475 3792 2577 3844 ικαὶ
2608 3792 2899 3862 ἀγεννήτου
2932 3791 3088 3854 Θεοῦ,
3121 3789 3215 3843 τοῦ
3248 3790 3310 3860 δὲι
3341 3791 3470 3844 Υίοῦ
3516 3792 3573 3857 ἐξ
3613 3794 3800 3849 αὑτοῦ

2215 3883 2631 3953 γεγεννημένου,
2667 3883 2761 3953 μία
2788 3881 2938 3936 ἔσται
2971 3883 3134 3954 ἁρχὴ,
3172 3883 3439 3953 μοναρχία
3471 3900 3528 3935 τε
3559 3884 3651 3936 καὶ
3679 3881 3802 3952 βα-

2218 3973 2388 4025 σιλεία
2422 3973 2518 4044 μία
2537 4013 2552 4037 ,
2581 3976 2702 4026 ἐπεὶ
2735 3973 2829 4027 καὶ
2853 3973 3012 4035 αὑτὸς
3049 3977 3077 4026 ό
3111 3974 3237 4036 Υἱὸς
3267 3973 3441 4045 ἀρχὴν
3479 3974 3800 4046 ἐπιγράφε-

2213 4064 2303 4116 ταὶ
2333 4064 2423 4116 τὸν
2452 4064 2614 4118 αὑτοῦ
2652 4064 2886 4133 Πατέρα.
2931 4064 3040 4134 (92)
3073 4065 3296 4135 Κεφαλὴ
3338 4065 3448 4136 γὰρ
3476 4065 3711 4136 Χριστοῦ
3765 4072 3802 4124 6

2214 4151 2342 4216 Θεὸς
2363 4192 2378 4216 ,
2409 4152 2550 4206 κατὰ
2585 4154 2675 4206 τὸν
2721 4153 3058 4210 ’Λπόστολον.
3107 4154 3264 4208 Ἀλλά
3291 4156 3548 4226 ἀγωνιᾷς,
3583 4156 3655 4227 μὴ
3683 4156 3800 4213 δύο

2214 4241 2368 4306 θεοὺς
2413 4243 2623 4316 ἀνάγκη
2778 4243 3177 4316 παραδέξασθαι
3209 4247 3300 4300 τὸν
3330 4246 3423 4300 δύο
3455 4248 3800 4315 ὑποστάσεις

2214 4337 2427 4408 Πατρός
2451 4340 2543 4392 καὶ
2571 4338 2700 4392 Υἱοῦ
2729 4335 2864 4393 εἶναι
2896 4335 3279 4409 ὁμολογοῦντα.
3318 4337 3476 4391 Ἀλλὰ
3497 4339 3597 4391 ικαὶ
3623 4337 3800 4396 τοῦτο

2214 4428 2445 4496 γίνωσκε
2467 4471 2482 4495 ,
2516 4431 2590 4493 ὡς
2621 4432 2649 4487 ὀ
2676 4430 2768 4485 δύο
2801 4430 3122 4493 ὑποστάσεις
3153 4429 3362 4501 Πατρὸς
3385 4429 3480 4482 καὶ
3509 4429 3639 4482 Υίοῦ
3667 4429 3797 4504 (9'5)

2212 4519 2334 4583 δοὺς
2366 4523 2464 4576 οὐκ
2501 4521 2865 4591 ἀναγκάζεται
2907 4522 3001 4575 δύο
3034 4521 3278 4592 πατέρας
3325 4521 3532 4585 είπετν,
3581 4523 3643 4574 οὐ
3683 4521 3798 4578 δύο

629 4839 735 4907 (88)
779 4840 952 4892 Ἀλλὰ
986 4838 1095 4904 τὴν
1121 4839 1371 4905 μονάδα,
1399 4846 1504 4907 etc.
1539 4836 1772 4906 Legend.
1835 4834 1949 4889 ἀλλ’
1989 4836 2016 4888 ὃ
2058 4852 2110 4888 τι

2218 4835 2412 4890 Christi
2445 4837 2778 4907 divinitatem
2830 4834 3029 4907 retulit,
3054 4833 3192 4907 quod
3211 4835 3286 4907 de
3314 4834 3796 4907 bomi'nqasgum-

557 4905 644 4961 aut
679 4905 884 4978 ἐπειδή.
925 4910 978 4959 In
1012 4923 1074 4959 eo
1107 4912 1249 4978 quod
1276 4912 1353 4959 ait
1397 4905 1697 4972 Marcellus,
1729 4921 1851 4959 nam
1880 4907 2101 4974 alioqui,

559 4980 734 5032 binlca
759 4976 1142 5031 est'senlentia.
1188 4976 1254 5028 Μ.

625 5050 736 5115 (89)
780 5045 1141 5106 Ἐνατενίζει.
1169 5045 1257 5099 Sic
1296 5045 1657 5099 scribendum.
1680 5045 1748 5100 Μ.
1775 5046 1901 5117 ιρι..
1930 5062 1981 5117 p.
2006 5048 2106 5102 {05

773 5186 1026 5254 Ἀρῤήτῳ
1073 5184 1140 5237 δὲ
1172 5184 1373 5256 πάλιν.
1439 5182 1498 5236 ln
1549 5185 1818 5251 operando
1871 5185 2108 5255 άρρητος

555 5269 690 5317 erat,
717 5254 790 5310 uti
819 5269 872 5317 et
907 5261 954 5307 in
989 5259 1258 5306 intuendo.
1292 5254 1358 5304 M.

626 5328 734 5397 (9i)
769 5329 871 5378 Ἢν
895 5324 1061 5393 ὺπέρ.
1095 5324 1276 5378 Potius
1307 5324 1384 5397 ὃν.
1407 5321 1571 5387 Quem
1594 5322 1807 5397 Filium
1833 5325 2105 5392 produxit.

558 5394 679 5448 llzec
711 5397 846 5448 scita
881 5410 1004 5448 sunt
1036 5409 1220 5447 contra
1259 5396 1511 5458 Arianos,
1557 5394 1678 5447 vide
1728 5395 1924 5447 Athan.
1982 5411 2106 5464 pag.

553 5467 677 5524 408.
709 5467 829 5519 ⁴409.
875 5466 916 5516 Μ
929 5505 940 5515 .

626 5536 733 5605 (92)
767 5534 1006 5602 Κεφαλὴ
1069 5536 1174 5605 γὰρ
1228 5533 1479 5605 Χριστοῦ
1525 5537 1558 5586 ὀ
1588 5535 1742 5599 Θεός.
1812 5533 1982 5605 Locus
2021 5542 2104 5588 est

553 5605 573 5660 l
610 5603 732 5660 Cor.
761 5622 833 5669 χι,
857 5606 910 5668 3,
947 5603 1206 5657 Ἐνταῦθα
1237 5603 1568 5674 ἐπιπηδῶσιν
1601 5606 1728 5674 ἡμῖν
1751 5605 1796 5656 oi
1818 5604 2100 5674 «ipsetxot,

557 5675 1175 5744 inqutithrysostoinus,
1202 5673 1491 5744 ἐλάττωσίν
1517 5673 1641 5744 τινα
1685 5675 1748 5726 ἐκ
1797 5673 1903 5725 τῶν
1945 5677 2099 5744 είρη-

553 5746 728 5812 μένων
787 5743 1137 5806 ἐπινοοῦντες.
1192 5746 1300 5800 Hoc
1347 5743 1478 5797 facit
1535 5743 1813 5807 Eusebius,
1868 5745 1992 5796 dum
2036 5743 2101 5798 ad

2219 4918 2310 4975 pto
2341 4904 2716 4974 usurpabafur.
2734 4903 2988 4975 Regulam
3019 4905 3179 4957 tradit
3211 4904 3359 4975 idem,
3382 4904 3509 4975 ibid.
3538 4903 3590 4956 in
3624 4902 3795 4959 Com-

2212 4973 2374 5055 ment.
2409 4973 2703 5055 adductum.
2749 4973 2906 5055 ’ρτάν
2951 4991 3002 5055 τι
3046 4975 3299 5055 ταπεινὸν
3350 4973 3589 5055 λέγεται,
3637 4976 3789 5042 μετὰ

2209 5045 2307 5114 τῆς
2332 5046 2528 5126 σαξκὺς
2558 5046 2706 5108 ὄντος
2739 5044 2920 5108 αὑτοῦ,
2952 5044 3051 5096 οὑκ
3084 5044 3327 5097 εὑτεΑεια
3368 5043 3464 5113 τῆς
3501 5043 3785 5114 θεότητος,

2209 5115 2344 5168 ἀλλὰ
2388 5133 2482 5184 της
2537 5115 2845 5184 οἰκονομίας
2898 5113 3192 5184 δεχομένης
3241 5114 3302 5166 τὸ
3345 5112 3554 5184 λεχθέν.
3603 5113 3786 5179 Quam

2213 5131 2344 5168 αΛΛα
2388 5133 2482 5186 της
2537 5131 2845 5184 οικονομιας
2898 5131 3192 5184 οεχομενης
3241 5131 3302 5166 το
3348 5131 3554 5184 Αεχοεν.
3603 5131 3785 5179 quam

2213 5186 2437 5262 tradidit
2457 5186 2754 5262 Αιίιιιηε-ἰιι.
2774 5186 2918 5262 hom.
2947 5192 3013 5262 de
3044 5183 3522 5262 huanangllnsti
3553 5195 3785 5262 natura:

2215 5255 2353 5307 Ὅσα
2379 5252 2473 5308 οὖν
2511 5253 2947 5376 εὐτελῖὲέήματα
2981 5253 3086 5307 ὑπὸ
3134 5252 3228 5304 τοῦ
3260 5253 3396 5305 Θεοῦ
3440 5252 3676 5322 εἴρηται.
3709 5255 3781 5324 τῇ

2219 5327 2456 5376 πτωνεία
2486 5325 2648 5376 αὑτοῦ
2772 5324 2944 5376 φέρει.
2985 5323 3089 5376 Sed
3121 5325 3317 5376 ubinue
3357 5324 3494 5376 hanc
3537 5323 3781 5376 regulam

2219 5327 2456 5396 πτωχείᾳ
2486 5325 2648 5378 αὑτοῦ
2681 5323 2944 5393 διαφέρει.
2985 5323 3089 5377 Sed
3121 5325 3317 5391 ubique
3357 5324 3494 5376 hanc
3537 5323 3781 5391 regulam

2218 5397 2378 5448 habet
2407 5410 2601 5460 susque
2629 5397 2800 5460 deque
2828 5394 3090 5448 Eusebius
3121 5410 3136 5445 :
3171 5408 3292 5458 nam
3325 5403 3379 5446 et
3399 5428 3417 5447 ,
3438 5394 3489 5444 in
3542 5407 3783 5460 sequen-

2219 5410 2378 5448 nanet
2407 5410 2601 5461 susque
2629 5410 2800 5462 aeque
2828 5410 3090 5448 Luscinus
3121 5410 3136 5445 :
3171 5410 3292 5458 nam
3325 5410 3379 5446 et
3399 5428 3417 5447 ,
3438 5410 3489 5444 In
3542 5410 3783 5460 sequen-

2215 5468 2354 5517 tibus
2390 5461 2933 5542 Ιοουιιιίιιιιιιιέοεεῖηἱ
2964 5479 3052 5525 xx,
3076 5462 3375 5542 ‘17_._eodem
3411 5464 3570 5542 modo
3606 5463 3783 5542 inter:

2248 5543 2450 5587 retatur
2475 5551 2488 5585 :
2530 5535 2586 5585 Ὀ
2619 5532 2714 5602 μέν
2754 5532 2816 5603 δὴ
2845 5532 2976 5596 Θεδς
3005 5533 3098 5598 καὶ
3132 5532 3341 5602 Πατὴρ,
3368 5533 3460 5583 καὶ
3488 5532 3781 5603 αὐτοῦτοῦ

2259 5604 2337 5656 tot)
2368 5603 2498 5666 Θεὸς
2520 5603 2615 5659 ὢν.
2641 5602 2911 5670 δείκνυται
2943 5620 2952 5652 :
2991 5603 3059 5656 ita
3086 5604 3230 5656 enim
3254 5618 3463 5669 opinor.
3490 5602 3778 5670 legendum

2207 5673 2674 5756 esttnglurilnfra
2818 5673 3117 5756 vulgl0_oim‘.
3142 5741 3175 5756 n
3445 5715 3464 5752 .0

2285 5745 2394 5814 (93)
2424 5739 2593 5814 Vulgo
2622 5736 2946 5812 θεοῦςίιυυῖι
2973 5743 3115 5796 delet
3142 5741 3178 5794 li
3207 5760 3220 5795 :
3258 5741 3467 5798 correxi
3497 5740 3620 5803 δοὺς
3648 5736 3775 5794 coll.
