4032 6512
1170 457 1265 516 DE
1304 457 1840 516 ECCLES‘IASTICA
1880 451 2278 513 THEOLOGIA
2309 453 2451 517 LIB.
2483 452 2550 508 ll.

3417 453 3526 510 91’)

252 589 427 652 υιούς·
474 581 608 640 ἀλλὰ
635 583 727 638 τὸν
758 579 854 652 μὲν
876 579 976 634 ἕνα
1002 577 1221 647 Πατέρα
1251 576 1432 638 δώσει,
1461 575 1549 630 τὸν
1574 575 1633 629 δὲ
1655 574 1842 646 ἕτερον

1957 573 2075 630 deos
2108 580 2350 635 statuet,
2380 586 2487 626 non
2510 569 2723 642 cogitur
2743 567 2901 626 fateri
2955 569 3089 624 duos
3114 577 3317 640 patres,
3352 585 3530 641 neque

259 681 409 735 Υἱόν.
472 678 628 731 Κατὰ
673 676 766 728 τὸν
807 673 965 726 αὑτὸν
1004 668 1096 724 οὖν
1140 669 1340 740 τρόπον
1386 669 1509 722 οὐδὲ
1553 666 1648 722 δύο
1689 666 1844 729 θεοὺς

259 774 474 846 ἀνάγκη
506 769 689 826 δοῦναι
717 767 807 820 τὸν
839 765 939 830 τὰς
971 764 1064 819 δύο
1091 765 1418 826 ὑποστάσεις
1445 761 1678 815 τιθέντα.
1709 759 1843 813 Οὐδὲ

257 865 369 938 γὰρ
399 863 670 932 ἰσοτίμους
697 859 866 922 αὑτὰς
891 857 1207 929 όριζόμεθα,
1235 856 1344 909 οὐδ’
1378 856 1544 925 ἄμφω
1576 853 1843 928 ἀνάρχους

260 959 357 1012 καὶ
399 954 725 1024 ἁγεννήτους
745 968 759 981 ⁶
801 951 938 1005 ἀλλὰ
983 951 1110 1022 μίαν
1157 949 1254 1020 μὲν
1288 947 1386 1019 τὴν
1423 946 1717 1015 ἀγέννητον
1751 945 1844 996 καὶ

263 1033 520 1118 ἄναρχον,
548 1044 778 1114 θατὲραν
803 1043 858 1096 δὲ
890 1042 1153 1112 γεννητὴν
1180 1041 1274 1093 καὶ
1303 1041 1477 1109 ἀρχὴν
1505 1037 1594 1091 τὸν
1627 1037 1846 1106 Πατέρα

269 1139 630 1208 κεκτημένην.
665 1136 756 1189 Διὸ
795 1137 889 1191 καὶ
917 1135 1078 1196 αὐτὸς
1123 1135 1151 1185 ὁ
1198 1133 1323 1195 Υἱὸς
1357 1133 1450 1184 καὶ
1485 1127 1677 1184 ἑαυτοῦ
1708 1124 1846 1180 εἶναι

269 1232 399 1286 Θεὸν
424 1231 514 1285 τὸν
540 1232 700 1286 αὑτοῦ
732 1230 946 1300 Πατέρα
966 1227 1223 1291 διδάσκει,
1252 1227 1308 1278 ἐν
1333 1219 1414 1287 οἷς
1444 1240 1576 1293 φησι
1595 1239 1608 1251 ·
1655 1220 1844 1288 Ἀγέρ-

264 1343 444 1399 χομαι
481 1324 631 1392 πρὸς
665 1322 770 1376 τὸν
800 1319 1030 1388 Πατέρα
1066 1337 1206 1388 μου,
1249 1317 1347 1371 καὶ
1388 1315 1622 1382 Πατέρα
1655 1311 1843 1381 ὑμῶν,

265 1418 363 1471 καὶ
396 1417 545 1470 Θεόν
563 1433 704 1484 μου,
744 1413 843 1466 καί
873 1412 1020 1465 Θεὸν
1052 1409 1240 1480 ὑμῶν.
1286 1409 1342 1461 Ὀ
1381 1407 1477 1478 μὲν
1504 1405 1568 1476 δὴ
1593 1404 1726 1466 Θεὸς
1754 1404 1847 1455 καὶ

265 1504 458 1574 Πατὴρ
489 1503 583 1555 καὶ
626 1500 790 1554 αὑτοῦ
829 1499 920 1552 τοῦ
963 1498 1091 1552 Υἱοῦ
1123 1499 1232 1567 (94)
1266 1497 1399 1559 Θεὸς
1442 1494 1516 1548 ὢν
1548 1494 1843 1548 δείκνυται.

265 1596 356 1649 Διὸ
378 1596 442 1667 δὴ
475 1591 554 1657 εἷς
584 1594 716 1658 Θεὸς
746 1596 810 1665 τῇ
849 1592 1139 1663 Ἐκκλησία
1165 1592 1274 1661 (95)
1308 1589 1400 1643 τοῦ
1428 1588 1556 1641 Υἱοῦ
1583 1586 1847 1659 κηρύττε-

261 1703 354 1740 ται
377 1726 392 1749 ,
427 1688 456 1740 ό
477 1685 537 1739 δὲ
567 1685 716 1749 Υἱὸς,
755 1685 843 1738 ὅτε
883 1685 980 1755 μὲν
1007 1684 1165 1747 αὑτός
1194 1680 1598 1754 παραϐάλλεται
1627 1679 1704 1749 τῷ
1734 1679 1848 1730 Πα-

263 1781 354 1850 τρὶ⁵
385 1779 486 1831 οὐκ
521 1776 596 1831 ἐτ’
641 1777 791 1831 ἕσται
819 1779 913 1830 καὶ
943 1776 1108 1830 αὐτοῦ
1137 1776 1232 1829 τοῦ
1276 1774 1487 1846 Πατρὸς
1529 1772 1683 1835 Θεὸς,
1731 1770 1847 1824 ἀλλ’

267 1871 395 1934 Υἱὸς
439 1871 730 1942 μονογενὴς
760 1871 854 1924 καὶ
893 1869 1176 1938 ἀγαπητὸς
1203 1867 1367 1920 αὑτοῦ
1390 1908 1405 1928 ,
1433 1867 1528 1920 xui.
1554 1864 1716 1919 εἰκὼν
1753 1863 1846 1916 τοῦ

1949 666 2084 721 ﬁlios
2114 666 2270 730 duos,
2299 664 2396 720 sed
2434 678 2599 717 unum
2647 677 2714 716 ex
2742 661 2814 716 iis
2835 660 3078 723 Patrem,
3115 661 3344 715 alterum
3390 679 3522 719 vero

1946 757 2204 813 concedet
2225 771 2347 812 esse
2375 754 2592 810 Filium.
2627 754 2712 809 'Ad
2757 754 3008 808 eumdem
3057 766 3273 823 quoque
3306 757 3526 808 modum

1946 864 2120 919 neque
2149 863 2373 903 necesse
2399 860 2483 902 est
2508 861 2632 901 eum
2664 847 2797 900 duos
2831 846 2961 899 deos
3010 843 3205 908 fateri,
3263 848 3352 918 qui
3392 848 3529 902 duas

1947 941 2227 996 admiserit
2268 940 2612 1010 hypostases.
2656 937 2789 991 Nam
2841 951 3016 1005 neque
3046 936 3164 992 ilius
3195 938 3400 994 honore
3430 954 3528 1008 pa-

1947 1050 2033 1090 res
2072 1027 2360 1104 ponimus;
2418 1044 2592 1100 neque
2620 1013 2806 1084 ambas
2827 1030 3094 1098 principio
3130 1038 3404 1098 carentes,
3435 1041 3532 1084 aut

1948 1127 2260 1198 ingenitas;
2299 1124 2396 1180 sed
2439 1137 2603 1176 unam
2640 1136 2705 1177 ex
2736 1121 2839 1175 illis
2873 1121 3192 1190 ingenitam,
3230 1125 3349 1176 sine
3375 1122 3530 1190 prin-

1948 1219 2092 1288 cipio
2119 1219 2471 1272 exsistentem
2498 1233 2513 1282 ;
2547 1215 2773 1268 alteram
2803 1229 2935 1268 vero
2958 1214 3218 1284 genitam,
3245 1213 3532 1270 etPatrem

1949 1313 2030 1366 sui
2063 1311 2230 1379 ipsius
2263 1309 2588 1377 principium
2623 1305 3016 1376 possidentem.
3061 1306 3428 1372 Quamobrem
3477 1316 3533 1360 et

1952 1402 2067 1471 ipse
2114 1400 2283 1454 Filius
2314 1397 2483 1452 Deum
2517 1412 2673 1451 suum
2723 1396 2881 1450 docet
2923 1409 3045 1450 esse
3082 1396 3297 1450 Patrem
3349 1412 3529 1460 suum,

1950 1491 2003 1544 in
2039 1489 2234 1561 quibus
2272 1489 2380 1554 ait,
2422 1485 2573 1541 Vada
2613 1489 2683 1540 ad
2733 1486 2947 1559 Patrem
2991 1502 3194 1550 meum,
3226 1496 3272 1538 et
3310 1485 3532 1541 Patrem

1945 1595 2178 1636 (vestrum
2209 1595 2228 1634 :
2263 1579 2430 1634 Deum
2484 1597 2657 1634 meum
2707 1591 2754 1633 et
2811 1579 2978 1632 Deum
3036 1579 3356 1632 oestrum".
3393 1579 3535 1634 Deus

1952 1685 2100 1729 certe
2128 1681 2183 1728 et
2207 1673 2389 1740 Pater,
2423 1672 2593 1743 ipsius
2620 1688 2836 1742 quoque
2865 1671 2991 1725 Filii
3025 1671 3167 1725 Deus
3214 1685 3336 1726 esse
3363 1673 3533 1727 doce-

1954 1778 2058 1822 tur.
2099 1767 2365 1834 Quocirca
2402 1781 2541 1820 unus
2572 1765 2712 1820 Deus
2755 1766 2898 1834 apud
2927 1765 3230 1820 Ecclesiam
3264 1767 3535 1834 praedica-

1957 1872 2064 1925 tur,
2096 1861 2218 1915 Filii
2250 1859 2430 1914 Pater.
2477 1858 2652 1913 Filius
2697 1871 2879 1913 autem
2931 1859 3148 1927 quando
3197 1871 3322 1912 cum
3377 1857 3538 1911 Patre

264 1961 400 2014 Θεοῦ
433 1962 525 2014 τοῦ
555 1962 809 2033 ἀοράτου,
837 1963 932 2015 καὶ
959 1961 1307 2032 ἀπαύγασμα,
1329 1963 1427 2032 τῆς
1460 1958 1735 2031 πατρικῆς
1761 1957 1848 2010 δό-

1957 1966 2323 2023 comparatur,
2361 1969 2466 2008 non
2519 1952 2630 2020 jam
2677 1951 2860 2005 Patris
2914 1950 3082 2022 ipsius
3121 1949 3260 2004 Deus
3311 1950 3533 2019 dicitur,

263 2051 366 2121 ξης
391 2067 404 2082 ’
443 2050 588 2104 σέϐει
616 2068 674 2104 τε
702 2053 796 2104 καὶ
822 2055 1138 2122 προσκυνεῖ,
1169 2051 1263 2105 καὶ
1287 2051 1498 2116 δοξάζει
1532 2053 1623 2104 τὸν
1656 2047 1848 2102 ἑαυτοῦ

1957 2049 2047 2101 sed
2082 2045 2254 2100 Filius
2287 2045 2630 2115 unigenitus,
2682 2057 2737 2099 et
2768 2043 3142 2120 dilectus'ejus
3186 2060 3202 2096 :
3245 2052 3299 2097 et
3352 2043 3537 2112 imago

259 2141 510 2213 Πατέρα,
563 2142 711 2197 Θεὸν
750 2143 914 2196 αὑτὸν
960 2143 1053 2198 καὶ
1104 2144 1323 2197 ἑαυτοῦ
1379 2143 1846 2214 ἐπιγραφόμενος·

1957 2138 2045 2192 Dei
2100 2136 2421 2199 invisibilis,
2466 2147 2522 2190 et
2573 2135 2987 2205 resplendenti'a'
3018 2145 3264 2204 paternae
3299 2134 3532 2205 gloriae:

266 2236 363 2288 καὶ
403 2233 658 2306 εὔχεσθαι
706 2236 1138 2307 ἀναγέγραπται,
1189 2231 1233 2304 ᾧ
1279 2237 1372 2289 καὶ
1421 2238 1751 2307 εὐχαριστεῖ,
1808 2228 1853 2304 ᾧ

1957 2232 2217 2293 honorat,
2263 2231 2452 2285 adorat
2482 2242 2538 2284 et
2562 2239 2853 2283 veneratur
2900 2243 3056 2283 suum
3093 2225 3336 2294 Patrem,
3368 2227 3538 2282 Deum

268 2327 367 2379 καὶ
413 2325 653 2396 ὑπήκοος
703 2329 865 2398 μέχρι
913 2328 1142 2381 θανάτου
1185 2328 1414 2396 γίνεται.
1473 2326 1756 2397 Ὁμολογεῖ
1792 2345 1852 2380 τε

1957 2337 2076 2378 eum
2107 2331 2160 2375 et
2200 2321 2370 2390 ipsius
2406 2321 2572 2375 Deum
2607 2322 2912 2376 inscribens
2954 2337 2968 2374 :
3006 2319 3092 2374 cui
3125 2321 3329 2390 gratias
3353 2333 3536 2389 agere,

255 2416 369 2489 ’ζῇν
399 2418 488 2472 διὰ
517 2418 608 2473 τόν
642 2420 890 2491 Πατέρα,
945 2421 1038 2485 καὶ
1080 2421 1247 2490 μηδὲν
1295 2420 1555 2474 δύνασθαι
1590 2421 1851 2493 πράττειν

1957 2419 2041 2469 cui
2083 2429 2271 2484 preces
2304 2413 2528 2470 fundere
2557 2416 2776 2479 dicitur,
2808 2414 2896 2468 cui
2945 2414 3205 2468 obediens
3249 2427 3421 2482 usque
3471 2414 3541 2466 ad

263 2509 400 2563 ἄνευ
433 2509 524 2564 τοῦ
559 2511 802 2582 Πατρὸς·
847 2513 939 2565 καὶ
967 2513 1041 2583 μὴ
1073 2513 1137 2565 τὸ
1169 2512 1364 2565 ἑαυτοῦ
1399 2512 1611 2582 θέλημα
1657 2516 1853 2578 ποιεῖν,

258 2601 406 2655 ἀλλὰ
439 2600 499 2654 τὸ
529 2600 624 2655 τοῦ
658 2603 892 2677 Πατρός.
921 2605 1082 2673 Λέγει
1115 2604 1158 2656 δ’
1190 2601 1281 2658 οὖν
1307 2594 1500 2668 αὑταῖς
1530 2605 1851 2670 συλλαϐαῖς

269 2690 395 2747 Ὅέι
421 2695 793 2766 καταϐέϐηκα
816 2696 885 2748 ἐκ
911 2696 1015 2748 τοῦ
1042 2697 1325 2763 οὐρανοῦ,
1352 2699 1464 2765 οὐχ
1497 2698 1596 2750 ἵνα
1622 2698 1857 2765 ποιήσω

258 2785 339 2838 τὸ
365 2784 594 2853 θέλημα
619 2785 686 2837 τὸ
705 2785 879 2854 ἐμὸν,
906 2785 1063 2839 ἀλλὰ
1092 2787 1159 2839 τὸ
1197 2786 1427 2856 θέλημα
1452 2787 1559 2841 τοῦ
1583 2786 1858 2856 πέμψαν-

267 2877 376 2941 τός
407 2891 516 2946 με·
557 2878 652 2930 καὶ
691 2874 877 2938 αὖθις·
925 2879 1007 2930 Οὐ
1046 2877 1304 2947 δύναμαι
1353 2877 1468 2947 ἐγὼ
1516 2879 1709 2932 ποιεῖν
1756 2881 1857 2932 ἀπ’

268 2972 536 3044 ἐμαυτοῦ
564 2972 744 3028 οὐδὲν
766 2990 781 3004 ·
815 2974 1009 3040 καθὼς
1042 2975 1259 3038 ἀκούω,
1295 2977 1495 3044 κρίνω,
1530 2975 1627 3028 καὶ
1674 2976 1711 3042 ἡ
1739 2975 1862 3043 κρί-

261 3081 374 3130 σις
405 3065 443 3132 ἡ
473 3065 589 3133 ἐμὴ
618 3064 818 3117 δικαία
859 3065 1014 3130 ἐστὶ,
1043 3065 1131 3118 ὅτι
1162 3069 1233 3119 οὺ
1263 3064 1412 3133 ζητῶ
1443 3067 1506 3119 τὸ
1535 3067 1765 3135 θέλημα
1793 3067 1860 3120 τὸ

263 3155 438 3226 ἐμὸν,
483 3156 645 3212 ἀλλὰ
684 3156 752 3212 τὸ
792 3157 1021 3226 θέλημα
1064 3158 1166 3211 τοῦ
1214 3159 1566 3227 πέμψαντός
1602 3177 1679 3228 με
1721 3159 1857 3228 (96).

264 3247 386 3302 Καὶ
414 3249 494 3301 ὅτι
533 3265 596 3316 γε
632 3249 826 3318 ¹ἔτερος
875 3245 942 3318 ἦν
992 3250 1020 3301 ό
1058 3250 1280 3319 πέμψας
1319 3251 1478 3303 αὑτὸν
1527 3253 1653 3322 παῤ
1698 3251 1860 3303 αὐτόν

270 3339 609 3409 παρίστησιν
661 3337 787 3407 ἑξῆς
829 3337 1038 3406 λέγων·
1088 3340 1222 3392 Ἐὰν
1263 3339 1380 3409 ἐγὼ
1413 3339 1693 3410 μαρτιιρῶ
1726 3341 1861 3410 περὶ

261 3429 553 3498 ἐμαυτοῦ,
583 3429 622 3497 ἡ
649 3432 947 3498 μαρτυρία
962 3447 1081 3498 μου
1107 3426 1221 3485 οὖκ
1247 3432 1419 3485 ἔστιν
1441 3432 1695 3499 ἀληθής.
1732 3434 1860 3485 Ἄλ-

265 3525 385 3586 λος
422 3521 595 3574 ἐστὶν
646 3525 680 3575 ὁ
726 3522 1045 3590 μαρτυρῶν
1087 3523 1222 3591 περὶ
1261 3524 1426 3592 ἐμοῦ,
1479 3519 1613 3576 Εἶτα
1649 3541 1859 3594 μνημο-

265 3613 470 3676 νεύσας
505 3614 601 3667 τοῦ
635 3614 953 3688 βαπτιστοῦ
975 3655 990 3679 ,
1039 3614 1130 3667 τὸν
1170 3612 1391 3688 Πατέρα
1428 3617 1680 3688 μάρτυρα
1722 3611 1861 3668 εἶναι

267 3673 749 3769 accessisse/nt,
788 3673 1046 3774 φάσκωνο
1096 3707 1208 3760 Καὶ
1265 3711 1296 3760 ὀ
1322 3673 1572 3776 suae,
1614 3673 1696 3776 'ﬂ.
1744 3711 1862 3760 Παο

270 3796 410 3865 τὴρ,
435 3797 618 3863 αὐτὸς
641 3799 1058 3866 μεμαρτύρηκε
1082 3798 1213 3868 περὶ
1238 3799 1404 3867 ἐμοῦ.
1428 3801 1536 3852 Καὶ
1565 3798 1860 3871 προστίθη-

269 3905 366 3943 σιν
384 3905 399 3917 ⁸
428 3890 495 3942 Et
519 3889 633 3959 (97)
656 3890 926 3958 ἠγαπᾶτέ
953 3909 1046 3960 με,
1070 3891 1323 3961 ἐχάρητε
1353 3892 1448 3955 ἂν,
1500 3892 1589 3945 ὅτι
1618 3893 1862 3960 πορεύο-

264 3997 381 4050 μαι
414 3981 566 4048 ,πρὸς
608 3981 714 4034 τὸν
749 3983 980 4051 Πατέρα
1004 4001 1015 4013 ·
1059 3984 1149 4036 ὅτι
1190 3987 1222 4037 d
1271 3984 1472 4052 Πατήρ
1501 4002 1621 4052 μου
1651 3983 1862 4052 μείζων

267 4070 393 4141 μοῦ
446 4073 598 4125 ἐστι.
643 4074 722 4124 Δι’
771 4067 846 4126 ὧν
890 4075 1142 4128 ἁπάντων
1177 4077 1360 4147 ἕτερον
1394 4078 1583 4129 ἑαυτὸν
1621 4075 1716 4128 τοῦ
1752 4077 1862 4129 Πα-

270 4162 406 4235 τρδς
429 4163 722 4217 δείκνυται.
767 4166 878 4218 Καὶ
910 4167 969 4218 τὸ
1002 4168 1267 4238 ὑπερέχον
1304 4172 1403 4238 τῆς
1432 4167 1592 4238 δόξης
1622 4167 1716 4220 τοῦ
1751 4169 1862 4220 Πα-

269 4256 404 4325 τρὸς
437 4257 724 4326 περίστησι
751 4257 840 4309 διὰ
863 4258 955 4310 τοῦ
982 4259 1072 4312 τὸν
1099 4260 1196 4330 μὲν
1226 4259 1624 4313 ἀπεσταλκέναι
1656 4260 1858 4328 λέγειν,

273 4347 470 4399 ἑαυτὸν
499 4348 556 4400 δὲ
594 4347 931 4401 ἀπεστάλθαι
953 4367 964 4378 ·
1007 4351 1101 4403 καὶ
1131 4353 1196 4402 ὲκ
1229 4349 1322 4403 τοῦ
1363 4349 1594 4422 οὐρανοῦ
1626 4349 1858 4420 κατελη-

1958 2518 2188 2562 mortem
2223 2507 2421 2562 fuerat.
2468 2513 2526 2570 ᾖ
2560 2508 2783 2561 Fatetur
2820 2501 2878 2560 se
2910 2507 3096 2561 vivere
3148 2521 3245 2576 per
3294 2504 3540 2568 Patrem,

1961 2615 2062 2653 nec
2106 2602 2395 2668 quidquam
2433 2616 2592 2669 posse
2620 2599 2800 2653 facere
2831 2598 2946 2653 sine
2977 2597 3170 2663 Patre;
3212 2613 3316 2652 non
3361 2613 3538 2659 suam,

1958 2692 2052 2746 sed
2081 2690 2262 2745 Patris
2292 2693 2624 2745 voluntatem
2659 2693 2856 2745 facere.
2891 2691 2980 2744 Ait
3008 2691 3204 2760 igitur,
3229 2703 3285 2744 et
3316 2691 3542 2745 totidem

1959 2789 2175 2856 quidem
2203 2787 2404 2854 verbis,
2439 2786 2591 2852 Quod
2618 2787 2684 2840 de
2719 2787 2845 2840 caelo
2882 2787 3161 2851 descendi,
3219 2805 3321 2840 non
3357 2777 3411 2840 ut
3450 2786 3543 2855 fa-

1956 2865 2485 2932 cerem'voluntatem
2519 2895 2719 2944 meam,
2766 2879 2855 2932 sed
2889 2879 3211 2933 voluntatem
3258 2879 3408 2947 ejus,
3452 2881 3548 2949 qui

1960 2973 2100 3024 misit
2128 2988 2208 3024 me
2231 2972 2296 3027 τ’.
2328 2971 2398 3025 Et
2425 2973 2621 3025 iterum
2661 2987 2674 3022 :
2712 2970 2838 3024 Non
2879 2986 3092 3041 possunt
3139 2987 3233 3041 ego
3261 2973 3435 3039 facere
3481 2974 3547 3024 de

1961 3065 2266 3130 memetipso
2315 3064 2654 3133 quidquam:
2711 3063 3156 3132 quemadmodum
3220 3066 3413 3130 audio,
3470 3064 3548 3118 ita

1952 3158 2182 3226 judico,
2230 3168 2275 3208 et
2325 3172 2496 3208 meum
2547 3157 2813 3222 judicium
2862 3168 3061 3208 rectum
3091 3166 3203 3219 est,
3261 3157 3386 3221 quia
3443 3173 3549 3208 non

1962 3266 2142 3314 quwro
2162 3249 2484 3304 voluntatem
2505 3263 2696 3311 meam,
2724 3250 2815 3302 sed
2841 3250 3164 3302 voluntatem
3208 3248 3424 3314 Patris,
3457 3253 3550 3317 qui

1961 3342 2106 3393 misit
2139 3355 2218 3393 me
2242 3337 2309 3393 ’⁸.
2343 3339 2521 3391 Alium
2551 3351 2682 3392 vero
2708 3336 2874 3393 fuisse
2900 3338 3113 3408 ipsum,
3164 3339 3330 3393 alium
3365 3349 3547 3394 autem

1963 3434 2054 3503 qui
2089 3433 2234 3486 misit
2257 3432 2452 3499 ipsum,
2482 3431 2640 3484 docet
2661 3431 2908 3499 inquiens
2949 3448 2962 3484 :
2996 3428 3055 3484 Si
3077 3447 3170 3498 ego
3189 3433 3549 3485 testimonium

1963 3527 2262 3594 perhibeam
2305 3525 2369 3578 de
2417 3526 2650 3592 meipso,
2691 3523 3053 3576 testimonium
3101 3540 3272 3577 meum
3316 3542 3418 3578 non
3471 3535 3550 3579 est

1965 3631 2178 3680 verum;
2209 3615 2347 3668 alius
2372 3626 2446 3668 est
2478 3614 2663 3685 qui'de
2693 3631 2772 3667 me
2795 3613 3108 3680 testiﬁcatur
3125 3613 3191 3667 7‘.
3217 3613 3547 3670 Mentionem

1965 3707 2161 3761 dehinc
2192 3702 2721 3776 Baptistaai‘aciens,
2763 3710 2976 3764 Patrem
3005 3727 3160 3765 suum
3223 3713 3300 3766 illi
3352 3722 3548 3768 testem

1963 3813 2083 3852 esse
2116 3811 2413 3864 asseverat,
2467 3801 2749 3869 inquiens,
2806 3801 2870 3854 Et
2907 3804 2998 3872 qui
3043 3820 3126 3856 me
3179 3804 3324 3858 misit
3362 3802 3544 3871 Pater,

1963 3889 2073 3954 ipse
2097 3889 2407 3957 testiﬁcatus
2436 3902 2510 3944 est
2549 3893 2614 3944 de
2639 3908 2719 3944 me
2740 3892 2809 3945 ".
2844 3893 3007 3946 Addit
3035 3905 3248 3946 autem:
3293 3892 3362 3947 Et
3393 3896 3439 3949 si
3471 3898 3548 3948 di-

1963 3981 2124 4050 ligitis
2159 3999 2260 4048 me,
2287 3984 2590 4051 gauderetis
2633 3983 2812 4052 utique
2849 3986 2987 4053 quod
3027 3989 3100 4038 ad
3133 3983 3345 4040 Patrem
3383 3989 3548 4057 proﬁ-

1963 4076 2151 4127 ciscor.
2189 4072 2456 4138 Quoniam
2505 4075 2672 4129 Pater
2727 4093 2807 4129 me
2863 4078 3041 4145 major
3088 4091 3164 4131 est
3207 4079 3272 4131 ⁷⁸.
3338 4077 3548 4146 Quibus

1962 4166 2212 4219 omnibus
2245 4168 2480 4222 ostendit
2531 4181 2590 4222 se
2629 4168 2795 4222 alium
2849 4184 2876 4222 a
2921 4169 3102 4236 Patre,
3159 4179 3215 4224 et
3259 4181 3542 4241 paternam

1961 4257 2186 4325 gloriam
2215 4259 2474 4328 majorem
2502 4259 2740 4315 insinuat
2761 4276 2915 4329 esse;
2945 4278 3066 4316 cum
3105 4277 3163 4318 se
3189 4265 3258 4319 ab
3293 4265 3383 4320 illo
3414 4267 3546 4321 mis-

1961 4365 2079 4401 sum
2122 4351 2302 4415 dicat,
2346 4366 2404 4405 se
2438 4367 2584 4428 vero
2628 4353 2696 4407 de
2739 4355 2877 4408 caelo
2925 4357 3312 4423 descendisse,
3351 4372 3455 4412 non
3487 4369 3547 4411 ut

272 4437 501 4507 λυθῆναι
527 4440 625 4509 οὐχ
658 4439 744 4493 ἵνα
777 4443 978 4513 ποιήσῃ
1019 4442 1080 4494 τὸ
1109 4442 1319 4512 θέλημα
1359 4443 1420 4494 τὸ
1465 4441 1682 4503 ἑαυτοῦ,
1726 4441 1853 4494 ἀλλὰ

1961 4455 2112 4492 suam
2147 4441 2476 4496 voluntatem
2515 4443 2718 4498 faceret
2740 4484 2754 4507 ,
2788 4447 2882 4500 sed
2915 4446 3247 4500 voluntatem
3278 4449 3419 4518 ejus,
3451 4451 3543 4517 qui

272 4529 338 4582 τὸ
380 4529 474 4583 τοῦ
515 4530 834 4600 πέμψαντος
874 4533 1056 4589 αὐτόν.
1115 4535 1225 4586 Καὶ
1276 4534 1326 4586 τί
1387 4535 1452 4586 ἂν
1509 4533 1645 4604 πρὸς
1690 4534 1853 4586 ταῦτα

1964 4530 2110 4583 misit
2153 4545 2299 4585 eum.
2350 4532 2490 4599 Quid
2540 4537 2607 4587 ad
2667 4536 2773 4590 ista
2809 4535 3188 4592 dicturusest
3234 4538 3545 4603 Marcellus,

272 4620 411 4690 φαίῃ
449 4620 557 4690 (98)
589 4621 924 4693 Μάρκελλος,
960 4623 1172 4678 ἀκούων
1211 4624 1303 4677 τοῦ
1340 4625 1763 4695 κατεληλυθότος
1799 4625 1853 4690 ἐξ

1963 4637 2083 4674 cum
2128 4637 2250 4675 eum
2279 4625 2370 4691 qui
2403 4627 2468 4679 de
2496 4626 2635 4680 ccclo
2667 4627 2982 4689 descendit,
3037 4630 3138 4682 ista
3186 4631 3301 4697 ipsa
3347 4631 3549 4686 docen-

273 4712 507 4782 οὐρανοῦ
538 4713 710 4767 ταῦτα
737 4717 1112 4781 διδάσκοντοςς
1153 4717 1228 4769 Οὐ
1273 4717 1381 4787 γὰρ
1421 4717 1590 4789 δήπου
1624 4719 1718 4770 καὶ
1761 4718 1853 4772 νῦν

1963 4724 2069 4768 tem
2104 4716 2310 4769 audiat.
2346 4716 2484 4780 Non,
2514 4721 2726 4788 opinor,
2757 4719 2884 4773 illud
2912 4711 3147 4787 allegare
3177 4723 3397 4790 poterit,
3429 4738 3552 4777 ear-

271 4807 376 4877 τὴν
406 4807 584 4876 σάρκα
610 4808 705 4860 τοῦ
738 4810 989 4881 Σωτῆρος
1019 4811 1189 4864 ταῦτα
1224 4813 1452 4880 φάσκειν
1484 4813 1617 4882 ἐρεῖ.
1649 4813 1722 4864 Οὐ
1746 4813 1853 4883 γὰρ

1966 4825 2086 4860 nem
2119 4809 2425 4864 Servatoris
2453 4812 2553 4865 hoc
2580 4813 2938 4880 prolocutam.
2993 4812 3105 4866 Non
3136 4816 3281 4867 enim
3313 4830 3446 4871 caro
3480 4817 3550 4870 de

272 4901 308 4967 ἡ
342 4897 480 4969 σὰρξ
507 4901 571 4952 ὲκ
597 4900 691 4952 τοῦ
722 4901 952 4971 οὐρανοῦ
987 4903 1336 4974 κατελήλυθε.
1373 4903 1508 4956 Τίνα
1537 4903 1710 4956 τοίνυν
1743 4906 1853 4974 ὲρεί

1966 4901 2105 4955 caelo
2133 4903 2434 4957 descendit.
2484 4905 2784 4970 Quemnam
2832 4919 2961 4973 ergo
3015 4905 3263 4960 dicturus
3317 4918 3424 4965 est.
3483 4908 3550 4961 de

386 5042 444 5098 ὦ
478 5037 574 5090 Ed.
611 5036 806 5102 Paris.,
851 5056 969 5108 pag.
1023 5039 1144 5094 HO.

379 5129 424 5160 "
453 5127 608 5183 Joan.
651 5147 740 5194 xx,
775 5133 862 5184 l7.

273 5261 629 5339 sequentibus
653 5277 708 5322 et
741 5269 923 5337 p.158
952 5269 993 5322 Β
1021 5271 1080 5323 ll
1121 5269 1297 5324 deleto
1343 5272 1518 5339 λέγων
1555 5272 1697 5339 quod
1733 5281 1856 5339 post

273 5337 408 5393 Υἱοῦ
440 5339 595 5409 vulgo
650 5339 864 5407 legitur.
919 5339 1098 5392 Possis
1138 5350 1192 5392 et
1240 5340 1352 5403 θεὶς
1405 5337 1694 5409 ὁοιιῇἰοέτθ,
1730 5337 1853 5395 cum

272 5425 398 5463 mox
428 5407 634 5461 τιθέναι
653 5423 929 5478 sequatur.
953 5409 1007 5461 in
1037 5425 1180 5464 corr.
1216 5409 1286 5463 Μ.
1315 5431 1335 5461 ‹
1371 5407 1532 5464 Forte
1551 5412 1705 5469 Θεοῦ.
1726 5415 1854 5464 etin

271 5479 632 5550 versionequi
649 5484 781 5550 duas
815 5482 865 5533 in
900 5480 1009 5534 Deo
1040 5481 1379 5550 hypostaseis
1412 5500 1426 5535 :
1457 5485 1733 5535 Arianizat
1773 5484 1857 5535 hic

271 5549 594 5672 utoyassim
659 5549 942 5607 Eusebius.
996 5569 1015 5601 ι
1075 5549 1146 5592 4-—
1203 5549 1324 5605 Mox
1377 5555 1538 5622 vulgo
1591 5553 1713 5604 οὐδὲ
1763 5553 1857 5605 δύο

271 5638 304 5670 υ
361 5635 444 5672 υς.

271 5635 444 5679 υιους.

345 5687 463 5758 (94)
487 5685 661 5754 Vulgo
689 5689 824 5742 Θεοῦ
860 5691 1006 5753 Υἱός.

347 5756 480 5830 (95)!
503 5759 613 5811 Τοῦ
656 5761 788 5813 Υὶοῦ
838 5763 1212 5830 κηρύττεται.
1257 5759 1524 5815 Utrumne
1553 5762 1852 5816 Ecclesium

279 5825 403 5900 Filii
431 5828 597 5900 dixit;
636 5844 702 5882 an
748 5832 880 5884 Θεὸν
905 5825 1023 5884 ’τοῦ
1082 5832 1237 5893 Υίοῦ.
1266 5834 1368 5886 hoc
1417 5835 1614 5900 potius.
1661 5834 1723 5885 Et
1779 5836 1858 5886 sic

271 5898 420 5972 forte
449 5899 602 5972 tleest
641 5900 1008 5972 hic_Ila.1:i1p;
1044 5906 1231 5956 Statim
1283 5895 1430 5972 lege,
1458 5895 1503 5969 ᾧ
1559 5904 1653 5954 καὶ
1703 5902 1856 5970 εὔχε-

271 5966 425 6023 σθαι.
462 5967 586 6025 Htec
614 5970 796 6025 omnia
830 5975 896 6028 de
923 5966 1061 6028 V‘ilio
1090 5966 1387 6029 secundum
1428 5966 1667 6028 divinam
1704 5966 1857 6026 ualu-

962 5133 1006 5162 "
1037 5130 1191 5187 Joan.
1243 5148 1319 5196 vr,
1371 5133 1460 5190 58.
1536 5133 1586 5164 "
1614 5133 1770 5187 Joan.
1812 5150 1867 5196 τ’,
1906 5132 1997 5188 50.

2073 5131 2120 5162 τι
2162 5131 2290 5186 ibid.
2335 5131 2424 5195 δι,
2468 5131 2556 5186 32.
2635 5134 2681 5164 τι
2707 5133 2838 5188 ibid.
2874 5135 2966 5190 a7.
3067 5135 3424 5204 "102mm.
3452 5138 3544 5196 98-

1963 5287 2076 5347 ram
2122 5271 2405 5347 proposuit
2439 5272 2808 5342 intelligenda,
2859 5284 2912 5328 et
2962 5286 3142 5330 tamen
3189 5278 3350 5331 etiam
3405 5280 3550 5347 apud

1961 5345 2140 5410 ipsum
2164 5343 2411 5415 quaedam
2447 5358 2593 5415 sunt.
2631 5359 2750 5410 quae
2781 5347 2847 5397 de
2905 5347 3125 5400 homine
3180 5365 3405 5415 prorsus
3442 5343 3546 5403 ca-

1965 5411 2320 5534 ;iiluntttr.bl|ta
2378 5413 2514 5466 ludit
2567 5415 2654 5467 hic
2703 5426 2893 5469 auctor
2922 5411 3192 5481 ὕπουλος(
3237 5429 3291 5472 et
3340 5420 3552 5489 σαπρὸς

1966 5501 1995 5534 U
2041 5499 2181 5534 "Ille.
2285 5522 2296 5531 .

1966 5486 2181 5537 ubione.
2228 5486 2296 5534 bl.

2035 5501 2296 5624 ἐξίέῗὶίέξ
2313 5551 2402 5604 ὅτι
2434 5570 2500 5620 γε
2529 5553 2729 5619 ἕτερος
2749 5549 2851 5622 ἦν,
2886 5554 2999 5606 hmo
3025 5569 3056 5604 e
3084 5554 3271 5608 codice
3301 5556 3545 5624 supplevi

1966 5623 2220 5700 Bihliolh.
2263 5622 2568 5700 Eodlenanze
2599 5627 2769 5700 altero
2799 5625 3078 5700 2-de_erant
3106 5628 3248 5679 enim
3270 5625 3362 5700 _in_
3401 5622 3542 5700 inoo,
3593 5680 3612 5700 .

1964 5711 2131 5762 usque
2148 5699 2234 5752 ad,
2262 5692 2446 5746 Ταῦτα
2458 5695 2566 5764 γὰρ
2578 5693 2888 5748 οῐετθαιτὸν
2901 5694 3142 5764 Πατέρα,
3163 5696 3452 5748 exclusive.
3474 5697 3542 5749 ill.

2057 5766 2147 5832 97)
2195 5764 2359 5831 Vulgo
2383 5765 2654 5831 ἀγαπᾶτε.

2054 5835 2145 5898 98)
2174 5836 2344 5902 Vulgo
2388 5836 2416 5886 ὁ
2472 5835 2540 5887 Μ.
2567 5846 2620 5887 et
2653 5835 2790 5889 infra
2821 5834 3102 5904 ὲπελέγξει
3137 5843 3192 5890 et
3224 5837 3318 5889 καὶ
3355 5837 3542 5900 καθὼς

1960 5909 2021 5960 τὸ
2048 5906 2258 5978 θέλημά
2295 5923 2395 5976 μου
2422 5917 2475 5961 et
2505 5905 2751 5977 συμφθῆ.
