4032 6436
568 423 674 478 915

1235 426 1505 485 EUSEBII
1538 426 2005 484 CESARIENSIS
2042 426 2191 481 ()PP.
2235 427 2410 483 PARS
2448 429 2535 482 IV.
2575 460 2645 470 -—
2683 427 3106 484 DOGMATICA.

3705 430 3801 488 9i6

578 564 596 595 ι
644 551 840 612 cenda,
867 547 1124 615 processit
1152 560 1273 600 cum
1318 546 1583 603 eﬂ‘ectuali
1622 547 1857 602 efficacia
1896 549 2125 602 Verbum

2240 548 2454 619 γράφων
2474 566 2485 577 ·
2531 567 2547 598 ι
2587 549 2699 617 Πρὸ
2739 547 2845 616 7&9
2872 545 2966 598 τοῦ
2995 547 3086 599 τὸν
3116 546 3318 616 κόσμον
3356 542 3515 605 εἶναι.
3544 540 3615 617 ἦν
3642 548 3671 599 6
3703 548 3797 601 Λό-

580 659 599 690 ι
646 641 787 708 quod
822 639 993 693 Patris
1017 650 1155 693 erat.
1188 658 1205 691 ›
1242 642 1411 706 Quam
1455 642 1699 697 eamdem
1739 641 1953 694 demum
2001 656 2127 695 sen-

578 731 797 783 tentiam
854 732 1158 798 espressius
1238 734 1308 784 ita
1350 732 1561 801 posuit:
1600 731 1691 803 [R.
1737 729 1868 795 LIV,
1901 732 2025 787 coll.
2061 731 2124 785 41

577 822 638 889 1),
670 821 771 874 165
806 821 872 884 Α,
916 822 1016 875 164
1054 822 1137 893 Β.]
1178 840 1196 872 ι
1237 822 1371 877 Cum
1412 824 1643 878 nondum
1708 832 1853 876 esset
1898 824 2129 876 mundus

578 931 597 963 ε
645 913 752 977 hic,
790 911 1021 968 Verbum
1057 926 1173 969 erat
1203 916 1255 969 in
1288 916 1450 971 Patre
1476 932 1572 969 suo
1604 936 1615 971 :
1656 922 1713 980 ἧς
1753 926 1809 969 at
1853 930 1976 969 cum
2020 914 2130 967 Deo

576 1023 594 1054 ι
641 1005 997 1073 complacaret
1040 1008 1389 1075 omnipotenti
1432 1024 1615 1063 creare
1658 1008 1836 1062 omnia
1881 1023 2006 1077 quae
2075 1008 2129 1061 in

578 1113 596 1143 ι
643 1095 795 1149 caelis
821 1106 1056 1151 erantet
1094 1097 1147 1150 in
1176 1108 1337 1162 terra,
1381 1098 1445 1151 ad
1476 1099 1658 1152 mu‘ndi
1712 1098 2128 1167 productionem

576 1205 595 1236 ι
644 1188 1019 1253 requirebatur
1061 1190 1305 1257 operatio
1350 1188 1615 1243 effectiva.
1676 1189 1743 1244 Et
1784 1206 1905 1244 cum
1936 1202 2132 1258 praeter

577 1298 595 1328 ι
649 1278 814 1332 Deum
862 1280 1037 1334 solum
1089 1296 1191 1334 non
1244 1290 1485 1335 exstaret
1539 1282 1676 1337 alius
1723 1282 1869 1354 (nam
1915 1283 1984 1337 ab
2018 1284 2132 1352 ipso

577 1390 594 1419 ι
644 1371 815 1427 fuisse
847 1373 1061 1427 condita
1094 1372 1344 1426 universa
1377 1374 1433 1427 in
1467 1374 1718 1428 confesso
1750 1376 1987 1444 ponitur)
2020 1388 2130 1430 tum

577 1481 597 1512 ι
640 1465 940 1532 procedens
960 1461 1195 1517 Verbum
1230 1462 1380 1527 illud,
1411 1465 1550 1532 quod
1590 1466 1737 1534 prius
1786 1464 2131 1520 intellectuali

576 1574 600 1607 ι
650 1555 806 1611 modo
832 1555 975 1609 intus
1015 1554 1228 1621 agebat,
1281 1558 1615 1623 comparavit
1644 1573 1702 1611 se
1733 1567 1792 1611 ut
1823 1558 2007 1613 mundi
2039 1558 2136 1614 fie-

582 1665 601 1695 ι
650 1655 733 1701 ret
767 1647 1032 1709 conditor,
1065 1664 1084 1697 ι
1114 1645 1382 1701 subinfert
1406 1657 1586 1701 autem
1628 1657 1746 1717 post
1786 1649 1902 1703 haec
1953 1648 2135 1703 omnia

575 1736 815 1788 demum.
856 1752 876 1785 ι
910 1732 1063 1793 Hanc
1095 1732 1165 1788 ob
1206 1736 1446 1801 causam,
1506 1750 1611 1790 non
1659 1738 1893 1807 appellat
1936 1752 1996 1792 se
2039 1738 2131 1792 Dei

579 1845 599 1878 ι
644 1826 861 1889 Filium,
894 1826 987 1881 sed
1016 1828 1214 1895 ubique
1254 1842 1311 1882 se
1342 1838 1498 1883 vocat
1540 1829 1707 1883 lilium
1765 1830 2042 1884 hominis:
2074 1840 2132 1883 ut

580 1938 598 1968 α
644 1932 739 1986 per
767 1917 905 1972 hanc
930 1933 1080 1972 suam
1110 1918 1499 1973 confessionem
1538 1935 1659 1972 eum
1687 1923 1777 1990 qni
1804 1930 1922 1974 erat
1945 1922 2126 1989 homo,

580 2029 599 2056 ι
646 2024 741 2079 per
780 2010 1213 2064 communionem
1264 2023 1384 2064 cum
1418 2008 1597 2065 Verbo
1636 2009 1826 2066 Filium
1868 2012 1961 2066 Dei
2010 2027 2129 2069 esse

579 2122 598 2153 ι
645 2102 1000 2171 disponeret:
1032 2112 1085 2157 et
1112 2113 1485 2158 consummato
1511 2102 1613 2158 hoc
1659 2119 1760 2159 suo
1802 2119 1989 2174 opere,
2026 2106 2125 2160 ite-

580 2213 598 2245 ι
650 2210 766 2249 rum
807 2195 944 2263 ipse,
981 2194 1128 2247 velut
1168 2193 1403 2248 Verbum
1432 2194 1751 2248 aduniretur
1781 2195 1893 2251 Deo
1920 2212 1936 2259 ;
1961 2196 2042 2252 sic
2073 2207 2133 2250 ut

578 2304 597 2336 ο
646 2284 960 2354 adimpleret
996 2285 1122 2339 illud
1162 2286 1302 2353 quod
1330 2286 1618 2352 Apostolus
1648 2286 1883 2346 dicebat.
1911 2285 2059 2341 Tunc
2082 2298 2131 2344 et

579 2396 599 2428 ι
644 2379 753 2445 ipse
800 2376 1105 2445 subjiciatur
1141 2388 1209 2440 et,
1245 2378 1335 2448 qui
1366 2378 1466 2445 ipsi
1506 2378 1687 2432 omnia
1741 2380 1959 2449 subjecit
1999 2380 2129 2445 Deo,

579 2487 599 2519 ι
642 2478 695 2521 ιιι
726 2469 793 2521 sit
829 2466 964 2520 Deus
997 2469 1173 2521 omnia
1200 2468 1253 2519 in
1276 2469 1513 2520 omnibus
1536 2468 1601 2521 ⁸⁸.
1635 2465 1788 2522 Tunc
1815 2478 1996 2523 autem
2018 2486 2134 2525 om-

579 2579 599 2609 ι
644 2560 731 2613 nia
762 2561 910 2623 ﬁent,
943 2574 1062 2629 qua:
1090 2560 1241 2629 prius
1265 2558 1501 2613 fuerant.
1529 2578 1547 2612 ι
1580 2558 1706 2615 Ηιεο
1729 2575 1848 2615 cum
1870 2562 1936 2616 de
1960 2559 2134 2617 Verbo

575 2649 861 2706 Marcellus
890 2652 1155 2706 edisserat
1176 2689 1193 2717 ,
1225 2650 1317 2706 illo
1347 2652 1600 2706 nimirum
1634 2660 1854 2721 propter
1880 2653 2023 2720 quod
2055 2653 2135 2707 lo-

574 2745 721 2811 gicos
758 2743 899 2797 Deus
938 2742 1155 2809 dicitur,
1194 2743 1248 2798 in
1288 2744 1553 2799 maximas
1600 2745 1794 2798 incidit
1829 2746 2133 2814 angustias,

2237 661 2254 691 ι
2302 658 2395 709 γος
2430 642 2486 692 tv
2520 640 2597 711 τῷ
2627 642 2797 713 Πατρί
2816 659 2828 671 ·
2861 642 2948 693 ὅτε
2986 640 3042 693 δὲ
3077 640 3154 711 (8)
3182 643 3211 693 6
3244 639 3644 711 παντοκράτωρ
3677 638 3799 703 Θεὸς

2236 750 2255 782 ι
2303 732 2477 784 πάντα
2509 733 2579 786 τὰ
2618 749 2677 784 τε
2725 734 2782 786 tv
2830 733 3076 803 οὐρανοῖς
3125 732 3221 784 καὶ
3266 732 3357 783 ἐπὶ
3406 734 3511 801 γῆς
3545 729 3801 801 προέθετο

2237 840 2256 872 ι
2301 822 2545 890 ποιῆσαι,
2594 822 2873 893 ἐνεργείας
2918 824 2950 893 ὴ
3000 820 3093 874 τοῦ
3132 820 3335 891 κόσμου
3377 820 3592 890 γένεσις
3636 820 3801 873 ἐδεῖτο

2237 932 2257 965 ι
2303 913 2630 985 δραστικῆς,
2675 916 2767 968 καὶ
2811 914 2897 968 διὰ
2928 912 3118 976 τοῦτο,
3156 913 3383 983 μηδενὸς
3423 912 3579 975 ὄντος
3617 910 3799 983 ἑτέρου

2239 1024 2257 1056 ι
2303 1005 2440 1076 πλὴν
2471 1004 2605 1058 Θεοῦ
2657 1006 2673 1077 (
2698 1007 2873 1059 πάντα
2902 1004 3011 1076 γὰρ
3037 1004 3373 1075 ὁμολογεῖται
3404 1004 3494 1057 ὑπ’
3518 1002 3687 1057 αὐτοῦ
3712 1019 3803 1070 γε-

2238 1116 2257 1147 (
2302 1096 2652 1168 γεννῆσθαι),
2693 1099 2811 1151 τότε
2845 1098 2874 1151 ὁ
2906 1094 3408 1166 Λόγος,προελθὼν
3455 1096 3670 1163 ἐγίνετο
3712 1094 3799 1148 τοῦ

2238 1207 2256 1238 ι
2299 1189 2503 1259 κόσμου
2557 1190 2805 1259 ποιητὴς,
2856 1192 2885 1242 ὁ
2937 1189 3031 1241 καὶ
3087 1188 3348 1260 πρότερον
3400 1187 3547 1241 ἔνδον
3601 1184 3802 1256 νοητῶς

2238 1300 2257 1332 ι
2303 1281 2605 1352 ἐτοιμὰξων
2634 1282 2815 1338 αὐτόν.
2854 1302 2873 1334 ι
2908 1282 3017 1334 Καὶ
3047 1276 3203 1345 αὖθις
3239 1280 3376 1352 μετὰ
3407 1280 3587 1333 πάντα
3618 1277 3807 1347 ἐπιφό-

2238 1388 2318 1441 ρει
2361 1371 2564 1439 λέγων·
2599 1390 2618 1422 ι
2666 1373 2776 1425 Kal.
2812 1372 2899 1425 διὰ
2943 1371 3098 1425 τοῦτο
3126 1372 3225 1442 οὐχ
3253 1371 3384 1424 Υίὸν
3428 1368 3564 1423 Θεοῦ
3614 1368 3803 1423 ἑαυτὸν

2238 1484 2256 1516 ι
2300 1463 2572 1534 ὀνομάζει,
2617 1463 2752 1518 ἀλλὰ
2790 1464 3067 1541 πανταχοῦ
3118 1464 3245 1517 Υἰὸν
3280 1462 3567 1535 ἀνθρώπου
3616 1460 3804 1515 ἑαυτὸν

2238 1575 2258 1608 ι
2304 1556 2450 1624 λέγει
2474 1573 2489 1586 ·
2524 1557 2610 1610 ἵνα
2648 1555 2737 1609 διὰ
2769 1556 2870 1625 τῆς
2900 1556 3157 1627 τοιαύτης
3205 1554 3496 1626 ὁμολογίας
3526 1553 3678 1607 Θέσει
3716 1551 3803 1606 τὸν

2240 1666 2259 1700 ι
2301 1648 2583 1719 ἄνθρωπον
2638 1648 2727 1704 διὰ
2776 1649 2876 1720 τῆς
2928 1648 3066 1720 πρὸς
3118 1647 3279 1701 αὐτὸν
3338 1647 3628 1711 κοινωνίας
3680 1646 3806 1700 Υίὸν

2241 1760 2260 1793 ι
2306 1740 2439 1793 Θεοῦ
2473 1740 2725 1810 γενέσθαι
2760 1741 3156 1814 παρασκευάσῃ
3178 1759 3191 1771 ’
3242 1740 3336 1794 καὶ
3374 1739 3514 1809 μετὰ
3566 1738 3631 1791 τὸ
3658 1738 3807 1801 τέλος

2241 1854 2259 1885 ι
2303 1834 2401 1905 τῆς
2438 1832 2689 1905 πράξεως
2734 1830 2917 1897 αὖθις,
2952 1834 3028 1897 ὡς
3080 1833 3283 1901 Λόγος,
3329 1831 3503 1903 ἑνωθῇ
3543 1829 3625 1903 τῷ
3667 1830 3807 1902 Θεῷ,

2236 1943 2253 1975 ι
2301 1923 2521 1995 πληρῶν
2550 1925 2725 1976 ἐκεῖνο
2764 1923 2825 1976 τὸ
2853 1923 2957 1977 ὑπὸ
2984 1922 3076 1976 τοῦ
3132 1921 3450 1975 ’Λποστὸλου
3496 1921 3805 1993 εἰρημένον.

2235 2035 2253 2067 ι
2308 2016 2444 2070 Τότε
2470 2015 2654 2081 αὐτὸς
2678 2014 3121 2085 ὑποταγήσεται
3155 2014 3237 2081 τῷ
3258 2013 3625 2078 ὑποτάξαντι
3651 2010 3809 2077 αὐτῷ

2236 2128 2253 2160 ι
2296 2109 2368 2162 τὰ
2393 2107 2609 2174 πάντα,
2636 2108 2737 2161 ἵνα
2756 2103 2800 2179 ᾖ
2825 2108 2898 2162 τὰ
2926 2109 3124 2161 πάντα
3150 2107 3250 2161 καὶ
3268 2106 3339 2160 ἐν
3361 2103 3554 2161 πᾶσιν
3577 2108 3611 2160 ὀ
3643 2106 3805 2172 Θεός.

2236 2216 2256 2250 ι
2306 2198 2498 2251 Ἔσται
2537 2197 2646 2269 γὰρ
2674 2195 2975 2267 τηνικαῦτα
3010 2197 3158 2250 τοῦθ’
3190 2198 3326 2260 ὅπερ
3368 2196 3633 2268 πρότερον
3660 2190 3753 2267 ἦν.
3786 2214 3805 2247 ι

2234 2288 2479 2341 Τοσαῦτα
2524 2287 2843 2358 Μάρκελλος
2890 2288 3018 2361 περὶ
3054 2285 3145 2341 τοῦ
3178 2286 3356 2354 Λόγου
3389 2284 3595 2351 είτοὼν,
3623 2286 3723 2340 τοῦ
3756 2286 3813 2339 tv

2236 2379 2313 2450 τῷ
2352 2379 2491 2450 Θεῷ,
2536 2379 2655 2432 καθ’
2688 2378 2717 2431 ὁ
2745 2378 2976 2450 νοοῦμεν
3023 2379 3185 2433 αὑτὸν
3218 2377 3436 2444 λογικὸν
3468 2372 3639 2441 εἶναι,
3669 2375 3814 2447 δεινῇ

2237 2470 2511 2542 δυσχωρία
2531 2470 2936 2543 περιπέπτωκε,
2964 2469 3240 2541 τολμήσας
3264 2470 3420 2533 ἐκτὸς
3442 2468 3534 2523 τοῦ
3558 2466 3699 2522 Θεοῦ
3731 2484 3819 2535 γε·

2238 2562 2450 2630 γονέναι
2497 2562 2629 2615 ποτὲ
2685 2562 2850 2633 φάναι
2882 2562 2973 2616 τὸν
3013 2565 3071 2615 tv
3112 2561 3263 2634 αὐτῷ
3282 2562 3480 2632 Λόγον,
3515 2560 3614 2615 καὶ
3655 2560 3817 2613 πάλιν

2239 2653 2387 2717 ἐντὸς
2419 2653 2582 2707 αὐτοῦ
2614 2654 2750 2726 μετὰ
2778 2655 2867 2708 τὸν
2900 2655 3088 2727 καιρὸν
3120 2657 3219 2726 τῆς
3257 2654 3509 2726 κρίσεως
3549 2653 3618 2707 ἵν’
3648 2652 3820 2715 οὕτως

2238 2743 2273 2821 ᾖ
2308 2750 2365 2801 tv
2393 2746 2471 2817 τῷ
2496 2746 2615 2820 Θεῷ
2645 2748 2864 2813 ἑνωθεὶς
2897 2743 3067 2820 αὐτῷ,
3093 2748 3283 2820 ὥσπερ
3310 2748 3406 2801 καὶ
3430 2747 3701 2821 πρότερον
3730 2742 3818 2817 ἦν.

574 2849 735 2888 ausus
769 2831 1038 2887 afﬁrmare
1070 2843 1226 2888 extra
1254 2833 1420 2887 Deum
1462 2834 1792 2903 processisse
1830 2834 2123 2904 aliquando
2162 2840 2254 2905 qui
2305 2839 2358 2892 in
2397 2840 2505 2893 Deo
2542 2850 2661 2894 erat
2696 2839 2858 2908 logon
2896 2859 2909 2893 :
2942 2850 3000 2895 et
3059 2853 3250 2895 rursus
3308 2848 3432 2909 post
3460 2839 3655 2909 iudicii
3684 2848 3821 2893 tem-

573 2943 674 2998 pus
732 2927 897 2981 Deum
930 2928 1103 2982 denuo
1175 2927 1590 2998 ingressurum:
1626 2935 1686 2982 ut
1755 2928 1827 2981 ita
1862 2928 2081 2983 demum
2123 2930 2381 2987 adunitus
2420 2933 2530 2989 Deo
2568 2933 2851 2999 subsistat,
2902 2934 3362 3003 quemadmodum
3401 2941 3461 2987 et
3495 2931 3653 3001 prius
3682 2930 3819 2987 sub-

570 3022 806 3077 stiterat.

1208 3114 1361 3170 CAP.
1398 3113 1487 3171 IX.

679 3207 953 3277 Refutatio
990 3222 1246 3276 perversa
1280 3208 1440 3276 hujus
1480 3208 1707 3263 hominis
1739 3210 2029 3263 sententiis.

642 3303 798 3358 Nunc
858 3304 1073 3358 demum
1135 3303 1202 3357 ad
1262 3302 1721 3373 interrogationes
1792 3305 2134 3373 respondeat.

571 3394 714 3462 Quid
753 3395 820 3449 de
856 3403 1100 3463 tempore
1124 3395 1449 3449 intermedio
1472 3394 1675 3449 sentire
1706 3395 1986 3460 debemus,
2014 3411 2135 3449 cum

572 3498 731 3543 extra
768 3487 932 3541 Deum
969 3497 1115 3541 esset
1153 3486 1346 3557 logos?
1387 3486 1668 3553 Quomodo
1703 3488 2084 3557 egrediebatur
2116 3488 2141 3541 ’ἔ

572 3580 674 3648 Qui
707 3589 878 3634 status
906 3578 999 3633 Dei
1037 3578 1211 3632 fuerat
1250 3578 1459 3633 interea
1484 3579 1610 3633 dum
1652 3580 1812 3648 logon
1839 3580 1892 3633 in
1924 3595 1985 3635 se
2033 3580 2137 3635 sibi

569 3674 848 3744 proprium
880 3686 987 3725 non
1016 3670 1284 3727 haberet?
1326 3670 1371 3725 si
1405 3670 1549 3725 enim
1592 3678 1714 3739 post
1766 3670 1952 3725 mundi
2003 3685 2137 3725 con-

571 3766 989 3823 summationem
1016 3765 1071 3819 in
1113 3764 1224 3820 Deo
1249 3765 1357 3819 erit
1395 3765 1564 3836 logos,
1607 3764 1683 3819 uti
1733 3765 1884 3833 prius
1937 3764 2136 3832 fuerat,

571 3858 845 3926 quomodo
881 3858 987 3913 erit
1022 3854 1200 3927 Logos
1236 3872 1266 3911 e
1296 3858 1405 3910 Deo
1428 3856 1732 3924 egressus?
1774 3858 1819 3910 si
1857 3859 2001 3911 enim
2040 3873 2139 3926 per

572 3964 633 4005 se
676 3949 982 4005 subsistens
1028 3964 1059 4003 a
1119 3948 1228 4004 Deo
1286 3960 1408 4004 erat
1443 3951 1602 4014 alius,
1640 3960 1751 4004 tum
1800 3949 2140 4006 frustraneus

572 4050 662 4095 est
708 4041 885 4095 omnis
930 4038 1167 4095 Marcelli
1220 4039 1394 4096 labor.
1444 4041 1600 4107 Quod
1652 4042 1699 4095 si
1754 4052 1909 4097 extra
1971 4042 2139 4097 Deum

571 4148 827 4202 egressus
865 4132 1035 4203 logos,
1080 4143 1404 4189 utnostrum
1458 4134 1789 4204 prolatitium
1838 4136 1977 4190 solet
2014 4150 2140 4191 ver-

2170 3122 2217 3183 C

2901 3116 3059 3171 ΚΕΦ.
3101 3115 3185 3170 Θν.

2407 3209 2695 3278 Ἔλεγχος
2728 3204 2839 3275 τῆς
2865 3206 2973 3261 τοῦ
2996 3206 3225 3274 ἀνδρὸς
3259 3204 3645 3273 κακοδοξίας.

2311 3301 2450 3372 Ὥρα
2485 3300 2663 3354 τοίνυν
2710 3297 2987 3370 ἐρωτῶσιν
3014 3299 3145 3368 ἡμῖν
3186 3296 3349 3349 αὐτὸν
3396 3298 3819 3369 ἀποκρίνασθαι.

2240 3393 2303 3445 Τί
2332 3388 2423 3445 οὗν
2452 3393 2509 3446 tv
2527 3390 2605 3462 τῷ
2634 3389 2835 3463 μεταξὺ
2864 3389 3061 3464 χρόνῳ,
3085 3390 3174 3443 ὅτε
3201 3390 3358 3454 ἐκτὸς
3381 3384 3449 3460 ἦν
3479 3389 3509 3443 6
3530 3389 3706 3459 Λόγος
3727 3386 3825 3443 τοῦ

2240 3484 2397 3549 Θεοῦ,
2430 3487 2698 3556 προσήκει
2719 3485 2894 3549 νοεῖν;
2923 3480 3048 3544 Πῶς
3078 3481 3137 3534 δὲ
3186 3480 3493 3553 προῆλθεν;
3546 3481 3636 3533 Ἐν
3659 3480 3824 3552 ὁποίᾳ

2236 3576 2293 3629 δὲ
2317 3571 2385 3647 ἦν
2417 3575 2525 3646 ἄρα
2554 3575 2883 3629 καταστάσει
2914 3576 2944 3627 ὁ
2972 3572 3126 3637 Θεὸς,
3154 3574 3228 3643 μὴ
3262 3572 3404 3643 ἔχων
3425 3574 3484 3626 tv
3516 3572 3702 3644 ἑαυτῷ
3728 3571 3824 3627 τὸν

2241 3672 2439 3723 οἰκεῖον
2470 3669 2641 3737 Λόγον
2666 3686 2681 3735 ;
2703 3668 2752 3721 εἰ
2779 3666 2888 3738 γὰρ
2918 3666 3010 3720 ἐπὶ
3044 3664 3122 3737 (9)
3169 3666 3453 3737 συντελείᾳ
3480 3664 3575 3719 τοῦ
3620 3665 3825 3731 παντὸς

2240 3762 2390 3816 ἔσται
2427 3763 2456 3815 ὁ
2497 3762 2667 3829 Λόγος
2689 3762 2749 3814 tv
2779 3758 2857 3831 τῷ
2902 3759 3041 3830 Θεῷ,
3074 3758 3265 3832 ὥσπερ
3314 3761 3409 3813 καὶ
3459 3759 3729 3831 πρότερον
3756 3754 3826 3831 ἦν

2240 3857 2347 3929 πρὸ
2380 3854 2473 3909 τοῦ
2497 3871 2692 3926 καιρου
2723 3855 2820 3925 τῆς
2844 3853 3172 3918 συντελείας,
3205 3852 3323 3917 πῶς
3350 3854 3503 3907 ἔσται
3530 3855 3559 3908 ὁ
3584 3853 3763 3922 Λόγος
3794 3853 3823 3906 ὁ

2242 3946 2517 4019 προελθὼν
2531 3946 2624 3999 τοῦ
2647 3944 2781 3999 Θεοῦ
2802 3962 2818 4011 ;
2842 3946 2904 3998 Et
2928 3946 3026 4016 μὲν
3037 3946 3165 4019 γὰρ,
3198 3945 3319 3998 καθ’
3345 3945 3534 3999 ἑαυτὸν
3553 3943 3825 4017 ὑφεστὼς,

2240 4042 2427 4112 ἕτερος
2454 4042 2699 4109 ἐγίγνετο
2728 4038 2822 4092 τοῦ
2846 4038 3007 4103 Θεοῦ,
3033 4039 3262 4109 μάταιος
3288 4040 3315 4092 ὁ
3343 4038 3669 4109 Μαρκέλλου
3724 4038 3826 4091 πό-

2242 4149 2331 4195 νος
2354 4150 2366 4161 ·
2398 4133 2449 4185 εί
2473 4131 2552 4193 6t,
2584 4129 2675 4183 καὶ
2710 4127 2987 4199 προελθὼν
3002 4126 3097 4181 τοῦ
3126 4126 3285 4192 Θεοῦ,
3328 4128 3468 4182 κατὰ
3498 4128 3590 4182 τὸν
3616 4131 3675 4184 tv
3693 4132 3825 4201 ἡμῖν

572 4226 724 4287 bmn,
778 4233 931 4279 extra
992 4224 1160 4279 Deum
1221 4227 1599 4295 permanebat,
1645 4227 1989 4296 inseparatus
2028 4237 2134 4279 tum

2243 4223 2575 4296 προφομκὸν
2604 4221 2782 4290 λόγον,
2800 4220 2955 4291 ἔμενε
2983 4218 3078 4273 τοῦ
3109 4220 3324 4293 Πατρὸς
3347 4218 3674 4292 ἀχώριστος,
3692 4223 3823 4277 οὐκ·

573 4324 723 4369 corte
770 4329 1007 4385 semper,
1052 4323 1107 4370 et
1152 4316 1301 4371 omni
1344 4326 1591 4385 tempore
1647 4318 1811 4372 etiam
1864 4327 1978 4372 tum
2018 4332 2134 4373 cum

2247 4318 2342 4371 οῦν
2383 4318 2470 4371 ἀεὶ
2504 4317 2599 4371 καὶ
2626 4314 2716 4369 διὰ
2749 4315 2947 4378 παντὸς
2965 4309 3033 4386 ἦν
3060 4316 3117 4366 tv
3150 4313 3229 4385 τῷ
3261 4312 3402 4385 Θεῷ.
3429 4315 3523 4368 καὶ
3553 4315 3644 4367 ὅτε
3671 4315 3829 4388 ἑνήρ-

572 4417 911 4477 operaretur,
946 4419 1066 4463 erat
1108 4409 1255 4463 intus
1292 4407 1343 4461 in
1388 4408 1514 4462 Deo.
1552 4414 1609 4473 >14
1637 4410 1789 4475 Quod
1829 4410 1872 4464 si
1913 4394 2017 4473 sic,
2050 4419 2134 4464 ιιι-ι

2244 4428 2351 4480 γει.
2379 4409 2502 4473 Πῶς
2525 4404 2618 4462 οὖν
2642 4412 2721 4471 εἱς
2749 4407 2841 4461 τὸν
2866 4407 2966 4477 τῆς
2999 4408 3233 4478 κρίσεως
3263 4406 3577 4477 ἀναπέμπει
3608 4406 3825 4480 καιρὸν,

574 4508 697 4547 men
729 4494 986 4556 undetlit,
1029 4504 1085 4549 ut
1116 4496 1167 4549 in
1207 4496 1346 4550 diem
1374 4494 1565 4562 iudicii
1598 4498 2134 4566 comperendineturl

2247 4502 2367 4555 τότε
2398 4501 2571 4570 λέγων
2602 4501 2765 4555 αὐτὸν
2809 4499 3176 4571 ὲνωθήσεσθαι
3202 4499 3281 4569 τῷ
3319 4498 3458 4569 Θεῷ,
3482 4498 3577 4552 καὶ
3602 4498 3827 4554 ἔσεσθαι

573 4586 651 4639 ait
683 4585 827 4639 enim
860 4596 985 4641 tunc
1016 4587 1125 4641 Deo
1175 4588 1322 4641 illum
1378 4590 1829 4655 readuniendum,
1861 4599 1915 4645 et
1955 4606 2134 4660 perpe-

2248 4595 2437 4667 ὤσπερ
2463 4595 2556 4648 καὶ
2590 4594 2852 4665 πρότερον
2888 4587 2993 4663 ἧν;
3022 4592 3086 4644 Et
3106 4593 3217 4663 7&9
3244 4591 3366 4645 τότε
3394 4591 3547 4645 ἔσται
3581 4591 3696 4664 (10)
3721 4592 3829 4649 ὤε-

578 4689 670 4732 ιυο
701 4676 965 4743 fulurum,
997 4680 1136 4735 sicut
1166 4681 1294 4735 olim
1330 4683 1479 4750 prius
1518 4681 1621 4738 fuit
1648 4702 1661 4737 :
1717 4685 1815 4739 sed
1864 4698 1963 4738 nec
1994 4684 2134 4752 logos

2251 4704 2357 4758 περ
2386 4687 2479 4741 καὶ
2508 4686 2773 4757 πρότερον
2802 4682 2890 4757 ἦν,
2925 4684 3049 4739 οὔτε
3086 4688 3115 4738 ὁ
3137 4684 3329 4753 Λόγος,
3358 4686 3385 4737 ὁ
3426 4684 3708 4755 προελθὼν
3732 4684 3829 4739 τοῦ

574 4770 667 4839 qui
705 4771 771 4825 de
825 4772 932 4826 Deo
984 4774 1268 4840 processit,
1310 4775 1485 4845 qualis
1522 4786 1640 4831 erat
1689 4777 1859 4845 prius,
1909 4778 2144 4833 exstabit

576 4866 721 4929 talis,
751 4867 844 4921 sed
879 4877 933 4921 et
968 4868 1109 4923 Deus
1143 4871 1225 4924 sui
1262 4872 1432 4939 ipsius
1458 4873 1740 4929 dissimilis
1774 4873 1990 4931 futurus
2015 4886 2138 4930 est:

575 4966 765 5027 utpote
795 4959 884 5025 qui
914 4960 1042 5013 olim
1090 4960 1252 5029 logon
1307 4977 1470 5017 suum
1517 4966 1569 5018 in
1617 4981 1675 5020 se
1710 4967 1967 5032 habebat,
1994 4978 2049 5021 et
2089 4968 2141 5021 in

578 5049 683 5103 fine
718 5052 898 5104 mundi
940 5054 1189 5107 eumdem
1217 5067 1611 5124 resumpturus,
1652 5069 1705 5113 et
1728 5061 1943 5113 futurus
1967 5062 2145 5129 qualis

575 5140 703 5193 olim
734 5146 882 5208 prius
909 5143 1123 5197 fuerat:
1156 5146 1364 5201 interea
1408 5152 1667 5218 temporis
1701 5154 2043 5207 dissimiliter
2087 5168 2143 5206 se

580 5232 884 5286 habiturus.
935 5234 1039 5287 Sed
1068 5244 1123 5288 et
1158 5235 1308 5307 logos
1338 5238 1402 5291 ad
1436 5241 1682 5295 eumdem
1733 5244 1949 5296 modum
1988 5253 2139 5297 extra

582 5323 745 5377 Deum
779 5326 1009 5393 positus,
1045 5342 1149 5382 non
1185 5328 1397 5384 futurus
1422 5343 1507 5385 est
1547 5334 1615 5395 is,
1658 5335 1747 5400 qui
1786 5337 1936 5403 prius
1970 5336 2145 5387 fuerat

575 5428 699 5470 ante
749 5418 931 5471 mundi
986 5424 1527 5476 consummationem.
1586 5424 1810 5494 Ecquid,
1872 5428 2020 5482 hisce
2071 5425 2145 5479 ita

650 5538 707 5593 ᾗ
738 5532 837 5589 Ed-
863 5531 1061 5595 Paris.,
1090 5551 1243 5607 pagg.
1276 5539 1397 5605 115,
1430 5541 1551 5597 lli.

646 5624 691 5655 “
718 5623 736 5676 l
766 5624 889 5678 Cor.
922 5649 1015 5689 xv,
1042 5626 1132 5681 28.

651 5718 727 5784 (8)
760 5717 928 5796 Vulgo
949 5720 1027 5796 τῷ
1063 5724 1477 5796 παντοκράτορα
1504 5721 1623 5796 Θεῷ
1648 5733 1701 5776 et
1728 5724 1825 5793 τὴν
1868 5743 1962 5796 πρ.
1984 5726 2144 5778 αὑτὸν

579 5788 860 5909 κρινωνὲαν
894 5800 949 5844 et
977 5788 1095 5848 loco
1123 5788 1372 5862 πράξεως
1405 5788 1467 5845 li.
1502 5788 1733 5863 κρίσεως
1764 5788 1815 5849 et
1836 5788 1956 5851 ὀθιίι
1990 5797 2147 5865 vulgo

580 5874 749 5909 οπως
797 5876 856 5909 .ν.

580 5874 749 5919 οπως
771 5874 856 5927 ην.

2246 4780 2401 4843 Θεοῦ,
2433 4782 2614 4841 ὁποῖος
2643 4774 2711 4849 ἦν
2739 4778 3022 4850 πρότερον,
3052 4776 3301 4849 ὑπάρξει.
3340 4776 3500 4831 ’Λλλὰ
3526 4778 3622 4831 καὶ
3669 4779 3833 4843 αὐτὸς

2241 4873 2270 4924 ὁ
2303 4871 2433 4933 Θεὸς
2477 4870 2629 4923 ἔσται
2680 4866 2857 4936 ἐαυτῷ
2911 4866 3183 4936 ἀνόμοιος,
3216 4864 3383 4919 πάλαι
3429 4864 3527 4936 μὲν
3574 4865 3717 4935 ἔχων
3775 4868 3834 4920 tv

2245 4962 2421 5031 ἐαυτῷ
2441 4962 2530 5014 τὸν
2559 4959 2757 5026 Λόγον,
2790 4958 2885 5010 καὶ
2912 4958 3004 5009 ἐπὶ
3030 4956 3307 5028 συντελείᾳ
3332 4956 3425 5010 τοῦ
3455 4956 3659 5019 παντὸς
3696 4956 3835 5011 ἀπο-

2246 5053 2551 5123 ληψόμενος
2616 5050 2800 5114 αὑτὸν,
2838 5048 2931 5103 καὶ
2986 5048 3269 5119 γινόμενος
3311 5048 3453 5103 τότε.
3498 5048 3611 5117 (11)
3640 5048 3835 5121 ὥσπερ

2248 5146 2631 5216 καὶπρότερον
2673 5138 2770 5212 ἦν·
2810 5144 2865 5193 tv
2901 5141 2959 5195 δὲ
2990 5140 3066 5210 τῷ
3104 5141 3305 5211 μεταξὺ
3342 5140 3518 5211 χρόνῳ
3561 5140 3836 5211 ἀνομοίως

2249 5240 2517 5309 κείμενος.
2544 5238 2655 5290 Kal.
2696 5238 2723 5288 6
2755 5235 2925 5302 Λόγος
2966 5234 3023 5287 δὲ
3056 5234 3335 5296 ὡσαύτως,
3366 5232 3523 5295 ἐκτὸς
3555 5232 3649 5286 τοῦ
3694 5230 3836 5286 Θεοῦ

2250 5331 2558 5400 γενόμενος,
2593 5328 2691 5379 οὐκ
2711 5326 2861 5379 ἔσται
2890 5324 2995 5395 πρὸ
3025 5325 3123 5395 τῆς
3154 5324 3459 5387 συντελείας
3483 5323 3577 5377 τοῦ
3605 5324 3834 5387 παντὸς,

2253 5417 2361 5485 οἷος
2388 5416 2456 5490 ἦν
2486 5419 2768 5489 πρότερον.
2816 5416 2924 5468 Ka‘t
2959 5416 3042 5478 τίς
3074 5414 3139 5468 ἂν
3172 5413 3375 5468 τούτων
3406 5414 3835 5486 δυσσεὸέστερος

2329 5723 2403 5789 (9)
2431 5722 2601 5790 Vulgo
2622 5724 2687 5790 τῇ
2723 5738 2868 5773 συντ.
2890 5731 2945 5774 et
2975 5736 3099 5777 mox
3126 5720 3219 5775 καὶ
3253 5719 3312 5772 τὸ
3348 5717 3632 5789 πρότερον.

2326 5796 2437 5859 (10)
2474 5793 2639 5859 Vulgo
2675 5790 2835 5846 ὥστε.

2328 5869 2434 5934 (ll)
2477 5862 2580 5931 .‘lp.
2608 5863 2677 5914 ἴσ.
2709 5863 2896 5932 ὅσπερ.
