4032 6464
277 480 384 538 917

1208 472 1296 528 DE
1336 467 1874 528 ECCLESIASTICA
1916 465 2312 523 'l'llEOLOGlA
2351 464 2477 519 LIB.
2521 463 2584 518 ll.

3457 458 3561 513 913

282 593 480 665 γένοιτ’
513 594 577 647 ἂν
619 591 812 660 λόγοῇ
846 589 1022 650 ’Ὁλως
1072 585 1179 657 γὰρ
1213 586 1272 638 τὸ
1303 581 1396 656 is":
1445 585 1538 636 καὶ
1597 585 1657 635 τὸ
1704 582 1869 641 ἔσται*

1986 582 2194 649 positis.
2243 581 2415 648 magis
2449 579 2669 644 impium
2699 573 2894 644 poterit
2929 575 3092 627 esse?
3123 572 3357 628 Omnino
3392 574 3560 636 enim,

284 689 377 741 καὶ
400 687 462 739 τὸ
503 685 806 755 γεγονέναι,
854 681 982 734 ποτὲ
1017 681 1112 733 καὶ
1145 679 1330 740 πάλιν,
1358 678 1592 749 μέλλειν,
1627 675 1867 738 ἔσεσθαι,

283 779 383 850 τῆς
419 780 476 830 ἐν
529 776 704 847 χρόνῳ
739 771 1044 843 μεταϐολῆς
1093 770 1221 824 ὄντα
1261 768 1556 841 δηλωτικὰ,
1615 765 1870 835 ἀλλότρια

285 869 350 923 ἂν
371 871 456 941 εἴη
491 870 590 939 τῆς
615 867 847 937 ἀχρόνου
897 866 989 918 καὶ
1024 864 1262 933 ὰνάρχου
1311 862 1404 915 καὶ⁵
1453 861 1747 930 ἁγεννήτου
1778 860 1872 911 καὶ

283 959 642 1016 ἀναλλοιὼτου
673 959 883 1021 οὐσίας.
913 959 1026 1025 Ἐφ’
1047 953 1136 1028 ἧς,
1156 955 1216 1008 τὸ
1231 951 1371 1007 εἶναι
1394 955 1552 1024 μόνον
1577 953 1870 1023 ἐπιπρέπει

286 1057 424 1107 νοεῖν
444 1071 457 1082 ·
495 1054 588 1106 καὶ
617 1047 755 1105 εἶναι
788 1049 1220 1122 ἀπαραλλάκτως
1261 1049 1347 1100 ἀεὶ
1375 1047 1486 1116 (1⁵2)
1507 1046 1648 1100 κατὰ
1677 1045 1744 1099 τὰ
1775 1047 1871 1098 αυ-

282 1147 378 1212 τὰ,
417 1145 511 1199 καὶ
533 1145 792 1207 ὡσαύτως
814 1143 1060 1214 ἔχουσαν,
1096 1142 1173 1212 μὴ
1203 1139 1550 1212 μειουμένην,
1568 1139 1642 1210 μὴ
1661 1137 1874 1190 συστελ-

285 1237 544 1310 λομένην,
581 1236 657 1308 μὴ
712 1235 1117 1305 ἐκτεινομένην,
1165 1233 1241 1305 μὴ
1285 1231 1713 1302 ἐξαπλουμένην,
1748 1230 1869 1302 μηδ’

288 1329 446 1392 ἐκτός
468 1346 521 1381 τι
543 1329 634 1382 καὶ
661 1329 812 1391 ἐντὸς
839 1329 1037 1396 ἑαυτῆς
1070 1325 1314 1394 ἔχουσαν,
1338 1326 1459 1396 μηδ’
1473 1322 1658 1377 ἄλλοτε
1704 1321 1870 1393 ἄλλην

283 1423 640 1493 γιγνομένην,
695 1421 816 1494 μηδ’
849 1422 1033 1491 ἕτερον
1071 1420 1168 1489 μὲν
1213 1414 1379 1471 οὖσαν
1413 1418 1700 1493 πρότερον,
1753 1414 1870 1470 εἶτα

283 1514 418 1569 ἄλλο
445 1533 502 1568 τι
535 1514 888 1585 γιγνομένην,
918 1514 1012 1566 καὶ
1050 1511 1212 1565 πάλιν
1253 1512 1333 1572 εἰς
1382 1511 1442 1563 τὸ
1480 1513 1705 1580 ἀρχαῖον
1738 1511 1873 1563 άπο-

286 1605 721 1678 καθισταμένην.
755 1608 822 1659 Ἀ
843 1605 906 1677 δὴ
936 1604 1254 1676 Μάρκελλος
1280 1603 1480 1673 ἐτόλμα
1521 1601 1870 1656 ὑποτίθεσθαι

288 1698 460 1752 πάλαι
487 1699 585 1769 μὲν
617 1697 794 1766 λέγων
842 1692 981 1749 εἶναι
1017 1697 1106 1748 τὸν
1142 1694 1298 1760 Θεὸν,
1339 1695 1432 1748 καί
1477 1712 1599 1748 τινα
1640 1695 1871 1766 ἡσυχίαν

284 1790 406 1860 ἅμα
434 1789 512 1862 τῷ
543 1789 665 1861 Θεῷ
710 1789 1045 1861 ὑπογράφων
1094 1786 1272 1857 ἐαυτῷ
1304 1789 1423 1840 κατ’
1467 1787 1627 1841 αὐτὸν
1665 1790 1870 1840 ἐκεῖνον

281 1884 377 1938 τὸν
398 1887 506 1940 τῶν
536 1885 712 1940 ἀθέων
751 1884 1088 1955 αἱρεσιωτῶν
1135 1884 1396 1955 ἀρχηγὸν,
1426 1881 1484 1946 ὃς
1517 1881 1585 1964 τὰ.
1616 1880 1750 1935 ἄθεα
1781 1881 1870 1934 δο-

281 1974 566 2044 γματίζων
611 1974 945 2044 ἀπεφαίνετο
986 1973 1156 2043 λέγων
1177 1990 1192 2004 ·
1226 1969 1350 2025 Ἦνι
1377 1971 1520 2035 Θεὸςί
1555 1972 1651 2024 καὶ
1700 1971 1866 2041 Σιγή·

283 2065 429 2134 μετά
451 2064 507 2118 δὲ
528 2064 629 2136 τὴν
653 2063 819 2135 Σιγὴν
840 2065 932 2118 καὶ
952 2063 1050 2134 τὴν
1068 2063 1326 2134 Ἡσυχίαν
1354 2062 1636 2136 προελθεῖν
1667 2064 1759 2117 τὸν
1773 2063 1872 2118 Λό-

280 2173 383 2225 γον
411 2156 506 2211 τοῦ
548 2157 684 2211 Θεοῦ
733 2159 792 2210 ἐν
841 2157 983 2228 ἀρχῇ
1039 2157 1137 2227 τῆς
1192 2155 1551 2226 κοσμοποιίας
1604 2154 1868 2228 δραστικῇ

279 2249 536 2322 ἐνεργείᾳ
555 2267 568 2282 ·
605 2251 680 2314 ὼς
714 2249 903 2321 μηκέτ’
926 2245 1066 2327 εἶναι
1093 2249 1255 2304 αὐτὸν
1288 2244 1398 2314 οἷος
1420 2245 1488 2321 ἦν
1513 2251 1571 2303 ἐν
1596 2250 1872 2304 σιωπῶντι

277 2339 368 2411 τῷ
399 2340 520 2413 Θεῷ
552 2341 819 2415 πρότερον
850 2342 1159 2414 ἡσυχάζων,
1191 2342 1304 2397 ἀλλ’
1325 2343 1569 2414 ἐνεργεῖν
1605 2344 1873 2416 προερχό-

283 2446 450 2500 μενον
483 2430 579 2486 τοῦ
622 2432 782 2489 Θεοῦ.
821 2434 933 2487 Καὶ
973 2435 1092 2498 πῶς
1115 2434 1224 2506 ἄρα
1264 2433 1492 2505 προῄεις
1521 2435 1744 2498 Πάντως
1771 2452 1871 2488 που

280 2521 430 2577 κατὰ
457 2525 738 2595 προφορὰν
763 2526 946 2597 φωνῆς
972 2525 1235 2598 ἐνάρθρου
1257 2544 1270 2558 ·
1305 2525 1678 2597 φθεγγομένου
1711 2527 1875 2599 δηλα-

277 2611 350 2682 ὅὴ
386 2615 480 2668 καὶ
507 2613 799 2680 λαλοῦντος
819 2617 915 2670 τοῦ
949 2617 1084 2671 Θεοῦ
1111 2619 1314 2689 ὁμοίως
1348 2619 1675 2690 ἀνθρώποις.
1703 2619 1875 2674 Τοῦτο

279 2706 419 2775 γοῦν
440 2709 532 2764 καὶ
567 2709 719 2782 αὐτῷ
761 2711 938 2765 ἐδόκει
964 2713 1230 2784 γράφοντι
1263 2711 1454 2766 τοῦτον
1499 2714 1590 2768 τὸν
1637 2713 1836 2786 τρόπον
1856 2733 1867 2743 ·

284 2815 306 2848 ι
335 2798 547 2872 Ὥσπερ
570 2801 681 2873 γὰρ
709 2803 776 2856 τὰ
807 2803 1071 2872 γεγονότα
1087 2804 1265 2859 πάντα
1289 2807 1396 2859 ὑπὸ
1422 2805 1517 2859 τοῦ
1541 2805 1754 2878 Πατρὸς
1786 2805 1875 2859 διά

284 2908 309 2944 c
335 2889 432 2944 τοῦ
466 2891 642 2961 Λόγου
674 2894 918 2963 γέγονεν,
951 2895 1095 2950 οὕτω
1122 2897 1306 2951 καὶτὰ
1334 2897 1602 2970 λεγόμενα
1634 2897 1739 2951 ὑπὸ
1777 2897 1872 2951 τοῦ

286 3003 307 3036 ι
339 2983 554 3055 Πατρός
603 2984 691 3039 διὰ
742 2986 837 3040 τοῦ
865 2987 1040 3056 Λόγου
1103 2988 1447 3060 σημαίνεται.
1487 3010 1505 3043 ι
1538 2991 1650 3044 Καὶ
1684 2986 1870 3054 αὖθις·

285 3094 309 3130 ¢
340 3075 528 3131 Πάντα
573 3077 682 3150 γὰρ
709 3079 809 3133 ὅσα
833 3079 898 3134 ἂν
923 3081 953 3135 ό
978 3080 1170 3153 Πατὴρ
1209 3081 1364 3155 λέγῃ,
1389 3081 1566 3138 ταῦτα
1597 3082 1874 3156 πανταχοῦ

288 3186 312 3220 ι
342 3167 431 3223 διὰ
457 3168 554 3222 τοῦ
573 3171 748 3240 Λόγου
777 3171 953 3241 λέγων
984 3173 1255 3243 φαίνεται,
1277 3175 1451 3228 Τοῦτο
1478 3175 1537 3229 δὲ
1566 3175 1724 3247 δῆλόν
1756 3178 1873 3231 ἐστι

290 3277 314 3312 σ
351 3261 448 3314 καὶ
478 3261 572 3332 ἀφ’
599 3261 759 3334 ἡμῶν
784 3262 985 3329 αὐτῶν,
1015 3264 1118 3319 ὅσα
1149 3265 1324 3338 μικρά
1355 3269 1470 3331 τοῖς
1499 3267 1756 3338 μεγάλοις
1778 3270 1872 3323 καὶ

286 3372 308 3406 ι
349 3354 515 3420 θείοις
549 3356 870 3410 ἀπεικάσαι·
896 3358 990 3411 καὶ
1017 3360 1181 3429 ἡμεῖς
1208 3358 1318 3430 γὰρ
1342 3359 1520 3413 πάντα
1546 3361 1647 3415 ὅσα
1677 3359 1743 3415 ἂν
1777 3360 1865 3416 θέο

283 3466 308 3500 ι
339 3448 521 3520 λωμεν
540 3449 683 3504 κατὰ
697 3451 759 3503 τὸ
778 3450 1002 3506 δυνατὸν
1022 3451 1202 3520 λέγειν
1223 3469 1284 3505 τε
1306 3453 1400 3506 καὶ
1423 3456 1613 3520 ποιεῖν,
1634 3453 1713 3525 τῷ
1731 3455 1870 3526 ἡμε-

285 3559 310 3594 «
336 3540 482 3613 τέρῳ
507 3541 769 3613 ποιοῦμεν
795 3542 958 3614 λόγῳ.
974 3544 1140 3615 »Είδὴ
1170 3541 1263 3599 οὖν
1291 3544 1507 3608 οὖτωςό
1528 3546 1699 3615 Λόγος
1736 3565 1869 3620 προ-

277 3632 413 3703 ῆλθε
434 3634 529 3688 τοῦ
554 3635 768 3707 Πατρὸς
796 3635 1056 3710 δραστικῇ
1081 3639 1352 3711 ἐνεργείᾳ,
1373 3638 1538 3693 πόθεν
1561 3641 1870 3713 Μαρκέλλῳ

279 3723 487 3795 ἐπῆλθε
513 3726 826 3797 περιορίσαι
854 3728 1044 3798 χρόνον
1069 3731 1135 3800 τῇ
1161 3729 1257 3783 τοῦ
1287 3730 1461 3800 Λόγου
1495 3732 1869 3805 ὲνεργείᾳ,τδν

279 3817 385 3887 τῆς
409 3817 722 3881 συντελείας
744 3817 866 3871 καθ’
899 3819 958 3872 δν
995 3820 1216 3875 ἔσεσθαι
1251 3821 1450 3891 φάσκει
1483 3825 1574 3878 τὸν
1607 3826 1779 3894 Λόγον
1811 3827 1871 3880 ἐν

279 3907 363 3980 τῷ
395 3909 537 3981 Θεῷ,
565 3909 755 3983 ῶσπερ
783 3912 879 3965 καὶ
908 3914 1174 3986 πρότερον
1214 3911 1315 3987 ἦν;
1358 3917 1627 3989 Πρότερον
1651 3918 1708 3971 δὲ
1735 3922 1870 3992 ἡσυ-

279 4002 518 4073 χάζοντα
553 4003 716 4058 αὐτὸν
751 4003 919 4058 ἐδίδου
959 4008 1019 4059 ἐν
1048 4007 1324 4062 σιωπῶντι
1357 4008 1437 4082 τῷ
1468 4008 1606 4082 Θεῷ.
1658 4011 1869 4067 Οὐκοῦν

281 4095 379 4150 καὶ
431 4096 572 4167 μετὰ
613 4097 713 4170 τὴν
747 4100 1056 4154 συντέλειαν
1106 4103 1306 4174 ἡσυχία
1352 4121 1437 4168 τις
1484 4104 1656 4170 ἔσται,
1703 4106 1868 4178 μηδὲν

283 4187 569 4258 μέλλοντος
602 4191 844 4262 ἐνεργεῖν
863 4191 957 4246 τοῦ
975 4194 1171 4263 Λόγου.
1208 4195 1370 4248 Ἀλλά
1392 4198 1497 4268 πρὸ
1517 4199 1616 4268 μὲν
1633 4199 1729 4270 τῆς
1761 4200 1868 4253 τῶν

277 4278 524 4351 γενητῶν
560 4280 872 4346 συστάσεως
903 4280 1055 4336 οὐδὲν
1093 4279 1184 4354 ἦν,
1223 4286 1376 4356 φησὶ,
1414 4286 1552 4358 πλὴν
1577 4287 1734 4343 Θεοῦ.
1759 4291 1869 4343 Καὶ

277 4371 404 4425 ἐπεὶ
431 4372 598 4444 μηδὲν
619 4369 708 4444 ἦν,
743 4374 968 4439 εἰκότως
993 4375 1170 4446 ἑαυτῷ
1189 4375 1285 4448 τὴν
1302 4379 1532 4450 ἡσυχίαν
1567 4381 1828 4436 ὲτυποῦτο
1851 4399 1864 4412 ⁸

279 4464 425 4518 κατὰ
463 4464 520 4518 δὲ
564 4466 658 4521 τὸν
701 4467 800 4539 τῆς
836 4467 1150 4533 συντελείας
1196 4471 1391 4541 καιρὸν
1435 4474 1634 4545 Δανιὴλ
1667 4477 1694 4528 ὁ
1736 4494 1869 4549 προ-

279 4555 462 4627 φήτης
490 4557 597 4629 πρὸ
629 4557 725 4612 τοῦ
776 4557 969 4631 θρόνου
1010 4559 1107 4613 τοῦ
1150 4559 1286 4616 Θεοῦ
1329 4564 1601 4634 μυριάδας
1647 4566 1866 4621 ἔσεσθαι

1984 685 2127 740 erat,
2171 675 2300 738 erit,
2333 673 2576 725 luturum
2609 677 2709 733 est,
2750 668 3058 736 aliquando,
3092 667 3310 732 iterum,
3346 666 3560 719 conlin-

1974 782 2127 836 gens,
2185 775 2240 820 et
2289 779 2411 834 quae
2458 774 2586 819 sunt
2620 762 2940 817 mutationis
2990 760 3188 813 indicia
3224 760 3276 812 in
3321 769 3561 827 tempore.

1977 861 2161 927 factm,
2204 862 2382 914 aliena
2430 868 2559 914 sunt
2604 871 2834 929 prorsus
2880 872 2907 907 a
2961 853 3266 909 substantia
3314 851 3404 907 illa
3443 867 3563 922 qua:

1973 967 2056 1007 est
2121 953 2238 1007 sine
2299 962 2568 1022 tempore,
2628 947 2921 1018 principio,
2970 944 3344 1014 generatione,
3387 955 3561 997 muta-

1979 1049 2140 1100 tione.
2181 1045 2256 1100 De
2287 1060 2395 1114 qua
2433 1043 2611 1098 solum
2643 1040 2776 1096 Esse
2809 1038 3154 1106 cogitandum
3182 1046 3266 1091 est
3302 1047 3393 1102 ;et
3428 1035 3562 1088 Esse

1978 1140 2199 1206 quidem
2268 1137 2702 1192 immntabililer.
2745 1134 2920 1200 Quam
2970 1131 3219 1186 eamdem
3269 1140 3324 1186 et
3368 1130 3564 1183 eodem

1975 1233 2134 1288 modo
2170 1247 2231 1287 se
2286 1233 2578 1287 habentem
2627 1230 2890 1287 debemus
2928 1229 3258 1296 cogitatione
3309 1237 3557 1292 compre-

1975 1326 2257 1380 hendere:
2315 1339 2422 1379 non
2463 1325 2829 1391 imminutam,
2877 1340 2982 1378 non
3038 1327 3394 1382 coarctatam,
3451 1331 3556 1370 non

1974 1417 2278 1480 dilatatam,
2316 1407 2425 1470 non
2468 1430 2790 1487 expensam,
2831 1416 2963 1470 nihil
2997 1424 3153 1468 extra
3200 1428 3259 1466 se
3293 1410 3377 1465 vel
3418 1411 3558 1462 intra

1973 1525 2032 1562 se
2069 1509 2477 1575 continentem;
2520 1522 2626 1561 non
2655 1509 2794 1561 hanc
2822 1507 3003 1572 modo,
3033 1503 3193 1559 modo
3237 1501 3382 1554 illam
3404 1513 3558 1553 com-

1976 1608 2298 1670 parantem:
2335 1609 2587 1653 neutram
2616 1607 3047 1668 permanenter:
3083 1595 3174 1650 sed
3220 1593 3490 1647 diversam
3531 1608 3558 1640 a

1974 1709 2033 1747 se
2063 1691 2234 1761 priori
2263 1712 2274 1746 :
2311 1699 2365 1746 et
2407 1706 2598 1746 rursus
2630 1692 2680 1744 in
2716 1701 2918 1744 statum
2963 1688 3115 1743 illum
3143 1686 3378 1754 priorem
3405 1696 3560 1736 revo-

1973 1785 2165 1839 lutam.
2198 1784 2326 1840 llaec
2373 1800 2684 1855 supponere
2710 1793 2896 1838 tamen
2938 1797 3102 1836 ausus
3141 1789 3223 1834 est
3252 1775 3560 1840 Marcellus,

1975 1879 2177 1948 quippe
2207 1877 2298 1948 qui
2329 1878 2461 1932 olim
2513 1877 2591 1930 ait
2637 1875 2808 1929 Deum
2859 1874 3180 1930 exstitisse:
3234 1878 3292 1926 et
3323 1870 3561 1940 quietem

1976 1971 2268 2039 quamdam
2301 1969 2468 2023 altam
2507 1969 2649 2039 apud
2678 1967 2848 2022 Deum
2882 1967 3250 2036 imaginatur:
3285 1967 3350 2020 ad
3383 1963 3564 2019 imita-

1980 2064 2181 2118 tionem
2217 2061 2365 2116 illius
2416 2060 2797 2116 hieresiarchaa
2833 2059 2983 2129 impii
3027 2074 3150 2113 sese
3189 2056 3562 2119 conformans,

1975 2155 2065 2226 qui
2092 2155 2402 2226 blasphema
2443 2154 2748 2210 istiusmodi
2796 2152 3228 2224 dogmatizavit:
3269 2159 3390 2206 erat
3421 2148 3565 2204 Deos

1974 2257 2030 2305 et
2070 2249 2218 2319 Sige.
2251 2247 2385 2303 Post
2433 2247 2598 2318 Sigea
2652 2258 2710 2302 et
2748 2245 3056 2319 ll'esychian
3104 2246 3446 2317 processisse
3489 2246 3566 2299 ait

1976 2341 2182 2412 Logon,
2217 2343 2270 2396 in
2299 2342 2568 2411 principio
2599 2341 2931 2396 conditionis
2970 2341 3176 2408 mundi,
3208 2355 3331 2394 cum
3367 2355 3564 2410 opera-

1977 2434 2124 2490 tione
2152 2433 2396 2489 eﬁicaci:
2439 2435 2510 2489 ita
2536 2444 2594 2489 ut
2621 2449 2728 2488 non
2759 2442 2924 2501 esset,
2960 2432 3134 2503 qualis
3167 2441 3288 2487 erat
3320 2432 3471 2503 prius
3512 2433 3565 2486 in

1979 2529 2085 2584 Deo
2124 2528 2538 2600 conquiescenti
2571 2528 2866 2596 quiescens
2913 2528 3050 2597 ipse,
3102 2528 3196 2581 sed
3241 2540 3564 2596 progressu.»

1973 2623 2139 2676 οἱ)εο
2165 2633 2504 2691 operaretur.
2557 2620 2619 2674 Et
2649 2636 2758 2690 quo
2813 2622 2978 2674 modo
3031 2620 3250 2672 tandem
3298 2619 3565 2688 processit

1975 2713 2139 2768 inde?
2162 2712 2394 2768 Omnino
2426 2729 2521 2782 per
2549 2715 2911 2784 prolationem
2946 2714 3230 2783 cujusdam
3263 2712 3568 2767 articulatm

1973 2808 2146 2873 vocis,
2186 2816 2513 2877 personante
2555 2806 2814 2861 nimirum
2859 2818 2910 2861 et
2953 2805 3309 2876 proloquente
3339 2805 3450 2860 Deo
3499 2805 3567 2859 ad

1978 2899 2195 2954 modum
2247 2900 2498 2954 humana:
2547 2898 2796 2968 loquelae.
2839 2898 2913 2953 Ita
2955 2898 3099 2952 enim
3131 2897 3205 2952 illi
3240 2897 3412 2952 visum
3450 2908 3558 2962 est,

1975 2995 2100 3049 dum
2128 2993 2202 3048 ita
2232 2994 2497 3048 scriberet
2541 3013 2556 3049 :
2609 2991 2702 3064 [Β.
2747 2991 2834 3048 LV
2888 2993 3037 3060 coll.,
3104 3009 3160 3063 p.
3191 2991 3263 3047 55
3300 2992 3364 3058 D,
3405 2990 3473 3047 79
3502 2990 3564 3055 Β,

1977 3083 2082 3139 125
2110 3082 2200 3156 ΒῙ.
2250 3104 2269 3136 ι
2312 3083 2778 3151 Quemadmodum
2806 3085 2949 3139 facta
2981 3085 3162 3138 omnia
3198 3100 3226 3138 a
3258 3083 3442 3149 Patre,
3471 3098 3567 3154 per

1980 3194 1999 3228 ‹
2049 3173 2286 3231 Verbum
2345 3173 2489 3230 facta
2532 3183 2698 3229 sunt:
2733 3174 2810 3230 ita
2847 3182 2903 3229 et
2933 3175 3079 3229 dicta
3125 3174 3307 3230 omnia
3333 3189 3361 3227 a
3405 3174 3566 3230 Patre

1981 3285 2000 3318 ι
2047 3282 2144 3335 per
2182 3265 2417 3321 Verbum
2452 3264 2860 3334 signiﬁcantur.
2899 3286 2918 3318 ι
2951 3265 3017 3320 Et
3043 3267 3281 3321 iterum:
3309 3265 3403 3339 [IL
3432 3265 3565 3333 LVI,

1975 3359 2097 3416 coll.
2125 3375 2180 3430 ι).
2205 3359 2275 3413 40
2305 3358 2368 3425 Β,
2394 3359 2495 3414 118
2522 3356 2610 3429 8.]
2661 3378 2680 3411 ι
2700 3355 2896 3413 Omnia
2928 3373 3268 3430 quaecunque
3289 3357 3454 3414 Pater
3484 3359 3568 3414 di-

1981 3470 2002 3505 ι
2048 3452 2144 3519 cit,
2164 3468 2224 3507 ea
2245 3454 2462 3521 semper
2483 3463 2537 3506 et
2572 3451 2772 3521 ubique
2797 3466 2894 3520 per
2911 3451 3146 3507 Verbum
3179 3451 3560 3507 declarantur:

1983 3562 2001 3596 ι
2047 3543 2190 3614 quod
2216 3553 2321 3597 eta
2348 3542 2502 3598 nobis
2538 3540 2668 3611 ipsis
2709 3543 2846 3598 satis
2880 3543 3069 3614 liquet,
3113 3544 3384 3613 siquidem
3415 3543 3568 3598 hisee

1981 3654 2000 3688 ι
2045 3633 2230 3704 parvis
2246 3648 2437 3704 magna
2466 3633 2694 3688 liceatet
2721 3634 2902 3689 divina
2932 3649 3273 3706 comparare.
3301 3633 3566 3692 Nosenim

1983 3748 2001 3781 ι
2046 3743 2108 3783 ea
2123 3727 2308 3784 omnia
2323 3743 2443 3798 qua:
2459 3729 2997 3799 volumus,quantum
3010 3728 3229 3798 quidem
3251 3742 3564 3798 possumus,

1983 3840 2001 3874 ι
2048 3831 2103 3878 et
2139 3820 2366 3878 facimus
2401 3831 2456 3875 et
2485 3821 2716 3876 dicimus
2775 3819 3083 3875 ministerio
3128 3819 3278 3875 verbi
3304 3824 3501 3877 nostri.
3542 3839 3560 3874 ι

1981 3921 2041 3980 >3
2077 3915 2230 3982 Quod
2261 3914 2305 3969 si
2341 3914 2407 3971 ad
2445 3913 2589 3968 hunc
2617 3911 2837 3967 modum
2871 3926 2970 3981 per
3000 3909 3302 3968 efﬁcaciam
3337 3928 3572 3984 operan-

1979 4021 2084 4064 tem
2136 4007 2400 4076 processit
2432 4005 2500 4060 de
2550 4003 2716 4059 Patre
2751 4002 3008 4070 Verbum,
3052 4006 3195 4063 unde
3248 4021 3570 4078 progressus

1976 4113 2058 4159 est
2087 4100 2395 4166 Marcellus,
2453 4099 2519 4152 ad
2548 4099 3119 4154 circumscrmendum
3161 4098 3328 4154 Verbi
3373 4113 3570 4168 opera-

1981 4197 2180 4251 tionem
2240 4205 2482 4264 tempore
2555 4193 2788 4262 quodam
2852 4192 3242 4260 detertninato,
3306 4194 3567 4248 nimirum

1979 4285 2167 4340 mundi
2202 4281 2717 4340 consummatione?
2753 4279 2982 4348 Quando
3010 4285 3250 4338 l‘uturunt
3286 4296 3390 4350 est,
3425 4286 3570 4354 quod

1976 4378 2230 4442 allirmat,
2279 4386 2336 4432 ut
2393 4375 2626 4432 Verbum
2679 4375 2821 4429 intra
2859 4373 3027 4429 Deum
3067 4378 3348 4441 subsistat,
3379 4389 3574 4449 queui-

1976 4473 2268 4527 adtnodutu
2310 4471 2602 4541 aliquando
2657 4471 3029 4531 subsistebat?
3053 4472 3358 4542 Aliquando
3385 4484 3568 4528 autem

1977 4569 2352 4635 quiescentem
2391 4567 2572 4638 Logon
2604 4570 2775 4639 illum,
2800 4571 2853 4625 in
2883 4569 3192 4641 quiescenti
3216 4567 3381 4623 Patre
3411 4567 3568 4624 nobis

276 4653 529 4719 θεσπίζει
557 4654 763 4724 λέγων’
798 4657 994 4711 Χίλιαι
1024 4657 1292 4726 χιλιάδες
1311 4660 1733 4730 ἐλειτούργουν
1757 4665 1866 4716 αὺ-

1979 4659 2145 4714 dedit.
2187 4658 2284 4724 lta,
2313 4671 2370 4714 ιιι
2404 4661 2641 4729 videtur,
2676 4671 2796 4732 post
2824 4662 3010 4716 mundi
3042 4659 3566 4715 consummationem

277 4745 383 4814 τῷ,
407 4747 506 4801 καὶ
530 4748 734 4817 μύριαι
750 4746 1040 4818 μυριάδες
1073 4748 1184 4819 (15)
1219 4751 1744 4818 παρειστήκεισαν
1770 4753 1870 4823 ἐμ·

275 4843 546 4909 προσθεν
567 4840 774 4895 αὑτοῦ.
803 4841 1010 4906 Πάντες
1036 4843 1206 4914 δήπου
1238 4845 1331 4896 καὶ
1372 4846 1419 4897 οἱ
1450 4847 1554 4898 υἱοὶ
1595 4843 1688 4897 τοῦ
1737 4846 1866 4917 μέλ-

273 4933 461 4997 λοντος
486 4933 682 4997 αἰῶνος
712 4935 832 4987 τότε
871 4933 1114 4988 ἔσονται·
1157 4937 1218 4990 αῖ
1260 4953 1319 4989 τε
1374 4938 1642 5009 μακάριαι
1697 4939 1867 5009 ψυχαὶ

276 5025 656 5098 πατριαρχῶν,
693 5029 786 5080 καὶ
812 5029 1127 5100 προφητῶν,
1156 5031 1249 5083 καὶ
1278 5031 1610 5098 ἀποστόλων,
1644 5032 1776 5101 άγιά
1808 5050 1866 5085 τε

273 5119 564 5190 πνεύματα
595 5121 916 5191 μαρτύρων·
969 5125 1146 5180 πάντα
1179 5145 1238 5180 τε
1283 5126 1531 5196 πρόϐατα
1561 5125 1655 5178 τοῦ
1682 5127 1862 5196 Stati;-

276 5229 372 5284 ρος
421 5211 599 5285 ἡμῶν,
634 5214 702 5268 τά
749 5216 815 5269 ἐκ
862 5216 1048 5284 δεξιῶν
1080 5219 1244 5273 αὐτοῦ
1297 5220 1607 5292 στησόμενά
1654 5237 1713 5272 τε
1770 5221 1864 5274 καὶ

271 5306 648 5371 ἀκουσόμεναο
702 5308 882 5363 Δεῦτε
933 5314 988 5364 οὶ
1038 5314 1431 5382 εὐλογημένοι
1490 5313 1596 5366 τοῦ
1639 5314 1868 5381 Πατρός

270 5413 420 5466 μου,
449 5399 949 5470 κληρονομήσατε
974 5401 1088 5470 τὴν
1123 5404 1581 5474 ἡτοιμασμένην
1605 5405 1745 5473 ἰἶυμῖιοε
1765 5406 1873 5470 ,εα-

273 5488 520 5543 σι.ῖειάν
549 5491 665 5544 ἀπὸ
687 5493 1025 5562 καταϐολῆς
1043 5495 1157 5565 (l4)
1189 5497 1440 5564 κόσμου.
1462 5497 1745 5552 Τοσούτων
1765 5497 1870 5550 τοί-

351 5601 540 5677 ﬁsi-3d.
573 5602 772 5659 P.n~is..
803 5619 921 5677 pag.
986 5606 1104 5662 ll5.

346 5674 390 5705 ⁸⁷
424 5671 559 5728 Dan.
597 5691 690 5739 vn,
729 5671 815 5729 l0;

349 5765 471 5846 (η)-
497 5767 669 5846 Vung
702 5773 796 5824 καὶ
950 5771 1070 5826 Mox
1089 5774 1417 5846 vulgodeest
1438 5777 1511 5845 μὴ
1547 5779 1859 5846 ἐκτεινομέ-

270 5855 395 5908 νην.
424 5839 541 5912 Mox
570 5841 727 5912 vulgo
761 5842 1054 5912 μηδέτερον
1098 5839 1364 5912 μένουσαν
1385 5839 1524 5898 εἷἋ
1549 5847 1624 5899 δέ.
1666 5852 1742 5900 Ad
1766 5839 1857 5902 ἐρα

272 5911 491 5980 quentia
529 5911 600 5966 cf.
638 5911 872 5967 l'tﬁJl‘aOll
924 5911 1074 5966 Vind.
1102 5911 1296 5983 ’lgiut.
1328 5915 1381 5968 ‘3.
1423 5934 1471 5985 ι),
1509 5919 1595 5971 51.

1976 4754 2213 4821 quietem
2263 4755 2480 4820 statuit,
2511 4770 2635 4810 cum
2683 4754 2821 4809 nihil
2873 4753 3108 4809 Verbum
3140 4753 3397 4824 deinceps
3437 4767 3566 4820 ope-

1978 4848 2212 4904 rabitur.
2266 4846 2485 4902 Atcnim
2532 4856 2660 4901 ante
2701 4847 2890 4901 mundi
2925 4846 3395 4913 constitutionem,
3430 4846 3566 4900 nihil

1974 4949 2093 4994 erat
2125 4954 2350 5007 prorsus
2384 4951 2582 5010 printer
2610 4942 2802 5007 Deum,
2834 4939 3064 5010 inquiet.
3096 4937 3165 4994 Et
3194 4942 3411 5011 quando
3442 4941 3564 5010 qui-

1973 5032 2094 5086 dcm
2122 5033 2254 5086 nihil
2293 5043 2434 5098 erat,
2459 5034 2581 5102 jure
2627 5034 2828 5089 merito
2856 5033 2933 5088 illi
2963 5033 3207 5104 quietem
3240 5033 3563 5102 assignavit.

1974 5123 2089 5178 Jam
2143 5125 2195 5178 in
2233 5138 2476 5195 tempore
2521 5127 3012 5183 consummationis
3056 5126 3248 5182 Daniel
3300 5123 3565 5198 prepheta

1975 5227 2102 5273 ante
2135 5220 2388 5273 thronum
2424 5219 2520 5274 Dei
2561 5220 2878 5276 constitisse
2908 5222 3143 5276 aﬂirmat
3186 5222 3566 5276 innumerabi-

1974 5313 2078 5368 lem
2107 5314 2428 5384 angelorum
2473 5314 2876 5369 multitudinem
2909 5330 2918 5363 :
2955 5314 3134 5369 Millia
3178 5316 3427 5380 millium,
3467 5316 3562 5379 ait,

1979 5407 2357 5459 ministrabant
2402 5407 2528 5460 illi:
2559 5418 2606 5461 et
2643 5408 2815 5462 decies
2871 5408 3063 5462 millies
3118 5420 3336 5464 centena
3395 5408 3564 5460 millia

1985 5499 2298 5552 assistebant
2327 5501 2398 5552 ei.
2430 5497 2707 5554 Iudicium
2752 5501 2908 5567 sedit,
2939 5511 2982 5554 et
3010 5501 3135 5556 lilni
3163 5502 3330 5572 aperti
3363 5502 3563 5558 sunt".

2043 5778 2149 5844 (l5)
2189 5777 2356 5842 Vulgo
2387 5794 2628 5846 προειστ.

2045 5851 2154 5919 (li)
2192 5849 2355 5920 Vulgo
2385 5849 2478 5901 “:05
2504 5867 2555 5902 κ.
