4032 6436
597 401 699 455 919

1306 392 1570 453 EUSEBII
1608 391 2086 450 CESARIENSIS
2121 388 2273 447 OPP.
2312 386 2491 445 PARS
2529 385 2619 441 IV.
2655 380 3180 449 —DOGMAT|CA.\,

3704 368 3805 431 9%

601 514 707 568 Sed
740 522 792 566 et
838 522 962 566 tunc
1003 519 1267 580 pratcrea
1310 507 1566 576 temporis
1612 506 1911 562 consistent
1959 517 2140 559 omne!

2251 517 2345 553 νυν
2383 498 2656 571 ἐσομένων
2691 498 2784 551 καὶ
2827 495 3091 549 ἀθάνατον
3135 490 3283 580 ζωὴν
3323 482 3639 580 (noctedi

602 603 673 654 illi
721 602 813 654 ﬁlii
858 601 1025 654 futuri
1067 599 1270 654 saeculi.
1321 597 1497 652 Beata:
1546 595 1997 664 patriarcharum,
2028 608 2150 661 pro.

600 695 878 753 plietarum
916 681 970 745 et
994 689 1357 757 apostolorum
1387 686 1578 740 animae
1598 725 1613 749 ,
1646 684 1869 753 spiritus
1900 684 1973 737 illi
2001 697 2148 736 mar-

601 793 776 848 tyrum
802 781 995 834 sancti.
1019 776 1217 831 Omnes
1238 790 1451 846 quoque
1472 775 1777 830 Servatoris
1800 774 1967 828 nostri
1996 786 2149 835 oves,

602 884 721 936 qua:
765 884 794 920 a
840 869 1045 922 dextris
1095 868 1264 935 ipsius
1313 866 1625 918 constituta:
1652 864 1913 917 audient:
1949 859 2147 923 Venite,

598 959 853 1013 benedicti
882 959 1057 1012 Patris
1088 958 1211 1019 mei,
1242 956 1499 1025 possidete
1547 971 1756 1024 regnum
1796 964 2149 1020 purpuratum

598 1050 740 1103 vobis
783 1067 814 1101 α
847 1048 1003 1119 jactis
1041 1047 1224 1100 mundi
1259 1046 1613 1114 fundamentis
1635 1044 1701 1095 ⁸³.
1731 1045 1993 1108 Quocirca
2024 1058 2147 1096 cum

599 1141 682 1193 vel
734 1147 850 1207 post
898 1138 1086 1206 jndicii
1135 1147 1362 1203 tempus.
1410 1148 1588 1189 tantus
1640 1149 1897 1187 numerus
1958 1147 2149 1186 eorum

600 1231 811 1284 futurus
850 1240 953 1295 est,
1007 1230 1097 1299 qui
1143 1230 1335 1283 victuri
1384 1235 1512 1279 sunt
1560 1226 1725 1278 vitam
1766 1224 2146 1289 immortalem,

597 1322 722 1387 quid
757 1335 932 1374 causa:
971 1321 1189 1373 subesse
1241 1316 1457 1386 poterit,
1487 1330 1585 1369 cur
1623 1328 1733 1367 non
1759 1321 1812 1367 et
1840 1322 1949 1365 tum
1984 1313 2146 1365 etiam

598 1412 689 1465 Dei
720 1411 952 1466 Verbum
986 1409 1275 1479 operetur?
1306 1406 1456 1462 Unde
1485 1405 1640 1459 scivit
1668 1403 1966 1469 Marcellus,
2003 1404 2145 1472 quod

594 1513 932 1567 nequaquam
975 1508 1083 1552 tum
1117 1507 1334 1551 sanctos
1363 1510 1488 1550 suos
1528 1494 1669 1548 Deus
1696 1494 1770 1546 sit
1796 1494 2144 1556 allocutnrus,

597 1604 769 1660 neque
792 1589 970 1644 Verbo
1011 1601 1110 1641 suo
1158 1603 1351 1642 usurus
1384 1586 1635 1641 etfectivo
1664 1629 1679 1653 ,
1708 1586 1801 1639 sed
1833 1587 1973 1654 quod
2001 1583 2149 1637 futu-

597 1695 713 1734 rum
749 1680 817 1732 sit
851 1680 902 1731 in
940 1680 1048 1733 Deo
1098 1675 1351 1741 Verbum,
1397 1677 1847 1744 quemadmodum
1893 1684 1950 1727 et
1998 1673 2146 1742 prius

595 1773 790 1832 t‘uerat,
842 1772 1063 1823 omnino
1100 1769 1490 1836 conquiescens
1521 1778 1573 1820 et
1598 1766 2006 1821 conticescens!
2032 1763 2146 1819 Hoc

2250 590 2342 643 τόν
2366 590 2464 660 τῆς
2495 589 2727 659 κρίσεως
2775 586 2985 658 καιρὸν.
3018 582 3106 637 διὰ
3133 582 3187 635 τί
3229 578 3303 651 μὴ
3343 577 3627 647 ἐνεργήσει
3658 577 3687 627 ό
3712 571 3798 627 τοῦ

2249 678 2383 733 Θεοῦ
2417 682 2589 748 Λόγος
2622 681 2717 732 καὶ
2738 677 2889 742 τότε;
2921 675 3089 729 Πόθεν
3130 672 3189 726 δὲ
3220 667 3519 741 Μαρκέλλῳ
3563 664 3800 736 παρέστη

2249 772 2651 841 ἀποφήνασθαι,
2676 773 2759 824 ὅτι
2788 771 2888 823 οὐκ
2923 768 3003 821 ἔτι
3026 766 3252 837 λαλήσει
3286 765 3399 825 τοῖς
3421 761 3600 828 ἁγίοις
3630 754 3802 819 όΘεος

2248 863 2388 925 τότε,
2420 862 2538 916 οὐδὲ
2580 866 2838 933 χρήσεται
2884 856 3089 929 ἐνεργῷ
3120 854 3200 925 τῷ
3251 853 3416 908 αὑτοῦ
3462 850 3641 919 Λόγῳ,
3689 846 3802 900 ἀλλ’

2248 953 2422 1017 ἔσται,
2442 953 2519 1014 ώς
2544 954 2638 1007 καὶ
2666 952 2928 1024 πρότερον
2958 946 3047 1021 ἦν,
3080 950 3138 1000 ἐν
3168 946 3334 1016 αὐτῷ,
3363 942 3581 997 σιωπῶν
3607 936 3803 1010 δηλαδὴ

2248 1044 2342 1095 καὶ
2365 1043 2684 1114 ήσυχάξωνς
2717 1041 2887 1095 Τοῦτο
2917 1042 3024 1112 γὰρ
3056 1039 3288 1108 παρίστη
3330 1034 3587 1097 πολλάκις
3618 1029 3801 1095 εἰπὼν,

2246 1135 2366 1187 τότε
2396 1133 2613 1187 ἔσεσθαι
2660 1134 2820 1187 αὑτὸν
2840 1134 2915 1197 ὼς
2947 1129 3320 1199 καὶπρότερον
3357 1121 3425 1196 ἢν
3450 1142 3464 1155 ι
3490 1121 3558 1194 ἦν
3585 1122 3643 1175 δὲ
3676 1118 3806 1190 πρό-

2245 1241 2423 1296 τερον,
2455 1226 2531 1289 ὡς
2557 1225 2717 1287 αὐτὸς
2749 1224 2873 1295 ἔφη,
2897 1225 2957 1276 ὲν
2992 1220 3205 1292 ἠσυχίᾳ.
3250 1217 3458 1271 Οὐκοῦν
3494 1212 3807 1282 ἀποσιωπής

2248 1331 2332 1367 σει
2358 1315 2478 1367 τότε
2508 1316 2536 1367 ό
2572 1314 2725 1377 Θεὸς,
2777 1313 2885 1385 πρὸ
2912 1314 3100 1366 τούτου
3131 1310 3230 1381 μὲν
3262 1307 3459 1369 λαλῶν,
3486 1307 3582 1358 καὶ
3602 1302 3682 1373 τῷ
3710 1301 3807 1354 Λό-

2247 1423 2328 1476 γῳ
2354 1406 2634 1477 χρώμενος
2660 1404 2885 1475 ἐνεργῷ,
2912 1404 3036 1457 τότε
3088 1403 3146 1456 δὲ
3183 1402 3302 1455 κατ’
3348 1399 3521 1468 αὐτὴν
3563 1395 3676 1467 (15)
3708 1393 3805 1463 τὴν

2246 1496 2656 1567 ἐπηγγελμένην
2683 1494 2951 1563 βασιλείαν
2980 1493 3223 1563 οὐρανῶν
3256 1490 3351 1545 τοῦ
3386 1489 3590 1543 οἰκείου
3634 1486 3805 1552 Λόγου

2247 1586 2339 1640 καὶ
2365 1586 2467 1655 τῆς
2487 1588 2546 1638 ἐν
2584 1585 2730 1656 αὑτῴ
2753 1584 2939 1653 σοφίας
2974 1582 3288 1653 ἀποστερῶν
3308 1584 3434 1643 τοὺς
3462 1579 3651 1647 ἁγίους
3697 1574 3805 1645 (16)

2244 1676 2429 1732 αὑτοῦ.
2489 1678 2649 1748 Ὁρᾷς
2700 1681 2781 1741 είς
2827 1672 2939 1732 οἷον
2989 1676 3273 1748 κεχώρηκε
3320 1672 3563 1745 κρημνὸν
3622 1667 3808 1740 μηδενὶ

2246 1767 2567 1839 χειραγωγῷ
2619 1770 2981 1839 χρησάμενος,
3016 1766 3148 1839 μηδὲ
3178 1766 3298 1827 ταῖς
3331 1763 3501 1825 θείαις
3542 1759 3806 1832 Γραφαϊς.

589 1861 733 1913 enim
758 1860 1029 1914 multoties
1057 1858 1342 1914 aﬂirmavit
1365 1860 1550 1913 dicens
1578 1876 1591 1910 :
1628 1876 1647 1909 ι
1676 1857 1827 1911 Tunc
1849 1857 1951 1911 erit
1987 1856 2140 1919 illud,

2248 1857 2431 1911 Ταῦτα
2456 1858 2585 1927 γοῦν
2613 1860 2787 1912 πάντα
2817 1857 2924 1914 ἀπό
2958 1860 3084 1930 μιᾶς
3108 1856 3312 1926 φωνῆς,
3341 1854 3408 1924 ἢν
3436 1852 3511 1923 μὴ
3532 1850 3807 1919 νενόηκεν,

596 1970 616 2002 ι
661 1952 802 2019 quod
847 1959 903 2006 et
951 1950 1100 2021 prius
1132 1950 1501 2027 fueratzerat
1537 1959 1717 2002 autem
1769 1948 1936 2011 prius.
1987 1956 2045 1999 ut
2087 1954 2142 2000 et

594 2061 615 2094 ι
665 2043 777 2109 ipse
804 2056 1017 2111 quoque
1047 2039 1272 2095 aﬂirmat
1302 2041 1352 2095 in
1385 2042 1584 2110 quiete.
1625 2039 1965 2093 Conticeseet
2010 2052 2141 2107 ergo

594 2152 613 2185 ι
661 2134 827 2196 Deus,
858 2149 955 2203 per
977 2133 1109 2188 illud
1141 2144 1366 2203 tempus,
1392 2133 1482 2203 qui
1516 2133 1668 2201 prius
1699 2131 1876 2185 fuerat
1906 2130 2137 2193 locutus,

593 2243 613 2274 σ
656 2234 712 2279 et
746 2240 873 2279 usus
921 2240 1017 2279 suo
1050 2224 1223 2279 Verbo
1271 2224 1569 2292 operativo.
1601 2224 1671 2275 At
1707 2232 1836 2275 tunc
1884 2234 1980 2288 per
2011 2236 2136 2287 pro-

593 2335 613 2365 e
661 2316 880 2369 missum
908 2315 1039 2368 illud
1071 2315 1332 2369 caelorum
1357 2329 1602 2384 regnum,
1633 2314 1853 2382 proprio
1880 2328 1977 2367 suo
2006 2310 2139 2365 Ver-

592 2424 611 2456 ι
660 2405 749 2469 bo,
798 2414 853 2459 et
902 2406 1046 2460 omni
1083 2420 1202 2475 qua:
1234 2406 1287 2459 in
1330 2405 1424 2459 illo
1453 2406 1557 2459 sita
1585 2413 1668 2459 est
1696 2405 1984 2473 sapientia,
2014 2418 2139 2457 san-

593 2516 612 2547 ι
661 2507 777 2550 ctos
822 2511 949 2551 suos
986 2497 1201 2565 penitus
1249 2496 1555 2565 privaturus
1596 2505 1701 2549 est.
1736 2514 1755 2547 ι
1787 2495 1927 2550 Ecce
1959 2504 2135 2549 autem

585 2588 639 2641 in
665 2587 945 2657 qualenam
979 2603 1037 2641 se
1061 2586 1415 2656 praacipitium
1444 2585 1672 2650 dederit,
1701 2586 1827 2638 dum
1867 2587 2136 2640 neminem

584 2679 688 2733 sibi
717 2678 938 2732 adhibet
980 2680 1417 2731 manuductorem
1446 2696 1459 2732 :
1495 2692 1593 2731 nec
1623 2679 1847 2731 advocat
1896 2676 2137 2745 Scriptu-

2246 1950 2419 2019 ἑαυτῷ
2444 1950 2751 2019 συνέθηκεν.
2771 1951 2977 2004 Αὐτίκα
2998 1950 3249 2021 χωρήσας
3268 1948 3360 2000 ἐπὶ
3381 1946 3477 2006 τὰς
3508 1939 3809 2006 ἀποδείξεις

2244 2040 2344 2111 τῆς
2369 2042 2511 2105 Νέας
2565 2041 2659 2095 καὶ
2700 2042 2909 2111 Καινῆς
2967 2039 3259 2111 Διαθήκης,
3314 2034 3653 2105 πανταχόθεν
3710 2031 3809 2102 μὲν

2243 2132 2505 2204 ⁴ἠλαύνετο
2554 2132 3080 2205 στενοχωρούμενος·
3136 2131 3264 2202 μίαν
3314 2129 3371 2182 δὲ
3423 2128 3590 2197 μόνην
3634 2122 3807 2195 εὑρὼν

2246 2221 2384 2287 λέξιν
2404 2226 2468 2294 τῇ
2501 2223 2664 2276 αὐτοῦ
2699 2222 3139 2294 συμϐαλλομένην
3163 2218 3469 2288 κακοδοξίᾳ,
3497 2216 3688 2286 ὥσπερ
3706 2214 3811 2265 τινὶ

2244 2314 2546 2384 περιτυχὼν
2603 2315 2846 2387 ὲρμαίῳ,
2899 2313 3071 2385 ταύτῃ
3126 2313 3263 2383 μόνῃ
3314 2309 3642 2378 συνεπλάκη,
3702 2304 3808 2357 οὐδ’

2243 2406 2377 2477 αὐτῇ
2413 2409 2476 2458 ὲκ
2496 2404 2786 2477 προσώπου
2804 2404 2899 2458 τοῦ
2928 2406 3177 2476 Σωτῆρος
3206 2407 3238 2473 ἡ
3248 2403 3362 2473 μῶν
3376 2403 3495 2472 είρη
3506 2400 3663 2469 μένῃ,
3690 2396 3808 2450 ἀλλ’

2243 2500 2306 2550 ὲκ
2330 2495 2617 2568 προσώπου
2646 2496 2737 2549 τοῦ
2768 2494 3177 2564 εὐαγγελιστοῦο
3205 2494 3268 2546 δι’
3302 2489 3368 2565 ἧς
3397 2491 3560 2544 αὐτὸν
3590 2489 3807 2559 ὠνόμα-

2246 2603 2356 2651 σεν,
2401 2588 2496 2640 Ἐν
2522 2586 2683 2655 ἀρχῇ
2706 2584 2784 2657 ἦν
2816 2591 2849 2641 ὁ
2880 2588 3090 2655 Λόγος,
3121 2591 3310 2647 εξπων,
3336 2584 3434 2636 καὶ
3460 2586 3491 2636 ό
3514 2584 3708 2651 Λόγος
3730 2576 3809 2649 ἦν

2243 2678 2392 2746 πρὸς
2414 2678 2520 2731 τὸν
2544 2678 2711 2741 Θεὸν,
2761 2678 2857 2730 καὶ
2886 2677 3029 2730 Θεὸο
3061 2672 3138 2745 ἦν
3158 2678 3189 2729 ό
3232 2676 3413 2742 Λόγος
3439 2690 3452 2703 ·
3494 2672 3646 2726 ἐνθεν
3678 2670 3807 2739 γοῦν

584 2783 675 2823 ras
708 2770 758 2821 in
799 2769 1099 2821 consilium.
1139 2768 1271 2821 Nam
1310 2771 1421 2823 haec
1454 2770 1631 2821 omnia
1675 2769 1787 2836 ipse
1826 2768 1925 2821 sibi
1969 2766 2137 2821 fabri-

2241 2768 2517 2839 όρμηθεὶς,
2551 2768 2627 2832 ὼς
2661 2767 2825 2838 μηδὲν
2858 2768 2982 2819 ὄντα
3006 2768 3191 2835 ἓτερον
3228 2765 3260 2836 ἢ
3295 2765 3469 2832 λόγον,
3500 2766 3687 2834 ὅμοιον
3728 2762 3805 2831 τῷ

581 2868 701 2911 cata
732 2858 946 2929 collegit
979 2859 1045 2911 de
1080 2875 1183 2912 una
1216 2874 1347 2912 voce
1378 2874 1653 2927 perperam
1678 2858 1968 2913 intellecta.
1998 2857 2130 2913 Nam

2241 2861 2366 2929 παρ’
2386 2863 2517 2930 ἡμῖν
2548 2860 2892 2929 ὲγνωσμὲνῳ,
2920 2859 3009 2912 ’ὢν
3040 2858 3167 2911 Υἱὺν
3196 2858 3485 2929 ἠρνήσατο.

580 2952 669 3003 ubi
718 2965 777 3004 se
812 2953 875 3003 ad
927 2952 1411 3006 demonstrationes
1450 2953 1798 3022 applicuerat,
1845 2954 1910 3008 de
1935 2951 2280 3009 Testamento
2318 2953 2499 3010 Veteri
2539 2965 2701 3025 atque
2742 2953 2934 3007 Novo:
3000 2954 3345 3022 nndiquaque
3374 2961 3521 3007 certe
3555 2948 3809 3019 impelle-

578 3043 760 3109 batur,
802 3045 852 3096 in
880 3046 1155 3113 angustias
1188 3044 1592 3112 conjiciebatur,
1617 3062 1775 3100 unam
1803 3062 1927 3101 vero
1949 3047 2193 3101 voculam
2219 3050 2305 3103 vix
2346 3050 2560 3102 tandem
2590 3049 2811 3116 reperit,
2848 3052 2905 3109 ›Ῑ‹
2925 3061 3044 3114 qua:
3069 3045 3232 3113 ipsius
3261 3030 3526 3097 haeretica:
3564 3040 3807 3110 Opinioni

582 3135 764 3189 favere
818 3136 927 3188 visa
983 3148 1089 3193 est.
1127 3136 1255 3191 huic
1298 3138 1387 3190 uni
1439 3148 1690 3205 tanquam
1731 3153 1852 3191 cum
1908 3140 2051 3193 bono
2097 3140 2204 3194 Deo
2254 3140 2541 3193 adinvento
2577 3139 2905 3192 adminiculo
2959 3152 3018 3191 se
3054 3135 3329 3205 applicuit.
3362 3133 3472 3188 Nec
3510 3146 3631 3189 erat
3681 3132 3804 3202 qui-

581 3226 701 3277 dem
763 3225 997 3289 illud,de
1027 3241 1251 3293 persona
1290 3227 1597 3282 Servatoris
1623 3231 1793 3283 nostri
1816 3230 2011 3284 dictum
2039 3241 2384 3298 usurpatum,
2427 3232 2520 3285 sed
2550 3229 2908 3299 evangelistzc.
2944 3228 3074 3282 Nam
3100 3228 3146 3283 is
3186 3243 3309 3282 cum
3350 3228 3421 3279 ita
3456 3225 3712 3294 appellat,
3738 3223 3806 3279 In

579 3312 839 3379 principio
883 3324 992 3366 erat
1035 3314 1275 3381 Verbum,
1329 3317 1598 3383 inquiens,
1628 3328 1677 3371 et
1712 3318 1930 3373 Verbum
1961 3333 2071 3375 erat
2096 3324 2235 3390 apud
2254 3320 2443 3386 Deum,
2474 3332 2521 3375 et
2556 3321 2694 3375 Deus
2716 3333 2827 3376 erat
2852 3320 3080 3374 Verbum
3098 3320 3165 3373 °’.
3209 3320 3345 3373 Hinc
3392 3318 3481 3373 ille
3529 3318 3808 3387 prolectus

554 3400 775 3491 vFilinm
814 3404 1127 3473 planissime
1160 3421 1473 3477 pernegavn
1521 3419 1775 3479 tanquam
1801 3414 1895 3482 qui
1927 3412 2079 3482 prius
2122 3412 2257 3467 nihil
2283 3412 2427 3467 aliud
2452 3422 2589 3480 erat,
2617 3428 2780 3483 quam
2815 3414 3036 3469 verbum
3078 3411 3411 3467 simillimum
3437 3410 3563 3465 huic
3589 3420 3805 3465 nostro.

1204 3501 1353 3555 CAP.
1398 3502 1465 3557 Χ.

581 3590 736 3656 Quod
759 3606 862 3643 non
890 3600 1027 3645 recte
1058 3593 1190 3659 cepit
1230 3592 1364 3715 ἷιιυά
1391 3606 1409 3644 :
1442 3612 1459 3644 ι
1485 3592 1551 3648 In
1570 3596 1827 3667 principia
1854 3608 1969 3653 erat
2007 3597 2138 3653 Ver-

1270 3679 1417 3715 um.»

1270 3679 1417 3716 um.)

650 3751 934 3805 Enimvero
988 3767 1093 3805 non
1144 3752 1313 3807 solum
1362 3754 1531 3810 solius
1561 3756 1720 3811 Verbi
1750 3759 1965 3813 nomine
1988 3773 2137 3814 com-

579 3842 799 3909 pellavit
846 3859 1072 3912 magnus
1108 3853 1161 3898 et
1195 3845 1408 3900 divinus
1458 3848 1805 3918 evangelista,
1847 3850 1989 3918 quod
2026 3851 2137 3919 jam

581 3930 777 3995 smpitts
811 3946 839 3983 a
867 3932 1018 3985 nobis
1045 3933 1247 3987 dictum
1280 3944 1381 4000 est,
1411 3937 1502 3989 sed
1542 3937 1733 4003 Deum,
1758 3938 2046 4005 etLucem,
2081 3951 2137 3997 et

580 4016 800 4080 Filium,
835 4029 887 4071 et
943 4018 1283 4088 Unigeuitum
1324 4026 1667 4092 :quinetiam
1712 4028 1859 4081 illum
1899 4030 2134 4097 seipsutn

580 4102 951 4167 Servatorem,
996 4107 1215 4159 verbum
1260 4116 1437 4162 autem
1486 4111 1652 4166 solius
1696 4112 1988 4183 Scriptura:
2035 4132 2137 4171 ne-

578 4208 845 4261 quaquam
879 4195 1176 4263 appellasse
1204 4199 1483 4265 perhibet;
1518 4215 1610 4268 per
1639 4202 1944 4257 universum
1975 4221 2135 4275 porro

579 4287 927 4354 Evangelium
968 4290 1155 4353 vitam,
1214 4300 1268 4345 et
1326 4292 1522 4359 lucem,
1580 4303 1636 4348 et
1691 4296 2047 4366 unigenitum,
2082 4308 2137 4352 et

577 4377 772 4432 Filium
829 4380 940 4446 Dei,
991 4391 1046 4433 et
1095 4383 1399 4449 veritatem,
1446 4394 1500 4438 et
1550 4389 2035 4453 resurrectionem;
2082 4399 2135 4443 et
2170 4388 2183 4407 '

577 4483 767 4535 panem
793 4473 936 4535 vitze,
967 4483 1020 4526 et
1051 4474 1237 4537 vitem,
1270 4484 1325 4529 et
1374 4488 1667 4544 pastorem,
1722 4486 1777 4532 et
1824 4478 2137 4535 innumeras

576 4558 709 4612 alias
736 4562 1170 4616 nomenclaturas
1204 4572 1263 4616 ut
1309 4563 1362 4617 in
1401 4566 1829 4633 pracedentibus
1858 4578 2134 4623 ostensum

575 4658 679 4701 est.
721 4649 857 4714 Quid
884 4667 1059 4706 causa:
1088 4652 1273 4718 fuerit,
1303 4664 1359 4707 ut
1402 4670 1524 4707 cum
1547 4666 1635 4731 ⁸ιοι
1676 4658 1787 4711 sint
1812 4669 1867 4712 et
1896 4659 2053 4725 tales,
2082 4662 2133 4714 in

576 4738 721 4790 nulla
774 4740 878 4792 alia
933 4741 1232 4795 substiterit
1266 4742 1521 4807 dictione,
1565 4744 1659 4797 sed
1719 4761 1819 4799 nec
1871 4748 2135 4803 curiosius

2891 3507 3048 3561 ΚΕΦ.
3090 3509 3147 3559 l'.

2238 3621 2357 3675 ’Ότι
2384 3620 2470 3692 μὴ
2489 3618 2674 3690 ὀρθῶς
2697 3621 2941 3686 ἐδέξατο
2968 3623 3037 3675 τό
3056 3638 3101 3672 ἰ
3126 3621 3221 3675 Ἐν
3233 3618 3391 3689 ἀρχῇ
3406 3616 3530 3690 ἦνό
3552 3622 3802 3689 Λόγος.»

2304 3758 2496 3811 Καίτοι
2538 3756 2600 3809 οὐ
2629 3756 2799 3823 Λόγον
2836 3756 2994 3826 μόνον
3026 3755 3187 3817 αὐτὸς
3220 3756 3249 3806 ὁ
3302 3753 3477 3821 μέγας
3516 3753 3611 3805 κα)⁵
3660 3751 3807 3815 θεῖος

2234 3845 2622 3916 εὐαγγελιστὴς
2655 3846 2941 3916 κέκληκεν,
2990 3845 3065 3909 ὡς
3100 3844 3357 3906 πολλάκις
3392 3844 3522 3913 ημῖν
3562 3842 3804 3914 εἴρηται,

2235 3936 2372 3991 ἀλλὰ
2416 3938 2509 3990 καὶ
2540 3937 2690 3993 Θεὸν.
2723 3938 2816 3989 καὶ
2849 3938 2988 4001 Φῶς,
3025 3937 3120 3990 καὶ
3147 3936 3296 4000 Υἱὸν,
3344 3937 3438 3989 καὶ
3481 3933 3801 4003 Μονογενῆ·

2236 4028 2399 4081 αὐτόν
2430 4045 2489 4081 τε
2528 4028 2616 4081 τὸν
2662 4029 2890 4099 Σωτῆρα
2939 4030 3142 4099 ἱστορεῖ
3198 4027 3386 4080 ἑαυτὸν
3426 4024 3807 4080 ἀποκαλοῦντα

2235 4116 2391 4185 λόγον
2421 4117 2519 4186 μὲν
2546 4116 2781 4185 οὐδαμοῦ
2809 4118 2909 4187 τῆς
2934 4118 3176 4187 Γραφῆς,
3210 4119 3276 4171 δι’
3300 4118 3420 4171 ὅλου
3441 4118 3496 4170 δὲ
3515 4116 3608 4170 τοῦ
3631 4118 3808 4186 Εὐαγ-

2235 4207 2416 4275 γελίου
2446 4208 2588 4279 ζωὴν
2611 4210 2701 4261 καὶ
2731 4209 2863 4279 φῶς,
2895 4211 2989 4262 καὶ
3026 4210 3323 4281 Μονογενῆ,
3356 4214 3448 4264 καὶ
3482 4210 3610 4263 Υἱὸν
3641 4210 3803 4277 Θεοῦ,

2241 4299 2329 4352 καὶ
2355 4299 2627 4370 ἀλήθειαν,
2672 4300 2765 4352 καὶ
2790 4301 3103 4364 ἀνάστασιν,
3142 4303 3234 4355 καὶ
3284 4302 3446 4373 ἄρτον
3493 4302 3658 4373 ζωῆς,
3709 4306 3806 4359 καὶ

2237 4389 2497 4458 ἄμπελον,
2531 4394 2621 4445 καὶ
2643 4392 2896 4462 ποιμένα,
2932 4394 3026 4446 καὶ
3064 4394 3230 4463 μυρία
3271 4395 3457 4464 ἕτερα,
3480 4394 3669 4467 ὥσπερ
3710 4392 3806 4451 οὖν

2236 4480 2336 4549 ἠδη
2379 4481 2765 4552 προδέδεικται.
2799 4483 2861 4535 Τί
2912 4484 2973 4554 δή
3021 4486 3137 4536 ποτ’
3171 4479 3265 4537 οὖν
3307 4485 3575 4538 τοσούτων
3608 4487 3801 4554 όντων,

2236 4570 2327 4622 ἐπὶ
2361 4571 2461 4640 μὲν
2493 4572 2599 4625 τῶν
2646 4574 2842 4627 λοιπῶν
2881 4576 3134 4629 ἁπάντων
3183 4577 3279 4646 οὐχ
3312 4576 3521 4629 ἵσταται
3567 4577 3683 4647 (18)
3706 4580 3802 4632 ἐπὶ

2234 4658 2335 4728 τῆς
2366 4659 2581 4725 λέξεως,
2610 4662 2707 4731 τὴν
2756 4662 2812 4716 δὲ
2859 4663 2965 4716 τῶν
2998 4664 3302 4734 λεγομένων
3348 4664 3583 4718 διάνοιαν
3636 4666 3805 4719 πολυ-

2237 4754 2561 4818 πραγμονεῖ.
2584 4751 2677 4804 era
2712 4752 2767 4805 δὲ
2801 4753 2961 4823 μόνου
2991 4754 3082 4806 τοῦ
3125 4756 3299 4822 Λόγου
3329 4755 3803 4825 κυριολεκτείσθαι

574 4828 860 4883 verborum
906 4847 1123 4886 sensum
1170 4842 1401 4902 satagat,
1433 4836 1525 4888 sed
1560 4835 1725 4890 solius
1756 4837 1918 4892 Verbi
1946 4853 2131 4893 vocem

2241 4840 2390 4893 αὐτόν
2411 4859 2592 4911 φησιν,
2621 4844 2695 4907 ώς
2718 4846 2868 4898 οὐδὲν
2911 4845 3039 4898 ὄντα
3074 4845 3311 4916 ἕτερονῆ
3344 4847 3550 4913 Λόγον;
3592 4848 3803 4917 Γράφει

580 4925 795 4987 proprie
846 4923 911 4975 de
966 4922 1057 4977 illo
1106 4924 1306 4977 dixerit
1364 4935 1696 4993 usurpatam,
1725 4928 1879 4995 quasi
1931 4939 2131 4997 praeter

572 5005 808 5063 Verbum
842 5012 943 5065 hoc
974 5012 1103 5064 nihil
1149 5011 1287 5066 foret
1338 5012 1501 5066 aliud.
1535 5012 1734 5069 Scribit
1785 5027 1965 5072 autem
1997 5018 2116 5072 toti-

573 5099 692 5153 dem
730 5102 909 5155 verbis
938 5119 950 5154 :
984 5101 1073 5174 [Β.
1102 5102 1242 5177 XL]
1280 5122 1299 5155 ι
1326 5103 1443 5157 Νοιι
1497 5105 1711 5172 quidem
1739 5109 2130 5166 catachrestice

574 5208 595 5240 ι
642 5192 950 5249 nominatus
992 5195 1082 5249 ille
1147 5195 1398 5258 Verbum,
1429 5208 1746 5264 rumpantur
1797 5200 1923 5255 licet
1975 5217 2127 5256 men-

580 5297 599 5329 ‹
650 5282 847 5347 tiendo,
879 5285 969 5350 qui
1002 5285 1212 5339 diversa
1245 5288 1461 5350 docent,
1495 5287 1589 5340 sed
1620 5302 1744 5344 vere
1791 5300 1952 5362 atque
2003 5308 2129 5361 pro-

650 5379 706 5435 νΒ
747 5373 1084 5445 Εό.,Ριιι·ίε.,
1118 5392 1237 5447 pag.
1282 5378 1401 5431 116.

644 5462 688 5495 ⁸⁸
715 5464 904 5519 Matth.
937 5483 1062 5533 xxv,
1093 5470 1179 5523 54.
1256 5470 1300 5501 ⁸³
1330 5471 1482 5526 Juan.
1506 5488 1543 5537 ι,
1570 5477 1624 5525 1.

639 5558 749 5631 (ίεξ)
774 5556 944 5631 Vulgo
969 5576 1077 5615 om.
1106 5563 1223 5631 τήν.

647 5627 756 5697 iiii)
784 5627 952 5697 Vulgo
980 5627 1177 5683 αὐτῶν.

643 5696 754 5759 (l7,
781 5695 954 5762 Vulgo
977 5703 1123 5753 deest
1163 5701 1279 5758 τοῦ.

644 5764 753 5837 (18)
789 5766 911 5821 Ἐπὶ
936 5766 1044 5837 τῆς
1066 5769 1305 5839 λέξεως.
1329 5773 1509 5843 Forte,
1534 5776 1663 5847 μηδὲ
1682 5776 1779 5847 τὴ)
1808 5776 1969 5845 λέξιν,
1991 5780 2125 5851 μηδι

2233 4930 2278 4982 δ’
2327 4927 2418 4985 οὖν
2457 4934 2638 4997 αὐτοῖς
2686 4938 2893 5005 ῥήμασι
2914 4936 3117 5005 λέγων·
3146 4956 3165 4987 ι
3216 4937 3289 4989 Οὐ
3345 4938 3802 5007 καταχρηστικῶς

2240 5037 2257 5071 ι
2290 5022 2627 5092 ὀνομασθεὶςί
2655 5025 2843 5092 Λόγος,
2874 5024 2973 5078 κᾶν
3008 5025 3371 5097 διαρραγῶσιν
3404 5028 3452 5078 οἱ
3498 5026 3802 5097 ἑτεροδιδα-

2240 5131 2260 5165 ι
2291 5115 2611 5179 σκαλοῦντες
2651 5116 2983 5187 ψευδόμενοι,
3014 5116 3151 5170 ἀλλά
3183 5117 3386 5188 κυρίως
3428 5133 3490 5169 τε
3529 5116 3623 5170 καὶ
3674 5118 3804 5189 ἀλη-

2241 5226 2260 5258 ι
2297 5207 2403 5270 θῶς
2439 5208 2698 5279 ὑπάρχων
2726 5210 2915 5277 Λόγος.
2954 5230 2972 5261 ι
3011 5210 3120 5263 Καὶ
3178 5208 3372 5262 πάλιν
3409 5226 3428 5258 ι
3461 5208 3801 5264 Μανθανέτω

2243 5317 2262 5350 ι
2296 5300 2473 5355 τοίνυν
2504 5302 2638 5357 Θεοῦ
2672 5305 2842 5373 Λόγον
2872 5303 2983 5377 (19)
3013 5301 3347 5374 ἐληλυθέναι,
3399 5302 3459 5355 οὐ
3492 5302 3663 5370 Λόγον
3697 5320 3800 5357 κα-

2239 5574 2498 5647 τὴνητῶν
2529 5586 2585 5627 et
2615 5591 2774 5647 voces
2796 5588 2849 5630 et
2880 5580 3174 5647 signiﬁcata
3201 5579 3402 5632 omisit.
3439 5578 3509 5634 Μ.

2306 5644 2419 5713 (19)
2441 5646 2864 5719 -Ἔληλυθέναι,
2897 5644 3035 5702 Αἶιιε
3068 5647 3503 5719 κατεληλυθέναι.
3533 5648 3663 5714 Qum
3716 5653 3796 5702 di-

2233 5724 2409 5787 sputat
2440 5716 2492 5767 in
2527 5720 2895 5787 sequentibus,
2929 5732 3052 5772 sunt
3089 5716 3307 5773 crambe
3342 5721 3426 5772 bis
3475 5722 3668 5787 posita.
3706 5722 3795 5773 οὖν

2231 5781 2316 5835 δὲν
2336 5782 2518 5855 ’ἕτερον
2550 5781 2773 5856 ἢζωήν,
2809 5781 2929 5843 nam
2957 5791 3030 5844 ita
3076 5792 3130 5843 in
3174 5781 3624 5859 pratcedentibus,
3656 5802 3789 5853 tum,
