4032 6440
245 420 346 478 9‘2!

1194 412 1284 470 DE
1324 412 1867 471 ECCLESiASTlCA
1904 411 2310 470 THEOIDGIA
2351 412 2479 470 LIB.
2528 415 2588 471 ll.

3436 422 3543 476 922

268 558 288 589 ι
321 535 703 608 ταχρηστικῶς
747 534 1137 607 ὀνομασθέντα,
1175 535 1252 600 ὡς
1294 536 1448 589 αὐτοί
1493 552 1676 604 φασιν,
1728 534 1818 588 ἁλὶ

1954 552 1972 583 ι
2025 534 2146 601 prie
2171 534 2405 589 Verbum
2432 535 2669 590 exsistit.
2707 553 2728 587 ι
2757 534 2824 589 Et
2876 535 3074 591 iterum
3102 554 3117 591 :
3144 537 3236 609 (Β.
3271 526 3540 618 XXXIX]

259 649 277 679 ι
318 628 493 701 ἀληθῆ
522 631 649 682 ὄντα
677 628 869 695 Λόγον.
896 646 915 679 ι
954 628 1065 681 Καὶ
1094 622 1277 691 αὖθις·
1330 648 1347 678 ι
1376 628 1649 699 Πρότερον
1670 666 1685 691 ,
1732 626 1840 680 ὦσ-

256 742 363 796 mp
392 725 647 787 πολλάκις
686 724 843 793 ἔφην,
886 722 1039 777 οὐδὲν
1064 722 1251 791 ἕτερον
1303 717 1372 792 ἦν
1402 722 1434 792 ἢ
1468 722 1705 790 Λόγος-ι
1743 725 1861 775 καὶ.

250 816 447 870 πάλινο
489 834 508 866 ι
548 815 661 886 Πρὸ
691 814 787 867 τοῦ
830 813 1131 875 κατελθεῖν,
1169 815 1264 867 καὶ
1289 813 1377 866 διὰ
1424 813 1526 883 τῆς
1558 814 1837 886 Παρθένου

255 930 274 959 ι
314 909 592 979 τεχθῆναι,
634 908 807 976 Λόγος
846 903 913 979 ἧν
968 908 1164 979 μόνον·
1223 908 1346 961 ἐπεὶ
1403 907 1471 960 τὶ‹
1505 907 1694 978 ἕτερον
1744 901 1834 976 ἦν,

254 1019 275 1051 ε
323 1000 427 1070 πρὸ
449 998 542 1052 τοῦ
570 999 669 1068 τὴν
698 999 1050 1072 ἀνθρωπίνην
1079 999 1372 1053 ἀναλαόεῖν
1407 999 1585 1070 σάρκα
1617 1000 1679 1051 τὸ
1706 1015 1837 1052 κατ-

254 1112 275 1142 ι
305 1090 456 1144 ελθὸν
493 1090 580 1142 ἐπ’
602 1091 847 1161 ἐσχάτων
876 1090 983 1143 τῶν
1010 1089 1253 1162 ἡμερῶν,
1288 1091 1365 1154 ὡς
1381 1092 1474 1145 καὶ
1492 1091 1653 1155 αὐτὸς
1670 1091 1837 1163 ιγρα-

254 1200 275 1235 ι
316 1197 417 1250 φε;
444 1180 553 1233 Καὶ
590 1180 652 1233 τὸ
682 1180 940 1249 γεννηθὲν
962 1182 1027 1233 ὲκ
1055 1181 1153 1251 τῆς
1194 1182 1476 1253 Παρθένου
1531 1182 1684 1235 οὐδὲν
1712 1182 1833 1277 ξε-

252 1291 275 1325 s
309 1290 400 1344 ρον
432 1267 499 1343 ἦν
533 1271 567 1341 ἢ
590 1272 783 1339 Λόγος.
830 1290 849 1322 ι
879 1271 1063 1324 Ταῦτα
1098 1272 1401 1343 Μαρκέλλῳ
1422 1271 1632 1341 λέγοντι
1670 1267 1835 1344 ἦιῖᾶν

243 1365 458 1419 δίκαιον
514 1362 716 1417 τοιανδὶ
771 1364 1143 1433 προσαγαγεῖν
1204 1361 1419 1417 πεῦσιν.
1479 1363 1589 1415 Καὶ
1666 1363 1834 1418 πόθεν

242 1459 401 1527 ἡμῖν,
432 1449 477 1509 ὦ
501 1450 676 1520 οὗτος,
700 1454 762 1508 τὸ
791 1453 973 1509 οὐδὲν
1002 1453 1209 1521 ἕτερον
1233 1454 1345 1521 (‘20)
1380 1454 1700 1527 προστίοῃς,
1740 1457 1833 1509 καὶ

242 1548 309 1601 τὸ
324 1550 555 1616 pila-or;
580 1545 656 1598 Τὸ
683 1545 781 1617 μὲν
802 1545 930 1617 γὰρ,
961 1546 1063 1599 Ἐν
1088 1542 1247 1613 ἀρχῇ
1274 1540 1354 1613 ἦν
1375 1548 1408 1598 ό
1435 1546 1645 1615 Λόγος,
1676 1548 1834 1617 ἀκρι-

247 1638 360 1701 ϐῶς
389 1637 637 1708 ἔγνωμεν
718 1636 815 1689 καὶ
854 1636 917 1687 οὑ
965 1635 1147 1707 μόνον,
1171 1633 1310 1689 ἀλλᾶ
1326 1634 1377 1687 τί
1396 1676 1411 1698 ,
1436 1636 1545 1689 Kal
1580 1634 1725 1703 Θεὸς
1753 1633 1833 1705 ἦν

248 1732 284 1781 ό
310 1729 519 1797 Λόγος,
558 1726 653 1780 καὶ
688 1724 816 1795 φῶς
846 1722 926 1795 ἦν
968 1725 1035 1778 τὸ
1079 1723 1332 1793 φωτίζον
1375 1724 1572 1778 πάντα
1609 1724 1832 1793 ἀνθρω-

237 1835 362 1874 εον
396 1818 547 1894 ((21)
573 1819 903 1888 ἐρχόμενον
929 1821 1017 1884 εὶς
1050 1820 1157 1872 τὸν
1194 1818 1472 1891 κόσμον],
1515 1819 1611 1872 καὶ
1641 1835 1828 1887 μονο-

1948 642 1967 675 ο
2016 626 2208 679 i'Jiscat
2256 626 2459 680 idcirco
2502 624 2598 679 Dei
2645 625 2880 680 Verbum
2913 631 3222 694 advenisse,
3259 647 3365 687 non
3405 635 3540 691 Ver-

1945 735 1964 765 i
2020 717 2145 769 bqu
2179 716 2399 785 quidem
2435 717 2841 773 catachrestice
2882 721 3332 789 denominatum,
3363 740 3420 781 ut
3458 731 3537 785 illi

1946 823 1967 856 ε
2016 808 2189 870 aiunt,
2224 808 2320 861 sed
2356 807 2593 863 Verbum
2629 810 2914 865 verissime
2944 816 3235 869 exsistens.
3271 836 3291 869 ι
3331 816 3401 872 Et
3430 822 3533 877 ite-

1940 915 2087 953 rum.
2113 898 2204 971 [IL
2241 899 2378 954 XLII
2414 902 2541 957 coll.
2570 918 2624 967 ν.
2659 902 2730 958 55
2758 902 2823 975 Β]
2880 922 2899 956 ι
2937 905 3002 960 Ut
3026 908 3137 973 jam
3160 911 3359 977 saepius
3386 931 3413 963 α
3447 930 3534 968 Inc

1942 1010 1962 1041 ι
2009 993 2243 1059 positum
2283 1001 2389 1057 est,
2426 992 2562 1048 nihil
2615 1004 2737 1048 erat
2763 995 2907 1050 aliud
2932 1013 3095 1065 quam
3124 998 3378 1055 Verbum.
3414 1023 3435 1056 ι
3466 1007 3533 1062 Et

1937 1096 2137 1138 rursus
2166 1102 2182 1138 :
2216 1102 2236 1135 ι
2268 1082 2594 1154 Priusquam
2648 1087 3027 1153 descenderet,
3086 1102 3142 1146 et
3195 1096 3263 1147 de
3310 1095 3531 1167 Virgine

1942 1193 1963 1225 ι
2013 1185 2357 1238 nasceretur,
2396 1173 2635 1231 Verbum
2667 1186 2787 1231 erat
2830 1180 3006 1233 solum
3046 1198 3061 1233 :
3093 1198 3217 1235 nam
3268 1186 3531 1254 quidille

1940 1283 1963 1316 σ
2011 1264 2157 1319 aliud
2208 1276 2442 1335 poterat,
2501 1267 2825 1337 priusquam
2878 1284 3183 1328 assumeret
3231 1275 3527 1333 humanam

1942 1376 1964 1407 ι
2008 1372 2259 1421 carnem,
2284 1360 2377 1427 qui
2406 1359 2690 1413 descendit
2722 1361 2789 1415 ad
2831 1376 2932 1416 nos
2974 1362 3031 1417 in
3065 1365 3379 1421 novissimis
3408 1371 3527 1424 die-

1941 1466 1960 1498 σ
2007 1446 2128 1511 bus,
2153 1466 2171 1498 ι
2192 1459 2250 1502 ιιι
2271 1450 2385 1518 ipse
2430 1448 2709 1518 loquitur?
2732 1452 2861 1516 Et,t
2881 1452 3013 1508 Illud
3043 1460 3185 1523 quod
3209 1459 3277 1513 de
3306 1460 3527 1529 Virgine

1941 1558 1959 1589 ι
2011 1541 2363 1606 nascebatur,
2412 1540 2549 1596 nihil
2600 1552 2721 1597 erat
2771 1555 2973 1613 praeter
3030 1545 3284 1605 Verbum.
3316 1569 3336 1601 ι
3400 1552 3527 1608 Haec

1933 1633 2225 1687 allii-manli
2259 1632 2539 1699 Marcello,
2578 1635 2743 1690 talem
2775 1639 3069 1705 quamdam
3097 1642 3529 1713 interrogatiun-

1932 1726 2109 1779 culam
2136 1738 2439 1794 proponere
2471 1740 2577 1780 non
2601 1726 2901 1783 absurdum
2935 1728 3129 1784 fuerit:
3154 1730 3221 1785 Et
3251 1734 3521 1790 undenam

1934 1819 2125 1881 nobis,
2182 1834 2215 1873 o
2250 1819 2391 1874 bone
2450 1824 2509 1883 ἧς
2545 1828 2625 1886 ιιι,
2685 1820 2789 1875 hoc
2847 1821 3024 1891 ipsum
3076 1822 3207 1876 nihil
3262 1826 3412 1878 aliud
3464 1839 3522 1882 et

238 1912 425 1982 τενὴς
446 1908 525 1982 ἦν
551 1912 697 1977 Υἱὸς,
750 1913 842 1964 καὶ
864 1912 964 1965 ὅσα
1000 1911 1347 1964 κατείλεκται
1372 1910 1570 1981 Rapa;
1611 1912 1731 1964 Ὅτι
1771 1909 1818 1963 δὲ

1930 1910 2100 1963 solum
2129 1910 2428 1981 proponis?
2461 1911 2589 1966 Illud
2625 1921 2776 1967 certe
2807 1933 2819 1967 :
2848 1911 2915 1967 In
2939 1915 3202 1983 principio
3235 1927 3351 1971 erat
3392 1915 3521 1973 Ver-

235 2005 429 2072 Δότος
454 1999 521 2074 ἦν
544 2005 759 2072 μόνον,
789 2004 883 2056 καὶ
922 2002 1077 2054 οὐδὲν
1110 2002 1295 2073 ἕτερον
1322 2002 1353 2073 ἢ
1385 2004 1595 2071 Λόγος,
1636 2002 1735 2055 οὐκ
1758 2001 1826 2055 ἂν

234 2093 354 2164 ιχοι
386 2111 471 2158 τις
494 2095 782 2164 εἰρημένον
808 2093 1107 2158 ἀποδεῖξαι.
1138 2093 1310 2146 Πόθεν
1330 2091 1423 2145 οὖν
1457 2094 1517 2146 τὸ
1538 2094 1637 2162 τῆς
1652 2110 1824 2165 προσ-

237 2183 422 2255 θήκης
446 2184 739 2255 τόλμημα;
778 2185 875 2237 Διὰ
903 2185 955 2237 τί
981 2184 1091 2258 γὰρ
1114 2185 1233 2254 οὐχὶ
1264 2185 1466 2254 μᾶλλον
1504 2184 1631 2236 Υἰὸν
1660 2183 1726 2236 ἄν
1740 2200 1824 2244 τις

234 2277 384 2332 εἴποι
412 2277 575 2330 αὑτὸν
623 2277 804 2347 μόνον,
856 2276 949 2329 καὶ
975 2275 1126 2329 οὐδὲν
1154 2277 1340 2346 ἕτερον
1368 2276 1399 2346 ἢ
1431 2276 1591 2339 Υἰόν;
1640 2276 1739 2329 Διά
1770 2275 1822 2327 τί

232 2372 294 2425 δὲ
326 2373 388 2425 οὐ
424 2372 558 2424 Θεὸν
587 2372 682 2423 καὶ
708 2370 863 2424 οὐδὲν
891 2370 1077 2441 ἕτερον
1103 2370 1135 2441 ἦ
1175 2370 1307 2423 Θεόν
1335 2387 1349 2435 ;
1386 2369 1542 2423 διὰτί
1580 2369 1654 2440 μὴ
1706 2370 1822 2439 φῶς

231 2463 331 2519 τοῦ
367 2464 596 2534 κόσμου,
629 2466 723 2517 καὶ
742 2464 897 2517 οὐδὲν
931 2464 1119 2535 ἕτερον
1153 2463 1186 2533 ἢ
1225 2462 1423 2528 τοῦτο;
1454 2462 1542 2515 διὰ
1567 2463 1619 2514 τί
1649 2463 1706 2515 δὲ
1745 2461 1820 2533 μὴ

234 2557 403 2631 ζωὴν,
430 2556 525 2609 καὶ
549 2555 700 2609 οὐδὲν
748 2556 965 2625 ἒτερον;
1008 2556 1104 2607 καὶ
1146 2555 1240 2607 ἐπὶ
1274 2554 1381 2607 τῶν
1418 2554 1819 2625 παραπλησίων

232 2650 348 2722 (22)
378 2650 575 2702 ταύτὸν
604 2650 667 2703 άν
698 2665 783 2712 τις
819 2647 1136 2700 δικαιότατα
1171 2646 1236 2699 ἂν
1266 2646 1619 2718 προτείνειεν.
1680 2646 1818 2698 ’Λλλ’

229 2739 424 2812 ὥσπερ
444 2741 511 2795 άν
545 2757 651 2804 τις,
676 2742 725 2793 εί
766 2738 925 2792 τοῦτο
957 2739 1125 2807 λέγοι,
1171 2740 1430 2809 ἐλέγχοιτ’
1478 2739 1545 2792 ἂν
1572 2739 1820 2809 ἁμαρτά-

230 2849 339 2886 νων
367 2831 568 2901 (πάντα
605 2832 714 2903 γὰρ
738 2830 949 2901 ἀθρόως
985 2831 1100 2881 ἐστὶ
1130 2828 1323 2896 ταῦτα,
1354 2824 1433 2891 εἷς
1466 2828 1541 2881 ὢν
1566 2829 1693 2891 Υἱὸς
1722 2827 1816 2881 τοῦ

226 2920 389 2988 θεοῦ,
412 2925 505 2976 καὶ
533 2921 585 2975 εἴ
610 2941 663 2977 τι
694 2922 902 2975 τούτων
947 2920 1240 2990 ἀνώτερον,
1272 2920 1391 2973 καθ’
1423 2922 1660 2990 ἑκάστην
1695 2914 1817 2971 ἐπί-

230 3033 384 3069 νοιαν
412 3016 521 3069 τῶν
558 3018 615 3070 ὲν
647 3015 796 3085 αὐτῷ
826 3015 1022 3069 θεῖκῶν
1072 3015 1352 3085 δυνάμεων
1404 3014 1676 3085 διαφόρων
1724 3015 1818 3067 καὶ⁴

229 3108 345 3162 τῶν
377 3108 688 3181 ὲπηγοριῶν
712 3108 1061 3180 ἠξιωμένος),
1092 3106 1234 3161 οὕτω
1263 3108 1355 3161 καὶ
1390 3107 1482 3159 ὲπὶ
1498 3105 1588 3160 τοῦ
1618 3107 1812 3175 Λόγου,

226 3204 258 3257 ό
286 3200 395 3271 φάς
430 3202 590 3272 μόνον
637 3203 809 3270 Λόγον
858 3202 1021 3256 αὑτὸν
1075 3196 1214 3255 εἶναι
1273 3202 1367 3254 καὶ
1404 3199 1557 3252 οὐδὲν
1604 3199 1811 3270 ἕτερον,

1930 2006 2079 2071 bum,
2104 2017 2358 2062 accurate
2391 2008 2665 2062 novimus.
2722 2006 2830 2065 Sed
2870 2024 2981 2065 non
3021 2012 3156 2066 illud
3193 2014 3395 2077 solum,
3421 2017 3518 2069 sed

1925 2098 2057 2165 quid
2098 2098 2322 2167 quaeso?
2345 2097 2611 2153 Nimirum
2645 2116 2663 2155 :
2693 2109 2751 2155 et
2807 2098 2951 2156 Deus
3000 2112 3116 2157 erat
3183 2102 3431 2171 Verbum,
3462 2116 3520 2161 et

1926 2193 2169 2259 luxerat
2207 2191 2522 2246 illuminans
2553 2209 2762 2247 omnem
2815 2194 3081 2251 hominem
3127 2198 3419 2251 uenientem
3455 2201 3514 2253 in

1924 2282 2065 2335 hunc
2099 2282 2351 2337 mundum
2379 2300 2400 2339 :
2420 2293 2475 2337 et
2501 2294 2620 2338 erat
2652 2288 2956 2355 unigenilus
2997 2286 3177 2343 Filius
3204 2290 3271 2343 '°.
3300 2288 3367 2343 Et
3392 2306 3515 2359 qua:

1925 2384 2125 2438 praeter
2163 2374 2265 2427 ista
2297 2374 2401 2429 alia
2440 2375 2756 2432 referuntur
2786 2380 3029 2434 nomina.
3077 2382 3147 2433 At
3200 2382 3345 2448 quod
3380 2379 3516 2435 Ver-

1923 2465 2050 2517 bum
2083 2473 2204 2519 erat
2235 2468 2432 2533 solum,
2468 2482 2643 2535 neque
2682 2470 2980 2539 quidquam
3024 2482 3223 2540 praeter
3264 2470 3513 2537 Verbum,

1922 2571 2082 2610 nemo
2118 2557 2400 2612 hominum
2444 2558 2647 2612 dictum
2707 2575 2830 2613 esse
2872 2569 3053 2629 potest
3106 2561 3511 2616 demonstrare.

1927 2645 2077 2702 Unde
2120 2648 2296 2701 audax
2327 2663 2459 2715 ergo
2502 2649 2633 2702 illud
2664 2650 3119 2714 additamentum,
3159 2651 3344 2706 solius.
3402 2651 3517 2706 Cur

1921 2756 2029 2794 non
2063 2743 2243 2809 potius
2267 2740 2467 2795 Filium
2502 2742 2628 2811 quis
2664 2742 2899 2811 appellet
2927 2756 3052 2795 eum
3098 2743 3301 2809 solum,
3334 2759 3514 2813 neque

1918 2834 2214 2901 quidquam
2264 2844 2460 2902 praeter
2505 2832 2753 2887 Filium?
2788 2833 2897 2888 Cur
2947 2850 3055 2888 non
3106 2833 3299 2899 Deum,
3335 2850 3515 2905 neque

1918 2925 2217 2994 quidquam
2260 2935 2458 2995 praeter
2508 2924 2719 2979 Deum?
2758 2925 2870 2980 Cur
2908 2940 3014 2979 non
3065 2926 3254 2981 mundi
3306 2926 3510 2991 lucem,

1916 3030 2096 3085 neque
2139 3006 2433 3085 quidquam
2485 3033 2682 3087 praeter
2726 3018 2945 3072 lucem?
2984 3017 3096 3073 Cur
3149 3033 3255 3073 non
3320 3018 3506 3083 vitam,

1922 3123 2095 3176 neque
2120 3108 2414 3177 quidquam
2446 3117 2655 3177 praeter
2695 3110 2863 3164 vitam
2884 3112 2909 3162 τ
2936 3109 3223 3175 Quomodo
3249 3112 3416 3163 etiam
3448 3110 3506 3164 in

1918 3199 2155 3261 caeteris,
2192 3213 2293 3253 nec
2321 3198 2600 3254 immerito
2630 3198 2777 3269 loqui
2809 3202 2965 3255 nobis
2985 3201 3131 3255 licet.
3172 3200 3281 3256 Sed
3316 3217 3509 3271 quem-

230 3291 567 3363 σφάλλεσθαι
600 3292 668 3346 ἂν
708 3293 920 3375 λέγοιτο
971 3294 1196 3356 εἰκότως
1216 3310 1228 3322 ·
1269 3292 1430 3363 μόνου
1465 3291 1575 3361 γὰρ
1602 3290 1696 3343 τοῦ
1726 3290 1817 3343 εὑ-

1923 3290 2215 3345 admodum
2265 3291 2313 3347 is
2351 3291 2444 3359 qui
2488 3292 2594 3345 ista
2639 3292 2840 3346 dixerit
2889 3307 3080 3347 errare
3109 3295 3351 3363 graviter
3374 3310 3509 3349 con-

226 3383 554 3452 αγγελιστοῦ
599 3385 846 3439 Ἰωάννου
896 3389 1092 3455 Λόγον
1137 3386 1300 3439 αὑτὸν
1354 3384 1814 3448 ἁποκαλέσαντος,

227 3478 326 3531 καὶ
354 3478 415 3531 οὐ
440 3478 598 3530 τοῦτο
628 3478 808 3547 μόνον,
830 3478 966 3531 ἀλλά
988 3479 1083 3531 καὶ
1115 3479 1309 3549 ἕτερα·
1346 3477 1440 3530 τοῦ
1473 3478 1530 3530 δὲ
1563 3476 1817 3546 Σωτῆρος

221 3569 371 3640 φῶς,
405 3572 498 3624 καὶ
524 3570 805 3639 ἀλήθειαν,
832 3562 924 3624 καὶ
957 3569 1131 3639 ζωὴν,
1180 3572 1275 3623 καὶ
1310 3568 1611 3639 μονογενῆ
1654 3568 1811 3633 Υίὸν,

222 3663 321 3716 καὶ
351 3663 420 3715 τὰ
452 3663 615 3717 λοιπὰ
643 3662 838 3715 ἑαυτὸν
866 3663 1203 3726 ἀνειπόντος,
1235 3664 1431 3730 Λόγον
1463 3660 1516 3714 δὲ
1536 3659 1811 3730 οὐδαμῶς,

220 3754 344 3817 πῶς
370 3756 472 3808 οὐκ
492 3754 693 3809 ἄτοπον
729 3755 842 3827 (23)
870 3757 962 3808 ἐπὶ
992 3756 1091 3827 μὲν
1138 3750 1214 3810 ὧν
1241 3757 1404 3819 αὐτὸς
1450 3756 1641 3809 ἑαυτὸν
1679 3755 1814 3808 ὠνό-

225 3862 391 3916 μασε,
428 3850 502 3916 μὴ
530 3846 709 3915 λέγειν
738 3847 795 3901 ἓν
847 3846 1055 3901 τούτων
1090 3843 1230 3901 εἶναι
1278 3849 1373 3901 καὶ
1416 3848 1570 3902 οὐδὲν
1600 3848 1809 3920 ἕτερον,

220 3936 318 3989 ἐπὶ
345 3935 403 3989 δὲ
431 3936 533 4005 τῆς
562 3937 657 3990 τοῦ
689 3937 1077 4006 εὐαγγελιστοῦ
1111 3940 1240 4010 περὶ
1263 3939 1429 3992 αὑτοῦ
1468 3940 1673 4009 φωνῆς,
1711 3939 1811 4010 τῆς

220 4029 419 4098 Λόγον
440 4028 602 4081 αὑτὸν
644 4030 992 4100 ἀνειπούσης,
1026 4029 1486 4094 διαόεϐαιοῦσθαι,
1536 4032 1611 4095 ὠς
1659 4032 1809 4085 οὐδὲν

218 4118 408 4189 ἕτερον
444 4114 513 4189 ἦν
543 4119 576 4190 ἢ
608 4122 832 4191 Λόγος;
884 4121 1043 4174 Ἀλλά
1087 4124 1181 4175 καὶ
1237 4124 1461 4195 κυρίως,
1501 4124 1657 4195 φησι,
1714 4124 1810 4177 καὶ

218 4209 441 4282 ἀληθῶς
464 4211 575 4280 (24)
606 4212 869 4284 ὑπάρχων
892 4213 1026 4275 Θεός
1050 4230 1063 4244 ’
1112 4214 1174 4267 οὐ
1205 4214 1315 4285 γὰρ
1347 4214 1411 4285 δὴ
1448 4214 1638 4285 ἕτερος
1675 4210 1743 4285 ἦν
1779 4216 1808 4267 ό

218 4304 394 4371 Λόγον
416 4304 579 4357 αὐτὸν
603 4303 862 4370 ἀνειπὼν,
889 4305 975 4358 ἒτε
985 4322 1077 4375 ρος
1104 4305 1160 4357 δὲ
1188 4308 1217 4359 ό
1255 4306 1388 4359 Θεὸν
1419 4308 1764 4371 ἀποκαλέσας
1789 4324 1801 4336 ·

218 4390 301 4457 εἷς
327 4393 384 4447 δὲ
415 4395 510 4447 καὶ
554 4396 583 4448 ό
632 4395 814 4459 αὑτός.
867 4396 1274 4468 Εὑαγγελιστὴς
1314 4397 1450 4467 ὁμοῦ
1498 4399 1593 4452 καὶ
1633 4400 1805 4467 Λόγον

216 4488 384 4542 αὑτὸν
407 4488 666 4553 ἐδίδαξεν,
692 4490 860 4543 εἰπών
881 4491 1024 4545 ’Καὶ
1064 4491 1212 4557 Θεὸς
1243 4488 1322 4561 ἦν
1354 4494 1386 4545 ό
1427 4493 1621 4561 Λόγος
1641 4508 1654 4522 ·
1689 4493 1717 4545 ό
1758 4490 1802 4544 δ’

215 4584 382 4647 αὐτὸς
412 4586 506 4638 καὶ
530 4584 645 4654 φῶς
675 4586 837 4639 αὑτὸν
869 4585 1143 4654 ὠνόμασε.
1185 4584 1285 4638 Διὰ
1314 4585 1367 4638 τί
1425 4580 1517 4638 οὖν
1570 4584 1645 4656 μὴ
1700 4602 1800 4639 κυ-

217 4677 349 4747 ρίως
374 4678 469 4730 καὶ
491 4677 707 4749 ἀληθῶς
731 4678 879 4741 Υίὸν,
917 4678 1200 4748 μονογενῆ,
1237 4678 1329 4731 καὶ
1352 4678 1452 4729 ὅσα
1478 4676 1612 4730 ἄλλα
1641 4677 1802 4741 αὐτὸς

211 4772 243 4823 ό
269 4769 536 4840 δεσπότης
558 4770 654 4823 καὶ
681 4770 872 4841 Σωτὴρ
892 4769 987 4823 τοῦ
1032 4768 1418 4837 εὐαγγελιστοῦ
1454 4770 1580 4842 περὶ
1606 4768 1799 4822 ἑαυτοῦ

218 4859 679 4931 μεμαρτύρηκενς
721 4862 780 4914 ὐ
820 4860 876 4913 δὲ
920 4861 1099 4915 πάντα
1150 4862 1368 4933 παρεὶς,
1416 4860 1575 4930 μόνον
1626 4860 1798 4927 Λόγον

213 4950 378 5006 αὐτὸν
402 4951 607 5023 κυρίως
634 4954 728 5007 καὶ
759 4954 975 5024 ἀληθῶς
1006 4954 1273 5023 ὑπάρχειν
1316 4954 1468 5025 φησί.
1503 4954 1608 5007 Καὶ
1637 4969 1798 5023 προσ-

210 5042 450 5114 τίθησιν,
483 5043 559 5106 ὼς
584 5042 693 5114 ἄρα
728 5046 887 5116 μόνον
932 5045 1017 5116 εἴη
1048 5045 1240 5112 Λόγος.
1286 5044 1562 5098 Ἐντεῦθεν
1606 5044 1664 5098 δὲ
1693 5062 1793 5099 κα-
1826 5048 1839 5063 ⁴

206 5138 479 5191 ταπίπτει
514 5136 609 5190 ἐπὶ
638 5136 737 5209 τὴν
774 5137 868 5191 τοῦ
895 5138 1236 5211 ἀνθρωπείου
1272 5139 1433 5207 λόγου
1479 5139 1791 5209 ὁμοιότητα.

1904 4505 2066 4559 quam
2138 4505 2271 4545 vero
2327 4489 2551 4545 Verbum
2604 4502 2623 4540 :

1922 3385 2172 3437 vincetur
2214 3383 2679 3453 (quandoquidem
2753 3384 2799 3439 is
2846 3386 2937 3453 qui
2990 3400 3129 3439 unus
3177 3396 3261 3440 est
3310 3394 3366 3441 et
3408 3386 3503 3442 Dei

1918 3472 2113 3540 Filius,
2152 3477 2306 3531 hisce
2349 3476 2608 3531 omnibus
2658 3476 2976 3531 nominibus
3017 3476 3342 3547 appelletur,
3400 3493 3504 3533 nec

1918 3566 2071 3621 hisce
2113 3576 2344 3634 tantum,
2378 3567 2474 3623 sed
2506 3567 2628 3627 aliis
2674 3567 2865 3622 multis
2890 3577 3088 3637 praeter
3116 3569 3220 3623 ista
3257 3578 3314 3623 et
3352 3568 3504 3625 hisce

1918 3658 2089 3729 magis
2129 3658 2329 3714 divinis
2392 3658 2599 3723 forsan,
2651 3668 2814 3728 prout
2855 3659 3226 3714 diversimodo
3256 3660 3503 3714 divinam

1917 3752 2089 3821 ipsius
2119 3760 2443 3821 potestatem
2472 3761 2528 3805 et
2556 3752 2811 3805 virtutem
2856 3752 3364 3821 appreliendimus).
3424 3752 3503 3807 ltu

1914 3860 2132 3915 quoque
2163 3852 2217 3898 et
2252 3860 2376 3899 eum
2411 3845 2503 3914 qui
2557 3842 2793 3898 Verbum
2843 3843 2995 3899 illum
3042 3844 3217 3899 solum
3270 3846 3505 3915 appella-

1912 3937 2075 3999 verit,
2108 3950 2283 4004 neque
2307 3937 2451 3990 aliud
2495 3935 2793 4005 quidquam
2839 3945 3038 4004 praeter
3082 3935 3339 4000 Verbum,
3384 3952 3503 3990 om—

1914 4030 2041 4083 nino
2081 4028 2193 4083 falli
2245 4042 2469 4083 necesse
2498 4037 2581 4083 est
2603 4037 2656 4081 et
2686 4042 2899 4083 errare.
2922 4027 3057 4083 Cum
3089 4029 3233 4082 enim
3260 4027 3502 4085 Joannes

1910 4119 2247 4190 evangelista
2304 4120 2453 4174 solus
2502 4122 2683 4189 ipsum
2744 4119 2982 4188 appellet
3026 4118 3278 4185 Verbum,
3322 4136 3502 4192 neque

1923 4212 2148 4266 Verbum
2179 4213 2374 4276 solum,
2398 4212 2492 4267 sed
2528 4211 2714 4266 multis
2740 4212 2862 4266 aliis
2888 4212 3205 4267 nominibus
3226 4215 3495 4284 designet;

1908 4322 2144 4375 cumque
2189 4310 2307 4375 ipse
2352 4320 2411 4359 se
2442 4303 2727 4369 Servator,
2765 4305 2936 4358 lucem
2980 4307 3247 4369 nominet,
3282 4318 3337 4361 et
3364 4308 3499 4361 veri-

1908 4408 2091 4462 tatem,
2131 4408 2187 4452 et
2244 4399 2423 4461 vitam,
2482 4408 2537 4453 et
2600 4397 2952 4466 unigenitum,
3005 4408 3059 4451 et
3103 4382 3330 4464 Filium',
3361 4414 3493 4453 nus-

2684 4490 2962 4558 quomodo
3027 4505 3133 4545 non
3196 4491 3490 4547 absurdum

1907 4584 2071 4638 fuerit
2129 4584 2265 4638 nihil
2297 4584 2514 4655 quidem
2546 4598 2734 4637 eorum
2768 4583 3025 4654 allegare,
3067 4583 3264 4651 quibus
3289 4598 3347 4638 se
3378 4586 3492 4653 ipse

1911 4677 2236 4747 insignivit?
2283 4691 2458 4746 neque
2504 4677 2689 4731 dicere
2740 4676 2910 4744 ipsum
2962 4677 3035 4730 ita
3068 4678 3136 4730 ah
3195 4676 3302 4731 illis
3326 4693 3489 4731 voca-

1911 4778 2046 4835 tum,
2083 4778 2139 4823 et
2162 4769 2309 4822 nullo
2336 4770 2441 4822 alio
2487 4770 2740 4833 nomine;
2772 4768 3027 4823 insistere
3056 4778 3234 4822 autem
3267 4770 3320 4823 in
3359 4784 3491 4825 voce

1908 4859 2023 4925 illa,
2067 4858 2317 4925 Verbum,
2360 4861 2504 4928 quod
2538 4859 2604 4914 de
2655 4860 2774 4929 ipso
2820 4861 3102 4929 usurpavit
3130 4860 3487 4929 evangelista,

1903 4961 1958 5007 et
1982 4960 2301 5007 constanter
2335 4950 2628 5016 aﬂirmare,
2661 4950 2800 5006 nihil
2849 4967 2975 5007 eum
3010 4967 3133 5008 esse
3167 4954 3314 5007 aliud
3354 4969 3491 5023 prte-

1904 5055 1989 5100 ter
2034 5042 2289 5102 Verbum?
2315 5045 2429 5099 lmo
2454 5060 2605 5108 vero,
2635 5042 2831 5112 inquit,
2869 5043 3091 5114 proprie
3130 5053 3292 5111 atque
3320 5045 3491 5099 veris-

1907 5139 2045 5195 sime
2083 5148 2204 5193 erat
2240 5138 2383 5194 Deus
2431 5136 2690 5203 Verbum,
2737 5151 2860 5190 nam
2900 5151 3006 5191 non
3041 5146 3162 5191 erat
3197 5137 3289 5192 ille
3324 5138 3486 5203 alius,

207 5235 302 5308 qui
334 5232 576 5291 Verbum
614 5236 788 5307 ipsum
832 5236 989 5304 dixit,
1017 5238 1157 5294 alius
1192 5240 1285 5308 qui
1326 5239 1493 5295 Deum
1534 5238 1859 5307 nominavit,
1899 5239 1994 5294 sed
2042 5238 2183 5294 idem
2236 5246 2399 5308 atque
2441 5250 2579 5290 unus
2628 5231 2960 5305 evangelista
2996 5249 3013 5289 :
3065 5233 3228 5288 simul
3260 5234 3489 5290 et‘Ver-

283 5376 343 5433 :11
379 5368 477 5424 Ed.
509 5368 711 5435 Paris.,
744 5387 861 5443 pag.
890 5370 993 5427 H7

276 5465 326 5498 ⁹⁶
353 5463 509 5521 Joan.
536 5480 574 5528 l,
602 5464 658 5531 9,
688 5465 775 5522 il.

206 5578 305 5632 καὶ
330 5578 423 5650 trgi.
452 5577 1005 5650 τῶνπαραπλησίων,
1036 5578 1229 5650 ταύτὸν
1260 5580 1326 5634 ἄν
1363 5596 1446 5643 τις
1476 5579 1788 5633 δικαιότατα

206 5648 566 5722 προτείνειεν.
597 5646 681 5701 Μ(
697 5679 768 5691 -—
801 5646 942 5722 lnlra
967 5650 1124 5721 vulgo
1148 5649 1351 5722 ἐγραχε
1370 5664 1423 5706 ει
1449 5650 1679 5705 τοίανδε,

418 5718 600 5792 _Vulgo
630 5717 963 5792 προστιθείς.

280 5787 394 5853 (91)
418 5787 543 5842 ﬂare
566 5787 686 5843 om.’
700 5791 856 5843 codd.

277 5850 393 5930 (ἢ)
428 5856 596 5931 Vulgo
628 5859 852 5932 ταύτην,
879 5859 982 5932 Mp.
1015 5861 1246 5917 ταύτων.

1890 5648 2102 5719 Ῑιιιιςιο,
2138 5648 2231 5700 ὲπὶ

1970 5578 2081 5648 (25)
2120 5578 2448 5648 Ἑπιμενων
2462 5578 2645 5644 αὐτὸς
2669 5578 2919 5648 ἐᾳιπόν,
2942 5574 3147 5648 Divicle,
3186 5575 3326 5648 male
3353 5592 3484 5632 cor:-

2332 5664 2361 5700 ν
2389 5646 2465 5702 ὢν
2492 5649 2674 5713 αὐτὸς.
2698 5646 2783 5717 Μ.
2815 5676 2884 5685 -
2912 5646 3027 5717 [Sic
3053 5657 3107 5699 et
3140 5645 3324 5717 codd]

1966 5717 2080 5800 iw
2130 5715 2437 5800 'rsépzaar
2481 5720 2647 5787 θεδςο
2692 5716 2834 5799 sese
2862 5715 3101 5800 ,ὑπῆρχέ

1892 5786 2344 5914 cellus’vultulioc
2371 5793 2573 5857 direre,
2602 5786 2809 5856 statim,
2862 5786 2999 5856 lege,
3028 5786 3115 5840 διὰ
3165 5787 3260 5842 τοῦ
3308 5787 3480 5860 εὐαγ-

1892 5874 2160 5914 γελιστου.
2244 5896 2255 5913 ι

1892 5874 2160 5929 γελιστου.
2188 5874 2255 5914 at.
