4032 6448
551 387 657 441 923
1293 382 1560 438 ευεΕιιιι
1600 380 2065 437 CIESARIENSIS
2102 378 2251 435 OPP.
2294 378 2467 433 PARS
2503 376 2592 432 IV.
2632 407 2701 418 ——
2740 371 3156 431 DOGMATICA.
3692 361 3805 423 οὔ

556 472 695 559 ιηιιιι⁹
713 518 833 559 esse
858 506 1030 570 ipsum
1060 517 1157 558 nos
1215 502 1397 557 docuit
1439 519 1452 554 :
1497 499 1564 555 Et
1591 501 1733 555 Deus
1795 512 1905 555 erat
1940 499 2177 563 Verbum,
2217 510 2271 553 et
2300 497 2475 550 lucem
2526 498 2665 551 idem
2702 493 2949 548 eumdem
2991 488 3301 545 nominavit.
3334 484 3606 553 Quorsum
3632 483 3801 554 igitur

557 613 658 650 non
724 598 939 663 proprie
984 606 1146 664 atque
1195 609 1320 649 vere
1373 594 1568 648 Filium
1617 594 1971 661 unigenitum,
2046 601 2101 645 et
2136 591 2180 644 si
2219 590 2419 659 quibus
2467 589 2588 642 aliis
2636 585 2942 641 nominibus
2996 597 3057 637 se
3114 582 3373 637 Servator
3419 587 3478 632 et
3529 575 3796 631 Dominus

554 690 893 757 evangelista
949 689 1265 753 nominavit,
1336 705 1458 744 cum
1530 689 1731 743 vocat?
1781 688 1886 742 Sed
1945 684 2197 741 omnibus
2234 684 2471 747 omissis,
2521 693 2576 737 et
2628 675 3075 747 insuperhabitis,
3138 674 3310 729 solum
3369 685 3495 726 eum
3556 668 3798 725 Verbum

554 784 771 851 proprie
818 792 980 851 atque
1044 797 1171 836 vere
1220 792 1440 838 exstare
1492 782 1687 850 docet,
1755 784 1967 851 adjecto
2017 784 2121 837 hoc
2159 780 2322 835 etiam
2384 778 2624 845 insuper,
2694 772 2838 843 quod
2884 767 3258 825 tantummodo
3286 767 3522 821 Verbum
3556 774 3673 819 est:
3702 761 3799 816 ubi

554 876 721 930 etiam
749 876 815 930 ad
841 876 1059 930 immani
1088 877 1236 929 verbi
1263 876 1668 930 similLtndinem
1698 892 1757 933 se
1789 878 2045 934 demittit.

1184 972 1241 1030 ἧς
1287 968 1435 1021 CAP.
1474 966 1559 1020 XI.
2148 980 2195 1035 Α

1554 1008 1559 1020 ,
2148 980 2195 1035 Α
2846 949 3003 1003 xeo.
3044 947 3146 1000 ιΑι.

561 1073 717 1141 Quod
742 1076 1173 1147 eumraliquando
1207 1080 1534 1145 prolatitium
1573 1078 1663 1132 Dei
1700 1077 1922 1132 Verbum
1950 1090 2113 1145 vocet,

2221 1074 2354 1127 Ὀτι
2386 1068 2533 1123 ποτὲ
2580 1065 2698 1147 μέγ
2730 1061 2934 1147 quid?“
2950 1057 3316 1147 προφορικὸν

947 1126 1288 1201 ἕυὶὲἦῖἕηὶω
1322 1149 1624 1212 repositum,
1655 1160 1710 1202 ut
1742 1151 1798 1204 in
1818 1126 2116 1203 hominibu;

629 1215 763 1266 solet
792 1215 927 1266 ﬁeri.
959 1228 1117 1266 ataue
1148 1218 1453 1266 immanem-

2256 1159 2424 1266 gos",
2454 1126 2599 1191 ποτέ
2616 1134 2685 1189 δὲ
2732 1126 3081 1188 ἐνδιάθετον(
3127 1126 3342 1199 ὁμοίως
3371 1126 3451 1191 τῷ
3471 1126 3541 1178 ἐν
3573 1126 3806 1193 ἀνθρώ-

2334 1230 2424 1266 οις
2461 1210 2709 1266 ἔφασκε.

629 1210 763 1269 solet
789 1215 927 1282 ﬁeri,
959 1228 1117 1286 atque
1148 1210 1454 1272 immanem.
1611 1210 1620 1212 “

1148 1210 1454 1272 immanem.
1611 1210 1620 1212 “
2260 1210 2424 1277 τιτοις
2461 1210 2708 1276 ἔφασκε.

629 1328 832 1384 Lucem
878 1330 967 1383 ubi
1003 1330 1149 1384 illum
1184 1332 1517 1384 nominatum
1552 1332 1724 1395 audit,
1762 1346 1866 1385 non
1900 1333 2117 1402 quidem

2289 1326 2399 1378 Καὶ
2430 1323 2545 1391 φῶς
2582 1324 2679 1391 μὲν
2708 1320 2872 1371 αὑτὸν
2896 1316 3132 1379 ἀκούων,
3168 1314 3266 1367 οὐκ
3305 1310 3556 1365 ἐκπίπτει
3599 1308 3692 1360 ἐπὶ
3739 1307 3807 1359 τὺ

561 1422 785 1475 aberrat
817 1423 882 1474 ad
914 1419 1247 1489 corporalem
1286 1420 1481 1485 lucem,
1516 1437 1689 1492 neque
1725 1424 1954 1477 similem
1996 1439 2118 1477 eum

2221 1413 2529 1485 σωματικὸν
2560 1410 2693 1481 φῶς,
2745 1409 2855 1461 οὐδ’
2888 1409 3070 1478 ὅμοιον
3125 1405 3285 1459 αὑτὸν
3336 1400 3472 1457 εἷναί
3530 1416 3663 1471 φησι
3716 1400 3809 1468 τῷ

561 1511 794 1567 aIIirmat
834 1511 1251 1577 solariJumini,
1286 1522 1342 1565 at
1387 1510 1623 1567 Verbum
1670 1514 1757 1567 ubi
1804 1513 2012 1584 legerit,
2046 1514 2119 1568 si-

2221 1508 2371 1577 ἡλίου
2401 1505 2612 1575 φέγγει,
2648 1503 2740 1555 ἐπὶ
2789 1502 2847 1554 δὲ
2895 1500 2991 1553 τοῦ
3042 1500 3215 1567 Λόγου
3257 1495 3587 1567 σημαντικὸν
3627 1492 3808 1546 αὑτὸν

563 1601 930 1669 gniﬁcativuin
975 1615 1099 1655 eum
1159 1602 1511 1671 imaginatur,
1564 1612 1618 1657 et
1674 1604 1907 1657 humano
1956 1602 2120 1655 verbo

2219 1600 2420 1661 δίδωσι,
2452 1598 2547 1651 καὶ
2591 1598 2773 1665 ὅμοιον
2800 1592 2878 1664 τῷ
2904 1591 3259 1662 ἀνθρωπίνῳ·
3298 1592 3373 1653 ὼς
3401 1588 3529 1642 ποτὲ
3571 1588 3669 1659 μὲν
3702 1586 3808 1640 λι-

564 1693 763 1759 simile,
799 1693 932 1747 adeo
958 1700 1014 1746 ut
1042 1707 1184 1747 nunc
1211 1691 1461 1760 afﬁrmet,
1484 1709 1607 1748 eum
1636 1694 1688 1748 in
1724 1693 1834 1747 Deo
1858 1693 2119 1762 conquie-

2225 1709 2334 1761 γειν
2357 1692 2517 1744 αὑτὸν
2549 1688 2837 1759 ἡσυχάζειν
2864 1687 2921 1739 ὲν
2948 1684 3057 1756 (25)
3083 1683 3161 1754 τῷ
3199 1682 3339 1754 Θεῷ,
3367 1682 3497 1734 ποτὲ
3522 1682 3577 1734 δὲ
3607 1678 3817 1751 προϊέ-

565 1798 740 1849 scere,
771 1798 912 1839 nunc
944 1794 1095 1839 extra
1122 1783 1289 1838 Deum
1325 1786 1506 1854 egredi
1549 1787 1714 1850 dicat,
1748 1796 1909 1855 atque
1956 1788 2030 1839 ita
2067 1795 2120 1839 et

2220 1801 2306 1837 ναι
2331 1782 2425 1835 τοῦ
2475 1779 2643 1835 Θεοῦ·
2696 1779 2790 1833 καὶ
2830 1777 2981 1840 ἐντὸς
3010 1776 3103 1829 καὶ
3128 1774 3285 1837 ἐκτὸς
3322 1773 3562 1842 γίνεσθαι
3598 1770 3812 1834 αὐτοῦ,

563 1883 715 1930 extra
750 1888 898 1939 eum,
924 1884 978 1928 et
1021 1874 1075 1928 in
1103 1888 1168 1929 eo
1194 1875 1515 1940 consistere,
1544 1876 1610 1929 ad
1635 1877 1849 1929 modum
1894 1890 2000 1944 quo
2026 1892 2122 1929 no-

2225 1873 2342 1926 καθ’
2365 1872 2659 1944 ὁμοιότητα
2706 1868 2801 1923 τοῦ
2847 1870 2976 1940 παρ’
3021 1870 3153 1938 ἡμῖν
3179 1865 3361 1934 λόγου,
3394 1862 3487 1917 τοῦ
3516 1880 3572 1915 τε
3617 1861 3817 1915 ἐνδια-

563 1971 737 2016 strum
781 1963 1001 2015 verbum
1050 1961 1222 2028 solet,
1257 1965 1396 2032 quod
1441 1965 1586 2019 intus
1640 1965 1878 2019 residere
1925 1974 1981 2021 et
2028 1980 2121 2020 ore

2223 1965 2374 2019 θέτου
2402 1961 2759 2033 καλουμένου,
2800 1961 2896 2014 καὶ
2926 1958 3021 2012 τοῦ
3053 1957 3195 2012 κατά
3224 1955 3335 2027 (‘26)
3372 1953 3651 2026 προφορὰν
3708 1952 3815 2006 διὰ

564 2051 791 2121 proferri
842 2052 1180 2124 intelligitur.
1223 2052 1470 2108 Totidem
1519 2069 1648 2109 vero
1696 2055 1882 2110 verbis
1931 2056 2003 2109 ita
2040 2056 2119 2109 lo-

2222 2055 2405 2125 φωνῆς
2447 2052 2862 2122 ὲξακουομένου.
2908 2050 3069 2119 Λέγει
3117 2049 3162 2102 δ’
3205 2044 3299 2103 οὖν
3339 2048 3521 2110 αὐτοῖς
3553 2047 3811 2116 ῥήμασι·

564 2141 885 2215 quitur:[R.
917 2142 1047 2211 LVI,
1074 2146 1196 2199 coll.
1221 2162 1274 2215 p.
1294 2145 1367 2199 40
1389 2146 1450 2210 Β,
1470 2146 1570 2199 114
1597 2145 1663 2218 D]
1716 2166 1734 2199 ι
1762 2146 1952 2203 Omnia
1976 2164 2121 2217 quae.

2227 2166 2245 2200 ι
2279 2148 2461 2201 Πάντα
2492 2146 2601 2217 γάρ
2624 2145 2724 2198 ὅσα
2753 2147 2782 2197 6
2804 2141 2992 2213 Πατὴρ
3014 2141 3181 2210 λέγει,
3212 2139 3383 2193 ταῦτα
3417 2136 3688 2208 πανταχοῦ
3713 2136 3818 2191 διὰ

572 2249 592 2282 σ
637 2248 850 2303 cunque
896 2233 1056 2289 Pater
1101 2235 1362 2304 loquitur,
1410 2250 1474 2291 ea
1530 2238 1711 2291 omnia
1767 2239 1972 2307 ubique
2029 2255 2124 2309 per

2228 2258 2247 2291 ι
2276 2237 2369 2291 τοῦ
2401 2238 2576 2305 Λόγου
2598 2236 2771 2305 λέγων
2809 2235 3076 2305 φαίνεται.
3110 2231 3281 2286 Τοῦτο
3302 2231 3360 2285 δὲ
3381 2230 3537 2303 δῆλόν
3561 2231 3676 2281 ὲστι
3707 2226 3818 2280 καὶ

571 2345 590 2377 ι
639 2324 871 2381 Verbum
900 2342 1055 2382 suum
1082 2330 1293 2384 videtur
1317 2329 1482 2399 loqui.
1524 2331 1666 2400 quod
1692 2341 1748 2387 et
1771 2348 1804 2387 ο
1830 2332 2124 2388 nobismet-
2157 2352 2163 2407 ι

2230 2348 2249 2381 ι
2278 2332 2368 2399 ἀφ’
2398 2328 2552 2401 ἡμῶν
2587 2328 2787 2393 αὐτῶν,
2816 2329 2917 2382 ὅσα
2941 2327 3052 2397 (27)
3076 2326 3171 2379 καὶ
3206 2322 3379 2396 μικρὰ
3406 2325 3517 2386 τοῖς
3541 2319 3818 2392 μεγάλοις

574 2433 594 2465 ι
644 2414 777 2484 ipsis
828 2416 1171 2471 manifestum
1197 2428 1303 2482 est,
1335 2430 1393 2473 ut
1434 2435 1626 2489 magna
1654 2421 1833 2490 parvis
1857 2432 1913 2476 et
1947 2424 2123 2477 divina

2334 2422 2383 2474 αὶ
2423 2420 2588 2483 θείοις
2633 2419 2950 2473 ἀπεικάσαι.
2985 2418 3097 2472 Καὶ
3126 2418 3287 2487 ἡμεῖς
3321 2413 3430 2487 γάρ
3453 2414 3651 2476 πάντα,
3699 2413 3816 2464 ὅσα
3918 2422 3926 2427 ·

575 2524 594 2557 ι
641 2508 893 2563 humanis
922 2524 1315 2580 comparemus.
1351 2510 1483 2564 Nam
1505 2522 1561 2566 et
1588 2525 1686 2565 nos
1706 2527 1767 2566 ea
1814 2527 1934 2581 quae
1977 2513 2123 2568 voln-

2232 2533 2249 2563 ‹
2280 2513 2344 2565 ἂν
2370 2511 2632 2581 θέλωμεν,
2666 2510 2806 2564 κατά
2839 2509 2901 2563 τὸ
2927 2508 3149 2562 δυνατὸν
3182 2506 3359 2577 λέγειν
3384 2523 3445 2559 τε
3480 2506 3573 2559 καὶ
3601 2506 3812 2566 ποιεῖν,

576 2615 597 2648 ι
644 2611 781 2662 mus,
835 2600 1128 2654 secundum
1178 2610 1424 2672 nostrum
1470 2616 1650 2669 posse,
1698 2603 1782 2657 vel
1814 2603 2014 2667 dicere,
2046 2604 2129 2658 vel

2232 2622 2251 2653 ι
2281 2601 2392 2673 (28)
2418 2601 2495 2672 τῷ
2530 2602 2783 2673 ἡμετέρῳ
2807 2600 3066 2671 ποιοῦμεν
3086 2598 3247 2671 λόγῳ.
3264 2618 3280 2649 ι
3303 2599 3415 2652 Ka‘t
3440 2592 3595 2659 αὖθις
3624 2593 3811 2649 ταῦτά

576 2706 596 2740 ι
642 2688 843 2754 facere,
878 2707 974 2761 per
1002 2702 1246 2747 nostrum
1289 2692 1447 2762 logon
1479 2708 1544 2748 ea
1578 2694 1795 2763 quidem
1826 2694 2069 2749 facimus.
2104 2714 2123 2746 ι

2226 2710 2390 2763 φησιν
2415 2710 2429 2724 ο
2467 2712 2485 2744 ι
2511 2693 2622 2765 Πρὸ
2652 2693 2761 2764 γὰρ
2802 2692 2903 2763 τῆς
2932 2690 3295 2763 δημιουργίας
3322 2689 3563 2759 ἀπάσης,
3597 2685 3810 2757 ἡσυχία

571 2781 783 2837 Rursus
834 2782 1051 2838 demum
1092 2794 1147 2839 et
1188 2785 1263 2839 ita
1312 2787 1589 2853 loquitur:
1618 2804 1637 2837 ι
1674 2785 1994 2855 Priusquam
2042 2802 2130 2841 res

2233 2806 2249 2838 ι
2280 2804 2361 2850 τις
2379 2781 2469 2858 ἦν,
2500 2786 2576 2849 ὡς
2606 2784 2771 2850 είκὺς,
2790 2784 2939 2847 ὄντος
2969 2784 3027 2837 tv
3043 2781 3122 2853 τῷ
3149 2781 3268 2853 Θεῷ
3292 2781 3521 2849 Λόγου.»
3543 2774 3655 2832 Εἶτ’
3684 2780 3812 2833 ἑπι-

575 2886 595 2920 ο
638 2882 830 2926 omnes
857 2881 1201 2939 crearentur,
1234 2875 1564 2943 quiescentia
1602 2890 1814 2931 summa
1864 2887 1983 2931 erat
2011 2877 2129 2946 ejus

2228 2880 2412 2949 φέρει·
2441 2896 2460 2929 ι
2493 2877 2719 2940 Οὐδενὸς
2745 2875 2857 2947 γὰρ
2882 2874 3033 2936 ὄντος
3056 2873 3321 2946 πρότερον
3354 2871 3388 2943 ἢ
3430 2869 3566 2925 Θεοῦ
3615 2868 3808 2940 μόνου,

575 2978 595 3012 ι
637 2961 781 3030 quod
827 2963 1035 3018 iu‘Deo
1078 2964 1376 3020 exsistebat
1425 2964 1607 3021 Verbi.
1639 2980 1662 3019 ο
1700 2968 1862 3023 Addit
1903 2977 2126 3023 autem:

2233 2989 2251 3020 ι
2291 2970 2508 3024 πάντων
2567 2968 2625 3022 δὲ
2667 2967 2761 3021 διὰ
2804 2964 2900 3019 τοῦ
2952 2965 3128 3033 Λόγου
3168 2964 3411 3033 γίνεσθαι
3476 2961 3808 3035 μελλόντων,

575 3070 595 3105 ι
639 3053 773 3110 Cum
821 3055 953 3111 nihil
993 3058 1142 3127 prius
1184 3066 1334 3113 esset
1374 3070 1572 3128 prteter
1606 3061 1781 3116 solum
1832 3061 2021 3129 Deum,
2074 3072 2131 3115 at

2234 3081 2253 3114 ι
2294 3060 2561 3134 προῆλθεν
2596 3061 2625 3112 6
2665 3058 2836 3126 Λόγος
2892 3057 3153 3130 δραστικῇ
3200 3054 3466 3128 ἐνεργείᾳ.
3500 3074 3522 3107 ι
3551 3053 3813 3109 Τοσαῦτα

574 3162 595 3195 ο
640 3160 740 3216 per
792 3146 1026 3203 Verbum
1081 3158 1237 3205 erant
1279 3152 1462 3206 omnia
1525 3155 1827 3223 proditura,
1895 3155 2130 3210 Verbum

2232 3153 2359 3224 περὶ
2388 3151 2479 3205 τοῦ
2514 3150 2686 3219 Λόγου
2714 3148 2904 3213 εἰπὼν,
2932 3149 3032 3221 τὴν
3071 3147 3431 3219 εὐαγγελικὴν
3460 3147 3647 3219 φωνὴν
3671 3144 3816 3201 ἑπά-

577 3256 597 3292 r
643 3239 919 3307 praecessit
961 3242 1265 3309 operatrice
1303 3258 1398 3299 sua
1440 3256 1724 3313 potestate.
1767 3264 1786 3298 ι
1834 3244 1958 3301 Haec
2006 3263 2130 3301 cum

2232 3259 2446 3304 κουσον,
2479 3241 2626 3304 ὅπως
2668 3241 2921 3312 πειρᾶται
2954 3240 3350 3312 διερμηνεύειν,
3395 3232 3499 3293 ὦδε
3538 3238 3771 3309 γράφων
3796 3255 3814 3269 ⁸

573 3332 641 3386 de
658 3332 834 3387 Verbo
850 3342 906 3387 et
929 3333 1302 3401 hujuscemodi
1333 3336 1549 3390 dixerat
1581 3351 1597 3390 :
1624 3337 1747 3390 audi
1774 3337 1912 3406 jam,
1942 3353 2134 3407 quern-

2238 3352 2256 3385 ι
2300 3333 2359 3386 '0
2382 3332 2439 3385 δὲ
2472 3332 2615 3404 ἱερὸς
2656 3331 2951 3395 ἀπόστολός
2986 3348 3045 3385 τε
3086 3333 3182 3386 καὶ
3217 3330 3464 3403 μαθητὴς
3485 3329 3581 3383 τοῦ
3598 3330 3815 3401 Κυρίου

573 3421 860 3476 admodum
906 3432 1132 3476 conatur
1181 3422 1457 3492 Evangelii
1512 3424 1716 3479 dictum
1766 3424 2130 3488 interpretari.

2237 3446 2255 3479 ι
2310 3426 2582 3497 Ἰωάννης,
2615 3424 2801 3495 σαφῶς
2829 3424 2922 3478 καί
2952 3423 3249 3495 διαρρήδην
3271 3424 3329 3476 ἐν
3355 3424 3496 3495 ἀρχῇ
3522 3421 3619 3475 τοῦ
3633 3422 3820 3490 Εὐαγ-

574 3511 776 3566 Scribit
830 3522 1007 3568 autem
1040 3528 1055 3567 :
1090 3512 1179 3586 [Β.
1214 3513 1399 3581 XLVI,
1432 3514 1554 3571 coll.
1609 3530 1663 3586 p.
1705 3512 1775 3569 56
1810 3514 1873 3578 D,
1931 3513 2033 3568 144
2063 3513 2132 3586 Α]

2237 3536 2255 3570 ι
2294 3516 2480 3587 γελίου
2539 3515 2828 3582 διδάσκων,
2860 3515 2937 3579 ὡς
2974 3513 3340 3585 ἀγνοούμενον
3387 3516 3445 3568 tv
3494 3512 3816 3585 ἀνθρώποις

577 3619 595 3651 ι
630 3597 736 3656 Sed
773 3610 993 3657 sanctus
1034 3604 1309 3673 apostolus
1354 3612 1410 3659 et
1449 3603 1743 3675 discipulus
1791 3604 1883 3659 ille
1917 3604 2128 3661 Domini

2238 3629 2257 3661 ι
2291 3610 2575 3681 πρότερον,
2612 3608 2784 3677 Λόγον
2815 3609 2975 3662 αὑτὸν
2993 3606 3088 3661 τοῦ
3120 3607 3559 3678 παντοκράτορος
3613 3605 3820 3675 ὀνομά-

578 3711 596 3743 ι
640 3690 895 3760 Joannes,
935 3694 1060 3748 dum
1099 3710 1198 3750 nos
1227 3696 1280 3750 in
1321 3697 1584 3766 principio
1615 3696 1889 3766 Evangelii
1924 3698 2009 3751 sui
2038 3698 2170 3757 do—l

2237 3722 2254 3754 ι
2285 3703 2412 3768 ζων,
2441 3700 2614 3763 οὕτως
2640 3699 2747 3770 ἔφη
2764 3716 2778 3730 ·
2821 3700 2917 3753 Ἑν
2942 3697 3102 3769 ἀρχῇ
3128 3694 3207 3769 ἦν·
3230 3701 3263 3753 ό
3287 3697 3499 3768 Λόγος,
3519 3697 3617 3750 καὶ
3644 3700 3679 3753 ό
3701 3701 3820 3752 Λό-

577 3800 597 3833 ι
647 3792 728 3840 cet
761 3823 777 3847 ,
807 3785 1087 3853 perspicue
1118 3796 1173 3841 et
1195 3788 1476 3851 exsertim,
1518 3796 1768 3856 tanquam
1798 3787 1939 3856 quod
1981 3789 2130 3857 prius

2236 3814 2254 3845 ι
2284 3810 2389 3864 γος
2409 3787 2488 3862 ἦν
2511 3789 2662 3860 πρὸς
2696 3789 2805 3844 τὸν
2837 3789 3006 3856 Θεὸν,
3030 3790 3127 3843 καὶ
3156 3790 3302 3856 Θεὸς
3326 3784 3407 3859 ἦν
3432 3791 3465 3843 ό
3492 3789 3707 3857 Λόγος.
3743 3790 3824 3843 Οὐ

578 3892 597 3923 ι
645 3873 953 3930 hominibus
1004 3876 1335 3947 incognitum
1379 3877 1577 3946 fuerat,
1616 3880 2003 3948 omnipotentis
2034 3880 2130 3935 Dei

2238 3904 2258 3937 ι
2299 3884 2398 3954 μίᾳ
2432 3882 2711 3956 μαρτυρίᾳ.
2748 3880 3049 3953 χρώμενος,
3100 3881 3198 3952 τὴν
3242 3880 3520 3951 ἀῖδιότητα
3562 3880 3823 3950 σημαίνει

579 3981 598 4013 ι
651 3960 882 4018 Verbum
952 3965 1023 4019 ita
1079 3968 1338 4022 nominat.
1386 3970 1474 4023 Ait
1505 3968 1819 4024 autemzln
1868 3973 2130 4040 principio

2240 3997 2259 4029 ι
2294 3977 2387 4029 τοῦ
2420 3976 2666 4045 Λόγου.»
2699 3974 2804 4029 Kal.
2842 3973 3001 4028 πάλιν
3034 3973 3197 4045 φησί·
3222 3992 3240 4025 ι
3266 3971 3457 4044 Τρισὶν
3488 3972 3820 4042 ἐπαλλήλοις

580 4072 599 4102 ι
644 4063 757 4105 erat
791 4051 1037 4121 Verbum,
1073 4065 1119 4109 et
1151 4054 1377 4110 Verbum
1406 4071 1518 4112 erat
1536 4060 1677 4128 apud
1704 4059 1893 4126 Deum,
1919 4071 1966 4115 et
1992 4061 2135 4116 Deus

2240 4089 2259 4123 ι
2300 4067 2620 4140 μαρτυρίαις
2678 4066 2978 4141 χρώμενος,
3032 4067 3132 4138 τὴν
3170 4066 3451 4137 ἀΐδιότητα
3481 4064 3579 4119 τοῦ
3637 4067 3819 4135 Λόγου

580 4161 599 4193 ι
643 4153 756 4197 erat
787 4144 926 4198 illud
958 4143 1185 4200 Verbum
1204 4147 1273 4203 ".
1304 4146 1475 4205 Unico
1516 4166 1624 4206 non
1667 4161 1955 4207 contentus
1984 4153 2139 4208 testi-

2242 4179 2261 4211 ι
2292 4159 2560 4213 δεικνῦναι
2596 4159 2867 4229 βούλεται.
2906 4179 2927 4211 ι
2959 4159 3071 4213 Καὶ
3094 4154 3251 4223 αὖθις
3278 4158 3521 4227 ἐπιλέγει
3541 4174 3555 4187 ·
3594 4176 3614 4209 ι
3646 4158 3715 4211 ἵν’
3761 4160 3822 4213 tv

580 4252 599 4285 ι
648 4236 847 4298 monio,
902 4236 991 4291 hic
1028 4235 1182 4292 Verbi
1234 4239 1506 4308 signiﬁcat
1552 4244 1938 4297 aeternitatem.
1973 4262 1993 4295 ι
2046 4244 2138 4298 Ait

2243 4271 2261 4302 ι
2296 4251 2393 4322 μὲν
2421 4250 2497 4322 τῷ
2542 4251 2735 4321 φῆσαι,
2783 4251 2873 4303 Ἐν
2909 4251 3051 4321 ἀρχῇ
3097 4244 3166 4322 ἦν
3215 4251 3246 4303 ὁ
3291 4250 3483 4319 Λόγος,
3524 4248 3673 4320 δείξῃ
3701 4248 3820 4321 (29)

576 4324 772 4379 iterum
797 4341 810 4377 :
844 4323 935 4397 [Β.
965 4324 1171 4391 XLVII,
1198 4328 1321 4383 coll.
1346 4342 1398 4397 p.
1417 4328 1484 4383 37
1514 4328 1586 4402 A]
1635 4348 1655 4383 ι
1685 4331 1790 4386 Sed
1816 4334 1989 4389 tribus
2011 4348 2138 4388 con-

2244 4362 2262 4395 ι
2293 4343 2520 4413 δυνάμει
2557 4344 2615 4397 tv
2653 4341 2731 4413 τῷ
2762 4342 2937 4413 Πατρὶ
2968 4338 3106 4395 εἶναι
3144 4341 3234 4395 τὸν
3258 4341 3451 4409 Λόγον.
3492 4341 3662 4413 Ἀρχὴ
3708 4342 3821 4413 γὰρ

581 4434 599 4468 ι
648 4416 814 4472 tinnis
843 4419 1165 4475 testimoniis
1204 4435 1354 4487 usus,
1405 4420 1552 4475 verbi
1613 4421 1886 4491 signiﬁcat
1922 4424 2139 4478 aeterni-

2245 4454 2263 4487 ι
2296 4435 2548 4490 ἁπάντων
2571 4434 2680 4489 τῶν
2714 4434 3013 4503 γεγονότων
3037 4436 3066 4488 6
3096 4432 3248 4497 Θεὸς,
3286 4434 3345 4500 ἐξ
3368 4425 3431 4486 οῦ
3463 4433 3533 4487 τά
3559 4433 3743 4487 πάντα
3762 4452 3776 4465 ο
3793 4453 3811 4485 ι

583 4527 601 4557 ι
648 4515 835 4563 tatem.
878 4527 897 4559 ι
919 4506 1050 4564 Item
1082 4511 1341 4577 annectit,
1376 4511 1588 4572 «ut.ubi
1622 4512 1756 4566 dixit
1792 4512 1846 4565 in
1871 4512 2140 4582 principio

2250 4525 2336 4580 Ἐν
2381 4526 2438 4579 δὲ
2484 4525 2595 4598 τῷ·
2643 4524 2754 4579 Kal
2806 4528 2839 4578 ὁ
2882 4524 3072 4593 Λόγος
3150 4524 3233 4593 ἦν
3293 4524 3444 4593 πρὸς
3482 4524 3592 4578 τὸν
3638 4524 3814 4589 Θεὸν,

583 4618 603 4651 r
650 4610 768 4655 erat
798 4601 1057 4667 Verbum,
1095 4604 1405 4658 ostenderet
1451 4614 1716 4673 potestate
1749 4606 1892 4673 apud
1922 4603 2140 4659 Patrem

2240 4614 2486 4686 ἐνεργείᾳ
2535 4616 2671 4686 πρὸς
2726 4615 2815 4667 τὸν
2875 4612 3008 4667 Θεὸν
3064 4608 3202 4666 εἷναι
3251 4612 3343 4667 τὸν
3381 4612 3575 4682 Λόγον.
3610 4612 3820 4667 Πάντα

583 4711 601 4744 ι
652 4693 886 4748 Verbum
936 4695 1231 4749 exstitisse.
1296 4694 1393 4749 Est
1451 4695 1594 4749 enim
1655 4711 1836 4751 rerum
1897 4698 2139 4751 omnium

2242 4708 2350 4779 γὰρ
2375 4708 2447 4761 δι’
2470 4708 2657 4763 αὐτοῦ
2693 4708 2950 4781 ἐγένετο,
2997 4710 3092 4762 καί
3122 4706 3301 4777 χωρὶς
3346 4705 3533 4761 αὑτοῦ
3578 4705 3822 4774 ἐγένετο

584 4803 601 4835 ι
650 4784 1024 4839 exsistentium
1071 4786 1395 4855 principium
1424 4784 1584 4841 Pater
1627 4788 1788 4852 Deus,
1817 4802 1849 4842 e
1878 4804 1986 4858 quo
2014 4797 2143 4844 sunt

2243 4798 2386 4853 οὐδὲ
2417 4799 2486 4855 ἐν
2505 4817 2520 4831 ·
2580 4802 2637 4853 tv
2666 4800 2723 4855 6t
2770 4800 2848 4871 τῷ
2887 4801 2997 4871 (50)
3028 4798 3173 4852 Θεὸν
3198 4798 3348 4852 εἶναι
3372 4796 3481 4851 τὸν
3498 4798 3698 4865 Λόγον
3744 4800 3822 4850 εί-

583 4892 603 4925 ι
649 4877 850 4929 omnia.
896 4894 914 4927 ι
955 4876 1011 4931 In
1067 4876 1158 4931 illo
1208 4886 1387 4932 autem
1427 4894 1440 4930 :
1481 4874 1549 4929 Et
1606 4876 1824 4934 Verbum
1861 4880 1995 4934 illud
2028 4892 2141 4935 erat

2246 4889 2487 4960 ρηκέναι,
2526 4891 2600 4962 μὴ
2635 4891 2861 4963 διαιρεῖν
2884 4890 2981 4960 τὴν
3004 4889 3248 4961 θεότητα,
3278 4888 3463 4959 ἐπειδὴ
3503 4889 3533 4941 6
3561 4889 3736 4958 Λόγος
3759 4905 3816 4941 τε

579 4969 721 5035 apud
777 4967 961 5033 Deum,
1019 4975 1077 5033 r3
1120 4971 1438 5039 operatione
1508 4972 1742 5026 insinuat
1785 4974 1924 5042 apud
1976 4974 2139 5027 Demn

2244 4981 2302 5031 tv
2326 4980 2493 5050 αὐτῷ,
2524 4983 2617 5035 καὶ
2657 4981 2818 5043 αὐτὸς
2850 4983 2908 5034 tv
2944 4979 3022 5051 τῷ
3042 4980 3220 5051 Λόγῳ.
3259 4982 3355 5033 Ἑν
3379 4980 3508 5049 ἐμοὶ
3543 4978 3677 5050 γὰρ,
3707 4998 3812 5050 φη-

579 5061 855 5117 exstitisse
907 5036 1169 5119 Verbum.
1213 5062 1402 5119 Omnia
1465 5064 1608 5119 enim
1640 5081 1734 5134 per
1784 5036 1954 5135 ipsum
1997 5064 2143 5133 facta

2247 5071 2349 5137 σὶν,
2368 5078 2398 5125 d
2418 5036 2641 5142 ἠάτὴρ,
2674 5036 2835 5142 acciri-9
2851 5072 2921 5126 ἐν
2947 5036 3025 5137 τὰ)
3040 5036 3241 5140 Πατρί.
3269 5070 3367 5124 Διά
3382 5036 3649 5125 τοσούτων

653 5202 711 5270 ξᾙ
736 5198 852 5270 _Ed.
890 5199 1087 5265 Paris.,
1120 5214 1244 5270 pag.
1273 5198 1393 5267 118,
1432 5201 1551 5257 H9.

652 5268 694 5298 "
726 5267 881 5324 Joan.
914 5285 952 5335 ι,
982 5270 1034 5323 1.

654 5401 1115 5486 ίὲἴξὶῖωεοέῖτί·
1202 5474 1227 5485 -
1457 5472 1482 5483 -
1860 5476 1873 5486 .

2322 5414 2432 5484 (29)
2460 5418 2713 5486 Δυνάμει
2742 5416 2811 5469 ἐν
2854 5413 2931 5479 τῷ
2950 5412 3598 5486 ΠατρΙ.-8ἰοᾉ1εᾳεηιξυιη
3631 5409 3732 5486 [εἰς
3764 5420 3812 5486 et

620 5473 1114 5556 λεξληροςίορέεζ
1155 5474 1263 5556 τῆς
1316 5473 1552 5556 φωνῆς..
1593 5474 1741 5556 Alius
1776 5476 1939 5530 codex
1972 5487 2141 5556 recte,

2252 5473 2432 5556 cpdtl.’;
2464 5473 2634 5555 snpra'
2653 5487 2805 5555 vulgo
2834 5473 3205 5556 ἐπαλλήλῖιις].
3252 5484 3339 5535 Ἐν
3369 5473 3538 5552 ἂτῷ,
3569 5473 3663 5535 κσῖὶ
3687 5482 3814 5535 Θεὸν

584 5542 1023 5625 τῆς-ξιάέριονῆς.
1052 5542 1255 5625 [Deli-vi
1278 5542 1399 5625 cum
1420 5546 1574 5599 codd.
1595 5547 1692 5615 τῆς
1724 5558 1839 5616 post
1860 5546 2051 5619 προφ.]
2074 5547 2143 5600 Μ.

1243 5547 1255 5598 i
1278 5542 1399 5625 cum
1420 5546 1574 5599 codd.
1595 5547 1692 5615 τῆς
1724 5558 1839 5616 post
1860 5546 2051 5619 προφ.]
2074 5547 2143 5600 Μ.
2254 5552 2389 5608 εἶναι
2412 5542 2501 5607 τὸν
2530 5542 2714 5625 λόγον.
2742 5542 2830 5610 Ἢ.

659 5612 770 5748 (‘27;
802 5612 973 5681 Vulgo
1005 5612 1095 5665 κάι
1126 5616 1316 5684 μικρά.
1653 5612 1661 5615 ’
1724 5612 1736 5616 ’
1902 5612 1912 5618 ’
1978 5612 1988 5615 ’
2034 5612 2051 5619 ’

660 5680 747 5732 (98
807 5682 889 5748 Τῷ
936 5683 1194 5748 ἡμετέρῳ
1221 5685 1527 5748 ποιοῦμεν.
1562 5686 1732 5748 Adde,
1770 5690 1858 5740 καὶ
1918 5687 2149 5748 λέγομεν

2266 5626 2437 5748 Θ(ίξᾰθ)
2471 5612 2635 5697 Vulgo
2676 5625 2815 5695 Θεῷ,
2869 5636 2923 5679 ιιι
2969 5624 3037 5681 ει.
3090 5640 3143 5695 p.
3199 5623 3267 5678 37
3316 5624 3378 5679 Α.
3436 5622 3537 5693 Μρ.
3594 5624 3666 5677 ίσ.
3726 5621 3813 5676 xci

2310 5713 2331 5748 Ε
2368 5714 2414 5748 ν.

588 5680 770 5801 ut?)
791 5682 889 5805 L111,3
918 5680 1194 5753 ἡμετέρῳ
1221 5680 1527 5756 ὲτοιοῦμεν.
1562 5686 1732 5752 Adde,
1770 5690 1858 5740 καὶ
1918 5687 2149 5755 λέγομεν

821 5682 889 5805 [ᾧ
918 5680 1194 5753 ἡμετέρῳ
1221 5680 1527 5756 ὲτοιοῦμεν.
1562 5686 1732 5752 Adde,
1770 5690 1858 5740 καὶ
1918 5687 2149 5755 λέγομεν
2266 5680 2413 5750 ages,

652 5767 749 5818 γῳ.
791 5767 860 5806 ιιι.
