4032 6434
216 445 336 501 9:15

1151 434 1241 489 DE
1283 429 1822 489 ECCLESIASTIL‘A
1866 424 2265 483 TIIEOLOGlA
2301 423 2435 479 LIB.
2476 420 2541 477 11.

3400 419 3507 477 οξσ

217 565 421 627 κελλος
453 563 552 633 τὴν
586 559 885 613 ὑπόστασιν
912 553 1009 609 τοῦ
1054 551 1374 624 μονογενοῦς
1407 550 1539 603 Υἱοῦ
1564 548 1658 601 τοῦ
1680 548 1815 600 Θεοῦ

1933 557 2064 607 sunt,
2112 555 2161 596 et
2211 543 2323 595 sine
2369 543 2483 605 ipso
2542 540 2746 607 factum
2799 549 2877 591 est
2922 535 3057 590 nihil
3100 537 3168 589 ".
3217 534 3275 589 In
3330 549 3508 604 eoque

222 657 495 729 ἀναιρῶν,
524 654 614 706 τὸν
646 650 788 703 θεῖον
813 644 1206 716 εὑαγγελιστὴν
1232 644 1330 714 τῆς
1362 642 1557 695 ἑαυτοῦ
1585 642 1813 693 κακοδο-

226 751 353 817 ξίας
406 746 759 820 μαρτύρεται,
795 742 871 806 ὼς
911 738 1064 794 οὐδὲν
1096 738 1285 807 ἕτερον
1324 737 1484 788 αὐτὸν
1518 733 1817 802 ἐπιστάμε-

227 861 324 899 νον
354 842 386 912 ἢ
411 842 605 908 Λόγον,
645 836 777 889 ποτὲ
810 836 907 905 μὲν
936 828 1283 902 ἐνεργοῦντα,
1302 827 1489 883 ἄλλοτε
1519 825 1576 878 δὲ
1610 822 1817 895 ἡσυχά-

1917 638 2137 699 dicitur,
2191 647 2243 688 et
2298 633 2440 687 Deus
2490 641 2603 686 erat
2648 628 2894 691 Verbum,
2934 644 3037 682 non
3086 628 3284 682 dividit
3327 628 3505 681 deita-

1916 741 2041 792 tem,
2098 726 2354 796 quoniam
2400 725 2451 776 iu
2507 723 2629 792 ipso
2677 731 2798 775 erat
2838 719 3102 781 Verbum,
3143 728 3199 773 et
3244 718 3361 786 ipse
3386 727 3508 772 erat

1914 822 1967 875 in
2025 819 2220 874 Verbo.
2274 817 2342 871 lu
2398 832 2479 869 me
2523 816 2685 877 enim,
2740 813 2938 882 inquit,
2979 811 3161 876 Pater,
3212 823 3261 865 et
3308 828 3401 879 ego
3452 810 3506 864 in

229 904 396 999 ζοντα
416 935 476 985 ὲν
606 928 748 999 Θεῷ,
779 904 874 981 καὶ
898 923 1056 979 οὐδὲν
1086 922 1272 993 ἕτερον
1294 919 1423 974 δντα
1456 918 1490 989 ἢ
1528 916 1687 970 αὐτὸν
1726 914 1816 967 τὸν

1933 911 2083 966 Patre
2131 911 2199 965 ”.
2254 908 2544 963 Marcellus
2595 923 2690 976 per
2741 908 2854 961 bzec
2903 916 2979 958 tot
3028 913 3085 958 et
3138 913 3287 957 tanta
3332 904 3508 956 subsi-

227 1026 389 1080 Θεόν.

1922 1005 2175 1060 stentiam
2245 992 2506 1071 unigeniti
2578 999 2672 1053 Dei
2722 997 2843 1051 Filii
2901 997 3095 1051 tollens
3143 1006 3337 1049 testem
3393 1009 3507 1047 sua:

232 1117 505 1173 haeretica:
555 1126 844 1184 pravteque
905 1107 1182 1179 opinionis
1237 1106 1369 1159 citat
1420 1104 1843 1169 evangelistam,
1887 1098 2041 1168 quasi
2096 1096 2234 1149 nihil
2298 1094 2444 1148 aliud
2476 1094 2565 1148 ille
2596 1094 2859 1147 voluisset
2899 1091 3149 1161 intelligi,
3177 1106 3338 1161 quam
3378 1090 3509 1146 Ver-

230 1210 386 1273 bum,
446 1220 591 1261 nunc
652 1202 1021 1274 Operativum,
1064 1199 1354 1266 quiescens
1388 1196 1524 1250 alias
1568 1194 1622 1248 in
1681 1193 1809 1257 Deo,
1850 1208 1949 1246 nec
1976 1189 2272 1261 quidquam
2306 1186 2451 1241 aliud
2477 1186 2752 1241 exsistens
2779 1200 2950 1252 quam
2972 1185 3163 1240 Deum.

878 1293 1036 1346 ΚΕΦ.
1066 1292 1166 1344 ΙΒ’.

1240 1380 1494 1443 ›,όεύα

232 1390 371 1445 Ὀτι
412 1388 521 1458 μὴ,
566 1388 665 1458 ὡς,
692 1384 887 1458 ἐδόκει
922 1379 1241 1458 bicipitem

392 1448 518 1527 £1»;
540 1448 673 1524 napi
704 1454 811 1507 τοῦ
848 1448 1043 1521 Λόγου
1072 1450 1389 1519 θεολογίαν
1415 1448 1675 1513 ἐξέθετο.

307 1551 503 1605 Καίτοι
532 1551 561 1601 6
591 1548 767 1617 μέγας
799 1542 1211 1612 εὐαγγελιστης,
1248 1541 1365 1612 ἅμα
1410 1541 1505 1594 καὶ
1548 1539 1819 1608 θεολόγος,

233 1643 421 1713 τρίτον
449 1642 509 1693 tv
535 1636 716 1707 ταύτῷ
746 1633 1124 1707 μνημονεύσας
1161 1631 1256 1685 τοῦ
1287 1632 1464 1699 Λόγου
1489 1670 1504 1695 ,
1535 1630 1642 1682 οὐδ’
1674 1628 1820 1695 ἅπαξ

233 1732 459 1803 εῐρηκεν
483 1727 646 1781 αὑτὸν
676 1725 809 1781 Θεοῦ
834 1725 1025 1794 Λόγον.
1058 1724 1132 1777 Οὐ
1168 1723 1277 1792 γὰρ
1307 1716 1480 1783 εἶπεν,
1528 1722 1625 1774 Ἐν
1657 1717 1818 1787 ἀρχῇ

1599 1376 1820 1445 λιστὴς

2552 1277 2705 1334 CAP.
2757 1276 2873 1331 XII.

1924 1374 2085 1442 Quod
2102 1390 2228 1440 non,
2270 1383 2326 1425 ut
2352 1370 2602 1442 Marcello
2625 1370 2914 1431 videbatur,
2934 1368 3252 1440 theologiam
3274 1368 3341 1423 de
3360 1364 3507 1421 Filio

2373 1440 2701 1509 euangelista
2762 1442 3053 1510 proposuit.

1992 1537 2219 1607 Magnus
2240 1534 2520 1589 enimvero
2555 1532 2885 1602 evangelista
2920 1530 3081 1586 simul
3112 1540 3168 1585 et
3202 1530 3508 1599 theologus,

1924 1642 2007 1686 ter
2034 1645 2157 1684 cum
2190 1626 2352 1683 Verbi
2382 1626 2715 1680 mentionem
2748 1624 2851 1678 hoc
2873 1623 2928 1677 in
2970 1622 3089 1679 loco
3118 1622 3306 1688 faciat,
3338 1638 3407 1677 ne
3431 1638 3512 1678 se.

1878 1780 1885 1788 _
1928 1722 2031 1777 mel
2056 1720 2277 1791 quidem
2320 1718 2557 1788 appellat
2589 1732 2712 1771 eum
2745 1716 2839 1771 Dei
2879 1715 3145 1771 Verbum.
3172 1714 3292 1769 Non
3324 1714 3516 1784 utique

230 1821 317 1895 ἦν
338 1827 371 1878 ό
399 1821 507 1877 τοῦ
530 1820 677 1875 Θεοῦ
712 1820 902 1889 Λόγος
926 1836 940 1849 ·
973 1817 1089 1871 ἀλλ’
1116 1816 1403 1886 ἀορίστως,
1443 1815 1540 1866 Ἐν
1562 1811 1721 1882 ἀρχῇ
1743 1808 1824 1882 ἦν

1933 1814 2083 1877 dixit,
2118 1811 2185 1866 In
2220 1811 2474 1879 principio
2498 1821 2613 1865 erat
2647 1806 2869 1863 Verbum
2895 1808 2990 1862 Dei
3015 1822 3037 1863 :
3064 1809 3158 1863 sed
3189 1816 3401 1862 tantum
3427 1807 3521 1860 in-

234 1915 269 1963 ό
299 1911 513 1980 Λόγος·
544 1912 677 1981 ἡμῖν
708 1906 1018 1961 καταλιπὼν
1063 1907 1243 1975 ζητεῖν
1267 1906 1448 1966 ὁποῖος
1477 1898 1545 1974 ἦν
1576 1904 1606 1955 6
1629 1902 1819 1969 Λόγος.

236 2000 349 2054 Καὶ
374 2000 563 2065 πάλιν,
595 2000 693 2053 καὶ
734 2001 767 2052 ό
802 2000 995 2067 Λόγος
1019 1993 1097 2067 ἦν
1123 1995 1272 2063 πρὸς
1310 1995 1419 2049 τὸν
1458 1994 1628 2057 Θεὸν,
1676 1990 1821 2056 εἶπε,

232 2092 537 2162 δυνάμενος
562 2092 759 2155 εἰπεῖν,
792 2089 890 2143 καὶ
925 2093 957 2143 ό
984 2092 1175 2158 Λόγος
1211 2088 1317 2141 τοῦ
1346 2085 1493 2141 Θεοῦ
1529 2082 1609 2155 ἦν
1632 2085 1701 2137 ἐν
1744 2082 1825 2149 τῷ

210 2167 384 2255 _
414 2182 571 2245 ἀλλά,
604 2181 704 2236 καὶ
736 2180 879 2247 Θεὸς
903 2176 982 2251 ἦν
1006 2184 1040 2235 ὸ
1055 2181 1267 2249 Λόγος,
1290 2178 1434 2249 οὐχὶ,
1452 2177 1549 2231 καὶ
1573 2175 1721 2231 Θεοῦ
1744 2171 1827 2246 ἦν

232 2276 263 2327 6
283 2274 496 2342 Λόγος,
517 2272 641 2344 ἔφη,
678 2272 764 2326 ἵνα
788 2271 863 2344 μὴ
878 2271 971 2325 τοῦ
984 2270 1117 2325 Θεοῦ
1144 2269 1425 2341 ὲνέργειάν
1445 2285 1586 2333 τινα,
1617 2283 1827 2337 σημαν-

231 2368 400 2437 τικήν
430 2384 577 2431 τινος
617 2366 650 2437 ἢ
706 2365 996 2435 ποιητικὴν
1039 2360 1177 2417 εἶναι
1228 2363 1390 2417 αὐτὸν
1435 2359 1821 2430 ὑπολάϐοιμεν.

243 2462 311 2516 ὀ
339 2459 404 2530 δὴ
438 2456 777 2529 Μάρκελλος,
803 2454 1009 2525 οἰηθεὶς
1033 2454 1200 2507 ἀΐδιον
1222 2449 1362 2507 εἶναι
1383 2452 1545 2506 αὑτὸν
1570 2451 1662 2504 τοῦ
1688 2451 1824 2505 Θεοῦ

232 2552 434 2622 Λόγον,
487 2549 632 2603 τοῦτ’
677 2548 824 2601 ἐστιν
872 2544 1165 2614 ἀγέννητον
1188 2582 1203 2607 ,
1250 2543 1509 2603 πολλάκις
1563 2542 1824 2613 ὡρίσατο,

232 2643 303 2697 οὐ
334 2639 596 2713 συνορῶν,
646 2639 750 2701 ὅτι,
785 2636 836 2689 εί
886 2634 985 2705 μὲν
1028 2633 1214 2702 ἕτερον
1250 2631 1344 2686 τοῦ
1372 2632 1506 2685 Θεοῦ
1535 2632 1626 2685 τὸν
1654 2632 1825 2701 Λόγον

234 2733 463 2804 φάσκει,
491 2730 584 2783 δύο
612 2728 765 2782 ἔσται
790 2726 965 2792 ἀΐδια,
982 2726 1011 2778 6
1036 2724 1209 2793 Λόγος
1241 2724 1336 2778 καὶ
1368 2725 1397 2776 ὁ
1424 2723 1577 2788 Θεὸς,
1609 2725 1704 2777 καὶ
1726 2724 1827 2777 οὐκ

233 2824 317 2879 ἔτ’
345 2823 497 2877 ἔσται
530 2820 672 2893 ἀρχὴ
705 2818 802 2890 μία
826 2836 840 2849 ’
888 2820 937 2870 εί
968 2817 1026 2871 δὲ
1058 2817 1116 2871 ἓν
1142 2816 1350 2885 λέγοιτο
1389 2814 1577 2879 ἀΐδιον,
1609 2814 1699 2868 τὸν
1724 2816 1825 2869 αὑ-

231 2914 332 2971 τὸν
367 2913 684 2986 ὁριζόμενος
720 2906 857 2964 εἶναι
881 2910 973 2963 τὸν
994 2908 1129 2962 Θεὸν
1176 2907 1464 2979 τῷ“Λόγῳ,
1498 2907 1702 2977 γυμνὸν
1733 2906 1825 2960 τὸν

233 3006 529 3063 Σαὸέλλιον
562 3002 910 3077 ὁμολογήσει,
932 3002 1230 3071 υίοπάτορα
1261 3000 1353 3052 τὸν
1380 2998 1497 3063 ἕνα,
1526 2999 1647 3052 κατ’
1664 2999 1825 3053 αὑτὸν

234 3101 467 3163 δκείνον,
510 3097 767 3165 είσάγων.
812 3095 1005 3148 Ἔσται
1032 3087 1125 3147 οὖν
1168 3092 1197 3144 6
1223 3090 1412 3163 Πατὴρ
1440 3090 1590 3162 αὑτῷ
1628 3107 1823 3162 γεννη-

1925 1903 2171 1967 deﬁnite,
2196 1901 2263 1957 In
2288 1901 2555 1971 principio
2585 1911 2697 1955 erat
2730 1897 2955 1954 Verbum
2978 1899 3046 1955 ”.
3084 1898 3256 1954 Nobis
3295 1898 3517 1969 reliquit

1926 1996 2232 2067 disquirere
2258 1994 2560 2062 cuiusmodi
2600 1993 2728 2048 illud
2749 2002 2869 2047 erat
2897 1989 3155 2047 Verbum.
3192 1990 3403 2047 Rursus
3423 1992 3521 2047 ubi

1926 2088 2083 2152 dixit,
2114 2096 2159 2140 et
2193 2083 2423 2139 Verbum
2449 2093 2564 2139 erat
2588 2084 2731 2151 apud
2767 2082 2933 2137 Deum
2959 2082 3005 2117 "
3038 2124 3055 2151 ,
3085 2083 3259 2153 potuit
3286 2083 3515 2149 dixisse,

1925 2190 1973 2235 et
2014 2178 2242 2234 Verbum
2287 2176 2386 2233 Dei
2438 2189 2553 2232 erat
2593 2176 2737 2247 apud
2762 2175 2969 2241 Deum;
2998 2176 3114 2239 sed,
3142 2186 3191 2231 et
3234 2175 3399 2244 Deus,
3437 2178 3523 2231 ln-

1926 2276 2065 2343 quit,
2092 2282 2205 2326 erat
2236 2269 2556 2336 Verbum“;
2580 2285 2711 2330 non.
2741 2279 2798 2325 et
2828 2266 3053 2323 Verbum
3080 2268 3175 2322 Dei
3209 2278 3325 2323 erat
3350 2267 3517 2335 Deus,

1928 2376 1995 2416 ne
2038 2378 2136 2417 nos
2194 2360 2633 2417 ex‘tstimaremus
2669 2359 2906 2415 Verbum
2940 2359 3068 2413 illud
3104 2358 3222 2435 Diei,
3248 2362 3525 2430 operatio-

1928 2455 2012 2508 nis
2040 2454 2460 2526 signiﬁcativum
2489 2468 2629 2508 esse.
2674 2453 2781 2509 Sed
2818 2453 3140 2517 Marcellus,
3168 2469 3293 2508 cum
3324 2454 3520 2523 opina-

1928 2556 2081 2601 retur
2114 2558 2379 2601 :eternum
2402 2559 2523 2601 esse
2544 2545 2721 2615 ipsum
2752 2544 2847 2600 Dei
2886 2544 3146 2609 Verbum,
3179 2546 3283 2601 hoc
3316 2556 3402 2601 est
3428 2546 3521 2601 in-

1926 2637 2193 2707 genitum,
2223 2637 2297 2692 ita
2326 2652 2551 2706 prorsus
2583 2652 2706 2691 eum
2738 2636 2983 2693 deﬁnivit
3012 2656 3028 2692 :
3063 2638 3292 2693 minime
3321 2638 3522 2693 adver-

1929 2738 2071 2794 tens,
2100 2730 2242 2799 quod
2265 2729 2310 2784 si
2350 2729 2585 2785 Verbum
2611 2729 2885 2785 diversum
2916 2728 3046 2800 quid
3088 2744 3118 2783 a
3155 2728 3267 2784 Deo
3295 2736 3521 2794 statuat,

1928 2823 2035 2877 duo
2062 2821 2247 2877 futura
2292 2822 2407 2878 sint
2433 2830 2641 2877 eterna
2673 2837 2688 2875 :
2724 2821 2827 2876 hoc
2873 2832 2959 2877 est
2992 2820 3140 2876 Deus
3157 2830 3210 2875 et
3236 2820 3473 2877 Verbum
3504 2837 3529 2886 ς.

1927 2927 2030 2968 nec
2064 2913 2393 2983 principium
2438 2913 2543 2967 hoc
2577 2922 2737 2982 pacto
2766 2922 3042 2968 statuetur
3075 2912 3318 2967 unicum.
3366 2912 3533 2981 Quod.

1926 3006 1971 3061 si
2003 3006 2224 3060 unicum
2254 3006 2471 3061 dicatur
2496 3016 2782 3071 uernum,
2806 3015 2968 3076 atque
2996 3006 3130 3062 illud
3176 3007 3352 3077 ipsum
3384 3005 3523 3062 deﬁ-

1930 3099 2044 3153 niat
2072 3112 2193 3155 esse
2217 3097 2388 3153 Deum
2419 3113 2540 3154 cum
2566 3113 2666 3154 suo
2694 3097 2897 3163 Verbo,
2928 3099 3135 3153 nudum
3172 3112 3403 3170 prorsus
3426 3094 3537 3153 Sa-

234 3189 356 3255 θεὶς
389 3160 486 3244 καὶ
525 3160 863 3259 (δη-παθὼν
908 3186 1002 3239 καλ⁵
1047 3185 1208 3248 αὐτὸς
1258 3160 1411 3236 ἔσται
1459 3184 1489 3236 ὁ
1537 3160 1825 3255 εὐχόμενος

1933 3190 2159 3245 bellium
2206 3189 2553 3246 conﬁtebitur
2584 3208 2664 3257 se,
2691 3194 2809 3263 qui,
2838 3160 2898 3246 ut
2932 3191 3020 3245 ille
3049 3160 3204 3258 fecit,
3234 3206 3401 3245 unum
3432 3188 3496 3246 Fi

237 3279 453 3351 ἑαυτῷ,
488 3278 585 3332 καὶ
616 3275 952 3330 ἀπεστάλθαι
978 3275 1151 3343 λέγων
1197 3273 1287 3343 ὑφ’
1317 3272 1510 3326 ἑαυτοῦ
1528 3314 1542 3337 ,
1575 3273 1669 3326 καὶ
1699 3273 1827 3328 Υίὸν

235 3371 459 3436 ἑαυτοῦ,
484 3370 578 3425 καὶ
604 3367 890 3440 μονογενῆ,
916 3367 1017 3420 οὐκ
1040 3364 1411 3436 ὲπαληθεύων,
1443 3365 1539 3418 σὺν
1574 3364 1831 3437 εἰρωνείᾳ

231 3464 300 3523 ἃ
340 3462 830 3533 καταψευδόμενος.
880 3461 989 3515 Καὶ
1030 3458 1115 3522 τίς
1158 3458 1224 3511 ἂν
1265 3459 1451 3529 ἕτερος
1488 3456 1680 3511 τούτου
1719 3457 1828 3525 (52)

235 3556 662 3627 δυσσεϐέστερος
704 3552 900 3621 γένοιτ’
942 3551 1009 3605 ἂν
1056 3550 1249 3618 λόγος;
1310 3548 1472 3601 Ἀλλὰ
1512 3548 1624 3620 γὰρ
1670 3551 1832 3620 ἡμεῖς

240 3647 378 3721 φέρε
412 3646 629 3717 ίδωμεν,
672 3643 855 3696 ὁποῖον
895 3643 1025 3713 ἡμῖν
1050 3644 1079 3694 6
1106 3637 1497 3710 εὐαγγελιστὴς
1523 3639 1697 3708 Λόγον
1742 3638 1833 3692 εὑ-

240 3738 611 3809 αγγελίζεται,
656 3734 916 3805 φάσκων·
960 3733 1064 3787 Ἐν
1096 3728 1257 3799 ἀρχῇ
1298 3727 1377 3799 ἦν
1415 3733 1447 3784 ό
1475 3730 1697 3800 Λόγος,
1732 3730 1832 3788 καὶ

240 3834 280 3890 ό
296 3832 490 3903 Λόγος
518 3825 598 3900 ἦν
624 3828 776 3898 πρὸς
798 3830 907 3880 τὸν
932 3825 1101 3888 Θεὸν,
1126 3824 1225 3879 καὶ
1246 3822 1393 3888 Θεὸς
1411 3819 1490 3894 ἦν
1513 3818 1547 3877 ό
1561 3826 1773 3893 Λόγος.

1936 3282 2010 3337 lio
2061 3281 2278 3337 Patrem
2316 3294 2374 3337 et
2424 3283 2645 3339 unicum
2696 3284 2984 3339 conﬁnxit.
3036 3282 3349 3340 Secundum
3394 3296 3536 3355 ergo

1936 3374 2135 3443 ipsum,
2164 3375 2271 3429 erit
2307 3374 2461 3431 Patet
2518 3377 2753 3448 genitus,
2793 3388 2849 3431 et
2887 3390 3085 3446 passus
3115 3392 3131 3430 :
3164 3375 3287 3445 ipse
3320 3384 3527 3431 semet-

1940 3464 2045 3533 ipsi
2078 3465 2387 3521 orationem
2428 3465 2619 3524 fundet
2656 3484 2669 3520 :
2703 3468 2929 3524 missum
2977 3481 3037 3522 se
3078 3467 3340 3522 fatebitur
3371 3481 3403 3521 a
3435 3480 3526 3522 se-
3620 3466 3625 3467 “

1940 3557 2197 3628 metipso,
2218 3567 2273 3613 et
2294 3558 2491 3615 Filium
2523 3562 2605 3616 sui
2640 3561 2809 3631 ipsius
2838 3585 2850 3618 :
2880 3572 3047 3632 atque
3076 3562 3153 3617 ita
3189 3559 3529 3617 simulatorio

1939 3661 2001 3702 se
2029 3663 2135 3703 non
2168 3664 2379 3720 revera,
2414 3654 2510 3707 sed
2549 3652 2829 3719 mentitus,
2874 3651 3135 3709 fatebitur
3166 3652 3527 3722 unigenitum.

1940 3737 2083 3806 Quid
2104 3741 2209 3797 hoc
2240 3757 2494 3800 sermone
2516 3746 2688 3815 magis
2717 3745 2941 3815 impium
2964 3745 3261 3816 excogitari
3293 3743 3531 3814 poterit?

1939 3826 2048 3885 Nos
2076 3842 2277 3901 autem,
2318 3848 2438 3906 age,
2467 3838 2881 3892 consideremus
2914 3842 2974 3901 >14
3018 3835 3178 3907 quale
3213 3835 3370 3891 nobis
3394 3832 3534 3889 Ver-

240 3927 371 3985 bum
405 3925 736 3994 evangelista
780 3921 1047 3987 enuntiet,
1072 3920 1161 3975 ubi
1196 3920 1453 3990 loquitur,
1474 3917 1542 3977 In
1566 3918 1838 3991 iprincipio
1875 3935 1988 3979 erat
2036 3925 2282 3999 Verbum,
2341 3941 2390 3986 et
2436 3930 2665 3987 Verbum
2712 3946 2823 3987 erat
2862 3934 3005 4005 apud
3037 3931 3225 3997 Deum,
3264 3938 3315 3985 et
3382 3928 3529 3989 οης

241 4034 357 4079 erat
401 4019 644 4075 Verbum.

892 4114 1055 4167 ΚΕΦ.
1092 4113 1197 4167 II".

276 4209 573 4282 Ποσαχῶς
600 4208 670 4265 τὸ
710 4209 1169 4288 σημαινόμενοη
1194 4208 1263 4260 ἐκ
1304 4205 1417 4276 τῆς
1449 4204 1557 4260 τοῦ
1600 4206 1798 4276 Λόγου

798 4296 1007 4349 φωνης
1036 4293 1281 4331 νοειται.

327 4368 395 4424 Ἥ
422 4368 521 4441 μὲν
551 4363 647 4423 οὖν
689 4367 781 4421 τὸν
809 4367 967 4435 λόγον
988 4365 1226 4438 δηλοῦσα
1274 4365 1437 4434 λέξις,
1472 4364 1540 4418 δι’
1586 4365 1829 4436 Ἐλληνι-

242 4460 351 4533 κῆς
394 4460 643 4532 γλώττης
679 4459 1150 4533 προενηνεγμένη,
1194 4458 1507 4529 πολύσημον
1538 4457 1829 4511 ὑποϐάλλει

2546 4119 2699 4177 CAP.
2761 4118 2901 4176 XIII.

1931 4229 2072 4299 Quot
2101 4234 2273 4288 modia
2298 4233 2651 4305 intelligatur,
2678 4237 2818 4303 quod
2846 4251 2968 4291 voce
2998 4233 3151 4291 Verbi
3175 4235 3529 4308 signiﬁcatur.

2015 4365 2133 4421 Vox
2181 4367 2271 4423 illa
2307 4366 2505 4436 λόγος,
2548 4368 2735 4424 (ἶΐέεέ
2780 4379 2931 4424 certe
2979 4369 3160 4439 lingua
3198 4368 3243 4423 si
3286 4366 3534 4439 profera-

1930 4468 2037 4522 tur,
2074 4459 2279 4513 variam
2320 4474 2350 4514 a
2392 4474 2449 4513 se
2492 4461 2803 4529 suppeditat
2845 4460 3327 4531 signiﬁcationem.
3354 4460 3533 4517 Voca-

240 4554 345 4626 τὴν
363 4552 423 4618 ἐξ
437 4553 607 4624 αὐτῆς
629 4551 883 4623 Θεωρίαν.
912 4549 960 4605 α’
978 4552 1119 4623 (53)'
1133 4550 1411 4621 Κέκληται
1442 4550 1551 4623 γὰρ
1576 4549 1651 4624 [6]
1669 4551 1825 4621 λόγος

1933 4563 2017 4607 tur
2044 4551 2215 4623 logos,
2250 4552 2302 4606 id
2340 4553 2487 4623 quod
2535 4553 2846 4622 disponitur
2901 4556 2954 4609 in
2999 4556 3184 4610 anima
3219 4556 3469 4612 rationali
3508 4571 3526 4609 :

243 4646 340 4700 καὶ
362 4648 391 4700 6
424 4646 483 4699 ὲν
510 4648 576 4717 τῇ
600 4644 788 4716 λογικῇ
820 4643 965 4715 ψυχῇ
1018 4641 1517 4715 καταδεδλημένος,
1550 4643 1671 4697 καθ’
1691 4643 1749 4697 ὃν
1774 4643 1835 4696 τὸ

242 4735 554 4805 λογίζεσθαι
579 4738 711 4807 ἡμῖν
744 4736 995 4807 πάρεστι.
1023 4734 1088 4804 β’.
1110 4736 1218 4788 Καὶ
1235 4735 1386 4805 παρά
1412 4733 1599 4787 τοῦτον
1623 4735 1832 4807 ἕτερος,

240 4828 274 4882 6
324 4827 415 4881 διὰ
459 4828 706 4901 γλώττης
760 4830 855 4883 καλ¹
906 4828 1092 4898 φωνῆς
1135 4828 1401 4900 ἐνάρθρου
1438 4829 1718 4899 σημαίνων
1758 4845 1832 4882 τι.

241 4925 315 4989 γ’.
354 4920 463 4973 Καὶ
498 4921 638 4973 κατά
666 4922 844 4991 τρίτον
876 4921 1099 4992 τρόπον,
1135 4924 1163 4974 6
1196 4920 1284 4973 διὰ
1322 4922 1539 4992 γραφῆς
1574 4920 1652 4991 τῷ
1694 4936 1834 4990 γρα-

242 5014 339 5085 φεῖ
358 5014 804 5083 συντεταγμένος.
834 5014 893 5067 δ’.
922 5014 1060 5085 Ἤδη
1090 5014 1145 5067 δὲ
1173 5013 1327 5082 λόγον
1356 5013 1627 5083 εἰώθαμεν
1653 5013 1838 5066 καλεῖν

242 5102 342 5157 καὶ
368 5102 461 5156 τὸν
488 5106 863 5176 σπερματικὸν
902 5107 936 5178 ἢ
977 5106 1224 5175 φυτικὸν,
1270 5106 1394 5159 καθ’
1424 5106 1482 5159 δν
1510 5105 1737 5177 δυνάμει
1769 5105 1837 5159 τὰ

246 5193 476 5267 μηδέπω
517 5194 693 5265 φύντα
720 5198 1066 5251 ὲναπόκειται
1096 5201 1208 5261 τοῖς
1238 5198 1516 5269 σπέρμασι
1552 5198 1836 5269 μέλλοντα,

241 5286 368 5341 δσον
397 5285 550 5341 οὔπω
588 5288 688 5359 τῆς
729 5290 1011 5359 ἐνεργείας
1051 5292 1131 5354 είς
1174 5290 1290 5359 φῶς
1337 5290 1604 5363 προϊέναι.
1642 5296 1701 5344 ε’.
1729 5290 1838 5345 Καὶ

244 5376 397 5448 παρά
441 5379 615 5433 ταῦτα
677 5380 880 5452 ἑτέρως
933 5381 1187 5435 εἰώθασιν
1219 5381 1505 5453 ὀνομάζειν
1552 5382 1706 5450 λόγον
1744 5383 1834 5435 τὸν

242 5468 663 5541 ἐπιστημονικὸν
708 5472 903 5544 τέχνης
940 5472 1144 5543 τινὸςῆ
1180 5474 1518 5544 ἐπιστήμης,
1567 5473 1661 5527 καὶ
1701 5473 1834 5527 πάν·

323 5610 384 5669 >11
418 5606 514 5661 Ed.
558 5606 758 5673 Paris,
795 5626 913 5679 pag.
960 5610 1079 5665 120.

314 5699 363 5732 "
387 5699 518 5754 ibid.
550 5701 604 5755 5.

464 5835 637 5911 Vulgo
665 5841 911 5911 πάσχων.

317 5909 432 5987 (3:!)
463 5909 626 5979 Vulgo
654 5909 849 5979 γένοιτ’
883 5912 945 5965 ἂν
977 5911 1191 5965 δυσσεϐ.

1934 4646 2076 4702 unde
2122 4647 2390 4718 contingit
2446 4645 2792 4702 ratiocinari.
2829 4646 2923 4701 Est
2967 4655 3021 4702 et
3067 4646 3220 4717 logos
3263 4649 3523 4712 secundo,

1932 4737 2075 4806 quod
2105 4737 2379 4808 signiﬁcat
2421 4735 2651 4806 aliquid,
2679 4752 2777 4807 per
2802 4736 3041 4807 linguam
3079 4746 3137 4791 et
3183 4752 3371 4793 vocem
3400 4738 3531 4793 arti-

1934 4828 2191 4883 culatam.
2211 4827 2421 4893 Tertio,
2449 4828 2594 4898 quod
2640 4829 2964 4896 descripsit,
2989 4838 3045 4883 et
3073 4828 3364 4885 scribendo
3391 4831 3532 4884 scri-

1935 4927 2057 4987 ptor
2082 4918 2357 4987 deposuit.
2386 4917 2637 4973 Solemus
2674 4927 2729 4973 et
2756 4917 2918 4987 Iogon
2960 4917 3237 4989 appellare
3284 4920 3526 4975 semina-

1934 5011 2037 5065 lem
2062 5020 2116 5065 et
2164 5020 2481 5065 nascentem
2533 5010 2873 5067 facultatem.
2906 5011 3215 5067 Secundum
3247 5027 3409 5083 quem
3442 5012 3528 5068 di-

1936 5114 2133 5160 cuntur
2169 5114 2437 5175 potestate
2480 5118 2626 5168 esse,
2662 5105 2716 5158 in
2744 5104 3051 5160 seminibus
3084 5104 3196 5170 illa,
3233 5120 3357 5176 qua:
3389 5120 3529 5161 non-

1935 5196 2062 5251 dum
2087 5206 2244 5252 enata
2291 5205 2440 5263 sunt,
2468 5196 2563 5252 sed
2603 5196 2861 5266 deinceps
2912 5206 3037 5253 actu
3080 5198 3364 5268 proditura
3401 5208 3529 5253 sunt

1936 5291 1991 5344 in
2031 5290 2225 5345 lucem.
2258 5290 2447 5345 Adhuc
2474 5300 2528 5345 et
2558 5290 2666 5345 alio
2691 5290 2875 5355 modo,
2902 5289 3143 5346 solemus
3180 5290 3336 5362 logon
3370 5306 3527 5346 usur-

1938 5398 2092 5449 pare,
2150 5399 2247 5453 pro
2290 5384 2623 5439 intellectiva
2672 5384 2809 5439 artis
2861 5385 3091 5456 alicujus
3140 5396 3235 5439 aut
3283 5386 3530 5440 scientize

1941 5474 2223 5540 facultate,
2250 5476 2501 5547 quodque
2525 5478 2772 5533 omnium
2808 5488 2859 5534 et
2897 5478 3236 5547 singulorum
3262 5477 3510 5532 istiusmo

679 5703 726 5733 ”
753 5702 906 5757 που...
938 5720 1048 5769 xw,
1082 5706 1169 5759 10.
1244 5704 1288 5737 ’⁸
1312 5702 1467 5761 Joan.
1506 5720 1547 5771 t,
1580 5705 1629 5760 I.
1705 5704 1751 5736 ’⁵
1780 5704 1909 5760 ibid.
1981 5703 2029 5735 "
2051 5702 2180 5757 ibid.

1998 5843 2109 5911 (33)
2141 5841 2233 5896 Sic
2265 5842 2451 5906 codd.,
2482 5842 2569 5911 qui
2614 5857 2729 5913 om.
2784 5856 3016 5913 sequens
3058 5842 3110 5909 6,
3146 5840 3233 5899 hic
3284 5849 3339 5897 et
3382 5838 3531 5899 infra

1930 5915 2131 5971 addunt
2158 5927 2413 5969 numeros
2442 5910 2646 5971 omisso
2673 5910 2734 5969 δ’.
