4032 6436
553 336 669 400 937

1203 336 1478 397 EUSEBll
1514 334 1995 394 CESARIENSIS
2029 334 2123 393 0P3

2225 334 2402 393 PARS
2438 333 2527 392 IV.
2565 363 2637 375 —
2673 328 3095 390 DOGUATICA.

556 457 611 513 di
643 456 1037 511 theorematum
1088 453 1597 522 eomprebensivum
1621 448 1728 519 est,
1759 454 1927 512 veluti
1957 454 2123 511 medi-

2225 450 2333 503 τῶν
2372 448 2481 503 τῶν
2519 444 2736 501 τοιῶνδε
2783 443 3156 516 θεωρημάτων
3209 440 3640 517 muluium,
3689 436 3810 500 οἷον

553 561 711 612 cum,
748 542 1231 599 architectonicum
1251 584 1266 609 ,
1294 544 1699 613 geometricum.

1166 654 1319 709 CAP.
1362 654 1500 710 XIV.

622 741 870 813 Qualiter
895 748 1201 808 exponenda
1225 746 1293 800 sit
1317 745 1606 825 evangelica
1642 747 1706 799 de
1736 741 1901 798 Verbo
1932 744 2056 798 doc-

1249 826 1426 883 ,mua.

623 924 889 994 Quocirca
920 938 1043 980 cum
1072 923 1227 995 logos
1252 924 1325 978 ita
1367 923 1727 979 diversimode
1763 923 2119 995 intelligatur,

553 1024 608 1069 et
631 1018 701 1071 ab
728 1015 1080 1085 evangelista,
1123 1016 1398 1071 indeﬁnite
1418 1016 1621 1069 dictum
1653 1015 1745 1082 sit,
1775 1013 1843 1069 In
1868 1018 2125 1085 principio

550 1115 667 1160 erat
723 1102 975 1169 Verbum,
1017 1114 1068 1161 et
1108 1103 1336 1160 Verbum
1363 1104 1497 1158 illud
1530 1114 1642 1158 erat
1683 1107 1825 1174 apud
1864 1105 2055 1173 Deum,
2078 1119 2126 1165 et

551 1194 695 1250 Dm
733 1206 849 1249 erat
898 1192 1145 1259 Verbum,
1191 1194 1707 1249 animadvertendus
1745 1196 1834 1250 hic
1866 1210 1997 1251 usus
2020 1205 2123 1261 est,

551 1295 607 1339 et
635 1285 1035 1354 diguoscendus
1071 1286 1220 1339 vocis
1251 1284 1391 1339 illius
1432 1284 1564 1353 logi,
1596 1290 1767 1341 novus
1795 1294 1851 1341 et
1879 1286 2125 1356 peregri-

554 1391 655 1431 nus
670 1390 821 1440 usus,
854 1391 1033 1446 quem,
1047 1384 1240 1445 praeter
1261 1374 1379 1430 illos
1398 1390 1535 1445 quos
1559 1376 2124 1443 commemoravimus,

548 1468 878 1540 evangelista
918 1466 1137 1522 tradidit
1169 1466 1449 1522 indeﬁnite
1489 1468 1713 1538 loquens
1734 1465 2003 1521 Verbum:
2034 1468 2127 1521 ad-

546 1558 740 1629 iiciens
762 1570 943 1614 autem
961 1557 1305 1628 peregrinum
1328 1570 1383 1613 et
1409 1558 1839 1629 inexspectatum
1863 1558 2006 1612 illius
2034 1573 2130 1614 vo-

551 1652 635 1707 cis
661 1665 901 1714 sensum,
929 1650 994 1703 ad
1036 1649 1141 1702 vim
1174 1657 1231 1704 et
1274 1649 1530 1705 virtutem
1568 1652 1843 1720 propriam
1871 1649 1995 1717 eius
2024 1650 2126 1731 ad:

551 1749 789 1811 aptatum
817 1741 869 1795 in
898 1754 974 1795 eo
991 1739 1135 1809 quod
1158 1739 1325 1803 addit,
1342 1737 1407 1792 Et
1439 1740 1579 1794 Deus
1605 1751 1716 1794 erat
1740 1738 1933 1810 Logos.
1962 1734 2136 1806 Quasr

2226 540 2487 613 ἰατρικὸν,
2515 538 2557 610 ἢ
2584 535 3041 609 ἀρχιτεκτονικὸν,
3077 536 3110 607 ἢ
3145 532 3518 607 γεωμετρικόν
3540 522 3727 603 ὶῖόγον.

2869 648 3023 703 ΚΕΦ.
3058 649 3158 701 IA'.

2226 742 2423 809 Ὅπως
2472 740 2589 810 χρὴ
2632 740 3042 810 δωρμηνεὺειγ
3062 737 3198 810 τὴν
3227 738 3627 810 εὐαγγελικὴν
3667 736 3813 805 περὶ

2610 806 2728 864 τοῦ
2748 806 2945 880 Λόγου
2990 806 3392 862 διδασκαλίαν

2293 924 2575 996 Διαφόρων
2625 922 2808 977 τοίνυν
2856 920 3074 993 τρόπων
3114 921 3535 991 παρισταμένων
3587 920 3655 974 ιιι
3701 920 3813 989 τῆς

2223 1014 2317 1071 τοῦ
2342 1015 2502 1084 λόγου
2536 1016 2740 1083 φωνῆς,
2775 1011 2872 1066 τοῦ
2900 1029 2961 1066 τε
3003 1008 3386 1080 εὐαγγελιστοῦ
3414 1009 3697 1074 ἀπολύτως
3730 1012 3817 1062 εῖ-

2229 1106 2474 1177 ρηκότος,
2514 1105 2617 1159 Ἐν
2661 1103 2821 1173 ἀρχῆ
2872 1100 2951 1175 ἦν
2982 1106 3019 1158 δ
3047 1103 3258 1172 Λόγος,
3314 1099 3414 1155 καὶ
3438 1102 3683 1171 όΑότος
3726 1097 3817 1170 ἦν

2226 1198 2372 1266 πρὸς
2391 1196 2499 1250 τὸν
2525 1194 2693 1259 Θεὸν,
2723 1196 2821 1249 καὶ
2852 1194 2998 1262 Θεὸς
3016 1190 3096 1265 ἦν
3124 1196 3157 1248 ὀ
3180 1193 3387 1262 Λόγος,
3422 1193 3686 1263 προσήκει
3710 1192 3817 1245 τὸν

2225 1286 2348 1340 νοῦν
2370 1284 2479 1356 (54)
2498 1287 2864 1355 ἐπιστήσαντα
2888 1282 3247 1355 καταμαθεῖν,
3266 1283 3342 1348 ὡς
3366 1282 3512 1348 ξένον
3534 1300 3583 1337 τι
3612 1286 3718 1354 χρῆ
3732 1300 3816 1353 μα

2225 1377 2383 1444 λόγου
2413 1374 2563 1447 παρὰ
2592 1374 2660 1429 τὰ
2700 1375 3017 1446 ἐγνωσμένα
3052 1376 3185 1447 ἡμῖν
3223 1375 3253 1427 6
3287 1373 3676 1445 εὑαγγελιστὴς
3712 1374 3819 1425 tat

2226 1466 2317 1520 τοῦ
2346 1466 2610 1537 παρόντος
2640 1465 3026 1537 παραδίδωσιν,
3054 1465 3339 1528 ἀπολὺτως
3369 1466 3465 1535 μὲν
3499 1463 3668 1517 εἰπὼν
3692 1464 3815 1517 Λό-

2226 1574 2340 1626 γον,
2390 1557 2647 1627 προσθεὶς
2683 1557 2740 1611 δὲ
2774 1556 2834 1609 τὸ
2873 1555 3021 1621 ξένον
3060 1558 3162 1611 καὶ.
3185 1556 3487 1627 παράδοξον
3524 1555 3623 1626 τῆς
3664 1556 3818 1609 16s:-

2228 1648 2423 1721 ζούοης
2446 1648 2594 1720 αὑτῷ
2625 1648 2903 1719 δυνάμεως
2931 1650 2990 1701 ὲν
3021 1646 3098 1720 τῷ
3123 1648 3223 1703 καί
3247 1648 3391 1714 Θεὸς
3411 1644 3492 1717 ἦν
3528 1650 3563 1701 ὁ
3588 1647 3814 1715 Λόγος.

2228 1740 2319 1813 Μὴ
2364 1741 2477 1813 γὰρ.
2506 1742 2615 1795 τῶν
2642 1742 2777 1813 πρός
2826 1757 2898 1805 τι,
2928 1740 3098 1811 φησὶ,
3143 1741 3330 1811 νόμιζε
3363 1736 3502 1793 εἶναι
3547 1740 3643 1793 καὶ
3681 1737 3821 1791 τοῦ-

553 1832 759 1888 diceret
796 1847 811 1883 :
844 1829 1030 1887 Nolito
1056 1831 1392 1897 existimare,
1422 1832 1523 1886 hoc
1548 1832 1688 1886 inter
1729 1848 1826 1887 eas
1843 1847 1964 1887 esse
1997 1848 2118 1900 quae

2225 1849 2327 1897 ιον,
2351 1832 2426 1893 ὡς
2449 1833 2539 1886 τὸν
2566 1834 2623 1885 tv
2646 1832 2792 1902 ψυχῇ
2820 1831 2996 1900 λόγον,
3026 1834 3058 1903 ἢ
3083 1833 3159 1897 ὡς
3185 1832 3275 1887 τὸν
3306 1832 3394 1885 διὰ
3423 1831 3607 1900 φωνῆς
3640 1832 3821 1885 ἀκου-

548 1932 675 1978 sunt
700 1922 770 1977 ad
805 1922 1032 1991 aliquid,
1064 1932 1122 1977 ut
1151 1923 1301 1988 logos
1330 1925 1422 1992 qui
1475 1926 1527 1978 in
1568 1923 1747 1977 anima
1782 1935 1887 1990 est,
1922 1934 2016 1978 aut
2045 1924 2125 1978 lo-

549 2028 647 2084 gos
666 2014 756 2083 qui
787 2028 883 2082 per
928 2028 1114 2069 vocem
1156 2015 1467 2083 percipitur,
1496 2016 1655 2083 quive
1699 2014 1995 2071 seminibus
2038 2015 2126 2069 iu-

550 2117 633 2160 est
676 2106 1084 2176 corporalibus,
1123 2112 1180 2171 r14
1234 2116 1331 2161 aut
1386 2108 1638 2163 consistit
1684 2108 1739 2162 in
1798 2108 2122 2164 theoremasi

551 2198 970 2253 mathematicis.
1018 2199 1080 2253 Hi
1104 2214 1292 2254 omnes
1314 2198 1483 2266 λόγοι,
1507 2215 1629 2254 cum
1658 2200 1766 2254 sint
1796 2200 1863 2255 ad
1887 2199 2086 2267 aliquid
2104 2239 2122 2265 ,

549 2289 604 2343 in
632 2288 737 2343 alia
774 2301 829 2343 et
871 2289 1084 2344 diversa
1117 2290 1527 2360 praexsistente
1572 2290 1875 2346 substantia
1928 2291 2126 2345 inteli-

550 2387 750 2448 glntur
781 2396 795 2432 :
822 2389 879 2433 at
906 2377 1047 2434 Deus
1085 2378 1254 2449 logos,
1289 2395 1395 2434 non
1439 2380 1608 2435 altero
1639 2381 1843 2451 indiget
1871 2382 2129 2451 praeclusi-

550 2480 727 2525 stente
748 2487 762 2523 :
785 2482 844 2525 ut
870 2471 922 2524 in
965 2471 1081 2541 ipso
1106 2471 1175 2525 sit
1202 2480 1259 2526 et
1286 2472 1546 2527 subsistat
1579 2488 1593 2524 :
1622 2474 1715 2528 sed
1741 2489 1835 2543 per
1858 2489 1917 2528 se
1939 2474 2125 2528 vivens

549 2571 633 2616 est
652 2570 707 2617 et
722 2562 1039 2623 subsistens.
1052 2562 1219 2615 veluti
1237 2563 1327 2632 qui
1345 2562 1482 2617 Deus
1498 2563 1620 2619 εἰμι
1642 2561 1783 2618 Deus
1797 2564 1993 2619 tenimc
2006 2572 2123 2617 erat

546 2653 744 2721 Λόγος.
761 2670 780 2703 ο
794 2651 934 2706 Cum
961 2667 1087 2706 vero
1104 2652 1269 2706 Deum
1294 2652 1439 2706 illum
1455 2652 1655 2707 dictum
1678 2653 1890 2719 audias,
1904 2652 2122 2707 neaeci-

553 2744 669 2813 pias
714 2742 936 2805 dictum,
963 2741 1117 2812 quasi
1145 2743 1263 2797 sine
1291 2743 1560 2813 principio
1582 2744 1905 2813 ingenitum,
1931 2759 2121 2813 quem-

551 2833 839 2889 admodum
853 2832 1096 2888 Patrem.
1116 2834 1271 2889 Disce
1307 2842 1488 2889 autem
1518 2836 1661 2905 quod
1683 2835 1753 2888 ita
1782 2836 1837 2889 in
1858 2835 2125 2905 principio

551 2934 668 2979 erat
702 2923 802 2979 iste
835 2923 997 2989 Deus,
1012 2924 1207 2993 Λόγος.
1226 2923 1505 2992 Quodnam
1522 2941 1652 2981 vero
1676 2926 1847 2995 ipsius
1874 2927 2120 2982 intendat

553 3014 897 3085 principium,
947 3014 1259 3072 manifestat
1314 3016 1369 3070 in
1417 3017 1775 3086 sequentibus
1812 3034 1828 3072 :
1872 3033 1977 3071 non
2037 3018 2120 3071 in-

552 3106 766 3174 quiens,
800 3105 869 3161 Et
901 3105 1139 3162 Verbum
1168 3116 1287 3163 erat
1326 3106 1416 3161 ille
1463 3107 1627 3173 Deus,
1662 3123 1784 3163 eum
1818 3107 2118 3176 adiectione

555 3197 767 3251 articuli
795 3215 808 3251 :
847 3206 906 3251 ut
940 3212 1006 3251 ne
1036 3197 1185 3251 illum
1210 3210 1349 3260 esse,
1379 3198 1469 3266 qui
1501 3208 1586 3253 est
1611 3211 1771 3265 super
1798 3199 1999 3264 omnia,
2027 3199 2119 3253 de-

557 3287 961 3343 liniret.Verum
992 3303 1060 3343 ne
1086 3287 1242 3351 dixit,
1272 3284 1345 3340 In
1364 3286 1493 3351 Deo,
1519 3302 1585 3342 ne
1608 3287 1674 3341 ad
1709 3290 1996 3342 humanam
2029 3288 2124 3341 de-

551 3380 705 3448 jiclat
730 3396 851 3435 eum
887 3379 1331 3443 similitudinem;
1359 3380 1472 3440 sed,
1506 3389 1563 3434 et
1591 3378 1835 3446 Verbum,
1871 3382 1968 3445 ait.
2007 3389 2119 3434 erat

556 3472 696 3539 apud
735 3469 919 3525 Deum.
950 3468 1082 3524 Nam
1127 3470 1171 3526 si
1221 3470 1553 3540 protulisset,
1599 3469 1663 3525 Et
1710 3469 1946 3526 Verbum
1994 3471 2121 3526 illud

556 3570 695 3626 erat,
727 3562 782 3616 in
814 3560 944 3629 Deo,
979 3562 1141 3617 veluti
1162 3563 1432 3632 quoddam
1465 3563 1715 3618 accidens
1768 3563 1821 3617 in
1856 3564 2122 3632 subjecto,

558 3663 650 3715 aut
676 3664 929 3725 tanquam
949 3654 1091 3710 aliud
1121 3656 1173 3709 in
1196 3654 1323 3721 alio,
1340 3656 1692 3725 compositum
1722 3656 1790 3709 ita
1811 3655 1976 3711 Deum
1996 3657 2124 3711 sub-

560 3743 820 3798 stituisset
853 3746 1204 3800 substernens
1229 3745 1376 3799 illum
1421 3747 1580 3801 veluti
1610 3748 1966 3801 substantiam
2005 3748 2122 3802 sine

562 3833 723 3905 λόγῳ,
771 3844 828 3892 et
865 3836 1019 3906 logon
1057 3838 1371 3891 substantiae
1423 3839 1572 3903 velut
1619 3838 1889 3894 accidens.
1920 3838 1975 3892 in
2016 3852 2123 3907 qua

560 3927 814 3996 opinione
843 3942 964 3981 cum
994 3926 1276 3984 Marcellus
1303 3938 1469 3992 esset,
1496 3928 1709 3983 Patrem
1734 3940 1895 3999 atque
1924 3929 2121 3983 Filium

564 4017 617 4071 in
646 4016 785 4069 idem
802 4017 1336 4087 cogit,substantiam
1369 4016 1643 4085 appellans
1670 4014 1909 4081 Patrem,
1927 4015 2121 4070 Filium

562 4122 692 4161 vero
720 4107 773 4162 in
806 4108 921 4177 ipso
966 4108 1312 4163 exsistentem
1334 4150 1349 4176 ,
1383 4108 1655 4163 accidens.
1708 4108 1785 4162 lta
1838 4108 1999 4161 Deum
2030 4106 2124 4176 qui

561 4199 894 4253 concesserit
932 4199 1049 4255 sine
1084 4199 1247 4271 λόγῳ,
1278 4200 1442 4268 impio
1487 4213 1548 4253 se
1597 4207 1759 4268 atque
1812 4197 2124 4264 blasphemo

562 4290 797 4358 dogmati
832 4290 1147 4361 implicabit,
1178 4307 1301 4346 cum
1330 4292 1576 4345 admittat
1606 4289 1694 4345 ille
1718 4290 1883 4345 Deum
1909 4288 2122 4357 ἄλογον,

565 4390 748 4450 utpote
771 4382 859 4450 qui
905 4381 1061 4450 λόγον
1100 4383 1152 4436 in
1183 4399 1242 4436 se
1282 4382 1477 4437 habeat
1518 4391 1771 4450 tanquam
1816 4380 2070 4435 accidens
2105 4397 2120 4434 :

2222 1926 2436 1995 όμενον,
2485 1924 2518 1996 ἢ
2565 1924 2642 1988 ὡς
2692 1924 2784 1979 τὸν
2826 1928 2885 1979 tv
2935 1926 3266 1995 σωματικοῖς
3304 1923 3435 1979 ὄντα
3469 1922 3815 1993 σπέρμασιν,

2223 2016 2263 2087 ἢ
2296 2017 2372 2080 ὡς
2410 2017 2501 2070 τὸν
2552 2017 2611 2069 tv
2662 2016 3064 2087 μαθηματικοῖς
3113 2014 3399 2086 ὑφεστῶτα
3430 2014 3814 2085 θεωρήμασιν.

2222 2102 2377 2161 Οὗτοι
2406 2106 2515 2179 γὰρ
2548 2107 2765 2169 πάντες,
2786 2106 2895 2159 τῶν
2918 2107 3052 2178 πρός
3078 2124 3129 2159 τι
3148 2106 3321 2169 ὄντες,
3354 2108 3412 2158 tv
3441 2105 3607 2175 ἑτέρᾳ
3632 2108 3817 2174 προῦ-

2222 2197 2517 2267 ποκειμένῃ
2580 2194 2821 2249 νοοῦνται
2888 2194 3062 2267 οὐσίᾳ·
3119 2196 3148 2249 6
3200 2194 3259 2247 6t
3304 2192 3440 2257 Θεὸς
3477 2193 3652 2261 Λόγος
3706 2193 3815 2262 οὑχ

2223 2289 2409 2359 ἑτέρου
2441 2287 2607 2341 δεῖται
2634 2286 2728 2339 τοῦ
2762 2286 3251 2358 προῦποκειμένου,
3283 2286 3351 2338 ἶν’
3383 2287 3443 2338 tv
3468 2284 3623 2354 αὑτῷ
3653 2285 3814 2352 γενό-

2225 2396 2381 2449 μενος
2429 2379 2537 2449 (35)
2580 2381 2783 2449 ὑποστῇ
2810 2395 2822 2408 ·
2874 2377 2994 2431 καθ’
3025 2376 3214 2429 ἑαυτὸν
3284 2374 3344 2430 δέ
3401 2376 3519 2428 ἐστι
3549 2374 3679 2439 ζῶν,
3711 2375 3812 2427 καὶ

2223 2470 2486 2542 ὑφεστὼς,
2516 2472 2611 2525 ἅτε
2627 2471 2757 2535 Θεὸς
2779 2469 2873 2523 ὢν·
2905 2468 3095 2532 «Θεὸς»
3124 2468 3231 2539 γὰρ
3258 2463 3355 2539 «ἦν
3373 2468 3400 2519 6
3417 2467 3647 2536 Λόγος»
3673 2468 3812 2521 Θεὸν

2220 2565 2276 2619 6t
2309 2564 2471 2618 αὑτὸν
2501 2561 2732 2623 ἀκούων,
2770 2559 2922 2630 φησι,
2963 2558 3038 2631 μὴ
3080 2558 3312 2632 ἄναρχον
3354 2558 3450 2611 καὶ
3482 2559 3809 2630 ἀγέννητον,

2219 2657 2418 2727 ὁμοίως
2464 2653 2539 2725 τῷ
2581 2652 2746 2705 αὑτοῦ
2786 2652 2960 2722 Πατρῖ
2995 2651 3087 2704 καὶ
3127 2650 3290 2703 αὑτὸν
3328 2644 3469 2702 εἶναι
3504 2649 3807 2721 ὑπολάϐῃς,

2223 2749 2457 2820 μάνθανε
2503 2746 2582 2810 δὲ,
2626 2747 2708 2799 ὃτι
2755 2747 2813 2799 tv
2863 2745 3005 2816 ἀρχῇ
3052 2740 3121 2815 ἦν
3170 2736 3326 2806 οὗτος
3374 2745 3404 2795 6
3450 2742 3585 2806 Θεὸς
3609 2742 3805 2810 Λόγος.

2218 2842 2352 2895 Τίνα
2382 2841 2425 2893 δ’
2456 2839 2618 2893 αὑτοῦ
2653 2838 2750 2908 τὴν
2781 2836 2956 2907 ἀρχὴν
2995 2835 3316 2903 ὑφίσταται,
3351 2832 3607 2901 διασαφεῖ
3655 2833 3804 2904 ἑξῆς,

2218 2934 2318 2987 οὑκ
2369 2931 2557 2990 είπὼν,
2595 2931 2762 2983 Καὶὸ
2796 2928 2967 2995 Λόγος
3009 2922 3077 2996 ἦν
3122 2927 3151 2978 6
3177 2925 3327 2989 Θεὸς,
3375 2926 3513 2994 μετὰ
3556 2925 3661 2995 τῆς
3710 2924 3807 2978 τοῦ

2218 3022 2418 3093 ἄρθρου
2462 3021 2762 3092 προθήκης,
2802 3018 2885 3071 ἵνα
2922 3016 2995 3087 μὴ
3031 3016 3189 3069 αὑτὸν
3236 3011 3372 3067 εἶναι
3396 3014 3489 3067 τὸν
3535 3016 3631 3068 ἐπὶ
3674 3016 3810 3069 πάνο

2218 3125 2325 3161 των
2371 3108 2650 3178 ὁρίσηται,
2700 3104 2813 3157 ἀλλ’
2847 3104 2975 3169 οὐδ’,
3036 3106 3093 3156 tv
3130 3103 3209 3173 τῷ
3236 3102 3377 3172 Θεῷ,
3424 3104 3511 3157 ἴνα
3555 3103 3630 3175 μὴ
3701 3123 3803 3158 κα-

2219 3196 2426 3269 ταϐάλῃ
2468 3197 2558 3249 ἐπὶ
2598 3195 2695 3266 τὴν
2746 3193 3092 3265 ἀνθρωπίνην
3150 3193 3463 3265 ὁμοιότητα·
3512 3194 3652 3247 ἀλλὰ
3678 3199 3732 3250 Κ
3741 3195 3807 3249 αι

2220 3292 2253 3342 ὁ
2286 3290 2472 3357 Λόγος
2505 3283 2582 3357 ἦν
2605 3285 2753 3353 πρὸς
2785 3286 2891 3339 τὸν
2924 3284 3099 3351 Θεὸν,
3136 3304 3155 3337 ι
3185 3284 3311 3356 ἔφη.
3347 3286 3410 3339 El
3432 3284 3541 3358 γὰρ
3569 3287 3807 3358 εἰρήκει,

2220 3379 2329 3432 Καὶ
2391 3380 2419 3431 6
2451 3378 2619 3446 Λόγος
2674 3373 2741 3448 ἦν
2785 3380 2841 3429 tv
2885 3375 2962 3446 τῷ
3004 3375 3161 3448 Θεῷ,
3207 3376 3283 3441 ὡς
3333 3379 3391 3431 tv
3457 3377 3806 3451 ὑποκειμένῳ

2222 3469 2586 3542 συμϐεϐηκὸς,
2618 3471 2709 3523 καὶ
2736 3471 2812 3533 ὡς
2838 3470 3023 3541 ἕτερον
3063 3471 3119 3522 tv
3161 3470 3334 3542 ἑτέρῳ
3370 3470 3515 3535 δοὺς,
3550 3470 3811 3524 σύνθετον

2220 3564 2406 3635 ὥσπερ
2442 3565 2626 3634 εἰσῆγε
2667 3562 2757 3615 τὸν
2790 3562 2922 3615 Θεὸν
2954 3562 3141 3615 οὐσίαν
3184 3562 3346 3615 αὑτὸν
3411 3562 3808 3632 ὑποτιθέμενος

2218 3654 2340 3724 δίχα
2372 3655 2550 3722 λόγου,
2577 3653 2919 3724 συμϐεϐηκὸς
2942 3652 2998 3705 δὲ
3028 3656 3093 3724 τῇ
3116 3653 3272 3724 οὐσίᾳ
3302 3652 3395 3706 τὸν
3415 3652 3593 3720 λόγον.
3629 3654 3811 3723 Ὅπερ

2220 3748 2422 3819 οἰηθεὶς
2454 3746 2767 3818 Μάρκελλος
2797 3745 2889 3797 τὸν
2921 3744 3137 3813 Πατέρα
3170 3744 3265 3797 καὶ
3305 3744 3398 3797 τὸν
3424 3743 3554 3797 Υἰὸν
3601 3744 3696 3797 ἐπὶ
3746 3742 3810 3798 τὸ

2222 3838 2353 3892 αὐτὸ
2387 3839 2624 3905 συνάγει,
2650 3837 2748 3906 τὴν
2771 3835 2881 3907 (56)
2918 3836 3016 3906 μὲν
3034 3836 3222 3889 οὐσίαν
3241 3834 3421 3888 καλῶν
3449 3835 3541 3887 τὸν
3560 3836 3806 3905 Πατέρα,

2220 3931 2311 3984 τὸν
2342 3931 2386 3983 δ’
2418 3933 2476 3984 tv
2508 3928 2655 3999 αὑτῷ
2685 3928 2875 3997 Λόγον,
2912 3927 3002 3981 τὸν
3033 3927 3189 3982 Υἰόν⁶
3219 3927 3280 3980 οὑ
3323 3926 3695 3997 λογισόμενος,
3730 3927 3810 3991 ὡς

2222 4024 2251 4074 6
2306 4021 2465 4075 τοῦτο
2507 4020 2703 4084 διδους,
2757 4019 2849 4073 τὸν
2899 4017 3029 4072 Θεὸν
3070 4020 3198 4074 ἄνευ
3244 4019 3404 4087 λόγου
3447 4018 3807 4087 ὑποθέμενος,

2223 4115 2367 4185 ἀθέῳ
2390 4114 2483 4167 καὶ
2514 4110 2764 4164 δυσσεϐεῖ
2791 4109 3076 4182 περιπέσοι
3108 4110 3172 4163 ἂν
3201 4110 3429 4179 δόγματι
3451 4109 3583 4162 Θεὸν
3612 4108 3736 4175 ἀλογ
3749 4126 3809 4161 ον

2224 4206 2676 4279 παραδεχόμενος,
2706 4204 2899 4275 ἔχοντα
2939 4204 3037 4275 μὲν
3074 4202 3229 4271 λόγον
3272 4203 3347 4264 ὡς
3383 4202 3493 4272 (57)
3529 4200 3813 4272 συμῦεὸη-

2224 4300 2355 4354 κότα
2385 4301 2441 4351 ὲν
2471 4296 2637 4367 αὑτῷ,
2670 4296 2731 4349 οὐ
2778 4295 2883 4367 μὴν
2929 4296 3090 4348 αὑτὸν
3127 4294 3255 4347 ὄντα
3296 4293 3473 4361 λόγον·
3500 4292 3641 4356 δέον,
3670 4293 3728 4345 ἓν
3755 4309 3807 4344 τι

2226 4392 2386 4454 θεῖον,
2416 4388 2668 4461 ἄρρητον,
2698 4386 2923 4456 ἀγαθὸν,
2969 4383 3193 4449 ἁπλοῦν,
3237 4384 3549 4447 ἀσύνθετον,
3596 4400 3811 4455 μονοει-

563 4488 669 4529 nou
711 4485 885 4530 autem
922 4477 995 4530 sit
1023 4477 1135 4544 ipse
1183 4475 1356 4545 λόγος.
1410 4476 1545 4530 Cum
1580 4476 1804 4530 omnino
1849 4474 2121 4528 fatendum

2225 4483 2331 4546 δὲς,
2379 4482 2437 4534 τὸ
2487 4480 2741 4533 ἐπέκεινα
2782 4478 2891 4532 τῶν
2939 4477 3075 4531 ὅλων
3145 4475 3446 4547 ὁμολογεῖν,
3499 4476 3611 4546 (58)
3642 4476 3820 4530 αὑτό-

563 4563 634 4617 sit
685 4564 940 4626 divinum,
960 4565 1301 4631 ineffabilem,
1323 4567 1540 4627 bonum,
1570 4565 1887 4634 simplicem,
1918 4564 2123 4619 incom-

567 4656 820 4723 positum,
837 4657 1175 4719 uniformem,
1194 4673 1355 4725 supra
1374 4658 1555 4712 omnia
1582 4672 1703 4712 esse
1729 4658 1902 4725 ipsum
1923 4657 2087 4711 Deum
2108 4674 2121 4711 :

569 4745 764 4813 ipsum,
798 4748 1038 4816 inquam,
1057 4748 1363 4816 αὑτόλογον,
1382 4748 1723 4818 αὑτοσοφίαν,
1745 4746 2013 4817 αὑτοφὼς,
2027 4750 2123 4802 αὑ-

569 4840 795 4909 τοζωὴν,
826 4841 1145 4905 αὐτόκαλον,
1177 4842 1541 4911 αὑτοάγαθον,
1576 4852 1669 4895 aut
1709 4841 1754 4896 si
1800 4842 1928 4912 quid
1975 4842 2124 4897 hisce

571 4932 877 4987 nominibus
920 4934 1094 5001 majus
1132 4943 1187 4987 et
1226 4933 1565 5003 praestantius
1597 4933 1890 5004 excogitari
1936 4943 2122 5004 queat.

569 5024 679 5076 lmo
701 5039 831 5081 vero
858 5024 1035 5093 potius
1061 5026 1201 5093 quod
1242 5024 1466 5078 excedat
1498 5034 1729 5077 mentem
1772 5040 2010 5091 onmem,
2042 5041 2127 5079 su-

571 5126 723 5185 peret
769 5133 983 5173 omnem
1016 5117 1394 5189 cogitationem
1432 5126 1489 5171 et
1534 5116 1965 5187 disquisitionem
2004 5118 2124 5172 ani-

650 5300 709 5359 »Β
748 5295 843 5348 Ed.
874 5293 1046 5349 Paris.
1071 5310 1190 5364 pag.
1221 5295 1338 5350 121.

791 5451 960 5526 Vulgo
990 5456 1401 5526 καταστήσαντα
1432 5462 1486 5508 et
1511 5469 1632 5526 mox
1654 5457 1821 5509 εἰπὼν
1846 5458 2018 5526 λόγος.

614 5520 760 5603 ,(55)
797 5522 962 5603 Vulgo
990 5520 1388 5603 ὑπόστῃξΜυι,
1414 5529 1529 5581 loco
1553 5524 1713 5591 αὑτός
1765 5528 1815 5583 in
1847 5520 1991 5587 corr;
2034 5543 2124 5598 γρ.

584 5592 757 5653 οὗτος,
787 5602 840 5645 et
879 5594 948 5645 ita
976 5592 1129 5647 codd.

795 5660 1093 5736 Vulgoptv
1125 5663 1518 5736 opoiav_xa).¢bv
1551 5665 1667 5736 μέν.

654 5728 763 5801 (37)
792 5728 1008 5802 Μρξῖσξ
1032 5733 1411 5805 συμϐεϐηκότι.

2227 4572 2365 4635 θεον,
2426 4568 2713 4635 αὑτονοῦν,
2757 4568 3079 4637 αὑτολόγον,
3121 4567 3501 4636 αὑτοσοφίαν,
3532 4566 3808 4635 αὑτόφως,

2226 4661 2522 4731 αὐτοζωὴν,
2562 4660 2881 4721 αὑτόκαλον,
2915 4659 3251 4728 αὑτοάγαθον
3279 4659 3430 4721 ὄντα,
3474 4658 3568 4711 καὶ
3599 4658 3811 4713 τούτων

2228 4754 2336 4827 (59)
2371 4755 2398 4808 ὃ
2422 4772 2473 4807 τι
2503 4754 2567 4807 ἄν
2608 4770 2693 4816 τις
2720 4756 2966 4824 κρεῖττον
2998 4752 3322 4822 ἐπινοήσειε,
3368 4750 3565 4822 μᾶλλον
3590 4751 3635 4803 δ’
3666 4751 3816 4821 ὑπὲρ

2229 4847 2404 4901 πάντα
2452 4844 2595 4911 νοῦν,
2642 4844 2735 4897 καὶ
2788 4844 2967 4913 πάσης
3018 4843 3270 4896 ἐπέκεινα
3324 4842 3562 4906 διανοίας
3602 4860 3664 4895 τε
3715 4845 3811 4897 καὶ

2230 4939 2594 5010 ἐνθυμήσεως.
2652 4936 2755 4990 Τὸν
2797 4936 2853 4987 δὲ
2890 4934 3078 4988 τούτου
3120 4934 3385 5005 μονογενῆ
3416 4935 3566 5000 Υἱὸν,
3611 4936 3691 4999 ὡς
3742 4935 3811 4989 ἂν

2231 5030 2411 5084 εἰκόνα
2453 5029 2549 5083 τοῦ
2581 5027 2814 5099 Πατρὸς,
2856 5025 2916 5093 ἐξ
2956 5026 3121 5081 αὑτοῦ
3167 5027 3362 5096 φύντα,
3408 5029 3583 5099 πάντη
3619 5046 3679 5083 τε
3716 5033 3812 5086 καὶ

2234 5121 2371 5175 κατὰ
2395 5120 2570 5175 πάντα
2594 5120 2909 5191 ὀμοιοτάτον
2936 5120 3063 5174 ὅντα
3085 5119 3163 5191 τῷ
3190 5121 3562 5193 γεγεννηκότι,
3594 5124 3691 5176 καὶ
3714 5127 3813 5179 αὑ-

2304 5455 2415 5529 (58)
2434 5455 2639 5529 Atinii:
2659 5451 2791 5510 οὖν.
2810 5455 2972 5529 Forte
2999 5455 3133 5509 αὑτὸ
3158 5457 3237 5511 ὸν.
3266 5454 3339 5512 Η.
3358 5486 3429 5497 -
3452 5457 3620 5529 Vulgo
3646 5456 3811 5511 αὑτὸν

2237 5525 2356 5579 θεὸν
2388 5527 2548 5579 αὑτὸν
2580 5522 2674 5579 οὖν
2701 5541 2844 5579 corr.
2893 5525 2959 5581 Β.

2308 5596 2417 5665 ('59)
2441 5598 2563 5649 ’Ὁτι
2610 5596 2686 5649 ἃν
2726 5612 2833 5661 τις.
2877 5598 3036 5655 Forte
3066 5597 3119 5652 εί
3152 5616 3202 5652 τι
3236 5598 3300 5654 ἄν
3340 5614 3444 5661 τις.
3476 5595 3549 5654 Μ.
3581 5627 3651 5638 —
3681 5598 3807 5653 Mox

2235 5668 2391 5737 vulgo
2422 5666 2664 5737 ἁμουντὰ
2693 5669 2809 5735 τήν.
