4032 6446
240 419 351 482 929

1198 411 1287 465 DE
1319 402 1863 466 ECCLESIASTICA
1898 402 2295 462 TBEOLOGIA
2342 402 2471 461 LIB.
2512 402 2579 461 Π.

3432 410 3563 470 930

238 532 332 585 τὸν
366 527 523 592 Θεὸν,
556 526 654 582 καὶ
675 524 821 591 νοῦν,
850 524 947 582 καὶ
981 524 1161 595 λόγον,
1188 525 1282 578 καὶ
1307 523 1525 592 σοφίαν,
1548 521 1644 575 καὶ
1669 519 1815 591 ζωὴν

1943 518 2037 574 ml.
2055 516 2225 586 Hujus
2268 528 2451 574 autem
2483 516 2680 571 Filium
2736 515 3097 587 unigenitum,
3148 518 3318 575 veluti
3364 521 3545 581 Putris

238 624 337 678 καὶ
370 622 490 693 φῶς
537 616 697 685 εῐνσι,
740 614 908 675 αὑτοῦ
952 636 1013 675 τε
1056 616 1151 673 τοῦ
1194 616 1361 672 καλοῦ
1391 615 1486 669 καὶ
1518 612 1727 682 ἀγαθοῦ
1758 614 1840 665 sl-

238 714 406 766 κόνα’
444 711 546 766 οὐκ
570 710 733 765 αὑτὸν
757 709 891 763 ὄντα
914 707 1007 762 τὸν
1039 706 1281 778 Πατέρα,
1314 705 1452 759 ἀλλά
1483 705 1575 758 τὸν
1605 702 1700 757 τοῦ
1723 702 1839 756 Πα-

240 802 372 875 τρὸς
408 801 671 874 μονογενῆ
704 799 836 854 Υῐόν
860 816 877 830 ·
908 798 1015 853 οὐδ’
1035 798 1199 852 αὐτὸν
1242 797 1373 851 ὄντα
1408 796 1500 849 τὸν
1543 793 1841 862 ἀγέννητον

232 894 335 948 καὶ
368 894 626 965 ἄναρχον,
670 891 808 946 ἀλλὰ
856 892 948 945 τὸν
991 891 1051 958 ἐξ
1102 889 1269 945 αὐτοῦ
1312 888 1488 958 φύντα
1532 888 1630 942 καὶ
1664 886 1840 958 ἀρχὴν

237 986 689 1057 ἐπιγραφόμενον
718 984 809 1037 τὸν
836 982 1223 1053 γεγεννηκότα.
1254 981 1317 1035 Et
1340 980 1416 1045 δὲ,
1446 979 1657 1042 τούτοις
1689 980 1839 1031 ἀντι-

236 1076 421 1145 λέγων
441 1075 764 1146 Μάρκελλος
793 1074 989 1135 ταύτὸν
1017 1069 1157 1127 εἶναι
1189 1070 1303 1143 (40)
1333 1071 1536 1141 φάσκοι
1565 1069 1658 1123 τὸν
1682 1069 1839 1133 Θεὸν,

236 1170 337 1222 καὶ
382 1168 475 1221 τὸν
513 1168 573 1221 ιν
615 1166 766 1239 αὐτῷ
808 1168 983 1237 Λόγον
1020 1165 1310 1220 ἀσύνθετον
1350 1166 1446 1219 καὶ
1496 1162 1704 1218 ἁπλοῦν
1748 1162 1841 1214 τὸν

236 1258 377 1313 Θεὸν
420 1257 757 1331 ὁριζόμενος,
789 1257 910 1331 ὥρα
941 1257 1059 1328 (Η)
1100 1256 1239 1328 μήτε
1269 1254 1493 1327 Πατέρα
1536 1254 1676 1325 μήτε
1708 1251 1841 1304 Υιὸν

234 1350 524 1422 ὁμολογεῖν
566 1350 749 1414 αὑτὸν,
795 1349 1056 1421 ἄντικρυς
1094 1348 1151 1401 δὲ
1184 1348 1275 1401 τὸν
1309 1346 1564 1401 Ἰουδαῖον
1598 1342 1841 1415 προσάλ-

233 1439 459 1502 λεσθαι,
488 1439 522 1510 ἦ
554 1440 648 1493 τὸν
685 1438 974 1493 Σαϐελλιον
1015 1439 1257 1507 εἰσάγειν
1282 1477 1298 1502 ,
1327 1436 1549 1507 Πατέρα
1580 1435 1676 1489 καὶ
1710 1432 1837 1487 Υἱὸν

232 1534 328 1588 τὸν
364 1532 525 1587 αὑτὸν
555 1529 693 1586 εἶναι
732 1532 1045 1603 φάσκοντα·
1082 1530 1225 1586 ὥστε
1268 1531 1389 1585 κατ’
1413 1530 1575 1583 αὑτὸν
1616 1527 1700 1590 τὸ,
1743 1526 1839 1578 Ἐν·

227 1624 394 1695 ἀρχῇ
409 1621 487 1695 ἦν
510 1627 544 1679 ό
558 1625 770 1693 Λόγος,
791 1622 905 1677 ἴσον
930 1620 1070 1678 εἶναι
1095 1622 1194 1694 τῷ,
1217 1624 1312 1675 Ἐν
1329 1619 1488 1692 ἀρχῇ
1511 1620 1593 1689 ἦν
1615 1622 1647 1674 ό
1669 1617 1836 1682 Θεός,

229 1717 329 1769 καὶ
354 1715 417 1769 τὸ
438 1754 452 1777 ,
488 1715 590 1769 καὶ
628 1718 663 1769 ό
694 1717 889 1785 Λόγος
918 1710 1000 1785 ἦν
1027 1714 1179 1783 πρὸς
1204 1714 1313 1768 τὸν
1340 1712 1512 1776 Θεὸν,
1550 1713 1663 1764 ῐσον
1694 1704 1837 1761 εἶναι

227 1806 331 1876 τῷ,
363 1806 462 1860 καὶ
494 1810 529 1861 ό
567 1806 714 1873 Θεὸς
744 1802 825 1877 ἦν
858 1805 1008 1876 πρὸς
1050 1806 1159 1860 τὸν
1196 1804 1365 1871 Θεὸν,
1410 1803 1616 1875 ὁμοίιος
1653 1802 1711 1855 δὲ
1740 1797 1838 1854 καὶ

1948 612 2269 680 imagiucm,
2319 626 2387 666 es
2423 609 2543 679 ipso
2591 618 2794 674 ortum,
2859 610 3085 665 omnino
3126 618 3182 666 et
3215 626 3314 683 per
3355 617 3541 671 omnia

1946 717 2107 771 quam
2130 700 2477 755 simillimum
2508 700 2739 770 genitori
2764 714 2884 765 suo,
2918 710 2975 756 et
3015 702 3191 771 ipsum
3224 705 3371 773 quod
3417 720 3543 761 cre-

1946 794 2038 849 dat
2067 792 2262 855 Deum,
2282 801 2339 846 et
2390 804 2651 857 mentem,
2676 799 2733 845 et
2768 790 2949 862 λόγον,
2985 802 3041 849 et
3071 793 3397 863 sapientiam
3424 834 3443 863 ,
3482 807 3540 851 et

1946 885 2135 945 vitam,
2170 892 2224 938 et
2250 884 2448 948 lucem,
2475 882 2621 938 illius
2658 882 2867 951 pulchri
2905 884 3206 957 imaginem
3241 897 3406 956 atque
3440 889 3541 943 bo-

1944 977 1999 1031 ni
2038 994 2054 1031 :
2088 990 2197 1030 non
2227 983 2409 1030 tamen
2442 975 2737 1045 ipsummet
2766 975 3214 1045 genitorem,sed
3247 977 3428 1033 Patris
3450 981 3536 1035 sui

1944 1063 2141 1120 Filium
2174 1064 2533 1132 unigenitum,
2560 1078 2666 1118 non
2698 1066 2875 1133 ipsum
2902 1065 3123 1134 quidem
3165 1068 3537 1137 unigenitum,

1944 1163 2000 1207 et
2025 1153 2486 1223 it‘nprincipiatum
2522 1169 2536 1206 :
2571 1153 2670 1206 sed
2715 1167 2782 1207 ex
2810 1151 2902 1205 illo
2938 1162 3144 1219 ortum,
3168 1154 3250 1208 sic
3284 1164 3341 1208 ut
3384 1156 3539 1224 priu-

1941 1245 2091 1314 pium
2138 1243 2223 1297 sui
2276 1241 2519 1297 ascribat
2559 1241 2730 1296 Patri.
2781 1241 2936 1309 Quod
2976 1243 3021 1298 si
3066 1243 3219 1299 hisce
3251 1247 3536 1301 contradi-

1942 1334 2113 1389 cendo
2140 1332 2456 1396 Iarcellus,
2490 1332 2631 1387 idem
2662 1346 2786 1387 esse
2826 1347 2925 1401 per
2953 1334 3135 1389 omnia
3160 1335 3363 1391 dixerit
3385 1336 3534 1393 illum

1942 1424 2135 1489 Deum,
2169 1433 2223 1480 et
2250 1425 2379 1479 illud
2414 1430 2474 1488 ἧς
2506 1425 2558 1478 in
2600 1438 2668 1480 eo
2710 1425 2949 1480 Verbum
2987 1427 3154 1481 Deum
3202 1428 3538 1499 incomposi-

1944 1525 2058 1571 tum
2091 1515 2362 1571 deﬁniens
2401 1525 2566 1587 atque
2610 1508 2915 1586 simplicem
2951 1533 2966 1583 ;
2998 1518 3184 1572 videat
3222 1535 3292 1575 ne
3326 1520 3413 1575 vel
3440 1521 3539 1576 Pa-

1943 1617 2082 1664 trem
2107 1608 2192 1664 νει
2216 1607 2414 1662 Filium
2449 1622 2572 1661 cum
2596 1620 2858 1679 agnoscat
2886 1624 2903 1665 :
2931 1611 3026 1665 sed
3051 1609 3294 1666 Judteum
3326 1627 3386 1666 se
3409 1627 3539 1681 pro-

1940 1702 2055 1769 dat,
2090 1710 2182 1755 aut
2215 1716 2340 1757 cum
2379 1700 2621 1756 Sabellio
2645 1702 2863 1756 inducat
2894 1703 3109 1758 Patrem
3136 1706 3386 1759 eumdem
3418 1706 3539 1777 pla-

1940 1806 2009 1845 ne
2048 1801 2210 1859 atque
2267 1789 2484 1845 Filium.
2548 1790 2616 1846 Ut
2667 1800 2798 1859 puta
2842 1806 2967 1845 cum
3016 1793 3159 1846 idem
3204 1804 3362 1847 sonet
3389 1795 3535 1864 apud

224 1874 291 1950 τὸ
322 1897 503 1968 τρίτον
534 1897 733 1951 ταύτὸν
771 1874 921 1951 εἶναι
954 1897 1053 1969 τῷ,
1078 1898 1175 1953 καὶ
1206 1896 1353 1963 Θεὸς
1507 1898 1541 1949 ό
1580 1893 1746 1960 Θεὸς.
1791 1892 1821 1947 ἃ

1930 1880 2101 1945 illum,
2132 1879 2199 1934 In
2215 1882 2474 1950 principio
2513 1888 2627 1935 erat
2675 1878 2905 1936 Verbum
2932 1921 2950 1947 ,
2982 1897 3049 1937 ac
3084 1883 3214 1937 illud
3235 1924 3250 1947 ,
3282 1883 3345 1937 In
3388 1886 3537 1953 prin-

225 1987 345 2060 (42)
378 1988 443 2059 δὴ
483 1989 618 2061 πρὸς
642 1989 722 2059 τῷ
754 1990 1118 2061 άτυναρτήτῳ
1146 1990 1241 2043 καὶ
1272 1985 1709 2060 παραλογώτατα
1738 1984 1823 2057 εἴη

224 2084 317 2137 ἀν.
355 2081 479 2145 Πῶς
510 2083 569 2136 δὲ
597 2082 777 2137 καὶτὸ
804 2082 1003 2137 πάντα
1034 2082 1111 2136 δι’
1145 2082 1333 2137 αὐτοῦ
1361 2080 1601 2150 ἐγένετο
1638 2079 1824 2150 χώραν

216 2174 361 2241 tiu,
408 2173 527 2238 ἑνὸς
579 2172 734 2238 ὄντος
790 2173 886 2228 τοῦ
947 2172 1347 2243 ὑποκειμένου;
1398 2170 1474 2225 Οὐ
1512 2168 1622 2240 γὰρ
1682 2186 1701 2219 ι
1731 2166 1824 2221 ὑπ’

223 2265 393 2319 αὑτοῦ
428 2285 445 2318 ι
480 2265 669 2337 φησὶν,
702 2264 811 2318 οὐδ’
841 2283 860 2315 ι
881 2264 941 2329 ἐξ
971 2262 1134 2319 αὑτοῦ
1161 2283 1179 2315 ι
1223 2262 1292 2316 τὰ
1338 2261 1515 2315 πάντα
1564 2258 1826 2329 γεγεννῆ-

223 2356 375 2422 σθαι,
410 2356 549 2411 ἀλλά
600 2375 619 2408 ι
642 2356 710 2410 δι’
742 2354 929 2409 αὑτοῦ.
953 2375 971 2407 ι
1027 2356 1091 2409 Ἡ
1130 2356 1188 2409 δὲ
1232 2373 1250 2406 t
1276 2354 1364 2407 διὰ
1386 2373 1405 2405 ι
1456 2352 1715 2423 πρόθεσις
1764 2351 1826 2403 τὸ

225 2448 563 2522 ὑπηρετικὸν
586 2449 842 2520 σημαίνει
858 2467 870 2479 ·
886 2448 962 2511 ὠς
978 2449 1007 2501 6
1020 2447 1182 2508 αὐτὸς
1210 2444 1604 2516 εὑαγγελιστὴς
1618 2440 1824 2514 προῖὼν

223 2539 359 2610 ἑξῆς
404 2541 700 2611 παρίστησι
778 2538 990 2608 λέγων,
1034 2536 1066 2590 ὁ
1132 2537 1320 2606 νόμος
1367 2533 1467 2589 διὰ
1526 2530 1824 2598 Μωϋσέως

222 2631 423 2698 ἐδόθη,
464 2632 499 2698 ὴ
524 2630 699 2701 χάρις
734 2630 833 2683 καὶ
869 2632 905 2699 ἡ
939 2628 1191 2696 ἀλήθεια
1220 2627 1294 2680 δι’
1336 2625 1532 2693 Ἰησοῦ
1560 2624 1821 2701 Χριστοῦ

216 2697 733 2794 ἐγένετο-ιὶιςνγάρ
768 2723 797 2774 6
827 2697 1013 2792 νόμος,
1048 2722 1147 2776 οὑκ
1194 2720 1270 2774 ὢν
1313 2719 1675 2792 ἀνθρώπινος,
1711 2697 1821 2771 οὐδ’

218 2815 336 2885 (45)
383 2809 448 2868 αὖ
491 2812 590 2867 τοῦ
622 2813 901 2877 Μωῦσέως
948 2814 1231 2884 ὑπάρχων,
1261 2812 1377 2866 ἀλλ’
1415 2814 1481 2871 ὲκ
1528 2810 1623 2864 τοῦ
1660 2808 1817 2873 Θεοῦ,

214 2909 461 2962 Μωῦσέα
488 2907 732 2961 διάκονον
764 2908 857 2959 καὶ
901 2907 1181 2977 ὑπηρέτην
1218 2903 1566 2975 ἐπεγράψατο
1611 2905 1708 2974 τῆς
1742 2904 1821 2966 εἰς

212 2997 540 3071 ἀνθρώπως
564 2998 853 3061 ἐκδόσεως,
888 2998 981 3051 καὶ
1010 2997 1098 3050 διὰ
1124 2997 1283 3049 τοῦτο
1310 2998 1545 3068 εἴρηται,
1578 3000 1611 3051 ό
1637 2999 1822 3066 νόμος

210 3090 317 3143 διὰ
347 3090 648 3155 Μωῦσέως
687 3089 889 3157 ἐδόθη,
924 3089 1066 3143 οὓτω
1105 3092 1198 3143 καὶ⁹
1237 3091 1271 3161 ἡ
1316 3090 1475 3160 χάρις
1529 3090 1594 3143 δι’
1642 3088 1819 3161 Ἰησοῦ

211 3181 455 3255 Χριστοῦ
482 3182 719 3250 ἐγένετο,
749 3180 845 3234 τοῦ
872 3182 1086 3252 Πατρὸς
1118 3180 1287 3253 αὑτὴν
1331 3181 1419 3235 διὰ
1449 3180 1543 3233 τοῦ
1578 3180 1817 3251 Χριστοῦ
1846 3207 1889 3263 c

210 3278 723 3348 κατεργασαμένου.
741 3276 1017 3340 Ὡσαύτως
1043 3272 1136 3330 οὖν
1165 3276 1380 3349 εἴρηται
1403 3277 1592 3343 καὶτὸ,
1614 3277 1818 3332 Πάντα

209 3367 289 3420 δι’
322 3366 512 3421 αὑτοῦ
544 3368 817 3435 ἐγένετο’
877 3366 989 3437 (44)
1039 3368 1227 3439 ἑτέρου
1282 3369 1381 3438 μὲν
1425 3370 1811 3439 πεποιηκότος,

209 3455 381 3509 αὑτοῦ
432 3456 491 3509 δὲ
537 3455 1002 3526 διακονησαμένου
1030 3474 1041 3484 ’
1099 3455 1229 3509 ὥσθ’
1270 3457 1457 3529 ἕτερον
1497 3457 1680 3529 ζητεῖν
1722 3459 1815 3511 τὸν

213 3549 451 3622 ποιητὴν
481 3549 591 3604 τῶν
650 3550 808 3614 ὅλων,
860 3550 951 3603 τὸν
992 3550 1082 3602 διά
1128 3550 1220 3603 τοῦ
1274 3550 1696 3621 θεολογουμένου
1744 3550 1815 3603 τά

212 3643 397 3696 πάντα
430 3641 900 3713 ὑποστησάμενον.
959 3643 1071 3695 Καὶ
1118 3640 1202 3704 τίς
1252 3641 1319 3695 ἂν
1359 3643 1570 3710 γένοιτο
1616 3636 1811 3709 οὗτος;

225 3735 368 3788 Ἀλλ’
399 3735 499 3788 οὑκ
543 3734 610 3788 ἂν
638 3735 749 3805 ἔχοι
779 3737 972 3787 εἰπεῖν.
1006 3730 1107 3786 Ὧν
1134 3734 1307 3798 οὕτως
1337 3735 1592 3805 ἐχόντων,
1624 3736 1814 3806 ὁμολο-

207 3830 330 3895 γεῖν
371 3826 583 3895 ἀνάγκη
642 3826 734 3878 τὸν
783 3825 1200 3896 θεολογούμενον
1246 3826 1350 3878 ὑπὸ
1383 3826 1479 3878 τοῦ
1523 3826 1811 3895 εὐαγγελι-

212 3916 345 3971 στοῦ
390 3918 464 3988 μὴ
505 3918 595 3969 τὸν
633 3917 726 3970 ἐπὶ
753 3917 971 3971 πάντων
1002 3913 1141 3971 εἶναι
1173 3918 1305 3972 Θεὸν
1325 3960 1338 3981 ,
1379 3918 1500 3989 μηδ’
1530 3918 1691 3971 αὑτὸν
1720 3919 1812 3971 τὸν

211 4008 454 4079 Πατέρα,
490 4008 580 4061 τὸν
626 4008 683 4061 δὲ
712 4008 903 4060 τούτου
948 4012 1210 4079 μονογενῆ
1242 4009 1371 4062 Υἱὸν
1391 4050 1405 4073 ,
1439 3999 1501 4061 όὺ
1531 4009 1811 4081 συμϐεϐη-

209 4098 347 4151 γ-ἇτα
370 4098 447 4169 τῷ
464 4098 657 4170 Ila-cpi,
686 4098 818 4162 οὐδ’,
834 4099 909 4161 ὡς
934 4100 990 4151 ἐν
1014 4100 1382 4170 ὑποκειμένῳ,
1408 4101 1463 4152 ὲν
1486 4100 1636 4171 αὑτῷ
1657 4100 1808 4165 ὄντα,

205 4190 335 4243 οὐδὲ
384 4188 442 4240 ἒν
488 4190 583 4242 κα)⁸
628 4189 826 4242 ταύτὸν
865 4188 943 4258 τῷ
989 4188 1107 4260 Θεῷ
1136 4189 1300 4257 ¹ὅντα,
1347 4190 1475 4243 Υῐὸν
1520 4189 1565 4242 δ’
1595 4189 1813 4261 ἀληθῶς

205 4280 363 4344 ὄντα,
400 4279 576 4343 ζῶντα
634 4283 727 4333 κα)⁸
776 4280 1063 4349 ὑφεστῶτα
1109 4282 1167 4333 ὲν
1220 4282 1362 4353 ἀρχῇ
1410 4299 1469 4335 τε
1510 4281 1659 4345 ὅντα,
1717 4283 1812 4335 καὶ

208 4374 352 4445 πρὸς
372 4373 462 4425 τὸν
486 4371 621 4424 Θεὸν
650 4373 800 4433 ὄντα,
851 4373 943 4425 καὶ
969 4372 1101 4425 Θεὸν
1135 4372 1285 4438 ὄντα,
1337 4373 1402 4425 δι’
1435 4366 1497 4427 οὗ
1528 4377 1597 4428 τὰ
1633 4375 1811 4428 πάντα

206 4464 556 4535 δημιουργεῖ.
597 4464 686 4526 Ὠς
729 4462 906 4533 ὀρθῶς
934 4463 1043 4533 (45)
1076 4464 1141 4516 ἄν
1177 4480 1298 4516 τινα
1331 4463 1423 4517 ἐπὶ
1454 4464 1516 4517 τὸ
1551 4464 1813 4534 σαφέστε-

1926 1974 2067 2041 cipio
2086 1983 2198 2027 erat
2220 1971 2382 2027 Deus.
2408 1972 2473 2025 Et
2509 1972 2660 2035 illud,
2692 1970 2757 2025 Et
2786 1969 3011 2026 Verbum
3032 1984 3147 2028 erat
3172 1977 3315 2043 apud
3338 1974 3533 2041 Deum,

1928 2066 2249 2136 equivalent
2296 2065 2394 2131 illi,
2428 2054 2496 2119 Et
2538 2064 2681 2119 Deus
2722 2075 2836 2120 erat
2873 2067 3015 2135 apud
3063 2066 3257 2121 Deum.
3294 2067 3362 2122 Et
3394 2069 3529 2123 illud

1932 2161 2148 2214 tertium
2185 2172 2289 2212 non
2322 2158 2393 2211 sit
2418 2157 2563 2211 aliud
2588 2173 2773 2227 quam,
2804 2158 2870 2212 Et
2893 2158 3034 2212 Deus
3064 2170 3177 2213 erat
3209 2160 3376 2215 Deus.
3397 2161 3532 2227 Quae

1928 2260 2191 2321 praeterea
2230 2250 2375 2319 quod
2426 2250 2740 2304 cohaereant
2789 2251 2991 2313 minus,
3021 2250 3092 2305 ab
3121 2252 3271 2306 omni
3312 2252 3533 2307 ratione

1928 2353 2054 2399 sunt
2084 2341 2438 2396 alienissima.
2488 2339 2626 2395 Nam
2655 2356 2891 2411 quonam
2926 2350 3085 2411 pacto
3114 2340 3294 2395 locum
3326 2343 3533 2397 habere

1928 2437 2131 2506 poterit
2162 2436 2311 2498 illud,
2346 2434 2542 2489 Omnia
2570 2451 2663 2503 per
2688 2436 2863 2503 ipsum
2893 2434 3037 2503 {acta
3079 2443 3224 2501 sunt,
3260 2451 3382 2488 cum
3411 2436 3532 2489 uui-

1927 2542 2051 2582 cum
2070 2528 2143 2580 sit
2164 2527 2543 2597 suppositum?
2573 2536 2627 2581 et
2661 2524 2947 2597 Scriptura
3004 2526 3219 2593 doceat,
3255 2541 3362 2581 non
3405 2546 3426 2579 ι
3459 2528 3530 2581 ah

1927 2617 2046 2672 illo»
2080 2618 2278 2672 nedum
2303 2634 2322 2669 ι
2346 2634 2412 2673 ex
2436 2619 2583 2681 illo.»
2625 2619 2720 2672 sed
2758 2632 2886 2687 «per
2916 2616 3097 2671 illum)
3134 2618 3315 2671 omnia
3360 2616 3531 2673 fuisse

1927 2707 2097 2763 facta?
2123 2692 2187 2763 Et
2231 2708 2319 2761 illa
2352 2710 2772 2779 pra-positinper
2804 2707 3111 2763 miuistrale
3142 2707 3273 2778 quid
3310 2708 3526 2777 signiti-

1924 2810 2033 2865 cet,
2074 2802 2527 2871 quemadmodum
2570 2803 2626 2857 in
2680 2801 3043 2871 sequentibus
3098 2802 3258 2857 docet
3292 2817 3530 2874 evange-

1925 2894 2073 2955 lista,
2115 2894 2386 2963 inquiens,
2420 2892 2529 2947 Le'c
2550 2910 2642 2956 per
2686 2891 2923 2964 Moysem
2943 2894 3074 2946 data
3104 2901 3181 2946 est
3213 2906 3233 2945 :
3274 2898 3451 2963 gratia
3474 2904 3524 2947 et

1924 2984 2113 3038 veritos
2144 2999 2241 3051 per
2266 2982 2447 3036 Iesum
2471 2982 2742 3035 Christum
2773 2982 2919 3050 facta
2948 2990 3025 3036 est
3056 2982 3123 3036 ⁸⁷.
3156 2982 3524 3049 Quemadmo—

1925 3075 2052 3129 dum
2084 3076 2227 3129 enim
2262 3073 2369 3141 lex,
2416 3088 2522 3127 non
2575 3073 2663 3127 illa
2698 3072 2979 3127 hominum
3012 3072 3097 3126 vel
3141 3072 3344 3143 Moysis
3373 3074 3523 3128 exsi-

1923 3176 2095 3231 stens,
2116 3167 2211 3220 sed
2243 3166 2359 3225 Dei.
2386 3165 2474 3219 cui
2511 3165 2760 3219 minister
2779 3173 2834 3218 et
2861 3178 3053 3217 servus
3072 3163 3524 3220 subministrabat

1922 3257 2160 3329 Moyses,
2192 3267 2252 3311 ut
2299 3256 2389 3310 illa
2432 3255 2500 3310 ad
2534 3255 2781 3310 homines
2825 3256 3266 3323 promulgaretur
3305 3271 3320 3309 :
3356 3265 3525 3325 atque

1922 3351 2044 3405 ideo
2063 3351 2263 3404 dictum
2283 3357 2387 3411 est,
2404 3347 2514 3401 Lex
2538 3363 2633 3416 per
2659 3344 2897 3416 Moysen:
2924 3348 3049 3398 data
3068 3347 3191 3414 fuit.
3210 3345 3287 3401 Ita
3305 3360 3524 3417 quoque

1919 3452 1976 3498 et
2016 3442 2189 3513 gratia
2222 3442 2347 3495 data
2396 3450 2500 3505 est,
2542 3439 2685 3508 quod
2735 3453 2834 3507 per
2879 3437 3159 3493 Christum
3195 3439 3357 3494 Pater
3398 3456 3521 3495 eam

1920 3543 2200 3603 operatur.
2247 3532 2425 3602 Atque
2460 3532 2526 3585 ad
2575 3531 2738 3584 istum
2775 3530 2997 3583 modum
3052 3530 3290 3594 dicitur,
3325 3528 3523 3586 Omnia

1919 3642 2013 3695 per
2048 3626 2199 3678 illum
2230 3624 2378 3694 facta
2402 3634 2521 3677 sunt
2552 3638 2571 3677 :
2598 3630 2785 3690 utpote
2812 3621 2881 3675 ab
2918 3621 3091 3675 altero
3126 3622 3521 3690 producta,cui

1922 3718 2079 3772 alteri
2116 3727 2442 3785 operaturus
2484 3716 2571 3770 hic
2622 3712 3005 3767 subministrat
3039 3728 3054 3765 ε
3087 3724 3148 3767 ut
3193 3714 3522 3783 quaerendus

1919 3812 1991 3865 sit
2021 3825 2048 3862 a
2081 3810 2238 3863 nobis
2268 3818 2482 3862 creator
2514 3807 2651 3860 alius
2681 3808 3102 3869 universorum,
3133 3807 3225 3874 qui
3264 3806 3465 3859 dicitur
3488 3822 3520 3861 a

1921 3896 2172 3964 theologo
2196 3909 2416 3949 creasse
2460 3895 2665 3948 omnia.
2700 3894 2748 3948 Is
2785 3902 2965 3948 autem
2992 3894 3180 3961 ecquis
3215 3893 3357 3948 alius
3393 3910 3519 3950 esse

1916 3996 2127 4056 pcterat
2152 3986 2175 4037 ἲ
2203 3996 2352 4039 certe
2398 3998 2559 4039 nemo
2604 3985 2827 4039 dixerit.
2856 3983 2988 4051 Quae
3014 3999 3136 4038 cum
3162 3984 3236 4039 ita
3266 3986 3399 4052 sint,
3430 3985 3517 4039 la-

1920 4080 2019 4133 teri
2046 4092 2155 4133 nos
2199 4087 2416 4147 oportet
2456 4092 2579 4131 eum
2620 4080 2711 4147 qui
2744 4079 2813 4131 ab
2842 4076 3174 4147 evangelista
3206 4076 3516 4143 deiﬁcatur,

1918 4187 2027 4226 non
2063 4186 2183 4227 esse
2212 4170 2381 4223 Deum
2430 4169 2577 4224 illum
2619 4184 2780 4239 super
2814 4168 3023 4235 omnia,
3060 4184 3237 4238 neque
3273 4169 3516 4235 Patrem,

1916 4263 2011 4317 sed
2048 4261 2195 4315 illius
2226 4260 2424 4314 Filium
2473 4260 2812 4330 unigenitum
2846 4276 2862 4316 :
2897 4276 3004 4314 non
3036 4275 3160 4315 cum
3192 4259 3353 4316 Patre
3389 4263 3510 4332 pari

1917 4368 2076 4426 passu
2109 4354 2477 4408 ambulantem
2512 4370 2525 4406 :
2556 4366 2656 4407 nec
2682 4360 2937 4422 tanquam
2969 4351 3024 4407 in
3057 4352 3341 4421 supposito
3367 4356 3515 4407 exsi-

1915 4457 2146 4502 stentem
2174 4445 2371 4499 unico:
2405 4459 2510 4498 uon
2544 4458 2711 4498 unum
2737 4454 2899 4513 atque
2926 4443 3181 4499 eumdem
3216 4460 3341 4501 cum
3374 4446 3507 4511 De'o,

210 4574 307 4631 ρον
324 4556 692 4629 μεταλαϐόντα
712 4557 877 4625 φάναι
893 4557 1013 4609 ἀντὶ
1039 4555 1154 4620 τοῦ,
1173 4558 1268 4609 Ἐν
1279 4555 1437 4626 ἀρχῇ
1452 4552 1532 4627 ἦν
1547 4560 1579 4611 ό
1597 4559 1808 4627 Λόγος,

1927 4539 2014 4595 sed
2053 4536 2245 4591 Filium
2301 4550 2428 4590 vere
2461 4535 2838 4599 exsistentem,
2871 4535 3056 4590 vivum
3086 4535 3507 4592 subsistentem:

206 4624 271 4703 ιὲδ
321 4624 339 4701 ὲ
366 4653 424 4703 ὲν
453 4651 593 4720 ἀρχῇ
631 4646 699 4720 ἦν
725 4624 753 4702 δ
778 4650 926 4713 Υἱὸς,
950 4668 968 4700 ι
1006 4650 1099 4708 καὶ
1127 4649 1248 4701 ἀντι
1273 4624 1366 4702 τόδ
1389 4624 1527 4715 ,ίέιέιι
1552 4650 1584 4703 ὁ
1608 4624 1800 4720 Λόγος

1927 4649 1954 4686 n
1989 4627 2255 4703 principio
2301 4627 2392 4696 qui
2420 4635 2540 4681 erat
2570 4641 2584 4678 ε
2620 4634 2673 4679 et
2714 4627 2855 4692 apud
2902 4624 3068 4679 Deum
3098 4635 3238 4691 erat,
3266 4637 3321 4682 et
3368 4629 3510 4683 Deus

204 4738 291 4810 ἦν
319 4743 469 4811 πρὸς
650 4713 818 4805 Θεὸν,
854 4742 936 4805 τὸ,
992 4759 1010 4790 ι
1041 4740 1135 4794 καὶ
1169 4743 1197 4794 ό
1240 4741 1368 4805 Υἱὸς
1392 4713 1483 4813 γῆν
1527 4744 1664 4813 πρὸς
1700 4713 1802 4795 ’τὸν

1927 4730 2022 4775 :rat
2057 4738 2070 4773 :
2100 4733 2195 4788 per
2218 4730 2379 4784 quem
2408 4715 2597 4770 condit
2631 4715 2905 4769 universa.
2928 4714 3000 4769 Ut
3028 4713 3233 4769 clarius
3261 4724 3511 4785 transpo-

207 4834 513 4903 Πατέρα,ι
561 4834 657 4887 καὶ
710 4833 833 4886 ἀντὶ
878 4832 973 4886 τοῦ
1000 4870 1015 4896 ,
1080 4832 1346 4898 καὶΘεὸς
1375 4830 1454 4902 ἦν
1500 4837 1532 4888 ό
1583 4837 1798 4905 Λόγυς,

1900 4814 2008 4868 sita
2064 4812 2181 4866 ham
2211 4806 2457 4879 proferre
2501 4807 2625 4876 quis
2668 4805 2861 4877 possit,
2906 4820 3006 4874 pro
3050 4806 3165 4871 illo,
3199 4805 3268 4861 In
3307 4808 3509 4876 princi-

205 4928 290 4988 τὸ,
354 4926 489 4977 «καὶ
536 4926 667 4988 Θεὸς
724 4921 788 4995 ἦν
838 4928 865 4979 6
912 4926 1057 4987 Υἱός.
1087 4945 1104 4975 ι
1159 4924 1320 4979 Οὕτω
1366 4925 1411 4976 δ’
1443 4924 1510 4979 ἂν
1539 4928 1799 4998 ἁρμόσειε

1927 4927 1985 4979 ιὶο
2012 4936 2125 4980 erat
2174 4922 2424 4985 Verbum,
2450 4938 2469 4972 ι
2506 4920 2563 4975 1η
2604 4920 2872 4989 principio
2906 4928 3027 4976 erat
3053 4920 3247 4985 Filius,
3276 4941 3295 4974 ι
3321 4930 3377 4976 et
3408 4938 3505 4992 pro

208 5020 304 5070 καὶ
371 5018 433 5069 τὸ
492 5018 619 5087 ἑξῆς
692 5019 1071 5088 ἐπαγόμενονυ
1133 5018 1329 5073 πάντα
1389 5019 1499 5087 γὰρ
1555 5020 1629 5071 δι’
1687 5024 1797 5074 αὐ-

205 5111 337 5171 τοῦ,
368 5110 608 5179 ὲγέιέτο
646 5110 743 5163 καὶ
790 5113 969 5179 χωρὶς
1010 5113 1196 5166 αὐτοῦ
1240 5113 1474 5182 ἐγέγετο
1523 5112 1667 5166 οὐδὲ

204 5202 447 5267 Εἰκότως
472 5200 757 5273 τοιγαροῦν
786 5204 812 5255 ό
832 5204 971 5265 θεῖος
1004 5204 1394 5274 εὐαγγελιστὴς
1426 5204 1536 5275 (46)
1569 5205 1626 5257 ἐν
1651 5207 1795 5277 ἀρχῇ

204 5295 371 5346 αὑτὸν
418 5295 541 5365 ἔφη’,
576 5295 699 5358 δοὺς
727 5293 875 5363 αὑτῴ
904 5295 1078 5365 ἀρχὴν
1100 5335 1115 5357 ,
1147 5295 1302 5366 δῆλον
1331 5296 1386 5349 δὲ
1423 5298 1504 5349 ὅτι
1545 5297 1644 5367 τὴν
1670 5298 1797 5366 γέν-

285 5413 343 5469 ὦ
382 5406 478 5462 Ed.
509 5406 707 5471 Parim,
740 5423 859 5477 pag.
901 5407 1022 5460 12"}.

280 5502 324 5533 ’⁷
346 5499 503 5554 Joan.
544 5516 581 5563 ι,
612 5502 696 5553 l7.

312 5593 393 5657 ιθ)
420 5591 588 5659 Vuqu
626 5593 859 5661 φάσκου.

310 5664 394 5732 Η)
429 5665 483 5733 lu
508 5678 654 5715 corr.
692 5666 813 5733 ὅρα.

280 5733 394 5803 (12)
429 5732 595 5799 Vulgo
631 5735 707 5789 δέ..

282 5806 397 5871 (43)
426 5803 591 5869 Vulgo
620 5804 783 5858 αὑτοῦ
813 5803 928 5857 τοῦ.

278 5876 392 5949 (Μ)
424 5874 660 5943 Ἑτέρην
677 5876 792 5945 μὲν
820 5880 1235 5948 πεποιηκότος.
1264 5877 1623 5934 (“rectissime
1649 5878 1791 5934 aria-

1912 5018 2035 5083 illo,
2087 5015 2155 5069 Et
2207 5014 2433 5069 Verbum
2487 5024 2597 5066 erat
2631 5012 2774 5082 apud
2809 5012 3003 5078 Deum,
3041 5031 3060 5065 ι
3095 5023 3149 5067 et
3189 5014 3358 5068 Filius
3387 5025 3506 5069 erat

1911 5109 2052 5177 apud
2093 5107 2306 5160 Patrem
2328 5146 2343 5167 .
2385 5124 2402 5156 ι
2442 5114 2495 5160 et
2530 5120 2629 5174 pro
2662 5103 2771 5169 illo,
2810 5101 2874 5155 Et
2908 5102 3048 5158 Deus
3074 5113 3185 5156 erat
3239 5102 3464 5157 Verbum
3486 5146 3501 5167 ,

1912 5217 1930 5250 ε
1962 5209 2017 5253 et
2069 5199 2209 5253 Deus
2262 5206 2382 5252 erat
2414 5196 2603 5251 Filius.
2632 5216 2649 5249 ι
2676 5195 2753 5251 lta
2801 5196 2947 5251 enim
2983 5210 3225 5267 congrue
3265 5199 3504 5251 coluere-

1909 5294 1988 5348 bit
2043 5295 2186 5365 quod
2250 5294 2502 5364 adjicitur
2554 5293 2609 5345 in
2668 5289 3021 5361 sequentibus
3065 5288 3302 5344 :Omm'a
3364 5292 3502 5344 enim

1901 5594 2203 5657 nizat,cum
2230 5589 2439 5645 Filium-
2460 5587 2833 5642 tantummodo
2865 5586 3114 5640 διάκονον
3140 5588 3191 5639 in
3216 5586 3501 5657 creatione

1898 5655 2164 5735 supponat
2204 5680 2221 5735 7:
2251 5661 2557 5735 ut_bluyseu
2595 5660 2647 5711 iu
2684 5659 2817 5725 legis
2849 5659 3303 5728 proutulgutioue.
3343 5655 3414 5709 Μ.

1972 5731 2087 5801 (υἱ)
2118 5732 2281 5800 Vulgi)
2310 5731 2527 5801 ἀκτῖνα.

1971 5795 2082 5875 (tu)
2138 5795 2242 5875 Ἐνῖ
2273 5800 2445 5875 ἀρχῇ-
2481 5798 2731 5875 -αἰιτοῦλ,
2803 5798 2939 5866 ἔφη.
3017 5795 3256 5875 Legend.
3332 5795 3498 5849 αὑτὸν

1901 5869 2035 5930 εἶναι
2064 5869 2185 5944 ἔφη.
2223 5874 2287 5926 Μ.
2311 5869 2393 5912 ζ-
2434 5871 2677 5942 [Correxi
2707 5872 2880 5925 locqu
2915 5884 2978 5923 ex
3012 5869 3167 5922 codd.
