4032 6464
209 412 316 469 933

1187 399 1271 454 DE
1309 395 1849 454 EOCLESIASTICA
1889 392 2283 451 THEOLOGIA
2325 391 2453 448 LIB.
2497 389 2554 448 ΙΙ.

3393 391 3500 448 956

211 544 357 599 σμου
381 527 478 598 τῆς
494 526 818 597 Ἐκκλησίας
846 522 1160 584 συστάσεως
1186 522 1278 574 τὸν
1297 520 1515 590 Πατέρα
1545 517 1682 573 εἶναι
1716 519 1804 572 καὶ

1916 519 2265 586 prehenditur
2316 515 2642 586 judaizare,
2700 513 2971 566 interdum
3027 510 3370 599 transfugere
3430 515 3500 568 ad

210 619 306 672 τὸν
344 617 472 671 Υἰδν
513 616 884 688 ὁμολογούσης
907 632 920 644 ·
957 614 1098 667 κατά
1144 613 1200 664 δὲ
1245 611 1337 664 τὸν
1385 609 1670 663 Σαόέλλιον
1711 609 1809 661 ἕνα

213 713 313 764 καὶ
344 710 436 763 τὸν
456 710 616 763 αὐτὸν
646 705 784 761 εἶναι
806 705 1243 778 αποφαινόμενος
1266 704 1394 757 Υίὸν
1427 705 1522 756 καὶ
1551 701 1770 772 Πατέρα
1791 718 1806 732 ο

213 802 313 855 καί
349 817 476 854 ποτε
510 801 603 871 μὲν
634 799 742 868 (52)
769 795 836 852 αῦ
863 799 952 852 τὸν
1001 797 1305 851 ἐνδιάθετον
1351 795 1585 863 εἰσάγων
1612 795 1806 863 Λόγον,

213 895 352 959 me
377 895 432 947 δὲ
464 893 814 964 προφορικόν.
851 894 913 946 EI
940 892 1050 964 γὰρ
1084 890 1463 962 προσποιεῖται
1493 888 1696 951 ταῦτας
1732 889 1808 960 μὴ

216 982 616 1055 παραδέχεσθαι
664 983 763 1045 τὰς
807 982 988 1052 φωνὰς
1024 981 1158 1053 (55),
1195 981 1332 1052 πλὴν
1381 981 1444 1052 δὴ
1494 981 1666 1048 Λόγος
1708 980 1808 1051 τὴν

215 1078 282 1128 ὲκ
309 1073 402 1126 τοῦ
432 1089 559 1127 ποτε
585 1074 683 1144 μὲν
711 1074 855 1128 ἔνδον
878 1074 1039 1127 αὐτὸν
1069 1074 1246 1140 λέγειν
1277 1075 1336 1125 ἐν
1359 1071 1436 1143 τῷ
1459 1070 1599 1142 Θεῷ,
1619 1071 1806 1125 ἄλλοτε

213 1166 273 1219 δὲ
305 1166 370 1218 δι’
422 1166 700 1238 ἐνεργείας
747 1166 1040 1237 δρασπκῆς
1085 1165 1330 1236 προϊέναι
1377 1163 1578 1228 αὐτοῦ,
1608 1163 1700 1231 ἀφ’
1733 1156 1808 1214 ὧν

213 1274 276 1310 τε
323 1255 403 1326 τῷ
434 1256 756 1327 ἀνθρωπίνῳ
804 1256 1094 1320 ἀπεικάζει
1121 1257 1283 1309 αὑτὸν
1313 1255 1458 1326 λόγῳ
1481 1273 1494 1286 ⁸
1531 1257 1557 1308 ὅ
1601 1255 1709 1325 (54)
1744 1271 1805 1322 γε

215 1350 329 1421 μὴν
356 1350 496 1413 θεῖος
531 1351 918 1422 εὐαγγελιστὴς
967 1353 1087 1405 κατ’
1121 1352 1312 1404 οὐδένα
1340 1351 1449 1403 τῶν
1483 1349 1807 1418 ἀποδεδομέ-

213 1457 322 1492 νων
351 1440 586 1509 τρόπων,
621 1441 792 1507 Λόγον
828 1443 1172 1514 ὑπεστήσατο
1199 1443 1288 1496 τὸν
1324 1442 1460 1513 πρὸς
1490 1439 1655 1494 αὐτοῦ
1688 1440 1807 1493 θεο-

210 1531 570 1602 λογούμενον,
607 1533 720 1585 ἀλλ’
744 1527 855 1586 οἷον
883 1535 1088 1603 ἔπρεπε
1127 1534 1219 1586 τὸν
1258 1533 1519 1604 μονογενῆ
1551 1534 1678 1586 Υἰὺν
1712 1533 1805 1586 τοῦ

209 1621 351 1674 Θεοῦ
383 1625 541 1685 νοεῖν,
571 1624 743 1692 Λόγον
771 1625 869 1694 μὲν
901 1625 1052 1686 ὅντα,
1082 1624 1276 1677 καθ’ὃν
1305 1625 1484 1678 πάντα
1505 1623 1648 1695 λόγῳ
1680 1642 1805 1677 συν-

208 1714 500 1783 εστήσατο,
534 1716 628 1766 καὶ
661 1715 828 1784 χωρὶς
869 1714 1046 1782 Λόγου
1076 1713 1183 1767 τῶν
1215 1713 1384 1767 ὄντων
1415 1714 1564 1767 οὐδὲν
1591 1713 1800 1782 γέγονεο

206 1803 345 1858 Θεὸν
376 1805 432 1858 δὲ
473 1806 568 1858 καὶ
602 1807 899 1875 Μονογενῆ,
931 1805 1051 1858 καθ’
1078 1805 1106 1857 ὃ
1141 1805 1300 1876 μόνος
1332 1805 1548 1874 ἀληθῶς
1573 1802 1641 1876 ἦν
1672 1806 1805 1869 Υἱὸς

1915 602 2212 656 Sabellium
2252 619 2265 654 :
2298 599 2676 666 ub‘judaizans
2702 610 2827 652 ante
2851 597 3038 651 mundi
3063 597 3500 666 productionem,

1912 701 2109 762 praeter
2149 690 2322 745 solum
2359 691 2526 744 Deum
2550 680 2708 744 docet
2737 688 2870 742 nitril
2903 689 3202 746 exstitisse.
3235 689 3368 746 Cum
3393 691 3504 748 Ec-

1910 787 2071 840 clesia
2103 794 2229 839 ante
2258 785 2440 838 mundi
2465 793 2735 847 exortum,
2760 791 2814 836 et
2840 781 3057 838 Patrem
3091 792 3352 853 agnoscat
3375 797 3505 841 ante

1912 880 2127 933 Filium.
2183 876 2404 932 Sabellii
2471 883 2652 947 partes
2704 891 2894 946 agens,
2951 891 3118 928 unum
3155 885 3210 930 et
3244 877 3500 932 eumdem

1911 971 2125 1025 Patrem
2152 970 2397 1038 designat
2424 983 2585 1039 atque
2604 969 2824 1023 Filium.
2852 969 3126 1021 Interdum
3147 967 3503 1024 introducens

1912 1056 2146 1112 Verbum
2182 1059 2487 1111 immanens
2524 1077 2537 1114 :
2582 1059 2874 1127 aliquando
2908 1058 3236 1127 prolatitium
3267 1069 3322 1113 et
3353 1075 3505 1114 etna-

1911 1165 2065 1204 naus.
2102 1148 2261 1204 Certe
2284 1151 2452 1204 videri
2489 1150 2598 1203 vult
2631 1151 2728 1204 has
2759 1165 2919 1205 voces
2950 1166 3224 1221 respuere.
3255 1152 3324 1205 At
3354 1153 3501 1206 enim

1911 1243 2036 1308 quid
2089 1240 2234 1295 aliud
2291 1242 2608 1309 assignavit,
2649 1250 2772 1298 Cum
2811 1242 3039 1297 Verbum
3078 1244 3206 1298 illud
3268 1245 3414 1299 intus
3449 1246 3502 1298 in

1910 1333 2020 1387 Deo
2054 1350 2194 1387 nunc
2221 1332 2449 1388 afﬁrmet
2480 1353 2492 1388 :
2519 1350 2663 1388 nunc
2692 1352 2788 1406 per
2813 1338 3171 1406 operatricem
3205 1337 3504 1394 efﬁcaciam

1908 1427 2124 1496 prodire
2174 1427 2525 1495 pronuntiet?
2583 1427 2725 1480 unde
2776 1437 2830 1480 et
2884 1442 3005 1481 cum
3060 1410 3296 1484 humano
3331 1431 3504 1485 verbo

1909 1518 2182 1586 componit
2214 1516 2369 1570 illud.
2403 1519 2472 1570 At
2499 1518 2645 1570 enim
2671 1517 2883 1571 divinus
2905 1519 3235 1589 evangelista
3265 1521 3504 1576 Verbum

1910 1626 1938 1663 a
1971 1625 2026 1664 se
2050 1609 2357 1663 deiﬁcatum
2391 1611 2687 1664 secundum
2717 1611 2920 1664 nullum
2951 1613 3178 1665 istorum
3215 1614 3502 1669 modorum

1911 1700 2318 1769 intelligendum
2351 1703 2654 1770 proposuit.
2689 1701 2792 1755 Sed
2823 1716 2881 1756 ut
2922 1719 3020 1771 par
3045 1713 3098 1759 et
3128 1720 3342 1773 aequum
3382 1707 3503 1763 fue-

1914 1803 1994 1846 rat
2053 1795 2387 1862 unigenitum
2441 1795 2532 1848 Dei
2561 1796 2754 1849 Filium
2803 1797 3154 1865 intelligendo
3186 1801 3501 1871 concipere.

205 1897 306 1949 τοῦ
336 1897 426 1949 ἐπὶ
453 1897 668 1949 πάντων
703 1896 837 1948 Θεοῦ
865 1912 877 1924 ·
917 1895 1044 1958 Υἱὸς
1076 1897 1296 1967 γνήσιος
1326 1895 1515 1959 ὅντως,
1545 1898 1640 1949 καὶ
1667 1897 1804 1965 ἀγα-

1916 1886 2142 1940 Verbum
2171 1902 2293 1940 esse
2317 1889 2518 1951 docuit,
2551 1903 2646 1957 per
2676 1890 2819 1957 quod
2840 1891 3022 1944 omnia
3051 1893 3349 1947 secundum
3375 1910 3504 1950 suas

207 1989 403 2061 πητὸς,
440 1987 518 2058 τῷ
541 1988 705 2043 αὐτοῦ
733 1989 909 2059 Πατρὶ
953 1989 1095 2043 κατὰ
1126 1990 1304 2042 πάντα
1333 1988 1596 2060 ἁφομοιού
1607 2006 1766 2060 μενος
1787 2004 1800 2018 ’

206 2082 303 2134 Διὸ
330 2083 424 2135 καὶ
457 2081 589 2145 Θεὸς
629 2077 698 2153 ἦν
730 2081 967 2153 ἀληθῶς,
997 2081 1119 2134 καθ’
1146 2081 1172 2134 ὃ
1202 2082 1262 2134 τὸ
1297 2083 1482 2154 νοερὸν
1516 2084 1610 2134 καὶ
1655 2082 1803 2151 λογι-

208 2176 308 2227 κδν
336 2177 457 2236 ταῖς
500 2174 618 2226 κατ’
644 2174 828 2226 εἰκόνα
856 2174 955 2244 τὴν
985 2171 1148 2225 αὑτοῦ
1180 2176 1578 2244 πεποιημέναις
1604 2175 1802 2246 ψυχαῖς

208 2265 531 2334 ὲναυγὰζειν
575 2265 797 2335 φέγγος.
836 2267 929 2318 Διὸ
957 2266 1016 2318 οὐ
1060 2266 1277 2318 πάντων
1319 2267 1480 2319 αὑτὸν
1516 2267 1632 2337 φῶς
1662 2265 1802 2321 εἷναί

207 2374 398 2426 φησιν,
431 2357 565 2410 ἀλλά
597 2345 772 2428 μόνων
798 2355 1121 2428 ἀνθρώπων.
1154 2351 1274 2410 Ἦν
1445 2359 1511 2412 τὸ
1540 2357 1666 2427 φῶς
1688 2399 1703 2422 ,
1733 2358 1801 2412 τὸ

205 2448 460 2518 φωτίζον
486 2448 682 2502 πάντα
711 2448 1024 2518 ἄνθρωπον
1047 2449 1376 2517 ἐρχόμενον
1422 2453 1509 2515 εἰς
1551 2453 1659 2504 τόν
1702 2453 1800 2506 κό-

204 2557 398 2610 σμον,
437 2540 560 2611 ἔφη.
578 2541 733 2594 Οὕτω
755 2542 812 2594 δὲ
844 2541 939 2595 καὶ
968 2539 1081 2612 ζωὴ
1113 2543 1359 2612 ὑπῆρχεν
1387 2541 1604 2612 ἀληθῶς
1632 2584 1646 2606 ,
1676 2544 1797 2597 καθ’

196 2631 240 2683 »δ
284 2634 418 2685 πᾶσι
465 2635 578 2696 τοῖς
620 2631 792 2698 ζῶσι,
821 2632 882 2685 τὸ
923 2633 1023 2703 τῆς
1067 2633 1125 2700 ἐξ
1174 2633 1341 2686 αὑτοῦ
1378 2635 1798 2706 χορηγίας(55),

211 2721 445 2792 παρέχει
478 2723 626 2788 νᾶμα
660 2723 756 2774 καὶ
789 2720 910 2775 καθ’
957 2722 1196 2792 ἑκάστην
1225 2722 1282 2794 δὲ
1314 2723 1556 2776 ἐπίνοιαν
1600 2725 1710 2778 τῶν
1742 2728 1801 2778 ὲν

211 2813 366 2882 αὑτῷ
406 2811 600 2866 θεῖκῶν
646 2811 924 2883 δυνάμεων
956 2813 1372 2884 παραστατικάς
1398 2813 1578 2886 εὕροις
1601 2814 1668 2868 ἂν
1701 2815 1800 2869 αὐ-

206 2905 310 2960 τοῦ
358 2906 452 2958 καὶ
483 2905 703 2975 ἀληθεῖς
745 2906 1083 2976 ἐπωνυμίας.
1128 2904 1284 2958 Κατά
1322 2906 1499 2959 πάντα
1533 2906 1642 2980 γὰρ
1670 2908 1804 2978 ἀλή-

205 2999 338 3052 θεια
378 2994 447 3069 ἦν
467 3001 495 3052 ό
520 2998 648 3061 Υἱὸς
673 2997 768 3051 τοῦ
799 2997 957 3061 Θεοῦ,
992 2997 1020 3050 δ
1050 2996 1113 3068 δὴ
1161 2996 1494 3068 παρίστησιν
1523 2998 1687 3062 αὐτὸς
1711 2999 1801 3052 λέ-

212 3106 332 3160 γων
363 3091 510 3162 (56)·
549 3091 696 3161 Ἐγώ
725 3093 843 3161 ειμι
869 3091 906 3160 ἠ
939 3091 1211 3158 ἀλήθεια.

1911 1981 2149 2034 rationes
2176 1980 2576 2034 rationabiliter
2611 1993 2738 2036 sunt
2761 1984 3056 2038 constituta
3101 2002 3115 2036 :
3144 1986 3264 2043 sine
3292 2002 3402 2058 quo
3427 1991 3504 2042 ni-

1909 2072 1980 2124 hil
2017 2069 2220 2126 I'actum
2244 2082 2328 2127 est
2351 2089 2536 2127 eorum
2569 2089 2689 2143 quae
2719 2085 2864 2129 sunt.
2892 2076 3061 2131 Deum
3086 2093 3210 2132 eum
3237 2089 3418 2141 vocat.
3445 2089 3502 2136 et

1909 2164 2268 2230 unigenitum,
2316 2175 2599 2234 propterea
2633 2167 2776 2235 quod
2813 2169 2960 2222 solus
2995 2170 3084 2224 ille
3115 2186 3244 2227 vere
3277 2171 3381 2228 fuit
3408 2171 3502 2230 Fl-

1909 2258 2010 2310 lius
2035 2257 2156 2320 Dei;
2205 2257 2318 2324 Dei,
2365 2260 2454 2325 qui
2481 2269 2564 2312 est
2600 2273 2766 2328 super
2786 2263 2969 2316 omnia
3004 2261 3177 2319 Filius
3206 2267 3499 2336 genuinus,

1907 2347 2053 2403 Patri
2079 2364 2176 2405 suo
2199 2346 2427 2404 dilectus
2460 2367 2474 2402 :
2502 2366 2597 2418 per
2626 2352 2809 2406 omnia
2835 2368 2935 2407 suo
2963 2355 3107 2410 Patri
3134 2357 3498 2415 assimilatas:

1910 2452 1966 2496 ut
1998 2443 2119 2497 ideo
2153 2457 2278 2495 vere
2318 2444 2458 2498 Deus
2503 2446 2798 2511 exstiterit,
2844 2461 2909 2500 eo
2942 2448 3085 2515 quod
3137 2449 3336 2506 animis
3369 2467 3400 2507 a
3440 2466 3504 2509 se

1908 2535 2108 2588 creatis
2148 2535 2212 2587 ad
2243 2535 2535 2604 imaginem
2571 2551 2725 2590 suam
2750 2538 3179 2594 intellectualem
3209 2540 3385 2598 lucem
3415 2558 3504 2598 ra-

1909 2627 2164 2682 tionalem
2203 2628 2545 2682 irradiaverit
2588 2630 2886 2700 :quocirca
2941 2642 3099 2687 vocat
3131 2632 3303 2688 lucem
3348 2635 3502 2693 illum

1909 2734 2014 2772 non
2072 2734 2252 2773 rerum
2300 2719 2563 2782 omnium,
2616 2723 2711 2775 sed
2763 2722 3042 2777 hominum
3103 2728 3502 2783 tantummodo.

1911 2808 2044 2863 Erat
2077 2813 2237 2875 enim,
2267 2809 2364 2873 ait,
2409 2810 2502 2864 lux
2535 2811 2848 2868 illuminam
2881 2830 3085 2869 omnem
3117 2816 3380 2872 hominem
3415 2832 3503 2875 ve-

1911 2906 2132 2958 nientem
2167 2905 2221 2957 in
2248 2903 2388 2956 hunc
2417 2903 2693 2957 mundum.
2728 2905 2809 2958 Ad
2839 2906 2983 2961 hunc
3023 2910 3242 2962 modum
3282 2919 3336 2964 et
3374 2924 3506 2966 vere

1913 2997 2216 3050 exsistebat
2237 2994 2346 3047 vita
2380 3012 2395 3046 :
2425 3008 2492 3048 eo
2520 2994 2661 3063 quod
2694 2998 2944 3052 onmibus
2980 3001 3289 3054 viventibus
3311 3000 3382 3056 de
3403 3017 3503 3057 suo

1919 3090 2246 3160 suppeditet.
2280 3089 2456 3158 Atque
2484 3089 2556 3142 ita
2585 3089 2832 3144 invenire
2875 3092 3035 3148 nobis
3093 3093 3222 3148 licet
3259 3094 3504 3164 appella-

201 3182 393 3234 tiones
424 3182 472 3233 ei
513 3194 644 3234 vere
672 3181 985 3244 attributas,
1011 3180 1210 3250 quibus
1234 3195 1355 3247 quae
1391 3180 1466 3234 illi
1496 3181 1703 3246 insunt,
1756 3181 1954 3235 divinas
2012 3183 2249 3234 virtutes
2289 3188 2774 3246 repraesentantur.
2841 3179 3056 3252 Ubique
3110 3197 3293 3240 autem
3327 3195 3382 3242 et
3405 3202 3504 3260 per

199 3273 398 3328 omnia
439 3281 576 3336 erat,
617 3272 842 3336 veritas,
887 3273 976 3325 Dei
1026 3272 1195 3326 Filius
1243 3281 1384 3340 erat,
1415 3274 1558 3342 quod
1603 3275 1674 3329 ab
1707 3275 1825 3343 ipso
1865 3275 2162 3328 edocemur
2185 3271 2276 3326 ubi
2298 3272 2415 3328 ait:
2449 3271 2558 3340 Ego
2592 3289 2710 3326 sum
2744 3276 2979 3329 veritas'

851 3365 1010 3417 ΚΕΦ.
1051 3365 1154 3417 ΙΕ’.

215 3457 345 3531 Τῶν
378 3456 566 3531 aurai}
586 3457 945 3531 Μαρκέλλου
972 3458 1187 3531 φωνῶν
1211 3461 1594 3531 παραθέσεις,
1612 3459 1686 3514 δι’
1719 3453 1807 3513 ὧν

286 3528 828 3600 ἠρνεῖτο-τάντίον
851 3529 956 3582 τοῦ
989 3530 1138 3584 Θεοῦ
1177 3528 1410 3600 uagae,
1443 3533 1807 3600 προφορικὸν

285 3599 486 3667 Λόγον
509 3598 546 3665 ἢ
581 3598 924 3653 ἐνδιάθετον
954 3600 1208 3669 φάσκων
1244 3598 1405 3657 εἶναι
1436 3598 1649 3655 αὐτόν.

298 3689 440 3741 Ἀλλ’
462 3690 491 3742 ὁ
518 3689 635 3754 νέος
665 3693 1016 3762 συγγραφεὺς
1047 3692 1222 3747 ταῦτα
1251 3693 1350 3765 μὲν
1382 3693 1506 3746 οὗτε
1538 3692 1804 3763 συνίησιν.

201 3779 337 3834 οὔτε
366 3777 538 3843 οἶδεν,
572 3781 683 3834 οὐθ’
722 3783 803 3838 ὅτι
838 3783 1022 3850 ἀγνοεῖ
1066 3779 1207 3837 οἶδεν
1231 3803 1244 3814 ·
1292 3784 1327 3838 ἃ
1361 3784 1425 3854 δὴ
1473 3785 1565 3838 καὶ
1608 3784 1807 3838 εἰδέναι

212 3872 392 3943 αὐχεῖ,
426 3873 574 3936 ὅπως
603 3874 847 3944 συνίστη.
883 3875 1021 3947 Φέρε
1068 3876 1231 3931 πάλιν
1279 3876 1398 3933 εἶτα
1445 3879 1808 3942 ἀναλαϐόντες

211 3963 573 4035 ἀκούσωμεν,
604 3964 681 4029 ὡς
729 3966 809 4036 τῷ
849 3966 906 4019 ὲν
949 3966 1257 4039 ἀνθρώποις
1305 3971 1468 4024 αὐτὸν
1512 3970 1805 4036 ἀπεικάζει

211 4053 380 4126 λόγῳ,
422 4055 499 4126 τῷ
528 4072 589 4108 τε
625 4057 769 4111 κατὰ
795 4057 1062 4124 διάνοιαν,
1089 4061 1184 4114 καὶ
1215 4060 1294 4132 τῷ
1319 4063 1460 4116 κατὰ
1494 4061 1803 4134 προφορὰν,

210 4144 405 4199 τοῦτον
436 4146 662 4218 γράφων
693 4148 785 4203 τὸν
812 4150 1011 4222 τρόπον
1032 4168 1046 4180 ⁸
1089 4170 1107 4204 ι
1141 4152 1312 4208 Τοῦτο
1344 4153 1402 4208 δὲ
1437 4155 1618 4226 ῥᾴδιον
1652 4151 1808 4225 οἶμαι

217 4258 240 4290 ί
275 4242 386 4302 τοῖς
416 4236 476 4294 εὗ
517 4240 772 4312 φρονοῦσι
815 4243 908 4296 καὶ
941 4244 1049 4298 ἀπὸ
1086 4245 1284 4317 μικροῦ
1313 4264 1458 4309 τινος
1485 4246 1580 4300 καὶ
1616 4264 1808 4299 ταπει-

217 4349 241 4382 ί
279 4330 374 4384 νοῦ
419 4330 540 4385 καθ’
572 4334 723 4404 ἡμᾶς
766 4335 1208 4408 παραδείγματος
1246 4337 1450 4406 γνῶναι
1475 4354 1489 4370 °
1536 4337 1657 4391 οὐδὲ
1699 4338 1807 4410 γὰρ

222 4439 242 4472 ε
278 4420 372 4474 τὸν
408 4419 503 4475 τοῦ
552 4422 842 4495 ἀνθρώπου
891 4424 1048 4493 λόγον
1092 4425 1320 4498 δυνάμει
1373 4429 1470 4483 καὶ
1511 4429 1807 4483 ὑποστάσει

219 4531 241 4564 ‹
280 4511 514 4584 χωρίσαι
545 4515 652 4568 τινὶ
688 4514 933 4570 δυνατόν.
970 4519 1068 4571 Ἐν
1107 4520 1216 4592 γάρ
1241 4523 1358 4574 ἐστι
1388 4521 1481 4574 καὶ
1507 4519 1701 4574 ταύτόν
1730 4521 1808 4592 τῷ

215 4624 242 4656 1
279 4603 552 4678 ἀνθρώπῳ
579 4607 609 4660 ό
652 4607 810 4676 λόγος
833 4625 847 4639 ο
875 4609 970 4661 καὶ¹
998 4610 1174 4665 οὐδενὶ
1214 4613 1582 4683 χωριζόμενος
1633 4613 1808 4684 ὲτέρῳ

2486 3370 2544 3428 ›Ι‹
2579 3363 2730 3420 CAP.
2764 3366 2884 3422 XV.

1921 3457 2080 3513 Voces
2117 3468 2484 3531 proponuntur
2506 3458 2634 3531 illis,
2656 3460 2844 3530 quibus
2882 3459 3170 3516 Marcellus
3193 3463 3504 3531 planissime

1979 3527 2251 3597 abnegavit
2293 3529 2390 3582 Dei
2425 3527 2625 3582 Filium
2657 3527 2677 3582 ἐ
2704 3531 2970 3599 nmmum:
3003 3533 3154 3586 illum
3193 3527 3313 3591 esse
3371 3535 3504 3594 Ver-

1979 3600 2100 3652 bum
2131 3615 2268 3652 nunc
2301 3601 2615 3663 immanem,
2657 3617 2795 3654 nunc
2831 3618 3104 3656 emanans.

1981 3692 2049 3744 At
2098 3691 2336 3744 novitius
2371 3690 2473 3745 iste
2521 3695 2754 3759 scriptor
2807 3692 2923 3748 haec
2985 3708 3160 3764 neque
3212 3696 3500 3766 intellexit,

1909 3797 2085 3852 neque
2122 3783 2289 3846 novit,
2339 3798 2512 3853 neque
2541 3782 2671 3838 illud
2718 3785 2867 3838 novit
2909 3788 3054 3854 quod
3088 3789 3202 3843 bazc
3247 3791 3500 3860 ignoret:

1909 3893 2028 3945 qua:
2065 3887 2241 3930 tamen
2289 3891 2394 3929 non
2447 3876 2659 3930 nescire
2695 3892 2756 3932 se
2782 3877 3082 3948 gloriatur,
3109 3883 3343 3952 qualiter
3370 3887 3505 3945 sub-

1910 3971 2129 4024 sistunt.
2156 3969 2396 4038 Agedum
2435 3983 2584 4033 vero,
2611 3982 3013 4026 reassumentes
3034 3988 3155 4042 qua:
3178 3976 3322 4030 dicta
3349 3989 3502 4044 sunt,

1911 4061 2198 4114 audiamus
2257 4071 2318 4115 ut
2365 4059 2515 4113 illum
2579 4061 2966 4118 assimilaverit
3012 4064 3249 4121 humano
3286 4069 3500 4125 verbo:

1910 4167 2034 4208 eum
2083 4152 2224 4222 quod
2277 4151 2607 4223 cogitatione
2663 4153 3166 4222 comprehenditur,
3206 4165 3317 4212 tum
3355 4149 3504 4230 quod

1909 4243 2206 4314 profertur.
2236 4243 2312 4297 Ita
2338 4254 2518 4298 autem
2543 4245 2621 4299 ait
2654 4242 2746 4316 ιιι.
2783 4245 2868 4299 LV
2894 4245 3019 4300 coll.
3051 4263 3104 4316 p.
3145 4249 3216 4304 39
3242 4251 3306 4318 Ι),
3337 4250 3406 4307 79
3435 4250 3501 4320 Β,

1911 4337 2016 4392 ιιι
2047 4337 2112 4410 D]
2154 4357 2166 4391 :
2207 4355 2227 4388 ι
2274 4335 2456 4392 Facile
2500 4338 2604 4392 hoc
2645 4338 2842 4405 Opinor
2891 4339 3274 4411 intelligentes,
3320 4345 3508 4401 animo

1916 4448 1934 4481 ι
1972 4428 2416 4498 comprehensuri
2448 4436 2596 4490 sunt,
2623 4427 2692 4481 ab
2718 4427 2997 4494 humanis,
3022 4429 3377 4486 similitudine
3398 4431 3503 4486 hu-

1916 4539 1936 4573 ι
1973 4521 2082 4575 mili
2116 4519 2332 4590 quidem
2359 4519 2449 4574 illa
2473 4529 2527 4573 et
2549 4521 2963 4576 contemnenda.
2996 4521 3344 4594 Namneque
3380 4539 3506 4594 pos.

1917 4635 1935 4667 ι
1971 4613 2124 4669 sibile
2145 4621 2229 4668 est
2254 4613 2529 4681 cuiquam,
2555 4610 2642 4665 vel
2666 4621 2937 4682 potestate
2965 4622 3020 4669 et
3043 4614 3323 4685 bypostasi
3349 4631 3508 4686 sepa-

220 4720 241 4752 r
284 4700 318 4770 ἢ
355 4701 491 4775 μόνῃ
516 4705 584 4774 τῇ
616 4703 709 4774 τῆς
733 4703 984 4774 πράξεως
1008 4705 1281 4777 ἐνεργείᾳ.
1317 4723 1335 4757 ι
1381 4707 1468 4760 Ἐν
1494 4707 1549 4759 δὲ
1589 4705 1801 4770 τούτοις

1916 4723 1931 4756 ι
1967 4719 2091 4759 rare
2117 4703 2341 4759 verbum
2373 4703 2518 4772 quod
2549 4702 2601 4756 in
2626 4703 2939 4759 hominibus
2966 4714 3070 4759 est.
3101 4704 3247 4759 Idem
3299 4706 3506 4771 etenim

211 4790 296 4860 τῷ
329 4791 646 4864 προφορικῷ
675 4793 818 4864 λόγῳ
860 4794 1126 4867 κέχρηται
1167 4797 1337 4850 εικόνι
1361 4811 1376 4826 ·
1408 4797 1487 4868 τῷ
1515 4797 1572 4850 δέ
1609 4814 1672 4867 γε
1720 4801 1806 4852 ὲν·

209 4881 447 4952 διαθέτῳ
469 4884 527 4936 ὲν
553 4879 633 4946 οἷς
656 4885 832 4939 ταῦτά
853 4903 1016 4959 φησιν
1033 4905 1047 4917 ο
1081 4907 1100 4939 ι
1130 4889 1206 4942 Οὐ
1238 4889 1346 4961 γὰρ
1374 4889 1487 4960 (5η
1516 4889 1580 4962 δὴ
1612 4888 1806 4961 ἑτέρας

219 4988 241 5021 ι
283 4970 622 5042 ἐτοιμασίας,
651 4969 762 5027 οἷον
802 4975 956 5047 ὕλης,
998 4977 1032 5049 ἦ
1065 4977 1232 5050 ἄλλης
1256 4980 1400 5045 τινὸς
1430 4980 1802 5052 ἀνθρωπίνης,

217 5080 239 5114 ι
272 5063 302 5117 ὁ
347 5062 478 5128 Θεὸς
510 5065 679 5120 ἐδεῖτο
709 5068 845 5139 πρὸς
884 5074 1226 5145 κατασκευὴν
1247 5113 1261 5136 ,
1292 5072 1430 5127 ἀλλά
1455 5073 1662 5144 ταύτης
1704 5074 1806 5144 τῆς

219 5172 240 5206 ‹
284 5155 343 5210 ὲν
371 5157 438 5227 τῇ
470 5154 662 5210 ἑαυτοῦ
695 5157 904 5232 διανοίᾳ
927 5163 1265 5232 ἑτοιμασίας.
1313 5164 1464 5217 Ἐπεὶ
1488 5159 1581 5217 οῦν
1607 5163 1806 5218 ἀδύνα-

220 5265 242 5297 ‹
279 5260 371 5300 τον
411 5243 479 5319 ἦν
521 5250 691 5321 χωρὶς
717 5249 877 5320 λόγου
914 5255 1008 5306 καὶ
1050 5254 1152 5322 τῆς
1200 5257 1509 5333 προσούσης
1550 5257 1629 5329 τῷ
1661 5257 1806 5328 λόγῳ

295 5389 356 5448 >1:
388 5382 483 5441 Ed.
516 5383 716 5451 Paris"
746 5403 867 5458 pag.
905 5388 1028 5444 125.

288 5477 311 5509 ⁸
343 5475 501 5531 Joau.
535 5494 646 5543 nv,
671 5478 722 5534 6.

314 5615 410 5687 εἰ)
439 5616 610 5687 Vulgo
637 5615 822 5672 αὐτόν.

319 5685 422 5760 55)~
443 5685 618 5760 Πλὴν
655 5687 733 5757 δὴ
771 5690 972 5760 λόγος.
1011 5686 1323 5760 Legendum
1363 5685 1696 5760 forte,71r).ﬁv
1723 5689 1805 5750 δὲ,

221 5759 288 5829 ἑκ
313 5756 448 5829 τοῦ,
478 5757 678 5827 λέγειν,
710 5756 970 5829 ποτὲμὲν
997 5756 1165 5829 ihs—av
1205 5756 1370 5812 αὐτὸν
1401 5758 1494 5811 τὸν
1533 5756 1711 5827 λόγον,
1747 5761 1807 5812 ὲν

220 5828 304 5902 τῷ
329 5827 548 5902 Detinet
581 5839 763 5902 tamen
792 5827 1266 5902 ad'perticiend'am
1298 5829 1624 5902 seutentiam
1679 5833 1809 5887 dee-

223 5897 320 5970 rit,
341 5897 518 5957 simile
539 5900 690 5971 quid,
715 5898 992 5956 ἁλίσκεται
1022 5897 1178 5954 τοῦτο
1210 5898 1406 5968 λέγων.
1451 5897 1524 5955 Μ.

1919 4813 1940 4847 ι
1973 4809 2252 4865 unumque
2297 4809 2420 4850 cum
2470 4794 2690 4848 homine
2744 4794 2970 4849 verbum
3017 4811 3175 4850 suum
3240 4798 3503 4852 exsistit:

1918 4909 1938 4941 ι
1977 4889 2291 4959 neutiquam
2337 4889 2409 4943 ab
2464 4887 2688 4944 homine
2726 4887 3109 4958 separandum,
3153 4888 3256 4943 nisi
3307 4891 3502 4960 agendi

1923 5000 1942 5033 r
1978 4980 2091 5037 sola
2119 4980 2352 5037 actione.
2399 4964 2419 5033 ι
2465 4980 2648 5037 Utitur
2674 4980 2762 5034 hic
2784 4981 2896 5048 jam
2923 4980 3172 5050 exemplo
3205 4980 3354 5034 verbi
3379 4997 3504 5051 pro-

1921 5073 2078 5127 latitii
2113 5090 2127 5127 :
2164 5071 2511 5126 immanentls
2561 5080 2741 5124 autem
2785 5071 2984 5136 denuo,
3023 5070 3116 5125 ubi
3160 5070 3237 5125 ait
3269 5069 3359 5143 [Β.
3393 5070 3502 5126 LIII

1915 5165 2039 5221 coll.
2072 5179 2126 5234 p.
2159 5163 2231 5218 40
2261 5161 2331 5235 Al
2365 5181 2379 5217 :
2415 5182 2433 5215 ι
2471 5161 2653 5234 Neque
2698 5163 2844 5218 enim
2879 5172 3204 5231 apparatum
3236 5163 3343 5219 ulla
3373 5165 3502 5228 alia,

1919 5275 1938 5308 ι
1982 5270 2174 5325 nempe
2222 5255 2483 5320 materiae,
2543 5255 2625 5309 vel
2675 5252 2980 5322 huiusmodi
3036 5255 3310 5326 indigebat
3363 5257 3506 5314 Deus

1989 5619 2102 5691 (54)
2134 5618 2304 5690 Vulgo
2333 5620 2455 5691 μέν.

1987 5685 2103 5763 (ἕξ)
2134 5685 2306 5763 Ῐυιᾷο
2334 5685 2604 5763 παρέχειν
2626 5690 2809 5762 vdua;
2831 5697 3089 5746 caeterum
3119 5687 3191 5744 cf.
3221 5703 3275 5758 ρ.
3298 5685 3504 5744 uss“).

1987 5760 2102 5829 £56)
2133 5760 2309 5829 Vulgo
2335 5760 2519 5827 αὐτὸς,

1987 5830 2104 5903 (57)
2136 5831 2305 5903 Vulgo
2329 5832 2407 5886 δέ.
