4032 6436
592 378 699 437 935

1257 362 1527 426 EUSEB“
1564 357 2040 420 CESARIENSIS
2074 356 2228 414 OPP.
2270 352 2453 412 PARS
2487 351 2578 409 Π.
2619 382 2689 395 --
2725 347 3141 409 DOGMATICA.

592 515 618 550 ς
652 498 897 550 humana:
925 489 1196 545 facultatis
1230 486 1295 540 ad
1324 483 1509 541 mundi
1532 482 1893 539 conditionem
1916 497 1932 532 :
1957 478 2051 534 sed
2071 493 2162 533 so-

2272 495 2288 528 ι
2321 474 2513 544 σοφίας
2540 474 2786 544 ἐννοῆσαι
2814 469 2944 542 περὶ
2970 469 3069 539 τῆς
3096 466 3190 521 τοῦ
3214 462 3445 537 of:ng
3473 459 3846 535 κατασκευῆς.

597 608 618 637 ι
654 588 702 642 la
735 587 818 639 illa
856 597 981 653 qnze
1014 584 1159 636 intus
1185 572 1259 633 illi
1288 586 1407 633 erat
1439 576 1580 647 apud
1594 576 1843 631 animum
1870 578 2163 643 apparatu-

593 696 618 732 ι
654 693 731 732 ra.
760 676 893 731 Cum
934 687 1065 726 vero
1106 687 1211 726 non
1238 678 1421 739 posset
1453 668 1590 731 neri,
1614 677 1674 721 ut
1704 666 1820 721 sine
1846 668 2031 726 verbo,
2073 670 2166 716 aut

596 784 618 819 ι
653 767 822 820 verbo
848 778 967 833 qua:
989 770 1187 830 praesto
1216 773 1433 828 semper
1461 757 1564 811 fuit
1592 755 1880 825 sapientia,
1906 752 2167 823 cogitaret

594 874 618 907 4
654 855 723 910 de
753 854 877 910 coeli
904 860 1163 920 apparatu
1207 851 1368 912 Deus,
1406 847 1630 903 omnino
1670 847 1804 898 bene
1835 843 1970 897 dixit
1994 860 2008 898 :
2032 840 2166 896 Cum

592 961 620 995 ς
650 944 833 997 calum
858 948 1203 1012 prurpararet,
1231 938 1313 990 illi
1343 955 1449 990 una
1474 937 1686 990 aderam
1704 932 1745 988 '.
1779 953 1799 986 ι
1844 933 2168 1003 Progressus

593 1036 769 1092 adhuc
803 1035 1105 1088 immanens
1141 1028 1299 1085 simul
1326 1043 1446 1084 esse
1469 1037 1523 1081 et
1548 1027 1675 1082 illud
1700 1025 1935 1081 Verbum
1963 1026 2163 1089 docuit,

595 1127 669 1180 ita
697 1126 945 1194 inquiens
978 1121 1069 1195 [R.
1102 1120 1187 1176 Lll
1210 1119 1333 1175 coll.
1360 1134 1413 1189 p.
1439 1119 1510 1174 40
1543 1116 1607 1190 D]
1638 1136 1651 1173 :
1686 1136 1713 1169 ‹
1745 1117 1811 1172 Et
1831 1117 1952 1186 quis
1984 1129 2168 1184 quaeso

594 1238 619 1272 ‹
654 1220 771 1274 sive
814 1227 1125 1272 sanctorum
1154 1229 1189 1267 e
1218 1209 1745 1281 choroangelorum,
1788 1222 1881 1263 seu
1930 1207 2166 1260 virorum

599 1328 621 1363 ι
646 1309 913 1377 iustorum
954 1306 1146 1377 dignus
1169 1302 1300 1359 satis
1321 1312 1441 1357 erat
1465 1300 1785 1371 supplicium
1818 1298 1967 1361 illud,
2000 1314 2029 1349 a
2062 1297 2169 1351 Deo

599 1420 619 1454 ι
655 1400 1017 1470 personaliter
1042 1396 1117 1451 illi
1149 1396 1477 1449 destinatum
1513 1398 1779 1451 avertere,
1808 1388 1907 1442 nisi
1930 1386 2167 1440 Verbum

598 1512 621 1544 ι
655 1492 809 1551 illud.
833 1490 974 1561 quod
997 1497 1193 1558 praesto
1213 1487 1290 1540 illi
1315 1492 1451 1547 erat,
1475 1498 1531 1537 et
1554 1496 1642 1537 res
1664 1480 2007 1551 conﬁngebat
2030 1494 2166 1532 una:

602 1603 621 1635 ι
653 1583 741 1639 cui
767 1582 931 1639 Pater
959 1580 1093 1635 dixit
1132 1578 1265 1633 illud
1299 1593 1318 1633 :
1352 1574 1643 1630 Faciamus
1684 1574 1942 1627 hominem
1960 1572 2002 1623 '.
2048 1590 2067 1623 ι
2112 1571 2168 1624 In

595 1674 948 1744 sequentibus
970 1672 1045 1726 ita
1068 1669 1283 1740 liquido
1305 1668 1564 1729 declarat,
1596 1665 1867 1734 quodnam
1898 1663 2170 1718 subintro-

596 1765 825 1820 ducebat
859 1763 1116 1829 Verbum,
1147 1760 1400 1831 inquiens
1432 1774 1448 1809 :
1481 1776 1504 1810 ς
1528 1758 1683 1825 Quod
1716 1756 1760 1811 si
1791 1756 1914 1826 quis
1937 1758 2171 1810 humano

601 1876 622 1911 ι
657 1857 747 1912 illo
771 1856 986 1927 quidem
1034 1865 1089 1911 et
1128 1856 1325 1923 exiguo
1354 1852 1433 1907 uti
1459 1852 1587 1907 velit
1627 1850 1895 1919 exemplo,
1931 1858 1986 1904 et
2038 1856 2161 1902 tau-

602 1966 624 2001 r
658 1964 817 2018 quam
863 1950 931 2003 ad
975 1947 1273 2013 imaginem
1311 1943 1623 2014 quamdam,
1673 1942 1910 1994 divinam
1949 1939 2167 2008 exigere

600 2058 619 2091 ι
652 2040 1021 2107 operationem
1077 2038 1149 2091 ita
1202 2044 1426 2091 statuet.
1465 2031 1617 2100 Quod
1672 2031 1829 2086 sicuti
1861 2038 2163 2083 statuarum

598 2148 619 2183 ι
658 2132 814 2185 ﬁctor
838 2130 1104 2199 quispiam
1149 2125 1439 2187 excellens,
1470 2131 1702 2178 statuam
1744 2121 1929 2176 volens
1965 2118 2167 2174 conlin-

597 2238 619 2272 ι
654 2233 801 2289 gere,
841 2218 1093 2289 inprimis
1130 2224 1188 2282 >14
1224 2217 1367 2271 illius
1391 2215 1613 2277 formas,
1638 2221 1698 2268 et
1725 2224 2011 2282 expressas
2041 2208 2167 2275 ligu-

597 2328 617 2361 ‹
655 2324 746 2363 ras
799 2310 941 2362 intus
995 2308 1241 2372 revolvit,
1289 2307 1427 2374 apud
1476 2304 1715 2357 animum
1771 2301 2162 2356 considerans:

596 2418 617 2453 ι
657 2410 770 2454 tum
815 2401 1029 2468 adaptat
1077 2400 1126 2454 ei
1158 2397 1570 2466 longitudinem,
1606 2404 1808 2463 quanta
1847 2391 2077 2449 suiliciet
2110 2402 2167 2446 et

596 2511 616 2545 ι
652 2490 992 2546 latitudinem
1021 2506 1035 2542 :
1065 2490 1575 2559 proportionemque
1603 2484 1860 2554 cujusque
1880 2484 2072 2552 partis,
2100 2484 2165 2535 ad

598 2600 617 2633 ι
656 2582 820 2636 totius
843 2595 1151 2634 mensuram
1177 2581 1434 2634 decenter
1458 2578 1659 2647 exigit:
1691 2583 1847 2631 curat
1868 2585 1926 2628 ut
1958 2575 2023 2628 ad
2053 2589 2165 2627 ma—

598 2691 618 2725 ι
653 2687 782 2727 num
818 2671 889 2725 sit
922 2677 1244 2739 praeparata,
1300 2683 1421 2737 quae
1468 2666 1699 2723 subiciat
1750 2666 1875 2719 aeris
1916 2665 2162 2718 materia.

598 2778 619 2816 ι
653 2764 831 2832 Atque
866 2761 939 2816 ita
974 2770 1259 2829 postquam
1286 2774 1383 2814 sua
1412 2758 1739 2829 cogitatione
1764 2764 1995 2810 statuam
2024 2770 2165 2825 pra:-

597 2868 617 2903 ι
655 2849 969 2919 ﬁguraverit
1000 2847 1148 2902 illam
1188 2864 1203 2901 :
1238 2848 1498 2901 lustrasse
1531 2862 1652 2901 eam
1700 2860 1758 2900 se
1790 2854 2045 2915 reputans
2082 2844 2166 2898 in-

597 2958 619 2993 ι
653 2944 869 2997 telleetu
901 2956 1001 2995 suo
1047 2950 1302 2995 conscius
1350 2939 1613 2994 rationem
1649 2938 1815 3002 illam,
1859 2952 1955 3007 per
2000 2952 2162 3007 quam

596 3051 617 3085 ι
660 3033 1012 3087 ratiocinatnr
1032 3046 1215 3086 secum
1250 3045 1357 3084 una
1379 3031 1661 3100 cooperari
1704 3045 1806 3086 nec
1830 3044 1889 3085 se
1919 3030 2036 3084 sine
2070 3044 2161 3083 ra-

2271 587 2289 620 ι
2320 568 2412 621 τὸν
2441 564 2575 621 Θεδν
2595 566 2821 627 εἰκότως
2851 561 2976 632 ἔφη,
3017 579 3037 611 ι
3079 558 3292 614 Ἠνίκα
3321 553 3598 626 ἠτοὶμαζε
3617 553 3851 611 εὐνοῦ-

2257 659 2469 725 ρανὸγ,
2510 656 2921 725 συμπαρήμην
2963 649 3140 716 αὐτῷ.
3174 644 3288 703 Εἶθ’
3319 645 3446 718 ἑξῆς
3470 642 3682 717 προῖὼν
3706 640 3848 716 ὁμοῦ

2264 753 2358 805 καὶ
2384 748 2688 803 ἐνδιάθετον
2712 747 2803 800 τὸν
2826 744 2923 799 τοῦ
2957 742 3093 796 Θεοῦ
3126 742 3296 810 Λόγον
3328 740 3588 812 παρίστη,
3616 737 3849 809 γράφων

2264 844 2443 899 οὕτω·
2506 862 2525 895 ι
2560 839 2657 906 Τίς
2701 840 2811 912 γάρ
2859 836 3033 900 οὕτως
3070 835 3105 907 ἢ
3136 834 3244 887 τῶν
3290 834 3461 903 άγίων
3506 829 3785 900 ἀγγέλων..
3810 828 3847 901 ἢ

2272 955 2291 988 ι
2327 931 2537 1007 ἀνδρῶν
2575 932 2802 987 δικαίων
2840 927 3152 995 ἀξιόπιστος
3195 921 3266 997 ἦν
3308 924 3409 996 τὴν
3457 925 3524 978 ὲκ
3554 919 3848 993 «postiam

2272 1044 2291 1078 ι
2332 1021 2428 1078 τοῦ
2461 1022 2597 1077 Θεοῦ
2637 1021 2946 1092 ὁρισθεῖσαν
2975 1014 3126 1088 αὒτῷ
3168 1014 3439 1086 τιμωρίαν
3476 1011 3658 1074 λῦσαι,
3684 1012 3736 1064 εί
3773 1008 3850 1081 μὴ

2272 1133 2292 1166 ι
2320 1114 2483 1177 αὐτὸς
2520 1113 2550 1167 6
2590 1111 2782 1181 Λόγος,
2810 1112 2840 1164 6
2886 1104 3190 1180 συμπαρών
3227 1122 3285 1159 τε
3330 1104 3424 1158 καὶ
3463 1102 3849 1175 συμπλάττων,

2274 1225 2293 1258 ι
2327 1205 2462 1278 πρὸς
2493 1204 2552 1257 δν
2580 1206 2608 1256 6
2635 1202 2826 1273 Πατὴρ
2846 1243 2861 1263 ,
2900 1198 3247 1267 Ποιήσωμεν
3272 1195 3618 1264 ἄνθρωπον,
3648 1194 3793 1263 tm;
3828 1212 3847 1246 ι

2268 1298 2488 1361 Τούτοις
2518 1296 2646 1363 ἑξῆς
2670 1295 2924 1363 διασαφεῖ
2948 1293 2978 1345 6
3000 1293 3150 1348 ποῖον
3172 1289 3380 1357 εἰσάγει
3404 1287 3562 1354 λόγον
3585 1287 3815 1355 φάσκων
3832 1302 3846 1315 ·

2273 1409 2292 1439 ι
2326 1386 2441 1441 ἀλλ’
2475 1386 2529 1439 εί
2554 1402 2640 1449 τις
2672 1383 2854 1455 μικρῷ
2898 1400 3003 1436 τινι
3045 1381 3141 1435 καὶ
3172 1377 3494 1451 ἀνθρωπίνῳ
3537 1376 3662 1429 καθ’
3701 1376 3851 1446 ἡμᾶς

2275 1499 2295 1532 ι
2336 1477 2735 1549 παραδείγματι
2760 1473 3073 1547 χρώμενος,
3106 1472 3183 1536 ὡς
3211 1470 3299 1525 διὰ
3328 1469 3535 1532 εἰκόνος
3559 1468 3663 1539 τὴν
3700 1466 3853 1522 θείαν

2276 1588 2295 1620 ι
2327 1568 2569 1635 ἐξετάζοι
2615 1566 2844 1643 πρᾶξιν,
2877 1564 3067 1635 ὥσπερ
3093 1564 3161 1618 ἂν
3192 1560 3247 1616 et
3283 1578 3367 1625 τις
3405 1558 3852 1633 ἀνδριαντοποιὸς

2275 1678 2294 1711 ι
2335 1660 2652 1731 ἐπιστήμων
2702 1657 2871 1727 ἀνὴρ,
2919 1654 3208 1727 ἀνδριάντα
3260 1652 3461 1706 πλάσαι
3506 1650 3850 1723 βουλόμενος,

2275 1767 2295 1801 ι
2332 1748 2546 1821 πρῶτον
2578 1748 2675 1819 μὲν
2698 1746 2820 1809 τοὺς
2842 1745 3054 1808 τύπους
3084 1741 3252 1796 αὑτοῦ
3278 1742 3373 1796 καὶ
3406 1742 3769 1813 χαρακτῆρας
3795 1742 3854 1795 ἂν

2277 1860 2297 1894 ι
2327 1840 2507 1912 ἑαυτῷ
2541 1842 2732 1893 σκοπεῖ
2753 1855 2767 1869 ⁶
2809 1838 2998 1892 ἔπειτα
3038 1836 3238 1900 πλάτος
3272 1851 3336 1888 τε
3363 1836 3457 1889 καὶ
3487 1833 3695 1907 μῆκος,
3729 1834 3855 1887 ὅσον

2278 1951 2297 1985 ι
2336 1932 2625 2003 εὐπρεπὲς,
2659 1932 2829 1983 ὲννοεῖ
2853 1945 2867 1958 ·
2897 1926 3186 1996 ἀναλογίαν
3228 1943 3288 1980 τε
3327 1923 3421 1979 τοῦ
3450 1925 3655 1989 παντὸς
3687 1927 3748 1979 tv
3774 1922 3853 1996 τῷ

2277 2040 2297 2075 ι
2331 2022 2451 2077 καθ’
2483 2022 2713 2075 ἕκαστον
2739 2018 2981 2085 ἐξετάζει
3011 2017 3198 2090 μέρει,
3227 2014 3429 2089 χαλκοῦ
3459 2032 3520 2071 τε
3548 2016 3651 2089 τὴν
3679 2016 3852 2089 πρόσ-

2276 2133 2295 2166 ι
2328 2131 2491 2185 φορον
2516 2111 2810 2183 ἑτοιμάσας
2837 2109 2990 2182 ὕλην,
3016 2110 3111 2162 καὶ
3145 2110 3239 2161 τὸν
3261 2105 3520 2179 ἐσόμενον
3558 2106 3851 2179 ἀνδριάντα

2277 2223 2295 2256 ι
2325 2209 2392 2277 τῇ
2427 2202 2619 2258 ἑαυτοῦ
2658 2199 3020 2275 προτυταῦσας
3056 2200 3297 2271 διανοίᾳ,
3331 2199 3427 2253 καὶ
3467 2196 3677 2268 νσητῶς
3720 2196 3853 2270 δρᾷν

2275 2316 2298 2351 ι
2333 2297 2581 2367 νομίσας,
2616 2292 2869 2357 συνειδὼς
2895 2309 2956 2346 τε
2988 2292 3165 2363 ἑαυτῷ
3190 2291 3473 2362 συνεργεῖν
3496 2289 3591 2343 τὸν
3617 2289 3780 2358 λόγον
3806 2279 3853 2356 ᾧ

2274 2407 2296 2438 ι
2332 2387 2637 2456 λογίζεται,
2685 2386 2779 2440 καὶ
2821 2378 2866 2452 ᾧ
2912 2385 3089 2439 πάντα
3143 2384 3403 2454 π’ράττειν
3447 2380 3639 2434 εἴωθεν
3680 2379 3852 2451 (οὒδὶν

2276 2496 2294 2528 ι
2332 2476 2441 2548 γὰρ
2490 2475 2601 2546 (58)
2634 2474 2730 2546 ’μὴ
2778 2474 2922 2546 λόγῳ
2969 2472 3252 2544 γινόμενον
3298 2471 3507 2541 καλὸν),
3550 2471 3851 2545 ἀρχόμενος

2276 2587 2296 2621 ι
2324 2570 2423 2639 τῆς
2472 2568 2735 2639 αἰσθητῆς
2783 2567 2986 2637 ταύτης
3033 2565 3317 2637 ἐργασίας,
3359 2564 3498 2637 πρὸς
3539 2563 3852 2631 amoma}:

2276 2680 2296 2714 ι
2331 2660 2469 2732 πρὸς
2501 2662 2706 2731 ἕτερον,
2742 2659 3171 2731 παρακελεύεται
3215 2658 3408 2727 λέγων,
3440 2658 3575 2727 Ἄγε
3616 2659 3852 2729 ποιήσω-

2275 2773 2295 2807 ι
2340 2771 2459 2826 μεν,
2495 2754 2594 2823 άγε
2624 2752 2916 2822 πλάσωμεν
2952 2751 3242 2822 ἀνδριάντα
3266 2766 3280 2780 ·
3317 2748 3490 2814 οὕτως
3516 2751 3546 2803 6
3574 2749 3687 2803 τιῖιν
3718 2750 3851 2804 ὅλων

2271 2866 2296 2899 ‹
2327 2844 2815 2913 δεσπότηςοΘεὸς,
2867 2844 2959 2897 τὸν
3004 2842 3243 2913 ἔμψυχον
3292 2842 3359 2896 ὲκ
3407 2844 3512 2913 γῆς
3560 2842 3850 2913 ἀνδριάντα

2273 2956 2295 2990 ι
2336 2938 2525 3001 ποιῶν,
2546 2938 2647 2991 οὐκ
2672 2935 2817 3007 άλλῳ
2844 2937 2950 2989 τινὶ
2969 2934 3105 2988 ἀλλὰ
3131 2934 3208 3005 τῷ
3230 2933 3423 2987 ἑαυτοῦ
3452 2934 3851 3003 παρεκελεύετο

2274 3048 2295 3080 ι
2333 3029 2513 3099 Λόγῳ,
2542 3027 2895 3095 Ποιήσωμεν
2908 3023 3241 3092 ἄνθρωπον,
3268 3024 3460 3090 λέγων.
3487 3042 3505 3074 ι
3527 3015 3629 3075 Διὰ
3650 3021 3851 3074 τούτων

596 3143 617 3176 ι
652 3124 796 3178 tione
841 3123 1133 3193 quidquam
1175 3131 1495 3177 construere
1537 3139 1552 3175 :
1596 3121 1756 3191 (nihil
1809 3123 1954 3177 enim
2003 3121 2165 3191 plane

2272 3121 2514 3189 ἐναργῶς
2526 3120 2623 3175 καὶ
2649 3118 2947 3173 ἐνδιάθετον
2973 3118 3163 3186 Λόγον,
3179 3110 3225 3183 ᾧ
3243 3114 3607 3182 διαλογίζεται
3631 3131 3737 3177 τις,
3760 3114 3851 3168 καὶ

598 3230 619 3265 ι
654 3215 797 3284 quod
818 3225 966 3268 caret
988 3214 1195 3268 ratione
1216 3213 1431 3283 placere
1450 3220 1649 3282 potsst,
1673 3222 1732 3267 ut
1750 3211 2055 3283 pulchrum)
2073 3213 2162 3266 ubi

2272 3211 2624 3281 προφορικὸν,
2650 3204 2694 3277 ᾧ
2721 3208 3025 3277 διαλέγεται
3048 3249 3063 3273 ,
3094 3206 3343 3280 προσῆψε
3373 3206 3454 3276 τῷ
3485 3206 3606 3278 Θεῷ
3628 3246 3645 3270 ,
3679 3206 3853 3260 τοιοῦ-

601 3323 621 3356 ι
656 3319 942 3374 aggressus
975 3303 1135 3358 fuerit
1169 3305 1271 3358 hoc
1297 3303 1550 3359 sensibile
1572 3318 1729 3357 suum
1755 3316 1912 3371 opus.
1970 3312 2165 3356 semet-

2272 3303 2362 3356 τόν
2392 3318 2514 3355 τινα
2537 3341 2553 3365 ,
2578 3297 2689 3356 οἷον
2713 3300 2805 3356 τδν
2831 3301 2953 3355 καθ’
2983 3302 3164 3373 ἡμᾶς,
3197 3302 3293 3356 καὶ
3316 3302 3406 3355 τὸν
3439 3301 3498 3355 ἐν
3525 3300 3604 3373 τῷ
3634 3301 3755 3373 Θεῷ
3778 3297 3853 3356 sl-

601 3412 620 3443 ι
658 3392 831 3462 ipsum
859 3393 1074 3459 alIatur,
1113 3394 1275 3449 veluti
1299 3392 1485 3459 alium,
1516 3393 1873 3457 adhortando,
1917 3406 2049 3462 age,
2084 3392 2165 3444 in-

2274 3411 2360 3446 ναι
2389 3393 2558 3461 Λόγον
2584 3392 2933 3465 ὑποθέμενος.

599 3504 622 3539 ι
661 3491 875 3558 quiens,
908 3489 1173 3545 faciamus
1210 3507 1225 3543 :
1264 3504 1382 3560 age,
1419 3490 1685 3559 ﬁngamus
1732 3498 1989 3543 statuam.
2047 3489 2127 3543 Ad
2192 3490 2352 3543 istum
2399 3490 2614 3545 modum
2662 3492 3037 3545 universorum
3109 3488 3374 3560 Dominus
3443 3490 3606 3553 Deus,
3662 3506 3695 3546 e
3724 3490 3853 3546 limo

601 3600 622 3634 ι
660 3582 951 3636 animatam
990 3553 1325 3636 conﬂcturus
1362 3553 1631 3642 statuam;
1670 3594 1775 3633 non
1834 3580 1998 3633 alium
2040 3580 2306 3647 quemvis,
2352 3584 2449 3653 sed
2497 3597 2656 3637 suum
2726 3582 2894 3652 ipsius
2954 3580 3150 3635 affatur
3213 3553 3389 3651 λόγον,
3437 3584 3718 3651 inquiens,
3743 3584 3855 3640 Fac

601 3691 623 3725 ι
656 3676 854 3728 ciamus
884 3675 1163 3727 hominem.
1204 3691 1224 3725 ι
1261 3670 1319 3728 1η
1355 3673 1492 3737 istis,
1540 3672 1615 3727 ita
1647 3672 1799 3726 clare
1824 3669 2032 3742 aﬂingit
2058 3673 2187 3737 Deo,
2228 3688 2352 3727 cum
2386 3672 2623 3730 Verbum
2694 3676 3021 3742 immanens,
3056 3689 3167 3743 quo
3202 3691 3324 3731 cum
3354 3676 3491 3731 solet
3524 3678 3651 3748 quis
3682 3680 3851 3736 ωηο-

597 3765 712 3837 qui,
735 3773 847 3818 tum
877 3763 1111 3818 Verbum
1141 3779 1420 3830 emanans,
1451 3780 1549 3835 per
1578 3763 1721 3835 quod
1753 3764 1895 3821 solet
1914 3764 2173 3835 colloqui,
2215 3764 2539 3837 imaginatus
2588 3765 2822 3822 Verbum
2869 3767 2962 3822 Dei
3015 3764 3255 3833 divinum
3285 3808 3302 3834 ,
3352 3768 3620 3837 eiusmodi
3689 3773 3852 3843 quale

598 3856 818 3912 verbum
845 3866 1087 3910 nostrum
1120 3864 1229 3911 est.

1220 3948 1370 4005 CAP.
1414 3950 1555 4008 ΧΠ.

776 4060 1059 4131 Refutatur
1085 4076 1323 4129 perversa
1346 4063 1506 4131 hujus
1538 4064 1763 4120 hominis
1798 4066 1992 4136 opinio.

670 4173 784 4229 Non
841 4183 924 4228 est
962 4188 1099 4243 opus
1148 4182 1205 4227 ut
1241 4174 1467 4231 ulterius
1503 4185 1812 4247 satagamus
1862 4178 2169 4247 ostendere,

594 4266 739 4336 quod
784 4281 879 4334 per
928 4266 1026 4318 ista
1064 4276 1286 4335 negatur
1310 4266 1419 4321 Dei
1459 4266 1670 4324 Filius:
1706 4272 2076 4326 tantummodo
2098 4274 2168 4325 ad

2898 3952 3055 4007 xm.
3096 3951 3216 4022 ις’.

2492 4067 2787 4136 Ἔλεγχος
2815 4064 2888 4136 τῆ
2894 4085 2929 4132 ς
2962 4066 3218 4136 τάνδρός
3253 4068 3617 4137 κακοδοξίας

2342 4176 2523 4232 Ταῦτα
2551 4180 2647 4251 μὲν
2695 4172 2789 4232 οὖν
2829 4179 3009 4234 πάντα
3042 4178 3118 4243 ὠς
3162 4180 3431 4253 άρνητικὰ
3464 4184 3726 4252 τυγχάνει
3758 4184 3849 4241 τοῦ

2274 4270 2403 4325 Υἱοῦ
2422 4270 2523 4330 ,τοῦ
2550 4270 2683 4323 Θεοῦ
2707 4271 2861 4324 οὐδὲν
2887 4270 3490 4343 προσεπεξεργάζεσθαι
3517 4274 3599 4327 δεῖ
3619 4292 3633 4305 ⁸
3665 4277 3850 4333 τοσοῦ-

600 4360 922 4426 interrogata
960 4358 1304 4425 respondeat.
1359 4356 1415 4412 Si
1446 4374 1584 4413 unus
1618 4371 1736 4413 erat
1769 4362 1926 4423 Deus,
1965 4378 2062 4418 nec
2101 4366 2165 4417 ab

2272 4381 2359 4417 τον
2406 4364 2463 4416 δὲ
2516 4358 2668 4434 οἶμαι
2706 4360 3003 4433 προσήκειν
3034 4365 3402 4437 ἐπερωτῆσαι.
3439 4368 3501 4421 El
3534 4367 3651 4439 (59)
3681 4368 3748 4441 δὴ
3772 4366 3851 4434 εἷς

594 4460 662 4500 eo
688 4448 974 4515 quidquam
1006 4462 1021 4499 :
1061 4461 1165 4501 non
1197 4448 1371 4513 Pater,
1403 4464 1509 4504 non
1542 4448 1748 4503 Filius:
1778 4467 2034 4520 quorsum
2064 4455 2166 4507 ista

599 4538 837 4601 nomina,
882 4537 1211 4591 mentiuntur
1244 4553 1412 4594 sacra:
1436 4540 1684 4596 Litterae?
1713 4542 1841 4611 quid
1872 4545 2169 4599 dissimulat

597 4626 902 4689 Marcellus,
939 4628 1062 4693 dum
1092 4628 1183 4697 qui
1210 4642 1313 4681 non
1338 4641 1420 4684 est
1444 4628 1632 4695 Filius,
1656 4634 1749 4687 sed
1788 4630 2041 4698 Verbum,
2074 4649 2168 4703 ap-

596 4718 761 4783 pellat
802 4729 976 4772 tamen
1016 4718 1227 4774 Filium.
1277 4719 1520 4791 Cumque
1566 4724 1868 4794 exemplum
1918 4726 2169 4781 adhibeat

596 4810 747 4865 verbi
776 4812 1013 4878 humani,
1046 4813 1327 4867 dicendum
1358 4826 1462 4878 est,
1502 4816 1641 4883 quod
1672 4832 1773 4871 non
1803 4818 1977 4872 omnis
2004 4818 2166 4873 homo

599 4901 725 4958 licet
776 4904 986 4955 ratione
1042 4906 1318 4972 prmditus,
1368 4916 1424 4960 et
1454 4908 1791 4976 congenitum
1835 4908 1885 4961 iu
1920 4922 1977 4963 se
2008 4909 2165 4978 logon

598 4992 899 5062 possidens,
937 4992 1099 5046 lilium
1142 4994 1326 5057 habet,
1360 5003 1419 5048 ut
1448 4998 1748 5050 necessario
1785 4998 1925 5053 lilius
1955 5000 2026 5052 sit
2080 5000 2166 5051 di-

599 5099 813 5140 versum
836 5086 963 5152 quid
993 5099 1021 5137 a
1050 5084 1187 5155 logo.
1226 5086 1281 5141 Si
1320 5100 1448 5156 ergo
1471 5090 1684 5152 dixerit,
1717 5090 1876 5143 Deum
1909 5092 1960 5144 in
1999 5104 2057 5145 se
2088 5091 2165 5143 lo-

598 5193 701 5247 gon
726 5177 996 5239 habuisse,
1027 5191 1123 5230 nec
1153 5188 1409 5244 praterea
1438 5180 1748 5248 quidquam,
1770 5195 1890 5235 cum
1919 5197 2024 5251 quo
2052 5185 2164 5237 col-

674 5299 735 5357 »Ξι
763 5292 860 5347 Ed.
893 5292 1090 5356 Paris,
1115 5308 1233 5364 pag.
1266 5294 1382 5349 126.

678 5388 699 5417 ⁸
732 5387 889 5440 Prov.
920 5404 1037 5455 vm,
1067 5389 1154 5443 27.
1232 5392 1249 5419 ⁷
1275 5388 1409 5444 Gen.
1438 5403 1477 5453 l,

691 5502 779 5576 58)
812 5501 979 5576 Vulgo
1006 5504 1067 5557 τὸ
1093 5513 1187 5576 μη.

695 5574 787 5642 59)
812 5574 981 5645 Vulgo
1014 5574 1103 5629 es;

693 5644 783 5717 6t!)
843 5643 935 5709 TJI
970 5646 1039 5698 ἐν
1074 5646 1421 5714 ἀνθρώποις.
1456 5647 1609 5717 Vulg.
1659 5647 1905 5717 οὐρανοῖς
1938 5664 1956 5701 :
2012 5660 2167 5717 error

604 5726 671 5767 ex
692 5715 1111 5780 abbrevtatzoue,
1142 5720 1308 5781 άνοις,
1340 5721 1440 5773 hoc
1467 5715 1916 5785 εειζάνθρώποις.
1956 5717 2023 5770 Μ.
2055 5715 2168 5788 [Sic

2273 4454 2404 4517 Θεὸς
2443 4449 2544 4525 ἦν,
2572 4453 2666 4507 καὶ
2692 4454 2844 4507 οὐδὲν
2868 4456 3053 4527 ἕτερον
3071 4496 3087 4521 ,
3113 4457 3176 4510 οὐ
3208 4457 3399 4530 Πατὴρ
3417 4498 3432 4521 ,
3461 4459 3559 4530 οὐχ
3597 4460 3731 4525 Υἱὸς
3753 4502 3770 4527 ,
3799 4462 3852 4518 τί

2274 4547 2627 4616 κατεψεύδετο
2654 4546 2761 4599 τῶν
2795 4546 3048 4601 τοιούτων
3071 4548 3351 4618 ὀνομάτων
3380 4551 3413 4620 ἠ
3446 4550 3675 4623 Γραφής
3718 4554 3772 4607 τί
3794 4553 3850 4607 δι

2271 4641 2365 4693 καὶ
2410 4638 2573 4703 αὐτὸς
2618 4639 2935 4709 Μάρκελλος
2983 4640 3333 4712 ὑποκρίνεται
3357 4680 3374 4705 ,
3421 4643 3512 4697 τὸν
3572 4644 3649 4717 μὴ
3697 4645 3848 4710 Υίόν,

2272 4729 2405 4784 ἀλλὰ
2435 4731 2626 4800 Λόγον,
2677 4732 2805 4784 Υίὸν
2849 4730 3169 4797 ἁποκαλῶν;
3201 4734 3312 4787 Καὶ
3359 4734 3547 4807 ἐπειδὴ
3582 4737 3850 4810 κέχρηται

2273 4825 2671 4895 παραδείγματι
2700 4824 2808 4895 (60)
2835 4826 2914 4896 τῷ
2958 4826 3016 4879 ὲν
3049 4824 3357 4898 ἀνθρώποις
3382 4830 3526 4900 λόγῳ
3544 4870 3561 4893 ,
3604 4830 3848 4893 λεκτέον.

2272 4914 2347 4977 ὡς
2374 4916 2435 4968 οὐ
2465 4916 2573 4978 πᾶς
2601 4914 2884 4985 ἄνθρωπος
2921 4916 3036 4969 υἱὸν
3078 4916 3212 4988 ἔχει,
3240 4918 3458 4985 λογικὸς
3500 4916 3608 4980 ὢν.
3643 4924 3741 4976 καὶ
3762 4924 3850 4977 τὸν

2275 5005 2491 5075 συμφυῆ
2539 5004 2695 5071 λόγον
2724 5005 2782 5055 ὲν
2823 5004 2969 5075 αὐτῷ
3010 5009 3366 5079 κεκτημένος.
3412 5008 3621 5063 Οὐκοῦν
3664 5012 3852 5085 ἕτερόν

2271 5095 2321 5149 τί
2354 5099 2499 5151 ἐστιν
2532 5098 2658 5160 Υἱὸς
2686 5098 2837 5167 παρὰ
2866 5098 2958 5152 τὸν
2999 5098 3175 5167 λόγον.
3204 5100 3308 5153 Τὸν
3335 5095 3429 5155 οὗν
3455 5102 3587 5155 Θεὸν
3618 5107 3669 5158 εἰ
3694 5104 3851 5174 λόγον

2275 5186 2416 5257 ἔχειν
2449 5192 2505 5242 ὲν
2548 5191 2722 5260 ἐαυτῷ
2765 5191 2960 5259 φάσκοι
2989 5192 3084 5245 καὶ
3115 5192 3226 5263 (61)
3256 5193 3406 5245 οὐδὲν
3432 5195 3620 5265 ἕτερον
3643 5238 3658 5259 ,
3688 5190 3733 5266 ᾧ
3757 5199 3849 5252 καὶ

2274 5512 2391 5585 aedi
2410 5584 2420 5585 ί
2436 5584 2439 5585 ν
2454 5526 2603 5585 corr1
2624 5581 2634 5585 μ
2656 5509 2915 5585 secutus].

2342 5584 2453 5666 (ξι)
2490 5580 2681 5666 015661:
2699 5580 2921 5666 ἓτερρτλ.
2957 5582 3114 5641 Deest
3148 5585 3283 5643 forte
3307 5588 3339 5659 ἦ
3364 5586 3540 5657 λόγον,
3634 5589 3747 5645 καί.
3773 5588 3839 5649 Π.

2276 5680 2338 5694 -—
2371 5654 2542 5723 Supra
2586 5655 2739 5725 vulgo
2775 5654 2992 5724 φάσκει.
