4032 6480
187 403 297 461 957
1153 397 1242 453 DE
1271 392 1808 453 ECCLESIASTICA
1832 386 2237 445 THEOLOGIA
2275 386 2405 444 LIB.
2447 386 2514 443 li.
3355 382 3464 441 958

185 517 465 580 διενοεῖτο,
507 508 553 585 ᾧ
591 514 688 570 καὶ
714 511 850 587 πρὸς
880 510 1073 567 ἑαυτὸν
1095 511 1383 579 διελέγετο,
1415 508 1769 577 Ποιήσωμεν

1872 502 2209 574 loquebatur,
2244 500 2829 571 Faciamushamium,
2859 498 3132 573 inquiens,
3178 501 3311 571 quid
3334 514 3464 558 eum

183 607 522 677 ἄνθρωπον,
566 606 741 674 λέγων
779 620 793 634 ⁸
818 603 873 657 τί
911 604 1005 656 καὶ
1035 601 1213 673 μάτην
1244 599 1359 653 υίὸν
1385 598 1675 670 όνομάζοις
1705 596 1774 651 Τί

1874 606 1928 650 et
1956 594 2158 649 frustra
2193 594 2430 663 quidem,
2462 592 2693 663 appellat
2718 593 2961 648 Filium?
2989 591 3128 660 Quid
3163 591 3465 649 Ecclesiam

185 697 247 751 δὲ
279 698 377 768 τὴν
414 695 740 767 Ἐκκλησίαν
762 691 1147 765 ὑποκρίνεται;
1183 690 1248 744 Τί
1284 689 1364 753 δὲ,
1398 690 1472 762 μὴ
1502 687 1774 743 πιστεύων

1874 686 2111 755 decipit?
2139 685 2269 756 quid
2297 700 2420 741 cum
2452 701 2557 740 non
2582 686 2793 753 credat,
2827 685 2979 757 tingit
3039 695 3219 741 tamen
3250 700 3311 742 se
3344 700 3466 743 cre—

186 792 269 853 ιις
300 791 391 843 τὸν
420 788 547 842 Υιὸν
578 786 674 841 τοῦ
705 785 840 839 Θεοῦ
885 786 1263 857 προσποιεῖται
1290 782 1602 846 πιστεύειν,
1642 796 1776 851 σχη-

1876 778 2003 832 dere
2034 776 2088 831 in
2122 776 2321 832 Filium
2352 777 2483 833 Dei?
2520 787 2707 847 utpote
2732 778 2822 848 qui
2852 778 3021 833 videri
3046 777 3166 834 vult
3202 792 3299 848 per
3330 778 3467 834 Ver-

188 877 553 952 ματιςόμενος
596 873 687 929 διὰ
731 873 828 929 τοῦ
878 874 974 927 τὸν
1018 872 1191 940 Λόγον
1238 871 1331 925 τὸν
1395 872 1454 924 ὲν
1525 870 1605 942 τῷ
1656 867 1776 939 Θεῷ

1875 868 2000 921 bum
2051 866 2245 923 Filium
2290 867 2385 923 Dei
2434 869 2765 925 nominasse.
2800 868 2935 924 Cum
2961 868 3131 939 ipsius
3157 869 3466 939 exemplum

185 969 321 1024 Υἱὸν
356 966 691 1033 ἀτωκαλεῖν;
722 964 916 1037 Σαφῶς
961 964 1057 1019 τοῦ
1087 963 1527 1036 παραδείγματος
1574 958 1773 1032 μακρῷ

1876 960 2160 1030 perspicue
2191 961 2402 1026 doceat,
2428 961 2740 1030 longissime
2792 962 2994 1017 distare
3031 962 3251 1016 insitum
3282 962 3466 1017 animo

183 1060 463 1115 διεστάναι
500 1057 845 1121 διδάσκοντος
892 1056 984 1110 τὸν
1032 1056 1271 1127 ἔμφυτον
1317 1056 1376 1107 ὲν
1416 1052 1561 1125 ψυχῇ
1614 1052 1773 1120 λόγον

1878 1050 2033 1120 logon
2068 1056 2127 1113 »Β
2165 1050 2234 1104 ab
2278 1050 2368 1106 illo
2414 1054 2559 1122 quod
2606 1051 2673 1108 de
2712 1051 2894 1123 aliquo
2928 1063 3357 1122 progeneratur,
3412 1064 3468 1109 et

184 1150 343 1223 παρά
368 1151 459 1205 τὸν
490 1148 556 1204 εκ
581 1166 727 1213 τινος
759 1147 1107 1220 γεννηθέντα,
1142 1147 1236 1201 καὶ
1273 1145 1395 1200 καθ’
1448 1144 1639 1199 ἑαυτὸν
1672 1146 1775 1213 ὑφ-

1876 1157 1973 1211 per
2003 1156 2062 1196 se
2084 1141 2331 1197 subsistit
2362 1153 2417 1197 et
2446 1143 2600 1207 vivit,
2643 1152 2699 1198 et
2737 1152 3015 1213 operatur,
3060 1153 3116 1199 et
3155 1142 3327 1198 Filius
3356 1152 3463 1199 est.

184 1241 403 1296 εστῶτα
427 1281 443 1307 ,
495 1239 590 1294 καὶ
648 1238 827 1304 ζῶντα
846 1276 862 1303 ,
924 1238 1017 1291 καὶ
1072 1235 1400 1308 ἐνεργοῦντα
1448 1234 1597 1289 Υίόν.
1634 1233 1773 1288 Ἀλλ’

1879 1232 1983 1289 Sed
2014 1234 2261 1289 fortassis
2292 1234 2538 1304 inquiet:
2567 1234 2685 1290 Non
2728 1250 2831 1305 ego
2879 1234 3027 1290 illum
3078 1235 3288 1305 appello
3328 1234 3467 1291 Ver-

182 1335 289 1388 ούκ
344 1331 458 1403 ἐγὼ
481 1373 497 1398 ,
546 1330 718 1403 φησι,
776 1329 853 1393 ὡς
898 1328 1086 1396 εἰκὸς,
1127 1326 1242 1383 ἀλλ’
1278 1328 1308 1378 6
1347 1326 1489 1391 θεῖος
1539 1327 1774 1395 εὐαγγε-

1879 1325 2028 1389 bum,
2080 1325 2174 1379 sed
2239 1324 2453 1381 divinus
2501 1325 2829 1396 evangelista
2896 1343 2913 1381 :
2966 1335 3023 1381 et
3079 1341 3177 1382 nos
3224 1326 3355 1381 illud
3385 1326 3468 1395 ip-

184 1423 381 1497 λιστὴς
430 1423 603 1492 Λόγον
660 1420 821 1478 αὑτὸν
870 1420 1185 1492 προσεῖπεν.
1241 1417 1558 1473 Ἀκόλουθον
1594 1418 1776 1471 τοίνυν

1878 1433 1997 1473 sum
2046 1433 2143 1488 par
2184 1427 2270 1475 est
2302 1418 2574 1475 conﬁteri.
2631 1420 2726 1476 Est
2766 1421 2927 1492 plane
2973 1420 3137 1477 etiam
3184 1435 3308 1477 meo
3346 1421 3467 1476 ani-

186 1518 273 1589 εῐη
307 1516 374 1571 ἂν
409 1516 503 1570 καὶ
526 1515 674 1585 ἡμᾶς
698 1513 872 1585 τούτῳ
892 1510 1271 1583 συνομολογεῖν
1298 1509 1438 1580 (58).
1465 1510 1595 1575 Ναὶ,
1625 1510 1770 1580 φημὶ
1879 1524 1989 1566 mo.

187 1607 286 1661 καὶ
318 1605 503 1669 αὑτός.

837 1691 994 1746 ΚΕΦ.
1034 1691 1132 1746 ῙΖ⁹.

2478 1689 2635 1745 CAP.
2671 1687 2830 1744 XVII.

268 1788 579 1859 Ἐρμηνεια
605 1785 714 1855 τῆς
740 1781 1009 1852 ἀληθοῦς
1034 1780 1305 1847 διανοίας
1344 1780 1453 1835 τοῦ
1484 1780 1699 1850 Λόγου.
1807 1854 1840 1859 _

1632 1797 1699 1835 νυ.
1807 1854 1840 1859 _
2120 1776 2269 1836 Verte
2304 1784 2582 1837 sententiis
2618 1783 2683 1837 de
2724 1780 2890 1838 Verbo
2917 1780 3224 1851 explicatio.

257 1854 409 1949 me};
435 1854 553 1931 *οὐδ’
582 1854 785 1946 ἑτέρως
836 1872 1135 1945 προσήκειν
1164 1865 1319 1941 οἴμαι
1364 1866 1646 1934 ἐξακούειν
1677 1867 1778 1940 τῆς
1807 1854 1849 1911 Β

1951 1870 2060 1928 Sed
2092 1887 2199 1929 non
2230 1874 2393 1930 aliter
2411 1874 2635 1930 omnino
2657 1890 2762 1931 vox
2792 1874 2884 1931 illa
2935 1874 3351 1944 interpretanda
3384 1884 3470 1933 est

183 1968 443 2042 φωνῆςῆ
488 1966 638 2038 αὐτῷ
680 1966 843 2021 πάλιν
894 1961 1368 2037 μαθητευομένους
1417 1959 1499 2032 τῷ
1543 1960 1775 2028 εὐαγγε-

1880 1977 2042 2034 quam
2071 1965 2339 2034 quomodo
2364 1978 2465 2019 nos
2503 1964 2693 2019 docuit
2734 1964 2849 2035 ipse
2892 1965 3261 2037 evangelista:
3295 1972 3472 2038 quod-

182 2063 348 2134 λιστῇ
417 2060 722 2114 διδάσκοντι
771 2059 953 2113 ὁποῖον
1010 2053 1293 2126 διωρίζετο
1340 2051 1533 2120 Λόγον.
1586 2049 1774 2119 Σαφῶς

1880 2070 2007 2110 nam
2038 2054 2155 2125 ipse
2190 2054 2425 2111 Verbum
2456 2055 2746 2126 intelligat.
2788 2055 2843 2110 ld
2872 2070 3001 2112 vero
3043 2056 3285 2113 insinuat
3331 2060 3470 2117 satis

184 2156 245 2211 δὲ
291 2155 480 2209 τοῦτον
526 2152 766 2225 παρίστη
811 2144 922 2214 οἷός
972 2166 1060 2213 τις
1099 2142 1190 2219 ἦν,
1239 2144 1623 2200 ἐπισυνάπτων
1651 2142 1776 2214 ἑξῆς

1880 2148 2027 2202 clare
2057 2146 2111 2202 in
2138 2146 2209 2203 iis
2237 2162 2358 2217 qua
2384 2146 2643 2213 adnectit,
2665 2156 2717 2202 et
2748 2146 2890 2202 Deus
2920 2157 3035 2202 erat
3077 2146 3322 2215 Verbum,
3344 2166 3469 2208 cum

186 2250 286 2304 καὶ
320 2246 515 2316 λέγων,
550 2244 662 2299 Καὶ
703 2241 847 2310 Θεὸς
889 2238 970 2313 ἦν
1008 2244 1041 2296 ὁ
1066 2241 1277 2309 Λόγος.
1306 2236 1623 2310 Δυνάμενος
1648 2234 1778 2303 γοῦν

1880 2238 2131 2309 proloqui
2180 2238 2482 2309 potuisset,
2520 2247 2578 2294 et
2623 2237 2716 2294 ille
2755 2237 2933 2307 Deus,
2976 2240 3162 2296 addito
3209 2243 3468 2310 articulo,

184 2340 393 2401 εἰπεῖν,
434 2335 547 2392 Καὶ
590 2332 737 2399 Θεὸς
788 2329 869 2404 ἦν
905 2334 939 2386 ὁ
982 2333 1193 2402 Λόγος,
1258 2326 1398 2399 μετά
1423 2328 1522 2399 τῆς
1551 2325 1646 2379 τοῦ
1677 2325 1776 2397 άρ-

1881 2339 2001 2383 erat
2035 2328 2268 2384 Verbum
2294 2369 2310 2394 ,
2343 2329 2390 2384 si
2419 2344 2587 2384 unum
2614 2316 2677 2385 et
2719 2330 2971 2385 eumdem
2995 2369 3012 2397 ,
3056 2339 3114 2386 et
3156 2329 3376 2389 Patrem
3417 2344 3473 2390 et

186 2431 325 2504 θρου
354 2427 693 2502 προσθήκης,
714 2424 767 2478 εί
795 2441 860 2493 γε
886 2423 945 2477 ἓν
974 2423 1069 2478 καὶ
1107 2420 1307 2475 ταύτὸν
1331 2421 1519 2504 ἠγεῖτο
1545 2418 1637 2471 τὸν
1670 2418 1778 2471 Har

1988 2436 2078 2475 um
2122 2420 2467 2491 appellasset,
2498 2420 2544 2476 si
2584 2418 2817 2476 Verbum
2849 2420 2980 2479 illud
3001 2423 3319 2493 opinaretur
3351 2440 3477 2483 esse

181 2519 325 2590 τέρα
366 2511 507 2571 εἶναι
537 2513 632 2568 καὶ
670 2513 762 2566 τὸν
791 2511 940 2577 Υίὸν,
986 2508 1156 2564 αὐτόν
1197 2524 1262 2562 τε
1302 2503 1444 2561 εἶναι
1490 2505 1580 2561 τὸν
1608 2506 1773 2573 Λόγον

1881 2511 2031 2567 illum
2059 2510 2228 2567 Deum
2277 2512 2369 2582 qui
2404 2519 2489 2567 est
2519 2525 2686 2582 super
2717 2513 2924 2568 omnia.
2956 2514 3066 2571 Sed
3091 2531 3198 2571 non
3237 2518 3315 2573 ita
3342 2533 3468 2588 pro-

182 2608 281 2664 ⁴τὸν
309 2608 402 2663 ἐπὶ
433 2607 653 2664 πάντων
702 2604 857 2670 Θεὸν,
891 2602 990 2674 οὐχ
1035 2600 1209 2667 οὔτως
1243 2598 1378 2673 (61⁸)
1406 2597 1637 2665 ἐξέδωκε
1683 2596 1774 2669 τὴν

1883 2603 2093 2661 locutus
2121 2613 2226 2661 est.
2274 2604 2410 2659 Nam
2444 2602 2531 2660 vel
2582 2604 2766 2661 dicere
2812 2606 3068 2676 debebat,
3098 2618 3155 2664 et
3202 2610 3295 2665 Dei
3349 2621 3475 2667 erat

184 2701 431 2775 γραφήν.
458 2699 531 2754 Ἦ
566 2697 697 2768 γάρ,
729 2716 748 2748 ‹
781 2696 893 2750 Καὶ
920 2692 1057 2749 Θεοῦ
1090 2688 1159 2766 ἦν
1185 2694 1216 2747 6
1254 2692 1426 2761 Λόγος
1455 2709 1475 2743 ι
1512 2690 1679 2762 ἐχρῆν
1712 2689 1776 2743 ει-

1885 2693 2120 2753 Verbum
2143 2736 2158 2761 ,
2188 2695 2273 2751 vel
2304 2694 2450 2754 Deus
2478 2706 2599 2753 erat
2623 2695 2713 2752 ille
2738 2695 2975 2755 Verbum
3002 2716 3016 2753 :
3046 2699 3261 2771 adjecto
3282 2716 3477 2773 nempe

185 2796 339 2858 πεῖν,
367 2792 401 2863 ἢ
432 2810 454 2844 ‹
480 2792 509 2845 6
538 2788 672 2854 Θεὸς
709 2784 777 2861 ἦν
806 2789 836 2841 6
863 2787 1055 2856 Λόγος,
1087 2804 1106 2837 ι
1146 2782 1284 2856 μετά
1325 2783 1644 2857 προσθήκης
1683 2780 1777 2835 τοῦ

1886 2790 2139 2858 articulo,
2173 2791 2221 2847 si
2256 2806 2381 2847 cum
2417 2791 2662 2849 iisrcelli
2709 2792 2984 2849 sententia
3026 2791 3312 2865 Scriptura
3342 2810 3478 2851 con-

186 2883 420 2958 ἄρθρου,
466 2883 513 2936 εί
558 2884 625 2953 τῇ
680 2877 1002 2951 Μαρκέλλου
1068 2877 1280 2948 διανοίᾳ
1340 2876 1630 2947 σύμφωνον
1683 2872 1778 2946 τὴν

1887 2882 2169 2953 spirasset.
2216 2884 2287 2937 At
2332 2899 2479 2940 nunc
2525 2892 2582 2939 et
2631 2882 2808 2955 ipsum
2840 2881 3084 2940 Verbum
3133 2884 3304 2941 Deum
3353 2902 3479 2945 esse

188 2974 415 3050 γραφὴν
458 2974 714 3027 ἐποιεῖτο.
746 2970 883 3024 Νυνὶ
908 2970 965 3023 δὲ
994 2969 1091 3025 καὶ
1119 2967 1281 3022 αὐτὸν
1325 2968 1415 3021 τὸν
1444 2968 1617 3036 Λόγον
1649 2967 1780 3022 Θεὸν

1886 2972 2126 3028 insinuat
2151 3013 2167 3035 ,
2200 2974 2458 3030 similiter
2494 2973 2572 3030 illi
2606 2975 2736 3040 Deo,
2781 2974 2925 3044 apud
2967 2990 3130 3046 quem
3167 2987 3306 3034 erat.
3339 2976 3475 3035 Nam

187 3063 334 3125 εἶναι
367 3065 608 3137 παρίστη
628 3104 642 3129 ,
688 3063 890 3136 ὁμοίως
921 3058 1020 3131 τῷ,
1056 3060 1195 3132 πρὸς
1224 3059 1292 3112 ’ὃν
1317 3055 1385 3131 ἦν
1412 3058 1564 3131 85(9-
1600 3076 1779 3129 προει-

1885 3080 2007 3119 cum
2058 3064 2207 3135 prius
2253 3064 2522 3129 edixerat,
2559 3064 2623 3121 Et
2666 3064 2892 3120 Verbum
2939 3077 3057 3121 erat
3105 3074 3245 3137 apud
3282 3068 3474 3138 Deum,

190 3157 313 3214 ⁸ιεὼν
344 3158 472 3229 γὰρ,
516 3153 627 3210 Καὶ
657 3157 689 3208 ὁ
718 3154 910 3245 Λόγος
940 3148 990 3223 ἦ
1040 3152 1205 3220 ,πρὸς
1235 3150 1341 3203 τόν
1374 3150 1544 3215 Θεὸν,
1585 3151 1782 3218 ἐπάγει

1886 3153 2175 3220 subinfert,
2208 3165 2257 3209 et
2288 3155 2428 3210 Deus
2460 3166 2573 3211 erat
2613 3155 2841 3212 Verbum
2872 3171 2892 3211 .°
2919 3156 3239 3228 planissime
3266 3177 3366 3218 nos
3394 3164 3478 3219 in-

186 3248 387 3318 λέγων,
416 3245 529 3300 Kal
577 3243 723 3310 Θεὸς
750 3238 831 3314 ἦν
858 3246 891 3298 ό
923 3242 1132 3314 Λόγος,
1186 3242 1471 3312 μονονουχὶ
1511 3241 1778 3309 σαφέστε-

1888 3242 2153 3311 formans,
2172 3255 2379 3302 tantum
2408 3262 2517 3304 non
2542 3256 2602 3304 ut
2625 3248 2861 3319 primum
2892 3248 3063 3305 Deum
3096 3249 3244 3305 illum
3273 3252 3477 3309 intelli-

190 3360 288 3416 ρον
318 3342 468 3412 ἡμᾶς
508 3338 774 3394 διδάσκων
804 3333 1019 3409 πρῶτον
1073 3334 1172 3406 μὲν
1213 3333 1462 3405 ἡγεῖσθαι
1512 3333 1648 3387 Θεὸν
1693 3332 1782 3387 τὸν

1887 3352 2079 3407 gamus
2125 3351 2270 3404 esse,
2323 3341 2415 3409 qui
2463 3350 2549 3395 est
2590 3355 2753 3410 super
2802 3340 3007 3405 omnia,
3055 3340 3229 3412 ipsum
3284 3359 3479 3416 nempe

190 3434 450 3489 tnéxstva
496 3432 607 3486 τῶν
636 3430 792 3496 ὅλων,
837 3428 1000 3482 αὐτὸν
1029 3428 1121 3481 τὸν
1161 3426 1255 3480 τοῦ
1312 3426 1486 3494 Λόγου
1534 3427 1782 3497 Πατέρα,

1890 3428 2052 3484 Verbi
2100 3429 2359 3496 Patrem,
2420 3430 2563 3501 apud
2608 3446 2769 3502 quem
2811 3440 2930 3485 erat
2971 3431 3246 3500 Verbum;
3282 3444 3393 3491 tum
3424 3439 3476 3492 in

190 3527 334 3601 πρὸς
367 3526 427 3580 δν
461 3520 531 3598 ἦν
566 3525 596 3579 6
622 3523 815 3592 Λόγος,
861 3521 1055 3577 ἔπειτα
1085 3520 1199 3590 μετ’
1237 3517 1399 3572 αὐτὸν
1435 3518 1513 3591 μὴ
1546 3520 1782 3587 ἀγνοεῖν,

1888 3518 2162 3583 secundis.
2184 3528 2245 3574 ut
2268 3534 2337 3575 ne
2367 3518 2541 3589 ignari
2568 3521 2762 3585 simus.
2785 3518 2931 3590 quod
2956 3529 3013 3577 et
3038 3521 3279 3580 Verbum
3306 3526 3478 3596 ipsius

190 3620 271 3684 ὡς
298 3619 394 3674 καὶ
426 3620 455 3672 6
489 3617 661 3681 Λόγος
690 3615 855 3669 αὐτοῦ
894 3614 924 3666 6
960 3609 1255 3683 μονογενὴς
1288 3610 1433 3675 Υἱὸς,
1470 3611 1594 3681 οὐχὶ
1625 3610 1782 3674 αὐτὸς

1890 3610 2197 3681 nnigenitus
2218 3610 2393 3668 Filius
2413 3626 2522 3668 non
2573 3623 2693 3668 erat
2721 3615 2944 3685 quidem
2973 3615 3068 3672 ille
3100 3631 3266 3687 super
3293 3622 3477 3675 omnia

190 3708 263 3785 ἦν
294 3713 323 3766 6
348 3710 441 3763 ἐπὶ
480 3707 699 3763 πάντων
731 3705 884 3769 Θεὸς,
912 3704 1027 3759 ἀλλ’
1062 3704 1143 3759 ὅτι
1176 3704 1269 3757 καὶ
1316 3702 1483 3766 αὐτὸς
1520 3700 1654 3765 Θεὸς
1695 3696 1782 3773 ἦν.

1897 3702 2040 3758 Deus
2064 3744 2082 3771 ,
2111 3704 2206 3759 sed
2233 3706 2377 3776 quod
2408 3715 2463 3760 et
2488 3707 2603 3776 ipse
2622 3706 2785 3762 etiam
2816 3705 2963 3765 Deus
2987 3718 3140 3777 erat;
3168 3710 3478 3783 coniunctio

202 3803 270 3858 Ὅ
295 3802 405 3873 γάρ
438 3820 457 3854 t
484 3800 580 3855 καὶ
608 3817 629 3853 s
668 3797 965 3869 σύνδεσμος
1002 3794 1083 3866 τῷ
1134 3794 1312 3867 Πατρὶ
1368 3793 1631 3848 συνάπτει
1689 3793 1789 3865 τὴν

1890 3793 2091 3848 etenim
2126 3792 2212 3848 illa
2237 3834 2254 3859 ,
2291 3804 2348 3850 et
2389 3795 2736 3853 divinitatem
2784 3796 2911 3853 Filii
2966 3801 3244 3856 connectit
3280 3801 3429 3857 Patri
3459 3820 3474 3867 ;

193 3894 426 3965 θεότητα
450 3890 544 3945 τοῦ
596 3887 750 3944 Υίοῦ.
800 3886 893 3941 Διό
940 3904 1094 3960 φησι,
1128 3886 1238 3943 Καὶ
1260 3888 1293 3940 ὀ
1329 3884 1473 3952 Θεὸς
1496 3880 1577 3955 ἦν
1610 3887 1643 3937 ό
1676 3883 1785 3938 Ad.

1893 3883 2017 3940 inde
2049 3883 2149 3951 ait,
2178 3895 2227 3939 et
2256 3884 2397 3940 Deus
2418 3896 2531 3941 erat
2566 3882 2797 3942 Verbum
2820 3902 2841 3941 :
2866 3898 2924 3943 ut
2952 3888 3125 3946 Deum
3148 3889 3299 3946 illum
3335 3892 3479 3947 scia-

193 4001 324 4056 τος,
378 3983 445 4037 iv‘
506 3981 708 4053 ἴδωμεν
748 3980 883 4036 Θεὸν
921 3979 1014 4033 τὸν
1044 3978 1139 4031 ἐπὶ
1171 3977 1408 4040 πάντων,
1454 3975 1591 4047 πρὸς
1633 3974 1692 4028 δν
1722 3970 1785 4047 ἦν

1893 3988 2016 4029 mus
2041 3989 2184 4043 esse,
2212 3973 2305 4045 qui
2336 3983 2425 4031 est
2452 3989 2617 4046 super
2646 3975 2858 4043 omnia,
2889 3977 3031 4047 apud
3056 3992 3222 4048 quem
3251 3988 3304 4032 et
3340 3976 3480 4035 Ver-

194 4079 228 4133 6
250 4078 457 4147 Λόγος,
507 4074 599 4130 καὶ
627 4073 762 4128 Θεὸν
804 4073 967 4127 αὐτὸν
1003 4071 1095 4127 τὸν
1128 4069 1323 4139 Λόγον.
1367 4070 1567 4123 ’Δκουε
1604 4068 1682 4131 ὡς
1714 4069 1786 4122 εί-

1892 4064 2021 4119 bum
2050 4073 2191 4131 erat,
2225 4065 2319 4120 sed
2345 4073 2404 4121 et
2426 4064 2666 4121 Verbum
2692 4080 2909 4138 quoque
2942 4067 3114 4124 Deum
3138 4068 3351 4135 audies,
3371 4068 3481 4125 vel-

198 4168 335 4225 κόνα
378 4167 475 4222 τοῦ
526 4165 686 4232 Θεοῦ,
730 4164 827 4219 καὶ
859 4164 1045 4219 εἰκόνα
1079 4161 1190 4235 (62)
1222 4162 1323 4233 οὐχ
1364 4160 1441 4225 ὡς
1491 4161 1550 4214 ἑν
1596 4159 1790 4232 ἀψύχῳ

1894 4154 1974 4209 uti
2019 4155 2112 4224 qui
2142 4156 2215 4212 sit
2240 4154 2420 4228 imago
2450 4155 2582 4224 Dei,
2613 4170 2721 4212 non
2753 4166 2813 4213 ut
2840 4160 2895 4212 in
2922 4158 3151 4214 materia
3180 4158 3480 4215 inanimata

200 4259 326 4334 ὕλη,
371 4259 488 4314 ἀλλ’
509 4257 586 4323 ὡς
624 4258 686 4312 ὲν
712 4254 829 4329 Υἱῷ
861 4254 1058 4322 ζῶντι,
1106 4253 1204 4309 καὶ
1248 4251 1621 4325 ἀκριϐέστατα
1652 4250 1792 4322 πρὸς

1893 4247 2305 4317 subsistentem,
2366 4250 2463 4305 sed
2516 4257 2577 4304 ut
2609 4249 2664 4305 in
2712 4248 2857 4305 Filio
2894 4250 3020 4307 vivo
3054 4252 3147 4322 qui
3179 4266 3347 4322 quam
3378 4268 3480 4308 ex-

197 4351 298 4427 τὴν
326 4350 634 4424 ἀρχέτυπον
670 4348 899 4420 θεότητα
928 4344 1025 4400 τοῦ
1075 4342 1289 4417 Πατρὸς
1332 4340 1788 4413 ἀφωμοιωμένον.

1895 4338 2169 4394 actissime
2197 4346 2553 4411 reprzsentat
2587 4338 2920 4410 archetypon
2948 4339 3096 4396 illam
3126 4339 3308 4398 Patris
3339 4341 3481 4399 divi-

213 4442 373 4497 Ἐπεὶ
409 4440 467 4495 δὲ
494 4440 575 4513 τῷ
615 4438 940 4511 ἀνθρωπίνῳ
987 4435 1133 4507 λόγῳ
1180 4435 1273 4488 τὸν
1296 4432 1395 4487 τοῦ
1436 4434 1571 4487 Θεοῦ
1606 4450 1790 4505 παρα-

1897 4430 2146 4487 nltatem.
2193 4428 2463 4498 Quoniam
2507 4444 2643 4487 vero
2669 4430 2845 4486 visum
2890 4430 3148 4488 Marcello
3189 4431 3480 4507 fuitlogon

202 4533 421 4590 ϐάλλειν
466 4531 640 4587 ιδόκει
689 4530 1016 4604 Μαρκέλλῳ,
1062 4531 1159 4585 καὶ
1205 4530 1357 4600 πόσῳ
1410 4526 1604 4600 βελτίω
1648 4519 1791 4580 εῖναι

1900 4520 2019 4584 Dei,
2051 4532 2241 4577 nostro
2284 4522 2567 4578 hominum
2616 4524 2941 4589 assimilare,
2975 4527 3028 4581 si
3068 4526 3293 4582 omnino
3339 4527 3482 4583 banc

201 4626 471 4697 φήσομεν,
528 4622 701 4678 εικόνι
757 4622 1040 4695 χρώμενον
1104 4620 1186 4693 τῷ
1239 4618 1565 4693 ἀνθρωπίνῳ
1621 4618 1786 4688 λόγῳ,

1898 4613 2161 4669 adhibere
2193 4613 2407 4670 volebat
2434 4615 2849 4673 similitudinem
2871 4657 2888 4684 ,
2936 4628 3144 4689 quanto
3174 4620 3381 4676 rectius
3412 4621 3482 4685 is,

200 4717 379 4788 τούτῳ
408 4714 607 4787 μᾶλλον
627 4712 935 4786 χρήσασθαι
956 4711 1036 4785 τῷ
1056 4710 1480 4784 παραδείγματι,
1504 4708 1599 4763 καὶ
1623 4707 1791 4776 φάναι

1899 4704 1966 4759 ad
2019 4705 2166 4761 hunc
2212 4708 2431 4762 modum
2477 4706 2813 4777 protulisset,
2843 4718 2905 4764 ut
2943 4710 3170 4777 diceret,
3208 4717 3269 4777 ιιι
3309 4712 3481 4767 nostri

202 4809 297 4865 τοῦ
330 4809 463 4881 παρ’
499 4808 631 4881 ἡμῖν
657 4807 817 4876 λόγου
860 4803 1073 4878 πατέρα
1114 4800 1253 4859 εἶναι
1287 4803 1381 4856 τὸν
1415 4800 1560 4865 νοῦν,
1604 4800 1792 4873 ἕτερον

1898 4794 2005 4867 logi
2034 4806 2315 4867 parentem
2346 4810 2467 4852 esse
2511 4807 2748 4853 mentem
2770 4840 2786 4866 ,
2814 4815 2936 4871 qua
2978 4800 3251 4857 diversum
3282 4801 3413 4872 quid
3448 4816 3481 4856 a

201 4902 332 4957 δντα
363 4900 517 4973 παρὰ
542 4899 635 4955 τὸν
664 4898 843 4969 λόγον.
871 4896 978 4952 Τὸν
1011 4896 1112 4969 μὲν
1137 4896 1249 4968 γὰρ
1280 4892 1418 4965 (63')
1448 4892 1595 4959 νοῦν,
1641 4892 1793 4956 ὅστις

1897 4886 2018 4957 lego
2046 4888 2281 4944 exsistit.
2311 4886 2541 4943 Mentem
2573 4888 2718 4944 enim
2746 4903 2910 4947 nemo
2944 4891 3165 4962 quidem
3201 4892 3478 4949 hominum

202 4992 339 5049 ποτὲ
370 4991 466 5048 καὶ
489 4993 673 5056 ὁποῖος
702 4990 779 5045 ὢν
804 4990 906 5063 τὴν
933 4988 1119 5044 οὐσίαν
1162 4986 1427 5059 ὑπάρχει,
1472 4984 1650 5047 οὐδεὶς
1679 4980 1794 5036 πώ-

1898 4982 2051 5037 novit
2097 4996 2219 5051 qua
2258 4980 2359 5049 sit,
2407 4981 2624 5051 qualive
2674 4984 2898 5052 praedita
2944 4985 3017 5041 sit
3066 4985 3342 5042 essentia:
3386 4986 3480 5043 sed

202 5100 342 5141 ποτε
370 5080 674 5156 ἀνθρώπων
694 5082 859 5152 ιγνω,
896 5079 1149 5153 βασιλεὺς
1175 5080 1220 5134 δ’
1244 5072 1333 5133 οἷα
1359 5078 1418 5131 ὲν
1454 5075 1794 5149 ἀπορρήτοις

1899 5072 2065 5129 veluti
2098 5072 2320 5143 quidam
2352 5087 2470 5139 rex,
2489 5071 2634 5128 intus
2666 5083 2720 5129 et
2749 5074 2802 5129 in
2836 5074 3065 5131 secretis
3091 5075 3207 5132 suis
3233 5088 3481 5148 recepta-

202 5180 342 5236 εἴσω
374 5180 491 5243 τοῖς
539 5174 706 5231 αὐτοῦ
762 5173 1033 5247 ταμιείοις
1075 5169 1361 5243 ίδρυμένος
1408 5168 1480 5224 τὰ
1536 5164 1784 5241 πρακτέα

1899 5166 2036 5222 culis
2080 5166 2350 5233 residens,
2384 5164 2451 5221 de
2496 5166 2658 5222 rebus
2684 5167 2908 5238 agendis
2954 5168 3186 5240 despicit
3221 5180 3277 5225 et
3306 5169 3485 5224 deter-

204 5266 552 5342 βουλεύεταμ
592 5269 623 5320 6
647 5265 693 5319 δ’
714 5263 776 5330 ιε
814 5262 978 5319 αὑτοῦ
1006 5261 1185 5331 λόγος,
1211 5254 1303 5314 οἷα
1327 5257 1532 5330 πατρὸς
1573 5256 1633 5323 ιε
1663 5254 1793 5309 ἀδύ-

1899 5256 2112 5312 minat:
2163 5254 2332 5326 ipsius
2371 5265 2551 5311 autem
2586 5255 2773 5327 logos,
2800 5270 2871 5313 ex
2916 5271 2984 5315 eo
3019 5257 3321 5329 procedens
3364 5268 3484 5313 tan-

202 5376 317 5417 των
344 5356 532 5432 μυχῶν
558 5353 954 5428 γεγεννημένος
979 5354 1092 5419 τοῖς
1116 5351 1274 5416 me;
1301 5352 1437 5407 πᾶσι
1464 5348 1790 5406 καθίσταται

1894 5360 2059 5420 quam
2089 5359 2124 5403 a
2153 5347 2403 5419 genitore
2442 5349 2761 5421 progenitus
2780 5389 2797 5420 ,
2831 5348 2889 5407 in
2930 5349 3292 5409 abditissimis
3320 5363 3486 5407 uene-

278 5550 343 5613 με
378 5544 478 5602 sd.
504 5542 709 5599 pari...
732 5554 855 5613 pag.
876 5537 1003 5604 nn,
1028 5538 1146 5596 iss.

301 5739 888 5817 ξυΠιμιεορῦτωίΨ
997 5808 1050 5817 ..
1125 5807 1140 5817 .
1359 5807 1373 5817 .

1002 5808 1050 5817 ..
1125 5807 1140 5817 .
1359 5807 1373 5817 ,
1476 5806 1501 5817 ,
1535 5805 1553 5817 _
1606 5806 1619 5817 ,
1981 5728 2114 5803 153⁸)
2140 5727 2312 5804 Vulgo
2340 5731 2594 5802 omnip.

305 5805 411 5889 εεγ
426 5814 537 5874 Καὶ
552 5805 745 5895 item
766 5812 891 5868 add.
916 5808 1098 5877 codd.;
1125 5807 1265 5865 intra
1290 5807 1448 5880 vulgo
1474 5805 1719 5879 βελτίων.

581 5891 854 5974 Panos.
885 5908 1007 5973 Gn.
1049 5906 1278 5972 XXIV.
3130 5883 3213 5946 30
