4032 6472
613 361 716 419 959

1274 351 1536 409 EUSEBII
1575 348 2044 407 CASSARIENSIS
2081 346 2166 404 ΟΡ

2276 343 2450 401 PARS
2487 343 2577 402 IV.
2618 374 2684 382 -ρ-
2725 340 3149 398 DOCMATICA.

3750 343 3845 400 θιῡ

617 479 840 536 tralibus
861 518 875 542 ,
918 469 1196 527 manifeste
1224 468 1355 525 foris
1383 469 1765 526 exsistentibus
1791 469 2040 524 omnibus
2068 467 2163 521 de-

2271 464 2561 536 γνώριμος.
2600 459 2712 515 Εἶθ’
2742 463 2791 515 οἱ
2827 462 2923 531 μὲν
2955 462 3019 514 ἐκ
3052 462 3148 530 τῆς
3184 460 3272 514 τοῦ
3306 461 3466 530 λόγου
3503 463 3847 535 μεταλαμϐά-

617 569 886 630 claratur,
923 564 1012 633 qui
1055 561 1344 633 participes
1388 559 1604 630 quidem
1645 561 1781 614 liunt
1822 557 2069 613 utilitatis
2102 557 2170 611 de

618 658 738 724 lego
763 653 1090 717 resultantis,
1125 657 1355 705 mentem
1391 663 1521 704 vero
1565 646 1886 702 invisibilem
1918 656 1972 701 et
2013 645 2170 713 inap-

621 754 927 814 parentem,
951 741 1052 811 logi
1079 739 1218 794 illius
1238 736 1534 807 genitorem
1563 748 1719 790 nemo
1747 748 1982 802 unquam
2015 732 2169 785 vidit.

614 841 699 894 Ad
730 836 978 892 eumdem
1021 829 1260 896 modum,
1297 828 1406 882 imo
1437 827 1613 895 potius
1651 832 1803 880 extra
1849 837 2062 879 omnem
2095 824 2172 878 si—

618 929 972 984 militudinem
1009 933 1064 979 et
1103 920 1406 991 exemplum
1449 919 1879 990 perfectissimus
1923 915 2013 972 ille
2051 916 2174 970 uni-

615 1031 891 1072 versorum
921 1011 1127 1068 Domini
1148 1009 1368 1080 Logos,
1420 1025 1530 1065 non
1573 1011 1637 1065 ad
1667 1010 1882 1064 modum
1910 1006 2171 1078 prolatitii

617 1107 880 1164 sermonis
913 1104 1259 1174 humani,qui
1292 1117 1322 1159 e
1349 1102 1567 1174 syllabis
1594 1110 1648 1156 et
1677 1099 1876 1165 verbis,
1909 1109 1965 1153 et
1993 1100 2173 1157 nomi-

618 1202 774 1255 nibus
797 1197 1169 1267 componitur,
1198 1196 1293 1250 sed
1331 1206 1582 1264 tanquam
1617 1193 1924 1262 unigenitus
1955 1193 2046 1247 Dei
2079 1193 2173 1246 Fi-

619 1293 720 1346 lius
748 1291 925 1354 vivus,
953 1287 1270 1348 subsistens,
1299 1283 1640 1352 progreditur
1673 1284 1737 1337 de
1765 1281 1944 1337 Patris
1980 1282 2064 1336 sui
2095 1281 2177 1336 di—

615 1384 843 1438 vinitate
869 1390 924 1434 et
969 1391 1171 1448 regno:
1205 1375 1397 1444 irrigat
1437 1382 1616 1428 autem
1662 1373 1924 1427 mundum
1951 1373 2174 1427 univero

614 1491 733 1532 sum
768 1473 990 1542 largiter
1021 1470 1086 1524 de
1119 1483 1176 1523 se
1201 1475 1486 1521 emanante
1520 1465 1653 1529 vita,
1695 1465 1929 1528 ratione,
1958 1465 2173 1533 sapien—

617 1570 714 1634 tia,
741 1567 882 1629 iuce,
926 1561 1070 1618 omni
1115 1561 1278 1622 bono,
1314 1571 1342 1610 a
1384 1557 1542 1612 Patre
1573 1559 1789 1627 quidem
1831 1557 2171 1627 participato,

616 1663 672 1708 et
699 1649 991 1722 procreatis
1023 1645 1271 1703 omnibus
1301 1644 1426 1699 inde
1456 1654 1827 1713 reslagnante.
1883 1645 1984 1710 Qui
2015 1645 2176 1698 Pater

616 1757 737 1797 cum
767 1741 837 1794 sit
863 1753 959 1808 per
980 1738 1158 1793 omnia
1197 1735 1730 1806 inapprehensibilis,
1761 1735 2175 1804 incomprehen-

2272 573 2418 608 νουσι
2478 553 2772 623 ὡφελείας,
2817 548 2908 606 τὸν
2955 552 2999 604 δ’
3048 552 3225 622 ἀφανῆ
3284 553 3379 606 καὶ
3427 554 3662 624 ἀόρατον
3709 552 3847 618 νοῦν,

2270 647 2362 700 τὸν
2392 641 2457 718 δὴ
2496 646 2604 716 (65)
2655 644 2747 698 τοῦ
2781 645 2936 714 λόγου
2985 646 3197 717 πατέρα
3242 644 3418 707 οὐδεὶς
3453 643 3674 698 πώποτε
3721 641 3848 700 εῐδε.

2273 737 2429 790 Κατὰ
2460 737 2527 790 τά
2577 736 2719 790 αὐτὰ
2749 737 2812 808 δὴ
2869 732 3066 807 μᾶλλον
3099 737 3155 789 δὲ
3195 737 3448 789 ἐπέκεινα
3503 735 3618 806 (64)
3673 735 3848 804 πάσης

2273 828 2478 890 εἰκόνος
2509 845 2567 880 τε
2616 829 2711 881 καὶ
2769 827 3206 899 παραδείγματος
3238 829 3268 878 6
3308 827 3402 879 τοῦ
3460 825 3849 896 παμϐασιλέως

2272 919 2408 972 Θεοῦ
2455 919 2660 983 τέλειος
2709 920 2910 986 Λόγος,
2956 919 3017 972 οὐ
3060 917 3202 971 κατά
3249 918 3341 972 τὸν
3378 920 3712 990 προφορικὸν
3761 919 3851 971 ἀν·-

2274 1009 2505 1079 θρὼπων
2544 1005 2700 1078 λόγον
2736 1011 2799 1061 ὲκ
2835 1003 3111 1062 συλλαϐῶν
3151 1009 3246 1062 καὶ
3293 1007 3554 1078 ῥημάτων
3584 1010 3680 1062 καὶ
3732 1007 3851 1060 ὀνο-

2277 1099 2461 1170 μάτων
2491 1099 2865 1169 συγκείμενος,
2892 1093 2980 1152 οἷα
3008 1099 3066 1153 δὲ
3104 1099 3397 1170 μονογενὴς
3420 1099 3512 1152 τοῦ
3539 1098 3675 1152 Θεοῦ
3705 1094 3850 1161 Υἱὸς,

2275 1190 2383 1254 ζῶν
2416 1191 2508 1244 καὶ
2553 1185 2836 1258 ὑφεστὼς,
2885 1190 3095 1260 πρόεισι
3132 1191 3230 1261 μὲν
3271 1191 3374 1259 τῆς
3426 1190 3702 1261 πατρικῆς
3735 1187 3853 1241 0&6-

2273 1284 2432 1352 τητός
2481 1300 2540 1335 τε
2575 1284 2668 1336 καὶ
2720 1282 3027 1352 βασιλείας,
3079 1283 3302 1352 ἐπάρδει
3344 1283 3400 1335 δὲ
3450 1281 3528 1352 τῷ
3577 1282 3856 1353 σύμπαντι

2276 1373 2462 1445 κόσμῳ
2492 1372 2590 1437 τὰς
2621 1373 2679 1438 ἐξ
2710 1373 2876 1427 αὑτοῦ
2919 1373 3182 1446 χορηγίας
3231 1373 3377 1444 ζωῆς
3425 1374 3520 1427 καὶ
3554 1373 3715 1441 λόγου
3766 1372 3858 1425 καὶ

2278 1466 2465 1534 σοφίας
2496 1465 2588 1518 καὶ
2633 1466 2806 1533 φωτὸς
2831 1467 2924 1517 καὶ
2956 1465 3155 1530 παντὸς
3183 1465 3386 1534 ἀγαθοῦ
3420 1465 3718 1534 μετουσίας
3747 1467 3856 1527 τοίς

2273 1559 2553 1626 γεννητοῖς
2585 1557 2755 1610 ἅπασι
2790 1556 3180 1627 ὲπιλιμνάζων,
3206 1555 3298 1609 τοῦ
3331 1556 3544 1627 Πατρός
3577 1557 3674 1609 καὶ
3719 1555 3854 1608 Θεοῦ

2273 1649 2379 1701 τῶν
2406 1650 2540 1702 ὅλων
2573 1650 2824 1701 ἐπέκεινα
2861 1649 3010 1712 ὄντος
3047 1649 3288 1720 ἀλήπτου
3326 1667 3385 1701 τε
3428 1650 3520 1701 καὶ
3567 1649 3854 1720 ἀχωρήτου

2272 1742 2384 1802 τοῖς
2414 1741 2568 1804 πᾶσι,
2598 1740 2738 1794 κατά
2779 1741 2871 1794 τὸν
2916 1741 3095 1809 ἀφανῆ
3140 1742 3233 1794 καὶ
3265 1741 3494 1810 ἀόρατον
3537 1740 3688 1801 νοῦν,
3724 1739 3854 1807 παρ’

617 1834 808 1897 sibilis,
834 1831 899 1884 ad
927 1831 1140 1884 modum
1166 1829 1309 1883 illius
1338 1828 1535 1882 mentis
1557 1825 1846 1881 invisibilis
1873 1842 1976 1880 non
2011 1839 2166 1895 appa-

2276 1828 2303 1880 6
2331 1829 2423 1882 καὶ
2461 1847 2479 1880 ι
2511 1829 2625 1898 φῶς
2657 1830 2819 1884 οίκῶν
2845 1832 3138 1902 ἀπρόσιτον
3168 1851 3186 1884 ι
3225 1831 3492 1884 λέλεκται.
3529 1831 3673 1883 Ἀλλ’
3701 1831 3730 1882 ὁ
3762 1830 3859 1899 μὲν

605 1923 805 1986 tentis,
835 1920 999 1992 (unde
1021 1929 1076 1975 et
1107 1919 1280 1973 lucem
1311 1920 1507 1974 dicitur
1535 1918 1838 1972 inhabitare
1868 1918 2172 1987 incompre-

615 2014 933 2073 hensibilem
964 2022 1018 2066 et
1051 2010 1402 2076 inaccessam)
1453 2010 1837 2064 inaccessibilis
1865 2019 1968 2074 est,
2001 2019 2051 2064 et
2089 2010 2173 2062 in-

613 2099 1110 2171 comprehensibilis
1152 2097 1397 2152 omnibus
1446 2108 1499 2152 et
1547 2097 1766 2167 singulis
1803 2099 2022 2153 omnino
2055 2109 2173 2154 est:

615 2203 669 2248 at
701 2195 785 2249 ille
813 2192 980 2246 Filius
1009 2205 1218 2258 nempe,
1249 2203 1369 2243 cum
1397 2191 1462 2243 sit
1494 2192 1544 2243 in
1579 2193 1874 2260 prepinquo
1909 2191 2062 2246 nobis
2083 2207 2176 2259 po-

612 2287 749 2342 situs
796 2299 888 2354 per
937 2281 1192 2351 Spiritum
1234 2284 1315 2336 sui
1373 2281 1586 2348 Patris,
1641 2283 1902 2352 gubernat
1953 2285 2171 2337 omnia:

614 2379 865 2446 quocirca
899 2391 1002 2430 non
1043 2375 1238 2430 dicitur
1279 2375 1345 2428 de
1386 2372 1580 2436 Patre,
1620 2373 1712 2427 sed
1771 2373 1836 2428 de
1889 2371 2057 2436 Filio,
2109 2374 2173 2427 In

609 2469 806 2521 mundo
832 2476 977 2530 erat,
1030 2474 1077 2519 et
1120 2465 1345 2518 mundus
1385 2481 1476 2530 per
1505 2463 1654 2516 illum
1701 2464 1871 2531 factus
1914 2475 1987 2517 est
2012 2465 2050 2518 ⁸.
2084 2466 2171 2519 Ille

613 2567 789 2611 autem
820 2565 937 2612 erat
964 2570 1124 2625 super
1150 2554 1331 2610 omnia
1376 2553 1534 2608 Pater
1588 2564 1642 2608 et
1687 2555 1964 2618 universa,
1998 2555 2168 2609 lucem

613 2645 864 2700 habitans
891 2646 1217 2698 inaccessam
1248 2643 1345 2697 iste
1373 2657 1468 2710 per
1493 2643 1699 2707 omnia,
1733 2654 1786 2697 et
1825 2643 1875 2697 in
1903 2647 2170 2710 omnibus,

611 2736 984 2805 gubernatrice
1018 2750 1112 2788 sua
1151 2735 1431 2802 praesentia
1469 2749 1807 2802 permanens,
1854 2745 1911 2789 ut
1944 2736 2042 2790 ista
2075 2752 2166 2789 so-

614 2826 881 2881 lummodo
913 2826 1138 2887 ratione,
1169 2822 1344 2892 imago
1368 2824 1455 2878 illa
1485 2823 1631 2878 verbi
1666 2825 1906 2890 humani,
1941 2825 1992 2878 in
2021 2825 2165 2878 illum

2275 1921 2566 1993 ἀπρόσιτος
2601 1924 2693 1976 καὶ
2747 1923 3028 1994 ἀχὼρητος
3078 1925 3160 1994 εἴη
3197 1923 3264 1976 ἂν
3309 1925 3420 1984 τοῖς
3469 1923 3640 1974 πᾶσιν
3670 1921 3699 1974 6
3749 1922 3858 1972 Πα-

2275 2013 2395 2084 τὴρ,
2423 2016 2450 2066 6
2477 2014 2533 2066 δὲ
2569 2017 2687 2077 -τοῖς
2726 2016 2889 2069 πᾶσιν
2930 2016 3149 2082 ἐγγίων,
3191 2015 3284 2069 ἆτε
3317 2015 3380 2085 δὴ
3415 2014 3527 2084 (65)
3562 2014 3629 2067 τὰ
3676 2014 3855 2066 πάντα

2271 2102 2521 2172 πατρικῷ
2575 2103 2803 2174 νεύματι
2872 2103 3271 2174 διακυϐερνῶν·
3327 2102 3408 2154 διὸ
3461 2103 3522 2156 οὐ
3577 2104 3709 2174 περὶ
3763 2102 3855 2154 τοῦ

2271 2192 2499 2262 Πατρὸς,
2525 2194 2654 2265 περὶ
2678 2195 2734 2246 δὲ
2761 2193 2853 2246 τοῦ
2882 2195 3010 2246 Υίοῦ
3038 2195 3288 2248 λέλεκται
3316 2196 3398 2258 τὸ,
3415 2196 3512 2248 Ἐν
3539 2193 3620 2259 τῷ
3651 2197 3858 2263 κόσμῳ

2268 2277 2364 2351 ἦν,
2418 2283 2516 2335 καὶ
2557 2287 2589 2336 ό
2636 2285 2864 2354 κόσμος
2891 2283 2966 2337 δι’
3011 2284 3196 2340 αὑτοῦ
3246 2285 3502 2355 ἐγένετο.
3552 2287 3666 2339 Καὶ
3694 2287 3722 2337 ὁ
3759 2286 3856 2356 μὲν

2269 2373 2521 2427 ἐπέκεινα
2559 2370 2626 2444 ἦν
2659 2375 2766 2428 τῶν
2813 2377 2971 2442 ὅλων,
3013 2378 3108 2430 καὶ
3157 2377 3297 2447 ὑπὲρ
3351 2378 3527 2430 πάντα
3566 2377 3704 2448 (66).
3743 2376 3857 2444 φῶς

2269 2465 2432 2516 οίκῶν
2479 2467 2774 2537 ἀπρόσιτον
2795 2487 2808 2498 ·
2839 2471 2867 2522 6
2895 2469 2951 2521 δὲ
2989 2469 3077 2522 διὰ
3108 2470 3324 2523 πάντων
3359 2472 3454 2523 καὶ
3495 2471 3556 2522 ἐν
3590 2471 3726 2523 πᾶσι
3759 2487 3828 2539 κη

2265 2554 2525 2628 δημονικῇ
2553 2560 2752 2628 διήκων
2787 2560 3042 2631 προνοίᾳ·
3079 2560 3188 2630 (67)
3221 2561 3295 2624 ὡς
3335 2562 3474 2614 κατά
3501 2561 3664 2614 τοῦτο
3700 2562 3855 2631 μόνον

2268 2645 2425 2697 αὑτὸν
2449 2664 2511 2698 συ
2521 2648 2847 2716 μϐἀλλεσθαι
2868 2651 2966 2719 τὴν
2985 2650 3077 2702 τοῦ
3099 2651 3436 2721 ἀνθρωπείου
3460 2652 3621 2720 λόγου
3652 2651 3850 2704 εἰκόνα.

2284 2736 2445 2788 Ἀλλά
2481 2739 2587 2808 γὰρ
2634 2740 2835 2792 τούτων
2865 2743 2995 2810 ἡμῖν
3024 2741 3504 2812 ἀποδεδειγμένων,
3541 2743 3693 2806 εἰκός
3737 2759 3854 2796 τινα

2274 2825 2380 2877 τῶν
2408 2829 2528 2895 φιλο
2535 2830 2721 2899 μαθῶν
2751 2833 2977 2902 ἐρωτᾷν.

609 2931 904 2987 congruere
935 2915 1190 2970 videatur.
1237 2915 1330 2970 llis
1367 2916 1437 2969 ita
1489 2931 1580 2985 per
1647 2930 1743 2970 nos
1815 2915 2214 2981 demonstratis,
2283 2925 2458 2973 tamen
2511 2921 2774 2991 quispiam
2829 2923 2968 2977 forte
3022 2923 3259 2979 discendi
3324 2925 3550 2995 cupidus
3627 2927 3853 2981 interro-

611 3023 781 3082 garet.

1221 3105 1370 3160 CAP.
1411 3104 1592 3160 XVIII.

614 3197 723 3253 Cur
763 3215 819 3251 ιη
854 3196 1421 3268 prtncipio__Evangelii
1469 3199 1550 3250 sui
1600 3197 1915 3268 evangelista
1971 3195 2171 3252 Filium

1105 3265 1325 3318 Verbum
1356 3269 1683 3322 nominavit?

681 3358 817 3424 Quid
847 3372 1018 3412 causae
1051 3356 1246 3419 fuerat,
1277 3358 1416 3424 quod
1462 3360 1744 3412 exordiens
1787 3374 1939 3413 suum
1977 3358 2166 3414 librum

610 3449 931 3517 evangelista
987 3454 1044 3510 Et
1087 3447 1242 3502 Verbi
1292 3449 1546 3513 nomine,
1597 3448 1786 3501 Filium
1838 3451 2164 3520 unigenitum

608 3539 948 3595 nominavit?
987 3538 1082 3592 Cui
1129 3541 1541 3605 respondemus,
1586 3539 1685 3592 hoc
1733 3541 1898 3593 fuisse
1946 3541 2164 3606 factum,

609 3639 825 3700 propter
854 3630 1096 3683 abstrusa
1133 3630 1197 3683 de
1223 3629 1313 3684 illo
1346 3629 1472 3683 olim
1498 3631 1745 3685 vaticinia
1777 3649 1789 3684 :
1822 3647 1941 3686 eum
1971 3633 2166 3702 ubique

604 3723 800 3792 legitur
835 3737 927 3790 per
971 3721 1254 3789 prophetas
1300 3736 1517 3784 omnes,
1542 3716 1773 3775 Verbum
1809 3723 2034 3778 Domini.
2073 3725 2161 3781 Sic

608 3814 746 3880 apud
787 3812 975 3864 Isaiam
1020 3813 1215 3866 dicitur
1262 3815 1313 3866 in
1362 3815 1645 3883 principio,
1688 3815 1913 3870 Verbum
1951 3818 2158 3873 Domini

606 3910 673 3955 ad
716 3904 911 3955 Isaiam
945 3903 988 3954 θ.
1027 3901 1114 3956 Sic
1144 3903 1209 3956 ad
1256 3904 1452 3958 Oscam
1483 3905 1560 3968 ³ο,
1612 3912 1676 3957 ad
1714 3906 1826 3960 Joe-l
1863 3906 1938 3962 τις
1983 3907 2046 3960 Et
2082 3911 2164 3976 fa~

607 3997 744 4038 ctum
779 3994 851 4036 est
895 3983 1115 4037 Verbum
1164 3987 1367 4040 Domini
1407 3988 1473 4040 ad
1504 3988 1695 4041 Jonam
1729 3992 1791 4051 ",
1843 3993 1912 4045 ita
1965 3995 2029 4045 ad
2067 3993 2164 4046 Mi-

605 4077 807 4129 chmam
846 4076 908 4138 ‘3,
957 4085 1009 4129 et
1056 4077 1299 4131 similiter
1341 4080 1405 4132 ad
1452 4084 1738 4148 prophetas
1776 4083 1908 4136 alios
1947 4084 2162 4150 dicitur,

605 4167 800 4228 factum
851 4165 1092 4221 Verbum.
1149 4166 1326 4222 Voluit
1355 4184 1504 4222 sacra
1539 4172 1624 4224 hic
1661 4170 1936 4239 Scriptura
1977 4192 2162 4230 ncces-

604 4256 748 4308 sario
778 4257 988 4324 quidem
1029 4265 1081 4312 et
1125 4267 1309 4311 exacte
1347 4260 1646 4328 signiﬁcare
1672 4301 1685 4324 ,
1730 4264 1869 4330 quod
1912 4265 1962 4317 in
2019 4267 2164 4321 nullo

682 4450 738 4505 ᾖ
761 4444 857 4497 Ed.
887 4447 1080 4512 Paris.,

606 4509 648 4540 ⁸³
682 4514 842 4568 Mich.
877 4532 931 4580 l,
975 4517 1026 4569 1.

672 4649 786 4715 (65)
819 4649 984 4720 Vulgo

669 4721 781 4789 (64)
820 4716 984 4789 Vulgo
1009 4719 1050 4770 δ’
1087 4716 1221 4789 αὑτᾷ
1249 4718 1303 4789 δε
1344 4716 1536 4786 μᾶλλον
1567 4718 1843 4773 ἐπέκεινα.

670 4788 779 4861 (65)
814 4788 1038 4861 thlgoﬁ.
1068 4805 1126 4838 τε
1151 4788 1225 4839 δέ.
1257 4788 1371 4841 Mox
1409 4789 1562 4854 vulgo
1590 4791 1839 4860 πατρικῷ
1856 4790 2148 4861 πνεύματι,

592 4866 656 4912 at
682 4858 751 4912 cf.
778 4860 956 4925 p.164
989 4859 1051 4912 D.

697 4927 786 4996 66)
815 4926 979 4996 Vulgo
1005 4930 1240 4980 πάντων.

697 4933 786 4996 66)
816 4933 979 4996 Vulgo
1005 4933 1240 4980 πάντων.

670 4933 779 5066 ίϐῖ)
811 4999 1136 5065 Παρουσία.
1195 4996 1284 5050 Vel
1339 4995 1562 5064 προνοία
1601 4992 1762 5064 [quod
1818 5000 1971 5053 codd.
2029 5002 2159 5054 dant

1114 4459 1231 4515 pag.
1265 4445 1383 4500 19.9.
1503 4446 1523 4475 ⁸
1555 4444 1711 4499 Joan.
1746 4463 1784 4510 ι,
1839 4447 1922 4500 lO.

599 5065 1162 5137 ide’oque'rescripsi],
1192 5075 1420 5137 utraque
1449 5067 1612 5137 lectio
1674 5070 1988 5125 tolerabilis.
2048 5071 2158 5125 Sed

592 5136 878 5202 legendum
907 5139 1085 5189 statim
1113 5135 1256 5205 αὐτῷ
1284 5135 1698 5203 συμϐάλλεσθαι.
1731 5138 1801 5191 Μ.

670 5206 782 5275 (68)
823 5207 926 5258 Διά
973 5207 1078 5269 τὰς
1114 5207 1530 5275 ἁνακρῲπτους
1568 5206 1751 5261 πάλαι
1786 5209 1914 5275 περὶ
1969 5209 2154 5262 αὑτοῦ

598 5273 981 5346 προφητείας.
1005 5275 1111 5328 Hoc
1134 5275 1263 5346 vult,
1297 5273 1554 5346 Joannem
1594 5275 1646 5327 in
1682 5273 1949 5346 principio
1988 5281 2156 5332 Evan-

600 5345 750 5406 gelii,
805 5346 1034 5398 Verbum
1098 5345 1274 5414 potius
1343 5345 1647 5397 nominaSSe
1723 5343 1880 5414 quam
1930 5343 2149 5412 Filium,

601 5421 1090 5484 pro_pter_veterum
1117 5413 1390 5484 vaticinia,
1429 5417 1480 5466 in
1520 5415 1712 5480 quibus
1738 5413 1830 5484 per
1853 5420 2006 5480 illam
2041 5420 2150 5470 l‘or-

601 5482 796 5556 mulam
823 5481 1281 5556 VerbumDomini
1319 5481 1848 5556 signiﬁcabatur—hoc
1878 5489 2068 5556 ipsum.
2092 5487 2147 5540 In

600 5549 1148 5623 quibus_re_citamlis,
1190 5552 1270 5623 vel
1331 5549 1499 5606 codex
1552 5563 1632 5606 est
1680 5549 2021 5623 depravatus,
2065 5559 2148 5610 vel

605 5621 862 5695 memoria
893 5621 1076 5695 lapsus
1103 5632 1182 5674 est
1217 5621 1496 5695 Eusebius,
1520 5624 1600 5677 vel
1629 5621 1936 5692 utrumque.
1972 5627 2156 5695 Neque

598 5688 739 5741 enim
778 5691 859 5756 ἐφ’
887 5691 1094 5758 ἑκάστῳ
1133 5692 1382 5762 προφήτῃ
1452 5695 1649 5748 dictum
1710 5705 1790 5748 est
1831 5688 2009 5764 λόγος
2051 5688 2161 5749 Κυ-

2037 4449 2056 4477 ⁹
2093 4449 2193 4503 lsa.
2224 4467 2280 4513 ιι,
2316 4453 2362 4505 1.

2906 3107 3062 3158 ΚΕΦ.
3105 3104 3210 3159 III’.

2274 3197 2374 3251 Διὰ
2408 3199 2465 3251 τί
2495 3197 2988 3272 Λόγον-ὠνόμασε
3017 3200 3121 3272 τόν
3155 3198 3292 3272 Υἰὸγ
3325 3201 3359 3251 ό
3395 3201 3852 3272 εἰνᾳῃηελιστης,

2551 3268 2881 3335 ἀρχόμενος
2914 3269 3025 3335 τῆς
3051 3269 3270 3321 ἑαυτοῦ
3293 3268 3527 3337 γραφῆς
3551 3268 3568 3335 ,-

2340 3359 2434 3409 Διά
2463 3357 2513 3409 τί
2550 3358 2605 3409 δὲ
2637 3358 2727 3410 τὸν
2775 3359 3033 3427 μονογενῆ
3061 3358 3187 3413 Υίὸν
3226 3359 3319 3412 τοῦ
3351 3361 3505 3425 Θεοῦ,
3551 3363 3856 3435 ἀρχόμενος

2268 3448 2367 3518 τῆς
2409 3450 2601 3502 ἑαυτοῦ
2645 3450 2864 3520 γραφῆς
2890 3491 2904 3513 ς
2934 3454 2961 3503 6
3002 3451 3389 3520 εὐαγγελιστὴς
3429 3453 3602 3521 Λόγον
3646 3457 3858 3524 ἀνεφώ-

2265 3556 2428 3608 νησε;
2470 3540 2610 3609 Πρὸς
2650 3541 2709 3592 ὃν
2741 3540 3003 3611 ἐροῦμεν·
3037 3538 3160 3594 ’Ὁτι
3199 3543 3287 3595 διὰ
3329 3541 3428 3606 τᾶς
3466 3541 3855 3616 ἀνακρόπδτους

2269 3629 2433 3682 πάλαι
2491 3631 2616 3700 περὶ
2660 3629 2823 3682 αὐτοῦ
2882 3633 3217 3701 προφητείας
3284 3633 3429 3704 (68)·
3468 3635 3660 3706 ἐπειδὴ
3705 3638 3851 3708 γὰρ,

2268 3720 2349 3787 ἐφ’
2383 3720 2593 3790 ἑκάστῳ
2627 3722 2898 3793 προφήτῃ,
2924 3723 3110 3790 Λόγος
3142 3724 3378 3790 Κυρίου,
3404 3744 3422 3774 ι
3450 3723 3508 3787 ὃς
3542 3728 3800 3798 ἐγενήθη,
3833 3748 3850 3779 ι

2271 3812 2421 3878 φέρε,
2451 3812 2597 3878 πρὸς
2629 3813 2896 3877 Ἡσαΐαν,
2929 3814 3161 3884 εἴρηται,
3211 3816 3304 3867 καὶ
3333 3815 3489 3884 ἁρχὴ
3517 3819 3715 3885 Λόγου
3745 3819 3853 3888 (69)

2273 3903 2491 3969 Κυρίου
2538 3905 2606 3955 ἐν
2651 3904 2841 3971 Ὠσηὲ,
2881 3907 2972 3957 καὶ
3010 3908 3200 3973 Λόγος
3247 3909 3466 3973 Καρίου
3509 3909 3564 3969 ὃς
3616 3911 3852 3980 ἐγενήθη

2275 3995 2408 4064 πρὸς
2459 3995 2629 4063 Ἰωήλ,
2669 3995 2762 4046 καὶ
2789 3994 3022 4064 ἐγένετο
3053 3999 3241 4064 Λόγος
3269 3999 3492 4065 Κυρίου
3549 4002 3702 4066 πρὸς
3748 4003 3856 4054 Ἰω-

2273 4084 2406 4147 mir,
2435 4087 2527 4136 καὶ
2569 4086 2700 4155 πρὸς
2726 4086 2982 4155 Μιχαίαν,
3014 4089 3210 4158 ὁμοίως
3257 4090 3348 4140 καὶ
3388 4090 3519 4159 πρὸς
3570 4093 3699 4153 τοὺς
3739 4093 3851 4144 λοι-

2273 4178 2406 4240 ποὺς
2451 4179 2726 4247 προφήτας
2774 4180 3164 4250 παραπλησίως
3206 4181 3290 4247 ἐφ’
3339 4181 3551 4250 ἑκάστῳ
3593 4187 3849 4254 προφήτῃ

2269 4270 2348 4332 τὸ,
2379 4267 2609 4337 ἐγένετο
2652 4272 2989 4340 προσέκειτο,
3022 4271 3120 4339 τῆς
3149 4271 3298 4335 θείας
3347 4272 3569 4342 Γραφῆς
3602 4275 3850 4346 ἁκριὸὦς

2957 4452 2996 4481 ¹¹
3030 4450 3144 4506 Joel
3185 4467 3224 4516 ι,
3261 4453 3313 4506 1.

2486 4453 2526 4482 ¹⁰
2559 4451 2685 4506 Ose.
2732 4467 2770 4518 1,
2805 4451 2855 4505 l.
2957 4452 2996 4481 “
3030 4450 3144 4506 Joel
3185 4453 3313 4516 1,1.
3415 4450 3643 4510 “Jonas
3676 4474 3689 4510 l
3717 4500 3731 4524 ,
3791 4460 3843 4514 ί.

2193 4658 2234 4711 D
2267 4656 2404 4724 ρίου,
2440 4673 2537 4712 nec
2564 4658 2632 4711 ab
2664 4657 2750 4724 iis,
2775 4671 2912 4726 quos
2934 4669 3339 4723 commemorat,
3376 4661 3440 4712 ad
3465 4673 3586 4712 eum
3625 4665 3842 4717 modum

2265 4742 2423 4800 quem
2473 4737 2900 4800 commemorat;
2965 4727 3102 4795 apud
3138 4726 3332 4800 Oscam
3365 4730 3592 4800 legitur,
3647 4735 3842 4800 Λόγος

2259 4797 2527 4872 ξινιοίοιι)Ἀ
2553 4796 2618 4860 ὃς
2644 4795 2896 4872 ἐγενήθη
2915 4835 2929 4857 ,
2965 4812 3082 4872 _non
3115 4797 3205 4872 καὶ
3250 4799 3391 4872 ἀρχὴ
3422 4799 3580 4866 λόγου
3610 4795 3840 4872 Κυρίουζ

2262 4849 2569 4940 Etjiulsaia
2598 4849 2732 4940 ἰτιιρἒ
2760 4849 2821 4940 ιι,
2860 4849 3088 4940 Iegitut‘.
3133 4868 3191 4920 Ὀ
3227 4849 3421 4937 Λόγλοξ,
3445 4849 3504 4921 ῦὸ.

2260 4935 2394 5004 πρὸς
2419 4937 2665 4989 Ἡσαΐαν.
2707 4935 2929 4999 Deinde,
2964 4938 3131 4990 codex
3170 4935 3710 5004 nosterdepravatus
3735 4956 3840 4996 e.t.

2261 5003 2390 5082 Nam
2439 5008 2710 5082 quomodo
2769 5007 2885 5082 luee
2929 5007 3247 5082 cohaerent?
3300 5003 3692 5082 ‘Errstahr‘ya‘zp
3756 5015 3840 5082 ἐφ’

2261 5075 2491 5165 ιὲκεῑξτῖτιτ)1
2526 5077 2784 5165 προφήτῃ
2833 5074 2984 5142 λόγος
3011 5076 3241 5165 ρΚυρίομ
3269 5095 3280 5106 ·
3311 5078 3368 5141 ὃς
3389 5074 3840 5165 ,ἐγενήθηξφέρὲπ

2260 5145 2397 5222 πρὸς
2433 5145 2680 5222 ᾛσαῗαν,
2715 5145 2966 5222 Δεἴρηται,
3010 5145 3176 5222 forte_
3211 5145 3516 5217 legendum.
3543 5145 3553 5150 ’
3580 5145 3734 5203 Ἐπεὶ
3757 5145 3841 5222 ’δὴ

2257 5215 2582 5298 inlimis)
2614 5215 2797 5298 σχεδὸν
2824 5218 3076 5298 sessim
3115 5215 3357 5298 siem.
3403 5218 3557 5284 λόγος
3606 5215 3836 5292 κυρίους

2255 5286 2698 5358 ἐξςὲγενήθτμως
2723 5287 2847 5354 παρ’
2879 5286 3094 5358 Ἠσαίᾳ,
3128 5286 3281 5354 λόγος
3313 5292 3338 5341 6
3373 5291 3664 5358 γενόμενος
3698 5286 3838 5358 πρὸς

2267 5341 2508 5430 Ἡσᾲῖριιί,
2533 5341 2625 5430 iga
2657 5357 2713 5430 sv
2760 5341 2898 5430 ἀρχῇ
2943 5341 3277 5430 modum};
3303 5341 3470 5430 Miro,-
3504 5341 3756 5430 ’κυρῐουξ
3778 5341 3840 5423 δὲ

2253 5425 2503 5495 ἐγενήθη.
2543 5427 2692 5489 Quod
2724 5427 2815 5486 ait,
2849 5434 2912 5478 de
2975 5426 3117 5479 nullo
3164 5425 3547 5495 prophetarum
3603 5425 3834 5491 (lit-uim,

2265 5493 2486 5566 Verbum
2512 5495 2718 5566 Domini
2752 5498 2885 5562 quod
2903 5495 2961 5566 in
2986 5512 3085 5559 me,
3115 5493 3207 5549 sed
3238 5493 3381 5566 quod
3416 5499 3615 5550 factum
3637 5512 3710 5552 est
3739 5502 3833 5562 ad,

2251 5574 2376 5624 ουκ,
2413 5564 2604 5615 falsum
2636 5565 2863 5616 videtur.
2903 5563 2971 5617 Μ.

2267 5633 2442 5751 σ,(69)
2478 5635 2641 5702 Vulgo
2675 5636 2813 5704 ἀρχῇ
2848 5633 3002 5704 λόγος
3034 5644 3087 5690 ct
3118 5635 3257 5691 infra
3286 5654 3378 5706 πρ.
3409 5637 3500 5691 καὶ
3541 5639 3836 5710 παραπλη-

2302 5719 2411 5751 ιως.

2302 5719 2411 5763 ιως.
