4032 6444
220 367 320 426 9³1

1143 364 1235 422 DE
1263 361 1808 423 ECCLESIASTICA
1861 361 2262 421 TllEOLOGlA
2309 361 2440 418 LIB.
2482 360 2541 418 ll.

3403 365 3511 424 962

219 486 318 540 καὶ
350 484 666 554 ἀναγκαῑως
709 480 1234 556 ὲπισημαινομένης,
1273 483 1441 550 ὡς’ὲν
1485 484 1664 540 οὐδενὶ
1701 483 1786 538 τῶ·

1918 481 2300 551 prophetarum
2357 485 2674 549 exsistebat,
2706 483 2847 553 quod
2894 482 2962 538 ad
2995 483 3287 554 quemlibet
3319 499 3508 542 eorum

218 573 521 652 προφητῶν
544 573 642 649 ἦν,
669 576 804 631 ἀλλά
829 577 951 632 καθ’
978 577 1210 632 ἕκαστον
1231 578 1504 649 ἐγίγνετο
1529 577 1641 649 (70)
1673 577 1810 648 πρὸς

216 667 279 726 δν
312 674 347 745 ή
387 672 620 726 ἑκάστου
657 669 921 742 δύναμις,
957 671 1045 725 οἶα
1091 689 1152 726 τε
1190 668 1260 744 ἦν
1317 673 1537 744 χωρεῖν,
1572 669 1812 746 προσιὼν

215 765 357 836 αὐτῇ
400 765 496 819 καὶ
525 766 588 835 τῇ
637 763 870 818 ἑκάστου
907 763 1052 836 ψυχῇ
1092 764 1154 819 τὸ
1183 765 1519 837 κατάλληλον
1550 759 1809 836 παρέχων

213 853 276 919 ἔξ
309 853 476 908 αὐτοῦ
507 854 724 925 πνεῦμα
751 856 846 909 καὶ
874 855 1066 927 νοεράν
1095 854 1318 921 εἰκότως
1345 853 1438 912 ἐπὶ
1473 857 1568 912 τοῦ
1605 858 1809 929 παρόν-

208 961 305 1009 τος
335 945 365 997 ό
402 945 832 1019 εὐαγγελιστὴς,
885 947 979 1000 τοῦ
1020 947 1196 1018 Λόγου
1261 949 1470 1021 μέλλων
1519 947 1808 1020 εὐαγγελί-

209 1035 403 1102 ζεσθαι
461 1038 793 1110 οἰκονομίαν,
847 1037 946 1093 οὐκ
1001 1039 1078 1093 ἔθ’
1125 1042 1330 1113 ὁμοίως
1388 1046 1502 1108 τοῖς
1557 1039 1809 1110 παλαιοῖς

207 1132 498 1200 γεγονέναι
555 1133 718 1187 αὑτὸν
779 1133 966 1206 ἕτερόν
1017 1131 1132 1204 (71)
1193 1152 1317 1189 τινα
1372 1135 1642 1202 διδάσκει,
1691 1137 1807 1191 ἀλλ’

207 1221 379 1276 αὐτὸν
430 1222 609 1294 σάρκα
646 1224 995 1296 ἀνειληφέναι
1033 1227 1127 1280 καὶ
1159 1225 1446 1298 ἄνθρωπον
1491 1228 1802 1296 γεγονέναι·

208 1307 316 1366 εἶτ’
339 1314 527 1386 ἐπειδὴ
560 1313 658 1387 τὴν
699 1315 779 1378 είς
820 1311 1140 1388 ἀνθρώπους
1182 1316 1350 1372 αὐτοῦ
1391 1316 1658 1390 σωτήριον
1695 1323 1806 1382 τοῖς

208 1405 380 1459 πᾶσιν
415 1405 649 1476 πάροδον
684 1405 974 1477 κηρύττειν
1004 1406 1253 1478 ἔμελλεν,
1293 1407 1421 1480 ἑξῆς
1458 1405 1652 1478 λέγων,
1692 1408 1804 1464 Καὶ

208 1496 248 1549 ὁ
286 1497 480 1564 Λότος
515 1496 672 1566 σὰρξ
701 1497 957 1567 ἐγένετο,
988 1500 1083 1553 καὶ
1129 1498 1488 1566 ἐσκήνωσεν
1527 1501 1598 1554 ἐν
1636 1501 1801 1571 ἡμῖν,

207 1586 528 1656 ἀναγκαίως
563 1590 655 1643 ἐπὶ
691 1588 789 1660 τὴν
842 1592 1016 1664 ἀρχὴν
1044 1587 1353 1665 ἀνατρέχει,
1399 1592 1490 1646 τὸν
1528 1593 1655 1664 χθὲς
1706 1595 1801 1648 καὶ

207 1676 406 1749 πρώην
444 1679 798 1751 σαρκωθέντα
849 1683 1022 1752 Λόγον
1066 1685 1150 1747 τίς
1196 1702 1329 1738 ποτε
1373 1680 1442 1757 ἦν
1492 1687 1586 1739 καί¹
1619 1687 1802 1751 ὁποῖος

204 1769 456 1834 δεικνύς·
504 1771 743 1840 θεολογεῖ
771 1790 830 1826 τε
869 1774 1054 1839 αὐτὸν,
1091 1773 1226 1847 ὁμοῦ
1263 1776 1362 1849 τὴν
1405 1776 1607 1847 γνῶσιν
1638 1778 1800 1832 αὑτοῦ

1913 576 2114 644 factum
2141 587 2240 641 eu,
2269 585 2328 630 ut
2353 576 2619 646 cujusque
2655 575 2772 646 ejus
2799 591 2970 647 capax
2997 587 3116 632 erat
3148 588 3414 649 potestas,
3450 592 3502 634 et

1914 665 2195 734 cujuslibet
2238 667 2434 722 animm
2483 667 2824 738 suggerebat,
2875 669 2945 724 de
2991 684 3091 726 suo
3147 670 3338 740 spiritu
3368 685 3501 725 con-

1915 759 2242 814 venienter:
2291 769 2351 815 ut
2403 761 2476 815 ita
2524 775 2630 814 non
2681 761 2984 832 incongrue
3029 763 3120 820 hic
3167 763 3505 834 evangelista

1913 850 2131 915 dixerit,
2156 850 2244 906 ubi
2275 850 2438 907 Verbi
2471 851 2615 907 illius
2640 854 3000 908 oeconomiam
3023 863 3145 911 erat
3181 856 3507 920 traditurus,

1913 956 2019 996 non
2069 944 2296 1011 perinde
2343 945 2654 999 ordinatum
2711 943 2862 999 illum
2914 962 3097 1013 nunc,
3148 956 3313 1018 atque
3369 947 3502 1002 olim

1911 1034 2051 1103 apud
2084 1035 2338 1105 antiquos
2369 1034 2508 1098 illos.
2540 1036 2634 1090 sed
2681 1050 2869 1092 nosuo
2911 1037 3146 1106 quodam
3198 1047 3253 1093 et
3285 1038 3504 1093 diverso

1911 1124 2093 1188 modo,
2115 1139 2310 1196 nempe
2336 1140 2501 1181 carne
2527 1137 2834 1198 assumpta.
2855 1127 3078 1184 homine
3102 1126 3278 1196 facto;
3305 1129 3504 1186 deinde

1907 1217 2052 1286 quod
2093 1219 2474 1275 cnuntiaturus
2519 1219 2645 1276 erat
2693 1221 2746 1274 in
2797 1221 3157 1292 sequentibus
3200 1221 3498 1278 salutarem

1907 1307 2079 1377 ipsius
2139 1307 2206 1363 ad
2252 1310 2502 1366 homines
2533 1312 2863 1377 adventum,
2899 1312 2986 1367 ubi
3023 1313 3131 1379 ait,
3165 1311 3236 1367 Et
3274 1311 3500 1368 Verbum

1906 1412 2030 1452 caro
2071 1399 2267 1466 factum
2319 1411 2418 1466 est,
2453 1412 2500 1456 et
2544 1402 2806 1456 habitavit
2849 1403 2906 1458 in
2948 1403 3098 1458 nobis
3125 1401 3191 1471 “,
3236 1404 3358 1461 ideo
3389 1418 3497 1459 non

1907 1490 2201 1561 incongrue
2246 1492 2301 1547 in
2353 1493 2622 1564 principio
2676 1495 2912 1551 recurrit
2956 1495 3023 1550 ad
3074 1494 3337 1563 Verbum,
3370 1505 3501 1553 tunc

1906 1597 2078 1652 nuper
2128 1583 2488 1651 incarnatum,
2533 1587 2679 1656 quod
2727 1596 2784 1643 et
2835 1586 2996 1658 quale
3047 1587 3229 1643 fuerat
3272 1590 3500 1644 demon-

1905 1674 2132 1730 strando
2160 1693 2172 1728 :
2209 1675 2318 1730 Deo
2365 1675 2498 1732 illud
2529 1678 2783 1747 ascribit,
2816 1681 3150 1736 annuntians
3192 1680 3351 1738 simul
3380 1679 3499 1750 ejus

1907 1765 2184 1829 deitatem,
2211 1777 2267 1822 et
2296 1768 2364 1824 ad
2391 1769 2639 1826 homines
2660 1770 2955 1826 adventum
2985 1788 3001 1839 ;
3025 1780 3138 1828 tum
3165 1772 3330 1827 etiam
3351 1773 3495 1842 quod

204 1864 306 1916 καὶ
338 1863 438 1934 τὴν
471 1867 551 1928 είς
581 1834 901 1937 ἀνθρώπους
932 1834 1253 1938 θεοιράνειαν
1292 1834 1786 1944 εῦαγγελιξόμενος,

1904 1872 2025 1911 cum
2083 1870 2293 1915 veteres
2324 1860 2617 1918 electione
2658 1862 3068 1934 Scripturarum
3113 1864 3242 1919 olim
3279 1863 3495 1919 didice-

204 1949 333 2019 εἷθ’,
362 1955 438 2019 ὡς
475 1956 583 2012 τῶν
611 1957 878 2024 παλαιῶν,
917 1961 982 2012 ὲκ
1019 1957 1128 2014 τῶν
1161 1958 1322 2016 θείων
1354 1964 1798 2036 ἀναγνωσμάτων

205 2046 718 2119 προμεμαθηκότων
743 2051 835 2105 τὸν
864 2052 948 2120 ἐφ’
973 2052 1188 2125 ἑκάστῳ
1221 2055 1477 2128 προφήτῃ
1504 2050 1797 2126 γενόμενον

202 2136 405 2206 Λόγον,
450 2140 617 2204 αὐτὸς
661 2141 758 2215 τὴν
810 2142 1090 2214 θειοτέραν
1140 2145 1234 2198 καὶ
1294 2146 1570 2220 ἐξαίρετον
1622 2147 1798 2219 ἀρχὴν

200 2228 375 2282 αὐτοῦ
441 2229 736 2302 κηρύττει,
795 2233 861 2304 ἢν
909 2233 1086 2299 οὐδεὶς
1136 2237 1432 2307 προφητῶν
1490 2230 1796 2309 ἀνθρώποις

199 2322 431 2393 γυμνῶς
484 2323 626 2378 οὕτω
703 2326 798 2379 καὶ
857 2327 1340 2400 ἀπαρακαλύπτως
1401 2330 1645 2401 ἐξέφηνε.
1705 2328 1795 2385 Διό

201 2418 424 2489 μεγάλῃ
463 2421 614 2490 φωνῇ
646 2423 758 2483 τοῖς
784 2422 918 2474 πᾶσι
947 2416 1006 2474 τὸ
1034 2419 1252 2493 λεληθὸς
1283 2421 1375 2476 καὶ¹
1409 2421 1636 2495 κρύφιον
1665 2425 1795 2495 περὶ

197 2507 300 2562 τοῦ
341 2510 514 2578 Λόγου
566 2513 864 2584 μυστήριον
913 2512 1243 2586 παραδιδοὺς
1293 2515 1421 2569 ὲὸόα
1464 2513 1658 2587 λέγων’
1699 2516 1795 2570 Ἐν

197 2597 367 2668 ἀρχῇ
423 2597 502 2672 ἦν
547 2605 579 2656 d
625 2603 844 2673 Λόγος,
900 2606 999 2660 καὶ
1033 2608 1067 2659 ὀ
1117 2607 1309 2677 Λόγος
1358 2603 1437 2679 ἦν
1483 2609 1634 2678 πρὸς
1685 2610 1793 2664 τὸν

200 2686 376 2752 Θεὸν,
421 2690 519 2744 καὶ
568 2691 712 2757 Θεὸς
759 2687 838 2762 ἦν
877 2696 910 2746 ό
947 2693 1160 2763 Λόγος.
1219 2692 1422 2749 Πάντα
1484 2695 1560 2748 δι’
1603 2695 1791 2750 αὐτοῦ

195 2777 462 2849 ἐγένετο,
503 2782 602 2836 καὶ
646 2783 826 2852 χωρὶς
873 2785 1060 2839 αὑτοῦ
1118 2785 1356 2856 ἐγένετο
1411 2787 1553 2842 οὐδὲ
1595 2788 1682 2843 ἓν.
1727 2791 1789 2841 Εἰ

196 2870 311 2944 γὰρ
342 2873 494 2944 παρά
520 2873 625 2926 τῶν
655 2875 934 2948 προτέρων
967 2876 1126 2931 θείων
1162 2879 1201 2930 Γ
1207 2879 1390 2950 ραφῶν
1422 2879 1789 2950 παιδαγωγοῦ-

196 2978 355 3031 μενοι
384 2962 571 3030 πάλαι,
597 2966 864 3037 πρότερον
892 2969 1265 3039 μεμαθήκατε,
1285 2971 1469 3039 φησὶν,
1490 2973 1570 3026 ὅτι
1598 2974 1789 3042 Λόγος

193 3053 425 3121 Κυρίου
453 3055 688 3124 ἐγένετο
733 3057 870 3128 πρὸς
900 3059 1049 3112 τόνδε
1079 3059 1169 3112 τὸν
1211 3061 1494 3133 προφήτην
1544 3061 1656 3133 (72)
1696 3064 1787 3116 καὶ

1903 1955 2026 2003 rant
2107 1951 2302 2020 cuique
2353 1953 2631 2023 prophetae
2679 1955 2923 2011 Verbum
3003 1955 3493 2027 superadvenisse,

1900 2040 2016 2110 ipse
2047 2041 2281 2098 divinius
2307 2045 2581 2115 quoddam
2606 2056 2662 2102 et
2707 2047 3068 2104 excellentius
3111 2048 3255 2104 illius
3281 2048 3491 2117 princi-

1899 2132 2046 2201 pium
2077 2143 2344 2190 enarret:
2389 2136 2536 2206 quod
2586 2136 2769 2193 nullus
2819 2152 3059 2208 unquam
3099 2137 3490 2208 prophetarum

1901 2232 2009 2277 tam
2057 2233 2244 2295 aperte
2295 2234 2351 2282 et
2403 2227 2552 2284 clare
2600 2230 2928 2285 enuntiavit.
2979 2228 3250 2297 Quocirca
3311 2229 3490 2284 latens

1898 2315 2025 2369 illud
2065 2327 2118 2372 et
2179 2318 2452 2374 occultum
2499 2321 2564 2375 de
2581 2320 2768 2378 Verbo
2803 2323 3122 2394 mysterium
3171 2337 3294 2377 cum
3328 2320 3493 2377 vellet

1897 2407 2111 2463 tradere
2135 2450 2149 2474 ,
2186 2409 2283 2476 ait,
2335 2409 2401 2464 In
2440 2411 2699 2482 principio
2729 2421 2844 2467 erat
2884 2411 3134 2477 Verbum,
3167 2421 3216 2464 et
3260 2407 3489 2464 Verbum

1895 2510 2007 2554 erat
2037 2502 2176 2569 apud
2220 2502 2406 2571 Deum,
2445 2513 2494 2560 et
2542 2503 2681 2559 Deus
2727 2515 2838 2560 erat
2872 2504 3121 2560 Verbum.
3169 2503 3359 2559 Omnia
3394 2515 3490 2571 per

1894 2592 2069 2661 ipsum
2115 2594 2259 2664 facta
2285 2605 2430 2661 sunt,
2463 2607 2510 2650 et
2551 2597 2661 2650 sine
2692 2597 2802 2665 ipso
2834 2595 3035 2666 factum
3064 2605 3137 2650 cst
3165 2593 3318 2648 nihil.
3349 2591 3488 2646 Nam

1896 2685 1964 2752 si,
1997 2685 2193 2754 inquit,
2229 2686 2297 2742 ab
2329 2687 2727 2759 antiquissimis
2777 2689 2906 2744 olim
2959 2686 3260 2758 Scripturis
3321 2683 3486 2740 insti-

1897 2777 2016 2842 tuti,
2048 2777 2177 2832 illud
2214 2778 2504 2848 aliquando
2531 2778 2708 2835 edocti
2736 2776 3212 2848 accepistis,quod
3253 2773 3487 2830 Verbum

1894 2868 2108 2924 Domini
2132 2871 2331 2939 factum
2358 2873 2428 2928 sit
2447 2873 2511 2926 ad
2539 2873 2684 2927 hunc
2737 2873 3086 2942 prophetam,
3109 2880 3166 2927 et
3195 2870 3261 2924 ad
3292 2867 3484 2932 alium,

1893 2971 2054 3028 atque
2092 2960 2163 3013 ita
2192 2961 2448 3031 deinceps
2481 2961 2547 3014 ad
2581 2961 2744 3016 alium
2774 2979 2788 3027 ;
2840 2972 2895 3016 at
2927 2978 3071 3017 nunc
3103 2962 3344 3028 tandem,
3375 2977 3482 3014 non

1893 3053 2346 3119 quemadmodum
2403 3054 2602 3122 factum
2658 3064 2742 3108 est
2772 3053 3009 3109 Verbum
3064 3053 3324 3117 Domini,
3382 3054 3481 3109 sed

191 3142 339 3212 πρὸς
365 3144 550 3216 ἕτερον
580 3146 743 3200 πάλιν
788 3149 992 3219 ὁμοίως
1037 3149 1292 3220 ἐγένετο,
1325 3153 1418 3205 καὶ
1457 3148 1610 3216 αὖθις
1650 3153 1786 3224 πρὸς

1893 3144 2346 3212 quemadmodum
2389 3156 2501 3199 erat
2548 3147 2600 3200 in
2655 3145 2967 3215 principio,
3024 3160 3251 3200 necesse
3292 3155 3375 3200 est
3422 3155 3484 3201 ut

191 3234 378 3300 ἄλλον,
409 3235 547 3290 ἀλλά
583 3237 678 3292 νῦν
709 3239 807 3310 ούχ
833 3241 982 3305 ὅπως
1007 3240 1265 3312 ἐγένετο,
1300 3244 1414 3297 ἀλλ’
1439 3246 1585 3309 ὅπως
1622 3242 1701 3317 ἦν
1727 3248 1784 3298 ἐν

1892 3236 2330 3304 evangelizetur:
2364 3248 2418 3293 et
2465 3239 2742 3308 quomodo
2789 3238 2929 3292 Deus
2974 3250 3127 3303 erat,
3165 3247 3219 3292 et
3244 3238 3482 3308 qualiter

189 3327 360 3398 ἀρχῇ,
392 3331 506 3393 τοῖς
539 3334 704 3386 πᾶσιν
734 3334 1029 3400 ἀναγκαῖον
1063 3335 1549 3404 εὐαγγελίσασθαι·
1587 3339 1681 3391 καὶ
1709 3339 1783 3400 ὡς

191 3417 343 3484 Θεὸς
382 3415 479 3490 ἦν,
525 3423 620 3475 καὶ⁵
671 3423 747 3486 ὡς
795 3423 994 3478 πάντα
1044 3426 1119 3480 δι’
1163 3427 1349 3481 αὐτοῦ
1389 3429 1645 3497 ἐγένετο,
1688 3433 1785 3483 καὶ

187 3507 270 3572 ὡς
317 3510 478 3575 αὐτὸς
534 3514 741 3578 ἐκεῖνος
779 3517 806 3568 6
860 3516 1004 3580 Θεὸς·
1031 3519 1235 3587 Λόγος,
1283 3519 1349 3572 δι’
1399 3516 1459 3574 οῦ
1497 3522 1565 3574 τά
1606 3523 1782 3576 πάντα

187 3600 571 3673 φιλανθρωπίᾳ
601 3605 694 3657 τοῦ
734 3607 946 3678 Πατρὸς
1010 3608 1166 3678 σὰρξ
1197 3611 1434 3679 ἐγένετο,
1480 3613 1574 3665 καὶ
1613 3615 1779 3685 ἐσκή-

185 3706 362 3745 νωσεν
404 3694 461 3747 ἐν
494 3696 644 3764 ἡμῖν.
687 3697 848 3749 Ταῦτ’
901 3699 1286 3770 εὐηγγελίζετο
1336 3704 1588 3776 Ἰωάννης
1620 3705 1647 3757 ό
1680 3705 1778 3775 μέ-

184 3797 293 3850 γας
342 3783 436 3836 τοῦ
484 3786 719 3856 Χριστοῦ
771 3791 1016 3862 μαθητὴς
1057 3795 1149 3846 καὶ
1184 3795 1515 3861 ἀπόστολος,
1567 3798 1636 3849 τὰ
1683 3799 1778 3852 νέα

186 3873 283 3927 καὶ
317 3875 479 3929 καινά
516 3877 610 3929 τοῦ
664 3881 912 3952 Σωτῆρος
954 3885 1223 3937 παιδεύων
1273 3888 1516 3952 ἅπαντας
1567 3891 1777 3961 ἀνθρώ-

186 3981 322 4028 πους
368 3969 669 4039 μυστήρια,
716 3971 812 4041 οὐχ
852 3975 934 4026 ὅτι
968 3975 1182 4044 λογικὸς
1214 3972 1280 4049 ἦν
1310 3981 1337 4031 6
1377 3979 1531 4044 Θεὸς,
1557 3982 1664 4034 οὐδ’
1694 3984 1775 4036 ὅτι

183 4055 350 4120 αὐτὸς
383 4059 520 4128 πρὸς
543 4061 732 4114 ἑαυτὸν
760 4063 1030 4129 διενοεῖτο,
1060 4069 1153 4121 καὶ
1175 4069 1352 4140 ἑαυτῷ
1380 4072 1771 4144 προδιελέγετο,

181 4147 540 4218 Ποιήσωμεν
603 4153 937 4221 ἄνθρωπον,
991 4159 1204 4228 λέγων’
1265 4163 1374 4215 οὐδ’
1444 4165 1525 4217 ὅτι
1596 4167 1775 4234 λόγοις

180 4243 448 4314 κέχρηται
472 4251 580 4311 τοῖς
610 4251 716 4304 τῶν
749 4255 1036 4322 πρακτέων
1083 4257 1559 4325 παραγγελτικοῖς.
1587 4259 1771 4324 Ἰζαῦτα

179 4335 290 4405 γὰρ
325 4337 436 4406 (75)
467 4342 575 4402 πᾶς
598 4343 927 4414 ἀρνούμενος
963 4347 1053 4399 τὸν
1082 4348 1207 4400 Υἱὸν
1235 4348 1328 4402 τοῦ
1354 4349 1486 4402 Θεοῦ
1511 4352 1650 4403 εἴποι
1682 4351 1769 4414 ἂν,

176 4426 205 4477 6
259 4428 454 4498 δήκαὶ
513 4434 827 4506 Μάρκελλος
877 4439 1067 4502 ποιῶν,
1115 4440 1190 4503 ὡς
1236 4442 1327 4494 ἐπὶ
1382 4446 1770 4515 κρησφύγητον

1887 3327 2064 3379 omnia
2093 3343 2185 3393 per
2210 3327 2360 3381 illum
2390 3328 2533 3399 [acta
2560 3336 2704 3392 sunt,
2753 3339 2806 3383 et
2833 3329 2977 3398 quod
3009 3330 3123 3399 ipse
3155 3330 3316 3393 Deus,
3348 3328 3480 3385 Vel"

1885 3418 2010 3473 bum
2048 3420 2196 3486 illud,
2227 3437 2322 3491 per
2352 3437 2513 3492 quem
2560 3423 2743 3478 omnia
2802 3423 2942 3478 facta
2991 3433 3141 3488 sunt,
3183 3439 3215 3478 e
3248 3433 3476 3492 paterna

1886 3510 2260 3565 misericordia
2299 3529 2422 3565 caro
2460 3511 2601 3567 facta
2636 3515 2735 3578 sit,
2775 3523 2830 3568 et
2875 3513 2928 3568 in
2973 3514 3127 3567 nobis
3181 3512 3474 3567 habitavit.

1889 3607 1946 3665 ᾖ
1983 3602 2105 3656 Hmc
2137 3601 2372 3657 Joannes
2419 3603 2508 3658 ille
2550 3620 2777 3674 magnus
2825 3603 3028 3659 Christi
3072 3603 3372 3673 discipulus
3419 3614 3478 3658 et

1884 3693 2161 3760 apostolus
2208 3693 2637 3762 evangelizavit:
2687 3710 2877 3749 omnes
2928 3695 3146 3764 quidem
3224 3694 3476 3750 homines

1881 3784 2116 3838 edocens
2153 3800 2286 3839 nova
2319 3796 2373 3840 et
2418 3801 2620 3855 nupera
2673 3787 2983 3841 Servaloris
3027 3787 3323 3857 mysteria,
3359 3802 3466 3841 non

1880 3875 2020 3944 quod
2056 3885 2174 3930 erat
2202 3876 2342 3931 Deus
2393 3880 2605 3933 ratione
2659 3879 2962 3948 praeditus,
2997 3895 3104 3934 non
3156 3879 3299 3948 quod
3346 3879 3465 3948 ipse

1879 3968 2018 4035 aliud
2073 3984 2130 4023 se
2173 3971 2431 4040 cogitavit
2481 3980 2536 4026 et
2567 3986 2752 4026 secum
2786 3971 3088 4027 collocutus
3137 3973 3231 4036 sit,
3261 3969 3466 4044 Facia-

1878 4078 1992 4115 mus
2028 4063 2295 4116 hominem
2317 4103 2331 4127 ,
2371 4064 2620 4134 inquiens
2647 4104 2661 4129 ,
2696 4079 2796 4120 nec
2829 4071 2972 4134 quod
3007 4063 3189 4119 verbis
3238 4065 3310 4118 sit
3340 4078 3471 4118 usus

1879 4170 2056 4207 rerum
2088 4157 2448 4224 gerendarum
2486 4157 2884 4214 admonitoriis.
2930 4157 3036 4212 Ista
3077 4157 3221 4212 enim
3265 4156 3466 4225 quivis,

1876 4247 1966 4314 qui
2001 4244 2091 4299 Dei
2129 4247 2318 4300 Filium
2353 4249 2646 4318 abnegaret
2669 4293 2683 4317 ,
2727 4251 2910 4304 dicere
2955 4259 3174 4319 posset,
3203 4248 3464 4318 quemad-

1875 4337 2093 4391 modum
2141 4349 2197 4392 et
2244 4339 2533 4394 Marcellus
2576 4340 3001 4410 deprehenditur
3071 4341 3299 4404 fecisse,
3372 4339 3464 4410 qui

1876 4438 2133 4498 tauquam
2162 4431 2225 4485 ad
2254 4430 2520 4500 refugium
2547 4434 2817 4500 quoddam
2851 4447 2910 4487 se
2938 4433 3005 4485 ad
3040 4441 3281 4486 veterem
3315 4430 3467 4486 Serio

174 4518 270 4571 ἐπὶ
293 4519 393 4590 τὴν
423 4524 660 4579 παλαιὰν
709 4529 1038 4596 καταφεύγει
1069 4531 1313 4602 Γραφὴν,
1341 4535 1435 4586 καὶ
1471 4534 1540 4587 τά
1572 4536 1767 4604 νηπιά-

1892 4531 2084 4576 ituram
2122 4526 2424 4590 convertit,
2462 4540 2690 4594 qumque
2740 4526 3108 4579 infantissimo
3150 4525 3460 4579 Judaeorum

174 4607 323 4671 ζοντι
356 4612 435 4682 τῷ
470 4615 580 4686 (74)
633 4619 898 4674 Ἰουδαίων
943 4622 1057 4692 λαῷ
1091 4625 1219 4694 περὶ
1249 4624 1342 4677 τοῦ
1379 4625 1451 4695 μὴ
1481 4625 1763 4680 εἰδωλολα-

169 4701 346 4768 τρείν,
374 4702 469 4754 ἕνα
497 4703 551 4756 δὲ
578 4708 734 4776 μόνον
784 4710 979 4764 ειδέναι
1014 4730 1073 4764 τε
1119 4714 1212 4766 καὶ
1246 4713 1422 4767 σέϐειν
1453 4716 1584 4770 Θεὸν
1620 4735 1761 4790 παρα

169 4791 488 4881 ηγγξλμένα
543 4800 796 4868 συνάγειν
847 4806 1121 4875 πειρᾶται.
1161 4807 1327 4859 Ἔνθα
1363 4807 1457 4860 καὶ
1496 4809 1762 4881 ηύρόησεν

165 4878 324 4948 αὐτῷ
364 4883 396 4950 ή
443 4886 571 4954 περὶ
608 4889 701 4941 τοῦ
744 4891 862 4955 ἐνὸς
904 4893 1037 4947 Θεοῦ
1087 4897 1439 4961 διδασκαλία,
1474 4878 1760 4970 χρησίμως

162 4972 290 5024 τότε
334 4975 429 5025 καὶ
487 4980 628 5031 κατὰ
679 4985 870 5056 καιρὸν
944 4988 1423 5061 είδωλολατροῦσιν
1485 4993 1756 5058 Ἰουδαίοις

161 5065 604 5141 παραδεδομένη.
660 5075 769 5128 Καὶ
823 5077 886 5148 δὴ
938 5080 1171 5133 ἐνταῦθα
1239 5083 1592 5153 καταφυγὼν,
1662 5089 1754 5140 καὶ

157 5155 358 5249 ωσπερ
398 5160 455 5211 ὲν
488 5162 803 5236 ὀχυρώματι
837 5171 1026 5224 ἑαυτὸν
1059 5175 1125 5242 τῇ
1164 5173 1430 5245 Ἰουδαϊκῇ
1482 5179 1750 5249 περιφρά-

158 5245 263 5310 ξας
325 5251 761 5327 σκληροκαρδίᾳ,
809 5257 909 5328 τὴν
958 5259 1184 5331 ἄρνησιν
1238 5245 1751 5334 προύϐάλλετοήτοῦ

156 5343 297 5398 res
334 5345 428 5400 τοῦ
454 5346 610 5401 Θεοῦ.

238 5553 302 5617 ᾗ
333 5548 432 5606 Ed.
469 5551 670 5619 Paris.,
699 5569 822 5627 pag.
849 5557 976 5613 150.
1043 5558 1256 5615 “Joan.
1305 5576 1344 5632 t,
1382 5564 1470 5620 la.

258 5704 350 5840 702
377 5705 551 5775 Vulgo
582 5710 717 5781 πρὸς
745 5710 787 5772 ὅ.

258 5775 311 5832 71
374 5778 517 5840 Πρὸς
545 5779 731 5840 ἕτερον
774 5783 787 5835 l

224 5778 342 5918 8;)
374 5778 517 5850 Πρὸς
545 5778 731 5852 ἕτερον
774 5783 838 5836 Ii.

321 5848 340 5914 )
373 5847 538 5918 Vulgo
563 5850 711 5904 τόνδε
747 5870 838 5918 πρε

252 5846 340 5914 72)
373 5846 538 5920 vulgo
563 5846 711 5904 τόνδε
747 5853 1051 5926 προφήτην.

1873 4612 2070 4681 pupulo
2098 4615 2288 4668 tradita
2317 4617 2588 4684 quondam
2635 4615 2886 4680 fuerant,
2925 4617 2990 4670 de
3025 4631 3130 4670 non
3168 4616 3462 4670 aderandis

1874 4703 2048 4768 idolis,
2095 4705 2189 4759 sed
2228 4707 2316 4759 uni
2370 4707 2478 4761 Deo
2526 4710 2926 4778 cognoscendo,
2975 4709 3371 4776 serviendoque
3404 4707 3458 4762 in

1872 4807 2037 4846 unum
2074 4799 2290 4864 coegit:
2326 4796 2414 4849 ubi
2461 4796 2706 4851 doctrina
2753 4799 2820 4854 de
2870 4799 2981 4853 Deo
3031 4798 3144 4854 solo
3176 4807 3230 4853 et
3261 4814 3368 4853 uno
3407 4798 3456 4854 ei

1869 4886 2133 4938 successit
2157 4886 2390 4951 abunde,
2420 4898 2606 4956 utpote
2636 4904 2756 4958 quae
2806 4891 3013 4946 utiliter
3058 4890 3371 4956 admodum,
3402 4902 3458 4946 et

1866 4985 2169 5044 opportune
2187 4977 2482 5033 idololatris
2502 4978 2702 5036 Judaeis
2723 4982 3056 5038 tradebatur.
3077 4983 3192 5048 Quo
3217 4983 3304 5038 ille
3334 4997 3454 5037 sese

1863 5068 2171 5134 conferens,
2207 5081 2261 5124 et
2285 5069 2509 5126 Judaica
2562 5073 2748 5127 cordis
2777 5074 3000 5142 duritia,
3033 5076 3198 5130 veluti
3244 5076 3452 5129 munito

1857 5162 2092 5230 quodam
2141 5165 2546 5232 propugnaculo
2579 5166 2839 5236 vallatus,
2867 5170 2934 5226 ad
2973 5169 3172 5226 Filium
3218 5171 3313 5226 Dei
3350 5185 3448 5224 ne-

1858 5252 2089 5322 gandum
2118 5255 2407 5325 processit.

1946 5721 2034 5798 '_7_3>)
2055 5720 2240 5798 _Yu_lgo
2268 5738 2373 5798 o_m.
2401 5726 2507 5798 γάρ

1913 5793 2028 5864 (74)
2055 5793 2222 5864 Vulgo
2246 5793 2374 5850 τῶν.
