4032 6442
237 395 349 456 N5

1176 391 1267 450 DE
1316 393 1850 453 ECCLESIASTICA
1888 394 2280 454 THEOLOGIA
2316 395 2444 454 LIB.
2484 396 2548 454 ll.

3408 400 3515 462 946

243 534 267 572 s
306 532 450 584 σου,
476 516 546 583 ἐξ
569 515 719 585 ὅλης
738 513 851 584 τῆς
904 511 1117 584 ψυχῆς
1142 511 1256 586 (82)
1285 527 1424 577 σου,
1453 511 1554 568 καί
1592 512 1662 578 ἐξ
1685 512 1823 581 ὅλης

1943 531 1961 565 ι
1999 513 2144 568 Audi
2173 513 2367 582 Israel,
2399 513 2662 572 Dominus
2693 513 2836 572 Deus
2866 524 3061 584 noster,
3090 515 3233 574 Deus
3256 534 3391 575 unus
3410 531 3510 582 est.

238 629 263 665 ι
297 609 411 680 τῆς
425 611 639 680 ἰσχύος
661 607 977 674 σου.Δῦτη
998 606 1218 674 πρώττΓ
1249 604 1352 658 καὶ
1382 603 1634 674 δευτέρα
1653 606 1829 674 ὁμοιά

241 723 261 756 e
296 705 506 772 ταύτῃ·
525 699 874 773 Ἀγαπήσεις
883 698 990 755 τὸν
1007 699 1276 767 πλησίον
1303 713 1420 753 σου
1435 698 1517 764 ὡς
1542 697 1825 752 σεαυτόν.

242 813 264 848 s
301 794 528 858 Μείζων
567 794 796 849 τούτων
823 791 985 860 ἄλλη
1013 789 1236 860 ἐντολὴ
1265 791 1379 844 οὐκ
1409 790 1564 844 ἐστι.
1609 789 1722 843 Kal.
1751 783 1830 843 el-

243 905 262 940 s
291 904 395 942 πεν
433 885 582 958 αὐτῷ
615 888 644 942 6
674 884 1057 958 γραμματεύςο
1096 882 1329 951 Καλῶς,
1353 883 1708 949 διὸάσκαλε,
1733 881 1827 936 ἐπ’

241 997 263 1033 s
301 979 588 1048 ἀληθείας
637 975 830 1046 εἶπας,
873 979 964 1032 ὅτι
1006 971 1096 1044 εἷς
1140 978 1313 1032 ἐστιν
1334 979 1368 1032 ό
1398 975 1546 1044 Θεὸς
1573 975 1674 1031 καὶ
1716 977 1828 1030 οὐκ

243 1091 267 1125 e
297 1074 434 1128 ἔστι
459 1071 630 1141 πλὴν
659 1071 867 1127 αὐτοῦ.
908 1070 1047 1125 Ἀλλ’
1093 1071 1122 1124 6
1167 1070 1266 1142 μὲν
1313 1069 1697 1142 γραμματεὺς,
1739 1067 1830 1122 διὰ

243 1182 264 1216 s
299 1162 398 1217 τοῦ
424 1163 593 1234 νόμου
629 1164 732 1235 τὴν
757 1163 870 1235 (85)
897 1161 1206 1216 θεοσέϐειαν
1233 1159 1610 1233 μεμαθηκέναι
1632 1160 1825 1226 δοκῶν,

241 1277 264 1312 s
300 1257 541 1313 ἐπαινῶν
573 1257 634 1312 τὸ
663 1256 759 1312 τοῦ
787 1256 1038 1329 Σωτῆρος
1083 1255 1246 1327 ῥητὸν
1277 1256 1549 1324 φαίνεται,
1596 1256 1825 1318 Ἄκουε,

243 1368 266 1404 e
301 1347 570 1418 Ἰσραὴλ,
599 1346 792 1416 λέγων,
823 1347 1038 1415 Κύριος
1064 1349 1097 1399 ὀ
1129 1345 1272 1411 Θεὸς
1291 1360 1408 1399 σου
1432 1338 1520 1410 εἷς
1549 1345 1699 1398 ἐστι’
1733 1344 1828 1396 καὶ

242 1459 264 1492 s
302 1439 454 1511 ὅρκῳ
513 1436 693 1502 καλῶς
727 1436 976 1508 εἰρῆσθαι
1031 1436 1441 1506 πιστευόμενος·
1512 1434 1630 1487 Ἐπ’
1675 1436 1828 1502 ἀλη-

245 1551 266 1585 e
309 1532 475 1598 θείας
521 1531 651 1602 γὰρ,
706 1531 893 1601 φησιν,
920 1525 1115 1596 εἷπας,
1144 1528 1234 1582 ὅτι
1261 1523 1363 1594 είς.
1379 1529 1551 1582 ἐστιν
1581 1530 1614 1582 ὸ
1659 1526 1825 1594 Θεὸς,

243 1643 266 1678 s
311 1624 412 1678 καὶ
434 1624 544 1678 οὐκ
570 1623 742 1678 ἐστιν
768 1622 959 1689 ἄλλος
991 1621 1158 1691 πλὴν
1181 1621 1390 1676 αὑτοῦ.
1425 1623 1490 1674 Ol
1529 1621 1587 1675 δὲ
1628 1621 1698 1674 τὰ
1729 1622 1830 1692 τῆς

243 1737 265 1769 s
309 1717 455 1779 Νέας
481 1715 754 1786 Διαθήκης
787 1714 1080 1786 αὐχοῦντες
1119 1713 1315 1768 ειδέναι
1362 1717 1658 1786 μυστήρια,
1684 1706 1828 1767 οὗτοι

1933 626 1953 661 ι
1997 607 2066 664 Ει
2099 608 2286 678 diliges
2312 607 2605 664 Dominum
2627 605 2795 663 Deum
2823 615 2973 661 tuum
2997 622 3064 663 ea:
3085 617 3194 663 toto
3218 610 3375 665 corde
3396 619 3513 678 tuo,

1932 719 1951 752 ι
1989 709 2042 755 et
2080 716 2146 756 er.
2179 709 2292 754 tota
2336 699 2520 754 anima
2561 709 2675 764 tua,
2706 707 2756 753 et
2800 713 2868 754 ea:
2895 708 3006 753 tota
3030 708 3201 755 mente
3224 710 3338 767 tua,
3364 711 3417 758 et
3447 719 3515 758 ea:

1933 809 1952 842 e
1994 798 2108 846 tota
2163 790 2356 846 uirtute
2405 798 2524 845 tua.
2583 788 2702 844 Hoc
2747 798 2824 845 est
2876 789 3108 857 primum
3165 797 3217 846 et
3262 808 3515 863 magnum

1932 899 1953 935 ι
1995 882 2328 936 mandatum.
2382 880 2692 939 Secundum
2731 889 2909 936 autent
2936 881 3109 938 simile
3135 893 3214 938 est
3234 883 3334 950 illi,
3365 884 3514 940 Dili-

1933 991 1953 1027 ι
1987 989 2076 1045 ges
2100 974 2396 1044 proximum
2425 984 2575 1028 tuum
2626 982 2878 1043 tanquam
2915 973 3162 1042 teipsum.
3193 972 3375 1046 Majus
3412 976 3513 1030 lto-

1933 1084 1953 1118 e
1991 1082 2108 1121 rum
2132 1066 2282 1120 aliud
2313 1065 2630 1121 mandatum
2680 1081 2786 1119 non
2833 1075 2930 1120 est.
2986 1063 3056 1120 Et
3080 1064 3162 1121 ait
3190 1065 3266 1122 illi
3292 1067 3509 1124 scriba:

1933 1177 1952 1210 ι
1985 1156 2127 1213 Bene
2168 1158 2441 1229 magister,
2487 1158 2545 1211 in
2587 1157 2809 1212 veritate
2839 1156 3049 1224 dixisti,
3096 1155 3239 1224 Quia
3271 1175 3407 1214 unus
3437 1170 3513 1214 est

1933 1269 1951 1302 ι
1990 1249 2152 1316 Deus,
2181 1260 2233 1306 et
2262 1266 2370 1304 non
2396 1259 2474 1304 est
2499 1248 2637 1305 alius
2657 1258 2850 1320 prater
2869 1265 2989 1305 eum
3011 1249 3077 1305 ⁸⁸.
3106 1248 3299 1308 Scriba
3330 1260 3514 1307 autem

1933 1361 1952 1394 ι
1991 1342 2119 1409 iste,
2152 1350 2209 1399 et
2251 1341 2370 1413 lege
2405 1339 2631 1396 edoctus
2675 1340 2934 1410 pietatem
2964 1347 3022 1397 et
3047 1356 3237 1399 verum
3268 1343 3362 1399 Dei
3394 1343 3514 1398 cul-

1933 1441 2124 1499 etum,
2175 1431 2394 1487 videtur
2442 1428 2784 1486 collaudasse
2846 1429 2979 1486 illud
3029 1430 3232 1487 dictum
3312 1431 3512 1488 Salva-

1933 1541 1952 1574 ι
1997 1521 2158 1588 toris,
2195 1521 2360 1587 Audi,
2391 1520 2586 1586 Israel,
2609 1520 2870 1575 Dominus
2885 1519 3028 1577 Deus
3053 1531 3198 1588 tuus,
3219 1520 3362 1577 Deus
3377 1537 3514 1578 unus

1934 1633 1954 1667 ι
1992 1622 2070 1669 est
2100 1654 2117 1681 ,
2167 1622 2222 1671 et
2261 1617 2576 1686 iuramento
2620 1613 2944 1683 interposito
2980 1612 3119 1671 bene
3151 1615 3356 1672 dictum
3384 1629 3516 1673 con-

1937 1724 1955 1757 ι
1995 1706 2261 1774 lirmasse,
2314 1706 2567 1778 inquiens
2597 1722 2613 1762 :
2641 1704 2712 1760 In
2743 1705 2960 1760 veritate
2985 1705 3113 1761 bene
3132 1707 3340 1773 dixisti,
3373 1707 3517 1778 quod

245 1831 266 1865 s
309 1810 406 1866 καὶ
427 1809 678 1881 δεύτερον
699 1808 1058 1863 ἀναπλάττειν
1074 1807 1206 1862 Θεὸν
1227 1807 1508 1878 βούλονται
1530 1807 1823 1861 ὑποστάσει

1939 1817 1956 1850 ι
1996 1814 2130 1852 unus
2161 1797 2300 1853 Deus
2336 1807 2436 1863 est,
2481 1813 2587 1852 non
2633 1806 2711 1852 est
2748 1795 2888 1851 alius
2918 1794 2986 1851 ab
3029 1795 3144 1853 illo.
3191 1798 3267 1854 At
3315 1798 3408 1868 qui
3454 1811 3519 1855 se

243 1921 266 1955 ε
304 1904 398 1956 καὶ
441 1867 666 1972 δυνάμει
722 1897 1088 1971 χωριζόμενον
1148 1867 1243 1952 τού
1283 1899 1518 1972 Πατρός.
1556 1918 1574 1952 ι
1606 1897 1823 1964 Τούτοις

1935 1907 1954 1940 s
1996 1889 2305 1961 gloriantur
2353 1887 2486 1945 Novi
2517 1889 2856 1945 Tcstamenti
2893 1889 3156 1958 mysteria
3188 1889 3519 1963 intelligere,

237 1990 562 2064 προστίθησι
630 1989 1055 2055 κατασκευάζων
1093 1991 1177 2043 ὃτι
1226 1985 1305 2054 εἷς
1354 1991 1506 2044 ἐστιν
1569 1993 1598 2044 6
1671 1991 1824 2056 Θεὸς,

237 2079 339 2135 καὶ
359 2081 440 2134 bu
471 2080 544 2150 μή
576 2079 722 2132 ἐστιν
754 2078 884 2143 Υἱὸς
915 2078 1002 2133 διὰ
1026 2081 1253 2134 τούτων.
1297 2099 1316 2132 ι
1357 2081 1483 2135 Ὅτι
1518 2081 1575 2135 δὲ
1606 2081 1704 2150 τὴν
1732 2099 1828 2152 μο-

239 2189 264 2224 e
301 2169 432 2224 νάδα
462 2169 664 2241 Κύριον
697 2169 791 2222 καὶ
839 2168 972 2222 Θεὸν
1015 2163 1124 2222 οἶδε
1153 2169 1337 2223 καλεῖν
1376 2169 1410 2241 ἡ
1453 2168 1572 2222 θεία
1613 2169 1824 2241 Γραφὴ,

239 2283 261 2316 s
303 2263 406 2335 ἢδη
433 2263 528 2317 καὶ
579 2263 643 2316 ὲκ
673 2261 781 2316 τῶν
811 2262 1228 2334 προειρημένων
1252 2262 1410 2333 δῆλον
1439 2262 1631 2333 γέγονε
1657 2263 1724 2316 δι’
1751 2257 1826 2317 ὧν

241 2375 262 2408 e
305 2357 442 2427 πρὸς
490 2357 582 2412 τὸν
631 2355 824 2410 ἑαυτοῦ
869 2355 1178 2428 θεράποντα
1218 2355 1423 2410 Μωσέα
1463 2357 1492 2410 6
1540 2356 1670 2421 Θεὸς
1698 2356 1822 2427 ἔφη·

241 2465 263 2500 e
305 2442 450 2501 Εἷπε
476 2445 544 2499 δὲ
567 2449 598 2499 ὸ
626 2444 771 2512 Θεὸς
801 2445 990 2500 πάλιν
1017 2445 1169 2514 πρὸς
1200 2443 1435 2498 Μωσέαο
1461 2444 1660 2510 Οὕτως
1673 2443 1827 2513 ἐρεῖς

1935 1999 1953 2033 ι
1995 1980 2292 2037 secundum
2335 1980 2438 2036 sibi
2482 1981 2798 2055 conﬁngere
2835 1982 3005 2038 Deum
3039 1982 3128 2038 isti
3169 1982 3379 2049 volunt,
3415 1981 3518 2053 by-

1934 2092 1954 2125 (
1992 2073 2194 2145 postasi
2225 2073 2446 2142 quidem
2480 2075 2632 2130 illum
2672 2085 2729 2132 et
2760 2075 3004 2147 potentia
3033 2089 3065 2130 a
3099 2072 3262 2129 Patre
3292 2087 3520 2144 separa-

1935 2185 1954 2220 ι
1992 2175 2126 2222 tum.
2163 2184 2189 2221 ι
2230 2173 2290 2232 ›Ῑ‹
2329 2167 2751 2239 Subsequuntur
2783 2168 2984 2241 quibus
3018 2166 3372 2225 constabilire
3399 2166 3520 2223 vult

1930 2275 2095 2315 unum
2142 2273 2264 2315 esse
2287 2260 2454 2315 Deum
2481 2274 2497 2314 :
2520 2270 2574 2316 et
2605 2261 2750 2332 quod
2789 2276 2898 2318 non
2925 2261 3210 2331 sitFilius,
3229 2262 3330 2319 ista
3357 2277 3515 2319 nem-

1929 2368 2016 2424 pe.
2047 2371 2065 2404 e
2102 2350 2222 2408 Jam
2239 2355 2985 2412 certeconstatetmanifeste
3007 2355 3062 2411 in
3085 2354 3518 2424 pmcedentibus

1933 2466 1951 2498 ι
1993 2446 2327 2503 declaratum
2357 2457 2462 2513 est,
2497 2448 2646 2517 quod
2676 2449 2828 2505 novit
2851 2458 3200 2506 sacrosancta
3231 2447 3519 2520 Scriptura

239 2558 263 2592 ι
301 2537 426 2605 τοῖς
454 2537 605 2604 υίοῒς
638 2535 874 2607 Ἰσραήλ
901 2536 1032 2609 (84)’
1071 2538 1286 2604 Κύριος
1320 2539 1353 2591 ὸ
1381 2537 1526 2601 Θεὸς
1562 2534 1678 2588 τῶν
1713 2550 1823 2589 πα-

1934 2558 1952 2590 ι
1987 2540 2255 2597 unitatem
2291 2539 2463 2597 Deum
2518 2551 2688 2615 atque
2721 2542 3009 2598 Dominum
3047 2541 3334 2598 nominare
3364 2559 3380 2597 :
3422 2540 3520 2598 ubi

239 2650 261 2684 e
311 2629 495 2698 τέρων
526 2627 711 2698 ὑμῶν,
747 2631 781 2684 ὸ
801 2625 945 2695 Θεὸς
984 2626 1232 2696 Ἀϐραὰμ
1259 2626 1358 2680 καὶ
1385 2629 1416 2681 ό
1447 2625 1592 2692 Θεὸς
1629 2625 1823 2681 Ἰσαὰκ

1935 2653 1952 2686 ι
1991 2635 2072 2690 sic
2120 2633 2322 2690 aﬂatur
2353 2634 2618 2691 famulum
2650 2651 2808 2692 suum
2853 2633 3057 2692 Mosem
3089 2648 3107 2690 :
3145 2635 3292 2690 Dixit
3339 2643 3519 2690 autem

239 2740 262 2774 s
305 2721 405 2774 ml
442 2724 478 2775 ὁ
516 2719 660 2786 Θεὸς
700 2717 914 2783 Ἰακὼϐ,
951 2717 1302 2772 ἀπέσταλκέ
1322 2734 1397 2786 με
1419 2717 1568 2786 πρὸς
1594 2716 1767 2787 ὑμᾶς.
1801 2736 1820 2768 ι

1932 2747 1952 2780 ι
1992 2727 2135 2784 Deus
2181 2729 2377 2784 iterum
2425 2730 2494 2786 ad
2535 2729 2760 2796 llosem,
2803 2729 2880 2785 sic
2928 2729 3069 2786 dices
3098 2727 3259 2784 Filiis
3293 2726 3519 2784 Israel:

248 2815 416 2888 Ὁρᾷς
448 2814 614 2877 ὅπως,
649 2812 708 2866 ἒν
745 2812 1052 2875 ἐπιδεικνὺς
1089 2812 1219 2882 ἡμῖν
1251 2810 1482 2864 ἐνταῦθα
1511 2810 1822 2881 πρόσωπον,

1933 2838 1952 2870 ι
1989 2819 2248 2875 Dominus
2276 2818 2418 2876 Deus
2461 2831 2674 2892 patrum
2689 2829 3015 2887 vestrorum,
3049 2818 3193 2875 Deus
3220 2816 3518 2887 Abraham,

230 2907 302 2960 τὸ
343 2905 476 2960 αὐτὸ
531 2907 736 2979 Κύριον
778 2905 874 2958 καὶ
915 2904 1048 2958 Θεὸν
1096 2902 1508 2975 προσαγορεύει.
1556 2900 1723 2968 Αὖθίς
1763 2920 1823 2957 τε

1933 2930 1950 2960 ι
1987 2908 2126 2965 Deus
2156 2909 2336 2978 Isaac,
2376 2921 2425 2966 et
2473 2911 2614 2966 Deus
2641 2910 2810 2966 Iacob
2842 2910 2987 2966 misit
3031 2926 3114 2965 me
3153 2911 3223 2964 ad
3273 2927 3362 2966 vos
3396 2909 3459 2964 ”.
3492 2928 3514 2962 ι

231 3001 440 3072 ὁμοίως
452 3002 486 3072 ἡ
504 2999 694 3073 Γραφὴ
705 2999 874 3068 λέγει·
889 2999 999 3053 Ka‘t
1016 2998 1243 3067 ὲλάλησε
1263 2997 1463 3070 Κύριος
1476 2997 1686 3061 πάντας
1699 2997 1823 3061 τοὺς

1930 2999 2093 3056 Vides
2121 3000 2202 3056 uti
2243 3016 2368 3056 cum
2397 3001 2489 3058 hic
2526 3001 2745 3057 unicam
2784 3015 3075 3073 personam
3116 3001 3331 3065 doceat,
3363 3015 3517 3055 eam-

233 3090 430 3158 λόγους
464 3089 686 3153 τούτους
710 3088 902 3157 λέγων·
951 3087 1095 3158 Ἐγὼ
1118 3088 1333 3156 Κύριος
1363 3089 1396 3142 ό
1438 3087 1583 3150 Θεός
1615 3099 1754 3150 σου,
1791 3087 1823 3139 ὁ

1928 3092 2051 3147 dem
2082 3101 2134 3147 et
2162 3091 2450 3148 Dominum
2479 3093 2715 3164 appellet
2735 3100 2790 3149 et
2812 3092 3005 3148 Deum.
3051 3091 3160 3147 Sed
3210 3100 3268 3148 et
3314 3091 3517 3148 iterum

231 3183 544 3253 ἐξαγαγών
572 3196 646 3236 σε
664 3181 734 3235 ἐκ
757 3180 871 3251 τῆς
885 3180 1205 3248 Αἰγύπτου,
1227 3178 1297 3243 ἐξ
1327 3178 1498 3233 οἴκου
1518 3178 1820 3244 δουλείαςο

1930 3184 2211 3254 Scriptura
2267 3184 2344 3241 ita
2406 3179 2692 3256 loquitur:
2751 3182 2820 3240 Et
2864 3185 3082 3240 locutus
3121 3193 3207 3240 est
3254 3183 3518 3241 Dominus

232 3277 350 3332 οὐκ
395 3274 644 3329 ἔσονταί
677 3287 777 3327 σοι
816 3271 938 3328 θεοὶ
961 3271 1149 3340 ἕτεροι
1183 3270 1352 3340 πλὴν
1373 3270 1542 3341 ἐμοῦ.
1582 3270 1826 3335 ’Δκούεις

232 3368 386 3430 ὃπως
418 3364 506 3419 διὰ
536 3367 636 3436 τῆς
671 3363 1016 3434 ἀντωνυμίας
1043 3363 1139 3415 ἕνα
1172 3357 1314 3414 εἶναι
1335 3361 1467 3416 Θεὸν
1503 3361 1662 3432 μόνον
1691 3361 1827 3415 ἀπο-

233 3455 508 3528 φαίνεται.
572 3454 684 3507 Καὶ
739 3449 894 3516 αὖθις
944 3451 1136 3524 μικρὸν
1190 3450 1434 3523 ὕστερον,
1505 3449 1653 3521 Ἐγώ
1707 3453 1825 3521 εἰμι

234 3549 452 3617 Κύριος
475 3549 509 3601 ὁ
540 3547 686 3612 Θεός
722 3560 863 3608 σου,
904 3544 1086 3614 φησιν·
1121 3543 1311 3598 ἑαυτὸν
1344 3542 1548 3614 Κύριον
1580 3542 1673 3598 καὶ
1691 3543 1825 3596 Θεὸν

234 3638 378 3697 εἶναι
405 3638 598 3710 λέγων.
649 3638 714 3691 Τί
753 3637 811 3690 δὲ
852 3637 948 3690 καὶ
984 3637 1052 3689 δι’
1102 3637 1294 3708 ἑτέρας
1338 3636 1558 3709 γραφῆς
1615 3634 1823 3707 μανθά-

232 3733 564 3806 νομεν;Καὶ
580 3731 786 3802 γνώσῃ
813 3730 1099 3800 σήμερον,
1124 3729 1278 3802 φησὶ,
1308 3729 1408 3783 καὶ
1432 3730 1507 3784 οὐ
1539 3729 1822 3799 διαστρα-

234 3827 406 3898 prima
439 3823 512 3893 τῇ
557 3823 809 3892 διανοίᾳ,
860 3823 952 3876 ὅτι
997 3823 1213 3891 Κύριος
1246 3825 1278 3875 ό
1305 3823 1450 3889 Θεός
1475 3837 1615 3887 σου,
1644 3817 1825 3889 οὖτος

237 3919 383 3985 Θεὸς
405 3915 569 3984 ἐντῷ
595 3914 828 3985 οὐρανῷ
848 3915 950 3970 καὶ
969 3915 1068 3970 ἐπὶ
1101 3914 1214 3984 τῆς
1239 3915 1352 3987 γῆς
1369 3914 1550 3981 κάτω,
1582 3916 1683 3970 καὶ
1710 3917 1824 3972 οὐκ

233 4011 368 4067 ἔστι
391 4008 560 4079 πλὴν
590 4009 797 4066 αὐτοῦ.
831 4009 942 4062 Καὶ
970 4004 1128 4074 αὖθις
1155 4012 1214 4062 ἐν
1232 4008 1312 4080 τῷ
1340 4009 1490 4080 αύτῷ
1511 4011 1824 4082 Δευτερονο-

237 4104 370 4176 μίῳ,
412 4105 653 4167 Ἄκουε,
687 4101 948 4172 Ἰσραὴλ,
985 4103 1140 4174 φησὶ,
1165 4103 1378 4172 Κύριος
1400 4105 1432 4157 d
1463 4102 1608 4170 Θεὸς
1633 4099 1820 4172 ὑμῶν,

233 4197 452 4264 Κύριος
478 4191 566 4262 εἷς
593 4195 744 4249 ἐστι’
779 4195 876 4249 καί
915 4194 1250 4266 ἀγαπήσεις
1293 4195 1513 4263 Κύριον
1536 4195 1645 4249 τὸν
1674 4197 1822 4251 Θεόν

233 4303 355 4344 σου
406 4287 476 4353 ἐξ
528 4287 678 4356 ὅλης
721 4287 830 4357 τῆς
859 4286 1106 4357 καρδίας
1130 4304 1269 4351 σου,
1302 4287 1402 4342 καὶ
1433 4287 1503 4353 ἐξ
1529 4287 1680 4356 ὅλης
1702 4290 1818 4358 ψυ-

233 4377 352 4451 χῆς
389 4394 530 4444 σου,
583 4379 681 4433 καὶ
706 4379 775 4445 ἐξ
809 4379 960 4447 ὅλης
978 4377 1266 4446 διανοίας.
1299 4380 1410 4433 Καὶ
1448 4379 1610 4434 πάλιν
1635 4380 1693 4434 ὲν
1739 4378 1820 4451 τῷ

233 4470 620 4543 αὐτῷ-Ἴδετε,
652 4472 826 4536 ἴδετε,
846 4469 933 4525 ὅτι
961 4470 1074 4541 ἐγώ
1095 4473 1228 4542 ειμι,
1257 4471 1355 4525 καὶ
1378 4474 1491 4526 οὐκ
1516 4471 1648 4526 ἔστι
1675 4471 1820 4538 Θεὸς

1927 3279 2108 3334 omnia
2148 3278 2264 3333 lunc
2317 3279 2505 3343 verba,
2560 3277 2812 3348 inquiens
2853 3291 2870 3331 ι
2937 3275 3053 3347 Ego
3081 3275 3343 3332 Dominus
3377 3274 3521 3332 Deus

1931 3381 2053 3425 tuus
2076 3411 2093 3438 ,
2159 3371 2253 3443 qui
2307 3381 2356 3425 te
2386 3370 2544 3425 eduxi
2574 3369 2641 3425 de
2678 3379 2824 3425 terra
2845 3369 3085 3441 Egypti,
3109 3368 3176 3425 de
3215 3369 3373 3424 domo
3405 3375 3521 3424 ser'—

1929 3463 2130 3517 vitutis.
2189 3459 2314 3517 Non
2365 3473 2516 3517 erunt
2563 3462 2659 3516 tibi
2716 3462 2795 3517 dii
2863 3460 2958 3516 alii
2983 3459 3376 3530 prmterme".
3424 3456 3518 3516 Vi-

1927 3553 2025 3609 des
2073 3563 2132 3608 ut
2174 3568 2270 3624 per
2309 3567 2608 3624 pronomen
2651 3553 2741 3608 hic
2769 3569 2936 3608 unum
2961 3551 3132 3608 Deum
3163 3551 3340 3608 solum
3373 3551 3516 3608 indi-

1927 3658 2032 3703 cet.
2085 3646 2153 3702 Et
2197 3655 2320 3718 post
2369 3661 2541 3717 pauca
2569 3664 2584 3702 :
2613 3645 2726 3718 Ego
2757 3663 2874 3702 sum
2905 3645 3160 3701 Dominus
3194 3644 3339 3700 Deus
3369 3653 3528 3714 tuus,

1927 3739 2105 3810 inquit
2129 3739 2175 3771 ²¹
2205 3757 2219 3794 :
2257 3752 2318 3795 se
2350 3748 2407 3794 et
2436 3733 2607 3794 Deum
2651 3752 2773 3793 esse
2806 3736 3096 3808 proﬁtetur
3135 3743 3302 3807 atque
3326 3735 3516 3792 Domi-

1925 3846 2080 3886 num.
2112 3829 2268 3899 Quod
2299 3839 2355 3886 et
2379 3829 2448 3886 ab
2484 3829 2589 3885 alia
2620 3829 2900 3899 Scriptura
2935 3829 3254 3896 edocemur,
3281 3844 3404 3900 qua
3431 3828 3514 3886 sic

1925 3920 2186 3992 loquitur,
2222 3919 2514 3991 Cognosces
2557 3918 2712 3972 hodie
2749 3933 2912 3988 neque
2942 3917 3265 3988 cogitatione
3289 3931 3511 3987 peruer-

1924 4013 2074 4078 teris,
2114 4013 2256 4084 quod
2283 4011 2539 4067 Dominus
2566 4010 2710 4066 Deus
2738 4019 2879 4076 tuus,
2905 4009 3050 4066 Deus
3080 4009 3170 4064 ille
3209 4009 3278 4064 sit
3301 4011 3360 4064 in
3383 4008 3516 4064 coelo

1925 4113 1972 4159 et
2002 4120 2159 4174 super
2190 4117 2387 4159 terram
2413 4119 2435 4159 :
2458 4113 2506 4158 et
2536 4119 2642 4158 non
2671 4111 2746 4157 est
2799 4111 2991 4171 preeter
3037 4117 3158 4156 eum
3185 4102 3253 4155 ¹¹.
3304 4100 3508 4157 lterum

1924 4197 2106 4253 denuo
2138 4196 2194 4251 in
2223 4195 2649 4252 Deuleronomio
2693 4194 2790 4261 ait,
2827 4193 2991 4262 Audi,
3021 4192 3221 4261 Israel,
3249 4192 3513 4249 Dominus

1925 4288 2066 4344 Deus
2119 4301 2323 4356 vester,
2375 4287 2515 4343 Deus
2539 4303 2678 4342 unus
2727 4295 2848 4342 est:
2891 4293 2943 4341 et
2989 4285 3178 4358 diliges
3229 4285 3516 4342 Dominum

1925 4380 2096 4437 Deum
2138 4391 2287 4436 tuum
2316 4396 2345 4436 ο
2381 4388 2491 4436 toto
2525 4381 2681 4435 corde
2718 4391 2810 4435 tuo
2853 4388 2904 4434 et
2952 4388 3067 4435 tota
3106 4380 3287 4434 anima
3325 4389 3419 4434 tua
3441 4379 3515 4438 ⁸³.

1925 4475 1992 4530 Ει
2036 4474 2090 4530 in
2143 4472 2334 4532 eodem
2384 4471 2580 4529 iterum
2609 4492 2624 4527 :
2665 4469 2867 4537 Videte,
2891 4472 3074 4536 uidete,
3104 4471 3246 4542 quod
3273 4486 3368 4542 ego
3395 4485 3514 4524 sum

233 4561 404 4631 πλὴν
430 4562 598 4632 ἐμοῦ,
633 4561 749 4632 ἐγὼ
780 4561 1088 4618 ἀποκτενῶ
1125 4561 1224 4616 καὶ
1273 4560 1382 4630 ζῇν
1423 4563 1677 4630 ποιήσω,
1710 4580 1820 4616 πα-

1928 4578 1970 4622 et
2011 4583 2114 4621 non
2142 4576 2216 4620 est
2246 4565 2375 4619 deus
2425 4573 2618 4633 praeter
2654 4578 2758 4621 me.
2806 4561 2920 4633 Ego
2960 4562 3220 4630 occidam,
3257 4570 3307 4616 et
3349 4560 3515 4614 vivere

231 4655 392 4720 τάξω
431 4656 532 4709 καὶ
574 4655 835 4725 ἰάσομαι.
872 4653 996 4719 Πῶς
1024 4650 1116 4708 οὖν
1151 4654 1444 4727 Ἀστέριος,
1482 4657 1603 4720 ταῖς
1634 4655 1821 4726 ἁγίαις

231 4746 478 4820 Γραφαῖς
526 4747 713 4812 ἁπλῶς
741 4748 836 4801 καὶ
857 4747 1111 4819 ἐμφόὸως
1145 4747 1461 4801 ἀκολουθεῖν
1489 4747 1820 4819 προσποιού-

235 4855 416 4910 μενος,
445 4840 544 4892 οὐκ
589 4839 731 4908 ἔγνω
765 4839 827 4892 τὸ
863 4839 1028 4911 μέρος
1057 4838 1215 4893 τοῦτο
1233 4839 1410 4909 λέγονο
1451 4839 1565 4913 (85)
1602 4841 1820 4910 Κύριος

229 4935 266 4988 ὁ
301 4935 443 4999 Θεός
481 4947 619 4996 σου,
655 4926 834 4998 οὗτος
887 4933 1030 4998 Θεὸς
1068 4931 1180 5003 (86)
1206 4931 1276 4986 ἐν
1313 4931 1394 4998 τῷ
1416 4931 1670 5000 οὐρανῷ,
1717 4932 1819 4987 καὶ

226 5022 328 5076 ἐπὶ
360 5020 468 5090 τῆς
494 5019 608 5092 τῆς
628 5021 804 5084 κάτω,
839 5021 938 5074 καὶ
965 5022 1077 5076 οὐκ
1111 5021 1243 5075 ἐστι
1271 5020 1439 5090 πλὴν
1465 5021 1675 5076 αὑτοῦ.
1707 5021 1818 5076 Καὶ

225 5117 315 5172 ὃτι
354 5112 433 5179 εἷς
479 5114 623 5169 ἔστιν
672 5114 751 5168 ἔτι
782 5114 878 5168 καὶ
903 5113 1042 5186 πλὴν
1084 5113 1251 5169 αὑτοῦ
1296 5115 1397 5169 οὐκ
1431 5113 1578 5170 ἔστιν
1602 5115 1810 5188 ἕτερος.

227 5207 342 5262 Καὶ
362 5205 477 5276 μεθ’
493 5205 654 5276 Ξτερα
669 5203 880 5268 τούτοις
893 5198 1049 5269 αὖθις
1063 5203 1386 5276 προστίθησι
1408 5203 1604 5273 λέγων·
1627 5222 1648 5258 t
1688 5204 1814 5271 Πῶς

309 5393 367 5449 >11
404 5386 504 5442 Ed.
532 5386 731 5458 Paris.,
767 5405 891 5458 pag.
923 5388 1047 5445 152.
1200 5389 1244 5420 "'
1269 5386 1437 5446 Marc.
1480 5405 1578 5457 xu,
1617 5390 1808 5448 28-52.

227 5460 279 5493 ³³
310 5458 550 5525 DcuLtv,
585 5457 674 5513 59.
749 5460 796 5493 ⁸⁸
822 5461 978 5517 Deut.
1009 5475 1064 5518 νι
1119 5459 1174 5529 4,
1213 5459 1266 5515 5.
1343 5460 1390 5493 “
1425 5460 1581 5517 Deut.
1619 5477 1792 5532 xxxii,
1823 5462 1914 5521 59.

307 5685 420 5754 (ει)
449 5683 1031 5758 Ῡιιιεολτῆςᾉκαρδίας.
1063 5681 1182 5741 Mox
1237 5683 1398 5758 vulgo
1447 5693 1566 5758 post
1626 5685 1819 5758 πρώτη

230 5757 355 5814 add.
392 5755 487 5827 καὶ
513 5755 722 5827 μεγάλη
747 5756 780 5823 ὴ
823 5755 1034 5826 ἐντολή.

301 5826 416 5896 (85)
445 5828 557 5896 Τήν
583 5827 742 5896 vultu)
767 5827 933 5878 deest.

327 5893 420 5968 84)
450 5893 622 5969 Vulgo
654 5893 745 5951 τοῦ
781 5897 907 5967 ἰσρ.

1926 4660 2146 4728 faciam,
2184 4656 2476 4728 percutiam
2496 4664 2543 4709 et
2570 4658 2772 4709 sonabo
2794 4655 2862 4709 “.
2905 4652 3189 4721 Quomodo
3222 4653 3328 4710 hoc
3353 4653 3516 4709 Aste-

1926 4751 2041 4808 rius
2065 4749 2354 4823 ignorabat
2384 4747 2475 4819 qui
2507 4762 2568 4804 se
2595 4746 2771 4804 videri
2796 4747 2938 4811 vult,
2967 4759 3090 4800 cum
3123 4745 3343 4811 timore,
3377 4744 3513 4799 sim-

1923 4842 2138 4914 pliciter
2157 4851 2458 4900 scrutatum
2491 4855 2678 4897 sacras
2708 4839 2943 4896 Litteras
2974 4857 2988 4892 :
3015 4836 3272 4893 nimirum
3300 4845 3509 4906 partem

1924 4936 2334 5007 Scripturarum
2363 4934 2515 4990 illam
2546 4934 2639 4991 ubi
2669 4934 2890 5001 dicitur,
2912 4932 3171 4988 Dominus
3198 4927 3341 4984 Deus
3365 4938 3510 4994 tuus,

1925 5028 2068 5085 Deus
2098 5044 2234 5084 unus
2266 5037 2367 5096 est,
2412 5030 2470 5084 in
2501 5028 2629 5083 celo
2652 5043 2885 5092 sursum,
2912 5036 2960 5082 et
2982 5027 3038 5080 in
3063 5035 3205 5080 terra
3229 5024 3476 5078 deorsum
3495 5062 3513 5088 ,

1922 5127 1971 5172 et
2030 5131 2134 5170 non
2184 5123 2264 5169 est
2291 5125 2487 5183 praeter
2511 5130 2631 5170 eum
2657 5127 2679 5167 :
2708 5113 2851 5184 quod
2885 5125 3026 5168 unus
3074 5110 3167 5178 sit,
3197 5117 3253 5164 et
3279 5123 3388 5163 non
3427 5116 3515 5162 est

1922 5207 2064 5264 alius
2091 5215 2292 5278 praeter
2320 5206 2498 5263 illum.
2549 5205 2678 5262 Post
2717 5204 2824 5261 alia
2848 5213 2904 5261 et
2933 5203 3085 5264 hisce
3119 5199 3385 5267 annectit,
3429 5198 3510 5254 in-

1923 5395 1967 5427 “
1997 5393 2169 5450 Exod.
2203 5408 2286 5458 ιιι,
2325 5393 2410 5448 l5.
2507 5391 2554 5425 ”
2575 5391 2748 5448 Exod.
2777 5407 2871 5458 xx,
2919 5389 2978 5458 2,
3035 5389 3072 5445 5
3206 5387 3252 5419 ’⁸
3281 5383 3413 5443 ibid.
3451 5385 3507 5442 5.

1993 5685 2110 5758 (85)
2146 5688 2319 5757 Vulgo
2347 5687 2541 5758 λέγων.

1963 5749 2106 5881 >ξιὸϐ)
2142 5749 2308 5832 Vulgo
2340 5749 2561 5832 Κύριος,
2622 5767 2672 5818 el
2711 5773 2856 5828 mox,
2889 5759 2978 5812 ἐπὶ
3009 5757 3108 5827 γῆς
3157 5763 3208 5812 cl
3255 5751 3367 5809 Em
3412 5749 3511 5810 καὶ.

1920 5847 1959 5882 π
1983 5871 1988 5878 .
2016 5846 2082 5900 ιν.
