4032 6440
253 407 367 463 9ί9

1183 414 1269 471 DE
1304 414 1853 472 ECCLESIASTICA
1894 416 2304 473 TllEOLOGIA
2344 416 2471 471 LIB.
2517 417 2578 470 ll.

3435 418 3543 474 950

260 544 278 575 ι
323 525 389 579 Τί
418 526 475 580 δὲ
511 530 603 581 καὶ
621 528 775 600 Ὠσηὲ
813 529 842 580 ὁ
881 531 1198 602 προφήτης;
1225 533 1286 586 οὐ
1316 533 1410 587 καὶ
1434 535 1598 598 αὐτὸς
1618 533 1687 588 τά
1713 535 1834 588 αὺτὲ

1961 553 1978 584 ι
2025 536 2130 590 hoc
2176 535 2350 604 ipsum
2377 533 2465 589 ille
2499 531 2860 587 testiﬁcatur?
2891 532 3006 602 Ego
3037 533 3198 587 eduxi
3219 544 3289 602 te,
3327 535 3538 605 dicens,

259 638 277 670 ι
325 624 624 690 μαρτυρεί;
671 621 812 689 Ἐγὼ
854 623 1162 693 ἀνήγαγόν
1197 641 1270 679 σε
1306 625 1376 692 ἐξ
1407 628 1732 697 Λίγύπτου,
1766 628 1852 680 λέ-

257 732 273 762 ‹
316 729 451 780 γων,
487 713 585 766 καί
618 714 767 767 Θεὸν
793 715 963 784 πλὴν
993 717 1138 786 ἐμοῦ
1169 720 1240 772 οὐ
1272 721 1499 788 γνώσῃ,
1528 719 1628 774 καὶ
1651 718 1852 780 σώζων

255 819 272 849 ι
311 803 429 854 οὐκ
465 800 598 855 ἐστι
621 803 814 871 παρὲξ
835 805 1002 873 ἐμοῦ.
1036 803 1203 871 Αὖθίς
1224 810 1327 862 τεὸ
1357 809 1642 880 Μαλαχίας
1661 851 1677 877 ,
1700 812 1850 878 Οὐχί

254 915 270 940 ε
320 891 466 958 Θεὸς
495 887 583 960 εἷς
611 895 856 951 ἔκτισεν
883 898 1060 968 ὑμᾶς,
1105 899 1272 970 φησίν
1299 917 1311 930 ·
1340 903 1488 970 Οὐχὶ
1525 901 1723 972 πατὴρ
1762 899 1851 970 εἷς

255 1001 275 1030 ε
317 979 562 1036 πάντων
592 985 791 1053 ὑμῶν;
838 988 995 1043 Ἀλλά
1023 990 1116 1044 τὸν
1143 991 1309 1045 Δαὸίδ
1355 993 1488 1063 φησί
1527 1011 1632 1046 που
1667 993 1850 1046 Ἀστέ-

256 1095 274 1124 ‹
326 1092 459 1146 ριος,
496 1078 664 1148 μηδὲν
692 1081 972 1151 εἰρηκέναι
1005 1083 1135 1154 περὶ
1159 1082 1372 1148 τούτου,
1403 1084 1582 1137 καίτοι
1611 1084 1850 1155 πρεσϐύ-

255 1185 276 1218 s
311 1184 474 1222 τατον
494 1172 643 1242 παρά
681 1172 886 1226 Μωσέα
907 1174 1015 1227 τῶν
1046 1174 1222 1229 ἄλλων
1248 1176 1543 1248 προφητῶν
1570 1177 1722 1241 ὄντα,
1755 1180 1848 1232 καὶ

255 1278 274 1307 ς
306 1257 397 1311 διὰ
426 1259 582 1313 τοῦτο
608 1262 951 1332 ἀμφιγνοεῖν,
981 1264 1090 1319 εἴτε
1111 1266 1205 1319 δύο
1229 1268 1384 1332 θεοὺς
1413 1270 1706 1323 ὑποστάσει
1733 1272 1848 1343 διῃ-

255 1367 274 1397 ι
317 1351 590 1421 ρημένους
638 1354 879 1424 νομίζειν
935 1353 1076 1410 εἶναι
1123 1360 1413 1429 προσήκει,
1467 1361 1577 1413 εἴτε
1618 1363 1710 1416 καὶ
1748 1367 1842 1433 μή.

256 1459 273 1489 ς
322 1440 530 1496 Οὐκοῦν
565 1443 651 1496 ἵνα
682 1444 757 1515 μὴ
788 1445 945 1498 τοῦτο
973 1446 1128 1519 λέγῃ,
1161 1448 1453 1502 ἀκόλουθον
1483 1452 1722 1522 ἡγοῦμαι
1753 1453 1846 1505 καὶ

254 1547 272 1578 ι
315 1530 478 1583 αὐτὸν
530 1532 796 1600 ἐπιδεῖξαι
828 1535 976 1607 αὐτῷ
1006 1536 1073 1589 τά
1103 1537 1243 1591 αὐτὰ
1281 1541 1394 1604 τοῖς
1424 1543 1846 1613 προειρημένοις

254 1638 272 1669 ι
309 1621 488 1688 ἁγίοις
529 1622 774 1692 λ’έγοντα·
826 1628 1144 1695 Ἄκουσον,
1178 1632 1331 1703 φησὶ,
1370 1634 1529 1700 λαός
1553 1653 1692 1704 μου,
1745 1637 1844 1691 καὶ

253 1730 272 1761 ι
320 1711 574 1780 λαλήσω
617 1732 738 1782 σοι,
789 1718 1058 1788 Ἰσραὴλ,
1084 1722 1181 1775 καὶ
1219 1724 1688 1797 διαμαρτύρομαι
1720 1743 1840 1782 σοι·

250 1818 271 1851 ι
313 1804 422 1856 ἐὰν
443 1805 716 1876 ἀκούσῃς
734 1828 875 1878 μου,
901 1813 1012 1865 οὐκ
1035 1813 1210 1868 ἔστιν
1241 1817 1310 1868 ὲν
1361 1817 1459 1870 σοί
1482 1819 1626 1885 Θεὸς
1659 1822 1844 1888 πρόσ-

252 1914 270 1937 σ
309 1909 517 1960 φατος,
547 1897 689 1951 οὐδὲ
727 1902 1182 1968 προσκυνήσεις
1216 1905 1336 1971 Θεῷ
1368 1883 1682 1976 ἀλλοτρίῳ.
1697 1883 1834 1978 ζΕιγσὰ

1956 1931 1970 1958 ι
2013 1924 2177 1976 neque
2225 1905 2478 1961 adorabis
2535 1904 2702 1958 Deum
2748 1904 2981 1956 alienum
3023 1919 3044 1955 :

251 2002 269 2030 ι
317 1982 427 2050 γάρ
458 1987 574 2054 ειμι
607 1989 825 2055 Κύριος
849 1992 882 2042 ό
907 1993 1052 2057 Θεός
1079 2006 1216 2047 σου.
1264 1996 1321 2049 Ὁ
1341 1997 1504 2051 αὑτὸν
1535 1999 1844 2065 ἐπιδεικνὺς

249 2092 268 2123 ι
310 2074 407 2128 καὶ
434 2074 629 2145 λέγων,
662 2079 771 2150 ἐγώ
803 2085 939 2154 είμι,
982 2086 1042 2137 οὐ
1086 2086 1242 2156 δῆλός
1283 2090 1431 2144 ἐστιν
1458 2091 1554 2143 ἕνα
1579 2091 1711 2146 Θεὸν
1743 2095 1842 2164 μό-

249 2184 270 2217 s
305 2184 395 2222 νον
440 2165 578 2228 εἶναι
599 2172 793 2240 λέγων,
829 2179 969 2232 τοῦτ’
999 2180 1145 2234 ἐστιν
1166 2184 1386 2250 έαυτόν;
1426 2205 1447 2238 ι

900 2273 1057 2325 ΚΕΦ.
1095 2276 1178 2327 Κ’.

240 2351 349 2409 Διὰ
378 2356 435 2408 τί
453 2357 797 2440 Ιιζξυσῇςικαὶ
821 2367 872 2440 οζ
902 2367 1202 2437 προφῆται
1222 2371 1292 2423 οὺ
1321 2372 1558 2440 γηνμνῶς
1580 2376 1838 2440 παρέδω-

328 2441 446 2478 καν
485 2427 789 2498 Ἰουδαίοις
808 2427 1217 2506 shire-(ebitat?
1255 2427 1749 2514 Υίὸῦᾟεολο-γίῖινξ

317 2517 504 2571 Ταῦτα
553 2522 728 2575 πάντα
763 2526 1080 2598 Μάρκελλος
1124 2533 1217 2586 καὶ
1269 2533 1348 2586 έτι
1380 2536 1583 2589 τούτων
1617 2538 1838 2593 πλείονα

241 2607 340 2660 ἐπὶ
364 2610 591 2682 ἀρνήσει
623 2615 716 2668 τοῦ
745 2617 876 2670 Υίοῦ
905 2620 998 2672 τοῦ
1031 2621 1166 2675 Θεοῦ
1216 2627 1521 2696 συνεφόρει.
1559 2629 1625 2682 δι’
1649 2630 1837 2684 ἀνεπι-

241 2701 610 2774 στημοσύνην·
652 2707 712 2758 οὐ
756 2708 1130 2780 λογισάμενος,
1169 2715 1250 2767 ὅτι
1293 2717 1428 2786 πρὸς
1471 2719 1571 2788 τὴν
1601 2719 1834 2791 σκληρο-

239 2792 474 2863 καρδίαν
519 2794 614 2848 τοῦ
651 2799 920 2854 Ἰουδαίων
955 2803 1083 2856 λαοῦ
1115 2807 1397 2879 ἡτοιαύτη
1433 2811 1615 2874 αὐτοῖς
1646 2813 1836 2882 παρεί-

236 2900 368 2954 χετο
388 2884 724 2944 διδασκαλία.
778 2892 912 2946 Οὐδὲ
947 2895 1055 2967 γὰρ
1087 2892 1280 2953 οἷόντε
1316 2897 1382 2972 ἦν
1416 2904 1476 2955 τὸ
1522 2904 1745 2974 Πνεῦμα
1775 2905 1836 2957 τὸ

233 2976 418 3044 ἅγιον,
445 2980 532 3035 διὰ
563 2987 672 3036 τῶν
719 2990 1011 3060 προφητῶν
1042 2991 1132 3043 τοῦ
1182 2992 1316 3046 Θεοῦ
1359 2995 1666 3066 ἀνθρώποις
1712 3000 1836 3051 ἀτε-

238 3067 360 3122 λέσι
410 3071 522 3136 τὰςΓ
541 3076 742 3147 φρένας
772 3081 960 3151 ἐντελῆ
1002 3069 1341 3153 παραδοῦναι
1391 3088 1481 3139 τὸν
1525 3089 1624 3158 τῆς
1655 3090 1835 3143 Θεοσε-

240 3161 397 3227 6είας
423 3164 598 3232 λόγον.
633 3169 788 3224 Οὕτω
820 3172 952 3227 γοῦν
986 3176 1169 3240 αὐτοῖς
1216 3178 1308 3230 καὶ
1343 3178 1530 3243 θυσίας
1566 3182 1832 3235 ἐπιτελεῖν

1961 647 1978 678 ‹
2019 643 2084 681 ea:
2111 626 2368 696 zEgypto,
2423 634 2472 680 et
2506 624 2673 679 Deum
2724 639 2829 677 non
2881 641 3158 694 cognosces
3203 637 3396 696 prwter
3436 644 3538 683 me.

1959 737 1977 768 ι
2023 716 2151 772 Non
2185 728 2259 771 est
2282 718 2372 786 qui
2415 726 2584 771 servet
2608 728 2802 785 praeter
2825 733 2907 771 me
2931 717 2998 770 ".
3037 717 3244 772 Rursus
3276 726 3459 773 autem
3487 727 3545 773 et

1959 828 1976 860 ι
2016 809 2313 864 Malacltias
2365 807 2461 874 ait,
2519 807 2711 863 Nonne
2757 807 2899 862 Deus
2949 824 3087 862 unus
3123 808 3358 861 condidit
3407 809 3542 862 vos?

1959 922 1975 953 ι
2019 918 2188 957 nonne
2217 899 2384 956 Pater
2431 917 2568 955 unus
2613 909 2728 954 erat
2775 901 3008 954 omnium
3035 907 3267 954 vestrum
3294 898 3380 952 ³³⁸2
3433 897 3543 956 Sed

1959 1013 1976 1046 ‹
2019 995 2097 1049 ait
2132 995 2367 1064 quodam
2409 994 2461 1048 in
2491 993 2611 1047 loco
2646 993 2910 1057 Asterius,
2952 991 3088 1046 nihil
3111 991 3178 1047 de
3214 990 3320 1046 hoc
3358 989 3542 1060 prolo-

1956 1107 1973 1139 ι
2016 1096 2199 1142 culum
2228 1085 2510 1152 Davidem,
2543 1087 2634 1154 qui
2674 1093 2852 1138 tamen
2877 1091 3104 1152 excepto
3131 1081 3301 1147 Mose,
3343 1082 3416 1136 sit
3445 1099 3544 1136 an-

1955 1196 1974 1228 ι
2021 1175 2358 1244 tiquissimus
2391 1173 2802 1243 prophetarum,
2828 1180 2991 1241 atque
3023 1172 3164 1226 hanc
3202 1172 3271 1226 ob
3316 1187 3542 1230 causam

1957 1285 1973 1316 ι
2014 1265 2234 1320 dubium
2287 1262 2486 1326 fuisse,
2531 1269 2712 1314 utrum
2744 1259 2880 1314 duos
2938 1258 3070 1313 deos
3121 1263 3182 1326 ᾗ
3234 1258 3541 1313 substantia

1955 1376 1972 1407 ι
2019 1356 2228 1410 divisos
2268 1351 2512 1423 proﬁteri
2555 1351 2795 1414 deberet,
2849 1364 2917 1403 an
2971 1364 3101 1405 non.
3151 1349 3418 1414 Quocirca
3472 1363 3541 1403 ne

1957 1467 1973 1497 ι
2019 1448 2120 1501 hoc
2148 1459 2274 1500 vere
2310 1444 2518 1522 disissc
2551 1443 2853 1497 arbitretur
2881 1455 2959 1508 se,
3001 1454 3342 1509 consequens
3368 1452 3456 1494 est
3479 1447 3541 1494 ut

1954 1559 1971 1590 ι
2013 1539 2295 1594 ostendam
2348 1538 2493 1591 hunc
2546 1550 2762 1606 quoque
2809 1544 2989 1589 vatem
3059 1532 3362 1588 consimilia
3415 1546 3542 1586 cum

1955 1652 1972 1681 ι
2015 1631 2289 1702 praedictis
2340 1629 2703 1685 sanctissimis
2747 1628 2882 1682 viris
2934 1626 3200 1681 sensisse.
3252 1625 3414 1690 Audi,
3450 1623 3541 1678 in-

1956 1745 1972 1776 t
2018 1725 2136 1794 quit
2172 1722 2284 1790 ille,
2331 1720 2520 1792 popule
2547 1721 2640 1783 mi,
2675 1729 2721 1773 et
2759 1721 2946 1789 loquar
2979 1717 3096 1781 tibi,
3133 1714 3328 1778 Israel,
3358 1713 3543 1783 testiﬁ-

1953 1837 1970 1868 ι
2013 1817 2172 1870 cabor
2205 1827 2275 1882 te,
2305 1815 2454 1869 sime
2480 1814 2691 1878 audias,
2715 1829 2818 1865 non
2843 1812 2938 1865 erit
2965 1810 3016 1864 in
3048 1819 3096 1864 te
3119 1807 3259 1863 Deus
3289 1807 3540 1870 novitius,

3094 1898 3208 1970 Ego
3244 1901 3381 1954 enim
3423 1913 3542 1952 sum

1955 2022 1971 2050 ι
2015 1999 2270 2053 Dominus
2285 1998 2425 2052 Deus
2444 1997 2644 2050 tuus“.
2669 1995 2769 2061 Qui
2794 1995 2944 2056 dicit,
2963 2008 3063 2065 ego
3087 2007 3230 2060 sum,
3252 1993 3413 2061 idque
3427 1997 3540 2046 tam

1952 2112 1969 2142 ι
2009 2092 2309 2156 evidenter,
2375 2105 2555 2144 annon
2601 2090 2800 2142 t'atetur
2859 2088 2950 2142 ille
2992 2087 3162 2144 Deum
3206 2099 3375 2144 unum
3421 2095 3543 2140 esse

1950 2203 1966 2234 ι
2007 2183 2204 2250 solum,
2244 2182 2346 2238 hoc
2375 2191 2459 2238 est
2493 2179 2897 2250 semetipsum?
2930 2198 2948 2232 ι

2588 2271 2742 2328 CAP.
2780 2269 2896 2328 XX.

1944 2372 2085 2436 Quid
2115 2385 2290 2424 cousce
2334 2369 2494 2438 fuerit
2537 2367 2680 2435 quod
2745 2363 3014 2438 Mosesget
3053 2367 3326 2438 prophette
3371 2361 3542 2431 expli-

1977 2433 2135 2494 eitum
2167 2443 2230 2496 de
2259 2433 2402 2493 Filio
2428 2433 2743 2506 theologiam
2765 2435 2974 2490 Judwis
3007 2451 3111 2489 non
3145 2433 3505 2489 tradiderunt.

2013 2532 2137 2587 llaec
2179 2531 2362 2586 omnia
2399 2529 2688 2584 Marcellus
2735 2539 2790 2582 et
2840 2527 3019 2582 adhuc
3062 2525 3238 2595 plura,
3285 2525 3542 2581 imabne-

1940 2627 2209 2696 gationem
2242 2622 2365 2677 Filii
2400 2622 2490 2677 Dei
2524 2619 2842 2687 congessit:
2877 2626 3102 2688 propter
3149 2633 3305 2674 suam
3343 2632 3542 2687 nempe

1940 2717 2303 2787 ignorantiam
2342 2731 2356 2768 :
2393 2728 2497 2768 non
2540 2712 2686 2767 enim
2725 2710 3137 2776 recordabatus,
3187 2717 3416 2781 propter
3444 2707 3540 2768 lu-

1938 2811 2179 2863 daeorum
2210 2807 2392 2863 cordis
2425 2804 2705 2870 duritiem,
2733 2802 2878 2858 hanc
2911 2803 3044 2874 ipsis
3076 2803 3383 2858 doctrinam
3406 2800 3539 2855 olim

1938 2909 2407 2970 repraesentatam.
2475 2897 2590 2951 Non
2653 2896 2799 2950 enim
2875 2905 3090 2966 poterat
3144 2894 3382 2965 Spiritus
3449 2890 3540 2947 ille

1939 3001 2164 3049 sanctus
2189 2992 2501 3047 hominibus
2529 2991 2666 3046 adeo
2705 2988 3044 3058 imperfectis
3079 2998 3135 3043 et
3167 2986 3538 3049 1.:ente_inca-
3610 3022 3614 3026 -

1937 3082 2183 3152 pacibus,
2209 3097 2304 3150 per
2326 3079 2621 3150 prephetas
2643 3093 2793 3145 suos,
2820 3077 2935 3132 suis
2959 3078 3205 3130 numeris
3225 3075 3538 3131 absolutam

1943 3175 2155 3229 tradere
2200 3171 2420 3242 pietatis
2454 3171 2506 3223 in
2550 3172 2716 3225 Deum
2760 3168 3050 3222 rationem.
3101 3166 3228 3221 ideo
3261 3164 3537 3220 sacriﬁcia

238 3256 572 3325 ἐνομοθέτει,
627 3263 719 3314 καὶ
755 3263 1008 3335 σώματος
1061 3269 1361 3340 περιτομὴν
1382 3312 1396 3334 ,
1428 3274 1522 3326 καὶ
1558 3274 1833 3328 Σαϐϐάτου

1944 3268 2199 3340 praecepit
2240 3266 2420 3322 facere
2451 3284 2464 3318 :
2503 3265 2624 3320 ideo
2660 3264 2909 3333 corporis
2947 3261 3448 3324 circumcisionem,
3481 3269 3537 3314 et

239 3345 512 3420 φυλακὴν,
543 3351 636 3402 καὶ
667 3355 883 3407 τοιωνδὶ
919 3355 1222 3428 βρωμάτων
1262 3362 1472 3432 ἀποχὴν
1503 3364 1596 3417 καὶ
1629 3365 1836 3437 καθάρο

239 3453 334 3489 σια
379 3440 670 3510 σωμάτων,
725 3449 1042 3516 σωματικάς
1072 3467 1131 3500 τε
1164 3450 1434 3520 εὐλογίας,
1487 3457 1574 3507 ναὶ
1610 3456 1716 3527 μὴν
1741 3460 1836 3511 καὶ

237 3531 347 3600 γῆς
381 3533 610 3605 ῥεούσης
643 3536 783 3604 γάλα
814 3542 902 3592 καὶ
936 3540 1078 3610 μέλι,
1122 3542 1236 3595 ἀλλ’
1269 3545 1329 3597 οὐ
1368 3545 1646 3616 βασιλείας
1675 3550 1836 3621 οὐρα-

237 3624 346 3677 νῶν
371 3627 724 3695 ἐπαγγελίας.
766 3631 823 3684 Ὀ
861 3633 917 3686 δὲ
937 3635 1125 3706 Σωτὴρ
1151 3637 1242 3689 καὶ
1278 3637 1483 3710 Κύριος
1510 3641 1667 3711 ἡμῶν
1699 3644 1835 3713 ἐρω-

237 3721 446 3791 τηθεὶς,
483 3723 600 3788 πῶς
647 3726 891 3791 Μωσέως
940 3732 1346 3800 προστάξαντος
1379 3735 1578 3788 διδόναι
1629 3736 1833 3805 βιϐλίον

236 3814 574 3869 ἀποστασίου
630 3819 724 3872 καὶ
768 3820 1024 3875 ἀπολύειν
1075 3824 1174 3896 τὴν
1218 3825 1412 3879 ἑαυτοῦ
1469 3831 1701 3895 γυναῖκα
1740 3831 1831 3883 τὸν

237 3903 566 3977 βουλόμενον
595 3911 757 3975 αὐτὸς
785 3914 1047 3968 τάναντία
1080 3917 1371 3982 διατάττοι,
1416 3920 1508 3972 τὸν
1538 3921 1695 3989 λόγον
1725 3923 1831 3976 ἀπ-

234 3997 409 4051 έδωκε
448 4000 732 4056 καθολικὺν
765 4005 964 4076 φήσας,
1006 4007 1230 4076 Μωσῆς
1257 4010 1408 4077 πρὸς
1424 4011 1536 4079 τὴν
1575 4017 1832 4082 σκληρο-

235 4093 493 4161 καρδίαν
506 4097 674 4166 ὑμῶν
689 4097 954 4168 ἔγραψεν
971 4100 1104 4171 (95)'
1126 4103 1228 4156 ἀπ’
1243 4103 1438 4172 ἀρχῆς
1467 4105 1534 4156 δὲ
1562 4107 1632 4159 οὐ
1661 4106 1828 4176 γέγο-

235 4205 347 4242 νεν
396 4188 568 4243 οὕτω.
615 4192 821 4244 Ταὺτὸν
852 4188 944 4246 οὖν
979 4189 1132 4247 εἶπεν
1171 4195 1259 4260 ἂν,
1309 4197 1403 4250 καὶ
1435 4197 1600 4261 εἴτις
1641 4200 1823 4271 ἤρετο,

233 4277 350 4345 (96)
407 4278 459 4331 τί
504 4279 566 4351 δή
604 4298 733 4333 ποτε
778 4281 910 4337 Θεὸν
953 4283 1048 4336 ’ἑνα
1089 4284 1269 4339 σέϐειν
1318 4288 1821 4358 παρακελευόμενοι

235 4370 443 4440 Μωσῆς
509 4373 600 4425 καὶ
653 4373 700 4425 οἱ
763 4376 878 4444 μετ’
931 4376 1090 4429 αὐτὸν
1153 4378 1428 4450 προφῆται
1493 4379 1593 4431 οὑκ
1652 4380 1825 4433 ἐδίδα-

1941 3359 2201 3421 Sabbata,
2227 3366 2280 3410 et
2307 3357 2552 3411 ciborum
2577 3353 2939 3425 quorumdam
2965 3351 3380 3413 abstinentiam,
3403 3365 3534 3405 cor-

1938 3450 2088 3520 poris
2120 3448 2450 3513 ablutiones,
2477 3447 2790 3515 corporales
2817 3444 3250 3508 benedictiones,
3290 3442 3532 3513 promis-

1937 3542 2120 3597 siones
2153 3541 2376 3608 insuper
2403 3554 2508 3592 non
2545 3538 2809 3593 caelorum
2837 3538 3014 3606 regni,
3047 3536 3141 3590 sed
3176 3546 3336 3589 terrae
3374 3534 3532 3591 lactis

1935 3644 1989 3688 et
2018 3633 2192 3688 mellis
2225 3630 2730 3687 abundantissimze.
2763 3630 3026 3689 Dominus
3051 3637 3231 3684 autem
3256 3637 3313 3681 et
3331 3627 3531 3682 Serva-

1938 3735 2022 3782 tor
2064 3725 2453 3794 interrogatus,
2489 3738 2598 3791 quo
2631 3722 2791 3780 modo
2825 3737 2948 3775 cum
2993 3720 3314 3790 praeciperet
3352 3718 3531 3774 Moses

1937 3815 2144 3885 repudii
2176 3814 2418 3869 libellum
2457 3815 2609 3879 dare,
2643 3822 2698 3867 et
2729 3812 3018 3868 demittere
3058 3825 3311 3876 uxorem,
3348 3811 3393 3864 si
3439 3809 3531 3865 cui

1933 3911 2007 3965 ita
2054 3907 2458 3970 adlubescebat,
2491 3906 2603 3975 ipse
2634 3905 2890 3961 statuerit
2923 3905 3010 3960 his
3039 3902 3402 3968 contrarium,
3441 3917 3529 3957 ra-

1935 4001 2135 4056 tionem
2163 4000 2340 4054 reddit
2367 3997 2756 4063 universalem,
2790 3997 3066 4068 inquiens,
3096 3995 3273 4050 Moses
3312 4003 3529 4065 propter

1932 4091 2180 4145 duritiem
2203 4089 2440 4145 cordium
2466 4097 2759 4142 vestrorum
2784 4089 2859 4142 ita
2890 4087 3102 4157 scripsit
3135 4105 3154 4140 :
3190 4087 3282 4140 sed
3308 4102 3341 4139 α
3369 4086 3526 4156 prin-

1930 4184 2066 4251 cipio
2103 4199 2209 4236 non
2250 4183 2348 4250 [uit
2390 4183 2463 4236 ita
2491 4181 2557 4233 ³⁸.
2598 4181 2753 4247 Quod
2794 4189 2852 4234 et
2890 4181 3065 4249 ipsum
3096 4178 3264 4234 etiam
3295 4192 3525 4246 respou-

1930 4277 2126 4342 disset,
2155 4276 2200 4328 si
2234 4275 2355 4344 quis
2385 4273 2798 4343 interrogasset,
2839 4272 2951 4331 Cur
2991 4287 3114 4325 cum
3153 4272 3322 4326 Deum
3355 4284 3525 4324 unum

1927 4369 2104 4425 colere
2143 4367 2342 4431 Moses,
2398 4376 2454 4422 et
2502 4375 2624 4436 post
2675 4364 2879 4422 Mosem
2931 4367 3211 4435 prOphetae
3262 4363 3524 4433 praecipe-

233 4479 366 4514 σκον
424 4463 622 4530 αὐτοὺς
670 4465 768 4537 τὴν
831 4467 960 4538 περὶ
1019 4467 1112 4520 τοῦ
1169 4470 1297 4523 Υίοῦ
1355 4470 1587 4540 γνῶσιν;
1630 4473 1824 4545 οὐγὰρ

1944 4472 2069 4527 'eut,
2115 4461 2253 4515 nihil
2314 4459 2473 4530 plane
2532 4459 2864 4522 docuerunt,
2917 4473 3020 4513 nec
3075 4457 3362 4512 scientiam
3415 4457 3522 4511 illis

231 4549 338 4609 οἷοί
382 4575 439 4610 τε
483 4554 623 4628 ἦσαν
674 4561 723 4613 οί
779 4563 1018 4632 συνεχῶς
1066 4565 1404 4634 ἀπαγόμενοι
1455 4567 1520 4634 τῇ
1577 4565 1822 4637 πολυοέῳ

1952 4555 2276 4609 nsinuarunt
2344 4551 2412 4606 de
2470 4549 2656 4604 Filio?
2712 4548 2900 4618 Neque
2977 4549 3123 4604 enim
3207 4548 3284 4602 illi
3368 4558 3522 4618 pote-

231 4647 412 4721 πλάνῃ
441 4651 539 4721 τὴν
592 4651 954 4723 εὐαγγελικὴν
1008 4654 1414 4725 παραδέχεσθαι
1462 4657 1623 4728 χάριν
1681 4658 1817 4728 (97).

233 4740 327 4793 Διὸ
356 4742 492 4812 πρὸς
536 4742 635 4813 τὴν
691 4744 1124 4818 σκληροκαρδίαν
1171 4746 1347 4800 αὐτῶν
1399 4748 1498 4819 τὴν
1541 4751 1670 4821 περὶ
1702 4750 1821 4814 ὲνὸς

231 4832 371 4885 Θεοῦ
412 4833 757 4888 διδασκαλίαν
804 4836 1103 4901 ἐποιοῦντο,
1153 4837 1291 4902 τέως
1342 4838 1821 4908 παιδαγωγοῦντες

231 4923 432 4986 αὐτοὺς
457 4924 543 4976 διὰ
567 4925 657 4977 τοῦ
691 4925 1018 4998 ἀποτρέπειν
1052 4929 1150 4998 μὲν
1182 4927 1276 4981 τοῦ
1308 4927 1535 4993 πολλοὺς
1565 4925 1710 4984 εἶναι
1734 4949 1821 4984 νο-

234 5016 414 5088 μίζειν
439 5015 624 5084 Θεοὺς,
655 5018 868 5087 ἐνάγειν
890 5019 946 5072 δὲ
977 5021 1069 5073 ἐπὶ
1094 5020 1190 5091 τὴν
1222 5021 1529 5092 εἰσαγωγὴν
1554 5021 1648 5075 τοῦ
1679 5023 1820 5087 ἑνός.

232 5107 391 5161 Οὕτω
412 5107 468 5160 δὲ
497 5109 702 5180 Μωσῆς
722 5110 885 5181 ἀτελῆ
921 5111 1018 5182 τὴν
1047 5111 1395 5166 διδασκαλίαν
1422 5115 1536 5176 τοῖς
1572 5114 1691 5166 κατ’
1722 5115 1821 5167 αὐ-

230 5200 324 5257 τὸν
358 5200 645 5271 παρεδίδου
688 5200 776 5254 διὰ
805 5203 865 5254 τὸ
903 5203 1090 5266 ἀτελὲς
1132 5202 1312 5257 αὐτῶν
1347 5205 1446 5273 τῆς
1483 5206 1820 5276 φρονήσεως,

228 5291 306 5355 ὡς
339 5291 607 5363 μηδεμίαν
628 5293 791 5347 αὑτὸν
820 5295 1039 5365 μνήμην
1071 5295 1400 5367 ποιήσασθαι
1435 5296 1684 5364 ἀγγέλων
1707 5297 1821 5350 κτί-

306 5506 364 5562 >14
399 5499 492 5553 Ed.
515 5498 713 5566 Paris.,
736 5496 1145 5566 pagJSLiSS.
1223 5498 1266 5529 ⁸¹
1309 5498 1573 5567 Oscam,
1609 5502 1660 5554 ιι.
1741 5501 1783 5531 ³³
1820 5499 1834 5552 l

1944 5501 2054 5556 Ich.
2101 5497 2271 5564 ll,‘lO.
2351 5499 2395 5528 ”‘
2437 5498 2579 5553 Psal.
2625 5499 2966 5565 ιχλκ,9-Η.

305 5687 417 5756 (95)
455 5684 944 5755 Σχληροκαρδίαν
973 5685 1140 5754 ὑμῶν
1167 5685 1451 5756 ἔγραψεν.
1516 5692 1694 5753 Deest,
1749 5708 1811 5747 (τε

233 5755 530 5833 βναηεειιυ
558 5757 964 5833 _sttpplendt_un,
1012 5755 1387 5833 ὑμῖν-ταύτην
1428 5761 1524 5830 τὴν
1572 5763 1810 5833 ἐντολήν.

234 5826 415 5954 Locug
558 5826 721 5881 Marc.
773 5841 827 5892 π,
863 5825 923 5891 ’3;
961 5828 1230 5895 posterior-
1255 5825 1377 5899 pnrs
1435 5825 1517 5886 εει
1562 5848 1590 5886 c
1624 5825 1810 5888 Mutt'li.

237 5914 354 5954 ιιι.
420 5934 436 5954 .
471 5929 485 5951 ι
529 5938 539 5950 .

337 5939 354 5965 θ
381 5929 436 5954 σο
471 5929 539 5951 tu.

1929 4656 2076 4711 rant,
2116 4655 2227 4700 tam
2259 4644 2573 4714 frequenter
2608 4643 2825 4697 abducti
2856 4641 2926 4696 ab
2966 4656 3153 4697 errore
3192 4644 3260 4698 de
3291 4641 3520 4697 deorum

1930 4740 2299 4804 multitudine,
2340 4736 2880 4808 evangelicamillam
2926 4736 3160 4807 gratiam
3209 4737 3518 4806 percipere.

1935 4837 1993 4896 »Β
2030 4831 2296 4899 Quocirca
2323 4830 2470 4884 illius
2509 4828 2687 4898 populi
2727 4843 2824 4898 per
2860 4830 2912 4884 id
2958 4830 3218 4899 temporis
3256 4829 3521 4882 informa,-

1931 4938 2094 4989 tores,
2121 4933 2342 4994 propter
2367 4923 2624 4978 duritiem
2665 4922 2914 4977 cordium
2955 4922 3174 4976 illorum
3218 4922 3380 4975 unius
3427 4936 3520 4976 so-

1928 5019 2032 5074 lius
2074 5015 2168 5072 Dei
2214 5015 2521 5070 doctrinam
2557 5015 2625 5069 iis
2658 5014 2994 5070 instillarunt
3024 5033 3038 5070 :
3078 5023 3138 5068 ut
3166 5016 3234 5070 ab
3260 5014 3518 5084 opinione

1927 5109 2238 5166 abstractos
2263 5109 2330 5162 de
2369 5108 2474 5162 diis
2505 5106 2710 5171 multis,
2741 5110 2806 5161 ad
2834 5106 2995 5162 unius
3056 5107 3392 5162 deducerent
3423 5120 3518 5160 co~

1925 5203 2249 5272 gnitionem.
2278 5201 2457 5270 Atque
2479 5200 2552 5253 ita
2585 5214 2684 5254 suo
2707 5201 2904 5268 populo
2935 5200 3245 5254 doctrinam
3266 5199 3516 5254 tradebat

1927 5295 2104 5349 Moses
2140 5291 2535 5362 imperfectam,
2565 5301 2790 5363 propter
2811 5303 3028 5363 captum
3061 5293 3305 5362 ipsorum
3336 5301 3389 5346 et
3424 5293 3519 5346 int—

3045 5497 3089 5529 ³⁵
3106 5495 3300 5552 Matth.
3328 5513 3440 5560 xix,
3462 5499 3512 5547 8.

1997 5700 2108 5768 (96)
2141 5699 2311 5771 Vulgo
2333 5702 2527 5771 εἴρετο,
2559 5709 2612 5753 et
2638 5701 2844 5762 statim,
2888 5698 3417 5771 παρακελευῷμενος.

1960 5769 2590 5895 "(iiplilcbp'qfﬁﬁcdrtr
2627 5771 2817 5841 χάριν.
2858 5774 2928 5826 De
2955 5769 3154 5825 dcitutc
3195 5769 3320 5825 Jesu
3357 5769 3516 5823 Chri~

1929 5859 1951 5896 5
1983 5859 2017 5898 l.
2070 5858 2109 5896 ⁴ι
2140 5860 2170 5897 II
2256 5859 2325 5897 Clu
2415 5881 2430 5898 ο
