4032 6440
587 324 689 386 εει

1268 327 1539 391 EUSEBII
1571 332 2043 401 CESARIENSIS
2080 344 2128 402 θ’

2216 388 2234 403 .
2271 347 2459 404 PARS
2490 348 2577 403 iV.
2617 382 2686 391 -—
2719 351 3128 414 DOGMATICA.

589 437 884 512 perfectam
937 437 1274 515 intelligendi
1332 454 1677 516 potestatem.
1737 452 1996 521 Quocirca
2050 472 2128 513 net

2216 504 2219 515 ,
2252 474 2409 523 σεως,
2441 464 2499 513 ὲν
2527 461 2603 532 τῷ
2634 463 2731 533 τῆς
2762 468 3118 536 κοσμοποιίας
3146 468 3307 542 λόγῳ,
3336 471 3512 527 καίτοι
3539 474 3652 528 τῶν
3680 480 3823 548 μετὰ,

591 535 659 591 de
684 533 915 589 conditis
933 534 1150 604 angelis
1179 533 1308 592 facit
1337 539 1688 607 mentionem,
1724 543 1777 597 in
1819 544 1905 599 illa
1936 561 2149 605 cosmo-

588 623 743 694 paei‘a:
791 624 996 680 ratione
1037 625 1390 684 describenda
1437 648 1451 683 :

585 715 678 769 illo
702 716 1030 783 posteriores
1059 716 1371 785 angelorum
1413 719 1645 776 fecerint
1676 725 2021 791 mentionem,
2061 730 2145 783 di-

2246 550 2417 605 ταῦτα
2460 552 2569 622 (98)
2611 556 2902 626 προφητῶν
2944 556 3005 612 οὐ
3039 560 3199 630 μόνον
3232 562 3477 633 ἀγγέλων
3508 583 3810 638 μνημονευ-

1506 646 1625 685 cum
1659 641 1837 688 tamen
1872 637 2128 707 propheta

2249 641 2475 707 σάντων,
2502 644 2635 698 ἀλλά
2684 648 2777 699 καὶ
2822 648 2980 702 Θείων
3024 650 3326 723 δυνάμεων,
3368 655 3463 708 καὶ
3487 637 3814 728 πνευμάτων

2244 732 2432 800 ἁγίων,
2464 735 2571 805 τῶν
2608 754 2668 789 τε
2697 739 3099 811 ὑπερουρανίων
3129 743 3261 796 Θεοῦ
3292 743 3619 818 λειτουργῶν
3638 765 3653 780 δ
3689 751 3816 821 περὶ

583 807 941 870 vinarumque
968 815 1293 877 potestatum
1326 821 1379 866 et
1417 813 1700 882 spirituum
1727 825 2065 883 sanctorum,
2091 837 2128 875 e‘

2248 818 2321 877 ὧν
2350 828 2377 880 ό
2405 828 2597 899 Δανιὴλ
2625 807 3095 902 διδάσέωνίλεγε,
3121 836 3316 890 Χίλιω
3353 807 3620 905 χιλὶάὲςες
3659 807 3813 893 ἀλεὶ-

580 894 677 949 Dci
729 896 1097 951 ministrorum
1128 902 1613 969 supercoelestium,
1660 907 1724 960 de
1745 908 1941 977 quibus
1963 912 2146 967 docuit

580 996 635 1041 et
684 986 894 1043 loeutus
941 998 1025 1044 est
1058 990 1266 1058 Daniel,
1301 991 1471 1046 Hillia
1514 997 1740 1052 millium
1770 1004 2143 1057 ministrabant

578 1077 627 1129 ei
650 1086 697 1129 et
728 1076 899 1131 decies
923 1081 1113 1134 centies
1141 1091 1349 1135 centena
1375 1084 1542 1136 millia
1568 1089 1805 1144 astabant
1838 1092 1885 1144 ei
1912 1092 2143 1160 “.Quo-

580 1182 697 1220 rum
733 1179 915 1226 tamen
959 1173 1287 1227 mentionem
1333 1174 1550 1231 silentio
1588 1194 1808 1247 prorsus
1840 1183 2015 1241 Moses
2059 1187 2141 1241 in-

580 1258 847 1323 volvebat,
887 1276 1008 1317 cum
1041 1273 1218 1319 tamen
1255 1264 1342 1319 ille
1375 1281 1467 1321 eos
1492 1282 1597 1322 non
1633 1270 1923 1340 ignoraret,
1956 1288 2139 1342 utpote

578 1350 670 1419 qui
699 1361 943 1406 exactam
978 1367 1155 1407 rerum
1187 1357 1423 1412 omnium
1458 1362 1818 1430 cognitionem
1859 1368 1925 1421 ab
1959 1367 2135 1423 alliam

580 1442 749 1495 divini
782 1442 1013 1513 Spiritus
1043 1456 1347 1513 acceperat.
1373 1448 1485 1503 Non
1511 1460 1686 1507 tamen
1722 1455 1861 1510 inter
1885 1473 1968 1511 res
1985 1474 2137 1513 crea-

576 1537 661 1584 tas
710 1533 1086 1586 memorandas
1125 1548 1312 1589 eorum
1349 1540 1598 1594 meminit
1639 1558 1666 1595 a
1727 1543 1835 1599 Deo
1890 1549 2134 1603 condito-

574 1636 715 1677 rum.
773 1622 936 1692 Cujus
970 1626 1046 1679 rei
1101 1640 1319 1682 causam
1351 1644 1456 1684 non
1490 1632 1648 1687 aliam
1702 1638 2091 1694 reddiderimus
2116 1682 2130 1704 ,

574 1723 732 1777 quam
763 1707 1063 1768 Judaeorum
1088 1716 1336 1771 duritiem
1385 1722 1581 1785 cordis,
1609 1725 1751 1792 quod
1780 1735 1835 1780 et
1862 1728 1975 1795 ipse
2002 1728 2131 1782 Ser-

573 1803 727 1848 valor
746 1795 945 1852 docuit.
975 1798 1079 1854 Sed
1106 1810 1159 1855 et
1202 1803 1305 1855 alia
1339 1818 1591 1860 sexcenta
1627 1789 1679 1862 in
1713 1826 1892 1865 rerum
1917 1825 2130 1871 exstare
2165 1789 2205 1843 Β

570 1886 925 1944 universitate
959 1891 1136 1946 discas
1168 1908 1261 1963 per
1282 1893 1411 1950 Novi
1453 1896 1787 1957 Testamenti
1820 1904 2125 1975 lectionem,

566 2438 675 2483 nec.
700 2428 988 2495 prophetas
1038 2432 1272 2504 reliquos
1324 2438 1568 2495 invenire
1608 2459 1887 2512 possemus
1929 2451 2119 2507 horum

568 2517 824 2583 rationes,
857 2537 981 2575 num
1037 2523 1170 2580 tides
1204 2530 1461 2597 Apustol‘o
1492 2535 1856 2594 detrahenda?
1884 2554 1975 2597 aut
2001 2560 2119 2599 eum

563 2606 868 2662 meminerit
924 2610 1012 2686 ille
1065 2613 1255 2667 horum
1298 2618 1545 2673 ordinum
1585 2624 1910 2683 excellenter
1940 2646 2121 2699 supre-

562 2707 792 2759 morum;
828 2696 916 2750 ubi
950 2698 1055 2763 ait,
1092 2699 1364 2756 Christum
1394 2720 1423 2757 a
1459 2705 1663 2762 dextris
1692 2710 1784 2765 Dei
1838 2696 2119 2773 considere

558 2799 721 2851 super
746 2801 961 2841 omnem
995 2790 1370 2861 principatum,
1411 2807 1458 2848 et
1484 2810 1825 2869 petestatem,
1870 2815 1924 2859 et
1946 2808 2118 2863 virtu-

558 2886 685 2939 tem,
711 2886 763 2930 et
796 2879 1233 2946 dominationem,
1272 2893 1329 2938 et
1360 2901 1522 2942 omne
1550 2906 1742 2946 nomen
1777 2897 1915 2963 quod
1942 2901 2114 2954 nomi-

555 2975 735 3029 natur,
771 2967 884 3021 sive
914 2970 965 3021 in
999 2970 1099 3025 hoc
1129 2973 1326 3029 sicculo
1353 2991 1443 3032 seu
1476 2978 1527 3032 in
1575 2981 1750 3037 futuro
1775 2985 1854 3052 ";
1900 2998 1950 3042 et
1988 2991 2114 3047 alibi

556 3070 676 3107 cum
702 3056 941 3112 nominet
982 3060 1122 3116 idem
1170 3063 1416 3128 thronos,
1436 3068 1855 3141 dominationes,
1885 3086 1938 3130 et
1969 3079 2114 3143 prin-

553 3142 782 3211 cipatus,
804 3156 858 3199 et
888 3158 1207 3217 potestates,
1231 3153 1319 3207 ubi
1358 3155 1435 3208 ait
1466 3174 1477 3210 :
1518 3154 1584 3209 In
1612 3159 1724 3226 ipso
1747 3165 1881 3215 enim
1907 3142 2115 3221 condita

549 3242 671 3286 sunt
702 3236 963 3300 universa,
1003 3248 1109 3291 tam
1140 3257 1257 3309 quae
1282 3245 1336 3297 in
1361 3245 1501 3299 caelis
1532 3260 1673 3313 sunt,
1694 3268 1849 3319 quam
1880 3271 1996 3321 qua:
2025 3274 2115 3309 su-

550 3337 645 3387 per
691 3333 906 3391 terram,
940 3330 1163 3384 visibilia
1198 3342 1246 3386 et
1283 3335 1595 3404 invisibilia,
1625 3343 1729 3397 sive
1761 3350 1973 3409 throni,
2011 3352 2115 3401 sive

549 3410 952 3480 dominationes,
984 3433 1073 3471 seu
1094 3422 1441 3491 principatus,
1466 3443 1556 3480 seu
1580 3442 1860 3498 potestates
1893 3436 1957 3490 ³⁸.
1978 3436 2110 3490 Νυιιι

550 3517 652 3556 non
688 3520 788 3574 par
818 3517 903 3561 est
925 3520 982 3562 ut
1013 3511 1361 3570 admittamus
1392 3518 1516 3581 ista,
1561 3523 1769 3580 etiamsi
1801 3527 1978 3583 Moses
2004 3546 2109 3584 non

546 3591 753 3657 iecerit,
784 3612 883 3653 nec
913 3602 1292 3669 prophetarum
1335 3607 1473 3665 ullus
1514 3612 1674 3668 ullam
1707 3616 1771 3670 de
1816 3620 1934 3675 istis
1962 3638 2112 3679 men-

548 3682 791 3741 tionem?
835 3688 994 3746 Certe
1036 3693 1173 3747 idem
1222 3695 1310 3751 hic
1361 3705 1725 3769 usurpandum
1783 3710 1936 3766 nobis
1983 3726 2105 3781 est,

544 3772 686 3838 quod
718 3774 840 3830 duri
885 3780 1095 3835 cervice
1138 3792 1193 3837 et
1247 3786 1411 3843 corde
1465 3789 1825 3851 incircumcisi
1860 3810 2020 3869 atque
2060 3804 2105 3860 si

540 3864 766 3918 auribus
807 3870 1116 3939 neutiquam
1156 3876 1279 3932 istis
1304 3877 1465 3933 fidem
1499 3882 1893 3955 adhibuissent,
1912 3864 2107 3961 quibus

541 3952 665 4008 ideo
698 3955 831 4010 nihil
855 3957 920 4012 de
964 3975 1192 4029 superna
1217 3965 1315 4021 illa
1342 3967 1647 4026 Jerusalem
1688 3981 1747 4039 >14
1784 3952 1947 4034 divini
1976 3998 2105 4051 pro-

540 4043 717 4112 phetaa
752 4048 1061 4106 revelarunt
1091 4071 1105 4108 :
1130 4068 1248 4109 cum
1274 4057 1327 4111 in
1360 4058 1597 4116 Ecclesia
1628 4064 1851 4135 Christi,
1878 4043 2104 4128 manife-

538 4141 623 4187 ste
666 4139 979 4203 pronuntiat
1008 4138 1075 4196 de
1106 4142 1193 4196 illa
1244 4143 1463 4212 Paulus,
1500 4150 1797 4208 Jerusalem
1846 4173 1963 4213 vero
1988 4178 2104 4230 quin

537 4240 745 4280 sursum
773 4240 849 4282 est
894 4232 1079 4298 libera,
1116 4246 1191 4289 est
1227 4247 1395 4292 mater
1433 4253 1612 4295 nostra
1645 4244 1733 4311 ³⁹;
1763 4257 1816 4302 et
1855 4267 1867 4303 :
1903 4250 2103 4320 Appro-

533 4315 825 4386 pinquastis
849 4322 918 4373 ad
944 4322 1074 4377 Sion
1100 4338 1344 4395 montem,
1376 4342 1424 4384 et
1455 4334 1717 4389 civitatem
1742 4338 1840 4393 Dei
1868 4344 1966 4395 vivi
2004 4343 2101 4399 Je-

534 4406 765 4461 rusalem
793 4411 1065 4479 calestem,
1101 4426 1149 4469 et
1178 4419 1561 4477 multitudinem
1589 4429 1915 4496 angelorum,
1937 4443 1990 4487 et
2011 4452 2099 4503 pa-

534 4497 767 4565 uegyrim
803 4510 849 4553 et
889 4500 1180 4558 Ecclesium
1225 4509 1691 4579 primogenitorum
1727 4521 1817 4587 qui
1852 4497 2096 4594 descripti

536 4598 659 4641 sunt
700 4589 756 4643 in
786 4592 925 4647 coslis
943 4594 1008 4647 ⁸⁸.
1038 4596 1135 4651 Hic
1163 4613 1292 4654 vero
1324 4601 1478 4657 nobis
1512 4604 1655 4660 dicat
1678 4610 1834 4664 velim
1870 4612 2095 4670 Marcel-

541 4675 621 4732 lus
638 4716 654 4744 ,
688 4681 732 4735 si
767 4682 833 4737 de

538 4767 839 4828 doctrinam
886 4778 952 4832 de
983 4778 1101 4835 istis
1130 4798 1151 4834 εΔ
1181 4782 1263 4837 sin
1289 4782 1492 4839 nullam
1522 4791 1759 4847 inveniat
1805 4767 2090 4866 rationem,

537 4870 655 4916 tum
700 4878 981 4935 expromat
1009 4885 1113 4925 cur.
1156 4882 1210 4927 et
1239 4874 1339 4930 ista
1367 4916 1380 4941 ,
1412 4887 1466 4932 et
1494 4878 1601 4935 alia
1654 4897 1814 4953 quam
1864 4888 1913 4957 pl

532 4957 621 5013 his
670 4962 950 5029 congenita
989 4964 1505 5024 abscondebantura
1533 4974 1803 5043 prophetis
1825 5017 1840 5044 ,
1874 4980 1939 5035 de
1971 4984 2089 5051 qui-

526 5050 630 5105 bus
664 5061 842 5105 nostra
900 5054 1020 5109 vice
1065 5056 1229 5112 Deum
1280 5060 1668 5130 deprecabatur
1708 5050 2086 5130 sanctissimus

601 5289 666 5351 Et
696 5288 794 5343 Ed.
816 5292 1012 5357 Paris..
1041 5300 1285 5357 Daa.l36.

605 5385 709 5443 ιιι,
742 5376 835 5445 22,
880 5376 969 5433 25.

579 5515 691 5655 (98)
713 5520 819 5590 Μρ.
851 5525 1059 5585 τοῦτον.
1830 5580 1833 5585 .

604 5588 691 5655 99)
716 5590 882 5655 Vulgo
906 5601 1275 5655 παρειληφώς-
1302 5616 1356 5655 at
1379 5610 1446 5655 ρι’,
1480 5611 1612 5655 inn-si
1639 5616 1682 5655 rt
1705 5621 1826 5655 ,ωτι

604 5588 1275 5677 ρρζνῡιεόπαρειληφῴς.
1302 5616 1356 5662 at
1379 5610 1447 5666 ct'.
1480 5611 1612 5668 intra
1639 5616 1682 5673 ϐ
1705 5621 1849 5677 med.

577 5657 972 5766 9,1323%???
982 5657 1696 5766 Ῑῐῖρέᾷξίξεῖέυῖέρὲἓδῖεῶι
1708 5657 2059 5766 'i'éfi‘é'com.

507 5736 595 5782 aut
624 5732 963 5801 φερομένων,¹
982 5732 1053 5794 αι’
1078 5732 1341 5803 reiciatur
1368 5732 2013 5830 au'aiia?iéiaﬁ2¥¢5€"ii'.

2243 918 2533 986 τούργουν
2550 920 2729 987 αὐτῷ,
2759 924 2858 977 καὶ
2881 925 3087 994 μυρίαι
3100 925 3385 993 μυριάδες
3401 928 3816 997 παρειστήκει-

2241 1020 2361 1059 σαν
2383 1009 2720 1077 ἔμπροσθεν
2747 1013 2952 1069 αὐτοῦ.
3000 1014 3160 1069 Ἀλλά
3193 1017 3302 1086 γὰρ
3332 1017 3537 1073 τούτων
3560 1021 3818 1075 ἁπάντων

2244 1101 2420 1167 σιωπῇ
2457 1100 2737 1171 παρέδωκε
2764 1105 2889 1168 τοὺς
2916 1106 3104 1175 λόγους
3130 1107 3354 1179 Μωσῆς,
3385 1110 3589 1182 καίπερ
3615 1113 3717 1165 οὐκ
3741 1112 3816 1165 ῶν

2239 1188 2416 1242 αὐτῶν
2444 1192 2500 1244 ὲν
2521 1192 2710 1265 ἀγνοίᾳ
2725 1212 2737 1224 ·
2772 1196 2987 1249 πάντων
3007 1197 3063 1251 δὲ
3083 1198 3179 1269 τὴν
3193 1200 3392 1273 ἀκριϐῆ
3409 1204 3612 1270 γνῶσιν
3629 1220 3817 1275 προει-

2238 1278 2422 1347 ληφὼς
2440 1281 2547 1352 (99)
2571 1283 2645 1353 τῷ
2662 1284 2789 1355 θείῳ
2808 1287 3103 1358 Πνεῦματι.
3130 1289 3276 1361 Πλὴν
3294 1292 3545 1363 οὐδαμῶς
3561 1295 3742 1348 αὐτῶν
3758 1297 3823 1349 ὲν

2235 1372 2300 1440 τῇ
2325 1375 2648 1445 κοσμοποιίᾳ.
2663 1374 2738 1439 ὡς
2754 1378 2889 1450 πρὸς
2912 1379 3003 1432 τοῦ
3027 1380 3159 1434 θεοῦ
3190 1384 3497 1455 γενομένων
3516 1388 3817 1457 ἐποιήσατο

2239 1462 2478 1533 μνήμην.
2499 1466 2607 1519 Καὶ
2624 1468 2811 1521 τούτου
2827 1471 2925 1541 τὴν
2940 1472 3116 1527 αίτίαν
3138 1476 3245 1529 οὐδ’
3263 1476 3454 1547 ἑτέραν
3473 1478 3613 1531 εἴποι
3629 1480 3696 1533 ἄν
3712 1496 3813 1541 τις.

2235 1550 2265 1619 ἢ
2298 1552 2395 1622 τὴν
2426 1554 2852 1628 σκληροκαρδίαν
2871 1560 2964 1614 τοῦ
2992 1563 3118 1615 λαοῦ
3151 1565 3494 1636 γεγενῆσθαι,
3518 1568 3709 1640 ῶσπερ
3725 1569 3818 1624 οὖν

2234 1640 2393 1703 αὐτὸς
2415 1642 2649 1708 ἐδίδαξεν
2673 1648 2699 1698 ό
2728 1647 2935 1720 Σωτήρ.
2960 1652 3067 1705 Καὶ
3089 1652 3220 1705 ἄλλα
3235 1655 3291 1706 δὲ
3310 1656 3475 1727 μυρία
3497 1652 3636 1711 εἶναι.
3666 1662 3724 1712 ὲν

2234 1730 2324 1784 τοῦ
2355 1736 2555 1798 παντὸς
2587 1741 2838 1793 συστάσει
2857 1741 3043 1811 μάθοις
3058 1744 3122 1797 ἂν
3138 1746 3202 1799 ὲκ
3221 1746 3329 1798 τῶν
3350 1747 3449 1817 τῆς
3464 1750 3674 1819 Καινῆς
3688 1730 3813 1804 Διαέ

2238 1820 2408 1894 Θήχης
2431 1826 2889 1900 ἀναγνωσμάτων,
2913 1834 3017 1887 οὐδ’
3035 1836 3169 1899 ὅλως
3199 1839 3256 1889 ὲν
3286 1840 3351 1907 τῇ
3382 1840 3626 1904 Μωσέως
3649 1845 3817 1913 φερόο

2227 2368 2354 2438 περὶ
2380 2369 2583 2424 τούτων
2613 2372 2821 2442 λόγους,
2845 2377 3171 2450 ἀπιστητέον
3199 2381 3273 2451 (2)
3302 2382 3699 2458 τῷ·’Λποσ·τόλῳ
3722 2406 3737 2454 ;
3772 2388 3803 2460 ἢ

2226 2456 2443 2511 ἐπειδὰν
2476 2459 2569 2513 τοῦ
2603 2462 2713 2515 τῶν
2735 2467 3057 2534 κρειττόνων
3082 2470 3359 2540 τάγματος
3398 2475 3425 2525 ὁ
3453 2475 3615 2539 αὐτὸς
3643 2456 3806 2531 πάλιν

2227 2550 2539 2623 μνημονεύῃ
2592 2552 2763 2622 λέγων
2815 2557 2906 2611 τὸν
2956 2561 3187 2631 Χριστὸν
3238 2564 3295 2616 ὲν
3335 2565 3485 2637 δεξιᾷ
3526 2568 3620 2620 τοῦ
3667 2569 3802 2623 Θεοῦ

2224 2638 2565 2708 καθέζεσθαι,
2594 2645 2847 2716 ὑπεράνω
2872 2650 3051 2721 πάσης
3077 2654 3269 2725 ἀρχῆς,
3297 2656 3390 2708 καὶ
3413 2656 3682 2726 ἐξουσίας,
3710 2662 3802 2715 καὶ

2220 2727 2519 2799 δυνάμεως,
2551 2733 2643 2786 καὶ
2673 2736 3010 2807 κυριότητος,
3044 2741 3137 2794 καὶ
3167 2744 3366 2808 παντός
3394 2747 3657 2818 ὀνόματος
3682 2749 3801 2803 ὀνο-

2224 2820 2551 2890 μαζομένου,
2582 2825 2640 2876 οὐ
2669 2826 2828 2893 μόνον
2849 2829 2904 2881 ὲν
2930 2830 3007 2900 τῷ
3038 2831 3194 2885 αίῶνι
3235 2835 3426 2906 τούτῳ,
3451 2836 3587 2891 άλλά
3624 2842 3719 2893 καὶ
3742 2842 3799 2893 ὲν

2218 2910 2294 2980 τῷ
2338 2910 2611 2987 μέλλοντν
2659 2917 2752 2969 καὶ
2795 2913 2971 2983 αὖθις,
3024 2922 3243 2977 ἐπειδὰν
3272 2924 3514 2999 ὀνομάζῃ
3552 2929 3794 2999 θρόνους,

2218 3001 2312 3054 καὶ
2350 3004 2698 3074 κυριότητας,
2736 3009 2843 3061 καὶ
2890 3010 3083 3081 ἀρχὰς,
3144 3014 3238 3067 καὶ
3269 3015 3538 3082 ἐξουσίας,
3587 3018 3795 3087 λέγων·

2230 3091 2325 3143 Ἐν
2350 3092 2507 3157 αὐτῷ
2542 3095 2650 3162 γὰρ
2689 3097 2935 3167 ἐκτίσθη
2971 3102 3042 3155 τὰ
3085 3103 3303 3169 πάντα,
3332 3106 3403 3159 τὰ
3430 3106 3500 3161 ἐν
3534 3108 3662 3175 τοῖς
3692 3113 3798 3165 οὐν

2207 3182 2419 3248 ρανοῖς
2437 3185 2531 3237 καί
2559 3186 2630 3239 τὰ
2659 3188 2757 3241 ἐπὶ
2789 3188 2897 3257 τῆς
2921 3192 3054 3262 γῆς,
3083 3195 3157 3249 τὰ
3177 3198 3361 3265 δρατὰ
3389 3199 3489 3253 καί
3520 3202 3592 3255 τὰ
3620 3202 3798 3271 ἀόρα-

2212 3289 2305 3336 τα,
2334 3275 2452 3329 εἴτε
2476 3278 2695 3344 θρόνοι,
2729 3279 2851 3334 εἴτε
2888 3285 3255 3355 κυριότητες,
3287 3290 3408 3344 εἴτε
3442 3291 3643 3361 ἀρχαί,
3672 3294 3796 3350 εἴτε

2211 3364 2503 3429 ἐξουσίαι,
2539 3364 2626 3440 ἆρ’
2652 3371 2713 3423 οὐ
2752 3376 3016 3447 προσήκει
3058 3378 3233 3434 ταῦτα
3270 3382 3669 3455 παραδέχεσθαι
3701 3386 3793 3442 διὰ

2208 3454 2269 3507 τὸ
2313 3458 2448 3528 μήτε
2480 3460 2701 3527 Μωσέα,
2742 3465 2877 3536 μήτε
2906 3467 3033 3530 τοὺς
3072 3468 3293 3537 λοιποὺς
3326 3454 3629 3547 προφήτας,
3663 3479 3794 3551 περὶ

2206 3545 2410 3599 τούτων
2444 3550 2869 3622 προειληφέναι;
2911 3557 2944 3630 ἢ
2980 3559 3175 3615 ταύτὸν
3200 3563 3447 3636 καὶπερὶ
3478 3545 3556 3637 (5)
3585 3545 3791 3623 τούτων

2207 3633 2461 3703 ἐροῦμεν,
2508 3637 2583 3701 ὡς
2626 3638 2725 3710 οὐχ
2761 3638 2862 3695 οἷοί
2894 3662 2954 3699 τε
2980 3642 3119 3719 ἦσαν
3148 3652 3274 3715 τοὺς
3299 3633 3428 3725 περὶ
3455 3633 3661 3712 eodth
3694 3677 3789 3713 πι-

2208 3723 2496 3779 στεύεσθαι
2538 3727 2728 3797 λόγους
2759 3733 2806 3784 οἱ
2840 3734 3302 3811 σκληροτράχηλοι
3349 3723 3444 3799 διαὶ
3469 3748 3785 3819 ἀπερίτμη-

2204 3827 2286 3864 τοι
2313 3815 2377 3883 τῇ
2406 3815 2600 3887 καρδίᾳ
2626 3818 2855 3884 καὶτοῖς
2877 3821 3031 3890 ὠσὶν,
3065 3844 3084 3877 ι
3121 3821 3208 3892 οἷς
3233 3829 3354 3883 οὐδὲ
3382 3832 3511 3904 περὶ
3550 3815 3650 3906 τῆς

2217 3902 2565 3978 Ἰερουσαλὴμ
2596 3928 2614 3960 ›
2651 3910 3021 3970 ἀνεκάλυπτον
3071 3919 3121 3971 oi.
3158 3920 3254 3973 τοῦ
3289 3921 3425 3976 Θεοῦ
3460 3902 3781 3998 Ῠπροιρῆται,

2209 3991 2397 4066 ὥσπερ
2416 3991 2507 4049 οὖν
2537 4000 2603 4069 τῇ
2638 3999 2931 4076 Ἐκκλησία
2962 4005 3199 4078 Χριστοῦ
3230 4011 3507 4083 διασαφῶν
3525 3991 3627 4071 ,καλ

2203 4086 2329 4157 περὶ
2356 4087 2558 4161 ταύτης
2576 4090 2765 4163 λόγους
2788 4099 2817 4149 ὁ
2838 4095 3047 4164 Παῦλος
3073 4101 3222 4167 ἐϐόα,
3244 4102 3437 4175 λέγων,
3478 4108 3550 4164 Ἦ
3567 4110 3637 4164 δὲ
3657 4112 3783 4167 ἄνω

2212 4177 2605 4253 Ἰερουσαλὴμ
2653 4186 2937 4258 ἐλευθέρα
2986 4192 3176 4261 ἐστίν,
3226 4196 3361 4267 ἥτις
3405 4200 3539 4255 ἐστι
3575 4205 3778 4275 μήτηρ

2198 4267 2391 4335 ἡμῶν·
2440 4271 2551 4337 καὶ,
2576 4276 3072 4345 Προσεληλύθατε
3109 4285 3263 4339 Σιὼν
3302 4287 3442 4358 ὄρει,
3472 4267 3778 4349 scala/ode:

2200 4360 2346 4414 Θεοῦ
2363 4358 2569 4430 ζὶντος
2596 4365 2983 4440 Ἰερουσαλὴμ
2994 4374 3346 4445 ἐπουρανίῳ,
3373 4382 3473 4434 καὶ
3486 4388 3785 4454 μυριάσιν

2130 4474 2171 4529 D
2196 4451 2465 4521 ἀγγέλων
2527 4460 2852 4527 πανηγύρει
2866 4500 2882 4526 ,
2921 4462 3024 4515 καί
3080 4465 3407 4539 Ἐκκλησία
3432 4451 3506 4545 (4)
3546 4451 3776 4545 ⁶τρωτο-

2195 4544 2384 4596 τόκων
2407 4544 2945 4618 ἀπογεγραμμένων
2966 4552 3037 4606 ἐν
3059 4556 3354 4627 οὐρανοῖς.
3379 4544 3600 4633 Λεγέτω
3632 4570 3776 4641 πρὸς

2195 4632 2365 4686 ταῦτα
2391 4634 2729 4706 Μάρκελλος,
2771 4642 2820 4692 εί
2854 4636 2965 4705 οἷός
2997 4660 3059 4696 τε
3097 4646 3251 4701 ἐστὶν
3297 4653 3360 4704 ἐκ
3386 4632 3496 4706 τῶν
3525 4632 3775 4714 παλαίῶν

869 4689 1093 4741 vetustis
1126 4689 1424 4760 Scripturis
1460 4694 1704 4761 proferre
1747 4702 1901 4758 nobis
1929 4709 2099 4775 possit
2197 4689 2540 4794 γραμμάτιρν

2589 4728 2688 4799 τὴν
2730 4730 2933 4785 τούτων
2974 4737 3266 4808 προφέρειν
3306 4742 3665 4803 διδασκαλίαν.
3702 4752 3769 4807 Et

2192 4813 2248 4866 δὲ
2282 4816 2358 4885 (5)
2389 4818 2463 4887 μὴ
2494 4818 2760 4892 εὑρίσκοι,
2811 4821 2907 4893 τὴν
2942 4825 3121 4881 αίτίαν
3164 4831 3476 4900 ἀποδιδότω,
3498 4837 3565 4891 δι’
3590 4841 3656 4912 ἣν
3684 4858 3774 4906 σεο

2566 4891 2569 4892 ,
2866 4891 2873 4893 .
3463 4891 3475 4900 ,
3598 4891 3645 4912 ,ν
3690 4891 3707 4906 ἵ
3723 4891 3743 4895 -

1921 4891 2089 4945 "rima
2192 4905 2430 4979 σιώπητο
2452 4913 2563 4974 τοῖς
2587 4912 2680 4964 τοῦ
2705 4913 2839 4968 Θεοῦ
2871 4920 3175 4991 προφήταις
3193 4922 3363 4979 ταῦτά
3386 4943 3445 4979 τε
3466 4929 3642 4984 πάντα
3669 4936 3765 4989 καὶ

2186 4991 2318 5047 άλλα
2334 4997 2540 5062 τούτοις
2553 5000 2755 5069 ἀδελφά
2774 5005 2959 5076 μυρία,
2975 5010 3101 5079 περὶ
3114 5004 3189 5064 ὧν
3204 5012 3231 5063 ό
3244 5014 3407 5078 αὐτὸς
3421 5015 3762 5088 Ini-601010;,

2186 5084 2323 5159 ὑπὲρ
2340 5089 2497 5159 ἡμῶν
2513 5092 2681 5147 ἐδεῖτο
2694 5095 2789 5148 τοῦ
2825 5096 2981 5165 Θεοῦ,
3006 5101 3105 5155 ἵνα
3132 5102 3202 5170 ἐξ
3205 5109 3549 5179 ισχύσωμεν
3574 5084 3757 5169 χιι-τάξ

2346 5563 2520 5655 litigo
2545 5569 2916 5655 άπιστςυτέον,
2937 5587 2994 5655 _et
3021 5580 3161 5655 in_i'_ra
3194 5582 3471 5655 ὀνομάζει.

2259 5634 2316 5721 si
2342 5634 2518 5721 χυιξο
2550 5640 2738 5721 ἢ-περί
2767 5634 2914 5701 corr:
2928 5646 3039 5717 jam
3065 5634 3172 5721 M6.

2243 5705 2320 5783 ς
2337 5704 2513 5783 Υυ-Ιέο
2530 5704 2651 5783 τῶν
2684 5704 2780 5783 πρ.

2237 5773 2313 5844 (5)
2337 5773 2503 5849 Vulgo
2522 5778 2606 5850 δή,
2637 5792 2688 5837 et
2712 5773 2869 5853 infra,
2904 5786 3091 5859 μύρια.
