  <div class='ocr_page' id='page_1' title='image "/cluster/home/n/w/nwhite01/storage/ocr_20150623/24/ien.35556001660497/488.png"; bbox 0 0 4032 6426; ppageno 0'>
   <div class='ocr_carea' id='block_1_1' title="bbox 227 402 349 460">
    <p class='ocr_par' dir='ltr' id='par_1_1' title="bbox 227 402 349 460">
     <span class='ocr_line' id='line_1_1' title="bbox 227 402 349 460; baseline -0.008 0"><span class='ocrx_word' id='word_1_1' title='bbox 227 402 349 460; x_wconf 67' lang='grc'><strong><em>955</em></strong></span> 
     </span>
    </p>
   </div>
   <div class='ocr_carea' id='block_1_2' title="bbox 1173 395 2566 456">
    <p class='ocr_par' dir='ltr' id='par_1_2' title="bbox 1173 395 2566 456">
     <span class='ocr_line' id='line_1_2' title="bbox 1173 395 2566 456; baseline 0 -5"><span class='ocrx_word' id='word_1_2' title='bbox 1173 397 1262 454; x_wconf 86' lang='lat' dir='ltr'><strong><em>DE</em></strong></span> <span class='ocrx_word' id='word_1_3' title='bbox 1301 395 1849 456; x_wconf 81' lang='lat' dir='ltr'><strong><em>ECCLESIASTICA</em></strong></span> <span class='ocrx_word' id='word_1_4' title='bbox 1896 396 2293 454; x_wconf 77' lang='lat' dir='ltr'><strong><em>THEOLOGIA</em></strong></span> <span class='ocrx_word' id='word_1_5' title='bbox 2334 396 2465 453; x_wconf 78' lang='lat' dir='ltr'><strong>LIB.</strong></span> <span class='ocrx_word' id='word_1_6' title='bbox 2502 397 2566 452; x_wconf 88' lang='lat' dir='ltr'><strong><em>II.</em></strong></span> 
     </span>
    </p>
   </div>
   <div class='ocr_carea' id='block_1_3' title="bbox 3427 396 3535 457">
    <p class='ocr_par' dir='ltr' id='par_1_3' title="bbox 3427 396 3535 457">
     <span class='ocr_line' id='line_1_3' title="bbox 3427 396 3535 457; baseline 0.028 -3"><span class='ocrx_word' id='word_1_7' title='bbox 3427 396 3535 457; x_wconf 64' lang='lat'><strong><em>954</em></strong></span> 
     </span>
    </p>
   </div>
   <div class='ocr_carea' id='block_1_4' title="bbox 231 511 1832 588">
    <p class='ocr_par' dir='ltr' id='par_1_4' title="bbox 231 515 1832 588">
     <span class='ocr_line' id='line_1_4' title="bbox 231 515 1832 588; baseline -0.003 -12"><span class='ocrx_word' id='word_1_8' title='bbox 231 538 350 587; x_wconf 68' lang='lat' dir='ltr'><strong><em>socc</em></strong></span> <span class='ocrx_word' id='word_1_9' title='bbox 367 522 461 575; x_wconf 79' lang='grc' dir='ltr'>καὶ</span> <span class='ocrx_word' id='word_1_10' title='bbox 474 520 666 586; x_wconf 79' lang='grc' dir='ltr'>,ϐάθος</span> <span class='ocrx_word' id='word_1_11' title='bbox 682 518 783 574; x_wconf 76' lang='grc' dir='ltr'>και</span> <span class='ocrx_word' id='word_1_12' title='bbox 793 518 971 588; x_wconf 71' lang='grc' dir='ltr'>ὕψος,</span> <span class='ocrx_word' id='word_1_13' title='bbox 990 515 1214 587; x_wconf 71' lang='grc' dir='ltr'>γνῶναί</span> <span class='ocrx_word' id='word_1_14' title='bbox 1229 534 1293 571; x_wconf 81' lang='grc' dir='ltr'><strong><em>τε</em></strong></span> <span class='ocrx_word' id='word_1_15' title='bbox 1306 517 1420 585; x_wconf 79' lang='grc' dir='ltr'><strong><em>τὴν</em></strong></span> <span class='ocrx_word' id='word_1_16' title='bbox 1434 516 1832 586; x_wconf 73' lang='grc' dir='ltr'>ὑπερϐάλλου-</span> 
     </span>
    </p>
   </div>
   <div class='ocr_carea' id='block_1_5' title="bbox 1935 511 3536 588">
    <p class='ocr_par' dir='ltr' id='par_1_5' title="bbox 1948 511 3536 588">
     <span class='ocr_line' id='line_1_5' title="bbox 1948 511 3536 588; baseline -0.003 -15"><span class='ocrx_word' id='word_1_17' title='bbox 1948 517 2175 583; x_wconf 86' lang='lat' dir='ltr'><strong><em>sanctis,</em></strong></span> <span class='ocrx_word' id='word_1_18' title='bbox 2195 533 2313 588; x_wconf 76' lang='lat' dir='ltr'><strong><em>qute</em></strong></span> <span class='ocrx_word' id='word_1_19' title='bbox 2335 525 2468 571; x_wconf 90' lang='lat' dir='ltr'><strong><em>esset</em></strong></span> <span class='ocrx_word' id='word_1_20' title='bbox 2495 513 2742 579; x_wconf 87' lang='lat' dir='ltr'><strong><em>latitudo,</em></strong></span> <span class='ocrx_word' id='word_1_21' title='bbox 2782 511 3079 584; x_wconf 85' lang='lat' dir='ltr'><strong><em>longitudo,</em></strong></span> <span class='ocrx_word' id='word_1_22' title='bbox 3115 515 3455 586; x_wconf 69' lang='lat' dir='ltr'><strong><em>profunditas</em></strong></span> <span class='ocrx_word' id='word_1_23' title='bbox 3483 523 3536 571; x_wconf 86' lang='lat' dir='ltr'><strong><em>et</em></strong></span> 
     </span>
    </p>
   </div>
   <div class='ocr_carea' id='block_1_6' title="bbox 246 608 1839 682">
    <p class='ocr_par' dir='ltr' id='par_1_6' title="bbox 246 608 1839 682">
     <span class='ocr_line' id='line_1_6' title="bbox 246 608 1839 682; baseline -0.003 -16"><span class='ocrx_word' id='word_1_24' title='bbox 246 629 368 668; x_wconf 71' lang='grc' dir='ltr'>ταν</span> <span class='ocrx_word' id='word_1_25' title='bbox 393 611 503 682; x_wconf 83' lang='grc' dir='ltr'>τῆς</span> <span class='ocrx_word' id='word_1_26' title='bbox 531 613 809 681; x_wconf 73' lang='grc' dir='ltr'>γνώσεως</span> <span class='ocrx_word' id='word_1_27' title='bbox 839 610 1082 679; x_wconf 75' lang='grc' dir='ltr'>ἀγάπην</span> <span class='ocrx_word' id='word_1_28' title='bbox 1114 610 1221 664; x_wconf 87' lang='grc' dir='ltr'>τοῦ</span> <span class='ocrx_word' id='word_1_29' title='bbox 1244 610 1415 664; x_wconf 81' lang='grc' dir='ltr'>Θεοῦ.</span> <span class='ocrx_word' id='word_1_30' title='bbox 1450 610 1562 664; x_wconf 75' lang='grc' dir='ltr'>Καὶ</span> <span class='ocrx_word' id='word_1_31' title='bbox 1596 609 1759 673; x_wconf 83' lang='grc' dir='ltr'>αὐτὸς</span> <span class='ocrx_word' id='word_1_32' title='bbox 1779 608 1839 662; x_wconf 84' lang='grc' dir='ltr'>δὲ</span> 
     </span>
    </p>
   </div>
   <div class='ocr_carea' id='block_1_7' title="bbox 247 701 1839 779">
    <p class='ocr_par' dir='ltr' id='par_1_7' title="bbox 247 701 1839 779">
     <span class='ocr_line' id='line_1_7' title="bbox 247 701 1839 779; baseline -0.004 -19"><span class='ocrx_word' id='word_1_33' title='bbox 247 703 440 779; x_wconf 73' lang='grc' dir='ltr'>Σωτὴρ</span> <span class='ocrx_word' id='word_1_34' title='bbox 464 705 621 777; x_wconf 80' lang='grc' dir='ltr'>ἡμῶν</span> <span class='ocrx_word' id='word_1_35' title='bbox 664 703 889 757; x_wconf 75' lang='grc' dir='ltr'>πλεῖστα</span> <span class='ocrx_word' id='word_1_36' title='bbox 930 703 1031 755; x_wconf 88' lang='grc' dir='ltr'>ὃσα</span> <span class='ocrx_word' id='word_1_37' title='bbox 1069 704 1347 774; x_wconf 75' lang='grc' dir='ltr'><strong><em>μυστήρια</em></strong></span> <span class='ocrx_word' id='word_1_38' title='bbox 1380 703 1509 774; x_wconf 77' lang='grc' dir='ltr'>περὶ</span> <span class='ocrx_word' id='word_1_39' title='bbox 1544 701 1647 772; x_wconf 82' lang='grc' dir='ltr'>τῆς</span> <span class='ocrx_word' id='word_1_40' title='bbox 1678 701 1839 772; x_wconf 89' lang='grc' dir='ltr'>βασι-</span> 
     </span>
    </p>
   </div>
   <div class='ocr_carea' id='block_1_8' title="bbox 246 793 1841 868">
    <p class='ocr_par' dir='ltr' id='par_1_8' title="bbox 246 793 1841 868">
     <span class='ocr_line' id='line_1_8' title="bbox 246 793 1841 868; baseline 0 -21"><span class='ocrx_word' id='word_1_41' title='bbox 246 793 393 862; x_wconf 74' lang='grc' dir='ltr'>λείας</span> <span class='ocrx_word' id='word_1_42' title='bbox 412 800 521 852; x_wconf 86' lang='grc' dir='ltr'><strong><em>τῶν</em></strong></span> <span class='ocrx_word' id='word_1_43' title='bbox 548 794 824 868; x_wconf 81' lang='grc' dir='ltr'><strong><em>οὐρανῶν,</em></strong></span> <span class='ocrx_word' id='word_1_44' title='bbox 866 795 995 867; x_wconf 89' lang='grc' dir='ltr'>περί</span> <span class='ocrx_word' id='word_1_45' title='bbox 1031 812 1091 849; x_wconf 92' lang='grc' dir='ltr'><strong><em>τε</em></strong></span> <span class='ocrx_word' id='word_1_46' title='bbox 1116 794 1217 864; x_wconf 79' lang='grc' dir='ltr'>τῆς</span> <span class='ocrx_word' id='word_1_47' title='bbox 1251 796 1564 859; x_wconf 79' lang='grc' dir='ltr'><strong><em>συντελείας</em></strong></span> <span class='ocrx_word' id='word_1_48' title='bbox 1582 795 1677 849; x_wconf 83' lang='grc' dir='ltr'>τοῦ</span> <span class='ocrx_word' id='word_1_49' title='bbox 1704 812 1841 849; x_wconf 88' lang='grc' dir='ltr'>παν-</span> 
     </span>
    </p>
   </div>
   <div class='ocr_carea' id='block_1_9' title="bbox 245 884 1839 961">
    <p class='ocr_par' dir='ltr' id='par_1_9' title="bbox 245 884 1839 961">
     <span class='ocr_line' id='line_1_9' title="bbox 245 884 1839 961; baseline -0.001 -21"><span class='ocrx_word' id='word_1_50' title='bbox 245 887 364 952; x_wconf 86' lang='grc' dir='ltr'>τὸς,</span> <span class='ocrx_word' id='word_1_51' title='bbox 388 890 518 961; x_wconf 86' lang='grc' dir='ltr'>περί</span> <span class='ocrx_word' id='word_1_52' title='bbox 549 906 609 942; x_wconf 93' lang='grc' dir='ltr'><strong><em>τε</em></strong></span> <span class='ocrx_word' id='word_1_53' title='bbox 638 889 746 941; x_wconf 84' lang='grc' dir='ltr'>τῶν</span> <span class='ocrx_word' id='word_1_54' title='bbox 780 886 1143 957; x_wconf 78' lang='grc' dir='ltr'><strong><em>ἐπαγγελιῶν,</em></strong></span> <span class='ocrx_word' id='word_1_55' title='bbox 1186 887 1317 940; x_wconf 75' lang='grc' dir='ltr'>ποτὲ</span> <span class='ocrx_word' id='word_1_56' title='bbox 1353 888 1451 957; x_wconf 83' lang='grc' dir='ltr'>μὲν</span> <span class='ocrx_word' id='word_1_57' title='bbox 1476 887 1562 940; x_wconf 83' lang='grc' dir='ltr'>διὰ</span> <span class='ocrx_word' id='word_1_58' title='bbox 1592 884 1839 957; x_wconf 75' lang='grc' dir='ltr'>παραδο-</span> 
     </span>
    </p>
   </div>
   <div class='ocr_carea' id='block_1_10' title="bbox 246 977 1836 1051">
    <p class='ocr_par' dir='ltr' id='par_1_10' title="bbox 246 977 1836 1051">
     <span class='ocr_line' id='line_1_10' title="bbox 246 977 1836 1051; baseline 0 -21"><span class='ocrx_word' id='word_1_59' title='bbox 246 977 379 1041; x_wconf 87' lang='grc' dir='ltr'>λῶν,</span> <span class='ocrx_word' id='word_1_60' title='bbox 420 980 546 1033; x_wconf 74' lang='grc' dir='ltr'>ποτε</span> <span class='ocrx_word' id='word_1_61' title='bbox 577 981 634 1033; x_wconf 83' lang='grc' dir='ltr'>δὲ</span> <span class='ocrx_word' id='word_1_62' title='bbox 666 980 761 1034; x_wconf 66' lang='grc' dir='ltr'>καὶ</span> <span class='ocrx_word' id='word_1_63' title='bbox 799 982 856 1032; x_wconf 86' lang='grc' dir='ltr'>ὲν</span> <span class='ocrx_word' id='word_1_64' title='bbox 890 980 1222 1051; x_wconf 75' lang='grc' dir='ltr'>ἀπορρήτοις</span> <span class='ocrx_word' id='word_1_65' title='bbox 1249 978 1497 1047; x_wconf 75' lang='grc' dir='ltr'><strong><em>ἐξέφαινε</em></strong></span> <span class='ocrx_word' id='word_1_66' title='bbox 1527 981 1639 1042; x_wconf 88' lang='grc' dir='ltr'>τοῖς</span> <span class='ocrx_word' id='word_1_67' title='bbox 1670 977 1836 1032; x_wconf 77' lang='grc' dir='ltr'>αὑτοῦ</span> 
     </span>
    </p>
   </div>
   <div class='ocr_carea' id='block_1_11' title="bbox 250 1068 1837 1143">
    <p class='ocr_par' dir='ltr' id='par_1_11' title="bbox 250 1068 1837 1143">
     <span class='ocr_line' id='line_1_11' title="bbox 250 1068 1837 1143; baseline 0.001 -22"><span class='ocrx_word' id='word_1_68' title='bbox 250 1068 541 1140; x_wconf 74' lang='grc' dir='ltr'><strong><em>μαθηταῖς,</em></strong></span> <span class='ocrx_word' id='word_1_69' title='bbox 580 1072 718 1143; x_wconf 86' lang='grc' dir='ltr'>πρὸς</span> <span class='ocrx_word' id='word_1_70' title='bbox 756 1070 850 1135; x_wconf 79' lang='grc' dir='ltr'>οὓς</span> <span class='ocrx_word' id='word_1_71' title='bbox 877 1070 1080 1139; x_wconf 76' lang='grc' dir='ltr'>ἔλεγεν,</span> <span class='ocrx_word' id='word_1_72' title='bbox 1125 1070 1296 1140; x_wconf 79' lang='grc' dir='ltr'><em>’Υμῖν</em></span> <span class='ocrx_word' id='word_1_73' title='bbox 1344 1070 1581 1124; x_wconf 79' lang='grc' dir='ltr'>δέδοται</span> <span class='ocrx_word' id='word_1_74' title='bbox 1617 1069 1837 1139; x_wconf 72' lang='grc' dir='ltr'>γνῶναι</span> 
     </span>
    </p>
   </div>
   <div class='ocr_carea' id='block_1_12' title="bbox 246 1156 1839 1237">
    <p class='ocr_par' dir='ltr' id='par_1_12' title="bbox 246 1156 1839 1237">
     <span class='ocr_line' id='line_1_12' title="bbox 246 1156 1839 1237; baseline 0.003 -26"><span class='ocrx_word' id='word_1_75' title='bbox 246 1156 324 1211; x_wconf 77' lang='grc' dir='ltr'>τὰ</span> <span class='ocrx_word' id='word_1_76' title='bbox 344 1161 647 1230; x_wconf 72' lang='grc' dir='ltr'>μυστήρια</span> <span class='ocrx_word' id='word_1_77' title='bbox 678 1164 784 1218; x_wconf 84' lang='grc' dir='ltr'>τοῦ</span> <span class='ocrx_word' id='word_1_78' title='bbox 820 1162 990 1227; x_wconf 86' lang='grc' dir='ltr'>Θεοῦ,</span> <span class='ocrx_word' id='word_1_79' title='bbox 1026 1157 1101 1217; x_wconf 81' lang='grc' dir='ltr'>ὧν</span> <span class='ocrx_word' id='word_1_80' title='bbox 1127 1165 1228 1217; x_wconf 83' lang='grc' dir='ltr'>οὑκ</span> <span class='ocrx_word' id='word_1_81' title='bbox 1257 1163 1325 1219; x_wconf 80' lang='grc' dir='ltr'>ἂν</span> <span class='ocrx_word' id='word_1_82' title='bbox 1359 1163 1509 1237; x_wconf 82' lang='grc' dir='ltr'>εὖροι</span> <span class='ocrx_word' id='word_1_83' title='bbox 1530 1179 1615 1226; x_wconf 91' lang='grc' dir='ltr'><strong><em>τις</em></strong></span> <span class='ocrx_word' id='word_1_84' title='bbox 1649 1161 1721 1215; x_wconf 84' lang='grc' dir='ltr'>τὰ</span> <span class='ocrx_word' id='word_1_85' title='bbox 1742 1158 1839 1215; x_wconf 77' lang='grc' dir='ltr'>ἴσα</span> 
     </span>
    </p>
   </div>
   <div class='ocr_carea' id='block_1_13' title="bbox 246 1251 1837 1329">
    <p class='ocr_par' dir='ltr' id='par_1_13' title="bbox 246 1251 1837 1329">
     <span class='ocr_line' id='line_1_13' title="bbox 246 1251 1837 1329; baseline 0.003 -24"><span class='ocrx_word' id='word_1_86' title='bbox 246 1252 405 1325; x_wconf 87' lang='grc' dir='ltr'><strong><em>παρά</em></strong></span> <span class='ocrx_word' id='word_1_87' title='bbox 423 1255 627 1321; x_wconf 80' lang='grc' dir='ltr'>Μωσεῐ,</span> <span class='ocrx_word' id='word_1_88' title='bbox 652 1257 685 1328; x_wconf 71' lang='grc' dir='ltr'><strong>ἢ</strong></span> <span class='ocrx_word' id='word_1_89' title='bbox 712 1256 861 1329; x_wconf 86' lang='grc' dir='ltr'><strong><em>παρά</em></strong></span> <span class='ocrx_word' id='word_1_90' title='bbox 882 1258 993 1320; x_wconf 90' lang='grc' dir='ltr'>τοῖς</span> <span class='ocrx_word' id='word_1_91' title='bbox 1020 1256 1227 1320; x_wconf 81' lang='grc' dir='ltr'><strong><em>λοιποῖς</em></strong></span> <span class='ocrx_word' id='word_1_92' title='bbox 1261 1258 1588 1329; x_wconf 80' lang='grc' dir='ltr'>προφήταις.</span> <span class='ocrx_word' id='word_1_93' title='bbox 1626 1256 1691 1310; x_wconf 94' lang='grc' dir='ltr'>Τί</span> <span class='ocrx_word' id='word_1_94' title='bbox 1707 1251 1837 1321; x_wconf 84' lang='grc' dir='ltr'>οὗν;</span> 
     </span>
    </p>
   </div>
   <div class='ocr_carea' id='block_1_14' title="bbox 246 1346 1838 1419">
    <p class='ocr_par' dir='ltr' id='par_1_14' title="bbox 246 1346 1838 1419">
     <span class='ocr_line' id='line_1_14' title="bbox 246 1346 1838 1419; baseline 0.001 -22"><span class='ocrx_word' id='word_1_95' title='bbox 246 1346 372 1398; x_wconf 69' lang='grc' dir='ltr'>ἐπεὶ</span> <span class='ocrx_word' id='word_1_96' title='bbox 407 1346 480 1418; x_wconf 84' lang='grc' dir='ltr'>μὴ</span> <span class='ocrx_word' id='word_1_97' title='bbox 518 1346 597 1417; x_wconf 87' lang='grc' dir='ltr'>τῷ</span> <span class='ocrx_word' id='word_1_98' title='bbox 635 1348 899 1401; x_wconf 75' lang='grc' dir='ltr'><strong><em>Ἰουδαίων</em></strong></span> <span class='ocrx_word' id='word_1_99' title='bbox 928 1347 1042 1419; x_wconf 85' lang='grc' dir='ltr'><strong><em>λαῷ</em></strong></span> <span class='ocrx_word' id='word_1_100' title='bbox 1072 1348 1344 1419; x_wconf 82' lang='grc' dir='ltr'><strong><em>παρεδόθη</em></strong></span> <span class='ocrx_word' id='word_1_101' title='bbox 1371 1347 1567 1412; x_wconf 79' lang='grc' dir='ltr'>ταῦτα,</span> <span class='ocrx_word' id='word_1_102' title='bbox 1604 1350 1684 1411; x_wconf 86' lang='grc' dir='ltr'><strong><em>είς</em></strong></span> <span class='ocrx_word' id='word_1_103' title='bbox 1712 1350 1838 1400; x_wconf 85' lang='grc' dir='ltr'>ὲπι-</span> 
     </span>
    </p>
   </div>
   <div class='ocr_carea' id='block_1_15' title="bbox 242 1436 1835 1513">
    <p class='ocr_par' dir='ltr' id='par_1_15' title="bbox 242 1436 1835 1513">
     <span class='ocr_line' id='line_1_15' title="bbox 242 1436 1835 1513; baseline 0.003 -25"><span class='ocrx_word' id='word_1_104' title='bbox 242 1436 458 1505; x_wconf 83' lang='grc' dir='ltr'>τήδειον</span> <span class='ocrx_word' id='word_1_105' title='bbox 502 1439 691 1511; x_wconf 91' lang='grc' dir='ltr'>καιρὸν</span> <span class='ocrx_word' id='word_1_106' title='bbox 716 1440 1094 1511; x_wconf 79' lang='grc' dir='ltr'><strong><em>φυλαττόμενα</em></strong></span> <span class='ocrx_word' id='word_1_107' title='bbox 1126 1443 1191 1511; x_wconf 86' lang='grc' dir='ltr'>τῇ</span> <span class='ocrx_word' id='word_1_108' title='bbox 1241 1439 1539 1513; x_wconf 79' lang='grc' dir='ltr'>Ἐκκλησία</span> <span class='ocrx_word' id='word_1_109' title='bbox 1571 1438 1835 1512; x_wconf 69' lang='grc' dir='ltr'>Χριστοῦ,</span> 
     </span>
    </p>
   </div>
   <div class='ocr_carea' id='block_1_16' title="bbox 244 1527 1840 1612">
    <p class='ocr_par' dir='ltr' id='par_1_16' title="bbox 244 1527 1840 1612">
     <span class='ocr_line' id='line_1_16' title="bbox 244 1527 1840 1612; baseline 0.004 -33"><span class='ocrx_word' id='word_1_110' title='bbox 244 1527 401 1598; x_wconf 81' lang='grc' dir='ltr'>παρὰ</span> <span class='ocrx_word' id='word_1_111' title='bbox 435 1529 596 1583; x_wconf 80' lang='grc' dir='ltr'>τοῦτο</span> <span class='ocrx_word' id='word_1_112' title='bbox 648 1532 783 1603; x_wconf 80' lang='grc' dir='ltr'>χρῆν</span> <span class='ocrx_word' id='word_1_113' title='bbox 820 1532 965 1602; x_wconf 80' lang='grc' dir='ltr'>ὑμᾶς</span> <span class='ocrx_word' id='word_1_114' title='bbox 1000 1532 1096 1603; x_wconf 77' lang='grc' dir='ltr'>τὴν</span> <span class='ocrx_word' id='word_1_115' title='bbox 1135 1532 1477 1612; x_wconf 83' lang='grc' dir='ltr'>δωρηϐεἰσαν</span> <span class='ocrx_word' id='word_1_116' title='bbox 1512 1533 1643 1603; x_wconf 81' lang='grc' dir='ltr'>ἡμῖν</span> <span class='ocrx_word' id='word_1_117' title='bbox 1679 1531 1840 1602; x_wconf 84' lang='grc' dir='ltr'>χάριν</span> 
     </span>
    </p>
   </div>
   <div class='ocr_carea' id='block_1_17' title="bbox 238 1619 1842 1693">
    <p class='ocr_par' dir='ltr' id='par_1_17' title="bbox 238 1619 1842 1693">
     <span class='ocr_line' id='line_1_17' title="bbox 238 1619 1842 1693; baseline 0.003 -23"><span class='ocrx_word' id='word_1_118' title='bbox 238 1619 486 1685; x_wconf 82' lang='grc' dir='ltr'>ἀθετεῖν;</span> <span class='ocrx_word' id='word_1_119' title='bbox 535 1620 567 1690; x_wconf 82' lang='grc' dir='ltr'>ἢ</span> <span class='ocrx_word' id='word_1_120' title='bbox 614 1622 873 1689; x_wconf 75' lang='grc' dir='ltr'><strong><em>μειζόνως</em></strong></span> <span class='ocrx_word' id='word_1_121' title='bbox 911 1622 1253 1692; x_wconf 70' lang='grc' dir='ltr'><strong><em>εὐχαριστεῖν</em></strong></span> <span class='ocrx_word' id='word_1_122' title='bbox 1308 1621 1388 1693; x_wconf 81' lang='grc' dir='ltr'>τῷ</span> <span class='ocrx_word' id='word_1_123' title='bbox 1422 1621 1523 1692; x_wconf 84' lang='grc' dir='ltr'>τῆς</span> <span class='ocrx_word' id='word_1_124' title='bbox 1568 1622 1842 1692; x_wconf 80' lang='grc' dir='ltr'><strong><em>τοσαύτης</em></strong></span> 
     </span>
    </p>
   </div>
   <div class='ocr_carea' id='block_1_18' title="bbox 1940 603 3533 675">
    <p class='ocr_par' dir='ltr' id='par_1_18' title="bbox 1940 603 3533 675">
     <span class='ocr_line' id='line_1_18' title="bbox 1940 603 3533 675; baseline -0.001 -13"><span class='ocrx_word' id='word_1_125' title='bbox 1940 608 2175 662; x_wconf 88' lang='lat' dir='ltr'><strong><em>altitudo</em></strong></span> <span class='ocrx_word' id='word_1_126' title='bbox 2195 646 2212 671; x_wconf 94' lang='lat'><strong><em>,</em></strong></span> <span class='ocrx_word' id='word_1_127' title='bbox 2242 616 2291 661; x_wconf 87' lang='lat' dir='ltr'><strong><em>et</em></strong></span> <span class='ocrx_word' id='word_1_128' title='bbox 2315 620 2630 675; x_wconf 74' lang='lat' dir='ltr'><strong><em>cognoscere</em></strong></span> <span class='ocrx_word' id='word_1_129' title='bbox 2654 603 2987 658; x_wconf 66' lang='lat' dir='ltr'><strong><em>excedentem</em></strong></span> <span class='ocrx_word' id='word_1_130' title='bbox 3015 606 3166 660; x_wconf 88' lang='lat' dir='ltr'><strong><em>illam</em></strong></span> <span class='ocrx_word' id='word_1_131' title='bbox 3197 606 3533 663; x_wconf 74' lang='lat' dir='ltr'><strong><em>dilectionem</em></strong></span> 
     </span>
    </p>
   </div>
   <div class='ocr_carea' id='block_1_19' title="bbox 1941 693 3537 767">
    <p class='ocr_par' dir='ltr' id='par_1_19' title="bbox 1941 693 3537 767">
     <span class='ocr_line' id='line_1_19' title="bbox 1941 693 3537 767; baseline 0.002 -18"><span class='ocrx_word' id='word_1_132' title='bbox 1941 697 2257 767; x_wconf 75' lang='lat' dir='ltr'><strong><em>cognitionis</em></strong></span> <span class='ocrx_word' id='word_1_133' title='bbox 2281 695 2380 749; x_wconf 83' lang='lat' dir='ltr'><strong><em>Dei</em></strong></span> <span class='ocrx_word' id='word_1_134' title='bbox 2407 696 2474 747; x_wconf 78' lang='lat'><strong><em>“.</em></strong></span> <span class='ocrx_word' id='word_1_135' title='bbox 2505 694 2613 749; x_wconf 89' lang='lat' dir='ltr'><strong><em>Sed</em></strong></span> <span class='ocrx_word' id='word_1_136' title='bbox 2666 702 2721 749; x_wconf 89' lang='lat' dir='ltr'><strong><em>et</em></strong></span> <span class='ocrx_word' id='word_1_137' title='bbox 2775 693 3004 762; x_wconf 75' lang='lat' dir='ltr'><strong><em>ipsemet</em></strong></span> <span class='ocrx_word' id='word_1_138' title='bbox 3048 693 3314 752; x_wconf 81' lang='lat' dir='ltr'><strong><em>Servatur</em></strong></span> <span class='ocrx_word' id='word_1_139' title='bbox 3350 707 3537 755; x_wconf 84' lang='lat' dir='ltr'><strong><em>noster</em></strong></span> 
     </span>
    </p>
   </div>
   <div class='ocr_carea' id='block_1_20' title="bbox 1939 786 3535 861">
    <p class='ocr_par' dir='ltr' id='par_1_20' title="bbox 1939 786 3535 861">
     <span class='ocr_line' id='line_1_20' title="bbox 1939 786 3535 861; baseline 0.002 -19"><span class='ocrx_word' id='word_1_140' title='bbox 1939 787 2094 859; x_wconf 89' lang='lat' dir='ltr'><strong><em>plura</em></strong></span> <span class='ocrx_word' id='word_1_141' title='bbox 2142 786 2398 859; x_wconf 79' lang='lat' dir='ltr'><strong><em>mysteria</em></strong></span> <span class='ocrx_word' id='word_1_142' title='bbox 2432 786 2501 842; x_wconf 90' lang='lat' dir='ltr'><strong><em>de</em></strong></span> <span class='ocrx_word' id='word_1_143' title='bbox 2532 803 2701 861; x_wconf 88' lang='lat' dir='ltr'><strong><em>regno</em></strong></span> <span class='ocrx_word' id='word_1_144' title='bbox 2743 790 3006 846; x_wconf 64' lang='lat' dir='ltr'><strong><em>caelorum</em></strong></span> <span class='ocrx_word' id='word_1_145' title='bbox 3038 834 3054 859; x_wconf 90' lang='lat'><strong><em>,</em></strong></span> <span class='ocrx_word' id='word_1_146' title='bbox 3086 791 3155 848; x_wconf 90' lang='lat' dir='ltr'><strong><em>de</em></strong></span> <span class='ocrx_word' id='word_1_147' title='bbox 3185 804 3535 846; x_wconf 80' lang='lat' dir='ltr'><strong><em>consumma-</em></strong></span> 
     </span>
    </p>
   </div>
   <div class='ocr_carea' id='block_1_21' title="bbox 1943 880 3535 957">
    <p class='ocr_par' dir='ltr' id='par_1_21' title="bbox 1943 880 3535 957">
     <span class='ocr_line' id='line_1_21' title="bbox 1943 880 3535 957; baseline 0.004 -21"><span class='ocrx_word' id='word_1_148' title='bbox 1943 882 2091 937; x_wconf 88' lang='lat' dir='ltr'><strong><em>tione</em></strong></span> <span class='ocrx_word' id='word_1_149' title='bbox 2118 880 2339 947; x_wconf 89' lang='lat' dir='ltr'><strong><em>mundi,</em></strong></span> <span class='ocrx_word' id='word_1_150' title='bbox 2372 883 2438 939; x_wconf 90' lang='lat' dir='ltr'><strong><em>de</em></strong></span> <span class='ocrx_word' id='word_1_151' title='bbox 2466 882 2926 954; x_wconf 87' lang='lat' dir='ltr'><strong><em>promissionibus</em></strong></span> <span class='ocrx_word' id='word_1_152' title='bbox 2950 925 2967 951; x_wconf 92' lang='lat'><strong><em>,</em></strong></span> <span class='ocrx_word' id='word_1_153' title='bbox 2996 901 3141 942; x_wconf 91' lang='lat' dir='ltr'><strong><em>nunc</em></strong></span> <span class='ocrx_word' id='word_1_154' title='bbox 3174 902 3273 957; x_wconf 90' lang='lat' dir='ltr'><strong><em>per</em></strong></span> <span class='ocrx_word' id='word_1_155' title='bbox 3300 885 3535 957; x_wconf 86' lang='lat' dir='ltr'><strong><em>parabo—</em></strong></span> 
     </span>
    </p>
   </div>
   <div class='ocr_carea' id='block_1_22' title="bbox 1942 974 3534 1048">
    <p class='ocr_par' dir='ltr' id='par_1_22' title="bbox 1942 974 3534 1048">
     <span class='ocr_line' id='line_1_22' title="bbox 1942 974 3534 1048; baseline 0.003 -21"><span class='ocrx_word' id='word_1_156' title='bbox 1942 974 2043 1037; x_wconf 89' lang='lat' dir='ltr'><strong><em>las,</em></strong></span> <span class='ocrx_word' id='word_1_157' title='bbox 2076 989 2218 1029; x_wconf 89' lang='lat' dir='ltr'><strong><em>nunc</em></strong></span> <span class='ocrx_word' id='word_1_158' title='bbox 2246 974 2481 1030; x_wconf 81' lang='lat' dir='ltr'><strong><em>latenter</em></strong></span> <span class='ocrx_word' id='word_1_159' title='bbox 2521 985 2590 1030; x_wconf 82' lang='lat' dir='ltr'><strong><em>et&#39;</em></strong></span> <span class='ocrx_word' id='word_1_160' title='bbox 2617 978 2833 1033; x_wconf 87' lang='lat' dir='ltr'><strong><em>occulte</em></strong></span> <span class='ocrx_word' id='word_1_161' title='bbox 2874 980 3090 1045; x_wconf 81' lang='lat' dir='ltr'><strong><em>extulit,</em></strong></span> <span class='ocrx_word' id='word_1_162' title='bbox 3154 988 3210 1034; x_wconf 90' lang='lat' dir='ltr'><strong><em>et</em></strong></span> <span class='ocrx_word' id='word_1_163' title='bbox 3248 977 3534 1048; x_wconf 84' lang='lat' dir='ltr'><strong><em>discipulis</em></strong></span> 
     </span>
    </p>
   </div>
   <div class='ocr_carea' id='block_1_23' title="bbox 1942 1066 3534 1141">
    <p class='ocr_par' dir='ltr' id='par_1_23' title="bbox 1942 1066 3534 1141">
     <span class='ocr_line' id='line_1_23' title="bbox 1942 1066 3534 1141; baseline 0 -20"><span class='ocrx_word' id='word_1_164' title='bbox 1942 1066 2231 1134; x_wconf 85' lang='lat' dir='ltr'><strong><em>intimavit,</em></strong></span> <span class='ocrx_word' id='word_1_165' title='bbox 2266 1067 2518 1137; x_wconf 80' lang='lat' dir='ltr'><strong><em>inquiens</em></strong></span> <span class='ocrx_word' id='word_1_166' title='bbox 2545 1086 2559 1122; x_wconf 87' lang='lat'>:</span> <span class='ocrx_word' id='word_1_167' title='bbox 2598 1068 2751 1124; x_wconf 88' lang='lat' dir='ltr'><strong><em>Vobis</em></strong></span> <span class='ocrx_word' id='word_1_168' title='bbox 2784 1071 2966 1126; x_wconf 87' lang='lat' dir='ltr'><strong><em>datum</em></strong></span> <span class='ocrx_word' id='word_1_169' title='bbox 2994 1082 3069 1126; x_wconf 89' lang='lat' dir='ltr'><strong><em>est</em></strong></span> <span class='ocrx_word' id='word_1_170' title='bbox 3104 1087 3257 1126; x_wconf 87' lang='lat' dir='ltr'><strong><em>nosse</em></strong></span> <span class='ocrx_word' id='word_1_171' title='bbox 3287 1071 3534 1141; x_wconf 78' lang='lat' dir='ltr'><strong><em>mysteria</em></strong></span> 
     </span>
    </p>
   </div>
   <div class='ocr_carea' id='block_1_24' title="bbox 1943 1159 3537 1234">
    <p class='ocr_par' dir='ltr' id='par_1_24' title="bbox 1943 1159 3537 1234">
     <span class='ocr_line' id='line_1_24' title="bbox 1943 1159 3537 1234; baseline 0.001 -21"><span class='ocrx_word' id='word_1_172' title='bbox 1943 1159 2041 1213; x_wconf 89' lang='lat' dir='ltr'><strong><em>Dei</em></strong></span> <span class='ocrx_word' id='word_1_173' title='bbox 2084 1159 2160 1225; x_wconf 71' lang='grc' dir='ltr'>δ’,</span> <span class='ocrx_word' id='word_1_174' title='bbox 2203 1160 2403 1231; x_wconf 87' lang='lat' dir='ltr'><strong><em>quibus</em></strong></span> <span class='ocrx_word' id='word_1_175' title='bbox 2454 1163 2709 1232; x_wconf 88' lang='lat' dir='ltr'><strong><em>supparia</em></strong></span> <span class='ocrx_word' id='word_1_176' title='bbox 2757 1180 2865 1218; x_wconf 84' lang='lat' dir='ltr'><strong><em>non</em></strong></span> <span class='ocrx_word' id='word_1_177' title='bbox 2928 1164 3171 1219; x_wconf 84' lang='lat' dir='ltr'><strong><em>inveniet</em></strong></span> <span class='ocrx_word' id='word_1_178' title='bbox 3218 1164 3340 1234; x_wconf 81' lang='lat' dir='ltr'><strong><em>quis</em></strong></span> <span class='ocrx_word' id='word_1_179' title='bbox 3391 1163 3537 1232; x_wconf 82' lang='lat' dir='ltr'><strong><em>apud</em></strong></span> 
     </span>
    </p>
   </div>
   <div class='ocr_carea' id='block_1_25' title="bbox 1943 1250 3533 1326">
    <p class='ocr_par' dir='ltr' id='par_1_25' title="bbox 1943 1250 3533 1326">
     <span class='ocr_line' id='line_1_25' title="bbox 1943 1250 3533 1326; baseline 0.001 -21"><span class='ocrx_word' id='word_1_180' title='bbox 1943 1250 2150 1307; x_wconf 77' lang='lat' dir='ltr'><strong><em>Mosem</em></strong></span> <span class='ocrx_word' id='word_1_181' title='bbox 2176 1291 2195 1317; x_wconf 87' lang='lat'><strong><em>,</em></strong></span> <span class='ocrx_word' id='word_1_182' title='bbox 2234 1261 2329 1307; x_wconf 92' lang='lat' dir='ltr'><strong><em>aut</em></strong></span> <span class='ocrx_word' id='word_1_183' title='bbox 2362 1253 2602 1324; x_wconf 85' lang='lat' dir='ltr'><strong><em>reliquos</em></strong></span> <span class='ocrx_word' id='word_1_184' title='bbox 2651 1257 2968 1326; x_wconf 84' lang='lat' dir='ltr'><strong><em>prophetas.</em></strong></span> <span class='ocrx_word' id='word_1_185' title='bbox 3000 1254 3143 1324; x_wconf 87' lang='lat' dir='ltr'><strong><em>Quid</em></strong></span> <span class='ocrx_word' id='word_1_186' title='bbox 3174 1257 3351 1326; x_wconf 83' lang='lat' dir='ltr'><strong><em>ergo?</em></strong></span> <span class='ocrx_word' id='word_1_187' title='bbox 3396 1255 3533 1309; x_wconf 87' lang='lat' dir='ltr'><strong><em>Cum</em></strong></span> 
     </span>
    </p>
   </div>
   <div class='ocr_carea' id='block_1_26' title="bbox 1942 1346 3536 1419">
    <p class='ocr_par' dir='ltr' id='par_1_26' title="bbox 1942 1346 3536 1419">
     <span class='ocr_line' id='line_1_26' title="bbox 1942 1346 3536 1419; baseline 0 -20"><span class='ocrx_word' id='word_1_188' title='bbox 1942 1360 2049 1400; x_wconf 87' lang='lat' dir='ltr'><strong><em>non</em></strong></span> <span class='ocrx_word' id='word_1_189' title='bbox 2079 1358 2407 1401; x_wconf 88' lang='lat' dir='ltr'><strong><em>concessum</em></strong></span> <span class='ocrx_word' id='word_1_190' title='bbox 2446 1346 2609 1402; x_wconf 81' lang='lat' dir='ltr'><strong><em>fuerit</em></strong></span> <span class='ocrx_word' id='word_1_191' title='bbox 2635 1346 2952 1403; x_wconf 64' lang='lat' dir='ltr'><strong><em>Iudaeorum</em></strong></span> <span class='ocrx_word' id='word_1_192' title='bbox 2994 1348 3195 1419; x_wconf 80' lang='lat' dir='ltr'><strong><em>pupulo</em></strong></span> <span class='ocrx_word' id='word_1_193' title='bbox 3229 1349 3329 1402; x_wconf 85' lang='lat' dir='ltr'><strong><em>ista</em></strong></span> <span class='ocrx_word' id='word_1_194' title='bbox 3356 1347 3536 1417; x_wconf 84' lang='lat' dir='ltr'><strong><em>perci-</em></strong></span> 
     </span>
    </p>
   </div>
   <div class='ocr_carea' id='block_1_27' title="bbox 1942 1437 3535 1511">
    <p class='ocr_par' dir='ltr' id='par_1_27' title="bbox 1942 1437 3535 1511">
     <span class='ocr_line' id='line_1_27' title="bbox 1942 1437 3535 1511; baseline 0.002 -21"><span class='ocrx_word' id='word_1_195' title='bbox 1942 1450 2115 1506; x_wconf 90' lang='lat' dir='ltr'><strong><em>pere,</em></strong></span> <span class='ocrx_word' id='word_1_196' title='bbox 2168 1437 2262 1491; x_wconf 90' lang='lat' dir='ltr'><strong><em>sed</em></strong></span> <span class='ocrx_word' id='word_1_197' title='bbox 2313 1438 2367 1491; x_wconf 90' lang='lat' dir='ltr'><strong><em>in</em></strong></span> <span class='ocrx_word' id='word_1_198' title='bbox 2422 1448 2634 1509; x_wconf 87' lang='lat' dir='ltr'><strong><em>tempus</em></strong></span> <span class='ocrx_word' id='word_1_199' title='bbox 2684 1451 3052 1511; x_wconf 88' lang='lat' dir='ltr'><strong><em>opportunum</em></strong></span> <span class='ocrx_word' id='word_1_200' title='bbox 3107 1440 3535 1497; x_wconf 86' lang='lat' dir='ltr'><strong><em>reservabantur</em></strong></span> 
     </span>
    </p>
   </div>
   <div class='ocr_carea' id='block_1_28' title="bbox 1904 1527 3535 1603">
    <p class='ocr_par' dir='ltr' id='par_1_28' title="bbox 1904 1527 3535 1603">
     <span class='ocr_line' id='line_1_28' title="bbox 1904 1527 3535 1603; baseline 0.001 -20"><span class='ocrx_word' id='word_1_201' title='bbox 1904 1527 2145 1583; x_wconf 72' lang='lat' dir='ltr'><strong><em>~Christi</em></strong></span> <span class='ocrx_word' id='word_1_202' title='bbox 2191 1529 2449 1586; x_wconf 70' lang='lat' dir='ltr'><strong><em>Ecclesia:</em></strong></span> <span class='ocrx_word' id='word_1_203' title='bbox 2498 1531 2871 1601; x_wconf 81' lang='lat' dir='ltr'><strong><em>patefacienda</em></strong></span> <span class='ocrx_word' id='word_1_204' title='bbox 2911 1549 2927 1599; x_wconf 92' lang='lat'><strong>;</strong></span> <span class='ocrx_word' id='word_1_205' title='bbox 2986 1533 3108 1587; x_wconf 87' lang='lat' dir='ltr'><strong><em>ideo</em></strong></span> <span class='ocrx_word' id='word_1_206' title='bbox 3159 1548 3263 1589; x_wconf 88' lang='lat' dir='ltr'><strong><em>nos</em></strong></span> <span class='ocrx_word' id='word_1_207' title='bbox 3315 1540 3535 1603; x_wconf 85' lang='lat' dir='ltr'><strong><em>oportet</em></strong></span> 
     </span>
    </p>
   </div>
   <div class='ocr_carea' id='block_1_29' title="bbox 1941 1622 3535 1697">
    <p class='ocr_par' dir='ltr' id='par_1_29' title="bbox 1941 1622 3535 1697">
     <span class='ocr_line' id='line_1_29' title="bbox 1941 1622 3535 1697; baseline 0.001 -23"><span class='ocrx_word' id='word_1_208' title='bbox 1941 1634 2261 1676; x_wconf 85' lang='lat' dir='ltr'><strong><em>concessam</em></strong></span> <span class='ocrx_word' id='word_1_209' title='bbox 2294 1622 2452 1677; x_wconf 82' lang='lat' dir='ltr'><strong><em>nobis</em></strong></span> <span class='ocrx_word' id='word_1_210' title='bbox 2487 1624 2718 1693; x_wconf 78' lang='lat' dir='ltr'><strong><em>gratiam</em></strong></span> <span class='ocrx_word' id='word_1_211' title='bbox 2761 1624 3075 1697; x_wconf 72' lang='lat' dir='ltr'><strong><em>negligere?</em></strong></span> <span class='ocrx_word' id='word_1_212' title='bbox 3110 1623 3223 1679; x_wconf 92' lang='lat' dir='ltr'><strong><em>lmo</em></strong></span> <span class='ocrx_word' id='word_1_213' title='bbox 3252 1638 3382 1679; x_wconf 89' lang='lat' dir='ltr'><strong><em>vero</em></strong></span> <span class='ocrx_word' id='word_1_214' title='bbox 3420 1639 3535 1676; x_wconf 86' lang='lat' dir='ltr'><strong><em>ma-</em></strong></span> 
     </span>
    </p>
   </div>
   <div class='ocr_carea' id='block_1_30' title="bbox 241 1710 1832 1787">
    <p class='ocr_par' dir='ltr' id='par_1_30' title="bbox 241 1711 1832 1787">
     <span class='ocr_line' id='line_1_30' title="bbox 241 1711 1832 1787; baseline 0 -18"><span class='ocrx_word' id='word_1_215' title='bbox 241 1717 395 1787; x_wconf 79' lang='grc' dir='ltr'><strong><em>ήμᾶς</em></strong></span> <span class='ocrx_word' id='word_1_216' title='bbox 414 1714 812 1778; x_wconf 78' lang='grc' dir='ltr'>καταξιώσαντι</span> <span class='ocrx_word' id='word_1_217' title='bbox 840 1712 1092 1783; x_wconf 83' lang='grc' dir='ltr'>γνώσεως</span> <span class='ocrx_word' id='word_1_218' title='bbox 1120 1714 1226 1785; x_wconf 83' lang='grc'>(6);</span> <span class='ocrx_word' id='word_1_219' title='bbox 1258 1714 1417 1769; x_wconf 88' lang='grc' dir='ltr'>Κατά</span> <span class='ocrx_word' id='word_1_220' title='bbox 1447 1714 1539 1767; x_wconf 88' lang='grc' dir='ltr'><strong><em>τὸν</em></strong></span> <span class='ocrx_word' id='word_1_221' title='bbox 1564 1715 1725 1768; x_wconf 79' lang='grc' dir='ltr'>αὑτὸν</span> <span class='ocrx_word' id='word_1_222' title='bbox 1747 1711 1832 1769; x_wconf 74' lang='grc' dir='ltr'>οὖν</span> 
     </span>
    </p>
   </div>
   <div class='ocr_carea' id='block_1_31' title="bbox 1935 1710 3535 1787">
    <p class='ocr_par' dir='ltr' id='par_1_31' title="bbox 1935 1710 3535 1786">
     <span class='ocr_line' id='line_1_31' title="bbox 1935 1710 3535 1786; baseline 0.003 -22"><span class='ocrx_word' id='word_1_223' title='bbox 1935 1710 2109 1778; x_wconf 74' lang='lat' dir='ltr'><strong><em>iorem</em></strong></span> <span class='ocrx_word' id='word_1_224' title='bbox 2146 1713 2197 1765; x_wconf 92' lang='lat' dir='ltr'><strong><em>in</em></strong></span> <span class='ocrx_word' id='word_1_225' title='bbox 2230 1713 2448 1767; x_wconf 88' lang='lat' dir='ltr'><strong><em>modum</em></strong></span> <span class='ocrx_word' id='word_1_226' title='bbox 2481 1715 2687 1783; x_wconf 77' lang='lat' dir='ltr'><strong><em>gratias</em></strong></span> <span class='ocrx_word' id='word_1_227' title='bbox 2718 1715 2792 1770; x_wconf 88' lang='lat' dir='ltr'><strong><em>illi</em></strong></span> <span class='ocrx_word' id='word_1_228' title='bbox 2844 1717 3155 1771; x_wconf 87' lang='lat' dir='ltr'><strong><em>retribuere</em></strong></span> <span class='ocrx_word' id='word_1_229' title='bbox 3181 1756 3195 1780; x_wconf 86' lang='lat'><strong><em>.</em></strong></span> <span class='ocrx_word' id='word_1_230' title='bbox 3248 1715 3341 1786; x_wconf 87' lang='lat' dir='ltr'><strong><em>qui</em></strong></span> <span class='ocrx_word' id='word_1_231' title='bbox 3376 1714 3535 1771; x_wconf 85' lang='lat' dir='ltr'><strong><em>nobis</em></strong></span> 
     </span>
    </p>
   </div>
   <div class='ocr_carea' id='block_1_32' title="bbox 239 1805 1839 1879">
    <p class='ocr_par' dir='ltr' id='par_1_32' title="bbox 239 1805 1839 1879">
     <span class='ocr_line' id='line_1_32' title="bbox 239 1805 1839 1879; baseline 0.006 -25"><span class='ocrx_word' id='word_1_232' title='bbox 239 1808 445 1879; x_wconf 75' lang='grc' dir='ltr'>τρόπον</span> <span class='ocrx_word' id='word_1_233' title='bbox 486 1808 580 1860; x_wconf 76' lang='grc' dir='ltr'>καὶ</span> <span class='ocrx_word' id='word_1_234' title='bbox 629 1805 727 1870; x_wconf 82' lang='grc' dir='ltr'><strong><em>τὰς</em></strong></span> <span class='ocrx_word' id='word_1_235' title='bbox 772 1806 899 1878; x_wconf 76' lang='grc' dir='ltr'>περὶ</span> <span class='ocrx_word' id='word_1_236' title='bbox 947 1808 1042 1861; x_wconf 78' lang='grc' dir='ltr'><strong><em>τοῦ</em></strong></span> <span class='ocrx_word' id='word_1_237' title='bbox 1079 1807 1210 1861; x_wconf 87' lang='grc' dir='ltr'>Υίοῦ</span> <span class='ocrx_word' id='word_1_238' title='bbox 1239 1806 1609 1875; x_wconf 76' lang='grc' dir='ltr'><strong><em>διδασκαλίας,</em></strong></span> <span class='ocrx_word' id='word_1_239' title='bbox 1641 1809 1705 1861; x_wconf 75' lang='grc' dir='ltr'>ἐκ</span> <span class='ocrx_word' id='word_1_240' title='bbox 1738 1808 1839 1879; x_wconf 72' lang='grc' dir='ltr'>τῆς</span> 
     </span>
    </p>
   </div>
   <div class='ocr_carea' id='block_1_33' title="bbox 1942 1802 3536 1875">
    <p class='ocr_par' dir='ltr' id='par_1_33' title="bbox 1942 1802 3536 1875">
     <span class='ocr_line' id='line_1_33' title="bbox 1942 1802 3536 1875; baseline 0.003 -18"><span class='ocrx_word' id='word_1_241' title='bbox 1942 1802 2084 1857; x_wconf 86' lang='lat' dir='ltr'><strong><em>hanc</em></strong></span> <span class='ocrx_word' id='word_1_242' title='bbox 2132 1812 2338 1859; x_wconf 86' lang='lat' dir='ltr'><strong><em>tantam</em></strong></span> <span class='ocrx_word' id='word_1_243' title='bbox 2391 1806 2679 1861; x_wconf 83' lang='lat' dir='ltr'><strong><em>scientiam</em></strong></span> <span class='ocrx_word' id='word_1_244' title='bbox 2716 1807 3037 1872; x_wconf 83' lang='lat' dir='ltr'><strong><em>impertivit.</em></strong></span> <span class='ocrx_word' id='word_1_245' title='bbox 3073 1808 3156 1863; x_wconf 84' lang='lat' dir='ltr'><strong><em>Ad</em></strong></span> <span class='ocrx_word' id='word_1_246' title='bbox 3208 1808 3367 1862; x_wconf 86' lang='lat' dir='ltr'><strong><em>istum</em></strong></span> <span class='ocrx_word' id='word_1_247' title='bbox 3401 1821 3536 1875; x_wconf 82' lang='lat' dir='ltr'><strong><em>ergo</em></strong></span> 
     </span>
    </p>
   </div>
   <div class='ocr_carea' id='block_1_34' title="bbox 240 1895 1832 1971">
    <p class='ocr_par' dir='ltr' id='par_1_34' title="bbox 240 1898 1831 1971">
     <span class='ocr_line' id='line_1_34' title="bbox 240 1898 1831 1971; baseline -0.001 -17"><span class='ocrx_word' id='word_1_248' title='bbox 240 1900 411 1955; x_wconf 77' lang='grc' dir='ltr'>αὐτοῦ</span> <span class='ocrx_word' id='word_1_249' title='bbox 445 1900 655 1970; x_wconf 84' lang='grc' dir='ltr'>Καινῆς</span> <span class='ocrx_word' id='word_1_250' title='bbox 680 1898 958 1971; x_wconf 82' lang='grc' dir='ltr'>Διαθήκης</span> <span class='ocrx_word' id='word_1_251' title='bbox 989 1901 1258 1971; x_wconf 86' lang='grc' dir='ltr'><strong><em>προσήκοι</em></strong></span> <span class='ocrx_word' id='word_1_252' title='bbox 1289 1900 1355 1953; x_wconf 81' lang='grc' dir='ltr'>ἂν</span> <span class='ocrx_word' id='word_1_253' title='bbox 1400 1900 1831 1970; x_wconf 76' lang='grc' dir='ltr'>ἀπολαμϐάνειν,</span> 
     </span>
    </p>
   </div>
   <div class='ocr_carea' id='block_1_35' title="bbox 1935 1895 3535 1971">
    <p class='ocr_par' dir='ltr' id='par_1_35' title="bbox 1939 1895 3535 1967">
     <span class='ocr_line' id='line_1_35' title="bbox 1939 1895 3535 1967; baseline 0.003 -18"><span class='ocrx_word' id='word_1_254' title='bbox 1939 1895 2185 1963; x_wconf 87' lang='lat' dir='ltr'><strong><em>modum,</em></strong></span> <span class='ocrx_word' id='word_1_255' title='bbox 2222 1912 2342 1967; x_wconf 83' lang='lat' dir='ltr'><strong><em>quae</em></strong></span> <span class='ocrx_word' id='word_1_256' title='bbox 2363 1906 2489 1953; x_wconf 87' lang='lat' dir='ltr'><strong><em>sunt</em></strong></span> <span class='ocrx_word' id='word_1_257' title='bbox 2514 1898 2581 1955; x_wconf 91' lang='lat' dir='ltr'><strong><em>de</em></strong></span> <span class='ocrx_word' id='word_1_258' title='bbox 2620 1899 2710 1954; x_wconf 89' lang='lat' dir='ltr'><strong><em>Dei</em></strong></span> <span class='ocrx_word' id='word_1_259' title='bbox 2747 1898 2861 1955; x_wconf 85' lang='lat' dir='ltr'><strong><em>lilio</em></strong></span> <span class='ocrx_word' id='word_1_260' title='bbox 2895 1900 2947 1955; x_wconf 89' lang='lat' dir='ltr'><strong><em>in</em></strong></span> <span class='ocrx_word' id='word_1_261' title='bbox 2986 1898 3141 1955; x_wconf 80' lang='lat' dir='ltr'><strong><em>Novo</em></strong></span> <span class='ocrx_word' id='word_1_262' title='bbox 3181 1898 3535 1955; x_wconf 86' lang='lat' dir='ltr'><strong><em>Testamento</em></strong></span> 
     </span>
    </p>
   </div>
   <div class='ocr_carea' id='block_1_36' title="bbox 238 1991 1836 2064">
    <p class='ocr_par' dir='ltr' id='par_1_36' title="bbox 238 1991 1836 2064">
     <span class='ocr_line' id='line_1_36' title="bbox 238 1991 1836 2064; baseline -0.002 -18"><span class='ocrx_word' id='word_1_263' title='bbox 238 1992 395 2046; x_wconf 83' lang='grc' dir='ltr'>οὐδὲν</span> <span class='ocrx_word' id='word_1_264' title='bbox 433 1992 826 2062; x_wconf 76' lang='grc' dir='ltr'>ξενιζόμενους,</span> <span class='ocrx_word' id='word_1_265' title='bbox 856 1993 904 2043; x_wconf 83' lang='grc' dir='ltr'><strong><em>εί</em></strong></span> <span class='ocrx_word' id='word_1_266' title='bbox 932 1993 1004 2061; x_wconf 86' lang='grc' dir='ltr'><strong><em>μὴ</em></strong></span> <span class='ocrx_word' id='word_1_267' title='bbox 1036 1991 1111 2061; x_wconf 84' lang='grc' dir='ltr'>τῷ</span> <span class='ocrx_word' id='word_1_268' title='bbox 1148 1992 1563 2064; x_wconf 86' lang='grc' dir='ltr'>σκληροκαρδίῳ</span> <span class='ocrx_word' id='word_1_269' title='bbox 1602 1991 1715 2061; x_wconf 84' lang='grc' dir='ltr'>λαῷ</span> <span class='ocrx_word' id='word_1_270' title='bbox 1738 1992 1836 2062; x_wconf 74' lang='grc' dir='ltr'><strong><em>τὴν</em></strong></span> 
     </span>
    </p>
   </div>
   <div class='ocr_carea' id='block_1_37' title="bbox 240 2083 1839 2155">
    <p class='ocr_par' dir='ltr' id='par_1_37' title="bbox 240 2083 1839 2155">
     <span class='ocr_line' id='line_1_37' title="bbox 240 2083 1839 2155; baseline -0.001 -18"><span class='ocrx_word' id='word_1_271' title='bbox 240 2086 373 2155; x_wconf 71' lang='grc' dir='ltr'>περὶ</span> <span class='ocrx_word' id='word_1_272' title='bbox 405 2083 569 2138; x_wconf 75' lang='grc' dir='ltr'>αὐτοῦ</span> <span class='ocrx_word' id='word_1_273' title='bbox 600 2083 801 2151; x_wconf 84' lang='grc' dir='ltr'>γνῶσιν</span> <span class='ocrx_word' id='word_1_274' title='bbox 833 2084 1208 2137; x_wconf 79' lang='grc' dir='ltr'>ἀνεκάλυπτον</span> <span class='ocrx_word' id='word_1_275' title='bbox 1241 2086 1288 2136; x_wconf 74' lang='lat' dir='ltr'><strong><em>oi</em></strong></span> <span class='ocrx_word' id='word_1_276' title='bbox 1328 2084 1423 2137; x_wconf 73' lang='grc' dir='ltr'>τοῦ</span> <span class='ocrx_word' id='word_1_277' title='bbox 1453 2083 1589 2137; x_wconf 79' lang='grc' dir='ltr'>Θεοῦ</span> <span class='ocrx_word' id='word_1_278' title='bbox 1624 2083 1839 2154; x_wconf 74' lang='grc' dir='ltr'>ἅνθρω-</span> 
     </span>
    </p>
   </div>
   <div class='ocr_carea' id='block_1_38' title="bbox 238 2174 1837 2248">
    <p class='ocr_par' dir='ltr' id='par_1_38' title="bbox 238 2174 1837 2248">
     <span class='ocr_line' id='line_1_38' title="bbox 238 2174 1837 2248; baseline -0.001 -19"><span class='ocrx_word' id='word_1_279' title='bbox 238 2193 356 2239; x_wconf 73' lang='grc' dir='ltr'>ποι,</span> <span class='ocrx_word' id='word_1_280' title='bbox 385 2177 465 2239; x_wconf 85' lang='grc' dir='ltr'><strong><em>είς</em></strong></span> <span class='ocrx_word' id='word_1_281' title='bbox 496 2176 685 2247; x_wconf 89' lang='grc' dir='ltr'>καιρὸν</span> <span class='ocrx_word' id='word_1_282' title='bbox 718 2174 996 2248; x_wconf 77' lang='grc' dir='ltr'>εὔκαιρον,</span> <span class='ocrx_word' id='word_1_283' title='bbox 1024 2176 1115 2231; x_wconf 89' lang='grc' dir='ltr'><strong><em>τὸν</em></strong></span> <span class='ocrx_word' id='word_1_284' title='bbox 1152 2178 1281 2248; x_wconf 70' lang='grc' dir='ltr'>περὶ</span> <span class='ocrx_word' id='word_1_285' title='bbox 1307 2176 1473 2230; x_wconf 73' lang='grc' dir='ltr'>αὐτοῦ</span> <span class='ocrx_word' id='word_1_286' title='bbox 1504 2175 1837 2246; x_wconf 87' lang='grc' dir='ltr'>ταμιευόμε-</span> 
     </span>
    </p>
   </div>
   <div class='ocr_carea' id='block_1_39' title="bbox 236 2265 1836 2342">
    <p class='ocr_par' dir='ltr' id='par_1_39' title="bbox 236 2265 1836 2342">
     <span class='ocr_line' id='line_1_39' title="bbox 236 2265 1836 2342; baseline 0 -21"><span class='ocrx_word' id='word_1_287' title='bbox 236 2286 322 2321; x_wconf 85' lang='grc' dir='ltr'><strong><em>νοι</em></strong></span> <span class='ocrx_word' id='word_1_288' title='bbox 354 2268 532 2337; x_wconf 88' lang='grc' dir='ltr'>λόγον.</span> <span class='ocrx_word' id='word_1_289' title='bbox 574 2270 649 2323; x_wconf 84' lang='grc' dir='ltr'><strong><em>Οὐ</em></strong></span> <span class='ocrx_word' id='word_1_290' title='bbox 690 2269 799 2342; x_wconf 84' lang='grc' dir='ltr'>γὰρ</span> <span class='ocrx_word' id='word_1_291' title='bbox 840 2270 1012 2322; x_wconf 78' lang='grc' dir='ltr'>ἐδόκει</span> <span class='ocrx_word' id='word_1_292' title='bbox 1045 2268 1353 2338; x_wconf 74' lang='grc' dir='ltr'>ἐπιτήδειον</span> <span class='ocrx_word' id='word_1_293' title='bbox 1394 2265 1532 2321; x_wconf 81' lang='grc' dir='ltr'>εἶναι</span> <span class='ocrx_word' id='word_1_294' title='bbox 1574 2268 1655 2333; x_wconf 88' lang='grc' dir='ltr'><strong><em>τὸ,</em></strong></span> <span class='ocrx_word' id='word_1_295' title='bbox 1685 2284 1836 2340; x_wconf 73' lang='grc' dir='ltr'>τηνιο</span> 
     </span>
    </p>
   </div>
   <div class='ocr_carea' id='block_1_40' title="bbox 234 2358 1837 2432">
    <p class='ocr_par' dir='ltr' id='par_1_40' title="bbox 234 2358 1837 2432">
     <span class='ocr_line' id='line_1_40' title="bbox 234 2358 1837 2432; baseline 0 -19"><span class='ocrx_word' id='word_1_296' title='bbox 234 2358 419 2413; x_wconf 80' lang='grc' dir='ltr'>καῦτα</span> <span class='ocrx_word' id='word_1_297' title='bbox 455 2360 885 2432; x_wconf 85' lang='grc' dir='ltr'>ὑποσυρομένοις</span> <span class='ocrx_word' id='word_1_298' title='bbox 915 2359 1141 2431; x_wconf 83' lang='grc' dir='ltr'>ἀνδράσι</span> <span class='ocrx_word' id='word_1_299' title='bbox 1167 2360 1259 2413; x_wconf 74' lang='grc' dir='ltr'><strong><em>ἐπὶ</em></strong></span> <span class='ocrx_word' id='word_1_300' title='bbox 1292 2358 1387 2430; x_wconf 80' lang='grc' dir='ltr'>τὴν</span> <span class='ocrx_word' id='word_1_301' title='bbox 1413 2358 1837 2414; x_wconf 75' lang='grc' dir='ltr'>πολύθεονπλά-</span> 
     </span>
    </p>
   </div>
   <div class='ocr_carea' id='block_1_41' title="bbox 234 2450 1833 2525">
    <p class='ocr_par' dir='ltr' id='par_1_41' title="bbox 234 2450 1833 2525">
     <span class='ocr_line' id='line_1_41' title="bbox 234 2450 1833 2525; baseline 0.001 -22"><span class='ocrx_word' id='word_1_302' title='bbox 234 2468 338 2522; x_wconf 86' lang='grc' dir='ltr'><strong><em>νην</em></strong></span> <span class='ocrx_word' id='word_1_303' title='bbox 364 2450 718 2522; x_wconf 82' lang='grc' dir='ltr'>παραδιδόναι</span> <span class='ocrx_word' id='word_1_304' title='bbox 738 2452 797 2505; x_wconf 91' lang='grc' dir='ltr'><strong><em>τὸ</em></strong></span> <span class='ocrx_word' id='word_1_305' title='bbox 826 2452 903 2522; x_wconf 89' lang='grc'><strong><em>(7)</em></strong></span> <span class='ocrx_word' id='word_1_306' title='bbox 933 2452 1062 2523; x_wconf 80' lang='grc' dir='ltr'>περὶ</span> <span class='ocrx_word' id='word_1_307' title='bbox 1091 2450 1305 2521; x_wconf 87' lang='grc' dir='ltr'>Πατρὸς</span> <span class='ocrx_word' id='word_1_308' title='bbox 1328 2452 1422 2504; x_wconf 75' lang='grc' dir='ltr'>καὶ</span> <span class='ocrx_word' id='word_1_309' title='bbox 1453 2451 1585 2505; x_wconf 86' lang='grc' dir='ltr'><strong><em>Υἱοῦ</em></strong></span> <span class='ocrx_word' id='word_1_310' title='bbox 1619 2452 1833 2525; x_wconf 83' lang='grc' dir='ltr'>μυστή-</span> 
     </span>
    </p>
   </div>
   <div class='ocr_carea' id='block_1_42' title="bbox 238 2538 1832 2615">
    <p class='ocr_par' dir='ltr' id='par_1_42' title="bbox 238 2538 1832 2615">
     <span class='ocr_line' id='line_1_42' title="bbox 238 2538 1832 2615; baseline 0.002 -21"><span class='ocrx_word' id='word_1_311' title='bbox 238 2558 377 2613; x_wconf 84' lang='grc' dir='ltr'>ριον,</span> <span class='ocrx_word' id='word_1_312' title='bbox 408 2538 489 2607; x_wconf 74' lang='grc' dir='ltr'>οἷς</span> <span class='ocrx_word' id='word_1_313' title='bbox 516 2544 637 2595; x_wconf 82' lang='grc' dir='ltr'>οὐδὲ</span> <span class='ocrx_word' id='word_1_314' title='bbox 662 2544 789 2607; x_wconf 84' lang='grc' dir='ltr'>τοὺς</span> <span class='ocrx_word' id='word_1_315' title='bbox 814 2543 941 2615; x_wconf 72' lang='grc' dir='ltr'>περὶ</span> <span class='ocrx_word' id='word_1_316' title='bbox 966 2544 1073 2596; x_wconf 83' lang='grc' dir='ltr'>τῶν</span> <span class='ocrx_word' id='word_1_317' title='bbox 1100 2543 1521 2613; x_wconf 75' lang='grc' dir='ltr'>ύποόεὸηκότων</span> <span class='ocrx_word' id='word_1_318' title='bbox 1549 2543 1832 2615; x_wconf 86' lang='grc' dir='ltr'>δυνάμεων</span> 
     </span>
    </p>
   </div>
   <div class='ocr_carea' id='block_1_43' title="bbox 231 2632 1831 2707">
    <p class='ocr_par' dir='ltr' id='par_1_43' title="bbox 231 2632 1831 2707">
     <span class='ocr_line' id='line_1_43' title="bbox 231 2632 1831 2707; baseline 0.001 -22"><span class='ocrx_word' id='word_1_319' title='bbox 231 2632 603 2699; x_wconf 79' lang='grc' dir='ltr'>ὲξεκάλυπτον</span> <span class='ocrx_word' id='word_1_320' title='bbox 629 2634 849 2702; x_wconf 78' lang='grc' dir='ltr'>λόγους·</span> <span class='ocrx_word' id='word_1_321' title='bbox 904 2634 980 2697; x_wconf 86' lang='grc' dir='ltr'>ὡς</span> <span class='ocrx_word' id='word_1_322' title='bbox 1018 2633 1085 2687; x_wconf 83' lang='grc' dir='ltr'>ἂν</span> <span class='ocrx_word' id='word_1_323' title='bbox 1120 2633 1195 2705; x_wconf 80' lang='grc' dir='ltr'>μὴ</span> <span class='ocrx_word' id='word_1_324' title='bbox 1226 2633 1501 2706; x_wconf 83' lang='grc' dir='ltr'>προφάσει</span> <span class='ocrx_word' id='word_1_325' title='bbox 1533 2634 1707 2707; x_wconf 87' lang='grc' dir='ltr'>ταύτῃ</span> <span class='ocrx_word' id='word_1_326' title='bbox 1737 2635 1831 2687; x_wconf 75' lang='grc' dir='ltr'><strong><em>ἐπὶ</em></strong></span> 
     </span>
    </p>
   </div>
   <div class='ocr_carea' id='block_1_44' title="bbox 230 2721 1832 2796">
    <p class='ocr_par' dir='ltr' id='par_1_44' title="bbox 230 2721 1832 2796">
     <span class='ocr_line' id='line_1_44' title="bbox 230 2721 1832 2796; baseline 0.002 -23"><span class='ocrx_word' id='word_1_327' title='bbox 230 2721 337 2792; x_wconf 78' lang='grc' dir='ltr'>τὴν</span> <span class='ocrx_word' id='word_1_328' title='bbox 384 2721 700 2794; x_wconf 80' lang='grc' dir='ltr'>Ἑλληνικὴν</span> <span class='ocrx_word' id='word_1_329' title='bbox 751 2724 1114 2777; x_wconf 82' lang='grc' dir='ltr'>καταπέσοιεν</span> <span class='ocrx_word' id='word_1_330' title='bbox 1168 2723 1481 2789; x_wconf 84' lang='grc' dir='ltr'>πολυθεῖαν,</span> <span class='ocrx_word' id='word_1_331' title='bbox 1526 2726 1576 2778; x_wconf 77' lang='lat' dir='ltr'><strong><em>oi</em></strong></span> <span class='ocrx_word' id='word_1_332' title='bbox 1618 2724 1832 2796; x_wconf 81' lang='grc' dir='ltr'>πατέρα</span> 
     </span>
    </p>
   </div>
   <div class='ocr_carea' id='block_1_45' title="bbox 232 2813 1832 2889">
    <p class='ocr_par' dir='ltr' id='par_1_45' title="bbox 232 2813 1832 2889">
     <span class='ocr_line' id='line_1_45' title="bbox 232 2813 1832 2889; baseline 0.003 -22"><span class='ocrx_word' id='word_1_333' title='bbox 232 2813 447 2885; x_wconf 82' lang='grc' dir='ltr'>ἀνδρῶν</span> <span class='ocrx_word' id='word_1_334' title='bbox 498 2832 558 2867; x_wconf 91' lang='grc' dir='ltr'><strong><em>τε</em></strong></span> <span class='ocrx_word' id='word_1_335' title='bbox 612 2813 749 2868; x_wconf 84' lang='grc' dir='ltr'>Θεῶν</span> <span class='ocrx_word' id='word_1_336' title='bbox 790 2834 849 2868; x_wconf 88' lang='grc' dir='ltr'><strong><em>τε</em></strong></span> <span class='ocrx_word' id='word_1_337' title='bbox 895 2816 988 2869; x_wconf 90' lang='grc' dir='ltr'><strong><em>τὸν</em></strong></span> <span class='ocrx_word' id='word_1_338' title='bbox 1046 2818 1176 2889; x_wconf 87' lang='grc' dir='ltr'>παρ’</span> <span class='ocrx_word' id='word_1_339' title='bbox 1217 2818 1403 2883; x_wconf 79' lang='grc' dir='ltr'>αὐτοῖς</span> <span class='ocrx_word' id='word_1_340' title='bbox 1457 2818 1832 2871; x_wconf 87' lang='grc' dir='ltr'>ἀνεπλάσαντο</span> 
     </span>
    </p>
   </div>
   <div class='ocr_carea' id='block_1_46' title="bbox 232 2905 1831 2981">
    <p class='ocr_par' dir='ltr' id='par_1_46' title="bbox 232 2905 1831 2981">
     <span class='ocr_line' id='line_1_46' title="bbox 232 2905 1831 2981; baseline 0.004 -24"><span class='ocrx_word' id='word_1_341' title='bbox 232 2906 391 2959; x_wconf 83' lang='grc' dir='ltr'>Θεόν.</span> <span class='ocrx_word' id='word_1_342' title='bbox 413 2905 612 2979; x_wconf 87' lang='grc' dir='ltr'>Διόπερ</span> <span class='ocrx_word' id='word_1_343' title='bbox 634 2906 734 2979; x_wconf 81' lang='grc' dir='ltr'>τῆς</span> <span class='ocrx_word' id='word_1_344' title='bbox 756 2908 1011 2978; x_wconf 84' lang='grc' dir='ltr'>τοιαύτης</span> <span class='ocrx_word' id='word_1_345' title='bbox 1036 2909 1235 2973; x_wconf 82' lang='grc' dir='ltr'>αὐτοὺς</span> <span class='ocrx_word' id='word_1_346' title='bbox 1259 2909 1600 2963; x_wconf 82' lang='grc' dir='ltr'>ἀναστέλλων</span> <span class='ocrx_word' id='word_1_347' title='bbox 1622 2911 1831 2981; x_wconf 80' lang='grc' dir='ltr'>πλάνης</span> 
     </span>
    </p>
   </div>
   <div class='ocr_carea' id='block_1_47' title="bbox 231 2998 1829 3073">
    <p class='ocr_par' dir='ltr' id='par_1_47' title="bbox 231 2998 1829 3073">
     <span class='ocr_line' id='line_1_47' title="bbox 231 2998 1829 3073; baseline 0.004 -24"><span class='ocrx_word' id='word_1_348' title='bbox 231 3000 265 3049; x_wconf 81' lang='grc' dir='ltr'>ὁ</span> <span class='ocrx_word' id='word_1_349' title='bbox 292 2998 451 3068; x_wconf 86' lang='grc' dir='ltr'>λόγος</span> <span class='ocrx_word' id='word_1_350' title='bbox 476 3000 571 3053; x_wconf 90' lang='grc' dir='ltr'><strong><em>τὸν</em></strong></span> <span class='ocrx_word' id='word_1_351' title='bbox 592 3000 686 3052; x_wconf 73' lang='grc' dir='ltr'>ἕνα</span> <span class='ocrx_word' id='word_1_352' title='bbox 719 3000 852 3053; x_wconf 84' lang='grc' dir='ltr'>Θεὸν</span> <span class='ocrx_word' id='word_1_353' title='bbox 882 3002 1202 3073; x_wconf 79' lang='grc' dir='ltr'>ἐκήρυττεν,</span> <span class='ocrx_word' id='word_1_354' title='bbox 1227 3002 1288 3054; x_wconf 83' lang='grc' dir='ltr'>οὐ</span> <span class='ocrx_word' id='word_1_355' title='bbox 1315 3002 1421 3072; x_wconf 85' lang='grc' dir='ltr'>μὴν</span> <span class='ocrx_word' id='word_1_356' title='bbox 1446 3003 1657 3073; x_wconf 85' lang='grc' dir='ltr'>πατέρα</span> <span class='ocrx_word' id='word_1_357' title='bbox 1688 2999 1829 3055; x_wconf 77' lang='grc' dir='ltr'>εἶναι</span> 
     </span>
    </p>
   </div>
   <div class='ocr_carea' id='block_1_48' title="bbox 229 3086 1827 3163">
    <p class='ocr_par' dir='ltr' id='par_1_48' title="bbox 229 3086 1827 3163">
     <span class='ocr_line' id='line_1_48' title="bbox 229 3086 1827 3163; baseline 0.004 -24"><span class='ocrx_word' id='word_1_358' title='bbox 229 3086 329 3139; x_wconf 86' lang='grc' dir='ltr'><strong><em>τὸν</em></strong></span> <span class='ocrx_word' id='word_1_359' title='bbox 358 3086 520 3141; x_wconf 86' lang='grc' dir='ltr'>αὑτὸν</span> <span class='ocrx_word' id='word_1_360' title='bbox 551 3089 769 3159; x_wconf 77' lang='grc' dir='ltr'>ἠρνεῖτο</span> <span class='ocrx_word' id='word_1_361' title='bbox 789 3105 803 3119; x_wconf 76' lang='grc' dir='ltr'><strong>ο</strong></span> <span class='ocrx_word' id='word_1_362' title='bbox 834 3090 930 3143; x_wconf 83' lang='grc' dir='ltr'>καὶ</span> <span class='ocrx_word' id='word_1_363' title='bbox 955 3090 1045 3143; x_wconf 86' lang='grc' dir='ltr'><strong><em>τὸν</em></strong></span> <span class='ocrx_word' id='word_1_364' title='bbox 1071 3090 1245 3163; x_wconf 84' lang='grc' dir='ltr'>ἀληθῆ</span> <span class='ocrx_word' id='word_1_365' title='bbox 1266 3092 1323 3144; x_wconf 84' lang='grc' dir='ltr'>δὲ</span> <span class='ocrx_word' id='word_1_366' title='bbox 1353 3091 1531 3144; x_wconf 75' lang='grc' dir='ltr'>σέϐειν</span> <span class='ocrx_word' id='word_1_367' title='bbox 1560 3092 1827 3156; x_wconf 72' lang='grc' dir='ltr'>ἐδίδασκε,</span> 
     </span>
    </p>
   </div>
   <div class='ocr_carea' id='block_1_49' title="bbox 230 3177 1831 3255">
    <p class='ocr_par' dir='ltr' id='par_1_49' title="bbox 230 3177 1831 3255">
     <span class='ocr_line' id='line_1_49' title="bbox 230 3177 1831 3255; baseline 0.005 -25"><span class='ocrx_word' id='word_1_368' title='bbox 230 3177 330 3230; x_wconf 75' lang='grc' dir='ltr'>καὶ</span> <span class='ocrx_word' id='word_1_369' title='bbox 360 3177 500 3250; x_wconf 81' lang='grc' dir='ltr'>πλὴν</span> <span class='ocrx_word' id='word_1_370' title='bbox 534 3179 699 3232; x_wconf 75' lang='grc' dir='ltr'>αὑτοῦ</span> <span class='ocrx_word' id='word_1_371' title='bbox 742 3180 947 3252; x_wconf 79' lang='grc' dir='ltr'>μηδένα</span> <span class='ocrx_word' id='word_1_372' title='bbox 985 3181 1184 3235; x_wconf 84' lang='grc' dir='ltr'>εἰδέναι</span> <span class='ocrx_word' id='word_1_373' title='bbox 1224 3182 1480 3254; x_wconf 81' lang='grc' dir='ltr'>παρῄνει,</span> <span class='ocrx_word' id='word_1_374' title='bbox 1507 3184 1569 3236; x_wconf 84' lang='grc' dir='ltr'>οὐ</span> <span class='ocrx_word' id='word_1_375' title='bbox 1605 3183 1712 3253; x_wconf 82' lang='grc' dir='ltr'>μὴν</span> <span class='ocrx_word' id='word_1_376' title='bbox 1737 3186 1831 3255; x_wconf 76' lang='grc' dir='ltr'><strong><em>ἠρ-</em></strong></span> 
     </span>
    </p>
   </div>
   <div class='ocr_carea' id='block_1_50' title="bbox 233 3254 1899 3346">
    <p class='ocr_par' dir='ltr' id='par_1_50' title="bbox 233 3254 1899 3346">
     <span class='ocr_line' id='line_1_50' title="bbox 233 3254 1899 3346; baseline 0.002 -23"><span class='ocrx_word' id='word_1_377' title='bbox 233 3272 381 3324; x_wconf 79' lang='grc' dir='ltr'>νεῖτο</span> <span class='ocrx_word' id='word_1_378' title='bbox 410 3268 550 3325; x_wconf 85' lang='grc' dir='ltr'>εἶναι</span> <span class='ocrx_word' id='word_1_379' title='bbox 596 3273 759 3325; x_wconf 80' lang='grc' dir='ltr'>αὑτὸν</span> <span class='ocrx_word' id='word_1_380' title='bbox 785 3273 1031 3345; x_wconf 82' lang='grc' dir='ltr'>Πατέρα.</span> <span class='ocrx_word' id='word_1_381' title='bbox 1060 3273 1124 3326; x_wconf 81' lang='lat' dir='ltr'><strong><em>Ei</em></strong></span> <span class='ocrx_word' id='word_1_382' title='bbox 1160 3274 1219 3327; x_wconf 83' lang='grc' dir='ltr'>δὲ</span> <span class='ocrx_word' id='word_1_383' title='bbox 1261 3274 1335 3345; x_wconf 91' lang='grc'><strong><em>(8)</em></strong></span> <span class='ocrx_word' id='word_1_384' title='bbox 1362 3275 1456 3327; x_wconf 75' lang='grc' dir='ltr'>καὶ</span> <span class='ocrx_word' id='word_1_385' title='bbox 1478 3274 1704 3346; x_wconf 82' lang='grc' dir='ltr'>Κύριον,</span> <span class='ocrx_word' id='word_1_386' title='bbox 1732 3254 1829 3327; x_wconf 77' lang='grc' dir='ltr'>καὶ</span> <span class='ocrx_word' id='word_1_387' title='bbox 1857 3254 1899 3311; x_wconf 76' lang='lat' dir='ltr'><strong><em>C</em></strong></span> 
     </span>
    </p>
   </div>
   <div class='ocr_carea' id='block_1_51' title="bbox 231 3362 1829 3436">
    <p class='ocr_par' dir='ltr' id='par_1_51' title="bbox 231 3362 1829 3436">
     <span class='ocr_line' id='line_1_51' title="bbox 231 3362 1829 3436; baseline 0.001 -21"><span class='ocrx_word' id='word_1_388' title='bbox 231 3362 367 3416; x_wconf 87' lang='grc' dir='ltr'>Θεὸν</span> <span class='ocrx_word' id='word_1_389' title='bbox 388 3364 569 3428; x_wconf 82' lang='grc' dir='ltr'>αὐτὸν,</span> <span class='ocrx_word' id='word_1_390' title='bbox 611 3365 703 3418; x_wconf 74' lang='grc' dir='ltr'>καὶ</span> <span class='ocrx_word' id='word_1_391' title='bbox 727 3365 955 3429; x_wconf 87' lang='grc' dir='ltr'>δίκαιον,</span> <span class='ocrx_word' id='word_1_392' title='bbox 987 3366 1084 3419; x_wconf 77' lang='grc' dir='ltr'>καὶ</span> <span class='ocrx_word' id='word_1_393' title='bbox 1119 3366 1351 3436; x_wconf 81' lang='grc' dir='ltr'>Σωτῆρα</span> <span class='ocrx_word' id='word_1_394' title='bbox 1390 3366 1679 3429; x_wconf 84' lang='grc' dir='ltr'>ἀπεκάλει,</span> <span class='ocrx_word' id='word_1_395' title='bbox 1713 3365 1829 3419; x_wconf 82' lang='grc' dir='ltr'>ἀλλ’</span> 
     </span>
    </p>
   </div>
   <div class='ocr_carea' id='block_1_52' title="bbox 231 3453 1828 3529">
    <p class='ocr_par' dir='ltr' id='par_1_52' title="bbox 231 3453 1828 3529">
     <span class='ocr_line' id='line_1_52' title="bbox 231 3453 1828 3529; baseline 0.003 -22"><span class='ocrx_word' id='word_1_396' title='bbox 231 3454 336 3507; x_wconf 75' lang='grc' dir='ltr'>οὐκ</span> <span class='ocrx_word' id='word_1_397' title='bbox 367 3455 627 3509; x_wconf 87' lang='grc' dir='ltr'>ἀπέκλειε</span> <span class='ocrx_word' id='word_1_398' title='bbox 655 3456 749 3510; x_wconf 76' lang='grc' dir='ltr'>τοῦ</span> <span class='ocrx_word' id='word_1_399' title='bbox 793 3458 887 3510; x_wconf 79' lang='grc' dir='ltr'>καὶ</span> <span class='ocrx_word' id='word_1_400' title='bbox 929 3458 1149 3529; x_wconf 85' lang='grc' dir='ltr'>Πατέρα</span> <span class='ocrx_word' id='word_1_401' title='bbox 1184 3453 1324 3511; x_wconf 76' lang='grc' dir='ltr'>εἶναι</span> <span class='ocrx_word' id='word_1_402' title='bbox 1370 3458 1532 3511; x_wconf 80' lang='grc' dir='ltr'>αὐτὸν</span> <span class='ocrx_word' id='word_1_403' title='bbox 1575 3459 1828 3529; x_wconf 82' lang='grc' dir='ltr'>ἡγεῖσθαι</span> 
     </span>
    </p>
   </div>
   <div class='ocr_carea' id='block_1_53' title="bbox 232 3545 1828 3620">
    <p class='ocr_par' dir='ltr' id='par_1_53' title="bbox 232 3545 1828 3620">
     <span class='ocr_line' id='line_1_53' title="bbox 232 3545 1828 3620; baseline 0.003 -22"><span class='ocrx_word' id='word_1_404' title='bbox 232 3545 331 3599; x_wconf 78' lang='grc' dir='ltr'><strong><em>τοῦ</em></strong></span> <span class='ocrx_word' id='word_1_405' title='bbox 359 3547 685 3617; x_wconf 83' lang='grc' dir='ltr'>μονογενοῦς</span> <span class='ocrx_word' id='word_1_406' title='bbox 711 3548 876 3603; x_wconf 75' lang='grc' dir='ltr'>αὐτοῦ</span> <span class='ocrx_word' id='word_1_407' title='bbox 913 3549 1009 3602; x_wconf 71' lang='grc' dir='ltr'>καὶ</span> <span class='ocrx_word' id='word_1_408' title='bbox 1039 3549 1327 3620; x_wconf 85' lang='grc' dir='ltr'>ἀγαπητοῦ</span> <span class='ocrx_word' id='word_1_409' title='bbox 1360 3550 1513 3603; x_wconf 81' lang='grc' dir='ltr'>Υίοῢ.</span> <span class='ocrx_word' id='word_1_410' title='bbox 1542 3550 1655 3603; x_wconf 79' lang='grc' dir='ltr'>Εἶτ’</span> <span class='ocrx_word' id='word_1_411' title='bbox 1690 3546 1781 3604; x_wconf 77' lang='grc' dir='ltr'>οὖν</span> <span class='ocrx_word' id='word_1_412' title='bbox 1800 3552 1828 3602; x_wconf 85' lang='grc' dir='ltr'>ὁ</span> 
     </span>
    </p>
   </div>
   <div class='ocr_carea' id='block_1_54' title="bbox 235 3637 1827 3712">
    <p class='ocr_par' dir='ltr' id='par_1_54' title="bbox 235 3637 1827 3712">
     <span class='ocr_line' id='line_1_54' title="bbox 235 3637 1827 3712; baseline 0.003 -23"><span class='ocrx_word' id='word_1_413' title='bbox 235 3637 426 3708; x_wconf 80' lang='grc' dir='ltr'>Πατὴρ</span> <span class='ocrx_word' id='word_1_414' title='bbox 449 3637 623 3707; x_wconf 81' lang='grc' dir='ltr'>λέγων</span> <span class='ocrx_word' id='word_1_415' title='bbox 651 3638 749 3693; x_wconf 82' lang='grc' dir='ltr'><strong><em>εἴθ’</em></strong></span> <span class='ocrx_word' id='word_1_416' title='bbox 778 3641 806 3692; x_wconf 90' lang='grc' dir='ltr'><strong>ὀ</strong></span> <span class='ocrx_word' id='word_1_417' title='bbox 830 3640 958 3704; x_wconf 88' lang='grc' dir='ltr'>Υίὸς</span> <span class='ocrx_word' id='word_1_418' title='bbox 979 3640 1039 3693; x_wconf 88' lang='grc' dir='ltr'><strong><em>τὸ</em></strong></span> <span class='ocrx_word' id='word_1_419' title='bbox 1078 3639 1214 3709; x_wconf 58' lang='grc' dir='ltr'>Ἐπί)</span> <span class='ocrx_word' id='word_1_420' title='bbox 1233 3643 1351 3709; x_wconf 76' lang='grc' dir='ltr'>εἰμι</span> <span class='ocrx_word' id='word_1_421' title='bbox 1377 3643 1410 3695; x_wconf 84' lang='grc' dir='ltr'><em>ὀ</em></span> <span class='ocrx_word' id='word_1_422' title='bbox 1439 3640 1543 3706; x_wconf 71' lang='grc' dir='ltr'>ὢν,</span> <span class='ocrx_word' id='word_1_423' title='bbox 1573 3640 1827 3712; x_wconf 82' lang='grc' dir='ltr'>ἀληθεύοι</span> 
     </span>
    </p>
   </div>
   <div class='ocr_carea' id='block_1_55' title="bbox 230 3726 1825 3806">
    <p class='ocr_par' dir='ltr' id='par_1_55' title="bbox 230 3726 1825 3806">
     <span class='ocr_line' id='line_1_55' title="bbox 230 3726 1825 3806; baseline 0.005 -27"><span class='ocrx_word' id='word_1_424' title='bbox 230 3726 299 3780; x_wconf 83' lang='grc' dir='ltr'>ἂν</span> <span class='ocrx_word' id='word_1_425' title='bbox 331 3727 610 3801; x_wconf 71' lang='grc' dir='ltr'>ἑκατέρως</span> <span class='ocrx_word' id='word_1_426' title='bbox 631 3730 660 3783; x_wconf 84' lang='grc' dir='ltr'><strong><em>ό</em></strong></span> <span class='ocrx_word' id='word_1_427' title='bbox 689 3731 866 3801; x_wconf 79' lang='grc' dir='ltr'>λόγος.</span> <span class='ocrx_word' id='word_1_428' title='bbox 900 3733 968 3785; x_wconf 83' lang='lat'><strong><em>&#39;0</em></strong></span> <span class='ocrx_word' id='word_1_429' title='bbox 998 3749 1058 3785; x_wconf 89' lang='grc' dir='ltr'><strong><em>τε</em></strong></span> <span class='ocrx_word' id='word_1_430' title='bbox 1083 3732 1192 3805; x_wconf 71' lang='grc' dir='ltr'><strong><em>γὰρ</em></strong></span> <span class='ocrx_word' id='word_1_431' title='bbox 1220 3733 1404 3804; x_wconf 69' lang='grc' dir='ltr'>Πατὴι.</span> <span class='ocrx_word' id='word_1_432' title='bbox 1442 3736 1474 3787; x_wconf 83' lang='grc' dir='ltr'><strong><em>ό</em></strong></span> <span class='ocrx_word' id='word_1_433' title='bbox 1502 3730 1588 3787; x_wconf 87' lang='grc' dir='ltr'><strong><em>ὢν</em></strong></span> <span class='ocrx_word' id='word_1_434' title='bbox 1619 3734 1705 3806; x_wconf 77' lang='grc' dir='ltr'>εἴη</span> <span class='ocrx_word' id='word_1_435' title='bbox 1738 3732 1825 3797; x_wconf 83' lang='grc' dir='ltr'>ἂν,</span> 
     </span>
    </p>
   </div>
   <div class='ocr_carea' id='block_1_56' title="bbox 234 3820 1828 3891">
    <p class='ocr_par' dir='ltr' id='par_1_56' title="bbox 234 3820 1828 3891">
     <span class='ocr_line' id='line_1_56' title="bbox 234 3820 1828 3891; baseline 0.005 -18"><span class='ocrx_word' id='word_1_436' title='bbox 234 3820 397 3889; x_wconf 77' lang='grc' dir='ltr'>μόνος</span> <span class='ocrx_word' id='word_1_437' title='bbox 424 3821 590 3887; x_wconf 84' lang='grc' dir='ltr'>αὐτὸς</span> <span class='ocrx_word' id='word_1_438' title='bbox 625 3822 700 3875; x_wconf 85' lang='grc' dir='ltr'>ὢν</span> <span class='ocrx_word' id='word_1_439' title='bbox 745 3823 839 3877; x_wconf 77' lang='grc' dir='ltr'><strong><em>ἐπὶ</em></strong></span> <span class='ocrx_word' id='word_1_440' title='bbox 871 3825 1109 3891; x_wconf 87' lang='grc' dir='ltr'>πάντων,</span> <span class='ocrx_word' id='word_1_441' title='bbox 1147 3826 1241 3879; x_wconf 80' lang='grc' dir='ltr'>καὶ</span> <span class='ocrx_word' id='word_1_442' title='bbox 1269 3825 1357 3878; x_wconf 77' lang='grc' dir='ltr'><strong><em>διὰ</em></strong></span> <span class='ocrx_word' id='word_1_443' title='bbox 1390 3826 1607 3880; x_wconf 88' lang='grc' dir='ltr'>πάντων</span> <span class='ocrx_word' id='word_1_444' title='bbox 1642 3828 1737 3880; x_wconf 77' lang='grc' dir='ltr'>καὶ</span> <span class='ocrx_word' id='word_1_445' title='bbox 1767 3829 1828 3881; x_wconf 83' lang='grc' dir='ltr'>ὲν</span> 
     </span>
    </p>
   </div>
   <div class='ocr_carea' id='block_1_57' title="bbox 234 3913 1820 3985">
    <p class='ocr_par' dir='ltr' id='par_1_57' title="bbox 234 3913 1820 3985">
     <span class='ocr_line' id='line_1_57' title="bbox 234 3913 1820 3985; baseline 0.002 -16"><span class='ocrx_word' id='word_1_446' title='bbox 234 3913 372 3969; x_wconf 78' lang='grc' dir='ltr'>πᾶσι</span> <span class='ocrx_word' id='word_1_447' title='bbox 403 3913 556 3979; x_wconf 82' lang='grc' dir='ltr'>Θεὸς,</span> <span class='ocrx_word' id='word_1_448' title='bbox 589 3916 665 3979; x_wconf 88' lang='grc' dir='ltr'>ὼς</span> <span class='ocrx_word' id='word_1_449' title='bbox 685 3919 713 3970; x_wconf 84' lang='grc' dir='ltr'><strong><em>ό</em></strong></span> <span class='ocrx_word' id='word_1_450' title='bbox 733 3916 875 3981; x_wconf 79' lang='grc' dir='ltr'>Θεῖος</span> <span class='ocrx_word' id='word_1_451' title='bbox 899 3918 1109 3983; x_wconf 75' lang='grc' dir='ltr'>ἐδίδαξε</span> <span class='ocrx_word' id='word_1_452' title='bbox 1148 3918 1494 3983; x_wconf 84' lang='grc' dir='ltr'>Ἀπόστολος,</span> <span class='ocrx_word' id='word_1_453' title='bbox 1528 3920 1557 3973; x_wconf 84' lang='grc' dir='ltr'><strong>ὃ</strong></span> <span class='ocrx_word' id='word_1_454' title='bbox 1578 3936 1639 3973; x_wconf 92' lang='grc' dir='ltr'><strong><em>τε</em></strong></span> <span class='ocrx_word' id='word_1_455' title='bbox 1670 3920 1820 3985; x_wconf 82' lang='grc' dir='ltr'>Υἱὸς,</span> 
     </span>
    </p>
   </div>
   <div class='ocr_carea' id='block_1_58' title="bbox 231 4005 1824 4081">
    <p class='ocr_par' dir='ltr' id='par_1_58' title="bbox 231 4005 1824 4081">
     <span class='ocr_line' id='line_1_58' title="bbox 231 4005 1824 4081; baseline 0.004 -24"><span class='ocrx_word' id='word_1_456' title='bbox 231 4006 328 4057; x_wconf 75' lang='grc' dir='ltr'>καὶ</span> <span class='ocrx_word' id='word_1_457' title='bbox 364 4005 525 4069; x_wconf 82' lang='grc' dir='ltr'>αὐτὸς</span> <span class='ocrx_word' id='word_1_458' title='bbox 556 4007 912 4077; x_wconf 78' lang='grc' dir='ltr'>χρηματίζων</span> <span class='ocrx_word' id='word_1_459' title='bbox 950 4012 983 4063; x_wconf 85' lang='grc' dir='ltr'><strong><em>ό</em></strong></span> <span class='ocrx_word' id='word_1_460' title='bbox 1003 4007 1108 4073; x_wconf 83' lang='grc' dir='ltr'><strong><em>ὢν,</em></strong></span> <span class='ocrx_word' id='word_1_461' title='bbox 1136 4009 1390 4079; x_wconf 83' lang='grc' dir='ltr'>ἀληθεύοι</span> <span class='ocrx_word' id='word_1_462' title='bbox 1420 4011 1508 4065; x_wconf 79' lang='grc' dir='ltr'><strong><em>ἄν’</em></strong></span> <span class='ocrx_word' id='word_1_463' title='bbox 1557 4010 1721 4081; x_wconf 88' lang='grc' dir='ltr'>μόνος</span> <span class='ocrx_word' id='word_1_464' title='bbox 1749 4009 1824 4064; x_wconf 84' lang='grc' dir='ltr'>ὢν</span> 
     </span>
    </p>
   </div>
   <div class='ocr_carea' id='block_1_59' title="bbox 230 4092 1824 4173">
    <p class='ocr_par' dir='ltr' id='par_1_59' title="bbox 230 4092 1824 4173">
     <span class='ocr_line' id='line_1_59' title="bbox 230 4092 1824 4173; baseline 0.006 -27"><span class='ocrx_word' id='word_1_465' title='bbox 230 4092 385 4157; x_wconf 86' lang='grc' dir='ltr'>Υίὸς,</span> <span class='ocrx_word' id='word_1_466' title='bbox 416 4096 709 4168; x_wconf 81' lang='grc' dir='ltr'>μονογενὴς</span> <span class='ocrx_word' id='word_1_467' title='bbox 733 4096 825 4151; x_wconf 83' lang='grc' dir='ltr'>τοῦ</span> <span class='ocrx_word' id='word_1_468' title='bbox 856 4098 1028 4163; x_wconf 75' lang='grc' dir='ltr'>ὄντος,</span> <span class='ocrx_word' id='word_1_469' title='bbox 1056 4098 1195 4153; x_wconf 83' lang='grc' dir='ltr'>ἀλλὰ</span> <span class='ocrx_word' id='word_1_470' title='bbox 1222 4100 1316 4153; x_wconf 83' lang='grc' dir='ltr'><strong><em>καὶ</em></strong></span> <span class='ocrx_word' id='word_1_471' title='bbox 1344 4100 1509 4155; x_wconf 87' lang='grc' dir='ltr'>είκὼν</span> <span class='ocrx_word' id='word_1_472' title='bbox 1528 4101 1620 4155; x_wconf 77' lang='grc' dir='ltr'>τοῦ</span> <span class='ocrx_word' id='word_1_473' title='bbox 1653 4103 1824 4173; x_wconf 81' lang='grc' dir='ltr'>ἀορά-</span> 
     </span>
    </p>
   </div>
   <div class='ocr_carea' id='block_1_60' title="bbox 229 4185 1827 4263">
    <p class='ocr_par' dir='ltr' id='par_1_60' title="bbox 229 4185 1827 4263">
     <span class='ocr_line' id='line_1_60' title="bbox 229 4185 1827 4263; baseline 0.004 -26"><span class='ocrx_word' id='word_1_474' title='bbox 229 4202 328 4238; x_wconf 88' lang='grc' dir='ltr'><strong><em>του</em></strong></span> <span class='ocrx_word' id='word_1_475' title='bbox 374 4185 510 4240; x_wconf 87' lang='grc' dir='ltr'>Θεοῦ</span> <span class='ocrx_word' id='word_1_476' title='bbox 556 4188 836 4261; x_wconf 84' lang='grc' dir='ltr'>ὑπάρχων.</span> <span class='ocrx_word' id='word_1_477' title='bbox 866 4190 976 4244; x_wconf 75' lang='grc' dir='ltr'><strong><em>Καὶ</em></strong></span> <span class='ocrx_word' id='word_1_478' title='bbox 1007 4190 1167 4245; x_wconf 83' lang='grc' dir='ltr'>τοῦτο</span> <span class='ocrx_word' id='word_1_479' title='bbox 1206 4192 1290 4262; x_wconf 81' lang='grc' dir='ltr'>εῐη</span> <span class='ocrx_word' id='word_1_480' title='bbox 1336 4191 1402 4245; x_wconf 82' lang='grc' dir='ltr'>ἂν</span> <span class='ocrx_word' id='word_1_481' title='bbox 1438 4192 1511 4263; x_wconf 90' lang='lat'><strong><em>(9)</em></strong></span> <span class='ocrx_word' id='word_1_482' title='bbox 1549 4192 1715 4246; x_wconf 81' lang='grc' dir='ltr'>αὐτοῦ</span> <span class='ocrx_word' id='word_1_483' title='bbox 1751 4193 1827 4244; x_wconf 75' lang='grc' dir='ltr'>εί-</span> 
     </span>
    </p>
   </div>
   <div class='ocr_carea' id='block_1_61' title="bbox 231 4275 1822 4353">
    <p class='ocr_par' dir='ltr' id='par_1_61' title="bbox 231 4275 1822 4353">
     <span class='ocr_line' id='line_1_61' title="bbox 231 4275 1822 4353; baseline 0.006 -25"><span class='ocrx_word' id='word_1_484' title='bbox 231 4275 368 4343; x_wconf 85' lang='grc' dir='ltr'>κὼν,</span> <span class='ocrx_word' id='word_1_485' title='bbox 411 4278 534 4332; x_wconf 84' lang='grc' dir='ltr'>καθ’</span> <span class='ocrx_word' id='word_1_486' title='bbox 584 4280 614 4333; x_wconf 81' lang='grc' dir='ltr'><strong>ὃ</strong></span> <span class='ocrx_word' id='word_1_487' title='bbox 657 4281 817 4352; x_wconf 86' lang='grc' dir='ltr'>μόνος</span> <span class='ocrx_word' id='word_1_488' title='bbox 858 4276 927 4353; x_wconf 78' lang='grc' dir='ltr'>ἢν</span> <span class='ocrx_word' id='word_1_489' title='bbox 980 4283 1142 4347; x_wconf 80' lang='grc' dir='ltr'>αὐτὸς</span> <span class='ocrx_word' id='word_1_490' title='bbox 1185 4286 1218 4339; x_wconf 84' lang='grc' dir='ltr'><strong><em>ό</em></strong></span> <span class='ocrx_word' id='word_1_491' title='bbox 1264 4285 1369 4338; x_wconf 83' lang='grc' dir='ltr'><strong><em>ὧν.</em></strong></span> <span class='ocrx_word' id='word_1_492' title='bbox 1400 4286 1491 4338; x_wconf 90' lang='grc' dir='ltr'>Διὸ</span> <span class='ocrx_word' id='word_1_493' title='bbox 1528 4286 1621 4338; x_wconf 74' lang='grc' dir='ltr'>καὶ</span> <span class='ocrx_word' id='word_1_494' title='bbox 1661 4286 1822 4351; x_wconf 83' lang='grc' dir='ltr'>αὐτὸς</span> 
     </span>
    </p>
   </div>
   <div class='ocr_carea' id='block_1_62' title="bbox 229 4370 1825 4450">
    <p class='ocr_par' dir='ltr' id='par_1_62' title="bbox 229 4370 1825 4450">
     <span class='ocr_line' id='line_1_62' title="bbox 229 4370 1825 4450; baseline 0.004 -26"><span class='ocrx_word' id='word_1_495' title='bbox 229 4370 563 4440; x_wconf 75' lang='grc' dir='ltr'>χρηματίζοι</span> <span class='ocrx_word' id='word_1_496' title='bbox 592 4372 657 4427; x_wconf 79' lang='grc' dir='ltr'>ἂν</span> <span class='ocrx_word' id='word_1_497' title='bbox 683 4377 716 4427; x_wconf 87' lang='lat' dir='ltr'><strong><em>d</em></strong></span> <span class='ocrx_word' id='word_1_498' title='bbox 743 4373 840 4436; x_wconf 84' lang='grc' dir='ltr'>ὢν,</span> <span class='ocrx_word' id='word_1_499' title='bbox 864 4375 985 4427; x_wconf 74' lang='grc' dir='ltr'>ἐπεὶ</span> <span class='ocrx_word' id='word_1_500' title='bbox 1014 4376 1108 4429; x_wconf 79' lang='grc' dir='ltr'>καὶ</span> <span class='ocrx_word' id='word_1_501' title='bbox 1125 4376 1257 4441; x_wconf 84' lang='grc' dir='ltr'>Θεὸς</span> <span class='ocrx_word' id='word_1_502' title='bbox 1281 4378 1376 4431; x_wconf 72' lang='grc' dir='ltr'>καὶ</span> <span class='ocrx_word' id='word_1_503' title='bbox 1391 4378 1598 4450; x_wconf 83' lang='grc' dir='ltr'>Κύριος</span> <span class='ocrx_word' id='word_1_504' title='bbox 1624 4380 1825 4449; x_wconf 84' lang='grc' dir='ltr'>ὁμοίως</span> 
     </span>
    </p>
   </div>
   <div class='ocr_carea' id='block_1_63' title="bbox 230 4460 1823 4542">
    <p class='ocr_par' dir='ltr' id='par_1_63' title="bbox 230 4460 1823 4542">
     <span class='ocr_line' id='line_1_63' title="bbox 230 4460 1823 4542; baseline 0.007 -29"><span class='ocrx_word' id='word_1_505' title='bbox 230 4460 314 4532; x_wconf 82' lang='grc' dir='ltr'>τῷ</span> <span class='ocrx_word' id='word_1_506' title='bbox 345 4462 521 4536; x_wconf 82' lang='grc' dir='ltr'>Πατρὶ</span> <span class='ocrx_word' id='word_1_507' title='bbox 550 4465 645 4519; x_wconf 77' lang='grc' dir='ltr'>καὶ</span> <span class='ocrx_word' id='word_1_508' title='bbox 673 4465 836 4530; x_wconf 77' lang='grc' dir='ltr'>αὐτὸς</span> <span class='ocrx_word' id='word_1_509' title='bbox 861 4465 951 4520; x_wconf 77' lang='grc' dir='ltr'><strong><em>διὰ</em></strong></span> <span class='ocrx_word' id='word_1_510' title='bbox 983 4467 1163 4539; x_wconf 88' lang='grc' dir='ltr'>πάσης</span> <span class='ocrx_word' id='word_1_511' title='bbox 1180 4468 1543 4540; x_wconf 84' lang='grc' dir='ltr'>ἀνηγόρευται</span> <span class='ocrx_word' id='word_1_512' title='bbox 1575 4471 1674 4542; x_wconf 81' lang='grc' dir='ltr'><strong><em>τῆς</em></strong></span> <span class='ocrx_word' id='word_1_513' title='bbox 1703 4470 1823 4524; x_wconf 83' lang='grc' dir='ltr'>θεο-</span> 
     </span>
    </p>
   </div>
   <div class='ocr_carea' id='block_1_64' title="bbox 232 4553 782 4629">
    <p class='ocr_par' dir='ltr' id='par_1_64' title="bbox 232 4553 782 4629">
     <span class='ocr_line' id='line_1_64' title="bbox 232 4553 782 4629; baseline 0.007 -24"><span class='ocrx_word' id='word_1_514' title='bbox 232 4553 501 4608; x_wconf 86' lang='grc' dir='ltr'>πνεύστου</span> <span class='ocrx_word' id='word_1_515' title='bbox 536 4556 782 4629; x_wconf 82' lang='grc' dir='ltr'>Γραφῆς.</span> 
     </span>
    </p>
   </div>
   <div class='ocr_carea' id='block_1_65' title="bbox 1938 1988 3535 2059">
    <p class='ocr_par' dir='ltr' id='par_1_65' title="bbox 1938 1988 3535 2059">
     <span class='ocr_line' id='line_1_65' title="bbox 1938 1988 3535 2059; baseline 0.001 -20"><span class='ocrx_word' id='word_1_516' title='bbox 1938 1988 2231 2055; x_wconf 70' lang='lat' dir='ltr'><strong><em>prazdicata</em></strong></span> <span class='ocrx_word' id='word_1_517' title='bbox 2261 1988 2578 2059; x_wconf 89' lang='lat' dir='ltr'><strong><em>accipienda</em></strong></span> <span class='ocrx_word' id='word_1_518' title='bbox 2605 1998 2769 2054; x_wconf 89' lang='lat' dir='ltr'><strong><em>sunt,</em></strong></span> <span class='ocrx_word' id='word_1_519' title='bbox 2796 2004 2901 2045; x_wconf 89' lang='lat' dir='ltr'><strong><em>nec</em></strong></span> <span class='ocrx_word' id='word_1_520' title='bbox 2924 1998 2984 2044; x_wconf 92' lang='lat' dir='ltr'><strong><em>ut</em></strong></span> <span class='ocrx_word' id='word_1_521' title='bbox 3010 1989 3246 2045; x_wconf 87' lang='lat' dir='ltr'><strong><em>alienum</em></strong></span> <span class='ocrx_word' id='word_1_522' title='bbox 3276 1988 3405 2058; x_wconf 89' lang='lat' dir='ltr'><strong><em>quid</em></strong></span> <span class='ocrx_word' id='word_1_523' title='bbox 3433 1988 3535 2041; x_wconf 82' lang='lat' dir='ltr'><strong><em>mi-</em></strong></span> 
     </span>
    </p>
   </div>
   <div class='ocr_carea' id='block_1_66' title="bbox 1940 2082 3538 2153">
    <p class='ocr_par' dir='ltr' id='par_1_66' title="bbox 1940 2082 3538 2153">
     <span class='ocr_line' id='line_1_66' title="bbox 1940 2082 3538 2153; baseline 0.003 -22"><span class='ocrx_word' id='word_1_524' title='bbox 1940 2094 2041 2132; x_wconf 90' lang='lat' dir='ltr'><strong><em>nus</em></strong></span> <span class='ocrx_word' id='word_1_525' title='bbox 2068 2089 2378 2148; x_wconf 82' lang='lat' dir='ltr'><strong><em>acceptare,</em></strong></span> <span class='ocrx_word' id='word_1_526' title='bbox 2396 2082 2440 2137; x_wconf 88' lang='lat' dir='ltr'><strong><em>si</em></strong></span> <span class='ocrx_word' id='word_1_527' title='bbox 2475 2082 2694 2151; x_wconf 90' lang='lat' dir='ltr'><strong><em>quidem</em></strong></span> <span class='ocrx_word' id='word_1_528' title='bbox 2733 2082 2810 2137; x_wconf 91' lang='lat' dir='ltr'><strong><em>illi</em></strong></span> <span class='ocrx_word' id='word_1_529' title='bbox 2833 2083 3031 2153; x_wconf 86' lang='lat' dir='ltr'><strong><em>p0pulo</em></strong></span> <span class='ocrx_word' id='word_1_530' title='bbox 3055 2082 3191 2137; x_wconf 89' lang='lat' dir='ltr'><strong><em>duro</em></strong></span> <span class='ocrx_word' id='word_1_531' title='bbox 3220 2082 3382 2137; x_wconf 90' lang='lat' dir='ltr'><strong><em>corde</em></strong></span> <span class='ocrx_word' id='word_1_532' title='bbox 3403 2096 3538 2151; x_wconf 69' lang='lat' dir='ltr'><strong><em>prte-</em></strong></span> 
     </span>
    </p>
   </div>
   <div class='ocr_carea' id='block_1_67' title="bbox 1939 2170 3535 2243">
    <p class='ocr_par' dir='ltr' id='par_1_67' title="bbox 1939 2170 3535 2243">
     <span class='ocr_line' id='line_1_67' title="bbox 1939 2170 3535 2243; baseline 0.001 -20"><span class='ocrx_word' id='word_1_533' title='bbox 1939 2170 2053 2225; x_wconf 90' lang='lat' dir='ltr'><strong><em>dito</em></strong></span> <span class='ocrx_word' id='word_1_534' title='bbox 2100 2172 2352 2227; x_wconf 86' lang='lat' dir='ltr'><strong><em>homines</em></strong></span> <span class='ocrx_word' id='word_1_535' title='bbox 2410 2172 2484 2226; x_wconf 88' lang='lat' dir='ltr'><strong><em>illi</em></strong></span> <span class='ocrx_word' id='word_1_536' title='bbox 2521 2172 2617 2228; x_wconf 89' lang='lat' dir='ltr'><strong><em>Dei</em></strong></span> <span class='ocrx_word' id='word_1_537' title='bbox 2652 2174 3021 2243; x_wconf 79' lang='lat' dir='ltr'><strong><em>cognitionem</em></strong></span> <span class='ocrx_word' id='word_1_538' title='bbox 3059 2175 3128 2228; x_wconf 85' lang='lat' dir='ltr'><strong><em>&#39;de</em></strong></span> <span class='ocrx_word' id='word_1_539' title='bbox 3159 2173 3250 2227; x_wconf 91' lang='lat' dir='ltr'><strong><em>illo</em></strong></span> <span class='ocrx_word' id='word_1_540' title='bbox 3279 2188 3385 2227; x_wconf 88' lang='lat' dir='ltr'><strong><em>non</em></strong></span> <span class='ocrx_word' id='word_1_541' title='bbox 3424 2180 3535 2226; x_wconf 82' lang='lat' dir='ltr'><strong><em>tra-</em></strong></span> 
     </span>
    </p>
   </div>
   <div class='ocr_carea' id='block_1_68' title="bbox 1938 2262 3533 2335">
    <p class='ocr_par' dir='ltr' id='par_1_68' title="bbox 1938 2262 3533 2335">
     <span class='ocr_line' id='line_1_68' title="bbox 1938 2262 3533 2335; baseline 0.002 -19"><span class='ocrx_word' id='word_1_542' title='bbox 1938 2262 2190 2317; x_wconf 86' lang='lat' dir='ltr'><strong><em>diderunt</em></strong></span> <span class='ocrx_word' id='word_1_543' title='bbox 2213 2304 2228 2329; x_wconf 89' lang='lat'><strong><em>,</em></strong></span> <span class='ocrx_word' id='word_1_544' title='bbox 2279 2274 2565 2320; x_wconf 87' lang='lat' dir='ltr'><strong><em>reservato</em></strong></span> <span class='ocrx_word' id='word_1_545' title='bbox 2596 2266 2649 2319; x_wconf 93' lang='lat' dir='ltr'><strong><em>in</em></strong></span> <span class='ocrx_word' id='word_1_546' title='bbox 2694 2276 2912 2335; x_wconf 92' lang='lat' dir='ltr'><strong><em>tempus</em></strong></span> <span class='ocrx_word' id='word_1_547' title='bbox 2950 2273 3312 2335; x_wconf 91' lang='lat' dir='ltr'><strong><em>opportunum</em></strong></span> <span class='ocrx_word' id='word_1_548' title='bbox 3346 2265 3412 2319; x_wconf 91' lang='lat' dir='ltr'><strong><em>de</em></strong></span> <span class='ocrx_word' id='word_1_549' title='bbox 3444 2264 3533 2319; x_wconf 87' lang='lat' dir='ltr'><strong><em>illo</em></strong></span> 
     </span>
    </p>
   </div>
   <div class='ocr_carea' id='block_1_69' title="bbox 1938 2352 3534 2422">
    <p class='ocr_par' dir='ltr' id='par_1_69' title="bbox 1938 2352 3534 2422">
     <span class='ocr_line' id='line_1_69' title="bbox 1938 2352 3534 2422; baseline 0.001 -17"><span class='ocrx_word' id='word_1_550' title='bbox 1938 2352 2340 2422; x_wconf 75' lang='lat' dir='ltr'><strong><em>dispensatorio</em></strong></span> <span class='ocrx_word' id='word_1_551' title='bbox 2374 2369 2649 2410; x_wconf 89' lang='lat' dir='ltr'><strong><em>sermone.</em></strong></span> <span class='ocrx_word' id='word_1_552' title='bbox 2690 2354 2809 2409; x_wconf 83' lang='lat' dir='ltr'><strong><em>Non</em></strong></span> <span class='ocrx_word' id='word_1_553' title='bbox 2874 2354 3163 2410; x_wconf 83' lang='lat' dir='ltr'><strong><em>videbatur</em></strong></span> <span class='ocrx_word' id='word_1_554' title='bbox 3219 2363 3349 2409; x_wconf 89' lang='lat' dir='ltr'><strong><em>tunc</em></strong></span> <span class='ocrx_word' id='word_1_555' title='bbox 3394 2361 3534 2410; x_wconf 86' lang='lat' dir='ltr'><strong><em>tem-</em></strong></span> 
     </span>
    </p>
   </div>
   <div class='ocr_carea' id='block_1_70' title="bbox 1936 2444 3535 2514">
    <p class='ocr_par' dir='ltr' id='par_1_70' title="bbox 1936 2444 3535 2514">
     <span class='ocr_line' id='line_1_70' title="bbox 1936 2444 3535 2514; baseline 0 -16"><span class='ocrx_word' id='word_1_556' title='bbox 1936 2444 2085 2514; x_wconf 89' lang='lat' dir='ltr'><strong><em>poris</em></strong></span> <span class='ocrx_word' id='word_1_557' title='bbox 2112 2460 2324 2514; x_wconf 67' lang='lat' dir='ltr'><strong><em>aequum</em></strong></span> <span class='ocrx_word' id='word_1_558' title='bbox 2354 2460 2499 2510; x_wconf 87' lang='lat' dir='ltr'><strong><em>esse,</em></strong></span> <span class='ocrx_word' id='word_1_559' title='bbox 2533 2454 2593 2500; x_wconf 92' lang='lat' dir='ltr'><strong><em>ut</em></strong></span> <span class='ocrx_word' id='word_1_560' title='bbox 2632 2445 2950 2501; x_wconf 87' lang='lat' dir='ltr'><strong><em>hominibus</em></strong></span> <span class='ocrx_word' id='word_1_561' title='bbox 2974 2446 3040 2499; x_wconf 88' lang='lat' dir='ltr'><strong><em>ad</em></strong></span> <span class='ocrx_word' id='word_1_562' title='bbox 3068 2460 3313 2500; x_wconf 90' lang='lat' dir='ltr'><strong><em>errorem</em></strong></span> <span class='ocrx_word' id='word_1_563' title='bbox 3334 2445 3401 2499; x_wconf 90' lang='lat' dir='ltr'><strong><em>de</em></strong></span> <span class='ocrx_word' id='word_1_564' title='bbox 3427 2446 3535 2499; x_wconf 83' lang='lat' dir='ltr'><strong><em>diis</em></strong></span> 
     </span>
    </p>
   </div>
   <div class='ocr_carea' id='block_1_71' title="bbox 1938 2534 3533 2609">
    <p class='ocr_par' dir='ltr' id='par_1_71' title="bbox 1938 2534 3533 2609">
     <span class='ocr_line' id='line_1_71' title="bbox 1938 2534 3533 2609; baseline 0.003 -22"><span class='ocrx_word' id='word_1_565' title='bbox 1938 2534 2125 2590; x_wconf 87' lang='lat' dir='ltr'><strong><em>multis</em></strong></span> <span class='ocrx_word' id='word_1_566' title='bbox 2153 2536 2310 2592; x_wconf 76' lang='lat' dir='ltr'><strong><em>facile</em></strong></span> <span class='ocrx_word' id='word_1_567' title='bbox 2354 2537 2741 2606; x_wconf 87' lang='lat' dir='ltr'><strong><em>arrepentibus</em></strong></span> <span class='ocrx_word' id='word_1_568' title='bbox 2764 2578 2780 2603; x_wconf 91' lang='lat'><strong><em>,</em></strong></span> <span class='ocrx_word' id='word_1_569' title='bbox 2825 2537 3143 2609; x_wconf 85' lang='lat' dir='ltr'><strong><em>mysterium</em></strong></span> <span class='ocrx_word' id='word_1_570' title='bbox 3174 2536 3241 2591; x_wconf 90' lang='lat' dir='ltr'><strong><em>de</em></strong></span> <span class='ocrx_word' id='word_1_571' title='bbox 3268 2536 3433 2593; x_wconf 89' lang='lat' dir='ltr'><strong><em>Patre</em></strong></span> <span class='ocrx_word' id='word_1_572' title='bbox 3478 2547 3533 2592; x_wconf 88' lang='lat' dir='ltr'><strong><em>et</em></strong></span> 
     </span>
    </p>
   </div>
   <div class='ocr_carea' id='block_1_72' title="bbox 1937 2626 3533 2699">
    <p class='ocr_par' dir='ltr' id='par_1_72' title="bbox 1937 2626 3533 2699">
     <span class='ocr_line' id='line_1_72' title="bbox 1937 2626 3533 2699; baseline 0.001 -18"><span class='ocrx_word' id='word_1_573' title='bbox 1937 2626 2074 2684; x_wconf 84' lang='lat' dir='ltr'><strong><em>Filio</em></strong></span> <span class='ocrx_word' id='word_1_574' title='bbox 2107 2628 2461 2693; x_wconf 89' lang='lat' dir='ltr'><strong><em>revelaretur,</em></strong></span> <span class='ocrx_word' id='word_1_575' title='bbox 2521 2644 2646 2684; x_wconf 91' lang='lat' dir='ltr'><strong><em>cum</em></strong></span> <span class='ocrx_word' id='word_1_576' title='bbox 2684 2628 2817 2683; x_wconf 86' lang='lat' dir='ltr'><strong><em>nihil</em></strong></span> <span class='ocrx_word' id='word_1_577' title='bbox 2854 2633 2921 2683; x_wconf 89' lang='lat' dir='ltr'><strong><em>de</em></strong></span> <span class='ocrx_word' id='word_1_578' title='bbox 2957 2628 3221 2699; x_wconf 84' lang='lat' dir='ltr'><strong><em>subjectis</em></strong></span> <span class='ocrx_word' id='word_1_579' title='bbox 3258 2630 3407 2684; x_wconf 89' lang='lat' dir='ltr'><strong><em>hisce</em></strong></span> <span class='ocrx_word' id='word_1_580' title='bbox 3436 2645 3533 2699; x_wconf 82' lang='lat' dir='ltr'><strong><em>po-</em></strong></span> 
     </span>
    </p>
   </div>
   <div class='ocr_carea' id='block_1_73' title="bbox 1936 2718 3531 2789">
    <p class='ocr_par' dir='ltr' id='par_1_73' title="bbox 1936 2718 3531 2789">
     <span class='ocr_line' id='line_1_73' title="bbox 1936 2718 3531 2789; baseline 0 -16"><span class='ocrx_word' id='word_1_581' title='bbox 1936 2720 2223 2775; x_wconf 86' lang='lat' dir='ltr'><strong><em>testatibus</em></strong></span> <span class='ocrx_word' id='word_1_582' title='bbox 2273 2719 2604 2789; x_wconf 83' lang='lat' dir='ltr'><strong><em>patefactum</em></strong></span> <span class='ocrx_word' id='word_1_583' title='bbox 2637 2718 2824 2787; x_wconf 80' lang='lat' dir='ltr'><strong><em>fuerit,</em></strong></span> <span class='ocrx_word' id='word_1_584' title='bbox 2868 2734 2939 2773; x_wconf 89' lang='lat' dir='ltr'><strong><em>ne</em></strong></span> <span class='ocrx_word' id='word_1_585' title='bbox 2972 2735 3069 2788; x_wconf 91' lang='lat' dir='ltr'><strong><em>per</em></strong></span> <span class='ocrx_word' id='word_1_586' title='bbox 3114 2721 3261 2775; x_wconf 88' lang='lat' dir='ltr'><strong><em>hunc</em></strong></span> <span class='ocrx_word' id='word_1_587' title='bbox 3292 2730 3531 2789; x_wconf 68' lang='lat' dir='ltr'><strong><em>praetex—</em></strong></span> 
     </span>
    </p>
   </div>
   <div class='ocr_carea' id='block_1_74' title="bbox 1935 2812 3526 2884">
    <p class='ocr_par' dir='ltr' id='par_1_74' title="bbox 1935 2812 3526 2884">
     <span class='ocr_line' id='line_1_74' title="bbox 1935 2812 3526 2884; baseline 0 -18"><span class='ocrx_word' id='word_1_588' title='bbox 1935 2819 2048 2866; x_wconf 89' lang='lat' dir='ltr'><strong><em>tum</em></strong></span> <span class='ocrx_word' id='word_1_589' title='bbox 2077 2812 2153 2866; x_wconf 89' lang='lat' dir='ltr'><strong><em>illi</em></strong></span> <span class='ocrx_word' id='word_1_590' title='bbox 2218 2813 2288 2868; x_wconf 88' lang='lat' dir='ltr'><strong><em>ad</em></strong></span> <span class='ocrx_word' id='word_1_591' title='bbox 2343 2826 2682 2884; x_wconf 78' lang='lat' dir='ltr'><strong><em>paganorum</em></strong></span> <span class='ocrx_word' id='word_1_592' title='bbox 2725 2813 3065 2883; x_wconf 80' lang='lat' dir='ltr'><strong><em>polytheiam</em></strong></span> <span class='ocrx_word' id='word_1_593' title='bbox 3117 2813 3526 2876; x_wconf 89' lang='lat' dir='ltr'><strong><em>dilaberentur,</em></strong></span> 
     </span>
    </p>
   </div>
   <div class='ocr_carea' id='block_1_75' title="bbox 1935 2903 3530 2974">
    <p class='ocr_par' dir='ltr' id='par_1_75' title="bbox 1935 2903 3530 2974">
     <span class='ocr_line' id='line_1_75' title="bbox 1935 2903 3530 2974; baseline 0.001 -16"><span class='ocrx_word' id='word_1_594' title='bbox 1935 2904 2027 2974; x_wconf 88' lang='lat' dir='ltr'><strong><em>qui</em></strong></span> <span class='ocrx_word' id='word_1_595' title='bbox 2060 2903 2249 2959; x_wconf 83' lang='lat' dir='ltr'><strong><em>Jovem</em></strong></span> <span class='ocrx_word' id='word_1_596' title='bbox 2290 2918 2448 2960; x_wconf 78' lang='lat' dir='ltr'><strong><em>suum</em></strong></span> <span class='ocrx_word' id='word_1_597' title='bbox 2490 2914 2699 2972; x_wconf 86' lang='lat' dir='ltr'><strong><em>patrem</em></strong></span> <span class='ocrx_word' id='word_1_598' title='bbox 2746 2905 3140 2974; x_wconf 89' lang='lat' dir='ltr'><strong><em>bominumque</em></strong></span> <span class='ocrx_word' id='word_1_599' title='bbox 3193 2904 3530 2973; x_wconf 90' lang='lat' dir='ltr'><strong><em>deorumque</em></strong></span> 
     </span>
    </p>
   </div>
   <div class='ocr_carea' id='block_1_76' title="bbox 1934 2995 3526 3064">
    <p class='ocr_par' dir='ltr' id='par_1_76' title="bbox 1934 2995 3526 3064">
     <span class='ocr_line' id='line_1_76' title="bbox 1934 2995 3526 3064; baseline 0.002 -16"><span class='ocrx_word' id='word_1_600' title='bbox 1934 3009 2134 3050; x_wconf 88' lang='lat' dir='ltr'><strong><em>vocare</em></strong></span> <span class='ocrx_word' id='word_1_601' title='bbox 2155 2995 2361 3051; x_wconf 88' lang='lat' dir='ltr'><strong><em>solent.</em></strong></span> <span class='ocrx_word' id='word_1_602' title='bbox 2398 2996 2670 3064; x_wconf 84' lang='lat' dir='ltr'><strong><em>Quocirca</em></strong></span> <span class='ocrx_word' id='word_1_603' title='bbox 2708 3008 2771 3052; x_wconf 91' lang='lat' dir='ltr'><strong><em>ut</em></strong></span> <span class='ocrx_word' id='word_1_604' title='bbox 2818 3012 3068 3053; x_wconf 91' lang='lat' dir='ltr'><strong><em>errorem</em></strong></span> <span class='ocrx_word' id='word_1_605' title='bbox 3105 2998 3252 3053; x_wconf 90' lang='lat' dir='ltr'><strong><em>hunc</em></strong></span> <span class='ocrx_word' id='word_1_606' title='bbox 3280 2998 3526 3052; x_wconf 86' lang='lat' dir='ltr'><strong><em>elimina-</em></strong></span> 
     </span>
    </p>
   </div>
   <div class='ocr_carea' id='block_1_77' title="bbox 1935 3086 3529 3159">
    <p class='ocr_par' dir='ltr' id='par_1_77' title="bbox 1935 3086 3529 3159">
     <span class='ocr_line' id='line_1_77' title="bbox 1935 3086 3529 3159; baseline 0.001 -18"><span class='ocrx_word' id='word_1_607' title='bbox 1935 3098 2020 3142; x_wconf 86' lang='lat' dir='ltr'><strong><em>ret</em></strong></span> <span class='ocrx_word' id='word_1_608' title='bbox 2042 3086 2284 3143; x_wconf 76' lang='lat' dir='ltr'><strong><em>Verbum</em></strong></span> <span class='ocrx_word' id='word_1_609' title='bbox 2316 3088 2447 3142; x_wconf 91' lang='lat' dir='ltr'><strong><em>illud</em></strong></span> <span class='ocrx_word' id='word_1_610' title='bbox 2478 3089 2597 3153; x_wconf 90' lang='lat' dir='ltr'><strong><em>Dei,</em></strong></span> <span class='ocrx_word' id='word_1_611' title='bbox 2639 3105 2803 3143; x_wconf 87' lang='lat' dir='ltr'><strong><em>unum</em></strong></span> <span class='ocrx_word' id='word_1_612' title='bbox 2835 3089 3002 3144; x_wconf 81' lang='lat' dir='ltr'><strong><em>Deum</em></strong></span> <span class='ocrx_word' id='word_1_613' title='bbox 3032 3089 3396 3159; x_wconf 73' lang='lat' dir='ltr'><strong><em>praedicabat:</em></strong></span> <span class='ocrx_word' id='word_1_614' title='bbox 3420 3105 3529 3143; x_wconf 89' lang='lat' dir='ltr'><strong><em>non</em></strong></span> 
     </span>
    </p>
   </div>
   <div class='ocr_carea' id='block_1_78' title="bbox 1935 3182 3530 3249">
    <p class='ocr_par' dir='ltr' id='par_1_78' title="bbox 1935 3182 3530 3249">
     <span class='ocr_line' id='line_1_78' title="bbox 1935 3182 3530 3249; baseline 0.002 -16"><span class='ocrx_word' id='word_1_615' title='bbox 1935 3188 2117 3234; x_wconf 86' lang='lat' dir='ltr'><strong><em>tamen</em></strong></span> <span class='ocrx_word' id='word_1_616' title='bbox 2157 3182 2377 3249; x_wconf 85' lang='lat' dir='ltr'><strong><em>negavit</em></strong></span> <span class='ocrx_word' id='word_1_617' title='bbox 2399 3184 2651 3236; x_wconf 77' lang='lat' dir='ltr'><strong><em>eumdem</em></strong></span> <span class='ocrx_word' id='word_1_618' title='bbox 2704 3195 2827 3238; x_wconf 83' lang='lat' dir='ltr'><strong><em>esse</em></strong></span> <span class='ocrx_word' id='word_1_619' title='bbox 2869 3182 3088 3238; x_wconf 86' lang='lat' dir='ltr'><strong><em>Patrem</em></strong></span> <span class='ocrx_word' id='word_1_620' title='bbox 3125 3197 3357 3237; x_wconf 87' lang='lat' dir='ltr'><strong><em>:verum</em></strong></span> <span class='ocrx_word' id='word_1_621' title='bbox 3400 3196 3530 3236; x_wconf 86' lang='lat' dir='ltr'><strong><em>vero</em></strong></span> 
     </span>
    </p>
   </div>
   <div class='ocr_carea' id='block_1_79' title="bbox 1937 3272 3531 3346">
    <p class='ocr_par' dir='ltr' id='par_1_79' title="bbox 1937 3272 3531 3346">
     <span class='ocr_line' id='line_1_79' title="bbox 1937 3272 3531 3346; baseline 0.001 -21"><span class='ocrx_word' id='word_1_622' title='bbox 1937 3272 2104 3326; x_wconf 87' lang='lat' dir='ltr'><strong><em>Deum</em></strong></span> <span class='ocrx_word' id='word_1_623' title='bbox 2137 3272 2289 3327; x_wconf 91' lang='lat' dir='ltr'><strong><em>illum</em></strong></span> <span class='ocrx_word' id='word_1_624' title='bbox 2326 3274 2562 3329; x_wconf 85' lang='lat' dir='ltr'><strong><em>adorare</em></strong></span> <span class='ocrx_word' id='word_1_625' title='bbox 2596 3274 2828 3340; x_wconf 90' lang='lat' dir='ltr'><strong><em>docuit,</em></strong></span> <span class='ocrx_word' id='word_1_626' title='bbox 2891 3287 2947 3329; x_wconf 89' lang='lat' dir='ltr'><strong><em>et</em></strong></span> <span class='ocrx_word' id='word_1_627' title='bbox 2975 3282 3174 3346; x_wconf 68' lang='lat' dir='ltr'><strong><em>praeter</em></strong></span> <span class='ocrx_word' id='word_1_628' title='bbox 3206 3274 3356 3329; x_wconf 90' lang='lat' dir='ltr'><strong><em>illum</em></strong></span> <span class='ocrx_word' id='word_1_629' title='bbox 3407 3275 3531 3327; x_wconf 86' lang='lat' dir='ltr'><strong><em>nul-</em></strong></span> 
     </span>
    </p>
   </div>
   <div class='ocr_carea' id='block_1_80' title="bbox 1933 3363 3530 3421">
    <p class='ocr_par' dir='ltr' id='par_1_80' title="bbox 1933 3363 3530 3421">
     <span class='ocr_line' id='line_1_80' title="bbox 1933 3363 3530 3421; baseline 0.001 -4"><span class='ocrx_word' id='word_1_630' title='bbox 1933 3363 2042 3418; x_wconf 91' lang='lat' dir='ltr'><strong><em>lum</em></strong></span> <span class='ocrx_word' id='word_1_631' title='bbox 2091 3364 2259 3419; x_wconf 88' lang='lat' dir='ltr'><strong><em>alium</em></strong></span> <span class='ocrx_word' id='word_1_632' title='bbox 2314 3366 2568 3420; x_wconf 86' lang='lat' dir='ltr'><strong><em>arbitrari</em></strong></span> <span class='ocrx_word' id='word_1_633' title='bbox 2624 3366 2792 3421; x_wconf 89' lang='lat' dir='ltr'><strong><em>Deum</em></strong></span> <span class='ocrx_word' id='word_1_634' title='bbox 2842 3366 3081 3421; x_wconf 82' lang='lat' dir='ltr'><strong><em>erudivit</em></strong></span> <span class='ocrx_word' id='word_1_635' title='bbox 3114 3382 3129 3420; x_wconf 90' lang='lat'><strong>:</strong></span> <span class='ocrx_word' id='word_1_636' title='bbox 3162 3368 3258 3421; x_wconf 87' lang='lat' dir='ltr'><strong><em>sed</em></strong></span> <span class='ocrx_word' id='word_1_637' title='bbox 3307 3366 3530 3419; x_wconf 88' lang='lat' dir='ltr'><strong><em>minime</em></strong></span> 
     </span>
    </p>
   </div>
   <div class='ocr_carea' id='block_1_81' title="bbox 1933 3456 3530 3525">
    <p class='ocr_par' dir='ltr' id='par_1_81' title="bbox 1933 3456 3530 3525">
     <span class='ocr_line' id='line_1_81' title="bbox 1933 3456 3530 3525; baseline 0 -14"><span class='ocrx_word' id='word_1_638' title='bbox 1933 3457 2208 3512; x_wconf 87' lang='lat' dir='ltr'><strong><em>inliciatur</em></strong></span> <span class='ocrx_word' id='word_1_639' title='bbox 2258 3458 2407 3513; x_wconf 90' lang='lat' dir='ltr'><strong><em>illum</em></strong></span> <span class='ocrx_word' id='word_1_640' title='bbox 2454 3472 2578 3514; x_wconf 88' lang='lat' dir='ltr'><strong><em>esse</em></strong></span> <span class='ocrx_word' id='word_1_641' title='bbox 2623 3456 2865 3525; x_wconf 81' lang='lat' dir='ltr'><strong><em>Patrem,</em></strong></span> <span class='ocrx_word' id='word_1_642' title='bbox 2915 3465 2973 3523; x_wconf 70' lang='grc' dir='ltr'><strong><em>›Ῑ‹</em></strong></span> <span class='ocrx_word' id='word_1_643' title='bbox 3028 3459 3075 3513; x_wconf 84' lang='lat' dir='ltr'><strong><em>si</em></strong></span> <span class='ocrx_word' id='word_1_644' title='bbox 3124 3460 3411 3514; x_wconf 87' lang='lat' dir='ltr'><strong><em>Dominum</em></strong></span> <span class='ocrx_word' id='word_1_645' title='bbox 3473 3466 3530 3512; x_wconf 82' lang='lat' dir='ltr'><strong><em>et</em></strong></span> 
     </span>
    </p>
   </div>
   <div class='ocr_carea' id='block_1_82' title="bbox 1932 3550 3524 3618">
    <p class='ocr_par' dir='ltr' id='par_1_82' title="bbox 1932 3550 3524 3618">
     <span class='ocr_line' id='line_1_82' title="bbox 1932 3550 3524 3618; baseline 0 -13"><span class='ocrx_word' id='word_1_646' title='bbox 1932 3552 2100 3608; x_wconf 91' lang='lat' dir='ltr'><strong><em>Deum</em></strong></span> <span class='ocrx_word' id='word_1_647' title='bbox 2138 3550 2287 3605; x_wconf 90' lang='lat' dir='ltr'><strong><em>illum</em></strong></span> <span class='ocrx_word' id='word_1_648' title='bbox 2314 3591 2329 3616; x_wconf 91' lang='lat'><strong><em>,</em></strong></span> <span class='ocrx_word' id='word_1_649' title='bbox 2362 3560 2418 3606; x_wconf 83' lang='lat' dir='ltr'><strong><em>et</em></strong></span> <span class='ocrx_word' id='word_1_650' title='bbox 2470 3552 2681 3618; x_wconf 84' lang='lat' dir='ltr'><strong><em>justum</em></strong></span> <span class='ocrx_word' id='word_1_651' title='bbox 2728 3553 3028 3607; x_wconf 88' lang='lat' dir='ltr'><strong><em>nominavit</em></strong></span> <span class='ocrx_word' id='word_1_652' title='bbox 3055 3560 3109 3607; x_wconf 90' lang='lat' dir='ltr'><strong><em>et</em></strong></span> <span class='ocrx_word' id='word_1_653' title='bbox 3149 3552 3524 3617; x_wconf 83' lang='lat' dir='ltr'><strong><em>Servatorem,</em></strong></span> 
     </span>
    </p>
   </div>
   <div class='ocr_carea' id='block_1_83' title="bbox 1929 3641 3529 3706">
    <p class='ocr_par' dir='ltr' id='par_1_83' title="bbox 1929 3641 3529 3706">
     <span class='ocr_line' id='line_1_83' title="bbox 1929 3641 3529 3706; baseline 0.001 -11"><span class='ocrx_word' id='word_1_654' title='bbox 1929 3657 2035 3695; x_wconf 88' lang='lat' dir='ltr'><strong><em>non</em></strong></span> <span class='ocrx_word' id='word_1_655' title='bbox 2067 3641 2303 3698; x_wconf 81' lang='lat' dir='ltr'><strong><em>exclusit</em></strong></span> <span class='ocrx_word' id='word_1_656' title='bbox 2329 3658 2452 3697; x_wconf 92' lang='lat' dir='ltr'><strong><em>eum</em></strong></span> <span class='ocrx_word' id='word_1_657' title='bbox 2472 3659 2499 3695; x_wconf 92' lang='lat' dir='ltr'><strong><em>a</em></strong></span> <span class='ocrx_word' id='word_1_658' title='bbox 2528 3643 2687 3698; x_wconf 89' lang='lat' dir='ltr'><strong><em>titulo</em></strong></span> <span class='ocrx_word' id='word_1_659' title='bbox 2717 3643 2921 3706; x_wconf 85' lang='lat' dir='ltr'><strong><em>Patris.</em></strong></span> <span class='ocrx_word' id='word_1_660' title='bbox 2947 3654 3132 3698; x_wconf 89' lang='lat' dir='ltr'><strong><em>tamen</em></strong></span> <span class='ocrx_word' id='word_1_661' title='bbox 3166 3652 3225 3697; x_wconf 93' lang='lat' dir='ltr'><strong><em>ut</em></strong></span> <span class='ocrx_word' id='word_1_662' title='bbox 3254 3658 3360 3697; x_wconf 87' lang='lat' dir='ltr'><strong><em>non</em></strong></span> <span class='ocrx_word' id='word_1_663' title='bbox 3382 3652 3529 3699; x_wconf 81' lang='lat' dir='ltr'><strong><em>esset</em></strong></span> 
     </span>
    </p>
   </div>
   <div class='ocr_carea' id='block_1_84' title="bbox 1931 3735 3523 3809">
    <p class='ocr_par' dir='ltr' id='par_1_84' title="bbox 1931 3735 3523 3809">
     <span class='ocr_line' id='line_1_84' title="bbox 1931 3735 3523 3809; baseline 0.001 -20"><span class='ocrx_word' id='word_1_664' title='bbox 1931 3735 2092 3790; x_wconf 87' lang='lat' dir='ltr'><strong><em>Pater</em></strong></span> <span class='ocrx_word' id='word_1_665' title='bbox 2125 3737 2391 3808; x_wconf 87' lang='lat' dir='ltr'><strong><em>unigeniti</em></strong></span> <span class='ocrx_word' id='word_1_666' title='bbox 2432 3746 2487 3793; x_wconf 92' lang='lat' dir='ltr'><strong><em>et</em></strong></span> <span class='ocrx_word' id='word_1_667' title='bbox 2512 3736 2695 3793; x_wconf 88' lang='lat' dir='ltr'><strong><em>dilecti</em></strong></span> <span class='ocrx_word' id='word_1_668' title='bbox 2722 3738 2805 3792; x_wconf 88' lang='lat' dir='ltr'><strong><em>sui</em></strong></span> <span class='ocrx_word' id='word_1_669' title='bbox 2835 3736 2958 3792; x_wconf 85' lang='lat' dir='ltr'><strong><em>Filii</em></strong></span> <span class='ocrx_word' id='word_1_670' title='bbox 2994 3756 3008 3791; x_wconf 91' lang='lat'><strong>:</strong></span> <span class='ocrx_word' id='word_1_671' title='bbox 3040 3738 3161 3793; x_wconf 88' lang='lat' dir='ltr'><strong><em>sive</em></strong></span> <span class='ocrx_word' id='word_1_672' title='bbox 3189 3753 3319 3809; x_wconf 81' lang='lat' dir='ltr'><strong><em>ergo</em></strong></span> <span class='ocrx_word' id='word_1_673' title='bbox 3338 3737 3523 3803; x_wconf 83' lang='lat' dir='ltr'><strong><em>Pater,</em></strong></span> 
     </span>
    </p>
   </div>
   <div class='ocr_carea' id='block_1_85' title="bbox 1929 3827 3523 3901">
    <p class='ocr_par' dir='ltr' id='par_1_85' title="bbox 1929 3827 3523 3901">
     <span class='ocr_line' id='line_1_85' title="bbox 1929 3827 3523 3901; baseline 0.001 -18"><span class='ocrx_word' id='word_1_674' title='bbox 1929 3842 2024 3883; x_wconf 85' lang='lat' dir='ltr'><strong><em>seu</em></strong></span> <span class='ocrx_word' id='word_1_675' title='bbox 2076 3827 2249 3884; x_wconf 83' lang='lat' dir='ltr'><strong><em>Filius</em></strong></span> <span class='ocrx_word' id='word_1_676' title='bbox 2277 3828 2409 3883; x_wconf 87' lang='lat' dir='ltr'><strong><em>illud</em></strong></span> <span class='ocrx_word' id='word_1_677' title='bbox 2440 3830 2557 3895; x_wconf 85' lang='lat' dir='ltr'><strong><em>ait,</em></strong></span> <span class='ocrx_word' id='word_1_678' title='bbox 2591 3828 2709 3899; x_wconf 80' lang='lat' dir='ltr'><strong><em>Ego</em></strong></span> <span class='ocrx_word' id='word_1_679' title='bbox 2744 3845 2859 3884; x_wconf 81' lang='lat' dir='ltr'><strong><em>sunt</em></strong></span> <span class='ocrx_word' id='word_1_680' title='bbox 2889 3829 2981 3901; x_wconf 85' lang='lat' dir='ltr'><strong><em>qui</em></strong></span> <span class='ocrx_word' id='word_1_681' title='bbox 3025 3844 3143 3883; x_wconf 86' lang='lat' dir='ltr'><strong><em>sunt</em></strong></span> <span class='ocrx_word' id='word_1_682' title='bbox 3186 3830 3253 3895; x_wconf 72' lang='lat'><strong><em>“,</em></strong></span> <span class='ocrx_word' id='word_1_683' title='bbox 3299 3829 3523 3884; x_wconf 89' lang='lat' dir='ltr'><strong><em>omnino</em></strong></span> 
     </span>
    </p>
   </div>
   <div class='ocr_carea' id='block_1_86' title="bbox 1927 3918 3525 3991">
    <p class='ocr_par' dir='ltr' id='par_1_86' title="bbox 1927 3918 3525 3991">
     <span class='ocr_line' id='line_1_86' title="bbox 1927 3918 3525 3991; baseline 0.003 -20"><span class='ocrx_word' id='word_1_684' title='bbox 1927 3919 2273 3973; x_wconf 88' lang='lat' dir='ltr'><strong><em>verissimum</em></strong></span> <span class='ocrx_word' id='word_1_685' title='bbox 2302 3929 2407 3984; x_wconf 87' lang='lat' dir='ltr'><strong><em>est,</em></strong></span> <span class='ocrx_word' id='word_1_686' title='bbox 2436 3921 2581 3991; x_wconf 89' lang='lat' dir='ltr'><strong><em>quod</em></strong></span> <span class='ocrx_word' id='word_1_687' title='bbox 2627 3922 2724 3976; x_wconf 86' lang='lat' dir='ltr'><strong><em>abs</em></strong></span> <span class='ocrx_word' id='word_1_688' title='bbox 2772 3920 2981 3975; x_wconf 81' lang='lat' dir='ltr'><strong><em>utrovis</em></strong></span> <span class='ocrx_word' id='word_1_689' title='bbox 3030 3920 3257 3978; x_wconf 90' lang='lat' dir='ltr'><strong><em>dicitur.</em></strong></span> <span class='ocrx_word' id='word_1_690' title='bbox 3287 3918 3422 3975; x_wconf 79' lang='lat' dir='ltr'><strong><em>Nam</em></strong></span> <span class='ocrx_word' id='word_1_691' title='bbox 3466 3930 3525 3976; x_wconf 85' lang='lat' dir='ltr'><strong><em>et</em></strong></span> 
     </span>
    </p>
   </div>
   <div class='ocr_carea' id='block_1_87' title="bbox 1927 3995 3521 4083">
    <p class='ocr_par' dir='ltr' id='par_1_87' title="bbox 1927 3995 3521 4083">
     <span class='ocr_line' id='line_1_87' title="bbox 1927 3995 3521 4083; baseline 0.002 -19"><span class='ocrx_word' id='word_1_692' title='bbox 1927 3995 2094 4066; x_wconf 81' lang='lat' dir='ltr'><strong><em>Pater</em></strong></span> <span class='ocrx_word' id='word_1_693' title='bbox 2126 4020 2255 4076; x_wconf 88' lang='lat' dir='ltr'><strong><em>est,</em></strong></span> <span class='ocrx_word' id='word_1_694' title='bbox 2289 4013 2383 4083; x_wconf 89' lang='lat' dir='ltr'><strong><em>qui</em></strong></span> <span class='ocrx_word' id='word_1_695' title='bbox 2426 4029 2546 4068; x_wconf 86' lang='lat' dir='ltr'><strong><em>sunt</em></strong></span> <span class='ocrx_word' id='word_1_696' title='bbox 2571 4053 2589 4080; x_wconf 93' lang='lat'><strong><em>,</em></strong></span> <span class='ocrx_word' id='word_1_697' title='bbox 2623 4026 2746 4068; x_wconf 89' lang='lat' dir='ltr'><strong><em>cum</em></strong></span> <span class='ocrx_word' id='word_1_698' title='bbox 2790 4014 2862 4068; x_wconf 90' lang='lat' dir='ltr'><strong><em>sit</em></strong></span> <span class='ocrx_word' id='word_1_699' title='bbox 2905 4012 3055 4068; x_wconf 88' lang='lat' dir='ltr'><strong><em>solus</em></strong></span> <span class='ocrx_word' id='word_1_700' title='bbox 3093 4028 3258 4083; x_wconf 82' lang='lat' dir='ltr'><strong><em>super</em></strong></span> <span class='ocrx_word' id='word_1_701' title='bbox 3302 4012 3521 4079; x_wconf 83' lang='lat' dir='ltr'><strong><em>omnia,</em></strong></span> 
     </span>
    </p>
   </div>
   <div class='ocr_carea' id='block_1_88' title="bbox 1928 4103 3527 4174">
    <p class='ocr_par' dir='ltr' id='par_1_88' title="bbox 1928 4103 3527 4174">
     <span class='ocr_line' id='line_1_88' title="bbox 1928 4103 3527 4174; baseline 0.003 -19"><span class='ocrx_word' id='word_1_702' title='bbox 1928 4116 2027 4171; x_wconf 87' lang='lat' dir='ltr'><strong><em>per</em></strong></span> <span class='ocrx_word' id='word_1_703' title='bbox 2069 4103 2251 4158; x_wconf 87' lang='lat' dir='ltr'><strong><em>omnia</em></strong></span> <span class='ocrx_word' id='word_1_704' title='bbox 2280 4112 2337 4159; x_wconf 91' lang='lat' dir='ltr'><strong><em>et</em></strong></span> <span class='ocrx_word' id='word_1_705' title='bbox 2363 4104 2418 4159; x_wconf 91' lang='lat' dir='ltr'><strong><em>in</em></strong></span> <span class='ocrx_word' id='word_1_706' title='bbox 2458 4104 2716 4159; x_wconf 83' lang='lat' dir='ltr'><strong><em>omnibus</em></strong></span> <span class='ocrx_word' id='word_1_707' title='bbox 2767 4104 2947 4169; x_wconf 90' lang='lat' dir='ltr'><strong><em>Deus,</em></strong></span> <span class='ocrx_word' id='word_1_708' title='bbox 2988 4104 3132 4174; x_wconf 90' lang='lat' dir='ltr'><strong><em>quod</em></strong></span> <span class='ocrx_word' id='word_1_709' title='bbox 3181 4120 3283 4159; x_wconf 88' lang='lat' dir='ltr'><strong><em>nos</em></strong></span> <span class='ocrx_word' id='word_1_710' title='bbox 3308 4104 3527 4161; x_wconf 84' lang='lat' dir='ltr'><strong><em>divinus</em></strong></span> 
     </span>
    </p>
   </div>
   <div class='ocr_carea' id='block_1_89' title="bbox 1928 4194 3522 4269">
    <p class='ocr_par' dir='ltr' id='par_1_89' title="bbox 1928 4194 3522 4269">
     <span class='ocr_line' id='line_1_89' title="bbox 1928 4194 3522 4269; baseline 0.001 -20"><span class='ocrx_word' id='word_1_711' title='bbox 1928 4194 2112 4251; x_wconf 87' lang='lat' dir='ltr'><strong><em>docuit</em></strong></span> <span class='ocrx_word' id='word_1_712' title='bbox 2141 4197 2451 4267; x_wconf 80' lang='lat' dir='ltr'><strong><em>Apostolus.</em></strong></span> <span class='ocrx_word' id='word_1_713' title='bbox 2490 4195 2598 4253; x_wconf 85' lang='lat' dir='ltr'><strong><em>Sed</em></strong></span> <span class='ocrx_word' id='word_1_714' title='bbox 2627 4206 2682 4253; x_wconf 91' lang='lat' dir='ltr'><strong><em>et</em></strong></span> <span class='ocrx_word' id='word_1_715' title='bbox 2715 4196 2892 4253; x_wconf 84' lang='lat' dir='ltr'><strong><em>Filius</em></strong></span> <span class='ocrx_word' id='word_1_716' title='bbox 2920 4199 2965 4253; x_wconf 87' lang='lat' dir='ltr'><strong><em>si</em></strong></span> <span class='ocrx_word' id='word_1_717' title='bbox 3007 4198 3222 4253; x_wconf 88' lang='lat' dir='ltr'><strong><em>dicatur</em></strong></span> <span class='ocrx_word' id='word_1_718' title='bbox 3248 4200 3340 4269; x_wconf 94' lang='lat' dir='ltr'><strong><em>qui</em></strong></span> <span class='ocrx_word' id='word_1_719' title='bbox 3365 4214 3481 4252; x_wconf 83' lang='lat' dir='ltr'><strong><em>sunt</em></strong></span> <span class='ocrx_word' id='word_1_720' title='bbox 3503 4236 3522 4263; x_wconf 89' lang='lat'><strong><em>,</em></strong></span> 
     </span>
    </p>
   </div>
   <div class='ocr_carea' id='block_1_90' title="bbox 1927 4285 3525 4358">
    <p class='ocr_par' dir='ltr' id='par_1_90' title="bbox 1927 4285 3525 4358">
     <span class='ocr_line' id='line_1_90' title="bbox 1927 4285 3525 4358; baseline 0.002 -21"><span class='ocrx_word' id='word_1_721' title='bbox 1927 4300 2057 4340; x_wconf 86' lang='lat' dir='ltr'><strong><em>vere</em></strong></span> <span class='ocrx_word' id='word_1_722' title='bbox 2102 4285 2181 4341; x_wconf 89' lang='lat' dir='ltr'><strong><em>sic</em></strong></span> <span class='ocrx_word' id='word_1_723' title='bbox 2214 4288 2456 4342; x_wconf 87' lang='lat' dir='ltr'><strong><em>dicitur:</em></strong></span> <span class='ocrx_word' id='word_1_724' title='bbox 2488 4301 2614 4342; x_wconf 89' lang='lat' dir='ltr'><strong><em>cum</em></strong></span> <span class='ocrx_word' id='word_1_725' title='bbox 2644 4286 2797 4343; x_wconf 89' lang='lat' dir='ltr'><strong><em>solus</em></strong></span> <span class='ocrx_word' id='word_1_726' title='bbox 2830 4287 2907 4342; x_wconf 87' lang='lat' dir='ltr'><strong><em>sit</em></strong></span> <span class='ocrx_word' id='word_1_727' title='bbox 2933 4285 3110 4342; x_wconf 88' lang='lat' dir='ltr'><strong><em>Filius</em></strong></span> <span class='ocrx_word' id='word_1_728' title='bbox 3145 4287 3238 4342; x_wconf 91' lang='lat' dir='ltr'><strong><em>Dei</em></strong></span> <span class='ocrx_word' id='word_1_729' title='bbox 3272 4287 3525 4358; x_wconf 87' lang='lat' dir='ltr'><strong><em>unigeni-</em></strong></span> 
     </span>
    </p>
   </div>
   <div class='ocr_carea' id='block_1_91' title="bbox 1928 4376 3537 4451">
    <p class='ocr_par' dir='ltr' id='par_1_91' title="bbox 1928 4376 3537 4451">
     <span class='ocr_line' id='line_1_91' title="bbox 1928 4376 3537 4451; baseline 0.004 -19"><span class='ocrx_word' id='word_1_730' title='bbox 1928 4386 2015 4432; x_wconf 88' lang='lat' dir='ltr'><strong><em>tus</em></strong></span> <span class='ocrx_word' id='word_1_731' title='bbox 2054 4376 2174 4450; x_wconf 85' lang='lat' dir='ltr'><strong><em>ejus</em></strong></span> <span class='ocrx_word' id='word_1_732' title='bbox 2198 4417 2212 4442; x_wconf 82' lang='lat'><strong><em>,</em></strong></span> <span class='ocrx_word' id='word_1_733' title='bbox 2244 4379 2337 4448; x_wconf 89' lang='lat' dir='ltr'><strong><em>qui</em></strong></span> <span class='ocrx_word' id='word_1_734' title='bbox 2380 4388 2479 4445; x_wconf 85' lang='lat' dir='ltr'><strong><em>est,</em></strong></span> <span class='ocrx_word' id='word_1_735' title='bbox 2526 4394 2649 4433; x_wconf 89' lang='lat' dir='ltr'><strong><em>cum</em></strong></span> <span class='ocrx_word' id='word_1_736' title='bbox 2679 4378 2753 4435; x_wconf 89' lang='lat' dir='ltr'><strong><em>sit</em></strong></span> <span class='ocrx_word' id='word_1_737' title='bbox 2794 4380 2973 4451; x_wconf 84' lang='lat' dir='ltr'><strong><em>imago</em></strong></span> <span class='ocrx_word' id='word_1_738' title='bbox 3011 4378 3110 4434; x_wconf 88' lang='lat' dir='ltr'><strong><em>Dei</em></strong></span> <span class='ocrx_word' id='word_1_739' title='bbox 3140 4381 3419 4435; x_wconf 83' lang='lat' dir='ltr'><strong><em>invisibilis</em></strong></span> <span class='ocrx_word' id='word_1_740' title='bbox 3449 4378 3537 4445; x_wconf 74' lang='lat'><strong><em>“,.</em></strong></span> 
     </span>
    </p>
   </div>
   <div class='ocr_carea' id='block_1_92' title="bbox 1925 4468 3537 4543">
    <p class='ocr_par' dir='ltr' id='par_1_92' title="bbox 1925 4468 3537 4543">
     <span class='ocr_line' id='line_1_92' title="bbox 1925 4468 3537 4543; baseline -0.001 -16"><span class='ocrx_word' id='word_1_741' title='bbox 1925 4482 1983 4527; x_wconf 91' lang='lat' dir='ltr'><strong><em>et</em></strong></span> <span class='ocrx_word' id='word_1_742' title='bbox 2025 4484 2093 4526; x_wconf 90' lang='lat' dir='ltr'><strong><em>eo</em></strong></span> <span class='ocrx_word' id='word_1_743' title='bbox 2123 4470 2240 4540; x_wconf 89' lang='lat' dir='ltr'><strong><em>ipso</em></strong></span> <span class='ocrx_word' id='word_1_744' title='bbox 2283 4469 2357 4525; x_wconf 88' lang='lat' dir='ltr'><strong><em>sit</em></strong></span> <span class='ocrx_word' id='word_1_745' title='bbox 2388 4470 2570 4543; x_wconf 84' lang='lat' dir='ltr'><strong><em>imago</em></strong></span> <span class='ocrx_word' id='word_1_746' title='bbox 2595 4468 2750 4539; x_wconf 83' lang='lat' dir='ltr'><strong><em>ejus.</em></strong></span> <span class='ocrx_word' id='word_1_747' title='bbox 2790 4472 2934 4541; x_wconf 88' lang='lat' dir='ltr'><strong><em>quod</em></strong></span> <span class='ocrx_word' id='word_1_748' title='bbox 2966 4476 3117 4527; x_wconf 89' lang='lat' dir='ltr'><strong><em>solus</em></strong></span> <span class='ocrx_word' id='word_1_749' title='bbox 3144 4472 3261 4543; x_wconf 89' lang='lat' dir='ltr'><strong><em>ipse</em></strong></span> <span class='ocrx_word' id='word_1_750' title='bbox 3295 4474 3367 4528; x_wconf 89' lang='lat' dir='ltr'><strong><em>sit</em></strong></span> <span class='ocrx_word' id='word_1_751' title='bbox 3431 4472 3537 4541; x_wconf 88' lang='lat' dir='ltr'><strong><em>qui-</em></strong></span> 
     </span>
    </p>
   </div>
   <div class='ocr_carea' id='block_1_93' title="bbox 1926 4561 3537 4634">
    <p class='ocr_par' dir='ltr' id='par_1_93' title="bbox 1926 4561 3537 4634">
     <span class='ocr_line' id='line_1_93' title="bbox 1926 4561 3537 4634; baseline 0.003 -19"><span class='ocrx_word' id='word_1_752' title='bbox 1926 4572 2023 4618; x_wconf 92' lang='lat' dir='ltr'><strong><em>est.</em></strong></span> <span class='ocrx_word' id='word_1_753' title='bbox 2052 4561 2309 4631; x_wconf 79' lang='lat' dir='ltr'><strong><em>Adeoque</em></strong></span> <span class='ocrx_word' id='word_1_754' title='bbox 2342 4572 2568 4617; x_wconf 88' lang='lat' dir='ltr'><strong><em>vocetur</em></strong></span> <span class='ocrx_word' id='word_1_755' title='bbox 2602 4572 2658 4619; x_wconf 90' lang='lat' dir='ltr'><strong><em>et</em></strong></span> <span class='ocrx_word' id='word_1_756' title='bbox 2717 4562 2806 4618; x_wconf 90' lang='lat' dir='ltr'><strong><em>ille</em></strong></span> <span class='ocrx_word' id='word_1_757' title='bbox 2852 4564 2941 4634; x_wconf 85' lang='lat' dir='ltr'><strong><em>qui</em></strong></span> <span class='ocrx_word' id='word_1_758' title='bbox 2970 4574 3080 4631; x_wconf 87' lang='lat' dir='ltr'><strong><em>est,</em></strong></span> <span class='ocrx_word' id='word_1_759' title='bbox 3112 4580 3235 4619; x_wconf 91' lang='lat' dir='ltr'><strong><em>cum</em></strong></span> <span class='ocrx_word' id='word_1_760' title='bbox 3285 4574 3339 4621; x_wconf 89' lang='lat' dir='ltr'><strong><em>et</em></strong></span> <span class='ocrx_word' id='word_1_761' title='bbox 3380 4564 3537 4620; x_wconf 86' lang='lat' dir='ltr'><strong><em>Deus</em></strong></span> 
     </span>
    </p>
   </div>
   <div class='ocr_carea' id='block_1_94' title="bbox 230 4646 3536 4730">
    <p class='ocr_par' dir='ltr' id='par_1_94' title="bbox 230 4646 3536 4730">
     <span class='ocr_line' id='line_1_94' title="bbox 230 4646 3536 4730; baseline 0.005 -29"><span class='ocrx_word' id='word_1_762' title='bbox 230 4646 309 4701; x_wconf 87' lang='lat' dir='ltr'><strong><em>sit</em></strong></span> <span class='ocrx_word' id='word_1_763' title='bbox 331 4656 387 4700; x_wconf 91' lang='lat' dir='ltr'><strong><em>et</em></strong></span> <span class='ocrx_word' id='word_1_764' title='bbox 417 4646 672 4707; x_wconf 90' lang='lat' dir='ltr'><strong><em>Dominus</em></strong></span> <span class='ocrx_word' id='word_1_765' title='bbox 695 4651 949 4709; x_wconf 84' lang='lat' dir='ltr'><strong><em>similiter</em></strong></span> <span class='ocrx_word' id='word_1_766' title='bbox 977 4662 1144 4725; x_wconf 84' lang='lat' dir='ltr'><strong><em>atque</em></strong></span> <span class='ocrx_word' id='word_1_767' title='bbox 1174 4653 1339 4711; x_wconf 89' lang='lat' dir='ltr'><strong><em>Pater</em></strong></span> <span class='ocrx_word' id='word_1_768' title='bbox 1363 4664 1522 4713; x_wconf 86' lang='lat' dir='ltr'><strong><em>estet</em></strong></span> <span class='ocrx_word' id='word_1_769' title='bbox 1553 4656 1817 4713; x_wconf 86' lang='lat' dir='ltr'><strong><em>Dominus</em></strong></span> <span class='ocrx_word' id='word_1_770' title='bbox 1857 4672 1923 4713; x_wconf 90' lang='lat' dir='ltr'><strong><em>ac</em></strong></span> <span class='ocrx_word' id='word_1_771' title='bbox 1984 4658 2127 4715; x_wconf 87' lang='lat' dir='ltr'><strong><em>Deus</em></strong></span> <span class='ocrx_word' id='word_1_772' title='bbox 2156 4677 2170 4713; x_wconf 91' lang='lat'><strong>:</strong></span> <span class='ocrx_word' id='word_1_773' title='bbox 2205 4660 2477 4730; x_wconf 88' lang='lat' dir='ltr'><strong><em>quomodo</em></strong></span> <span class='ocrx_word' id='word_1_774' title='bbox 2500 4673 2601 4730; x_wconf 90' lang='lat' dir='ltr'><strong><em>per</em></strong></span> <span class='ocrx_word' id='word_1_775' title='bbox 2660 4658 2979 4730; x_wconf 86' lang='lat' dir='ltr'><strong><em>Scripturas</em></strong></span> <span class='ocrx_word' id='word_1_776' title='bbox 3008 4660 3295 4717; x_wconf 83' lang='lat' dir='ltr'><strong><em>universas</em></strong></span> <span class='ocrx_word' id='word_1_777' title='bbox 3310 4677 3536 4717; x_wconf 49' lang='lat' dir='ltr'><strong><em>annona</em></strong></span> 
     </span>
    </p>
   </div>
   <div class='ocr_carea' id='block_1_95' title="bbox 229 4740 419 4796">
    <p class='ocr_par' dir='ltr' id='par_1_95' title="bbox 229 4740 419 4796">
     <span class='ocr_line' id='line_1_95' title="bbox 229 4740 419 4796; baseline -0.005 0"><span class='ocrx_word' id='word_1_778' title='bbox 229 4740 419 4796; x_wconf 81' lang='lat' dir='ltr'><strong><em>tiatur.</em></strong></span> 
     </span>
    </p>
   </div>
   <div class='ocr_carea' id='block_1_96' title="bbox 856 4842 1180 4897">
    <p class='ocr_par' dir='ltr' id='par_1_96' title="bbox 856 4842 1180 4897">
     <span class='ocr_line' id='line_1_96' title="bbox 856 4842 1180 4897; baseline 0.006 -2"><span class='ocrx_word' id='word_1_779' title='bbox 856 4842 1013 4897; x_wconf 70' lang='grc' dir='ltr'><strong><em>ΚΕΦ.</em></strong></span> <span class='ocrx_word' id='word_1_780' title='bbox 1048 4843 1180 4897; x_wconf 79' lang='lat' dir='ltr'><strong><em>KA&#39;.</em></strong></span> 
     </span>
    </p>
   </div>
   <div class='ocr_carea' id='block_1_97' title="bbox 231 4922 1823 5009">
    <p class='ocr_par' dir='ltr' id='par_1_97' title="bbox 231 4922 1823 5009">
     <span class='ocr_line' id='line_1_97' title="bbox 231 4922 1823 5009; baseline 0.011 -34"><span class='ocrx_word' id='word_1_781' title='bbox 231 4922 357 4977; x_wconf 79' lang='grc' dir='ltr'>Ὀτι</span> <span class='ocrx_word' id='word_1_782' title='bbox 381 4926 415 4979; x_wconf 81' lang='grc' dir='ltr'><strong><em>ό</em></strong></span> <span class='ocrx_word' id='word_1_783' title='bbox 449 4924 579 4980; x_wconf 66' lang='lat' dir='ltr'><strong><em>ride</em></strong></span> <span class='ocrx_word' id='word_1_784' title='bbox 599 4924 678 4992; x_wconf 76' lang='grc' dir='ltr'><strong><em>ἦν</em></strong></span> <span class='ocrx_word' id='word_1_785' title='bbox 700 4930 804 4985; x_wconf 82' lang='grc' dir='ltr'>τοῦ</span> <span class='ocrx_word' id='word_1_786' title='bbox 834 4933 1002 4996; x_wconf 86' lang='grc' dir='ltr'>Θεοῦ,</span> <span class='ocrx_word' id='word_1_787' title='bbox 1036 4935 1308 5009; x_wconf 38' lang='grc' dir='ltr'>ό-Μωσεῖ</span> <span class='ocrx_word' id='word_1_788' title='bbox 1326 4935 1424 4990; x_wconf 76' lang='grc' dir='ltr'>καὶ</span> <span class='ocrx_word' id='word_1_789' title='bbox 1456 4935 1537 5003; x_wconf 85' lang='grc' dir='ltr'>τῷ</span> <span class='ocrx_word' id='word_1_790' title='bbox 1576 4936 1823 5009; x_wconf 72' lang='grc' dir='ltr'>Ἀϐραὰμ</span> 
     </span>
    </p>
   </div>
   <div class='ocr_carea' id='block_1_98' title="bbox 829 5005 1223 5072">
    <p class='ocr_par' dir='ltr' id='par_1_98' title="bbox 829 5005 1223 5072">
     <span class='ocr_line' id='line_1_98' title="bbox 829 5005 1223 5072; baseline 0.008 -16"><span class='ocrx_word' id='word_1_791' title='bbox 829 5005 1223 5072; x_wconf 78' lang='grc' dir='ltr'>χρηματίσας.</span> 
     </span>
    </p>
   </div>
   <div class='ocr_carea' id='block_1_99' title="bbox 302 5087 1819 5174">
    <p class='ocr_par' dir='ltr' id='par_1_99' title="bbox 302 5087 1819 5174">
     <span class='ocr_line' id='line_1_99' title="bbox 302 5087 1819 5174; baseline 0.012 -35"><span class='ocrx_word' id='word_1_792' title='bbox 302 5087 545 5142; x_wconf 83' lang='grc' dir='ltr'>Τοῦτοδέ</span> <span class='ocrx_word' id='word_1_793' title='bbox 568 5090 687 5145; x_wconf 74' lang='grc' dir='ltr'>ἐστι</span> <span class='ocrx_word' id='word_1_794' title='bbox 712 5093 806 5146; x_wconf 74' lang='grc' dir='ltr'><strong><em>καὶ</em></strong></span> <span class='ocrx_word' id='word_1_795' title='bbox 834 5098 897 5148; x_wconf 84' lang='grc' dir='ltr'>ὲκ</span> <span class='ocrx_word' id='word_1_796' title='bbox 934 5096 1028 5149; x_wconf 77' lang='grc' dir='ltr'>τοῦ</span> <span class='ocrx_word' id='word_1_797' title='bbox 1063 5098 1197 5169; x_wconf 91' lang='grc' dir='ltr'>πρὸς</span> <span class='ocrx_word' id='word_1_798' title='bbox 1232 5098 1323 5154; x_wconf 92' lang='grc' dir='ltr'><strong><em>τὸν</em></strong></span> <span class='ocrx_word' id='word_1_799' title='bbox 1360 5100 1567 5155; x_wconf 85' lang='grc' dir='ltr'>Μωσέα</span> <span class='ocrx_word' id='word_1_800' title='bbox 1596 5118 1819 5174; x_wconf 82' lang='grc' dir='ltr'>χρημα-</span> 
     </span>
    </p>
   </div>
   <div class='ocr_carea' id='block_1_100' title="bbox 226 5180 1820 5264">
    <p class='ocr_par' dir='ltr' id='par_1_100' title="bbox 226 5180 1820 5264">
     <span class='ocr_line' id='line_1_100' title="bbox 226 5180 1820 5264; baseline 0.008 -31"><span class='ocrx_word' id='word_1_801' title='bbox 226 5180 427 5249; x_wconf 78' lang='grc' dir='ltr'>τισμοῦ</span> <span class='ocrx_word' id='word_1_802' title='bbox 456 5180 697 5257; x_wconf 82' lang='grc' dir='ltr'>γνῶναι·</span> <span class='ocrx_word' id='word_1_803' title='bbox 730 5184 877 5254; x_wconf 85' lang='grc' dir='ltr'>λέγει</span> <span class='ocrx_word' id='word_1_804' title='bbox 911 5187 955 5239; x_wconf 88' lang='grc' dir='ltr'>δ’</span> <span class='ocrx_word' id='word_1_805' title='bbox 977 5184 1070 5243; x_wconf 80' lang='grc' dir='ltr'>οὖν</span> <span class='ocrx_word' id='word_1_806' title='bbox 1104 5192 1138 5263; x_wconf 83' lang='grc' dir='ltr'>ή</span> <span class='ocrx_word' id='word_1_807' title='bbox 1176 5190 1390 5264; x_wconf 83' lang='grc' dir='ltr'>Γραφή·</span> <span class='ocrx_word' id='word_1_808' title='bbox 1426 5192 1725 5261; x_wconf 72' lang='grc' dir='ltr'>Ἐλάλησε</span> <span class='ocrx_word' id='word_1_809' title='bbox 1751 5191 1820 5245; x_wconf 79' lang='grc' dir='ltr'>δὲ</span> 
     </span>
    </p>
   </div>
   <div class='ocr_carea' id='block_1_101' title="bbox 228 5270 1815 5354">
    <p class='ocr_par' dir='ltr' id='par_1_101' title="bbox 228 5270 1815 5354">
     <span class='ocr_line' id='line_1_101' title="bbox 228 5270 1815 5354; baseline 0.01 -27"><span class='ocrx_word' id='word_1_810' title='bbox 228 5275 265 5327; x_wconf 85' lang='grc' dir='ltr'><strong><em>ό</em></strong></span> <span class='ocrx_word' id='word_1_811' title='bbox 293 5270 440 5338; x_wconf 83' lang='grc' dir='ltr'>Θεὸς</span> <span class='ocrx_word' id='word_1_812' title='bbox 470 5273 620 5343; x_wconf 76' lang='grc' dir='ltr'>πρὸς</span> <span class='ocrx_word' id='word_1_813' title='bbox 657 5277 907 5345; x_wconf 78' lang='grc' dir='ltr'><strong><em>Μωσῆν,</em></strong></span> <span class='ocrx_word' id='word_1_814' title='bbox 968 5282 1066 5335; x_wconf 81' lang='grc' dir='ltr'><strong><em>καί</em></strong></span> <span class='ocrx_word' id='word_1_815' title='bbox 1101 5278 1234 5338; x_wconf 78' lang='grc' dir='ltr'>εἷπε</span> <span class='ocrx_word' id='word_1_816' title='bbox 1259 5284 1411 5354; x_wconf 80' lang='grc' dir='ltr'>πρὸς</span> <span class='ocrx_word' id='word_1_817' title='bbox 1445 5286 1636 5340; x_wconf 77' lang='grc' dir='ltr'>αὐτόν</span> <span class='ocrx_word' id='word_1_818' title='bbox 1682 5284 1815 5354; x_wconf 81' lang='grc'><strong><em>(10)⁶</em></strong></span> 
     </span>
    </p>
   </div>
   <div class='ocr_carea' id='block_1_102' title="bbox 2551 4839 2893 4897">
    <p class='ocr_par' dir='ltr' id='par_1_102' title="bbox 2551 4839 2893 4897">
     <span class='ocr_line' id='line_1_102' title="bbox 2551 4839 2893 4897; baseline -0.003 -1"><span class='ocrx_word' id='word_1_819' title='bbox 2551 4839 2707 4896; x_wconf 82' lang='lat' dir='ltr'><strong><em>CAP.</em></strong></span> <span class='ocrx_word' id='word_1_820' title='bbox 2744 4839 2893 4897; x_wconf 80' lang='lat' dir='ltr'><strong><em>XXI.</em></strong></span> 
     </span>
    </p>
   </div>
   <div class='ocr_carea' id='block_1_103' title="bbox 2018 4929 3430 5004">
    <p class='ocr_par' dir='ltr' id='par_1_103' title="bbox 2018 4929 3430 5004">
     <span class='ocr_line' id='line_1_103' title="bbox 2018 4929 3430 5004; baseline 0.001 -18"><span class='ocrx_word' id='word_1_821' title='bbox 2018 4931 2174 5000; x_wconf 82' lang='lat' dir='ltr'><strong><em>Quod</em></strong></span> <span class='ocrx_word' id='word_1_822' title='bbox 2205 4929 2383 4987; x_wconf 82' lang='lat' dir='ltr'><strong><em>Filius</em></strong></span> <span class='ocrx_word' id='word_1_823' title='bbox 2418 4932 2463 4985; x_wconf 89' lang='lat' dir='ltr'><strong><em>is</em></strong></span> <span class='ocrx_word' id='word_1_824' title='bbox 2489 4930 2582 4986; x_wconf 87' lang='lat' dir='ltr'><strong><em>Dei</em></strong></span> <span class='ocrx_word' id='word_1_825' title='bbox 2604 4933 2805 5004; x_wconf 81' lang='lat' dir='ltr'><strong><em>fuerat,</em></strong></span> <span class='ocrx_word' id='word_1_826' title='bbox 2832 4933 2923 5004; x_wconf 91' lang='lat' dir='ltr'><strong><em>qui</em></strong></span> <span class='ocrx_word' id='word_1_827' title='bbox 2951 4949 3071 4987; x_wconf 82' lang='lat' dir='ltr'><strong><em>cunt</em></strong></span> <span class='ocrx_word' id='word_1_828' title='bbox 3094 4931 3242 4988; x_wconf 76' lang='lat' dir='ltr'><strong><em>.llose</em></strong></span> <span class='ocrx_word' id='word_1_829' title='bbox 3270 4943 3430 5004; x_wconf 84' lang='lat' dir='ltr'><strong><em>atque</em></strong></span> 
     </span>
    </p>
   </div>
   <div class='ocr_carea' id='block_1_104' title="bbox 2390 5003 3056 5073">
    <p class='ocr_par' dir='ltr' id='par_1_104' title="bbox 2390 5003 3056 5073">
     <span class='ocr_line' id='line_1_104' title="bbox 2390 5003 3056 5073; baseline 0 -17"><span class='ocrx_word' id='word_1_830' title='bbox 2390 5003 2691 5056; x_wconf 74' lang='lat' dir='ltr'><strong><em>Abrahamo</em></strong></span> <span class='ocrx_word' id='word_1_831' title='bbox 2721 5003 3056 5073; x_wconf 77' lang='lat' dir='ltr'><strong><em>loquebatur.</em></strong></span> 
     </span>
    </p>
   </div>
   <div class='ocr_carea' id='block_1_105' title="bbox 1997 5094 3526 5167">
    <p class='ocr_par' dir='ltr' id='par_1_105' title="bbox 1997 5094 3526 5167">
     <span class='ocr_line' id='line_1_105' title="bbox 1997 5094 3526 5167; baseline -0.005 -15"><span class='ocrx_word' id='word_1_832' title='bbox 1997 5094 2264 5167; x_wconf 86' lang='lat' dir='ltr'><strong><em>Cognosci</em></strong></span> <span class='ocrx_word' id='word_1_833' title='bbox 2294 5102 2476 5163; x_wconf 89' lang='lat' dir='ltr'><strong><em>potest</em></strong></span> <span class='ocrx_word' id='word_1_834' title='bbox 2514 5094 2647 5149; x_wconf 86' lang='lat' dir='ltr'><strong><em>illud</em></strong></span> <span class='ocrx_word' id='word_1_835' title='bbox 2693 5110 2761 5149; x_wconf 77' lang='lat' dir='ltr'><strong><em>ex</em></strong></span> <span class='ocrx_word' id='word_1_836' title='bbox 2830 5095 2921 5148; x_wconf 86' lang='lat' dir='ltr'><strong><em>illa</em></strong></span> <span class='ocrx_word' id='word_1_837' title='bbox 2957 5110 3080 5149; x_wconf 89' lang='lat' dir='ltr'><strong><em>cum</em></strong></span> <span class='ocrx_word' id='word_1_838' title='bbox 3111 5094 3261 5151; x_wconf 68' lang='lat' dir='ltr'><strong><em>lose</em></strong></span> <span class='ocrx_word' id='word_1_839' title='bbox 3281 5094 3526 5149; x_wconf 56' lang='lat' dir='ltr'><strong><em>colloco-</em></strong></span> 
     </span>
    </p>
   </div>
   <div class='ocr_carea' id='block_1_106' title="bbox 1928 5186 3530 5257">
    <p class='ocr_par' dir='ltr' id='par_1_106' title="bbox 1928 5186 3530 5257">
     <span class='ocr_line' id='line_1_106' title="bbox 1928 5186 3530 5257; baseline -0.004 -12"><span class='ocrx_word' id='word_1_840' title='bbox 1928 5190 2096 5245; x_wconf 88' lang='lat' dir='ltr'><strong><em>tione.</em></strong></span> <span class='ocrx_word' id='word_1_841' title='bbox 2131 5188 2224 5243; x_wconf 83' lang='lat' dir='ltr'><strong><em>Ait</em></strong></span> <span class='ocrx_word' id='word_1_842' title='bbox 2267 5188 2413 5243; x_wconf 87' lang='lat' dir='ltr'><strong><em>enim</em></strong></span> <span class='ocrx_word' id='word_1_843' title='bbox 2450 5186 2736 5257; x_wconf 86' lang='lat' dir='ltr'><strong><em>Scriptura</em></strong></span> <span class='ocrx_word' id='word_1_844' title='bbox 2767 5206 2782 5243; x_wconf 87' lang='lat'>:</span> <span class='ocrx_word' id='word_1_845' title='bbox 2817 5188 2891 5242; x_wconf 83' lang='lat' dir='ltr'><strong><em>Et</em></strong></span> <span class='ocrx_word' id='word_1_846' title='bbox 2933 5188 3145 5243; x_wconf 88' lang='lat' dir='ltr'><strong><em>locutus</em></strong></span> <span class='ocrx_word' id='word_1_847' title='bbox 3172 5197 3250 5242; x_wconf 88' lang='lat' dir='ltr'><strong><em>est</em></strong></span> <span class='ocrx_word' id='word_1_848' title='bbox 3282 5186 3419 5241; x_wconf 79' lang='lat' dir='ltr'><strong><em>Deus</em></strong></span> <span class='ocrx_word' id='word_1_849' title='bbox 3450 5187 3530 5239; x_wconf 71' lang='lat' dir='ltr'><strong><em>ad</em></strong></span> 
     </span>
    </p>
   </div>
   <div class='ocr_carea' id='block_1_107' title="bbox 1927 5278 3529 5352">
    <p class='ocr_par' dir='ltr' id='par_1_107' title="bbox 1927 5278 3529 5352">
     <span class='ocr_line' id='line_1_107' title="bbox 1927 5278 3529 5352; baseline -0.001 -16"><span class='ocrx_word' id='word_1_850' title='bbox 1927 5281 2153 5347; x_wconf 61' lang='lat' dir='ltr'><strong><em>dicunt,</em></strong></span> <span class='ocrx_word' id='word_1_851' title='bbox 2186 5289 2235 5336; x_wconf 92' lang='lat' dir='ltr'><strong><em>et</em></strong></span> <span class='ocrx_word' id='word_1_852' title='bbox 2272 5282 2405 5334; x_wconf 73' lang='lat' dir='ltr'><strong><em>dixit</em></strong></span> <span class='ocrx_word' id='word_1_853' title='bbox 2442 5280 2523 5333; x_wconf 89' lang='lat' dir='ltr'><strong><em>illi</em></strong></span> <span class='ocrx_word' id='word_1_854' title='bbox 2577 5296 2596 5335; x_wconf 92' lang='lat'><strong><em>:</em></strong></span> <span class='ocrx_word' id='word_1_855' title='bbox 2638 5278 2753 5352; x_wconf 75' lang='lat' dir='ltr'><strong><em>Ego</em></strong></span> <span class='ocrx_word' id='word_1_856' title='bbox 2791 5279 3088 5348; x_wconf 82' lang='lat' dir='ltr'><strong><em>Dominus,</em></strong></span> <span class='ocrx_word' id='word_1_857' title='bbox 3120 5291 3169 5336; x_wconf 80' lang='lat' dir='ltr'><strong><em>et</em></strong></span> <span class='ocrx_word' id='word_1_858' title='bbox 3198 5282 3342 5336; x_wconf 79' lang='lat' dir='ltr'><strong><em>visus</em></strong></span> <span class='ocrx_word' id='word_1_859' title='bbox 3379 5297 3529 5347; x_wconf 72' lang='lat' dir='ltr'><strong><em>sum,</em></strong></span> 
     </span>
    </p>
   </div>
   <div class='ocr_carea' id='block_1_108' title="bbox 308 5416 1832 5534">
    <p class='ocr_par' dir='ltr' id='par_1_108' title="bbox 308 5455 1832 5534">
     <span class='ocr_line' id='line_1_108' title="bbox 308 5455 1832 5534; baseline 0.007 -24"><span class='ocrx_word' id='word_1_860' title='bbox 308 5462 367 5521; x_wconf 61' lang='grc' dir='ltr'>ἧι</span> <span class='ocrx_word' id='word_1_861' title='bbox 400 5455 500 5512; x_wconf 82' lang='lat' dir='ltr'><strong><em>Ed.</em></strong></span> <span class='ocrx_word' id='word_1_862' title='bbox 534 5457 739 5528; x_wconf 89' lang='lat' dir='ltr'><strong><em>Paris.,</em></strong></span> <span class='ocrx_word' id='word_1_863' title='bbox 770 5476 895 5534; x_wconf 86' lang='lat' dir='ltr'><strong><em>pag.</em></strong></span> <span class='ocrx_word' id='word_1_864' title='bbox 926 5462 1050 5521; x_wconf 73' lang='lat'><strong><em>1&#39;57.</em></strong></span> <span class='ocrx_word' id='word_1_865' title='bbox 1125 5464 1172 5495; x_wconf 80' lang='lat'>“</span> <span class='ocrx_word' id='word_1_866' title='bbox 1198 5464 1398 5534; x_wconf 85' lang='lat' dir='ltr'><strong><em>Ephes.</em></strong></span> <span class='ocrx_word' id='word_1_867' title='bbox 1422 5479 1507 5530; x_wconf 86' lang='lat' dir='ltr'><strong><em>tu,</em></strong></span> <span class='ocrx_word' id='word_1_868' title='bbox 1544 5464 1743 5533; x_wconf 69' lang='lat'><strong><em>18,19.</em></strong></span> <span class='ocrx_word' id='word_1_869' title='bbox 1819 5464 1832 5496; x_wconf 81' lang='lat'>&#39;</span> 
     </span>
    </p>
   </div>
   <div class='ocr_carea' id='block_1_109' title="bbox 1935 5416 3443 5534">
    <p class='ocr_par' dir='ltr' id='par_1_109' title="bbox 1935 5416 3443 5529">
     <span class='ocr_line' id='line_1_109' title="bbox 1935 5416 3443 5529; baseline -0.001 -12"><span class='ocrx_word' id='word_1_870' title='bbox 1935 5478 2036 5519; x_wconf 85' lang='lat' dir='ltr'><strong><em>.uc.</em></strong></span> <span class='ocrx_word' id='word_1_871' title='bbox 2062 5475 2183 5529; x_wconf 86' lang='lat' dir='ltr'><strong><em>vtu,</em></strong></span> <span class='ocrx_word' id='word_1_872' title='bbox 2224 5460 2311 5516; x_wconf 82' lang='lat' dir='ltr'><strong><em>lo.</em></strong></span> <span class='ocrx_word' id='word_1_873' title='bbox 2389 5460 2436 5492; x_wconf 73' lang='lat'>“</span> <span class='ocrx_word' id='word_1_874' title='bbox 2460 5459 2640 5517; x_wconf 76' lang='lat' dir='ltr'><strong><em>Exod.</em></strong></span> <span class='ocrx_word' id='word_1_875' title='bbox 2671 5478 2752 5529; x_wconf 87' lang='lat' dir='ltr'><strong><em>Ill,</em></strong></span> <span class='ocrx_word' id='word_1_876' title='bbox 2788 5462 2877 5519; x_wconf 66' lang='lat' dir='ltr'><strong><em>ll.</em></strong></span> <span class='ocrx_word' id='word_1_877' title='bbox 2955 5462 3005 5495; x_wconf 75' lang='lat'>“</span> <span class='ocrx_word' id='word_1_878' title='bbox 3032 5460 3242 5517; x_wconf 88' lang='lat' dir='ltr'><strong><em>Coloss.</em></strong></span> <span class='ocrx_word' id='word_1_879' title='bbox 3275 5476 3315 5516; x_wconf 82' lang='grc' dir='ltr'>ι.</span> <span class='ocrx_word' id='word_1_880' title='bbox 3352 5461 3443 5516; x_wconf 83' lang='lat' dir='ltr'><strong><em>l5.</em></strong></span> 
     </span>
    </p>
   </div>
   <div class='ocr_carea' id='block_1_110' title="bbox 306 5680 1584 5758">
    <p class='ocr_par' dir='ltr' id='par_1_110' title="bbox 306 5680 1584 5758">
     <span class='ocr_line' id='line_1_110' title="bbox 306 5680 1584 5758; baseline 0.005 -5"><span class='ocrx_word' id='word_1_881' title='bbox 306 5680 387 5758; x_wconf 66' lang='grc' dir='ltr'><strong><em>(ρ)</em></strong></span> <span class='ocrx_word' id='word_1_882' title='bbox 422 5681 734 5758; x_wconf 58' lang='lat' dir='ltr'><strong><em>avsum.</em></strong></span> <span class='ocrx_word' id='word_1_883' title='bbox 768 5683 928 5739; x_wconf 61' lang='lat' dir='ltr'><strong><em>Deest</em></strong></span> <span class='ocrx_word' id='word_1_884' title='bbox 960 5682 1182 5758; x_wconf 60' lang='lat' dir='ltr'><strong><em>sua-ss»</em></strong></span> <span class='ocrx_word' id='word_1_885' title='bbox 1210 5693 1307 5758; x_wconf 62' lang='grc' dir='ltr'>ειμι</span> <span class='ocrx_word' id='word_1_886' title='bbox 1334 5684 1474 5758; x_wconf 74' lang='grc' dir='ltr'><strong><em>θεῷ.</em></strong></span> <span class='ocrx_word' id='word_1_887' title='bbox 1514 5687 1584 5744; x_wconf 77' lang='lat' dir='ltr'><strong><em>M.</em></strong></span> 
     </span>
    </p>
   </div>
   <div class='ocr_carea' id='block_1_111' title="bbox 307 5750 1529 5826">
    <p class='ocr_par' dir='ltr' id='par_1_111' title="bbox 307 5750 1529 5826">
     <span class='ocr_line' id='line_1_111' title="bbox 307 5750 1529 5826; baseline 0.004 -22"><span class='ocrx_word' id='word_1_888' title='bbox 307 5750 386 5826; x_wconf 55' lang='lat' dir='ltr'><strong><em>(fl)</em></strong></span> <span class='ocrx_word' id='word_1_889' title='bbox 418 5750 595 5826; x_wconf 47' lang='lat' dir='ltr'><strong><em>fulgo</em></strong></span> <span class='ocrx_word' id='word_1_890' title='bbox 617 5750 712 5826; x_wconf 71' lang='grc' dir='ltr'><strong><em>τίς</em></strong></span> <span class='ocrx_word' id='word_1_891' title='bbox 746 5769 867 5811; x_wconf 78' lang='lat' dir='ltr'><strong><em>mox</em></strong></span> <span class='ocrx_word' id='word_1_892' title='bbox 915 5750 1075 5826; x_wconf 76' lang='lat' dir='ltr'><strong><em>vulgo</em></strong></span> <span class='ocrx_word' id='word_1_893' title='bbox 1104 5750 1529 5816; x_wconf 78' lang='grc' dir='ltr'>ἀνεπλάσσοντο,</span> 
     </span>
    </p>
   </div>
   <div class='ocr_carea' id='block_1_112' title="bbox 307 5822 696 5897">
    <p class='ocr_par' dir='ltr' id='par_1_112' title="bbox 307 5822 696 5897">
     <span class='ocr_line' id='line_1_112' title="bbox 307 5822 696 5897; baseline 0.005 -21"><span class='ocrx_word' id='word_1_894' title='bbox 307 5822 388 5894; x_wconf 85' lang='grc'><strong><em>(8)</em></strong></span> <span class='ocrx_word' id='word_1_895' title='bbox 418 5823 586 5894; x_wconf 79' lang='lat' dir='ltr'><strong><em>Vulgo</em></strong></span> <span class='ocrx_word' id='word_1_896' title='bbox 608 5824 696 5897; x_wconf 57' lang='grc' dir='ltr'><strong><em>δή.</em></strong></span> 
     </span>
    </p>
   </div>
   <div class='ocr_carea' id='block_1_113' title="bbox 2017 5681 3323 5759">
    <p class='ocr_par' dir='ltr' id='par_1_113' title="bbox 2017 5681 3323 5759">
     <span class='ocr_line' id='line_1_113' title="bbox 2017 5681 3323 5759; baseline -0.006 -15"><span class='ocrx_word' id='word_1_897' title='bbox 2017 5686 2072 5759; x_wconf 84' lang='grc'><strong><em>9)</em></strong></span> <span class='ocrx_word' id='word_1_898' title='bbox 2094 5687 2204 5759; x_wconf 76' lang='grc' dir='ltr'><strong><em>καὶ</em></strong></span> <span class='ocrx_word' id='word_1_899' title='bbox 2239 5682 2842 5759; x_wconf 18' lang='grc' dir='ltr'><strong><em>τοῦτοᾉεῖη-ᾶνᾼιεκθ</em></strong></span> <span class='ocrx_word' id='word_1_900' title='bbox 2873 5686 2970 5740; x_wconf 79' lang='grc' dir='ltr'>καὶ</span> <span class='ocrx_word' id='word_1_901' title='bbox 2999 5684 3197 5755; x_wconf 77' lang='grc' dir='ltr'>τούτῳ.</span> <span class='ocrx_word' id='word_1_902' title='bbox 3238 5681 3323 5740; x_wconf 71' lang='lat' dir='ltr'><strong><em>M.</em></strong></span> 
     </span>
    </p>
   </div>
   <div class='ocr_carea' id='block_1_114' title="bbox 1994 5688 2733 5833">
    <p class='ocr_par' dir='ltr' id='par_1_114' title="bbox 1994 5688 2733 5833">
     <span class='ocr_line' id='line_1_114' title="bbox 2017 5688 2733 5759; baseline -0.007 -15"><span class='ocrx_word' id='word_1_903' title='bbox 2017 5688 2072 5759; x_wconf 84' lang='lat'><strong><em>9)</em></strong></span> <span class='ocrx_word' id='word_1_904' title='bbox 2094 5688 2204 5744; x_wconf 80' lang='lat' dir='ltr'><strong><em>Kal</em></strong></span> <span class='ocrx_word' id='word_1_905' title='bbox 2239 5688 2415 5741; x_wconf 85' lang='grc' dir='ltr'>τοῦτο</span> <span class='ocrx_word' id='word_1_906' title='bbox 2443 5688 2536 5753; x_wconf 78' lang='grc' dir='ltr'>εἴη</span> <span class='ocrx_word' id='word_1_907' title='bbox 2577 5688 2673 5739; x_wconf 75' lang='grc' dir='ltr'><strong><em>ἄν.</em></strong></span> <span class='ocrx_word' id='word_1_908' title='bbox 2700 5688 2733 5739; x_wconf 83' lang='grc' dir='ltr'><strong><em>ι</em></strong></span> 
     </span>
     <span class='ocr_line' id='line_1_115' title="bbox 1994 5688 2733 5833; baseline -0.005 -20"><span class='ocrx_word' id='word_1_909' title='bbox 1994 5688 2112 5833; x_wconf 57' lang='grc' dir='ltr'><strong><em>ξω)</em></strong></span> <span class='ocrx_word' id='word_1_910' title='bbox 2148 5758 2317 5831; x_wconf 81' lang='lat' dir='ltr'><strong><em>Vulgo</em></strong></span> <span class='ocrx_word' id='word_1_911' title='bbox 2347 5754 2568 5831; x_wconf 79' lang='grc' dir='ltr'>[λέγων]</span> <span class='ocrx_word' id='word_1_912' title='bbox 2601 5754 2733 5827; x_wconf 82' lang='grc' dir='ltr'><strong><em>ἐγώ.</em></strong></span> 
     </span>
    </p>
   </div>
  </div>
