4032 6430
586 407 694 468 955

591 527 872 580 Abraham.
900 527 950 574 et
976 518 1154 581 Isaac,
1178 526 1225 570 et
1252 516 1381 569 Jaco

585 616 831 688 patribus
897 600 1232 681 apparuisse.
1301 605 1525 677 Quando
1589 613 1762 688 autem
1833 594 2142 688 apparuerit

585 683 868 774 Scriptura
913 703 1099 762 docet,
1132 697 1412 764 inquiens,
1449 690 1704 760 Apparuit
1736 687 1876 740 Deus
1915 683 2142 738 Abraha:

580 798 652 853 ad
681 809 932 865 quercum
961 789 1194 844 Mambre
1217 827 1232 852 ,
1260 787 1383 838 dum
1425 786 1623 837 sederet
1653 781 1720 832 ad
1755 781 1944 832 ostium
1972 778 2143 831 taber-

585 885 762 940 naculi
789 885 874 938 sui
903 883 971 935 “.
1002 881 1116 946 Qua
1148 889 1325 931 autem
1368 876 1563 942 ﬁgura,
1590 875 1691 926 nisi
1728 874 1958 926 humana
1987 885 2144 938 appa-

582 977 732 1030 ruit?
773 974 903 1040 Quis
934 983 1113 1026 autem
1154 970 1244 1024 ille
1276 978 1458 1030 esset,
1505 967 1605 1019 nisi
1640 965 1804 1019 Filius
1832 963 1963 1025 Dei,
1993 974 2048 1016 ut
2085 963 2138 1014 in

489 1130 498 1139 ,
583 1065 875 1135 Evangelio
901 1065 1018 1134 ipse
1043 1063 1202 1117 docet
1250 1060 1463 1115 Judaeos
1515 1059 1822 1124 alloquens,
1876 1056 2138 1107 Abraham

586 1158 749 1212 Pater
775 1165 939 1211 vester
968 1153 1248 1208 exsultavit
1281 1162 1336 1203 ut
1380 1149 1573 1203 videret
1613 1152 1749 1202 diem
1772 1161 1977 1200 meum:
2014 1148 2139 1199 vidit

581 1260 776 1312 autem,
815 1257 862 1304 et
888 1247 1098 1316 gavisus
1126 1255 1199 1297 est
1227 1242 1269 1273 ’⁸⁷
1304 1259 1317 1294 :
1353 1242 1596 1294 attonitis
1623 1250 1800 1292 autem
1832 1240 1896 1292 ad
1935 1253 2140 1291 sermo-

585 1355 709 1394 nem
762 1337 869 1392 illis
917 1335 1157 1403 adjecit,
1194 1332 1507 1401 Priusquam
1553 1331 1817 1383 Abraham
1858 1339 2010 1394 esset,
2052 1345 2140 1397 ego

580 1422 703 1488 ium
721 1431 790 1484 “.
840 1429 940 1485 Ubi
970 1444 1119 1482 suam
1167 1426 1525 1494 liquidissimo
1553 1423 2003 1492 praeeris-tentiam
2048 1421 2143 1474 do-

582 1533 690 1579 cet.
719 1522 858 1589 Quid
915 1521 1056 1574 enim
1091 1518 1236 1571 aliud
1287 1517 1557 1570 intimavit
1606 1514 1693 1567 illa
1723 1514 1887 1567 dictio
1913 1553 1927 1575 ,
1983 1529 2140 1582 quam

587 1615 729 1684 quod
767 1614 992 1681 ipsemet
1018 1610 1188 1665 Filius
1209 1610 1297 1663 Dei
1325 1610 1521 1670 fuerat,
1542 1613 1633 1677 qui
1652 1623 1772 1660 cum
1804 1607 1948 1661 Mose
1969 1607 2144 1674 loque-

581 1708 739 1758 batur
758 1713 813 1757 et
841 1702 1071 1764 dicebat,
1109 1697 1222 1768 Ego
1245 1715 1381 1761 sum,
1411 1698 1505 1766 qui
1534 1715 1647 1750 sum
1673 1701 1698 1751 ?
1726 1698 1856 1751 Nam
1905 1712 1964 1751 se
2017 1695 2140 1762 qui-

581 1799 701 1852 dem
728 1797 1035 1851 Abrabamo
1065 1795 1234 1848 visum
1295 1791 1542 1847 aﬂirmat.
1577 1791 1693 1845 Jam
1745 1793 1973 1862 qualiter
2021 1802 2140 1845 erat
2170 1832 2212 1886 Β

582 1890 684 1955 Qui
710 1900 806 1952 est,
835 1897 1111 1943 ostensum
1145 1895 1245 1940 est.
1275 1885 1379 1940 Sed
1408 1895 1460 1937 et
1493 1899 1718 1951 magnus
1747 1883 1834 1937 ille
1865 1882 2138 1952 apostolus

580 1980 818 2040 Paulus,
863 1980 1106 2048 agnoscit
1161 1976 1352 2030 Filium
1410 1976 1501 2029 Dei
1555 1975 1750 2028 [actum
1786 1975 2136 2029 mediatorem

579 2055 713 2142 legis
741 2087 837 2141 per
865 2071 1061 2125 Mosem
1089 2071 1244 2131 datae,
1284 2069 1334 2120 in
1368 2067 1562 2137 quibus
1599 2067 1854 2136 loquitur,
1884 2065 1993 2119 Lex
2029 2077 2140 2118 tra-

579 2164 690 2216 dila
715 2181 805 2231 per
826 2164 1034 2232 angelos
1066 2164 1121 2215 in
1173 2178 1333 2214 manu
1365 2160 1690 2214 mediatoris.
1728 2160 1851 2214 Jam
1882 2161 2140 2212 mediator

577 2255 734 2309 unius
768 2271 866 2308 non
890 2265 986 2317 est,
1016 2252 1153 2305 Deus
1178 2262 1352 2304 autem
1375 2267 1510 2304 unus
1538 2264 1610 2305 est
1639 2253 1704 2305 ⁵ο.
1743 2258 1800 2314 >14
1828 2251 1903 2306 lta
1933 2251 2137 2306 media-

577 2359 662 2403 tor
686 2358 822 2415 erat,
841 2350 930 2419 qui
962 2349 1366 2419 colloquebatur
1391 2347 1542 2411 Mosi,
1569 2348 1729 2400 etiam
1764 2356 1888 2399 ante
1921 2359 2135 2398 carnem

574 2450 929 2508 assumptam,
964 2441 1227 2493 mediator
1252 2441 1500 2492 humanae
1524 2439 1730 2492 salutis.
1784 2437 1934 2490 Hunc
1973 2437 2137 2490 fuisse

575 2548 738 2600 porro
787 2532 968 2588 Jesum
1005 2533 1277 2588 Christum
1315 2533 1504 2586 statuit
1530 2533 1820 2601 Apostolus
1848 2530 2133 2598 inquiens,

579 2619 728 2675 Unus
762 2622 940 2688 Deus,
992 2640 1124 2676 unus
1177 2624 1436 2676 mediator
1484 2623 1575 2675 Dei
1624 2633 1779 2686 atque
1827 2621 2133 2680 hominum,

575 2713 728 2766 homo
754 2713 909 2766 Jesus
942 2713 1181 2767 Christus
1211 2715 1276 2766 '°.
1311 2712 1446 2767 l-linc
1482 2714 1644 2782 igitur
1681 2710 2039 2780 personaliter
2069 2711 2135 2762 de

584 2805 881 2860 se-locutus
925 2819 1007 2861 est
1045 2809 1184 2875 apud
1222 2807 1443 2870 Mosem,
1481 2807 1592 2875 Ego
1613 2822 1728 2859 sum
1761 2807 1826 2871 ⁵¹,
1867 2807 1981 2861 sive
2033 2805 2133 2858 luit

572 2893 756 2958 Pater,
789 2897 878 2965 qui
936 2914 1031 2966 per
1067 2913 1187 2952 eum
1237 2900 1376 2952 hanc
1405 2899 1587 2952 emisit
1615 2912 1800 2950 vocem
1856 2915 1868 2950 :
1929 2899 2133 2952 utrovis

574 2986 733 3040 modo
786 3002 869 3040 res
907 2997 988 3041 est
1029 3003 1148 3040 cum
1180 2989 1407 3042 veritate
1462 2990 1770 3057 conjuncta.
1827 2986 1903 3041 Ne
1931 2988 2134 3042 haereat

574 3088 704 3142 ergo
741 3075 915 3129 adhuc
937 3074 1220 3129 Marcellus
1250 3115 1265 3139 ,
1312 3076 1665 3130 inextricabili
1695 3091 1844 3141 usus,
1875 3077 2132 3144 quemad-

573 3165 793 3218 modum
826 3165 939 3232 ipse
962 3176 1130 3230 retur,
1167 3167 1477 3236 syllogismo
1517 3168 1604 3220 ubi
1638 3167 1826 3221 scribit
1859 3166 1949 3237 [Β.
1977 3165 2130 3221 LVIII

2241 3199 2385 3251 θεύοι
2438 3199 2502 3251 ἂν
2537 3165 2776 3263 δ’λόγὸς.

575 3254 701 3309 coll.
731 3272 783 3325 p.
819 3257 922 3310 150
947 3255 1010 3326 D]
1043 3275 1054 3308 :
1090 3258 1415 3322 «Quemnam
1437 3257 1547 3323 jam
1562 3258 1837 3312 existimat
1866 3273 1984 3313 esse
2014 3275 2136 3312 eum

580 3363 602 3398 ι
640 3345 903 3408 Asterius,
933 3348 1022 3415 qui
1045 3348 1199 3410 dixit,
1229 3348 1338 3416 Ego
1368 3365 1482 3401 sum
1512 3350 1536 3400 ἶ)
1581 3349 1849 3404 Filiunme
1873 3392 1887 3415 ,
1939 3367 2004 3404 an
2036 3350 2137 3403 Pa-

579 3454 600 3488 ι
640 3439 827 3491 trem?
878 3438 1117 3491 inferens
1152 3439 1343 3491 deinde
1390 3455 1404 3491 :
1462 3441 1520 3494 Si
1561 3441 1776 3508 quidem
1822 3441 1982 3496 Pater
2019 3453 2137 3496 erat

579 3546 600 3578 ‹
639 3526 724 3592 qui
755 3528 835 3581 sic
862 3528 1156 3596 inquiebat,
1190 3531 1301 3595 Ego
1331 3546 1483 3592 sum,
1537 3541 1647 3582 tum
1700 3547 1802 3585 non
1841 3541 1924 3585 est
1970 3532 2137 3586 Filius

579 3638 597 3668 ι
647 3619 802 3681 Deus,
840 3618 981 3686 quod
1013 3633 1078 3671 ex
1108 3619 1352 3686 Opposito
1376 3657 1392 3683 ,
1421 3617 1542 3674 Non
1572 3623 1864 3674 exsistentis
1891 3661 1906 3684 ,
1967 3623 2033 3678 de
2079 3637 2136 3676 se

580 3727 598 3758 ι
641 3709 794 3774 dixit,
834 3707 943 3776 Ego
971 3725 1108 3762 sum.
1159 3708 1214 3761 Si
1265 3709 1461 3763 Filium
1495 3711 1767 3780 bypostasi
1799 3712 2134 3768 dill‘erentem

581 3820 600 3852 ι
642 3807 740 3858 hoc
765 3805 936 3871 ipsum
956 3805 1242 3872 protulisse
1271 3805 1436 3867 dicat,
1473 3803 1583 3872 Ego
1614 3821 1753 3870 sum,
1787 3806 1925 3859 idem
1949 3821 2136 3860 rursus

580 3919 598 3949 ι
642 3897 711 3952 de
771 3898 930 3956 Patre
998 3915 1289 3968 usurpasse
1367 3900 1787 3954 existimabitur.
1849 3920 1868 3951 ι
1931 3901 2133 3956 Horum

528 3984 534 3990 ’
576 3990 892 4044 utrumlibet
923 3990 1070 4043 dicat
1092 3991 1315 4060 impium
1342 3999 1427 4043 est
1463 4009 1474 4043 :
1510 4003 1560 4044 et
1599 4000 1778 4045 tamen
1810 3992 1924 4046 haec
1954 3995 2024 4047 ita
2045 3994 2136 4048 ubi

575 4089 878 4144 statuerat,
930 4081 1246 4135 alterutrum
1299 4083 1415 4150 ipse
1475 4083 1526 4136 in
1581 4083 1868 4137 absurdum
1924 4085 2133 4154 incidit,

573 4184 742 4223 unum
787 4172 912 4224 dum
936 4174 1124 4225 statuit
1156 4187 1276 4227 esse
1306 4188 1429 4226 eum
1487 4174 1590 4238 Qui
1619 4185 1720 4240 est,
1757 4175 1985 4230 alterum
2024 4192 2139 4246 per-

577 4276 798 4330 negans.
828 4263 994 4328 Quem
1038 4279 1165 4319 vero
1213 4266 1472 4318 tandem?
1527 4265 1668 4321 forte
1709 4267 1823 4337 ipse
1871 4271 2037 4322 novit.
2077 4269 2136 4324 Si

573 4351 789 4408 Patrem
838 4355 1106 4418 admittat,
1167 4357 1384 4425 negabit
1416 4355 1610 4410 Filium
1673 4375 1686 4411 :
1753 4371 1846 4413 aut
1880 4359 2014 4414 Filio
2043 4361 2138 4414 ad-

573 4445 739 4499 misso
764 4487 778 4510 ,
821 4446 1142 4500 annibilabit
1191 4447 1428 4502 Patrem.
1468 4448 1561 4503 Vel
1605 4450 1782 4518 potius
1823 4466 1999 4519 neque
2031 4450 2135 4506 Pa-

577 4549 709 4592 trem
747 4540 987 4608 posuisse
1021 4554 1194 4608 neque
1221 4538 1414 4593 Filium
1440 4541 1804 4605 convincatur,
1829 4557 1949 4595 cum
1969 4559 2134 4597 unum

573 4630 744 4684 solum
769 4631 1034 4695 admittat,
1071 4630 1300 4683 alterum
1331 4641 1598 4686 amoveat.
1645 4631 1934 4702 Utcunque
1967 4636 2132 4689 Deum

572 4723 752 4775 audiat
775 4723 1062 4784 dicentem,
1087 4721 1199 4788 Ego
1223 4720 1477 4775 Dominus
1514 4724 1651 4777 Deus
1687 4735 1828 4790 tuus,
1855 4727 1948 4794 qui
1974 4729 2132 4780 eduxi

571 4823 622 4867 te
657 4814 720 4865 tle
767 4825 907 4866 terra
937 4812 1185 4883 zEgypti,
1217 4816 1281 4868 de
1316 4815 1468 4868 domo
1510 4818 1812 4883 servitutis,
1842 4836 1944 4872 non
1981 4828 2133 4874 erunt

571 4907 663 4960 tibi
696 4908 769 4960 dii
788 4907 882 4959 alii
911 4924 1090 4962 coram
1122 4924 1201 4962 me
1222 4909 1266 4938 ⁵³
1301 4925 1312 4959 :
1341 4923 1407 4961 ne
1431 4910 1805 4977 conturbetur,
1827 4928 1923 4968 nec
1951 4922 2131 4970 mente

1253 397 1519 453 EUSEBII
1558 387 2031 449 CASSARIENSIS
2067 381 2216 438 OPP.
2259 379 2437 434 ΡΑιιε
2478 377 2569 434 1V.
2611 407 2678 418 -
2717 370 3139 432 DOGMATICA.

1388 517 1413 563 b
1438 515 1504 564 ⁸⁵.
1551 511 1705 564 Vides
1730 518 1788 561 ut
1815 522 1872 561 se
1907 503 2137 557 allirmat

2252 493 2389 562 Ἐγὼ
2417 493 2647 560 Κύριος,
2663 491 2759 544 καὶ
2782 483 3108 556 ὢφθηνῌὶ)
3131 479 3278 548 πρὸς
3293 476 3815 564 ’.ὶδραὶιμγθιαὶ-πρός

3711 363 3816 420 956

2258 583 2452 638 Ἰσαὰκ
2478 578 2743 646 καὶπρὸς
2780 574 3006 635 Ἰακὼϐ,
3028 569 3158 630 Θεὸς
3187 566 3260 620 ὢν
3282 564 3456 619 αὐτῶν
3481 563 3614 633 (12).
3658 562 3813 631 Ὁρᾷς

2243 673 2390 733 ὅπως
2419 665 2596 737 ὦφθαι
2620 666 2808 722 ἑαυτὸν
2827 667 2936 726 τοῖς
2959 660 3224 732 πατράσιν
3247 657 3372 726 ἔφη.
3397 654 3532 706 Πότε
3556 652 3610 704 δὲ
3638 650 3812 719 ὤφθη,

2244 760 2402 812 πάλιν
2424 761 2456 830 ἡ
2476 758 2664 831 Γραφὴ
2687 757 2951 826 μαρτυρεῖ
2976 752 3206 820 λέγουσα
3229 765 3241 778 ·
3275 748 3459 814 Ὠερθη
3487 743 3543 796 δὲ
3566 742 3679 810 (15)

2235 868 2368 918 ριος
2391 853 2422 903 ό
2446 825 2588 912 ὸεῦς
2732 825 2996 913 Ἀϐραὰμ,
3020 840 3168 909 πρὸς
3193 839 3268 906 τῇ
3294 836 3430 903 δρυῒ
3445 834 3518 902 τῇ
3543 825 3812 918 Μαμερῇ.

2245 916 2587 1009 Ξιαθημένου
2632 935 2822 991 αὑτοῦ
2847 935 2994 1004 πρὸς
3021 931 3094 1000 τῇ
3118 932 3285 997 θύραι
3315 925 3437 988 Πῶς
3461 925 3518 977 δὲ
3545 920 3695 990 ὤφθη
3718 916 3813 1009 ai-

2242 1031 2346 1094 λως
2432 1029 2540 1100 (14)
2576 1032 2632 1082 ὲν
2656 1031 2893 1098 σχήματι
2929 1021 3282 1096 ἀνθρωπίνῳ;
3327 1017 3446 1069 τίνα
3469 1016 3526 1068 δὲ
3547 1011 3658 1081 (15)
3707 1005 3816 1100 χρῇ

2243 1122 2514 1173 πιστεύειν
2540 1115 2676 1171 εἶναι
2702 1116 2909 1180 τοῦτον,
2937 1115 2969 1184 ἢ
2991 1114 3080 1166 τὸν
3112 1109 3238 1163 Υἰὺν
3255 1108 3346 1161 τοῦ
3373 1104 3527 1165 Θεοῦ,
3555 1101 3582 1153 6
3619 1101 3684 1167 δὴ
3717 1097 3814 1150 καὶ

2244 1212 2404 1274 αὐτὸς
2426 1215 2482 1264 ὲν
2505 1208 2854 1277 Εὑαγγελίοις
2885 1205 3120 1276 παρίστη
3153 1199 3325 1266 λέγων
3355 1196 3488 1266 πρὸς
3514 1193 3641 1252 τοὺς
3682 1190 3816 1241 Ἰου-

2241 1305 2424 1366 δαίους
2445 1321 2457 1333 ο
2499 1301 2746 1370 Ἀϐραὰμ
2781 1303 2813 1352 ό
2843 1297 3037 1364 πατὴρ
3066 1291 3229 1362 ὑμῶν
3258 1283 3690 1357 ἠγαλλιάσατο,
3716 1280 3819 1332 ἵνα

2244 1393 2340 1460 ἴδῃ
2363 1392 2478 1458 τὴν
2504 1369 2728 1460 ἡμέραν
2749 1389 2860 1457 (16)
2888 1386 3002 1453 τὴν
3029 1381 3202 1452 ἐμὴν,
3222 1380 3315 1432 καὶ
3335 1375 3455 1431 εἶδε
3482 1374 3581 1427 καὶ
3603 1369 3815 1440 ἐχάρη.

2244 1482 2368 1534 Ὅτι
2397 1482 2493 1537 καὶ
2517 1479 2913 1551 θαυμασάντων
2961 1476 3050 1528 ἐπὶ
3095 1471 3170 1542 τῷ
3196 1470 3358 1538 λόγῳ,
3394 1463 3703 1536 προσέθηκε
3737 1460 3817 1521 τὸν

2242 1570 2393 1637 Πρὶν
2440 1572 2694 1640 Ἀϐραὰμ
2726 1567 3000 1639 γενέσθαι
3218 1562 3356 1627 εἰμι,
3390 1557 3491 1625 τὴν
3525 1554 3818 1625 προΰπαρ-

2247 1661 2324 1724 ξιν
2359 1661 2556 1714 ἑαυτοῦ
2593 1658 2862 1731 παριστὰς
2893 1656 3208 1708 λευκότατα.
3261 1649 3322 1700 Τί
3354 1648 3416 1716 δὴ
3442 1641 3535 1698 οὖν
3564 1644 3820 1712 συνίστη-

2247 1772 2328 1806 σιν
2364 1755 2392 1804 6
2423 1753 2579 1819 λόγος
2604 1751 2738 1819 (17),
2773 1748 2806 1818 ἢ
2853 1747 3012 1800 αὑτὸν
3063 1739 3198 1797 εἶναι
3231 1740 3321 1791 τὸν
3359 1738 3485 1790 Υἱὸν
3525 1734 3621 1788 τοῦ
3659 1732 3821 1796 Θεοῦ,

2238 1844 2329 1894 τὸν
2362 1841 2773 1914 χρηματίσαντα
2802 1839 2879 1908 τῷ
2901 1839 3105 1898 Μωσεῖ,
3138 1833 3230 1886 καὶ
3263 1830 3537 1901 εἰρηκότα,
3573 1825 3716 1894 Ἐγτῦ
3743 1827 3826 1879 εί-

2234 1953 2301 2003 μι
2335 1938 2366 1988 ό
2397 1934 2516 1997 dir;
2547 1931 2708 1994 αὐτὸς
2738 1930 2847 2000 γὰρ
2875 1928 2952 2000 τῷ
2991 1926 3236 1997 Ἀϐραὰμ
3278 1915 3452 1987 ὦφθαι
3486 1917 3678 1971 ἑαυτὸν
3711 1915 3822 1969 toi-

2237 2026 2408 2090 δαξεν.
2468 2025 2656 2086 Ὅπως
2713 2021 2770 2073 δὲ
2822 2017 2890 2092 ἦν
2946 2019 3106 2082 αὐτὸς
3147 2022 3178 2072 ὀ
3216 2017 3300 2071 ὢν
3346 2016 3578 2086 εἴρηται.
3638 2009 3748 2061 Καὶ
3794 2009 3826 2059 ὁ

2242 2116 2414 2186 μέγας
2459 2115 2514 2168 δὲ
2570 2111 2867 2175 ἀπόστολος
2918 2110 3128 2172 Παῦλος
3149 2103 3257 2161 οἶδε
3293 2109 3382 2160 τὸν
3403 2105 3530 2158 Υἱὸν
3558 2101 3653 2155 τοῦ
3683 2098 3822 2153 Θεοῦ

2242 2208 2464 2279 μεσίτην
2491 2205 2779 2274 γενόμενον
2798 2202 2896 2272 τῆς
2920 2201 3008 2254 διὰ
3033 2199 3273 2263 Μωσέως
3295 2195 3637 2268 νομοθεσίας,
3662 2195 3719 2246 ὲν
3741 2186 3824 2254 οἷς

2237 2298 2476 2350 διδάσκει
2497 2293 2688 2361 λέγων,
2725 2292 2786 2344 Ὁ
2819 2291 3001 2360 νόμος
3029 2288 3322 2358 διαταγεὶς
3352 2287 3425 2339 δι’
3453 2285 3726 2352 ἀγγέλων
3755 2283 3827 2334 ἐν

2238 2387 2386 2458 χειρὶ
2432 2385 2680 2454 μεσίτου
2700 2400 2712 2412 ·
2741 2384 2773 2435 ὀ
2803 2381 2871 2434 δὲ
2893 2380 3145 2450 μεσίτης
3175 2378 3312 2443 ἑνὸς
3335 2379 3445 2431 οὐκ
3487 2376 3662 2429 ἐστιν
3684 2371 3820 2443 (18).

2238 2475 2443 2529 Οὐκοῦν
2473 2476 2501 2526 6
2543 2471 2890 2544 χρηματίσας
2936 2469 3013 2540 τῷ
3055 2470 3242 2522 Μωσεῖ
3287 2469 3314 2519 ὁ
3365 2463 3593 2535 μεσίτης
3626 2458 3716 2533 ἦν,
3763 2460 3824 2524 ἐξ

2237 2568 2442 2619 ἐκείνου
2466 2563 2764 2635 μεσιτεύων
2791 2565 2858 2632 τῇ
2881 2561 2987 2612 τῶν
3016 2557 3315 2630 ἀνθρώπων
3345 2547 3610 2626 σωτηρίᾳ,
3637 2553 3767 2624 πρ⁹ιν
3784 2552 3820 2623 ἢ

2235 2658 2331 2727 τὴν
2362 2657 2538 2726 σάρκα
2567 2654 2875 2708 ἀναλαϐεῖν.
2904 2651 3101 2704 Τοῦτον
3123 2650 3178 2702 δὲ
3197 2644 3336 2701 εἶναι
3363 2645 3570 2716 Ἰησοῦν
3587 2643 3824 2714 Χριστὸν

2233 2752 2260 2801 6
2290 2749 2448 2812 αὐτὸς
2489 2745 2806 2807 Ἀπόστολος
2838 2744 3147 2815 παρέστησε
3164 2741 3362 2810 φήσας,
3404 2733 3511 2802 Εἷς
3544 2735 3711 2800 Θεὸς,
3735 2729 3822 2799 εἷς

2234 2841 2330 2894 καὶ
2346 2840 2600 2910 μεσίτης
2622 2837 2768 2891 Θεοῦ
2795 2837 2890 2889 καὶ
2907 2833 3248 2900 ἀνθρώπων,
3265 2832 3574 2899 ἄνθρωπος
3589 2825 3821 2894 Ἰησοῦς

2233 2930 2502 2998 Χριστός.
2530 2928 2640 2980 Εἶτ’
2692 2922 2787 2979 οὖν
2842 2926 2899 2990 ἐξ
2947 2923 3108 2978 αὑτοῦ
3140 2920 3430 2993 προσώπου
3467 2918 3683 2984 λέγοιτο
3720 2934 3823 2970 πα-

2234 3023 2302 3091 ρὰ
2324 3022 2528 3082 Μωσεϊ,
2552 3018 2612 3070 τὸ
2652 3015 2797 3084 Ἐγώ
2832 3019 2947 3084 ειμι
2983 3018 3015 3068 ό
3051 3013 3156 3079 ὢν,
3185 3013 3283 3065 εἴθ’
3313 3013 3341 3063 ὁ
3371 3007 3558 3078 Πατὴρ
3581 3004 3672 3079 ἦν,
3702 3011 3732 3062 6
3755 3009 3819 3063 δι’

2233 3109 2395 3162 αὑτοῦ
2425 3107 2625 3178 ταύτην
2655 3107 2974 3176 προϊέμενος
3006 3105 3105 3174 τὴν
3139 3103 3342 3172 φωνὴν,
3380 3104 3658 3172 ἑκατέρως
3689 3101 3822 3171 ἁλη-

2832 3195 2924 3264 Μὴ
2965 3195 3028 3263 δὴ
3067 3189 3158 3246 οὖν
3197 3194 3469 3262 ἀπορείτω
3501 3192 3822 3269 Μάρκελλος

2241 3287 2582 3358 συλλογισμῷ
2625 3286 2926 3357 χρώμενος,
2983 3285 3058 3347 ὡς
3114 3285 3306 3348 οἴεται,
3360 3284 3611 3354 ἀφύκτῳ,
3663 3274 3821 3335 διὀὖ

2239 3397 2389 3450 φησι,
2415 3399 2431 3428 ι
2457 3379 2590 3432 Τίνα
2607 3377 2784 3429 τοίνυν
2803 3376 2893 3428 τὸν
3081 3378 3198 3443 ειμι
3225 3378 3258 3428 o'
3280 3375 3363 3427 ὢν
3381 3376 3607 3444 λέγοντα
3636 3373 3821 3426 Ἀστέ-

2243 3490 2260 3520 ι
2301 3486 2409 3539 ριος
2437 3465 2575 3520 εἶναι
2601 3469 2769 3519 οἴεται
2794 3481 2807 3529 ;
2834 3465 2923 3517 τὸν
2950 3464 3078 3516 Υίὺν
3109 3464 3140 3533 ἢ
3171 3464 3263 3517 τὸν
3293 3466 3542 3534 Πατέρα;
3570 3459 3671 3515 εἷθ’
3692 3463 3820 3532 ἑξῆς

2243 3577 2259 3608 ι
2301 3557 2567 3624 συνάγων,
2619 3555 2693 3616 ὡς
2736 3557 2784 3606 εί
2823 3554 2920 3623 μὲν
2973 3555 3000 3604 6
3039 3553 3228 3623 Πατὴρ
3267 3556 3351 3624 εἴη
3399 3556 3428 3606 6
3462 3553 3558 3617 ὢν,
3600 3554 3702 3607 οὐκ
3743 3544 3818 3605 ἐτ’

2243 3669 2259 3698 ι
2303 3648 2449 3700 ἔσται
2478 3649 2504 3698 6
2521 3646 2648 3708 Υἱὸς
2672 3645 2824 3709 Θεὸς,
2857 3647 2939 3698 ὅτι
2957 3646 3075 3699 κατ’
3093 3647 3496 3718 ἀντιδιαστολὴν
3522 3647 3616 3698 τοῦ
3638 3646 3712 3716 μὴ
3731 3647 3820 3699 6v-

2245 3759 2262 3790 (
2302 3757 2410 3801 τος,
2449 3741 2476 3790 6
2514 3737 2588 3790 ὢν
2615 3736 2804 3790 ἑαυτὸν
2847 3733 2987 3789 εἶναί
3027 3755 3209 3807 φησιν.
3243 3739 3305 3790 Εί
3343 3737 3399 3791 δὲ
3431 3739 3542 3808 (19)
3567 3738 3661 3790 τὸν
3693 3738 3821 3791 Υἰὸν

2243 3849 2260 3880 ι
2303 3829 2598 3882 ὑποστάσει
2622 3825 2950 3898 διῃρημένον
2977 3827 3133 3896 τοῦτο
3157 3829 3355 3897 φάσκοι
3381 3828 3558 3896 λέγειν
3586 3829 3648 3881 τὸ
3682 3830 3821 3899 Ἐγώ

2244 3943 2260 3970 ε
2300 3923 2414 3988 ειμι
2436 3923 2466 3972 ὀ
2491 3918 2596 3981 ὢν,
2627 3917 2819 3972 ταύτὸν
2842 3915 2997 3983 αὖθις
3019 3920 3144 3990 περὶ
3165 3919 3263 3971 τοῦ
3288 3920 3500 3989 Πατρὸς
3524 3920 3703 3987 λέγειν
3730 3939 3818 3973 νο-

2244 4031 2261 4062 c
2309 4010 2648 4082 μισθήσεται.
2686 4029 2704 4060 ι
2760 4010 3051 4081 Ἑκάτερον
3082 4012 3139 4064 δὲ
3164 4011 3365 4065 τούτων
3389 4012 3600 4074 ἀσεϐές.
3631 4013 3818 4066 Ταῦτα

2237 4103 2293 4155 δὲ
2337 4102 2506 4166 λέγων
2551 4103 2579 4153 6
2614 4101 2794 4164 αὐτὸς,
2835 4101 3077 4172 ἑκατέρῳ
3123 4103 3540 4172 περιπέπτωκεν
3589 4105 3812 4175 ἀτόπῳο

2237 4193 2334 4246 ἕνα
2362 4193 2460 4261 μὲν
2487 4191 2800 4263 ὁριζόμενος
2834 4188 2970 4245 εἶναι
2999 4192 3089 4244 τὸν
3107 4192 3257 4258 ὄντα,
3281 4193 3507 4265 θάτερον
3537 4195 3594 4247 δὲ
3621 4196 3820 4266 ἀρνού-

2243 4302 2418 4354 μενος.
2456 4284 2562 4336 Kal.
2593 4284 2712 4338 τίνα
2743 4283 2932 4337 τοῦτον
2954 4285 3115 4349 αὐτὸς
3154 4285 3220 4339 ἂν
3254 4287 3456 4357 εἰδείη;
3484 4287 3546 4338 Εί
3583 4289 3692 4359 γὰρ
3725 4291 3818 4344 τῦν

2239 4376 2455 4447 Πατέρα
2497 4375 2641 4440 δοὺς,
2676 4374 2769 4428 τὸν
2799 4375 2925 4428 Υίὸν
2954 4377 3283 4446 ἀρνήσεται·
3315 4378 3462 4448 ἢτὸν
3492 4379 3620 4433 Υίὸν
3653 4382 3815 4450 μόνον

2163 4498 2215 4556 D
2241 4466 2698 4538 παραδεξάμενος,
2723 4466 2980 4537 ἀθετήσει
3006 4467 3098 4520 τὸν
3122 4469 3361 4538 Πατέρα·
3392 4469 3589 4539 μᾶλλον
3611 4470 3669 4523 δὲ
3690 4469 3817 4525 οὔτε

2242 4557 2477 4630 Πατέρα,
2508 4557 2630 4611 οὔτε
2655 4557 2784 4612 Υίὸν
2805 4557 2960 4620 εἰδὼς
2986 4558 3390 4630 ἐλεγχθήσεται,
3423 4561 3518 4614 ἕνα
3543 4561 3703 4631 μόνον
3731 4563 3814 4616 διο

2241 4649 2381 4713 δοὺς,
2419 4651 2507 4704 τὸν
2534 4651 2591 4704 δὲ
2629 4651 2812 4721 ἕτερον
2836 4649 3076 4703 ἐκποδὼν
3111 4651 3367 4721 μεθιστὰς
3385 4669 3398 4682 °
3430 4652 3534 4706 κᾶν
3556 4654 3730 4726 ἀκούῃ
3755 4653 3813 4708 δὲ

2240 4740 2484 4809 λέγοντος
2516 4742 2608 4795 τοῦ
2641 4741 2795 4809 Θεοῦ,
2834 4741 2976 4810 Ἐγὼ
3009 4743 3222 4810 Κύριος
3242 4748 3273 4798 ό
3293 4747 3437 4811 Θεός
3473 4735 3680 4808 σου,’ό
3698 4745 3811 4816 (20)

2238 4831 2538 4900 ἐξαγαγών
2557 4849 2630 4886 σε
2649 4833 2717 4886 ἐκ
2743 4831 2857 4902 γῆς
2873 4834 3190 4902 Αἰγύπτου,
3220 4836 3289 4899 ἐξ
3309 4837 3478 4890 οἴκου
3507 4837 3808 4904 δουλείας,

2240 4925 2348 4977 οὐκ
2369 4924 2612 4978 ἔσονταί
2643 4940 2740 4979 σοι
2762 4924 2884 4980 θεοὶ
2906 4925 3091 4994 ἕτεροι
3110 4927 3277 4996 πλὴν
3296 4928 3462 4996 ἐμοῦ.
3493 4929 3664 4984 Πάλιν
3691 4932 3812 4985 κὰν-

638 5097 1052 5175 »ΒἝξιὶ-ξεηῖέη
1235 5103 1356 5156 158.
1433 5105 1477 5134 ⁴⁸
1506 5104 1670 5157 Exod.
1709 5121 1782 5170 v1,
1804 5107 1858 5168 Ξ.
1887 5109 1939 5162 5.
2016 5108 2063 5140 ⁸⁸
2095 5111 2134 5164 (ι

2264 5127 2416 5174 xvm,
2459 5113 2509 5166 1.
2586 5113 2630 5143 ‘7
2663 5111 2819 5165 Joan.
2849 5126 2967 5174 VIII,
2990 5111 3077 5166 56.
3155 5112 3201 5144 ⁸⁸
3235 5113 3361 5170 ibid.
3391 5115 3480 5171 48.
3559 5119 3603 5150 ⁵⁸
3633 5118 3805 5175 Galal.

572 5179 653 5228 Ill,
703 5169 786 5228 I9,
822 5169 915 5222 20.
1008 5171 1096 5223 σοι
1130 5165 1364 5228 Timoth.
1396 5189 1455 5235 ιι,
1484 5175 1537 5228 5.
1611 5175 1655 5205 ⁸¹
1702 5165 1870 5232 Εέοαν.
1906 5193 1987 5243 ιιι,
2013 5179 2100 5233 14.

641 5320 687 5398 (1
776 5319 943 5398 vulgo
969 5323 1153 5398 ῷφθην
1177 5327 1262 5398 τςυ
1283 5327 1430 5397 Ἀϐρ.
1450 5329 1542 5380 καὶ
1563 5329 1640 5398 τῷ
1674 5331 1765 5382 Ἰσ.

643 5381 753 5466 (12)
793 5381 938 5458 Θεὸς
969 5381 1070 5447 an}.
1111 5381 1180 5466 'In
1226 5381 1411 5466 Exodi)
1440 5381 1652 5451 :uldittir
1686 5381 1884 5466 αῦτῶν,
1918 5414 2061 5459 recte
2118 5422 2130 5457 :

574 5461 992 5540 lugendum-erant:
1015 5464 1375 5540 Ιιὶιξχθεοςῶν
1406 5466 1803 5540 αῦτῶν.’ορᾇς,
1832 5461 1956 5540 non,
1992 5485 2048 5530 ut
2079 5476 2133 5530 in

573 5531 755 5607 colig;
785 5533 907 5607 lilii,
941 5533 1033 5585 ὢν.
1067 5536 1241 5607 Atra»
1266 5538 1418 5607 ὁρᾷς.
1443 5537 1511 5589 lli.

647 5599 756 5664 (1'5)
785 5600 951 5664 Vulgo
979 5623 1064 5655 mn
1124 5605 1201 5658 δέ.

649 5669 761 5742 (ιι)
795 5671 929 5742 Ἀλλ’
960 5675 1016 5724 ἐν
1045 5675 1146 5742 διν.

651 5740 695 5812 ll
711 5736 763 5812 5)
788 5741 960 5812 λγιιίςο
987 5743 1072 5812 δὴ.

646 5809 907 5878 (“5)71‘“
963 5809 1058 5882 Ῑδιι
1092 5815 1200 5884 τὴν
1253 5818 1494 5887 ἡμέραν.
1525 5818 1638 5876 Non
1686 5825 1902 5880 memmi
1951 5824 2138 5880 Ιιιρῑεςυ

2202 5181 2246 5212 ⁸⁸
2270 5182 2441 5240 Exod.
2481 5199 2576 5247 xx,
2604 5183 2660 5247 2,
2691 5182 2760 5247 5;
2793 5180 2967 5235 Levit.
2996 5197 3104 5247 xu,
3129 5183 3219 5238 56.

2242 5338 2365 5389 alibi
2394 5337 2532 5391 hanc
2578 5336 3115 5404 interpretationem;
3153 5354 3257 5393 non
3289 5341 3518 5396 habetur
3543 5343 3685 5396 inter
3717 5361 3812 5402 Cas

2240 5422 2371 5480 quas
2403 5410 2597 5480 multas
2623 5407 2894 5480 congessit
2915 5408 3316 5464 eruditissimus
3345 5411 3703 5480 Maldonatns,
3738 5421 3801 5471 ad

2238 5477 2391 5530 Joan.
2430 5493 2549 5535 vm,
2578 5479 2660 5530 56.
2684 5475 2751 5528 Μ.

2309 5546 2810 5620 (1.7)Συνίστῃσιν
2862 5549 3146 5620 στύγος.
3191 5547 3391 5617 Nempe
3420 5553 3564 5620 quod
3600 5552 3804 5614 locutus

2239 5624 2317 5670 cst
2350 5616 2508 5672 Deus.
2547 5615 2685 5682 Ἐγώ
2719 5617 2853 5682 εἰμι.
2883 5618 2951 5669 Μ.

2313 5684 2422 5754 (18)
2457 5684 2580 5754 Mss.
2617 5687 2644 5736 6
2675 5686 2730 5737 δὲ
2750 5683 2879 5749 Θεὸς
2901 5683 2980 5750 εἷς
3006 5687 3170 5739 ἔστιν.

2315 5756 2424 5828 (ψ)
2457 5753 2622 5828 δζιιίεο
2648 5755 2743 5825 δή,
2783 5774 2900 5828 mox
2935 5759 3090 5828 vulgo
3118 5759 3434 5828 ἀρνήσηται,

2317 5824 2428 5874 (ἕω
2457 5821 2622 5886 VIIIin
2655 5821 2764 5882 oin.
2791 5827 2837 5879 ὁ.
