4032 6454
269 439 377 498 957

1205 441 1295 498 DE
1337 441 1882 501 ECCLESIASTICA
1915 440 2310 501 THEOLOGIA
2335 442 2464 501 LIB.
2507 441 2560 500 II.

3447 444 3554 502 953

267 555 454 612 ταῦθαι
481 555 559 628 μὴ
582 557 932 628 ταραττέσϐω
951 557 1049 628 τὴν
1076 556 1275 628 ψυχὴν,
1304 557 1443 612 ἀλλὰ
1462 559 1556 613 καὶ
1590 559 1699 612 τῶν
1718 557 1841 630 ’ἑξῆς

1967 559 2223 628 trepidet,
2256 559 2352 615 sed
2391 559 2644 614 attendat
2673 573 2796 628 quae
2830 567 3136 630 sequuntur
3164 561 3368 617 statim.
3414 561 3553 618 Cum

269 649 634 720 συνημμένων
663 648 936 702 ἀκουέτω⁶
963 648 1131 702 εἰπὼν
1163 650 1293 721 γὰρ,
1334 653 1455 704 Οὐκ
1484 650 1732 705 ἔσονταί
1759 667 1861 706 σοι

268 740 394 794 θεοὶ
453 739 638 808 ἕτεροι
683 739 851 806 πλὴν
883 740 1049 809 ἐμοῦ,
1107 741 1415 810 ἐπήγαγεν·
1461 744 1543 796 Οὐ
1583 741 1859 808 ποιήσεις

265 831 507 896 σεαυτῷ
519 829 915 900 (ἰηεῖδωλον,
941 831 1084 886 οὐδὲ
1104 832 1332 899 παντὸς
1347 834 1630 903 ὁμοίωμα,
1653 833 1771 888 ὅσα
1789 835 1859 888 ἐν

265 919 350 984 τῷ
375 920 606 988 οὐρανῷ
627 920 770 986 ἄνω,
790 922 1019 976 καὶὸσα
1040 924 1110 976 ἐν
1131 924 1208 992 τῇ
1224 923 1300 994 τῇ
1329 925 1506 990 κάτω,
1531 927 1628 980 καὶ
1655 926 1773 981 ὅσα
1787 928 1857 980 ὲν

263 1014 392 1079 τοῖς
418 1013 640 1068 ὕδασιν
663 1014 940 1069 ὑποκάτω
967 1014 1080 1085 τῆς
1099 1015 1232 1084 γῆς.
1273 1018 1354 1071 Οὐ
1402 1019 1856 1087 προσκυνήσεις

261 1105 494 1173 αὐτοῖς,
509 1107 743 1178 οὐδὲμὴ
755 1108 1106 1177 λατρεύσεις
1121 1106 1344 1174 αὐτοῖς,
1357 1107 1471 1178 ἐγὼ
1485 1109 1596 1178 γάρ
1612 1112 1728 1180 εἰμι
1741 1113 1857 1165 Κύ-

255 1215 394 1266 ριος
421 1198 454 1252 ὅ
480 1200 625 1263 Θεός
649 1213 788 1264 σου,
843 1202 1060 1268 Κύριος
1080 1199 1366 1268 ζηλωτής.
1405 1202 1566 1273 Ὁρᾷς
1592 1204 1740 1268 ὅπως
1773 1205 1851 1258 διο

262 1290 546 1344 εστέλλετο
562 1291 777 1363 (22),μὴ
794 1294 860 1363 τῇ
881 1291 987 1344 τῶν
1004 1293 1172 1347 ἐθνῶν
1187 1293 1435 1364 πολυθέῳ
1455 1295 1632 1369 πλάνῃ
1647 1313 1852 1352 συναπ-

262 1381 516 1451 άγεσθαι,
541 1384 701 1453 μόνον
729 1384 786 1436 δὲ
815 1384 976 1437 αὐτὸν
1001 1385 1198 1439 εἰδέναι
1224 1386 1356 1439 Θεὸν
1380 1389 1474 1441 καὶ
1502 1388 1726 1457 Κύριον.
1758 1389 1852 1452 Τίς

259 1474 317 1527 δ’·
341 1469 435 1528 οὖν
476 1467 666 1540 οὗτος;
707 1476 764 1528 '0
786 1475 911 1540 Υἱὸς
931 1476 1027 1548 τὴν
1051 1478 1236 1531 εἰκόνα
1265 1480 1357 1532 τοῦ
1394 1481 1606 1549 Πατρὸς
1626 1480 1767 1551 ἔχων
1791 1483 1850 1534 εν

260 1566 461 1637 ἑαυτῷ,
499 1566 555 1632 ἐξ
589 1565 899 1630 αὐθεντειας
939 1585 998 1620 τε
1033 1569 1200 1622 αὐτοῦ
1242 1572 1355 1632 τοῖς
1380 1571 1849 1643 -εἰδωλολατρείαν

261 1657 480 1710 νοσοῦσι
511 1656 684 1710 ταῦτα
711 1657 1145 1728 διαταττόμενος.
1190 1660 1275 1723 Ὡς
1304 1662 1410 1734 γὰρ
1444 1663 1622 1715 πάντα
1650 1663 1717 1715 δι’
1753 1664 1849 1716 αὐ-

259 1748 364 1801 τοϋ
383 1748 620 1816 ἐγένετο,
651 1749 744 1802 τοῦ
765 1749 978 1820 Πατρὸς
1002 1750 1089 1802 διὰ
1115 1751 1209 1803 τοῦ
1234 1752 1484 1824 Σωτῆρος
1504 1753 1601 1824 τὴν
1619 1754 1728 1807 τῶν
1752 1773 1847 1823 γε-

259 1839 439 1908 νητῶν
483 1839 741 1894 ἁπὰντων
789 1841 976 1894 οὐσίαν
1015 1841 1126 1914 (25)
1171 1843 1641 1914 ὑποστησαμένου,
1673 1845 1847 1909 οὕτως

1963 651 2111 706 enim
2149 651 2407 715 dixerat,
2467 649 2596 706 Non
2641 660 2793 705 erunt
2843 652 2939 705 tibi
2981 652 3059 705 dii
3086 652 3181 706 alii
3223 664 3418 722 praeter
3447 672 3552 720 me,

1962 741 2270 807 subintulit,
2309 741 2436 796 Non
2467 743 2628 810 [acies
2660 743 2755 796 tibi
2786 741 2988 795 idolum
3014 783 3029 808 ,
3058 759 3222 813 neque
3253 761 3456 799 omnem
3480 753 3553 800 si-

1963 835 2319 888 militudinem
2350 850 2529 888 eorum
2559 850 2676 904 qua:
2705 842 2833 888 sunt
2862 835 2916 888 in
2943 834 3072 889 caelo
3115 852 3346 902 sursum,
3380 847 3472 890 aut
3496 838 3554 891 in

1960 939 2102 982 terra
2135 928 2405 994 deorsum,
2441 937 2533 981 aut
2557 945 2674 998 qua:
2710 929 2909 982 suntin
2944 929 3096 992 aquis
3125 929 3303 984 subter
3318 941 3550 994 terram;

1959 1035 2064 1072 non
2096 1019 2343 1072 adorabis
2374 1018 2493 1084 illa,
2533 1035 2638 1072 non
2665 1019 2916 1074 inservies
2950 1019 3080 1083 illis,
3116 1019 3229 1090 Ego
3262 1021 3405 1074 enim
3430 1037 3550 1074 sum

1957 1111 2221 1164 Dominus
2261 1109 2404 1164 Deus
2450 1121 2604 1177 tuus,
2639 1111 2779 1165 Deus
2812 1112 3005 1166 zelotes
3033 1113 3101 1168 ⁵⁸.
3136 1111 3298 1169 Vides
3321 1122 3379 1167 ut
3407 1128 3547 1184 prae—

1955 1198 2164 1269 ceperit
2191 1199 2242 1253 id
2269 1200 2465 1266 solum,
2498 1216 2568 1254 ne
2595 1201 2663 1255 ab
2690 1216 2879 1256 errore
2912 1202 3202 1272 gentilitio,
3226 1204 3293 1259 de
3316 1204 3545 1259 deorum

1957 1292 2326 1358 multitudine,
2386 1293 2790 1348 abducerentur
2818 1333 2833 1360 ,
2868 1294 2969 1348 sed
3003 1294 3177 1349 solum
3231 1296 3408 1365 ipsum
3441 1296 3546 1350 Do-

1955 1384 2161 1438 minum
2199 1394 2361 1452 atque
2397 1385 2561 1438 Deum
2622 1394 3003 1454 agnoscerent.
3059 1385 3191 1453 Quis
3239 1395 3359 1440 erat
3392 1387 3495 1442 iste
3522 1387 3558 1439 Τ

1954 1491 2149 1545 nempe
2177 1477 2347 1532 Filius
2385 1476 2558 1530 Patris
2612 1476 2903 1546 imaginem
2953 1478 3007 1531 in
3054 1492 3112 1532 se
3160 1478 3367 1535 habens
3401 1499 3413 1532 ι
3451 1480 3544 1548 qui

1953 1582 2052 1636 pro
2104 1581 2200 1621 sua
2255 1583 2415 1637 quam
2475 1568 2663 1623 habuit
2711 1569 3040 1625 auctoritate
3091 1571 3395 1627 idololatris
3437 1572 3550 1628 ista-

1953 1656 2006 1710 in
2062 1659 2333 1713 mandatis
2384 1658 2554 1713 dedit.
2614 1658 2748 1712 Nam
2819 1669 2878 1713 ut
2930 1660 3115 1714 omnia
3165 1660 3327 1714 Pater
3377 1660 3544 1718 fecis-

1952 1763 2012 1803 se
2069 1749 2268 1804 dicitur
2331 1764 2427 1818 per
2496 1748 2892 1815 Servatorem,
2951 1750 3045 1818 qui
3111 1752 3352 1821 suscepit
3408 1765 3541 1806 om-

1952 1842 2098 1894 nium
2157 1840 2514 1894 substantiam
2577 1856 2698 1909 quae
2765 1843 3151 1908 getierautur;
3217 1843 3288 1894 ita
3350 1852 3406 1895 et
3475 1847 3536 1905 ὦ

259 1929 424 1992 αὐτὸς
449 1925 516 2000 ἦν
545 1931 572 1983 ὁ
606 1930 794 2002 Πατὴρ
823 1931 921 2001 τὴν
951 1909 1031 1994 εἰς
1051 1909 1212 1985 αὑτὸν
1244 1909 1445 2003 γνῶσίν
1458 1909 1532 1989 ⁷τε
1564 1939 1657 1990 καὶ
1685 1938 1841 1991 εὐσέ-

1948 1932 2063 2001 ipse
2103 1931 2264 1985 Pater
2293 1929 2394 1985 fuit
2443 1933 2532 2000 qui
2582 1945 2679 2002 per
2739 1931 2936 1986 Filium
2979 1932 3333 1987 mediatorem
3363 1974 3379 1998 ,
3414 1933 3531 2002 pie-

258 2018 414 2071 6ειαν
448 2019 538 2072 διὰ
585 2019 804 2089 μεσίτου
852 2020 946 2072 τοῦ
984 2022 1112 2075 Υεοῦ
1147 2025 1472 2094 παραδιδοὺς
1513 2025 1840 2097 ἀνθρώποις.

260 2109 444 2164 Τοῦτο
475 2111 534 2164 δὲ
563 2113 659 2165 καὶ¹
686 2114 714 2165 ὁ
759 2114 1082 2178 Ἀπόστολος
1116 2117 1300 2179 αὐτοῖς
1331 2117 1539 2187 ῥήμασι
1577 2117 1845 2182 Γαλάταις

257 2200 486 2273 γράφων
511 2203 777 2266 ἐδίδασκε,
801 2203 866 2257 δι’
893 2199 969 2259 ὧν
996 2205 1099 2276 ἔφη
1118 2223 1131 2236 ·
1169 2207 1222 2259 Ὀ
1249 2209 1432 2276 νόμος
1450 2209 1747 2278 διαταγεὶς
1767 2210 1842 2264 δι’

255 2294 531 2365 ἀγγέλων
558 2295 628 2348 ἐν
664 2295 817 2363 χειρὶ
836 2299 1090 2365 μεσίτου
1109 2315 1127 2331 κ
1148 2302 1180 2352 ό
1203 2298 1273 2352 δὲ
1288 2301 1539 2368 μεσίτης
1569 2302 1707 2366 ἑνὸς
1729 2304 1842 2356 οὐκ

256 2384 432 2440 ἔστιν
449 2402 474 2419 ι
492 2387 532 2439 δ’
552 2385 621 2438 δὲ
643 2385 793 2451 Θεὸς·
813 2382 902 2453 εἷς
929 2389 1106 2442 ἐστιν
1125 2390 1259 2461 (24).
1288 2392 1410 2445 Κᾶν
1434 2391 1567 2465 λέγῃ
1587 2410 1600 2422 ·
1633 2393 1839 2459 Ἴδετε,

256 2477 349 2532 ὅτι
384 2477 498 2547 ἐγώ
528 2480 664 2548 ειμι,
701 2481 799 2534 καὶ
831 2484 942 2535 οὐκ
963 2481 1095 2535 ἐστι
1125 2483 1270 2548 Θεὸς
1317 2484 1486 2552 πλὴν
1533 2486 1702 2554 ἐμοῦ,
1738 2487 1843 2540 πά-

232 2567 341 2622 .λιν
371 2569 399 2621 ὁ
434 2568 622 2640 Πατὴρ
650 2564 738 2639 ἦν,
770 2570 844 2634 ὡς
873 2570 969 2623 διὰ
990 2573 1196 2635 εἰκόνος
1222 2575 1316 2626 καὶ
1349 2576 1590 2644 μεσίτου,
1625 2577 1715 2630 διὰ
1744 2578 1839 2632 τοῦ

256 2659 391 2714 Υῑοῦ
409 2659 566 2714 τοῦτο
583 2660 806 2729 φάσκων
829 2678 842 2692 ·
859 2663 917 2716 οὐ
931 2663 1038 2734 γὰρ
1048 2663 1111 2735 δὴ
1127 2663 1373 2732 λέγοντος
1391 2667 1489 2736 μὲν
1504 2666 1724 2722 Ἡσαΐου
1746 2670 1839 2723 τοῦ

256 2753 560 2822 προφήτου,
600 2753 774 2820 Υἱοὺς
818 2755 1126 2824 ἐγέννησα
1144 2758 1242 2811 καὶ
1273 2759 1510 2827 ὕψωσα,
1538 2763 1631 2814 καὶ
1657 2763 1836 2827 πάλιν,

269 2842 507 2912 Ἰσραὴλ
523 2844 590 2898 δέ
613 2862 691 2914 με
716 2848 827 2900 οὐκ
860 2850 1032 2917 ἔγνω,
1060 2850 1156 2903 καὶ
1196 2852 1229 2903 ὁ
1263 2853 1414 2917 λαός
1438 2872 1514 2922 με
1546 2858 1616 2909 οὺ
1646 2855 1840 2925 συν-ἦ-

256 2951 348 3001 κε,
388 2937 484 2989 καὶ
514 2931 687 3003 αὖθις,
748 2938 886 3008 Ἐγὼ
915 2937 1064 2995 πᾶσι
1104 2943 1226 3010 τοῖς
1266 2945 1508 3014 ἄστροις
1542 2949 1839 3003 ἐνετειλά-

250 3041 397 3095 μην,
426 3027 537 3092 καὶ,
562 3026 640 3095 Τῇ
687 3030 839 3098 χειρί
879 3048 1000 3099 μου
1031 3031 1369 3101 ἐστερέωσα
1411 3037 1519 3090 τὸν
1551 3039 1836 3106 οὐρανὸν,

254 3116 351 3168 καὶ
381 3116 480 3170 ὅσα
517 3117 650 3172 ἄλλα
676 3121 919 3188 τοιαῦτα,
955 3123 1015 3174 οὐ
1053 3124 1143 3178 τὸν
1190 3127 1417 3180 Ἡσαΐαν
1456 3129 1627 3184 ταῦτα
1659 3131 1838 3200 λέγειν

1949 2033 2108 2078 tatem
2138 2034 2192 2077 et
2217 2024 2298 2077 sui
2336 2023 2701 2093 cognitionem
2737 2023 3053 2077 hominibus
3079 2022 3531 2076 communicavit.

1947 2113 2058 2169 Hoc
2091 2115 2311 2168 t0tidem
2346 2115 2543 2176 verbis,
2587 2115 2655 2168 ad
2687 2113 2915 2169 Galatas
2961 2114 3210 2169 scribens
3239 2113 3532 2183 Apostolus

1945 2207 2194 2268 docebat,
2227 2203 2337 2258 Lex
2369 2206 2617 2260 ordinata
2670 2223 2764 2275 per
2805 2205 3015 2276 angelos
3057 2206 3110 2259 in
3143 2221 3304 2258 manu
3333 2207 3539 2260 media-

1945 2296 2097 2348 toris.
2142 2294 2410 2358 Mediator
2445 2305 2621 2348 autem
2661 2296 2820 2348 unius
2858 2311 2961 2347 non
2996 2304 3073 2349 est
3115 2308 3134 2346 :
3185 2293 3327 2349 Deus
3363 2304 3539 2347 autem

1945 2403 2078 2440 unus
2126 2397 2200 2440 est
2245 2387 2312 2440 δ’.
2375 2386 2442 2440 Ει
2481 2387 2608 2441 alibi
2635 2387 2730 2451 ait,
2810 2385 2985 2439 Videte
3053 2385 3192 2456 quod
3256 2401 3348 2454 ego
3395 2400 3537 2450 sum,

1943 2489 1990 2533 et
2023 2489 2213 2547 prwter
2251 2496 2332 2532 me
2372 2495 2476 2532 non
2507 2490 2582 2532 est
2623 2479 2761 2531 alius
2805 2478 2946 2531 Deus
2974 2478 3042 2530 ⁵⁵.
3089 2477 3247 2531 Pater
3291 2477 3378 2530 hic
3416 2486 3538 2531 erat

1944 2572 2034 2642 qui
2072 2588 2165 2639 per
2206 2571 2426 2634 Filium,
2459 2580 2716 2640 tauquam
2748 2570 3043 2640 imaginem
3077 2580 3133 2624 et
3169 2569 3532 2623 mediatorem

1945 2666 2050 2718 ista
2085 2663 2264 2717 dixit:
2305 2679 2412 2717 non
2451 2663 2596 2716 enim
2643 2677 2763 2715 cum
2801 2660 2993 2714 Isaiam
3021 2659 3272 2713 audimus
3304 2658 3537 2728 prophe-

1945 2765 2050 2810 tam
2081 2756 2373 2817 dicentem,
2401 2752 2573 2807 Filios
2603 2754 2756 2822 genui
2790 2761 2840 2805 et
2871 2751 3097 2806 exaltari
3118 2750 3201 2816 '°;
3233 2757 3287 2804 et
3311 2751 3538 2814 iterum,

1943 2846 2115 2900 lsra'el
2157 2857 2332 2899 autent
2363 2862 2442 2899 me
2474 2861 2575 2897 non
2610 2843 2872 2912 cognovit,
2901 2855 2948 2896 et
2981 2842 3204 2910 popqus
3238 2856 3384 2894 meus
3429 2856 3536 2893 non

1943 2937 2195 2991 intellexit
2220 2938 2304 3004 ‘7;
2338 2945 2393 2991 et
2441 2951 2649 3000 rursus,
2697 2935 2952 2990 Omnibus
2997 2934 3262 2987 sideribus
3299 2949 3392 3002 ego
3436 2932 3539 2986 im-

1942 3033 2161 3100 peravi;
2195 3040 2269 3095 ct,
2294 3046 2456 3083 manu
2483 3045 2596 3081 mea
2627 3029 2833 3096 ﬁrmavi
2868 3027 3055 3080 caelum
3077 3026 3146 3091 ⁸⁸,
3178 3037 3231 3082 et
3257 3035 3380 3095 'qua:
3409 3036 3537 3080 sunt

1941 3121 2306 3187 similia;non
2343 3120 2562 3174 ablsaia
2593 3121 2718 3185 ista,
2751 3120 2992 3186 inquam,
3027 3118 3241 3186 prolata
3261 3120 3532 3184 dicemus,

256 3209 523 3278 φήσομεν,
556 3210 622 3262 δι’
644 3212 808 3264 αὐτοῦ
848 3214 905 3267 δὲ
950 3215 1040 3267 τὸν
1085 3218 1142 3269 ὲν
1187 3217 1335 3289 αὐτῷ
1372 3219 1637 3276 λαλοῦντα
1675 3223 1836 3278 Θεὸνο

1948 3217 2037 3269 sed
2064 3230 2093 3268 a
2129 3215 2236 3269 Deo
2266 3230 2318 3268 in
2351 3215 2466 3282 ipso
2510 3213 2786 3281 loquente.
2819 3213 3085 3278 Quocirca
3117 3213 3297 3268 eritne
3342 3214 3534 3269 incon-

252 3298 377 3369 οὐχὶ
405 3299 462 3352 δὲ
490 3301 584 3353 καὶ¹
613 3303 706 3354 ὲπὶ
738 3303 829 3355 τοῦ
873 3305 1193 3373 μονογενοῦς
1214 3307 1346 3362 Υἱοῦ
1378 3309 1471 3363 τοῦ
1510 3311 1646 3364 Θεοῦ
1666 3353 1678 3376 ,
1705 3314 1839 3385 πρέ-

251 3405 347 3464 ποι
375 3389 442 3443 ἂν
470 3391 560 3442 τὸν
598 3391 814 3462 Πατέρα
833 3394 900 3446 δι’
929 3395 1092 3448 αὑτοῦ
1119 3397 1315 3468 χρῆναι
1347 3399 1521 3454 ταῦτα
1548 3402 1840 3475 διαμαρτύ-

256 3478 453 3549 ρασθαι
485 3483 596 3543 τοῖς
622 3481 728 3533 τῶν
766 3481 984 3536 τοιῶνδε
1016 3485 1491 3556 παραγγελμάτων
1530 3490 1835 3559 δεομένοις;

251 3566 636 3638 εἰδωλολάτραι
664 3570 708 3622 δ’
735 3565 875 3641 ἦσαν
896 3565 1060 3637 οὗτοι,
1095 3574 1169 3638 ὡς
1196 3576 1228 3645 ὴ
1260 3577 1396 3647 αὐτὴ
1426 3577 1667 3632 διδάσκει
1698 3581 1838 3652 Γρα-

252 3658 331 3729 φὴ
363 3658 613 3727 λέγουσα’
649 3662 758 3714 Καὶ
793 3658 914 3716 εἶπε
956 3664 1181 3736 Κύριος
1237 3686 1256 3718 ι
1287 3667 1397 3721 Ποῦ
1433 3670 1574 3722 εἰσιν
1628 3673 1677 3724 οἱ
1726 3671 1839 3726 Θεοὶ

255 3769 278 3801 s
323 3751 536 3818 αὑτῶν;
593 3755 677 3822 ἐφ’
723 3749 806 3817 οἷς
850 3755 1232 3811 ὲπεποίθεισαν
1285 3761 1370 3811 ἐπ’
1415 3762 1618 3825 αὐτοῖς,
1671 3755 1745 3816 ὦν
1778 3765 1840 3817 τὸ

256 3861 276 3892 ι
322 3841 489 3914 στέαρ
512 3843 619 3896 τῶν
655 3846 856 3901 Θυσιῶν
887 3848 1063 3900 αὐτῶν
1105 3849 1341 3918 ἠσθίετε,
1369 3853 1462 3904 καὶ
1495 3854 1709 3907 ἑπίνετε
1744 3856 1838 3910 τὸν

255 3952 274 3984 ι
320 3928 462 3986 οἶνον
514 3934 622 3988 τῶν
681 3937 921 3990 σπονδῶν
974 3941 1172 3995 αὐτῶν.
1247 3944 1682 4014 Ἀναστήτωσαν,
1743 3947 1840 4002 καὶ

257 4043 277 4076 s
332 4024 756 4096 βοηθησάτωσαν
801 4029 949 4098 ὑμῖν,
992 4032 1086 4083 καὶ
1120 4032 1506 4104 γενηθήτωσαν
1531 4035 1682 4105 ὑμῶν
1710 4053 1838 4091 σκε-

255 4133 277 4167 s
323 4117 546 4171 πασταί.
605 4138 623 4171 s
682 4121 904 4186 Τούτοις
960 4123 1069 4195 γὰρ
1130 4127 1398 4196 συνῆπται
1453 4127 1547 4194 τὸ,
1579 4146 1598 4178 ‹
1646 4131 1836 4194 Ἴδετε,

257 4225 276 4258 ι
319 4207 456 4260 ἴδετε
516 4210 600 4263 ὅτι
655 4212 766 4282 ἐγώ
827 4215 965 4286 εἰμι,
1035 4216 1129 4270 καὶ
1201 4218 1302 4270 οὐκ
1359 4217 1474 4272 ἐστι
1524 4219 1656 4285 Θεὸς
1701 4221 1839 4294 πλὴν

257 4317 277 4349 ι
323 4299 481 4370 ἐμοῦ.
532 4319 560 4354 s

885 4400 1041 4454 ΚΕΦ.
1073 4404 1202 4458 KB'.

251 4487 386 4541 Ὀτι
411 4489 509 4542 καὶ
541 4489 611 4544 ἐν
639 4489 761 4556 τοῖς
787 4493 1243 4635 πιέἓςέἒῆἑὲιὲἓῖξὲὰ
1272 4497 1376 4552 τοῦ
1409 4499 1546 4552 Υιοῦ
1576 4505 1608 4555 ὁ
1634 4500 1840 4571 Πατὴρ

319 4648 441 4702 Κᾶν
460 4651 718 4722 μυριάκις
733 4652 910 4706 τοίνυν
933 4653 1021 4707 διὰ
1039 4655 1133 4707 τοῦ
1157 4660 1435 4729 προφήτου
1461 4658 1597 4728 βοῶν
1629 4663 1833 4733 φάσκῃ,

251 4739 430 4809 Πλὴν
456 4742 602 4811 ἐμοῦ
632 4746 742 4798 οὐκ
767 4746 897 4800 ἐστι
921 4747 1086 4813 Θεὸς,
1116 4749 1209 4802 καὶ
1237 4751 1404 4818 πλὴν
1419 4753 1564 4821 ἐμοῦ
1583 4757 1692 4808 οὐκ
1709 4756 1842 4810 ἐστι

249 4832 485 4899 δίκαιος
500 4833 598 4886 καὶ
618 4837 844 4905 Σωτὴρ,
891 4841 983 4892 καὶ
1007 4841 1153 4893 Θεὸν
1185 4842 1351 4909 πλὴν
1365 4845 1509 4914 ἐμοῦ
1526 4850 1597 4900 οὐ
1615 4849 1838 4918 γνώσῃ,

252 4925 349 4976 καὶ
368 4925 571 4985 σώζων
601 4929 710 4981 οὐκ
745 4931 877 4983 ἔστι
904 4933 1095 5000 παρὲξ
1129 4934 1242 5006 (25)
1265 4937 1431 5005 ἐμοῦ,
1458 4941 1550 4992 καὶ
1583 4942 1683 4994 ὅσα
1707 4942 1841 4996 ἄλλα

248 5016 462 5079 τούτοις
504 5018 706 5087 ἀδελφὰ
746 5023 802 5075 ἐν
849 5027 958 5087 τοῖς
992 5024 1196 5090 λοιποῖς
1241 5029 1461 5098 φέρεται
1503 5034 1834 5102 προφήταις,

253 5109 402 5176 Θεὸς
419 5106 515 5180 ἦν,
540 5113 634 5165 καὶ
655 5113 724 5176 ἐξ
743 5114 979 5169 ἐκείνου
1013 5118 1081 5171 ἐν
1108 5120 1337 5186 Χριστῷ
1364 5123 1595 5190 κόσμον
1612 5130 1836 5179 καταλ-

251 5200 510 5257 λάσσων
529 5205 742 5272 ἐαυτῷ,
766 5210 860 5260 καὶ
883 5209 1043 5274 αὐτὸς
1063 5207 1130 5281 ἦν
1163 5212 1191 5263 ὁ
1222 5214 1412 5285 Πατὴρ
1434 5216 1606 5270 ταῦτα
1624 5217 1713 5270 διὰ
1735 5218 1829 5270 τοῦ

255 5296 576 5365 μονογενοῦς
610 5298 764 5364 Tini,
819 5295 905 5353 οἷα
938 5303 1004 5354 δι’
1031 5304 1332 5374 ἑρμηνέως,
1369 5306 1670 5376 ἀνθρώποις
1698 5311 1829 5362 ὑπο-

1943 3322 2137 3375 gruum
2179 3306 2408 3366 dixisse,
2442 3305 2658 3358 Patrem
2705 3318 2802 3371 per
2841 3302 3035 3356 Filium
3086 3319 3245 3358 suum
3283 3305 3534 3374 unigeni-

1943 3409 2052 3453 tum
2082 3399 2198 3454 bzec
2233 3398 2598 3468 praelocutum‘
2621 3395 2896 3450 affirmare
2953 3395 3092 3465 apud
3151 3410 3247 3450 eos
3284 3397 3375 3463 qui
3414 3397 3536 3452 istis

1940 3492 2251 3561 indigebant
2285 3491 2552 3544 mandatis
2597 3499 2652 3544 et
2703 3489 3203 3544 admonitionibus?
3234 3488 3403 3543 Erant
3435 3504 3534 3543 au-

1939 3591 2045 3636 tem
2097 3582 2240 3650 quod
2282 3589 2510 3635 testatur
2562 3579 2867 3647 Scriptura,
2905 3581 2958 3633 hi
3007 3579 3332 3634 idololatrze.
3386 3579 3535 3634 Dixit

1939 3673 2082 3727 enim
2102 3672 2360 3726 Dominus
2393 3690 2408 3726 :
2450 3669 2549 3724 Ubi
2575 3680 2699 3724 sunt
2728 3671 2806 3723 dii
2833 3670 3046 3724 illorum
3073 3673 3097 3726 ?
3123 3673 3178 3724 in
3195 3673 3382 3742 quibus
3409 3688 3509 3725 con

1937 3763 2168 3831 ﬁdebant
2197 3802 2213 3828 ,
2257 3779 2480 3833 quarunt
2539 3764 2602 3816 de
2665 3762 2942 3829 sacriﬁciis
2977 3764 3181 3831 adipem
3212 3764 3533 3830 comedistis,

1937 3867 1983 3910 et
2024 3855 2226 3908 bibistis
2265 3856 2440 3908 vinum
2474 3856 2537 3906 de
2567 3855 2733 3922 epulis
2797 3872 2975 3907 eorum
3006 3871 3021 3907 :
3056 3864 3275 3923 surgant
3301 3865 3347 3908 et
3375 3855 3534 3923 adju-

1940 3958 2055 4004 vent
2088 3967 2195 4012 vos,
2249 3960 2296 4002 et
2329 3949 2459 4016 ﬁant
2497 3949 2878 4002 abmnbracula
2933 3950 3073 4001 vobis
3103 3951 3166 4002 59.
3203 3946 3356 4004 Nunc
3382 3948 3533 4004 hisce

1940 4041 2122 4096 verbis
2155 4042 2374 4094 adunita
2432 4053 2594 4104 sunt,
2639 4040 2846 4106 Videte,
2895 4029 3058 4095 videte
3091 4040 3228 4110 quod
3249 4057 3341 4110 ego
3378 4056 3528 4108 sum,

1939 4143 1985 4187 et
2023 4149 2126 4187 non
2158 4143 2234 4187 est
2271 4132 2408 4186 alius
2438 4144 2627 4202 prazter
2663 4148 2742 4185 me
2766 4133 2832 4187 5°.

2540 4404 2693 4460 CAP.
2739 4402 2907 4458 XXII.

1944 4497 2095 4561 Quod
2125 4495 2281 4550 etiam
2314 4497 2367 4550 in
2395 4493 2666 4618 praphetils'
2701 4497 2861 4548 Pater
2887 4511 2978 4564 per
2994 4491 3194 4547 Filium
3224 4491 3363 4546 Deus
3391 4507 3531 4561 prte-

2653 4579 2842 4618 icatur.

2653 4579 2842 4619 tcalur.

2014 4659 2162 4714 Licet
2193 4675 2321 4728 ergo
2363 4657 2557 4713 millies
2595 4674 2691 4727 per
2721 4659 3039 4727 prophetam
3073 4659 3297 4718 clamet,
3333 4653 3536 4707 Prwter

1943 4770 2022 4806 me
2062 4768 2166 4806 non
2209 4763 2283 4806 est
2323 4752 2495 4815 Deus,
2543 4760 2597 4806 et
2646 4763 2838 4819 pra'ter
2881 4767 2959 4802 me
3003 4766 3105 4802 non
3154 4759 3226 4802 est
3257 4748 3436 4816 justus
3483 4755 3531 4799 et

1945 4846 2211 4913 Servator,
2237 4857 2310 4911 et,
2340 4846 2506 4899 Deum
2537 4863 2638 4897 non
2669 4860 2945 4912 cognosces
2975 4851 3166 4910 praeter
3193 4859 3294 4906 me,
3324 4850 3376 4894 et
3408 4838 3533 4892 Non

1944 4949 2019 4992 est
2051 4940 2142 5004 qui
2187 4947 2574 5008 servetyrwter
2607 4953 2706 5002 me,
2734 4947 2786 4990 et
2817 4953 2934 5003 quae
2973 4936 3055 4989 his
3096 4934 3418 5004 congcmiua
3456 4931 3530 4986 Ie—

1947 5043 2137 5086 ruutur
2167 5035 2217 5086 in
2253 5031 2534 5101 prOphetis
2564 5031 2795 5094 caeteris,
2827 5029 2965 5082 Deus
3007 5037 3117 5081 erat
3146 5038 3192 5079 et
3233 5027 3285 5078 in
3318 5024 3529 5078 Christo

1944 5126 2196 5177 mundum
2237 5125 2335 5178 sibi
2366 5125 2710 5176 reconcilians
2739 5125 2801 5180 δι.
2831 5133 2883 5175 et
2917 5123 3029 5188 ipse
3072 5131 3192 5173 erat
3216 5118 3386 5171 Pater
3429 5117 3529 5169 ista

1942 5233 2037 5285 per
2093 5216 2286 5270 Filium
2357 5218 2731 5288 unigenitum,
2789 5216 2951 5267 veluti
3021 5229 3116 5282 per
3177 5213 3526 5274 interpretem

1940 5312 2229 5378 quemdam
2294 5310 2600 5366 hominibus
2641 5310 3025 5364 submsinuaus
3073 5326 3085 5360 :
3125 5305 3217 5359 sed
3266 5315 3320 5355 et
3361 5299 3532 5353 Filius

329 5458 389 5534 ᾗ(
425 5452 521 5534 Ed:
547 5454 752 5534 Purisg
785 5459 1034 5534 pagLDD.
1111 5461 1342 5516 “Exod.
1375 5480 1465 5524 xx,
1490 5465 1542 5526 4,
1578 5466 1647 5529 5;
1680 5465 1841 5520 Lavit.

1948 5470 2151 5531 vt,-I,‘.l.
2205 5471 2249 5500 δι
2289 5469 2466 5523 Galat.
2496 5470 2674 5532 tlt,19,
2705 5470 2795 5522 20.
2871 5471 2915 5500 ⁸⁵
2938 5470 3088 5522 Deut.
3117 5485 3190 5534 γι,
3222 5467 3271 5521 4.
3338 5466 3382 5497 ⁸⁸
3426 5467 3526 5523 I52.

253 5537 292 5590 ι,
332 5525 386 5577 2.
462 5524 507 5554 ετ
545 5526 677 5580 una.
710 5524 794 5580 5.’
860 5529 904 5558 δε
963 5532 1062 5584 ιω.
1105 5535 1312 5599 “,15.
1406 5535 1449 5566 δθ
1493 5524 1600 5589 Jer.
1631 5524 1692 5604 in,
1720 5539 1810 5592 as.

318 5699 433 5772 (2i)
470 5696 640 5772 Yulgo
670 5703 868 5772 ἐαυτῷ.

320 5770 436 5832 (2'2)
471 5770 637 5838 Vulgo
661 5770 976 5827 διετέλλετο.

325 5841 1016 5919 (25)ι’ἥπιιστςησιιιιέ-γιυ
1077 5847 1214 5912 Quid
1251 5852 1360 5902 vult
1394 5852 1574 5905 nescio
1636 5870 1646 5903 :
1703 5856 1825 5914 ιιὶδί,

252 5913 339 5981 qui
391 5913 798 5970 subsistentiam
838 5919 1005 5978 dedit.
1044 5929 1091 5973 et
1129 5936 1247 5978 esse
1294 5939 1669 5979 UIIIVL'l‘bUI'UIII
1699 5930 1822 5980 sub-

1907 5540 1950 5568 ⁶⁰
1998 5541 2148 5594 Deut.
2182 5557 2351 5605 xxxii,
2401 5542 2490 5594 39.

2581 5542 2620 5571 θί
2666 5540 2704 5593 II
2746 5541 2869 5595 Cor.
2902 5556 2954 5605 ν,
2997 5541 3079 5593 19.

1939 5715 2173 5774 stantire,
2203 5714 2300 5767 hoc
2323 5725 2427 5776 est,
2463 5715 2514 5766 in
2548 5731 2668 5768 esse
2696 5717 2970 5778 produxit.
3006 5714 3072 5765 Μ.

2011 5787 2124 5853 (21)
2162 5784 2333 5852 Vulgo
2367 5787 2515 5836 ἐστιν
2553 5781 2650 5849 εἷς.
2691 5788 2798 5838 Καὶ
2825 5786 2993 5852 λέγει,
3036 5784 3171 5834 ἴδετε
3199 5784 3300 5835 ὅτι.

2011 5855 2121 5923 (“1.75)
2154 5854 2322 5921 Vulgo
2357 5857 2593 5919 ἐκείνου,
2633 5869 2686 5908 et
2729 5874 2869 5922 iuex,
2926 5857 3124 5925 κόσμον
3155 5857 3308 5925 \ulgo
3339 5868 3522 5908 errore

1940 5945 2070 5992 mnf,
2108 5928 2225 5981 dein
2257 5928 2412 5996 vulgo
2447 5933 2555 5991 τῖῖς
2596 5928 2784 5996 τὲαγγ.
