4032 6446
1220 366 1495 425 EUSEBII
1533 365 2011 425 CESARIENSIS
2049 364 2201 425 OPP.
2244 362 2427 423 PARS
2468 363 2559 423 IV.
2594 363 3092 423 —DOGIIATICA.

3698 366 3803 423 960

554 506 766 565 quoque
794 492 847 547 in
885 444 1197 561 Evangelio,
1228 489 1340 560 ipse
1378 506 1543 545 unum
1585 490 1757 546 solum
1793 490 1961 549 Deum
1993 490 2101 545 i'nti-

2220 487 2611 560 φθεγγόμενος.
2655 485 2714 541 ’0
2740 484 2799 538 δέ
2828 482 2923 538 καὶ
2946 483 3109 546 αὐτὸς
3132 482 3162 536 δ
3184 480 3315 545 Υἰὸς
3358 481 3416 535 ἐν
3448 478 3801 548 Εὐαγγιλιοις

552 597 703 639 mare
762 581 975 638 videtur
1028 581 1319 653 inquiens:
1366 584 1498 639 Haec
1550 591 1627 636 est
1685 592 1858 636 autem
1910 587 1969 646 >14
2020 582 2122 637 vita

552 684 771 741 eterna,
797 684 855 730 ut
882 683 1197 746 cognoscant
1219 686 1268 730 te
1298 692 1458 730 unum
1485 676 1651 732 solum
1678 674 1860 738 Deum,
1888 685 1938 730 et
1972 691 2121 745 quem

547 766 741 822 nisiin
768 766 949 822 locum
972 764 1235 820 Christum
1257 765 1323 820 “.
1364 767 1455 822 llle
1482 776 1599 821 erat
1619 781 1747 835 ergo
1767 780 1929 821 verus
1958 764 2117 821 Deus:

549 857 644 929 qui
676 872 815 914 unus
852 856 997 913 solus
1031 863 1134 923 est,
1170 865 1226 912 et
1257 872 1364 912 non
1400 868 1484 912 est
1520 857 1658 912 alius
1688 867 1885 927 praeter
1923 858 2117 928 ipsum.

550 948 652 1015 Qui
693 963 798 1004 non
836 948 1011 1003 solum
1064 963 1162 1017 per
1203 948 1511 1017 prophetas,
1558 951 1652 1004 sed
1692 959 1747 1004 et
1793 964 1889 1019 per
1925 949 2118 1004 Filium

550 1053 705 1094 suum
753 1038 853 1093 ista
911 1038 1140 1107 tempori
1193 1038 1600 1102 convenientia,
1642 1037 1972 1095 idololatrieo
2023 1040 2119 1094 Ju-

550 1130 789 1186 daaorum
837 1130 1034 1200 populo
1067 1130 1429 1200 praecipiebat.
1481 1129 1743 1197 Quocirca
1784 1128 1967 1197 Isaias,
2026 1141 2119 1186 aut

551 1221 692 1276 Deus
726 1214 905 1289 potius
956 1236 1052 1291 per
1093 1221 1281 1277 lsaiam
1322 1222 1400 1275 ait
1438 1240 1455 1277 :
1499 1222 1703 1276 Prozter
1747 1240 1827 1277 me
1888 1240 1993 1278 non
2042 1234 2116 1278 est

547 1310 689 1365 Dona
718 1326 737 1364 :
768 1308 899 1377 Quia
941 1321 995 1365 ut
1031 1327 1143 1381 ego,
1178 1319 1287 1368 etc.
1324 1311 1428 1365 Vos
1459 1312 1581 1366 estis
1626 1320 1779 1366 testes
1808 1312 1855 1367 si
1899 1316 2015 1383 quis
2047 1315 2112 1368 sit

548 1401 690 1455 Deus
742 1412 934 1469 praeter
982 1418 1063 1454 me
1096 1400 1161 1455 “.
1214 1400 1562 1456 Subinutlit:
1610 1400 1762 1467 Quod
1808 1418 1911 1456 non
1960 1411 2111 1457 erant

545 1503 671 1545 tunc
712 1494 805 1563 qui
851 1492 1111 1563 ﬁngebant
1156 1502 1207 1547 et
1255 1492 1593 1560 sculpebont,
1638 1509 1815 1547 omnes
1859 1494 1980 1549 vani
2027 1494 2111 1563 fa-

546 1582 737 1638 cientes
783 1600 900 1653 qua
943 1584 1217 1651 placebant
1266 1583 1374 1638 illis
1413 1584 1478 1637 “.
1534 1583 1745 1654 Ubique
1788 1591 1967 1641 autem
2017 1601 2115 1656 per

545 1671 689 1727 illius
744 1673 1079 1743 prophetiam
1141 1674 1265 1729 licet
1315 1675 1743 1740 animadvertas,
1789 1677 2112 1734 inenimatas

544 1764 664 1820 illas
707 1773 913 1821 statuas
950 1764 1246 1836 ﬂagellatas
1281 1786 1294 1822 :
1331 1778 1387 1824 et
1418 1768 1664 1823 similiter
1697 1770 1837 1840 apud
1874 1771 2112 1842 singulos

2224 580 2530 653 παρεδίδου,
2561 578 2658 633 ἕνα
2695 576 2854 649 μόνον
2885 572 3084 628 εἰδέναι
3123 571 3389 628 διδάσκων
3434 570 3589 638 Θεὸν,
3626 572 3687 625 ἐν
3720 567 3804 638 οἷς

2219 673 2423 743 ἔλεγεν,
2437 673 2600 743 Αὕτη
2618 672 2686 726 δέ
2697 670 2871 725 ἐστιν
2885 669 2923 738 ἠ
2940 665 3174 733 αἰώνιος
3192 663 3325 735 ζωὴ,
3344 665 3445 719 Ira
3457 661 3804 734 γινώσκωσι

2219 786 2293 825 σε
2322 769 2430 823 τὸν
2450 768 2641 838 μόνον
2680 763 2974 833 ἀληθινὸν
3008 759 3177 825 Θεὸν,
3205 759 3303 815 καὶ
3333 757 3407 814 δν
3432 756 3801 824 ἀπέστειλας

2232 858 2467 928 Ἰησοῦν
2496 858 2781 926 Χριστόν.
2816 848 2983 917 Οὗτος
3013 846 3107 907 οὖν
3153 851 3185 905 δ
3220 848 3471 920 ἀληθινὸς
3494 843 3565 919 ἦν
3593 847 3747 914 Θεὸς,
3772 846 3806 901 δ

2217 945 2299 1014 εἷς
2332 949 2510 1020 μόνος,
2548 949 2643 1001 καὶ
2672 946 2858 1019 Ξτερος
2898 944 2998 998 οὐκ
3033 942 3147 996 ἐστι
3176 939 3314 1011 πλὴν
3344 937 3533 1003 αὐτοῦ,
3579 936 3693 1009 (26)
3724 936 3799 1009 μή

2220 1041 2378 1113 μόνον
2393 1040 2481 1095 διά
2496 1038 2603 1093 τῶν
2620 1038 2935 1111 προφητῶν,
2956 1034 3092 1090 ἀλλά
3105 1033 3193 1087 διά
3207 1030 3301 1087 τοῦ
3323 1030 3454 1085 ἰδίου
3472 1028 3605 1083 Υἰοῦ
3628 1027 3800 1081 ταῦτα

2216 1134 2338 1187 κατ’
2389 1134 2564 1187 ἐκεῖνο
2617 1129 2810 1202 καιροῦ
2850 1124 3353 1198 εἰδωλολατρεύοντι
3398 1122 3477 1194 τῷ
3532 1121 3800 1175 Ἰουδαίων

2215 1224 2633 1295 ἐγκελευόμενος
2663 1222 2826 1276 ἔθνει.
2850 1219 3057 1274 Αὐτίκα
3072 1218 3117 1271 δ’
3141 1213 3233 1271 οὖν
3253 1216 3282 1270 ὁ
3312 1216 3559 1280 Ἡσαΐας,
3596 1212 3797 1285 μᾶλλον

2213 1317 2271 1370 δὲ
2301 1319 2329 1370 ὀ
2361 1316 2493 1379 Θεὸς
2539 1316 2605 1368 δι’
2632 1312 2819 1375 αὑτοῦ,
2862 1310 3032 1365 εἰπών
3055 1328 3068 1341 ·
3105 1308 3281 1376 Πλὴν
3322 1306 3470 1377 ἐμοῦ
3509 1309 3622 1360 οὐκ
3665 1304 3797 1360 ἐστι

2217 1409 2380 1473 Θεός.
2398 1407 2499 1473 Τίς
2509 1405 2711 1474 ὥσπερ
2730 1404 2865 1473 ἐγώ;
2890 1405 2981 1457 καὶ¹
3005 1402 3149 1473 ἑξῆς·
3173 1400 3480 1470 Μάρτυρες
3494 1399 3605 1470 (27)
3627 1398 3801 1469 ὑμεῖς

2211 1499 2371 1563 ἐστε,
2406 1501 2457 1553 εἰ
2502 1499 2635 1553 ἐστι
2686 1496 2829 1561 Θεὸς
2866 1494 3035 1563 πλὴν
3069 1494 3237 1565 ἐμοῦ,
3278 1493 3525 1564 ἐπήγαγε
3562 1492 3645 1544 τό⁸
3686 1490 3793 1544 Καὶ

2211 1593 2323 1645 οὐκ
2349 1586 2512 1661 ἦσαν
2556 1589 2689 1643 τότε
2729 1591 2782 1641 οἰ
2814 1586 3199 1652 πλάσσοντες
3230 1583 3329 1638 καὶ
3371 1584 3427 1637 οἰ
3458 1583 3792 1653 ramparts;-

2211 1679 2433 1747 πάντες
2458 1679 2715 1750 μάταιοι,
2752 1676 3068 1743 ποιοῦντες
3091 1676 3166 1730 τὰ
3195 1674 3530 1744 καταθύμια
3570 1672 3795 1730 αὐτῶν.

2212 1770 2322 1822 Καὶ
2351 1769 2417 1821 δι’
2447 1769 2575 1840 ὅλης
2606 1769 2661 1822 δέ
2694 1768 2791 1841 ⁸τῆς
2822 1765 2986 1822 αὑτοῦ
3021 1764 3355 1839 προφητείας
3382 1764 3563 1835 εὕροις
3603 1764 3670 1819 ἂν
3701 1781 3794 1817 κο-

542 1856 925 1925 ριιορδειπυηι
984 1874 1149 1913 unum
1190 1860 1354 1915 Deum
1393 1862 1631 1917 invenies
1666 1862 2015 1929 celebratum,
2053 1876 2101 1919 ul

2213 1859 2453 1930 πτόμενα
2484 1858 2551 1912 τὰ
2577 1857 2759 1929 ἀψυχα
2804 1856 2987 1923 ξόανα,
3018 1857 3112 1910 καὶ
3151 1854 3281 1927 παρ’
3313 1854 3529 1924 ἐκάστῳ
3556 1852 3615 1906 δὲ
3659 1870 3795 1924 προ-

543 1956 857 2001 avertantur
886 1949 1130 2004 homines
1156 1966 1185 2004 a
1216 1950 1436 2007 deorum
1468 1950 1826 2008 multitudine.
1856 1951 1934 2007 Ad
1964 1968 2113 2008 eum-

542 2034 664 2091 dem
700 2038 911 2094 modum
947 2055 1043 2095 nos
1076 2040 1129 2095 in
1168 2056 1455 2111 congressu
1489 2056 1809 2113 quocunque
1845 2060 1965 2099 cum
2012 2060 2110 2115 pa-

542 2128 697 2198 ganis
729 2128 961 2186 solemus
998 2132 1301 2188 doctrinam
1327 2134 1392 2188 de
1420 2133 1637 2190 Christo
1679 2136 1731 2192 in
1765 2147 1973 2207 tempus
2011 2154 2109 2209 op-

538 2228 827 2287 portunum
858 2236 1146 2291 reponere,
1180 2234 1235 2281 et
1261 2227 1312 2279 in
1348 2229 1595 2296 presenti
1638 2231 1841 2285 erroris
1883 2230 2110 2285 idolola-

539 2310 663 2365 trici
719 2313 1150 2383 redargutionem
1210 2329 1544 2387 proponere,
1594 2326 1651 2374 et
1704 2320 1794 2375 Dei
1849 2322 2108 2379 unitatem

538 2399 979 2460 demonstrativis
1044 2406 1344 2463 rationibus
1406 2409 1667 2466 stabilire.
1746 2412 1927 2469 Discat
1987 2416 2108 2470 ideo

538 2489 841 2559 Marcellus,
884 2496 929 2552 si
963 2507 1137 2554 tamen
1170 2500 1261 2565 qui
1305 2501 1699 2558 obveteraverit
1744 2520 1866 2560 cum
1898 2507 2112 2576 episco-

533 2594 666 2654 patu
720 2587 773 2641 in
813 2587 1051 2644 Ecclesia
1108 2591 1307 2647 Christi
1352 2594 1587 2647 nondum
1638 2594 1915 2663 didicerit,
1962 2600 2104 2666 quod

535 2675 777 2745 mysterii
830 2676 972 2734 illius
1008 2680 1305 2735 absconditi
1346 2683 1735 2754 intelligentia,
1782 2696 1991 2742 vetusto
2025 2687 2101 2742 illi

532 2763 730 2833 populo
775 2779 881 2821 non
941 2770 1437 2826 communicabatur
1491 2774 1557 2829 de
1605 2774 1744 2829 Filio
1790 2775 1919 2841 Deo,
1967 2792 2099 2847 pro-

531 2861 714 2921 pterea
756 2857 897 2924 quod
947 2859 1014 2912 ab
1056 2860 1357 2916 idololatria
1397 2862 1737 2933 impendebat
1787 2868 1852 2923 iis
1884 2868 2100 2936 pericu-

531 2944 641 2999 lum
666 2985 681 3010 ,
704 2955 759 3003 et
784 2949 923 3019 quod
954 2949 1205 3007 Ecclesia:
1236 2956 1601 3011 tantummodo
1630 2959 1943 3029 mysterium
1972 2961 2101 3017 illud

530 3050 560 3089 a
594 3036 808 3103 mulo,
848 3048 902 3093 et
947 3044 1379 3110 generationibus
1429 3046 1799 3102 absconditum
1849 3066 2098 3106 reserva-

530 3125 691 3181 batur
717 3128 1061 3195 aperiendum
1092 3130 1159 3185 ab
1211 3130 1378 3200 ipsius
1410 3136 1601 3203 gratia.
1630 3134 1687 3188 In
1714 3152 1819 3204 quo
1844 3140 2099 3209 mysterio

531 3214 601 3269 de
636 3228 817 3271 sancta
852 3217 1115 3275 Trinitate
1144 3222 1303 3288 ratio,
1344 3224 1410 3277 de
1454 3222 1632 3290 Patre,
1667 3226 1825 3291 Filio,
1871 3238 1927 3282 et
1975 3228 2096 3297 Spi-

529 3304 639 3359 ritu
664 3316 873 3373 sancto,
904 3309 1155 3364 nimirum
1186 3314 1763 3383 comprehendebatur.
1792 3318 1952 3388 Atqui
1987 3329 2093 3374 tam

530 3394 701 3450 multa
746 3397 963 3469 collegit
1012 3402 1064 3455 in
1113 3419 1312 3468 unum.
1358 3415 1489 3475 quot
1541 3408 1624 3463 vel
1673 3409 1738 3463 de
1790 3410 2092 3466 ludaeorum

528 3498 691 3555 gente
751 3489 1066 3547 circumcisa
1117 3494 1375 3564 magister
1428 3496 1481 3551 in
1532 3495 1757 3552 Judaica
1812 3498 2093 3572 Synagoga

524 3578 999 3637 concionabun'dus
1035 3597 1428 3655 coacervasset,
1471 3597 1526 3643 et
1568 3589 1829 3659 gloriatur
1870 3607 1929 3647 se
1978 3594 2092 3649 haec

527 3667 730 3724 Christi
782 3671 1059 3742 discipulis
1111 3676 1405 3745 exhibere,
1485 3681 1611 3736 dum
1665 3682 1877 3753 ignorat
1948 3687 2091 3756 quod

526 3757 697 3813 multa
735 3761 908 3817 adhuc
944 3763 1093 3833 plura
1123 3764 1339 3823 Iudaeus
1380 3771 1672 3827 secundum
1706 3788 1923 3828 carnem
1959 3790 2089 3845 pro-

530 3848 758 3905 tulisset.
800 3852 999 3910 Horum
1049 3859 1221 3929 gratia
1262 3860 1349 3916 hic
1397 3862 1659 3919 insultat:
1694 3880 1799 3921 non
1829 3882 2091 3924 verecun-

525 3939 684 3995 datur
734 3955 913 4000 autem
940 3950 1081 4016 quod
1116 3950 1463 4022 theologicam
1500 3956 1836 4014 verissimam
1865 3959 1932 4015 de
1962 3960 2091 4017 Ser-

522 4040 921 4092 Vatore-nostro
950 4042 1211 4096 rationem
1242 4045 1521 4112 pervertit.

1064 4138 1122 4195 PB
1154 4132 1305 4188 CAP.
1352 4132 1537 4191 XXIII.

716 4218 871 4285 Quod
905 4220 1145 4277 Ecclesia
1173 4240 1275 4279 non
1308 4228 1560 4295 practical
1588 4231 1712 4285 deos
1742 4232 1896 4287 datos.

612 4309 836 4378 nprimis
880 4328 986 4368 non
1044 4313 1299 4387 intelligit.
1345 4317 1548 4373 dictum
1602 4322 1765 4377 divini
1810 4323 2083 4393 Apostoli,

517 4396 611 4465 qui
652 4397 1007 4457 diversimode
1048 4402 1203 4460 docet
1250 4420 1375 4462 esse
1412 4408 1559 4483 illum
1614 4410 1708 4467 Dei
1758 4412 2084 4484 imaginem,

2213 1952 2356 2023 φήτῃ
2402 1949 2603 2022 ὁμοίως
2646 1950 2728 2014 εἰς
2767 1950 3085 2022 ἀποτροπήν
3126 1949 3225 2019 τῆς
3270 1945 3530 2001 πολυθέου
3582 1945 3792 2018 πλάνης

2209 2042 2299 2094 τὸν
2328 2042 2423 2095 ἕνα
2454 2042 2583 2097 Θεὸν
2607 2042 3011 2113 κηρυττόμενον
3036 2040 3308 2112 εὑρήσεις.
3338 2037 3494 2092 Οὕτω
3514 2038 3609 2092 καλ⁵
3631 2039 3792 2110 ἡμεῖς

2210 2136 2480 2207 εἰώθαμεν
2517 2136 2783 2209 Ἐλλήνων
2811 2139 2923 2200 τοῖς
2969 2134 3373 2205 δεισιδαίμοσιν,
3406 2134 3463 2186 ἐν
3505 2136 3619 2197 τοῖς
3654 2132 3791 2207 πρὸς

2209 2230 2404 2293 αὐτοὺς
2424 2229 2707 2298 διαλόγοις,
2742 2228 2841 2299 τήν
2864 2227 2963 2299 μὲν
2988 2227 3115 2298 περὶ
3144 2225 3236 2279 τοῦ
3263 2225 3505 2296 Χριστοῦ
3534 2224 3789 2277 διδασκα-

2212 2321 2351 2385 λίαν,
2376 2323 2455 2384 εἰς
2493 2320 2750 2393 εὔκαιρον
2789 2318 3167 2391 ταμιεύεσθαι,
3202 2318 3338 2381 τέως
3374 2318 3432 2370 δὲ
3474 2318 3659 2381 αὐτοῖς
3687 2316 3787 2386 τῆς

2206 2409 2587 2481 εἰδωλολάτρου
2636 2410 2844 2481 πλάνης
2887 2408 3143 2477 ἐλέγχους
3190 2408 3521 2479 προσφέρειν
3559 2404 3657 2459 καὶ
3697 2405 3791 2459 τὸν

2205 2501 2298 2553 ἕνα
2344 2496 2481 2553 εἶναι
2522 2499 2657 2553 Θεὸν
2691 2499 3089 2560 ἀποδεικτικοῖς
3124 2496 3556 2560 κατασκευάζειν
3584 2495 3783 2563 λόγοις.

2204 2592 2534 2647 Μανθανέτω
2573 2591 2752 2645 τοίνυν
2800 2588 3139 2662 Μάρκελλος,
3189 2590 3239 2643 εἰ
3286 2588 3678 2661 καταγηράσας
3726 2590 3785 2641 ἐν

2203 2683 2473 2753 ἐπισκοπῇ
2512 2682 2611 2753 τῆς
2663 2680 2902 2754 Χριστοῦ
2961 2679 3305 2751 Ἐκκλησίας,
3351 2678 3506 2733 οὔπω
3558 2678 3654 2732 καὶ
3688 2677 3784 2731 νῦν

2204 2771 2544 2843 μεμάθηκεν,
2571 2772 2653 2824 ὅτι
2682 2770 2760 2839 τῷ
2788 2769 3003 2841 παλαιῷ
3030 2771 3142 2841 λαῷ
3171 2772 3205 2842 ἡ
3233 2770 3328 2824 τοῦ
3354 2769 3783 2842 ἀποκεκρυμμέ-

2201 2874 2292 2911 νου
2324 2858 2624 2931 μυστηρίου
2652 2862 2778 2931 περί
2804 2861 2899 2913 τοῦ
2930 2858 3060 2912 Υἱοῦ
3090 2859 3183 2913 τοῦ
3204 2859 3339 2913 Θεοῦ
3361 2860 3562 2929 γνῶσις
3588 2858 3784 2912 κατάλ-

2199 2947 2357 3019 ληλος
2388 2950 2634 3021 οὐδαμῶς
2668 2946 2755 3023 ἦν,
2796 2950 3099 3023 ὀλισθηρῶς
3130 2950 3306 3023 ἔχοντι
3333 2952 3468 3025 πρὸς
3495 2951 3779 3006 εἰδωλολα-

2200 3042 2406 3113 τρείαν.
2434 3043 2528 3095 καὶ
2547 3041 2623 3105 ὡς
2645 3043 2784 3116 μόνῃ
2804 3046 2869 3115 τῇ
2889 3043 3053 3097 αὑτοῦ
3087 3045 3384 3117 Ἐκκλησία
3402 3032 3464 3098 «ab
3482 3045 3783 3117 μυστήριον

2201 3133 2261 3185 τὸ
2290 3134 2776 3205 ἀποκεκρυμμένον
2822 3135 2931 3189 ἀπὸ
2963 3136 3070 3190 τῶν
3108 3135 3341 3201 αἰώνων,
3378 3136 3474 3191 καὶ
3520 3136 3633 3191 ἀπὸ
3668 3137 3782 3191 τῶν

2201 3224 2421 3293 γενεῶν,
2446 3223 2533 3277 διὰ
2558 3227 2657 3295 τῆς
2690 3225 2854 3279 αὐτοῦ
2878 3226 3097 3299 χάριτος
3123 3227 3460 3299 ἐταμιεύετο.
3480 3227 3570 3281 Ἐν
3601 3221 3647 3296 ᾧ
3677 3246 3781 3297 μυ-

2204 3315 2406 3386 στηρίῳ
2443 3318 2472 3369 6
2500 3317 2627 3387 περὶ
2660 3317 2759 3388 τῆς
2786 3317 2943 3387 ἁγίας
2972 3319 3200 3392 Τριάδος
3230 3320 3441 3393 Πατρὸς
3482 3321 3577 3374 καὶ
3618 3320 3778 3386 Υῖοῦ,

2200 3406 2293 3459 καὶ
2316 3408 2467 3475 ἁγίου
2496 3409 2807 3481 Πνεύματος
2837 3412 3141 3482 περιείχετο
3163 3412 3338 3480 λόγος.
3374 3412 3431 3465 '0
3459 3412 3517 3465 δέ
3538 3411 3780 3467 τοσαῦτα

2201 3497 2540 3566 συναγαγὼν,
2594 3500 2694 3553 ὅσα
2739 3500 2806 3552 ἂν
2854 3501 2997 3554 είποι
3049 3502 3144 3555 καὶ
3206 3502 3477 3557 Ἰουδαίων
3517 3503 3775 3558 διδάσκα⁹

2198 3584 2287 3651 λος
2304 3591 2432 3659 περὶ
2464 3590 2562 3659 τῆς
2601 3591 2835 3661 ἐκτομῆς
2873 3592 2986 3662 (28)
3017 3592 3219 3663 ὁμιλῶν
3246 3594 3306 3646 ἐν
3357 3593 3625 3648 Ἰουδαίων
3652 3612 3778 3649 συν-

2198 3682 2411 3749 αγωγῇ,
2466 3679 2787 3751 σεμνύνεται
2828 3684 2941 3746 τοῖς
2990 3683 3227 3753 Χριστοῦ
3280 3683 3549 3755 μαθηταῖς
3598 3685 3779 3741 ταῦτα

2197 3770 2647 3842 προϐαλλόμενος
2694 3774 2797 3828 οὐκ
2832 3773 2987 3839 εἰδὼς
3003 3778 3085 3831 ὅτι
3119 3777 3340 3833 πλείονα
3355 3777 3520 3831 αὑτοῦ
3537 3780 3681 3833 εῖποι
3705 3779 3776 3835 ἂν

2194 3865 2225 3917 ό
2258 3866 2564 3936 σωματικὸς
2603 3867 3015 3933 Ἰουδαῖος.Ἐπὶ
3046 3870 3257 3935 τούτοις
3291 3871 3391 3942 μὲν
3440 3867 3535 3926 οὖν
3590 3874 3771 3944 αὐχεῖ,

2196 3957 2309 4029 (29)
2343 3958 2438 4023 τὰς
2466 3959 2511 4013 δ’
2549 3959 2767 4032 ἀληθεῖς
2812 3965 2940 4034 περί
2976 3962 3070 4017 τοῦ
3116 3964 3367 4035 Σωτῆρος
3401 3965 3556 4036 ήμῶν
3591 3965 3772 4020 θεολο-

2194 4054 2320 4122 γίας
2345 4055 2682 4127 διαστρέφων
2712 4057 2813 4111 οὐκ
2845 4058 3260 4125 ἐγκαλύπτεται.

2823 4146 2981 4201 ΚΕΦ.
3014 4149 3140 4204 KI".

2300 4236 2422 4292 Ὅτι
2444 4237 2530 4308 μὴ
2559 4238 2670 4294 δύο
2701 4240 2881 4308 θεοὺς
2908 4243 2947 4309 ἡ
2994 4242 3333 4310 Ἐκκλησία
3363 4243 3660 4312 κηρύττει.

2264 4326 2469 4381 Αὐτίκα
2484 4328 2528 4381 δ’
2556 4324 2649 4382 οὖν
2669 4329 2730 4382 οὺ
2753 4328 2965 4403 συνίησι
2993 4330 3095 4393 τὰς
3116 4331 3298 4401 φωνὰς
3321 4330 3415 4385 τοῦ
3433 4331 3578 4385 θείου
3615 4332 3771 4387 Ἀπο-

2194 4419 2399 4484 στόλου,
2430 4419 2702 4493 διαφόρως
2731 4420 3059 4490 διδάξαντος,
3097 4424 3261 4477 αὐτὸν
3292 4419 3432 4478 εἶναι
3462 4424 3647 4479 εἰκόνα
3673 4425 3767 4480 τοῦ

521 4490 697 4545 verbis
729 4507 759 4546 a
789 4509 873 4585 me
914 4498 1200 4566 propositis
1227 4516 1243 4554 :
1272 4501 1414 4556 unde
1443 4518 1540 4573 par
1572 4503 1675 4561 luit
1713 4515 1771 4562 ut
1816 4508 2086 4581 intellige—

2203 4510 2348 4577 Θεοῦ,
2384 4512 2450 4566 δι’
2482 4506 2558 4567 ὧν
2596 4490 2862 4585 ἐξεθέμην
2894 4514 3061 4569 αὑτοῦ
3094 4515 3294 4580 λέξεων
3315 4532 3328 4545 ·
3360 4513 3480 4572 δέον
3516 4516 3769 4571 ἐντεῦθεν

517 4587 622 4647 ret,
670 4583 812 4649 quod
856 4585 1092 4643 Ecclesia
1139 4590 1234 4646 Dei
1280 4607 1385 4647 non
1435 4597 1691 4665 praedicat
1740 4597 1875 4656 duos
1927 4600 2081 4658 deos.

516 4668 649 4724 Nam
698 4688 796 4729 nec
826 4676 959 4731 duos
993 4680 1256 4749 ingenitus
1283 4686 1455 4740 credit
1484 4696 1575 4742 aut
1622 4689 2080 4761 imprincipiatos,

516 4770 576 4814 ut
608 4777 713 4817 non
742 4766 906 4821 semel
940 4770 1194 4837 diximus,
1226 4775 1319 4830 sed
1352 4792 1452 4833 nec
1483 4778 1618 4836 duas
1648 4784 1984 4841 substantias
2012 4801 2079 4842 ex

513 4850 739 4909 adverso
775 4855 1111 4915 introductae
1155 4862 1359 4918 honore
1398 4880 1554 4935 pares
1596 4872 1791 4926 asserit
1833 4889 1848 4926 :
1897 4873 2080 4943 itaque

510 4959 687 5013 neque
715 4946 847 5003 duos
874 4948 1023 5017 deos,
1073 4954 1166 5007 sed
1196 4956 1417 5011 unicum
1458 4959 1779 5031 principium
1813 4972 1868 5017 et
1906 4963 2073 5017 Deum

511 5036 767 5099 praedicat
806 5054 926 5094 esse
960 5041 1170 5099 Patrem
1216 5047 1424 5103 scilicet
1467 5050 1723 5120 unigeniti
1781 5064 1836 5109 et
1891 5054 2076 5113 dilecti

508 5123 664 5190 Filii,
693 5142 854 5183 unam
891 5146 1103 5203 quoque
1142 5136 1430 5207 imaginem
1473 5140 1759 5200 invisibilis
1790 5143 1908 5212 Dei,
1956 5163 2077 5217 quae

570 5315 629 5374 »Β
667 5312 763 5368 Ed.
792 5313 991 5383 Paris.,
1026 5332 1150 5391 pag.
1186 5322 1310 5390 NO,
1350 5324 1471 5379 Ml.
1585 5329 1630 5363 "
1669 5330 1830 5392 Joan.
1862 5350 2006 5404 xvtt,
2048 5338 2105 5397 3.

578 5492 689 5561 (26)
721 5496 889 5581 Ῡιιιεο
920 5499 1083 5610 εἰμή.

578 5563 684 5610 (27ὶ
722 5568 889 5610 \nlnn
914 5587 979 5610 νη
1036 5588 1083 5610 m

722 5563 889 5652 Yulgo
914 5563 1006 5649 καὶ
1034 5563 1302 5652 μάρτη-θι
1332 5592 1478 5652 mox,
1501 5579 1781 5652 ἐπήγαγεν
1807 5585 1855 5640 ὁ.

579 5633 691 5725 βξ)
889 5640 998 5725 τῆς
1035 5633 1314 5725 ἐκτομῆς.
1347 5633 1477 5725 κου’
1504 5633 2069 5725 εείᾙὸίιὲἱιῖευιηςίη

512 5715 669 5771 gente
724 5715 1000 5783 magister,
1049 5722 1108 5765 ut
1161 5716 1212 5767 in
1254 5720 1527 5783 versione,

1617 5724 1733 5795 nasi
1787 5724 2067 5795 legendum

511 5783 655 5833 esset
690 5777 836 5847 παρά
866 5790 957 5835 aut
981 5782 1087 5835 ἀπὸ
1118 5783 1216 5855 τῆς
1246 5777 1565 5860 περιτομῆς.

1670 5795 1701 5849 d
1736 5806 1883 5851 recta
1911 5795 2070 5852 lcetio

2192 4605 2447 4669 συνεῖναι,
2476 4603 2552 4669 ὡς
2582 4606 2645 4658 οὐ
2670 4604 2765 4659 δύο
2798 4605 2954 4671 θεοὺς
2985 4608 3019 4679 ή
3056 4606 3351 4679 Ἐκκλησία
3379 4606 3473 4661 τοῦ
3506 4606 3645 4662 Θεοῦ
3666 4626 3769 4680 κη-

2192 4692 2393 4765 ρύττειο
2428 4688 2491 4748 ού
2517 4695 2626 4769 γὰρ
2667 4696 2760 4751 δύο
2800 4697 3091 4769 ἀγέννητα,
3133 4698 3255 4754 οὐδὲ
3292 4699 3386 4754 δύο
3407 4698 3641 4771 ἀναρχα,
3688 4702 3768 4766 ὡς

2188 4786 2445 4853 πολλάκις
2476 4790 2607 4862 ήμῖν
2636 4791 2871 4863 εῖρηται,
2898 4790 3020 4844 οὐδὲ
3048 4791 3141 4845 δύο
3182 4791 3369 4856 οὐσίας
3400 4792 3458 4860 ἐξ
3495 4794 3767 4865 ἰσοτιμίας

2184 4877 2757 4952 ἀντιπαρεξαγομένας
2801 4880 3057 4953 ἀλλήλαις
3091 4882 3202 4955 (50)
3240 4882 3472 4952 εἰσάγει’
3514 4882 3596 4937 διὸ
3643 4884 3765 4941 οὐδὲ

2179 4968 2275 5023 δύο
2303 4970 2487 5037 θεοὺς,
2516 4972 2653 5027 ἀλλά
2681 4973 2810 5045 μίαν
2831 4974 3005 5048 ἀρχὴν
3022 4976 3117 5029 καὶ
3136 4974 3269 5029 Θεὸν
3294 4973 3456 5041 εἶναι,
3487 4974 3579 5030 τὸν
3601 4977 3765 5029 αὑτὸν

2182 5062 2397 5136 Πατέρα
2425 5064 2749 5120 διδάσκουσα
2780 5064 2918 5123 εἰναι
2939 5067 3033 5121 τοῦ
3072 5068 3390 5139 μονογενοῦς
3419 5069 3513 5124 καὶ
3540 5070 3764 5141 ἀγαπη-

2180 5152 2275 5207 τοῦ
2305 5155 2459 5223 Υἱοῦ,
2488 5157 2752 5224 ὡσαύτως
2779 5158 2839 5213 δέ
2870 5159 2966 5213 καὶ
3012 5159 3141 5231 μίαν
3169 5160 3354 5215 εἰκόνα
3376 5158 3471 5215 τοῦ
3502 5159 3639 5215 Θεοῦ
3668 5159 3763 5214 τοῦ

2179 5341 2225 5373 ⁸³
2264 5340 2361 5401 Isa.
2392 5360 2517 5413 ην,
2546 5346 2636 5416 ιι,
2664 5348 2750 5414 I8,
2783 5348 2869 5415 I9,
2899 5348 2994 5405 EI.
3069 5348 3115 5380 “
3153 5346 3287 5405 ibid.
3309 5348 3405 5405 20.

2177 5524 2561 5598 ᾳιᾼέκτομῆς.
2589 5525 2660 5581 de
2706 5524 3005 5598 excisione,
3048 5534 3105 5581 ot
3154 5525 3526 5598 eradicatione
3577 5527 3759 5598 gentis

2175 5593 2580 5669 ab‘idolol‘at'ria
2607 5597 2871 5669 ;_statim,
2895 5597 2991 5652 καὶ
3022 5596 3365 5669 σεμνύνεται.
3407 5597 3477 5653 Μ.

2245 5665 2361 5735 (ἳ9)
2392 5666 2562 5734 Vulgo
2593 5666 2693 5735 μὲν
2724 5666 2903 5735 αὐχεῖ.

2248 5668 2361 5807 (29;
2392 5668 2562 5734 Vulgo
2587 5668 2693 5789 μὲν
2724 5668 2856 5735 αύχε

2248 5735 2339 5805 (30
2395 5735 2565 5807 Vulgo
2624 5736 2856 5810 λλήλοις.
