4032 6438
285 354 387 412 961

1234 342 1323 399 DE
1363 341 1902 401 ECCLESIASTICA
1942 338 2343 399 TllEOLOGlA
2393 340 2526 399 LIB.
2566 338 2624 400 ΙΙ.

3469 339 3578 399 951

277 472 543 546 ἀοράτου,
588 468 689 543 τὴν
728 467 903 540 αὐτὴν
952 457 1123 520 οὖσαν
1162 462 1241 536 τῷ
1284 465 1564 535 μονογενεῖ
1608 462 1704 516 καὶ
1750 463 1885 531 ἀγα-

1989 465 2179 520 eadem
2223 464 2295 519 sit
2339 477 2461 518 cum
2499 459 2782 532 unigenito
2823 469 2881 517 et
2912 459 3112 516 dilecto
3152 457 3331 515 Filio:
3362 457 3579 517 etiamsi

276 564 448 635 τητῷ
462 562 578 634 Υἰῷ
600 560 785 627 αὐτοῦ,
811 547 916 612 κᾶν
931 556 1067 631 λέγῃ
1085 555 1143 609 δὲ
1170 558 1199 609 ό
1233 554 1578 619 Ἀπόστολος,
1613 552 1879 623 θεολογῶν

276 655 379 711 τὸν
405 655 645 726 Πατέραο
681 653 743 706 '0
770 649 1063 722 μακάριος
1087 648 1185 702 καὶ
1214 647 1406 718 μόνος
1427 645 1757 714 δυνάστης,
1786 646 1880 701 καὶ⁵

282 747 471 802 πάλιν·
491 745 545 799 Ὀ
550 746 742 816 μόνος
756 742 916 813 ἔχων
928 740 1290 805 ἀθανασίαν,
1305 737 1432 808 φῶς
1454 736 1634 793 οἰκῶν
1659 736 1884 806 ἀπρόσ-

283 854 449 901 ιτον,
507 836 601 889 καὶ
647 828 826 896 αὖθις·
882 830 968 898 Τῷ
1019 828 1090 885 δὲ
1148 829 1404 895 ,βασιλεῖ
1455 827 1577 883 τῶν
1624 828 1877 892 αἰώνων,

277 930 583 1000 ἀφθάρτῳ,
624 924 877 997 ἀοράτῳ,
918 925 1086 995 μόνῳ
1140 921 1283 990 Θεῷ,
1336 922 1429 976 καὶ
1471 920 1653 977 πάλινο
1701 925 1882 989 Μόνφ

278 1020 459 1090 σοφῷ
501 1017 624 1085 Θεῷ
665 1017 765 1073 διὰ
808 1014 1005 1086 Ἰησοῦ
1048 1012 1310 1084 Χριστοῦ
1345 1015 1385 1083 ἡ
1418 1012 1570 1079 δόξα
1609 1016 1698 1081 εἰς
1736 1012 1881 1080 τοὺς

276 1110 524 1177 αἰῶνας,
560 1108 743 1180 ἀμήν.
773 1106 893 1162 Κᾶν
918 1104 1121 1159 τούτων
1161 1104 1241 1158 ἐτι
1273 1104 1496 1159 πλείονα
1538 1104 1749 1175 λέγοιτο
1798 1104 1881 1168 εἰς

275 1202 594 1272 δοξολογίαν
625 1199 721 1256 τοῦ
748 1199 867 1264 ἑνὸς
897 1200 993 1253 καὶ
1018 1198 1113 1250 ἐπὶ
1140 1197 1358 1251 πάντων
1384 1197 1519 1252 Θεοῦ
1549 1199 1644 1252 καὶ
1672 1196 1879 1252 τούτων

279 1295 542 1350 ἁπάντων
570 1292 679 1367 χρὴ
710 1294 851 1349 νοεῖν
882 1290 1070 1345 εἰκόνα
1116 1287 1256 1347 εἶναι
1296 1290 1390 1345 τὸν
1441 1290 1706 1362 μονογενῆ
1750 1290 1879 1345 Υἱὸν

278 1388 382 1443 1εοῦ
425 1387 561 1442 Θεοῦ
593 1387 693 1457 οὐχ
723 1385 801 1451 ὡς
833 1384 1030 1456 ἀψύχῳ
1066 1384 1189 1459 ὕλῃ,
1220 1384 1335 1439 ἀλλ’
1368 1383 1447 1447 ὡς
1477 1385 1537 1438 εν
1571 1381 1686 1454 Υἰῷ
1716 1380 1879 1447 ζῶντι

285 1474 754 1549 μεμορφωμένην·
784 1474 890 1529 κᾶν
922 1474 1086 1538 αὐτὸς
1113 1476 1143 1529 ό
1191 1473 1384 1545 Σωτὴρ
1428 1472 1591 1545 μόνον
1620 1472 1879 1544 ἀληθινὸν

281 1568 420 1624 Θεὸν
466 1568 696 1643 διδάσκῃ
739 1562 881 1623 εἶναι
925 1567 1020 1621 τὸν
1045 1566 1268 1639 Πατέρα
1301 1554 1499 1635 λέγων,
1537 1566 1667 1621 Ἵνα
1708 1565 1879 1637 τινώ-

282 1662 484 1718 σκωσί
527 1675 603 1717 σε
644 1661 754 1716 τὸν
808 1663 1005 1731 μόνον
1053 1658 1348 1731 ἀληθινὸν
1394 1658 1564 1724 Θεὸν,
1613 1659 1728 1715 ἀλλ’
1777 1660 1879 1715 οὐκ

286 1754 626 1826 ἀποκνητέον
654 1755 749 1808 καὶ
786 1754 948 1808 αὑτὸν
993 1752 1127 1808 Θεδν
1168 1750 1421 1824 ἀληθινὸν
1462 1752 1768 1824 ὁμολογεῖν,
1801 1752 1880 1817 ὡς

1984 555 2131 611 dicat
2172 554 2496 626 Apostolus.
2539 555 2802 611 deilicans
2852 554 3105 621 Patrem,
3155 554 3262 621 Qui
3302 553 3489 610 beatus
3529 565 3581 610 et

1983 652 2129 707 solus
2167 662 2350 724 potens
2384 663 2458 708 est
2484 653 2552 705 “.
2585 652 2655 707 Et
2701 666 2919 717 rursus,
2962 649 3066 717 Qui
3098 651 3246 705 solus
3275 650 3427 705 habet
3476 650 3583 705 ἕπευ

1981 742 2381 810 mortalitatem,
2413 744 2582 800 lucem
2622 744 2868 798 habitans
2916 746 3243 799 inaccessam
3266 743 3334 798 “.
3368 743 3437 799 Et
3479 745 3585 801 ite-

1984 851 2127 902 rum,
2172 834 2303 907 Regi
2332 846 2509 891 autent
2542 837 2885 901 saeculorum,
2926 834 3353 904 incorruptibili,
3392 836 3582 891 invisi-

1983 926 2095 992 bili,
2140 926 2242 981 soli
2280 924 2385 980 Deo
2413 926 2479 980 δ’.
2513 925 2577 979 Et
2615 927 2836 990 iterum,
2883 923 3001 981 Soli
3044 926 3276 995 sapienti
3312 924 3443 990 Deo,
3482 941 3580 995 per

1980 1017 2165 1074 Issum
2214 1016 2486 1073 Christum
2526 1019 2597 1073 sit
2645 1018 2817 1089 gloria
2865 1019 2925 1073 in
2971 1017 3171 1073 uacula
3222 1018 3578 1085 saeculorum,

1981 1110 2147 1165 Amen
2182 1110 2249 1166 “.
2305 1108 2470 1165 Plura
2528 1108 2708 1165 adhuc
2762 1124 2887 1164 cum
2945 1118 3199 1179 puterant
3251 1107 3474 1179 allegari
3524 1108 3581 1163 in

1980 1202 2162 1259 Patris
2203 1202 2547 1274 doxologiam
2574 1242 2591 1270 ,
2632 1203 2725 1273 qui
2761 1217 2901 1259 unus
2930 1210 3048 1268 est,
3094 1212 3151 1258 et
3196 1217 3363 1274 super
3393 1204 3580 1258 omnia

1983 1292 2159 1359 Deus,
2190 1309 2423 1366 quorum
2469 1296 2713 1349 omnium
2758 1309 2912 1350 mens
2953 1302 3072 1360 est,
3114 1302 3175 1348 ut
3209 1292 3583 1365 intelligamus

1980 1384 2181 1442 Filium
2233 1386 2573 1458 unigenitum
2624 1386 2716 1443 Dei
2768 1401 2895 1443 esse
2940 1385 3231 1457 imaginem
3283 1400 3390 1441 non
3432 1395 3491 1441 ut
3523 1387 3582 1443 itt

1982 1477 2206 1533 materia
2243 1475 2492 1543 inanimi,
2532 1478 2629 1533 sed
2659 1486 2716 1533 ut
2749 1479 2804 1532 in
2842 1475 2983 1533 Filio
3014 1476 3140 1532 vivo
3182 1476 3578 1541 assimilatam;

1981 1570 2112 1641 quin
2155 1577 2210 1624 et
2249 1568 2366 1639 ipse
2398 1567 2659 1625 Senator
2696 1584 2820 1625 cum
2852 1568 3023 1625 Deum
3065 1584 3232 1624 unum
3273 1570 3448 1625 solum
3491 1584 3583 1625 ve-

1981 1673 2101 1714 rum
2132 1672 2255 1714 esse
2289 1659 2504 1725 doceat,
2549 1658 2826 1728 inquiens,
2867 1656 2937 1712 Ut
2980 1666 3297 1727 cognoscant
3331 1670 3380 1713 te
3416 1673 3585 1713 unum

1981 1751 2149 1806 solum
2176 1767 2356 1807 verum
2390 1755 2561 1809 Deum
2583 1750 2629 1784 ⁶⁹
2654 1770 2670 1819 ;
2706 1751 2803 1807 sed
2831 1766 2938 1808 non
2972 1762 3154 1807 tamen
3180 1766 3495 1823 gravemur,
3525 1761 3584 1807 et

280 1846 345 1901 εν
375 1818 567 1911 εἰκόνι,
609 1845 709 1901 καὶ
752 1844 911 1900 τοῦτο
954 1818 1313 1917 κεκτημένον·
1360 1844 1449 1899 ἵνα
1569 1818 1667 1898 τοῦ
1714 1843 1879 1915 μόνου

1986 1859 2170 1900 verum
2201 1844 2367 1899 Deum
2395 1818 2671 1909 conﬁteri,
2700 1853 2758 1898 et
2786 1842 2985 1899 Filium
3031 1818 3207 1897 veluti
3240 1842 3295 1897 in
3342 1842 3584 1914 imagine

285 1938 573 2013 προσθήκη
606 1938 753 2011 μόνῳ
784 1938 862 2009 τῷ
886 1937 1083 2009 Πατρὶ.
1109 1936 1186 2002 ὡς
1215 1936 1283 1992 ἂν
1313 1934 1427 2008 (δι)
1459 1934 1754 2008 ἀρχετύπῳ
1782 1936 1881 2007 τῆς

281 2030 514 2097 εἰκόνος,
560 2028 797 2101 άρμόξῃ.
838 2027 1163 2098 Σαφιστατα
1195 2026 1328 2097 γοῦν
1354 2025 1544 2080 εἰκόνα
1582 2028 1678 2080 καὶ
1703 2028 1882 2081 ἀπαύ-

281 2136 477 2192 γασμα
500 2118 596 2175 τοῦ
620 2120 834 2191 [ἰατρὸς
858 2120 917 2173 ὲν
945 2121 1128 2191 μορφῇ
1152 2135 1215 2173 τε
1242 2116 1339 2174 τοῦ
1365 2116 1504 2172 Θεοῦ
1537 2113 1684 2172 εἶναι
1716 2118 1881 2173 αὐτὸν

286 2213 317 2267 ό
358 2210 644 2276 θεσπέσιος
678 2208 885 2275 ἐδίδαξε
918 2210 1152 2277 Παῦλος,
1190 2207 1269 2274 ὡς
1297 2209 1387 2265 διὰ
1429 2208 1540 2265 τῶν
1569 2209 1882 2282 ἔμπροσθεν

284 2300 662 2355 ἀποδέδεικται
694 2316 708 2330 ·
782 2297 975 2372 ὥσπερ
1036 2295 1130 2354 οὖν
1207 2298 1330 2363 ἐνὸς
1390 2297 1706 2369 ὑφεστῶτος
1769 2300 1885 2354 Πα-

286 2389 436 2463 τρδς,
485 2389 579 2449 καὶ
641 2389 763 2456 ινὸς
825 2388 957 2444 Υἱοῦ
1013 2388 1212 2460 φύντος
1245 2390 1313 2444 εκ
1362 2389 1458 2444 τοῦ
1504 2389 1720 2462 Πατρὸς
1780 2390 1884 2444 οὐκ

284 2482 355 2539 ἂν
398 2498 486 2547 τις
524 2481 803 2556 εὐφρονῶν
845 2482 990 2536 εῖποι
1019 2482 1114 2536 δύο
1155 2482 1401 2555 πατέρας
1442 2482 1733 2555 ὑπάρχειν,
1759 2483 1883 2539 οὐδὲ

288 2574 441 2639 υἰοὺς
480 2571 595 2631 δύο.
640 2574 752 2629 Καὶ
795 2572 989 2648 ὥσπερ
1047 2574 1315 2646 βασιλέως
1364 2575 1698 2648 κρατοῦντος
1740 2575 1881 2643 ενδς,

285 2665 499 2730 εἰκόνος
528 2665 588 2720 δὲ
613 2665 779 2721 αὑτοῦ
829 2665 1111 2737 πανταχοῦ
1144 2666 1249 2738 γῆς
1293 2666 1714 2740 προφερομένης
1743 2667 1881 2741 (52),

288 2756 393 2810 οὐκ
439 2756 505 2811 ἄν
548 2773 635 2822 τις
678 2756 974 2830 σωφρονῶν
1021 2757 1115 2811 δύο
1157 2760 1301 2812 εἴποι
1347 2758 1476 2823 τοὺς
1522 2757 1881 2831 κρατοῦντας,

286 2846 407 2901 ἀλλ’
432 2846 529 2903 ινα
555 2847 646 2902 τὸν
670 2848 767 2903 ual
784 2846 873 2902 διὰ
893 2851 994 2920 τῆς
1023 2849 1233 2913 εἰκόνος
1258 2848 1591 2921 τιμώμενονο
1617 2850 1760 2904 κατὰ
1790 2849 1885 2904 τὸν

288 2938 458 2993 αὐτὸν
470 2939 691 3012 τρόπον,
705 2939 781 3004 ὡς
797 2939 892 2995 καὶ
910 2939 1173 3005 πολλάκις
1198 2942 1332 3012 ἡμῖν
1345 2940 1583 3014 εῐρηταε,
1600 2942 1697 2997 καὶ
1712 2944 1746 3015 ἡ
1762 2942 1886 2996 Ἑκ-

288 3030 492 3103 κλησία
524 3030 618 3085 τοῦ
660 3029 798 3085 Θεοῦ
832 3031 930 3086 ἕνα
962 3029 1357 3103 παραλαϐοῦσα
1395 3031 1530 3086 Θεὸν
1576 3031 1756 3087 σέϐειν
1790 3032 1885 3087 τὸν

290 3124 477 3190 αὑτὸν,
512 3123 607 3179 ual
643 3123 731 3179 διὰ
762 3121 859 3179 τοῦ
891 3122 1045 3189 Υἰοῦ,
1102 3124 1179 3190 ὡς
1233 3123 1325 3179 διὰ
1367 3122 1510 3197 [τοῦ]
1540 3124 1651 3195 (55)
1674 3124 1883 3189 εἰκόνος

291 3214 447 3288 μένει
463 3182 882 3288 προσκυνοῦσα.
919 3216 988 3269 Ἀ
1104 3182 1201 3270 καὶ
1225 3215 1302 3289 μὴ
1329 3182 1511 3281 σῦνείς
1906 3182 1951 3244 c

285 3308 394 3382 τὴν
436 3308 621 3362 εἰκόνα
660 3305 757 3361 τοῦ
795 3305 934 3361 Θεοῦ
980 3305 1078 3361 τοῦ
1104 3308 1337 3378 ἀοράτου
1369 3306 1469 3381 τὴν
1509 3306 1711 3378 σάρκα
1741 3303 1882 3364 εἶναι

287 3399 390 3456 τοῦ
436 3396 687 3472 Σῶτῆρος
725 3400 1068 3473 ἀπεφήνατο,
1100 3402 1168 3473 ἢν
1210 3402 1239 3455 ό
1290 3400 1614 3466 ’Δτεόστολος
1636 3399 1885 3473 μορφὴν

292 3491 453 3568 [τοῦ]
500 3492 725 3549 δούλου
780 3492 1070 3565 κέκληκενο
1123 3494 1186 3548 οὐ
1230 3493 1609 3567 λογισάμενος,
1653 3495 1737 3549 δτι
1787 3491 1886 3548 καὶ

290 3587 497 3651 πάντες
520 3584 819 3660 ἄνθρωποι,
849 3586 989 3641 κατὰ
1009 3586 1107 3659 τὴν
1129 3586 1332 3658 σάρκα,
1352 3585 1447 3641 τοῦ
1476 3585 1729 3657 ὼτῆρος
1756 3599 1887 3653 τυγ-

289 3679 518 3751 χάνουσι
546 3678 992 3751 μεμορφωμένοι.
1026 3677 1139 3732 Καὶ
1173 3677 1237 3731 τὸ
1271 3677 1370 3750 μιν
1400 3678 1561 3750 σῶμα
1603 3676 1633 3731 ὃ
1667 3674 1885 3746 άνείλη-

292 3784 398 3839 φεν
426 3768 692 3842 ό-Σωτὴρ,
721 3766 823 3839 τῆς
851 3768 1150 3840 άγεννήτου
1172 3767 1269 3821 καὶ
1298 3768 1543 3841 ἀρρήτου
1568 3767 1665 3822 καὶ
1689 3783 1889 3839 πατρι-

290 3859 403 3933 κῆς
432 3858 687 3931 Θεότητος
714 3859 903 3915 εἰκόνα
934 3856 1073 3915 εἶναι
1105 3859 1519 3933 διῒσχυρίζεται·
1552 3859 1647 3915 τὸν
1673 3859 1731 3914 δὲ
1756 3858 1886 3914 Υἰδν

293 3952 394 4010 τοῦ
448 3952 585 4008 Θεοῦ
623 3953 717 4008 τὸν
764 3952 1050 4026 μονογενῆ,
1101 3951 1170 4006 δι’
1214 3946 1276 4008 06
1317 3951 1389 4007 τὰ
1433 3952 1615 4007 πάντα
1652 3950 1884 4026 συνέστη

295 4046 540 4118 (Πανία
566 4043 679 4117 γὰρ
714 4044 791 4100 δι’
829 4044 1018 4101 αὐτοῦ
1050 4042 1311 4115 ἐγένετο,
1342 4043 1442 4099 καί
1482 4044 1666 4116 χωρὶς
1698 4043 1887 4101 αὑτοῦ

293 4137 528 4211 aﬂuere
557 4137 701 4194 οὐδὲ
721 4136 831 4211 ιν),
854 4138 1098 4211 ἀρνεῖται
1123 4132 1263 4192 εἶναι
1284 4136 1472 4193 εἰκόνα
1498 4137 1595 4193 τοῦ
1620 4135 1759 4193 Θεοῦ
1790 4137 1890 4195 αὐ-

296 4235 420 4298 ταῖς
453 4229 742 4297 συλλαϐαῖς
777 4229 975 4301 λέγων,
1023 4248 1045 4285 ε
1091 4229 1304 4286 Οὐκοῦν
1335 4228 1626 4304 πρόδηλον,
1666 4231 1750 4286 ὅτι
1781 4230 1890 4306 πρὸ

304 4344 326 4380 ε
362 4325 464 4398 τῆς
507 4323 602 4379 τοῦ
652 4323 922 4397 ἡμετέρου
968 4321 1222 4397 σώματος
1265 4324 1613 4397 ἀναλήψεως,
1659 4324 1890 4395 ὀΛόγος

304 4437 327 4475 ε
365 4417 491 4474 καθ’
544 4417 735 4473 ἑαυτὸν
783 4417 884 4471 οὐκ
928 4411 1000 4490 ἦν
1043 4415 1208 4471 εἰκὼν
1242 4415 1338 4482 τοῦ
1377 4416 1610 4489 ἀοράτου
1652 4415 1811 4473 Θεοῦ.
1862 4434 1884 4471 s

1984 1936 2362 2005 resultantem,
2411 1948 2475 1992 ut
2538 1935 2747 1991 additio
2795 1934 2888 1991 illa
2936 1935 3109 2001 solus,
3153 1934 3256 1991 soli
3296 1932 3445 1989 Patri
3482 1934 3583 1989 ad-

1984 2035 2217 2097 aptetur,
2238 2034 2427 2097 utpote
2440 2026 2532 2096 qui
2557 2024 2815 2095 imaginis
2838 2023 2911 2079 sit
2929 2023 3291 2094 archetypon.
3310 2020 3580 2089 Quocirca

1982 2118 2286 2174 clarissime
2311 2117 2549 2173 ostendit
2580 2116 2801 2172 divinus
2830 2114 3057 2182 Paulus,
3086 2115 3264 2186 ipsum
3290 2126 3413 2170 esse
3442 2112 3583 2168 ima-

1981 2211 2161 2283 ginem
2200 2208 2529 2276 eiliuentem,
2578 2209 2753 2267 lucem
2798 2208 3013 2277 Patris,
3056 2216 3114 2266 et
3158 2210 3211 2263 in
3252 2206 3427 2263 forma
3482 2205 3581 2263 Dii

1981 2301 2472 2375 exstitisse;un
2508 2302 2565 2359 in
2596 2301 2971 2373 superioribus
2998 2299 3239 2371 positum
3284 2308 3371 2355 est
3409 2314 3438 2353 a
3480 2313 3585 2354 no-

1982 2397 2069 2453 bis
2106 2414 2124 2454 :
2166 2396 2338 2453 veluti
2380 2396 2552 2467 igitur
2593 2410 2720 2453 cum
2770 2407 2913 2451 unus
2982 2393 3252 2450 subsistat
3296 2389 3481 2460 Pater,
3525 2399 3583 2447 et

1981 2509 2124 2550 unus
2151 2494 2218 2549 de
2244 2491 2408 2548 Patre
2436 2490 2508 2547 sit
2536 2500 2691 2547 ortus
2714 2488 2911 2555 Filius,
2950 2501 3111 2543 nemo
3157 2485 3405 2558 prudens
3430 2482 3583 2539 alie-

1983 2586 2215 2643 maverit
2241 2583 2379 2640 duos
2411 2590 2620 2655 patres,
2658 2589 2755 2636 aut
2795 2579 2938 2636 ﬁlios
2978 2579 3149 2646 duos;
3174 2585 3232 2634 et
3268 2576 3437 2634 veluti
3486 2574 3584 2632 ubi

1983 2691 2084 2736 rex
2108 2690 2247 2733 unus
2280 2684 2369 2733 est
2402 2689 2526 2733 cum
2558 2673 2807 2745 imperio,
2836 2672 2998 2743 cujus
3034 2672 3214 2743 imago
3243 2669 3446 2741 ubique
3472 2678 3585 2725 ter-

1984 2787 2172 2829 rarum
2213 2770 2513 2835 deferatur,
2558 2781 2719 2823 nemo
2759 2766 3003 2837 prudens
3031 2763 3169 2820 duos
3214 2760 3419 2818 dixerit
3459 2773 3586 2817 esse

1985 2878 2179 2936 reges:
2209 2862 2304 2919 sed
2335 2875 2502 2917 unum
2546 2858 2639 2929 qui
2677 2871 2778 2930 per
2806 2867 2862 2913 et
2905 2856 2959 2911 in
2991 2855 3233 2926 imagine
3270 2867 3369 2910 sua
3408 2851 3585 2908 bono-

1984 2966 2158 3013 ratur.
2184 2952 2391 3011 Eodem
2421 2952 2584 3007 modo
2612 2960 2671 3004 ut
2706 2950 2823 3021 jam
2866 2947 3077 3020 pluries
3108 2947 3317 3002 dictum
3344 2955 3451 3010 est,
3481 2944 3587 2999 Ec-

1985 3045 2151 3103 clesia
2174 3044 2292 3110 Dei,
2316 3058 2439 3113 quae
2466 3042 2679 3112 accepit
2712 3040 2872 3095 unius
2888 3044 2949 3103 >14
2965 3038 3063 3094 Dei
3077 3038 3309 3107 cultum,
3330 3034 3581 3092 eumdem

1987 3136 2157 3193 Deum
2201 3151 2300 3207 per
2330 3134 2529 3189 Filium
2575 3133 2866 3204 imaginem
2906 3145 3063 3187 suam
3103 3128 3317 3185 scilicet
3351 3128 3585 3184 adorare

1984 3235 2315 3302 perseverat.
2358 3222 2515 3292 Quod
2543 3237 2669 3280 cum
2712 3219 2999 3280 Marcellus
3029 3220 3340 3290 ignoraret,
3384 3217 3581 3289 imagi-

1984 3334 2111 3377 nem
2145 3317 2291 3375 illam
2324 3315 2416 3371 Dei
2451 3314 2739 3370 invisibilis
2767 3313 2904 3369 dixit
2947 3326 3072 3368 esse
3111 3325 3329 3365 carnem
3371 3306 3577 3365 Serva-

1987 3411 2142 3479 toris,
2168 3424 2331 3481 quam
2363 3406 2658 3479 Apostolus
2695 3405 2831 3461 serui
2878 3402 3178 3476 formant"
3228 3400 3576 3457 nominavit:

1985 3502 2212 3559 minime
2246 3498 2559 3569 recogitans
2603 3498 2749 3569 quod
2788 3494 3088 3552 secundum
3121 3506 3343 3549 carnem
3384 3493 3588 3548 Serva-

1987 3594 2123 3651 toris
2146 3592 2395 3647 homines
2420 3588 2621 3661 singuli
2656 3586 2952 3659 imaginem
2984 3585 3415 3655 circumgestent
3441 3581 3583 3653 ejus.

1986 3686 2194 3757 Corpus
2239 3684 2423 3754 itaque
2473 3682 2617 3754 quod
2666 3678 2962 3749 assumpsit
3005 3676 3286 3741 Servator,
3336 3673 3433 3732 ille
3460 3688 3587 3731 esse

1988 3779 2275 3853 ingenita,
2324 3774 2652 3843 inelfabilis,
2700 3782 2945 3845 paterna:
3009 3770 3237 3827 deitatis
3287 3768 3585 3841 imaginem

1987 3878 2266 3929 asseverat
2305 3886 2321 3925 :
2367 3866 2566 3924 Filium
2612 3876 2798 3923 autem
2846 3864 3225 3937 unigenitum,
3271 3875 3371 3934 per
3419 3876 3586 3933 quem

1988 3962 2171 4021 omnia
2200 3958 2525 4026 subsistunt,
2553 3956 2697 4014 Nam
2721 3957 2903 4014 omnia
2927 3972 3024 4028 per
3050 3955 3203 4011 illum
3234 3952 3382 4025 facta
3410 3959 3584 4020 sunt,

1986 4064 2037 4110 et
2062 4054 2174 4111 sine
2199 4052 2293 4108 illo
2326 4054 2530 4122 tactum
2555 4056 2635 4106 est
2664 4047 2802 4105 nihil
2824 4046 2869 4081 τί
2891 4086 2911 4115 ,
2942 4051 3107 4119 negat
3136 4043 3432 4117 imaginem
3462 4058 3587 4101 esse

1987 4145 2126 4214 Dei,
2169 4145 2395 4203 totidem
2449 4143 2634 4200 verbis
2690 4141 2979 4200 scribens:
3020 4158 3041 4194 ε
3069 4137 3339 4209 Quocirca
3395 4145 3584 4209 patet,

1995 4258 2015 4295 s
2060 4240 2203 4311 quod
2249 4247 2377 4296 ante
2418 4246 2759 4309 assumptum
2788 4250 2988 4307 corpus
3020 4242 3303 4298 nostrum,
3344 4230 3587 4288 Verbum

1997 4351 2019 4387 ε
2062 4348 2161 4405 per
2196 4346 2257 4390 se
2300 4346 2405 4388 non
2455 4338 2578 4387 erat
2626 4329 2806 4401 imago
2852 4326 3055 4385 Patris.
3080 4344 3101 4381 ι
3160 4323 3374 4382 Videsis
3417 4338 3585 4395 quam

1988 4434 2269 4501 pervertat
2341 4422 2752 4494 interpretando
2806 4418 3055 4492 Apostoli
3131 4427 3408 4482 mentem,
3455 4430 3582 4473 eum

311 4511 478 4586 ὀρᾷς
508 4510 610 4583 δστι
640 4510 939 4583 διαστροφὴ
968 4508 1233 4583 κέκρηται
1260 4510 1360 4583 τῆς
1386 4510 1751 4585 amazonam:
1793 4512 1885 4587 lp-

1994 4519 2234 4578 Joannes
2259 4516 2591 4591 evangelista
2615 4512 2935 4587 mysterium
2964 4510 3120 4577 illud,
3147 4509 3292 4581 quod
3323 4506 3495 4579 Moysi
3529 4515 3589 4565 et

304 4603 552 4678 μηνειας.
576 4602 733 4659 οὕτω
749 4602 808 4658 δὲ
828 4600 921 4657 τοῦ
941 4602 1329 4674 εὐαγγελιστοῦ
1368 4602 1641 4670 Ἰωάννου,
1659 4604 1723 4660 τὸ
1742 4606 1885 4680 παρὰ

1989 4610 2271 4686 prophetis
2298 4607 2605 4668 abstrusius
2632 4614 2791 4675 erat,
2819 4603 3102 4676 cognitum
3136 4600 3493 4656 snauntiaret
3524 4607 3585 4654 et

300 4699 497 4756 Μωσεῖ
550 4699 647 4753 καὶ
695 4699 811 4764 τοῖς
860 4697 1069 4763 λοιποῖς
1126 4698 1437 4771 προφήταις
1492 4699 1893 4773 κεκρυμμένοις

302 4789 648 4864 ιγνωσμινον
681 4790 1001 4864 μυστήριον,
1042 4790 1532 4863 εὐαγγελιζομένου
1562 4793 1660 4847 καὶ
1689 4794 1893 4850 ἀνακα-

303 4882 620 4948 λύπτοντος,
649 4881 862 4958 μεγάλῃ
882 4890 953 4937 τε’
974 4884 1087 4957 (54)
1122 4883 1490 4958 κηρύττοντος
1529 4882 1628 4957 βοῇ
1667 4885 1750 4940 τό·
1788 4884 1893 4941 Ἐγ

304 4972 562 5051 dativi"
598 4979 632 5032 ό
656 4976 869 5047 Λόγος»
891 4976 992 5032 καὶ
1013 4979 1259 5048 δΔότος
1285 4972 1367 5049 ἧν
1398 4976 1553 5047 πρὸς
1578 4976 1687 5032 τὸν
1719 4976 1889 5046 Θεὸν,

306 5070 408 5127 καὶ
428 5068 574 5137 Θεὸς
588 5065 668 5141 ἦν
686 5072 721 5125 d
735 5070 947 5141 Λόγος*
978 5067 1178 5123 πάντα
1194 5068 1271 5125 δι’
1287 5070 1477 5126 αὐτοῦ
1496 5068 1735 5142 ἐτάγετο
1750 5070 1888 5145 [(35)

304 5162 409 5219 real
428 5163 609 5234 χωρὶς
635 5161 822 5218 αὐτοῦ
842 5159 1081 5233 ἐγένετο
1106 5160 1251 5217 οὐδὲ
1274 5160 1391 5237 ἓν],
1422 5164 1516 5218 καὶ
1543 5163 1895 5238 μαρτυρομέ-

304 5273 424 5325 νου,
451 5257 536 5313 ὅτι
560 5251 630 5330 ἦν
656 5255 718 5311 τὸ
746 5254 864 5329 φῶς
893 5252 1125 5325 φωτίζον
1152 5253 1328 5311 πάντᾶ
1349 5255 1639 5330 ἄνθρωπον
1664 5256 1895 5331 ἐρχόμε-

379 5467 441 5529 sls
476 5461 574 5519 Ed.
605 5459 809 5527 Paris.,
836 5475 961 5532 pag.
993 5456 1120 5532 με.
1144 5530 1182 5532 Η
1208 5459 1254 5532 f'
1291 5458 1310 5514 l
1343 5458 1566 5532 Tintm,
1605 5459 1695 5532 £5,

1988 4702 2209 4762 efferret
2236 4715 2429 4772 magna
2460 4698 2810 4771 pmdiantis
2843 4710 2979 4752 voce
3012 4711 3027 4750 :
3061 4691 3131 4749 In
3161 4692 3427 4764 principio
3468 4699 3590 4749 erat

2000 4793 2249 4861 Verbum,
2279 4805 2327 4848 et
2368 4790 2593 4847 Verbum
2635 4796 2749 4845 erat
2790 4786 2933 4859 apud
2981 4784 3172 4851 Deum,
3202 4794 3252 4840 et
3286 4782 3428 4838 Deus
3467 4790 3587 4836 erat

1998 4888 2226 4946 Verbum
2252 4902 2273 4945 :
2304 4888 2485 4942 omnia
2525 4900 2620 4957 per
2655 4885 2831 4955 ipsum
2864 4882 3012 4953 facta
3049 4888 3206 4944 sunt,
3236 4888 3285 4932 et
3326 4877 3439 4933 sine
3469 4876 3585 4944 ipso

1995 4980 2201 5050 factum
2230 4986 2307 5035 est
2342 4976 2477 5033 nilnil
2500 4977 2571 5044 ",
2600 4987 2834 5047 cumque
2859 4978 3090 5030 testetur
3120 4985 3245 5027 eum
3275 4968 3462 5025 lucens
3483 4982 3587 5023 ex-

1997 5072 2206 5131 stitisse
2250 5070 2645 5128 illuminantem
2685 5080 2909 5125 omnem
2952 5063 3229 5121 hominem
3274 5062 3583 5115 venientem

1998 5163 2054 5219 in
2090 5164 2234 5220 hunc
2263 5162 2569 5217 mundum:
2612 5156 2682 5214 In
2721 5155 2920 5211 mundo
2960 5162 3109 5222 erat,
3140 5163 3186 5208 et
3218 5151 3449 5208 rutundus
3490 5165 3589 5219 per

1996 5254 2168 5327 ipsum
2213 5254 2388 5325 factus
2426 5260 2536 5320 est,
2579 5261 2629 5309 et
2661 5248 2891 5306 mundus
2933 5263 3054 5304 euut
3096 5262 3202 5303 nou
3233 5242 3486 5317 cognovit
3515 5242 3582 5302 ⁷⁸.

1808 5458 1854 5493 ⁸⁸
1892 5458 2023 5516 ibid.
2052 5458 2141 5521 l6.
2216 5458 2261 5492 ’τ
2290 5458 2312 5515 ἰ
2341 5457 2483 5513 Tim.
2511 5456 2663 5527 t,l'l.
2741 5456 2787 5490 ⁸⁸
2822 5454 3120 5523 Rom.xvt,
3142 5452 3237 5509 27.
3336 5451 3385 5487 ⁸⁸
3418 5450 3590 5512 Joan.

312 5534 537 5602 “tua.
611 5528 1068 5605 "Philipp.tt,7.
1138 5529 1406 5599 "Joana,
1436 5531 1491 5587 5.
1567 5532 1613 5564 ⁷³
1650 5528 1812 5588 Joan.
1838 5547 1877 5600 ι,
1904 5532 1955 5597 l,
1987 5532 2045 5588 5.
2117 5528 2167 5562 "
2205 5530 2338 5586 ibid.
2366 5528 2457 5588 10.

449 5708 500 5776 l)
532 5706 705 5779 vulgo
728 5708 881 5766 deest
908 5708 992 5766 εν.

449 5708 500 5776 l)
532 5708 705 5779 Vulgo
728 5708 881 5766 deest
908 5708 992 5766 άν.

382 5708 507 5923 ἓξὲξ
672 5794 987 5910 ἨξἮά
1008 5863 1134 5910 mox
1160 5848 1341 5917 codd.;
1367 5864 1493 5909 mox
1520 5847 1683 5924 vulgo
1712 5848 1749 5906 ἃ
1768 5848 1850 5907 δέ.

2210 5710 2721 5844 $515166?
2715 5753 2872 5841 vulso
2896 5777 2974 5853 φῶ

2066 5772 2182 5856 (35)
2216 5772 2347 5844 Οωῖ
2371 5772 2533 5842 cedd.
2556 5772 2677 5843 libs
2694 5772 2872 5841 "vulso
2896 5777 3014 5853 φῶς
3036 5772 3107 5855 ἦν
3137 5776 3221 5835 εδ.
