4032 6426
487 265 593 320 96')

1148 256 1420 316 EUSEBII
1461 250 1936 310 CAESARIENSIS
1973 248 2122 307 OPP.
2165 249 2343 305 PARS
2379 249 2466 306 IV.
2507 280 2576 289 —
2612 246 3032 305 DOGMATILA.

3615 243 3724 303 σοι

486 383 690 450 Quibus
712 379 928 435 vocibus
951 375 1253 432 clarissime
1277 373 1542 444 signiﬁcat
1562 369 1901 432 ﬁliaiitatem,
1922 380 2042 421 cum

2153 381 2308 435 μενον
2336 365 2416 426 είς
2442 363 2532 416 τὸν
2564 363 2786 433 κόσμον·
2835 363 2937 415 Ἐν
2963 360 3044 427 τῷ
3073 360 3277 429 κόσμῳ
3299 354 3399 431 ἦν,
3418 359 3528 414 καί
3549 361 3588 414 ό
3624 361 3726 414 αό-

485 474 554 527 tle
581 473 739 526 Patre
781 470 972 525 dicat:
1016 467 1182 521 Deum
1226 481 1376 520 nemo
1421 465 1548 519 uidit
1595 475 1826 530 unquam
1850 459 1938 511 τις
1976 457 2043 512 de

483 562 646 620 Filio:
684 561 999 631 Unigeaitus
1028 557 1201 614 Filius
1234 556 1325 627 qui
1355 565 1473 612 erat
1513 554 1565 608 in
1595 553 1717 609 sinu
1762 549 1958 615 Patris,
1999 548 2044 602 is

484 671 606 709 eum
639 654 920 712 revelavit.

2147 470 2302 526 σμος
2338 454 2413 508 δι’
2445 454 2630 508 αὑτοῦ
2655 452 2911 523 ἐγένετο,
2941 452 3040 505 καὶ
3064 455 3097 506 ό
3129 453 3358 521 κόσμος
3392 447 3585 504 αὐτὸν
3613 453 3728 504 οὐκ

2147 547 2319 616 ἔγνω,
2347 546 2445 615 τήν
2470 561 2528 597 τε
2560 545 2779 613 υἱότητα
2801 543 2983 611 σαφῶς
3008 543 3378 614 παριστῶντος
3405 543 3465 594 ὲν
3491 540 3572 610 τῷ
3597 539 3731 609 περὶ

2153 637 2251 707 μὲν
2271 635 2362 689 τοῦ
2383 634 2592 704 Πατρός
2608 633 2804 702 λέγειν·
2827 633 2975 686 Θεὸν
2995 632 3195 699 οὐδεὶς
3214 631 3433 700 ἑώρακε
3465 631 3729 694 πώποτε,

484 745 614 820 περὶ
645 747 703 802 δὲ
730 747 825 801 τοῦ
850 745 1000 799 Υίοῦ·
1046 745 1103 799 ’0
1134 741 1425 815 μονογενὴς
1450 741 1576 805 Υιὸς
1603 742 1632 794 ὁ
1657 739 1731 794 ὢν
1753 741 1833 803 είς
1856 739 1947 792 τὸν
1977 734 2176 790 κόλπον
2207 728 2304 783 τοῦ
2337 727 2572 797 Πατρὸς,
2602 727 2808 788 ἐκεῖνος
2840 722 3161 794 ἐξηγήσατο.

1070 837 1222 895 CAP.
1258 837 1446 893 XXIV.

481 955 637 1020 Quod
675 953 960 1009 Marcellus
988 953 1313 1022 unigenitum
1345 949 1548 1004 Filium
1593 948 1844 1022 Verbum.
1876 950 2046 1004 verbis

704 1023 802 1079 Dei
844 1019 1160 1094 agendorum
1190 1022 1512 1076 inut-uotiuis
1545 1019 1822 1074 auimiiet.

548 1155 910 1210 Admirandas
954 1155 1053 1211 iste
1100 1154 1384 1208 verborum
1405 1150 1616 1206 Christi
1661 1152 1870 1215 doctor,
1905 1164 2045 1220 prae-

481 1257 635 1316 cepta
686 1246 779 1301 Dei
825 1255 879 1302 et
931 1244 1254 1314 agendorum
1299 1240 1820 1297 'commonei‘actoria
1857 1243 2045 1305 verba,

478 1338 838 1406 undecunque
875 1338 940 1390 de
981 1334 1277 1404 Scripturis
1315 1333 1571 1404 colligens
1602 1333 1924 1402 ejuscemodi
1958 1334 2046 1388 de-

481 1429 705 1496 scribit,
751 1427 901 1494 Quod
946 1428 1002 1479 in
1040 1426 1300 1495 principio
1349 1435 1460 1478 erat
1513 1422 1770 1478 Verbum.
1815 1423 2048 1478 Attende

481 1519 684 1581 autem,
723 1516 990 1587 quomodo
1024 1517 1125 1570 boc
1163 1516 1279 1570 vult
1315 1515 1584 1584 probare:
1638 1514 1826 1569 scribit
1869 1523 2046 1567 autem

481 1610 577 1683 {IL
609 1608 740 1678 XLI]
767 1631 782 1666 ;
807 1609 1004 1662 Eorum
1032 1613 1090 1672 ›Ι‹
1114 1607 1362 1663 doctores
1392 1621 1512 1661 cum
1533 1615 1738 1660 tantum
1765 1620 1868 1660 non
1896 1619 2048 1661 vere-

483 1709 670 1754 rentur
699 1697 1026 1753 mentionem
1069 1696 1228 1752 Verbi
1260 1697 1439 1751 facere
1458 1737 1472 1761 ,
1504 1696 1644 1765 quod
1669 1695 1734 1749 ad
1761 1697 1898 1749 hunc
1927 1708 2045 1748 mo-

2776 822 2931 874 ΚΕΦ.
2966 822 3089 874 ΚΔ’.

2148 917 2349 980 Ὅπως
2378 912 2729 980 Μάρκελλος
2754 909 2880 975 τοῖς
2898 912 3102 980 λόγοις
3124 909 3234 980 τοῦ
3262 909 3432 973 Θεοῦ,
3454 909 3588 980 τοῖς
3609 907 3733 964 τῶν·

2217 983 2526 1108 ἔρακτῆων
2557 979 3050 1051 παραγγελτικοῖς
3073 979 3182 1033 τὸν
3201 979 3509 1050 μονογενῆ
3533 982 3733 1052 Λόγον

2258 1070 2424 1124 φωμο
2451 1071 2540 1106 ου.

2219 1145 2329 1216 (36)
2372 1143 2439 1196 ’Ὀ
2467 1135 2954 1214 θαυμαστὸς-οὗτος
2978 1141 3085 1196 τῶν
3113 1139 3348 1212 Χριστοῦ
3373 1141 3549 1212 λόγων
3579 1141 3732 1195 διδά-

2150 1236 2370 1300 σκαλος,
2395 1235 2495 1298 τὰς
2531 1233 2752 1297 ἐντολὰς
2787 1233 2882 1288 τοῦ
2908 1231 3062 1297 Θεοῦ,
3088 1234 3181 1286 καὶ
3208 1233 3335 1296 τοὺς
3359 1232 3734 1304 παραγγελτι-

2148 1330 2280 1392 κοὺς
2319 1328 2425 1380 τῶν
2450 1325 2734 1398 πρακτέων
2753 1324 2968 1394 λόγους,
2993 1324 3099 1379 ἀπὸ
3117 1325 3216 1394 τῆς
3240 1324 3389 1387 Θείας
3408 1322 3734 1393 συναγαγὼν

2147 1419 2392 1492 Γραφῆς,
2418 1417 2656 1471 τοιοῦτόν
2679 1433 2801 1471 τινα
2837 1416 3075 1489 ὁρίζεται
3107 1417 3196 1469 τὸν
3224 1416 3295 1469 ἐν
3323 1414 3481 1485 ἀρκῇ
3509 1417 3730 1485 Λόγον.

2159 1511 2489 1565 Ἐπάκουσον
2519 1508 2598 1575 δὲ,
2629 1509 2777 1572 ὅπως
2802 1507 2976 1561 ταῦτα
3006 1508 3257 1578 συνιστᾷν
3292 1509 3576 1578 πειρᾶται,
3607 1506 3734 1561 τοῦ·

2146 1619 2238 1656 τον
2261 1599 2488 1672 γράφων
2513 1600 2602 1654 τὸν
2631 1599 2851 1671 τρόπον·
2894 1599 3014 1652 Τῶν
3041 1599 3098 1652 δὲ
3133 1600 3494 1653 διδασκόντων
3526 1600 3733 1665 αὐτοὺς

2149 1693 2337 1764 ὥσπερ
2374 1691 2707 1762 αἰδουμένων
2745 1692 2856 1763 (57)
2911 1691 3220 1763 μεμνῆσθαι
3274 1692 3369 1745 τοῦ
3419 1692 3619 1761 Λόγου,
3669 1692 3732 1745 δν

470 1790 607 1843 dum
631 1802 816 1843 omnes
857 1789 1050 1842 divina:
1080 1786 1371 1857 Scriptura:
1395 1787 1709 1847 praedicant.
1731 1785 1879 1839 Unus
1904 1786 2048 1839 enim

2153 1785 2292 1839 οὕτω
2325 1786 2494 1838 πᾶσαι
2523 1785 2580 1837 αἱ
2602 1784 2743 1838 Θεῖαι
2779 1785 3105 1856 κηρύττουσι
3138 1785 3383 1856 Γραφαί·
3422 1787 3451 1838 ὁ
3481 1785 3583 1855 μὲν
3616 1785 3733 1857 γὰρ

482 1880 634 1944 dicit,
671 1878 836 1933 Verbo
864 1879 1076 1932 Domini
1115 1879 1314 1945 ﬁrmati
1339 1887 1457 1931 sunt
1487 1877 1686 1930 cali".
1719 1877 1783 1930 Et.
1832 1877 2048 1941 iterum,

483 1968 674 2025 Emisit
699 1971 925 2044 Verbum
949 1988 1100 2025 suum
1123 1981 1170 2025 et
1195 1973 1397 2025 sanavit
1418 1971 1572 2024 eos".
1597 1969 1661 2022 Et
1684 1968 1934 2023 Salomon
1955 1969 2050 2034 ait,

407 2116 410 2118 ν
484 2063 731 2128 ραωνεηι
761 2077 841 2115 me
878 2061 1119 2129 improbi,
1159 2071 1205 2113 et
1237 2076 1340 2113 non
1381 2060 1638 2112 invenient
1678 2074 1696 2111 :
1724 2059 1938 2111 oderunt
1973 2070 2048 2111 et-

482 2156 619 2208 enim
637 2153 969 2219 sapientiam,
989 2162 1034 2204 et
1063 2149 1285 2205 Verbum
1309 2150 1516 2203 Domini
1538 2165 1638 2203 non
1661 2161 1963 2203 curaverunt
1979 2151 2045 2204 '7.

481 2243 645 2297 Isaias
686 2256 938 2312 quoque:
985 2243 1061 2295 De
1096 2241 1226 2296 Sion
1258 2241 1416 2295 exibit
1453 2241 1556 2304 lex,
1589 2251 1638 2293 et
1687 2239 1906 2294 Verbum
1953 2242 2054 2294 Do-

482 2336 612 2387 mini
655 2335 718 2386 de
744 2332 1036 2388 Jerusalem
1060 2333 1127 2390 ⁷⁸.
1175 2333 1239 2386 Et
1280 2330 1563 2395 Jcremias,
1619 2330 1895 2400 Pudefacti
1931 2341 2049 2384 sunt

481 2427 759 2492 sapientes,
796 2435 844 2478 et
907 2424 1175 2492 terrefacti
1233 2433 1377 2486 sunt,
1428 2432 1476 2477 et
1514 2424 1674 2476 locuti
1727 2433 1866 2486 sunt,
1915 2424 2050 2492 quod

496 2513 714 2568 Verbum
746 2514 956 2568 Domini
981 2515 1273 2582 rejecerunt
1295 2514 1362 2566 7°.
1402 2515 1468 2566 Et
1490 2513 1673 2576 Oseas,
1732 2513 1967 2568 Oderunt
1997 2515 2049 2566 in

480 2608 646 2674 portis
699 2607 1073 2674 increpantem,
1126 2615 1173 2659 et
1225 2607 1432 2659 uerbum
1483 2616 1717 2658 sanctum
1761 2603 2050 2658 abominati

481 2709 598 2748 sunt
623 2697 691 2749 ⁸⁸.
730 2696 985 2750 Micbaaas
1008 2696 1256 2750 similiter
1281 2697 1439 2752 Verbi
1481 2696 1746 2763 meminit,
1780 2706 1838 2750 ut
1861 2696 2046 2762 Isaias,

482 2787 559 2840 De
587 2786 736 2853 Sion,
780 2787 1051 2855 inquiens,
1097 2789 1255 2841 exibit
1288 2788 1391 2849 lex.
1424 2798 1472 2842 et
1506 2786 1724 2842 Verbum
1757 2789 1965 2842 Domini
1988 2794 2049 2842 de

479 2875 798 2931 Jerusalem.
842 2878 964 2932 Haec
991 2888 1271 2947 postquam
1301 2891 1357 2934 et
1409 2881 1491 2935 his
1533 2882 1726 2934 similia
1756 2895 2048 2935 coacerva-

481 2975 654 3028 verat.
692 2967 1060 3022 conﬁrmatam
1084 2983 1234 3023 suam
1267 2980 1416 3024 retur
1452 2970 1518 3022 ab
1546 2971 1663 3024 istis
1696 2971 2044 3024 sententiam.

2151 1877 2278 1947 περὶ
2302 1876 2467 1929 αὑτοῦ
2492 1874 2660 1944 λέγει·
2693 1874 2783 1942 Τῷ
2806 1877 2964 1944 λόγῳ
2987 1876 3205 1944 Κυρίου
3226 1880 3278 1930 οὶ
3294 1877 3537 1945 οὐρανοὶ
3561 1876 3732 1930 ἐστε-

2141 1966 2491 2034 ρεώθησαν·
2546 1962 2702 2030 αὖθίς
2748 1983 2808 2020 τε
2855 1969 2884 2020 ὁ
2928 1967 3113 2031 αὐτὸς,
3154 1967 3579 2032 Ἐξαπέστειλε
3623 1969 3731 2022 τὸν

2149 2060 2341 2127 Λόγον
2369 2059 2580 2123 αὑτοῦ,
2605 2059 2703 2113 καὶ
2741 2059 2949 2113 ίάσατο
2972 2061 3213 2126 αὐτούς.
3232 2060 3482 2131 Σολομῶν
3508 2061 3587 2123 δὲ,
3611 2063 3730 2128 Ζη-

2149 2148 2409 2215 τήσουσί
2425 2167 2502 2218 με
2526 2151 2719 2214 κακοὶ,
2746 2152 2841 2204 καὶ
2870 2153 2982 2220 οὺχ
3009 2151 3397 2220 εὑρήσουσιν,
3425 2153 3731 2221 ἐμίσησαν

2148 2238 2260 2307 γὰρ
2286 2239 2532 2307 σοφίαν,
2553 2238 2659 2291 τὸν
2687 2238 2756 2291 δὲ
2776 2239 2970 2308 Λόγον
2991 2239 3212 2306 Κυρίου
3250 2241 3320 2292 οὐ
3351 2239 3726 2306 προείλοντο.

2163 2330 2384 2392 Ἡσαΐας
2424 2344 2506 2381 τε·
2550 2333 2651 2384 Ἐκ
2684 2330 2835 2383 Σιὼν
2864 2330 3246 2394 ἐξελεύσεται
3273 2329 3386 2397 (58)
3418 2330 3603 2398 νόμος
3628 2330 3729 2383 καὶ

2151 2422 2337 2488 Λόγος
2356 2423 2574 2490 Κυρίου
2586 2422 2666 2486 es
2703 2420 3111 2491 Ἰερουσαλήμ⁸
3134 2422 3225 2474 καὶ
3249 2419 3403 2485 αὖθις
3437 2422 3728 2493 Ἱερεμίας·

2163 2511 2590 2582 ᾙσχύνθησαν
2624 2515 2828 2582 σοφοὶ,
2860 2515 3013 2584 φησὶ,
3050 2513 3147 2567 καὶ
3175 2513 3586 2582 ἐπτοήθησαν,
3628 2512 3731 2566 καὶ

2149 2603 2485 2672 ἐλάλησαν,
2521 2605 2611 2658 ὅτι
2635 2605 2743 2658 τὸν
2770 2606 2956 2674 λόγον
2993 2603 3144 2676 [τοῦ]
3200 2603 3309 2675 (59)
3343 2606 3567 2674 Κυρίου
3616 2606 3730 2660 ἀπ-

2148 2694 2532 2763 εδοκίμασαν.
2551 2697 2662 2750 Καὶ
2704 2697 2860 2767 Ὠσηὲ
2890 2696 3000 2767 (40)
3034 2698 3090 2751 δὲ
3119 2701 3145 2751 ὁ
3175 2700 3476 2768 προφήτης,
3500 2699 3732 2768 Ἐμίση-

2148 2798 2287 2848 σαν,
2314 2786 2438 2858 ἔφη,
2473 2788 2543 2841 ἐν
2569 2788 2784 2854 πύλαις
2815 2789 3162 2857 ἐλέγχοντα,
3197 2789 3295 2842 καὶ
3330 2792 3516 2859 λόγον
3557 2791 3734 2844 ὅσιον

2147 2874 2563 2940 ἐϐδελύξαντο.
2597 2879 2835 2948 Μιχαίας
2857 2871 3142 2950 τεόμοίως
3167 2883 3258 2934 καὶ
3288 2882 3446 2946 αὐτὸς
3472 2883 3606 2955 περὶ
3633 2883 3730 2936 τοῦ

2149 2968 2319 3036 Λόγου
2350 2969 2720 3038 μνημονεύων,
2759 2972 2856 3024 Ἐκ
2877 2971 3041 3035 Σιὼν,
3070 2973 3192 3042 ἔφη,
3219 2973 3602 3037 ἐξελεύσεται
3625 2979 3728 3030 νό-

483 3057 617 3113 Vide
645 3070 821 3113 autem
852 3059 994 3129 quod
1035 3060 1245 3115 diversa
1281 3061 1347 3114 de
1376 3060 1672 3128 Scripturis
1708 3061 1930 3115 collecta
1972 3072 2048 3115 te-

2153 3076 2281 3127 μσς,
2330 3059 2427 3112 καὶ
2455 3062 2643 3129 Λόγος
2693 3064 2916 3130 Κυρίου
2967 3064 3033 3127 ἐξ
3093 3065 3500 3135 Ἰερουσαλήμ.
3542 3067 3730 3122 Ταῦτα

455 3145 737 3207 stimonia
769 3147 820 3200 in
846 3163 1009 3201 unum
1037 3148 1263 3217 coniecit
1294 3161 1309 3200 :
1335 3149 1554 3202 missum
1587 3149 1677 3202 Dei
1705 3147 1938 3203 Verbum
1975 3165 2055 3204 sa-

485 3235 758 3290 Iutii'erum
785 3237 912 3291 illud
940 3247 996 3293 et
1025 3239 1347 3302 curativum,
1379 3239 1709 3295 confundens
1732 3256 1852 3296 cum
1878 3243 2055 3296 admo-

486 3326 685 3379 nitorio
720 3327 1048 3394 agendorum
1087 3327 1271 3382 verbo.
1305 3326 1434 3381 Illud
1481 3331 1700 3393 etenim,
1734 3329 1967 3384 Oderunt
1999 3333 2052 3385 in

482 3417 648 3483 portis
695 3417 1067 3481 increpantem,
1118 3430 1164 3470 et
1201 3417 1426 3471 Verbum
1473 3432 1711 3472 sanctum
1771 3422 2053 3474 abominati

479 3512 602 3556 sunt
637 3519 654 3557 :
687 3506 957 3573 quodnam
989 3507 1144 3562 nobis
1191 3507 1491 3562 subindicat
1535 3507 1800 3563 Verbum?
1833 3524 2052 3577 prorsus

479 3592 614 3648 illud
644 3608 753 3663 quo
779 3596 846 3650 de
900 3596 1060 3665 justis
1098 3598 1402 3653 actionibus
1455 3608 1509 3653 et
1551 3601 1752 3654 sanctis
1810 3601 2053 3656 homines

485 3685 905 3739 commoneﬁunt
935 3705 953 3742 :
995 3687 1235 3753 omnino,
1289 3689 1498 3758 quidvis
1541 3691 1716 3758 potius
1757 3705 1914 3759 quam
1960 3691 2049 3745 [δίο

483 3772 614 3825 Iium
649 3773 740 3827 Dei
765 3774 1002 3841 profiteri
1027 3776 1157 3842 vult,
1190 3788 1440 3848 tanquam
1467 3781 1553 3847 qui
1586 3780 1904 3836 mentionem
1936 3781 2052 3848 ejus

488 3863 666 3917 facere
701 3874 984 3919 metueret.
1013 3866 1117 3922 Nos
1149 3869 1398 3924 novimus
1430 3869 1521 3924 Dei
1564 3870 1753 3925 Filium
1791 3876 2049 3943 prOpriis—

480 3955 623 4009 sime
664 3969 786 4011 esse
832 3957 1050 4022 Filium,
1083 3973 1212 4013 vere
1267 3962 1593 4030 unigenitum
1625 3963 1716 4015 Dei
1749 3981 1761 4016 :
1814 3963 2048 4021 Verbum

484 4061 697 4116 quoque
726 4051 972 4104 eumdem
998 4064 1119 4105 esse
1138 4052 1304 4121 probe
1339 4054 1614 4119 novimus;
1651 4056 1743 4109 sed
1769 4071 1872 4110 non
1903 4060 2052 4113 simi—

482 4137 534 4192 le
567 4138 803 4193 humano
861 4140 1164 4209 cuicunque
1217 4143 1401 4196 verbo.
1459 4144 1526 4195 At
1574 4143 1730 4212 quale
1759 4156 1926 4214 paret,
1981 4164 2052 4202 az-

483 4243 648 4293 quum
684 4239 780 4288 ,est
831 4242 1047 4286 exstare
1098 4229 1330 4286 Verbum
1360 4232 1452 4287 Dei
1499 4234 1699 4295 vivum,
1735 4237 2049 4304 subsistens,

483 4331 737 4387 tanquam
765 4322 854 4389 qui
886 4324 954 4376 sit
981 4323 1164 4378 Filius.
1203 4324 1250 4378 Is
1273 4340 1399 4378 vero
1427 4325 1655 4380 Verbum
1683 4328 2047 4393 indicativum,

2157 3149 2258 3222 [δὲ]
2278 3149 2389 3220 (41)
2411 3153 2503 3205 καὶ
2525 3151 2593 3204 τὰ
2611 3153 2817 3217 τούτοις
2832 3154 3034 3224 ἀδελφὰ
3052 3157 3392 3226 συναγαγὼν,
3437 3159 3727 3231 κρατύνειν

2153 3240 2239 3293 διὰ
2259 3241 2459 3295 τούτων
2475 3243 2571 3314 τὴν
2594 3245 2784 3297 ἑαυτοῦ
2804 3245 2959 3311 δόξαν
2979 3250 3215 3317 ἡγεῖται.
3241 3250 3380 3320 Ὅρα
3395 3250 3451 3302 δὲ
3474 3251 3724 3322 mirga?)

2152 3333 2326 3404 φορὰς
2371 3335 2470 3398 τὰς
2500 3337 2608 3389 ἀπὸ
2639 3337 2738 3406 τῆς
2791 3338 2940 3402 θείας
2973 3340 3195 3411 Γραφῆς
3243 3345 3542 3414 μαρτυρίας
3590 3343 3725 3414 ὁμοῦ

2154 3423 2449 3493 συνήγαγε,
2481 3427 2576 3478 καὶ
2598 3427 2689 3482 τὸν
2713 3429 3174 3500 ἀποστελλόμενον
3195 3431 3315 3502 (45)
3345 3433 3440 3487 τοῦ
3471 3435 3608 3488 Θεοῦ
3629 3437 3727 3490 Λό-

2151 3534 2266 3585 γον,
2321 3520 2414 3572 τδν
2458 3521 2742 3592 σωτήριον,
2775 3523 2868 3575 καὶ
2914 3524 3140 3587 ίατικδν,
3185 3526 3279 3578 καὶ
3316 3526 3407 3580 τὸν
3448 3527 3558 3581 τῶν
3583 3546 3723 3599 πρα-

2150 3610 2324 3664 κτέων
2344 3614 2875 3682 παραγγελτικόν.Τὸ
2902 3619 3029 3689 γὰρ,
3062 3620 3394 3689 Ἐμίσησαν
3410 3623 3480 3676 ἐν
3497 3625 3718 3689 πύλαις

2149 3703 2494 3772 ἐλέγχοντα,
2534 3707 2631 3760 καὶ
2664 3710 2847 3778 λόγον
2884 3710 3056 3765 ὅσιον
3105 3713 3522 3779 ἐϐδελύξαντο,
3573 3721 3723 3771 ποῖον

2153 3792 2460 3845 ὑποτίθεται
2486 3795 2655 3862 Λόγον
2677 3813 2690 3860 ;
2719 3797 2752 3867 ἢ
2782 3795 2998 3862 πάντως
3034 3817 3134 3852 που
3166 3801 3256 3853 τὸν
3279 3803 3406 3873 περὶ
3433 3803 3540 3855 τῶν
3563 3804 3724 3857 ὁσίων

2153 3883 2261 3952 (44)
2310 3886 2401 3936 καὶ
2431 3885 2652 3940 δικαίων
2675 3887 2925 3958 πράξεων
2977 3893 3432 3961 παραγγελτικόν·
3466 3895 3641 3949 πάντα
3665 3914 3720 3950 τε

2155 3973 2352 4042 μᾶλλον
2401 3975 2432 4044 ἢ
2483 3977 2570 4030 τὸν
2615 3977 2745 4032 Υίὸν
2787 3980 2882 4032 τοῦ
2933 3980 3066 4035 Θεοῦ
3117 3985 3394 4055 ὁμολογεῖν
3453 3987 3716 4056 βούλεται,

2149 4063 2336 4137 ὥσπερ
2359 4069 2669 4139 αἰδούμενος
2702 4073 3069 4141 μνημονεῦσαι
3099 4076 3191 4128 τοῦ
3218 4077 3363 4129 Υίοῦ.
3405 4079 3594 4147 Ἡμεῖς
3624 4080 3718 4149 μὲν

2151 4155 2259 4225 γὰρ
2314 4157 2530 4229 οἴδαμεν
2577 4161 2666 4213 τὸν
2715 4164 2841 4216 Υίὸν
2892 4165 2984 4218 τοῦ
3028 4166 3161 4219 Θεοῦ
3203 4168 3540 4239 κυριώτατον
3592 4172 3720 4227 ὁντσ.

2153 4246 2298 4308 Υίὸν,
2341 4250 2433 4301 καὶ
2465 4251 2681 4321 ἀληθῶς
2716 4257 2974 4327 μονογενῆ
3021 4257 3114 4309 τοῦ
3143 4259 3298 4323 Θεοῦ,
3334 4262 3427 4313 καὶ
3465 4262 3635 4330 Λόγον
3663 4262 3719 4318 δὲ

2153 4336 2311 4387 αὑτὸν
2340 4338 2580 4408 ἀκριϐῶς
2617 4341 2780 4410 ῖσμεν
2809 4345 2907 4413 οὐχ
2939 4345 3119 4414 ὅμοιον
3156 4345 3234 4416 τῷ
3278 4348 3335 4399 ὲν
3376 4348 3714 4420 ἀνθρώποις·

482 4418 536 4461 et
570 4409 896 4477 agendorum
934 4412 1500 4469 commonefactorinm
1537 4416 1899 4483 introducens,
1943 4443 2045 4472 ηυιι

2153 4427 2261 4478 ἀλλ’
2289 4425 2394 4481 οἷον
2423 4409 2692 4501 προσήκει
2718 4438 2856 4487 νοεῖν
2875 4409 3004 4504 μό)
3039 4436 3173 4490 Θεοῦ
3201 4409 3390 4506 Λόγον,
3421 4409 3598 4505 Cinna
3628 4409 3718 4499 καὶ

481 4497 749 4554 immerito
772 4499 965 4556 Filium
997 4502 1089 4558 Dei
1119 4505 1361 4559 confiteri
1393 4515 1646 4575 gravatur
1674 4521 1829 4575 quem
1868 4511 2044 4578 reipsa

477 4590 790 4658 abnegavit.

483 4897 546 4944 ιι,
583 4886 635 4937 5.
721 4887 763 4917 ⁷³
795 4887 908 4943 Jer.
950 4886 1150 4955 vnn—9.
1227 4893 1273 4924 ⁸⁸
1306 4891 1430 4949 Ose.
1466 4911 1538 4960 ιι,
1571 4895 1656 4949 I7.

557 5026 670 5107 (36)
701 5027 873 5107 Caput
908 5031 976 5084 Ἡ
1019 5032 1326 5107 immediate
1355 5033 1622 5107 dependet
1661 5049 1693 5087 a
1729 5039 2021 5107 superiore,

486 5100 753 5170 pendente
776 5101 949 5154 adhuc
985 5103 1246 5155 sententia
1286 5103 1500 5170 prioris.
1528 5103 1594 5155 Μ.

555 5165 666 5243 (37)
702 5165 1356 5243 'Qo'x_ep_gl8ovttértor.
1422 5171 1864 5243 Sic_legendum,
1935 5193 2038 5234 non

482 5233 814 5304 αἰδούμενος.
849 5233 1194 5372 Μέδοωιῦε
1220 5258 1336 5295 sum
1367 5239 1549 5312 codd.]

553 5305 664 5372 (38)
707 5305 871 5372 Vulgo
893 5311 921 5360 ὲ
957 5310 1261 5372 ελεύσηται.

694 5305 871 5379 fulgo
893 5305 1261 5379 ὲξελεύσηται.

575 5376 641 5428 59
694 5375 800 5427 Τοῦ
839 5392 948 5432 om.
985 5381 1139 5432 codd.

551 5375 664 5513 (At);
699 5445 807 5498 Itno
859 5448 1037 5513 Ἀμώς
1082 5464 1133 5512 v,

552 5444 662 5514 (δυ)

483 5511 697 5581 ὁμοίως.

484 5583 664 5720 “(4:17)
713 5582 902 5642 Omitt.
935 5586 1114 5646 codd.:
1155 5589 1276 5645 dein
1302 5588 1456 5659 vulgo
1504 5591 1597 5644 καὶ
1631 5591 1838 5659 τούτοις
1868 5597 2030 5667 ὅμοια

646 5306 664 5514 Ξ

699 5445 807 5498 Itno
859 5448 1037 5518 Ἀμώς
1082 5464 1133 5512 v,
1187 5450 1274 5508 iO.
1338 5449 1455 5505 Mox
1516 5448 1670 5520 vulgo
1723 5453 1892 5522 αὐτὸς
1947 5458 2044 5512 καὶ
2088 5489 2091 5493 -

2147 4517 2433 4591 ὑφεστῶτα
2460 4524 2534 4584 ὼς
2569 4523 2694 4576 Υίόν
2731 4525 2861 4593 (46)·
2900 4527 2928 4578 ὁ
2959 4527 3015 4580 δὲ
3049 4528 3205 4596 λόγον
3259 4534 3592 4602 σημαντικὸν
3626 4537 3717 4589 καὶ

2149 4607 2254 4658 τῶν
2274 4610 2559 4679 πρακτέων
2584 4616 3014 4684 παραγγελτικὸν
3038 4620 3290 4688 εἰσάγων,
3310 4623 3534 4688 εἰκότως
3554 4623 3715 4678 ὤκνει

2145 4695 2237 4748 τὸν
2264 4699 2389 4754 Υίὸν
2413 4703 2713 4772 ὁμολογεῖν,
2748 4707 2806 4758 ὃν
2840 4708 2986 4778 αὐτῷ
3013 4710 3158 4781 ἔργῳ
3186 4714 3420 4783 ἠρνεῖτο.

561 4819 615 4914 ξ
654 4815 974 4914 Ed1..I:at:is.,
1006 4836 1129 4914 pagg
1167 4823 1409 4914 “in”
1446 4824 1668 4914 ὁοοηίηι,
1705 4827 1788 4882 I8.
1864 4829 1910 4861 ⁷⁵
1944 4829 2042 4885 Psa

2161 4853 2268 4893 mi
2325 4841 2380 4894 7.
2453 4842 2500 4873 ⁷⁸
2530 4843 2672 4899 Psal.
2706 4861 2814 4911 ενι,
2849 4848 2935 4901 20.
2989 4851 3033 4882 ⁷⁷
3073 4850 3234 4906 Prov.
3263 4869 3374 4910 XIV.
3409 4855 3462 4910 6.
3539 4857 3582 4886 ⁷⁸
3612 4857 3714 4914 Isa.

2211 5048 2782 5133 (‘42l."_0:r_wc'9odp_ctc.
2831 5054 3026 5133 Facilis
3085 5061 3394 5133 correctio,
3424 5060 3710 5133 διαφοράς·

2149 5119 2239 5196 sed
2268 5122 2394 5199 quid
2423 5125 2465 5174 si
2496 5119 2669 5199 φύρας
2693 5126 2936 5199 legatur?
2963 5136 3109 5181 certe
3133 5130 3275 5182 enim
3311 5119 3424 5182 vult
3448 5119 3567 5184 enin
3595 5119 3714 5199 ’μωὶ-

2143 5193 2422 5270 miscuisse
2447 5198 2627 5244 omnia
2660 5207 2857 5270 susque
2891 5197 3098 5270 deque;
3130 5201 3311 5270 statim
3337 5201 3546 5270 legend.
3572 5193 3710 5257 απο-

2145 5257 2515 5336 στελλόμενον,
2539 5271 2597 5336 ut
2623 5257 2824 5336 eratin
2852 5257 3129 5336 margine.
3175 5268 3243 5321 Μ.

2215 5328 2518 5469 (ὁῦζνιιιεο
2539 5333 2915 5391 ἀποστολικόν.

2215 5399 2303 5455 (44
2356 5401 2525 5469 Vulgo
2551 5403 2765 5467 πάντως
2791 5404 2915 5456 τοῦτ

2355 5401 2525 5478 fulgo
2551 5403 2765 5467 πάντως
2791 5404 2977 5459 τοῦτον
3008 5407 3138 5476 περὶ
3174 5407 3270 5478 τὴν
3299 5410 3484 5465 ὁσίων.

2215 5469 2327 5539 (45)
2355 5469 2523 5539 Vulgo
2562 5487 2668 5524 om.
2705 5478 2863 5529 νοεῖν.

2140 5537 2634 5675 ήγὲιῗϐᾖΙὨςΥἰόν.
2673 5544 2846 5612 Deest,
2878 5547 3088 5617 Opinor,
3107 5547 3346 5620 νομίζειν
3377 5562 3495 5621 post
3533 5569 3702 5627 προσ.

2178 5624 2280 5660 κει.
2309 5624 2367 5660 Μ.
