4032 6454
275 309 386 368 96!:

909 420 1070 475 ΚΕΦ.
1114 421 1242 475 KE’.

472 514 672 579 Ὅπως
699 515 730 565 ό
751 512 934 577 αὐτὸς
960 504 1153 578 ¹ἑαυτῷ
1176 513 1419 567 ἐναντία
1452 514 1696 583 ἔγραψε.

349 602 482 660 Εἶτα
514 607 607 659 καὶ
644 604 805 666 αὐτὸς
843 605 1021 675 ἐαυτῷ
1059 606 1320 660 τάναντία
1352 602 1466 675 (47)
1507 606 1736 678 γράφων
1767 623 1868 658 ουκ

271 697 544 751 αῐσθεται.
588 698 675 750 Ἐν
702 696 909 765 ἑτέροις
940 695 1038 764 μὲν
1069 695 1178 766 γὰρ
1210 696 1622 766 διῖσχυρίζεται,
1663 697 1867 768 μηδένα

271 783 371 836 τοῦ
415 784 679 854 προτέρου
726 783 878 848 λαοῦ,
913 784 981 838 τά
1030 782 1172 838 κατά
1216 785 1307 838 τὸν
1336 786 1508 854 Λόγον
1547 790 1862 855 ἐγνωκέναι.

272 876 590 946 Μυστήριον
617 870 879 946 γὰρεῖναι
907 877 1424 948 ἀποκεκρυμμένον.
1452 880 1657 950 Γράφει
1680 880 1735 933 δὲ
1761 874 1864 934 ὦδε

274 967 468 1029 αὑταῖς
494 965 709 1032 λέξεσι·
747 986 765 1018 ι
792 967 857 1019 Τί
883 969 990 1039 γὰρ
1016 968 1201 1040 ἕτερον
1237 965 1305 1042 ἦν
1335 970 1828 1045 ἀποκεκρυμμένον
1846 1015 1860 1038 ,

280 1061 614 1128 «μυστήριον
635 1058 667 1128 ἢ
695 1059 754 1111 τὸ
779 1060 921 1113 κατά
943 1060 1034 1112 τὸν
1056 1061 1227 1130 Λόγον
1254 1061 1428 1126 ;οὖτω
1443 1065 1498 1117 δὲ
1518 1065 1629 1135 (48)
1648 1062 1714 1136 ἢν
1729 1067 1864 1120 ἀπο-

276 1165 296 1196 ς
323 1148 702 1218 κεκρυμμένον
727 1150 786 1202 ὲν
814 1149 892 1219 τῷ
909 1150 1049 1220 Θεῷ,
1085 1154 1237 1204 τουτὶ
1269 1153 1536 1226 πρότερον
1571 1157 1632 1208 τὸ
1659 1158 1864 1227 μυστή-

275 1256 296 1288 σ
330 1255 464 1308 ριον,
489 1239 629 1293 ὥστε
668 1240 872 1310 μηδένα
915 1242 1010 1295 τοῦ
1047 1243 1312 1314 προτέρου
1348 1239 1501 1309 λαοῦ,
1560 1248 1747 1316 σαφῶς
1795 1250 1862 1303 τὰ

273 1328 455 1379 «κατά
477 1329 564 1381 τὸν
592 1329 765 1398 Λόγον
786 1330 1011 1382 εἰδέναι·
1042 1331 1155 1384 ἀλλ’
1184 1335 1350 1403 ἡμᾶς,
1379 1335 1472 1387 τοῦ
1506 1335 1736 1390 πλούτου
1764 1339 1864 1409 τῆς

271 1435 294 1468 ι
324 1417 483 1488 δόξης
539 1421 633 1472 καὶ
677 1419 769 1473 τοῦ
820 1422 1314 1506 ἀποκεκρυμμένου
1378 1430 1677 1500 μυστηρίου
1726 1433 1860 1484 ἀπο-

273 1526 297 1560 ι
323 1509 509 1563 λαύειν
531 1511 666 1564 νυνί.
696 1531 713 1562 ι
737 1513 846 1566 Καὶ
875 1510 1029 1578 αὖθις
1061 1516 1323 1584 ἐπιλέγει,
1347 1538 1364 1569 t
1390 1520 1446 1570 '0
1463 1520 1517 1573 δὲ
1556 1523 1697 1592 ἱερὸς
1727 1524 1863 1576 ἀπό-

275 1619 297 1652 ι
319 1600 502 1664 στολός
528 1619 586 1654 τε
618 1605 711 1656 καὶ
740 1604 985 1676 μαθητὴς
1012 1606 1102 1659 τοῦ
1130 1610 1338 1690 Κουρίου
1377 1612 1646 1681 Ἰωάννης,
1676 1615 1861 1683 σαφῶς

261 1711 294 1742 Ἰ
319 1693 414 1746 καὶ
459 1693 752 1765 διαρρήδην
779 1698 836 1748 ἐν
882 1698 1022 1769 ἀρχῇ
1059 1699 1154 1752 τοῦ
1195 1701 1529 1770 Εύαγγελίου
1568 1706 1857 1771 διδάσκων,

1255 309 1341 363 DE
1384 308 1921 365 ECCLESIASTICA
1961 311 2348 366 TllE(lLt)GlA
2381 263 2517 367 ILIB.
2563 309 2621 365 ll.

1901 430 1949 487 Α
2587 421 2739 478 car.
2777 421 2940 478 xxv.

3458 305 3563 364 966

2242 514 2485 580 Qualiter
2511 515 2611 568 sibi
2644 515 2746 584 ipsi
2776 513 3044 567 contraria
3072 512 3286 567 scribat.

2041 603 2156 660 Non
2209 607 2456 675 intelligit
2489 622 2652 676 porro
2686 607 2831 676 quod
2875 603 2977 658 sibi
3009 603 3108 671 ipsi
3139 601 3562 658 contradictoria

1969 698 2182 753 scribit.
2220 696 2432 751 Alicubi
2475 697 2744 765 siquidem
2777 703 3160 750 asseveranter
3195 691 3407 757 statuit,
3436 691 3562 745 nul-

1970 790 2078 841 lum
2132 790 2342 858 penitus
2382 789 2448 843 de
2492 788 2714 856 antiquo
2771 785 2862 840 illo
2914 783 3110 854 papulo
3161 783 3452 852 quidquam
3493 782 3562 836 de

1970 880 2148 935 Verbo
2175 882 2516 949 cognovisse.
2567 879 2704 932 Nam
2736 887 2852 932 erat
2875 876 3198 945 mysterium
3238 881 3296 937 >14
3325 873 3561 928 abscon-

1968 973 2159 1038 ditum,
2189 973 2384 1042 inquit.
2419 970 2596 1025 Verba
2629 970 2744 1039 ejus
2769 979 2897 1023 sunt
2929 966 3020 1039 [Β.
3046 967 3210 1032 XLV,
3247 966 3372 1020 coll.
3405 981 3458 1029 p.
3486 964 3558 1017 40

1969 1061 2034 1135 D]
2068 1079 2082 1117 :
2127 1083 2143 1114 ι
2164 1063 2306 1129 Quid
2335 1062 2480 1116 aliud
2508 1071 2623 1116 erat
2655 1064 2971 1130 mysterium
2998 1060 3124 1114 illud
3149 1060 3555 1119 absconditum,

1972 1174 1990 1204 ι
2017 1170 2175 1222 quam
2207 1154 2332 1208 illud
2369 1155 2432 1208 de
2458 1151 2678 1208 Verbo?
2731 1152 2863 1206 Nam
2896 1161 3016 1206 erat
3079 1152 3181 1206 ltoc
3232 1151 3553 1221 mysterium

1972 1267 1989 1297 ι
2014 1247 2149 1300 adeo
2174 1246 2300 1298 olim
2335 1247 2386 1300 in
2427 1246 2537 1300 Deo
2562 1245 2962 1310 absconditum,
2999 1252 3058 1298 ut
3089 1257 3120 1298 e
3143 1244 3309 1313 priori
3341 1242 3432 1297 illo
3459 1257 3555 1312 po—

1971 1356 1988 1386 (
2014 1338 2157 1406 pulo,
2189 1337 2362 1392 nullus
2389 1337 2547 1406 plane
2579 1338 2680 1392 hoc
2716 1339 2890 1406 ipsum
2933 1337 3275 1406 intelligeret.
3310 1335 3415 1389 Sed
3456 1351 3555 1388 no-

1972 1429 2096 1482 tbis
2137 1427 2249 1496 jam
2296 1443 2549 1483 concessa
2607 1438 2692 1482 est
2751 1428 2940 1484 fruitio
2995 1428 3307 1482 divitiarum
3370 1427 3555 1495 gloria:

1971 1540 1988 1571 ‹
2019 1520 2205 1590 ipsius,
2243 1530 2296 1575 et
2350 1521 2591 1592 mysterii
2627 1521 2770 1575 illius
2816 1520 3264 1575 reconditissimi.
3293 1539 3311 1570 )
3355 1520 3553 1572 Statim

1967 1629 2096 1667 vero
2159 1613 2425 1666 subinlert
2461 1611 2554 1684 [Β.
2590 1610 2752 1665 XLVI
2801 1611 2926 1668 coll.
2981 1626 3036 1680 p.
3085 1611 3156 1665 56
3202 1611 3243 1664 D
3297 1611 3396 1664 HS
3425 1608 3489 1681 C]
3537 1628 3550 1664 :

1973 1704 2404 1759 «Sanctissimus
2455 1719 2581 1759 vero
2631 1703 2925 1773 apostolus,
2975 1711 3030 1756 et
3061 1702 3272 1756 Domini
3315 1702 3555 1771 discipu-

269 1802 289 1833 ι
314 1783 594 1852 ὠςάγνοού
605 1804 762 1855 μενον
785 1789 842 1839 ὲν
864 1790 1170 1861 ἀνθρώποις
1191 1795 1475 1865 πρότερον,
1506 1799 1676 1864 Λόγον
1695 1799 1852 1852 αὐτὸν

1969 1818 1984 1846 ι
2013 1799 2090 1851 Ius
2117 1797 2372 1861 Joannes,
2417 1799 2645 1850 exertim
2680 1805 2736 1850 et
2778 1805 2966 1866 aperte
2995 1796 3046 1848 in
3082 1806 3275 1850 exortu
3315 1795 3556 1860 Evange-

269 1893 288 1924 ι
316 1874 412 1928 τοῦ
450 1879 890 1952 παντοκράτορος
925 1881 1227 1952 ὀνομάζων,
1263 1887 1432 1952 οὕτως
1458 1890 1583 1961 ἔφη,
1630 1893 1726 1944 Ἐν
1761 1894 1856 1961 ἀρ-

270 1985 290 2016 ε
316 1966 399 2036 χῇ
422 1965 501 2038 ἦν
529 1973 560 2023 ὁ
589 1972 797 2040 Λόγος.
831 1993 849 2024 ι
899 1976 986 2027 Ἐν
1020 1975 1230 2040 τούτοις
1255 1979 1354 2049 μὲν
1385 1978 1478 2033 οὖν
1506 1984 1855 2055 ἀποκεκρυμ-

266 2060 428 2131 μένον
456 2064 752 2133 μυστήριον
799 2065 1088 2136 διορίζεται
1119 2065 1257 2122 εἷναι
1280 2071 1360 2133 τὸ,
1399 2089 1462 2124 πε
1475 2075 1526 2143 pl.
1559 2075 1651 2126 τοῦ
1685 2074 1855 2142 Λόγον

261 2151 408 2220 ἔχειν
427 2153 518 2206 τὸν
542 2153 692 2220 Θεὸν,
729 2157 784 2210 ἐν
817 2157 872 2208 δὲ
902 2152 1022 2220 ταῖς
1051 2160 1253 2230 ἀρτίως
1281 2164 1702 2232 παρατεθείσαις
1729 2184 1857 2238 προ-

263 2247 525 2313 φητικαίς
551 2249 772 2312 φωναῖς,
795 2248 974 2312 πάσας
996 2250 1093 2313 τὰς
1121 2251 1271 2315 θείας
1296 2254 1518 2324 Γραφάς
1540 2256 1852 2327 κηρύττειν,

261 2337 332 2390 τά
381 2340 510 2408 περὶ
562 2339 725 2392 αὐτοῦ
778 2342 1078 2412 συνίστησι,
1121 2344 1216 2397 καὶ
1269 2346 1487 2413 συνάγει
1523 2349 1652 2418 περὶ
1680 2350 1853 2416 Λόγου

261 2426 421 2491 Θεοῦ,
454 2427 712 2492 πλείστας
733 2430 865 2492 ὅσας
898 2432 1224 2503 μαρτυρίας.
1251 2434 1364 2487 Οὐκ
1394 2431 1500 2506 ἆρα
1530 2433 1596 2506 ἦν
1633 2439 1856 2504 ἀγνοού-

263 2536 426 2588 μενος
454 2520 531 2589 τῷ
565 2523 814 2592 προτέρῳ
841 2523 974 2594 λαῷ·
1007 2527 1208 2588 πάντες
1237 2528 1345 2598 γὰρ
1374 2530 1552 2591 αὐτοὶ,
1589 2532 1714 2593 τοὺς
1743 2549 1852 2583 τοι-

243 2608 450 2674 ·ούτους
483 2611 673 2679 λόγους
706 2613 902 2684 ᾔδεσαν
942 2615 1044 2667 ἀνά
1072 2617 1264 2686 στόμα,
1302 2621 1395 2671 καὶ
1421 2621 1509 2672 διά
1545 2623 1762 2693 μνήμης
1787 2623 1856 2676 τὰ

257 2706 575 2772 προφητικά
599 2705 751 2773 λόγια
777 2709 1052 2779 φέροντες.
1089 2710 1246 2764 Ἀλλά
1267 2713 1356 2764 τὸν
1385 2718 1715 2784 γραμματέα
1745 2718 1853 2769 τῶν

273 2794 539 2848 Ἰουδαίων
566 2799 697 2866 ἡμῖν
729 2801 756 2851 ό
788 2801 1109 2870 Χριστιανὸς
1141 2805 1486 2874 προΐσχεται’
1515 2809 1622 2859 οὐκ
1641 2809 1852 2862 ἀκούων

257 2883 353 2936 τοῦ
378 2885 628 2957 Σωτῆρος
656 2888 927 2956 λέγοντος,
963 2893 1107 2944 Οὐαὶ
1146 2895 1305 2961 ὑμῖν,
1339 2899 1718 2965 γραμματεῖς,
1754 2902 1851 2953 καὶ

256 2977 566 3044 Φαρισαῖοι
589 2981 924 3047 ὑποκριταὶ,
966 2983 1243 3055 θαυμάζει.
1266 3004 1323 3038 τε
1367 2989 1529 3041 αὑτὸν
1565 2990 1670 3060 (49)
1706 2993 1852 3063 ὅρκῳ

257 3069 620 3140 πιστούμενον
671 3074 752 3125 ὅτι
794 3072 896 3139 Εἷς
937 3076 1108 3129 ἐστιν
1148 3082 1179 3131 ό
1228 3080 1390 3144 Θεὸς.
1438 3082 1535 3134 καὶ
1581 3087 1692 3136 οὐκ
1720 3087 1851 3138 ἐστι

254 3159 427 3225 πλὴν
467 3162 674 3225 αὑτοῦ,
709 3163 810 3217 οὐκ
843 3165 1020 3231 εἰδὼς,
1060 3168 1140 3219 ὅτι
1174 3169 1266 3221 καὶ
1313 3171 1380 3222 τὰ
1427 3171 1714 3242 «δαιμόνια
1763 3194 1851 3229 πι-

259 3268 278 3300 ι
305 3249 576 3312 στεύουσι,
609 3253 701 3304 καὶ
731 3254 1029 3321 φρίττουσι.
1061 3275 1080 3307 ι
1125 3257 1290 3326 Τήρει
1327 3259 1381 3310 δὲ
1404 3260 1549 3322 ὅπως
1584 3263 1641 3328 ἐξ
1670 3265 1850 3316 αὐτῶν

251 3341 364 3396 τῶν
389 3345 742 3413 προφητικῶν
768 3346 1020 3416 Γραφῶν,
1053 3348 1118 3400 τά
1153 3351 1280 3421 περὶ
1305 3352 1477 3417 Λόγου
1503 3354 1723 3421 συνάγει
1752 3356 1845 3408 τοῦ

250 3433 364 3485 τῶν
396 3435 682 3504 πρακτέων
722 3437 1133 3494 διδασκαλικοῠ·
1169 3443 1226 3494 ὃν
1269 3446 1361 3498 καὶ
1411 3447 1676 3500 Ἰουδαίων
1723 3452 1849 3501 παῖ-

248 3524 341 3586 δες
372 3526 656 3597 γνωρίζειν
683 3531 1106 3600 ὁμολογήσουσιν
1137 3537 1270 3604 (50),
1300 3539 1392 3589 άτε
1419 3557 1524 3609 πρε.
1554 3539 1713 3608 ἡμῶν
1733 3540 1850 3592 τοῦ-

248 3631 347 3666 τον
400 3617 824 3690 παρειληφότες.
889 3625 1027 3676 Ἀλλ’
1061 3627 1182 3679 οὐδὲ
1224 3628 1386 3691 αὐτὸς
1431 3631 1717 3692 Σαϐέλλιος
1757 3633 1848 3684 τὸν

249 3704 494 3760 τοιοῦτον
530 3712 712 3778 ἠγνόει
735 3715 924 3781 Λόγον.
965 3717 1087 3779 Πῶς
1107 3715 1198 3770 οὖν
1230 3721 1513 3785 Ἰουδαίους
1544 3725 1634 3775 καὶ
1659 3724 1847 3777 Σαϐέλ-

250 3798 368 3850 λιον
413 3801 650 3866 κόπτων,
694 3805 764 3875 μὴ
801 3807 1094 3874 ἐγνωκέναι
1148 3811 1236 3862 τὸν
1285 3813 1455 3879 Λόγον
1514 3814 1638 3882 ἔφη,
1675 3815 1738 3866 δι’
1771 3810 1846 3868 ὦν

254 3890 578 3961 παρεθέμην
608 3893 772 3946 αὑτοῦ
810 3899 1037 3964 φωνῶν;
1088 3901 1194 3951 Καὶ
1239 3903 1423 3974 ἐπειδὴ
1462 3906 1843 3973 ἀποπέφανται

249 3983 279 4034 ό
308 3983 488 4045 αὐτὸς,
533 3985 618 4038 διὰ
660 3987 766 4039 τῶν
796 3990 1121 4060 ἔμπροσθεν,
1167 3995 1242 4056 ὡς
1285 3995 1456 4058 οὐδεὶς
1490 3997 1711 4050 ἐδύνατο
1754 4000 1844 4051 τὸν

251 4073 387 4126 Θεὸν
430 4077 648 4139 εἰδέναι,
681 4081 800 4132 οὐδὲ
829 4084 919 4134 τὸν
953 4085 1122 4152 Λόγον
1150 4086 1432 4157 γνωρίζειν
1463 4090 1626 4142 αὑτοῦ
1683 4093 1729 4142 εἰ
1767 4093 1838 4162 μὴ

249 4163 352 4235 τὴν
392 4167 574 4220 είκόνα
624 4171 833 4238 εἰλήφει
863 4173 954 4225 τοῦ
1015 4175 1245 4245 ἀοράτου
1287 4179 1444 4243 Θεοῦ,
1503 4180 1701 4251 δηλαδὴ
1745 4183 1842 4251 τὴν

252 4255 452 4326 σάρκα,
488 4259 563 4321 ὡς
597 4262 755 4324 αὐτὸς
786 4262 924 4333 ἔφη·
980 4264 1087 4330 (διὰ
1134 4267 1300 4337 μόνης
1333 4270 1441 4340 γὰρ
1493 4273 1590 4340 τῆς
1635 4275 1839 4336 εἰκόνος

249 4347 612 4418 γνωρίζεσθαι
653 4352 744 4403 τὸν
777 4354 908 4405 Θεὸν
943 4356 1033 4407 καὶ
1068 4356 1155 4407 τὸν
1206 4359 1390 4411 τούτου
1438 4362 1607 4428 Λόγον
1651 4363 1842 4415 διετεί-

248 4457 399 4504 νατο,
434 4441 531 4510 τὴν
567 4444 744 4513 σάρκα
781 4445 953 4513 λέγων
1010 4445 1267 4520 εἶναιτὴν
1303 4453 1544 4522 εἰκόνα
1591 4456 1836 4527 ύπομνη-
1872 4480 1913 4534 υ

250 4531 404 4582 στέον
453 4531 540 4583 διὰ
575 4533 680 4584 τῶν
733 4538 1109 4606 προκειμένων
1157 4540 1230 4602 ὡς
1259 4541 1378 4609 δίχα
1432 4543 1528 4612 τῆς
1574 4546 1836 4616 ἐνσάρκου

249 4623 550 4690 παρουσίας
580 4624 815 4678 Ἰουδαῖοι
868 4628 1068 4690 πάντες
1114 4629 1203 4680 τὸν
1230 4629 1383 4697 λόγον
1428 4633 1518 4684 τοῦ
1554 4633 1711 4696 Θεοῦ,
1747 4637 1841 4687 καὶ

245 4713 372 4774 τοὺς
413 4713 603 4781 λόγους
635 4717 759 4778 τοὺς
799 4719 854 4768 ἐν
881 4722 998 4781 ταῖς
1033 4726 1396 4792 προφητικαῖς
1427 4729 1684 4794 γραφαῖς,
1730 4728 1838 4778 τῶν

247 4802 409 4855 ὁσίων
453 4805 627 4875 ἔργων
687 4812 1177 4880 παραγγελτικους,
1225 4816 1467 4884 ἀκριϐῶς
1523 4818 1737 4886 ᾔδεσαν,
1782 4821 1840 4882 ἐξ

249 4893 474 4946 ἁπαλῶν
527 4898 732 4966 ὀνύχων
781 4902 1002 4964 τούτους
1050 4907 1553 4974 καταμελετῶντες”
1605 4912 1697 4962 καὶ
1750 4912 1839 4964 τὸν

248 4984 381 5036 Θεὸν
407 4985 718 5058 ὡμολόγουν
742 4991 831 5043 τὸν
859 4995 1072 5047 πάντων
1107 4999 1333 5067 ποιητὴν
1361 4999 1452 5050 καὶ
1475 4999 1799 5070 δημιουργόν
1821 5020 1833 5032 ·

247 5076 437 5149 ὥσπερ
471 5076 564 5135 οὖν
607 5085 699 5135 καὶ
723 5087 1104 5154 γραμματεὺς,
1138 5090 1164 5140 ό
1193 5088 1257 5140 δι’
1291 5089 1452 5159 ὅρκου
1485 5092 1842 5160 πιστούμενος

328 5289 386 5346 ›Ι‹
424 5284 519 5339 Ed.
549 5286 726 5345 Paris.
781 5306 896 5361 pag.
937 5293 1058 5347 144.
1149 5295 1188 5324 δι
1223 5295 1378 5350 Joan.
1413 5311 1450 5361 ι,
1487 5296 1537 5350 l.

313 5531 425 5602 (47)
469 5531 639 5599 Vulgo
668 5536 887 5589 ἐναντία

461 5602 631 5679 Vulgo
646 5605 806 5679 οὕτω
829 5609 958 5679 γάρ.

333 5673 424 5742 49)
457 5673 781 5741 Θαιιμάζὶςτε
808 5673 1013 5735 aliter.
1056 5681 1188 5750 lmo,
1225 5680 1493 5751 Θαυμάζει
1524 5699 1603 5737 τε.
1635 5684 1823 5742 Admi-

1962 1907 1981 1937 ι
2010 1887 2085 1949 lii,
2121 1888 2283 1941 veluti
2317 1888 2406 1956 qui
2442 1888 2659 1939 doceret
2702 1884 2845 1954 quod
2907 1884 3055 1952 prius
3087 1882 3439 1953 ignorabatur
3479 1881 3557 1934 in.

1965 2002 1981 2033 ι
2011 1993 2090 2035 ter
2120 1982 2386 2046 homines,
2425 1979 2662 2034 Verbum
2718 1977 3109 2047 omnipotentis
3147 1989 3269 2029 eum
3305 1975 3553 2030 nominat

1965 2092 1982 2124 ‹
2015 2074 2087 2125 ita
2143 2073 2411 2140 inquiens,
2455 2069 2523 2124 In
2577 2069 2834 2137 principio
2879 2077 2993 2121 erat
3053 2065 3273 2122 Verbum
3295 2067 3362 2118 δ’.
3393 2085 3415 2118 ι
3471 2065 3551 2120 lta

1958 2165 2234 2218 contendit
2273 2165 2317 2217 is
2339 2179 2434 2231 per
2467 2164 2567 2216 ista
2610 2161 2988 2215 absconditum
3032 2159 3349 2229 mysterium
3382 2158 3551 2214 fuisse

1959 2256 2110 2318 illud,
2137 2255 2303 2308 Deum
2335 2254 2588 2308 habuisse
2626 2243 2888 2306 Verbum.
2927 2236 3251 2318 Scripturas'
3271 2263 3401 2302 vero
3432 2263 3550 2301 om-

1959 2361 2056 2400 nes
2080 2360 2252 2415 nuper
2284 2346 2564 2408 recitalns,
2588 2353 2641 2395 et
2662 2343 2938 2411 appositas
2955 2340 3342 2410 prophetarum
3362 2356 3548 2408 voces,

1961 2436 2260 2504 prmdieare
2283 2435 2397 2487 vult
2424 2449 2543 2503 quae
2576 2443 2704 2488 sunt
2729 2432 2798 2487 de
2821 2430 3018 2498 Verbo,
3039 2448 3174 2502 quas
3198 2433 3463 2499 plurimas
3493 2433 3546 2486 in

1960 2530 2116 2595 hujus
2136 2528 2212 2581 rei
2234 2527 2598 2581 testimmtium
2615 2525 2976 2580 coacervavit.
2998 2523 3074 2576 Ita
3095 2539 3198 2578 non
3215 2534 3334 2578 erat
3348 2523 3549 2591 populo

1959 2617 2030 2670 illi
2074 2616 2242 2687 priori
2272 2618 2575 2685 ignoratum
2611 2617 2713 2669 hoc
2749 2614 3063 2686 mysterium
3099 2614 3368 2668 :universi
3399 2615 3545 2668 enim

1959 2717 2241 2772 noverant,
2277 2715 2329 2761 et
2361 2708 2624 2760 memoria
2661 2708 2922 2760 tenebant
2967 2713 3018 2760 et
3067 2719 3164 2758 ore
3209 2705 3548 2772 usurpabant

1958 2801 2348 2871 prophetarum
2373 2801 2460 2853 illa
2481 2801 2723 2856 oracula.
2740 2801 2810 2852 At
2842 2800 2985 2855 enim
3003 2807 3057 2854 et
3075 2800 3140 2852 de
3156 2797 3359 2852 Iudaeis
3388 2798 3546 2852 nobis

1956 2893 2189 2948 scribam
2230 2901 2585 2961 reprmsentat
2615 2890 2964 2944 Christianus
3000 2905 3122 2944 cum
3165 2891 3236 2943 sit
3273 2909 3286 2943 :
3323 2907 3428 2943 non
3462 2900 3546 2943 at-

1959 2986 2184 3037 tendens
2220 2983 2364 3050 quod
2407 2981 2667 3035 Servator
2715 2981 2873 3046 dixit,
2931 2978 3018 3033 Va:
3053 2981 3220 3044 vobis,
3258 2977 3458 3034 Scriba:
3495 2991 3545 3032 et

1961 3073 2219 3127 Pharisaei
2267 3073 2555 3143 hypocrita:
2578 3074 2643 3124 ⁸⁸.
2686 3071 2949 3141 lllumqtte
2995 3073 3222 3141 suspicit
3249 3074 3391 3140 quod
3421 3089 3542 3127 cum

1907 3157 1922 3175 ’
1951 3165 2302 3235 jurejurando
2330 3165 2552 3231 dixerit,
2581 3163 2735 3230 Quod
2760 3180 2895 3217 unus
2930 3163 3068 3218 Deus
3094 3175 3141 3218 et
3171 3174 3364 3233 printer
3398 3182 3541 3228 eum,

1955 3273 2056 3308 non
2081 3265 2155 3309 est
2183 3254 2339 3310 alius.
2371 3254 2532 3320 Quasi
2554 3254 2789 3308 nesciret
2813 3253 2954 3322 quod
2982 3264 3037 3307 et
3070 3271 3088 3304 ι
3123 3255 3395 3309 dtemones
3422 3271 3545 3309 ere-

1953 3347 2082 3400 dant
2109 3355 2162 3400 et
2195 3345 2641 3401 contremiscam.
2669 3364 2690 3397 ι
2725 3343 2862 3398 Nota
2899 3345 3030 3399 mihi
3061 3354 3241 3398 autem
3279 3347 3543 3413 quemad—

1954 3437 2172 3490 modum
2228 3438 2294 3491 de
2339 3437 2673 3506 propheticis
2702 3436 3003 3505 Scripturis
3038 3436 3247 3505 colligit
3295 3453 3415 3506 qua:
3469 3439 3538 3492 ad

1951 3531 2174 3582 verbum
2229 3528 2354 3583 illud
2393 3530 2689 3598 pertinent,
2739 3530 2880 3598 quod
2917 3539 3001 3583 est
3025 3532 3354 3601 agendorum
3389 3547 3543 3586 com-

1951 3619 2400 3675 tnonel'actorium
2447 3643 2458 3675 ;
2514 3621 2657 3689 quod
2688 3622 2861 3689 ipsum
2903 3621 3221 3676 fatebuntur
3274 3638 3334 3677 se
3367 3640 3539 3694 agno-

1949 3724 2102 3766 scere
2137 3709 2219 3763 vel
2252 3708 2446 3769 Judzei.
2495 3710 2657 3762 veluti
2693 3711 2784 3777 qui
2831 3720 2958 3764 ante
2998 3726 3094 3766 nos
3140 3712 3244 3767 hoc
3268 3711 3381 3780 jam
3405 3716 3537 3770 olim

1947 3802 2336 3857 edocebantur.
2375 3800 2481 3856 Sed
2509 3818 2608 3857 nec
2632 3804 2860 3871 ipsemet
2900 3802 3170 3858 Sabellius
3199 3804 3541 3874 hujuscemo-

1947 3896 1999 3950 di
2036 3896 2272 3948 Verbum
2316 3895 2620 3963 ignorabat.
2663 3895 2834 3960 Quam
2877 3896 3152 3950 immerito
3207 3896 3409 3952 idcirco
3441 3896 3538 3953 ﬂa-

1947 3987 2431 4054 gellatSabellium
2486 3985 2804 4048 etJutlzeus,
2856 3988 2907 4040 in
2957 3990 3227 4058 exeerptis
3267 4005 3295 4042 a
3337 4005 3425 4045 me
3469 3991 3537 4044 de

1948 4081 2112 4146 ipsius
2150 4079 2288 4132 libro
2324 4079 2534 4146 positis,
2579 4080 2720 4147 quod
2763 4078 2994 4132 Verbum
3031 4081 3369 4146 ignorabant,
3411 4098 3535 4138 eum

1943 4185 2144 4223 nomen
2174 4169 2223 4221 id
2257 4169 2323 4221 ab
2359 4171 2446 4221 illo
2473 4169 2665 4222 scitum
2703 4170 2793 4231 sit,
2830 4170 2972 4236 quod
3006 4170 3172 4224 Deum
3219 4172 3403 4227 videre
3434 4189 3534 4228 ne-

1945 4276 2033 4314 mo
2061 4273 2289 4327 poterat,
2317 4263 2409 4316 sed
2446 4278 2544 4316 nec
2595 4263 2763 4329 ipsius
2793 4260 3029 4315 Verbum
3073 4263 3392 4333 intelligere,
3427 4266 3534 4321 nisi

1944 4353 2233 4424 imaginem
2267 4356 2516 4408 induerat
2563 4355 2852 4411 invisibilis
2892 4357 3022 4422 Dei,
3075 4372 3298 4410 carnem
3337 4373 3534 4428 nempe

1945 4445 2229 4498 intendens
2271 4446 2556 4514 imaginem
2599 4445 2779 4508 illam;
2843 4462 2969 4500 nam
3001 4462 3098 4515 per
3135 4447 3306 4500 solam
3339 4449 3531 4517 imagi-

1945 4550 2066 4589 nem
2098 4536 2348 4605 cognosci
2382 4537 2624 4605 potuisse
2662 4539 2855 4601 Deum,
2885 4548 2938 4591 et
2965 4539 3132 4606 ipsius
3164 4539 3257 4592 Dei
3287 4537 3527 4594 Verbum

1945 4630 2240 4682 contendat
2266 4643 2488 4682 carnem
2521 4643 2775 4683 asserens
2817 4630 2986 4684 fuisse
3033 4631 3322 4700 imaginem
3353 4633 3524 4688 illam.

1945 4721 2050 4775 Sed
2083 4720 2397 4776 meminisse
2433 4719 2692 4774 debemus
2733 4723 2785 4774 in
2840 4722 3213 4790 superioribus
3268 4725 3525 4791 positum,

1943 4814 2083 4884 quod
2112 4813 2318 4881 absque
2359 4813 2560 4866 carnali
2623 4817 2932 4881 prmsentia,
2975 4813 3144 4869 Judtei
3189 4831 3377 4869 omnes
3408 4834 3528 4869 ver-

1945 4905 2072 4957 bum
2131 4903 2245 4967 Dei,
2280 4914 2334 4957 et
2365 4906 2527 4957 verba
2579 4903 2703 4967 Dei,
2745 4920 2865 4972 qua:
2907 4907 3103 4960 divinis
3141 4911 3525 4975 prephetarutn

1946 4995 2246 5064 Scripturis
2305 4997 2510 5061 insunt,
2555 4998 2624 5050 ad
2673 5008 2861 5051 sancta
2910 5014 3075 5067 opera
3138 5000 3524 5063 admonitoria,

1950 5089 2294 5145 exactissime
2345 5089 2647 5155 callebant,
2683 5105 2808 5146 cum
2853 5107 2881 5144 a
2946 5095 3146 5147 teneris
3197 5094 3522 5163 unguiculis.

1616 5297 1660 5326 “
1683 5297 1874 5355 Matth.
1913 5313 2046 5352 xxm
2115 5297 2204 5352 l3.

1931 5552 2085 5598 ratur
2117 5544 2401 5599 Marcellus
2432 5545 2665 5598 scribam
2705 5545 2879 5599 illum.
2917 5546 2986 5599 M.

1983 5615 2118 5698 ’(50)
2147 5615 2316 5698 Vulgo
2340 5615 2782 5698 (ipoloyoﬁotv'et
2824 5617 3177 5686 ἀποπέφαται
3211 5626 3263 5671 et
3308 5631 3428 5672 mox
3467 5636 3517 5672 τ.

1934 5681 2113 5756 σάρκα
2145 5681 2284 5740 εἶναι
2325 5681 2424 5759 τῆν
2453 5681 2658 5754 εἰκόνα,
2692 5687 2787 5750 ὡς.
