4032 6452
206 432 318 491 ῦῖδ

1224 430 1311 486 DE
1352 428 1889 487 ECCLESlASTiCA
1930 428 2320 488 THEOLOGIA
2358 429 2490 488 LIB.
2530 430 2619 486 lll.

3364 434 3473 493 974

204 550 362 623 αὐτῷ
390 549 502 623 (61)
538 550 704 621 σοφὴν
731 548 843 613 ῑξιν
883 547 1177 603 ὑπολαϐεῖν
1210 546 1443 618 ἀδελφην
1468 543 1575 600 τῶν
1608 546 1667 599 ιν
1691 546 1772 599 ἄνη

1890 545 2168 615 pientiam,
2192 559 2437 601 sororem
2466 544 2613 600 dicat
2640 543 2958 599 nominatim
2988 543 3231 600 habitum
3279 557 3470 601 eorum

208 641 452 717 θρώποις
485 641 890 713 κατορθούντων
914 640 1202 709 λέγεσθαι;
1228 640 1292 695 El
1318 639 1375 691 δὲ
1400 638 1495 691 ἐπὶ
1528 638 1621 691 τὸν
1654 636 1792 709 Χρι-

210 736 337 790 στὸν
368 734 465 788 τοῦ
492 732 626 786 Θεοῦ
663 733 917 795 ὲκλάὄοις
953 734 1013 785 τὸ
1046 731 1356 803 εἰρημένον,
1402 730 1636 802 Χριστὸς
1686 728 1793 799 γάρ

208 826 347 882 Θεοῦ
371 828 597 895 δύναμις
627 826 724 879 καὶ
764 824 901 879 Θεοῦ
932 826 1129 893 Σοφία,
1164 823 1316 876 οὐδὲν
1358 822 1608 893 ἐμποδὼν
1643 820 1792 873 ἔσται

206 922 277 991 τῇ
326 918 562 990 διανοίᾳ,
604 918 729 971 ἐπεὶ
763 918 856 971 καὶ
894 918 991 988 τὴν
1022 917 1158 987 πρὸς
1198 917 1346 987 ἡμᾶς
1374 916 1476 967 οὐκ
1515 914 1791 969 ἀναίνεται

209 1010 550 1083 ἀδελφότητα
599 1011 665 1064 δι’
697 1010 999 1082 ὑπερϐολὴν
1048 1009 1481 1081 φιλανθρωπίας.
1540 1009 1605 1061 El
1635 1007 1692 1060 δὲ
1733 1007 1791 1060 ἓν

207 1106 306 1160 καὶ
325 1103 518 1158 ταύτὸν
540 1097 609 1173 ἦν
641 1103 670 1154 ὁ
695 1101 849 1166 Θεὸς,
888 1102 980 1157 καὶ
1018 1103 1050 1173 ὴ
1079 1103 1137 1155 ὲν
1158 1103 1278 1163 ταῖς
1308 1098 1637 1171 Παροιμίαις
1680 1099 1792 1151 ela-

205 1195 452 1265 αγομένη
465 1194 637 1263 Σοφία
648 1193 759 1259 ἕξις
775 1191 905 1248 οὖσα
929 1194 1065 1264 σοφὴ
1094 1195 1152 1246 ἐν
1181 1192 1330 1263 αὑτῷ
1354 1192 1636 1263 νοουμένη,
1658 1190 1791 1246 καθὸ

207 1281 375 1350 σοφὸς
402 1283 429 1334 ό
458 1281 611 1344 Θεὸς.
646 1284 699 1334 τί
724 1282 957 1334 ἐκώλυεν
986 1282 1106 1334 ἀντὶ
1150 1284 1251 1353 τῆς
1299 1281 1499 1348 Σοφίας
1543 1281 1632 1333 τὸν
1657 1279 1789 1335 Θεὸν

202 1372 640 1445 ἀναγεγράφθαι;
657 1372 795 1426 ὥστε
807 1373 885 1439 τὸ,
920 1374 980 1426 Ἠ
993 1373 1183 1441 Σοφία
1202 1373 1587 1442 ᾠκοδόμησεν
1604 1371 1789 1441 ἑαυτῇ

201 1460 397 1531 οἶκον,
421 1464 517 1517 καί
552 1464 839 1533 ὐπήρεισε
866 1465 1135 1532 στύλους
1161 1464 1330 1528 ἑπτὰ,
1359 1467 1453 1518 καὶ
1482 1466 1548 1518 τά
1582 1464 1789 1529 τούτοις

204 1556 529 1629 συνημμένα
565 1557 811 1629 εἰρῆσθαι
844 1558 965 1611 ἀντὶ⁵
992 1556 1108 1621 τοῦ,
1147 1557 1198 1609 '0
1228 1558 1373 1621 Θεὸς
1400 1557 1787 1629 ᾠκοδόμησεν

200 1646 399 1712 ἐαυτῷ
412 1644 598 1715 οἷκον,
614 1649 705 1701 καὶ
727 1648 795 1701 τὰ
818 1648 944 1720 ἑξῆς
972 1665 985 1678 ·
1011 1653 1107 1703 καὶ
1132 1648 1293 1702 πάλιν
1319 1650 1441 1702 ἀντὶ
1459 1651 1573 1703 τοῦ·
1595 1648 1786 1707 Εἶπον

202 1738 323 1809 τὴν
351 1739 577 1807 Σοφίαν
608 1740 732 1806 σὴν
761 1738 1040 1807 ἀδελφὴν
1070 1734 1253 1803 εἶναι,
1288 1737 1576 1810 λελέχθαι,
1597 1737 1785 1796 Εἶπον

200 1831 313 1885 τὸν
345 1830 493 1885 Θεὸν
523 1831 639 1884 σὸν
664 1830 935 1899 ἀδελφόν
963 1827 1136 1885 εἶναι.
1192 1830 1331 1883 Ἀλλ’
1378 1833 1512 1903 ὁρᾷς
1560 1833 1637 1897 ὡς
1686 1833 1782 1906 τὴν

199 1922 373 1993 ἀκοὴν
416 1921 638 1993 πλήττει
682 1925 714 1993 ή
755 1922 976 1993 τοιαύτη
1012 1922 1186 1994 φωνὴ,
1230 1923 1330 1975 οὐκ
1367 1922 1566 1993 ἔχουσα
1612 1926 1781 1995 ἀρμο-

198 2013 341 2068 νίαν.
368 2014 431 2067 Εί
448 2014 496 2068 δ’
528 2015 621 2067 ἐπὶ
644 2015 736 2067 τὸν
765 2015 891 2068 Υἱὸν
916 2015 1165 2079 ὲκλάὸοις
1187 2015 1255 2068 τὰ
1286 2014 1463 2084 λόγια,
1488 2016 1653 2081 αὐτὸς
1669 2018 1780 2088 γὰρ

197 2099 329 2176 ἦνή
364 2105 553 2175 Σοφία,
597 2106 773 2159 πάντα
810 2122 893 2159 σοι
930 2106 1208 2177 εὑροήσει,
1240 2105 1465 2176 μηδενὸς
1489 2106 1780 2170 δυσσεϐοῦς

195 2198 467 2269 νοήματος
520 2197 770 2268 ἐμποδὼν
832 2197 1119 2269 ἱσταμένου
1142 2237 1157 2262 ,
1186 2198 1778 2270 συνεπιμαρτυροῦντος

192 2290 292 2345 τοῦ
330 2290 623 2345 ἀποστόλου
670 2291 903 2354 Παύλου,
948 2290 1007 2353 ὃς
1052 2290 1143 2343 τὸν
1188 2290 1414 2361 Σωτῆρα
1444 2292 1538 2345 καὶ
1574 2292 1776 2365 Κύριον

194 2382 355 2456 ήμῶν
396 2382 600 2452 Ἰησοῦν
629 2384 862 2455 Χριστὸν
894 2382 1121 2454 λαμπρᾷ
1142 2385 1209 2454 τῇ
1243 2384 1391 2453 φωνῇ
1426 2383 1623 2453 Σοφίαν
1642 2384 1778 2439 ὼνόο

198 2491 373 2547 μασεν
402 2472 589 2528 εἰπών·
617 2474 869 2543 Χριστὸς
896 2474 1041 2528 Θεοῦ
1075 2474 1327 2545 δύναμις
1358 2475 1457 2529 καὶ
1492 2475 1639 2531 Θεοῦ
1669 2479 1778 2533 Σο-

194 2565 325 2634 φία.
349 2564 567 2619 Τούτων
596 2559 704 2620 ὧδέ
749 2582 825 2636 πη
877 2566 1438 2637 κατασκευασμένων,
1484 2566 1775 2621 ἀκόλουθόν

192 2656 314 2711 ἔστι
338 2656 477 2728 μετά
499 2657 605 2710 τῶν
626 2656 1062 2729 προεκτεθέντων
1096 2658 1369 2723 ἁπάντων,
1397 2657 1457 2724 ἐξ
1488 2660 1651 2714 αὑτοῦ
1679 2660 1773 2714 τοῦ

193 2748 491 2822 προσώπου
517 2750 609 2803 καὶ
640 2749 719 2812 τὸ,
762 2752 972 2820 Κύριος
1003 2750 1205 2807 ἐκτισέ
1250 2768 1327 2821 με
1370 2752 1567 2821 ἀρχὴν
1620 2750 1775 2806 όδῶν

190 2837 381 2894 αὑτοῦ
406 2842 492 2904 εὶς
517 2839 662 2909 ἔργα
692 2840 902 2902 αὑτοῦ,
934 2840 1215 2911 λελέχθαι·
1260 2842 1310 2894 εί
1340 2842 1395 2895 δὲ
1427 2842 1573 2910 λέγοι
1624 2844 1773 2896 ἰκτί-

193 2929 319 2988 σθαι
364 2930 474 3000 (62)
516 2931 729 2995 ἑαυτὸν,
772 2933 871 3002 οὐχ
905 2932 981 2996 ὡς
1026 2936 1091 2987 ἐκ
1133 2934 1229 2987 τοῦ
1282 2936 1354 3005 μὴ
1401 2934 1551 2999 ὄντος
1594 2938 1674 3000 είς
1714 2936 1775 2990 τὸ

190 3018 335 3078 εἶναι
378 3023 684 3096 παρελθὼν,
718 3024 862 3078 τοῦτ’
895 3025 960 3079 ἂν
992 3026 1155 3091 εἴποι,
1187 3027 1299 3080 οὐδ’
1324 3027 1400 3090 ὡς
1428 3029 1627 3099 ὁμοίιος
1660 3032 1773 3093 τοῖς

188 3115 397 3180 λοιποῖς
430 3117 710 3187 κτίσμασι,
746 3118 841 3170 καὶ
883 3117 1045 3181 αὐτὸς
1079 3120 1145 3171 ὲκ
1182 3118 1276 3171 τοῦ
1324 3118 1398 3190 μὴ
1430 3120 1585 3183 ὄντος
1611 3136 1772 3188 γεγο-

188 3205 321 3270 νὼς,
348 3201 382 3282 ᾖ
404 3225 547 3272 τινες
573 3210 674 3263 οὐκ
696 3208 871 3281 ὀρθῶς
893 3208 1274 3280 ὑπειλήφασιν,
1294 3210 1406 3264 ἀλλ’
1427 3210 1499 3274 ὡς
1525 3210 1773 3280 ὑφεστὼς

191 3298 297 3373 μὲν
339 3300 434 3353 καὶ
477 3299 605 3364 ζῶν,
652 3300 836 3370 προών
874 3317 935 3352 τε
977 3300 1073 3352 καὶ
1111 3302 1478 3373 πωῦπάρχων
1525 3302 1627 3372 τῆς
1670 3302 1765 3355 τοῦ

187 3389 397 3454 πάντας
424 3390 627 3463 κόσμου
665 3390 997 3454 συστάσεως,
1026 3391 1214 3461 ἄρχειν
1246 3392 1303 3445 δὲ
1332 3393 1440 3446 τῶν
1482 3394 1619 3447 ὅλων
1662 3393 1767 3447 ὑπὸ

183 3482 398 3555 Κυρίου
414 3482 507 3536 τοῦ
535 3481 697 3536 αὑτοῦ
717 3484 927 3555 Πατρὸς
950 3484 1422 3556 κατατεταγμένος
1445 3503 1457 3515 ·
1478 3484 1594 3551 τοῦ,
1613 3486 1769 3539 ἔκτι-

184 3588 325 3640 σεν,
358 3575 590 3631 ἐνταῦθα
627 3576 746 3630 ἀντὶ
776 3576 892 3641 τοῦ,
926 3576 1270 3642 κατέταξεν.
1308 3578 1341 3649 ἢ
1368 3579 1764 3647 κατέστησεν,

181 3670 497 3740 εἰρημένου.
531 3670 836 3744 Διαρῤήδην
849 3669 978 3739 γοῦν
1001 3672 1125 3733 τοὺς
1150 3672 1208 3723 ὲν
1240 3669 1547 3742 ἀνθρώποις
1576 3672 1783 3743 ἄρχον-η

179 3776 285 3825 τας
313 3761 406 3814 καὶ
435 3762 708 3833 ἡγεμόνας
740 3763 915 3815 κτίσιν
936 3762 1219 3833 ὠνόμασεν
1246 3764 1273 3815 ό
1302 3762 1472 3817 είπὼν
1506 3764 1766 3817 Ἀπόστο-

179 3855 298 3921 hc.
350 3853 713 3923 Ὑποτάγητε
759 3852 925 3923 πάσῃ
974 3853 1167 3907 κτίσει
1217 3854 1561 3927 ἀνθρωπίνῃ
1587 3895 1603 3920 ,
1667 3855 1767 3909 διὰ

180 3947 297 4003 τὸν
335 3947 581 4014 Κύριον·
622 3944 744 3999 alte
767 3944 1041 4009 βασιλεῖ,
1213 3944 1598 4015 ὑπερέχοντι·
1643 3945 1766 3999 stre

180 4036 495 4106 ἡγεμόσιν,
522 4034 602 4101 ὡς
634 4034 709 4088 δι’
733 4035 921 4090 αὐτοῦ
946 4035 1368 4105 πεμπομένοις.
1393 4035 1502 4088 Καὶ
1526 4036 1556 4087 ό
1594 4034 1764 4087 είπὼν

177 4127 240 4188 δὲ
252 4128 556 4198 προφήτης,
586 4121 921 4194 Ἐτοιμάζου
942 4125 1049 4179 τοῦ
1064 4124 1475 4179 ἐπικαλεῖσθαι
1490 4123 1600 4177 τὸν
1614 4125 1764 4179 Θεόν

177 4229 302 4276 σου
351 4216 618 4284 Ἰσραήλ·
652 4214 805 4269 διότι
854 4215 981 4270 ἰδοὺ
1017 4217 1278 4284 στερεῶν
1315 4217 1607 4284 βρόντην,
1656 4202 1759 4270 καὶ

177 4307 390 4369 κτίζων
416 4306 672 4376 πνεῦμα,
708 4307 805 4360 καί
858 4306 1247 4377 ἀναγγέλλων
1274 4310 1359 4375 εὶς
1409 4306 1761 4376 ἀνθρώπους

174 4400 290 4454 τόν
313 4399 574 4467 Χριστὸν
612 4399 817 4454 αὐτοῦ.
850 4400 962 4452 Καὶ
991 4399 1071 4463 τὸ,
1107 4398 1401 4469 Γραφήτω
1442 4398 1554 4471 (63)
1603 4399 1759 4468 αὕτη

171 4493 266 4557 είς
302 4491 515 4559 γενεὰν
536 4490 766 4559 ἑτέραν,
795 4490 895 4544 καί
923 4490 1075 4557 λαὸς
1104 4494 1138 4545 ό
1168 4490 1501 4559 κτιζόμενος
1529 4490 1759 4545 αἰνέσει

1892 636 1983 706 qui
2036 635 2177 691 inter
2226 636 2476 693 homines
2549 647 2698 691 recta
2777 636 3114 706 operantur?
3144 633 3297 702 Quod
3327 638 3373 692 si
3405 638 3472 690 de

1891 729 2108 785 Christo
2140 728 2232 785 Dei
2274 730 2507 799 accipiat
2537 730 2662 798 quis
2704 729 2836 784 illud
2875 728 3077 783 dictum
3108 743 3273 783 :nam
3304 726 3471 783 Citri-

1891 831 2008 875 stus
2055 818 2150 874 Dei
2205 829 2442 887 potestas
2486 828 2571 873 cst
2615 826 2669 873 et
2713 818 3013 889 Sapientia,
3063 818 3200 873 nihil
3245 818 3471 889 impedit

1892 912 2031 967 hanc
2075 912 2507 983 intelligentiam,
2553 910 2991 980 quandoquidem
3038 913 3107 965 ob
3140 912 3469 966 immensum

1890 1021 2047 1059 suum
2084 1006 2137 1059 in
2184 1006 2480 1060 humanum
2524 1019 2693 1074 genus
2740 1017 2977 1058 amorem
3034 1020 3139 1059 non
3198 1005 3469 1059 recusavit

1889 1094 2033 1152 hanc
2080 1097 2498 1153 fraternitatem.
2547 1097 2699 1165 Quod
2748 1098 2791 1154 si
2838 1113 3000 1151 unum
3051 1107 3169 1152 erat
3210 1098 3465 1167 idemque

1890 1191 2055 1257 Deus,
2086 1202 2139 1246 et
2179 1208 2299 1263 qua:
2339 1195 2393 1246 in
2436 1191 2741 1248 Proverbiis
2774 1191 3135 1246 introducitur
3163 1191 3464 1262 Sapientia,

1890 1299 2011 1353 quae
2038 1287 2254 1355 sapiens
2282 1284 2501 1354 quidam
2549 1284 2766 1340 habitus
2796 1294 2878 1340 est
2908 1285 2962 1339 in
3002 1284 3090 1339 illo
3120 1284 3464 1347 intellectus.

1888 1377 1944 1430 in
1970 1387 2233 1445 quantum
2264 1376 2408 1432 Deus
2455 1378 2691 1445 sapiens,
2726 1377 2854 1447 quid
2886 1376 3136 1442 prohibet
3173 1376 3340 1431 Deum
3373 1376 3467 1432 hic

1886 1484 1983 1539 pro
2018 1467 2295 1539 Sapientia
2339 1470 2560 1525 rescribi
2592 1487 2606 1523 :
2639 1480 2696 1524 ut
2735 1470 2815 1525 sic
2856 1469 2945 1523 ubi
2993 1470 3192 1523 dictum
3222 1477 3329 1534 est,
3362 1466 3467 1522 Sa-

1884 1560 2081 1627 pientia
2109 1559 2387 1629 aedificavit
2420 1560 2525 1614 sibi
2567 1561 2800 1625 domum,
2831 1571 2878 1613 et
2913 1560 3161 1613 solidavit
3189 1559 3462 1613 columnas

1884 1660 2093 1720 septem,
2128 1661 2183 1707 et
2206 1666 2324 1721 qua:
2346 1659 2667 1721 sequuntur,
2689 1651 2891 1705 dictum
2923 1651 2994 1704 sit
3020 1665 3139 1719 pro,
3166 1648 3305 1703 Deus
3330 1650 3464 1703 trdi-

1883 1743 2055 1812 ﬁcavit
2100 1735 2198 1797 eiEi
2224 1744 2615 1811 domum,etc.;
2652 1750 2707 1797 et
2737 1743 2929 1797 iterum
2963 1757 3059 1812 pro
3085 1756 3169 1805 eo,
3202 1741 3325 1795 Dixi
3352 1740 3461 1795 Sa-

1884 1834 2134 1903 pientiam
2154 1851 2385 1889 sororem
2414 1845 2583 1901 luant,
2615 1834 2847 1896 dicatur,
2889 1833 3011 1888 Dixi
3046 1834 3212 1889 Deum
3238 1833 3459 1904 fratrem

1814 1907 1854 1961 Β
1882 1938 2047 1980 tuum.
2078 1926 2183 1981 Sed
2219 1936 2275 1980 ut
2305 1942 2463 1981 aures
2495 1925 2769 1996 percutiat
2799 1926 2899 1981 ista
2932 1926 3118 1989 dictio,
3152 1927 3302 1981 vides
3345 1935 3458 1981 tam

1880 2015 2191 2088 incongrua.
2251 2015 2404 2082 Quod
2452 2016 2499 2070 si
2548 2016 2617 2071 de
2670 2016 2809 2074 Filio
2863 2015 3199 2085 Sapientiam
3248 2015 3457 2084 capias,

1878 2110 2058 2163 omnia
2092 2110 2229 2164 bene
2260 2108 2427 2163 liuent
2456 2126 2471 2162 :
2501 2122 2603 2163 nec
2630 2117 2885 2163 occurret
2908 2107 3001 2161 tibi
3036 2106 3331 2178 quidquam
3365 2104 3457 2159 hic

1879 2200 2189 2268 impietatis,
2221 2216 2344 2255 cum
2380 2201 2663 2271 perhibeat
2714 2200 2805 2257 tibi
2843 2200 3211 2255 testimonium
3258 2198 3457 2253 beatus

1876 2290 2073 2348 Paulus
2098 2292 2396 2363 apostolus,
2411 2292 2503 2363 qui
2523 2293 2841 2363 pronuntiat
2860 2291 3005 2347 clare
3027 2289 3375 2345 Servatorem
3397 2298 3457 2343 et

1877 2380 2162 2438 Dominum
2192 2390 2433 2438 nostrum
2464 2380 2647 2439 Jesum
2672 2380 2951 2437 Christum
2995 2380 3087 2435 Dei
3119 2379 3455 2449 Sapientiam

1875 2475 2289 2541 nominandum,
2340 2475 2429 2531 ubi
2474 2475 2569 2540 ait,
2603 2474 2843 2530 Christus
2876 2474 2970 2527 Dei
3014 2474 3245 2543 potentia
3276 2482 3324 2525 et
3352 2470 3455 2527 Sa-

1873 2570 2073 2642 pientia
2092 2572 2158 2625 ".
2186 2569 2283 2627 [lis
2308 2571 2375 2626 ad
2406 2571 2549 2627 hunc
2577 2570 2791 2625 modum
2825 2570 2894 2622 ita
2928 2567 3226 2639 apparatis,
3256 2568 3323 2621 ad
3356 2580 3451 2620 su-

1872 2664 2059 2733 perius
2083 2664 2352 2733 proposita
2388 2678 2725 2734 consequens
2764 2673 2843 2716 est
2886 2662 3006 2726 hoc,
3034 2661 3291 2714 Dominus
3320 2674 3450 2711 con-

1874 2754 2012 2809 didit
2043 2771 2124 2810 me
2142 2756 2458 2825 principium
2488 2757 2689 2810 viarum
2717 2771 2936 2807 suarum
2965 2755 3033 2807 ad
3056 2770 3213 2821 opera
3237 2752 3352 2821 ejus
3378 2751 3449 2819 ”,

1876 2863 1907 2901 e
1960 2862 2191 2917 persona
2238 2846 2356 2916 ejus
2401 2848 2674 2917 usurpari.
2712 2847 2863 2915 Quod
2894 2848 2937 2902 si
2985 2848 3133 2901 dicat
3169 2846 3448 2901 conditum

1877 2928 2024 2993 illum
2052 2938 2238 3004 fuisse,
2268 2955 2373 2993 non
2403 2940 2473 2993 ita
2499 2940 2653 3006 dixit,
2677 2940 2831 3009 quasi
2863 2938 3021 2992 vellet
3047 2937 3298 3007 intelligi,
3324 2952 3449 2991 eum

1875 3029 1943 3085 de
1975 3045 2082 3086 non
2113 3042 2241 3087 ente
2269 3033 2335 3085 ad
2363 3045 2482 3085 esse
2512 3031 2845 3099 processisse
2864 3050 2877 3085 :
2896 3046 2996 3085 nec
3025 3029 3188 3100 quod,
3222 3029 3289 3083 ad
3334 3043 3451 3083 mo-

1875 3121 2001 3175 dum
2039 3132 2412 3177 creaturarum
2444 3123 2796 3193 reliquarum,
2836 3124 2901 3177 de
2952 3138 3057 3176 non
3089 3131 3216 3177 ente
3244 3122 3447 3191 produ-

1874 3212 2119 3278 cebatur,
2148 3214 2292 3280 quod
2327 3212 2571 3268 nonnulli
2609 3213 2789 3267 minus
2819 3227 2963 3267 recte
2995 3221 3119 3267 sunt
3150 3212 3399 3266 arbitrati
3432 3229 3445 3264 :

1873 3302 1967 3354 sed
1998 3301 2139 3373 quod
2168 3303 2470 3357 subsistens
2517 3312 2573 3355 et
2610 3304 2819 3369 vivens,
2868 3306 2962 3358 sed
3006 3304 3148 3373 quod
3192 3305 3450 3371 przeexsi-

1873 3402 2043 3457 Stens,
2074 3402 2128 3446 et
2158 3396 2597 3461 pmsubsistens,
2641 3404 2769 3449 ante
2803 3410 3019 3449 omnem
3053 3395 3235 3449 mundi
3262 3395 3451 3449 condi-

1875 3482 2075 3537 tionem
2101 3496 2219 3541 erat
2245 3503 2259 3539 :
2290 3492 2349 3551 ιιι
2378 3488 2632 3556 quodque
2664 3501 2693 3540 a
2737 3486 2963 3542 Domino
2991 3502 3089 3541 suo
3123 3487 3282 3541 Patre
3316 3502 3449 3542 cou-

1868 3577 2091 3631 stitutus
2134 3587 2219 3631 est
2246 3578 2487 3633 omnium
2526 3577 2854 3643 dominator,
2885 3579 3063 3648 posito
3106 3578 3215 3643 illo,
3266 3580 3449 3632 condi-

1871 3669 1967 3732 dit,
2025 3668 2131 3723 hoc
2180 3669 2235 3723 in
2283 3669 2423 3731 loco,
2470 3685 2568 3738 pro
2613 3670 2906 3734 constituit,
2938 3669 3020 3724 vel
3055 3670 3449 3724 ordinavit.Di-

1870 3757 2032 3815 s'ertis
2058 3760 2236 3815 verbis
2261 3761 2535 3830 principes
2559 3770 2616 3815 et
2641 3762 2806 3817 duces
2829 3762 2972 3816 inter
2995 3761 3261 3823 homines.
3294 3777 3448 3817 crea-

1873 3860 2049 3904 turam
2080 3852 2369 3920 Apostolus
2409 3851 2730 3919 nominavit,
2762 3853 2851 3908 nbi
2876 3854 2989 3907 ait:
3022 3853 3256 3922 Subjecti
3284 3864 3447 3908 estote

1870 3939 2012 4003 omni
2046 3941 2297 3994 humana
2332 3952 2591 3997 creature
2623 3952 2835 4013 propter
2869 3942 3178 4009 Dominum,
3204 3945 3310 3997 sive
3338 3946 3449 4017 regi

1869 4039 1928 4083 ut
1956 4030 2250 4099 excellenti,
2273 4034 2378 4088 sive
2400 4034 2721 4104 principibus
2760 4046 2818 4089 ut
2853 4035 2918 4089 ab
2953 4034 3047 4088 illo
3074 4034 3249 4089 missis
3265 4035 3330 4089 “.
3379 4037 3449 4089 Et

1869 4122 2130 4191 propheta
2163 4126 2255 4195 qui
2288 4125 2423 4179 dixit
2454 4142 2469 4179 :
2500 4123 2841 4195 Prwparare,
2872 4136 2928 4178 ut
2960 4136 3167 4180 vocetur
3202 4142 3357 4195 super
3395 4135 3447 4178 te

1868 4212 2011 4281 Dm
2031 4213 2203 4271 Israel
2234 4232 2253 4269 :
2277 4226 2555 4286 propterea
2586 4234 2703 4271 ecce
2736 4217 2918 4289 ﬁrmat
2944 4218 3167 4280 tonitru,
3191 4228 3239 4270 et
3264 4217 3446 4269 condit

1867 4315 2063 4373 oeulos,
2098 4315 2149 4362 et
2171 4309 2457 4362 annuntiat
2488 4309 2621 4363 inter
2658 4309 2894 4363 homines
2918 4308 3186 4362 Christum
3214 4309 3440 4363 suum".

1870 4396 1934 4449 Et
1970 4397 2115 4461 illud,
2147 4399 2426 4454 Scribatur
2454 4401 2547 4454 illa
2582 4402 2638 4453 in
2668 4401 3061 4471 generationem
3102 4401 3350 4465 alteram,
3383 4409 3444 4455 ut

1865 4488 2089 4557 populus
2112 4492 2202 4560 qui
2218 4493 2462 4545 conditur
2479 4493 2653 4545 laudet
2670 4491 3025 4547 Dominum".
3047 4491 3179 4547 Illud
3206 4494 3443 4546 condidit

172 4582 288 4637 τόν
306 4583 543 4649 Κύριον·
564 4582 644 4644 τὸ,
668 4581 897 4646 κτίζων,
911 4582 1004 4636 ἐπὶ
1022 4581 1117 4635 τοῦ
1135 4581 1414 4651 γεγονότος
1433 4581 1491 4645 ἐξ
1508 4582 1753 4653 ἀνύπαρ-

1873 4595 1962 4647 pro
1994 4595 2060 4635 eo
2092 4583 2234 4651 quod
2273 4582 2376 4637 fuit
2402 4594 2675 4653 sumptum
2713 4593 2818 4649 est,
2844 4586 2965 4653 quia
2989 4586 3103 4654 jam
3151 4595 3276 4639 ante
3300 4595 3440 4639 erat.

172 4672 294 4743 ξίας
325 4673 675 4744 παρείληφεν.
697 4674 772 4726 Οὐ
788 4674 896 4744 γὰρ
929 4673 1049 4727 τότε
1072 4673 1287 4727 ἔκτισεν
1302 4674 1331 4725 ὁ
1349 4672 1479 4736 Θεὸς
1510 4673 1570 4725 τὸ
1592 4671 1755 4725 πνεῦ·

1860 4672 2047 4741 Neque
2073 4677 2218 4751 enim
2251 4686 2361 4731 tum
2392 4676 2632 4734 condidit
2656 4677 2796 4731 Deus
2820 4679 3089 4747 spiritum,
3124 4694 3248 4733 cum
3282 4678 3445 4733 Chri-

172 4780 277 4840 μα,
300 4764 388 4817 ὅτε
410 4764 499 4817 τὸν
520 4764 751 4834 Χριστὸν
783 4763 946 4819 αὑτοῦ
975 4764 1040 4816 δι’
1058 4761 1225 4817 αὑτοῦ
1256 4764 1418 4816 πᾶσιν
1448 4762 1751 4834 ἀνθρώποις

1873 4777 2002 4821 ilum
2036 4784 2192 4822 suum
2227 4784 2321 4838 per
2364 4770 2515 4825 illum
2568 4770 2833 4825 universis
2878 4771 3192 4827 hominibus
3230 4786 3443 4828 annun-

170 4852 563 4924 κατήγγειλεν·
591 4853 741 4910 οὐδὲν
790 4853 897 4925 γὰρ
948 4853 1260 4924 πρόσφατον
1298 4852 1402 4905 ὑπὸ
1442 4853 1532 4906 τὸν
1580 4853 1749 4923 ἥλιον.

183 4944 326 4999 Ἀλλ’
340 4940 408 5017 ἦν
444 4946 565 5016 μὲν,
588 4946 682 4999 καλ⁵
702 4946 1074 5020 προϋπῆρχεν,
1096 4943 1456 4997 ἀπεστέλλετο
1476 4944 1531 4997 δὲ
1553 4944 1673 4998 καθ’
1688 4945 1749 4999 δν

170 5038 363 5113 καιρὸν
408 5032 549 5110 ἦσαν
589 5039 639 5090 οι
684 5036 971 5094 ἀπόστολοι
1018 5035 1387 5106 συνηγμένοι·
1442 5037 1531 5090 ὅτε
1583 5036 1744 5107 δίκην

169 5128 421 5201 βροντῆς,
450 5130 662 5198 ἐγένετο
680 5124 813 5201 ἦχος
840 5131 904 5183 ὲκ
930 5126 1022 5181 τοῦ
1050 5127 1309 5199 οὐρανοῦ,
1366 5126 1555 5198 ὥσπερ
1585 5144 1747 5199 φερο-

170 5219 341 5291 μένης
389 5222 558 5292 πνοῆς
609 5220 824 5291 βιαίας,
876 5217 1272 5289 ὲπληρὼθησάν
1318 5236 1377 5272 τε
1431 5218 1747 5289 Πνεύματος

167 5309 355 5379 ἁγίου·
388 5311 481 5367 καὶ
508 5309 680 5374 οὕτως
705 5314 784 5373 είς
808 5310 1016 5373 πάντας
1044 5309 1361 5381 ἀνθρώπους
1388 5312 1479 5364 τὸν
1512 5310 1746 5382 Χριστὸν

162 5399 261 5457 τοῦ
290 5400 423 5455 Θεοῦ
450 5401 837 5475 κατήγγειλαν,
859 5400 1171 5464 ἀκολούθως
1201 5404 1268 5474 τῇ
1300 5401 1611 5473 προφητεία
1640 5416 1745 5469 φη-

231 5588 292 5648 ιῖι
325 5580 427 5638 Ed.
456 5580 660 5647 Paris.,
691 5597 812 5653 pag.
845 5583 967 5637 151.
1046 5576 1093 5613 ’ί
1126 5583 1145 5634 l
1177 5581 1302 5638 Cor.
1328 5598 1368 5648 ι,
1403 5582 1494 5637 ει.

159 5655 213 5690 ⁸⁸
244 5653 388 5710 Psal.
419 5668 491 5720 cr,
516 5654 602 5708 l9.

258 5837 351 5909 lii)
380 5836 551 5909 Yulgo
587 5837 799 5909 σοφίαν,
834 5837 946 5904 ἱξιν
972 5846 1025 5894 et
1059 5853 1182 5894 mox
1214 5837 1452 5893 ικλάσοι.

258 5850 321 5893 ot
332 5850 351 5909 ι
386 5850 551 5907 Vulgo
587 5850 760 5906 cogam

233 5850 348 5983 ἒϐη
386 5906 553 5980 Vulgo
578 5907 760 5963 αὐτόν.

1598 5582 1644 5614 ’³
1658 5580 1816 5638 Prov.
1845 5598 1965 5649 τω,
1985 5584 2077 5645 22.

1863 4860 2020 4913 tiaret
2048 4876 2061 4915 :
2092 4860 2215 4928 quia
2257 4861 2387 4915 nihil
2432 4862 2554 4916 novi
2600 4870 2683 4917 est
2732 4862 2834 4917 sub
2886 4864 2999 4918 sole
3045 4863 3186 4917 :sed
3225 4872 3342 4917 erat
3386 4872 3443 4917 et

1859 4950 2151 5006 exsistebat
2184 4959 2348 5006 ante:
2378 4953 2692 5007 mittebatur
2728 4963 2907 5009 autem
2941 4970 3005 5009 eo
3038 4966 3279 5024 tempore
3314 4970 3438 5009 cum

1860 5039 1911 5093 in
1946 5056 2110 5094 unum
2141 5042 2449 5111 congregati
2492 5042 2720 5112 apostoli
2767 5052 2925 5097 erant
2953 5063 2964 5097 :
2994 5058 3117 5098 cum
3159 5044 3227 5097 ad
3267 5045 3440 5100 instar

1860 5133 2094 5188 tonitrus
2132 5132 2305 5187 faetus
2340 5142 2419 5187 est
2466 5134 2677 5189 sonitus
2712 5135 2903 5205 ingens
2952 5137 3017 5189 de
3063 5135 3204 5189 caelo
3234 5153 3246 5188 :
3271 5134 3438 5192 veluti

1858 5223 2217 5279 descendente
2254 5226 2449 5293 Spiritu
2492 5226 2917 5292 vehementiore,
2970 5236 3025 5283 et
3072 5227 3265 5295 repleti
3311 5238 3441 5285 sunt

1858 5315 2063 5384 Spiritu
2091 5325 2299 5371 sancto.
2326 5318 2500 5387 Atque
2530 5318 2601 5372 ita
2622 5318 2897 5374 Christum
2927 5318 3159 5384 Domini,
3199 5319 3253 5372 in
3282 5334 3439 5373 mnu—

1857 5405 1985 5459 dum
2048 5406 2361 5463 universum
2433 5409 3062 5479 annuntiarunt:juxta
3121 5410 3437 5465 vaticinium

2190 5584 2435 5641 “lPetr.
2472 5585 2651 5652 ".13,
2694 5588 2780 5643 14.
2872 5590 3100 5643 "Amos
3120 5603 3197 5654 tv,
3229 5587 3315 5654 13,
3346 5588 3434 5659 i3.

1922 5836 2035 5910 (63)
2076 5837 2241 5910 Vulgo
2276 5840 2412 5911 αὐτή
2436 5879 2451 5905 ,
2478 5847 2531 5894 et
2564 5853 2683 5895 mox
2717 5838 2926 5906 αἱνὴσε.
