4032 6468
176 462 286 520 977

1128 460 1218 515 DE
1255 456 1802 516 ECCLESIASTIGA
1843 450 2237 514 THEOLOGIA
2281 453 2408 509 LIB.
2452 452 2539 509 111.

3355 449 3459 504 978

179 577 257 632 τὰ
284 575 386 631 ἀεὶ
416 576 530 645 τῆς
563 576 699 646 γῆς,
734 575 811 640 ὡς
853 576 928 648 μὴ
960 581 1122 646 μόνον
1150 574 1221 629 τὰ
1254 574 1547 647 σύμπαντα
1580 574 1649 630 δι’
1676 575 1771 629 αύ-

1882 589 2003 629 esse
2041 573 2437 643 provenieutia,
2470 571 2567 626 sed
2599 569 2823 638 insuper
2858 569 2911 623 in
2943 582 3001 624 se
3029 565 3331 636 susciperet
3362 571 3462 621 att-

177 666 277 723 τοῦ
308 668 589 740 συστῆναι,
621 670 684 721 ὲκ
715 666 809 720 τοῦ
841 668 916 738 μὴ
941 666 1094 731 δντος
1124 668 1203 731 είς
1228 666 1292 721 τὸ
1315 663 1455 721 εἶναι
1487 665 1771 739 προελθόνο

178 775 270 823 τα,
304 757 441 813 ἀλλὰ
467 759 562 813 καὶ
588 758 691 828 τῆς
714 758 826 813 τῶν
858 758 997 812 ὅλων
1034 758 1355 829 διοικήσεως
1382 759 1483 830 τὴν
1514 757 1771 828 πρόνοιαν

178 849 535 921 ἀναδέχεσθαι
564 851 749 914 αὐτὸν,
778 848 874 904 ατε
918 849 1091 918 Λόγον
1131 848 1260 903 ὄντα
1306 848 1403 902 καὶ
1445 848 1646 919 Σοφίαν
1676 850 1770 903 καὶ

179 938 329 1011 ζωὴν
348 978 365 1003 ,
392 940 594 1003 παντός
628 958 687 994 τε
718 940 886 995 καλοῦ
916 941 1011 996 καὶ
1032 938 1241 1009 ἀγαθοῦ
1270 939 1575 1011 πλήρωμα·
1606 938 1683 1004 ὡς
1700 939 1769 993 δι’

178 1031 350 1087 αὐτοῦ
400 1033 766 1106 κυδερνᾶσθαι
814 1034 910 1090 καὶ
961 1031 1320 1098 διασώζεσθαι
1354 1032 1421 1086 τὰ
1452 1032 1765 1103 σύμπαντα.

177 1122 356 1177 Τοῦτο
380 1123 437 1178 δὲ
464 1126 555 1178 καὶ
577 1125 665 1179 διὰ
695 1126 803 1179 τῶν
823 1124 1198 1198 προτεθέντων
1236 1123 1433 1193 λογίων
1461 1123 1623 1188 αὐτὸς
1658 1122 1767 1195 (68)

179 1214 446 1287 παρίστη,
482 1215 548 1269 δι’
579 1210 656 1271 ὧν
690 1217 891 1285 ἔφασκε
912 1234 926 1248 ο
959 1218 1039 1270 Δι’
1084 1215 1231 1285 ἐμοῦ
1266 1214 1553 1281 ,ϐασιλεῖς
1588 1216 1769 1281 βασι-

177 1305 457 1368 λεύουσι,
490 1307 585 1361 καὶ
613 1312 668 1362 οἱ
693 1306 987 1362 δυνάσται
1018 1307 1319 1377 γράφουσι
1349 1306 1766 1374 δικαιοσύνην.

180 1394 265 1448 Δι’
301 1396 447 1465 ἐμοῦ
466 1396 827 1467 μεγιστᾶνες
854 1400 1298 1469 μεγαλύνονται
1317 1440 1331 1461 ,
1359 1398 1457 1452 καὶ
1485 1399 1768 1467 τύραννοι

176 1481 259 1536 δι’
316 1484 464 1553 ἐμοῦ
510 1486 798 1555 κρατοῦσι
842 1484 977 1555 τῆς.
1024 1486 1218 1555 Λόγοις
1274 1487 1319 1541 δ’
1365 1482 1460 1540 οὖν
1507 1488 1769 1558 ἀρρήτοις

175 1574 284 1644 τῆς
322 1575 548 1629 καθόλου
601 1578 792 1647 σοφίας
815 1595 874 1630 τε
923 1578 1018 1631 καὶ
1053 1580 1311 1650 προνοίας
1342 1579 1437 1633 τοῦ
1472 1578 1603 1633 Υίοῦ
1654 1579 1767 1650 (69)

176 1664 279 1718 τοῦ
296 1665 454 1734 Θεοῦ,
485 1667 554 1721 τά
578 1670 872 1738 σύμπαντα
902 1669 1205 1723 διοικεῖται.
1248 1670 1413 1723 Ταῦτ’
1439 1666 1531 1723 οὖν
1555 1670 1643 1723 διὰ
1662 1669 1769 1723 τῶν

178 1758 623 1828 προεκτεθέντων
701 1759 982 1823 ἐδίδασκε,
1048 1761 1359 1833 προῦτρεπέ
1415 1779 1474 1814 τε
1549 1761 1768 1833 ἔχεσθαι

178 1851 372 1915 αὐτοῦ,
402 1852 627 1921 φάσκων
650 1870 663 1882 ’
704 1852 844 1922 Ἐγὼ
873 1854 1016 1919 τοὺς
1042 1854 1148 1923 ἐμὲ
1176 1854 1508 1923 φιλοῦντας
1536 1851 1763 1923 ἀγαπῶ·

177 1946 238 1997 οι
280 1941 350 1996 δὲ
405 1944 511 2013 ἐμὲ
548 1944 857 2011 ζητοῦντες
886 1943 1280 2012 εὑρήσουσιν.
1321 1945 1658 2015 ’Λπέτρεπέν
1707 1961 1768 1997 τε
1806 1929 1847 1983 Β

178 2034 283 2105 τῆς
308 2034 552 2098 ἐναντίας
570 2036 713 2090 ὁδοῦ.
739 2036 805 2088 δι’
830 2029 903 2089 ὧν
932 2024 1231 2105 ἐπήγαγεν,
1249 2036 1545 2104 Ἑμίσησιι
1575 2033 1625 2086 6⁸
1655 2034 1771 2105 ἐγὼ

178 2125 652 2196 διεστραμμένας
684 2126 863 2191 ὀδοὺς
886 2125 1108 2181 κακῶν,
1137 2127 1247 2179 Καὶ
1282 2126 1345 2197 δὴ
1365 2126 1538 2179 ταῦτα
1568 2126 1662 2178 καὶ
1702 2126 1770 2180 τὰ

180 2216 395 2281 τούτοις
438 2216 643 2285 ἀδελφὰ
682 2220 711 2270 6
763 2215 855 2269 τοῦ
901 2215 1038 2269 Θεοῦ
1089 2216 1238 2279 Υἱὸς,
1274 2217 1435 2279 αὐτὸς
1472 2214 1579 2287 γὰρ
1624 2212 1692 2285 ἦν
1734 2217 1769 2285 ὴ

182 2308 357 2377 Σοφία
406 2307 555 2378 (701,
603 2309 1079 2379 διαστειλάμενος,
1116 2310 1241 2377 ἑξῆς
1288 2310 1400 2369 τοῖς
1463 2307 1530 2361 δι’
1590 2307 1770 2359 αὐτῶν

182 2398 657 2472 προωφελομένοις
701 2398 798 2468 τὴν
839 2398 1105 2469 μυστικὴν
1158 2398 1287 2467 περὶ
1318 2396 1515 2451 ἑαυτοῦ
1568 2397 1770 2466 γνῶσιν

180 2489 513 2562 παραδίδωσι
564 2490 945 2558 λέγων,‹Ἐ’ἁν
993 2490 1299 2558 ἀναγγείλω
1348 2489 1475 2559 ὑμῖν
1523 2489 1593 2542 τὰ
1646 2488 1769 2542 καθ’

178 2583 399 2655 ἡμέραν
438 2584 767 2653 γιγνόμενα,
811 2583 1170 2655 μνημονεύσω
1213 2580 1285 2633 τὰ
1326 2580 1385 2645 ἐξ
1420 2580 1613 2642 αἰῶνος
1650 2582 1772 2650 ἀρι-

182 2675 411 2747 θμῆσαι.
440 2694 459 2727 ›
486 2676 548 2728 Εἰ
596 2676 704 2748 γάρ
758 2676 1027 2747 μέλλοιμι,
1068 2675 1263 2745 φησιν,
1289 2673 1359 2726 τὰ
1405 2673 1490 2742 ἐφ’
1535 2674 1770 2743 ἑκάστης

180 2771 399 2843 ἡμέρας
427 2771 516 2824 ὑπ’
548 2769 682 2841 ἐμοῦ
710 2769 1055 2839 πραττόμενα
1084 2767 1352 2819 διδάσκειν
1374 2806 1387 2829 ,
1424 2764 1637 2833 ἀνάγκη
1677 2764 1773 2815 καὶ

180 2864 295 2918 τῶν
342 2861 402 2927 ἐξ
450 2863 623 2933 ἀρχῆς
680 2860 774 2913 τοῦ
827 2858 1030 2920 παντὸς
1081 2856 1275 2920 αἰῶνος
1303 2856 1478 2927 ἔργων
1529 2852 1769 2925 ἐμαυτοῦ

186 2953 582 3027 μνημονεῦσαι,
623 2954 717 3007 καὶ
748 2951 1118 3022 παραστῆσαι,
1147 2950 1223 3013 ὡς
1250 2949 1343 3001 ἐπὶ
1390 2948 1566 3017 τούτῳ
1621 2963 1689 3017 με
1743 2948 1772 2999 6

181 3047 457 3115 γεννήσας
489 3046 679 3115 Πατὴρ
707 3045 896 3115 ἄρχειν
918 3042 1025 3095 τῶν
1040 3043 1178 3095 ὅλων
1212 3042 1568 3111 κατέστησεν,
1611 3039 1698 3109 ἐφ’
1726 3030 1773 3105 ᾧ

180 3155 243 3192 τε
279 3138 527 3209 ἡγεῖσθαι
554 3137 660 3190 τῶν
687 3136 818 3189 ὁδῶν
842 3133 1030 3196 αὑτοῦ,
1066 3134 1157 3186 καὶ
1196 3132 1303 3185 τῶν
1362 3133 1455 3185 ὑπ’
1490 3130 1654 3185 αὑτοῦ
1702 3130 1771 3184 δι’

184 3230 323 3301 ἐμοῦ
354 3229 737 3300 πεποιημένων
758 3228 956 3297 ἔργων.
986 3226 1077 3278 Διὸ
1107 3222 1415 3287 ἀκολούθως
1451 3224 1646 3291 ἐπάγει
1688 3221 1768 3286 τὸ,

183 3324 401 3390 Κύριος
427 3321 629 3376 ἐκτισέ
652 3337 728 3390 με
752 3317 951 3388 ἀρχὴν
972 3315 1128 3371 ὁδῶν
1156 3315 1372 3376 αὐτοῦ,
1402 3316 1490 3379 εὶς
1523 3313 1595 3367 τὰ
1628 3313 1773 3382 ἔργα

182 3415 393 3479 αὐτοῦ,
423 3414 478 3484 ἢ,
515 3415 731 3482 Κύριος
747 3409 1048 3477 ἐκτήσατο
1068 3425 1165 3477 με,
1194 3406 1335 3461 κατὰ
1373 3407 1471 3477 τὴν
1497 3404 1775 3459 ἀποδοθεῖ-

186 3524 288 3562 σαν
321 3505 636 3577 έρμηνείαν.
662 3503 736 3557 T6
762 3502 870 3575 γὰρ
906 3502 1048 3572 μέγα
1081 3500 1265 3571 κτῆμα
1290 3498 1385 3552 τοῦ
1433 3498 1571 3552 Θεοῦ
1605 3500 1633 3551 6
1675 3514 1771 3568 μο-

184 3599 406 3667 νογενὴς
435 3598 561 3661 Υἱὸς
587 3592 677 3666 ἦν,
707 3594 843 3650 καθὸ
878 3596 976 3665 μὲν
1015 3592 1073 3661 ὲξ
1118 3590 1281 3645 αὐτοῦ
1306 3590 1617 3659 γεγέννητο,
1647 3587 1775 3651 Υίὸς

183 3691 260 3744 ὣν
290 3687 487 3744 αὑτοῦ·
524 3688 661 3741 καθὸ
694 3687 751 3740 δὲ
790 3688 904 3749 τοῖς
937 3686 1102 3740 πᾶσιν
1152 3681 1484 3751 κοινωφελὴς
1520 3680 1615 3734 xui.
1666 3698 1765 3733 σω-

183 3781 377 3849 τήριος
401 3778 729 3848 καθέστηκε,
746 3777 806 3831 τὸ
833 3775 1088 3847 μέγιστον
1110 3774 1205 3827 καὶ
1232 3770 1561 3841 τιμιώτατον
1588 3770 1776 3840 κτῆμα

183 3869 282 3923 τοῦ
304 3868 515 3940 Πατρὸς
548 3868 808 3937 ὑπάρχων
840 3883 900 3919 τε
933 3865 1027 3918 καὶ
1052 3863 1457 3934 ὠνομασμένος.
1496 3861 1631 3915 Οὐδὲ
1664 3860 1774 3933 γὰρ

184 3962 315 4019 ἄλλο
338 3978 390 4014 τι
415 3962 608 4029 γένοιτ’
644 3960 710 4013 ἂν
762 3959 960 4029 πατέρι
1019 3957 1135 4012 υἱοῦ
1193 3956 1516 4027 τιμίωτερον
1566 3956 1771 4027 κτῆμα.

190 4047 386 4103 Ἔνθεν
420 4048 512 4101 καὶ
538 4046 1015 4118 ὀπρωτόπλαστος
1062 4045 1251 4116 Ἀδὰμ,
1294 4047 1385 4099 ὅτε
1436 4045 1530 4099 τὸν
1579 4046 1637 4097 ὲν
1681 4045 1775 4097 ἀν-

186 4139 430 4211 θρώποις
484 4137 701 4207 πρῶτον
760 4138 875 4191 υἱὸν
924 4138 1197 4208 ἐκτήσατο
1224 4177 1238 4198 ,
1285 4136 1477 4208 ἐλέχθη
1532 4137 1626 4189 καὶ
1686 4137 1773 4188 ἐπ’

186 4230 402 4300 ἐκείνῳ,
421 4228 803 4297 Ἐκτησάμην
826 4228 1141 4297 ἄνθρωπον
1178 4228 1276 4283 διὰ
1320 4228 1425 4282 τοῦ
1466 4226 1613 4281 Θεοῦ
1634 4245 1646 4257 ·
1676 4228 1775 4297 τῆς

198 4319 503 4392 Ἐϐραῖκῆς
540 4319 724 4390 φωνῆς
787 4319 909 4374 ἀντὶ
966 4318 1084 4383 τοῦ,
1133 4318 1507 4388 ἐκτησάμην,
1546 4319 1774 4372 κανίθει

187 4410 570 4484 περιεχούσης.
606 4411 679 4464 Τὸ
700 4410 778 4474 δὲ,
812 4407 1134 4475 ἐκτήσατο,
1156 4409 1314 4462 κάνα
1330 4409 1457 4480 παρ’
1502 4407 1775 4479 Ἑϐραίοις

184 4507 534 4575 ἐκφωνεῖται.
594 4500 780 4565 Οῦτως
801 4495 894 4555 οῦν
944 4500 1036 4553 ἐπὶ
1084 4499 1180 4553 τοῦ
1240 4498 1493 4569 Ἀϐραὰμ
1535 4497 1769 4569 εἴρηται,

1872 659 2329 717 ministrationem
2398 658 2642 715 omnium
2695 666 2753 714 et
2803 659 3463 727 providentiam:utpote

1870 755 1961 826 qui
1988 754 2163 824 Λόγος
2210 762 2377 817 esset,
2407 750 2709 822 Sapientia,
2746 750 2882 817 vita,
2924 751 3105 805 omnis
3132 750 3257 804 boni
3298 759 3464 820 atque

1871 846 2082 917 pulchri
2111 845 2430 916 plenitudo:
2456 859 2567 915 quo
2594 858 2694 915 per
2722 858 2848 898 eum
2876 843 3255 915 gubernentur
3273 845 3460 898 omnia

1869 949 1925 996 et
1950 946 2362 995 conserventur.
2401 936 2517 992 Hoc
2546 938 2726 1006 ipsum
2768 937 2823 991 in
2862 945 2989 990 ante
3022 935 3217 1006 positis
3260 936 3460 990 divinis

1869 1030 2106 1086 oraculis
2138 1030 2395 1085 indicavit
2426 1031 2561 1100 ipse,
2598 1030 2890 1099 inquiens:
2924 1025 3032 1082 Per
3081 1043 3165 1082 me
3204 1042 3347 1098 reges
3379 1042 3462 1081 re-

1869 1130 2054 1193 gnant,
2094 1133 2144 1176 et
2188 1129 2426 1191 potentes
2465 1122 2736 1192 justitiam
2793 1119 3145 1175 determinant
3182 1132 3205 1173 :
3236 1134 3331 1187 per
3379 1136 3461 1173 me

1869 1221 2142 1284 magnetes
2159 1212 2597 1282 magniﬁcantur,
2614 1223 2662 1266 et
2683 1211 2951 1281 principes
2970 1227 3063 1280 per
3077 1226 3159 1265 me
3178 1211 3459 1265 dominan-

1869 1314 1959 1356 tur
1998 1310 2152 1356 terra!
2168 1301 2210 1355 ⁸.
2262 1299 2424 1357 Modo
2468 1301 2651 1371 itaque
2698 1299 3064 1370 inexplicabili
3100 1314 3197 1368 per
3235 1299 3456 1369 sapien—

1871 1393 2001 1447 tiam
2074 1391 2222 1457 illam
2296 1398 2352 1446 et
2408 1391 2811 1460 providentiam
2893 1390 3255 1445 universalem
3332 1388 3456 1444 Filii

1872 1485 1986 1549 Dei,
2036 1485 2291 1540 universa
2340 1484 2816 1539 administrantur.
2877 1482 3005 1537 Hac
3047 1496 3147 1537 nos
3199 1482 3253 1536 in
3304 1484 3457 1551 prius

1868 1576 2062 1647 positis
2100 1575 2320 1632 edocuit
2349 1593 2363 1631 :
2392 1577 2751 1645 hortaturque
2797 1585 2857 1629 ut
2895 1575 2965 1630 ab
3006 1574 3098 1630 illo
3146 1574 3456 1645 dependea-

1871 1684 1992 1724 mus
2027 1687 2042 1722 :
2080 1666 2194 1738 Ego
2254 1670 2427 1733 enim,
2487 1666 2698 1738 inquit,
2782 1666 3057 1737 diligentes
3124 1682 3207 1721 me
3270 1666 3455 1737 diligo.

1875 1767 1934 1825 >14
1975 1760 2081 1825 Qui
2110 1776 2193 1815 me
2222 1770 2491 1830 quwrunt,
2524 1761 2848 1815 invenient".
2881 1760 2925 1814 Δ
2962 1759 3237 1815 contraria
3264 1774 3461 1814 rursus

1874 1854 1956 1906 via
1992 1868 2091 1908 nos
2133 1854 2353 1919 avertit,
2396 1854 2485 1908 ubi
2519 1853 2691 1917 addit,
2721 1850 2835 1922 Ego
2870 1852 2995 1907 odio
3018 1850 3180 1906 habui
3212 1851 3323 1906 aias
3352 1851 3458 1903 ins-

1871 1947 2079 2015 piorum
2120 1961 2389 2011 perversos
2414 1945 2454 1999 ⁸.
2483 1945 2610 2001 Haec
2650 1953 2706 2000 ct
2749 1945 2836 2001 bis
2877 1945 3077 1999 similia
3131 1944 3251 2012 ipse
3288 1941 3463 2000 Filius

1874 2037 1994 2102 Dei,
2024 2038 2140 2107 ipse
2181 2037 2384 2092 etenim
2425 2035 2704 2108 Sapientia
2736 2046 2875 2102 erat,
2908 2036 2961 2091 in
2986 2036 3258 2091 mandatis
3284 2035 3456 2093 dedit.

1870 2132 2047 2198 Atque
2079 2131 2154 2184 ita
2207 2130 2260 2183 in
2324 2130 2676 2200 sequentibus
2722 2129 3007 2198 mysticam
3048 2132 3130 2184 sui
3186 2130 3459 2198 cognitio-

1872 2235 1997 2276 nem
2030 2221 2192 2275 tradit
2219 2221 2284 2277 iis
2307 2222 2504 2291 quibus
2522 2222 2672 2291 prius
2701 2221 2997 2289 profuerat,
3025 2222 3277 2290 inquiens
3304 2240 3317 2276 :
3349 2238 3369 2273 ι
3396 2219 3455 2275 Si

1872 2312 2271 2368 annuntiavero
2300 2311 2454 2367 vobis
2491 2327 2612 2383 quae
2637 2313 2704 2368 de
2727 2312 2814 2367 die
2851 2312 2901 2365 in
2928 2313 3071 2367 diem
3104 2312 3329 2377 ﬁebant,
3358 2327 3459 2368 ne-

1871 2418 2029 2460 cesse
2053 2414 2135 2459 est
2156 2413 2217 2458 ut
2236 2419 2556 2459 enumerem
2579 2420 2701 2473 qua:
2731 2421 2761 2460 a
2796 2404 2995 2460 saeculo
3026 2420 3461 2461 commemorati.

1874 2507 2016 2554 tur.»
2044 2497 2156 2552 Hoc
2174 2505 2281 2564 est,
2308 2499 2352 2551 si
2374 2512 2467 2552 vos
2486 2495 2645 2551 velim
2672 2497 2867 2552 docere
2889 2497 2977 2551 illa
3005 2512 3125 2567 quas
3156 2513 3184 2550 a
3218 2512 3304 2552 me
3322 2514 3461 2568 quo-

1874 2588 2005 2645 tidie
2055 2590 2225 2652 ﬁunt,
2292 2602 2515 2643 necesse
2566 2599 2652 2644 est
2699 2596 2759 2643 ut
2801 2589 2955 2643 vobis
2994 2588 3251 2658 replicem
3290 2603 3457 2661 opera

1872 2695 1992 2735 mea
2028 2680 2095 2735 ab
2120 2680 2277 2736 initio
2298 2679 2645 2745 saeculorum,
2669 2692 2724 2734 et
2742 2680 2795 2734 in
2821 2681 3143 2735 memoriam
3181 2696 3457 2749 revocem,

1873 2771 2016 2841 quod
2058 2786 2145 2825 me
2176 2769 2337 2826 Pater
2359 2772 2449 2839 qui
2476 2772 2683 2840 genuit,
2716 2773 3008 2828 constituit
3037 2772 3327 2828 Dominum
3363 2790 3459 2830 su-

1872 2864 1971 2933 per
2019 2863 2244 2917 omnia:
2273 2873 2330 2917 ut
2369 2864 2445 2917 ita
2493 2865 2710 2932 praesim
2751 2879 2854 2937 ego
2888 2864 2992 2919 viis
3015 2864 3229 2932 ipsius,
3274 2875 3331 2920 et
3364 2866 3460 2920 im-

1875 2969 2058 3024 perem
2108 2956 2367 3025 operibus
2417 2955 2537 3024 ejus
2583 2970 2681 3025 per
2739 2972 2828 3012 me
2874 2957 3134 3011 conditis.
3187 2956 3461 3024 Quocirca

1874 3059 2272 3116 consequenter
2298 3047 2501 3114 intulit,
2529 3046 2789 3102 Dominus
2813 3049 3007 3103 creavit
3032 3065 3114 3103 me
3140 3048 3461 3117 principium

1873 3136 2080 3191 uiarum
2103 3153 2321 3191 suarum
2341 3137 2412 3191 ad
2437 3152 2597 3206 opera
2621 3152 2742 3193 sua.
2778 3139 2908 3201 Aut,
2935 3138 3233 3191 secundum
3262 3150 3462 3206 reprac-

1875 3237 2143 3283 sentatam
2201 3229 2707 3298 interpretationem
2730 3267 2746 3293 ,
2779 3227 3042 3281 Dominus
3089 3228 3323 3296 possedit
3356 3243 3459 3287 me.

1873 3319 2067 3389 Magna
2101 3318 2369 3389 siquidem
2406 3318 2502 3373 Dei
2542 3320 2820 3390 possessio
2846 3359 2861 3382 ,
2912 3330 3032 3375 erat
3060 3320 3230 3376 Filius
3272 3323 3464 3392 unige-

1873 3410 2022 3465 nitus
2056 3428 2070 3465 :
2106 3424 2173 3465 eo
2197 3411 2341 3480 quod
2374 3425 2441 3465 ex
2467 3412 2588 3481 ipso
2613 3414 2827 3482 genitus
2846 3412 3019 3468 Filius
3050 3421 3172 3467 erat
3200 3413 3321 3483 ejus
3352 3428 3369 3468 :
3396 3430 3464 3468 eu

1873 3511 2055 3555 autem
2083 3503 2226 3570 quod
2266 3500 2521 3556 omnibus
2559 3501 2851 3572 proﬁciens
2883 3511 2939 3558 et
2965 3502 3197 3566 salutem
3225 3500 3463 3560 aﬁ‘erens

1874 3593 2332 3657 constituebatur,
2383 3594 2622 3647 maxima
2678 3602 2732 3655 et
2790 3604 2911 3649 erat
2960 3605 3016 3649 et
3071 3594 3463 3651 nominabatur

1875 3687 2147 3753 possessio
2194 3685 2279 3739 sui
2330 3684 2532 3742 Patris.
2558 3684 2745 3755 Neque
2778 3686 2923 3741 enim
2962 3687 3101 3756 patri
3153 3686 3326 3756 magis
3373 3685 3465 3741 ho-

1876 3777 2133 3831 norabilis
2172 3785 2228 3834 et
2275 3787 2431 3848 grata
2476 3778 2766 3849 contigerit
2818 3779 3091 3849 possessio
3118 3819 3133 3844 ,
3171 3793 3335 3848 quam
3378 3787 3465 3833 est

1883 3867 2046 3923 ﬁlius.
2089 3868 2244 3925 Unde
2282 3880 2337 3925 et
2384 3870 2558 3924 Atiam
2595 3870 2687 3925 ille
2729 3869 3141 3940 protoplastes,
3183 3884 3309 3926 cum
3350 3869 3463 3939 pri-

1876 3976 2022 4016 mum
2055 3962 2371 4029 possederat
2422 3962 2593 4017 lilium
2622 4004 2637 4027 ,
2688 3972 2745 4016 ut
2807 3962 2971 4016 homo
3016 3962 3191 4027 dixit,
3237 3962 3463 4017 Possedt'

1874 4052 2138 4105 hominem
2185 4068 2218 4105 ιι
2248 4051 2354 4107 Deo
2379 4053 2424 4107 ’.
2475 4053 2574 4109 Ubi
2622 4054 2673 4107 iu
2720 4054 2947 4108 Hebraeo
2976 4064 3061 4109 est
3093 4069 3189 4123 pro
3230 4054 3462 4122 possedi,

1875 4141 2075 4194 canit/ti
2118 4156 2137 4195 :
2169 4152 2222 4198 et
2257 4157 2358 4212 pro
2391 4145 2648 4211 possedit,
2692 4160 2849 4202 cana.
2898 4142 2990 4201 Sic
3038 4148 3105 4200 de
3149 4146 3464 4200 Abrahamo

1876 4243 2201 4303 usurpatur:
2225 4234 2361 4305 Ager
2384 4252 2536 4306 quem
2565 4238 2797 4306 possedit
2828 4237 3093 4292 Abraham
3114 4254 3129 4303 ;
3148 4238 3203 4291 in
3236 4235 3463 4292 Hebraeo

1875 4337 1959 4381 est
1998 4343 2155 4393 cana,
2183 4342 2306 4397 qua
2338 4339 2424 4384 est
2450 4329 2642 4384 eadem
2673 4344 2781 4385 vox
2804 4340 3066 4401 usurpata
3094 4331 3170 4394 in,
3204 4329 3463 4384 Dominus

1873 4419 2106 4487 possedit
2154 4434 2238 4474 me
2288 4421 2609 4491 principium
2663 4422 2869 4478 uiarum
2921 4437 3142 4477 suarum
3189 4421 3260 4475 ad
3301 4437 3463 4489 opera

1876 4524 1996 4563 sua.
2050 4506 2203 4564 Unde
2228 4524 2353 4564 cum
2389 4500 2589 4568 ibidem
2627 4528 2731 4568 vos
2764 4529 2900 4568 cana
2946 4512 3049 4578 sit,
3088 4511 3468 4581 conspiranter

186 4600 295 4655 τὸν
322 4599 506 4669 ἀγρὸν
563 4597 637 4651 ὃν
692 4596 993 4666 ἐκτήσατο
1043 4595 1311 4663 Ἀϐραὰμ,
1347 4591 1463 4647 ἀνθ’
1496 4585 1558 4646 οῦ
1591 4593 1654 4645 τὸ
1690 4592 1771 4645 'E-

1878 4614 2071 4655 omnes
2117 4601 2405 4657 reddidere
2452 4604 2788 4674 interpretes
2845 4604 3098 4672 possedit.
3151 4602 3287 4657 Illud
3331 4616 3467 4657 vero

182 4693 412 4767 ϐραῖκὸν
440 4691 597 4747 κάνα
619 4690 894 4763 περιέχει·
925 4689 1029 4759 τῆς
1062 4688 1234 4758 αὐτῆς
1273 4686 1477 4751 λέξεως
1510 4685 1771 4757 κειμένης

184 4785 320 4855 παρ’
354 4784 623 4855 Ἑϐραίοις
644 4784 736 4836 καὶ
764 4784 821 4835 ὲν
848 4780 947 4851 τῷ,
983 4781 1199 4847 Κύριος
1242 4778 1446 4833 ἔκτισέ
1471 4794 1549 4847 με
1574 4777 1771 4846 ἀρχὴν

182 4874 345 4931 ὁδῶν
367 4874 555 4930 αὑτοῦ
575 4876 663 4940 εις
688 4875 832 4943 ἔργα
844 4872 1052 4927 αὑτοῦ.
1070 4873 1181 4926 Καὶ
1198 4868 1431 4924 ἐνταῦθα
1451 4868 1560 4941 γὰρ
1576 4869 1771 4939 κειμέ-

181 4984 286 5040 νης
306 4966 407 5037 τῆς
437 4967 592 5021 κύνα
618 4967 837 5034 λέξεως,
858 4965 941 5030 τὸ,
964 4964 1287 5033 ἐκτήσατο,
1316 4961 1516 5025 πάντες
1541 4960 1769 5031 συμφώ-

182 5077 294 5125 νως
321 5058 681 5113 ὲκδεδώκασιν
703 5061 750 5111 οἱ
799 5056 1128 5130 ἑρμηνευταί
1147 5073 1163 5086 ·
1202 5055 1266 5109 τὸ
1311 5054 1368 5107 δὲ
1396 5053 1541 5124 (7i),
1562 5053 1770 5107 ἔκτισε

260 5228 321 5289 ᾧ
352 5221 451 5279 Ed.
481 5219 677 5287 Paris.,
707 5233 829 5290 pag.
862 5217 987 5277 l53.

281 5397 373 5479 ρξ)
398 5396 565 5479 ῖιιξκο
598 5395 918 5479 παρίστησι.

284 5467 375 5537 69)
404 5467 571 5537 Vulgo
603 5467 714 5523 oni.
746 5467 864 5524 τοῦ.

284 5538 375 5606 ’10)
410 5538 579 5606 Vulgo
616 5540 645 5592 6
676 5538 1082 5609 διατιλάμενος.

282 5608 653 5682 71)Α”Εκζισε.
674 5607 773 5682 Sic
781 5607 1087 5682 legendum,
1103 5608 1353 5682 progvulg.
1373 5610 1766 5682 ἔκτησελῖοοιο

182 5677 453 5738 Eusebius
481 5677 556 5731 ait
585 5677 869 5746 legendum
898 5677 986 5732 bic
1025 5680 1277 5746 possedit,
1295 5677 1470 5734 etnon
1491 5677 1761 5735 condidit.

183 5748 344 5807 Libet
372 5748 669 5816 ascribere,
697 5764 817 5816 qua!
844 5748 1011 5804 Basil.
1054 5749 1217 5803 habet
1255 5752 1346 5802 lib.
1386 5765 1447 5811 ll.
1474 5761 1613 5806 cont.
1649 5749 1763 5803 Eu-

187 5836 332 5893 nam.
376 5815 605 5893 'ETI‘D_§_§
633 5818 804 5893 πολλά
850 5818 991 5890 έχων
1018 5820 1199 5893 εἰπεῖν
1256 5820 1386 5893 περὶ
1424 5820 1534 5893 ⁸τῆς
1578 5819 1767 5893 φωνῆς

184 5888 411 5960 ταύτης,
432 5886 566 5959 μηδι
577 5890 754 5943 έκεῖνο
776 5886 1242 5961 ἀπαρασήμαντον
1284 5886 1610 5960 καταλείψω.
1640 5886 1763 5944 ὐτι

1878 4691 2151 4757 condidit,
2207 4694 2455 4764 rejicitur
2508 4696 2578 4750 ab
2628 4696 2893 4761 Hebraeis,
2953 4711 3055 4750 nec
3101 4696 3154 4749 in
3208 4695 3467 4765 praesenti

1876 4782 2145 4851 scriptura
2174 4786 2461 4856 reperitur.
2498 4786 2807 4842 Plurimum
2856 4802 2989 4841 vero
3036 4785 3218 4843 diﬂ‘ert
3255 4785 3464 4853 ἔκτισε,

1876 4876 2074 4929 creauit
2134 4885 2215 4948 et-
2238 4879 2545 4950 ἐκτήσατο,
2575 4879 2804 4949 possedit
2832 4894 2852 4935 :
2879 4895 3003 4936 cum
3032 4878 3160 4934 illud
3193 4877 3469 4948 signiticet

1877 4967 2151 5022 communi
2186 4969 2431 5037 notione,
2464 4981 2847 5027 creaturarum
2872 4983 3219 5040 processum,
3250 4968 3319 5023 de
3356 4983 3464 5022 non

1877 5070 1998 5113 esse
2044 5060 2114 5115 ad
2167 5062 2468 5118 subsistere
2510 5081 2524 5118 :
2565 5064 2671 5118 hoc
2721 5076 2853 5117 vero
2902 5060 2980 5116 rei
3032 5060 3468 5132 praexsisteutis

1062 5217 1086 5249 ⁸
1114 5216 1271 5273 Prov.
1300 5231 1419 5281 vui,
1453 5214 1543 5278 15,
1577 5212 1667 5268 16.
1740 5214 1761 5246 '
1788 5215 1920 5271 ibid.
1949 5214 2035 5269 17.
2113 5216 2136 5248 ⁸
2171 5216 2299 5271 ibid.
2332 5216 2424 5273 20.
2498 5220 2519 5252 ⁹
2554 5218 2692 5277 Gen.
2729 5234 2803 5285 tv,
2831 5219 2883 5274 l.

1877 5401 2027 5474 didm
2056 5401 2166 5455 τῶν
2214 5400 2622 5474 ἑρμηνέωννοί
2674 5397 3153 5474 καιριώτερον-τῆς
3193 5396 3470 5474 σημασίας

1870 5472 1980 5557 τῶν
2021 5466 2325 5557 Ἐὃραξκῷγ
2347 5466 2733 5557 καθικόμενοι,
2773 5466 2912 5557 ξκτή
2924 5466 3064 5557 σατις,
3095 5466 3162 5555 με
3207 5466 3468 5557 entia-3

1871 5523 2106 5597 έέέέισεῑ
2120 5523 2522 5613 tegumina:
2539 5523 2977 5613 septums
2997 5523 3191 5613 ..θεοῖς
3211 5536 3469 5613 ἐμπόδιον

1872 5613 2026 5686 Emi
2061 5614 2198 5686 πρὸς
2246 5612 2344 5686 τὴν
2379 5606 2736 5686 βλςσφημίαηῑ
2771 5606 2870 5686 σεῦ
2914 5606 3255 5686 κξίςμαῑοςξ
3291 5609 3320 5686 9
3358 5606 3467 5686 τδερ

1870 5683 2064 5755 statin,
2095 5675 2415 5755 ἐκτησάμην
2433 5675 2739 5755 λάνθρὼτων
2765 5681 2856 5737 διὰ
2876 5680 2973 5755 τοῦ
3013 5675 3171 5755 Θεοῦ,
3196 5675 3321 5749 οὐχὶ
3344 5675 3467 5755 κτίζ-

1872 5754 2088 5819 σαςοτδν
2120 5748 2285 5819 Καΐν,
2309 5748 2473 5826 me
2490 5748 2780 5825 γεννήσας,
2812 5752 2987 5826 ταύτῃ
3023 5748 3293 5821 φαίνεται
3325 5748 3467 5819 χρη-

1874 5841 2107 5895 σαμενος
2123 5828 2189 5897 τῇ
2215 5828 2385 5897 φωνῇ.
2426 5822 2497 5880 tt.
