4032 6442
618 370 720 434 στι)

1278 360 1551 424 EUSEBII
1586 354 2061 419 CESARIENSIS
2095 355 2246 413 OPP.
2286 352 2469 411 PARS
2507 348 2594 409 ιν.
2636 384 2704 395 -—-
2744 347 3168 410 DOGHATICA.

620 493 1056 568 possessionem,
1103 498 1159 542 et
1207 485 1589 555 proprietatem
1620 480 1948 551 peculiarem
2006 475 2172 545 possi-

2282 469 2684 542 παραλέλεκται
2748 470 2876 541 παρ’
2916 460 3210 538 Ἑϐραίοις,
3262 464 3400 536 ὅπερ
3451 458 3518 516 ού
3556 461 3736 515 κεῖται
3762 458 3854 512 ἰπὶ

619 588 816 643 dentis.
846 581 1098 651 luquiens
1125 579 1245 633 ideo
1276 578 1370 633 Dei
1400 574 1606 643 Filius,
1645 572 1899 627 Dominus
1947 569 2177 649 condidit

620 696 703 734 me
731 675 1041 747 principium
1070 672 1278 726 viarum
1307 684 1530 721 suarum
1562 666 1631 720 ad
1663 679 1820 732 opera
1857 678 1988 728 sua,
2018 662 2179 717 simul

619 778 677 822 et
702 767 821 838 ejus
848 765 1053 819 indicat
1087 759 1579 832 pmexsistentiam
1601 794 1618 821 ,
1666 764 1723 811 et
1759 754 2083 826 peculiarem
2112 754 2181 808 ad

616 861 836 919 Patrem
882 856 1308 930 proprietatem;
1354 864 1559 907 necnon
1606 847 1893 901 utilitatem
1923 850 1983 919 is
2012 845 2178 915 quam

616 956 843 1019 paterna
882 947 997 1014 ejus
1043 958 1207 1015 opera
1239 984 1253 1008 ,
1307 942 1373 997 de
1420 940 1563 995 illius
1608 936 2077 991 administratione
2125 943 2181 990 et

615 1039 958 1110 providentia
986 1046 1306 1108 perceptura
1338 1042 1495 1089 erant
1535 1050 1550 1087 :
1590 1032 1715 1087 inde
1741 1040 1793 1086 et
1828 1027 2012 1094 infert,
2044 1026 2178 1081 Ante

616 1128 810 1187 sucula
840 1130 1077 1199 {undavit
1104 1144 1206 1183 nte.
1241 1125 1310 1181 In
1342 1126 1599 1194 principio
1633 1125 1937 1191 priusquam
1982 1130 2175 1199 terram

615 1230 805 1297 faceret
828 1265 843 1292 ,
868 1235 1143 1294 antequam
1170 1217 1454 1289 prodierint
1489 1215 1659 1284 {entes
1676 1228 1934 1282 aquarum
1957 1226 1975 1263 :
2003 1209 2178 1279 prius-

613 1335 772 1388 quam
805 1326 1003 1369 montes
1037 1309 1415 1370 stabilirentur,
1460 1314 1583 1359 ante
1606 1319 1782 1359 omnes
1821 1301 1978 1355 colles
1997 1299 2175 1369 genuit

614 1426 697 1464 me
730 1408 798 1463 ¹⁶.
828 1406 1033 1473 Quibus
1054 1399 1281 1470 singulis
1309 1396 1643 1458 declaratur,
1683 1409 1847 1463 quam
1897 1390 2061 1446 fuerit
2090 1391 2176 1445 ille

614 1498 766 1553 utilis
807 1505 862 1555 et
905 1490 1238 1549 necessarius
1283 1503 1464 1543 rerum
1497 1483 1833 1542 universitati
1873 1486 2175 1540 :docetur-

614 1602 720 1654 que
746 1585 885 1658 quod
908 1589 1113 1645 eterat,
1138 1590 1192 1636 et
1213 1587 1339 1633 ante
1368 1588 1507 1641 erat,
1530 1585 1583 1630 et
1617 1585 1741 1630 ante
1768 1575 2023 1629 mundum
2052 1573 2170 1628 uni-

611 1691 829 1734 versnm
867 1673 1215 1740 subsistebat,
1282 1680 1339 1727 et
1363 1671 1524 1726 rebus
1559 1669 1808 1725 omnibus
1831 1667 2174 1739 praesidebat.

610 1771 746 1825 Cum
795 1767 937 1823 enim
972 1766 1026 1821 in
1069 1764 1291 1820 historia
1327 1762 1621 1818 creationis
1642 1759 1818 1816 Moses
1846 1760 2175 1830 supercmle-

2278 566 2379 634 τῆς
2438 562 2807 635 προκειμένης
2855 560 3093 631 γραφῆς.
3151 557 3382 627 Πλείοτη
3442 554 3490 609 δ’
3536 552 3606 608 ἂν
3650 549 3859 620 γένοιτο

2278 656 2394 723 τοῦ,
2426 656 2648 719 ἔκτισε,
2673 654 2767 709 καὶ
2796 651 2916 716 τοῦ,
2945 648 3264 716 ἐκτήσατο,
3293 644 3524 718 διαφορά
3544 641 3740 715 τῷτὴν
3760 641 3859 711 μὲν

2279 750 2454 805 κτίσιν
2473 747 2615 803 κατὰ
2638 748 2736 818 τὴν
2768 745 3080 815 κοινοτέραν
3102 742 3365 808 διάνοιαν,
3390 739 3489 811 τὴν
3515 739 3582 791 ὲκ
3626 735 3723 790 τοῦ
3781 732 3857 804 μὴ

2277 844 2427 903 ὖντος
2460 842 2540 904 είς
2569 840 2632 892 τὸ
2652 834 2792 892 εἶναι
2825 835 3057 908 πάροδον
3093 833 3409 904 σημαίνειν·
3436 829 3535 901 τὴν
3557 827 3618 881 δὲ
3642 826 3857 897 κτῆσιν,

2278 933 2372 986 τοῦ
2399 930 2847 1003 προϋπάρχοντος
2892 926 3197 991 ἰδιάζουσαν
3235 923 3544 992 οἰκειότητα
3591 919 3731 991 πρὸς
3766 916 3857 969 τὸν

2276 1023 2570 1095 κτώμενον.
2625 1021 2815 1088 Λέγων
2845 1019 3025 1072 τοίνυν
3055 1020 3085 1071 ὁ
3125 1016 3254 1079 Υἱὸς
3286 1013 3381 1067 τοῦ
3411 1012 3547 1066 Θεοῦ
3599 1011 3684 1073 τὸ,
3735 1008 3859 1063 Κύ-

2271 1134 2401 1183 ριος
2425 1112 2711 1182 ἑκτισέμε
2734 1111 2933 1182 ἀρχὴν
2960 1109 3116 1165 ὁδῶν
3135 1106 3323 1164 αὐτοῦ
3353 1110 3441 1172 εἰς
3474 1106 3620 1175 ἔργα
3643 1100 3857 1171 αὐτοῦ,

2275 1206 2409 1279 ὁμοῦ
2470 1207 2563 1259 καὶ
2627 1205 2725 1275 τὴν
2783 1204 3129 1275 προῦπαρξιν
3168 1198 3334 1254 αὑτοῦ
3381 1196 3565 1270 ἐδήλου
3625 1195 3726 1274 καὶ¹
3756 1193 3859 1265 τὴν

2279 1299 2584 1363 ἰδιάζουσαν
2618 1296 2755 1368 πρὸς
2809 1295 2901 1348 τὸν
2933 1294 3153 1365 Πατέρα
3193 1290 3500 1360 οἰκειότητα
3523 1328 3540 1351 ,
3584 1284 3725 1358 ὁμοῦ
3763 1284 3859 1340 καὶ

2274 1390 2336 1443 τὸ
2359 1390 2626 1460 χρήσιμον
2654 1386 2747 1440 καὶ
2774 1386 3067 1454 ἀναγκαῖον
3084 1382 3181 1453 τῆς
3211 1380 3439 1443 οἰκείας,
3464 1377 3592 1460 περι
3631 1373 3703 1429 τά
3753 1389 3862 1429 m-

2275 1481 2425 1553 τρῷά
2457 1481 2616 1553 ἔργα,
2670 1477 2927 1549 προνοίας
2991 1493 3051 1529 τε
3082 1475 3176 1529 καὶ
3215 1474 3550 1545 διοικήσεως.
3603 1466 3698 1523 Διδ
3727 1464 3860 1538 ἑξῆς

2275 1575 2489 1644 ἐπάγει,
2538 1571 2659 1642 Πρὸ
2684 1570 2791 1625 τοῦ
2813 1567 3030 1634 αίῶνος
3066 1563 3425 1636 ἐθεμελίωσέ
3449 1578 3560 1633 με’
3592 1561 3665 1615 ἐν
3698 1556 3859 1629 ἀρχῆ

2275 1667 2389 1737 πρὸ
2424 1664 2533 1719 τοῦ
2556 1664 2672 1731 τὴν
2703 1659 2817 1731 γῆν
2840 1658 3110 1729 ποιῆσαι,
3132 1656 3245 1728 πρὸ
3268 1654 3375 1711 τοῦ
3401 1653 3719 1725 προελθεῖν
3750 1652 3862 1720 τὰς

2240 1802 2243 1805 .
2279 1757 2473 1829 πηγὰς
2519 1754 2638 1809 τῶν
2688 1753 2927 1809 ὑδάτων
2942 1768 2956 1782 ·
3013 1750 3127 1820 πρὸ
3186 1747 3292 1804 τοῦ
3341 1748 3447 1817 ὅρη
3468 1743 3859 1817 ἑδρασθῆναι,

610 1862 774 1915 stium
802 1869 858 1915 et
904 1859 1251 1915 invisibilium
1308 1864 1629 1926 potestatum
1684 1829 2012 1907 mentionem
2062 1866 2169 1907 non

2274 1850 2385 1919 πρὸ
2408 1846 2521 1920 (72)
2570 1846 2639 1901 δὲ
2687 1844 2931 1899 πάντων
2971 1840 3220 1908 ,Βουνῶν
3272 1837 3460 1910 perri
3491 1854 3597 1908 με’
3656 1836 3731 1891 δι’
3781 1829 3862 1891 ὧν

612 1953 833 2010 fecisset
853 1952 1075 2009 omnino
1098 1950 1296 2015 ullam,
1324 1954 1544 2016 propter
1570 1944 1782 2000 illorum
1808 1941 2175 2013 imperiectio-

610 2058 735 2099 nem
763 2043 854 2112 qui
878 2041 1156 2099 erudiendi
1181 2047 1337 2094 erant
1366 2051 1462 2107 per
1488 2035 1637 2091 illum
1672 2052 1689 2089 :
1716 2045 1775 2090 at
1814 2032 2001 2092 mundi
2030 2032 2172 2087 invi-

610 2135 786 2192 sibilis
809 2135 1211 2206 productionem
1239 2131 1413 2187 obiret
1436 2139 1491 2185 et
1516 2139 1749 2199 quatuor
1775 2128 2171 2183 elementorum

609 2228 831 2283 fecisset
861 2227 913 2280 in
941 2224 1205 2295 principio
1236 2221 1565 2277 mentionem
1606 2219 1754 2283 caeli,
1784 2230 1964 2285 teme,
1993 2217 2173 2289 abyssi

607 2329 668 2375 et
697 2333 869 2388 aquae,
896 2317 1121 2373 istorum
1150 2315 1255 2370 duo
1280 2329 1309 2367 a
1338 2314 1447 2369 Deo
1475 2323 1656 2370 creata
1688 2312 1825 2366 dixit
1854 2329 1867 2365 :
1898 2324 2023 2365 nam
2073 2311 2173 2374 ait,

605 2414 677 2471 In
696 2404 949 2483 principio
966 2408 1156 2465 crearit
1195 2406 1332 2462 Deus
1367 2406 1554 2461 calum
1573 2416 1620 2459 et
1650 2415 1845 2459 terram
1865 2403 1930 2457 “.
1966 2402 2036 2458 At
2067 2415 2174 2456 non

607 2505 677 2560 ad
720 2504 863 2559 hunc
905 2502 1123 2556 modum
1172 2500 1241 2554 de
1282 2512 1421 2568 aqua
1460 2507 1516 2552 et
1560 2497 1756 2569 abysso
1794 2496 2001 2552 locutus
2044 2505 2171 2552 est:

604 2593 762 2665 quasi
790 2602 846 2648 et
869 2591 957 2646 illa
984 2606 1016 2645 a
1058 2589 1168 2645 Deo
1191 2589 1448 2659 producta
1467 2588 1653 2642 inisset
1690 2605 1703 2641 :
1734 2588 1828 2642 sed
1851 2587 2171 2657 simpliciter

607 2687 745 2741 dixit
770 2724 789 2750 ,
820 2682 889 2737 Et
925 2669 1150 2738 tenebat
1197 2691 1345 2735 erant
1378 2684 1533 2748 super
1563 2679 1806 2749 abyssum
1834 2718 1851 2743 ,
1875 2690 1924 2733 et
1952 2679 2173 2747 spiritus

603 2778 705 2834 Dei
745 2777 1012 2847 ferebatur
1047 2791 1203 2843 super
1235 2792 1403 2846 aquas
1438 2774 1503 2831 ".
1547 2771 1867 2827 Necessario
1907 2785 2003 2840 per
2030 2785 2170 2840 pm-

601 2869 748 2925 dicta
780 2866 999 2932 docuit,
1032 2875 1090 2920 ut
1116 2875 1171 2920 et
1196 2865 1362 2920 Filius
1404 2865 1537 2928 Dei,
1586 2864 1728 2933 quod
1770 2863 1956 2933 genita
1988 2872 2167 2931 erant,

601 2969 661 3016 et
695 2962 839 3031 quod
868 2959 984 3030 ipse
1000 2970 1126 3014 ante
1154 2958 1245 3013 illa
1277 2957 1457 3012 omnia
1479 2942 1581 3011 fuit
1610 2975 1623 3012 :
1652 2964 1705 3011 et
1730 2971 1825 3027 per
1857 2957 2027 3025 ipsum
2053 2972 2170 3013 om.

600 3052 696 3107 nia
743 3050 959 3107 condita
995 3060 1120 3105 sunt
1148 3067 1164 3105 :
1197 3048 1317 3104 ideo
1361 3046 1476 3112 ait,
1521 3047 1657 3101 Aule
1698 3047 1892 3101 secula
1932 3045 2169 3116 fundauit

2275 1941 2530 1996 ἁπάντων
2550 1938 2613 1992 τὸ
2642 1937 2704 2003 ἐξ
2731 1935 2899 1990 αὑτοῦ
2938 1932 3215 1997 λυσιτελὲς
3263 1932 3359 1986 καὶ⁸
3392 1932 3693 1999 ἀναγκαῖον
3745 1931 3862 1994 τοῖς

2274 2034 2438 2087 πᾶσιν
2464 2030 2825 2088 ἐνδείκνυταν
2863 2028 2947 2081 ὃτι
2977 2043 3038 2079 τε
3077 2021 3167 2097 ἦν,
3200 2026 3294 2080 καὶ¹
3346 2023 3560 2098 προῆν,
3618 2024 3717 2076 καὶ
3760 2021 3859 2077 τοῦ

2273 2126 2587 2197 σύμπαντος
2644 2122 2850 2193 κόσμου
2913 2117 3237 2192 προϋπῆρχε
3288 2133 3349 2170 τε
3412 2117 3509 2171 καὶ⁵
3561 2115 3862 2187 καθηγεῐτο

2270 2216 2584 2286 ἀναγκαίως
2622 2214 2914 2271 διδάσκων.
2973 2213 3219 2276 Μωσέως
3240 2209 3375 2283 γὰρ,
3423 2211 3482 2264 εν
3529 2212 3601 2282 τῇ
3650 2225 3859 2281 κοσμο-

2271 2308 2425 2381 ποιίᾳ
2452 2308 2563 2362 τῶν
2598 2307 2699 2379 μὶν
2724 2303 3112 2378 ὑπερκοσμίων
3163 2304 3259 2358 καὶ
3304 2300 3529 2371 ἀφανῶν
3572 2301 3859 2372 δυνάμεων

2275 2400 2543 2474 μηδεμίαν
2604 2398 2823 2471 μνήμην
2852 2394 3221 2469 πεποιημένου
3274 2394 3363 2450 διὰ
3417 2393 3486 2449 τὸ
3517 2391 3712 2457 tunc
3748 2392 3858 2447 sin

2269 2493 2339 2546 δι’
2366 2488 2530 2545 αὑτοῦ
2563 2487 3131 2558 παιδαγωγουμένων,
3162 2484 3255 2540 τοῦ
3287 2485 3346 2538 δὲ
3402 2482 3602 2556 ὁρατοῦ
3644 2483 3856 2554 κόσμου

2270 2584 2369 2656 τὴν
2407 2581 2663 2639 σύστασιν
2688 2578 3051 2647 διεξελθόντος
3071 2618 3089 2644 ,
3122 2576 3398 2647 τεττάρων
3459 2590 3523 2629 τε
3572 2573 3856 2644 στοιχείων

2269 2680 2331 2731 ὲν
2361 2677 2503 2749 ἀρχῇ
2529 2673 3027 2747 μνημονεύσαντος,
3062 2666 3293 2741 ούρανοῦ
3315 2668 3408 2722 καὶ
3430 2667 3535 2738 γῆς
3568 2667 3664 2721 καὶ
3692 2664 3855 2721 ἁδύο-

2272 2789 2366 2825 οου
2392 2774 2486 2825 καὶ
2514 2772 2739 2836 ὕδατος,
2782 2768 3003 2825 καὶδύο
3058 2767 3156 2838 μὲν
3210 2762 3541 2836 πεποιῆσθαι
3605 2762 3716 2817 ὑπὸ
3757 2759 3853 2817 τοῦ

2269 2862 2405 2918 Θεοῦ
2434 2865 2547 2935 (75)
2570 2859 3163 2939 εἰρηκότος-Ἐνάρχῆ
3195 2859 3324 2930 γὰρ,
3347 2858 3534 2929 φησὶν,
3564 2855 3855 2925 ἐποίησιν

2269 2959 2304 3009 ό
2322 2956 2462 3023 Θεὸς
2497 2955 2605 3010 τὸν
2632 2954 2898 3025 οὐρανὸν
2912 2951 3010 3006 καί
3034 2950 3149 3019 τὴν
3168 2948 3287 3020 γῆν
3304 2966 3318 2980 ·
3346 2951 3446 3003 οὐκ
3474 2948 3554 3002 ἔτι
3578 2949 3637 3002 δὲ
3655 2948 3856 3019 ὁμοίως

2271 3047 2366 3100 καὶ
2391 3048 2484 3101 επὶ
2500 3049 2595 3100 τοῦ
2627 3046 2817 3109 ὓδατος
2850 3042 3065 3114 καὶτῆς
3090 3041 3330 3096 ἀϐύσσου
3366 3038 3697 3112 μνησθέντος
3716 3078 3733 3104 ,
3776 3038 3857 3104 ὡς

602 3159 687 3198 me
710 3184 726 3205 .
776 3144 833 3198 in
874 3141 1136 3213 principio
1161 3181 1176 3204 ,
1207 3140 1511 3209 priusquam
1554 3147 1746 3192 terram
1786 3140 2027 3192 conderet
2060 3154 2081 3192 :
2120 3150 2168 3193 et

2272 3137 2379 3209 ἄρα
2407 3136 2493 3208 εἴη
2522 3138 2617 3192 καὶ
2646 3136 2821 3191 ταῦτα
2838 3133 3094 3206 γενητὰ,
3156 3131 3272 3187 ἀλλ’
3304 3131 3492 3196 ἁπλῶς
3548 3132 3861 3203 εἰρηκότος,

600 3237 907 3306 priusquam
924 3236 1137 3305 abyssos
1158 3232 1348 3295 facem
1366 3247 1385 3285 :
1397 3232 1701 3301 priusquam
1723 3232 2036 3287 scaturirent
2049 3230 2172 3299 [ou-

2274 3231 2383 3287 Καὶ
2406 3231 2626 3295 σκότος
2648 3227 2849 3281 ἐπάνω
2870 3225 2981 3295 τῆς
2998 3226 3299 3290 ἀϐύσσου,
3321 3225 3422 3279 καί
3448 3223 3687 3295 πνεῦμα
3705 3221 3861 3278 Θεοῦ

599 3335 679 3381 us
696 3324 1019 3393 aquarum“.
1036 3322 1263 3378 Istorum
1280 3322 1464 3389 trium,
1480 3330 1657 3384 terrae,
1673 3322 1873 3391 abyssi,
1887 3336 2169 3392 aquarum,

2273 3321 2588 3389 ἐπεφέρετο
2616 3316 2815 3372 ἐπάνω
2846 3316 2952 3371 τοῦ
2980 3314 3199 3382 ὕδατος
3217 3356 3232 3378 ,
3264 3314 3577 3383 ἀναγκαίως
3628 3313 3719 3368 διὰ
3742 3311 3856 3367 τῶν

605 3417 747 3471 facta
763 3415 1051 3481 mentione,
1066 3423 1314 3484 quartum
1329 3413 1737 3483 etprestantlus
1754 3412 1821 3467 ad
1842 3398 2168 3481 postremum

2274 3410 2649 3485 προκειμένων
2690 3410 2933 3467 διδάσκει
2977 3410 3072 3464 καὶ
3118 3409 3247 3481 περὶ
3303 3408 3481 3463 αὐτῶν
3525 3410 3555 3462 ό
3595 3408 3724 3472 Υἱὸς
3756 3406 3853 3461 τοῦ

603 3508 781 3563 locum
802 3507 1123 3573 reservavit,
1154 3504 1347 3562 celum
1381 3517 1590 3576 nempe,
1623 3503 1763 3560 unde
1790 3502 1869 3559 ait
1894 3504 2168 3575 deinceps,

2272 3503 2428 3569 Θεοῦ,
2459 3504 2541 3558 δτι
2575 3519 2635 3556 τε
2661 3501 2895 3573 γεννητὰ
2927 3500 3037 3571 εἴη,
3058 3503 3155 3558 καὶ
3181 3501 3259 3566 ὡς
3290 3500 3453 3566 αὐτὸς
3496 3501 3604 3574 πρὸ
3632 3501 3857 3557 πάντων

600 3597 823 3663 Quando
856 3598 1075 3666 parabat
1111 3596 1285 3661 celos,
1318 3596 1531 3651 aderant
1560 3612 1665 3650 una
1697 3612 1816 3651 cum
1840 3613 1901 3650 eo
1932 3597 2019 3653 ¹³⁹.

2272 3597 2380 3669 εἴη,
2404 3597 2499 3650 καὶ
2523 3597 2589 3650 δι’
2623 3594 2790 3650 αὐτοῦ
2810 3596 2879 3651 τὰ
2904 3594 3087 3649 πάντα
3118 3595 3401 3667 πεποίητο.
3430 3595 3523 3648 Διό
3547 3610 3704 3667 φησι,
3732 3592 3857 3664 Πρὸ

599 3692 707 3745 τοῦ
736 3687 951 3755 αίῶνος
980 3687 1339 3758 ἐθεμελίωέ
1367 3702 1465 3757 με·
1496 3687 1567 3741 ἐν
1602 3685 1760 3757 ἀρχῇ
1796 3686 1910 3757 πρὸ
1958 3690 2066 3743 τοῦ
2124 3688 2239 3759 τὴν
2271 3686 2657 3759 γῆνμοιῆσαι
2675 3705 2690 3719 ο
2715 3688 2813 3743 καὶ
2842 3689 2956 3758 πρὸ
2980 3688 3088 3743 τοῦ
3118 3692 3226 3756 τὰς
3252 3688 3566 3756 ἀϐύσσους
3579 3687 3855 3759 ποιῆσαι·

596 3781 711 3850 πρὸ
725 3781 833 3836 τοῦ
860 3779 1174 3850 προελθεῖν
1201 3779 1309 3845 τὰς
1332 3779 1532 3850 πηγὰς
1568 3778 1687 3833 τῶν
1716 3778 1969 3835 ὑδάτων.
2001 3780 2181 3853 Τριῶν
2225 3782 2283 3836 δὲ
2329 3781 2535 3835 τούτων
2552 3779 2953 3853 μνημονεύσας.
2977 3779 3084 3851 γῆς
3114 3782 3209 3834 καὶ
3246 3778 3486 3834 ἀϐύσσου
3515 3779 3611 3835 καὶ
3639 3780 3855 3849 ὓδατος,

596 3877 660 3933 τὸ
689 3876 947 3950 τέταρτον
979 3875 1172 3945 ἐπάγει
1190 3874 1519 3940 τελευταῖον,
1550 3872 1614 3927 τὸ
1655 3877 1901 3945 κρεῖττον
1926 3875 2165 3944 φυλάξας
2192 3876 2284 3933 τὸν
2329 3874 2696 3952 οὐρανόν.’Διδ
2723 3877 2974 3951 έπιψέρει
3011 3877 3159 3948 ἑξῆς,
3205 3876 3415 3933 Ἦνίκα
3441 3877 3717 3947 ἡτοίμαζε
3745 3879 3856 3934 τὸν·

597 3973 876 4041 οὐρανὸν,
902 3970 1306 4042 συμπσρήμην
1326 3971 1506 4039 αὐτῷ.

664 4062 795 4130 Quae
822 4076 947 4117 cum
979 4072 1085 4117 tam
1112 4063 1392 4118 evidenter
1417 4063 1472 4119 in
1500 4062 1699 4119 divinis
1731 4064 2026 4136 Scripturis
2043 4082 2170 4137 pro-

2340 4067 2555 4123 Τούτων
2604 4067 2786 4121 τοίνυν
2844 4066 2949 4120 ὐπδ
3015 4064 3115 4135 τῆς
3146 4064 3296 4128 θείας
3346 4063 3569 4136 Γραφῆς
3604 4066 3855 4137 εναργῶς

598 4164 909 4223 ponantur,
949 4162 1003 4211 et
1032 4154 1181 4209 brevi
1237 4155 1470 4225 quadam
1520 4156 1683 4211 veluti
1740 4171 1834 4225 per
1876 4158 2169 4226 epitotnen,

598 4246 945 4302 enarratione
973 4247 1080 4301 sint
1119 4264 1148 4300 a
1198 4247 1353 4302 nobis
1380 4251 1622 4318 exposita
1654 4288 1670 4313 ,
1726 4249 2009 4305 audiamus
2034 4265 2172 4321 quo-

597 4340 762 4395 modo
792 4337 1072 4395 Marcellus
1100 4382 1115 4405 ,
1142 4338 1348 4408 dejecta
1380 4339 1433 4394 in
1468 4341 1688 4394 humum
1728 4341 2172 4410 interpretatione

598 4446 720 4496 sua,
759 4433 875 4486 haec
913 4431 1094 4486 omnia
1121 4441 1177 4487 et
1206 4431 1417 4502 singula
1444 4432 1511 4487 de
1558 4442 1812 4500 suscepta
1842 4446 2005 4487 carne
2037 4446 2168 4488 con-

596 4522 770 4577 tendit
792 4522 1061 4591 usurpari.
1090 4522 1164 4577 Ita
1190 4523 1333 4579 enim
1352 4522 1543 4577 scribit
1577 4521 1668 4595 [Β.
1687 4521 1849 4586 XVII,
1876 4522 2007 4578 coll.
2028 4538 2080 4592 p.
2098 4523 2171 4579 45

598 4612 705 4686 D]:
742 4632 761 4665 ι
788 4613 897 4670 Hoc
929 4613 995 4667 ad
1033 4613 1175 4669 [tunc
1200 4614 1415 4669 modum
1439 4614 1641 4685 posito,
1658 4628 1996 4683 consequens
2008 4622 2093 4669 est
2112 4622 2170 4668 ut

602 4723 624 4757 s
654 4706 1060 4762 consideremus
1080 4703 1425 4762 Prnverbiale
1440 4706 1567 4760 illud
1584 4716 1762 4776 caput,
1782 4704 2035 4759 Dominus
2051 4721 2172 4759 cutt-

604 4815 624 4847 ε
658 4797 792 4850 didit
816 4812 897 4850 me
932 4796 1247 4865 principium
1273 4797 1475 4851 uiarum
1498 4797 1632 4868 ejus.
1657 4794 1794 4852 Vere
1817 4798 1961 4853 enim
1989 4796 2170 4851 condi-

605 4907 625 4941 ι
656 4888 757 4952 dit,
784 4887 1033 4957 quiquod
1059 4902 1164 4941 non
1183 4885 1470 4953 eratfecit,
1500 4886 1763 4943 Dominus
1790 4872 1975 4942 noster
2001 4886 2163 4941 Deus.

604 4998 622 5030 s
654 4978 882 5034 Carnem
899 4978 1041 5032 enim
1064 4992 1225 5049 quam
1243 4979 1537 5048 assumpsit
1558 4979 1808 5046 Verbum,
1824 4993 1944 5033 cum
1966 4993 2068 5032 non
2087 4992 2170 5032 es-

600 5088 620 5121 s
660 5080 765 5134 set,
794 5069 1052 5124 condidit.
1088 5088 1107 5120 ι
1129 5070 1195 5123 Ει
1222 5070 1523 5124 subnectit:
1558 5089 1575 5120 ι
1603 5068 1767 5139 Igitur
1787 5068 1842 5123 in
1872 5068 2167 5124 novissimo

602 5178 621 5211 ι
659 5160 891 5214 maxime
904 5171 1165 5229 tempore,
1183 5160 1312 5215 licet
1328 5161 1433 5216 hoc
1452 5176 1646 5215 novum
1667 5162 1981 5233 mysterium
2006 5176 2164 5215 reveo

603 5269 621 5302 ι
656 5250 868 5304 labatur
910 5267 925 5303 :
973 5261 1032 5304 ut
1073 5255 1131 5313 >14
1170 5249 1241 5305 ob
1283 5250 1336 5306 id
1379 5249 1551 5320 ipsum
1584 5268 1687 5306 non
1724 5251 1993 5307 immerito
2028 5263 2165 5320 pra—

2271 4156 2711 4230 παρισταμένων,
2748 4155 3007 4228 βραχείας
3038 4169 3098 4207 τε
3128 4155 3259 4226 παρ’
3289 4154 3467 4226 ἡμῶν,
3501 4154 3577 4218 ὡς
3622 4156 3683 4209 ὲν
3732 4158 3853 4211 επι-

2269 4251 2431 4320 τομῇ,
2478 4247 2777 4319 διηγήσεως
2817 4246 3225 4316 τετυχηκότων,
3260 4246 3653 4318 επακούσωμεν
3702 4248 3853 4314 ὅπως

2268 4340 2602 4412 Μάρκελλος,
2637 4341 2813 4412 χαμαὶ
2836 4339 3014 4412 βαλὼν
3040 4339 3140 4410 τὴν
3166 4338 3405 4394 διάνοιαν
3424 4377 3441 4402 ,
3466 4338 3642 4393 ταῦτα
3670 4340 3852 4396 πάντα

2268 4432 2653 4503 διῖσχυρίζεται
2690 4433 2817 4504 περὶ
2844 4431 2946 4502 τῆς
2980 4431 3185 4504 σαρκὸς
3210 4431 3497 4502 εἰρῆσθαι,
3528 4426 3598 4504 ἧς
3629 4433 3850 4506 ἀνείλη-

2270 4540 2370 4593 φεν
2396 4524 2425 4575 ὀ
2452 4523 2641 4595 Σωτὴρ
2663 4564 2679 4587 ,
2701 4523 2928 4596 γράφων
2959 4522 3101 4576 κατὰ
3124 4521 3269 4590 λέξιν
3299 4522 3488 4577 τοῦτον
3505 4524 3596 4577 τὸν
3623 4526 3846 4596 τρόπον’

2274 4635 2293 4667 ι
2324 4614 2522 4677 Τούτου
2555 4615 2732 4669 τοίνυν
2759 4615 2931 4679 οὕτως
2952 4614 3168 4686 ἔχοντος
3187 4655 3203 4679 ,
3235 4614 3528 4670 ἀκόλουθόν
3564 4619 3682 4672 ἐστι
3721 4633 3850 4673 σκο-

2275 4725 2293 4757 ι
2328 4708 2450 4759 πεῖν
2473 4709 2541 4777 τῇ
2557 4705 2764 4778 διανοίᾳ
2815 4705 2877 4759 τὸ
2928 4704 3311 4777 παροιμιωδῶς
3353 4706 3661 4776 εἰρημένον,
3695 4710 3849 4764 τουτὶ

2274 4817 2292 4849 s
2313 4797 2624 4867 κεφάλαιον,
2652 4799 2867 4866 Κύριος
2909 4796 3113 4852 Extitre
3130 4813 3207 4866 με
3232 4796 3430 4867 ἀρχὴν
3444 4796 3601 4852 ὁδῶν
3633 4799 3845 4856 αὐτοῦ.

2274 4905 2292 4938 ι
2315 4888 2532 4940 Ἕκτισε
2552 4886 2661 4960 γὰρ
2692 4886 2907 4957 άληθῶς
2931 4886 2993 4939 τὸ
3022 4887 3096 4958 μὴ
3112 4886 3172 4940 ὂν
3197 4885 3512 4957 πεποιηκὼς
3527 4888 3555 4941 ό
3570 4887 3847 4959 Δεσπότης

2273 4997 2293 5029 ε
2320 4978 2477 5050 ἡμῶν
2504 4980 2535 5031 ὁ
2575 4978 2727 5043 Θεός.
2761 4980 2877 5033 Οὐκ
2905 4973 3073 5032 οὖσαν
3094 4977 3205 5051 γὰρ
3234 4978 3335 5049 τὴν
3366 4977 3565 5049 σάρκα.
3599 4977 3667 5049 ἦν
3695 4978 3845 5032 ἁνεί-

2271 5086 2290 5119 s
2327 5068 2493 5140 ληφεν
2529 5066 2559 5119 ὁ
2585 5067 2777 5137 Λόγος,
2798 5066 2931 5121 ἀλλὰ
2960 5066 3035 5138 μὴ
3065 5063 3231 5122 οὖσαν
3251 5067 3454 5123 εκτισε.
3484 5086 3508 5121 s
3528 5067 3639 5122 Καὶ
3666 5068 3847 5122 iutu-

2264 5176 2351 5229 γει
2371 5177 2383 5191 ·
2414 5178 2435 5211 r
2470 5160 2679 5215 Οὐκοῦν
2710 5161 2759 5212 εἰ
2790 5162 2886 5214 καὶ
2914 5159 2984 5213 τὰ
3035 5159 3273 5231 μάλιστα
3322 5161 3411 5216 ἑπ⁹
3438 5160 3687 5233 ισχάτων
3735 5160 3847 5219 τῶν

2271 5271 2290 5302 s
2328 5252 2535 5323 καιρῶν
2559 5251 2711 5305 τουτὶ
2736 5252 2921 5305 καινὸν
2964 5252 3218 5323 ἁπεφάνη
3270 5252 3603 5323 μυστήριονο
3640 5251 3719 5315 ὡς
3754 5249 3847 5309 διὰ

603 5361 620 5391 s
660 5343 828 5398 visum
860 5344 1123 5411 propheta
1146 5342 1365 5410 dixerit,
1392 5344 1528 5400 Ante
1555 5345 1749 5399 secula
1774 5344 2017 5413 [undavit
2052 5359 2158 5410 me,

2271 5362 2289 5395 ι
2332 5344 2491 5398 τοῦτο
2524 5344 2630 5415 πρὸ
2659 5343 2756 5397 τοῦ
2782 5344 2979 5407 αἰῶνος
3008 5344 3201 5397 τούτου
3243 5342 3583 5416 προωρίσθαι
3619 5344 3844 5409 εἰκότως

670 5523 729 5582 ιῙε
753 5517 1087 5593 ,εάηξπίω
1110 5535 1233 5593 pag.
1264 5520 1386 5589 ιει,
1417 5521 1543 5578 155.
1643 5524 1685 5556 ¹⁶
1718 5520 1880 5579 Prov.
1909 5537 2025 5591 vm,
2060 5513 2154 5589 23.

2271 5563 2277 5577 ,
2374 5522 2415 5554 ⁸³
2455 5520 2593 5575 Gen.
2629 5520 2753 5583 ι,1.

626 5588 649 5620 ⁸
698 5588 826 5643 inid.
857 5586 945 5642 27.

664 5773 778 5847 (72)
810 5773 974 5848 Vulgo
998 5791 1105 5833 om.
1131 5775 1210 5831 δέ.

2849 5520 2893 5551 ⁸⁸
2920 5519 3049 5575 ibid.
3075 5519 3133 5572 2.
3234 5518 3279 5550 ¹³
3296 5517 3454 5577 Prov.
3481 5533 3600 5582 vni,
3620 5520 3713 5576 23.
3746 5520 3839 5577 τε.

2339 5777 2449 5850 (75)
2478 5773 2644 5846 Vulgo
2672 5772 2949 5845 εἰρηκότα.
2982 5803 3051 5817 —-
3072 5771 3198 5831 Cor.
3223 5771 3329 5829 iam
3359 5770 3434 5830 Μ.
