4032 6444
523 344 632 409 1183
748 400 757 405 .
1194 340 1465 400 ευεεειι
1502 340 1984 402 CESARIENSIS
2019 342 2173 401 OPP.
2212 338 2395 401 PARS
2433 340 2525 403 IV.
2559 367 2630 386 --
2668 337 3085 401 οοωιΑτιεΑ.
3678 332 3794 398 ιιι

522 465 948 526 Testamentum,
972 478 1228 535 quorsum
1253 472 1308 519 et
1340 461 1611 527 apostolos
1630 505 1647 531 ,
1676 474 1732 519 et
1758 465 1971 520 illorum
2002 471 2101 519 do-

2218 464 2310 535 μὲν
2336 425 2663 531 ἀποστόλους
2683 466 2777 519 καὶ
2814 462 3021 519 τούτων
3056 461 3157 527 τὰς
3211 457 3583 525 διδασκαλίας,
3605 456 3793 528 ὀδοὺς

525 558 753 614 ctrluam
796 556 909 610 eius
960 554 1307 609 nominavit?
1359 551 1549 623 Neque
1584 556 1824 611 animum
1868 556 2099 612 advertit

2218 556 2500 627 ὒνόμασεν,
2529 557 2651 628 οὐχὶ
2682 557 2739 611 δὲ
2768 555 3072 628 προσσεσχε
3120 555 3231 618 τοῖς
3255 551 3347 607 τοῦ
3384 550 3523 606 Θεοῦ
3581 551 3815 624 προφήρ,

528 649 618 704 Dei
648 647 949 716 prophetis,
974 646 1065 716 qui
1098 654 1355 701 sexcenta
1383 647 1626 715 quaedam
1664 646 1729 700 de
1756 648 1863 703 viis
1886 647 2095 702 Domini

2218 664 2341 714 παις,
2395 649 2563 719 μυρία
2598 650 2727 720 περὶ
2764 647 2903 701 ὁδῶν
2953 644 3090 700 Θεοῦ
3126 644 3497 716 γεγραφόσιν;
3564 642 3792 716 Πρῶτον

526 740 881 808 scripserunt.
912 738 1085 794 Moses
1113 747 1296 793 autem
1325 736 1574 807 inprimis
1620 739 1691 790 ita
1717 739 1957 808 scripsit.
1998 738 2099 793 Via

527 833 672 903 regia
718 831 1044 902 proficiscere
1095 832 1161 887 ".
1212 830 1319 896 Et,
1367 827 1503 885 Ecce
1563 831 1715 897 posui
1761 841 1882 884 ante
1912 831 2101 900 [aciem

528 932 675 977 tuam
703 924 840 977 viam
872 924 1011 987 vita,
1042 932 1092 977 et
1125 925 1260 977 uiam
1291 922 1477 977 mortis
1510 920 1574 975 ⁸⁸.
1614 921 1679 974 Ει
1708 920 1875 977 David
1912 922 2103 977 simili-

530 1026 639 1080 ter,
676 1015 833 1070 Nouit
868 1014 1123 1071 Dominus
1152 1018 1287 1070 viam
1319 1015 1611 1084 iustorum,
1640 1023 1690 1068 et
1719 1016 1801 1067 eia
1821 1014 2102 1082 impiorum

527 1105 803 1174 peribit".
836 1104 903 1161 Et
937 1104 1222 1170 Jeremias,
1247 1104 1401 1161 State
1433 1107 1490 1160 in
1528 1107 1647 1165 aiis.
1696 1116 1743 1159 et
1783 1106 2106 1175 interrogate

530 1200 595 1251 de
626 1196 821 1251 semitis
852 1195 1060 1250 Domini
1082 1200 1373 1259 (eternis,et
1401 1197 1568 1251 videte
1588 1213 1707 1267 ante
1739 1197 1808 1251 sit
1838 1197 1923 1250 via
1946 1198 2103 1264 bona,

528 1295 582 1342 et
610 1287 666 1340 in
702 1287 797 1340 illa
819 1288 1081 1343 ambulate
1106 1288 1173 1341 ".
1202 1286 1307 1342 Sed
1335 1298 1389 1343 et
1416 1290 1655 1360 singulos
1691 1290 1983 1358 prophetas
2021 1290 2105 1343 in-

529 1379 717 1433 venies
756 1376 954 1433 fecisse
1000 1380 1323 1434 mentionem
1386 1379 1587 1433 viarum
1645 1380 1763 1435 Dei.
1833 1381 1890 1436 Si
1945 1383 2109 1450 igitur

535 1468 793 1525 Servator
812 1479 866 1524 et
909 1471 1164 1526 Dominus
1192 1481 1380 1526 n05ter
1410 1469 1569 1527 Jesus
1593 1471 1867 1535 Christus,
1901 1487 1963 1528 se
2000 1473 2105 1527 iui-

537 1562 670 1615 tium
705 1564 911 1615 viarum
943 1562 1155 1618 Domini
1192 1564 1404 1628 doceat,
1432 1563 1706 1635 inquibus
1728 1565 1826 1632 ait,
1853 1564 2108 1620 Dominus

535 1654 769 1707 condidit
822 1669 902 1708 me
951 1655 1266 1724 principium
1314 1658 1523 1712 viarum
1572 1673 1791 1712 suarum
1834 1661 1906 1713 ad
1952 1674 2110 1726 opera

536 1760 633 1797 sua
657 1745 723 1812 εί,
756 1745 977 1801 omnino
999 1747 1107 1813 ille,
1147 1748 1203 1803 e’t
1240 1748 1391 1804 Mose
1420 1752 1715 1816 antiquior,
1749 1759 1805 1806 et
1829 1752 2112 1821 prophetis

2205 741 2304 813 μὲν
2338 740 2445 813 γὰρ
2481 734 2811 811 Μωσῆςῶδε
2834 739 3061 811 γράφων
3092 736 3307 807 ἔλεγεν·
3358 733 3505 802 ’0δῷ
3541 736 3795 801 ,ϐασιλι-

2203 832 2281 901 κῇ
2338 833 2611 902 πορεύσῃ
2630 848 2645 863 ο
2695 832 2812 897 καὶ,
2865 829 3014 886 Ἰδοὺ
3046 828 3280 885 τέθεικα
3309 828 3420 899 πρὸ
3461 826 3795 899 προσώπου

2205 940 2323 981 σου
2352 924 2466 993 τὴν
2494 924 2639 980 ὁδὸν
2664 918 2776 993 τῆς
2800 921 2949 993 ζωῆς
2967 964 2983 987 ,
3024 922 3122 977 καί
3150 919 3267 990 τὴν
3291 920 3437 976 ὁδὸν
3466 919 3577 975 τοῦ
3608 915 3795 997 θανὼ-

2205 1031 2342 1070 τουο
2414 1016 2509 1069 καὶ
2549 1018 2578 1069 6
2633 1014 2799 1068 Δασὶδ
2820 1014 3041 1086 ὁμοίως,
3077 1012 3372 1068 Γινώσκει
3420 1012 3535 1084 (77)
3574 1012 3799 1081 Κύρωςο

2206 1104 2353 1160 ὁδὸν
2381 1104 2644 1169 δικαίων,
2681 1106 2779 1158 καί
2825 1103 2968 1170 ὁδὸς
3024 1102 3261 1158 ἀσεϐῶν
3288 1101 3599 1158 ἀπολεῖται
3616 1118 3632 1133 ·
3695 1098 3795 1154 καὶ

2219 1200 2353 1270 Ἰερε
2360 1198 2509 1270 μίας,
2540 1195 2728 1267 Στῆτε
2746 1196 2818 1251 ἐν
2845 1195 2974 1261 ταῖς
2986 1194 3168 1261 ὁδοῖς,
3190 1194 3289 1248 καὶ
3310 1193 3650 1263 ἐρωτήσατε
3669 1192 3797 1260 τρί-

2208 1291 2355 1356 ϐους
2396 1291 2613 1359 Κυρίου
2655 1290 2955 1353 αἰωνίους,
3008 1287 3109 1341 καὶ
3156 1286 3314 1341 (date
3357 1286 3500 1340 ποία
3550 1283 3795 1351 ἐστὶν-ἠ

2208 1379 2348 1447 ὁδὸς
2369 1383 2407 1449 ἠ
2444 1379 2659 1450 ἀγαθὴ,
2689 1380 2787 1435 καὶ
2816 1380 3143 1450 πορεύεσθε
3181 1379 3253 1433 ἐν
3276 1377 3429 1446 αὐτῇ
3450 1394 3464 1407 ·
3513 1379 3609 1431 καὶ
3666 1378 3800 1430 ἑκα-

2211 1489 2333 1525 στον
2359 1471 2417 1524 δὲ
2446 1470 2555 1525 τῶν
2578 1471 2872 1544 προφητῶν
2891 1470 3164 1543 διαφόρως
3211 1468 3663 1541 μνημονεύσαντα
3686 1466 3800 1520 τῶν

2207 1561 2341 1617 ὁδῶν
2366 1560 2460 1615 τοῦ
2487 1560 2623 1615 Θεοῦ
2654 1562 2923 1633 εὑρήσεις.
2953 1561 3016 1615 Ei
3037 1559 3216 1614 τοίνυν
3242 1562 3271 1613 6
3319 1558 3508 1630 Σωτὴρ
3542 1558 3636 1612 καὶ
3678 1555 3798 1611 Κύ-

2212 1670 2327 1726 ριος
2358 1653 2518 1724 ἡμῶν
2554 1652 2760 1725 Ἰησοῦς
2791 1650 3027 1723 Χριστὸς
3042 1650 3139 1704 τοῦ
3164 1649 3298 1705 Θεοῦ
3326 1650 3500 1721 ἀρχὴν
3527 1645 3801 1702 εἶναιτῶν

2211 1743 2348 1798 ὁδῶν
2378 1742 2473 1797 τοῦ
2499 1741 2636 1797 Θεοῦ
2663 1742 2855 1797 ἑαυτὸν
2878 1740 3116 1796 διδάσκει
3143 1740 3568 1811 λέγων.Κύριος
3590 1738 3803 1794 staturi

536 1836 661 1900 erit,
694 1845 748 1889 et
801 1837 868 1892 iis
899 1840 1153 1895 omnibus
1180 1841 1273 1910 qui
1319 1842 1496 1897 adhuc
1523 1841 1771 1904 ulterius,
1806 1845 2103 1899 secundum

2218 1852 2279 1904 με
2298 1833 2497 1904 ἀρχὴν
2524 1832 2678 1889 ὁδῶν
2702 1833 2889 1888 αὑτοῦ
2910 1835 2998 1900 εἰς
3021 1832 3166 1903 ἔργα
3192 1832 3399 1893 αὐτοῦ,
3436 1831 3659 1893 πάντως
3690 1844 3800 1883 που

536 1928 652 1981 vias
680 1927 775 1982 Dei
808 1930 1078 1986 vixerunt.
1121 1932 1226 1987 Sed
1255 1948 1361 1986 non
1398 1942 1515 1988 erat
1542 1949 1671 1989 caro
1701 1948 1866 2000 quam
1890 1948 2107 1989 assum-

535 2020 645 2088 psit
692 2022 840 2076 hisce
868 2022 1119 2078 omnibus
1141 2024 1418 2093 antiquior
1454 2044 1467 2080 :
1500 2026 1683 2094 itaque
1731 2041 1839 2081 non
1867 2037 2016 2081 recte
2042 2026 2109 2079 de

536 2124 700 2165 carne
731 2112 1153 2180 interpretantur
1194 2114 1471 2169 oraculum
1507 2112 1659 2169 illud.
1704 2111 1970 2180 Quocirca
1999 2128 2106 2167 non

538 2197 747 2253 locutus
770 2209 854 2255 est
882 2202 983 2255 ista
1010 2201 1267 2258 Senator
1297 2212 1520 2275 propter
1549 2218 1792 2267 carnem,
1839 2203 1935 2259 sed
1965 2204 2107 2273 quod

543 2292 953 2359 prmexsistebat
999 2294 1110 2363 ipse
1138 2334 1154 2359 ,
1203 2306 1260 2351 et
1288 2297 1431 2350 viam
1470 2295 1700 2351 ducebat
1753 2294 1857 2350 viis
1898 2293 2109 2349 Domini

546 2383 841 2447 universis,
878 2384 933 2439 in
964 2386 1162 2453 quibus
1193 2386 1283 2456 qui
1309 2386 1630 2451 erantolim,
1657 2385 1766 2440 Deo
1797 2385 1977 2440 dilecti
2004 2399 2112 2439 om-

541 2488 640 2529 nes
671 2476 1102 2530 ambulaverunt.
1139 2477 1582 2546 Quandoquidem
1624 2485 1680 2531 et
1713 2477 1932 2532 divinus
1967 2477 2111 2542 Apo-

541 2564 711 2618 stolus
748 2565 903 2631 dixit,
935 2566 979 2621 0
1002 2567 1321 2636 profundum
1351 2566 1711 2629 .divitiarum,
1739 2576 1790 2620 et
1819 2567 2109 2636 sapientiai,

539 2666 591 2709 e.‘
629 2657 944 2727 cognitionis
990 2657 1085 2711 Dei
1112 2700 1124 2717 .
1156 2676 1314 2729 quam
1354 2658 1717 2712 inscrutabilia
1744 2668 1866 2711 sunt
1900 2658 2112 2727 judicia

538 2744 656 2815 ejus
682 2784 697 2812 ,
732 2755 783 2797 et
825 2747 1317 2815 tmpervestigabiles
1349 2748 1442 2800 vite
1471 2747 1590 2816 ejus
1620 2749 1686 2809 “,
1716 2746 1879 2801 aliam
1917 2761 2110 2816 quam~

540 2837 666 2891 dam
704 2838 846 2890 viam
880 2837 967 2892 ille
996 2838 1252 2891 indicavit
1280 2878 1296 2901 ,
1340 2840 1714 2895 universitatis
1740 2855 1920 2894 rerum
1949 2854 2111 2894 cura-

543 2930 734 2984 tricem
764 2969 781 2994 ,
806 2943 905 2998 per
940 2943 1100 2997 quam
1155 2928 1406 2985 ineﬂ'abili
1441 2932 1673 3001 quodam
1696 2932 1904 3003 judicio
1927 2941 1983 2986 et
2011 2947 2115 2986 ra-

541 3021 780 3075 tionibus
803 3020 1122 3089 quiliusdam
1166 3034 1268 3074 non
1297 3022 1836 3093 eotttprebendendis,
1862 3024 2112 3077 universa

542 3112 841 3182 gubernat,
892 3127 989 3181 pro
1036 3110 1221 3166 divina
1260 3127 1355 3167 sua
1411 3122 1679 3181 potestate
1720 3132 1734 3168 :
1774 3128 2116 3183 consequens

2211 1920 2306 1977 καὶ
2331 1923 2577 1987 Μωσέως
2604 1924 2697 1977 καὶ
2724 1923 2833 1977 τῶν
2867 1921 3164 1994 προφητῶν
3188 1920 3281 1975 καὶ
3314 1920 3421 1974 τῶν
3457 1920 3537 1973 ἑτι
3589 1918 3801 1973 ἀνωτέ-

2210 2034 2290 2087 ρω
2343 2015 2486 2069 κατὰ
2534 2015 2633 2079 τὰς
2693 2016 2847 2079 ὁδοὺς
2886 2014 2983 2077 τοῦ
3034 2014 3171 2069 Θεοῦ
3241 2013 3580 2085 βεϐιωκότων
3608 2013 3694 2083 εἴη
3731 2012 3805 2067 ἂν

2210 2105 2612 2177 πρεσϐύτερος·
2638 2104 2752 2160 ἀλλ’
2776 2105 2899 2177 οὐχὶ
2936 2106 2970 2177 ἡ
3001 2104 3156 2177 σὰρξ,
3186 2104 3255 2176 ἣν
3293 2103 3605 2173 ἀνείληφεν,
3649 2103 3802 2156 ὲκεί-

2209 2214 2315 2250 νων
2348 2196 2607 2250 ἁπάντων
2639 2197 2853 2267 ὑπῆρχε
2883 2197 3309 2268 προγενεστέρα.
3342 2196 3455 2250 Οὐκ
3485 2193 3665 2266 ὀρθῶς
3704 2190 3804 2249 οὗν

2210 2290 2302 2343 ἐπὶ
2342 2288 2441 2360 τὴν
2470 2289 2651 2361 σάρκα
2681 2288 2995 2359 ὲξείληπται
3042 2290 3105 2344 τὸ
3157 2289 3357 2359 λόγιον.
3414 2290 3489 2342 Οὐ
3561 2288 3651 2342 διὰ
3700 2286 3805 2359 τὴν

2212 2385 2390 2451 σάρκα
2424 2381 2606 2435 τοίνυν
2630 2381 2779 2437 ταῦτ’
2802 2381 2988 2451 ἔλεγεν
3014 2384 3041 2434 6
3069 2380 3280 2453 Σωτὴρ,
3341 2381 3430 2434 διὰ
3471 2380 3530 2433 δὲ
3561 2381 3624 2433 τὸ
3661 2396 3803 2452 προ-

2213 2473 2478 2545 ϋπάρχειν
2510 2473 2705 2539 αὑτὸν,
2756 2474 2851 2527 καὶ
2883 2471 3241 2545 καθηγεῖσθαι
3299 2472 3412 2543 (78)
3467 2472 3658 2526 πασῶν
3692 2472 3804 2526 τῶν

2209 2564 2344 2618 ὁδῶν
2370 2564 2466 2618 τοῦ
2498 2563 2656 2630 Θεοῦ,
2704 2563 2775 2630 ἇς
2814 2564 3038 2630 πάντες
3057 2566 3111 2620 οἱ
3139 2563 3325 2618 πάλαι
3357 2563 3660 2633 θεοφιλεῖς
3688 2564 3795 2617 ἇν-

2210 2654 2347 2722 δρες
2372 2654 2729 2710 ὼδεύκασιν.
2771 2655 2923 2709 Ἐπεὶ
2953 2656 3011 2709 δὲ
3034 2657 3062 2708 6
3087 2654 3227 2719 θεῖος
3242 2653 3564 2717 Ἀπόστολος
3606 2653 3804 2722 λέγων,

2211 2742 2279 2800 Ὦ
2310 2746 2506 2813 ,βάθος
2533 2747 2803 2802 πλούτου
2829 2748 2927 2802 καὶ
2956 2748 3180 2816 σοφίας
3208 2746 3306 2801 καὶ
3322 2746 3603 2815 γνώσεως
3633 2745 3811 2810 Θεοῦ,

2210 2841 2292 2905 ὡς
2347 2839 2786 2907 ἀνεξερεύνητα
2841 2840 2914 2893 τὰ
2967 2840 3223 2907 κρίματα
3276 2838 3465 2893 αὐτοῦ
3552 2838 3652 2891 καὶ
3704 2836 3811 2890 ἁν-

2211 2930 2582 2999 εξιχνίαστοι
2615 2933 2677 2984 al
2705 2930 2829 2984 ὁδοί
2855 2929 3062 2993 αὐτοῦ,
3094 2929 3286 3000 ἑτέρας
3306 2929 3457 2993 τινας
3480 2929 3634 2991 ὀδοὺς
3676 2928 3809 2983 6m-

2214 3016 2419 3083 σάλλει,
2451 3017 2553 3081 τὰς
2579 3018 2943 3089 προνοητικὰς
2966 3018 3076 3071 τῶν
3101 3017 3261 3084 ὅλων,
3287 3018 3353 3072 δι’
3380 3013 3454 3072 ὧν
3502 3020 3809 3091 ἀπορρήτῳ

2215 3111 2415 3181 κρίσει,
2446 3112 2540 3164 καὶ
2563 3110 2743 3179 λόγοις
2767 3111 2877 3181 (79)
2923 3110 3208 3182 άλήπτοις,
3242 3112 3311 3165 τὰ
3360 3111 3653 3182 σύμπαντα
3690 3110 3811 3164 δια-

542 3214 695 3258 certe
732 3214 853 3267 est,
890 3213 946 3258 ut
973 3212 1028 3258 et
1056 3204 1249 3258 barum
1285 3206 1491 3259 viarum
1529 3220 1743 3276 quoque
1786 3205 2111 3276 principium

2218 3202 2453 3273 κυϐερνᾷ
2484 3202 2605 3275 Θείᾳ
2633 3203 2898 3273 δυνάμει,
2954 3203 3247 3258 ἀκόλουθόν
3284 3205 3401 3256 ἐστι
3462 3203 3555 3255 καὶ
3602 3202 3811 3259 τούτων

543 3305 849 3350 statuamus
920 3296 1070 3351 illum
1112 3335 1129 3360 ,
1189 3297 1279 3366 qui
1335 3296 1510 3362 dixit,
1576 3295 1826 3351 Dominus
1880 3297 2113 3351 condidit

544 3403 627 3440 me
684 3388 1001 3456 principium
1072 3389 1279 3443 viarum
1348 3404 1567 3442 suarum
1627 3392 1695 3442 ad
1768 3407 1927 3457 opera
1992 3408 2111 3445 sua.

545 3479 699 3545 Quod
771 3478 1056 3536 Marcellus
1121 3496 1228 3536 non
1294 3481 1597 3550 intelligens
1660 3484 1773 3538 vias
1843 3484 2113 3547 Domini,

543 3573 729 3625 statuit
784 3588 905 3627 esse
962 3586 1179 3627 carnem
1223 3571 1527 3628 Servatoris
1578 3574 1747 3628 nostri
1791 3590 1804 3627 :
1846 3580 1903 3638 ›Ῑ‹
1954 3574 2118 3629 inter-

545 3672 790 3733 pretatur
836 3663 928 3735 [Β.
959 3662 1100 3736 XIII)
1152 3673 1207 3719 et
1256 3664 1383 3720 illud
1433 3680 1647 3736 quoque
1685 3667 1737 3721 in
1798 3669 1941 3722 hunc
1994 3682 2117 3723 sen-

546 3771 687 3823 sum,
723 3759 956 3811 condidit
1008 3774 1089 3811 me
1159 3758 1472 3827 principium
1526 3758 1727 3812 ciarum
1769 3774 1986 3811 suarum
2048 3758 2116 3810 ad

545 3864 704 3914 cpera
729 3866 846 3905 sua.
872 3852 1131 3915 Quaenam
1165 3860 1343 3905 autem
1375 3863 1538 3919 opera
1568 3849 1722 3903 vult?
1749 3849 1837 3903 illa
1863 3849 2117 3903 nimirum

548 3939 615 3990 de
646 3939 843 4007 quibus
874 3940 1132 3992 Servatur
1164 3940 1276 4008 ait,
1305 3938 1467 3993 Pater
1488 3955 1629 3994 meus
1658 3940 1829 3993 adhuc
1855 3950 2117 4007 operatur,

546 4036 595 4079 et
627 4042 719 4094 ego
749 4029 1016 4091 operar".
1048 4028 1111 4080 Et
1133 4044 1342 4092 rursus,
1378 4028 1524 4097 Opus
1544 4028 1735 4097 perfeci
1788 4028 1944 4093 illud,
1980 4028 2119 4097 quod

546 4118 734 4170 dedisti
774 4118 981 4172 mihi“.
1020 4116 1307 4189 Sulijungit
1337 4133 1539 4187 porro,
1586 4119 1737 4187 quasi
1792 4118 2118 4173 sententiam

547 4208 737 4261 horum
767 4209 1079 4275 eX||liCilll52
1115 4228 1131 4260 ι
1166 4210 1427 4276 Quisnam
1458 4218 1582 4263 ante
1614 4208 1811 4262 factam
1838 4224 1934 4280 per
1957 4224 2121 4278 opera

552 4318 573 4351 ι
606 4302 1125 4355 demonstrationem
1181 4302 1524 4367 credidisset,
1559 4301 1701 4371 quod
1748 4299 1982 4355 Verbum
2028 4301 2121 4356 Dei

554 4408 573 4441 ε
605 4404 699 4458 per
727 4387 999 4459 Virginem
1029 4402 1377 4461 generatum,
1414 4403 1652 4446 nosuam
1679 4405 1898 4445 carnem
1940 4405 2125 4445 susce-

554 4496 574 4530 s
607 4480 812 4547 pisset?
841 4490 895 4535 et
926 4490 1105 4535 tamen
1143 4482 1452 4535 universam
1481 4481 1739 4536 deitatem
1772 4480 1825 4533 in
1858 4496 1915 4534 se
1942 4495 2126 4549 corpo-

553 4587 573 4622 (
606 4572 792 4625 raliter
834 4574 1157 4627 residentem
1180 4574 1642 4629 demonstrasset?
1673 4593 1691 4625 ι
1722 4573 1788 4628 Et
1822 4575 1986 4628 veluti
2028 4576 2121 4645 qui
2154 4553 2198 4609 D

550 4663 875 4716 sententiam
908 4663 1144 4729 perfecte
1162 4664 1516 4731 explicuerat,
1545 4665 1733 4719 addit:
1770 4682 1788 4715 ι
1822 4664 1934 4720 Hoc
1965 4665 2128 4735 igitur

555 4772 575 4803 ε
600 4761 706 4818 est,
722 4752 975 4808 Dominus
1004 4755 1239 4807 condidit
1263 4770 1342 4808 me
1359 4755 1673 4823 principium
1689 4756 1893 4809 viarum
1913 4770 2127 4808 suarum

555 4862 577 4896 s
608 4846 679 4897 ad
710 4861 865 4911 opera
901 4862 1019 4899 sua.
1052 4864 1071 4898 ι
1116 4846 1239 4902 ΙΙωο
1287 4857 1466 4902 autem
1517 4849 1738 4917 scripsit
1790 4862 1895 4902 non
1944 4847 2131 4902 valens

549 4952 664 4993 sua:
688 4938 881 4990 mentis
930 4938 1119 4994 oculos
1165 4953 1381 4993 sursum
1423 4940 1693 5001 attollere.
1744 4953 1845 4994 nec
1906 4938 2131 5008 perinde

551 5042 617 5080 uc
669 5026 932 5094 propheta
983 5028 1189 5095 dicens,
1216 5026 1442 5092 Quando
1488 5028 1729 5081 intuebar
1769 5026 1923 5081 calas
1973 5043 2131 5094 opera

551 5118 838 5187 digitorum
869 5128 1100 5185 tuorum,
1134 5120 1319 5174 lunam
1347 5128 1399 5174 et
1437 5119 1639 5183 stellas,
1675 5136 1805 5189 quas
1848 5128 1905 5170 tu
1940 5118 2134 5185 {unda-

553 5210 621 5259 sti
640 5206 706 5258 "..
732 5204 843 5261 Nec
876 5208 929 5262 in
964 5212 1280 5264 memoriam
1313 5223 1575 5265 revocans
1605 5211 1881 5279 pmphetze
1906 5209 2133 5274 dictum,

631 5399 689 5466 [It
727 5393 823 5449 Ed.
850 5394 1045 5453 πνοι-ῖς..
1082 5412 1205 5466 pag.
1249 5396 1373 5452 157.
1498 5398 1541 5429 ¹⁷
1562 5404 1722 5454 Num.
1763 5413 1877 5459 ιιι,
1911 5398 2001 5452 22.

654 5696 743 5781 222
768 5696 931 5781 Υθημο
954 5701 983 5753 ὁ
1013 5700 1337 5781 “istoito
1362 5702 1498 5781 ἀδένε

655 5765 747 5827 78)
778 5766 945 5823 Vulso
968 5765 1159 5825 πασῶν
1190 5765 1327 5827 ὁδῶν
1350 5772 1443 5827 τοῦ
1480 5774 1707 5843 Κυρίου.

2121 5398 2164 5431 ³⁸
2194 5399 2351 5454 Deut.
2391 5417 2522 5465 xxx,
2574 5403 2660 5458 15.

555 5462 601 5495 ³¹
629 5464 787 5520 l‘rov.
830 5482 948 5530 \iltl,
982 5462 1096 5521 τε(
1150 5470 1194 5499 "
1221 5468 1376 5522 Rom.
1407 5485 1483 5535 ιι,
1512 5469 1602 5525 35.
1687 5469 1734 5501 ’³
1758 5466 1913 5527 Joau.
1944 5484 1997 5536 v,
2029 5469 2114 5525 17.

2222 5469 2239 5499 ⁸
2268 5469 2426 5525 Joan.
2448 5462 2583 5539 xvn,
2620 5475 2673 5529 ι.
2751 5476 2797 5509 ⁸⁸
2837 5478 2979 5534 Psal.
3010 5462 3218 5545 mni.

2220 3294 2327 3347 τῶν
2358 3293 2495 3347 ὁδῶν
2538 3295 2713 3367 ἀρχὴν
2770 3291 2908 3349 εἶναι
2953 3296 3133 3365 λέγειν
3155 3296 3247 3349 τὸν
3288 3295 3572 3366 εἰρηκότα,
3595 3294 3812 3363 Κύριος

2220 3385 2419 3439 ἑκτισέ
2444 3403 2522 3456 με
2545 3386 2743 3456 ἀρχὴν
2766 3386 2921 3441 ὁδῶν
2942 3386 3128 3442 αὑτοῦ
3153 3388 3242 3454 εις
3269 3387 3415 3453 ἔργα
3450 3383 3640 3440 αὐτοῦ
3662 3401 3675 3414 ·
3700 3386 3730 3439 6
3747 3384 3812 3439 δὲ

2224 3474 2299 3546 μὴ
2321 3478 2517 3548 νοήσας
2532 3478 2630 3542 τὰς
2644 3478 2796 3542 ὁδοὺς
2809 3479 2904 3532 τοῦ
2922 3470 3079 3543 Θεοῦ,
3111 3478 3209 3551 τὴν
3242 3479 3421 3551 σάρκα
3439 3478 3533 3533 τοῦ
3555 3478 3815 3551 Σωτῆρος

2223 3568 2394 3640 ἀρχὴν
2438 3570 2643 3624 τούτων
2689 3566 2825 3624 εἶναι
2859 3572 3198 3644 ἀπεφήνατο.
3258 3571 3581 3644 Ἐρμηνεύει
3615 3572 3674 3625 δὲ
3718 3573 3818 3628 καὶ

2220 3661 2301 3724 τὸ,
2338 3663 2425 3726 εις
2440 3662 2582 3730 ἔργα
2596 3659 2803 3726 αὐτοῦ,
2832 3661 3373 3732 φάσκων,Ἔκτισεν
3400 3659 3493 3718 οὖν
3502 3681 3601 3734 με,
3624 3666 3814 3736 φησὶν,

2223 3751 2421 3821 ἀρχὴν
2456 3750 2611 3807 ὁδῶν
2649 3752 2835 3806 αὐτοῦ
2877 3756 2964 3821 είς
2993 3754 3137 3824 ἔργα
3166 3755 3375 3809 αὐτοῦ.
3422 3755 3556 3808 Ποῖα
3584 3755 3643 3808 δὲ
3676 3756 3818 3827 ἔργα

2226 3842 2426 3912 φησίνς
2459 3842 2587 3913 περὶ
2617 3835 2693 3897 ὧν
2734 3846 2763 3896 ὁ
2800 3846 2989 3917 Σωτὴρ
3018 3844 3188 3915 λέγει,
3226 3847 3279 3900 Ὁ
3301 3846 3504 3915 Πατήρ
3538 3865 3659 3917 μου
3703 3847 3821 3914 ἕως

2226 3931 2355 3999 ἄρτι
2393 3931 2717 4000 ἐργάζεται,
2767 3934 2928 4005 κάγὼ
2978 3936 3315 4007 ἐργάζομοιο
3364 3937 3461 3991 καὶ
3508 3933 3687 4003 αὖθις,
3743 3938 3819 3994 T6

2224 4023 2421 4091 ἔργον,
2455 4025 2639 4096 φησὶν,
2656 4026 2997 4093 ἑτελείωσα,
3020 4028 3050 4082 ὃ
3072 4028 3337 4096 δέδωκάς
3349 4047 3471 4099 μοι.
3494 4025 3607 4084 Εἶθ’
3627 4028 3818 4101 ῶσπερ

2226 4112 2501 4184 διασαφῶν
2544 4117 2643 4189 τὴν
2694 4117 2805 4172 τῶν
2849 4120 3156 4191 εἰρημένων
3211 4120 3479 4186 διάνοιαν,
3535 4121 3813 4193 tuam:-

2235 4224 2253 4257 s
2294 4206 2389 4269 Τίς
2416 4206 2525 4280 γὰρ
2558 4210 2664 4281 πρὸ
2688 4210 2789 4282 τῆς
2808 4210 2920 4265 τῶν
2950 4212 3291 4283 πραγμάτων
3318 4213 3665 4281 ἀποδείξεως,
3693 4214 3818 4269 ltel-

2236 4316 2254 4348 s
2298 4314 2519 4352 στευσεν
2553 4299 2641 4365 ἂν,
2675 4303 2760 4356 ὅτι
2795 4302 2966 4370 Λόγος
2995 4302 3130 4356 Θεοῦ
3163 4302 3251 4357 διὰ
3274 4304 3546 4377 Παρθένου
3579 4304 3817 4375 τεχθεὶς,

2235 4406 2254 4439 ι
2294 4389 2395 4459 τὴν
2434 4391 2717 4463 ἡμετέραν
2746 4392 3080 4464 ἀναλήψεται
3108 4395 3318 4466 σάρκα,
3348 4396 3444 4449 καὶ
3487 4397 3589 4468 τὴν
3639 4399 3821 4453 πᾶσαν

2237 4499 2255 4530 ι
2299 4481 2528 4552 θεότητα
2587 4486 2645 4537 ὲν
2706 4485 2847 4557 αὐτῇ
2878 4487 3205 4557 σωματικῶς
3265 4487 3628 4554 ὲπιδείξεταις
3670 4508 3689 4541 ι
3727 4491 3822 4545 καὶ

2226 4569 2414 4644 ῶσπερ
2443 4575 2631 4645 ἐντελῆ
2656 4576 2751 4649 τὴν
2779 4577 3019 4632 διάνοιαν
3042 4580 3274 4645 ἀποδοὺς
3304 4580 3520 4649 ἐπάγει·
3553 4600 3573 4633 t
3611 4580 3822 4637 Οὐκοῦν

2234 4682 2252 4715 ι
2293 4663 2435 4718 τοῦτ’
2462 4666 2576 4721 ἔστι
2619 4668 2700 4734 τὸ,
2738 4671 2953 4739 Κύριος
2987 4672 3190 4727 ἐκτισέ
3210 4689 3287 4743 με
3307 4672 3507 4742 ἀρχὴν
3534 4672 3691 4728 ὁδῶν
3715 4678 3823 4730 αὺ-

2238 4774 2256 4805 ι
2296 4756 2401 4809 τοῦ
2425 4760 2515 4823 εἰς
2545 4760 2692 4829 ἔργα
2722 4761 2931 4816 αὑτοῦ.
2971 4781 2989 4813 ι
3024 4764 3133 4817 Καὶ
3159 4763 3335 4818 ταῦτα
3365 4764 3432 4835 δὴ
3466 4763 3728 4835 ἔγραφεν,
3757 4765 3820 4821 οὐ

2230 4844 2477 4917 δυνηθεὶς
2508 4850 2633 4913 τοὺς
2658 4851 2757 4921 τῆς
2783 4852 3024 4917 διανοίας
3055 4854 3367 4926 ὀφθαλμοὺς
3396 4858 3475 4918 εἰς
3506 4856 3641 4926 ὕψος
3667 4852 3819 4931 ἆραι,

2231 4937 2327 4989 καὶ
2364 4937 2443 5009 τῷ
2473 4944 2731 5015 προφήτῃ
2760 4944 3154 5018 παραπλησίως
3194 4950 3387 5011 εἰπεῖν,
3426 4948 3563 5003 Ὅτε
3601 4949 3821 5021 ὄψομαι

2232 5027 2373 5095 τοὺς
2410 5032 2741 5100 οὐρανοὺς,
2776 5037 2921 5107 ἔργα
2955 5037 3074 5093 τῶν
3110 5038 3425 5094 δακτύλων
3456 5056 3574 5095 σου
3596 5083 3610 5108 ,
3635 5040 3819 5110 σελή-

2231 5136 2350 5187 νην
2381 5124 2481 5177 καὶ
2511 5125 2791 5195 ἀστέρας,
2827 5127 2867 5183 d
2891 5130 2972 5184 σὺ
2995 5130 3415 5201 ἐθεμελίωσας
3453 5132 3575 5186 οὐδὲ
3614 5149 3821 5205 μνημο-

2234 5211 2437 5280 νεύσας
2467 5216 2564 5270 τοῦ
2597 5219 2937 5291 προφητικοῦ
2967 5220 3149 5291 λόγου,
3175 5223 3241 5278 δι’
3267 5218 3328 5278 οὗ
3358 5223 3597 5296 εἴρηται,
3640 5226 3714 5281 Τὰ
3753 5221 3821 5279 δὲ

2810 5406 2851 5439 ⁸⁸
2873 5404 3020 5463 Psal.
3059 5423 3103 5469 ι.
3134 5409 3189 5466 6,
3342 5408 3391 5440 ὀ
3429 5407 3545 5463 Jer.
3594 5420 3685 5477 Vt,
3736 5403 3797 5463 lC

2311 5710 2426 5781 (79)
2456 5710 2623 5785 Vulgo
2657 5711 3079 5784 ἀκαταλήπτοις.
