4032 6456
225 402 345 465 985

1222 408 1310 464 DE
1352 406 1901 465 ECCLESIASTICA
1938 405 2337 465 THEOLOGIA
2376 406 2504 464 LIB.
2545 405 2636 465 Ill.

225 525 380 595 ἂρτα
417 527 641 594 Κυρίου
682 528 796 583 οὐκ
834 525 1209 598 ἐμϐλέπουσι
1229 565 1245 591 ,
1279 526 1379 581 καί
1422 526 1495 581 τὰ
1540 525 1685 595 ἔργα
1717 522 1838 578 τῶν

1953 541 2051 597 quo
2069 527 2165 587 sit.
2190 526 2364 596 Opera
2386 537 2565 582 autem
2583 526 2798 583 Domini
2813 543 2918 583 non
2933 527 3299 592 intuebuntur,
3317 535 3369 584 st
3385 544 3547 598 opera

228 616 453 687 χειρῶν
502 622 692 676 αὑτοῦ
749 622 822 676 οὐ
884 622 1313 676 κατανοοῦσιν.
1365 622 1429 674 Εἰ
1474 620 1585 691 γὰρ
1628 618 1837 682 τούτοις

230 713 628 783 προσεσχήκει,
663 711 805 782 ιγνω
832 714 921 780 ἂν,
954 716 1036 768 ὅτι
1070 714 1178 787 πρὸ
1203 711 1432 785 ούρανοῦ
1468 713 1563 765 καὶ
1594 710 1697 780 γῆς
1738 711 1836 763 καὶ

236 802 348 874 πρὸ
382 802 479 857 τοῦ
515 802 829 874 σύμπαντος
855 806 1085 879 κόσμου,
1118 808 1213 861 καὶ
1249 808 1310 859 οὐ
1340 806 1447 876 πρὸ
1480 803 1590 856 τῶν
1621 801 1835 875 ὁρατῶν

239 893 403 965 μόνον
444 895 582 949 ἀλλά
628 897 724 950 καὶ
772 897 908 969 (80),
956 898 1063 970 πρὸ
1095 898 1204 951 τῶν
1242 896 1451 968 νοητῶν
1502 895 1682 966 ἔργων
1741 892 1836 948 τού

236 986 375 1040 θεοῦ
407 986 515 1041 τῶν
544 988 602 1041 ὲν
642 990 957 1061 ἀσωμάτοις
990 992 1085 1043 καὶ
1115 988 1514 1060 ὑπερκοσμίοις
1543 986 1837 1056 δυνάμεσιν

239 1081 302 1133 tv
332 1080 630 1134 ὑποστάσει
661 1082 830 1135 ὄντων
851 1120 867 1144 ,
906 1077 975 1152 ἦν
1009 1081 1105 1134 καὶ⁸
1143 1080 1321 1152 προῆν
1352 1080 1396 1133 6’
1430 1079 1607 1133 ταῦτα
1640 1077 1835 1145 λέγων.

253 1170 313 1225 ’0
336 1161 676 1244 δὲ’μεταδὰς
704 1175 796 1227 ἐπὶ
825 1174 907 1237 τὸ,
942 1173 1063 1242 Πρὸ
1092 1172 1198 1227 τοῦ
1227 1171 1445 1238 αἰῶνος
1476 1168 1838 1239 ἐθεμελίωσέ

233 1279 335 1332 με,
367 1264 532 1318 πάλιν
568 1264 668 1335 τήν
708 1266 887 1336 σάρκα
927 1267 1008 1328 εἰς
1055 1264 1219 1335 μέσον
1254 1265 1378 1331 ἀγει
1414 1262 1588 1329 λέγων
1625 1259 1797 1324 οὕτως
1820 1276 1833 1289 ·

245 1373 267 1407 ι
310 1356 596 1427 Θεμέλιον
616 1356 804 1411 τοῦτον
834 1356 1136 1429 ὀνομάζων,
1165 1357 1265 1428 τὴν
1294 1354 1437 1411 κατὰ
1464 1355 1642 1423 σάρκα
1671 1353 1836 1406 αὐτου

246 1467 266 1497 ι
307 1446 728 1519 πρωρισθείσαν
750 1449 1081 1519 οἰκονομίαν.
1117 1449 1203 1511 Ὠς
1226 1448 1321 1500 καὶ
1345 1449 1373 1499 6
1404 1444 1726 1507 Ἀπόστολος
1752 1442 1839 1495 λέ-

248 1557 269 1589 ι
308 1556 393 1608 γει
416 1556 429 1569 ·
460 1539 747 1609 Θεμέλιον
769 1540 878 1611 γὰρ
898 1536 1095 1594 tum
1121 1538 1320 1604 ρὺδείς
1341 1538 1591 1591 δύναται
1629 1535 1837 1597 θεῖναι,

248 1659 267 1679 ι
312 1630 472 1700 παρὰ
500 1632 607 1684 τὸν
639 1633 943 1701 κείμενον,
973 1631 1040 1695 ὅς
1056 1630 1227 1684 ἐστιν
1242 1631 1483 1697 Ἰησοῦς
1508 1629 1783 1697 Χριστός.
1814 1647 1832 1679 s

242 1721 357 1775 Καὶ
396 1722 672 1790 ἐπιλέγει·
708 1742 725 1773 ι
751 1723 901 1785 Ἑνὸς
947 1722 1003 1776 δὲ
1036 1722 1231 1787 αἰῶνος
1258 1714 1494 1775 ἐνταῦθα
1544 1723 1835 1791 μέμνηται,

250 1831 270 1863 ι
313 1815 407 1881 ἀφ’
440 1808 501 1868 οὗ
546 1815 615 1866 τὰ
644 1812 787 1867 κατά
832 1813 923 1867 τὸν
970 1813 1205 1885 Χριστὸν
1233 1810 1665 1882 τεθεμελιῶσθαι
1709 1809 1835 1880 ἔφη,

250 1924 269 1956 ι
313 1907 491 1959 καίτοι
524 1905 739 1959 πολλῶν
780 1904 1234 1979 παρεληλυθότων
1278 1903 1513 1967 αἰώνων,
1559 1902 1635 1965 ὼς
1673 1904 1702 1954 6
1741 1903 1847 1954 Δα-

251 2018 269 2046 s
308 1997 394 2051 ὗίδ
409 1997 535 2069 ἔφη,
552 1998 615 2051 '0
638 1997 924 2066 ὑπάρχων
948 1998 1060 2065 πρὸ
1086 1994 1203 2050 τῶν
1222 1995 1473 2051 αἰώνων.
1500 2014 1520 2047 s
1547 1993 1655 2048 Καὶ
1675 2008 1844 2065 μετα-

247 2086 509 2160 δάςέξῆς
543 2092 636 2143 ἐπὶ
666 2088 729 2142 τὸ
756 2091 826 2142 ἐν
857 2088 1017 2159 ἀρχῇ
1046 2088 1161 2157 πρὸ
1197 2088 1304 2141 τοῦ
1358 2086 1475 2155 τὴν
1530 2084 1648 2155 γῆν
1672 2084 1845 2153 ποιῆ-

246 2198 374 2246 σαι,
417 2185 508 2237 καὶ
554 2182 650 2253 τὴν
689 2183 794 2254 γῆν
847 2182 1008 2237 πάλιν
1051 2181 1149 2251 τὴν
1226 2180 1406 2251 σάρκα
1482 2174 1619 2232 εἰναι
1672 2176 1841 2244 λέγει.

246 2274 530 2347 Γράφειδὲ
560 2274 721 2329 οἱίτω⁸
766 2294 784 2326 ι
819 2277 987 2329 Ποῖαν
1042 2271 1247 2343 ταύτην
1300 2271 1397 2342 τὴν
1440 2268 1847 2339 γῆν;ἢδηλον-

252 2385 272 2419 ι
316 2368 398 2421 ὁτι
428 2368 525 2438 τὴν
554 2366 832 2438 ἡμετέραν
867 2366 1068 2435 σάρκα,
1101 2365 1200 2434 τὴν
1236 2362 1373 2434 μετά
1428 2360 1527 2431 τὴν
1557 2358 1846 2430 παρακοήν

251 2478 272 2510 s
314 2458 419 2528 γῆν
453 2455 610 2523 αὖθις
648 2458 979 2528 γενομένηνο
1013 2453 1105 2523 Γῆ
1146 2454 1259 2524 γὰρ
1300 2449 1374 2517 εἷ,
1405 2452 1593 2522 φησὶν,
1629 2451 1727 2504 καί
1759 2453 1849 2517 εἰς

252 2571 272 2603 ‹
315 2549 433 2621 γῆν
479 2551 814 2617 ἁπελεύσῃ.
875 2548 1023 2601 Ἔδει
1070 2546 1180 2618 γὰρ
1229 2546 1437 2617 ταύτην
1507 2544 1703 2607 ἰάσεως
1750 2561 1847 2596 τυ-

253 2664 271 2691 s
318 2646 451 2712 χείν.
496 2660 513 2693 ι
562 2642 673 2695 Καὶ
709 2640 884 2695 ταῦτα
925 2641 981 2693 δὲ
1024 2638 1245 2708 φάσκει,
1274 2638 1333 2689 ού
1393 2636 1776 2707 μνημονεύσας
1820 2636 1848 2687 6

250 2733 563 2803 σοφώτατος
589 2734 664 2798 ὡς
691 2736 785 2787 καὶ
810 2733 1070 2803 ἀνωτέρω
1094 2731 1200 2802 πρὸ
1225 2729 1327 2783 τοῦ
1350 2730 1450 2801 τὴν
1479 2730 1583 2800 γῆν
1620 2728 1848 2797 ποιῆσαι

246 2826 497 2880 ἐκτίσθαι
541 2825 641 2897 τὴν
691 2827 872 2897 σάρκα
910 2823 1085 2897 ἀρχὴν
1126 2822 1262 2876 ὁδῶν
1300 2821 1395 2875 τοῦ
1442 2820 1577 2874 Θεοῦ
1610 2819 1849 2893 εἰρηκὼς

248 2920 461 2990 ἔτυχεν.
495 2920 559 2973 Εἰ
594 2918 651 2973 δὲ
682 2918 819 2982 ὅλως
850 2917 939 2971 διὰ
972 2919 1071 2987 τῆς
1108 2916 1211 2985 γῆς
1252 2914 1351 2985 τὴν
1393 2913 1596 2983 σάρκα
1633 2912 1846 2983 ἐδήλου,

248 3012 369 3075 πῶς
398 3012 459 3064 ού
502 3012 879 3082 προϋπάρχειν
921 3008 1021 3078 τῆς
1056 3008 1259 3077 σαρκὸς
1302 3006 1517 3076 ἀνάγκη
1566 3005 1848 3076 ὁμολογεῖν

246 3104 344 3158 τὸν
370 3104 597 3172 λέγοντα
628 3102 733 3173 πρὸ
765 3100 858 3154 τοῦ
902 3100 1002 3172 τὴν
1031 3099 1134 3169 γῆν
1179 3100 1404 3169 ποιῆσαι
1450 3098 1641 3152 ἑαυτὸν
1670 3094 1844 3159 εἰναι;

248 3195 375 3266 Πρὸ
415 3195 523 3267 γὰρ
566 3193 674 3248 τοῦ
718 3190 965 3259 αἰῶνος,
1008 3192 1196 3263 φησὶν,
1240 3188 1602 3261 ἐθεμελίωσέ
1631 3206 1728 3259 με,
1781 3190 1852 3243 ἐν

249 3285 415 3359 ἀρχῇ
444 3287 559 3355 πρὸ
594 3284 704 3340 τοῦ
737 3284 851 3353 τὴν
888 3282 1003 3355 γῆν
1053 3281 1330 3352 ποιῆσαι.
1373 3281 1583 3338 Οὐκοῦν
1618 3282 1725 3354 πρὸ
1750 3280 1846 3335 τοῦ

246 3378 354 3454 τὴν
395 3380 575 3451 σάρκα
614 3378 838 3448 ποιῆσαι
870 3377 899 3429 6
949 3374 1122 3429 ταῦτα
1165 3374 1339 3443 λέγων
1375 3374 1641 3446 ὑπῆρχεν.
1683 3375 1746 3429 Εἰ
1793 3374 1849 3428 δὲ

253 3472 350 3527 καὶ
385 3469 696 3543 μήπολλῶν
735 3467 947 3522 αἰώνων
978 3466 1407 3537 ἐμνημόνευσεν,
1444 3464 1557 3519 ἀλλ’
1601 3464 1741 3529 ἑνὸς,
1786 3456 1849 3517 οὗ

251 3565 349 3619 καὶ
390 3566 417 3617 6
449 3563 640 3633 Σωτὴρ
682 3560 929 3633 ἐμνήσθη
970 3558 1170 3622 εἰπὼν,
1211 3561 1277 3612 Ol
1318 3557 1439 3612 υἰοί
1484 3557 1593 3611 τοῦ
1633 3556 1851 3622 αἰῶνος

251 3652 470 3705 τούτου
504 3648 763 3721 γαμοῦσι
794 3650 893 3703 καί
925 3649 1319 3719 γαμίσκονται
1340 3689 1353 3713 ,
1404 3648 1501 3702 καὶ
1534 3646 1708 3712 οὕτως
1752 3648 1851 3719 οὐχ

252 3744 291 3815 ή
317 3740 455 3813 σὰρξ
477 3743 542 3814 ήν
572 3740 862 3814 ἀνείληφεν
890 3744 918 3795 6
946 3740 1137 3813 Σωτὴρ
1168 3740 1329 3812 ήμῶν
1358 3740 1466 3812 πρὸ
1494 3740 1591 3794 τοῦ
1616 3739 1850 3793 ἐνεστῶ-

251 3848 347 3896 τος
372 3832 567 3898 αἰῶνος
592 3833 808 3904 ὑπῆρχε
829 3848 842 3862 ο
887 3831 1000 3886 ἀλλ’
1030 3832 1194 3895 αὐτὸς
1217 3834 1247 3885 6
1283 3831 1455 3885 ταῦτα
1485 3831 1573 3885 διὰ
1601 3830 1853 3903 Σολομῶ-

253 3943 347 3990 νος
372 3926 659 3991 διδάσκων,
686 3927 818 3997 ὁρᾷς
844 3926 945 3999 ὅσῃ
975 3924 1368 3997 περιπέπτωκε
1391 3926 1669 3997 δυσχωρίᾳ⁵
1697 3927 1725 3977 6
1752 3925 1853 3995 τῆς

253 4018 471 4083 εὐθείας
502 4018 599 4073 καὶ
632 4018 745 4089 (81)
783 4017 1068 4089 βασιλικῆς
1112 4019 1493 4089 παρατραπείς
1533 4019 1676 4072 ὁδοῦ.
1716 4019 1773 4071 '0
1796 4018 1853 4071 δὲ

252 4107 397 4181 πρὸς
434 4110 555 4172 ταῖς
586 4108 905 4179 εἰρημέναις
940 4106 1019 4160 ἔτι
1062 4107 1157 4160 καὶ
1200 4106 1377 4161 ταῦτα
1406 4107 1734 4180 προστίθησι
1765 4108 1853 4161 λέ·-

253 4192 403 4270 γων·
438 4200 557 4271 Πρὸ
596 4200 701 4255 τοῦ
731 4199 836 4266 τὰς
866 4200 1182 4265 ἀϐύσσους
1220 4198 1506 4268 ποιῆσαι,
1538 4201 1734 4271 φησίν·
1769 4201 1855 4252 ὲν-

252 4294 433 4350 ταῦθα
464 4294 562 4357 τὰς
603 4293 871 4357 ἀϐύσσους
916 4292 1303 4365 παροιμιωδῶς
1346 4296 1374 4347 6
1420 4295 1710 4366 προφήτης
1754 4294 1855 4358 τὰς

253 4386 365 4439 τῶν
407 4384 577 4453 ἁγίων
627 4384 857 4455 καρδίας
896 4381 1034 4438 εἶναι
1076 4384 1261 4454 λέγει,
1295 4384 1395 4448 τὰς
1444 4387 1503 4438 ὲν
1530 4386 1611 4457 τῷ
1644 4386 1855 4440 ἑαυτῶν

256 4476 415 4550 βάθει
455 4478 555 4549 τὴν
590 4477 683 4531 τοῦ
727 4478 1039 4549 πνεύματος
1080 4478 1314 4549 ἐχούσας
1364 4477 1595 4549 δωρεάν·
1640 4478 1734 4533 καὶ
1792 4480 1852 4532 ού

1952 633 2207 672 manuum
2253 620 2421 687 ipsius
2472 634 2576 674 non
2611 618 2997 689 intelligent".
3052 616 3187 672 Nam
3245 620 3294 675 si
3335 619 3404 675 ad
3445 618 3565 675 ista.

1946 710 2272 765 attendisset
2312 711 2580 775 animum,
2637 708 2768 764 illud
2820 712 3013 779 utique
3070 724 3404 781 cognoscere
3450 725 3547 781 po-

1949 801 2142 854 luisset
2163 842 2177 859 .
2206 803 2351 870 quod
2379 812 2511 857 ante
2540 800 2739 854 coelum
2773 810 2830 857 et
2856 810 3097 867 terram,
3120 811 3249 856 ante
3283 804 3549 857 mundum

1950 895 2286 957 universum,
2349 908 2455 949 nec
2488 905 2616 948 ante
2647 895 2761 949 sola
2796 894 3029 948 visibilia
3054 934 3071 958 ,
3126 896 3223 949 sed
3261 904 3317 949 et
3356 896 3551 951 invisi-

1949 984 2097 1045 bilia,
2133 993 2187 1038 et
2215 996 2344 1039 ante
2375 1000 2540 1054 opera
2570 985 2664 1039 Del
2707 984 3119 1049 intellectualia,
3169 1001 3291 1056 qua;
3336 988 3391 1042 in
3443 1003 3547 1057 po-

1951 1077 2137 1130 tentiis
2159 1075 2402 1130 relucent
2430 1075 2796 1145 incorporeis,
2827 1087 2879 1132 et
2904 1080 3383 1143 extramundanis,
3406 1090 3545 1147 erat,

1946 1182 2003 1222 et
2044 1178 2277 1238 prmerat
2301 1168 2368 1234 is,
2405 1169 2498 1237 qui
2527 1168 2630 1222 iSla
2663 1168 2923 1238 loquitur.
2969 1168 3063 1225 Ille
3104 1180 3309 1235 autem,
3342 1173 3546 1227 transi-

1951 1256 2101 1310 tione
2154 1255 2296 1309 facta
2342 1258 2407 1311 ad
2441 1257 2593 1324 illud,
2641 1257 2778 1311 Ante
2824 1259 3021 1313 swcula
3062 1259 3307 1329 fundavit
3358 1277 3463 1325 me,
3491 1265 3547 1319 in

1951 1349 2186 1402 medium
2221 1350 2399 1402 denuo
2432 1349 2653 1404 adducit
2678 1365 2923 1418 carnem,
2951 1351 3205 1420 inquiens
3233 1350 3326 1425 [Ιί.
3354 1352 3497 1427 XIV]
3528 1372 3543 1410 :

1953 1461 1973 1492 ι
2010 1442 2083 1495 Ita
2113 1442 2165 1495 in
2198 1457 2362 1496 carne
2397 1443 2513 1512 ejus
2557 1444 2983 1513 praeordinslam
3016 1448 3380 1501 mcunmniam
3403 1487 3419 1515 ,
3454 1462 3548 1503 vo-

1954 1552 1972 1585 s
2005 1543 2094 1587 cat
2126 1534 2532 1600 fundamentum
2580 1550 2597 1588 :
2652 1537 3113 1604 quemadmodum
3154 1549 3209 1593 et
3252 1538 3548 1608 Apostolus

1953 1628 1974 1676 ὁ
2004 1625 2262 1695 loquitur,
2298 1622 2737 1681 Fundamentum
2765 1643 2914 1683 nemo
2945 1628 3094 1683 aliud
3115 1639 3290 1699 potest
3334 1648 3546 1699 ponere,

1954 1735 1971 1767 s
2003 1729 2193 1785 prwter
2220 1717 2355 1771 illud
2384 1720 2525 1787 quod
2564 1720 2795 1787 positum
2824 1730 2932 1787 est,
2959 1722 3051 1788 qui
3080 1732 3157 1775 est
3199 1721 3359 1777 Jesus
3396 1722 3551 1778 Chri-

1956 1827 1974 1859 s
2008 1820 2120 1863 stus
2145 1810 2210 1862 ¹⁷.
2253 1829 2272 1862 ι
2293 1810 2489 1865 Addit:
2517 1829 2535 1861 ι
2564 1810 2738 1867 Unius
2756 1822 2938 1865 autem
2964 1815 3148 1869 sa:culi
3176 1815 3336 1868 isthic
3355 1816 3550 1870 memi-

1880 1899 1924 1955 B
1958 1919 1977 1952 ι
2014 1900 2115 1964 ιιίι,
2146 1901 2199 1955 in
2228 1916 2336 1970 quo
2364 1915 2425 1955 ea
2459 1918 2580 1972 qua:
2608 1905 2674 1956 ad
2701 1904 2978 1960 Christum
3015 1916 3288 1975 spectant,
3321 1907 3546 1961 fundata

1954 2014 1972 2047 ι
2005 2011 2127 2051 esse
2151 1996 2301 2058 dicit.
2333 2011 2455 2049 cum
2479 2005 2658 2051 tamen
2692 1996 2844 2067 plura
2870 1998 3259 2066 praeteriissent
3301 1999 3501 2054 saecula
3530 2016 3545 2053 :

1956 2105 1975 2138 ι
2014 2088 2235 2155 quodet
2274 2086 2444 2141 David
2494 2085 2749 2151 sllirmat,
2794 2089 3070 2155 inquiens.
3102 2088 3207 2155 Qui
3257 2099 3371 2145 erat
3424 2099 3550 2147 ante

1954 2198 1972 2231 ι
2012 2178 2208 2233 uacula
2236 2179 2304 2231 ".
2336 2198 2355 2231 ι
2382 2177 2709 2247 Progressus
2734 2179 2863 2234 hinc
2890 2182 2957 2235 ad
2995 2181 3145 2246 illud,
3175 2179 3242 2235 In
3262 2182 3544 2250 principio,

1950 2272 2258 2340 priusquam
2309 2281 2505 2325 terram
2546 2271 2816 2336 conderet,
2869 2272 2943 2326 ibi
2975 2274 3153 2327 denuo
3188 2283 3390 2328 terram
3425 2290 3549 2329 esse

1948 2378 2171 2418 carnem
2218 2374 2522 2422 asseverat.
2555 2382 2574 2415 ι
2604 2363 2908 2431 Quamnam
2950 2381 3083 2420 vero
3140 2366 3384 2422 terram?
3416 2386 3435 2419 ι
3469 2366 3547 2424 ita

1951 2458 2028 2511 ait
2058 2474 2070 2509 :
2108 2477 2126 2509 ι
2159 2466 2307 2513 certe
2337 2473 2441 2511 non
2473 2458 2635 2512 aliam
2659 2476 2822 2528 quam
2855 2476 3077 2513 carnem
3105 2470 3348 2515 nostram
3381 2478 3394 2515 :
3425 2478 3548 2532 qua:

1956 2568 1975 2601 ι
2016 2562 2137 2615 post
2171 2552 2684 2620 transgressionem,
2743 2559 2890 2605 terra
2944 2552 3164 2605 demum
3218 2552 3368 2607 facta
3419 2552 3547 2610 fuit.

1958 2661 1977 2695 ι
2017 2641 2182 2697 Terra
2210 2661 2262 2697 es
2296 2644 2457 2705 enim,
2495 2644 2701 2715 inquit,
2733 2653 2782 2697 et
2835 2645 2891 2697 in
2938 2655 3136 2697 terram
3188 2646 3546 2701 reverteris”.

1956 2753 1975 2786 s
2007 2734 2102 2788 Illa
2137 2737 2340 2789 etenim
2394 2735 2731 2805 persananda
2779 2733 2981 2789 fuerat.
3018 2754 3038 2787 s
3072 2733 3211 2813 llaec
3238 2746 3421 2791 autem
3472 2737 3550 2793 ita

1950 2826 2153 2895 posuit.
2184 2840 2292 2880 non
2322 2826 2663 2887 recordatus,
2690 2839 2788 2895 pro
2818 2840 2914 2881 sua
2945 2827 3211 2895 sapientia
3237 2829 3382 2897 quod
3414 2829 3552 2884 dici-

1954 2928 2063 2983 tur,
2132 2918 2451 2987 priusquam
2511 2929 2655 2973 terra
2714 2919 3088 2983 conderetur,
3151 2930 3393 2975 creatam
3442 2922 3548 2979 dici

1951 3026 2177 3066 carnem
2208 3011 2534 3081 principium
2565 3012 2776 3066 viarum
2806 3012 2925 3068 Dei.
2955 3012 3111 3079 Quod
3159 3014 3202 3067 si
3253 3028 3390 3071 vero
3451 3030 3553 3087 per

1954 3116 2154 3158 terram
2210 3103 2452 3157 indicare
2498 3103 2673 3157 voluit
2709 3118 2922 3157 carnem
2958 3118 2978 3157 :
3009 3104 3285 3173 quomodo
3331 3106 3553 3177 cogitur

1954 3192 2199 3249 confiteri
2231 3206 2336 3247 non
2384 3194 2661 3249 exstitisse
2705 3204 2834 3251 ante
2885 3210 3103 3251 carnem
3128 3197 3218 3266 qni
3246 3198 3375 3252 dicit
3410 3204 3553 3263 Esse

1954 3285 2273 3355 priusquam
2314 3294 2459 3339 terra
2505 3285 2869 3350 conderetur,
2904 3286 3222 3342 exstitisse?
3259 3284 3395 3342 Nam
3428 3299 3555 3344 ante

1951 3376 2227 3441 steculum,
2280 3376 2476 3446 inquit,
2528 3377 2771 3447 fundavit
2810 3395 2929 3443 me,
2976 3380 3033 3433 in
3080 3379 3351 3450 principia
3398 3388 3553 3435 ante-

1952 3488 2110 3540 quam
2139 3481 2333 3524 terram
2361 3470 2580 3541 faceret.
2612 3474 2791 3542 Atque
2817 3474 2887 3527 ita
2930 3474 3023 3543 qui
3064 3474 3169 3528 ista
3202 3476 3267 3528 de
3303 3488 3363 3528 se
3393 3473 3551 3536 dixit.

1953 3573 2102 3617 certe
2128 3561 2426 3617 exsistebat
2455 3573 2583 3619 ante
2608 3579 2852 3620 carnem.
2888 3563 2999 3621 Nec
3048 3565 3215 3621 refert
3244 3566 3393 3636 quod
3440 3581 3551 3622 non

1954 3656 2271 3709 meminerit
2301 3656 2658 3727 plurimorum
2692 3655 3017 3712 saculornm
3044 3698 3058 3722 ,
3094 3659 3190 3712 sed
3224 3657 3409 3723 unius,
3456 3672 3544 3713 cu-

1948 3747 2040 3818 jus
2067 3756 2121 3803 et
2147 3746 2409 3803 Servator
2442 3748 2728 3816 meminit,
2754 3748 3038 3819 inquiens,
3067 3746 3201 3804 Filii
3240 3750 3401 3818 hujus
3446 3766 3552 3806 sar-

1956 3844 2063 3898 culi
2100 3844 2228 3898 dant
2259 3855 2307 3899 et
2346 3845 2610 3913 accipiunt
2643 3845 2697 3898 in
2741 3847 3138 3899 matrimonium
3172 3845 3239 3902 ³⁰.
3266 3845 3447 3913 Atque
3478 3845 3554 3901 ita

1955 3953 2064 3993 non
2097 3952 2252 4000 caro,
2282 3952 2447 4006 quam
2488 3935 2728 4005 suscepit
2756 3936 3019 3990 Servator
3044 3945 3228 3989 noster
3256 3947 3384 3989 ante
3416 3950 3555 4005 pra:-

1957 4047 2084 4087 sens
2136 4033 2237 4086 hoc
2296 4030 2554 4085 saeculum
2609 4029 2910 4083 exsistebat
2950 4042 2965 4083 :
3010 4028 3106 4083 sed
3142 4028 3256 4093 ille,
3302 4028 3391 4097 qui
3439 4029 3556 4083 haec

1958 4124 2150 4179 eadem
2206 4138 2304 4193 per
2348 4122 2698 4178 Salomonem
2750 4120 2969 4185 docuit;
3018 4122 3168 4176 vides
3203 4119 3292 4175 ille
3338 4121 3392 4175 in
3418 4135 3556 4191 quas

1962 4216 2251 4287 angustias
2296 4230 2354 4269 se
2402 4214 2723 4285 conjecerit,
2754 4214 2848 4283 qui
2892 4204 2959 4269 de
3002 4213 3151 4283 regia
3197 4223 3251 4267 et
3294 4222 3440 4268 recta
3467 4213 3555 4268 via

1956 4307 2266 4362 declinavit.
2289 4305 2367 4360 Ad
2399 4306 2485 4360 illa
2513 4315 2697 4361 autem
2715 4305 2861 4361 dicta
2893 4306 3143 4375 superius
3159 4314 3213 4360 et
3232 4305 3332 4360 ista
3358 4305 3508 4361 addit
3538 4323 3560 4361 ε

1965 4416 1983 4450 ι
2024 4397 2343 4469 Priusquam
2394 4398 2641 4453 conderet
2697 4400 2912 4469 abyssos
2945 4413 2964 4452 .'
3016 4397 3125 4461 hic,
3162 4397 3358 4467 inquit,
3394 4396 3561 4470 abys-

1963 4505 1983 4539 ι
2022 4502 2113 4542 sos
2154 4487 2570 4558 proverbialiter
2610 4488 2872 4559 propheta
2901 4498 3213 4543 sanctorum
3236 4489 3405 4544 corda
3454 4502 3551 4558 ap-

255 4571 528 4642 συνίησιν,
561 4569 638 4633 ὡς
676 4569 783 4642 πρὸ
820 4570 921 4641 τῆς
977 4569 1245 4640 ὲνσάρκου
1292 4569 1406 4641 (82)
1448 4568 1545 4622 τοῦ
1599 4569 1846 4641 Σωτῆρος

1964 4599 1983 4631 ι
2022 4580 2260 4651 pellavit,
2278 4596 2396 4651 qua:
2418 4583 2471 4634 in
2496 4596 2594 4636 sua
2623 4580 2989 4650 profunditate
3009 4581 3231 4649 spiritus
3259 4581 3399 4634 dona
3428 4594 3555 4634 con.

256 4662 418 4735 ήμῶν
463 4662 769 4735 παρουσίας
806 4664 857 4715 οἱ
899 4664 1043 4730 ἅγιοι
1086 4661 1179 4715 τοῦ
1222 4660 1359 4715 Θεοῦ
1402 4663 1701 4734 προφῆται,
1755 4662 1851 4715 τοῦ

256 4753 427 4808 αὑτοῦ
483 4754 745 4824 μετέσχον
788 4752 1131 4824 πνεύματος,
1166 4752 1373 4823 Μωσῆς
1418 4771 1480 4806 τε
1528 4756 1622 4807 καὶ
1674 4755 1723 4808 οἰ
1773 4754 1853 4808 ἔτι

256 4845 510 4909 Μωσέως
546 4845 919 4917 παλαιότεροι.
958 4843 1168 4900 Οὐκοῦν
1201 4846 1417 4915 ἀνάγκη
1462 4846 1671 4899 τούτων
1708 4847 1856 4899 ἀπα-

259 4936 373 4991 σῶν
409 4935 520 4989 τῶν
553 4936 831 5001 ἀὸύσσων,
862 4938 910 4989 εἰ
935 4936 1001 5008 δὴ
1027 4938 1085 4990 αἰ
1128 4936 1235 4989 τῶν
1267 4937 1437 5005 ἁγίων
1466 4936 1685 5007 καρδίαι
1712 4932 1855 5008 ἦσαν

258 5020 446 5093 αὗται,
493 5028 848 5100 παλαιότερον
890 5024 1028 5083 εἶναι
1057 5028 1149 5083 τὸν
1186 5027 1435 5097 λέγοντα,
1468 5028 1589 5097 Πρὸ
1609 5028 1716 5083 τοῦ
1746 5032 1855 5095 τὰς

257 5124 579 5189 ἀϐύσσους
624 5121 896 5193 ποιῆσαι.
928 5122 1052 5187 Πῶς
1095 5119 1189 5178 οὖν
1225 5123 1452 5178 δυνατὸν
1495 5119 1565 5193 ἦν
1616 5123 1709 5177 ἐπὶ
1758 5123 1858 5195 τὴν

262 5214 448 5286 σάρκα
489 5213 584 5268 τοῦ
629 5212 882 5286 Σωτῆρος
932 5213 1302 5286 ἀναφέρεσθαι
1340 5212 1547 5279 ταῦτας
1580 5214 1694 5267 Καὶ
1727 5214 1855 5285 μὴν,

261 5309 318 5363 εἰ
341 5324 426 5371 τις
458 5307 607 5379 αὑτῷ
632 5308 811 5380 παρῆν
832 5305 944 5362 τῶν
968 5307 1128 5362 θείων
1154 5306 1389 5377 Γραφῶν
1417 5308 1613 5379 ὲπιστή
1623 5324 1721 5379 μη,
1756 5309 1859 5361 οὐκ

342 5482 403 5541 sla
431 5475 531 5547 Ed.
558 5474 759 5541 Paris.,
793 5490 917 5547 pag.
951 5472 1073 5530 158.
1152 5475 1199 5507 ³⁸
1228 5474 1332 5530 lsa.
1367 5473 1535 5538 v.12.
1613 5474 1699 5528 ⁸⁷1
1731 5473 1842 5529 Cor

1953 5491 1983 5541 ι,
2010 5473 2101 5531 ιι.
2204 5473 2411 5534 "Psal.
2447 5491 2581 5545 xcu,
2613 5479 2672 5533 2.
2774 5478 2821 5511 ”
2851 5476 2988 5535 Gen.
3033 5491 3121 5546 ιιι,
3150 5476 3234 5534 l9.

331 5565 427 5616 xx,
464 5546 558 5608 54.

340 5738 668 5814 (ΒΨ-νιιιεο
687 5741 825 5796 ἀλλά
871 5741 1004 5814 [τῶν
1048 5738 1320 5811 ἀοράτων]
1380 5742 1494 5797 καί.
1546 5739 1665 5795 Mox
1696 5739 1857 5811 vulgo

254 5825 387 5899 Post
424 5810 826 5936 lé'Qtov'interp.

338 5881 457 5936 (81)
546 5880 669 5936 ultro
727 5882 826 5936 Βασ

338 5828 387 5866 st
428 5828 600 5864 διε-νων
630 5828 826 5880 ιιιιειιυ.

338 5881 457 5956 (8i)
498 5844 669 5953 Vulgo
727 5882 1013 5955 βασιλικῆς
1064 5883 1159 5938 καὶ
1199 5879 1436 5953 εὐθείας,
1481 5887 1537 5939 et
1579 5896 1726 5949 mox,
1767 5880 1855 5937 ὅδε

1967 4691 1987 4725 ι
2029 4672 2295 4729 tinebaut.
2339 4694 2357 4725 ι
2390 4672 2501 4728 Nec
2528 4674 2943 4744 intelligitqnod
2962 4684 3253 4741 antequam
3302 4674 3355 4727 in
3389 4686 3558 4728 carne

1962 4761 2220 4817 Servator
2271 4762 2594 4829 adveniret,
2642 4766 2813 4817 sancti
2869 4764 2963 4818 Dei
3000 4763 3279 4834 praphetae
3311 4762 3555 4833 ejusdem

1960 4854 2184 4923 spiritus
2229 4854 2666 4923 participabant;
2720 4852 2898 4909 Moses
2956 4856 3212 4910 nimirum
3266 4863 3321 4908 et
3377 4853 3558 4908 adhuc

1963 4945 2056 4999 illo
2082 4946 2434 5001 vetustiores.
2466 4946 2652 5015 Itaque
2682 4961 2912 5001 necesse
2939 4957 3023 5001 est
3061 4945 3429 5015 antiquiorem
3472 4944 3560 4999 bis

1963 5036 2177 5108 abyssis
2207 5036 2277 5109 (si
2309 5038 2472 5093 modo
2506 5047 2816 5093 sanctorum
2847 5040 3013 5093 corda
3056 5038 3169 5091 sint
3208 5036 3413 5107 abyssi)
3458 5048 3559 5090 ex-

1963 5126 2171 5181 stitisse
2208 5126 2384 5193 illum,
2421 5128 2514 5197 qui
2549 5127 2722 5194 dixit,
2778 5126 3105 5197 Priusquam
3142 5125 3319 5198 abyssi
3364 5125 3561 5181 conde~

1965 5228 2172 5283 rentur,
2199 5229 2309 5274 etc.
2348 5219 2632 5288 Quomodo
2668 5220 2837 5290 igitur
2889 5220 2956 5275 ad
2989 5234 3215 5275 carnem
3250 5219 3564 5275 Servatoris

1967 5309 2162 5366 referri
2189 5314 2489 5383 poterant?
2522 5314 2705 5383 Certe,
2743 5314 2790 5369 si
2821 5314 2903 5370 vel
2941 5312 3208 5369 tantillam
3252 5312 3561 5368 divinarum

3346 5473 3392 5507 ³ο
3425 5470 3585 5531 ιιιιε..

1967 5743 2124 5814 πρός,

2039 5813 2153 5889 (89)
2195 5811 2367 5885 Vulgo
2388 5827 2482 5867 του
2506 5828 2617 5871 om.
