4032 6444
262 419 378 479 993

1239 413 1329 470 DE
1369 410 1900 469 ECCLESIASTICA
1945 410 2334 470 THEOLOGIA
2370 410 2497 468 LIB.
2540 412 2628 468 ΙΙΙ.

3431 413 3539 470 994

262 550 407 591 σουο
441 535 571 588 ποτὶ
604 533 680 596 δὲ,
722 530 836 596 ne,
870 528 1038 600 ἐμοῖς
1068 529 1272 598 νόμοις
1303 530 1585 599 πρόσεχε,
1632 528 1755 595 τοῖς
1784 528 1845 582 δὲ

1955 529 2091 584 libro
2113 544 2210 598 per
2229 529 2463 598 seipsum
2507 531 2631 599 quis
2668 527 2945 600 collegerit
2975 526 3188 600 negotio
3210 526 3378 594 nullo,
3414 533 3540 601 qui-

263 627 432 699 ὲμοῐς
458 626 687 696 ῥήμασι
719 623 1068 693 παράϐαλλε
1098 624 1215 676 σὺν
1244 617 1372 687 οὖς’
1406 624 1501 676 καὶ
1521 619 1698 685 αὖθις,
1734 619 1850 683 Υἱὲ,

259 720 350 789 μὴ
380 716 642 788 ὀλιγώρει
675 715 947 781 παιδείας
972 715 1212 783 Κυρίου,
1247 715 1345 768 καὶ
1380 713 1468 783 μὴ
1495 714 1720 768 ἐκλύου
1747 711 1849 767 ὑπ’

266 811 454 864 αὐτοῦ
472 810 897 878 ἐλεγχόμενος
929 809 1041 870 καὶ,
1078 805 1191 871 Υἱὲ,
1217 806 1327 860 ἐὰν
1343 805 1542 873 καλῶς
1564 805 1708 877 γένῃ
1725 804 1854 858 ἐαυ-

266 903 372 969 τῷ,
415 901 604 967 καλὸς
632 901 749 969 ἔσῃ
779 902 878 955 καὶ
919 901 1044 966 τοῖς
1075 900 1372 966 πλησίον·
1414 899 1524 953 ἐὰν
1553 897 1622 950 δὲ
1667 897 1851 962 κακὸς

263 993 521 1062 ἀποϐῇς,
548 995 739 1062 μόνος
777 992 1100 1058 ἁντλήσεις
1126 993 1200 1045 τὰ
1235 989 1392 1044 κακά
1425 991 1524 1061 (5).
1572 989 1753 1061 Μυρία
1792 988 1851 1042 δὲ

263 1087 333 1142 ἂν
356 1088 451 1140 καὶ
475 1086 638 1150 αὐτὸς
669 1087 878 1149 τούτοις
913 1086 1094 1156 ὃμοια,
1121 1082 1244 1138 καθ’
1269 1083 1461 1138 ἑαυτὸν
1498 1082 1606 1136 ἀπὸ
1634 1081 1737 1150 τῆς
1764 1079 1847 1149 βί-

260 1175 392 1229 ϐλου
417 1174 528 1229 τῶν
565 1174 878 1248 Παροιμιῶν
910 1173 1165 1243 ἁναλέξῃ,
1199 1171 1264 1224 δι’
1291 1165 1365 1226 ὧν
1397 1172 1427 1224 6
1462 1171 1635 1238 Λόγος
1663 1169 1850 1238 φαίνε-

256 1282 356 1319 ται
384 1266 600 1336 νηπίοις
628 1265 727 1328 τὰς
758 1263 935 1335 ψυχὰς
973 1261 1513 1332 προσδιαλεγόμενος.
1564 1259 1721 1313 Οὕτω
1754 1260 1848 1314 καὶ

256 1358 468 1429 Μωσῆς
495 1358 839 1427 παιδαγωγὸς
862 1355 969 1409 τῶν
994 1354 1198 1409 ἀτελῶν
1226 1354 1325 1418 τὰς
1354 1353 1428 1424 (4)
1452 1353 1655 1424 φρένας
1681 1353 1849 1424 ὑπάρ-

257 1467 394 1521 χων,
421 1449 650 1517 οὐρανοῦ
699 1449 792 1501 καὶ
821 1447 924 1517 γῆς
957 1448 1051 1499 καὶ
1078 1445 1180 1516 τῆς
1203 1444 1314 1498 τῶν
1339 1444 1546 1516 ὁρατῶν
1585 1445 1847 1516 δημιουρ-

254 1546 383 1613 γίας
425 1545 825 1615 ἐμνημόνευσεν
846 1559 858 1572 ·
911 1542 973 1594 οὐ
1030 1539 1136 1612 μὴν
1174 1540 1269 1593 καὶ
1308 1539 1539 1602 κτίσεως
1575 1540 1842 1608 ἀγγέλων,

253 1639 383 1692 οὐδὲ
413 1638 570 1692 θείων
596 1636 876 1706 δυνάμεων
897 1675 912 1698 ,
950 1635 1070 1688 οὐδὲ
1097 1633 1422 1704 πνευμάτων
1447 1631 1638 1700 ἁγίων,
1659 1631 1737 1703 τῷ
1771 1633 1844 1704 μὴ

254 1732 456 1800 χωρεῖν
493 1745 577 1781 πω
617 1727 715 1797 τὴν
757 1726 961 1780 τούτων
998 1722 1347 1778 διδασκαλίαν
1389 1724 1514 1786 τοὺς
1555 1724 1706 1794 αὐτῷ
1743 1742 1848 1794 μα·-

253 1819 668 1890 θητευομένους.
703 1819 941 1880 Εἰκότως
969 1815 1257 1886 τοιγαροῦν
1285 1815 1377 1868 καὶ
1396 1815 1424 1867 ό
1461 1817 1517 1868 ὲν
1542 1818 1662 1878 ταῖς
1694 1816 1842 1888 Παρ-

1956 620 2057 674 bns
2086 621 2213 674 illud
2240 619 2406 688 liquet
2432 619 2664 674 Verbum
2691 618 2764 674 ibi
2798 635 3079 676 sermones
3103 620 3384 675 instituere
3410 637 3534 676 cum

1954 712 2134 766 animo
2154 712 2441 767 admodum
2467 711 2670 780 pueris.
2700 716 2760 774 »Β
2792 712 2873 766 Ad
2902 713 3065 768 istmn
3095 714 3310 768 modum
3338 721 3394 766 et
3423 711 3539 766 Mo-

1954 819 2044 858 ses
2098 801 2533 873 imperlectorum
2587 806 2882 860 secundum
2938 804 3148 858 animos
3215 804 3536 874 padagogut

1953 908 2073 946 cum
2105 903 2270 959 esset,
2301 895 2421 949 (ιωιί
2453 903 2508 948 ct
2541 904 2722 960 terrae,
2749 906 2802 949 et
2834 896 3129 949 visibilium
3163 895 3537 950 commeminit

1952 984 2293 1040 conditurae:
2331 1000 2437 1041 non
2484 996 2662 1040 autem
2718 986 3013 1040 creationis
3057 988 3392 1055 angelorum,
3437 1003 3537 1043 nec

1951 1080 2257 1134 divinarum
2301 1086 2651 1148 potestatum,
2692 1094 2794 1133 nec.
2853 1087 3166 1133 sanctorum
3219 1080 3533 1150 spirituum,

1949 1185 2016 1226 eo
2065 1172 2209 1242 quod
2253 1187 2359 1226 non
2399 1179 2618 1240 possent
2646 1184 2839 1240 capere
2870 1170 3172 1226 doctrinam
3225 1172 3381 1226 istam
3432 1172 3531 1236 illi,

1949 1264 2042 1332 qui
2073 1264 2127 1318 in
2163 1262 2504 1331 disciplinam
2555 1263 2604 1317 ei
2628 1262 3022 1330 _tradebantur.
3080 1261 3154 1315 llt
3190 1276 3289 1316 nec
3337 1263 3530 1334 injuria

1950 1353 2208 1417 Verbum,
2243 1352 2368 1406 dum
2422 1350 2656 1419 loquitur
2699 1351 2786 1407 hic
2815 1352 2866 1405 in
2890 1351 3218 1417 Proverbiis,
3243 1353 3312 1406 ad
3357 1354 3536 1407 istius-

1949 1446 2092 1499 modi
2119 1444 2393 1499 auditores
2417 1444 2717 1500 doctrinam
2743 1460 2921 1511 suam,
2946 1461 2974 1498 a
3001 1445 3231 1498 terrenis
3259 1445 3532 1500 montibus

1948 1537 2197 1600 deducat,
2229 1550 2256 1587 a
2286 1534 2515 1588 collibus
2547 1542 2602 1588 et
2639 1550 2900 1603 aquarum
2934 1522 3390 1604 scaturigiuifus;
3438 1547 3527 1591 ut-

1948 1639 2071 1697 pote
2103 1643 2133 1681 a
2162 1627 2330 1696 magis
2361 1626 2591 1696 cognitis
2626 1644 2639 1680 :
2673 1636 2835 1696 atque
2857 1629 2926 1680 ita
2959 1644 3184 1683 exorsus
3215 1633 3282 1683 ab
3305 1630 3532 1687 inferius

1947 1722 2156 1790 positis,
2182 1719 2552 1774 informandus
2572 1720 2724 1789 quasi
2755 1735 2914 1773 manu
2950 1722 3178 1776 deducat
3207 1723 3272 1775 ad
3299 1723 3530 1778 eximio-

1949 1827 2006 1864 ra
2047 1830 2060 1865 :
2090 1822 2144 1865 et
2168 1828 2195 1864 a
2225 1811 2605 1865 minutioribus
2642 1814 2719 1864 sic
2747 1811 2812 1863 ad
2838 1811 3005 1880 magis
3032 1812 3209 1864 divina
3241 1823 3530 1868 transcen-

253 1910 460 1981 οιμίαις
488 1909 678 1978 Λόγος,
708 1910 783 1973 ὡς
815 1908 1077 1970 τοιούτοις
1115 1907 1226 1960 ἀπὸ
1283 1906 1391 1960 τῶν
1423 1907 1551 1978 περὶ
1566 1907 1678 1977 ’γῆν
1699 1906 1844 1978 ὀρῶν

1948 1902 2077 1956 dere
2110 1900 2230 1956 illos
2272 1901 2452 1954 faciat.
2493 1899 2616 1954 llaec
2648 1901 2717 1954 ita
2747 1912 2886 1963 esto,
2936 1901 2980 1954 si
3028 1916 3132 1955 non
3176 1902 3313 1957 ultra
3364 1918 3530 1959 voces

253 2017 317 2054 τε
346 2003 438 2054 καὶ
473 1999 698 2069 βουνῶν,
755 2001 848 2054 καὶ
888 1998 1100 2071 πηγῶν,
1134 1998 1211 2062 ὠς
1247 1998 1358 2052 ἀπὸ
1409 1998 1844 2070 γνωριμωτέρων

251 2091 353 2163 τὴν
379 2091 727 2145 διδασκαλίαν
769 2093 1035 2144 ἐποιεῖτο·
1081 2091 1156 2153 ὡς
1206 2090 1267 2153 ἐξ
1332 2089 1647 2160 ὑποὸάθρας
1677 2090 1846 2162 ἀρξάο

254 2201 420 2254 μενος
455 2185 546 2236 ἐπὶ
575 2185 643 2237 τὰ
683 2184 916 2256 κρείττω
947 2185 1378 2254 χειραγωγήσειε
1417 2182 1545 2244 τοὺς
1569 2183 1845 2250 παιδαγω-

250 2281 574 2351 γουμένους,
605 2281 715 2333 ἀπὸ
741 2297 800 2333 τε
836 2279 945 2332 τῶν
973 2277 1346 2350 σμικροτέρων
1385 2278 1477 2330 ἐπὶ
1508 2279 1576 2332 τὰ
1600 2278 1846 2348 θειότερα

246 2369 549 2423 διαϐαίνειν
590 2369 1050 2440 παρασκευάσειε.
1091 2367 1274 2420 Ταῦτα
1305 2368 1403 2437 μὲν
1438 2363 1554 2432 οὖν,
1600 2370 1649 2420 εἰ
1679 2370 1846 2439 μηδέν

247 2477 338 2524 τις
363 2461 510 2532 πέρα
549 2461 648 2530 τῆς
677 2459 876 2525 λέξεως
910 2458 1355 2529 περιεργάζοντο·
1383 2461 1432 2511 εί
1467 2457 1524 2510 δὲ
1550 2459 1844 2530 βαθύτερον

249 2569 340 2617 τις
360 2551 651 2606 καὶταῦτα
688 2555 828 2605 νοεῖν
867 2551 1059 2613 ἐθέλοι,
1095 2552 1155 2603 οὐ
1199 2550 1399 2621 μᾶλλον
1429 2553 1520 2604 ἐπὶ
1550 2553 1676 2616 τοὺς
1704 2555 1842 2605 ἁπο-

252 2642 499 2707 στόλους,
539 2643 572 2713 ἢ
603 2643 694 2695 ἐπὶ
717 2643 924 2706 πάντας
971 2644 1098 2706 τοὺς
1143 2641 1365 2694 πώποτε
1403 2643 1726 2712 γενομένους
1761 2642 1842 2694 δι-

250 2731 444 2792 καίους
472 2729 566 2782 καὶ
611 2729 877 2799 θεοφιλεῖς
909 2729 1110 2800 ἄνδρας
1147 2730 1286 2784 αὐτὰ
1314 2730 1608 2795 ἐκδέξεται,
1655 2730 1841 2802 διαδή-

249 2839 406 2876 σεται
428 2822 484 2876 δὲ
505 2822 716 2876 ἐνθένδε
748 2823 841 2876 καὶ
882 2824 975 2876 ἐπὶ
1004 2824 1103 2886 τὰς
1133 2824 1285 2888 θείας
1314 2825 1407 2876 καὶ
1431 2823 1726 2892 ἁγγελικὰς
1751 2825 1842 2876 δυ-

249 2915 464 2983 νάμεις,
516 2913 616 2986 ὅρη
664 2913 836 2983 λέγων
860 2916 954 2968 καὶ
987 2915 1207 2984 βουνοὺς
1239 2915 1571 2968 αἰνίττεσθαι
1595 2916 1842 2983 ἀγγέλων

248 3006 346 3058 καὶ
381 3005 736 3076 ἁρχαγγέλων
795 3007 889 3060 καὶ
942 3008 1272 3078 πνευμάτων
1322 3007 1497 3062 ,θείων
1554 3008 1841 3080 διαφορὰς,

249 3098 475 3169 θρόνους
505 3116 564 3152 τε
594 3100 690 3152 καὶ
720 3100 1043 3169 κυριότητας
1081 3101 1175 3153 καὶ
1226 3099 1402 3173 ἀρχὰς
1436 3101 1531 3154 καὶ
1571 3101 1838 3167 ἐξουσίας,

246 3191 334 3244 δτι
361 3192 438 3261 (5)
473 3189 537 3260 δὴ
576 3190 869 3244 καὶταῦτα
907 3193 1086 3246 πάντα
1113 3191 1181 3244 δι’
1215 3193 1401 3280 αυτοῦ,
1438 3194 1531 3246 καὶ
1563 3196 1642 3257 είς
1681 3195 1842 3247 αὑτὸν
1870 3225 1911 3280 c

250 3280 497 3334 ἰκτίσθαι
531 3281 626 3334 καλ¹
654 3281 762 3352 πρὸ
783 3284 999 3336 πάντων
1033 3283 1210 3335 αὐτῶν
1233 3277 1371 3335 εἶναι
1394 3284 1620 3348 τούτων,
1652 3286 1680 3336 ὁ
1702 3283 1842 3346 θεῖος

250 3371 490 3436 ἐδίδαξεν
506 3373 824 3435 Ἀπόστολος
855 3372 953 3443 (6),
981 3368 1305 3442 ὲνθέως(ὼς)
1332 3374 1476 3435 εἰκὸς
1501 3365 1841 3442 ὁρμώμενος,

248 3463 340 3516 διὰ
363 3464 426 3517 τὸ
467 3463 720 3532 λέγεσθαι
775 3466 833 3516 ἐν
877 3463 1084 3528 τούτοις
1136 3466 1200 3516 ὲκ
1251 3463 1546 3536 προσώπου
1579 3465 1672 3516 τοῦ
1714 3464 1841 3517 Υἱοῦ

248 3554 344 3608 τοῦ
363 3554 496 3608 Θεοῦ
513 3556 595 3617 τὸ,
625 3554 744 3623 Πρὸ
776 3555 882 3609 τοῦ
911 3555 1015 3624 ὄρη
1040 3554 1425 3624 ἑδρασθῆναι,
1454 3555 1566 3622 πρὸ
1600 3554 1666 3607 δὲ
1694 3554 1843 3606 πάν-

248 3662 366 3698 των
401 3643 651 3709 ,Βουνῶν
690 3645 872 3716 γεννᾷ
900 3663 994 3715 με.
1039 3647 1119 3700 Τὰ
1155 3647 1252 3716 μὲν
1290 3642 1382 3699 οὖν
1437 3646 1572 3700 ἄλλα
1610 3645 1840 3717 δρᾶσθαι

249 3739 377 3808 ἔφη,
414 3738 572 3808 μόνον
609 3736 664 3791 δὲ
698 3739 858 3792 αὐτὸν
882 3738 1238 3810 γεγεννῆσθαι
1273 3738 1378 3809 πρὸ
1405 3738 1504 3808 τῆς
1526 3738 1634 3790 τῶν
1667 3738 1840 3810 δηλω-

249 3828 448 3883 θέντων
477 3831 807 3893 συστάσεως.
842 3826 963 3884 Οῐδε
989 3831 1044 3882 δὲ
1078 3830 1175 3900 τὴν
1208 3829 1529 3898 ἐπουράνιον
1571 3830 1844 3900 Ἰερουσα-

248 3921 361 3991 λὴμ
383 3922 411 3973 ὸ
435 3920 952 3983 αὑτὸςἈπόστολος,
995 3921 1088 3973 καὶ
1119 3920 1180 3972 τὸ
1225 3920 1475 3988 οὐράνιον
1526 3919 1652 3990 ὄρος
1679 3923 1764 3989 ἐφ’
1796 3914 1840 3989 ᾧ

247 4012 452 4081 ταύτην
506 4008 644 4064 εἷναί
700 4029 833 4082 φησι
881 4011 1086 4080 λέγων’
1137 4013 1638 4080 Προσεληλύθατε
1687 4015 1842 4066 Σιὼν

247 4103 390 4169 ὄρει,
428 4101 526 4154 καὶ
561 4102 734 4154 πόλει
767 4102 914 4154 Θεοῦ
944 4100 1156 4166 ζῶντος
1190 4102 1585 4172 Ἰερουσαλὴμ
1615 4103 1706 4155 ἐπ’
1738 4106 1834 4158 01’)-

238 4190 428 4263 ρανῷ,
469 4192 566 4245 καὶ
610 4194 902 4261 μυρίαονιν
933 4193 1224 4263 ἀγγέλων,
1260 4197 1588 4264 πανηγύρει
1615 4197 1709 4249 καὶ
1730 4200 1846 4250 Εκ-

247 4284 476 4352 κλησίᾳ
523 4286 913 4353 πρωτοτόκων
950 4286 1491 4357 ἀπογεγραμμένων
1549 4289 1617 4340 ἐν
1665 4289 1842 4355 οὐρα-

245 4376 395 4443 νοῖς.
427 4377 538 4428 Καὶ
571 4377 775 4430 τούτων
812 4378 1100 4447 τοιγαροῦν
1122 4379 1387 4429 ἁπάντων
1406 4379 1783 4449 προῦπὰρχων
1809 4381 1836 4432 ὁ

244 4467 339 4521 τοῦ
365 4467 500 4520 Θεοῦ
543 4467 837 4539 μονογενὴς
866 4468 994 4531 Υἱὸς
1037 4466 1105 4520 τὰ
1132 4467 1232 4538 τῆς
1278 4471 1482 4533 οἰκείας
1522 4471 1838 4541 ἀπορρήτου

1947 1995 2070 2063 quis
2100 1993 2364 2047 curiosius
2416 1992 2675 2061 iuquirat.
2718 1992 2870 2059 Quod
2896 1993 2939 2044 si
2969 1994 3090 2059 quis
3122 1995 3526 2061 profundiorem

1946 2085 2134 2140 harum
2172 2099 2352 2139 rerum
2390 2084 2795 2154 intelligentiam
2833 2087 3111 2156 percipere
3166 2086 3314 2150 velit,
3378 2096 3532 2142 certe

1948 2192 2052 2230 non
2079 2178 2249 2245 magis
2281 2191 2341 2229 ea
2368 2176 2433 2229 ad
2456 2176 2727 2244 apostolus
2751 2192 2911 2246 quam
2945 2177 3164 2246 quosvis
3182 2177 3354 2244 justos
3373 2189 3429 2232 et
3451 2181 3532 2233 di-

1946 2268 2118 2322 lectos
2146 2268 2258 2323 Deo
2303 2267 2547 2321 retulerit
2581 2285 2594 2320 :
2632 2278 2685 2321 et
2734 2269 2803 2320 ita
2841 2270 3237 2323 transcenderit
3282 2270 3406 2324 inde
3460 2273 3528 2324 ad

1947 2361 2156 2413 divinas
2185 2371 2241 2414 et
2268 2359 2540 2429 angelicas
2567 2369 2861 2426 potestates
2896 2376 2908 2412 :
2947 2376 3042 2431 per
3087 2372 3298 2416 montes
3330 2372 3384 2416 et
3412 2363 3530 2417 col-

1946 2447 2025 2500 les
2050 2447 2317 2516 designari
2345 2447 2649 2518 intelligens
2675 2447 2986 2516 angelorum
3010 2458 3063 2505 et
3080 2451 3528 2522 arcbangelorum

1944 2545 1998 2590 et
2028 2537 2330 2592 divinorum
2359 2538 2644 2608 spirituum
2675 2538 3030 2605 diﬂ‘ercntias,
3077 2541 3321 2606 thronos,
3356 2543 3530 2597 domi-

1944 2629 2212 2694 nationes,
2268 2631 2626 2699 principatus,
2683 2643 3000 2700 potestates.
3052 2633 3171 2687 Jam
3221 2649 3348 2688 vero
3384 2637 3530 2704 quod

1945 2721 2046 2775 ista
2076 2723 2255 2776 omnia
2305 2739 2398 2792 per
2433 2723 2602 2791 illum,
2633 2729 2773 2779 etad
2803 2725 2948 2778 illum
2978 2735 3158 2780 creata
3194 2725 3394 2781 lnerint
3423 2744 3438 2781 :
3473 2737 3530 2782 et

1945 2813 2085 2880 quod
2116 2823 2242 2866 ante
2272 2815 2371 2868 ista
2399 2816 2604 2880 omnia,
2639 2815 2754 2885 ipse
2783 2816 3138 2882 subsistebat,
3179 2818 3395 2872 divinus
3434 2818 3530 2873 do-

1945 2916 2027 2960 cet
2052 2906 2361 2973 Apostolus,
2392 2907 2705 2976 inspiratus,
2738 2917 2795 2960 ut
2820 2922 2920 2974 par
2951 2909 3298 2973 estcredere,
3329 2910 3530 2963 divini-o

1949 3005 2052 3059 tus;
2087 3011 2206 3052 cum
2237 2996 2289 3050 in
2316 3012 2544 3064 persona
2585 2996 2705 3050 Filii
2738 2996 2830 3052 Dei
2857 2999 2971 3053 luec
3000 3010 3311 3069 usurparet,
3337 2999 3529 3056 Prius-

1943 3104 2100 3158 quam
2129 3099 2328 3142 montes
2362 3090 2737 3156 fundarentur,
2781 3100 2904 3144 ante
2948 3108 3127 3146 omnes
3160 3091 3315 3146 colles
3350 3096 3529 3162 genuit

1945 3195 2043 3232 me.
2071 3179 2138 3232 Et
2176 3180 2280 3233 alia
2324 3182 2537 3248 quidem
2574 3185 2752 3236 omnia
2788 3183 2928 3237 facta
2967 3185 3140 3238 dicit:
3178 3185 3348 3240 solum
3401 3203 3530 3244 vero

1946 3271 2121 3339 ipsum
2152 3274 2391 3341 genitum
2425 3283 2550 3326 ante
2582 3275 3020 3331 constitutionem
3067 3279 3526 3346 suprailictorum.

1945 3360 2103 3413 Novit
2132 3375 2307 3415 autem
2329 3364 2469 3416 idem
2491 3365 2784 3432 Apostolus
2801 3377 2856 3421 et
2876 3365 3175 3423 Jerusalem
3210 3370 3488 3426 cmlestem
3511 3412 3530 3438 ,

1944 3461 1999 3506 ct
2027 3464 2262 3506 montem
2321 3455 2373 3508 iu
2409 3471 2517 3524 quo
2545 3458 2630 3510 illa
2671 3461 2924 3514 conditur
2949 3463 3246 3527 cmleSIem,
3285 3465 3372 3519 ubi
3430 3466 3527 3532 ait,

1942 3544 2245 3597 Accessistis
2271 3545 2338 3596 ad
2367 3556 2592 3600 montem
2621 3544 2770 3612 Sion,
2799 3558 2845 3602 et
2874 3551 3135 3603 civitatem
3174 3554 3387 3606 uirentis
3411 3553 3529 3617 Dei,

1940 3632 2240 3688 Jerusalem
2273 3637 2328 3688 in
2359 3637 2520 3700 cwlis,
2552 3638 2620 3690 ad
2643 3640 3036 3694 multitudinem
3074 3643 3402 3697 innumerans
3427 3663 3527 3698 an-

1941 3724 2197 3791 gelorum,
2224 3727 2528 3796 pauegyrim
2575 3738 2623 3780 et
2666 3729 2955 3784 Ecclesium
2985 3734 3449 3802 primogenitorum
3473 3736 3528 3787 in

1943 3815 2082 3866 caelis
2101 3815 2476 3882 descriptarum
2498 3815 2564 3868 ⁵³.
2603 3815 2740 3872 Ante
2781 3819 2878 3872 ista
2909 3819 3124 3888 quidem
3158 3821 3337 3873 utuuia
3377 3821 3528 3874 cxsi-

1943 3916 2089 3960 stens
2120 3907 2434 3977 unigenitus
2464 3909 2558 3962 Dei
2585 3908 2777 3974 Filius,
2806 3927 2925 3980 quae
2977 3913 3045 3965 ad
3080 3911 3250 3980 ipsius
3283 3910 3530 3966 ineflabi-

1943 3998 2046 4052 lein
2075 4002 2393 4067 spectabant
2429 4006 2852 4071 generationem,
2887 4003 3272 4058 absconditein
3297 4004 3528 4058 Prover-

1943 4091 2044 4145 biis
2073 4090 2364 4147 intimavit.
2408 4093 2473 4147 Et
2513 4095 2654 4162 (μιοά
2705 4095 2848 4150 hunc
2879 4099 3102 4151 subesse
3130 4111 3352 4150 sensum
3382 4095 3528 4150 vole-

1941 4183 2034 4236 bat
2063 4184 2284 4254 intelligi
2317 4196 2465 4256 patet
2496 4201 2561 4241 ex
2611 4187 2677 4242 iis
2729 4203 2848 4257 quae
2880 4189 3062 4242 statim
3094 4189 3361 4259 adjungit,
3394 4187 3528 4243 Cum

1943 4274 2094 4329 caelos
2126 4286 2428 4344 appararet,
2461 4278 2540 4330 illi
2564 4295 2795 4347 premens
2820 4277 2994 4348 adfui.
3015 4277 3244 4346 Hicjam
3277 4283 3528 4351 egregius

1944 4367 2211 4435 interpres
2239 4370 2641 4439 Scripturarum
2669 4374 2925 4426 exclusus
2939 4373 3202 4436 substitit,
3232 4387 3330 4427 nec
3351 4384 3533 4428 trans-

1943 4458 2024 4511 ire
2055 4459 2227 4524 potuit
2266 4474 2279 4510 :
2317 4460 2459 4528 quod
2489 4462 2936 4530 consequentiam
2969 4463 3256 4516 reddenda:
3283 4464 3531 4532 supposi-

245 4559 550 4628 γεννήσεως
575 4558 1088 4629 ὲπικεκρυμμένως,
1118 4558 1204 4612 διὰ
1221 4558 1329 4611 τῶν
1359 4559 1672 4630 Παροιμιῶν
1695 4559 1838 4630 ᾐνίτ-

1946 4549 2104 4605 tionis
2155 4551 2220 4604 de
2265 4566 2430 4606 carne
2484 4551 2814 4616 Servaturis,
2867 4551 3215 4622 complanare
3255 4555 3526 4622 nequiret.

249 4666 392 4704 τετο.
418 4650 529 4703 Καὶ
553 4653 634 4704 ὅτι
662 4667 724 4718 γε
766 4652 936 4704 ταῦτα
956 4651 1227 4704 ὑπέϐαλλε
1257 4655 1417 4717 νοεῖν,
1447 4651 1601 4722 δῆλον
1649 4652 1714 4704 ἂν
1737 4651 1830 4720 γέ-

253 4761 396 4798 νοιτο
416 4743 508 4813 ἀφ’
538 4737 611 4797 ὧν
639 4744 896 4798 συνάπτει
929 4744 1054 4816 ἑξῆς
1080 4745 1252 4813 λέγων
1276 4761 1290 4775 ·
1340 4745 1539 4799 Ἠνίκα
1568 4742 1836 4813 ἡτοίμαζε

247 4838 358 4893 τὸν
376 4837 659 4905 οὐρανὸν,
689 4837 1102 4907 συμπαρήμην
1131 4838 1310 4903 αὐτῷ.
1347 4838 1514 4891 Ἔνθα
1540 4841 1568 4891 ὁ
1590 4841 1836 4906 γενναῖος

243 4929 354 4983 τῶν
383 4927 616 5000 Γραφῶν
645 4930 914 5000 ἑρμηνεὺς
948 4930 1324 4994 ἀποκλεισθεὶς
1354 4928 1481 5001 ἔστη
1513 4930 1611 4998 (7),
1645 4929 1837 5000 μηκέθ’

245 5021 511 5091 ὑπερϐὰς,
543 5020 624 5091 τῷ
667 5022 739 5093 μὴ
778 5022 1089 5092 δεδυνῆσθαι
1127 5021 1444 5091 ὲξομαλίσαι
1492 5023 1588 5092 τὴν
1617 5021 1842 5074 ἀκολου-

247 5111 370 5166 θίαν
391 5111 487 5182 τῆς
512 5111 867 5181 ἀποδοθείσης
904 5111 1052 5180 αὑτῷ
1085 5115 1213 5182 περὶ
1242 5113 1342 5180 τῆς
1368 5111 1571 5183 σαρκὸς
1599 5109 1694 5164 τοῦ
1726 5111 1840 5162 Σω-

1943 4641 2212 4697 Mentione
2237 4643 2380 4698 enim
2441 4645 2579 4699 facta
2634 4646 3009 4715 susquedeque
3057 4645 3264 4709 carnis,
3324 4658 3379 4698 et
3414 4661 3529 4699 om-

1947 4737 2037 4790 nia
2055 4736 2208 4805 quasi
2234 4737 2375 4791 dicta
2401 4737 2466 4792 de
2483 4753 2649 4791 carne
2674 4739 2915 4805 eXposita
2953 4751 3259 4807 proponens
3294 4742 3352 4799 ὦ
3381 4739 3528 4807 (nam
3641 4779 3652 4788 .

1947 4828 2014 4880 ad
2039 4841 2208 4897 usque
2237 4838 2447 4884 montes
2481 4841 2535 4883 et
2557 4829 2721 4884 colles
2743 4831 2932 4896 evasit,
2960 4846 3098 4900 quos
3123 4831 3398 4898 apostolos
3435 4845 3530 4881 ar-

1948 4921 2182 4976 bitratur
2233 4920 2422 4991 esse),
2465 4938 2581 4992 quae
2637 4935 2940 4992 sequuntur
2994 4924 3214 4977 silentio
3271 4924 3530 4990 deinceps

1949 5013 2143 5069 lubens
2195 5015 2512 5079 transmisit,
2549 5032 2652 5070 non
2684 5031 2847 5071 ausus
2887 5017 3112 5070 ulterius
3148 5017 3199 5069 in
3231 5014 3532 5084 Scripturis

1951 5108 2222 5177 progredi.
2250 5107 2430 5179 Atque
2469 5112 2539 5164 ita
2577 5109 2795 5164 ﬁbulam
2833 5109 3065 5163 orationi
3097 5108 3361 5177 apposuit.
3403 5105 3533 5160 Post

245 5203 409 5274 τῆρος
453 5200 784 5266 ὑποθέσεως.
821 5205 968 5254 Ἀνω
1011 5202 1118 5272 γὰρ
1159 5205 1254 5256 καὶ
1292 5202 1442 5255 κάτω
1493 5202 1589 5272 τῆς
1632 5201 1835 5272 σαρκὸς

1946 5200 2341 5270 quamplurima
2371 5203 2699 5257 intermemo
2726 5216 2973 5262 sermone
3009 5210 3307 5263 transacta,
3343 5199 3410 5252 ab
3445 5215 3534 5251 ac-

247 5294 653 5367 μνημονεύσας,
695 5296 788 5348 καὶ
825 5296 1004 5348 πάντα
1036 5295 1286 5366 είρῆσθαι
1321 5294 1576 5366 περὶτῆς
1629 5294 1829 5364 σαρκὸς

1946 5292 2189 5360 ceptione
2218 5294 2302 5347 illa
2331 5295 2536 5349 carnali
2581 5294 2775 5361 resilit,
2808 5293 2987 5349 fassus
3024 5293 3118 5347 Dei
3158 5292 3389 5346 Verbum
3426 5291 3527 5346 ista

321 5463 382 5523 v3
417 5457 516 5514 Ed.
544 5456 746 5524 Paris.,
773 5473 894 5529 pag.
920 5457 1043 5522 162,
1089 5455 1188 5511 165
1285 5457 1330 5487 ⁸³
1361 5454 1522 5512 Hebr.
1557 5470 1652 5523 xu,
1675 5453 1769 5518 22,
1802 5453 1892 5508 23.

315 5641 395 5716 (‘5)
428 5645 621 5712 Μυρια
647 5645 850 5710 αὐτός.
880 5644 1021 5718 Lege
1059 5643 1230 5717 μυρία
1255 5645 1309 5698 δὲ
1351 5644 1483 5716 [imo
1514 5646 1560 5698 δ’
1601 5646 1665 5699 ἄν
1705 5662 1825 5703 eum

315 5713 432 5767 (ΜΛ
464 5718 557 5767 καὶ
582 5716 761 5767 αὑτός.

2010 5643 2084 5767 ἳϐ)
2133 5642 2376 5708 Ἐνθέως
2405 5643 2587 5707 εἰκός.
2612 5642 2791 5706 Deest,
2820 5640 2917 5706 ὡς,
2954 5640 3029 5702 ὡς
3063 5637 3229 5702 εἰκός.
3251 5636 3522 5694 M.—.‘liox

1946 5731 2009 5767 vu
2038 5731 2104 5767 eo
2131 5715 2238 5767 ποὺ
2258 5715 2326 5766 τὰ
2352 5713 2475 5767 oon.

247 5713 557 5786 cadmina!
582 5716 761 5777 αὑτός.
962 5713 984 5718 ”
1062 5713 1070 5715 ’
1142 5713 1150 5717 ’
1354 5713 1370 5716 “

1946 5713 2104 5785 vulgo
2131 5715 2238 5786 πρὸ
2258 5715 2326 5766 τὰ
2352 5713 2475 5785 ὅρη.

342 5784 396 5854 4)
415 5780 766 5856 Ϋ-ιιιεοψυχάς
780 5797 968 5842 etmox
986 5787 1046 5839 τὸ
1067 5788 1141 5856 μή
1164 5787 1379 5856 οιίιιίτε
1393 5788 1648 5842 καὶδιαδ.
2007 5780 2084 5856 (7)
2118 5780 2215 5852 Μὴ
2248 5780 2693 5851 κιιθ”ὗπερ6ἀς.
2721 5782 2906 5856 Forte,
2940 5783 3012 5853 μὴ
3052 5782 3199 5836 κάτω
3226 5781 3440 5844 διαϐάς.
3464 5780 3532 5834 Μ.

344 5804 396 5854 4)
423 5804 662 5855 vulgi)qu
689 5804 766 5855 ἀς
780 5804 832 5842 et
849 5804 968 5840 mox
986 5804 1046 5839 το
1067 5804 1141 5856 μη
1164 5804 1379 5856 etintt‘a
1393 5804 1648 5842 καιοιαο.

344 5856 397 5934 Β)
433 5853 599 5926 Vulgo
618 5804 754 5912 ﬁget
782 5872 902 5914 mox
932 5857 1172 5927 ἐκτίσθη.

2007 5804 2084 5856 μ)
2118 5804 2215 5852 mn
2248 5804 2359 5837 mm
2411 5804 2693 5851 υπεροας.
2723 5804 2829 5838 ror

1954 5887 2024 5897 —-
2053 5859 2217 5926 Vulgo
2256 5857 2327 5928 μὴ
2366 5856 2536 5928 μηκέθ
2566 5853 2829 5924 ὑπερϐάς.
