4032 6436
220 404 331 464 997

1206 399 1295 455 DE
1335 398 1882 458 ECCLESIASTICA
1918 396 2319 457 τηεοιοοῑι
2358 398 2488 459 LIB.
2536 402 2625 459 ΙΙΙ.

3408 404 3521 467 998

220 542 317 591 κα,
349 524 597 596 agam
624 522 819 585 686m,
843 520 942 577 διὰ
973 523 1035 577 τὸ
1057 521 1331 594 εἰρῆσθαι,
1366 520 1457 591 Γῆ
1484 517 1556 585 el,
1592 523 1691 575 καὶ
1734 524 1814 588 εις

1925 520 2141 575 aderam
2186 523 2254 575 et.
2290 521 2362 575 At
2391 536 2552 578 nemo
2576 536 2683 577 non
2718 537 2906 579 amens
2930 524 3073 580 banc
3103 522 3388 581 admiserit
3428 531 3523 583 ino-

221 614 345 687 τῆν
377 616 694 683 ἀπελεύσῃ
719 617 760 684 ο)
802 614 896 667 καὶ
934 615 1094 685 ειπερ
1135 614 1169 683 ἡ
1215 612 1353 683 σὰρξ
1408 609 1476 684 ἦν
1505 614 1539 683 ή
1570 612 1822 682 λέγουσα,

222 708 349 776 Πρὸ
377 708 483 761 τοῦ
512 707 619 772 τὰς
648 706 964 772 ἀϐύσσους
1001 703 1274 773 ποιῆσαι,
1324 704 1439 774 πρὸ
1464 704 1576 757 τοῦ
1610 707 1827 773 προελ-

222 798 356 852 θεῖν
388 798 495 862 τὰς
530 796 727 864 πηγὰς
768 795 889 850 τῶν
924 795 1179 859 ὑδάτων,
1212 795 1326 862 πρὸ
1361 793 1467 848 τοῦ
1504 794 1609 863 ὄρη
1652 794 1823 862 ἐδρα-

222 888 470 957 σθῆναι.
517 886 631 956 πρὸ
664 887 732 941 δὲ
757 889 998 942 πάντων
1019 884 1269 951 βουηῦν
1295 887 1479 956 γεννᾷ
1519 903 1617 953 με,
1648 887 1734 939 διὰ
1763 886 1825 939 τὸ

225 979 747 1051 προγεγεννημένην
772 976 910 1033 εἶναι
937 978 1107 1048 αὐτὴν
1132 974 1289 1047 [πρὸ]
1319 977 1418 1046 τῆς
1449 978 1559 1030 τῶν
1584 975 1821 1029 ἀποστόο

224 1070 335 1125 λων
361 1068 613 1141 ἐκλογῆς,
639 1070 716 1134 ὡς
740 1070 911 1123 ἐδόκει
932 1067 1008 1137 τῷ
1035 1068 1350 1140 σοφωτάτῳ,
1374 1068 1642 1121 ἓπεταιὲκ
1662 1082 1823 1136 προσ-

222 1160 378 1214 ώπου
418 1160 520 1231 τῆς
584 1162 784 1232 σαρκὸς
812 1158 1061 1227 λέγεσθαι
1099 1158 1193 1211 καὶ
1231 1158 1313 1223 τὺ,
1360 1160 1562 1212 Ἠνίκα
1602 1158 1713 1227 (14)
1755 1159 1817 1223 ή-

222 1247 459 1319 τοίμαζε
485 1249 592 1303 τὸν
618 1249 894 1317 οὐρανὸν,
925 1246 1337 1316 συμπαρήμην
1356 1246 1534 1311 αὐτῷ.
1554 1247 1691 1298 Ἀλλ’
1721 1244 1823 1297 οὐκ

224 1341 403 1405 ἄντις
434 1342 510 1412 μὴ
555 1340 664 1394 τῶν
711 1339 920 1410 φρενῶν
948 1338 1147 1401 ἐκστὰς
1186 1338 1359 1409 ταύτῃ
1406 1338 1534 1391 ποτε
1579 1335 1822 1389 σύνθοιτο

223 1436 293 1506 τῇ
338 1433 623 1505 ἑρμηνείᾳ,
665 1429 1074 1499 ἀντιφθέγξεται
1124 1431 1234 1503 γὰρ
1272 1430 1424 1501 αὐτῷ
1452 1430 1593 1500 μέγα
1623 1429 1820 1499 βοήσας

222 1527 256 1580 6
284 1526 383 1597 τῆς
408 1525 665 1597 ἀληθείας
686 1524 863 1591 λόγος,
900 1524 1209 1588 ἐπιδεικνὺς
1244 1525 1329 1589 τίς
1375 1540 1507 1577 ποτε
1536 1519 1605 1594 ἦν
1631 1525 1657 1576 6
1688 1522 1819 1575 ταῦ-

222 1635 297 1672 τα
326 1616 554 1681 διεξιών.
590 1616 675 1677 Ὡς
704 1614 749 1667 δ’
772 1610 865 1667 οὖν
890 1612 1077 1687 ἕτερος
1101 1611 1169 1685 ἦν
1198 1617 1227 1669 6
1247 1616 1312 1668 ὲκ
1338 1614 1597 1673 τοῦκΘεοῦ
1631 1631 1821 1681 γεγεν-

224 1708 472 1779 νημένος·
485 1705 784 1778 μονογενὴς
829 1706 977 1769 Υἱὸς,
1008 1706 1116 1771 ζῶν
1153 1707 1247 1759 καὶ
1279 1704 1548 1775 ὑφεστὼς,
1598 1704 1675 1759 ῶν
1705 1706 1818 1776 (15)

223 1799 321 1850 καὶ
345 1797 451 1868 πρὸ
476 1795 587 1848 τῶν
618 1794 719 1865 τῆς
753 1796 996 1866 γενητῶν
1028 1784 1287 1851 ἁπάντων
1320 1796 1657 1861 συστάσεως,
1694 1798 1723 1851 ὃ
1752 1798 1816 1869 δὴ

1934 612 2377 680 terpretationem
2411 626 2423 658 ε
2450 626 2646 683 magna
2682 614 2879 669 etenim
2909 631 3040 671 voce
3064 616 3382 673 reclamabit
3404 619 3522 689 ipso

1927 700 2173 755 veritatis
2200 716 2406 766 sermo,
2433 711 2490 757 et
2517 703 2639 771 quis
2665 714 2785 759 erat
2810 708 2899 774 qui
2925 706 3041 761 haec
3071 707 3311 778 loquitur
3333 710 3522 765 edoce-

1926 790 2027 845 bit.
2061 791 2327 858 Quocirca
2354 793 2496 862 quod
2526 794 2769 849 diversus
2795 807 2913 850 erat
2948 797 3037 851 ille
3070 800 3137 853 de
3166 799 3273 854 Deo
3300 802 3519 867 genitus;

1926 880 2115 945 Filius,
2147 882 2481 949 unigenitus,
2530 884 2739 949 vivens,
2784 886 3111 953 subsistens,
3167 899 3223 944 et
3248 901 3375 947 ante
3404 893 3519 946 uni-

1927 972 2205 1027 versitatis
2245 973 2610 1027 conditionem
2648 989 2769 1039 ens,
2814 976 2929 1043 ipse
2962 979 3117 1033 docet
3151 981 3277 1035 dum
3316 982 3395 1036 sic
3441 982 3517 1037 ait

1928 1059 1980 1113 in
2012 1060 2384 1129 sequentibus,
2416 1061 2549 1114 Cum
2581 1073 2793 1130 pararet
2832 1066 3006 1129 cmlos,
3036 1068 3086 1120 ei
3115 1071 3353 1123 aderam.
3395 1070 3513 1126 Una

1925 1169 2047 1207 cum
2076 1169 2141 1208 eo
2169 1164 2307 1219 erat,
2343 1165 2397 1209 et
2428 1170 2666 1224 praesens
2707 1158 2780 1213 illi
2812 1158 3009 1223 adfuit,
3044 1163 3357 1232 priusquam
3396 1179 3514 1219 cae-

1926 1248 2057 1307 tum,
2094 1257 2149 1299 et
2186 1262 2306 1315 qua:
2356 1260 2481 1303 sunt
2507 1264 2666 1319 supra
2701 1251 2872 1306 caelos
2899 1254 3283 1320 conderentur,
3314 1267 3369 1311 et
3392 1271 3515 1327 qua:

1926 1337 1979 1389 in
2006 1336 2177 1391 caelis.
2219 1338 2330 1393 Hoc
2356 1342 2558 1394 etenim
2592 1342 2683 1395 illa
2713 1344 2973 1408 indicant,
3007 1342 3136 1399 Cum
3167 1358 3381 1409 pararet
3412 1364 3516 1402 rm-

1926 1425 2026 1489 los,
2050 1428 2097 1479 ei
2126 1428 2361 1482 aderam.
2400 1429 2520 1495 Quo
2538 1443 2695 1499 pacto
2716 1435 2929 1501 paravit
2955 1434 3149 1489 omium
3183 1435 3363 1490 Deus?
3383 1437 3514 1493 Cer-

1926 1523 1983 1575 ιο
2027 1520 2426 1586 praescribendo
2488 1530 2543 1575 et
2584 1523 2974 1578 conformanda
3037 1527 3221 1579 mundi
3285 1525 3509 1595 ﬁguram

1926 1607 2066 1674 apud
2089 1620 2169 1671 se,
2198 1608 2515 1675 priusquam
2534 1612 2923 1678 produceretur
2949 1613 3055 1668 illa.
3084 1614 3245 1668 Pater
3265 1630 3393 1685 ergo
3421 1617 3513 1672 de-

1924 1697 2198 1767 signabat,
2225 1707 2280 1752 et
2322 1700 2613 1768 cogitando
2658 1706 2951 1768 statuebat,
2981 1720 3084 1774 qua
3118 1706 3284 1777 llgnra
3323 1709 3511 1764 modo-

1924 1800 2030 1855 que
2058 1788 2253 1843 cazlum
2295 1789 2423 1842 illud
2454 1793 2687 1845 condere
2716 1794 2900 1857 vellet,
2931 1799 3071 1866 quod
3110 1813 3210 1853 nec
3236 1815 3266 1852 a
3298 1800 3511 1869 magni-

224 1884 556 1957 παρίστησιν
596 1882 757 1945 αὐτὸς
785 1884 851 1953 δι’
883 1879 958 1937 ὧν
983 1884 1109 1955 ἑξῆς
1138 1886 1333 1953 ἐπάγει
1361 1884 1537 1955 λέγων
1561 1904 1573 1916 ·
1616 1889 1814 1941 Ἠνίκα

1924 1879 2108 1935 tudine
2135 1879 2538 1947 destitueretur,
2561 1893 2615 1937 et
2637 1884 2727 1937 tali
2758 1885 2946 1954 ligura,
2973 1901 3244 1956 mensura,
3276 1890 3508 1958 partium

222 1972 501 2041 ἡτοίμαζε
536 1972 644 2027 τὸν
682 1974 962 2042 οὐρανὸν,
992 1976 1403 2045 συμπαρήμην
1426 1977 1587 2043 αὐτῷ
1610 1995 1623 2008 ·
1652 1979 1817 2048 συνῆν

223 2060 335 2132 γὰρ
358 2060 489 2131 (16),
513 2062 609 2114 καὶ
642 2062 826 2135 παρῆν
853 2063 1004 2135 αὐτῷ
1039 2066 1170 2133 πρὶν
1198 2066 1291 2117 καὶ
1329 2064 1579 2131 γενέσθαι
1607 2066 1699 2118 τὸν
1728 2066 1819 2117 οὐ·

226 2153 409 2223 ρανὸν,
462 2154 556 2207 καὶ
594 2153 664 2208 τά
698 2155 954 2208 ἐπέκεινα
991 2155 1247 2226 οὐρανοῦ,
1290 2155 1360 2209 τά
1402 2171 1462 2207 τε
1510 2156 1567 2208 ὲν
1601 2158 1818 2228 οὐρανῷ

221 2246 423 2301 πάντα.
453 2246 624 2299 Τοῦτο
669 2245 800 2314 γοῦν
851 2246 1097 2315 ᾐνίττετο
1136 2246 1223 2299 διὰ
1256 2245 1349 2298 τοῦ
1386 2247 1570 2315 φάναι,
1598 2248 1817 2309 ,Ἠνίκα

222 2335 499 2405 ⁴ἡτοίμαζε
524 2338 632 2389 τὸν
655 2338 934 2405 οὐρανὸν,
971 2337 1385 2406 συμπαρήμην
1400 2338 1580 2402 αὐτῷ.
1607 2338 1731 2403 Πῶς
1758 2340 1816 2393 δὲ

219 2427 519 2498 ἡτοίμαζεν
548 2429 577 2479 6
614 2427 767 2490 Θεὸς,
804 2428 836 2496 ἢ
870 2428 997 2498 πρὶν
1020 2428 1271 2495 γενέσθαι
1300 2429 1485 2492 αὐτὸν,
1510 2431 1816 2499 νομοθετῶν

219 2519 323 2572 καὶ
365 2517 812 2588 διατυπούμενος,
842 2518 901 2570 ὃν
952 2518 1057 2571 ἔδει
1088 2519 1291 2591 τρόπον
1320 2520 1485 2573 αὑτὸν
1514 2522 1813 2591 συστῆναις

234 2608 301 2665 Ὀ
331 2612 426 2681 μὲν
455 2606 549 2663 οὖν
572 2610 763 2681 Πατὴρ
790 2608 1043 2663 διετύπου
1082 2610 1178 2663 καὶ
1209 2611 1469 2681 ἡτοίμαζε
1502 2612 1818 2683 διανοούμε-

219 2718 333 2765 νοςν
367 2702 515 2764 ὅπως
558 2700 726 2772 ἐχρῆν
760 2701 1020 2771 συστῆναι
1047 2700 1141 2753 τὸν
1178 2701 1433 2757 τοσοῦτον
1464 2704 1691 2775 οὐρανόν
1714 2722 1726 2734 ·
1759 2705 1817 2768 ὃς

220 2792 349 2847 οὔτε
383 2792 646 2863 μεγέθους
685 2794 878 2855 ἐδεῖτο,
913 2794 1007 2845 καὶ
1036 2794 1221 2846 ὁποίου
1253 2796 1552 2865 σχήματος,
1600 2797 1816 2867 μέτρων

218 2899 285 2938 τε
313 2884 408 2937 καὶ
439 2884 622 2955 μερῶν
643 2884 879 2945 ὁπόσων,
927 2884 1036 2937 τῶν
1064 2884 1363 2955 μελλόντων
1387 2888 1519 2940 εἴσω
1554 2905 1613 2940 τε
1649 2887 1819 2942 αὐτοῦ

222 2975 572 3047 πριέχεσθαι
600 2976 780 3046 χάριν,
803 2977 894 3029 καὶ⁵
920 2976 1027 3029 τῶν
1052 2977 1207 3039 ἐκτὸς
1228 2976 1444 3030 ἔσεσθαι
1482 2978 1647 3031 αὑτοῦ
1678 2979 1813 3049 (17),

219 3066 332 3118 τῶν
349 3082 407 3117 τε
428 3066 486 3117 ὲν
511 3065 661 3134 αὐτῷ
688 3064 780 3118 τὸν
819 3064 1017 3134 δρόμον
1046 3066 1424 3135 ποιησομένων
1457 3066 1619 3120 ἕνεκα
1644 3084 1657 3097 ·
1692 3070 1721 3120 6
1748 3067 1805 3120 δὲ

220 3158 335 3221 τοῖς
348 3154 442 3210 τοῦ
469 3156 679 3227 Πατρὸς
708 3154 988 3226 λογισμοῖς
1014 3154 1354 3220 ἐνατενίζων,
1386 3156 1478 3208 καὶ
1533 3157 1691 3227 μόνος
1716 3158 1814 3209 ἐπ-

218 3247 468 3302 οπτεύων
496 3246 565 3300 τὰ
584 3248 642 3300 ὲν
668 3245 819 3317 αὑτῷ
838 3245 997 3317 βάθη,
1024 3246 1093 3300 δι’
1127 3246 1303 3318 ἔργων
1333 3246 1549 3317 ἐχώρει,
1579 3250 1690 3311 τοῖς
1720 3246 1812 3300 τοῦ

219 3336 438 3409 Πατρὸς
476 3334 982 3407 ὲξυπηρετούμενος
1010 3336 1261 3407 νεύμασι.
1299 3337 1392 3389 Διὸ
1420 3336 1666 3390 λέλεκταί
1691 3356 1813 3404 που,

209 3428 442 3486 Αἰνεῖτε
472 3425 582 3482 τὸν
611 3427 833 3493 Κύριον
862 3426 932 3479 ἐκ
975 3426 1097 3479 τῶν
1132 3426 1441 3494 οὐρανῶν·
1469 3429 1687 3482 alr-sin
1720 3432 1818 3483 αὺ-

221 3519 352 3581 τὸν,
377 3518 597 3584 πάντες
616 3521 672 3572 ol
684 3516 922 3586 ἄγγελοι
946 3516 1385 3571 αὐτοῦ.Αίνεῖτε
1398 3518 1604 3582 αὐτὸν,
1627 3518 1819 3573 πᾶσαι

215 3612 581 3681 aldus-ripe“;
599 3608 1042 3665 αὑτοῦ.Αὶνεῖτε
1068 3608 1275 3673 αὑτὸν,
1304 3609 1479 3676 ἣλιος
1505 3611 1601 3663 καὶ
1633 3611 1818 3680 σελή-

220 3719 331 3771 νη,
360 3700 580 3756 αὶνεῒτε
591 3703 796 3764 αὐτὸν,
812 3700 1008 3754 πάντα
1026 3700 1096 3752 τὰ
1112 3699 1325 3767 ἄστρα,
1347 3701 1533 3753 καὶτὸ
1555 3700 1699 3769 φῶς.
1720 3704 1817 3755 Αί-

218 3795 379 3851 νεῖτε
398 3794 608 3855 αὐτὸν,
632 3795 687 3847 οὶ
710 3792 952 3860 οὐρανοί
970 3790 1086 3844 τῶν
1097 3790 1389 3859 οὐρανῶν,
1415 3790 1602 3845 καὶτὰ
1628 3792 1816 3845 ὕδατα

220 3885 337 3958 (18)
354 3885 426 3940 τὰ
441 3883 715 3955 ὑπεράνω
733 3882 851 3936 τῶν
866 3881 1590 3949 οὐρανῶν.Αίνεσάτωσαν
1603 3884 1670 3937 τὸ
1684 3883 1816 3939 ὅνο-

213 3991 304 4047 μα
326 3976 570 4045 Κυρίου,
603 3973 693 4027 ὅτι
720 3973 903 4039 αὐτὸς
925 3973 1054 4027 εἷπε
1077 3973 1177 4029 καὶ
1204 3972 1609 4043 ἐγενήθησαν,
1631 3976 1815 4041 αὐτὸς

216 4072 581 4134 ἐνετείλατο,
612 4067 1123 4132 καὶέκτίσθησαν.
1162 4065 1307 4138 Πλὴν
1368 4066 1501 4121 ἀλλὰ
1540 4068 1634 4120 καὶ¹
1683 4070 1813 4139 πρὶν

219 4163 475 4235 γενέσθαι
529 4162 691 4215 αὑτὸν
746 4162 838 4215 τὸν
872 4159 1100 4230 οὐρανὸν
1150 4160 1245 4212 καὶ
1294 4158 1363 4211 τά
1414 4159 1673 4213 ἐπέκεινα
1701 4160 1812 4230 (19)

215 4255 449 4329 οὐρανοῦ
501 4255 571 4308 τά
620 4270 679 4306 τε
732 4254 792 4305 ὲν
840 4250 1055 4324 οὐρανῷ
1099 4251 1279 4305 πάντα
1315 4249 1400 4317 (ἐξ
1446 4250 1565 4312 ἑνὸς
1600 4249 1710 4321 γὰρ
1744 4248 1812 4302 τὰ

220 4349 404 4403 πάντα
435 4344 841 4417 περιληπτικῶς
867 4341 1184 4414 δεδήλωται)
1212 4338 1279 4413 ἦν
1306 4344 1335 4394 6
1362 4341 1489 4405 Υἱὸς
1522 4340 1616 4395 τοῦ
1649 4340 1808 4405 Θεοῦ,

218 4439 317 4493 καὶ
348 4437 427 4508 τῷ
458 4436 635 4506 Πατρὶ
670 4434 782 4505 (20)
819 4434 1115 4504 συμπαρῆν
1160 4433 1243 4485 ἐτι
1285 4432 1658 4503 βουλευομένῳ
1686 4433 1812 4503 περὶ

215 4530 320 4601 τῆς
349 4528 553 4581 τούτων
582 4527 838 4579 ἁπάντων
871 4523 1207 4585 συστάσεως.
1240 4521 1331 4573 Διό
1376 4536 1562 4591 φησιν,
1599 4520 1811 4574 Ἠνίκα

213 4617 495 4690 ἡτοίμαζε
535 4618 643 4672 τὸν
693 4616 975 4683 οὐρανὸν,
1022 4612 1440 4683 συμπαρήμην
1472 4609 1659 4676 αὐτῷ·
1689 4607 1811 4676 εἶθ’,

214 4716 295 4779 ὼς
340 4712 542 4781 ἀγαθὸς
587 4711 849 4783 γραφεὺς,
883 4707 982 4770 τὰς
1018 4705 1362 4777 ἁρχετύπους
1415 4703 1557 4765 ἰδέας
1600 4705 1664 4755 ὲκ
1705 4702 1814 4755 τῶν

217 4803 508 4877 πατρικῶν
531 4800 806 4871 λογισμῶν
826 4796 1249 4867 ἀπολαμϐάνων,
1274 4795 1366 4847 ἐπὶ
1388 4794 1487 4857 τὰς
1505 4792 1614 4846 τῶν
1634 4793 1811 4864 ἔργων

214 4896 522 4971 μετέφερεν
549 4894 755 4955 οὐσίας.
795 4889 1031 4943 Τοιαῦτα
1061 4884 1423 4951 ζωοπλαστῶν
1455 4885 1547 4938 καὶ
1582 4884 1813 4953 ὑφιστά-

218 5005 403 5059 μενος,
432 4986 592 5057 όποίᾳ
636 4987 700 5054 τῇ
739 4982 831 5035 τοῦ
867 4980 1078 5053 Πατρὸς
1119 4978 1329 5049 διανοίᾳ
1372 4976 1815 5047 προῦποκείμενα

212 5080 389 5152 ἑώρα.
428 5076 645 5130 Τούτων
680 5076 723 5127 δ’
752 5074 915 5136 αὐτὸς
958 5074 1168 5142 γένοιτο
1195 5070 1404 5141 μάρτυς
1431 5069 1729 5140 ἀξιόχρεως
1755 5069 1812 5120 ἐν

212 5170 573 5241 Εὑαγγελίοις
599 5163 700 5223 ὦδε
726 5169 1013 5223 διδάσκων·
1047 5162 1245 5235 Ἀμὴν,
1269 5160 1434 5233 ἀμὴν
1456 5160 1613 5229 λέγω
1645 5160 1809 5229 ὑμῖν,

1920 1971 2234 2039 symmetria
2262 1983 2553 2037 constaret,
2578 1988 2697 2042 qua:
2726 1984 2781 2030 et
2805 1984 2928 2045 apta
2950 1987 3132 2032 essent
3159 1980 3507 2047 recipiendis,

1920 2060 2282 2127 includendis,
2314 2072 2372 2117 et
2400 2063 2697 2119 conformis
2731 2076 2957 2121 externe
2992 2068 3428 2132 advenientibus,
3455 2080 3511 2123 et

1918 2154 2323 2222 proportionata
2344 2170 2563 2210 cursum
2594 2171 2688 2226 per
2712 2159 2908 2212 coelum
2937 2159 3179 2213 iacturis.
3211 2159 3303 2214 Ille
3328 2170 3507 2214 autem

1918 2239 2010 2307 qui
2067 2240 2132 2294 ad
2179 2250 2404 2308 paterna
2444 2244 2675 2313 cogitata
2713 2246 2962 2301 intuitive
3014 2250 3359 2313 respiciebat,
3414 2248 3507 2318 qui

1919 2330 2069 2383 solus
2095 2329 2212 2397 ejus
2246 2331 2507 2400 profunda
2544 2337 2940 2404 specularetur,
3002 2340 3068 2393 ad
3090 2354 3225 2407 opus
3252 2354 3310 2394 se
3330 2341 3513 2394 accin-

1918 2422 2032 2484 xit,
2086 2424 2167 2477 sui
2221 2427 2389 2493 patris
2443 2428 2661 2481 nutibus
2695 2428 3076 2484 inserviturus.
3137 2430 3286 2485 Unde
3309 2430 3507 2487 alicubi

1918 2512 2120 2565 dictum
2143 2523 2223 2567 est
2248 2532 2263 2567 :
2286 2512 2524 2569 Laudate
2558 2518 2836 2572 Dominum
2889 2521 2952 2572 de
2978 2521 3117 2573 caelis
3148 2538 3166 2575 :
3194 2521 3407 2575 laudate
3442 2520 3510 2573 il-

1918 2601 2027 2655 lum
2074 2604 2128 2656 in
2159 2606 2401 2659 excelsis.
2446 2606 2687 2661 Laudate
2714 2610 2891 2674 illum,
2925 2627 3101 2664 omnes
3141 2612 3316 2679 angeli
3342 2614 3455 2680 ejus
3485 2627 3507 2664 .°

1916 2694 2134 2749 laudate
2164 2713 2302 2761 eum,
2334 2716 2509 2753 omnes
2533 2700 2747 2755 virtutes
2791 2702 2926 2770 ejus.
2970 2701 3210 2756 Laudato
3252 2719 3392 2769 eum,
3426 2706 3508 2757 sol

1916 2796 1963 2837 et
1989 2785 2155 2850 luna;
2196 2788 2415 2842 laudate
2446 2805 2587 2853 eum,
2622 2792 2801 2844 omnia
2836 2793 3014 2845 sidera
3045 2803 3093 2845 et
3124 2792 3238 2845 lux.
3270 2791 3510 2847 Laudato

1914 2890 2055 2941 eum,
2085 2876 2199 2929 caeli
2223 2879 2504 2941 calorum;
2526 2888 2577 2933 et
2616 2898 2770 2951 aqum
2790 2898 2949 2951 supra
2979 2884 3131 2936 caelos
3162 2883 3381 2936 laudent
3415 2900 3510 2937 no-

1915 2982 2033 3020 men
2069 2968 2301 3023 Domini.
2337 2970 2601 3035 Quoniam
2638 2975 2747 3042 ipse
2780 2976 2916 3027 dixit
2951 2984 3001 3027 et
3040 2975 3185 3044 facta
3214 2984 3361 3041 sunt,
3399 2976 3511 3043 ipse

1920 3064 1980 3121 ᾖ
2010 3061 2275 3115 mandavit
2305 3073 2352 3115 et
2378 3075 2555 3117 creata
2582 3066 2787 3120 sunt".
2818 3064 3017 3119 Verum
3051 3067 3332 3121 enimvero
3358 3075 3511 3118 ante.

1917 3166 2078 3220 quam
2119 3152 2315 3208 calum
2360 3153 2499 3206 istud
2526 3154 2703 3217 lieret,
2749 3164 2805 3209 et
2824 3170 2945 3223 qua:
2974 3166 3104 3209 sunt
3133 3169 3299 3224 supra
3327 3158 3507 3210 oculos

1918 3254 1971 3299 et
2016 3258 2138 3313 quae
2206 3244 2260 3298 in
2313 3243 2455 3298 caelo
2507 3244 2655 3312 (nam
2706 3246 2889 3299 omnia
2950 3260 3046 3313 per
3075 3261 3241 3298 unum
3290 3247 3509 3301 condita

1918 3350 2039 3391 esse
2088 3335 2536 3406 demonstratur),
2594 3345 2711 3389 erat
2741 3334 2907 3390 Filius
2957 3336 3071 3400 Dei,
3117 3344 3174 3390 et
3204 3352 3305 3392 suo
3354 3336 3509 3390 Patri

1918 3429 2126 3492 aderat,
2178 3442 2301 3481 cum
2351 3426 2530 3479 adhuc
2586 3426 2851 3494 cogitaret
2901 3426 2968 3479 de
2998 3426 3219 3480 istorum
3264 3426 3509 3483 omnium

1917 3519 2213 3573 creatione.
2246 3516 2374 3572 Ideo
2421 3517 2517 3581 ait,
2555 3515 2688 3571 Cum
2720 3529 2932 3587 pararet
2965 3518 3141 3583 caios,
3192 3519 3240 3572 ei
3267 3519 3507 3572 aderam.

1918 3612 2053 3667 Tum
2090 3626 2219 3666 vero
2272 3620 2527 3681 tanquam
2558 3613 2809 3684 egregius
2858 3614 3077 3682 quidam
3117 3613 3296 3685 pictor
3316 3616 3510 3671 arche-

1917 3712 2097 3773 typos,
2159 3702 2366 3771 species
2416 3706 2483 3757 de
2550 3712 2733 3757 mente
2788 3713 3017 3771 paterno
3073 3703 3389 3771 desumens,
3439 3705 3509 3760 ad

1917 3810 2138 3865 operum
2166 3795 2499 3849 substantias
2528 3792 2908 3848 transferebat.
2934 3793 3085 3847 Talia
3113 3804 3167 3848 et
3195 3796 3265 3848 tal
3292 3799 3507 3852 tsmodt

1916 3901 1980 3941 ea
2026 3884 2284 3955 effingens
2340 3894 2395 3939 et
2435 3884 2767 3953 producens,
2815 3883 3177 3952 qualinsmodi
3219 3886 3274 3939 in
3327 3898 3509 3943 mente

1916 3976 2092 4031 Patris
2127 3976 2557 4041 praeexsistentia
2590 3976 2828 4030 viderat;
2868 3975 3070 4030 Horum
3096 3978 3315 4046 quidem
3353 3980 3509 4037 testis

1916 4065 2019 4120 lide
2051 4065 2253 4135 dignus
2280 4066 2352 4121 sit
2384 4067 2498 4137 ipse
2528 4067 2579 4121 in
2612 4067 2907 4137 Evangelia
2941 4070 3116 4133 aiens,
3140 4070 3323 4133 Amen,
3355 4087 3509 4124 amen

1914 4155 2031 4208 diro
2060 4157 2221 4221 vobis,
2247 4172 2348 4209 non
2370 4166 2533 4226 potest
2552 4154 2724 4211 Filius
2753 4176 2783 4210 a
2812 4161 2979 4227 seipso
3004 4160 3180 4228 facere
3195 4162 3503 4230 quidquam,

1916 4248 2019 4301 nisi
2061 4250 2201 4315 quod
2231 4250 2421 4302 viderit
2474 4248 2693 4301 Patrem
2727 4249 3024 4316 facientem.
3061 4251 3192 4316 Qua:
3216 4264 3392 4323 autem
3416 4253 3508 4306 ille

1914 4339 2062 4407 facit,
2086 4339 2265 4392 eadem
2296 4355 2500 4408 quoque
2553 4338 2799 4393 similiter
2844 4349 2893 4392 et
2942 4338 3294 4407 Filiusfucit.
3346 4341 3510 4395 Pater

1912 4428 2098 4481 etenim
2129 4428 2301 4497 diligit
2330 4426 2554 4493 Filium,
2580 4439 2628 4481 et
2658 4432 2836 4482 omnia
2875 4431 2956 4482 illi
2998 4433 3223 4483 ostendit
3250 4448 3368 4499 qua:
3397 4433 3508 4501 ipse

1916 4520 2043 4590 facit
2067 4519 2383 4589 “.Hicjure
2411 4524 2603 4575 merito
2620 4524 2744 4592 quis
2767 4522 3204 4591 interrogaverit,
3240 4526 3507 4591 quomodo

1917 4628 2003 4678 ea,
2030 4628 2147 4683 quae
2172 4614 2333 4668 Pater
2356 4615 2521 4669 semel
2550 4614 2704 4677 fecit,
2725 4614 2918 4668 iterum
2944 4614 3111 4668 Filius
3141 4618 3330 4669 eadem
3364 4616 3508 4671 fece-

1916 4707 2025 4760 rit?
2056 4706 2346 4773 Quaestioni
2390 4706 2683 4776 respondet
2733 4706 2823 4761 ille
2859 4708 2973 4775 ipse
3020 4709 3273 4775 inquiens
3313 4724 3327 4762 :
3376 4708 3507 4773 Quae

1920 4795 2085 4851 Pater
2106 4798 2256 4866 facit,
2279 4798 2461 4850 eadem
2495 4806 2543 4850 et
2568 4796 2739 4849 Filius
2776 4799 3021 4852 similiter
3043 4800 3194 4867 facit.
3233 4799 3505 4866 Quocirca

1921 4904 2043 4958 quae
2066 4890 2196 4943 facit
2230 4889 2399 4944 Filius
2429 4888 2839 4944 similitudinem
2868 4892 3112 4945 referunt
3135 4907 3361 4961 operum
3411 4908 3503 4945 ar-

1922 4984 2297 5053 cltetyporum.
2351 4997 2471 5052 qua:
2516 4981 2622 5051 jam
2672 4992 2799 5036 ante
2850 4984 2902 5035 in
2952 4984 3268 5036 abscondita
3325 4981 3505 5036 Patris

1922 5085 2103 5129 mente
2131 5074 2439 5129 exstabant.
2480 5074 2609 5140 Quae
2645 5090 2766 5128 cum
2804 5074 2855 5128 in
2894 5086 3073 5128 mente
3112 5086 3333 5144 paterna
3358 5075 3502 5132 indi-

1919 5174 2128 5219 stanter
2152 5171 2428 5219 intueatur
2485 5166 2549 5221 ad
2584 5180 2772 5220 eorum
2791 5164 3199 5220 similitudinem
3225 5176 3501 5235 operatur.

293 5368 353 5427 )3
397 5359 497 5417 Ed.
528 5358 873 5428 Paris.,pag.
912 5355 1037 5414 165.
1127 5354 1172 5385 "
1202 5350 1348 5406 Psal.
1400 5365 1627 5413 csum,
1693 5349 1810 5404 1-5.

1919 5349 1935 5379 ⁵
1985 5348 2141 5404 Joan.
2195 5366 2249 5413 v,
2310 5350 2393 5413 19,
2427 5350 2517 5404 ΞΟ.

288 5522 401 5595 (Η)
432 5519 613 5595 Vulgo
663 5518 926 5589 ἡτοίμασε
974 5516 1099 5577 τοὺς
1153 5511 1417 5585 οὐρανούς
1466 5517 1521 5565 et
1560 5526 1683 5565 mox
1722 5526 1806 5572 τις

209 5590 563 5669 τῶὶθξρρχίξῆ
598 5590 769 5669 hic".
884 5658 909 5666 -
1001 5655 1021 5669 .
1202 5654 1214 5669 .
1364 5650 1387 5669 ι.
1522 5651 1537 5669 .
1654 5650 1671 5669 ι
1726 5651 1767 5669 ,-

288 5615 325 5649 iV
350 5611 451 5716 ἕρ.
488 5611 563 5664 μη
598 5611 769 5667 exn;
884 5658 909 5666 η
1364 5650 1387 5669 ,1
1740 5651 1767 5662 α

288 5668 400 5737 (1.)
425 5663 545 5737 Kal
558 5660 672 5737 πρὸ
698 5676 818 5737 των
837 5676 967 5723 της.
1001 5654 1432 5737 [ῖρκθηιίιειῐηζξυν
1452 5651 1546 5737 καὶ
1576 5650 1679 5721 πρὸ
1706 5668 1803 5736 τῃς

206 5721 328 5793 τῶν
344 5721 586 5807 γενητῶν
597 5721 859 5785 άπάντων
878 5721 942 5780 συ
950 5721 1470 5807 στάσεωςῶν.-ὺ[τ-
1486 5724 1590 5794 Mp.
1620 5721 1805 5792 προὼν

208 5810 315 5881 τῆς
339 5794 478 5859 τῶν.’
504 5802 620 5856 Mox
649 5804 793 5881 vulg.
830 5800 1142 5881 συστάσεως
1168 5794 1264 5881 ῶνζ
1301 5794 1431 5881 ὂιςέ.

287 5866 310 5951 (
322 5878 406 5948 16)
436 5878 545 5931 Καὶ
589 5866 791 5942 παρῆἷί·
814 5868 912 5936 τῷ.
952 5868 1091 5940 Lege
1122 5866 1293 5937 αὐτῷ.
1330 5866 1397 5921 Μ.

1982 5511 2097 5578 (17)
2122 5508 2293 5579 Vulgo
2321 5510 2550 5565 καὶτῶν
2588 5514 2665 5565 ὲν.

1982 5581 2093 5651 (18)
2129 5580 2299 5649 Vulgo
2326 5587 2483 5651 deest
2506 5582 2597 5645 τά,
2632 5580 2776 5651 quod
2806 5580 2917 5650 jam
2956 5581 3248 5651 supplevit.

2012 5650 2093 5725 l9)
2120 5651 2295 5725 Vulgo
2321 5650 2462 5725 [τοῦι
2499 5650 2753 5725 οὐρανοῦ.

2012 5655 2093 5723 l9)
2121 5655 2295 5720 Vulgo
2321 5655 2462 5725 [τοῦι
2499 5655 2753 5724 οὐρανοῦ.

1982 5655 2095 5794 £20)
2126 5724 2312 5794 Παρῆν
2341 5740 2399 5775 τε
2432 5725 2525 5777 καὶ
2558 5723 2721 5793 συνῆν
2756 5721 2837 5775 ἔτι
2886 5720 2992 5793 Μρ.
3019 5741 3033 5788 ;
3075 5737 3198 5777 mox
3242 5720 3410 5793 vulgo

1911 5794 2245 5865 μυοπλαγῶν
2279 5795 2392 5847 καί.
