4032 6438
1256 301 1525 363 EUSEBII
1559 298 2036 361 ωωιιειιειε
2068 296 2131 360 01

2264 297 2443 356 PARS
2475 298 2567 358 IV.
2608 329 2678 343 —
2714 295 3137 358 ΒΟΕΙΔἩΟΔ.
3234 356 3243 359 -

660 428 988 492 eamdemque
1006 420 1366 495 deﬁnisitesse
1380 417 1723 475 substantiam
1742 415 1940 486 Patris,
1954 426 2002 473 et
2016 413 2129 471 Fili

2318 410 2472 495 εἶναι
2511 414 2747 495 rapuere
2777 416 3124 469 ὑπόστασιν
3154 413 3387 485 Πατρός
3416 413 3519 473 καὶ
3547 415 3691 474 Ποῦ
3723 421 3824 477 καὶ

664 512 711 554 st
744 496 969 567 Spiritus
991 494 1175 547 sancti.

661 584 1117 658 Quemadmodum
1139 581 1390 639 etdicere
1412 581 1513 635 tria
1531 594 1671 645 esse,
1696 577 1931 644 Patrem,
1966 586 2021 634 et
2049 575 2143 634 Fi-

2316 485 2490 555 drlov
2520 486 2887 555 Πνεύματος.

2325 574 2415 639 Ὠς
2430 572 2499 630 αὖ
2514 575 2676 631 πάλιν
2694 575 2902 647 xui-(33)
2916 575 2977 630 τὸ
2993 574 3191 645 λέγειν,
3202 576 3271 631 τὰ
3282 575 3411 649 τρία
3427 570 3592 643 εἷναι,
3610 578 3707 634 civ
3721 577 3829 635 Πα-

594 680 720 736 lium
740 686 795 734 et
819 675 1075 746 Spiritum
1095 680 1360 737 sanctum,
1383 667 1599 724 Sabellii
1615 676 1697 723 est
1726 684 1742 721 :
1763 666 1907 736 quod
1923 663 2131 721 lat-cel

2241 666 2380 738 τέρα
2407 668 2616 721 καὶτὸν
2651 668 2780 721 Υἱδν
2814 668 2908 721 καὶ
2948 667 3010 721 τὸ
3051 668 3207 735 ἄτιον
3243 666 3468 740 Πνεῦμα
3491 684 3508 700 ’
3532 668 3826 724 tum

592 771 675 827 lus
695 768 910 838 scriptis
924 766 1034 821 suis
1054 762 1263 820 censuit
1292 779 1306 815 :
1332 779 1352 812 ι
1376 758 1706 829 lmpossibile
1722 756 1987 828 siquidem
2013 766 2145 819 tres.

595 883 616 917 s
646 876 766 933 qua
806 867 927 915 sunt
962 858 1301 927 bypostases,
1331 850 1527 906 unitati
1561 848 1795 914 aduniri,
1848 848 1894 902 si
1936 861 2040 902 non
2086 847 2143 902 in

594 974 616 1008 ι
656 953 844 1026 primis
882 965 912 1003 a
944 947 1169 1003 monade
1221 944 1460 999 Trinitas
1498 941 1830 997 esordiatur.
1862 936 1958 992 Illa
1999 937 2143 993 enim

594 1066 614 1101 s
652 1054 711 1113 s14
746 1050 959 1101 sanctus
983 1039 1179 1095 Paulus
1201 1037 1255 1091 in
1294 1034 1577 1090 monadem
1614 1029 1954 1102 recapitulari
1986 1029 2142 1094 dixit,

593 1159 613 1189 ο
642 1151 760 1208 quae
793 1134 1101 1201 neutiquam
1132 1128 1197 1183 ad
1228 1127 1319 1182 Dei
1351 1126 1608 1180 unitatem
1648 1129 1914 1192 spectant.
1948 1120 2140 1176 Unita-

593 1249 615 1281 s
651 1239 756 1283 tem
783 1226 925 1280 enim
957 1222 1047 1277 Dei
1080 1221 1209 1284 sola,
1234 1217 1466 1273 Verbum
1490 1225 1545 1269 et
1572 1215 1807 1283 Spiritus
1841 1220 2136 1283 spectant.»

590 1317 714 1372 Haec
742 1316 795 1369 in
830 1311 1173 1381 sequentibus
1224 1306 1544 1362 conﬁrmem
1596 1305 1803 1367 nititur,
1849 1302 2137 1371 inquiens:

593 1424 614 1457 ι
650 1405 705 1459 Si
739 1403 939 1457 idcirco
965 1400 1208 1454 videatur
1230 1396 1465 1451 Verbum
1496 1395 1563 1449 de
1600 1394 1759 1449 Patre
1788 1393 2135 1463 processisse,

2242 757 2352 829 7&9
2392 758 2487 811 καὶ
2529 757 2703 813 τοῦτο.
2744 760 2811 814 Ὃ
2846 758 2905 813 δὲ
2941 759 3038 813 καὶ
3080 758 3213 811 αὐτὸ
3245 759 3565 831 Μάρκελλος
3605 754 3716 815 ὧδέ
3750 776 3826 831 πη

2243 848 2570 918 ἀπεφαίνετο
2609 850 2863 922 γράφωνο
2910 868 2931 902 ι
2955 849 3241 903 Ἀδύνατον
3269 851 3378 921 7&9
3399 854 3553 922 τρεῖς
3587 852 3827 906 ὑποστά-

2248 955 2267 989 s
2298 952 2412 1001 σιις
2447 936 2632 1003 οὔσας,
2674 938 2923 993 moueat
2975 940 3197 1009 μονάδι,
3250 941 3303 992 si
3359 940 3435 1012 μὴ
3479 941 3751 1013 πρότερον
3789 943 3823 1012 ἠ

2246 1044 2269 1079 ι
2297 1027 2465 1099 Τριὰς
2492 1028 2591 1099 τὴν
2618 1030 2792 1100 ἀρχὴν
2809 1030 2917 1084 ἀπὺ
2937 1031 3159 1102 μονάδος
3195 1030 3308 1102 ιχοι
3326 1048 3340 1062 ·
3366 1034 3554 1088 ἐκεῖνα
3576 1034 3689 1106 γὰρ
3710 1035 3824 1105 (57)

2248 1135 2266 1167 s
2293 1116 2823 1186 άνακεφαλαιοῦσθαι
2857 1119 3027 1191 ἔφησε
3069 1121 3255 1193 μονάδι
3286 1124 3314 1176 δ
3344 1122 3487 1194 ίερδς
3513 1123 3753 1191 Παῦλος,
3787 1125 3823 1180 ἃ

2245 1227 2265 1260 ι
2299 1209 2462 1281 μηδὲν
2504 1213 2571 1280 τῇ
2612 1211 2823 1281 ἑνότητι
2861 1210 2940 1281 τῷ
2968 1210 3088 1282 Θεῷ
3127 1211 3394 1284 διαφέρει.
3431 1214 3679 1285 Ἑνὸτητι
3713 1215 3823 1289 γὰρ

2245 1317 2264 1351 ι
2294 1299 2530 1367 ὀΔόγος,
2567 1301 2663 1353 καὶ
2698 1300 2760 1353 τὸ
2783 1300 3027 1372 Πνεῦμα,
3064 1299 3144 1370 τῷ
3180 1300 3299 1372 Θεῷ
3329 1301 3578 1373 διαφέρει
3624 1303 3816 1374 μόνα.»

2237 1388 2368 1445 Εἶτα
2382 1393 2634 1463 πειρᾶται
2651 1391 2806 1445 τοῦτο
2819 1391 3243 1455 κατασκευάζειν
3256 1390 3385 1462 ἑξῆς
3402 1391 3609 1463 προῖὼν
3626 1395 3723 1447 καὶ
3736 1394 3823 1447 λό-

590 1512 611 1547 s
651 1505 706 1548 et
734 1492 797 1545 ad
826 1504 922 1546 nos
948 1488 1254 1552 advenisse;
1278 1484 1510 1555 Spiritus
1536 1492 1713 1538 autem
1740 1493 1974 1545 sanctus,
1996 1484 2131 1550 quod

2237 1498 2365 1551 γων’
2412 1500 2431 1532 ι
2457 1483 2522 1534 El
2556 1481 2733 1535 τοίνυν
2758 1483 2786 1535 δ
2829 1480 3000 1549 Λόγος
3019 1480 3260 1550 φαίνοιτο
3281 1481 3342 1546 ἐξ
3369 1482 3537 1535 αὑτοῦ
3577 1483 3675 1536 τοῦ
3708 1484 3821 1537 Πα-

591 1603 611 1637 ι
643 1594 698 1638 et
726 1582 899 1637 fassus
931 1588 1013 1633 est
1039 1576 1301 1639 Asterius,
1351 1589 1381 1628 a
1420 1573 1579 1628 Patre
1605 1572 1897 1641 egreditur.
1927 1570 2136 1626 Rursus

591 1697 611 1730 ι
644 1686 819 1731 autem
855 1673 920 1727 de
944 1670 1143 1740 Spiritu
1176 1667 1435 1723 Servator
1461 1666 1555 1730 ait,
1590 1664 1743 1730 Quod
1772 1680 1874 1717 non
1897 1663 2136 1732 loquetur

2241 1592 2259 1625 ι
2285 1573 2413 1643 τρὺς
2432 1572 2660 1638 ἐξελθὼν
2680 1573 2927 1646 καὶπρὸς
2956 1575 3102 1645 ἡμᾶς
3124 1572 3417 1645 ἐληλυθὼς,
3432 1574 3493 1626 τὸ
3511 1574 3569 1627 δὲ
3590 1574 3819 1645 Πνεῦμα

2240 1683 2260 1716 ι
2291 1665 2353 1718 τὸ
2392 1666 2567 1733 ἅγιον,
2608 1665 2684 1727 ὡς
2714 1664 2809 1719 καὶ
2838 1665 3113 1737 Ἀστέριος
3148 1664 3489 1737 ὡμολόγησε,
3525 1666 3682 1737 παρὰ
3720 1665 3816 1719 τοῦ

588 1785 607 1818 ι
647 1767 712 1819 ds
754 1764 942 1830 seipso,
976 1758 1063 1813 sed
1112 1768 1429 1823 quotcunque
1460 1751 1640 1804 audiet
1690 1750 1929 1817 loquetur
1977 1764 2060 1812 ea,
2085 1756 2131 1799 et

2241 1772 2262 1805 ι
2285 1755 2498 1825 Πατρδς
2517 1754 2892 1826 ἐκπορεύεται·
2911 1750 3065 1818 αὖθις
3083 1771 3144 1807 τε
3165 1756 3393 1825 όΣωτήρ
3420 1771 3553 1825 φησι
3577 1755 3709 1825 περὶ
3722 1754 3816 1808 τοῦ

587 1874 607 1907 s
636 1870 752 1925 qua:
778 1861 992 1906 ventura
1020 1856 1139 1900 sunt
1176 1841 1508 1898 annuntiabit
1538 1841 1700 1893 vobis.
1732 1838 1835 1892 Ille
1865 1854 1943 1892 me
1972 1838 2136 1907 glori-

586 1964 607 1999 ι
646 1943 845 2015 ﬁcabit,
876 1940 1124 2010 quoniam
1166 1936 1229 1988 de
1273 1948 1354 1987 me
1392 1941 1581 1996 suntet,
1612 1941 1662 1984 et
1687 1930 2020 1984 annuntiabit
2044 1943 2133 1981 vo-

586 2055 605 2087 s
640 2036 716 2088 bis
747 2032 813 2086 ⁸⁸.
848 2030 962 2085 Νοιι
995 2029 1082 2084 hic
1106 2034 1251 2081 certe
1286 2024 1501 2093 quidem
1539 2030 1723 2091 aperte
1766 2030 1820 2075 et
1855 2020 2134 2089 perspicue

586 2140 607 2176 ι
640 2131 856 2192 apparet
874 2133 1060 2174 monas
1085 2112 1261 2168 Verbo
1285 2109 1535 2165 ineffabili
1552 2120 1771 2165 extensa
1796 2108 1861 2161 ad
1884 2107 2130 2172 triadem,

586 2233 606 2265 ι
654 2212 960 2279 neutiquam
1008 2220 1132 2261 vero
1179 2203 1456 2258 divisionis
1517 2202 1743 2269 patiens.
1782 2198 1842 2253 Si
1892 2199 2037 2251 enim
2067 2200 2134 2253 de

584 2321 604 2353 ι
635 2300 793 2355 Patre
834 2298 1066 2353 Verbum
1114 2292 1295 2363 egredi
1335 2292 1386 2345 in
1438 2283 1682 2344 confesso
1706 2297 1980 2358 ponatur:
2022 2298 2132 2341 tum

583 2411 603 2443 ι
636 2401 693 2446 et
719 2388 953 2458 Spiritus
1003 2386 1067 2439 de
1091 2383 1282 2439 eodem
1327 2382 1487 2436 Patre
1531 2380 1857 2449 egrediatur.
1882 2378 1949 2431 Et
1977 2378 2021 2432 si
2067 2377 2135 2431 de

581 2499 603 2535 s
638 2481 843 2551 Spiritu
887 2478 1138 2547 loquatur
1181 2472 1482 2528 Servator:
1532 2469 1632 2523 Ille
1668 2469 1733 2524 de
1775 2486 1854 2523 me
1882 2476 2047 2522 sumet
2086 2477 2133 2521 et

583 2593 603 2626 s
637 2570 967 2627 annuntiabit
1011 2568 1175 2628 vobis,
1224 2576 1370 2619 certe
1403 2578 1508 2617 non
1555 2572 1637 2616 est
1690 2562 1743 2613 in
1775 2561 1996 2629 proclivi
2057 2559 2131 2612 ita

581 2683 605 2719 s
638 2664 891 2735 positum,
920 2658 1013 2714 sed
1037 2668 1212 2710 tamen
1237 2654 1609 2709 absconditum
1644 2652 1907 2719 quoddam
1936 2660 2133 2721 mysteo

580 2773 601 2807 s
632 2754 765 2807 rium
802 2750 1085 2804 revelatur.
1113 2745 1244 2798 Nam
1269 2743 1367 2797 nisi
1404 2756 1609 2805 monas,
1639 2740 1979 2795 indivisibilis
2008 2756 2129 2794 cum

578 2865 601 2899 ι
639 2846 729 2908 sit,
767 2843 820 2896 in
865 2840 1089 2895 triadem
1140 2837 1474 2899 dilataretur,
1520 2832 1788 2902 quomodo
1816 2832 1881 2887 de
1927 2831 2129 2900 Spiritu

579 2956 600 2990 s
629 2934 1033 2992 concedendum
1092 2939 1175 2984 est
1228 2928 1493 2982 interdum
1553 2926 1890 2980 Servatorem
1949 2924 2128 2993 loqui,

578 3048 600 3083 s
643 3028 781 3098 quod
816 3024 1070 3091 procedat
1091 3036 1121 3074 e
1146 3018 1334 3083 Patre;
1366 3018 1627 3072 interdum
1659 3031 1805 3081 vero,
1831 3015 1929 3069 Ille
1954 3016 2017 3068 de
2049 3032 2129 3069 me

2241 1846 2411 1925 «Πνεύ
2420 1862 2606 1916 ματος,
2627 1845 2747 1898 ’Ότι
2761 1847 2873 1899 οὐκ
2891 1846 2992 1913 ἀφ’
3012 1844 3226 1898 ἑαυτοῦ
3240 1843 3523 1909 λαλήσει,
3543 1846 3680 1899 ἀλλ’
3698 1844 3817 1898 ὅσα

2240 1955 2259 1987 ι
2282 1938 2548 2001 ἀκούσει,
2581 1936 2867 2002 λαλήσεν
2912 1937 3011 1990 καὶ
3052 1934 3126 1989 τὰ
3161 1936 3456 2006 ἐρχόμενα
3495 1935 3820 2006 ἀναγγελεῖ

2240 2044 2260 2078 ι
2285 2028 2441 2097 ὑμῖν.
2473 2027 2735 2092 Ἐκεῖνός
2748 2042 2825 2095 με
2846 2025 3111 2091 δοξάσει,
3129 2025 3218 2080 δτι
3236 2028 3303 2079 ἐκ
3329 2026 3435 2080 τοῦ
3457 2026 3604 2095 ἐμοῦ
3620 2025 3811 2094 λήψε-

2200 2164 2201 2167 .
2238 2135 2259 2168 ι
2293 2133 2384 2170 ται
2404 2118 2500 2171 καὶ
2527 2118 2840 2188 ἀναγγελεῖ
2856 2116 3016 2187 ὑμῖν.
3039 2117 3114 2170 υὺ
3132 2116 3319 2184 σαφῶς
3341 2117 3436 2169 καὶ
3454 2115 3709 2187 φανερῶς
3728 2116 3813 2169 ἑν-

2239 2226 2257 2259 ι
2295 2207 2468 2261 ταῦθα
2491 2207 2602 2279 (38)
2631 2210 2924 2281 ἀπορρήτῳ
2943 2208 3099 2277 Λόγῳ
3123 2209 3155 2278 ἡ
3189 2204 3357 2277 μονὰς
3378 2206 3652 2275 φαίνεται,
3674 2206 3811 2259 πλα-

2239 2317 2257 2350 t
2292 2301 2554 2370 τυνομένη
2592 2300 2688 2371 μὲν
2730 2302 2811 2363 είς
2842 2299 3055 2370 τρίαδα,
3082 2297 3404 2369 διαιρεῖσθαι
3440 2298 3497 2351 δὲ
3540 2297 3809 2368 μηδαμῶς

2240 2411 2259 2443 ι
2297 2392 2658 2463 ὑπομένουσα.
2703 2392 2767 2445 Ei
2801 2391 2909 2463 7&9
2954 2394 2982 2445 ὁ
3015 2392 3114 2461 μὲν
3142 2391 3312 2459 Λόγος
3352 2392 3417 2443 ὲκ
3457 2389 3553 2444 τοῦ
3593 2390 3810 2461 Πατρὸς

2238 2500 2257 2532 ι
2296 2482 2667 2552 ἐκπορεύεται,
2694 2482 2756 2535 τὸ
2779 2482 2835 2535 δὲ
2860 2482 3083 2553 Πνεῦμα
3108 2483 3200 2535 καὶ
3222 2482 3350 2535 αὐτὸ
3375 2481 3718 2551 ὁμολογεῖται
3744 2483 3809 2534 ὲκ

2238 2589 2256 2622 ι
2290 2571 2382 2624 τοῦ
2412 2571 2623 2642 Πατρδς
2655 2571 3067 2643 ἐκπορεύεσθαι,
3094 2568 3248 2635 αὖθίς
3272 2588 3330 2625 τε
3354 2572 3482 2641 περὶ
3508 2570 3604 2624 τοῦ
3638 2570 3809 2624 Πνεύ-

2237 2678 2256 2712 ι
2298 2678 2464 2731 ματος
2487 2661 2578 2713 τὸν
2607 2661 2829 2731 Σωτῆρα
2849 2662 3025 2729 λέγειν
3045 2677 3060 2690 σ
3111 2661 3375 2726 Ἐκεῖνος
3405 2663 3474 2714 ἐκ
3512 2661 3620 2714 τοῦ
3658 2660 3805 2730 ἐμοῦ

2237 2769 2256 2802 ι
2282 2752 2536 2821 λήψεται
2556 2751 2653 2805 καί
2672 2752 2992 2821 ἀναγγελεῖ
3009 2752 3169 2820 ὑμῖν.
3186 2752 3247 2805 οὐ
3269 2752 3378 2823 7&9
3401 2752 3667 2822 πρόδηλόν
3690 2756 3804 2806 ἐστι

2237 2862 2255 2895 ι
2293 2842 2669 2913 κεκρυμμένον
2703 2843 3175 2896 ἀνακαλύπτεσθαι
3216 2860 3269 2895 τι
3316 2844 3634 2913 μυστήριον.
3680 2843 3805 2906 Πῶς

2236 2952 2257 2986 s
2286 2935 2415 3005 γὰρ,
2446 2938 2492 2987 εί
2520 2934 2592 3004 μὴ
2619 2936 2651 3004 ἡ
2678 2934 2843 3003 μονὰς
2866 2935 3165 3004 ἀδιαίρετος
3185 2930 3319 2989 οὖσα
3346 2936 3425 2997 είς
3449 2935 3644 3006 τριάδα
3670 2934 3805 2988 πλα-

2237 3045 2255 3077 ι
2284 3028 2510 3091 τύνοιτο,
2549 3029 2779 3096 ἐγχωρεί
2816 3027 2975 3078 αὐτὸν
3014 3024 3266 3095 περὶτοῦ
3318 3024 3631 3093 Πνεύματός
3674 3041 3802 3078 ποτε

580 3133 599 3165 s
637 3115 879 3181 accrpiet,
921 3118 970 3164 et
1014 3107 1340 3160 annuntiabit
1386 3106 1528 3158 vobis
1559 3121 1579 3169 ;
1611 3114 1771 3173 atque
1832 3104 2024 3161 iterum
2076 3104 2129 3158 in

2237 3134 2255 3167 s
2298 3116 2394 3184 μὲν
2429 3114 2602 3183 λέγειν
2634 3115 2715 3166 ﬁt
2753 3116 2816 3165 ἐκ
2859 3113 2953 3165 τοῦ
3005 3112 3215 3182 Πατρδς
3260 3113 3638 3184 ἐκπορεύεται,
3674 3114 3801 3167 ποτὲ

582 3225 601 3257 ι
641 3203 930 3273 discipulos
983 3201 1210 3268 spirare,
1256 3206 1311 3252 et
1356 3197 1559 3261 dicere,
1610 3195 1840 3263 Accipite
1872 3193 2127 3263 Spiritum

581 3315 601 3348 s
645 3305 883 3348 sanctum
913 3290 1070 3345 “'"i
1102 3290 1232 3345 Nam
1270 3288 1314 3342 si
1343 3302 1375 3343 e
1400 3286 1561 3341 Patre
1584 3287 1840 3355 procedit,
1865 3287 2131 3354 quomodo

578 3408 600 3439 ι
639 3388 738 3442 hoc
767 3400 794 3437 a
817 3385 951 3439 Filio
969 3379 1323 3435 ministerium
1351 3379 1595 3445 accipere
1614 3392 1709 3445 per
1721 3377 2129 3445 promissionem

577 3495 598 3529 s
634 3471 1112 3546 poteritiNecesse
1142 3479 1225 3523 est
1248 3468 1472 3529 enim,si
1502 3467 1616 3519 dua:
1642 3466 1766 3527 sint,
1798 3475 1855 3518 ut
1886 3465 2131 3519 Asterius

578 3588 599 3620 s
632 3567 861 3628 dicebat,
891 3564 1073 3618 divisa:
1129 3573 1386 3629 personae,
1423 3567 1483 3611 ut
1514 3557 1595 3611 vel
1634 3555 1885 3625 Spiritus,
1925 3555 2017 3625 qui
2063 3555 2129 3611 de

578 3679 597 3710 s
635 3659 791 3713 Patre
824 3654 1088 3725 procedit,
1114 3667 1219 3707 non
1244 3651 1480 3718 indigeat
1511 3664 1539 3702 a
1564 3646 1699 3702 Filio
1732 3646 2010 3701 iunctione
2036 3645 2131 3700 de-

577 3769 596 3802 ι
626 3751 796 3818 legata
836 3747 1012 3816 aliqua
1044 3744 1189 3815 (nam
1228 3742 1369 3810 quod
1388 3744 1453 3796 de
1480 3739 1638 3794 Patre
1662 3738 1905 3808 procedit
1955 3736 2131 3790 omni-

577 3861 597 3892 s
631 3855 701 3893 no
726 3836 1026 3892 necessario
1060 3831 1352 3903 perfectum
1408 3841 1511 3892 est,
1566 3844 1665 3886 nee
1703 3829 1864 3883 ullius
1905 3827 2128 3882 alterius

579 3948 597 3980 s
640 3929 841 3997 indiget
891 3925 1144 3991 auxilio);
1176 3932 1267 3977 aut
1300 3923 1343 3977 si
1396 3922 1460 3975 de
1503 3920 1638 3974 Filio
1673 3919 1948 3989 procedat,
1975 3928 2030 3971 et
2062 3915 2128 3969 ab

578 4040 595 4070 ι
634 4020 725 4074 illo
748 4028 943 4079 sumat,
976 4026 1027 4069 et
1068 4014 1294 4085 gratiam
1333 4013 1397 4066 de
1429 4012 1571 4065 illius
1602 4010 1898 4063 ministerio
1934 4022 2128 4076 suppe-

576 4130 596 4162 ι
620 4113 772 4174 ditet,
810 4126 912 4164 non
940 4111 1049 4179 jam
1082 4118 1138 4162 ut
1168 4108 1232 4160 de
1252 4105 1411 4159 Patre
1442 4104 1831 4173 progrediatur.
1865 4119 1883 4151 ι
1916 4099 1980 4152 Ει
2011 4107 2128 4167 post

570 4203 675 4255 alia
700 4201 995 4255 subiufert:
1022 4220 1039 4251 ι
1066 4201 1121 4256 Si
1148 4196 1491 4263 Eva’ngeiium
1512 4193 1823 4262 dixitquod,
1848 4191 1937 4245 ubi
1959 4190 2127 4258 inspi-

575 4311 596 4343 s
628 4303 839 4346 raverat
865 4296 916 4346 in
946 4292 1256 4360 discipulos,
1275 4289 1428 4350 dixit,
1466 4286 1695 4352 Accipite
1734 4281 1984 4351 Spiritum
2006 4297 2128 4333 san-

2239 3223 2257 3255 ι
2286 3205 2342 3257 δὲ
2386 3203 2593 3271 λέγειν,
2639 3202 2891 3269 Ἐκεῖνος
2937 3205 3005 3257 ἐκ
3046 3202 3153 3256 τοῦ
3196 3202 3344 3272 ἐμοῦ
3391 3203 3653 3271 λήψεται
3701 3205 3802 3258 καί

2239 3314 2257 3345 ι
2288 3293 2601 3361 ἀναγγελεῖ
2628 3294 2789 3362 ὑμῖν.
2818 3291 2980 3357 Αὖθίς
2994 3310 3053 3346 τε
3068 3294 3457 3365 ὲμφυσήσαντα
3488 3297 3600 3359 τοῖς
3628 3296 3801 3366 ιιαθηο

2236 3403 2255 3436 ι
2286 3387 2426 3447 ταῖς,
2449 3382 2664 3437 Λάϐετε
2689 3384 2928 3453 Πνεῦμα
2959 3384 3149 3452 ἅγιον,
3185 3385 3495 3455 είρηκέναι;
3535 3386 3660 3449 Πῶς
3692 3398 3800 3457 γαρ

2234 3494 2253 3525 ι
2296 3474 2344 3525 εί
2384 3475 2449 3527 ὲκ
2484 3473 2577 3526 τοῦ
2608 3474 2819 3545 Πατρὸς
2852 3472 3207 3545 ἐκπορεύεται
3240 3476 3390 3546 παρὰ
3411 3474 3506 3528 τοῦ
3538 3475 3672 3529 Υίοῦ
3700 3476 3800 3548 τὴν

2235 3586 2255 3619 ι
2291 3567 2562 3621 διακονίαν
2592 3566 2795 3639 ταύτην
2821 3568 3085 3622 διακονεῖν
3118 3569 3547 3637 ἑπαγγέλλεται;
3582 3571 3799 3641 ἀνάγκη

2233 3677 2254 3709 s
2292 3659 2399 3730 7&9
2422 3661 2469 3711 εἰ
2494 3659 2587 3713 δύο
2602 3659 2971 3729 διαιρούμενα,
2992 3658 3067 3722 ὡς
3097 3660 3370 3732 Ἀστέριος
3384 3661 3510 3731 ἔφη,
3531 3664 3798 3732 πρόσωπα

2235 3768 2254 3800 ι
2293 3749 2401 3819 εἴη,
2438 3749 2472 3819 ἢ
2516 3748 2576 3801 τὸ
2618 3748 2839 3819 Πνεῦμα
2879 3752 2942 3802 ἐκ
2987 3748 3071 3803 τοῦ
3114 3750 3326 3821 Πατρδς
3369 3752 3798 3823 ἐκπορευόμενον

2235 3856 2253 3888 ι
2298 3838 2372 3908 μὴ
2401 3838 2605 3891 δεῖσθαι
2636 3839 2736 3907 τῆς
2762 3840 2912 3911 παρὰ
2948 3839 3042 3893 τοῦ
3073 3841 3202 3893 Υίοῦ
3235 3842 3509 3905 διακονίας
3535 3846 3668 3913 (πᾶν
3691 3844 3798 3915 7&9

2234 3942 2254 3974 s
2293 3925 2357 3976 ὲκ
2390 3924 2601 3995 Πατρδς
2617 3926 3047 3998 ἐκπορευόμενον
3068 3930 3271 3982 τέλειον
3286 3926 3677 4005 εἶναιάνάγκη,
3695 3952 3798 4005 μηδ

2233 4033 2252 4065 ι
2293 4015 2477 4085 δαμῶς
2491 4016 2880 4087 προσδεόμενον
2900 4019 2997 4089 τῆς
3014 4022 3142 4091 παρ’
3162 4021 3347 4091 ἐτέρου
3366 4022 3664 4094 βοηθείας),
3686 4026 3795 4094 (59)

2234 4122 2253 4154 ι
2283 4106 2316 4175 ἢ
2352 4107 2398 4157 εί
2421 4106 2567 4177 παρὰ
2601 4105 2693 4158 τοῦ
2724 4106 2854 4159 Υίοῦ
2900 4108 3194 4177 λαμϐάνει,
3228 4112 3320 4163 καὶ
3352 4114 3416 4164 ἐκ
3443 4113 3541 4182 τῆς
3590 4116 3797 4171 ἐκείνου

2235 4213 2253 4246 ι
2292 4195 2567 4266 δυνάμεως
2602 4196 2868 4269 διακονοίη
2905 4198 3004 4270 τὴν
3036 4200 3194 4271 χάριν
3232 4204 3427 4272 μηκέτι
3455 4204 3521 4257 ἐκ
3549 4205 3643 4257 τοῦ
3685 4208 3797 4260 Πα-

2233 4304 2253 4336 r
2287 4287 2412 4355 τρὸς
2425 4287 2829 4357 ἐκπορεύεσθαι.
2857 4307 2875 4339 ι
2897 4291 3005 4342 Καὶ
3021 4292 3139 4361 μεθ’
3158 4293 3318 4364 ἔτερα
3333 4295 3527 4364 ἁπάτει
3542 4296 3678 4367 (ιον
3696 4317 3717 4349 s
3738 4300 3799 4354 El

576 4404 594 4434 ι
635 4394 799 4446 ctum,
832 4393 977 4451 patet
1006 4382 1145 4449 quod
1178 4380 1243 4433 de
1271 4378 1443 4432 Verbo
1467 4376 1839 4446 progrediatur
1871 4372 2125 4441 Spiritus.

2237 4395 2254 4425 ι
2287 4376 2342 4428 δὲ
2391 4376 2450 4428 τὸ
2494 4376 2818 4445 Εὑαγγὲλιον
2861 4378 2942 4431 δτι
2986 4380 3307 4451 ὲμφυσήσας
3350 4385 3464 4446 τοῖς
3506 4386 3795 4458 μαθηταῖς,

575 4495 594 4526 s
633 4476 910 4542 Quomodo
962 4474 1149 4542 igitur,
1198 4472 1242 4525 si
1297 4470 1362 4524 de
1406 4466 1582 4521 Verbo
1625 4466 1888 4534 procedit,
1944 4478 2129 4517 rursus

2240 4484 2258 4516 ι
2294 4466 2511 4519 Λάϐετε
2560 4469 2799 4539 Πνεῦμα
2848 4468 3037 4539 ἅγιον,
3073 4470 3264 4541 ἔφησε,
3312 4471 3552 4541 δηλονότι
3595 4476 3661 4529 ὲκ
3705 4477 3795 4530 τοῦ

576 4588 593 4618 s
629 4569 768 4621 idem
805 4576 858 4620 et
888 4567 953 4619 de
990 4564 1151 4617 Patre
1183 4557 1590 4631 progrediatur?
1628 4576 1644 4608 ι
1679 4557 1929 4624 Adjungit
1977 4553 2130 4606 dein-

570 4674 725 4726 ceps:
751 4677 769 4709 ι
798 4657 970 4710 Minus
996 4671 1124 4723 ergo
1149 4662 1313 4714 recte,
1346 4652 1520 4703 minus
1551 4650 1936 4703 convenienter
1966 4644 2123 4705 dixit,

576 4769 593 4800 s
636 4762 743 4803 tres
791 4763 910 4803 esse
956 4748 1269 4817 bypostases
1306 4760 1320 4796 ς
1369 4756 1469 4795 nec
1512 4740 1641 4793 illud
1690 4752 1793 4791 una
1833 4737 1971 4800 vice,
2029 4735 2123 4789 sed

2241 4573 2259 4605 t
2300 4557 2467 4624 Λόγου
2493 4559 2552 4611 τὸ
2568 4558 2793 4628 Πνεῦμα
2821 4559 3038 4629 ἐξῆλθε·
3070 4559 3186 4623 πῶς
3210 4556 3323 4625 οὖν,
3344 4564 3394 4614 εί
3418 4564 3484 4616 ὲκ
3506 4563 3601 4617 τοῦ
3626 4566 3795 4633 Λόγου

2239 4664 2257 4696 ι
2293 4646 2350 4698 τὸ
2365 4646 2582 4716 Πνεῦμα
2603 4648 2856 4719 προῆλθε,
2872 4649 3032 4701 πάλιν
3055 4649 3115 4702 τὸ
3133 4650 3262 4703 αὐτὸ
3285 4653 3351 4703 ὲκ
3368 4651 3459 4704 τοῦ
3477 4654 3690 4725 Πατρὺς
3712 4658 3799 4710 h-

2239 4754 2256 4785 ι
2297 4737 2596 4807 πορεύεται.
2612 4756 2630 4788 ι
2650 4740 2756 4790 Καὶ
2772 4738 3093 4810 προστίθησι
3109 4738 3226 4810 μεθ’
3242 4740 3423 4811 ἑτερα-
3455 4743 3600 4797 ιοὺκ
3625 4744 3797 4816 ὀρθῶς

644 4931 703 4989 at
732 4922 1054 4991 Ed.'Paris.,
1098 4939 1220 4995 pag.
1256 4921 1379 4977 168.
1452 4921 1495 4952 ⁸⁸
1527 4918 1680 4974 Joan.
1711 4934 1821 4986 xvi,
1848 4919 1933 4982 l5,
1963 4920 2054 4974 14.
2127 4927 2131 4950 ε

2237 4919 2421 4975 'Joan.
2454 4935 2545 4982 xx,
2573 4918 2665 4974 22.

642 5082 753 5155 (36)
780 5088 851 5137 To
890 5084 1109 5156 λέγειν,
1153 5083 1225 5138 τὰ
1259 5082 1392 5156 τρία
1444 5081 1615 5156 εἶναι.
1658 5078 1921 5156 lﬂimirum
1960 5100 2123 5156 unum

570 5151 1005 5221 mammam
1030 5154 1218 5209 Deum.
1258 5152 1372 5205 Νῦν
1403 5151 1469 5221 μὲ

2295 5083 2405 5153 (38)
2463 5078 2792 5156 Ἆπορῤήτῳ
2851 5079 3045 5156 Λόγῳ.-
3106 5078 3305 5156 Forte.
3361 5081 3663 5156 ἀπορρήτῳ
3739 5086 3796 5140 at

1474 5169 1521 5214 ν,
1561 5152 1635 5223 ᾡς
1664 5149 1901 5223 Πατέρα,
1937 5154 2031 5207 νῦν
2067 5156 2126 5209 δὲ

2237 5149 2395 5223 Λόγῴ
2413 5162 2469 5207 ιιι
2498 5164 2692 5223 sensus
2724 5150 2816 5209 sit.
2849 5164 2956 5203 non
2993 5152 3081 5223 liic
3100 5151 3318 5223 quidem
3363 5149 3647 5223 aperte‘ei
3684 5170 3797 5208 ma-

566 5216 823 5287 ὼ;’Υίόν’
842 5222 936 5275 νῦν
973 5222 1139 5286 dtuli;
1166 5220 1387 5291 Πνεῦμα
1405 5216 1572 5288 ’ἅγιον
1585 5216 1926 5291 διῷέγεάθαι
1946 5263 1961 5283 ,
1991 5226 2131 5278 dixit

2237 5216 2445 5287 nileste,
2474 5219 2853 5291 θεά-ψευδής)
2882 5216 3132 5291 (ιυρᾴαηί
3146 5216 3412 5291 loquendi
3438 5222 3597 5277 modo
3617 5224 3798 5279 unitas

572 5293 868 5365 Sabellius,
909 5304 969 5346 ut
1004 5292 1188 5359 Bssil.,
1223 5288 1449 5362 epistola
1482 5292 1575 5345 64.
1611 5290 1681 5343 Μ.
1715 5316 1786 5331 -
1815 5292 1933 5346 Mox
1972 5294 2131 5365 vulgo
2231 5294 2443 5346 videtur
2478 5292 2531 5365 in
2568 5288 2886 5365 Trinitatem
2934 5288 3179 5365 dilatata.
3229 5289 3284 5343 Id
3310 5293 3462 5365 enim
3509 5297 3792 5360 sequentia

569 5364 737 5433 ducpﬂ
751 5363 1015 5433 .γράφων.

639 5432 750 5504 (37)
769 5429 1390 5504 XTWWOOM.
1409 5429 1609 5498 Opinor
1625 5432 1848 5504 respicit
1870 5432 2063 5501 Ephes.
2084 5448 2125 5495 I,

574 5498 663 5562 10,
730 5498 817 5555 ubi
873 5498 1062 5569 Apost.
1118 5502 1194 5553 ait
1244 5502 1421 5555 Omnia
1496 5498 1849 5568 recolligenda
1902 5498 2020 5557 esse
2071 5504 2123 5555 in

570 5570 802 5639 Christo,
858 5573 933 5625 τὰ
975 5572 1046 5625 ἐν
1100 5571 1224 5635 τοῖς
1281 5570 1573 5639 οὐρανοῖς,
1626 5571 1725 5623 καί
1773 5571 1846 5626 τὰ
1887 5573 1985 5625 ἐπὶ
2015 5570 2127 5639 τῆς

572 5636 705 5705 τῆς,
748 5656 867 5708 quae
897 5652 1044 5693 certe
1087 5636 1481 5694 sanctissimam
1536 5644 1792 5694 unitatem
1839 5636 2125 5695 Trinitatis

575 5724 677 5763 non
702 5711 1070 5778 respiciebant.
1093 5710 1161 5764 Ι.
1194 5739 1261 5751 --
1286 5710 1415 5765 Dein
1458 5711 1613 5779 vulgo
1638 5710 1789 5779 ἅγιον
1834 5713 1929 5765 καὶ
1972 5713 2117 5765 Ἀστ.

2234 5365 2445 5430 docent,
2481 5359 2602 5427 οὐχ).
2638 5355 2901 5430 πρόδηλόν
2957 5358 3096 5418 ἔστι,
3150 5369 3256 5430 etc.
3302 5357 3431 5430 Qua!
3474 5355 3795 5430 sequuntur,

2235 5429 2543 5486 (irae-orum
2572 5442 2820 5497 errorem
2849 5428 2918 5482 de
2941 5428 3294 5497 processione
3346 5428 3585 5497 Spiritus
3621 5433 3797 5487 sancti

2238 5495 2749 5649 T'gn“,
2782 5564 3258 5649 T@IW6Mt.
3295 5566 3453 5649 lit-seat
3489 5578 3546 5625 et
3570 5569 3650 5627 sic
3665 5568 3722 5642 ἢ,
3747 5571 3795 5625 sl

2232 5634 2424 5693 ὶκ’τοῦ
2446 5634 2605 5707 ίΥίοῦ.
2644 5634 2716 5707 Μ.
2748 5664 2818 5676 -
2849 5636 2937 5705 (Ei
2962 5634 3092 5707 add.
3127 5651 3192 5689 ex
3228 5636 3411 5707 codd.)

2301 5708 2412 5781 (40)
2441 5706 2607 5777 Vulgo
2629 5706 2753 5776 ἔφη,
2785 5715 2839 5761 et
2858 5700 2994 5762 ἰιιοι
3014 5700 3151 5760 εἶναι
3183 5704 3373 5776 φῆσαι.
