4032 6510
308 559 431 618 ὶθθθ

1256 554 1343 609 DE
1389 554 1930 610 ECCLESIASTICA
1973 548 2372 607 TilEOLOGlA
2410 544 2535 601 LIB.
2583 543 2663 600 ιιι.

3471 536 3608 598 1010

313 694 330 725 ι
366 674 725 742 Παράκλητοςτ
746 660 815 717 δν
835 668 959 737 ἐγὼ
994 668 1195 739 πέμψω
1222 669 1348 738 ὑμῖν
1368 668 1516 739 παρὰ
1546 667 1639 721 τοῦ
1672 668 1885 739 Πατρὸς

2019 665 2288 720 hibiturus
2330 672 2471 728 erat,
2519 662 2687 717 alium
2736 666 2791 714 et
2847 657 3165 713 distinctum
3220 658 3289 712 ab
3318 656 3434 727 ipso
3462 674 3605 714 esse.

319 784 336 814 ι
370 763 428 815 τὸ
461 762 683 831 Πνεῦμα
713 752 821 826 τῆς
865 759 1149 831 ἀληθείας,
1180 760 1209 811 ὃ
1242 759 1392 830 παρὰ
1437 758 1530 811 τοῦ
1567 759 1780 830 Πατρδς
1818 762 1908 811 ὲκ-

312 874 331 904 σ
366 854 676 922 πορεύεται,
710 852 921 915 ἐκεῖνος
955 853 1293 923 μαρτυρήσει
1321 852 1450 921 περ).
1486 851 1644 921 ἐμοῦ,
1685 871 1702 902 ι
1733 850 1797 903 δι’
1832 845 1906 903 ὧν

306 944 564 997 ἁπάντων
610 938 796 1009 σαφῶς
844 942 1175 1011 παρίστησιν
1216 943 1422 993 ἐκεῖνον
1471 939 1561 991 τὸν
1602 939 1693 992 ὑπ’
1739 939 1905 991 αὑτοῦ

297 1033 810 1105 πεμπόμενονίκαὶ
838 1032 930 1085 τὸν
964 1032 1225 1102 μέλλοντα
1258 1033 1385 1103 περὶ
1414 1031 1580 1085 αὐτοῦ
1605 1033 1906 1103 μαρτυρεῖν

294 1125 493 1195 ἕτερον
528 1119 669 1177 εἶναι
707 1125 833 1193 παρ’
855 1124 1066 1175 ἑαυτόν.
1110 1122 1566 1194 Ἐπεξεργάξεται
1598 1123 1653 1175 δὲ
1690 1123 1783 1176 τὸν
1815 1123 1905 1174 λό-

285 1229 399 1280 γον
434 1213 514 1265 ἔτι
541 1213 765 1280 μᾶλλον,
803 1215 897 1265 καὶ
929 1212 997 1264 δι’
1022 1206 1097 1264 ὧν
1143 1212 1407 1280 ἐπιλέγει,
1450 1213 1565 1265 ἀλλ’
1606 1213 1754 1281 Ἐγὼ
1790 1212 1905 1279 τὴν

285 1304 597 1370 ἀλήθειαν
620 1304 778 1373 λέγω
812 1303 974 1372 ὑμῖν,
1005 1303 1295 1372 συμφέρει
1329 1304 1472 1373 ὑμῖν
1506 1306 1607 1357 ἵνα
1641 1304 1756 1375 ἐγὼ
1789 1305 1903 1357 ἀετ-

279 1395 477 1460 έλθω,
509 1396 619 1449 ἐὰν
648 1398 757 1465 γὰρ
783 1396 869 1463 μὴ
896 1394 1157 1458 ἀπέλθω,
1183 1398 1215 1449 ὀ
1242 1395 1638 1465 Παράκλητος
1670 1398 1779 1450 οὐκ
1806 1397 1901 1464 ἕρ-

280 1504 469 1555 χεται
490 1488 641 1555 πρὸς
671 1485 841 1555 ὑμᾶς.
894 1488 1036 1539 Ἐὰν
1062 1486 1129 1538 δὲ
1151 1486 1443 1556 πορευθῶ,
1476 1486 1691 1556 πέμψω
1716 1486 1903 1541 αὐτὰ·

278 1578 457 1646 πρὸς
481 1576 655 1647 ὑμᾶς.
708 1578 986 1630 Ἀπελθεῐν
1012 1579 1067 1630 δὲ
1099 1579 1293 1632 ἑαυτὸν
1316 1578 1489 1646 λέγων
1525 1578 1584 1630 ἐν
1607 1578 1818 1641 τούτοις
1840 1595 1901 1630 τε

278 1671 356 1722 ’τὸ
406 1670 577 1732 πάθος
622 1668 816 1722 ἑαυτοῦ
846 1670 1108 1740 ἐσήμαινε
1150 1672 1243 1723 καὶ
1275 1670 1370 1740 τὴν
1404 1670 1544 1740 μετά
1571 1669 1733 1722 τοῦτο
1765 1670 1902 1740 πρὸς

278 1760 395 1814 τὸν
433 1761 649 1832 Πατέρα
687 1760 889 1815 ἄνοδον.
924 1761 1020 1823 Τίς
1052 1758 1147 1814 οὖν
1181 1761 1353 1825 οὕτως
1386 1750 1612 1831 ἠλίθιος,
1651 1762 1727 1825 ὡς
1763 1761 1901 1831 μετὰ

276 1854 571 1908 τοσαύτας
604 1853 789 1924 φωνὰς
826 1850 923 1907 ἕνα
959 1854 1053 1906 καὶ
1086 1853 1179 1906 τὸν
1212 1854 1373 1906 αὑτὸν
1406 1850 1546 1907 εἶναι
1575 1855 1761 1923 φάναι.
1796 1853 1900 1905 Τὸν

276 1944 475 2000 ταῦτα
505 1945 731 2014 λέγοντα
754 1947 849 1999 καὶ
875 1944 967 1997 τὸν
998 1944 1125 2015 περὶ
1146 1938 1207 1999 οὗ
1239 1944 1390 1997 ταῦτ’
1420 1944 1626 2013 ἔλεγεν,
1680 1944 1897 1999 ἀκούων

277 2036 470 2090 αὐτοῦ
503 2037 689 2106 σαφῶς
721 2037 1093 2108 διοριζομένου
1116 2036 1213 2109 τὴν
1236 2038 1496 2107 ἀλήθειαν
1521 2037 1773 2106 φάσκειν,
1803 2039 1897 2090 καὶ
1930 2023 1970 2076 Β

278 2125 386 2189 τίς
423 2128 455 2197 ἡ
482 2127 707 2197 ἀλήθεια
739 2126 1111 2199 παριστῶντος
1151 2128 1226 2192 ὼς
1254 2130 1301 2181 εἰ
1342 2127 1416 2199 μὴ
1446 2127 1676 2181 ἀπέλθοι
1709 2129 1894 2191 αὐτὸς,

285 2218 473 2291 μὴάν
515 2222 645 2274 ποτὲ
673 2221 815 2287 ἕξειν
846 2221 908 2273 τὸ
948 2220 1101 2290 ἅγιον
1150 2221 1395 2293 Πνεῦμα.
1435 2224 1499 2276 Ei
1537 2222 1594 2275 δέ
1636 2240 1767 2276 ποτε
1796 2224 1897 2295 μὲν

279 2311 393 2366 τὸν
447 2313 665 2384 Πατέρα
710 2314 946 2385 πέμψειν
987 2315 1049 2368 τδ
1095 2314 1322 2384 Πνεῦμα
1360 2314 1424 2368 τὺ
1464 2315 1641 2383 ἅγιον,
1673 2314 1804 2369 ποτὲ
1838 2315 1894 2368 δὲ

280 2403 492 2458 ἑαυτὸν
519 2405 829 2477 διορίζεται,
852 2408 953 2460 οὐκ
972 2407 1188 2461 ἐναντία
1212 2406 1449 2479 δήπουθε
1471 2407 1731 2462 διδάσκειο
1758 2409 1894 2463 πάν-

283 2511 370 2548 τα
419 2495 528 2568 γὰρ
565 2499 665 2551 ὅσα
709 2499 775 2553 ἂν
808 2499 980 2571 βλέπῃ
1012 2500 1103 2553 τὸν
1135 2499 1355 2571 Πατέρα
1397 2498 1676 2564 ποιοῦντα,
1719 2500 1896 2555 ταῦτα

284 2588 501 2657 ὁμοίως
534 2591 627 2643 καὶ
667 2593 694 2644 ό
730 2591 855 2655 Υἱὸς
885 2594 1057 2645 ποιεῖ’
1101 2592 1194 2646 καὶ
1227 2590 1410 2655 καθὼς
1441 2590 1651 2657 ἀκούει,
1697 2591 1889 2663 κρίνει.

292 2681 417 2751 (56)
443 2684 533 2735 Διδ
560 2686 625 2754 τῇ
647 2683 741 2737 τοῦ
764 2685 975 2755 Πατρδς
1003 2684 1202 2756 κρίσει,
1224 2684 1314 2737 ὅτε
1336 2682 1703 2754 καῖ’βούλεται
1732 2685 1761 2737 ὁ
1784 2686 1895 2741 Πα-

290 2768 423 2841 τηρ.
444 2771 743 2841 τηνικαῦτα
764 2773 793 2826 ό
815 2773 942 2837 Υἱὸς
967 2776 1061 2827 καὶ
1080 2774 1147 2827 δι’
1174 2773 1336 2828 αὑτοῦ
1364 2776 1393 2828 ό
1419 2772 1607 2844 Σωτὴρ
1630 2771 1895 2827 άποστέλο

291 2862 383 2916 λει
402 2863 517 2925 τοῖς
545 2862 658 2933 (57)
681 2863 847 2917 αὐτοῦ
876 2854 1148 2935 μαθηταῖς
1177 2864 1239 2918 τὸ
1257 2864 1481 2935 Πνεῦμα
1511 2865 1609 2936 τῆς
1634 2864 1894 2937 ἀληθείας

292 2950 364 3005 τὸ
394 2951 775 3023 Παράκλητον,
798 2952 936 3024 πρὸς
969 2954 1031 3007 τὸ
1067 2953 1407 3026 παρακαλεῖν
1430 2953 1629 3018 αὐτοὺς
1657 2955 1752 3008 καὶ
1785 2972 1891 3007 πα-

301 3040 665 3113 ραμυθεῖσθαι
714 3044 798 3112 ἐφ’
821 3038 904 3107 οἷς
929 3045 1295 3116 κηρύττοντες
1332 3044 1394 3097 τὸ
1424 3044 1756 3114 Εὑαγγέλιον
1785 3046 1891 3100 ὑπὸ

2013 758 2333 812 Sermonem
2377 769 2510 808 vero
2552 753 2731 806 adhuc
2773 749 3006 819 amplius
3045 751 3413 820 promovendo
3450 766 3607 820 pera-

2010 849 2106 919 git,
2131 848 2258 902 dum
2292 844 2562 902 subinfert
2589 864 2601 900 :
2631 844 2742 915 Ego
2765 845 3037 898 veritatem
3068 843 3211 898 vobis
3245 844 3383 910 dico,
3411 844 3609 898 condit-

2008 941 2079 993 cit
2108 941 2248 994 vobis
2287 949 2344 993 ut
2386 955 2478 1010 ego
2523 939 2731 994 abeam.
2780 935 2922 992 Nam
2950 936 2998 991 si
3017 953 3111 1005 ego
3141 951 3245 990 non
3271 936 3471 1003 abiero,
3494 932 3607 989 Pa-

2008 1031 2237 1086 racletus
2268 1031 2357 1085 ille
2387 1047 2489 1085 non
2516 1032 2681 1085 veniet
2703 1030 2773 1083 ad
2794 1046 2919 1094 vos;
2943 1030 3084 1099 quod
3107 1029 3152 1084 si
3179 1044 3454 1096 recessero,
3483 1043 3605 1084 eum

2006 1138 2101 1192 ego
2137 1122 2208 1175 ad
2236 1136 2324 1175 vos
2356 1122 2565 1174 mittam
2587 1121 2654 1173 ".
2697 1119 2832 1175 Cum
2871 1134 2929 1175 se
2974 1118 3246 1173 abiturum
3290 1118 3451 1186 dixit,
3479 1133 3603 1189 pas-

2007 1215 2215 1269 sionem
2249 1229 2401 1267 suam
2430 1212 2516 1267 hic
2559 1212 2861 1267 insinuavit
2895 1227 2909 1263 :
2940 1218 2996 1264 et
3023 1218 3147 1281 post
3186 1209 3332 1265 illam
3369 1211 3602 1266 reditmn

2007 1321 2166 1361 suum
2196 1306 2261 1360 ad
2298 1287 2711 1371 PatremQQuis
2761 1303 2875 1373 jam
2923 1303 3060 1358 adeo
3106 1303 3321 1367 delirat,
3376 1312 3432 1357 ut
3480 1310 3604 1372 post

2009 1409 2087 1453 tot
2129 1414 2289 1454 voces
2323 1408 2377 1452 et
2430 1406 2612 1452 tantas
2644 1412 2810 1451 unum
2852 1396 3214 1463 eumdemqne
3244 1404 3399 1465 putet
3447 1393 3599 1449 illum

2007 1502 2148 1553 esse,
2203 1488 2297 1557 qui
2351 1489 2451 1541 ista
2506 1485 2767 1556 loquitur,
2808 1494 2862 1540 et
2895 1484 3045 1538 illum
3106 1484 3308 1555 dequo
3347 1484 3602 1539 dicuntur

2007 1579 2130 1644 ista,
2167 1577 2437 1649 praecipue
2469 1593 2593 1633 cum
2627 1576 2775 1631 illum
2816 1578 2990 1647 ipsum
3032 1575 3254 1632 disertis
3288 1575 3473 1631 verbis
3516 1576 3600 1631 di-

2005 1681 2218 1726 centem
2265 1670 2474 1734 audiat,
2529 1684 2589 1725 se
2641 1670 2827 1725 dicere
2877 1669 3191 1735 veritatem,
3224 1658 3280 1722 et
3307 1667 3598 1722 veritatem

2006 1762 2173 1831 illam,
2210 1777 2331 1833 quae
2359 1771 2524 1829 esset,
2576 1769 2959 1830 exponentem,
3002 1761 3261 1815 nimirum
3293 1759 3438 1830 quod
3491 1758 3595 1814 nisi

2003 1855 2185 1911 abiret
2222 1856 2358 1925 ipse,
2399 1854 2716 1911 Paracletus
2751 1869 2857 1909 non
2899 1854 3134 1909 veniret.
3167 1852 3321 1920 Quod
3361 1852 3405 1907 si
3428 1865 3597 1921 oppo-

2005 1954 2165 1999 natur
2194 1947 2397 2001 dictum
2426 1960 2548 2001 esse
2572 1946 2867 2011 interdum,
2898 1944 3117 2001 Patrem
3144 1946 3436 2000 missurum
3473 1960 3595 2001 esse

1999 2045 2249 2091 sanctum
2294 2036 2555 2107 Spiritum
2593 2054 2608 2091 :
2640 2037 2909 2093 interdum
2952 2051 3082 2093 vero
3129 2038 3441 2107 ipsummet,
3482 2053 3591 2093 non

2000 2130 2115 2199 ipse
2139 2130 2242 2185 sibi
2284 2131 2373 2184 hic
2415 2130 2691 2186 contraria
2721 2131 2899 2187 docet.
2930 2128 3125 2186 Omnia
3159 2130 3305 2186 enim
3340 2146 3460 2202 qua!
3506 2132 3590 2188 vi-

1999 2222 2141 2276 derit
2190 2221 2406 2278 Patrem
2465 2222 2775 2287 facientem,
2817 2222 3009 2277 eadem
3049 2209 3303 2278 similiter
3342 2233 3393 2279 et
3422 2222 3591 2280 Filius

2003 2317 2062 2376 >14
2101 2311 2268 2369 facit:
2307 2322 2361 2369 et
2384 2314 2842 2384 quemadmodum
2876 2313 3055 2379 audit,
3084 2314 3155 2368 ita
3174 2314 3401 2385 judicat.
3444 2318 3593 2384 Quo-

1999 2405 2144 2461 circa
2184 2408 2486 2462 secundutn
2530 2405 2794 2475 iudicium
2847 2405 3052 2473 Patris,
3086 2418 3142 2462 et
3174 2406 3337 2464 Pater
3373 2411 3591 2479 quando

1998 2497 2131 2561 vult,
2160 2508 2215 2554 et
2247 2508 2359 2552 tum
2383 2513 2506 2552 cum
2542 2497 2674 2553 velit
2697 2496 2869 2553 Filius
2904 2496 3165 2555 Servatur
3198 2510 3384 2555 noster
3415 2520 3428 2555 :
3458 2503 3589 2556 mit-

1999 2587 2061 2641 tit
2090 2588 2156 2641 ad
2192 2587 2483 2655 discipulos
2503 2602 2633 2643 suos
2667 2588 2916 2656 Spiritum
2947 2588 3195 2644 veritatis
3225 2588 3587 2662 Paracletum,

1996 2678 2087 2746 qui
2122 2677 2438 2752 παρακάλῃ,
2491 2676 2544 2733 id
2573 2686 2657 2733 est
2696 2677 3029 2743 consoletur,
3077 2679 3366 2747 confortet,
3408 2691 3461 2739 et
3487 2684 3589 2737 ad-

1998 2769 2245 2824 ltortetur
2282 2783 2378 2825 eos
2418 2771 2486 2826 ad
2515 2772 2789 2843 patienter
2823 2770 3189 2828 suﬂ‘ereudum
3226 2772 3279 2828 ln
3310 2772 3588 2846 Evangelii

1995 2859 2431 2927 annuntiatione,
2467 2870 2691 2931 propter
2713 2875 2875 2929 quam
2913 2871 3071 2927 erant
3107 2864 3440 2933 exagitandi.
3476 2863 3590 2921 Nec

1992 2949 2061 3003 ad
2092 2947 2214 3004 illos
2255 2950 2600 3007 solummodo
2630 2951 3019 3016 consolandos,
3073 2952 3167 3009 sed
3222 2953 3589 3010 instituendos

1993 3042 2215 3113 insuper
2250 3042 2303 3098 in
2336 3045 2485 3099 omni
2523 3045 2750 3100 veritate
2792 3045 2913 3100 novi
2958 3044 3204 3111 fmderis,
3240 3062 3402 3119 quam
3448 3049 3588 3103 reci-

293 3130 409 3186 τῶν
430 3130 762 3187 ἐλαυνόντων
787 3135 983 3198 αὐτοὺς
1010 3134 1267 3206 ἔπασχον.
1297 3136 1371 3225 Of:
1402 3135 1561 3204 μόνον
1583 3135 1640 3190 δὲ
1664 3136 1801 3210 πρὸς
1831 3138 1892 3191 τὸ

1999 3150 2121 3205 pere
2149 3150 2180 3191 a
2230 3135 2475 3192 doctrina
2520 3135 2829 3193 Servatoris
2865 3154 2971 3193 non
3002 3148 3114 3193 tum
3149 3148 3422 3208 poterant,
3459 3156 3585 3197 cum

294 3224 638 3296 παρακαλεῖν
658 3227 873 3293 αὐτοὺς,
903 3227 1037 3294 am:
1074 3227 1169 3283 καὶ
1204 3224 1341 3300 πρὸς
1364 3228 1425 3281 τὸ
1447 3228 1660 3296 διδάξαι
1689 3232 1886 3297 αὐτοὺς

1999 3228 2133 3283 inter
2158 3228 2304 3298 ipsos
2355 3238 2687 3292 versaretur,
2728 3245 2794 3285 eo
2824 3230 2964 3299 quod
2990 3228 3229 3286 Judaicm
3258 3234 3587 3306 pmdagogiat

297 3319 480 3370 πᾶσαν
513 3317 612 3390 τὴν
657 3317 915 3389 ἀλήθειαν
967 3320 1067 3389 τῆς
1105 3321 1303 3392 καινῆς
1348 3321 1637 3392 διαθήκης,
1676 3322 1745 3393 ἢν
1790 3324 1892 3378 οὐκ

1999 3319 2344 3374 inservirent.
2400 3317 2528 3374 Haec
2580 3320 2757 3389 reipsa
2806 3319 3120 3389 adimplevit
3180 3332 3304 3390 post
3349 3338 3504 3379 suam
3553 3343 3583 3391 ιι

298 3407 539 3479 ἐχώρουν
557 3409 667 3481 (58)
718 3410 823 3464 ὑπὸ
846 3411 942 3465 τοῦ
978 3411 1230 3484 Σωτῆρος
1262 3412 1628 3477 διδάσκεσθαι,
1655 3416 1892 3487 ὁπηνίκα

295 3499 473 3555 ταῦτα
486 3501 668 3568 αὐτοῖς
684 3502 877 3575 ὡμίλει
890 3502 980 3558 διὰ
995 3504 1057 3557 τὸ
1074 3502 1153 3559 ἔτι
1166 3506 1232 3576 τῇ
1248 3504 1515 3578 Ἰουδαϊκῇ
1534 3505 1893 3563 δεδουλῶσθαι

299 3593 513 3665 ἀγωγῇ.
536 3593 722 3648 Ταῦτα
746 3596 804 3649 δὲ
833 3596 1016 3669 ἔργοις
1038 3597 1280 3670 ἐπλήρου
1308 3598 1448 3669 μετὰ
1474 3600 1571 3668 τὴν
1595 3600 1658 3651 ἐκ
1681 3599 1891 3672 νεκρῶν

297 3683 594 3740 ἀνάστασιν
622 3688 810 3753 αὐτοῦ,
843 3690 963 3762 μεθ’
994 3691 1060 3765 ἢν
1083 3682 1252 3747 είπῶν
1291 3693 1359 3763 τῇ
1398 3692 1609 3763 Μαρίᾳ,
1643 3690 1739 3758 Μή
1769 3709 1891 3761 μου

296 3774 513 3842 ἅπτου,
539 3780 705 3855 οὕτω
717 3783 827 3850 γὰρ
842 3782 1184 3850 ἀναϐέϐηκα
1204 3781 1353 3851 πρὸς
1375 3783 1483 3837 τὸν
1499 3767 1729 3852 Πατέρα
1743 3802 1887 3853 μου.

298 3869 640 3925 Μετὰταῦτα
672 3874 807 3945 (58')
850 3876 947 3931 am
981 3876 1045 3950 δὴ
1085 3876 1431 3948 ἀνεληλυθώς
1468 3878 1604 3950 πρὸς
1638 3877 1730 3930 τὸν
1774 3878 1889 3931 Πα-

294 3961 450 4030 τέρα,
471 3967 583 4029 τοῖς
609 3965 877 4036 μαθηταῖς
890 3967 1070 4041 ὤφθη,
1088 3969 1185 4024 τοῦ
1216 3970 1376 4039 ἁγίου
1400 3968 1543 4023 Πνεύ
1553 3984 1723 4040 ματος
1755 3969 1892 4023 ἀπε-

298 4053 596 4125 σταλμένον
631 4058 726 4110 καὶ
742 4060 991 4124 συνόντος
1007 4060 1191 4127 αὑτοῦ,
1210 4060 1428 4132 ὲτοιμοῦ
1456 4078 1516 4114 τε
1541 4060 1890 4132 παρεστῶτος

295 4143 550 4213 εἰς(58⁴⁴)
580 4146 647 4217 ἣν
674 4146 933 4205 τέτακται
978 4151 1275 4219 διακονίαν,
1310 4152 1399 4205 ὅτε
1416 4153 1510 4204 καὶ
1526 4150 1763 4220 ἅψασθαι
1787 4152 1888 4204 αὺ-

292 4234 391 4291 τοῦ
415 4238 721 4310 ἐπιτρέπει.
770 4237 906 4293 Τότε
948 4242 1059 4314 γὰρ
1091 4242 1276 4306 αὐτοῖς
1301 4241 1604 4313 ἐνεφύσησε
1644 4242 1739 4295 καὶ
1766 4241 1889 4294 τότε

297 4328 465 4401 μέρος
483 4346 536 4382 τι
561 4331 900 4404 χαρίσματος
928 4333 1023 4387 τοῦ
1058 4334 1219 4404 ἁγίου
1248 4333 1567 4405 Πνεύματος
1597 4334 1801 4398 αὐτοῖς,
1827 4332 1889 4385 τὺ

291 4419 396 4491 τῆς
444 4422 693 4490 ἀφέσεως
752 4424 861 4479 τῶν
902 4426 1321 4498 ἁμαρτημάτων
1364 4405 1645 4498 ποιητικὸν
1677 4424 1882 4478 ἐδίδου·

291 4510 587 4583 διαιρέσεις
622 4513 732 4585 γάρ
777 4516 1133 4587 χαρισμάτων
1174 4516 1311 4571 εἰσὶν
1346 4510 1422 4571 ὧν
1455 4518 1520 4568 ἐκ
1552 4514 1751 4589 μέρους
1786 4514 1887 4584 μὲν

1994 3413 2225 3467 mortuis
2265 3412 2745 3477 resurrectionem,
2779 3427 2907 3469 cum
2953 3412 3136 3471 Maria
3177 3416 3406 3484 diceret,
3454 3416 3586 3475 Noti

1994 3519 2074 3557 me
2110 3511 2350 3574 tangere,
2396 3503 2633 3559 nondum
2652 3506 2795 3559 enim
2817 3508 3033 3561 accendi
3054 3509 3125 3561 ad
3150 3504 3371 3564 Patrem
3410 3528 3583 3566 meum

1992 3602 2038 3646 et
2070 3592 2287 3647 Patrem
2335 3595 2655 3650 vestrum".
2710 3595 2978 3666 Deinceps
3013 3613 3142 3654 vero
3195 3608 3452 3671 tanquam
3488 3604 3583 3673 qui

1993 3686 2316 3739 ascenderat
2348 3686 2415 3740 ad
2453 3685 2697 3751 Patrem,
2730 3689 2880 3744 visus
2928 3699 3013 3745 est
3039 3692 3321 3762 discipulis
3357 3696 3494 3761 suis,
3527 3698 3582 3753 in

1993 3775 2252 3830 missione
2275 3775 2515 3847 Spiritus
2536 3778 2737 3843 sancti,
2764 3788 2819 3834 et
2848 3794 2973 3835 cum
3006 3782 3073 3836 iis
3111 3784 3451 3855 versabatur,
3489 3802 3587 3857 pa-

1993 3876 2281 3937 ratumque
2310 3883 2370 3923 se
2399 3868 2668 3936 exhibuit,
2705 3871 2795 3941 qui
2833 3871 2887 3927 in
2914 3870 3035 3928 Filii
3085 3873 3364 3933 iunctione
3393 3893 3583 3934 recen—

1989 3970 2223 4024 seretur,
2271 3962 2490 4030 quaudo
2539 3971 2593 4016 et
2628 3963 2777 4035 tangi
2832 3979 2893 4020 se
2936 3965 3005 4021 ab
3047 3960 3153 4023 iiiis
3208 3969 3579 4039 permittebat.

1989 4048 2142 4104 Tunc
2182 4050 2313 4119 ipsis
2351 4049 2644 4106 insulilavit
2680 4072 2693 4108 :
2728 4063 2785 4109 et
2834 4063 2964 4113 tunc
3005 4058 3242 4127 Spiritus
3269 4060 3581 4132 portionem

1990 4140 2056 4195 iis
2088 4141 2408 4211 impertivit,
2434 4159 2558 4198 cum
2602 4144 2915 4202 facultatem
2947 4149 3210 4205 tribueret
3239 4164 3463 4221 peccata
3493 4169 3576 4209 re-

1989 4233 2260 4288 ntittendi.
2312 4235 2451 4290 Suut
2481 4237 2681 4291 etenim
2723 4239 3018 4296 divisiones
3046 4242 3346 4312 gratiarum
3386 4261 3399 4298 :
3443 4260 3581 4316 qua-

1990 4341 2109 4381 rum
2136 4337 2346 4396 partem
2382 4338 2495 4384 tum
2535 4329 2605 4386 iis
2632 4331 2950 4401 impertivit,
2975 4348 3098 4390 cum
3130 4350 3253 4390 cum
3293 4337 3361 4393 iis
3388 4352 3579 4393 veru-

1988 4426 2179 4476 retur:
2227 4428 2349 4491 post
2398 4420 2515 4475 haec
2544 4421 2736 4493 majori
2780 4424 2952 4480 multo
2980 4436 3036 4481 et
3074 4426 3383 4494 perfectiori
3427 4442 3579 4499 pote-

1990 4516 2132 4563 state
2155 4508 2470 4579 aditnplevit
2494 4527 2510 4565 :
2535 4510 2602 4567 de
2628 4528 2732 4583 qua
2759 4514 2977 4571 dicebat
3012 4518 3077 4571 iis
3103 4518 3156 4572 in
3194 4518 3424 4577 Actibus
3453 4535 3581 4591 apo-

292 4601 475 4666 αὐτοῖς
498 4604 772 4675 ἐδωρεῖτο,
805 4608 926 4661 τότε
955 4609 1129 4663 συνὼν
1157 4611 1252 4666 καὶ
1272 4607 1463 4683 παρὼν
1494 4609 1678 4671 αὐτοῖς
1722 4606 1880 4664 Μετὰ

1999 4598 2218 4664 ttolieis,
2264 4598 2370 4655 Vos
2406 4602 2669 4671 recipietis
2721 4615 3027 4671 potestatem
3060 4622 3125 4660 ea:
3170 4606 3300 4674 alto,
3338 4626 3581 4677 superve-

290 4692 349 4747 δι
378 4692 548 4748 ταῦτα
581 4695 827 4765 μείζονος
854 4700 1053 4764 αὐτοὺς
1092 4700 1187 4755 καὶ
1219 4699 1331 4772 (59)
1363 4699 1695 4773 τελεωτέρας
1718 4698 1883 4751 δυνά-

292 4799 442 4856 μεως
488 4785 759 4860 ἐπλήρου·
799 4790 929 4863 περὶ
961 4788 1030 4864 ἧς
1057 4795 1116 4846 ὲν
1154 4795 1277 4858 ταῖς
1321 4791 1562 4865 Πράξεσι
1605 4789 1714 4843 τῶν
1746 4791 1884 4847 ἀπο·

291 4878 495 4935 στόλων
526 4883 660 4953 πρὸς
688 4885 885 4949 αὐτοὺς
906 4885 1035 4957 ἔφη,
1075 4882 1274 4955 ’Υμεῖς
1296 4884 1365 4938 δὲ
1386 4883 1456 4949 ἐξ
1478 4884 1678 4952 ὕψους
1700 4881 1884 4935 δύνα-

283 4985 395 5040 μιν
428 4970 790 5039 ἐπελθόντος
834 4976 941 5031 τοῦ
975 4978 1149 5046 ἁγίου
1191 4979 1536 5047 Πνεύματος
1575 4974 1669 5044 ἐφ’
1700 4973 1877 5043 ὑμᾶς,

289 5060 383 5115 δτι
410 5061 505 5115 καὶ
529 5063 904 5136 βαπτήσεσθαι
930 5068 1127 5132 αὐτοὺς
1159 5069 1217 5121 ὲν
1242 5068 1523 5139 Πνεύματι
1547 5067 1688 5137 ἁγίῳ
1708 5067 1880 5134 ἐπηγ-

292 5150 535 5222 γέλλετο,
563 5154 593 5208 δ
628 5156 693 5227 δὴ
733 5157 827 5211 καὶ
854 5159 986 5213 αὐτὸ
1012 5159 1317 5232 ἐπληροῦτο
1360 5158 1500 5231 μετὰ
1538 5157 1637 5228 τὴν
1680 5155 1880 5225 ἀνάλη-

289 5242 386 5314 ψιν
431 5245 596 5300 αὺτοῦ
643 5246 757 5319 (60)
790 5248 933 5324 κατὰ
961 5250 1060 5322 τὴν
1106 5252 1320 5325 ἡμέραν
1364 5252 1464 5321 τῆς
1498 5249 1878 5319 Πεντηκοστῆς

1986 4691 2160 4748 nieute
2193 4692 2248 4746 in
2276 4708 2364 4747 vos
2396 4690 2602 4762 Spiritu
2645 4705 2830 4754 sancto
2860 4696 2926 4750 ’⁸.
2950 4696 3180 4765 Quando
3199 4709 3257 4754 et
3295 4700 3580 4769 baptizan-
3689 4712 3695 4720 '

1985 4783 2084 4837 dos
2126 4784 2346 4839 eosdem
2403 4786 2455 4839 in
2503 4784 2707 4855 Spiritu
2748 4798 2942 4845 sancto
2989 4790 3361 4859 promittebat.
3420 4792 3578 4859 Quod

1985 4874 2164 4945 ipsum
2213 4887 2333 4946 post
2370 4881 2747 4935 ascensionem
2786 4898 2942 4938 suam
2985 4884 3333 4953 implebantur,
3386 4886 3440 4941 in
3489 4888 3579 4945 die

1987 4964 2358 5033 Pentecostes.
2405 4971 2571 5026 misso
2598 4988 2765 5041 super
2812 4989 2925 5043 eos,
2958 4978 3416 5046 quemadmodum
3455 4968 3574 5036 edi-

1989 5070 2143 5115 xerat
2178 5062 2313 5132 ipse,
2348 5062 2555 5133 Spiritu
2583 5076 2794 5125 sancto.
2835 5068 2972 5124 Cum
3000 5084 3132 5126 vero
3156 5070 3308 5127 locus
3331 5075 3434 5127 iste
3458 5089 3579 5127 ma-

1981 5151 2087 5221 jori
2122 5154 2389 5213 adhuc'et
2430 5159 2711 5228 perspicua
2765 5161 2939 5231 magis
2965 5172 3126 5231 egeat
3164 5163 3573 5231 dilucidattone,

1988 5260 2095 5300 non
2124 5257 2211 5302 est
2237 5262 2599 5319 opportunum
2642 5255 2693 5307 iu
2722 5255 2975 5324 pra'senti
3005 5257 3058 5310 in
3078 5270 3199 5310 eam
3257 5256 3576 5312 incumbere

366 5426 426 5487 ’Β
458 5423 555 5480 Ed.
600 5390 799 5489 Paris"
833 5442 957 5499 pag.
995 5428 1116 5483 179..
1151 5429 1369 5501 "Joan.
1406 5448 1521 5496 xvt,
1552 5432 1602 5487 7.
1677 5433 1724 5465 "
1757 5432 1915 5490 Joan.
1948 5451 2039 5501 xx,
2069 5438 2154 5492 l7.
2219 5440 2267 5471 “
2290 5442 2409 5496 Act.
2440 5457 2480 5505 I,
2505 5440 2561 5496 8.

518 5585 614 5671 Διῤ
642 5585 867 5671 τῇλτοῦ
894 5588 1123 5657 Πατρός
1154 5592 1369 5671 κρίσειζ
1424 5595 1722 5671 Sequentia
1764 5597 1881 5671 [ubi

292 5651 468 5735 delevi
500 5655 592 5709 καί
625 5651 761 5735 post_
788 5676 969 5735 τηνικ.
1016 5651 1150 5735 ξοιιὶιι
1172 5651 1369 5735 imum]
1404 5651 1529 5735 sic,-
1564 5651 1883 5735 opinerrle—v

292 5726 962 5812 εεὲιάιιἈτηνικαῦτα⁷κα⁸ι
1010 5728 1079 5783 δι’
1123 5731 1289 5785 αὐτοῦ
1329 5726 1369 5787 δ’
1400 5734 1530 5801 Υιδς
1556 5726 1653 5791 xui
1690 5726 1879 5812 Σωτὴρ

290 5794 633 5853 ἀποστέλλει.
669 5796 740 5852 Η.

368 5845 927 5939 ρξ’)ῑῑιῃςῑέαυεοδ.

364 5933 481 6076 με)
521 5933 688 6056 Vulgo
718 5938 827 6001 διά.
851 5950 904 5994 ει
929 5956 1047 5994 mox
1083 5943 1148 5995 ἐκ
1178 5942 1287 5997 τῶν
1315 5944 1545 6019 νεκρῶν.

387 6003 459 6061 58
483 6024 503 6076 )
540 6005 621 6062 Vu
644 6024 711 6076 go
732 6008 797 6076 δὴ
818 6007 932 6064 an.

483 6024 503 6079 )
549 6023 711 6081 vulgo
732 6023 797 6080 οη
818 6023 932 6064 ατε.

2050 5605 2413 5677 (58·⁶)ΑΥυΙεο
2435 5606 2581 5661 Υἱόν.

2050 5673 2203 5750 (59)
2226 5673 2417 5750 Vulgo
2449 5676 2719 5746 τελειωτ.,
2762 5689 2834 5750 et
2868 5693 2994 5733 mox
3046 5679 3205 5750 ὑμεῖς
3254 5678 3403 5750 λήψ.)
3440 5675 3572 5734 Dein

1980 5746 2550 5821 νυιςσὲπηγγείλετο,
2580 5751 2725 5819 quod
2760 5748 2952 5805 saltem
2988 5746 3111 5805 esse
3141 5746 3372 5805 debebat
3392 5749 3572 5819 ἐπηγ-

1978 5832 2217 5883 γειλατο.
2326 5855 2338 5863 ι
2759 5843 2761 5847 ⁴

2072 5889 2164 5962 βο)
2210 5886 2378 5961 Vulgo
2429 5892 2588 5962 μετά,
2636 5900 2692 5946 ει
2730 5904 2851 5945 mox
2904 5886 3186 5955 ὑπεξιέναι
3242 5897 3297 5945 et
3350 5887 3480 5945 ἐπεὶ
3513 5888 3576 5946 δι
3630 5925 3636 5935 ο

1981 5974 2135 6031 ea“.
