4032 6488
288 508 424 567 ibi;

1213 503 1302 562 DE
1339 503 1891 564 εοειεειΑετιοΑ
1928 504 2327 564 τηεοιοςυι
2363 504 2492 563 LIB.
2534 505 2622 563 ill.

3429 506 3569 564 10H

288 626 349 681 ιι
391 622 675 694 animm
708 612 987 691 δυνάμεις
1033 614 1143 673 εἷεν
1190 618 1258 673 ἂν
1292 619 1620 690 πνεύματα·
1680 620 1736 673 Ὀ
1775 618 1887 693 γάρ

2005 636 2107 676 :um
2161 621 2480 692 mysterium
2524 620 2655 675 illud
2703 620 3127 690 regenerationis
3167 623 3218 676 in
3257 622 3395 691 ipso,
3437 638 3570 692 apo-

293 715 481 771 κοιῶν
522 714 659 779 τοὺς
705 708 1011 780 ἀγγέλους
1056 708 1244 766 αὑτοῦ
1291 711 1604 780 πνεύματα
1648 710 1882 781 εἴρηται.

306 810 451 865 Ἀλλ’
467 808 620 863 οὐδὶν
640 802 844 860 τούτων
871 804 1180 871 ἐξισοῦσθαι
1199 802 1425 857 δύναται
1446 802 1523 873 τῷ
1544 802 1887 875 Παρακλήτῳ

288 900 581 971 Πνεύματι
600 915 614 929 ·
651 897 731 953 διὸ
762 899 829 968 τῇ
863 895 996 968 ἁγίςιι⁵
1028 897 1125 950 καὶ
1156 895 1536 967 τρισμακαρίᾳ
1567 894 1757 966 Τριάδι
1786 894 1885 965 μό-

288 1009 385 1046 ιον
420 989 581 1044 τοῦτο
622 988 1128 1058 συμπαρείληπται,
1163 986 1266 1036 οὐκ
1296 983 1471 1047 άλλως
1503 983 1598 1036 τοῦ
1634 982 1887 1054 Σωτῆρος

281 1087 409 1147 τοῖς
455 1081 774 1144 ἀποστόλοις
824 1078 987 1134 αὐτοῦ
1035 1076 1428 1148 διαταξαμένου
1469 1077 1531 1129 τὸ
1581 1076 1881 1147 μυστήριον

278 1174 397 1245 τῆς
448 1172 869 1243 παλιγγενεσίας
912 1172 1076 1223 πᾶσιν
1128 1172 1241 1232 τοῖς
1286 1168 1345 1232 ἐξ
1392 1166 1563 1220 ἐθνῶν
1594 1167 1674 1231 είς
1719 1166 1880 1219 αὐτὸν

278 1265 622 1321 πιστεύουσι
671 1263 1045 1334 παραδιδόναι,
1081 1261 1115 1331 ἢ
1151 1259 1515 1331 βαπτίζοντας
1556 1260 1753 1322 αὐτοὺς
1803 1259 1885 1321 είς

279 1358 355 1413 τὸ
403 1358 575 1429 ὄνομα
624 1356 722 1411 τοῦ
765 1355 974 1425 Πατρδς
1016 1355 1108 1407 καὶ
1149 1352 1247 1406 τοῦ
1284 1352 1415 1405 Υἱοῦ
1452 1352 1548 1405 καὶ
1589 1350 1684 1403 τοῦ
1732 1351 1887 1419 ἁγίου

279 1449 650 1522 Πνεύματος·
677 1446 770 1501 τοῦ
804 1448 901 1518 μὲν
927 1447 1141 1517 Πατρὸς
1160 1443 1545 1507 αὐθεντοῦντος
1571 1444 1662 1496 καί
1688 1442 1892 1514 δωρου-

280 1540 470 1613 μένου
496 1540 595 1611 τὴν
627 1540 808 1609 χάριν,
852 1538 945 1592 τοῦ
983 1538 1039 1591 δὲ
1070 1536 1196 1591 Υἱοῦ
1232 1536 1405 1606 ταύτῃ
1438 1534 1855 1606 διακονουμένου
1875 1548 1889 1563 ⁶

295 1631 379 1686 Ἡ
406 1632 519 1701 γὰρ
548 1629 719 1699 χάρις
746 1629 842 1682 καί
885 1629 923 1695 ἠ
967 1626 1217 1694 ἀλήθεια
1259 1626 1357 1680 διὰ
1408 1624 1601 1693 Ἰησοῦ
1629 1622 1888 1692 Χριστοῦ

278 1721 564 1791 dre-rato,
596 1719 691 1774 τοῦ
723 1720 780 1773 δὲ
812 1720 967 1788 ἁγίου
994 1716 1328 1789 Πνεύματος,
1352 1716 1556 1787 δηλαδὴ
1584 1714 1677 1769 τοῦ
1706 1716 1891 1783 Παρα-

1985 713 2141 769 stolis
2171 715 2478 779 mandaret,
2510 713 2580 768 iis
2615 712 2709 784 qui
2746 714 2812 769 de
2859 714 3113 782 gentibus
3150 718 3435 772 crederent
3479 735 3572 773 an-

1987 803 2826 873 nuntiandum,tradidit,quam
2878 814 2935 857 ut
2986 804 3330 875 baptizarent
3378 806 3431 859 in
3475 822 3575 861 non

1985 894 2127 949 mine
2162 894 2361 960 Patris,
2405 904 2461 950 et
2501 894 2647 957 Filii.
2690 904 2747 950 et
2798 892 3036 964 Spiritus
3082 897 3281 950 sancti.
3318 902 3378 961 ili
3409 897 3575 954 Patre

1984 985 2322 1055 principante
2345 1001 2374 1039 a
2400 986 2581 1055 seipso
2611 994 2665 1043 et
2694 987 2922 1056 gratiam
2960 986 3240 1057 largiente.
3276 987 3413 1043 Filio
3448 1005 3574 1043 vero

1987 1091 2106 1130 eam
2140 1077 2368 1147 gratiam
2401 1077 2820 1132 administrante
2854 1095 2868 1131 :
2900 1075 3090 1133 Gratia
3124 1080 3262 1133 enim
3296 1088 3345 1133 et
3382 1080 3575 1133 veritas

1984 1184 2077 1237 per
2115 1167 2297 1221 Iesum
2341 1167 2608 1223 Christum
2634 1169 2699 1223 ἰ.
2738 1168 2940 1238 Spiritu
2977 1179 3155 1225 autem
3191 1180 3382 1225 sancto
3410 1171 3575 1224 nimi-

1984 1270 2101 1309 rum
2158 1256 2247 1309 illo
2281 1255 2557 1311 Paracleto
2594 1272 2713 1311 eam
2764 1260 3081 1322 exbibente.
3108 1261 3406 1315 secundum
3448 1275 3578 1331 grao

1988 1348 2181 1402 tiaram
2210 1349 2280 1403 ab
2316 1350 2434 1418 ipso
2477 1350 2791 1405 divisiones.
2826 1349 2929 1406 Uni
2972 1352 3176 1407 etenim
3213 1352 3373 1407 alicui
3417 1354 3579 1406 datur

1992 1437 2227 1494 Verbum
2270 1441 2549 1508 sapientia;
2585 1459 2598 1494 :
2639 1442 2729 1496 alii
2787 1441 3019 1498 Verbum
3071 1443 3462 1512 intelligentiae,
3493 1460 3570 1499 se-

1993 1532 2227 1586 cundum
2283 1534 2532 1587 eumdem
2569 1532 2830 1601 Spiritum
2865 1553 2879 1589 :
2921 1534 3075 1588 alteri
3117 1534 3249 1591 ﬁdes
3284 1536 3335 1590 in
3387 1538 3577 1592 eodem

1998 1622 2203 1691 Spiritu
2240 1634 2335 1681 :et
2366 1640 2485 1695 qua:
2528 1626 2734 1695 reliqua
2780 1627 2850 1681 ad
2895 1626 3056 1681 istum
3102 1627 3319 1682 modum
3360 1643 3579 1685 enume-

2000 1725 2213 1771 rantur.

284 1814 530 1886 κλήτου,
561 1812 723 1868 αὑτοῦ
752 1813 903 1877 ὄντος
940 1812 1035 1866 τοῦ
1078 1810 1482 1883 χορηγουμὲνου
1531 1808 1669 1862 κατὰ
1729 1808 1831 1871 τὰς
1893 1810 1951 1861 ὲν
1990 1807 2138 1878 αὐτῷ
2183 1809 2475 1881 διαιρέσεις
2520 1810 2628 1863 τῶν
2660 1809 3038 1883 χαρισμάτων·
3085 1801 3131 1877 ᾧ
3188 1812 3287 1880 μὲν
3334 1812 3440 1880 γὰρ
3493 1813 3581 1867 διὰ

285 1905 401 1958 τοῦ
444 1904 760 1976 Πνεύματος
792 1904 993 1958 δίδοται
1041 1902 1196 1970 λόγος
1226 1900 1438 1969 σοφίας,
1467 1899 1613 1969 ἁλλῳ
1644 1898 1699 1950 δὲ
1731 1897 1898 1966 Λόγος
1939 1899 2193 1967 γνώσεως
2234 1900 2375 1953 κατὰ
2428 1902 2490 1955 τὸ
2552 1902 2684 1956 αὐτὸ
2719 1901 2963 1974 Πνεῦμα·
2998 1902 3170 1975 ἑτέρῳ
3200 1904 3382 1969 πίστις
3415 1907 3473 1959 ὲν
3504 1904 3583 1975 τῷ

294 1996 461 2066 αὐτῷ
526 1997 825 2068 Πνεύματι,
891 1995 985 2048 καὶ
1054 1994 1121 2047 τὰ
1170 1994 1380 2056 τούτοις
1438 1989 1899 2061 κατηριθμημένα
1936 1992 2157 2061 ὁμοίως.

950 2086 1107 2141 ΚΕΦ.
1158 2088 1248 2141 C'.

294 2178 513 2243 Ὅπως
534 2178 572 2243 ἡ
592 2177 921 2241 Ἐκκλησία
943 2175 1071 2244 περὶ
1093 2119 1323 2238 Πιῖτρὸς
1342 2171 1590 2244 nminat?
1606 2170 1704 2225 καί
1720 2169 1893 2240 ἁγίου

556 2242 901 2316 Πνεύματος
934 2242 1177 2314 seper-air
1214 2242 1641 2311 παραδίδωσιν.

376 2339 451 2392 Th
484 2339 584 2409 μὲν
605 2333 698 2390 οῦν
725 2338 879 2404 ἆγιον
914 2335 1137 2405 Πνεῦμα
1172 2336 1351 2405 μόνοις
1381 2334 1557 2401 ἁγίοις
1588 2333 1896 2403 ἐμφιλοχω-

302 2434 426 2505 ρεῖν
472 2430 703 2499 πέφυκε,
753 2428 843 2482 διὰ
873 2426 967 2481 τοῦ
1011 2426 1141 2479 Υἱοῦ
1191 2426 1618 2500 χορηγούμενον,
1662 2418 1743 2487 οἷς
1776 2424 1897 2477 ave

300 2522 504 2592 Πατὴρ
536 2522 793 2591 κρίνειεν.
838 2520 947 2571 Καὶ
978 2517 1123 2570 τοῦτ’
1164 2517 1230 2571 ἂν
1273 2519 1356 2587 εἴη
1396 2516 1555 2586 ἔργον
1601 2513 1789 2578 αὐτοῦ,
1836 2512 1898 2566 τὸ

303 2615 522 2676 πάντας
557 2610 828 2681 ἁγιάζειν,
874 2604 955 2673 οἷς
991 2610 1057 2664 ἂν
1091 2610 1207 2672 ἑνός
1239 2626 1381 2671 τινος
1420 2608 1452 2678 ἢ
1500 2606 1594 2659 καὶ
1638 2606 1898 2659 πλειόνων

307 2701 578 2774 μεταδιδῶ
606 2701 715 2754 τῶν
748 2704 805 2753 ὲν
834 2699 983 2769 αὐτῷ
1016 2700 1392 2771 χαρισμάτων,
1426 2698 1501 2759 ὡς
1544 2697 1637 2748 καὶ
1682 2697 1896 2766 προφή-

302 2810 412 2857 τας
444 2793 539 2846 καὶ
568 2793 897 2855 ἀποστόλους
930 2793 1021 2844 καὶ
1058 2793 1238 2843 πᾶσαν
1263 2788 1485 2856 θεοφιλῆ
1521 2785 1719 2856 ψυχὴν,
1752 2786 1900 2848 είκδς

305 2886 366 2939 δὲ
396 2885 488 2938 καὶ
512 2884 609 2945 τὰς
632 2884 913 2954 κρείττους
942 2883 1037 2935 καὶ
1060 2881 1210 2943 Θείας
1238 2880 1495 2951 δυνάμεις
1517 2880 1615 2948 τῆς
1646 2879 1705 2942 ἐξ
1734 2877 1899 2931 αὑτοῦ

311 2976 753 3048 μεταλαμϐάνειν
791 2975 1102 3045 ἁγιότητος·
1137 2974 1166 3026 ὁ
1190 2974 1246 3025 δὲ
1276 2973 1402 3034 Υἱδς
1440 2972 1601 3041 μόνος
1658 2972 1895 3041 πατρικῇ

308 3067 930 3138 Θεότητιιτετιμημένος
967 3066 1248 3134 ποιητικὸς
1289 3064 1356 3117 ἂν
1390 3065 1473 3134 εἴη
1508 3064 1602 3115 καὶ
1640 3062 1901 3133 δημιουρ-

308 3158 467 3228 γικδς
497 3158 596 3227 τῆς
631 3157 738 3208 τῶν
771 3156 1013 3225 γενητῶν
1048 3156 1323 3217 ἁπάντων,
1360 3152 1569 3225 ὁρατῶν
1597 3169 1656 3205 τε
1691 3154 1783 3205 καὶ
1808 3152 1901 3204 ἀο-

312 3250 495 3324 ράτων
532 3249 623 3302 καὶ
668 3248 730 3318 δὴ
763 3247 873 3317 (65)
916 3248 1010 3300 καὶ
1044 3247 1213 3318 αὐτῆς
1259 3246 1357 3316 τῆς
1404 3244 1496 3297 τοῦ
1531 3243 1900 3314 Παρακλήτου

312 3341 459 3395 [Ier
467 3358 633 3411 ματος
655 3340 938 3411 ὑπάρξεως
959 3355 971 3367 ·
1009 3337 1212 3392 Πάντα
1230 3336 1335 3405 γὰρ
1350 3337 1422 3390 δι’
1444 3336 1628 3391 αὑτοῦ
1644 3334 1899 3404 ἐγένετο,

2648 2087 2799 2143 CAP.
2846 2087 2930 2141 Vi.

1998 2174 2129 2241 Qua
2155 2177 2223 2232 sit
2253 2175 2764 2242 Ecclesiazlraditio,
2788 2182 2852 2233 de
2871 2176 3052 2248 Patre,
3076 2189 3123 2232 et
3150 2176 3294 2233 Filio
3310 2190 3356 2233 et
3377 2179 3584 2249 Spiritu

2679 2262 2880 2303 sancto.

2072 2336 2306 2395 Sanctus
2335 2354 2467 2411 ergo
2511 2338 2783 2409 Spiritus.
2812 2350 3035 2396 sanctos
3073 2341 3221 2397 solos
3252 2342 3586 2403 inhabitans.

1998 2444 2092 2499 per
2124 2430 2317 2485 Filium
2356 2434 2667 2502 impertitur
2706 2434 2793 2497 iis,
2815 2448 2951 2502 quos
2979 2434 3141 2490 Pater
3181 2437 3585 2504 approbaverit.

1999 2518 2147 2588 Opus
2175 2520 2291 2589 ejus
2320 2522 2595 2590 proprium
2632 2532 2715 2578 est
2743 2522 3089 2578 sanctiﬁcare
3130 2538 3342 2578 omnes.
3380 2524 3590 2590 Quibus

1998 2608 2221 2679 singulis
2253 2626 2415 2663 unum
2443 2610 2681 2679 aliquod,
2714 2612 2794 2665 vel
2820 2613 2982 2666 etiam
3012 2612 3163 2681 plura
3195 2614 3461 2668 interdum
3490 2630 3590 2668 sua

2000 2699 2323 2754 charismata
2359 2701 2642 2771 elargitur.
2691 2704 2841 2757 Adeo
2890 2714 2949 2757 nt
2988 2705 3282 2774 propltem',
3334 2706 3589 2774 apostoli.

1998 2791 2177 2845 omnis
2210 2793 2390 2845 anima
2432 2791 2539 2847 Deo
2564 2793 2727 2848 chara
2756 2812 2768 2846 :
2797 2796 3048 2851 fortassis
3088 2807 3144 2852 et
3182 2798 3377 2852 divina:
3409 2797 3513 2853 ille
3536 2805 3594 2852 es

2000 2883 2415 2938 excellentiores
2463 2896 2782 2954 potestates.
2829 2888 2971 2943 illius
3002 2880 3290 2959 participes
3331 2890 3464 2944 ﬁant
3498 2905 3595 2958 per

2002 2989 2121 3027 eum
2164 2976 2554 3031 sanctiﬁcata:
2591 2978 2738 3033 solus
2786 2991 2969 3035 autem
3009 2979 3182 3035 Filius
3222 2995 3445 3052 paterna
3478 2985 3595 3038 dei-

2005 3073 2112 3118 tatc
2143 3064 2461 3129 honoratus.
2489 3078 2747 3137 operatus
2793 3068 2957 3125 fuerit
2991 3082 3044 3126 et
3075 3074 3416 3142 produxerit,
3459 3076 3592 3130 sub-

2003 3155 2244 3209 sisteutia
2285 3167 2466 3212 creata
2511 3160 2722 3223 omnia,
2760 3159 3032 3227 visibilia,
3074 3162 3385 3226 invisibilia,
3432 3173 3595 3232 atque

2005 3246 2140 3300 adeo
2178 3246 2352 3315 ipsum
2399 3263 2613 3318 quoque
2663 3250 2925 3320 Spiritum
2974 3252 3318 3309 Paracletum
3355 3273 3369 3309 :
3400 3254 3596 3309 Omnia

2005 3340 2163 3401 enim,
2206 3340 2399 3408 inquit,
2430 3358 2521 3409 per
2545 3342 2718 3410 ipsum
2764 3343 2906 3411 facta
2944 3354 3091 3410 sunt,
3139 3357 3187 3400 et
3222 3348 3335 3401 sine
3370 3349 3483 3415 ipso
3514 3350 3595 3410 fa-

314 3432 417 3487 καὶ
446 3432 625 3500 χωρ)ς
662 3431 847 3485 αὑτοῦ
891 3429 1129 3499 ἐγένετο
1161 3428 1303 3482 οὐδὲ
1331 3428 1421 3481 ἓν·
1453 3428 1567 3490 καὶ,
1616 3430 1719 3482 Ἐν
1745 3424 1901 3491 αὐτῷ

2008 3442 2147 3483 clum
2174 3440 2251 3484 est
2291 3431 2423 3484 nihil
2451 3436 2519 3485 ⁸⁸.
2549 3434 2636 3497 Et.
2663 3432 2729 3487 In
2754 3435 2866 3503 ipso
2894 3437 3113 3489 condita
3129 3447 3248 3490 sunt
3274 3439 3451 3490 omnia
3480 3455 3599 3507 qua:

311 3524 564 3591 ἐκτίσθη
603 3524 676 3577 τὰ
717 3524 935 3584 πάντα,
970 3521 1041 3575 τὰ
1077 3520 1147 3574 ἐν
1183 3521 1307 3586 τοῖς
1349 3520 1646 3588 οὐρανοῖς,
1702 3520 1799 3573 καί
1836 3519 1909 3573 τὰ

313 3614 416 3669 ἐπὶ
454 3614 564 3683 τῆς
605 3615 733 3684 γῆς,
765 3614 883 3667 εἶτε
914 3611 1116 3682 ὁρατὰ,
1149 3612 1269 3666 εἴτε
1304 3613 1545 3679 ἀόρατα.
1606 3613 1664 3664 '0
1698 3612 1751 3664 δὲ
1780 3611 1908 3663 ἑπέ-

314 3724 473 3762 κεινα
512 3706 619 3759 τῶν
665 3706 800 3759 ὅλων
832 3706 963 3768 Θεδς
1004 3707 1100 3759 καὶ
1140 3704 1330 3774 Πατὴρ
1378 3703 1470 3756 τοῦ
1518 3704 1721 3773 Κυρίου
1751 3704 1909 3773 ἡμῶν

2010 3533 2130 3576 sunt
2164 3526 2219 3577 in
2247 3524 2407 3589 ralis,
2435 3535 2483 3579 at
2523 3542 2642 3595 qua
2678 3544 2838 3595 super
2874 3541 3091 3595 terram,
3115 3530 3220 3583 sive
3242 3529 3491 3596 visibilia,
3520 3533 3597 3585 si-

2011 3631 2067 3668 ve
2096 3616 2382 3669 invisibilia
2400 3616 2464 3668 ⁸⁸.
2498 3616 2641 3673 Deus
2681 3629 2859 3673 autem
2886 3620 2976 3676 ille
3012 3636 3175 3689 super
3196 3623 3403 3687 omnia,
3439 3622 3599 3676 Pater

2014 3705 2224 3759 Domini
2263 3708 2433 3760 nostri
2480 3705 2609 3762 Jesu
2656 3706 2883 3771 Christi,
2933 3724 3056 3764 cum
3115 3711 3187 3765 sit
3235 3711 3601 3766 inenarrabile

329 3797 508 3871 Ἰησοῦ
546 3799 802 3868 Χριστοῦ,
832 3798 1068 3869 άρῤητόν
1112 3814 1163 3850 τι
1212 3796 1287 3849 ὢν
1319 3795 1544 3864 ἀγαθὸν,
1578 3795 1669 3849 καὶ
1708 3795 1901 3857 παντὸς

2012 3796 2282 3864 quoddam
2335 3798 2555 3863 bonum,
2580 3813 2797 3854 omnem
2850 3815 3187 3870 exsuperans
3232 3802 3602 3857 ratiocinatio-

314 3893 581 3964 λογισμοῦ
608 3896 700 3947 καὶ
728 3894 964 3956 διανοίας
994 3892 1177 3961 φωνῆς
1210 3908 1269 3944 τε
1316 3892 1495 3959 πάσης
1540 3890 1634 3943 καὶ
1668 3888 1907 3958 ἐνθυμή-

320 4002 461 4049 σεως
498 3988 764 4057 κρεῖττον,
793 3986 930 4055 ὁμοῦ
970 3987 1077 4039 τῶν
1110 3987 1325 4039 πάντων
1359 3984 1458 4037 ὅσα
1493 3985 1623 4036 ποτὲ
1656 3982 1785 4035 ὄντα
1817 3982 1911 4034 καὶ

318 4080 479 4131 ὁποῖα
508 4077 761 4145 τυγχάνει
793 4075 958 4129 αὑτοῦ
988 4094 1047 4129 τε
1073 4076 1167 4129 τοῦ
1196 4075 1353 4143 ἁγίου
1378 4074 1711 4144 Πνεῦματος,
1738 4088 1908 4143 προσ-

320 4170 404 4223 έτι
438 4170 495 4223 δὲ
523 4170 615 4221 καὶ
640 4168 731 4221 τοῦ
759 4168 1078 4239 μονογενοῦς
1104 4168 1255 4229 Υίοῦ,
1284 4166 1691 4237 καθηγούμενος
1718 4166 1899 4235 μόνος,

319 4261 547 4323 εἰκότως
572 4263 601 4315 ὁ
641 4262 733 4315 ἐπὶ
769 4261 1007 4319 πάντων,
1039 4261 1132 4313 καὶ
1159 4260 1247 4313 διὰ
1278 4260 1515 4322 πάντων,
1560 4260 1655 4311 καὶ
1689 4260 1744 4311 ὲν
1773 4260 1910 4310 πᾶσι

319 4354 456 4417 Θεὸς
481 4355 786 4423 ἀνείρηται,
820 4354 971 4425 παρὰ
1002 4355 1081 4423 τῷ
1109 4354 1418 4424 Ἀποστόλῳ
1444 4353 1626 4423 φάντι,
1659 4347 1765 4417 Εἷς
1792 4352 1909 4405 Κύ-

310 4462 468 4514 ριος,
496 4448 604 4514 μία
640 4446 865 4506 πίστις,
906 4444 976 4498 ἓν
1003 4445 1338 4514 βάπτισμα,
1380 4441 1470 4509 εἷς
1520 4444 1664 4507 Θεὸς
1699 4441 1907 4511 Πατὴρ

320 4533 564 4589 πάντων
592 4538 624 4589 ό
660 4535 758 4588 ἐπὶ
788 4536 1030 4589 πάντων
1052 4536 1151 4588 καὶ
1178 4535 1274 4589 διὰ
1298 4535 1540 4589 πάντων
1568 4533 1663 4586 καὶ
1696 4534 1765 4586 ἐν
1786 4531 1900 4602 (66)

320 4624 495 4681 πᾶσι.
526 4628 637 4680 Καὶ
670 4627 828 4698 μόνος
863 4628 961 4698 μὲν
991 4628 1153 4691 αὐτὸς
1184 4622 1265 4691 εἷς
1310 4626 1441 4691 Θεὸς
1480 4625 1575 4679 καὶ
1602 4624 1788 4695 Πατὴρ
1815 4623 1910 4677 τοῦ

2013 3902 2158 3953 nem,
2185 3889 2590 3957 cogitationem,
2626 3906 2815 3947 vocem
2867 3906 3086 3947 onmem
3127 3893 3600 3963 disquisitionem-

2013 3994 2137 4047 que.
2169 3979 2421 4035 Omnium
2475 3998 2655 4036 rerum
2704 3995 2972 4054 quotquot
3003 3987 3218 4041 demum
3250 3986 3387 4052 illae.
3418 3996 3474 4041 et
3506 4002 3602 4042 cu-

2006 4070 2460 4142 jusmodicunquc
2512 4076 2754 4141 fuerint,
2811 4077 2983 4145 ipsius
3061 4080 3286 4149 insuper
3362 4079 3602 4150 Spiritus

2013 4173 2253 4228 sanctus,
2285 4174 2339 4217 et
2380 4164 2497 4219 Filii
2524 4166 2752 4222 ulterius
2780 4168 3068 4237 unigeniti,
3102 4170 3211 4225 dux
3252 4179 3309 4224 et
3350 4171 3605 4240 princeps

2013 4263 2117 4318 est,
2143 4268 2240 4308 nec
2281 4255 2477 4325 injuria
2510 4257 2693 4324 solus;
2718 4273 2843 4312 cum
2874 4273 3037 4329 super
3055 4263 3261 4321 omnia.
3297 4269 3351 4315 et
3379 4276 3472 4329 per
3494 4278 3606 4315 om-

2014 4346 2137 4409 nia,
2170 4355 2225 4400 et
2253 4346 2304 4400 in
2340 4350 2591 4403 omnibus
2638 4351 2777 4404 De’us
2826 4352 3152 4419 prmdicetur
3197 4352 3267 4405 ab
3321 4352 3602 4421 Apostolo.

2014 4440 2102 4492 ubi
2141 4441 2236 4502 ait,
2270 4439 2421 4494 Unus
2451 4439 2731 4505 Dominus,
2773 4460 2879 4497 una
2913 4443 3068 4510 ﬁdes,
3098 4458 3261 4497 unum
3292 4444 3552 4511 baptisma
3584 4462 3602 4503 .-

2014 4514 2147 4585 unus
2177 4530 2339 4593 Deus.
2376 4531 2541 4587 Pater
2573 4536 2826 4598 omnium,
2867 4537 2957 4605 qui
3010 4546 3085 4589 est
3123 4552 3281 4605 super
3320 4538 3521 4591 omnia.
3556 4548 3605 4590 et

2013 4640 2105 4692 per
2128 4625 2326 4687 omnia,
2358 4635 2406 4678 et
2440 4627 2497 4677 in
2524 4626 2767 4680 omnibus
2819 4627 3036 4683 Deus“.
3069 4626 3228 4681 Solus
3270 4629 3486 4697 quidem
3516 4628 3608 4681 ille

322 4718 533 4789 Κυρίου
781 4717 956 4789 Ἰησοῦ
1002 4716 1239 4789 Χριστοῦ
1280 4716 1609 4789 χρηματίζοι
1658 4715 1747 4779 ἂν,
1787 4717 1816 4768 ὁ
1855 4714 1901 4767 δὲ

2022 4715 2185 4778 Deus.
2210 4729 2265 4769 et
2298 4714 2459 4771 Pater
2493 4714 2705 4770 Domini
2750 4722 2809 4779 νῙ(
2845 4717 3012 4771 nostri
3040 4714 3167 4771 Jesu
3219 4717 3419 4771 Christi
3450 4716 3599 4770 dica-

322 4808 455 4871 Υἰὸς
491 4809 783 4879 μονογενὴς
813 4809 967 4873 Θεὸς,
1001 4811 1029 4862 ὁ
1066 4809 1141 4862 ὢν
1188 4812 1268 4872 είς
1300 4809 1392 4861 τὸν
1438 4808 1636 4861 κόλπον
1665 4806 1759 4859 τοῦ
1796 4807 1910 4859 Πα-

322 4901 472 4973 τρδς.
527 4902 587 4953 τὸ
621 4902 678 4954 δὲ
724 4902 1075 4973 παράκλητον
1119 4901 1362 4972 Πνεῦμα,
1414 4898 1539 4953 οὕτε
1586 4899 1739 4962 Θεὸς,
1788 4896 1912 4949 οὔτε

324 4993 475 5056 Υἱόςο
526 4993 647 5045 ἐπεὶ
689 4993 763 5063 μὴ
803 4994 867 5047 ὲκ
909 4994 1004 5047 τοῦ
1050 4992 1265 5064 Πατρδς
1315 4992 1518 5063 ὁμοίως
1549 4989 1628 5060 τῷ
1661 4987 1777 5057 Υἱῷ
1820 4989 1914 5040 κα)⁵

323 5085 458 5139 αὐτὸ
481 5083 577 5154 τὴν
613 5084 826 5151 γένεσιν
859 5084 1102 5154 εἴληφεν,
1135 5084 1193 5137 ἓν
1227 5085 1283 5137 δέ
1316 5102 1368 5136 τι
1396 5083 1503 5135 τῶν
1536 5081 1623 5134 διὰ
1651 5080 1745 5133 τοῦ
1778 5079 1909 5131 Υἱοῦ

323 5174 634 5246 γινομένων
682 5175 958 5245 τυγχάνει,
1009 5177 1090 5230 ὅτι
1129 5176 1240 5247 (67)
1274 5176 1338 5246 δὴ
1374 5173 1569 5227 πάντα
1613 5170 1687 5225 δι’
1720 5168 1908 5224 αὑτοῦ

413 5336 471 5394 ›Ι‹
504 5329 604 5385 Ed.
639 5330 831 5397 Paris"
861 5346 981 5403 pag.
1020 5332 1141 5387 174.
1204 5333 1325 5387 175.

401 5508 531 5587 (σεχ
543 5512 653 5565 Καὶ
679 5511 867 5581 αὐτῆς
889 5512 998 5587 τῇς
1020 5514 1125 5570 τοῦ
1154 5515 1551 5585 Παρακλήτου
1569 5520 1916 5587 Πγεύματος

328 5579 665 5650 ὑπάρξεως,
696 5579 886 5652 aperte
914 5579 1177 5653 Spiritum
1223 5579 1497 5648 sanctum.
1555 5590 1607 5643 in
1659 5579 1781 5643 albo
1828 5579 1913 5641 re;

332 5654 485 5719 ponit
514 5662 916 5728 creaturarum,
945 5670 1203 5728 Metumque
1244 5672 1271 5707 a
1301 5656 1442 5728 Filio
1484 5660 1708 5726 perinde
1752 5672 1917 5728 atque

332 5734 530 5796 cetera
568 5724 891 5796 productum
927 5725 1147 5778 disertis
1173 5726 1379 5796 verbis
1415 5724 1627 5790 scribit.
1671 5724 1841 5796 quod'
1864 5740 1918 5783 et

334 5792 518 5870 statim
594 5792 978 5870 b_laspber_uus_
1012 5794 1227 5870 repetit.
1291 5796 1364 5848 Τὸ
1434 5796 1514 5870 δὲΔ
1558 5792 1917 5870 Παράκλητον

334 5859 560 5938 Πηῦμα
580 5859 892 5938 οὗτεθεός,
925 5863 1047 5938 abte
1078 5859 1233 5929 Υίός,
1264 5875 1396 5938 etc..
1426 5867 1517 5935 qni
1558 5883 1623 5922 eo
1647 5859 1915 5938 'majm'eiu

336 5931 554 6001 quidem
578 5931 774 5989 Filium
808 5936 1023 6003 statuit,
1051 5938 1143 5992 sed
1166 5937 1417 5992 eumdem
1444 5931 1622 6005 ipsum
1653 5931 1917 5998 mitiorem

2019 4816 2107 4859 tur
2138 4824 2151 4860 :
2183 4806 2354 4862 Filius
2383 4808 2695 4878 unigenilus
2726 4809 2885 4867 Deus.
2905 4809 2995 4878 qui
3021 4817 3139 4864 erat
3164 4809 3215 4863 in
3249 4810 3368 4863 sinu
3405 4807 3602 4863 Patris.

2012 4900 2084 4953 At
2107 4898 2342 4968 Spiritus
2386 4899 2709 4955 Paracletus
2734 4940 2749 4965 .
2781 4916 2959 4971 neque
3000 4901 3161 4967 Deus,
3206 4916 3379 4969 neque
3413 4899 3605 4954 Filius.

2014 4985 2280 5051 Quoniam
2311 5002 2417 5043 non
2456 4989 2523 5044 de
2562 4987 2723 5044 Patre
2772 4993 2995 5059 perinde
3032 5000 3195 5060 atque
3226 4990 3396 5045 Filius
3441 5005 3610 5061 gene-

2014 5076 2117 5127 sim
2175 5078 2407 5146 accepit,
2440 5089 2494 5133 et
2530 5096 2670 5135 unus
2698 5096 2765 5135 ex
2812 5096 3001 5136 corum
3032 5097 3198 5136 censu
3228 5091 3344 5146 est,
3382 5084 3471 5152 qui
3511 5096 3609 5150 per

2018 5164 2211 5221 Filium
2280 5170 2655 5226 condebantur
2706 5190 2720 5227 :
2771 5172 3210 5244 quandoquidem
3275 5175 3453 5227 omnia
3517 5190 3611 5243 per

1404 5332 1447 5363 ⁶¹
1476 5330 1631 5386 Joan.
1658 5328 1806 5397 ι,17.
1886 5325 2077 5383 "ibid.
2107 5327 2161 5381 5.
2244 5326 2290 5358 ⁸³
2324 5326 2531 5384 Coloss.
2565 5330 2717 5396 1,16.
2791 5328 2840 5363 ⁸⁸
2868 5329 3067 5399 prcs.
3099 5328 3249 5397 tv,5.
3289 5329 3344 5385 6.

2015 5521 2198 5581 Patre.
2237 5528 2295 5573 ut
2331 5519 2636 5574 mirandum
2685 5518 2757 5573 sit
2786 5516 3075 5573 Socratem
3109 5517 3243 5572 adeo
3280 5515 3608 5583 desipuissc.

2013 5591 2106 5659 qui
2146 5592 2260 5644 haec
2316 5592 2515 5659 scripta
2563 5591 2903 5658 produxerit,
2952 5599 3011 5642 ut
3064 5588 3365 5642 Eusebium
3405 5589 3607 5639 immu-

2016 5676 2138 5712 nem
2193 5662 2452 5727 probaret
2504 5661 2572 5714 ab
2622 5660 2930 5713 Arianismo
2968 5677 2978 5710 :
3011 5668 3067 5713 et
3104 5669 3283 5711 tamen
3323 5671 3497 5727 ausus
3524 5666 3612 5710 est

2012 5732 2039 5783 ὁ
2067 5726 2379 5800 Παμφίλου,
2411 5731 2511 5785 has
2539 5731 2621 5784 sui
2657 5731 2843 5800 ipsius
2899 5727 3270 5799 blaspltemias
3324 5726 3612 5783 catholica

2018 5801 2273 5854 Ecclesizc
2301 5802 2596 5855 ascribere.
2624 5799 2696 5856 Μ.

2094 5870 2207 5935 (66)
2235 5872 2402 5940 Vulgo
2435 5872 2569 5925 πᾶσι
2588 5871 2743 5935 Θεός.

2090 5942 2201 6012 (67)
2243 5942 2407 6013 Vulgo
2438 5942 2516 6007 δί,
2546 5953 2600 5999 et
2631 5961 2753 6001 mox
2776 5942 2895 5997 ὅλον
2930 5944 3019 5997 τοῦ
3054 5946 3109 5996 Σ.
