4032 6444
500 367 642 429 ίο15

1177 360 1444 416 EUSEBll
1484 348 1963 418 CESARIENSIS
2001 357 2152 414 opp.
2197 355 2375 417 mus
2412 356 2501 411 tv.
2543 390 2608 399 —.
2650 333 3075 415 pecunias.

3618 352 3748 411 ιοισ

503 488 673 551 ipsum
704 483 845 553 facta
874 492 1014 545 sunt,
1040 492 1086 534 et
1114 482 1227 535 sine
1259 481 1370 548 ipso
1406 488 1602 551 [aetum
1625 490 1702 537 est
1723 482 1871 536 nihil.
1893 482 2068 549 Atque

2179 480 2421 551 ἐγένετο,
2450 483 2546 536 και
2580 484 2753 551 χωρις
2787 480 2969 535 αὐτοῦ
3001 474 3243 548 ἐγένετο
3276 474 3420 528 οὐδὲ
3444 474 3539 528 ἐν.
3571 476 3749 532 Tum

506 576 607 629 ista
630 575 841 643 quidem
874 573 938 649 ad
965 573 1107 625 hunc
1158 572 1370 625 modmn
1408 582 1610 645 sanctae
1638 582 1762 627 sunt
1791 580 1846 626 et
1875 571 2065 625 catho-

503 665 619 719 licas
672 663 922 717 Ecclesia:
972 663 1184 724 tradita,
1248 675 1484 729 voceque
1532 662 1712 716 divina
1753 662 2067 730 consignata

506 754 779 822 mysteria.
836 750 1117 806 Marcellus
1162 765 1294 805 vero
1342 752 1673 819 permiscens
1717 752 1920 816 omnia,
1966 751 2067 804 ali-

505 843 721 911 quando
744 843 794 895 in
818 843 1138 911 profundum
1157 857 1213 895 se
1231 841 1697 896 Sabellianismum
1725 842 2064 911 praecipitat:

504 932 791 1001 aliquando
827 931 977 1008 [lanii
1018 932 1161 986 illius
1190 948 1217 987 a
1264 933 1564 989 Satnosatis
1609 933 1855 989 heresim
1905 947 2067 986 reno-

501 1037 633 1077 vare
656 1023 790 1085 vult,
825 1022 1112 1091 aliquando
1136 1021 1350 1079 Judaeus
1382 1034 1589 1078 tantum
1627 1039 1732 1078 non
1767 1025 2071 1094 deprehen-

505 1114 689 1167 ditur:
724 1128 881 1167 unam
917 1114 1113 1167 etenim
1159 1116 1467 1184 hypostasin
1514 1116 1949 1185 tripersonatam,
1992 1116 2067 1169 uti

506 1215 563 1258 et
592 1204 931 1259 trinominem
970 1205 1291 1269 introducit,
1323 1206 1569 1259 eumdem
1619 1207 1893 1261 allirmans
1950 1221 2071 1262 esse

506 1296 697 1359 Deum,
729 1305 783 1347 et
831 1296 884 1347 in
938 1294 1045 1348 Deo
1100 1294 1351 1359 Verbum,
1386 1307 1439 1350 et
1489 1295 1747 1365 Spiritum
1801 1305 2067 1351 sanctum.

504 1381 895 1453 Transgressus
941 1384 1062 1438 inde
1108 1385 1171 1437 ad
1228 1385 1464 1453 Apostoli
1503 1387 1569 1439 de
1609 1386 1823 1440 Christo
1863 1387 2071 1441 theolo-

503 1475 681 1541 giam,
712 1476 947 1529 diversas
1000 1476 1085 1528 hic
1120 1475 1341 1528 adhibet
1392 1477 1888 1545 interpretationes.
1937 1476 2068 1531 Nam

504 1580 629 1621 cum
658 1566 885 1619 exertim
917 1564 1201 1633 Apostolus
1231 1564 1423 1620 Filium
1458 1565 1575 1628 Dei,
1600 1566 1763 1621 Deum
1794 1570 2070 1637 praedicet,

506 1664 565 1707 ut
590 1655 677 1709 ubi
704 1655 793 1715 ait,
823 1654 924 1720 Qui
950 1665 1025 1708 est
1054 1657 1227 1725 imago
1250 1655 1347 1709 Dei
1369 1657 1669 1723 invisibilis,
1698 1660 2072 1727 primogenitus

507 1745 675 1798 omnis
708 1756 977 1809 creatum,
995 1746 1239 1815 quoniam
1264 1747 1319 1801 in
1340 1746 1430 1800 illo
1458 1756 1632 1801 creata
1660 1758 1779 1803 sunt
1806 1750 2064 1814 universa,

2169 571 2267 639 μὲν
2328 566 2421 625 οὖν
2492 575 2591 642 τῆς
2654 570 2943 641 καθολικῆς
3030 564 3130 621 zeal
3198 565 3361 632 ἁγίας
3422 566 3750 636 Ἐκκλησίας

2166 655 2268 714 ὧδέ
2298 679 2373 731 πη
2408 662 2494 715 διὰ
2514 662 2621 715 τῶν
2649 661 2808 714 θείων
2838 660 3027 729 φωνῶν
3054 654 3408 733 παραδίδοται
3436 655 3507 709 τὰ
3546 659 3751 727 μυστή-

2169 771 2280 823 ρια*
2316 754 2631 826 Μάρκελλος
2664 755 2721 806 δὲ
2769 754 2946 806 πάντα
2980 751 3179 821 φύρας.
3212 749 3345 801 ποτὲ
3391 750 3493 820 μὲν
3542 752 3621 812 είς
3654 750 3751 802 αῦ-

2167 844 2257 895 τὸν
2279 842 2409 895 ὅλον
2432 844 2520 895 τὸν
2547 842 2835 895 Σασελλίου
2866 840 3023 911 βυθον
3054 839 3243 909 χωρεῖ,
3274 839 3407 891 ποτὲ
3440 838 3498 891 δὲ
3535 838 3748 891 Παύλου

2171 931 2263 986 τοῦ
2306 933 2665 1003 Σαμοσατέως
2695 930 3046 986 ἀνανεοῦσθαι
3084 930 3343 1001 πειρᾶται
3382 928 3484 1000 τὴν
3513 930 3746 1000 αἵρεσιν,

2173 1024 2302 1075 ποτὲ
2350 1024 2406 1075 δὲ
2461 1024 2709 1086 Ἰουδαῖος
2749 1022 2823 1074 ὢν
2875 1022 3131 1092 ἄντικρυς
3174 1018 3561 1089 ἀπελέγχεται·
3618 1021 3749 1091 μίαν

2175 1115 2281 1184 γὰρ
2325 1114 2619 1167 ὑπόστασιν
2656 1116 3037 1185 τριπρόσωπον
3070 1111 3261 1183 ὥσπερ
3302 1111 3399 1165 καὶ
3438 1111 3750 1183 τριώνυμον

2173 1206 2406 1275 εἰσάγει,
2441 1207 2532 1259 τὸν
2571 1206 2733 1259 αὐτὸν
2768 1203 2905 1259 εἶναι
2935 1206 3106 1273 λέγων
3143 1204 3234 1258 τὸν
3264 1204 3399 1258 Θεὸν
3441 1206 3535 1259 καὶ
3567 1204 3659 1258 τὸν
3694 1208 3752 1257 ὲν

2170 1296 2319 1366 αὐτῷ
2351 1298 2521 1364 Λόγον
2553 1299 2643 1350 καὶ
2669 1297 2729 1349 τὸ
2760 1296 2913 1365 ἆγιον
2941 1296 3183 1367 Πνεῦμα.
3220 1291 3333 1349 Εἶτ’
3371 1296 3624 1349 ἐντεῦθεν
3657 1314 3753 1367 με·

2172 1372 2340 1451 τασδις
2368 1388 2459 1439 ἐπὶ
2483 1388 2582 1450 τὰς
2612 1387 2972 1450 ἁποστολικὰς
3015 1387 3141 1457 περὶ
3174 1385 3269 1440 τοῦ
3302 1386 3539 1458 Χριστοῦ
3568 1386 3752 1439 θεολο-

2172 1475 2315 1543 γίας,
2380 1474 2541 1529 πάλιν
2580 1475 2689 1546 (68)
2734 1475 3074 1545 διαστρόφοις
3115 1475 3377 1546 κέχρηται
3407 1476 3751 1545 ἑρμηνείαις.

2174 1565 2279 1618 Τοῦ
2320 1565 2431 1637 γὰρ
2460 1566 2605 1619 θείου
2650 1567 2969 1623 Ἀποστόλου
3025 1566 3401 1633 θεολογοῦντος
3450 1552 3755 1637 διάῤῥηδην

2173 1654 2264 1707 τὸν
2289 1654 2415 1707 Υίδν
2441 1654 2536 1707 τοῦ
2565 1651 2695 1706 Θεοῦ
2725 1655 2815 1706 καὶ
2836 1652 3221 1720 λέγοντος,“ος
3246 1652 3417 1704 ἐστιν
3444 1651 3626 1705 sixth?
3648 1652 3754 1705 τοῦ

2177 1746 2326 1799 Θεοῦ
2368 1745 2476 1798 τοῦ
2524 1745 2800 1813 ἀοράτου,
2837 1746 3207 1813 πρωτότοκος
3236 1748 3440 1811 πάσης
3474 1744 3752 1808 κτίσεως,

507 1848 625 1891 cum
652 1849 711 1886 ea
742 1848 858 1901 qua
891 1833 943 1885 in
989 1833 1127 1891 catis
1172 1844 1314 1900 sunt,
1349 1844 1456 1888 tum
1492 1852 1606 1905 qua:
1628 1852 1784 1903 super
1824 1848 2017 1892 terram
2045 1854 2065 1893 :

2179 1836 2257 1888 ὅτι
2287 1837 2355 1889 ὲν
2376 1834 2535 1899 αὐτῷ
2566 1836 2811 1904 ἐκτίσθη
2839 1836 2909 1889 τὰ
2938 1836 3150 1898 πάντα,
3192 1834 3265 1889 τά
3289 1851 3351 1887 τε
3380 1836 3449 1887 ἐν
3481 1833 3609 1898 τοῖς
3656 1836 3757 1885 οὐν

507 1925 610 1979 sive
635 1924 875 1989 visibilia,
911 1940 999 1977 seu
1028 1925 1342 1979 inuisibilia:
1365 1927 1469 1979 sive
1499 1926 1691 1991 throni,
1718 1943 1808 1980 seu
1830 1928 2071 1981 domina-

2164 1926 2393 1991 ρανοῖς,
2428 1927 2526 1979 καὶ
2568 1926 2639 1979 τὰ
2666 1926 2765 1979 ἐπὶ
2793 1926 2903 1995 τῆς
2941 1925 3073 1996 γῆς,
3100 1926 3221 1980 εἴτε
3271 1924 3471 1993 ὁρατὰ,
3503 1925 3627 1977 alte
3656 1924 3759 1977 ἀό·

508 2014 694 2079 tiones,
739 2014 842 2068 sire
882 2016 1245 2083 principatus,
1275 2032 1369 2071 seu
1406 2025 1704 2083 potestates,
1750 2019 1927 2071 omnia
1979 2035 2071 2088 per

2179 2035 2335 2082 pata,
2376 2018 2498 2071 εἶτε
2547 2020 2768 2087 θρόνοι,
2807 2018 2927 2073 εἶτα
2960 2019 3325 2098 κυριότητες,
3375 2018 3496 2071 εἴτε
3552 2018 3757 2086 ἀρχαί,

510 2105 705 2170 ipsum,
732 2114 782 2157 et
820 2104 874 2157 in
899 2108 1008 2171 ipso
1040 2105 1247 2159 condita
1274 2114 1397 2160 sunt
1431 2116 1521 2161 :et
1554 2107 1663 2174 ipse
1698 2117 1772 2161 est
1810 2118 1929 2163 ante
1955 2125 2069 2163 ont-

511 2193 622 2259 uia,
645 2203 692 2248 et
722 2195 897 2247 omnia
926 2196 981 2247 in
1010 2195 1120 2262 ipso
1144 2197 1482 2250 constiterunt
1510 2196 1578 2251 ⁸⁸.

1144 2380 1295 2436 CAP.
1340 2383 1447 2439 νη.

512 2464 787 2543 Quomodo
814 2467 1339 2547 Marcellus‘carnem
1364 2488 1627 2547 assereret
1653 2493 1763 2531 esse
1795 2478 2075 2547 imaginem

1083 2541 1179 2595 Dei
1217 2545 1511 2599 invisibilis.

582 2626 680 2681 Vir
712 2628 959 2698 egregius
994 2631 1096 2685 iste
1147 2635 1360 2689 demum
1409 2635 1475 2688 ad
1532 2650 1746 2690 carnem
1797 2636 2072 2703 dejectus,

511 2716 681 2786 ipsam
709 2716 939 2773 allirmat
978 2722 1261 2791 imaginem
1294 2724 1578 2779 invisibilis
1605 2724 1857 2802 esse.Dei
1895 2741 1909 2777 :
1952 2740 2074 2781 cum

514 2818 694 2863 tamen
726 2810 867 2877 quod
898 2826 1002 2865 non
1035 2813 1304 2879 observat,
1347 2812 1522 2868 forma
1560 2814 1875 2880 masculina,
1907 2818 1994 2886 qui
2023 2826 2078 2872 et

516 2915 622 2956 non
654 2917 768 2969 qua:
808 2912 890 2956 est
927 2888 1101 2972 imago
1132 2901 1402 2957 efferatur.
1431 2904 1521 2959 Ille
1551 2917 1727 2961 autem
1768 2907 2074 2971 articulum,

510 2992 602 3058 ὃς,
643 2995 795 3047 carni
834 2995 1152 3049 attributum
1202 2996 1477 3050 declarare
1520 3000 1631 3061 ait,
1657 2997 1799 3066 quod
1852 3000 1966 3068 Ipsa
2007 2998 2079 3054 sit

514 3084 604 3138 illa
637 3085 813 3155 imago
840 3086 1119 3141 invisibilis
1158 3086 1249 3141 Dei
1286 3103 1300 3139 :
1331 3088 1461 3142 illud
1489 3103 1702 3158 quoque
1727 3091 1832 3156 ipse
1855 3098 1929 3143 est
1961 3102 2080 3145 ante

516 3178 693 3229 omnia
713 3176 779 3230 de
814 3192 976 3231 carne
1011 3178 1212 3232 dictum
1240 3179 1347 3233 ait:
1389 3195 1561 3249 neque
1608 3182 1793 3250 puduit
1839 3196 1961 3237 eum
1996 3181 2080 3237 di-

517 3280 669 3331 cere,
710 3267 837 3333 ipse,
864 3271 931 3321 de
975 3283 1154 3323 carne.
1186 3268 1289 3324 Sed
1333 3281 1387 3325 et
1431 3280 1646 3340 prepter
1694 3288 1912 3328 carnem
1958 3274 2083 3328 uni-

518 3374 688 3414 versae
707 3372 968 3415 creaturae
991 3364 1397 3431 primogenitum
1431 3377 1677 3420 vocatum
1702 3368 1776 3421 ait
1801 3388 1815 3420 :
1851 3386 1870 3418 ι
1908 3367 2084 3424 Manet

524 3466 545 3506 ι
592 3460 767 3504 autem
801 3452 1225 3517 immutabiliter,
1249 3453 1439 3521 inquit,
1467 3456 1533 3510 de
1558 3472 1737 3523 carne,
1766 3459 1945 3513 omnia
1975 3468 2081 3513 tarn

523 3558 544 3595 ι
585 3541 636 3594 in
668 3542 818 3595 caelis
841 3557 1001 3611 quam
1032 3544 1082 3597 in
1116 3553 1277 3608 terra,
1308 3546 1420 3599 sive
1454 3546 1703 3614 visibilia,
1734 3554 1793 3611 ὦ
1819 3564 1912 3604 seu
1948 3551 2085 3604 invi-

522 3651 543 3687 ί
588 3633 762 3687 sibilia
788 3640 967 3687 creata
998 3651 1009 3685 :
1044 3654 1062 3685 ι
1092 3649 1189 3689 nec
1224 3634 1419 3706 refugit
1445 3637 1622 3692 dicere
1653 3639 1891 3703 thronos,
1922 3642 2085 3695 domi-

520 3726 798 3788 nationes,
845 3726 1211 3794 principatus,
1273 3738 1562 3796 pmestates
1605 3745 1699 3799 per
1770 3742 1833 3786 et
1864 3743 2085 3802 propter

520 3831 738 3871 carnem
792 3816 1097 3872 Servatoris
1161 3820 1490 3873 creationem
1556 3836 1705 3875 suam
1761 3822 1812 3876 in
1868 3822 2085 3879 Christo

518 3918 857 3967 consecutos.
919 3906 1050 3960 Cum
1117 3920 1246 3961 vero
1313 3909 1589 3975 superiore
1652 3910 1787 3965 libro
1850 3909 2084 3967 Marcelli

519 3998 681 4052 verba
733 3996 802 4051 de
849 3998 1009 4054 rebus
1054 3998 1171 4051 istis
1214 4000 1505 4066 posuerim,
1548 4016 1613 4055 ne
1643 4014 1919 4057 excrescat
1949 4004 2085 4059 ultra

521 4089 737 4143 modum
770 4090 963 4163 oratio,
999 4098 1282 4145 contentus
1306 4102 1403 4143 ero
1434 4089 1540 4145 illic
1560 4105 1623 4145 ea
1659 4091 1967 4147 exhlbuisse
2007 4104 2087 4147 te-

2170 2110 2289 2161 εἵτε
2332 2106 2629 2172 ἐξουσίαι,
2676 2108 2872 2167 πάντα
2925 2107 3000 2160 δι’
3042 2107 3251 2169 αὐτοῦ,
3296 2107 3393 2159 καὶ
3436 2109 3526 2172 είς
3569 2106 3761 2160 αὐτὸν

2172 2205 2461 2266 ἔκτισται,
2510 2205 2606 2257 καὶ
2653 2204 2835 2269 αὐτός
2876 2203 3007 2256 ἐστι
3059 2201 3171 2284 πρὸ
3224 2201 3485 2265 πάντων,
3538 2198 3637 2253 καί
3685 2198 3758 2260 τὰ

2174 2293 2368 2351 πάντα
2394 2294 2463 2347 ἐν
2488 2293 2648 2358 αὐτῷ
2678 2294 3079 2357 συνέστηκεν.

2828 2384 2985 2436 ΚΕΦ.
3027 2383 3098 2442 Z'.

2176 2479 2375 2541 Ὅπως
2421 2475 2775 2543 Μάρκελλος
2799 2472 2915 2541 τὴν
2944 2474 3149 2543 {litora
3175 2472 3280 2525 τοῦ
3329 2471 3477 2543 Θεοῦ
3507 2470 3614 2524 τοῦ
3657 2469 3764 2528 do:

2358 2539 2545 2617 pdtoi)
2576 2544 2689 2613 τὴν
2711 2539 2907 2612 σάρκα
2934 2539 3085 2601 εἶναι
3117 2541 3535 2597 διεϐεϐαιοῦτο.

2257 2640 2316 2692 ὀ
2346 2637 2655 2709 θαυμαστὸς
2696 2630 2851 2700 οὗτος
2889 2632 3044 2699 αὖθις
3078 2636 3168 2687 ἐπὶ
3200 2635 3298 2704 τὴν
3343 2634 3523 2705 σάρκα
3551 2631 3766 2706 “ad”!

2178 2731 2349 2802 αὑτὴν
2406 2724 2546 2782 εῖναι
2593 2729 2955 2797 ἀποφαίνεται
2996 2728 3095 2797 τὴν
3143 2727 3325 2781 εἰκόνα
3378 2724 3473 2779 τοῦ
3522 2724 3767 2796 ἀοράτου»

2177 2820 2333 2887 Θεοῦ,
2349 2821 2449 2875 οὐκ
2464 2818 2675 2874 ἀκούων
2698 2818 2773 2881 ὼς
2795 2817 3066 2888 ἀρσενικῷ
3091 2819 3397 2889 χαρακτῆρι
3414 2817 3769 2893 ἐξενήνεκται

2178 2911 2257 2973 τὸ,
2289 2910 2349 2972 ὅς
2382 2910 2529 2961 ἐστιν
2564 2905 2744 2961 εἰκών.
2778 2906 2851 2959 Τὸ
2890 2906 2998 2975 γὰρ
3031 2904 3098 2974 ὃς
3129 2907 3230 2967 οὐκ
3259 2902 3353 2958 οἷδ’
3397 2906 3547 2968 ὅπως
3590 2906 3767 2975 έφαρτ

2182 3002 2351 3070 μύσας
2381 3002 2447 3070 τῇ
2488 2999 2653 3069 σαρκὶ
2686 2997 2889 3068 ταύτην
2916 2995 3019 3067 ἔφη
3044 2995 3333 3066 δηλοῦσθαι
3362 2996 3438 3059 ὡς
3467 2994 3641 3065 αὐτῆς
3669 2995 3764 3048 οῦ-

2183 3109 2281 3163 σης
2312 3093 2409 3163 τῆς
2432 3090 2639 3153 εἰκόνος
2663 3088 2756 3142 τοῦ
2777 3087 2912 3141 Θεοῦ
2938 3086 3033 3140 τοῦ
3058 3088 3313 3159 ἀοράτου.
3338 3088 3446 3140 Καὶ
3474 3086 3657 3150 πάλιν,
3700 3087 3763 3139 τὸ

2182 3185 2363 3249 αὐτός
2394 3184 2525 3237 ἐστι
2560 3180 2672 3249 πρὸ
2696 3179 2937 3234 πάντων
2958 3180 3087 3251 περὶ
3117 3179 3217 3250 τῆς
3251 3179 3453 3255 σαρκός
3478 3195 3645 3251 φησιν
3679 3180 3763 3238 si:

2185 3273 2399 3345 ρῆσθαι·
2445 3271 2544 3325 οὐκ
2591 3269 2905 3340 αἰδούμενος
2944 3269 3005 3322 τὸ
3049 3268 3233 3335 αὐτὸς
3283 3270 3376 3322 ἐπὶ
3417 3269 3517 3339 τῆς
3559 3268 3765 3339 σαρκὸς

2183 3362 2564 3431 ἐκλαμϐάνειν.
2592 3360 2700 3413 Καὶ
2722 3359 2813 3413 τὸν
2826 3358 3184 3429 -πρωτότοκον
3211 3358 3392 3428 πάσης
3415 3357 3649 3421 κτίσεως
3672 3357 3764 3411 διὰ

2182 3451 2278 3523 τὴν
2306 3452 2483 3523 σάρκα
2502 3450 2799 3520 κεκλῆσθαι
2822 3447 2990 3516 λέγει.
3019 3466 3038 3499 ι
3073 3448 3354 3518 Ἐπιμένει
3378 3446 3489 3517 (69)
3520 3464 3578 3500 τε
3614 3447 3767 3500 ἀδια-

2190 3562 2208 3595 ‹
2248 3544 2498 3615 τρέπτως
2530 3544 2588 3594 ὲν
2613 3544 2677 3611 τῇ
2708 3542 2871 3609 σαρκὶ
2896 3541 3119 3608 φάσκων
3146 3539 3217 3592 τὰ
3257 3541 3451 3601 ἐντοῖς
3488 3540 3762 3609 οὐρανοῖς,

2189 3652 2207 3685 ι
2246 3634 2338 3687 καὶ
2372 3633 2443 3686 τὰ
2485 3632 2578 3685 ἐπὶ
2621 3634 2720 3702 τῆς
2747 3631 2851 3700 γῆς
2879 3629 3145 3693 ἐκτίσθαι,
3178 3631 3245 3683 τά
3279 3646 3339 3682 τε
3363 3630 3537 3700 ὁρατὰ
3567 3630 3664 3683 καὶ
3697 3629 3765 3683 τὰ

2188 3743 2208 3777 s
2242 3724 2465 3796 ἀόρατα.
2481 3742 2499 3775 ι
2522 3723 2658 3776 Οὐδὲ
2675 3723 3022 3793 διατρέπεται
3038 3720 3279 3792 θρόνους,
3299 3722 3394 3774 καὶ
3411 3720 3763 3791 κυριότητας,

2184 3818 2276 3869 καὶ
2322 3814 2516 3886 ἀρχὰς,
2566 3815 2659 3867 καὶ
2700 3813 2947 3880 ἐξουσίας
2991 3812 3077 3866 διὰ
3128 3812 3229 3881 τῆς
3260 3811 3463 3882 σαρκὸς
3507 3810 3603 3864 τοῦ
3650 3812 3769 3863 Σω-

2183 3912 2366 3984 τῆρος·
2420 3908 2613 3978 λέγων,
2663 3909 2761 3979 τῆς
2810 3910 2868 3962 έν
2921 3906 3141 3980 Χριστῷ
3191 3907 3424 3969 κτίσεως
3473 3905 3763 3975 ἠξιῶσθαι,

2188 4001 2330 4071 Ἤδη
2358 4000 2414 4053 δὲ
2434 4000 2521 4053 διὰ
2548 4000 2645 4069 τῆς
2671 4000 2777 4072 πρὸ
2798 3998 2991 4053 τούτου
3014 3999 3233 4069 γραφῆς
3263 3995 3364 4061 τὰς
3396 3998 3526 4069 περὶ
3556 3997 3768 4051 τούτων

2185 4090 2279 4149 τοῦ
2313 4089 2630 4161 Μαρκέλλου
2664 4089 2847 4159 φωνὰς
2892 4088 3292 4162 παραθέμενος,
3338 4087 3500 4157 λόγου
3546 4105 3767 4160 συμμι-

520 4177 793 4232 stimonia.
829 4176 1000 4243 Quam
1050 4192 1179 4231 vero
1210 4177 1285 4231 sit
1329 4177 1577 4245 distorta,
1619 4189 1674 4234 et
1703 4180 1963 4237 violenter
1999 4199 2076 4239 co

2186 4183 2343 4255 τρίας
2369 4180 2701 4251 φειδόμενος,
2731 4183 2797 4252 τῇ
2827 4181 2938 4250 (70)
2964 4180 3141 4235 αὐτῶν
3172 4180 3393 4233 ἐκείνων
3430 4180 3770 4252 ἀρκεσθήσο-

522 4278 640 4322 acta
665 4270 777 4323 haec
802 4270 928 4323 dicti
972 4271 1249 4339 apostolici
1280 4272 1669 4342 interpretatio,
1706 4288 1808 4329 non
1844 4286 1945 4339 est,
1974 4276 2089 4344 opi-

522 4371 641 4423 nor,
669 4372 801 4427 opus
837 4367 894 4411 ut
928 4358 1169 4427 pluribus
1208 4360 1383 4414 adhuc
1422 4374 1740 4430 persequar,
1766 4377 1886 4417 cum
1928 4378 2087 4433 quam

2191 4286 2289 4339 μαι
2312 4268 2601 4339 μαρτυρίᾳ.
2648 4268 2734 4331 Ὠς
2771 4268 2830 4321 δὲ
2871 4268 3193 4339 διάστροφος
3233 4269 3327 4321 καὶ
3366 4267 3696 4341 βεϐιασμένη
3730 4273 3767 4342 ἡ

2188 4357 2410 4429 τοιαύτη
2442 4359 2693 4429 τυγχάνει
2731 4361 2830 4429 τῆς
2877 4358 3243 4428 ἀποστολικῆς
3266 4356 3463 4423 λέξεως
3486 4359 3765 4431 διήγησις,

522 4449 594 4502 sit
622 4448 715 4514 illa
739 4449 1019 4517 impudens
1044 4451 1444 4520 interpretatio,
1469 4458 1666 4523 cuique
1713 4456 1847 4519 satis
1876 4455 2076 4512 innote-

2192 4448 2253 4502 οῦ
2300 4466 2389 4520 μοι
2422 4448 2531 4503 δεῖν
2578 4449 2813 4520 ἠγοῦμαι
2860 4448 3206 4519 κατασκευῆς
3254 4449 3517 4515 πλείονος,
3567 4450 3657 4504 διὰ
3704 4451 3768 4505 ’ὼ

523 4547 657 4601 seat.

1106 4712 1331 4767 CAPUT
1368 4712 1496 4767 VIII.

522 4804 799 4876 Quomodo
839 4807 977 4859 idem
1028 4818 1228 4860 astruat
1270 4824 1480 4929 elaznem
1521 4808 1813 4865 Seruatoris
1847 4811 2091 4878 prodesse

1234 4893 1284 4929 nt
1306 4894 1341 4929 ιι
1371 4916 1385 4929 .

1234 4893 1385 4931 nutu.

594 4962 952 5019 Nihilominus
1001 4966 1091 5033 qui
1142 4966 1209 5021 de
1261 4982 1426 5022 carne
1476 4968 1774 5024 Servatoris
1827 4970 1936 5039 egit
1978 4978 2086 5023 tam

527 5056 731 5118 multis,
766 5056 907 5109 illam
961 5057 1115 5111 nobis
1154 5073 1258 5112 non
1302 5070 1587 5112 conservat
1633 5070 1834 5114 sartam
1866 5070 2084 5115 tectam.

527 5146 829 5213 Optandum
884 5160 1050 5212 esset,
1097 5157 1154 5201 ut
1186 5148 1267 5203 vel
1298 5150 1384 5203 hic
1427 5149 1614 5203 saltem
1648 5149 1736 5218 pie
1763 5165 1952 5219 sapere
1988 5165 2085 5203 vo-

528 5238 732 5299 luisset.
785 5238 853 5291 At
881 5253 1022 5292 nunc
1065 5246 1406 5309 posteaquam
1450 5242 1630 5294 omnia
1662 5240 1729 5295 de
1764 5255 1926 5296 carne
1992 5241 2088 5297 de-

602 5406 660 5463 >14
693 5400 788 5455 Ed.
817 5400 1014 5467 Paris.,
1041 5416 1161 5472 pag.
1191 5403 1314 5459 l76.
1354 5404 1625 5464 “Coloss.
1659 5420 1697 5472 t,
1735 5406 1921 5463 i5-i7.

596 5539 705 5613 (68)
740 5539 911 5613 Χυιεο
942 5540 1234 5613 διαφόροιςο

597 5608 705 5676 (69)
740 5608 904 5677 Vulgo
936 5610 1013 5663 δέ.

623 5680 710 5735 70)
747 5678 801 5730 In
829 5681 980 5733 codd.
1008 5678 1191 5732 αὑτοῦ.

623 5680 688 5735 70
747 5680 801 5730 In
829 5681 980 5733 codd.
1008 5680 1191 5732 αὑτοῦ.

594 5680 712 5829 (7ιέ
754 5750 916 5829 Vulgo
959 5752 1113 5804 παντὶ
1138 5750 1221 5820 τό,

2194 4540 2287 4594 καὶ
2328 4539 2439 4610 (71)
2486 4540 2645 4593 παντὶ
2680 4540 2757 4611 τῷ
2790 4542 3114 4613 κατάφωρον
3140 4536 3280 4595 εἶναι
3320 4540 3381 4594 τὸ
3410 4541 3625 4606 ἀναιδὲς
3664 4543 3768 4616 τῆς

2187 4632 2499 4704 ἑρμηνείας.

2234 4718 2235 4721 “
2835 4722 2993 4775 ΚΕΦ.
3034 4722 3115 4775 Η’.

2191 4814 2380 4877 Ὅπως
2426 4816 2458 4867 ό
2501 4813 2684 4877 αὐτὸς
2720 4811 2915 4881 μηδὲν
2957 4811 3211 4879 ὠφελεῖν
3255 4811 3370 4879 τὴν
3409 4810 3609 4880 σάρκα
3655 4810 3764 4869 τοῦ

2638 4881 2908 4948 Σωτῆρος
2939 4882 3299 4951 ἀπεφαίνετο

2266 4973 2409 5043 Πλὴν
2428 4973 2663 5027 τοσαῦτα
2688 4972 2933 5048 περὶτῆς
2958 4974 3158 5045 σαρκὸς
3178 4974 3271 5027 τοῦ
3296 4974 3543 5044 Σωτῆρος
3569 4971 3763 5039 εἰπὼν,

2194 5065 2301 5117 οὐδ’
2331 5066 2496 5137 αὐτὴν
2530 5068 2659 5135 ἡμῖν
2688 5065 2943 5133 φυλάττει
2972 5064 3135 5118 σώαψ
3171 5065 3247 5129 ὡς
3281 5065 3390 5118 εἴθε
3417 5065 3526 5136 γὰρ
3550 5064 3655 5118 κᾶν
3682 5066 3763 5127 είς

2193 5154 2358 5223 αὐτὴν
2396 5156 2485 5207 τὸν
2536 5154 2731 5223 εὐσεϐῆ
2779 5154 3014 5225 διετήρει
3059 5154 3337 5225 λογισμόν·
3390 5156 3507 5207 νυνὶ
3553 5153 3664 5222 (72)
3705 5152 3765 5205 δι

2202 5248 2335 5315 μετὰ
2362 5248 2539 5300 πάντα
2558 5246 2625 5298 τὰ
2652 5249 2776 5318 περὶ
2806 5248 2973 5317 αὐτῆς
3005 5246 3151 5317 αὐτῷ
3183 5247 3479 5318 λελεγμένα
3503 5248 3637 5316 (75),
3671 5247 3766 5299 ἐπὶ

2254 5541 2344 5608 (72
2372 5539 2542 5608 Vulgo
2564 5542 2621 5595 δὲ
2655 5541 2847 5595 πάντα.

2253 5611 2363 5680 (73)
2392 5608 2560 5681 Vulgo
2593 5612 2693 5682 imi
2718 5608 3101 5682 emquia_jrt'£t_v
3130 5608 3527 5682 αίῴνωντδιιιὶσ
3551 5617 3762 5676 conata:

2177 5676 2460 5751 legendum
2482 5676 2601 5739 Esse
2630 5676 3032 5752 συντελείᾲίκ.
3060 5678 3139 5752 [et
3164 5681 3241 5733 sic
3268 5676 3471 5750 codtl.].
