4032 6430
582 406 721 464 {0‘23

1252 403 1523 460 EUSEBII
1563 399 2040 458 CESARIENSIS
2077 398 2229 454 OPP.
2266 397 2449 453 PARS
2485 396 2575 453 IV.
2615 426 2685 440 -—
2729 394 3147 450 DOGMATICA.

3700 395 3839 456 ιω

579 537 698 575 rum
746 521 910 589 probe
958 518 1128 572 nostis
1154 521 1300 589 quod
1336 520 1497 573 verba
1551 534 1669 588 quze
1723 518 1876 571 vobis
1938 517 2137 570 locutus

2254 510 2458 578 λέγειν,
2486 512 2562 573 ὼς
2588 510 2709 564 δέον
2738 508 2908 579 αὐτὴν
2932 508 3153 570 ἐσθίειν,
3194 508 3327 579 μηδὲ
3376 508 3433 561 τὸ
3457 505 3721 579 αἰσθητὸν
3746 512 3839 564 καί

575 628 715 674 sum,
752 608 977 675 spiritus
1001 620 1129 663 sunt
1158 619 1213 663 et
1243 610 1347 662 vita
1382 629 1394 664 :
1440 611 1511 663 ita
1559 621 1616 664 ιιι
1651 611 1811 663 verba
1849 609 2021 676 ipsius
2045 648 2062 671 ,
2094 616 2147 661 et

570 692 852 759 sermones
876 698 988 753 sint
1020 715 1152 753 caro
1178 711 1233 753 et
1261 703 1481 769 sanguis
1507 740 1521 765 ,
1556 710 1610 753 et
1639 701 1682 753 si
1720 702 1841 766 quis
1874 714 1937 753 ea
1968 714 2146 754 come-

570 793 681 850 dat.
715 801 967 859 tanquam
996 791 1117 844 cibo
1152 792 1356 844 catlesti
1407 802 1623 858 pastus,
1671 791 1834 843 vitam
1888 800 2143 842 aeternam

570 882 932 949 participabit.
994 879 1072 934 Ne
1118 896 1268 950 ergo,
1332 880 1527 949 inquit,
1581 896 1677 935 vos
1731 882 1833 934 hoc
1886 881 2141 946 olTendnt,

567 973 711 1039 quod
778 973 843 1025 de
892 972 1220 1024 comedenda
1279 984 1449 1024 carne
1503 981 1557 1024 et
1606 972 1838 1025 bibendo
1886 972 2146 1037 sanguine

567 1062 677 1116 dixi
713 1081 728 1115 :
755 1078 850 1114 ttec
878 1062 1155 1116 auditione
1186 1062 1323 1115 nuda
1360 1063 1751 1116 conturbemini
1778 1103 1793 1127 ,
1844 1063 1888 1115 si
1937 1063 2145 1116 locutus

566 1165 685 1202 sum
743 1149 809 1203 de
833 1149 956 1203 cibo
990 1161 1044 1205 et
1074 1161 1220 1218 potu.
1254 1150 1379 1203 Haec
1410 1152 1552 1204 enim
1594 1152 1926 1205 sensibiliter
1959 1151 2142 1205 audita

568 1239 699 1294 nihil
739 1238 1349 1308 proderunt:Spiritus’
1394 1249 1571 1295 autem
1630 1252 1711 1296 est
1758 1241 1847 1308 qui
1897 1240 2139 1295 vivilicat

569 1330 924 1398 spiritualiter
986 1333 1282 1385 audientes.
1347 1329 1530 1386 Novus
1587 1342 1765 1386 autem
1822 1332 2143 1401 evangeliae

565 1422 825 1475 doctrina:
860 1423 1126 1490 interpres
1157 1424 1281 1480 iste.
1316 1438 1439 1475 cum
1484 1422 1617 1476 nihil
1649 1423 1843 1476 horum
1895 1432 2135 1491 caperet,

563 1514 769 1568 audisis
789 1516 1054 1582 quomodo
1081 1514 1287 1567 scribat
1325 1514 1546 1567 totidem
1584 1513 1804 1583 syllabis
1839 1513 1930 1585 [ἰὶ.
1979 1512 2093 1585 CV]
2124 1532 2137 1569 :

569 1620 590 1651 4
618 1602 751 1655 Cum
781 1612 1020 1671 tangeret
1051 1618 1246 1671 corpus
1290 1617 1445 1655 suum
1479 1612 1533 1656 et
1570 1603 1925 1671 praesentibus
1959 1613 2142 1657 osten-

569 1712 588 1743 ‹
642 1695 813 1760 deret,
857 1694 1069 1762 inquit:
1105 1693 1338 1747 Haecine
1371 1709 1458 1746 eos
1498 1693 1879 1747 scandalizat?
1916 1692 1973 1747 Si
2019 1709 2139 1762 ergo

2251 600 2565 670 σωματικὸν
2610 596 2749 671 αἷμα
2798 599 2973 653 πίνειν
3011 598 3421 669 ὑπολαμϐάνετέ
3465 616 3533 669 με
3565 599 3839 669 προστάτ-

2247 708 2383 756 τειν,
2420 691 2533 745 ἀλλ’
2558 687 2617 744 εὖ
2650 691 2788 756 ἴστε,
2838 690 2920 743 ὅτι
2971 688 3039 742 τὰ
3068 690 3292 761 ῥήματά
3338 707 3439 760 μου
3480 688 3519 742 ἃ
3565 687 3840 759 λελάληκα

2248 783 2377 851 ὑμῖν
2401 781 2619 852 πνεῦμά
2645 786 2759 835 ἐστι
2793 782 2888 835 καὶ
2913 779 3023 851 ζωή
3053 782 3200 835 ἐστιν
3218 798 3232 811 ⁶
3260 780 3402 834 ὥστε
3443 781 3583 833 αὐτὰ
3607 777 3749 834 εἶναι
3776 782 3839 836 τὰ

2250 876 2469 947 ῥήματα
2492 872 2731 935 καὶτοὺς
2755 872 2946 940 λόγους
2968 870 3133 925 αὑτοῦ
3154 870 3254 942 τήν
3272 872 3451 942 σάρκα
3472 873 3566 925 καὶ
3593 872 3657 924 τὸ
3676 865 3837 940 αἷμα,

2247 959 2322 1019 ὧν
2346 967 2375 1017 ὁ
2410 964 2652 1034 μετέχων
2675 963 2784 1025 ἀεὶ,
2832 961 3031 1015 ὡσανεὶ⁸
3050 962 3199 1033 ἄρτῳ
3215 962 3451 1032 οὐρανίῳ
3476 965 3837 1034 τρεφόμενος,

2244 1054 2344 1126 τῆς
2368 1054 2621 1126 οὐρανίου
2658 1050 2873 1123 μεθέξει
2904 1052 3069 1123 ζωῆς.
3110 1054 3201 1124 Μὴ
3230 1053 3294 1125 δὴ
3328 1050 3443 1115 οὖν,
3475 1056 3633 1124 φησὶ,
3673 1072 3840 1108 σκαν-

2244 1145 2510 1211 δαλιζέτω
2550 1148 2695 1216 ὑμᾶς
2722 1145 2900 1209 τοῦτο,
2925 1144 2954 1198 ὃ
2984 1146 3111 1216 περὶ
3144 1145 3398 1214 βρώσεως
3419 1146 3518 1215 τῆς
3543 1147 3687 1217 ἐμῆς
3715 1163 3840 1217 σαρ-

2244 1234 2340 1299 κὸς
2370 1237 2464 1289 καὶ
2500 1236 2629 1307 περὶ
2654 1236 2898 1305 πόματος
2915 1235 3009 1288 τοῦ
3034 1236 3165 1305 ἐμοῦ
3190 1237 3419 1305 αἵματος
3438 1237 3639 1308 εἴρηκα
3656 1256 3669 1267 ⁸
3699 1238 3839 1308 μηδὲ

2244 1328 2560 1398 ταραττέτω
2590 1329 2733 1397 ὑμᾶς
2762 1327 2793 1396 ἡ
2822 1328 3109 1398 πρόχειρος
3126 1327 3262 1398 ἀκοὴ
3286 1328 3395 1379 τῶν
3422 1330 3552 1399 περὶ
3577 1330 3684 1399 τῆς
3706 1346 3840 1403 σαρ-

2248 1418 2344 1481 κὸς
2392 1419 2485 1471 καὶ
2537 1419 2771 1488 αἵματος
2801 1419 3107 1495 εἰρημένων
3140 1436 3261 1489 μοι·
3302 1418 3476 1473 ταῦτα
3522 1421 3633 1492 γὰρ
3682 1421 3840 1475 οὐδὲν

2243 1509 2444 1578 ὠφελεῖ
2474 1509 2746 1579 αἰσθητῶς
2776 1509 3084 1579 ἀκουόμενα
3108 1527 3121 1539 ·
3149 1510 3210 1562 τὸ
3249 1509 3305 1561 δὲ
3351 1510 3580 1581 Πνεῦμά
3622 1514 3746 1565 ἐστι
3779 1513 3838 1565 τὸ

2244 1596 2543 1663 ζωοποιοῦν
2591 1602 2716 1664 τοὺς
2767 1599 3154 1670 πνευματικῶς
3203 1600 3422 1653 ἀκούειν
3470 1599 3834 1672 δυναμένους.

2256 1690 2391 1743 Ἀλλ’
2422 1693 2451 1743 ό
2484 1691 2668 1754 καινὸς
2713 1691 2986 1767 ἐξηγητής
3025 1690 3133 1743 τῶν
3164 1692 3535 1760 εὐαγγελικῶν
3568 1694 3834 1764 μαθημά-

570 1802 590 1833 ι
640 1785 873 1851 videritis
928 1783 1133 1838 Filium
1189 1785 1419 1837 hominis
1466 1786 1829 1837 ascendentem
1865 1785 1949 1835 ubi
1992 1786 2136 1852 prius

2253 1799 2349 1835 των
2384 1781 2551 1853 μηδὲν
2596 1781 2800 1835 τούτων
2849 1782 3071 1848 συνιεὶς,
3121 1783 3423 1845 ἐπάκουσον
3447 1784 3598 1847 ὅπως
3626 1786 3835 1856 γράφει

566 1894 587 1926 ι
635 1848 806 1945 fuerat
832 1877 858 1930 Γ
882 1877 1095 1944 spiritus
1123 1876 1380 1947 oiviﬁcat,
1415 1890 1538 1927 caro
1576 1891 1677 1927 non
1719 1876 1927 1943 prodest
1976 1842 2129 1943 quid-

2253 1842 2411 1941 ιέγων
2436 1842 2627 1935 αὑταῖς
2660 1872 2949 1936 συλλαϐαῖς
2976 1890 2989 1903 ·
3058 1842 3067 1848 ⁷
3091 1842 3212 1925 Τοῦ
3233 1842 3591 1945 ἀνθρωπίνου-
3612 1842 3833 1947 δέῲάρε.

565 1984 587 2017 s
631 1983 810 2035 quam.
843 1985 861 2019 ι
890 1968 968 2020 Ad
998 1981 1155 2036 quem
1198 1967 1481 2024 dicendum
1515 1975 1595 2019 est
1626 1985 1639 2020 :
1678 1966 1745 2019 Et
1780 1966 1923 2018 unde
1952 1966 2069 2028 tibi.
2098 1981 2131 2018 ο

2253 1981 2258 2013 ι
2302 1980 2390 2025 νος
2423 1963 2677 2033 σώματος
2727 1965 2822 2016 καὶ
2853 1962 3033 2027 δείξας
3058 1963 3193 2017 αὐτὸ
3246 1968 3359 2030 τοῖς
3414 1965 3604 2036 ὁρῶσι,
3646 1968 3831 2021 Τοῦτο

564 2057 725 2123 bone,
748 2067 806 2111 ttt
826 2057 1047 2125 adjicias
1080 2059 1145 2111 ad
1174 2057 1510 2126 Scripturam
1535 2054 1903 2125 evangelicam
1929 2054 1952 2107 ἲ
1974 2054 2133 2108 Nam-

2253 2071 2256 2104 :
2296 2051 2452 2122 ὑμᾶς
2470 2053 2887 2117 amr-6141M“;
2908 2054 3032 2125 ἔφη·
3066 2055 3204 2107 Ἐὰν
3222 2052 3336 2111 οὖν
3361 2057 3528 2124 ἴδητε
3548 2060 3660 2113 τὸν
3693 2059 3831 2113 Υἱὸν

561 2163 688 2214 que,
721 2148 1061 2203 Servatoretn
1088 2163 1285 2216 corpus
1315 2148 1611 2202 humanum
1644 2148 1886 2216 tetigisse
1922 2147 2133 2215 Etprae-

2253 2165 2255 2195 :
2293 2144 2400 2197 τοῦ
2440 2145 2754 2217 ἀνθρώπου
2799 2148 3067 2210 ἀνιόντα,
3120 2146 3274 2201 ὅπου
3299 2144 3380 2218 ἦν
3410 2149 3476 2201 τὸ
3508 2153 3829 2218 πρότεροη

560 2240 801 2293 sentibus
831 2239 1151 2299 ostendisse.
1202 2238 1537 2308 dixisseque,
1590 2238 1818 2292 hoccine
1853 2251 1947 2290 vos
1974 2251 2133 2291 scau-

2253 2257 2255 2286 r
2296 2238 2364 2291 τὸ
2377 2238 2611 2307 πνεῦμα
2632 2237 2915 2305 ζωοποιεῖ,
2942 2242 2981 2309 ἠ
3007 2240 3162 2307 σὰρξ
3188 2241 3370 2294 οὐδὲν
3390 2241 3632 2310 ὠφελεῖ.
3647 2264 3664 2293 ι
3684 2244 3829 2313 Πρὲς

558 2330 801 2384 dalizat?
836 2345 938 2384 non
976 2331 1200 2385 habetur
1243 2329 1379 2396 apud
1414 2330 1803 2399 evangelistam
1829 2368 1844 2394 ,
1896 2336 1953 2382 tu
1994 2344 2026 2382 ιι
2081 2338 2132 2383 te

2253 2345 2287 2379 ιν
2300 2322 2368 2397 ἧν
2386 2328 2579 2381 εἰπεῖν·
2601 2330 2708 2382 Καὶ
2726 2329 2889 2382 πόθεν
2905 2346 3008 2394 σοι,
3032 2324 3078 2384 ὧ
3093 2334 3327 2399 γενναῖε,
3344 2335 3376 2403 ή
3401 2334 3691 2406 προσθήκη
3720 2334 3829 2388 τῶν

559 2417 737 2489 lingis.
770 2430 825 2474 et
856 2433 888 2473 e
916 2428 1008 2474 tuo
1038 2420 1267 2473 cerebro
1301 2419 1403 2472 hoc
1438 2418 1863 2471 additamentum
1902 2415 2130 2471 commi-

2253 2417 2307 2489 ιη
2320 2418 2638 2489 φερομένων
2655 2422 2711 2472 ὲν
2729 2423 2795 2491 τῇ
2817 2420 3143 2493 εὐαγγελικῇ
3163 2422 3356 2493 Γραφῇ
3374 2441 3388 2485 ;
3408 2424 3469 2475 τὸ
3492 2424 3603 2495 γὰρ
3618 2424 3717 2479 τοῦ
3736 2427 3829 2479 ἁν-

560 2507 694 2563 nisci
720 2525 884 2564 ausus
922 2525 1002 2565 es.
1032 2509 1185 2577 Quod
1228 2509 1403 2562 audax
1444 2506 1652 2562 facinus
1687 2523 1717 2560 a
1760 2522 1819 2562 se
1852 2517 2128 2577 acceptum

2253 2509 2505 2581 ’ρωπίνου
2525 2509 2775 2580 σώματος
2800 2511 3075 2581 ἁψάμενον
3099 2512 3188 2563 τὸν
3207 2513 3432 2583 Σωτῆρα
3458 2515 3552 2567 καὶ
3575 2514 3829 2579 δείξαντα

560 2602 833 2656 transtulit
860 2617 945 2666 eo,
977 2611 1035 2656 ut
1061 2603 1264 2657 diceret
1288 2614 1507 2654 carnem
1547 2598 1851 2654 Servatoris
1884 2614 1914 2652 a
1958 2600 2129 2654 Verbo

2253 2601 2369 2653 ιύτὺ
2393 2601 2508 2663 τοῖς
2542 2599 2743 2671 ὁρῶσιν
2772 2602 3069 2672 εἰρηκέναι,
3098 2601 3256 2655 τοῦτο
3282 2604 3427 2673 ὑμᾶς
3441 2606 3825 2671 σκανδελίζεις

554 2704 658 2745 suo
685 2693 810 2746 olint
840 2692 1253 2762 relinquendam
1286 2692 1432 2746 omni
1463 2693 1782 2760 operatione
1815 2692 2071 2745 nudatam
2110 2711 2122 2746 :

2253 2689 2383 2761 παρὰ
2416 2690 2615 2744 σαυτοῦ
2652 2691 2911 2755 πλάττεις
2940 2692 3031 2745 καὶ
3064 2692 3163 2764 τὴν
3205 2695 3527 2767 προσθήκην
3554 2698 3666 2750 ἀπὸ
3696 2700 3826 2752 σαῦ-

552 2782 603 2835 si
649 2781 848 2837 fatetur
892 2798 1020 2851 ergo
1076 2797 1292 2836 carnem
1337 2782 1594 2851 prodesse
1648 2782 1823 2834 nihil:
1859 2783 2127 2851 quomodo

2253 2781 2319 2834 οῦ
2347 2781 2614 2835 ποιεῖσθαι
2640 2781 2843 2857 τολμᾷς
2872 2785 2885 2836 l
2935 2784 2996 2837 Ὀ
3028 2785 3093 2856 δὴ
3146 2785 3403 2857 τόλμημα
3457 2788 3592 2858 παρ’
3626 2789 3823 2843 ἑαυτοῦ

558 2879 670 2922 tum
705 2870 819 2936 ﬂet,
854 2879 906 2923 ut
932 2886 1051 2939 quas
1080 2872 1143 2924 de
1175 2880 1317 2925 terra
1345 2879 1428 2923 est
1476 2879 1531 2923 et
1564 2868 1695 2921 nihil
1740 2871 1980 2939 prodest,
2009 2880 2127 2924 tan-

2253 2872 2406 2924 ,αϐὼν
2448 2871 2698 2925 ἐντεῦθεν
2742 2872 2917 2928 οἴεται
2962 2877 3429 2946 παρασκευάζειν,
3477 2878 3687 2951 ἔρημον
3722 2880 3823 2951 τῆς

553 2969 715 3025 quam
762 2959 1055 3028 profutura
1106 2960 1159 3013 in
1210 2958 1391 3013 futuro
1437 2957 1634 3013 saeculo
1693 2960 1833 3015 adsit
1902 2959 2125 3015 Verbo?

2255 2963 2504 3034 νεργείας
2554 2963 2649 3017 τοῦ
2692 2963 2867 3032 Λόγου
2896 2964 2995 3037 τὴν
3027 2968 3206 3039 σάρκα
3234 2967 3328 3022 τοῦ
3360 2970 3616 3043 Σωτῆρος
3650 2990 3823 3026 κατα-

559 3052 618 3110 ›Ῑ‹
639 3049 717 3102 Ad
734 3048 875 3103 hunc
900 3052 1114 3105 modum
1134 3053 1401 3108 inerudite
1415 3064 1467 3107 et
1488 3053 1775 3107 inscienter
1796 3052 2039 3121 prorupit
2058 3051 2123 3105 ad

2253 3053 2604 3124 ,ηφθήσεσθαι
2646 3054 2841 3122 λέγων.
2877 3056 2940 3110 Εί
2966 3053 3060 3111 οὖν
3096 3060 3353 3129 ὁμολογεῖ
3374 3062 3473 3132 τήν
3503 3064 3686 3135 σάρκα
3719 3082 3823 3135 μη-

555 3142 793 3195 divinam
830 3140 1168 3213 Scripturam
1224 3145 1709 3215 interpretandum.
1746 3144 1854 3199 Sed
1895 3153 1949 3198 et
1992 3158 2123 3213 apo.

2253 3145 2316 3197 [ὲν
2356 3145 2467 3215 (89)
2506 3144 2736 3212 ὠφελεῖν
2759 3148 2944 3212 αὑτὸν,
2982 3148 3098 3213 πῶς
3124 3153 3372 3224 ὲγχωρεζ
3386 3154 3486 3223 τὴν
3515 3155 3581 3206 ὲκ
3614 3156 3721 3225 γῆς
3759 3173 3817 3209 τε

552 3233 773 3287 stolicos
836 3236 903 3287 ad
965 3236 1213 3292 eumdem
1271 3238 1486 3290 modum
1538 3250 1817 3292 sermones
1873 3250 2127 3307 perverse

2253 3232 2393 3290 ιῦσαν
2434 3235 2529 3288 καὶ
2557 3235 2723 3306 μηδὲν
2753 3238 3070 3307 ὠφελοῦσαν
3121 3246 3217 3295 καὶ
3260 3245 3322 3297 ὲν
3361 3249 3476 3309 τοῖς
3526 3247 3819 3318 μέλλουσιν

552 3317 898 3388 Interpretari
937 3340 1218 3393 aggressus
1242 3334 1347 3379 est.

2253 3326 2422 3380 ιίῶσιν
2469 3326 2545 3391 ὡς
2590 3326 2739 3399 αὑτῷ
2790 3330 3194 3399 λυσιτελοῦσαν,
3240 3317 3592 3411 συνεῖναι
3616 3341 3814 3414 Δόγῳ;

552 3408 711 3464 οὕτω
741 3414 839 3482 μὲν
884 3408 976 3467 οῦν
1022 3414 1248 3484 ἀμαθῶς
1282 3417 1375 3470 καὶ
1419 3416 1865 3486 ἀνεπιστημόνως
1936 3416 2039 3489 τὴν
2099 3416 2455 3489 εὐαγγελικὴν
2499 3421 2952 3491 παρερμηνεῦσαι
2990 3425 3173 3497 φωνὴν
3232 3427 3488 3500 ὡρμήθη,
3548 3408 3647 3485 καὶ

550 3505 921 3559 ἁποστολικῶν
944 3508 1001 3562 δὲ
1023 3509 1221 3579 ὁμοίως
1253 3511 1511 3581 ῥημάτων
1539 3510 1898 3581 διαστρόφους
1925 3512 2209 3585 ἐξηγήσεις
2239 3515 2495 3566 ἐποιεῖτο.

1162 3601 1313 3655 CAP.
1358 3600 1492 3655 XIII.

552 3688 826 3755 Quomodo
880 3707 1090 3759 regnum
1139 3691 1329 3745 Christi
1379 3694 1472 3755 ait,
1529 3694 1738 3744 initium
1789 3702 1912 3745 ante
1953 3707 2119 3745 annos

620 3762 1027 3827 quadringentos
1062 3764 1353 3826 accepisse,
1408 3763 1707 3815 habitammt
1749 3770 1924 3815 autem
1961 3761 2119 3829 ﬁnem

623 3829 678 3881 in
702 3832 1148 3882 consummatione
1175 3832 1377 3893 urenti,
1423 3835 1617 3884 censuit
1660 3846 1927 3897 perversae
1963 3828 2117 3886 Scri-

623 3909 899 3965 ptttrarttm
930 3901 1383 3966 interpretationes
1408 3901 1694 3969 afferenda.

2862 3612 3020 3666 ΚΕΦ.
3055 3613 3156 3668 Il‘.

2226 3701 2426 3771 Ὅπως
2448 3706 2562 3776 τὴν
2584 3703 2693 3759 τοῦ
2727 3703 2984 3773 Χριστοῦ
3004 3702 3340 3768 βασιλείαν
3365 3706 3711 3831 ἀρχὴνῦῗ
3728 3710 3816 3764 el-

2292 3775 2554 3831 .lrwérat
2580 3774 2696 3831 τὴν
2730 3772 2849 3827 ἀπὸ
2884 3777 3287 3831 τετρακοσίων
3315 3776 3467 3829 error
3490 3816 3506 3831 .
3538 3795 3570 3829 τ
3686 3799 3722 3831 c
3744 3779 3816 3831 δὲ

2292 3772 2554 3845 {ngeret
2580 3774 2696 3845 τὴν
2730 3772 2849 3827 ἀπὸ
2884 3777 3287 3845 τετρακοσίων
3315 3772 3519 3841 sese“;
3538 3772 3722 3845 τέλος
3744 3779 3818 3833 δὲ

2292 3842 2455 3907 ἕξειν
2484 3846 2556 3899 ἐν
2596 3842 2672 3919 τῇ
2706 3842 3049 3919 συντελείᾳ,
3088 3842 3813 3919 διεϐεϐαιοῦτοβιαᾳξρό-

2293 3930 2467 4036 φουςί
2496 3915 2849 3984 ποιούμενος
2906 3912 3015 3979 τὰς
3064 3912 3185 3968 τῶν
3228 3917 3404 3971 θείων
3432 3912 3817 3989 Γραφῶνᾎρ-

2293 3999 2445 4050 μην-ε
2468 4001 2562 4050 ας.
2880 4036 2883 4039 .

2375 3999 2461 4036 νει
2547 4024 2562 4038 .
2880 4036 2883 4039 .

2286 3999 2674 4146 ἵὲτίκααςγοῦν,
2702 4078 2762 4130 ὲν
2787 4078 2911 4139 ταῖς
2951 4076 3190 4148 Πράεεσι
3207 4078 3313 4131 τῶν
3339 4080 3676 4141 ἀποστόλων.
3710 4083 3809 4136 τοῦ

2221 4160 2429 4233 Πέτρου
2458 4167 2585 4235 περὶ
2616 4165 2707 4220 τοῦ
2737 4166 2986 4237 Σωτῆρος
3024 4167 3183 4238 ήμῶν
3225 4171 3509 4241 εἰρηκότος
3529 4211 3545 4233 ,
3582 4176 3696 4226 ὀν
3716 4173 3816 4227 δεῖ

622 4054 757 4111 Cum
788 4056 842 4110 in
866 4054 1230 4123 apostolorum
1263 4055 1490 4111 Actibus
1522 4056 1667 4111 dicat
1690 4055 1906 4122 Petrus.
1950 4057 2116 4126 Qttein

553 4156 751 4214 oportet
780 4144 935 4199 caelos
964 4161 1150 4213 capere
1191 4162 1352 4216 usque
1379 4147 1451 4198 ad
1483 4155 1684 4214 tempus
1720 4149 2118 4204 restaurationis

552 4239 786 4291 omnium
836 4236 889 4301 ’ς
939 4239 1281 4317 sententiam
1314 4236 1430 4303 ejus
1487 4236 1589 4293 loci
1634 4252 1741 4292 non
1796 4237 2116 4309 intelligens,

552 4329 682 4385 hinc
744 4327 1052 4398 prolectus,
1115 4328 1311 4382 Christi
1385 4342 1605 4398 regnum
1671 4329 2119 4387 circumscribere

2253 4356 2396 4409 πεως,
2429 4344 2729 4420 μὴ,νοήσας
2773 4349 2872 4419 τὴν
2914 4350 3006 4403 τοῦ
3040 4351 3202 4420 λόγου
3242 4351 3514 4419 διάνοιαν,
3548 4356 3810 4411 ἐντεῦθεν

550 4431 798 4483 conatur,
830 4420 1117 4475 terminum
1148 4419 1286 4474 illius
1313 4419 1484 4484 aiens,
1522 4430 1576 4474 et
1617 4421 2117 4477 detertninationetn

2253 4428 2324 4501 ήν
2372 4433 2649 4502 βασιλείαν
2691 4424 3073 4511 τοῦ“Χριστοῦ
3117 4419 3495 4514 περιγράφειν
3540 4448 3808 4517 πειρᾶται

550 4514 869 4584 signillcari,
897 4528 963 4568 eo
992 4513 1134 4582 quod
1151 4513 1368 4578 dicitur,
1393 4510 1567 4584 Usque
1596 4515 1668 4567 ad
1691 4522 1890 4584 tempus
1914 4524 2119 4569 restes-

2253 4533 2344 4586 ρον
2367 4520 2486 4574 τινὰ
2519 4523 2741 4592 φάσκων
2775 4527 2869 4579 καὶ
2890 4510 3231 4599 προθεσμίαν
3262 4510 3360 4601 τῆς
3388 4510 3675 4601 βασιλείας
3705 4538 3807 4591 αὖ.

548 4607 789 4661 rationis.
824 4607 935 4660 Hoc
962 4607 1101 4660 idem
1142 4615 1196 4660 et
1240 4620 1337 4675 per
1379 4604 1653 4661 Psalmum
1690 4607 1917 4663 indicari
1964 4608 2122 4661 docet

2253 4606 2314 4660 οῦ
2340 4608 2646 4681 δηλοῦσθαι,
2684 4615 2773 4671 διά
2800 4619 2863 4671 τὸ
2897 4617 3181 4687 λέγεσθαι,
3210 4621 3345 4689 ἄχρι
3384 4625 3625 4691 χρόνων
3654 4629 3806 4683 ἀπο-

546 4698 833 4760 diceutem,
872 4694 1005 4751 Sede
1037 4713 1069 4749 a
1106 4698 1306 4751 dextris
1342 4698 1501 4761 meis,
1532 4699 1697 4751 donec
1719 4713 1911 4763 ponant
1942 4696 2122 4749 iniuri-

2253 4694 2658 4771 αταστᾶσεως.
2693 4707 2767 4760 Τὸ
2796 4710 2930 4762 αὐτὸ
2970 4710 3027 4762 δὲ
3067 4709 3224 4765 τοῦτο
3274 4714 3631 4771 συνίστασθαί
3666 4738 3801 4789 φησι

545 4804 634 4843 cos
664 4796 780 4842 tuos
815 4787 1099 4841 scabellum
1127 4787 1312 4865 pedum
1337 4799 1541 4841 tuorum
1562 4786 1603 4841 δ.
1647 4785 1955 4841 EtPau’Ium
1991 4801 2122 4854 apo-

2253 4791 2315 4849 al.
2342 4790 2429 4847 διὰ
2460 4789 2565 4847 ’τοῦ
2597 4796 2901 4865 φάσκοντος
2942 4800 3173 4873 1Ιταλμοῦ
3193 4843 3206 4867 ,
3240 4803 3435 4859 Κάθου
3472 4808 3542 4860 ἐκ
3584 4785 3804 4874 δεέιῶν

545 4880 744 4935 stolnm
808 4881 1012 4935 dixisse
1074 4882 1143 4935 ob
1218 4882 1357 4935 hanc
1407 4895 1665 4943 causam.
1726 4878 1946 4947 Oportet
1999 4896 2116 4933 enm

2253 4898 2357 4947 ιου,
2388 4881 2498 4950 ἓως
2519 4882 2598 4939 ἂν
2614 4886 2696 4940 θῶ
2718 4889 2861 4955 τοὺς
2884 4890 3135 4960 ἐχθρούς
3159 4909 3276 4948 σου
3312 4896 3649 4950 ὑποπόδιον
3680 4899 3803 4955 τῶν

545 4986 784 5040 regnare,
835 4987 995 5040 usque
1031 4971 1154 5024 dum
1206 4972 1448 5040 posuerit
1479 4972 1716 5025 inimicos
1758 4968 1853 5023 sub
1896 4970 2114 5039 pedibus

2253 4970 2419 5025 ποδῶν
2444 4991 2561 5031 σου
2578 5017 2595 5042 ,
2626 4979 2721 5035 καὶ
2753 4980 2965 5037 Παῦλον
2994 4982 3051 5038 δὲ
3076 4985 3169 5038 τδν
3199 4986 3493 5041 ἀπόστολον
3521 4988 3612 5043 διὰ
3638 4992 3801 5051 τοῦτο

544 5062 655 5116 suis
680 5061 721 5114 ⁸.
762 5061 891 5115 Illud
920 5064 1063 5116 enim
1112 5065 1300 5131 donec,
1358 5074 1413 5117 et
1466 5080 1629 5135 usque
1660 5064 1785 5118 datus
1831 5064 2111 5119 deﬁnitum

2253 5062 2496 5151 ἰρηκέναι
2520 5066 2603 5132 τὸ,
2636 5068 2740 5121 Δεῖ
2756 5069 2867 5139 γὰρ
2895 5072 3083 5128 αὐτόν
3102 5075 3477 5139 βασιλεύειν.
3498 5077 3611 5144 ἓως
3622 5078 3702 5133 ἂν
3720 5080 3800 5151 θῇ

546 5158 757 5211 tempus
781 5148 1088 5218 signiﬁcare
1139 5153 1474 5217 arbitratur;
1528 5154 1745 5207 attende
1796 5167 1927 5222 ergo
1972 5166 2111 5220 quo-

2253 5150 2356 5218 οὺς
2384 5155 2637 5225 ἐχθροὺς
2662 5161 2783 5216 ὑπὸ
2809 5163 2952 5230 τοὺς
2979 5165 3169 5233 πόδας
3192 5168 3381 5222 αὐτοῦ
3400 5185 3414 5198 ⁸
3454 5169 3517 5222 τὸ
3547 5171 3658 5242 γὰρ

544 5241 705 5295 modo
731 5241 797 5294 ad
846 5242 1065 5295 verbum
1101 5244 1346 5309 scribat,
1382 5244 1631 5312 inquiens
1676 5241 1784 5316 [ιι.
1815 5243 1951 5309 CIV,
1983 5242 2106 5297 coll.

2253 5243 2306 5295 αὶ
2332 5244 2393 5298 τὸ
2424 5246 2565 5317 ἄχρι
2598 5256 3032 5326 περιωρισμένου
3061 5259 3251 5330 χρόνου
3292 5241 3796 5331 σημαντικὺνεῐναι

544 5347 595 5402 Po
616 5332 678 5387 5i
702 5329 743 5385 C
761 5328 859 5404 ]:‘t
890 5331 1043 5388 Hanc
1060 5334 1130 5389 ob
1147 5349 1367 5390 causam
1392 5336 1604 5391 videtur
1626 5334 1753 5390 mihi
1775 5334 1915 5390 Deus
1935 5334 2112 5389 omni-.-

2253 5333 2503 5405 πέλαὸεν.
2558 5341 2891 5400 Ἐπάκουσον
2924 5348 3037 5420 (90)
3063 5328 3215 5418 γοῦν
3258 5328 3405 5417 ὅπως
3460 5353 3605 5409 κατὰ
3646 5354 3797 5421 λέξιν

617 5502 674 5561 E4
704 5497 805 5553 Ed.
834 5498 1010 5567 Paris,
1042 5519 1162 5573 pag.
1200 5504 1323 5560 i8I.
1398 5506 1420 5539 ⁸
1450 5507 1571 5562 Act.
1611 5522 1693 5566 ιιι.
1738 5506 1829 5562 21.
1901 5506 1923 5540 ⁸
1945 5505 2092 5563 Psal.
2123 5522 2137 5562 ι

2278 5509 2331 5570 I.
2404 5513 2429 5545 ³
2456 5510 2476 5567 ι
2508 5510 2634 5569 Cor.
2679 5528 2768 5581 xv,
2797 5514 2887 5572 25.

614 5670 1291 5773 git-edn.
1339 5681 1535 5739 lterum
1582 5685 1671 5773 hic
1734 5688 2105 5770 reponendum

2253 5691 2330 5773 τῷ,
2371 5694 2458 5751 hic
2505 5710 2667 5765 porro
2695 5707 2846 5773 recte
2890 5697 3173 5769 scriptum,
3231 5709 3285 5754 ut
3343 5715 3514 5773 nuper
3540 5706 3789 5759 correxi-

545 5740 1120 5885 mlngzftg‘tgtéiﬁgfxo
1147 5749 1428 5818 ὡσαύτως.
1461 5757 1604 5824 quod
1651 5756 1705 5813 in
