4032 6486
248 395 366 452 me

1174 381 1264 438 DE
1302 377 1843 439 ECCLESIASTICA
1882 372 2284 434 γιιεοιοσιΔ
2316 370 2449 429 LIB.
2488 370 2582 429 Ill.

3387 367 3530 425 £030

248 523 365 562 mea.
389 510 476 563 καλ
502 503 772 576 σὺαυσιν
803 500 1069 570 γίνεσθαι
1108 497 1217 555 τῶν
1246 482 1406 565 ὄλων,
1442 499 1619 553 ἓνκαὶ
1649 498 1824 553 ταύτὸ·

1948 498 2023 551 ιίο
2053 496 2105 550 in
2138 508 2198 550 se
2218 491 2379 548 simul
2420 490 2662 547 omnium
2707 501 2875 545 :cum
2932 486 3104 543 Filius
3155 494 3213 541 et
3267 491 3533 559 quotquot

258 598 616 669 τινησομάνων
644 585 745 646 to?)
765 590 915 647 Υίοῦ
943 593 1040 647 καὶ
1070 592 1180 646 τῶν
1207 590 1410 646 λοιπῶν
1435 592 1712 652 ἁπάντων,
1747 592 1844 643 καὶ

254 686 317 741 οίι
342 686 521 758 μόνον,
538 684 670 741 ἀλλὰ
691 681 795 737 καὶ
809 682 979 738 αὺτοῦ
994 682 1089 736 τοῦ
1105 683 1238 737 Θεοῦ
1260 682 1357 752 (6).
1377 682 1440 735 El
1456 685 1564 754 γὰρ
1578 681 1647 735 τὰ
1665 680 1843 735 πάντα

256 776 337 850 τῷ
365 777 479 849 rio
500 818 515 842 ,
549 780 579 831 ὁ
600 775 656 829 δὶ
687 772 819 839 Υἱὸς
852 774 932 847 τῷ
965 776 1138 848 Πατρὶ
1160 814 1176 839 ,
1216 777 1276 827 ὲν
1312 773 1392 845 τῷ
1439 771 1842 827 ὑποτάσσεσθαι

248 867 491 932 ἑνοῦται,
508 868 611 939 δρα
637 866 692 920 τί
714 866 1001 938 συμϐαίνει
1033 868 1099 919 ὲκ
1121 865 1216 919 τοῦ
1239 865 1421 933 λόγου.
1468 862 1627 923 Ἀλλ’,
1652 862 1843 935 ὥσπερ

246 958 354 1029 οὐχ
385 957 578 1011 ῑνωσιν
603 958 633 1010 ό
670 955 990 1021 Ἀπόστολος
1004 954 1196 1027 ἐδήλου
1222 954 1417 1023 λέγων,
1434 952 1841 1023 ’Υποτατήσε-

236 1048 399 1101 σθαι
427 1043 506 1111 τῷ
562 1043 672 1111 Υίῷ
715 1045 789 1100 τὰ
836 1044 1068 1109 πάντα,
1100 1044 1236 1099 ἀλλά
1266 1045 1365 1117 τὴν
1396 1043 1455 1111 ἐξ
1488 1043 1839 1098 αὑθεκουσίου

238 1138 630 1211 προαιρέσεως
660 1139 907 1210 ὑπακοὴν
937 1138 1032 1192 καὶ
1061 1136 1160 1208 τὴν
1188 1136 1346 1203 δόξαν
1379 1137 1473 1189 καὶ
1508 1134 1608 1207 τὴν
1650 1134 1838 1206 τιμὴν,

228 1228 315 1300 ἣν
351 1227 627 1284 ἀποδώσει
655 1227 805 1300 αὑτῷ
832 1228 900 1282 τά
932 1228 1130 1289 πάντα,
1170 1221 1258 1280 οἷα
1287 1226 1522 1297 Σωτῆρι,
1551 1225 1647 1279 καὶ
1688 1223 1841 1295 βασι-

231 1317 333 1373 λεῖ
364 1318 473 1372 τῶν
500 1318 636 1372 ὅλων
650 1334 663 1349 ·
682 1318 772 1373 τὸν
794 1318 954 1373 αὑτὸν
968 1318 1169 1390 τρόπον
1192 1316 1362 1371 καὶτὸ
1388 1316 1549 1370 αὐτὸν
1567 1316 1842 1386 ὑποταγήη

229 1411 448 1465 σεσθαι
479 1410 557 1481 τῷ
585 1410 761 1482 Πατρὶ
781 1410 933 1465 οὐδὲν
948 1412 1131 1483 ἕτερον
1158 1412 1232 1482 (7)
1270 1412 1521 1482 σημαίνοι
1553 1409 1638 1471 ἂν,
1678 1409 1711 1480 ἢ
1740 1410 1839 1479 τὴν

228 1501 415 1569 δόξαν
428 1502 521 1555 καὶ
533 1501 634 1573 τὴν
644 1518 697 1554 τι
704 1502 809 1572 μὴν
826 1502 986 1555 καὶτὸ
1002 1502 1165 1565 σέόας
1176 1504 1273 1574 τήν
1286 1519 1343 1555 τε
1364 1501 1837 1573 μεγαλοπρέπειαν

223 1594 358 1663 τήν
376 1609 434 1645 τε
461 1591 813 1646 αὐθεκούσιον
833 1593 1101 1663 ὑπακοὴν,
1131 1594 1196 1664 ἢν
1236 1594 1332 1646 καὶ
1374 1592 1536 1655 αὐτὸς
1567 1589 1836 1645 ἀποδώσει

222 1683 329 1755 τῷ
351 1683 471 1754 Θεῷ
503 1682 598 1737 καὶ
626 1683 802 1755 Πατρὶ
821 1724 836 1748 ,
885 1682 1105 1736 ἐπειδὰν
1136 1683 1263 1746 τοὺς
1287 1683 1493 1745 πάντας
1524 1681 1708 1746 ἀξίους
1739 1680 1836 1750 τῆς

222 1776 527 1846 πατρικῆς
548 1776 800 1845 θεότητος
819 1769 956 1828 εἶναι
978 1775 1392 1844 παρασκευάσῃ.
1413 1772 1561 1836 Τέως
1582 1772 1680 1841 μὲν
1703 1769 1832 1838 γάρ,

218 1864 321 1928 ὡς
352 1843 441 1917 ὄτε
472 1843 572 1918 οὐκ
599 1843 737 1928 ἄξιοι
762 1862 964 1934 ταύτης
1002 1862 1127 1925 eiei,
1175 1861 1461 1932 προλαϐὼν
1512 1858 1693 1921 αὐτὸς,
1745 1852 1834 1910 οἶά
1867 1843 1907 1897 Β

225 1968 338 2015 τις
368 1954 545 2017 κοινὸς
574 1952 829 2007 ἁπάντων
869 1951 1079 2022 Σωτὴρ,
1112 1948 1468 2021 διορθωτικὴν
1490 1948 1599 2001 τῶν
1627 1945 1832 2000 ἀτελῶν

227 2046 346 2101 καὶ
380 2046 783 2116 θεραπευτικὴν
799 2045 905 2098 τῶν
923 2043 1213 2114 θεραπείας
1253 2044 1522 2112 δεομένων
1554 2040 1831 2109 βασιλείαν

225 2137 545 2209 βασιλεύει,
595 2139 720 2200 τοὺς
764 2137 864 2204 τὴς
901 2136 1176 2206 βασιλείας
1211 2135 1443 2207 ἐχθροὺς
1468 2134 1696 2201 ὑπάγων
1719 2138 1832 2199 τοῖς

220 2228 413 2283 αὑτοῦ
462 2228 648 2281 ποσίν⁸
686 2226 715 2279 ὄ
759 2228 822 2297 δὴ
868 2228 1196 2299 παρίστησιν
1242 2228 1271 2279 ὁ
1317 2226 1542 2295 φάσκων
1578 2226 1828 2296 Ψαλμὸς,

221 2316 434 2375 Εἶπεν
467 2322 499 2372 d
526 2319 742 2386 Κύριος
766 2315 847 2381 τῷ
878 2316 1074 2384 Κυρίῳ
1094 2334 1214 2383 μου
1234 2355 1249 2380 ,
1281 2316 1476 2369 Κάθου
1513 2316 1581 2369 ἐκ
1616 2315 1831 2380 δεξιῶν

215 2425 384 2478 μου,
416 2407 527 2474 ἕως
557 2408 634 2462 ἂν
663 2410 744 2463 θω
766 2408 907 2472 τοὺς
928 2408 1179 2475 ἐχθρούς
1208 2424 1324 2461 σου
1355 2406 1688 2461 ὑποπόδιον
1712 2405 1830 2460 τῶν

223 2500 447 2555 ποδῶν
474 2515 611 2565 σου,
651 2500 739 2551 ὅτε
772 2498 897 2561 τοὺς
928 2498 1027 2567 μὲν
1054 2498 1283 2569 ἐχθροὺς
1312 2499 1418 2552 ὑπὸ
1447 2498 1617 2561 πόδας
1657 2497 1823 2562 θέσει,

217 2593 371 2654 τοὺς
400 2591 457 2645 δὲ
485 2591 585 2659 τῆς
614 2588 779 2643 αὑτοῦ
827 2590 1102 2659 βασιλείας
1148 2590 1331 2655 ἀξίους
1384 2593 1441 2643 ὲν
1486 2589 1826 2658 ἀτελευτήτῳ

225 2681 356 2753 ζωῇ
392 2683 739 2753 καταστήσει.
776 2680 1088 2751 Τηνικαῦτα
1123 2683 1233 2753 γὰρ
1286 2682 1375 2735 καὶ
1410 2681 1486 2751 (8)
1532 2684 1560 2734 ό
1609 2681 1827 2736 πάντων

228 2772 439 2845 ιχθρὸς
489 2773 717 2837 θάνατος
753 2773 979 2844 ἔσχατος
1024 2774 1539 2845 καταργηθήσεται·
1601 2773 1828 2845 μηδενὸς

226 2863 349 2936 γὰρ
391 2864 711 2936 θνήσκοντος
755 2865 867 2928 ἔτι,
907 2866 965 2917 ὲν
997 2865 1200 2936 αἰωνίῳ
1247 2864 1305 2917 δὲ
1347 2864 1459 2934 ζωῇ
1507 2863 1825 2935 ζησομένων

227 2955 363 3009 τότε
391 2956 497 3009 τῶν
529 2956 627 3026 τῆς
656 2955 928 3026 βασιλείας
963 2956 1149 3020 ἀξίων,
1180 2956 1269 3009 τὸν
1304 2956 1533 3010 Θάνατον
1562 2959 1825 3029 ἀργήσειν

230 3045 420 3109 ιίκὺς,
453 3048 643 3117 μηκέτ’
699 3046 891 3117 ἔχοντα
922 3045 1015 3109 οὓς
1058 3045 1416 3099 θανατώσειεν
1459 3048 1557 3115 (9).
1593 3043 1694 3099 Ὧν
1722 3041 1825 3101 ὧδε

1944 594 2072 643 sunt
2093 584 2259 640 futuri
2290 582 2560 647 homines,
2598 596 2765 636 unum
2804 579 2973 635 futuri
3012 579 3123 635 sint
3165 586 3335 653 atque
3358 578 3529 643 idem,

1944 694 2047 735 nec
2067 693 2259 733 eorum
2296 673 2673 731 tantummodo
2698 672 2751 728 iu
2776 685 2981 738 unum;
3014 671 3110 727 sed
3147 680 3205 725 et
3236 669 3331 725 Dei
3366 668 3531 725 simul

1943 770 2124 825 inlusa
2155 768 2225 825 sit
2267 767 2509 823 cosiitio.
2550 757 2643 822 ita
2670 766 2817 820 enim
2850 776 3073 819 necesse
3107 770 3214 827 est,
3256 760 3530 831 siquidem

1942 864 2127 919 omnia
2182 861 2352 925 Filio.
2421 859 2593 914 Filius
2641 866 2823 912 autem
2857 856 3031 920 Patri,
3088 855 3143 909 in
3183 854 3531 924 subjicienda

1944 957 2203 1010 uniantnr
2244 972 2259 1011 :
2296 954 2399 1009 boc
2435 953 2583 1009 enim
2624 950 2694 1007 de
2733 950 2925 1022 positis
2973 957 3358 1019 consequetur.
3418 944 3529 1003 Sed

1942 1044 2406 1115 quemadmodum
2443 1043 2701 1097 unionem
2744 1027 2853 1095 non
2902 1040 3165 1095 indicavit
3209 1037 3526 1106 Apostolus,

1944 1136 2214 1206 inquiens,
2264 1134 2458 1191 Omnia
2497 1130 2644 1187 Filio
2688 1130 3057 1200 subjicientnr.
3113 1128 3221 1185 Sed
3270 1127 3530 1183 obedien-

1944 1228 2071 1282 tiam
2109 1227 2279 1281 voluit
2309 1227 2377 1283 de
2401 1226 2571 1282 libers
2600 1226 2985 1294 procedentem
3015 1223 3292 1278 voiuntate
3324 1213 3379 1277 et
3412 1221 3528 1292 glo-

1943 1319 2077 1371 riam
2106 1327 2162 1371 et
2184 1318 2468 1380 honorem,
2499 1332 2659 1384 quem
2689 1316 3001 1371 referebant
3017 1316 3066 1369 ei
3089 1315 3295 1378 omnia,
3333 1324 3525 1383 utpote

1942 1406 2220 1464 Servatori
2256 1417 2311 1462 et
2338 1410 2449 1478 regi
2476 1408 2716 1474 omnium
2754 1407 2856 1464 :ad
2884 1408 3133 1461 eumdem
3180 1407 3434 1470 modum,
3468 1414 3525 1460 et

1940 1500 2089 1554 illum
2116 1498 2420 1567 subjectum
2468 1499 2534 1555 iri
2565 1499 2713 1554 Patri
2749 1515 2847 1554 suo
2873 1498 3007 1554 nihil
3034 1498 3183 1552 aliud
3225 1499 3520 1569 signiﬁcat,
3600 1502 3603 1503 ⁷

1939 1606 2099 1661 quam
2124 1591 2349 1660 gloriam
2383 1601 2438 1645 et
2471 1592 2733 1647 honorem
2773 1603 2827 1647 et
2855 1592 3289 1656 venerationem,
3318 1601 3373 1646 et
3406 1606 3526 1645 ma-

1939 1684 2335 1754 gniﬁcentiam,
2392 1694 2448 1739 et
2480 1684 2836 1739 voluntariam
2882 1683 3295 1751 subiectionem,
3357 1698 3521 1753 quam

1941 1775 2250 1831 redditurus
2284 1784 2369 1831 est
2419 1776 2534 1845 ipse
2576 1776 2685 1830 Deo
2722 1785 2776 1829 et
2830 1774 3010 1835 Patri.
3063 1790 3185 1829 cum
3240 1776 3523 1829 universos

1934 1863 2174 1919 eﬂ‘ccerit
2207 1865 2399 1935 dignos
2432 1865 2717 1919 divinitate
2750 1880 2846 1919 sua
2880 1875 3123 1931 paterna.
3166 1862 3345 1933 Usque
3374 1864 3518 1917 enim

1935 1958 2060 2009 dum
2095 1956 2254 2023 hujus
2294 1971 2399 2010 non
2434 1966 2561 2010 sunt
2590 1956 2769 2024 digni,
2811 1958 3113 2027 anticipans
3149 1956 3304 2025 ipse;
3350 1955 3519 2011 veluti

1934 2048 2240 2101 communis
2270 2048 2490 2115 quidam
2518 2049 2759 2101 omnium
2792 2048 3070 2109 Servatur.
3098 2064 3322 2117 regnum
3348 2048 3519 2103 admi-

1933 2137 2155 2201 nistrat,
2188 2151 2296 2205 quo
2337 2138 2639 2207 imperfecti
2682 2149 3134 2194 consummentur
3156 2150 3209 2194 et
3238 2140 3518 2194 curatione

1933 2224 2238 2297 indigentes
2272 2240 2559 2293 curentur,
2607 2229 2907 2297 subjiciens
2957 2231 3058 2284 sub
3119 2231 3351 2299 pedibus
3402 2231 3518 2285 suis

1931 2315 2117 2370 hostes
2146 2317 2301 2371 istius
2328 2320 2479 2388 regni
2516 2319 2619 2371 sui.
2651 2319 2803 2385 Quod
2834 2330 2889 2375 et
2934 2320 3184 2376 Psalmus
3234 2313 3517 2389 indicavit,

1933 2405 2178 2473 inquiens
2198 2402 2371 2464 .Diatit
2400 2406 2656 2461 Dominus
2689 2408 2911 2461 Domino
2940 2427 3074 2474 meo,
3104 2410 3235 2466 Sede
3255 2428 3287 2465 α
3318 2411 3518 2467 dextris

1929 2498 2057 2549 meis
2077 2521 2101 2561 ,“
2128 2499 2290 2552 donec
2328 2515 2549 2567 posuero
2586 2501 2822 2554 inimicos
2855 2513 2970 2554 tuos
3000 2504 3288 2556 scabetlum
3328 2505 3518 2572 pedum

1932 2596 2143 2640 tuorum
2179 2588 2241 2641 η.
2280 2588 2507 2655 Quando
2543 2590 2795 2646 inimicos
2823 2593 3096 2661 positurus
3128 2605 3213 2649 est
3238 2606 3338 2651 suo
3365 2597 3519 2665 pedi-

1931 2675 2031 2730 bus
2056 2679 2168 2730 suis
2196 2692 2210 2731 :
2243 2694 2340 2733 suo
2362 2689 2545 2735 autem
2578 2696 2746 2749 regno
2773 2681 2989 2751 dignos,
3032 2684 3086 2738 in
3116 2688 3227 2738 vita
3258 2686 3517 2742 intenui-

1929 2768 2096 2821 nabili
2152 2771 2553 2824 constitutorus
2588 2789 2600 2824 :
2637 2781 2748 2825 tum
2781 2782 2831 2826 et
2881 2775 3125 2828 omnium
3169 2776 3513 2831 inimicorum

1929 2873 2077 2912 mors
2124 2869 2431 2927 postremus
2472 2862 2810 2931 subjicietur.
2868 2861 3002 2918 Cum
3035 2866 3179 2918 enim
3229 2881 3389 2921 nemo
3445 2864 3525 2923 sit

1927 2950 2181 3017 deinceps
2233 2952 2554 3015 moriturus,
2592 2955 2686 3007 sed
2732 2954 2784 3007 in
2826 2955 2936 3008 vita
2973 2956 3364 3013 interminabili
3398 2974 3517 3015 om-

1928 3056 2026 3094 nes
2067 3041 2284 3105 victuri,
2325 3053 2436 3095 tum
2482 3054 2712 3099 mortem
2768 3047 2993 3101 omnino
3036 3048 3359 3103 abolendam
3385 3092 3401 3119 ,
3454 3052 3510 3105 in

232 3136 722 3204 εὐτρεπισθέντων,
739 3135 818 3207 τῷ
840 3136 953 3206 Υίῷ
975 3134 1066 3189 τοῦ
1087 3136 1221 3189 Θεοῦ
1255 3138 1519 3207 σωτήριον
1546 3136 1823 3208 ὑποταγὴν

1928 3132 2104 3202 dignis
2132 3134 2220 3187 illo
2249 3149 2439 3202 regno,
2470 3145 2619 3190 recte
2659 3138 2764 3191 dici
2810 3138 3045 3202 videtur,
3077 3156 3199 3193 cum
3243 3157 3402 3196 nemo
3440 3146 3515 3199 sit

232 3227 441 3289 πάντες
459 3229 506 3279 οἱ
523 3226 668 3295 ἅγιοι
688 3228 1139 3297 ὑποταγήσονται,
1158 3227 1308 3298 αὐτῷ
1326 3227 1436 3298 ζωῇ
1461 3228 1559 3297 μὲν
1582 3227 1696 3280 ὄντι
1724 3226 1821 3299 ζη-

234 3317 456 3388 σόμενοι
476 3317 725 3381 αἱωνίως·
748 3319 909 3389 σοφίᾳ
944 3320 1001 3371 δὲ
1022 3318 1154 3381 ὄντι,
1173 3320 1327 3388 σοφοὶ
1356 3319 1653 3389 γενόμενοι·
1679 3319 1821 3391 λόγῳ

231 3407 292 3461 δὲ
331 3408 479 3473 ὄντι,
528 3408 698 3477 λόγιοι
745 3410 1222 3480 ἀπεργασθέντες’
1266 3409 1408 3464 οὕτω
1439 3411 1497 3464 δὲ
1538 3412 1634 3465 καὶ
1680 3413 1819 3484 Χρι-

234 3500 355 3552 στοὶ
374 3500 714 3570 γενήσονται,
734 3502 1004 3572 πνεύματι
1024 3501 1123 3572 τῆς
1139 3501 1303 3555 αὑτοῦ
1321 3502 1549 3566 εὐωδίας
1569 3503 1822 3573 χρισθέν-

231 3604 328 3651 τες
350 3604 365 3618 '
399 3588 683 3658 φωστῆρές
704 3606 765 3641 τε
795 3589 1272 3661 ἁναδειχθήσονται
1311 3590 1405 3643 τοῦ
1439 3592 1559 3645 νέου
1600 3591 1815 3655 αἰῶνοςο

233 3674 298 3741 ἐξ
313 3676 478 3731 αὑτοῦ
504 3677 574 3730 τά
595 3678 748 3747 φῶτα
771 3680 1163 3751 χορηγούμενοι
1185 3682 1279 3735 καὶ
1304 3682 1410 3734 υἱοὶ
1435 3682 1491 3735 δὲ
1513 3681 1649 3735 Θεοῦ
1675 3682 1819 3736 ἔσον-

230 3787 346 3834 ται,
381 3769 459 3841 τῷ
500 3771 598 3841 τῆς
634 3771 907 3836 υἱοθεσίας
945 3772 1219 3841 πνεύματι
1265 3773 1670 3843 κοσμηθέντες,
1721 3776 1817 3828 καὶ

230 3861 344 3915 τῶν
373 3862 574 3917 λοιπῶν
605 3863 663 3916 ὲν
694 3863 841 3932 αὑτῷ
882 3863 1163 3934 δυνάμεων
1193 3864 1540 3935 μεθέξουσιν,
1576 3865 1625 3917 οί
1666 3865 1816 3935 αὐτῷ

232 3955 739 4024 ὑπσταγησόμενοι,
774 3956 849 4018 ὡς
894 3957 989 4009 καὶ
1017 3955 1262 4019 δικαίους
1307 3956 1561 4025 γενέσθαι
1603 3959 1669 4009 ὲκ
1716 3958 1816 4028 τῆς

231 4046 402 4100 αὑτοῦ
435 4046 800 4118 δικαιοσύνης,
833 4049 927 4102 καὶ
969 4048 1157 4116 ἁγίους
1198 4049 1263 4101 ὲκ
1306 4051 1407 4120 τῆς
1455 4048 1617 4102 αὑτοῦ
1647 4052 1814 4118 ἀγιω-

232 4135 421 4206 miqu
462 4137 614 4190 Ἐπεὶ
637 4137 693 4190 δὲ
719 4140 814 4191 καὶ
833 4139 965 4202 Θεὸς
992 4134 1059 4209 ἦν
1086 4140 1115 4191 ό
1141 4138 1331 4206 Λόγος,
1358 4138 1480 4191 οὐδὲ
1503 4138 1605 4208 τῆς
1633 4137 1815 4211 θεότη-

228 4240 322 4289 τος
348 4225 529 4288 αὐτοῖς
560 4225 833 4298 φθονήσειε
862 4226 1003 4279 ὥστε
1030 4226 1395 4298 ἐπαληθεῦσαι
1418 4226 1507 4281 τὸν
1549 4228 1811 4281 Ἀπόστο-

227 4312 344 4375 λον.
370 4316 797 4385 Κληρονόμους
829 4318 947 4386 μὲν
978 4318 1145 4382 Θεοῦ,
1171 4319 1711 4388 συγκληρονόμους
1744 4317 1814 4371 δέ

225 4405 487 4474 Χριστοῦ
533 4406 857 4477 γενήσεσθαι
894 4407 1018 4471 τοὺς
1053 4409 1240 4475 ἁγίους
1273 4410 1634 4479 προφήσαντα
1675 4408 1807 4479 (10).

1925 3225 2145 3279 futurus
2198 3242 2362 3295 quem
2403 3228 2602 3283 adiciat
2631 3240 2823 3286 morte.
2862 3232 3068 3297 Quibus
3103 3234 3169 3288 ad
3208 3235 3353 3289 hunc
3394 3252 3514 3291 mo-

1922 3317 2049 3371 dum
2101 3320 2394 3388 adaptatis,
2439 3320 2574 3376 Filio
2604 3324 2821 3391 quidem
2856 3324 2951 3379 Dei
2993 3328 3165 3380 sancti
3195 3342 3385 3383 omnes
3414 3343 3514 3399 per

1922 3412 2216 3467 salutarem
2264 3413 2649 3481 subjectionem
2701 3416 3080 3485 subjicientur,
3149 3431 3418 3489 quatenus
3464 3422 3512 3476 is

1921 3505 2030 3558 vita
2051 3514 2152 3570 est,
2178 3506 2343 3559 vitam
2373 3507 2427 3561 in
2458 3523 2523 3564 eo
2553 3509 2743 3563 victuri
2793 3510 3155 3565 immortalem
3189 3530 3203 3565 :
3236 3521 3511 3581 quatenus

1921 3598 2210 3666 sapientia,
2253 3599 2526 3669 sapientes
2581 3601 2797 3657 futuri:
2830 3602 2982 3673 logos
3038 3612 3330 3673 quatenus,
3384 3603 3509 3675 lego

1920 3688 2253 3755 perﬁciendi,
2299 3700 2354 3745 et
2383 3689 2633 3746 Christus
2664 3702 2960 3761 quatenus,
2996 3696 3164 3749 odore
3193 3696 3314 3765 ejus
3363 3696 3509 3752 bono

1918 3780 2231 3848 inungendi.
2273 3782 2586 3836 Luminaria
2629 3785 3061 3852 designabantur
3098 3788 3224 3840 novi
3277 3774 3461 3842 saeculi
3488 3831 3506 3855 ,

1923 3874 1982 3933 »Β
2010 3872 2205 3938 quibus
2228 3874 2315 3926 lux
2340 3875 2407 3928 ab
2440 3874 2531 3929 illo
2556 3876 3004 3944 suppeditabitur.
3044 3878 3167 3933 Filii
3194 3880 3287 3934 Dei
3336 3880 3505 3936 futuri

1917 3959 2196 4016 ﬁliationis
2219 3964 2411 4031 spiritu
2443 3965 2561 4033 ejus
2597 3966 2843 4020 adornati
2876 3978 2930 4021 et
2966 3970 3189 4024 exculti.
3222 3971 3507 4037 Quomodo

1915 4050 2007 4117 qui
2055 4050 2129 4103 illi
2182 4060 2309 4106 sunt
2367 4052 2686 4120 subjiciendi
2734 4070 2959 4123 omnes,
3006 4056 3332 4114 faetiltatum
3385 4060 3506 4129 ejus

1915 4146 2233 4193 ceterarum
2287 4142 2581 4211 participes
2639 4142 2789 4200 (ient.
2849 4143 2983 4198 Nam
3041 4156 3095 4201 et
3145 4146 3277 4216 justi
3337 4149 3502 4203 futuri

1915 4241 2063 4298 sunt,
2096 4232 2162 4287 de
2185 4230 2396 4301 justitia
2431 4235 2585 4304 ejus:
2621 4248 2675 4293 et
2700 4240 2767 4294 de
2795 4241 3086 4296 sanctitate
3127 4242 3270 4297 illius
3301 4244 3501 4299 sancti.

1915 4319 2022 4377 Sed
2058 4338 2230 4393 neque
2278 4327 2714 4395 quandoquidem
2766 4327 2909 4384 Deus
2956 4339 3076 4385 erat
3130 4331 3408 4399 Verbum,
3445 4348 3503 4389 et

1914 4412 2169 4467 deitatem
2218 4428 2372 4468 suam
2416 4414 2484 4469 iis
2524 4414 2783 4472 invidebit
2823 4436 2836 4471 :
2887 4428 2947 4476 ut
2996 4433 3121 4474 vere
3169 4421 3381 4477 locutus
3428 4423 3503 4478 sit

225 4494 338 4549 Ναὶ
376 4494 483 4567 μὴν
527 4497 622 4551 καὶ
673 4496 917 4569 σώμασιν
961 4500 1268 4569 οὐρανίοις,
1299 4499 1435 4571 ήλίῳ
1467 4499 1562 4552 καὶ
1609 4499 1806 4573 σελήνῃ

1928 4502 2221 4571 \postolus.
2251 4503 2503 4560 Heredes
2535 4506 2656 4575 Dei,
2689 4512 2985 4565 coheredes
3024 4523 3197 4565 autem
3233 4510 3431 4567 Christi
3455 4514 3502 4546 ⁸⁵

226 4588 323 4639 καὶ
362 4585 582 4658 ἄστροις
616 4590 907 4661 χρήσονται
942 4589 1363 4662 παραπλησίοις,
1413 4592 1505 4645 καὶ
1544 4594 1603 4645 ὲν
1635 4592 1809 4663 τούτῳ

180 4738 183 4741 ν
224 4677 326 4748 τῆς
355 4679 519 4732 αὑτοῦ
555 4680 985 4752 μεταληψόμενοι
1010 4681 1188 4752 δόξης.
1224 4683 1290 4735 '0
1322 4682 1386 4753 δὴ
1431 4682 1540 4753 (Η)
1569 4684 1809 4756 παρίστη

222 4766 390 4832 αὐτὸς
428 4771 629 4840 φήσας,
665 4770 736 4835 ἐξ
778 4766 850 4826 οὗ
899 4772 1001 4826 καὶ
1048 4770 1293 4840 Σωτῆρα
1336 4773 1808 4844 ἀπεκδεχόμεθα,

226 4859 448 4927 Κύριον
508 4862 753 4927 Ἰησοῦν
800 4866 1063 4934 Χριστὸν
1098 4865 1167 4933 ὃς
1200 4867 1697 4935 μετασχηματίζει
1738 4869 1806 4922 τὸ

219 4948 399 5020 σῶμα
428 4949 537 5020 τῆς
567 4954 979 5024 ταπεινώσεως
1001 4956 1171 5027 ἡμῶν
1187 4959 1322 5029 (l2),
1343 4961 1705 5029 σύμμορφον
1722 4959 1808 5027 τῷ

1916 4592 2127 4648 futuros
2150 4610 2265 4653 eos.
2299 4596 2403 4651 Sed
2431 4607 2486 4653 et
2524 4615 2753 4668 corpora
2795 4618 2891 4657 sua
2927 4605 3237 4658 mternitate
3269 4607 3497 4675 praedita

1917 4686 2038 4752 soli,
2070 4685 2210 4741 luna:
2237 4698 2293 4742 et
2319 4689 2591 4745 sideribus
2623 4692 2823 4747 similia
2857 4696 3227 4748 coruscabunt
3253 4713 3267 4749 :
3296 4712 3402 4764 quo
3442 4710 3501 4753 et

1916 4778 1971 4831 in
2018 4777 2136 4845 ipso
2180 4776 2297 4845 ejus
2340 4780 2524 4848 gloriae
2582 4784 3007 4853 participabunt.
3049 4786 3202 4851 Quod
3246 4800 3302 4840 et
3350 4786 3493 4841 idem

1913 4863 2098 4918 docuit
2134 4866 2306 4929 aiens,
2350 4864 2499 4921 Unde
2541 4879 2589 4922 et
2626 4867 2956 4925 Senatorem
2996 4885 3358 4941 exspectamus
3400 4874 3496 4929 Je-

1913 4970 2028 5007 sum
2057 4952 2361 5023 Christum,
2386 4961 2475 5029 qui
2504 4960 2904 5030 transformabt't
2941 4978 3131 5031 corpus
3176 4966 3494 5022 humilitatis

301 5110 362 5171 ιῙη
401 5106 498 5163 Ed.
528 5106 728 5200 Parim,
754 5125 879 5182 pag.
912 5112 1035 5170 £85.
1114 5113 1159 5147 “
1182 5113 1330 5169 Psal.
1359 5128 1471 5179 εις,
1502 5113 1557 5169 ί.
1634 5116 1679 5145 ’⁸
1715 5112 1824 5169 Bon

1928 5130 2005 5172 rut
2030 5156 2046 5184 ,
2078 5115 2146 5169 Π

290 5305 374 5447 ἷϐζ
403 5306 575 5377 Vulgo
600 5309 650 5363 si
685 5310 807 5380 μὲν.

316 5378 348 5423 ’1
405 5375 571 5447 Vulgo
594 5382 807 5447 munivi

218 5382 571 5519 ΰᾼζὶέήιιέεο
594 5382 874 5451 σημαίνει,
895 5392 951 5439 et
971 5398 1093 5441 mox
1122 5390 1317 5458 μεταλ.
1352 5394 1446 5447 καὶ
1464 5394 1564 5468 τὴν
1599 5397 1791 5451 αὑθεκ.

1971 5326 2084 5399 (l0)
2110 5325 2223 5382 Nat
2254 5326 2379 5397 μὴν
2417 5327 2516 5383 καί
2546 5326 2824 5400 σώμασιν
2854 5331 3180 5400 οὐρανίοις.
3224 5332 3298 5387 De
3330 5332 3492 5387 clari-

1902 5408 2014 5452 tste
2044 5400 2787 5471 corporutngloriticatorum
2817 5401 3077 5471 intelligit
3101 5422 3118 5457 :
3153 5404 3241 5457 ubi
3264 5408 3488 5471 quidam

1900 5478 1959 5521 ut
1983 5468 2088 5533 sol,
2127 5469 2219 5521 alii
2256 5478 2313 5520 ιιι
2338 5469 2489 5530 luna.
2524 5471 2836 5525 radiabunt.
2880 5468 3045 5527 Stella
3077 5473 3224 5528 enim
3262 5468 3293 5526 ἐ
3327 5475 3491 5529 stella

289 5515 736 5614 aegesta
755 5520 1011 5614 see:-
1042 5524 1328 5614 ιμεεεειη.
1363 5534 1669 5605 τηνικαῦτα
1698 5539 1793 5593 και

1928 5515 2099 5614 ιισετιζ
2122 5548 2178 5591 et
2199 5539 2278 5614 sic
2300 5549 2385 5614 est
2409 5515 2741 5596 resurrectio
3262 5515 3353 5583 1—-

661 5589 689 5604 υ

214 5590 247 5643 ό
268 5588 488 5673 πάντειν
520 5589 728 5714 tm
755 5588 1007 5672 θάνατος,
1033 5588 1234 5652 ειοΪΜ.

290 5657 367 5714 (9)
435 5658 522 5711 0r
637 5675 689 5714 8.
720 5658 815 5714 Stc
847 5663 1150 5714 luendum-
1182 5666 1234 5714 SI

290 5657 1159 5756 Qi.l?f..“:”f;.§‘:_'£¥°"2991-.
1182 5666 1377 5756 ait"?
1404 5674 1665 5756 εκριεεοι
1694 5695 1789 5747 γε·

214 5727 472 5803 νήσονται
501 5743 609 5785 ιιοιι
641 5727 943 5801 γενήσοντῐ.
991 5734 1166 5793 Erunt
1198 5740 1273 5793 illi
1307 5727 1517 5799 christi.
1551 5727 1622 5804 ili.

1895 5606 2028 5671 νίοις
2058 5610 2175 5678 loco
2195 5607 2489 5678 οὐρανίοις.

1967 5676 2081 5748 (ll)
2105 5676 2284 5754 vum)
2307 5678 2364 5754 δὲ
2383 5677 2656 5754 παρίστας
2692 5679 3286 5754 (παρίστηΜιι.)ρ[καὶ]
3322 5683 3489 5749 αὐτός

1894 5747 2093 5833 φησιν(
2104 5747 2209 5833 513's
2252 5750 2452 5819 φήσας)
2468 5747 2680 5833 -ειέιιιιξ
2702 5747 3095 5833 νηιῇιιιλιςῦριον
3110 5747 3227 5833 [τὸν
3240 5752 3252 5825 ι
3267 5747 3422 5833 70.}
3432 5747 3484 5824 ρ.

1962 5817 2076 5889 (12)
2109 5817 2470 5889 Σύμμορφον
2492 5817 2569 5886 τῷ
2588 5817 2834 5891 σώματι.
2859 5817 3011 5879 Διίιώ
3032 5817 3311 5889 γενέσθαι.
3354 5826 3427 5879 Ἀ.
