4032 6494
276 498 398 557 ιῡδδ

1191 486 1296 566 pa
1328 486 1880 549 ECCLESIASTICA
1916 486 2321 546 τιιεοιοειιι
2358 488 2491 546 LIB.
2526 486 2616 546 ιιι.

3397 488 3532 547 1031

278 610 402 682 >ιῶὴ
430 608 641 664 avetaan
667 598 737 655 ὶν
778 607 1004 674 αὐτοῖς,
1027 609 1123 663 καὶ
1147 604 1537 679 ἐμπεριπατῶν
1565 607 1624 659 ὲν
1651 606 1854 670 αὐτοῖς,

1960 607 2163 670 bitans,
2195 608 2247 661 in
2277 604 2383 661 illis
2414 604 2718 671 ambulans,
2744 617 2846 664 nee
2882 602 3205 676 dedignatus
3247 617 3370 661 esse
3413 605 3539 664 illo-

281 700 372 755 καὶ
408 702 535 764 Θεδς
568 694 743 753 αὐτῶν
786 699 894 753 οὐκ
938 698 1182 766 ἀπαξιῶν
1220 694 1379 763 εἶναι,
1412 697 1537 752 λαόν
1586 714 1645 751 τε
1682 696 1848 751 αὐτοῦ

284 791 401 854 τοὺς
434 792 640 853 πάντας
677 787 1074 860 οἰκειούμενος.
1122 787 1278 842 Οὕτω
1320 788 1420 859 μὲν
1451 780 1551 842 οὐκ
1600 787 1761 841 ἔσται
1790 788 1851 840 ἐν

273 882 481 947 αὐτοῖς,
520 880 595 946 ὡς
627 881 720 934 καὶ
761 881 820 934 ὲν
858 881 1007 951 αὺτῷ
1029 881 1245 949 λέγεται
1280 876 1421 935 εἶναι
1463 879 1541 951 τῷ
1571 880 1705 951 Υιῷ,
1724 879 1857 933 καθ-

273 970 353 1037 ὼς
383 972 623 1027 διδάσκει
665 970 839 1041 λέγων
867 972 1051 1036 αὐτὸς,
1087 973 1146 1024 '0
1171 970 1376 1041 Πατὴρ
1415 972 1487 1026 ἐν
1517 972 1667 1041 ἐμοὶ,
1696 970 1859 1042 κάγὼ

263 1062 343 1118 ἐν
385 1063 466 1130 τῷ
513 1063 733 1131 Πατριο
782 1063 875 1117 καὶ
918 1063 1100 1118 πάντα
1129 1064 1187 1118 δὲ
1231 1063 1385 1117 ἐσται
1423 1066 1483 1118 ὲν
1520 1065 1723 1129 αὐτοῖς,
1777 1063 1857 1135 τῷ

265 1155 442 1209 πᾶσιν
482 1155 675 1207 ἑαυτὸν
720 1153 1006 1226 παρέχειν,
1048 1155 1169 1208 καθ’
1198 1155 1229 1209 ὃ
1272 1159 1305 1228 ή
1353 1156 1585 1210 ἑκάστου
1629 1155 1856 1227 δύναμις

258 1247 444 1318 χωρεῖ
479 1247 578 1317 τῆς
604 1244 767 1301 αὑτοῦ
798 1245 1050 1316 θεότητος
1079 1247 1508 1319 μεταλαγχάνειν
1526 1264 1543 1277 ·
1575 1244 1675 1317 τῆς
1705 1263 1860 1318 τρισ-

261 1338 556 1409 μακαρίας
576 1336 788 1400 ἐλπίδος
809 1337 902 1391 καὶ
926 1337 1029 1408 τῆς
1052 1338 1415 1409 ἀτελευτήτου
1442 1339 1537 1392 καὶ
1574 1338 1854 1411 ἀφθάρτου

254 1424 427 1498 ζωῆς
453 1430 509 1482 ιν
530 1429 703 1500 τούτῳ
727 1428 1208 1499 καταστησομένης
1228 1428 1307 1500 τῷ
1334 1429 1499 1494 τέλει,
1527 1431 1587 1483 ὲν
1615 1422 1660 1497 ᾧ
1691 1430 1721 1481 ὁ
1759 1430 1856 1500 μὲν

252 1518 411 1583 Θεδς
441 1518 593 1573 ἔσται
638 1520 815 1574 πάντα
850 1523 910 1575 ὲν
953 1522 1088 1574 πᾶσι
1133 1520 1269 1589 (15),
1303 1523 1423 1583 ταῖς
1471 1520 1573 1590 τῆς
1605 1520 1857 1591 θεότητος

251 1608 441 1663 αὐτοῦ
487 1615 873 1683 μαρμαρυγαῖς
912 1612 1137 1666 ἀλέκτου
1184 1613 1363 1678 φωτὸς
1409 1611 1700 1695 ἐμπιπλῶν
1727 1614 1854 1676 τοὺς

253 1700 505 1767 πάντας·
528 1705 556 1757 ὁ
573 1703 630 1756 δὲ
654 1704 783 1768 Υἱὸς
802 1704 1230 1775 ιναγαλλόμενος
1259 1706 1353 1758 καὶ
1385 1705 1591 1776 χαίρων
1622 1703 1700 1775 τῷ
1724 1721 1856 1759 κατ-

256 1792 558 1866 ορθώματι
577 1835 592 1858 ,
630 1795 894 1864 στεφάνου
924 1797 1080 1866 δίκην
1124 1795 1481 1867 περιθέμενος
1509 1798 1635 1859 τοὺς
1665 1795 1732 1848 δι’
1758 1796 1855 1849 αύ-

252 1884 371 1938 τοῦ
416 1886 518 1956 τῆς
554 1886 953 1959 μακαριότητος
999 1887 1364 1959 ἠξιωμένους,
1402 1886 1508 1939 ὑπὸ
1548 1886 1729 1957 ἐφόρει»
1775 1885 1855 1957 τῷ

256 1976 471 2049 Πατρὶ,
498 1978 595 2049 τὴν
627 1979 819 2050 ἀγήρω
847 1980 940 2032 καὶ
972 1978 1327 2050 ἀτελεύτητον
1358 1976 1657 2031 διατελέσει
1692 1976 1850 2048 βασι-
1885 1959 1926 2012 Β

253 2066 443 2131 λείαν,
472 2068 580 2122 τῶν
620 2069 747 2140 περὶ
785 2069 947 2123 αὑτοῦ
980 2070 1175 2138 λογίων
1207 2068 1509 2140 τηνικαῦτα
1556 2067 1852 2139 πληρωθη-

255 2158 539 2230 σομένων,
567 2160 675 2213 τῶν
712 2177 768 2213 τε
799 2161 997 2224 ἄλλων,
1032 2161 1172 2233 άταρ
1216 2161 1282 2231 δὴ
1311 2161 1404 2213 καὶ
1426 2159 1535 2214 τῶν
1560 2159 1656 2213 τοῦ
1688 2160 1855 2228 ἀγγέ-

255 2249 368 2305 λου
390 2252 631 2324 Γαϐριὴλ
663 2252 799 2324 πρὸς
822 2254 931 2324 τὴν
960 2253 1227 2323 παναγίαν
1253 2251 1526 2324 Παρθένον
1550 2252 1853 2323 εἰρημένων

258 2341 408 2413 περὶ
438 2341 535 2395 τοῦ
560 2342 618 2409 ἐξ
651 2343 822 2413 αὐτῆς
841 2343 1259 2415 τεχθησομένου,
1303 2343 1399 2411 Ὧς
1421 2342 1536 2413 ἄρα
1556 2345 1853 2409 ,βασιλεύ-

254 2447 371 2489 σει
412 2435 501 2501 εις
552 2434 693 2501 τοὺς
728 2434 971 2501 αιῶνας,
1006 2435 1109 2491 καὶ
1152 2435 1264 2504 τῆς
1310 2437 1635 2503 ,βασιλείας
1666 2438 1854 2493 αὐτοῦ

259 2528 389 2582 οὐκ
420 2525 591 2580 ἔσται
620 2527 815 2592 τέλος.
844 2527 1150 2581 Βασιλεύων
1177 2526 1290 2598 (16)
1316 2528 1381 2599 δὴ
1400 2528 1521 2583 τότε
1542 2531 1573 2584 ὁ
1601 2530 1729 2594 Υἱὸς
1755 2528 1852 2583 τοῦ

260 2614 412 2689 θεοῦ
438 2616 566 2679 τοὺς
599 2616 689 2669 ὑπ’
718 2615 867 2688 αὺτῷ
895 2615 1342 2687 βασιλευομένους
1370 2616 1576 2682 πάντας
1592 2618 1668 2690 τῷ
1688 2619 1852 2673 αὐτοῦ

264 2707 586 2779 παραδώσει
615 2708 811 2779 Πατρὶ,
840 2709 901 2761 οὑ
924 2708 1261 2778 παυσάμενος
1292 2710 1390 2777 τῆς
1418 2708 1711 2778 βασιλείας,
1744 2711 1852 2764 οὐδ’

264 2799 802 2873 ἀνσχωρῶνιαὺτῆς
832 2800 953 2853 οὐδὲ
985 2800 1093 2871 γὰρ
1128 2799 1395 2853 παύεσθαι
1438 2800 1601 2853 αὐτὸν
1628 2802 1727 2871 τῆς
1760 2802 1854 2872 βα-

264 2890 483 2953 σιλείας
516 2892 546 2945 ὁ
578 2890 718 2953 θεῖος
761 2891 1076 2953 ’Δπόστολος
1108 2882 1212 2960 ἔφη
1253 2891 1384 2961 (l7),
1428 2887 1465 2962 ἦ
1513 2890 1623 2961 γὰρ
1656 2892 1723 2945 ἀν
1760 2894 1854 2947 τά-

267 2981 469 3036 ναντία
494 2981 700 3056 ἔγραψε
726 2983 803 3052 τῷ
830 2982 1071 3053 Γαϐριὴλ
1101 2983 1215 3051 (l8)
1244 2982 1561 3036 θεσπίσαντι
1591 2983 1729 3053 πρὸς
1756 2982 1853 3055 τὴν

264 3072 548 3144 Παρθένον
585 3070 924 3141 βασιλεύσειν
955 3073 1115 3125 αὐτὸν
1148 3074 1227 3135 είς
1254 3072 1378 3135 τοὺς
1408 3071 1609 3135 αίῶνας
1636 3070 1853 3143 καὶτῆς

268 3161 552 3233 βασιλείας
588 3162 751 3217 αὑτοῦ
786 3163 897 3234 (19)
934 3162 1007 3235 μὴ
1040 3164 1256 3217 ἔσεσθαι
1287 3164 1457 3228 τέλος,
1494 3162 1630 3216 ἀλλὰ
1672 3179 1852 3234 παρα-

1968 711 2089 752 ruut
2122 696 2303 762 Deus,
2330 710 2452 751 cum
2485 696 2539 750 in
2578 693 2838 765 populum
2873 694 2975 751 sibi
2999 698 3191 751 omnes
3223 698 3542 768 appropria-

1968 790 2125 843 verit.
2168 788 2285 844 Non
2333 799 2511 843 autem
2551 788 2657 842 erit
2700 787 2767 845 ad
2804 801 2929 843 euut
2994 788 3213 843 modum
3260 787 3316 843 in
3362 788 3538 858 ipsis,

1958 878 2411 945 quemadmodum
2456 876 2654 933 dicitur
2685 877 2739 932 in
2782 874 2923 932 Filio
2949 889 3091 940 esse,
3117 875 3185 931 de
3215 892 3323 947 quo
3353 878 3536 945 docet.

1958 968 2123 1023 Pater
2157 970 2215 1023 in
2252 985 2353 1035 tne,
2381 980 2432 1024 et
2468 986 2561 1039 ego
2604 969 2661 1024 in
2691 966 2855 1024 Patre
2874 969 2960 1037 ὀς
2987 969 3168 1024 omnia
3197 980 3379 1025 autem
3421 979 3539 1027 tum

1958 1060 2063 1115 illis
2090 1061 2226 1127 erit,
2267 1060 2411 1130 quod
2440 1076 2499 1117 se
2547 1068 2657 1116 ωω
2708 1060 2963 1116 omnibus
3000 1062 3280 1116 exliibebit
3305 1106 3321 1129 ,
3376 1068 3542 1131 prout

1956 1151 2375 1221 uniuscujusque
2422 1150 2653 1207 facultas
2700 1151 2846 1207 illius
2895 1152 3154 1207 deitatem
3195 1162 3376 1221 potest
3437 1167 3536 1209 ca-

1957 1256 2084 1310 pere
2110 1281 2128 1307 ,
2157 1258 2278 1297 cum
2308 1256 2433 1312 spes
2462 1243 2816 1299 beatitudinis
2860 1239 2915 1298 ει
2952 1244 3079 1299 vim
3116 1244 3542 1303 interminabilis

1955 1343 2009 1388 et
2040 1334 2465 1403 incorruptibilis
2500 1332 2555 1389 in
2595 1349 2662 1390 eo
2695 1335 2802 1391 sita
2841 1336 2913 1394 sit
2948 1335 3055 1389 line
3078 1374 3097 1403 ,
3136 1337 3354 1405 quando
3396 1336 3541 1395 Deus

1956 1424 2169 1479 futurus
2208 1436 2295 1480 est
2345 1425 2527 1480 omnia
2578 1426 2635 1481 in
2681 1426 2968 1489 omnibus,
3010 1426 3309 1497 adimplens
3348 1442 3541 1484 omnes

1956 1511 2122 1567 radiis
2147 1526 2260 1568 suae
2290 1513 2509 1569 deitatis
2551 1512 2931 1573 indelicientis.
2973 1515 3143 1572 Filius
3178 1526 3359 1572 autem
3409 1528 3541 1573 tunc

1954 1603 2232 1658 exsultans
2286 1590 2518 1673 gaudio,
2578 1615 2637 1661 et
2700 1607 2870 1663 veluti
2929 1608 3256 1665 victoriosus
3330 1609 3540 1666 athleta

1956 1696 2445 1764 triumphabundus
2503 1712 2708 1755 corona
2760 1714 2951 1755 eorum
3012 1700 3352 1769 redimietur,
3399 1716 3540 1771 quos

1953 1782 2286 1841 beatitudine
2336 1788 2529 1857 dignos
2570 1789 2805 1857 habitos,
2854 1790 3017 1847 Patre
3079 1807 3179 1847 suo
3220 1801 3539 1862 spectante,

1955 1890 2122 1945 regno
2173 1877 2505 1935 indelicienti
2544 1891 2599 1935 et
2641 1896 2747 1937 non
2804 1882 3165 1940 veterascenti
3222 1898 3542 1940 remunera-

1955 1976 2109 2022 turus
2139 1977 2243 2023 est.
2283 1968 2522 2039 ltnpletis
2554 1976 2622 2028 de
2644 1988 2712 2028 eo
2744 1982 2856 2028 tum
2889 1973 3089 2030 divinis
3127 1975 3387 2041 oraculis,
3414 1991 3540 2032 cum

1955 2056 2075 2113 aliis
2109 2068 2219 2114 tum
2260 2061 2352 2116 illo
2378 2061 2647 2119 Gabrielis
2676 2065 2855 2135 angeli
2882 2066 2950 2121 ad
2976 2066 3379 2123 sanctissimam
3414 2068 3540 2123 Vir-

1954 2151 2132 2219 ginem
2164 2156 2224 2215 ›Ι‹
2249 2153 2457 2221 prolato
2487 2155 2553 2210 de
2575 2154 2716 2211 Filio
2737 2171 2806 2211 ex
2826 2171 2890 2213 ea
2922 2162 3357 2229 progenerando,
3386 2158 3539 2224 Quod

1954 2251 2267 2310 regnaturus
2292 2245 2362 2298 sit
2397 2245 2451 2299 in
2486 2256 2760 2315 internum,
2787 2260 2837 2303 et
2860 2251 3022 2320 regni
3048 2250 3164 2317 eius
3206 2267 3311 2304 non
3338 2253 3440 2305 erit
3473 2252 3544 2321 fi-

1955 2334 2036 2385 nia
2060 2333 2127 2388 ³⁸.
2173 2332 2427 2404 Regnans
2468 2350 2535 2392 eo
2565 2346 2808 2409 tempato
2848 2340 2941 2395 Dei
2986 2338 3181 2407 Filius,
3227 2356 3417 2397 omnes
3446 2356 3544 2398 eos

1954 2424 2045 2491 qui
2078 2425 2178 2481 sub
2211 2425 2328 2496 ipso
2367 2436 2492 2482 sunt
2520 2430 2796 2499 regnaturi
2845 2432 3140 2487 traditurus
3175 2445 3261 2487 est
3295 2442 3406 2487 tum
3442 2449 3543 2490 suo

1953 2514 2101 2572 Patri
2126 2534 2141 2573 :
2162 2532 2269 2573 non
2298 2520 2514 2593 quidem
2543 2521 2797 2578 desinens
2827 2523 2943 2594 ipse
2966 2539 3196 2595 regnare
3224 2526 3541 2615 aliquando,

1955 2622 2056 2665 nec
2096 2612 2286 2680 quovis
2321 2622 2565 2683 tempore
2602 2631 2768 2687 regno
2818 2632 2877 2674 se
2912 2620 3173 2677 abdicans
3216 2622 3351 2691 (nec
3393 2612 3542 2676 enim

1954 2715 2186 2772 regnare
2243 2704 2540 2760 desiturum
2597 2708 2893 2778 aliquando
2944 2728 3068 2767 eum
3118 2714 3332 2770 divinus
3390 2715 3542 2785 Apo-

1953 2793 2125 2849 stolus
2150 2793 2469 2863 aﬂlrmavit;
2497 2796 2576 2853 ita
2611 2802 2757 2856 enim
2785 2800 3024 2860 Gabrieli
3048 2807 3321 2879 contraria
3352 2817 3545 2878 protu-

1954 2882 2106 2940 lisset
2150 2886 2243 2956 qui
2294 2887 2495 2959 Virgini
2536 2892 2708 2957 dixit,
2758 2904 3108 2963 regnaturum
3159 2896 3308 2955 illum
3346 2898 3399 2955 in
3438 2913 3544 2957 ω-

1954 2976 2113 3042 cula,
2153 2992 2255 3033 nec
2296 2974 2537 3061 futurum
2578 2984 2866 3052 aliquando
2909 2989 3057 3058 regni
3111 2988 3257 3045 illius
3295 2989 3544 3065 linem);

1954 3068 2051 3121 sed
2080 3066 2219 3123 dixit
2256 3071 2577 3125 traditurum
2627 3090 2853 3145 regnum
2890 3092 3045 3132 suum
3085 3078 3273 3147 Patri,
3311 3081 3418 3137 hoc
3460 3090 3547 3141 est

1956 3155 2079 3212 illos
2107 3158 2163 3213 in
2196 3174 2333 3230 quos
2364 3163 2643 3219 obtinebat
2678 3179 2920 3236 regnum.
2949 3168 3365 3229 Consummatos
3395 3175 3545 3232 enim

263 3253 465 3311 δώσειν
507 3255 605 3326 τὴν
638 3254 946 3325 βασιλείαν,
979 3254 1181 3326 δηλαδὴ
1214 3256 1339 3320 τοὺς
1386 3256 1479 3307 ὑπ’
1507 3254 1655 3326 αὐτῷ
1702 3254 1852 3325 βασι-

1957 3248 2024 3304 ab
2062 3250 2181 3319 ipso
2205 3251 2348 3315 illos,
2376 3264 2429 3305 et
2462 3264 2719 3325 tanquam
2752 3272 2850 3312 suo
2877 3258 3113 3327 glorioso
3138 3261 3384 3319 facinore
3416 3265 3546 3321 illu-

266 3345 592 3416 λευομένους
614 3345 691 3416 τῷ
712 3345 831 3416 Θεῷ
853 3346 947 3399 καὶ
976 3346 1168 3417 Πατρί.
1193 3346 1590 3411 Τελειωθέντας
1618 3347 1728 3418 γὰρ
1757 3348 1851 3401 ὑπ’

267 3437 422 3506 αύτῷ
463 3439 588 3501 τοὺς
631 3437 857 3501 πάντας,
892 3437 1089 3489 ὡσανεὶ
1140 3437 1251 3507 (20)
1299 3438 1720 3509 φαιδρυνομένος
1776 3439 1854 3510 τῷ

270 3524 677 3597 κατορθώματι,
707 3523 1018 3598 παραδώσει
1057 3524 1137 3594 τῷ
1164 3525 1336 3595 Πατρί
1357 3542 1369 3554 ’
1403 3520 1491 3578 οἷά
1521 3544 1645 3580 τινα
1677 3543 1856 3597 παρα-

269 3618 447 3685 θήκην
480 3614 936 3686 ἀποδεδεγμένοςο
972 3616 1001 3668 ὃ
1036 3616 1145 3687 (21)
1173 3616 1237 3687 δὴ
1266 3616 1506 3670 διδάσκει
1550 3618 1726 3687 λέγων
1760 3621 1856 3674 αύ-

271 3708 383 3770 τὺς,
428 3706 628 3761 Πάντα
660 3723 763 3775 μοι
791 3706 1086 3776 παρεδόθη
1121 3707 1238 3770 ὑπὸ
1283 3707 1391 3761 τοῦ
1423 3713 1653 3777 Πατρός
1697 3729 1849 3781 μου·

270 3799 355 3852 διὸ
379 3799 705 3862 ἀκολούθως,
731 3793 817 3852 οἷα
846 3794 1018 3869 φύλαξ
1036 3799 1259 3869 ἀγαθὸς,
1290 3799 1554 3869 σῶα-ικαὶ
1581 3802 1692 3872 (22)
1714 3802 1856 3857 κατά

276 3890 453 3943 πάντα
482 3889 801 3962 ἐρρωμένην
835 3892 932 3963 τὴν
968 3892 1294 3963 παραθήκην
1328 3892 1508 3963 φέρων
1542 3893 1855 3964 παραδώσει

271 3982 353 4053 τῷ
378 3981 496 4052 Θεῷ
532 3982 665 4052 (25),
708 3984 1010 4055 ἀρχιερέως
1055 3984 1231 4055 δίκην,
1273 3988 1401 4049 τοὺς
1436 3985 1527 4037 ὑπ’
1556 3985 1705 4055 αὐτῷ
1739 3985 1853 4058 (24)

281 4074 651 4147 ίερουμένους,
682 4073 887 4139 πάντας
912 4076 1282 4147 λευχειμονας,
1332 4079 1424 4131 καὶ
1451 4077 1690 4150 ὡσπερεὶ
1718 4077 1857 4149 λαμ-

272 4166 574 4239 προτάταις
617 4168 829 4231 στολαῖς
872 4171 983 4232 τοῖς
1028 4168 1127 4240 τῆς
1172 4170 1521 4232 ἀναστάσεως
1559 4170 1855 4242 ἀφθάρτοις

272 4258 525 4331 σώμασιν
574 4258 1045 4331 ὲξαστράπτοντας
1098 4261 1377 4333 παριστῶν
1430 4260 1600 4331 αὐτῷ,
1655 4262 1743 4316 ἵνα
1779 4262 1854 4333 μὴ

259 4351 448 4422 ’μόνης
476 4350 576 4421 τῆς
602 4352 693 4405 ὑπ’
718 4350 865 4423 αὐτῷ
890 4351 1165 4421 βασιλείας
1194 4354 1559 4421 ἀπολαύωσιν,
1593 4356 1729 4409 ἀλλά
1764 4357 1856 4409 καὶ

271 4439 384 4495 τῶν
432 4439 527 4493 τοῦ
578 4440 792 4512 [ἰατρὸς
854 4442 1108 4514 ἀρρήτων
1171 4444 1393 4511 ἀγαθῶν
1452 4444 1850 4515 ὲμπιπλῶνται.

271 4528 431 4585 οὕτω
461 4530 569 4605 γάρ
592 4531 763 4597 ἔσται,
786 4533 926 4586 κατά
945 4534 1034 4587 τὸν
1051 4536 1387 4599 Ἀπόστολον,
1407 4537 1464 4589 '0
1494 4537 1636 4601 Θεὸς
1662 4537 1857 4590 πάντα

1955 3348 2178 3407 stratos,
2220 3341 2371 3397 Patri
2399 3347 2593 3409 tradet.
2638 3359 2891 3419 tanquam
2923 3351 3192 3420 quoddam
3230 3354 3541 3425 depositum

1956 3431 2305 3487 manifestum
2346 3454 2357 3488 :
2393 3439 2536 3505 quod
2575 3449 2631 3493 et
2666 3441 2782 3509 ipse
2822 3442 2981 3496 docet
3017 3444 3305 3513 inquiens:
3346 3446 3544 3505 Omnia

1957 3524 2090 3578 mihi
2127 3528 2325 3582 tradita
2368 3542 2489 3583 sunt
2531 3548 2564 3586 a
2609 3518 2774 3588 Patre
2805 3551 2918 3590 meo
2939 3538 3006 3591 “.
3060 3538 3326 3605 Quocirca
3378 3541 3545 3598 veluti

1955 3615 2162 3686 probus
2200 3618 2429 3689 depositi
2474 3634 2689 3689 custos,
2731 3626 3035 3697 depositum
3077 3630 3288 3686 salvum
3332 3644 3544 3690 sartum

1960 3716 2270 3779 tectumque
2297 3715 2574 3770 exhibebit
2598 3714 2729 3783 Deo,
2754 3722 2822 3774 ad
2851 3714 3022 3776 instar
3049 3720 3329 3778 Pontiﬁcis
3354 3740 3547 3784 omnes

1958 3799 2094 3857 albis
2120 3806 2368 3871 amictos,
2393 3818 2448 3861 et
2480 3812 2801 3878 corporibus
2835 3813 3256 3879 immortalibus,
3287 3826 3545 3887 tanquam

1956 3893 2109 3949 stolis
2138 3898 2541 3954 candidissimis
2574 3902 2849 3957 radiantes
2879 3905 2953 3957 illi
2991 3904 3042 3958 in
3074 3922 3267 3960 manus
3296 3909 3544 3977 tradens,

1956 3995 2017 4039 ut
2052 4000 2157 4040 non
2198 3988 2359 4043 modo
2394 3991 2493 4044 sub
2535 3992 2622 4045 illo
2654 3991 2908 4048 fruantur
2941 4008 3137 4066 regno,
3185 3997 3281 4051 sed
3318 3999 3546 4067 insuper

1928 4075 2239 4153 padimpleri
2304 4081 2515 4148 possint
2571 4081 2930 4139 inell‘abilibns
2987 4085 3166 4142 Patris
3205 4088 3289 4141 sui
3342 4087 3542 4145 bonis:

1957 4175 2119 4235 atque
2158 4169 2233 4222 ita
2283 4169 2495 4227 futurus
2534 4184 2637 4239 est,
2663 4176 2962 4231 secundum
3016 4178 3260 4261 Apostoli
3293 4179 3499 4235 dictum
3524 4218 3545 4251 ,

1959 4256 2097 4312 Deus
2141 4263 2318 4315 omnia
2358 4264 2411 4315 in
2459 4266 2698 4319 omnibus
2724 4265 2770 4298 ³³
2795 4306 2810 4331 ,
2852 4282 2975 4321 cum
3027 4256 3198 4324 Filius
3236 4284 3366 4325 suos
3408 4274 3542 4329 sub-

1957 4349 2096 4403 ditos
2128 4363 2615 4420 repraesentaturus
2641 4367 2726 4411 est
2755 4357 2878 4426 ipsi,
2910 4366 2967 4411 ut
2998 4359 3115 4429 ipse
3134 4358 3296 4415 Pater
3314 4376 3545 4431 perum-

1957 4441 2044 4493 nia
2077 4442 2148 4495 sit
2177 4442 2229 4495 in
2262 4446 2515 4499 omnibus
2538 4449 2742 4502 onmia.
2770 4446 2903 4502 Nam
2930 4459 2988 4504 ut
3021 4461 3141 4504 erat
3172 4452 3287 4523 ipse
3314 4454 3368 4507 in
3400 4452 3544 4513 Filio

1956 4546 2054 4585 suo
2069 4533 2384 4603 olim,juxta
2419 4536 2543 4590 illud
2571 4554 2585 4589 :
2621 4534 2853 4593 Pater-iu
2873 4557 2973 4605 me,
3003 4550 3156 4611 etego
3180 4544 3233 4597 in
3254 4544 3418 4599 Patre
3444 4546 3491 4577 “
3522 4588 3541 4615 ,

266 4622 344 4677 ἂν
378 4622 563 4689 πᾶσι,
614 4624 705 4677 τοῦ
756 4625 882 4679 Υἱοῦ
917 4628 1041 4690 τοὺς
1078 4627 1521 4699 βασιλευομένους
1553 4630 1852 4699 προσάγον-

1959 4625 2025 4679 ad
2053 4628 2297 4682 eumdem
2334 4633 2547 4685 modum
2572 4634 2677 4687 erit
2703 4642 2814 4687 tum
2844 4634 2897 4689 in
2931 4637 3184 4691 omnibus
3209 4652 3307 4706 per
3340 4639 3540 4697 Filium

268 4730 365 4777 τος
389 4713 556 4785 αὐτῷ,
584 4716 679 4789 ἵνα
704 4717 824 4770 ὅλον
845 4719 1006 4771 τοῦτο
1035 4720 1278 4789 γένηται,
1308 4721 1451 4787 λέγω
1477 4720 1533 4771 δὲ
1571 4721 1630 4773 τὸ
1662 4722 1848 4775 Πάντα

1956 4723 2365 4778 consummatis.
2410 4723 2523 4779 Non
2553 4728 2695 4781 enim
2727 4729 3021 4796 Apostolus
3052 4730 3204 4792 dixit,
3234 4730 3431 4785 Filium
3482 4748 3545 4789 se

269 4806 333 4861 ὲν
362 4809 524 4862 πᾶσιν
553 4805 691 4863 εἷναι
726 4811 817 4863 τὸν
856 4812 1096 4882 Πατέρα.
1138 4813 1223 4873 Ὠς
1250 4812 1357 4883 γὰρ
1395 4809 1461 4882 ἦν
1497 4814 1761 4883 πρότερον
1790 4815 1848 4867 ὲν

1956 4824 2055 4864 suo
2091 4826 2258 4880 regno
2291 4816 2667 4873 abdicaturum
2709 4831 2764 4875 et
2797 4833 3149 4892 regnaturum
3186 4824 3355 4877 Deum
3389 4840 3404 4877 :
3444 4825 3542 4879 sed

267 4893 350 4964 τῷ
379 4894 510 4965 Titi),
540 4898 681 4951 κατὰ
708 4899 791 4963 τὸ,
831 4898 895 4952 '0
934 4901 1138 4968 Πατὴρ
1169 4902 1239 4952 ἐν
1259 4901 1410 4969 ἐμοὶ,
1456 4902 1617 4970 κάγὼ
1656 4903 1724 4953 ἐν
1768 4900 1848 4965 τῷ

1956 4901 2148 4958 Filium
2189 4904 2297 4961 Deo
2318 4918 2373 4961 et
2410 4908 2553 4965 Patri
2591 4927 2815 4982 regnum
2848 4918 3174 4970 traditurum
3205 4916 3415 4971 salvum
3448 4916 3543 4972 de-

348 5076 407 5134 νΙ(
430 5069 526 5127 Ed.
546 5070 741 5139 Paris.,
761 5090 879 5145 pag.
901 5076 1021 5131 187.
1098 5080 1143 5110 ²⁶
1170 5078 1323 5133 Joan.
1348 5094 1401 5144 x,
1420 5077 1507 5131 ⁸58.
1586 5080 1628 5110 ’ί
1648 5079 1775 5137 Luc.
1795 5086 1854 5148 1,]

1963 5086 2052 5139 55.
2130 5087 2175 5117 ³³
2196 5085 2326 5142 an.
2348 5106 2402 5157 χ,
2420 5088 2507 5145 22.
2587 5092 2672 5147 ³³1
2696 5086 2822 5151 cur.
2847 5111 2937 5162 xv,
2954 5095 3047 5152 ΞΒ.
3123 5095 3168 5128 ³⁸
3183 5093 3342 5153 Joan.
3367 5110 3422 5161 χ,
3442 5093 3537 5153 58.

486 5250 650 5329 Xulgo
670 5255 790 5329 ταῖς
813 5271 873 5307 τε
901 5254 954 5309 θ.
987 5264 1042 5309 et
1073 5272 1191 5311 mox
1218 5258 1475 5329 ἀλήκτου.

341 5318 432 5385 (16
486 5319 654 5390 Vulgo
678 5318 757 5377 δέ.

341 5327 453 5527 si?
484 5391 741 5514 aw-

608 5479 651 5527 μ
696 5479 757 5517 σι

484 5391 871 5535 ἓξᾞβᾴᾎῖαντι
928 5467 1095 5533 πρός.
1144 5466 1260 5522 Νοιι
1318 5481 1400 5523 est
1454 5487 1582 5528 vera
1648 5478 1833 5535 lectio.

260 5526 452 5609 Neque
476 5526 621 5609 enini
644 5532 883 5609 Gabriel,
1039 5526 1194 5592 beata
1229 5538 1390 5609 Virgo
1418 5526 1830 5603 admirabatur-vi

260 5599 633 5683 etllegendum
684 5616 767 5658 est
825 5605 1204 5683 θαυμάσασαν,
1267 5599 1458 5683 sensus
1510 5599 1836 5683 pstea—“vox

262 5667 640 5793 substiituenda
671 5688 779 5728 non
817 5667 1078 5732 occurrit.
1129 5667 1202 5734 Μ.
1258 5708 1331 5721 -
1378 5667 1523 5737 Πειίῖ
1560 5667 1834 5746 εἶέοιίῖί.

299 5753 407 5791 εσπ
431 5756 601 5793 σαντι.

299 5753 601 5793 ισπισαντι.

336 5808 426 5876 (l9
476 5808 643 5876 Vulgo
671 5832 790 5869 ουκ.

336 5814 452 5971 Ψί
474 5882 1011 5971 ,Ὕδργνριεένους-
1056 5891 1239 5971 Ρρὲθὲι
1283 5893 1445 5971 ﬁlia")
1476 5896 1575 5967 ιεεῖ
1605 5900 1841 5971 φαιδρυ-

259 5944 489 6019 “pavo;
521 5944 683 6023 [quod
716 5944 836 6010 dedi
869 5944 992 6013 cuni
1016 5944 1251 6034 cndida]:
1462 5944 1839 6038 ῥῖιῗίυζῗῖἷιιῖ-

544 6043 817 6111 Ριιτιιοι..
864 6048 982 6113 Gn.
1029 6053 1262 6116 XXIV.
1454 6114 1464 6119 ,

3179 6068 3259 6128 33

1952 5277 2089 5332 tror,
2146 5285 2269 5324 cum
2303 5269 2480 5344 illum
2526 5280 2799 5344 tanquam
2857 5274 3181 5344 choragum,
3239 5283 3294 5327 et
3352 5274 3538 5330 athle-

1952 5349 2086 5403 tam,
2140 5352 2194 5395 et
2248 5340 2788 5415 trigutnphabundum,
2836 5347 2891 5399 in
2952 5340 3057 5401 hoc
3107 5359 3205 5400 suo
3253 5344 3537 5415 κατορθώ-

1949 5425 2098 5477 ματι,
2127 5422 2252 5464 ante
2293 5411 2680 5480 designaverit'.
2725 5414 2797 5468 Μ.

2019 5481 2130 5552 (ιιι)
2169 5480 2338 5549 Vulgo
2369 5482 2518 5552 deest
2546 5480 2635 5551 δή.

2013 5549 2127 5627 (ξιξ)
2158 5552 2317 5627 Κατὰ
2345 5549 2996 5627 πᾴνταεμυοεει-τρὸπον.
3035 5555 3108 5610 Μ.

2011 5623 2122 5689 (25)
2158 5620 2488 5691 Ἀρχιερέως
2524 5620 2725 5690 δίκην.
2750 5620 2865 5680 Non
2890 5638 2949 5680 ut
2989 5628 3103 5694 ipse
3146 5629 3214 5681 sit
3248 5626 3317 5680 ad
3360 5627 3535 5681 instar

1936 5694 2228 5761 pontilicis,
2282 5707 2591 5765 quanquam
2628 5708 2817 5749 revera
2860 5699 2931 5750 sit
2984 5698 3224 5765 pontifex
3279 5714 3293 5747 :
3337 5698 3430 5750 sed
3477 5711 3539 5753 ut

1941 5764 2158 5839 salvati
2185 5764 2317 5825 sint,
2351 5763 2417 5815 ad
2467 5764 2641 5839 instar
2662 5766 2959 5839 pontiﬁcis
2986 5763 3376 5839 λευμίμονες,
3412 5766 3538 5837 lego

1942 5834 2312 5906 ἐρρωμένους,
2346 5847 2375 5906 ε
2407 5834 2781 5906 superioribus
2807 5847 2859 5889 et
2895 5834 3155 5906 ὡσπερεί.
3193 5834 3274 5893 Μ.

2016 5904 2126 5977 (24)
2156 5904 2325 5973 Vulgo
2352 5904 2678 5973 ἐρουμένους
2703 5917 2759 5961 ει
2790 5923 2911 5961 mox
2951 5907 3025 5972 ὡς
3056 5904 3205 5979 περί.
