4032 6490
277 503 395 558 ωτι

1213 491 1301 550 DE
1339 490 1881 550 ECCLESIASTICA
1921 485 2322 549 THEOLOGIA
2365 480 2502 546 LIB:
2539 486 2628 545 111.

3413 478 3556 540 1053,

283 615 454 688 ἄρχων
493 613 585 667 ιιι).
625 605 856 680 ποιμὴν
906 607 1235 683 γενήσεσθαι
1284 615 1314 665 ὁ
1360 611 1562 666 Δαδίδ·
1619 615 1861 666 ὲπικεκα·

1978 618 2125 678 patet
2157 613 2301 680 quod
2328 609 2493 665 David
2521 615 2682 664 astate
2705 605 2862 675 longe
2885 599 3244 659 antecedebat
3271 599 3388 655 haec
3417 607 3558 654 tem-

284 705 565 776 λυμμένως
592 696 845 755 ἐνταῦθα
871 702 966 756 τοῦ
989 701 1154 757 Δαῦὶδ
1186 703 1279 756 τὸν
1300 705 1537 776 Χριστὸν
1563 703 1869 773 αίνιττομέ-

287 812 378 851 νου
403 795 491 850 διὰ
527 791 588 849 τὸ
623 795 688 847 sit.
722 795 1046 866 σπέρματος
1065 794 1232 849 αὑτοῦ
1268 797 1572 865 γεγονέναι.
1616 797 1788 850 Τοῦτο
1811 795 1870 850 δὲ

279 886 446 957 δῆλον
485 888 551 940 ὲκ
593 878 688 939 τοῦ
742 886 1169 959 προτεθνηκέναι
1205 887 1298 942 τὸν
1335 887 1500 942 Δαῦὶδ
1533 888 1627 942 τοῦ
1653 889 1868 960 χρόνου,

283 977 411 1031 καθ’
441 972 501 1031 ὃν
526 970 679 1033 ταῦτ’
701 978 937 1048 ἐλέγετο.
984 976 1328 1051 Σαφέστερον
1355 981 1412 1033 δὲ
1438 979 1612 1035 ταῦτα
1636 982 1730 1035 καὶ
1763 982 1869 1035 Δα-

275 1063 405 1141 νιὴλ
449 1072 480 1122 ὀ
519 1072 806 1143 προφήτης
839 1071 1083 1136 θεσπίζει
1107 1112 1122 1136 ,
1167 1071 1258 1124 τὸν
1300 1073 1537 1144 Χριστὸν
1578 1071 1674 1126 τοῦ
1709 1070 1868 1139 Θεοῦ,

284 1158 430 1214 Υὶὸν
453 1158 772 1227 ἀνθρώπου
799 1154 1078 1230 ὀνομάζων
1107 1159 1315 1224 λευκῶς
1336 1199 1350 1222 ,
1380 1157 1554 1224 οὕτως
1582 1157 1674 1215 οὖν
1708 1161 1804 1215 καὶ
1835 1163 1869 1232 ὴ

266 1245 390 1305 τῶν
421 1251 580 1322 ἱερῶν
595 1251 943 1321 Εὐαγγελίων
963 1247 1152 1305 εἴωθεν
1171 1249 1330 1306 αὐτὸν
1351 1253 1642 1307 ἀποκαλεῖν
1661 1253 1869 1324 γραφή.

268 1343 446 1412 Λέγει
469 1343 526 1396 δὲ
554 1343 743 1397 τοῦτον
774 1345 862 1397 τὸν
891 1344 1089 1413 τρόπον
1108 1361 1122 1373 ·
1170 1341 1495 1413 Ἐθεώρουν
1523 1346 1594 1398 ἐν
1625 1339 1872 1414 ὁράματι

263 1433 395 1505 τῆς
415 1436 637 1501 νυκτὸς
656 1479 670 1500 ,
712 1436 808 1489 καὶ
832 1433 960 1488 ίδοὺ
990 1433 1139 1503 μετὰ
1163 1435 1281 1488 τῶν
1309 1433 1581 1504 νεφελῶν
1611 1434 1719 1489 τοῦ
1764 1436 1869 1488 οὺ-

260 1529 489 1596 ρσνοῦ,
519 1529 602 1595 ὡς
639 1525 770 1594 nec
796 1525 1110 1596 ἀνθρώπου
1145 1528 1468 1597 ἐρχόμενος
1492 1523 1572 1597 ἦν
1592 1543 1606 1558 ⁸
1641 1525 1739 1582 καὶ
1760 1525 1870 1591 ἕως

261 1616 391 1671 τοῦ
446 1615 716 1670 Παλαιοῦ
781 1614 900 1668 τῶν
945 1614 1182 1684 ἡμερῶν
1239 1615 1469 1683 ἔφθασε
1532 1614 1632 1668 καὶ
1679 1627 1869 1684 προσ-

261 1706 512 1777 ηνέχθη
533 1746 548 1770 ,
583 1705 684 1760 καὶ
707 1705 867 1772 αὺτῷ
891 1706 1070 1774 ἐδόθη
1102 1709 1141 1774 ἡ
1175 1705 1354 1777 ἀρχὴ,
1385 1706 1483 1760 καὶ
1511 1707 1551 1775 ἡ
1580 1705 1741 1776 τιμὴ,
1770 1705 1870 1759 καὶ

261 1796 318 1866 ἡ
351 1797 646 1864 βασιλεία
669 1815 682 1828 ·
713 1797 813 1850 καί
846 1796 1070 1862 πάντες
1093 1801 1144 1852 ol
1170 1798 1330 1860 λαοὶ,
1355 1797 1566 1867 φυλαὶ,
1596 1796 1871 1867 γλῶσσαι

262 1889 444 1955 αὐτῷ
474 1888 940 1944 δουλεύσουσιν.
985 1889 1058 1943 Ἦ
1094 1888 1346 1953 ἐξουσία
1389 1886 1580 1944 αὑτοῦ
1615 1888 1870 1953 ἐξουσία

1973 714 2123 769 pura.
2147 701 2359 756 Clarius
2385 701 2502 755 hac
2527 700 2641 769 ipsa
2669 695 3004 751 vaticinatur
3032 691 3238 755 Daniel,
3264 690 3354 746 ubi
3386 687 3553 744 Chri-

1972 803 2113 846 stum
2137 791 2372 862 appellat
2404 785 2604 844 Filium
2634 787 2878 852 hominis,
2917 799 3025 856 quo
3051 783 3267 839 nomine
3297 781 3555 850 frequen-

1971 895 2054 940 ter
2082 885 2135 939 in
2164 883 2469 953 Evangeliis
2499 890 2812 952 usurpatur.
2847 879 2938 933 Ait
2960 886 3142 933 autem
3175 891 3191 929 :
3217 873 3550 940 Aspiciebans

1969 977 2030 1031 in
2055 976 2250 1032 visione
2281 976 2471 1039 noctis,
2507 985 2555 1028 et
2579 988 2697 1028 ecce
2715 988 2834 1028 cum
2858 970 3080 1025 nubibus
3109 967 3221 1022 cali
3261 967 3415 1035 quasi
3456 961 3552 1016 Fi-

1969 1069 2073 1124 lius
2105 1068 2330 1124 hominis
2363 1068 2631 1131 veniebat;
2653 1077 2700 1121 et
2731 1079 2894 1134 usque
2922 1061 2992 1116 ad
3029 1061 3311 1129 Antiquam
3343 1058 3549 1111 dierum

1970 1163 2199 1230 pervenit
2221 1177 2241 1225 ;
2262 1170 2308 1214 et
2334 1161 2391 1213 in
2414 1168 2690 1228 conspectu
2716 1157 2830 1225 ejus
2872 1153 3169 1208 obtulerunt
3194 1166 3345 1214 eum;
3384 1159 3432 1201 et
3457 1148 3552 1201 de-

1971 1250 2050 1301 dit
2092 1249 2141 1302 ei
2195 1255 2519 1317 potestatem,
2555 1255 2603 1300 et
2632 1245 2882 1298 honorem
2929 1253 2974 1296 el
3025 1247 3261 1309 regnum.
3293 1248 3343 1290 et
3371 1250 3548 1290 omnes

1970 1340 2168 1408 populi,
2214 1338 2386 1391 tribus
2417 1347 2465 1391 et
2506 1337 2698 1407 lingua:
2729 1335 2828 1404 ipsi
2853 1334 3096 1388 servient.
3131 1328 3374 1384 Potestas
3409 1326 3546 1396 ejus,

1971 1442 2199 1500 potestas
2228 1439 2444 1492 te'terna,
2477 1446 2597 1499 quae
2628 1445 2733 1482 non
2757 1429 3047 1496 auferetur,
3092 1434 3139 1477 et
3172 1438 3388 1495 regnum
3430 1420 3550 1490 ejus

1970 1525 2112 1594 quod
2141 1537 2244 1575 non
2278 1519 2722 1588 corrumpetur".
2761 1516 2922 1571 Vides
2956 1524 3014 1571 ut
3040 1517 3092 1569 in
3125 1514 3241 1569 istis
3298 1515 3548 1569 incorru-

1971 1615 2156 1686 ptibile
2177 1628 2285 1668 non
2307 1626 2617 1676 senescens,
2640 1611 2758 1666 sine
2787 1609 2893 1663 ﬁne
2917 1607 3152 1662 futurum
3174 1606 3290 1674 ejus
3320 1620 3547 1675 regnum

1972 1707 2230 1777 propheta
2288 1705 2527 1759 declaret
2573 1722 2587 1758 :
2639 1718 2745 1758 non
2788 1701 3006 1771 quidem
3047 1699 3206 1755 Verbi
3257 1697 3355 1752 Dei
3401 1697 3550 1753 illius

1971 1798 2111 1868 quod
2141 1798 2196 1853 in
2222 1797 2330 1851 Deo
2351 1797 2516 1862 inest,
2542 1795 2637 1849 sed
2664 1792 2796 1848 Filii
2823 1794 3067 1847 hominis.
3097 1791 3265 1859 Quem
3297 1789 3549 1847 eumdem

1975 1890 2209 1961 hominis
2235 1887 2432 1943 Filium
2484 1887 2648 1942 alium
2699 1894 2756 1942 et
2791 1885 3065 1943 diterstun
3115 1897 3235 1938 esse
3272 1882 3430 1938 docet
3477 1884 3549 1937 ab

261 1979 540 2047 αἰώνιος,
584 1980 718 2048 ἥτις
759 1981 832 2034 οὐ
865 1981 1334 2049 παρελεύσεταιο
1380 1979 1479 2034 καὶ
1507 1981 1547 2049 ἠ
1579 1979 1861 2045 βασιλεία

1970 1983 2204 2053 Antiqua
2248 1983 2480 2050 dierum,
2530 1981 2620 2052 qui
2669 1995 2897 2051 regnum
2941 1978 3140 2048 accipit
3183 1987 3446 2032 aeternum
3478 1975 3550 2031 ab

263 2070 468 2126 αὐτοῦ
493 2073 564 2125 οὺ
587 2070 1058 2140 διαφθαρήσεται
1077 2058 1107 2126 ,⁸
1143 2070 1383 2141 Συνορᾶς
1414 2070 1490 2134 ὼς
1529 2071 1624 2124 καὶ
1649 2073 1706 2124 ὲν
1745 2071 1867 2124 τού-

262 2174 396 2223 τοις
422 2158 696 2231 ἄφθαρτον
745 2161 841 2214 καὶ
883 2161 1075 2233 ἀγήρω
1121 2160 1216 2214 καὶ
1262 2160 1618 2233 ἀτελεύτητον
1662 2163 1724 2214 οὐ
1769 2163 1864 2216 τοῦ

269 2251 459 2319 Λόγου
501 2251 596 2308 τοῦ
629 2252 687 2304 ὲν
721 2251 797 2321 τῷ
825 2248 945 2320 Θεῷ
975 2251 1072 2321 τὴν
1118 2249 1394 2320 βασιλείαν
1436 2249 1688 2317 ἔσεσθαι,
1728 2251 1864 2306 ἀλλὰ

265 2339 536 2396 ςσῦΥίοῦ
584 2341 678 2396 τοῦ
728 2341 1039 2414 ἀνθρώπου,
1096 2343 1420 2413 παρίστησιν
1466 2345 1495 2396 ὁ
1543 2346 1858 2415 προφήτης·

267 2433 469 2507 ιτερόν
497 2452 555 2489 τε
588 2435 739 2507 παρὰ
763 2435 856 2488 τὸν
887 2435 1120 2488 Παλαιὸν
1159 2435 1268 2487 τῶν
1307 2435 1530 2508 ἡμερῶν
1569 2436 1756 2507 σαφῶς
1787 2438 1864 2491 δι-

267 2524 468 2580 δάσκει
493 2527 584 2579 τὸν
607 2527 735 2580 Υίὸν
766 2522 906 2581 εἶναι
933 2526 1026 2579 τοῦ
1059 2525 1347 2596 ἀνθρώπου
1388 2527 1481 2581 τὸν
1521 2529 1621 2600 τὴν
1649 2528 1862 2602 ἄφθαρ-

268 2634 373 2671 ⁸ιτον
407 2617 682 2688 βασιλείαν
717 2620 870 2691 παρὰ
893 2615 989 2672 τοῦ
1014 2619 1251 2673 Παλαιοῦ
1277 2618 1387 2674 τῶν
1411 2621 1632 2692 ἡμερῶν
1661 2623 1861 2695 δηλαδὴ

271 2707 435 2780 παρὰ
470 2709 564 2763 τοῦ
603 2710 769 2764 αὐτοῦ
801 2712 1013 2783 Πατρός
1054 2711 1470 2781 ὑποδεξάμενον.
1522 2701 1682 2767 Ἀλλὰ
1708 2715 1862 2787 Μάρ-

271 2799 470 2864 κελλος
499 2801 594 2854 ἕνα
628 2802 722 2855 καὶ
764 2802 854 2855 τὸν
896 2801 1061 2856 αὐτὸν
1103 2798 1242 2857 εἶναι
1290 2806 1530 2876 ὁρίζεται
1577 2806 1673 2860 καὶ
1731 2807 1861 2876 μίαν

273 2889 577 2945 ὑπόστασιν
634 2892 787 2945 δυσὶν
846 2894 1107 2964 ὀνόμασιν
1157 2895 1552 2967 ὑποκειμένην·
1614 2896 1695 2950 ἔτι
1754 2898 1860 2968 μὴν

274 2980 378 3034 καὶ
406 2979 505 3052 τὴν
542 2981 818 3052 βασιλείαν
858 2985 1021 3039 αὐτοῦ
1055 2987 1417 3058 περιγράφειν
1447 2988 1619 3059 τολμᾷ
1651 2990 1742 3042 καὶ
1770 2989 1858 3042 τὲ-

1968 2074 2208 2145 Antiquo
2227 2073 2457 2140 dierum,
2485 2074 2590 2129 hoc
2612 2081 2695 2128 est
2725 2075 2793 2128 ab
2818 2073 2988 2143 ipsius
3015 2071 3175 2126 Patre
3205 2085 3220 2124 :
3248 2067 3342 2124 sed
3381 2066 3551 2122 hosce

1968 2179 2132 2218 unum
2184 2173 2241 2219 et
2291 2171 2540 2219 eumdem
2596 2177 2719 2220 esse
2755 2161 3042 2218 Marcellus
3077 2162 3252 2226 docet,
3275 2171 3549 2227 unamque

1964 2257 2321 2312 substantiam
2354 2253 2564 2311 duobus
2614 2255 2924 2310 nominibus
2962 2253 3295 2324 insignitam.
3339 2249 3447 2304 Sed
3489 2256 3548 2304 et

1965 2361 2192 2418 regnum
2226 2349 2395 2416 ipsius
2423 2345 2854 2417 circumscripsit
2890 2346 3102 2400 audax:
3127 2352 3183 2400 et
3221 2342 3364 2412 quod
3395 2341 3548 2410 regni

1962 2439 2165 2496 Christi
2219 2440 2347 2495 ﬁnis
2386 2440 2461 2495 sit
2497 2439 2712 2495 futurus
2749 2447 2872 2508 post
2896 2437 3089 2509 judicii
3131 2447 3393 2505 tempora,
3428 2433 3548 2489 sine

1962 2533 2472 2598 omniverecundia,
2494 2530 2570 2586 ita
2601 2531 2791 2587 scribit
2821 2545 2835 2582 :
2875 2549 2895 2584 ι
2931 2529 3222 2585 Maximum
3245 2525 3403 2582 nobis
3428 2537 3545 2596 my.

1968 2643 1988 2676 s
2026 2624 2249 2680 sterium
2280 2625 2370 2680 hic
2398 2623 2604 2679 revelat
2629 2623 2945 2694 Apostolus,
2981 2637 3106 2677 cum
3140 2621 3283 2691 quod
3316 2631 3542 2689 regnum

1967 2734 1987 2768 ι
2021 2717 2221 2774 Christi
2252 2701 2329 2773 aii
2357 2716 2694 2784 habiturum,
2729 2717 2891 2771 ﬁnem
2944 2714 3162 2778 indicet,
3215 2713 3375 2766 ﬁnem
3411 2723 3543 2766 vero

1966 2828 1987 2862 ι
2022 2817 2158 2874 tum,
2223 2825 2339 2864 curn
2403 2809 2638 2879 subjecta
2690 2807 2889 2876 fuerint
2947 2806 3122 2860 omnia
3179 2804 3272 2856 sub
3325 2799 3542 2870 pedibus

1967 2921 1987 2955 ι
2021 2903 2136 2974 ejus
2148 2903 2211 2957 ³⁸.
2253 2922 2274 2956 ι
2312 2901 2483 2970 Quem
2515 2915 2822 2957 sermonem
2851 2900 2919 2954 ad
2942 2899 3088 2954 hunc
3113 2896 3330 2952 modum
3360 2893 3544 2951 adhuc

1961 3003 2253 3066 exaggerat
2285 3016 2298 3049 :
2343 3011 2362 3045 ι
2401 2993 2643 3048 Diximus
2685 2993 2736 3046 in
2770 2989 3218 3061 praecedentibus,
3250 2985 3544 3042 Dominum

273 3071 372 3137 λος
405 3073 626 3130 ἔσεσθαι
669 3075 768 3147 τῆς
807 3078 1041 3149 Χριστοῦ
1089 3078 1368 3150 βασιλείας
1409 3079 1641 3145 ἀναιδῶς
1689 3080 1860 3145 οὕτως

1965 3106 1985 3138 ι
2018 3097 2263 3142 nostrum
2292 3085 2564 3141 Christum
2592 3085 2741 3154 regni
2771 3083 2852 3138 sui
2881 3083 3093 3137 initium
3121 3080 3374 3136 habuisse
3406 3095 3423 3134 :
3454 3076 3541 3131 usi

274 3167 638 3236 ἀποφαίνεται
683 3169 819 3241 μετὰ
861 3171 951 3223 τὸν
1002 3171 1102 3241 τῆς
1152 3173 1396 3244 κρίσεωςὶ
1419 3173 1631 3245 καιρὸν,
1672 3174 1859 3229 τοῦτον

1965 3191 1985 3226 ι
2020 3188 2205 3228 sumus
2252 3174 2320 3228 ad
2367 3173 2473 3229 hoc
2522 3173 2698 3242 ipsum
2766 3171 3152 3227 declarandum
3219 3169 3542 3225 testimoniis

275 3259 508 3328 γράφων
570 3260 660 3314 τὸν
701 3262 935 3333 τρόπον·
985 3282 1004 3314 ι
1054 3264 1327 3330 Μέγιστον
1372 3266 1514 3333 ηήμῖν
1562 3267 1858 3337 μυστήριον

1965 3281 1984 3314 ι
2021 3262 2688 3332 εει-ἰριυτδιυωηΑόόίιτ
2713 3282 2732 3315 ι
2756 3261 2916 3319 Certe
2935 3270 3226 3334 suppetunt
3255 3262 3543 3316 innumera

283 3367 305 3400 ι
334 3347 566 3404 ἐνταῦθα
591 3354 620 3404 ό
659 3352 978 3416 Ἀπόστολος
1006 3353 1376 3407 ἀνακαλύπτει
1395 3354 1533 3423 (53),
1553 3354 1706 3418 τέλος
1738 3355 1856 3409 ἔσε-

1968 3373 1988 3408 ι
2024 3355 2204 3422 nobis,
2259 3366 2315 3413 et
2369 3357 2588 3426 quidem
2637 3357 2997 3422 abundanter,
3033 3353 3340 3410 testimonia
3395 3354 3543 3421 quod

282 3457 306 3492 ι
341 3439 464 3494 σθαι
525 3443 750 3511 φάσκων
796 3443 896 3513 τῆς
939 3444 1175 3516 Χριστοῦ
1229 3446 1540 3516 βασιλείας.
1594 3445 1745 3510 τέλος
1801 3447 1859 3500 δὲ

1967 3467 1986 3501 ι
2023 3449 2343 3505 sortitus'sit
2383 3449 2535 3520 regni
2571 3450 2651 3504 sui
2687 3449 3008 3518 principium
3055 3448 3217 3500 homo
3258 3458 3356 3512 per
3401 3443 3542 3498 Ver-

282 3554 303 3585 ι
339 3533 461 3586 τότε
479 3575 494 3598 ,
540 3533 684 3588 ὅταν
727 3534 924 3589 πάντα
974 3537 1248 3606 ὑποταγῇ
1298 3537 1418 3592 ὑπὸ
1471 3537 1615 3604 τοὺς
1669 3536 1859 3602 πόδας

282 3641 304 3676 ι
344 3624 550 3680 αὐτοῦ.
575 3645 596 3678 ι
634 3628 745 3681 Καὶ
794 3627 1221 3700 ἐπεξεργάζεται
1261 3629 1374 3699 (54)
1421 3630 1514 3682 τὸν
1555 3629 1712 3698 λόγον
1755 3622 1860 3681 ὧδέ

276 3731 356 3785 πη
411 3715 586 3785 λέγων
604 3705 648 3748 Γ
676 3736 696 3769 ι
725 3719 974 3788 Ἔφαμεν
1033 3720 1091 3774 ὲν
1146 3723 1257 3784 τοῖς
1317 3722 1646 3800 προάγουσιν
1701 3720 1862 3792 ἡμῶν

280 3826 301 3860 ι
343 3809 546 3878 ῥητοῖς,
603 3809 694 3862 τὸν
746 3811 1020 3881 Δεσπότην
1068 3811 1224 3882 ἡμῶν
1270 3813 1362 3866 τὸν
1409 3814 1642 3884 Χριστὸν
1684 3813 1859 3885 ἀρχὴν

282 3917 303 3952 ι
340 3899 630 3971 ἐσχηκέναι
670 3899 963 3969 βασιλείας,
1011 3905 1076 3955 ὲκ
1113 3903 1221 3957 τῶν
1264 3903 1422 3958 θείων
1457 3905 1689 3976 Γραφῶν
1717 3908 1857 3962 ἀπο-

282 4009 302 4043 ι
338 3989 535 4058 δείξεσι
560 3990 854 4063 χρώμενοι.
898 3994 1009 4045 Καὶ
1044 3994 1308 4064 ἐπιλέγει,
1356 3996 1451 4050 καὶ
1479 3996 1616 4060 ὅλως
1645 3998 1860 4069 μυρίων

280 4099 302 4133 ι
337 4081 518 4154 ῥητῶν
547 4082 686 4154 πρὸς
717 4082 1018 4154 μαρτυρίαν
1063 4085 1210 4137 ἐστὶν
1258 4085 1633 4158 εὐπορήσαντα
1663 4087 1858 4156 δεῖξαι,

281 4193 300 4226 ι
334 4174 416 4228 ὅτι
441 4175 616 4247 ἀρχὴν
647 4174 757 4246 (55)
794 4174 1066 4246 βασιλείας
1105 4176 1327 4249 εῑληφεν
1375 4179 1404 4230 ὁ
1445 4179 1730 4251 ἄνθρωπος
1767 4181 1856 4234 διὰ

279 4287 300 4319 ι
337 4266 432 4322 τοῦ
460 4268 655 4336 Λόγου.
704 4270 768 4322 Εἰ
809 4265 900 4322 οῦν
950 4268 1182 4342 εἴληφεν
1219 4272 1392 4343 ἀρχὴν
1438 4271 1713 4342 βασιλείας
1750 4275 1857 4347 πρὸ

279 4372 300 4407 ι
337 4353 475 4409 ἑτῶν
496 4355 632 4409 ὅλων
657 4357 718 4409 οὺ
744 4355 1006 4411 πλειόνων
1030 4359 1063 4429 ἢ
1093 4362 1482 4431 τετρακοσίων,
1503 4363 1655 4417 οὐδὲν
1684 4365 1860 4437 παρά-

278 4465 299 4499 ι
331 4443 502 4511 δοξον,
523 4450 572 4500 εἱ
591 4449 683 4502 τὸν
698 4450 804 4522 πρὸ
825 4450 997 4514 οὕτως
1020 4451 1203 4519 ὀλίγου
1224 4453 1414 4524 χρόνου
1440 4453 1538 4524 τῆς
1581 4454 1855 4525 βασιλείας

277 4558 300 4594 ι
329 4541 533 4613 ταύτης
557 4544 789 4614 τυχόντα
817 4546 1176 4610 ὁἈπόστολός
1203 4564 1338 4620 φησι
1375 4524 1716 4617 παραδώσειν
1757 4550 1855 4621 τὴν

1965 3557 1985 3589 ι
2021 3538 2168 3593 bum.
2207 3544 2266 3603 ἧς
2299 3538 2360 3593 Si
2389 3554 2519 3594 vero
2549 3539 2777 3609 sumpsit
2818 3540 2921 3592 hoc
2963 3537 3178 3591 initium
3209 3544 3333 3590 ante
3369 3547 3541 3588 annos

1964 3649 1984 3683 ι
2022 3647 2127 3685 non
2146 3631 2328 3699 plures
2348 3645 2511 3700 quam
2532 3646 2680 3694 cccc,
2709 3630 2838 3700 quid
2859 3630 3053 3683 mirum
3073 3629 3117 3683 si
3142 3626 3430 3696 Apostolus
3447 3640 3542 3680 re-

1964 3742 1986 3777 (
2019 3725 2225 3790 tulerit,
2258 3724 2404 3778 illum
2433 3710 2524 3795 qui
2561 3734 2686 3779 ante
2714 3733 2927 3791 tempus
2953 3737 3056 3776 non
3090 3731 3198 3774 tam
3223 3721 3540 3774 diuturnum

1965 3838 1984 3869 ι
2021 3818 2228 3887 accepit
2265 3831 2488 3889 regnum
2537 3832 2715 3881 suum,
2762 3815 2902 3871 idem
2937 3828 3159 3884 regnum
3213 3811 3540 3866 traditurum

1963 3928 1982 3960 ι
2017 3909 2163 3964 Patri
2182 3908 2342 3964 suo?»
2364 3909 2490 3964 Post
2507 3908 2774 3979 paucasit:
2799 3905 2996 3961 infert:
3024 3905 3190 3971 «Quid
3209 3918 3338 3972 ergo
3356 3905 3423 3958 de
3445 3903 3542 3956 hu-

1963 4020 1982 4052 s
2020 4017 2176 4056 mana
2208 4001 2294 4056 illa
2328 4015 2493 4056 carne
2525 4001 2836 4064 edocemur,
2873 4013 3037 4068 quam
3077 4010 3175 4067 pro
3218 3994 3372 4049 nobis
3411 4003 3542 4048 ante

1963 4114 1982 4146 ι
2018 4110 2187 4149 annos
2211 4095 2302 4148 vix
2325 4109 2451 4149 cccc
2477 4093 2718 4163 integros
2740 4093 3031 4162 assumpsit
3056 4089 3329 4146 Verbum?
3355 4095 3540 4144 utrum

1963 4204 1982 4236 ι
2023 4196 2361 4241 retenturum
2391 4187 2463 4240 sit
2495 4185 2732 4240 Verbum
2773 4186 3018 4240 eamdem
3075 4185 3128 4238 in
3158 4181 3340 4238 futuro
3368 4195 3540 4236 saecu-

1962 4295 1982 4327 ι
2024 4277 2097 4343 l0,
2151 4291 2219 4332 an
2253 4276 2589 4332 solummodo
2629 4278 2698 4331 ad
2739 4274 2929 4344 judicii
2980 4285 3210 4343 tempus.
3252 4293 3274 4325 ι
3316 4271 3385 4327 Ει
3423 4273 3540 4328 hac

1957 4368 2174 4439 quidem
2207 4383 2373 4424 ausus
2390 4381 2473 4423 est
2502 4367 2784 4423 Marcellus
2811 4366 2985 4422 eﬁ'ari.
3013 4369 3080 4421 At
3112 4367 3201 4420 Dei
3237 4363 3536 4435 prepbeta,

1958 4475 2183 4530 regnum
2210 4459 2411 4514 Christi
2435 4459 2676 4512 futurum
2709 4455 3112 4512 interminabile
3144 4455 3410 4509 deﬁniunt
3437 4469 3454 4509 :
3482 4465 3539 4508 et

1959 4570 1987 4606 ιι
2018 4566 2157 4605 novo
2197 4551 2462 4619 principio
2507 4550 2920 4615 exordiendum,
2976 4557 3096 4618 post
3147 4549 3290 4602 diem
3345 4546 3539 4615 judicii

277 4652 298 4687 ι
326 4633 599 4706 βασιλείαν
612 4635 690 4706 τῷ
703 4636 839 4706 Θεῷ.
855 4656 872 4687 ι
888 4638 996 4690 Καὶ
1016 4637 1334 4709 προστίθησι
1354 4638 1472 4709 μεθ’
1486 4640 1572 4692 ἓτε
1581 4657 1647 4711 ρα
1661 4641 1852 4707 λέγων’

1964 4646 2063 4700 hoc
2090 4644 2379 4698 allirmant.
2403 4641 2540 4697 Nota
2568 4644 2712 4698 enim
2749 4644 2881 4697 mihi
2916 4653 2975 4696 ut
2999 4642 3259 4712 propheta
3287 4639 3540 4696 Ezechiel

277 4743 300 4778 ι
335 4725 401 4779 Τί
430 4727 606 4781 τοίνυν
641 4727 752 4797 (56)
789 4728 1129 4798 μανθάνομεν
1187 4730 1316 4800 περὶ
1358 4730 1457 4800 τῆς
1507 4730 1855 4804 ἀνθρωπίνης

277 4835 298 4869 ι
327 4818 556 4889 σαρκὸς,
584 4819 648 4888 ἢν
677 4819 744 4872 δι’
778 4822 922 4890 ἡμᾶς
952 4821 1172 4890 εἴληφεν
1194 4823 1222 4874 ὁ
1244 4821 1433 4889 Λόγος,
1469 4822 1575 4892 πρὸ
1599 4841 1858 4894 τετρακο-

275 4927 296 4959 s
333 4910 464 4963 σίων
501 4912 599 4980 οὐχ
631 4912 766 4966 ὅλων
802 4912 973 4978 ὲτῶν;
1010 4913 1245 4985 Πότερόν
1285 4931 1417 4968 ποτε
1448 4915 1653 4987 ταύτην
1683 4917 1774 4970 καὶ
1799 4919 1857 4970 ἐν

275 5020 297 5054 ι
327 5004 439 5066 τοῖς
473 5002 751 5072 μέλλουσιν
805 5003 993 5058 αίῶσιν
1023 5008 1051 5058 ὁ
1079 5007 1248 5074 Λόγος
1281 5006 1426 5073 ἓξει;
1471 5007 1503 5079 ἢ
1533 5009 1659 5081 ἄχρι
1696 5010 1856 5079 μόνου

273 5112 296 5145 ι
330 5093 425 5146 τοῦ
454 5094 554 5163 τῆς
580 5094 814 5165 κρίσεως
848 5098 1039 5167 καιροῦ
1062 5115 1076 5162 ;
1103 5118 1120 5148 ι
1160 5098 1477 5168 Μάρκελλος
1505 5099 1602 5168 μὲν
1624 5096 1716 5152 οὖν
1743 5117 1854 5152 τοι·

267 5183 412 5239 αῦτα
456 5185 634 5253 λέγειν
681 5187 918 5257 ἐτόλμα·
968 5191 1016 5240 0i
1052 5188 1109 5241 δέ
1152 5205 1215 5256 γε
1254 5188 1348 5241 τοῦ
1394 5189 1528 5243 Θεοῦ
1576 5191 1852 5261 προφῆται

269 5276 629 5347 ἀτελεύτητον
676 5277 767 5331 τοῦ
799 5279 1035 5349 Χριστοῦ
1084 5279 1182 5350 τὴν
1230 5279 1505 5348 βασιλείαν
1551 5282 1854 5353 ὁριζόμενοι

274 5368 416 5438 μετὰ
469 5369 557 5422 τὸν
601 5371 700 5441 τῆς
741 5372 972 5441 κρίσεως
1010 5373 1198 5443 καιρὸν
1238 5373 1331 5425 τοῦ
1381 5374 1499 5426 νέου
1533 5375 1725 5436 αἰῶνος
1757 5377 1854 5447 τὴν

271 5459 447 5531 ἀρχὴν
480 5459 592 5529 (37)
623 5460 871 5525 καθέξειν
898 5462 1058 5516 αὐτόν
1086 5479 1237 5532 φασι.
1273 5464 1381 5517 Θέα
1412 5464 1521 5537 γὰρ
1552 5468 1580 5518 ό
1610 5466 1686 5529 ὡς
1716 5485 1851 5537 προ-

1959 4735 2248 4790 discrimen
2299 4743 2564 4803 supponat
2602 4735 2782 4788 ovium
2832 4732 2924 4789 Dei
2958 4771 2974 4795 ,
3019 4741 3076 4787 et
3124 4740 3244 4801 post
3276 4731 3538 4800 judicium

1959 4827 2125 4882 David
2157 4829 2223 4882 iis
2256 4839 2531 4896 pastorem
2555 4826 2835 4896 praeﬁciat,
2877 4841 3038 4894 quem
3064 4834 3115 4880 et
3147 4825 3447 4895 principem
3475 4821 3540 4875 il—

1959 4920 2132 4974 lorum
2168 4920 2799 4982 futurum,vaticinatur.
2835 4917 3021 4973 Daniel
3062 4926 3241 4972 autem
3270 4915 3359 4970 ubi
3395 4926 3536 4984 prte-

1960 5015 2186 5068 miserat
2216 5031 2228 5066 :
2262 5012 2601 5067 Considerovi
2637 5023 2811 5066 autem
2858 5013 3020 5065 donec
3047 5013 3220 5064 throni
3243 5019 3539 5063 statueren—

1959 5112 2072 5165 tur,
2129 5112 2180 5156 et
2220 5103 2478 5170 Antiquus
2526 5104 2732 5156 dierum
2767 5103 2902 5156 sedit
2942 5119 2961 5155 :
3011 5102 3368 5155 vestimentum
3421 5097 3538 5165 ejus

1956 5197 2237 5250 candidum
2269 5197 2420 5264 quasi
2444 5197 2556 5258 nix,
2585 5207 2633 5248 et
2674 5194 2853 5263 capilli
2877 5195 3059 5262 capitis
3087 5195 3201 5261 ejus
3234 5190 3386 5262 quasi
3411 5189 3539 5242 lana

1956 5290 2152 5340 munda
2187 5305 2204 5341 :
2239 5290 2456 5342 thronus
2482 5288 2595 5355 ejus
2623 5288 2836 5356 ﬂamma
2860 5287 2996 5356 ignis
3029 5299 3048 5339 :
3079 5296 3206 5339 rotte
3245 5286 3357 5352 ejus
3396 5283 3531 5351 ignis

1956 5396 2226 5435 accensus.
2252 5379 2473 5436 Flavius
2497 5383 2631 5451 ignis
2662 5384 2973 5451 rapidusque
2992 5378 3352 5449 egrediebatur
3385 5393 3416 5428 a
3448 5375 3534 5442 fa-

1956 5473 2030 5526 cie
2063 5474 2176 5535 eius
2208 5489 2226 5527 :
2257 5474 2426 5528 millia
2476 5477 2698 5529 millium
2744 5473 3112 5528 ministrabant
3157 5471 3227 5535 ei,
3279 5479 3326 5522 et
3361 5468 3532 5521 decies

349 5603 411 5662 an
443 5596 756 5664 Ed.Paris.,
783 5615 903 5669 pag.
932 5602 1054 5656 190.
1128 5605 1173 5636 "
1202 5603 1335 5658 Dan.
1388 5621 1485 5671 vn,
1528 5608 1612 5674 15,
1649 5607 1733 5662 M.
1813 5610 1857 5642 ²⁰
1892 5611 1911 5665 ι
1940 5611 2064 5667 Cor.
2115 5629 2209 5679 xv,
2235 5613 2328 5666 28.

492 5730 664 5801 Vulgo
690 5733 1082 5789 ἀποκαλύπτει.

372 5798 461 5874 ξιξ)
491 5798 665 5874 Vulgo
687 5801 947 5874 nrt-£5597.

369 5871 462 5946 ἔξ)
495 5871 666 5946 Χυίεο
690 5873 826 5946 ἀρχσ,
848 5871 989 5946 [τῆς]
1024 5876 1147 5944 βασ-

371 5941 460 6012 36)
496 5942 666 6012 Vulgo
701 5941 1073 6015 μαιθάνωμεςι.

2026 5746 2140 5818 (37)
2170 5745 2456 5818 Καθέξειν
2477 5747 2685 5818 αὑτὸν,
2716 5747 2830 5801 lmo
2872 5749 3054 5802 αὐτόν.
3081 5750 3350 5817 Christum
3383 5746 3532 5804 scii-

1970 5827 2057 5873 cet
2085 5819 2136 5870 in
2136 5817 2350 5944 “futuro
2370 5817 2587 5884 saculo,
2624 5819 2744 5875 novi
2778 5822 2930 5891 regni
2973 5821 3185 5876 initium
3216 5819 3530 5891 auspicata-

1959 5905 2101 5944 1⁸11111.
2135 5931 2147 5943 .
2189 5928 2207 5944 ι.

2088 5931 2101 5946 ο
2135 5928 2207 5950 αἰεί,
