4032 6482
313 441 454 502 ίῦδδ

1264 431 1356 488 DE
1386 431 1924 491 ECCLESIASTICA
1962 429 2361 490 THEOLOGIA
2399 429 2532 486 LIB.
2569 427 2665 487 ω.

3443 425 3586 488 ιωο

331 559 570 632 θεότητα.
597 547 671 610 Ti.
719 546 856 626 (58)
895 553 966 626 δὴ
998 545 1093 608 οὖν
1130 551 1236 625 χρὴ
1266 550 1588 624 θαυμάζειν,
1619 554 1677 610 εί.
1705 553 1800 608 καὶ
1824 553 1902 607 ἐπτ

2017 553 2248 610 vinitate
2278 567 2590 610 commune.
2618 550 2883 620 Quocirca
2916 564 3022 608 non
3066 558 3153 608 est
3190 548 3410 616 mirum,
3438 549 3484 604 si
3521 549 3596 608 de

331 647 436 701 τοῦ
466 646 618 711 Υίοῦ,
645 643 698 699 αὶ
721 643 1110 713 παραπλήσιοι
1136 641 1393 714 φέρονται
1419 642 1613 711 φωναί’
1641 642 1742 696 οὐκ
1763 645 1918 699 ἀναι-

338 737 534 810 ροῦσαι
579 737 672 808 μὲν
711 733 883 788 αὐτοῦ
923 733 1023 806 τὴν
1065 733 1362 797 ὑπόστασιν
1409 733 1522 787 οὐδ’
1566 733 1729 788 αὑτὸν
1777 730 1917 790 εἶναι

331 829 565 902 Πατέρα
587 828 680 883 καὶ
697 825 826 880 Υἱδν
848 826 1218 891 διδάσκουσαι,
1233 825 1332 899 τὴν
1351 824 1410 879 δέ
1430 824 1526 879 τοῦ
1547 825 1761 899 Πατρὺς
1781 826 1919 898 πρὸς

331 922 508 977 αὐτὸν
543 919 847 984 ἰδιάζουσαν
869 920 965 975 καὶ
1006 918 1280 991 ἐξαίρετον
1319 917 1484 990 τιμὴν
1514 919 1611 972 καὶ
1635 917 1796 984 δόξαν
1819 917 1918 988 τῆς

329 1013 664 1086 μονογενοῦς
689 1012 783 1067 καὶ
804 1011 992 1084 θεῖκῆς
1015 1011 1300 1075 κοινωνίας
1325 1009 1681 1082 περιστῶσαι.

957 1187 1115 1242 ΚΕΦ.
1155 1187 1289 1242 KA'.

957 1188 1052 1241 ΚΕ
1101 1227 1115 1242 .
1209 1188 1289 1241 an

325 1276 542 1348 ὀπως
569 1277 686 1351 χρὴ
706 1278 871 1335 νοεῖν
906 1188 1385 1419 τὲόέἕπέαοὶαρῖἀις
1406 1277 1531 1350 ἐμὲ,
1560 1277 1782 1348 “me
1815 1276 1916 1332 και

409 1440 596 1506 Οὕτως
625 1435 720 1496 οὗν
743 1441 839 1496 καὶ
865 1441 898 1494 ό
924 1439 1193 1507 ἑωρακὼς
1214 1439 1400 1505 αὐτὸν,
1434 1437 1656 1507 ἑώρακε
1680 1436 1781 1492 καὶ
1807 1436 1918 1492 τὸν

323 1533 595 1603 Πατέρα,
627 1531 706 1604 τῷ
741 1531 897 1604 μόνον
938 1532 1100 1586 αὐτὸν
1138 1531 1234 1586 καὶ
1275 1531 1480 1603 μηδένα
1522 1529 1679 1586 ἄλλον
1711 1530 1916 1585 εἰκόνα

323 1621 478 1680 εῖναι
520 1623 627 1679 τοῦ
659 1623 807 1678 Θεοῦ
849 1623 954 1677 τοῦ
1000 1622 1255 1693 ἀοράτου
1295 1624 1389 1677 καὶ
1432 1621 1773 1694 ἀπαύγασμα
1813 1624 1913 1693 τῆς

320 1717 494 1790 δόξης
542 1717 638 1770 καὶ
681 1716 1007 1789 χαρακτῆρα
1052 1717 1154 1787 τῆς
1207 1717 1556 1781 ὑποστάσεως
1606 1715 1796 1782 αὑτοῦ,
1843 1716 1913 1769 ἐν

317 1806 538 1880 μορφῇ
580 1823 646 1862 τε
689 1807 838 1862 Θεοῦ
869 1807 1183 1878 ὑπάρχειν,
1216 1807 1360 1862 κατά
1407 1807 1507 1873 τὰς
1548 1806 1912 1872 ἀποστολικάς

2018 644 2157 702 Filio
2203 645 2339 703 tales
2385 659 2544 702 voces
2589 652 2940 715 usurpentur,
2969 657 3090 714 quae
3130 642 3350 697 minime
3402 639 3594 696 tollant

2016 744 2201 792 tamen
2233 736 2404 805 ipsius
2429 735 2769 808 hypostasin,
2803 736 3001 789 nedum
3052 731 3378 787 conﬁrmant
3411 732 3588 802 ipsum

2015 841 2138 884 esse
2165 835 2222 882 et
2253 825 2469 882 Patrem
2499 834 2557 883 et
2589 825 2787 880 Filium
2819 843 2833 878 :
2871 823 3244 878 tantummodo
3290 836 3591 892 represen-

2015 925 2133 974 tant
2165 917 2316 974 illam
2359 917 2597 973 divinam
2637 915 2900 987 unigeniti
2948 910 3070 969 Filii
3120 914 3589 976 communionem.

2015 1011 2300 1077 honorem,
2335 1017 2497 1084 atque
2527 1008 2781 1084 gloriam,
2811 1021 2975 1077 quam
3015 1020 3083 1061 ex
3121 1004 3211 1060 illa
3243 1019 3273 1059 a
3301 1003 3466 1059 Patre
3489 1018 3590 1059 suo

2014 1102 2196 1159 habet.

2597 1191 2824 1249 CAPUT
2860 1190 3004 1250 XXI.

2016 1283 2291 1352 Quomodo
2328 1285 2550 1357 intelligi
2570 1285 2987 1411 dgfelqztiﬁmlf’s
3021 1282 3127 1350 Qui
3148 1283 3276 1339 uidit
3307 1297 3417 1350 me,
3455 1279 3590 1337 uidit

2084 1447 2159 1503 Ita
2195 1462 2408 1518 quoque
2445 1456 2501 1501 et
2527 1449 2618 1518 qui
2649 1446 2801 1502 illum
2831 1446 2987 1512 vidit,
3013 1446 3147 1502 vidit
3175 1453 3223 1499 et
3267 1443 3489 1498 Patrem
3505 1438 3578 1506 “,

2013 1549 2080 1590 eo
2109 1536 2252 1605 quod
2282 1535 2398 1606 ipse
2431 1534 2579 1592 solus
2603 1537 2700 1599 sit,
2739 1550 2847 1590 non
2881 1545 3062 1592 autem
3097 1535 3239 1590 alius
3270 1532 3543 1604 quispiam
3570 1568 3591 1599 ,

2013 1625 2200 1698 Imago
2229 1625 2330 1681 Dei
2349 1626 2628 1681 invisibilis
2641 1627 2711 1694 “,
2737 1635 2792 1682 et
2813 1626 3089 1683 emanatio
3105 1625 3378 1681 claritatis
3397 1623 3540 1679 illius
3570 1663 3588 1692 ,

2012 1729 2069 1774 et
2103 1721 2391 1775 character
2409 1734 2703 1789 expressus
2741 1722 3097 1792 hypostaseos
3129 1717 3248 1788 ejus
3271 1719 3388 1788 qui,
3417 1727 3477 1772 ut
3504 1716 3588 1773 Io-

2012 1811 2199 1880 quitur
2235 1811 2553 1880 Apostolus,
2600 1812 2658 1866 in
2701 1811 2878 1881 [arma
2923 1811 3022 1866 Dei
3061 1810 3334 1880 fuerat“.
3369 1809 3506 1865 Nam
3531 1818 3591 1864 ut

322 1896 700 1960 διδασκαλίας.
743 1895 831 1959 Ὦς
854 1895 963 1968 γὰρ
990 1896 1085 1950 καὶ
1109 1898 1138 1950 ό
1169 1894 1268 1967 τὴν
1293 1895 1577 1969 βασιλικὴν
1599 1897 1782 1951 εἰκόνα
1805 1897 1902 1969 τὴν

2006 1900 2098 1970 qui
2129 1899 2417 1971 imaginem
2453 1901 2600 1969 regis
2633 1914 2974 1970 expressam,
3001 1914 3107 1970 qua
3133 1898 3398 1956 exactiori
3427 1903 3590 1955 modo

326 1987 420 2041 ἐπ’
446 1986 670 2060 ἀκριϐὲς
690 1987 1127 2058 ἀφωμοιωμένην
1148 1987 1298 2058 αύτῷ
1315 1987 1638 2060 τεθεαμένος
1657 1988 1784 2053 τοὺς
1803 1988 1905 2060 τῆς

329 2076 549 2149 μορφῆς
574 2077 774 2141 τύπους
795 2077 885 2132 διὰ
915 2078 1015 2150 τῆς
1038 2078 1255 2150 γραφῆς
1284 2079 1734 2151 ἀποματτόμενος
1768 2096 1906 2150 φαν-

324 2167 608 2222 τασιοῦται
636 2169 730 2222 τὸν
762 2167 1004 2238 βασιλέα,
1030 2169 1121 2224 τὸν
1159 2169 1323 2223 αὐτὸν
1362 2170 1584 2242 τρόπον,
1617 2169 1820 2243 μᾶλλον
1845 2171 1904 2226 δὲ

325 2259 472 2330 ὑπὲρ
503 2260 678 2315 πάντα
706 2260 818 2331 (59)
845 2259 1001 2329 λόγον
1040 2262 1238 2326 παντός
1271 2278 1333 2315 τε
1360 2261 1617 2316 ἐπέκεινα
1645 2263 1906 2334 παραδεί-

323 2366 558 2421 γματος,
583 2352 613 2404 ὁ
637 2349 712 2422 νῷ
735 2350 947 2420 διαυγεῖ
981 2351 1075 2406 καὶ
1100 2351 1278 2424 ψυχῆς
1305 2353 1741 2425 κεκαθαρμένοις
1763 2355 1904 2428 ἁγίῳ

321 2457 390 2496 τε
429 2440 706 2513 Πνεύματι
737 2441 1171 2512 πεφωτισμένοις
1211 2442 1422 2515 ὄμμασι
1465 2443 1545 2513 τῷ
1581 2461 1643 2498 τε
1686 2443 1902 2517 μεγέθει

320 2531 427 2604 τῆς
453 2531 546 2587 τοῦ
573 2533 891 2604 μονογενοῦς
915 2533 1046 2588 Υίοῦ
1067 2535 1160 2587 καὶ
1181 2535 1385 2607 Κυρίου
1414 2535 1695 2607 δυνάμεως
1719 2536 1904 2590 ἐνατε-

324 2621 501 2688 νίσας,
531 2625 626 2678 καὶ
666 2626 942 2696 ἐννοήσας,
966 2626 1116 2691 ὅπως
1144 2627 1202 2679 ἐν
1228 2626 1379 2698 αὐτῷ
1419 2631 1666 2684 κατοικεῖ
1695 2629 1804 2682 πᾶν
1839 2628 1903 2682 τὸ

320 2714 618 2785 πλήρωμα
640 2713 752 2783 τῆς
781 2713 1073 2786 πατρικῆς
1104 2717 1401 2786 θεότητος,
1429 2719 1524 2773 καὶ
1543 2719 1621 2782 ὡς
1648 2719 1716 2774 τὰ
1748 2720 1903 2774 σύα-

322 2817 525 2861 sarta
551 2803 639 2858 δι’
662 2804 848 2860 αὐτοῦ
874 2805 1129 2875 ἐγένετο,
1155 2807 1255 2862 καὶ
1287 2807 1357 2860 ἐν
1376 2806 1537 2874 αὐτῷ
1555 2809 1803 2878 ἐκτίσθη
1828 2809 1904 2864 τὰ

321 2893 545 2961 πάντα,
570 2893 646 2949 τὰ
670 2895 742 2950 ἐν
760 2895 886 2962 τοῖς
904 2897 1205 2965 οὐρανοῖς,
1241 2899 1340 2952 καὶ
1377 2899 1452 2957 τὰ
1485 2899 1586 2954 ἐπὶ
1614 2901 1725 2970 τῆς
1762 2901 1877 2973 γῆς

321 2985 396 3042 τά
423 2986 597 3060 ὀρατά
632 2989 727 3042 καὶ
768 2989 837 3043 τὰ
875 2989 1103 3060 ἀόρατα·
1147 2991 1502 3062 λογισάμενός
1540 3010 1601 3046 τε
1633 2993 1710 3058 ὡς
1741 2995 1902 3066 μόνον

323 3079 491 3136 αὑτὸν
529 3079 656 3134 Υίὸν
691 3082 952 3152 μονογενῆ
993 3081 1185 3151 ἐγέννα
1218 3083 1249 3135 δ
1294 3082 1505 3154 Πατὴρ,
1550 3083 1693 3138 κατά
1724 3085 1900 3142 πάντα

324 3172 756 3244 ἀφωμοιωμένον
785 3172 936 3243 αὐτῷ
966 3172 1215 3243 δυνάμει,
1250 3173 1344 3227 καὶ
1389 3174 1550 3229 αὑτὸν
1585 3174 1776 3245 ὄψεται
1805 3162 1923 3231 τὸν

322 3263 566 3337 Πατέρα,
595 3263 684 3319 διὰ
705 3263 800 3319 τοῦ
830 3264 960 3320 Υίοῦ
987 3264 1378 3337 θεωρούμενον,
1397 3267 1509 3329 τοῖς
1532 3265 1633 3337 τὴν
1661 3266 1897 3322 διάνοιαν

322 3352 774 3426 ηκαθᾶρμένοις,
801 3358 932 3427 περὶ
947 3349 1022 3410 ὧν
1044 3355 1257 3427 εἴρηται
1285 3357 1370 3420 τὸ,
1393 3357 1682 3426 Μακάριοι
1710 3362 1767 3414 oi
1794 3375 1901 3415 ata-

323 3445 493 3515 θαροί
521 3444 598 3515 τῆ
621 3445 854 3516 καρδίᾳ,
886 3445 978 3501 ὅτι
1003 3447 1172 3501 αὐτοὶ
1205 3445 1315 3500 τὸν
1339 3447 1490 3501 Θεὸν
1515 3447 1788 3517 ὄψονται.

391 3535 582 3592 Ταῦτα
619 3538 716 3609 μὲν
743 3532 836 3593 οὖν
865 3537 1221 3610 προθεμένοις
1245 3539 1380 3610 ἡμῖν
1412 3537 1524 3609 (60)
1567 3541 1769 3594 σκοπὸν
1799 3539 1898 3612 τὴν

325 3624 683 3699 βραχυλογίαν
703 3625 779 3690 ὡς
797 3628 856 3680 ἐν
876 3629 1108 3698 ἐπιτομῇ
1132 3625 1514 3698 γεγυμνάσθω·
1551 3627 1810 3700 πλείστης
1837 3630 1895 3683 δὲ

320 3719 455 3790 ὅσης
481 3717 801 3792 ἐξεργασίας
835 3718 1104 3789 δεομένων
1140 3717 1248 3772 τῶν
1277 3717 1417 3772 κατὰ
1443 3718 1536 3772 τὸν
1574 3719 1759 3784 τόπον,
1788 3721 1896 3791 ὅτῳ

323 3807 477 3881 μέλει
507 3809 607 3880 τῆς
641 3808 847 3864 τούτων
903 3806 1169 3880 ἀκριϐοῦς
1200 3808 1554 3881 καταλήψεως
1583 3813 1696 3876 τοῖς
1733 3811 1898 3881 εὐαγ-

320 3899 558 3971 γελικοῖς
581 3899 677 3956 καὶ
701 3900 1075 3965 ἀποστολικοτς
1094 3900 1485 3973 ἀναγνώσμασι
1537 3902 1637 3974 τὴν
1654 3902 1896 3958 διάνοιαν

320 3992 610 4065 ἐπερείσας
634 3993 727 4046 τὸν
759 3993 937 4048 πάντα
963 3991 1087 4047 νοῦν
1112 3991 1173 4059 ἐξ
1202 3991 1380 4050 αὐτῶν
1415 3991 1508 4046 ἐπὶ
1540 3993 1739 4066 σχολῆς
1765 3995 1897 4049 ἀνα-

317 4081 550 4150 λέξεταιο
598 4083 807 4157 μυρίων
834 4101 898 4153 γε
948 4084 1053 4157 μὴν
1095 4079 1191 4138 καὶ
1216 4083 1392 4140 ἄλλων
1418 4087 1806 4159 ἀσυναρτητως
1836 4090 1894 4142 ἐν

317 4173 399 4246 τῷ
423 4176 742 4248 Μαρκέλλου
769 4177 1161 4248 συγγράμματι
1186 4178 1714 4250 συμπεφορημένων,
1745 4179 1898 4233 πλεί-

319 4282 464 4324 στων
501 4283 562 4321 τε
592 4268 732 4321 ὅσων
773 4267 1030 4332 ἐναντίως
1068 4267 1148 4339 τῷ
1190 4267 1488 4340 βουλήματι
1526 4270 1626 4340 τῆς
1671 4269 1895 4341 Γραφῆς

317 4357 442 4430 είρη
450 4358 622 4430 μένων
649 4358 851 4432 ἑτέρων
875 4376 934 4412 τε
962 4359 1333 4431 βεϐιασμένων
1360 4361 1456 4413 καὶ⁵
1487 4359 1759 4432 μηδεμίαν
1790 4378 1896 4416 σω-

317 4451 526 4508 σάντων
584 4449 903 4505 ἀκολουθίαν
949 4450 1126 4505 κοινὺν
1164 4449 1257 4503 τὸν
1304 4449 1524 4521 ἔλεγχον
1571 4452 1895 4525 κατάφωρον

2004 2000 2424 2061 repraesentatur
2450 2006 2570 2058 rex,
2598 1992 2845 2048 intuetur
2874 2006 2972 2064 per
2999 1991 3189 2049 forms
3230 1991 3404 2063 ipsius
3441 1991 3586 2062 figu-

2003 2091 2114 2145 ras,
2141 2091 2238 2149 per
2264 2078 2540 2149 picturam.
2561 2080 2861 2151 insculptas
2887 2080 3092 2147 animo,
3107 2096 3290 2152 regem
3317 2081 3588 2152 imagina-

2005 2175 2132 2235 tur;
2163 2171 2232 2226 ad
2262 2171 2515 2226 eumdem
2549 2171 2791 2240 modum,
2830 2183 2926 2230 aut
2962 2174 3142 2246 potius
3177 2188 3340 2244 supra
3369 2185 3586 2229 omnem

2006 2261 2228 2319 modum
2261 2261 2665 2333 rationemque,
2701 2272 2760 2319 et
2796 2278 2960 2334 supra
2998 2263 3280 2334 exemplar
3308 2264 3590 2335 quodcun-

2003 2366 2133 2422 que,
2183 2354 2274 2424 qui
2330 2364 2513 2411 mente
2569 2357 2840 2412 illustrata
2892 2367 3057 2428 atque
3083 2358 3260 2414 oculis
3328 2360 3498 2414 animi
3553 2375 3584 2414 a

2005 2442 2212 2514 Spiritu
2253 2455 2447 2500 sancto
2481 2446 2802 2505 illuminatis
2829 2457 2886 2503 et
2921 2448 3231 2520 puriﬁcatis
3276 2447 3586 2505 intuebitur

2004 2544 2244 2593 attentus
2303 2540 2736 2608 magnitudinem
2767 2541 3034 2614 unigeniti
3085 2539 3182 2598 Dei
3215 2537 3363 2608 Filii,
3395 2553 3451 2596 et
3478 2541 3586 2597 Do-

2003 2626 2135 2680 mini
2165 2625 2374 2697 gloria,
2400 2637 2457 2684 et
2485 2630 2628 2700 apud
2747 2631 2990 2685 animum
3023 2645 3181 2687 suum
3226 2634 3584 2701 reputaverit,

2002 2716 2235 2786 qualiter
2262 2719 2315 2773 in
2344 2734 2411 2775 eo
2443 2720 2654 2777 habitet
2687 2722 2868 2777 omnis
2901 2720 3176 2792 plenitudo
3215 2736 3456 2791 paterna
3495 2724 3582 2775 di-

2000 2801 2237 2863 uinitatis
2259 2808 2328 2875 ",
2356 2820 2413 2865 et
2437 2811 2579 2880 quod
2602 2812 2779 2866 omnia
2803 2827 2898 2881 per
2916 2813 3087 2880 ipsum
3117 2813 3261 2882 facta
3300 2814 3405 2868 sint
3428 2813 3497 2880 ⁵⁸,
3527 2823 3584 2868 et

2001 2896 2057 2953 iu
2079 2912 2146 2954 eo
2186 2900 2394 2955 condita
2421 2901 2526 2956 sint
2549 2904 2814 2968 universa,
2839 2918 2958 2974 qua
2988 2903 3045 2957 in
3078 2902 3243 2971 catis,
3271 2915 3319 2958 et
3339 2920 3461 2974 qua
3487 2921 3581 2960 stt-

1998 3008 2092 3060 ρει·
2123 3003 2318 3048 terram
2347 3003 2492 3059 sunt,
2534 2993 2763 3048 uisibilia
2795 3008 2844 3048 et
2889 2995 3175 3050 inuisibilia
3194 2995 3274 3062 “;
3305 3007 3361 3052 et
3395 3011 3582 3052 recor-

2001 3084 2161 3138 datus
2193 3083 2356 3140 fuerit
2385 3084 2529 3154 quod
2557 3085 2709 3140 illum
2742 3084 2916 3141 solum
2948 3083 3149 3141 Filium
3181 3088 3283 3142 sibi
3332 3088 3582 3158 unigeni-

2001 3182 2114 3229 tum
2145 3176 2391 3245 genuerit
2415 3175 2598 3243 Pater,
2623 3177 2821 3232 virtute
2857 3178 2959 3249 ipsi
2999 3193 3099 3248 per
3135 3178 3315 3232 omnia
3360 3179 3581 3234 assimi-

1999 3262 2166 3319 latum
2201 3279 2216 3317 :
2255 3266 2319 3330 is,
2353 3276 2409 3320 et
2443 3267 2640 3336 ipsum,
2669 3267 2857 3323 iisdem
2907 3269 3108 3324 mentis
3140 3268 3311 3324 oculis
3343 3271 3498 3338 puris
3525 3279 3584 3325 et

1999 3355 2294 3423 defecatis,
2331 3356 2550 3414 Patrem
2588 3360 2886 3414 intuebitur
2928 3360 2985 3415 in
3025 3359 3164 3416 Filio
3201 3360 3582 3417 resultantem.

1998 3445 2158 3504 Tales
2194 3446 2305 3504 sint
2329 3448 2395 3504 de
2422 3449 2619 3519 quibus
2643 3451 2847 3505 dictum
2876 3459 2960 3507 est
2985 3469 2998 3506 :
3025 3449 3179 3507 Beati
3227 3453 3318 3525 qui
3379 3453 3579 3509 mundo

1997 3548 2118 3594 sunt
2158 3543 2352 3606 corde,
2405 3543 2656 3613 quoniam
2737 3543 2841 3612 ipsi
2921 3545 3170 3599 uidebunt
3207 3543 3373 3599 Deum
3390 3544 3460 3599 ⁸⁸.

2064 3634 2241 3705 Atque
2270 3635 2375 3690 ista
2393 3635 2611 3704 quidem
2631 3635 2774 3690 velut
2796 3650 2894 3707 per
2915 3638 3190 3706 epitomen
3225 3637 3337 3692 sint
3361 3651 3393 3692 a
3417 3637 3578 3692 nobis

1996 3724 2271 3781 elaborata
2305 3743 2337 3800 7:
2393 3727 2590 3797 quippe
2630 3727 2722 3800 qui
2770 3728 3090 3784 brevitatem
3153 3738 3409 3798 tanquam
3455 3743 3581 3786 sco-

1995 3831 2126 3888 pum
2159 3799 2442 3887 quemdam
2481 3818 2636 3873 nobis
2659 3799 3135 3889 proposueramus.
3153 3819 3224 3874 Et
3255 3831 3401 3875 certe.
3432 3822 3578 3876 mul-

1998 3917 2053 3962 ta
2109 3907 2202 3962 illa
2273 3923 2440 3979 opera
2500 3919 2663 3980 atque
2731 3909 3021 3966 sedulitate
3074 3910 3402 3966 exascianda
3460 3909 3579 3966 fue-

1995 4006 2122 4053 rant
2167 4014 2290 4070 qua:
2334 3999 2453 4057 haec
2502 4009 2769 4073 spectant.
2805 4001 2862 4058 ln
2919 4003 3065 4073 quod
3096 4003 3142 4060 si
3169 4003 3295 4074 quis
3320 4003 3450 4059 velit
3478 4017 3577 4059 ac-

1995 4091 2238 4146 curatius
2265 4091 2602 4160 iucumbere,
2634 4093 2702 4148 de
2734 4093 2966 4150 lectione
2999 4095 3329 4167 evangelicae
3357 4102 3415 4150 et
3451 4109 3580 4166 spo-

1995 4182 2204 4240 stolicat
2238 4182 2568 4255 Scriptum,
2615 4185 2906 4256 diligenter
2943 4187 3356 4252 animadversas,
3404 4188 3576 4242 multo

1995 4274 2213 4344 quidem
2247 4274 2401 4342 plura
2433 4273 2692 4344 colligere
2737 4275 2962 4344 poterit,
2989 4288 3112 4344 qua:
3158 4271 3401 4329 Marcelli
3441 4273 3572 4328 illud

1996 4376 2131 4433 opus
2176 4363 2438 4419 dissolute
2477 4375 2819 4435 compactum
2877 4363 3148 4421 refellant.
3187 4364 3247 4419 In
3292 4379 3403 4435 quo
3444 4379 3575 4434 pro-

1997 4455 2140 4510 lecto
2177 4464 2430 4511 sexcenta
2477 4456 2787 4512 istiusmodi
2823 4457 3188 4526 reperiuntur,
3223 4471 3346 4526 qua:
3382 4455 3594 4513 contra

313 4541 617 4612 γεγονέναι,
646 4540 801 4615 παρά
839 4545 953 4606 τοῖς
982 4540 1300 4613 εὐφρονοῦσι
1329 4540 1419 4596 διὰ
1458 4541 1567 4595 τῶν
1627 4543 1760 4613 ἡμῖν
1808 4542 1896 4608 ἐξ-

2005 4559 2220 4602 sensum
2265 4556 2321 4603 et
2378 4550 2701 4604 sententiam
2761 4549 3062 4620 Scriptum
3117 4548 3358 4605 militant
3398 4569 3412 4604 :
3446 4560 3574 4603 sunt

313 4636 628 4703 ετασμένων
650 4633 970 4706 ἡγούμενος,
995 4632 1205 4696 τούτοις
1233 4631 1644 4705 ἀρκεσθήσομαι
1667 4634 1799 4705 (6i).

2003 4651 2125 4708 qua
2171 4637 2282 4692 vim
2329 4635 2625 4708 Scriptum
2687 4637 2930 4695 inferunt
3006 4637 3390 4705 manifestam,
3449 4653 3574 4708 qua

314 4723 518 4781 nullam
577 4725 734 4796 plane
769 4727 1057 4782 observant
1101 4727 1586 4796 consequentiam,
1630 4742 1751 4798 qua:
1800 4736 1940 4804 apud
1986 4738 2279 4806 prudentes
2333 4731 2684 4790 manifestam
2738 4735 3039 4799 insinuant,
3082 4735 3179 4790 sed
3222 4748 3570 4790 communem

310 4824 369 4870 et
403 4816 692 4884 proclivem
723 4815 1102 4873 refutationem
1130 4832 1226 4890 per
1257 4832 1317 4874 se
1349 4816 1606 4875 aliorum.
1650 4821 1757 4878 Sed
1792 4838 1892 4880 nos
1929 4825 2082 4883 hisce
2107 4829 2347 4883 contenti
2374 4825 2603 4893 erimus,
2665 4839 2788 4895 qua:
2844 4824 2912 4880 ad
2944 4823 3374 4895 disquisitionem
3408 4838 3570 4878 voca-

311 4911 491 4964 vimus
515 4910 571 4966 in
598 4913 872 4980 pmsenti.

308 5002 608 5063 Εὐσεσωυ
644 5003 764 5058 τῶν
791 5007 942 5062 κατὰ
973 5010 1323 5075 Μαρκέλλου
1367 5011 1632 5082 ἐλέγχων
1668 5011 1863 5085 τέλος.

2129 5013 2406 5069 Librorum
2435 5012 2651 5070 Eusebii
2680 5023 2865 5069 contra
2901 5013 3217 5071 Hart-ellum
3243 5018 3389 5084 linis.

388 5146 447 5225 ᾧ
468 5140 566 5225 _Ed.
590 5139 1076 5225 Ροι-ξξίρεςκξθὸ.
1147 5148 1359 5225 “Joan.
1380 5166 1491 5218 xlv,
1509 5150 1561 5207 9.
1628 5150 1674 5183 “
1697 5150 2074 5218 Coloss.t,15.
2151 5153 2440 5225 “Philipp.
2461 5154 2595 5221 ",6.
2671 5157 2715 5187 δ’
2742 5155 2950 5211 Coloss.
2974 5172 3035 5222 ιι,
3067 5155 3124 5211 9.
3199 5157 3245 5190 ’⁵⁸
3271 5156 3431 5214 Joau.
3453 5158 3567 5224 ιβ.

308 5208 360 5244 ⁸⁸
382 5211 593 5268 Coloss.
619 5225 660 5277 ι,
688 5211 778 5266 20.
804 5208 819 5213 ⁷
851 5213 897 5244 ⁵⁸⁵
928 5213 1117 5271 Matth.
1149 5234 1202 5286 ν,
1235 5220 1291 5274 8.

383 5338 672 5423 ςξὲηιιιεο
692 5340 771 5423 δέ,
793 5352 849 5397 et
875 5359 998 5399 mox
1019 5349 1417 5423 παραπλήσιαι.

404 5411 493 5479 59)
523 5411 630 5477 Mp.
653 5413 873 5480 τρόπον.

382 5479 491 5554 (60)
524 5479 699 5552 Vulgo
726 5495 846 5554 post
901 5487 1100 5556 σκοπὸν
1158 5491 1282 5546 add.
1333 5499 1489 5568 τινάς
1544 5517 1671 5560 mox
1721 5503 1881 5576 vulgo

1989 5360 2192 5434 μέλλει.

2058 5432 2168 5503 (6|)
2199 5431 2365 5503 Vulgo
2386 5433 2881 5507 ἐξαρκεσοήσομαι.
