4000 6484
505 325 644 390 1067

1168 328 1438 394 ΕΙ]
1470 330 1947 392 (ΞΒΒΔΙΠΕΝδῐε
1980 331 2043 392 Ol

2175 333 2362 393 PARS
2397 330 2489 393 IV.
2526 364 2598 381 —
2632 332 3054 396 DOGIATICA.

543 478 3729 519 Μ

1237 659 1990 820 EUSEBII
2067 660 2981 818 PAMPHILI
3498 904 3511 913 ~

813 946 1537 1099 CIESAREIE
1617 948 1767 1064 IN
1850 948 2691 1065 PALXESTINA
2769 949 3408 1069 EPISCOPI

1495 1190 2318 1323 OPUSCULA
2374 1193 2712 1326 XIV.

542 1430 819 1495 Primum
853 1431 920 1494 in
949 1427 1360 1516 lucem_ed_ita
1387 1427 1607 1516 studio
1640 1433 1702 1490 et
1728 1442 1920 1516 opera
1950 1427 2543 1516 Jacobi-Sirmondi,
2573 1429 2900 1516 societatis
2929 1434 3087 1495 Iesu
3118 1433 3497 1516 presbyteri,
3533 1444 3599 1500 et
3654 1455 3693 1499 ε

1149 1506 1492 1570 Gallandio
1519 1523 1744 1569 recusa
1772 1514 1926 1569 tom.
1957 1504 2039 1567 IV
2079 1506 2472 1570 Bibliotheca
2498 1518 2774 1597 ceterum
2799 1510 3084 1577 Patrum.

949 1804 1130 1915 DE
1208 1804 1535 1917 FIDE
1614 1801 2363 1920 ADVERSUS
2441 1805 3283 1922 SABELLIUM.

1660 2159 2009 2247 LIBER
2087 2157 2574 2247 PRIMUS.

560 2346 697 2401 Sunt
741 2346 1029 2402 tacentium
1056 2362 1175 2418 quin
1215 2348 1485 2413 dicuntur,
1521 2361 1574 2404 et
1603 2351 1894 2405 dicentium
1929 2364 2047 2418 quae
2076 2355 2119 2411 Α
2153 2358 2263 2403 erat
2300 2350 2439 2415 apud
2465 2347 2625 2401 Deum
2649 2389 2663 2411 ,
2697 2358 2744 2402 et
2779 2348 2913 2403 Deus
2938 2357 3052 2403 erat
3082 2348 3350 2404 Verbum:
3386 2350 3484 2405 hoc
3522 2361 3635 2405 erat
3667 2350 3729 2406 ia

488 2445 752 2493 tacentur.
779 2438 1023 2493 Charitas
1041 2441 1183 2495 enim
1202 2455 1306 2495 non
1323 2441 1601 2505 dividitur,
1629 2457 1732 2497 non
1753 2436 2065 2512 spernitur.

489 2529 765 2601 Siquidem
796 2540 850 2585 et
878 2531 969 2599 qui
1000 2540 1139 2586 tacet
1164 2545 1265 2601 per
1295 2531 1456 2587 aiium
1480 2534 1739 2605 loquitur,
1765 2543 1819 2590 et
1838 2535 1929 2604 qui
1972 2534 2051 2588 lo-

486 2622 673 2689 quitur
717 2636 815 2690 per
859 2623 1021 2676 alium
1066 2630 1227 2679 tacet.
1280 2624 1335 2680 In
1367 2639 1475 2679 uno
1506 2626 1650 2680 enim
1676 2626 1901 2696 corpore
1942 2641 2049 2681 non

484 2712 664 2766 omnia
714 2712 950 2767 membra
1001 2714 1313 2782 loquuntur,
1367 2730 1428 2771 os
1478 2730 1574 2785 pro
1601 2717 1850 2771 omnibus
1876 2715 2050 2786 loqui-

486 2810 593 2859 tur.
638 2802 765 2858 Sive
802 2803 967 2875 igitur
1003 2819 1191 2859 omnes
1236 2805 1537 2876 loquamur,
1583 2809 1697 2862 sive
1740 2823 1899 2872 unus,
1933 2809 2048 2863 sive

480 2893 662 2963 plures
686 2910 702 2959 ;
747 2893 1005 2950 Dominus
1032 2895 1270 2964 loquitur
1290 2936 1305 2957 .
1336 2897 1425 2966 qui
1458 2898 1629 2952 dicit:
1668 2896 1784 2967 Ego
1808 2915 1963 2963 sum;
1992 2906 2047 2954 et

481 2986 679 3041 iterum
708 2986 872 3041 dicit:
909 2986 1023 3056 Ego
1061 3003 1199 3041 sum.
1252 2987 1387 3042 Cum
1415 3003 1543 3059 ergo
1578 2990 1691 3057 ipse
1734 2990 1901 3056 dicit,
1934 2990 2047 3060 Ego

480 3090 597 3132 sum
621 3116 637 3141 ,
669 3085 724 3130 tu
755 3079 994 3132 censenti
1025 3078 1150 3148 quia
1194 3078 1309 3146 ipse
1334 3091 1448 3143 est,
1488 3091 1545 3133 ut
1572 3088 1626 3148 et
1659 3092 1711 3134 tu
1745 3080 1840 3135 ﬁas
1876 3082 2045 3151 parti-

481 3182 628 3236 ceps.
662 3167 803 3222 Dicit
829 3168 1120 3226 Dominus:
1144 3170 1257 3240 Ego
1291 3186 1440 3225 sum:
1464 3182 1517 3227 et
1561 3189 1719 3228 nemo
1751 3175 1892 3229 dicat
1922 3175 2044 3242 quia

481 3274 591 3313 non
620 3268 725 3313 est.
767 3260 906 3315 Dicit
940 3260 1100 3316 Pater
1132 3281 1145 3317 :
1181 3262 1285 3316 Hic
1315 3272 1415 3325 est.
1442 3265 1653 3331 suscipe
1674 3274 1729 3319 et
1755 3279 2045 3333 venerare;

482 3360 537 3405 et
566 3351 706 3406 Filio
756 3352 953 3407 dicenti
988 3352 1143 3422 :Ego
1198 3371 1337 3415 sunt.
1388 3356 1566 3410 crede.
1606 3354 1776 3411 Crede
1818 3370 1948 3411 sane
1993 3366 2048 3411 et

480 3438 644 3496 Patre
680 3442 1082 3497 demonstranle
1120 3443 1241 3511 quia
1291 3444 1454 3498 habet
1493 3444 1683 3498 Filium
1728 3443 1861 3515 (62).
1910 3445 2047 3499 Dicit

477 3534 621 3586 enim
651 3533 831 3596 Pater,
865 3531 965 3586 llic
992 3542 1070 3588 est
1112 3551 1128 3587 :
1162 3534 1251 3603 qui
1304 3534 1432 3588 hic?
1461 3533 1636 3589 Filius
1670 3552 1841 3599 meus,
1877 3536 1949 3589 ait
1975 3536 2042 3588 ιι.

476 3622 593 3677 Νοη
630 3632 805 3697 tamen
836 3639 937 3679 vox
960 3640 1102 3688 mea,
1124 3635 1218 3679 aut
1246 3629 1511 3697 cogitatus
1535 3643 1722 3693 meus;
1751 3629 1843 3683 sed
1872 3628 2042 3683 Filius

2149 2440 2408 2509 principio
2434 2442 2573 2509 apud
2590 2439 2757 2493 Deum
2781 2441 2849 2493 ⁸⁸.
2888 2441 2951 2494 Et
2977 2455 3119 2509 saepe
3142 2441 3292 2505 dicit,
3325 2440 3454 2496 Erat
3478 2458 3496 2495 :
3524 2454 3580 2497 et
3603 2442 3727 2513 qui-

2148 2532 2272 2587 dam
2300 2547 2368 2587 ne
2390 2530 2606 2600 quidem
2636 2531 2799 2586 semel
2826 2531 3153 2585 contendunt
3179 2533 3319 2601 quod
3346 2543 3450 2596 est,
3484 2532 3582 2586 sed
3620 2547 3724 2590 nec

2149 2620 2315 2677 semel
2347 2620 2485 2674 dixit
2511 2621 2577 2674 de
2611 2619 2771 2684 Filio,
2800 2618 2903 2672 Hic
2944 2632 3039 2673 est.
3087 2619 3191 2675 Sed
3235 2634 3355 2675 cum
3383 2620 3724 2681 venitFilius

2145 2720 2207 2767 ut
2254 2711 2501 2782 impleret
2549 2725 2763 2766 omnem
2809 2710 3073 2779 justitiam
3122 2727 3219 2781 per
3254 2711 3481 2767 Joannis
3526 2713 3712 2784 bapti-

2145 2814 2346 2866 smum,
2376 2801 2503 2871 quia
2554 2809 2766 2869 mmpus
2811 2810 2927 2855 erat
2978 2810 3035 2860 ut
3077 2801 3228 2871 signa
3259 2802 3485 2865 iaceret,
3534 2812 3589 2859 et
3622 2803 3720 2860 de-

2146 2900 2482 2948 monstraret
2505 2891 2757 2948 virtutem
2786 2906 2905 2962 quae
2927 2900 3044 2947 erat
3073 2894 3333 2948 sbsconsa
3358 2910 3373 2947 :
3406 2904 3465 2948 ut
3499 2910 3568 2949 ne
3600 2896 3722 2964 quis

2143 2991 2359 3055 putaret
2410 2983 2533 3051 quia
2580 2992 2639 3037 ut
2687 2984 2849 3039 homo
2899 2999 3065 3052 purus
3106 2984 3352 3055 indigens
3394 2986 3719 3055 baptismum

2144 3078 2296 3132 venit
2332 3076 2399 3130 ad
2441 3075 2771 3144 baptismum
2821 3072 2936 3147 (65)
2968 3094 2981 3129 :
3016 3076 3222 3143 primus
3260 3074 3494 3130 Joannes
3532 3086 3720 3147 utpote

2144 3184 2251 3224 vox
2297 3181 2402 3222 non
2454 3174 2636 3231 tacet;
2691 3164 2781 3234 qui
2813 3180 2917 3219 vox
2964 3166 3181 3232 quidem
3220 3166 3527 3231 dicebatur,
3558 3168 3720 3222 homo

2146 3269 2324 3313 autem
2369 3264 2503 3315 erat.
2555 3254 2613 3311 Si
2655 3256 2819 3325 igitur
2843 3253 3078 3311 Joannes
3124 3241 3364 3325 qui‘vox
3398 3256 3577 3311 dictus
3609 3271 3717 3311 non

2146 3330 2407 3405 interimit
2468 3348 2743 3405 hominem
2807 3347 2963 3419 (66),
3023 3349 3200 3419 magis
3258 3347 3429 3401 Filius
3478 3346 3717 3402 Verbum

2144 3442 2321 3496 dictus
2367 3457 2471 3495 non
2516 3440 2791 3511 intercipit
2833 3440 3022 3495 Deum.
3098 3440 3284 3511 Neque
3329 3442 3473 3495 enim
3506 3440 3717 3497 Zacha-

2145 3539 2259 3588 rias
2287 3548 2471 3588 vocem
2505 3532 2712 3603 genuit,
2744 3546 2920 3601 neque
2950 3532 3224 3587 Elisabetb
3264 3548 3447 3589 vocem
3484 3536 3716 3605 peperit.

2144 3623 2329 3692 Neque
2370 3624 2510 3677 Deus
2540 3622 2801 3689 Verbum,
2828 3637 2949 3678 eum
2979 3624 3074 3691 qui
3119 3637 3186 3678 ex
3216 3638 3346 3679 voce
3379 3634 3465 3679 est
3504 3627 3716 3695 genuit,

477 3730 647 3772 sucus.
676 3714 869 3781 inquit,
897 3716 979 3769 hic
1004 3726 1105 3782 εις
1137 3716 1305 3772 Filius
1327 3733 1477 3773 meus
1498 3719 1897 3776 dilectissimus.
1928 3720 2041 3775 Non
2074 3710 2117 3763 Β
2146 3714 2239 3767 sed
2284 3713 2454 3767 Deum
2486 3711 2719 3767 Verbum
2751 3730 2765 3767 :
2797 3713 2922 3781 quia
2950 3710 3188 3769 Joannes
3228 3714 3442 3783 quidem
3487 3729 3589 3769 vox
3618 3729 3716 3770 vo-

479 3806 571 3873 qui
598 3808 904 3860 contrarius
933 3817 1018 3861 est
1046 3809 1203 3873 mihi,
1235 3809 1328 3865 sed
1354 3811 1448 3879 qui
1480 3825 1566 3865 me
1590 3811 1821 3867 honorat
1850 3822 1903 3867 et
1928 3814 2046 3866 dili-

476 3897 576 3966 git.
608 3897 700 3952 Est
727 3898 869 3951 enim
889 3898 1059 3954 Filius
1085 3909 1141 3954 ut
1166 3900 1354 3966 Filius,
1377 3911 1432 3957 et
1459 3910 1539 3958 est
1564 3902 1731 3959 Filius
1756 3904 1846 3959 Dei
1877 3918 1932 3958 ut
1954 3906 2044 3959 Fi-

477 3988 602 4047 lius.
654 3989 721 4043 Et
768 4006 887 4044 cum
930 3993 997 4045 sit
1034 3993 1125 4047 Dei
1159 3992 1351 4060 Filius,
1378 4004 1555 4051 tamen
1590 4010 1695 4049 non
1738 3998 2043 4052 intermittit

473 4096 639 4135 unum
668 4084 950 4151 imperium
989 4084 1161 4139 Patris
1193 4084 1327 4157 (63).
1363 4084 1422 4141 Si
1454 4088 1598 4141 enim
1634 4086 1737 4141 alia
1769 4088 2043 4157 placerent

474 4169 647 4233 Patri,
681 4173 781 4225 alia
809 4172 1011 4229 faceret
1032 4175 1239 4243 Filius;
1272 4176 1338 4231 lis
1359 4188 1415 4231 et
1440 4177 1705 4233 dissensio
1731 4178 2037 4243 haberetur,

476 4272 533 4317 et
598 4264 993 4331 periclitaretur
1040 4268 1214 4321 unitas
1280 4267 1516 4336 imperii.
1567 4268 1623 4321 Si
1666 4279 1843 4323 autem
1872 4270 2041 4337 dicit,

472 4368 591 4420 qute
626 4356 724 4421 ipsi
764 4356 965 4419 placent
998 4357 1137 4425 facio
1174 4374 1375 4427 semper
1399 4360 1445 4391 "
1477 4359 1628 4430 (64);
1659 4360 1782 4429 quia
1826 4375 1889 4415 ea
1921 4376 2040 4431 quae

471 4446 686 4517 placent
715 4445 858 4500 Patri
916 4463 1127 4517 semper
1171 4447 1319 4513 facit,
1370 4464 1545 4519 neque
1589 4452 1895 4505 contrarius
1934 4462 2037 4516 est,

473 4553 649 4607 neque
678 4539 945 4606 dissentit,
977 4554 1148 4608 neque
1170 4540 1489 4597 adversatur
1516 4541 1661 4596 Patri
1697 4562 1709 4597 :
1746 4543 1837 4597 sed
1864 4542 2039 4599 hono-

471 4630 649 4684 rificat
669 4640 725 4686 et
750 4632 1088 4701 diligitsoum
1114 4634 1433 4702 genitorem,
1459 4636 1616 4704 eique
1650 4636 1852 4690 obcdit.
1899 4636 2040 4691 Scri-

470 4730 621 4789 ptum
648 4733 762 4776 esl:
795 4723 892 4775 llic
922 4733 1019 4789 est,
1049 4724 1159 4792 Ego
1183 4742 1341 4790 sum;
1377 4735 1433 4781 et
1464 4742 1479 4779 :
1517 4725 1583 4780 In
1609 4727 1870 4797 principio
1902 4739 2035 4781 erat.

472 4810 531 4865 Si
573 4814 713 4864 enim
766 4812 977 4867 Patrem
1022 4814 1343 4885 interrogas,
1381 4816 1512 4871 dicit
1553 4835 1569 4871 :
1613 4816 1717 4869 llic
1756 4828 1831 4872 est
1860 4816 2038 4872 Filius

470 4917 615 4954 meus
669 4901 1097 4958 dilectissimus:
1142 4914 1199 4959 et
1248 4921 1353 4960 non
1398 4905 1571 4961 solum
1631 4907 1783 4973 dicit,
1837 4909 1930 4963 sed
1986 4919 2039 4962 et

470 4996 726 5050 ostendit.
778 4995 835 5049 Si
884 5012 911 5049 a
938 4996 1075 5051 Filio
1116 4999 1379 5068 requiras,
1420 5001 1588 5055 dicit:
1623 4998 1734 5068 Ego
1783 5019 1896 5055 sum
1930 5019 1947 5056 :
1982 5012 2035 5056 et

2145 3803 2389 3868 cabatur,
2425 3804 2585 3858 homo
2624 3812 2801 3859 autem
2840 3814 3002 3859 erat:
3046 3806 3121 3861 ita
3161 3815 3216 3860 et
3262 3807 3521 3862 Dominus
3548 3806 3711 3865 Jesus

2143 3907 2197 3951 et
2232 3898 2465 3951 Verbum
2496 3898 2695 3951 dicitur
2725 3912 2830 3952 non
2857 3899 3162 3965 visibiliter,
3195 3902 3287 3955 sed
3304 3899 3539 3956 Verbum
3569 3902 3715 3960 Dens

2142 4000 2197 4044 et
2224 3991 2361 4060 apud
2389 3988 2560 4047 Deum
2595 4007 2611 4043 :
2642 4004 2745 4044 non
2772 3990 2945 4044 solum
2975 3990 3228 4056 Verbum,
3254 4008 3429 4062 neque
3467 4008 3571 4048 una
3607 4010 3713 4049 vox

2142 4096 2207 4136 ex
2240 4082 2444 4145 multis,
2479 4083 2571 4137 sed
2611 4082 2925 4152 uuigenitus
2956 4083 3117 4139 Deus.
3160 4084 3294 4151 Quia
3334 4084 3497 4155 igitur
3524 4085 3713 4142 venie-

2140 4176 2237 4228 bat
2271 4183 2326 4227 ut
2350 4175 2717 4243 baptizaretur
2751 4185 2970 4245 propter
2994 4190 3113 4240 nos,
3153 4174 3387 4230 Joannes
3416 4187 3711 4246 antequam

2142 4267 2599 4336 appropinquaret
2626 4268 2716 4337 qui
2742 4268 3095 4337 baptizandus
3122 4277 3260 4333 erat,
3295 4268 3420 4337 quia
3450 4284 3549 4323 vox
3584 4280 3706 4326 erat

2140 4373 2245 4411 non
2282 4358 2468 4424 tacuit,
2492 4360 2583 4414 sed
2613 4360 2863 4414 clamavit
2892 4361 3075 4416 dicens
3104 4380 3118 4414 :
3142 4360 3314 4431 quid?
3342 4362 3474 4415 Ecce
3520 4363 3704 4433 Agnus

2138 4446 2237 4502 Dei
2260 4447 2325 4500 ".
2385 4448 2573 4505 Nonne
2627 4451 2827 4506 dictum
2886 4452 2990 4506 hoc
3037 4452 3276 4507 ostendit
3329 4468 3449 4510 eum
3498 4474 3589 4530 qui
3640 4463 3710 4518 ad

2139 4540 2459 4613 baptismum
2483 4544 2744 4599 venerat?
2770 4544 2859 4612 qui
2883 4545 3024 4599 enim
3048 4544 3353 4618 videbatur,
3383 4564 3499 4608 erat
3520 4555 3709 4625 Agnus

2140 4633 2395 4702 Dei:qul
2447 4644 2626 4689 autem
2674 4636 3065 4705 occultabatur,
3120 4646 3373 4700 sacerdos
3405 4646 3519 4702 Dei.
3564 4646 3710 4703 Dicit

2135 4739 2261 4791 ergo
2292 4723 2559 4791 Joannes,
2593 4726 2730 4781 Ecce
2758 4728 2933 4801 Agnus
2963 4734 3079 4791 Dei.
3124 4735 3240 4791 Non
3272 4745 3390 4791 erat
3420 4746 3479 4791 ut
3503 4739 3706 4795 diceret

2137 4815 2354 4883 Filium,
2387 4833 2492 4873 non
2524 4830 2641 4877 erat
2676 4826 2959 4880 utdiceret
2986 4843 3188 4898 regem.
3236 4831 3341 4885 Sed
3384 4832 3511 4899 quia
3558 4831 3704 4886 desi-

2135 4910 2395 4966 derabant
2423 4911 2551 4984 justi
2604 4924 2659 4968 et
2707 4917 2979 4986 propheta:
3026 4928 3080 4973 ct
3132 4935 3310 4990 reges,
3359 4932 3417 4975 ut
3456 4922 3701 4978 viderent

2134 5001 2361 5060 salutem
2398 5008 2607 5074 mundi,
2643 5010 2846 5076 peccati
2874 5020 3125 5079 mortem,
3149 5013 3467 5083 corruptela:
3493 5028 3674 5068 necem

472 5085 574 5139 hoc
603 5086 933 5154 frequenter,
966 5090 1008 5143 si
1042 5090 1387 5161 Evangelium
1413 5091 1567 5162 legis,
1592 5092 1833 5148 invenies
1860 5094 2035 5150 diccn-
2059 5081 2105 5148 C
2136 5096 2268 5163 Quia
2298 5100 2441 5154 enim
2491 5100 2593 5157 ista
2627 5111 2749 5155 erat
2790 5106 3120 5172 exspectatio
3160 5081 3449 5173 iustorum,
3486 5108 3699 5176 quando

473 5188 613 5233 tem:
640 5179 705 5231 1η
742 5182 1000 5249 principio
1029 5193 1158 5247 erat,
1185 5193 1260 5250 et,
1284 5185 1420 5249 apud
1439 5183 1605 5237 Deum
1632 5196 1761 5251 erat,
1793 5198 1867 5252 et,
1891 5187 2030 5241 Deus
2133 5191 2343 5246 veniret
2370 5192 2415 5247 is
2440 5194 2529 5262 qui
2561 5204 2743 5249 nosset
2769 5204 2820 5248 et
2852 5194 3144 5251 resolveret
3167 5212 3229 5251 ea
3261 5212 3379 5265 qua:
3409 5212 3503 5267 per
3527 5198 3696 5252 Adam

471 5279 582 5323 erat
616 5289 632 5328 :
662 5271 729 5324 In
768 5275 1021 5343 principio
1076 5276 1216 5329 enim
1273 5283 1384 5329 crat
1440 5274 1680 5344 Verbum,
1727 5296 1777 5335 et
1806 5282 2029 5335 Verbum
2136 5283 2274 5337 mala
2320 5285 2539 5341 inducta
2578 5297 2721 5351 sunt,
2751 5288 2868 5342 ideo
2893 5288 3039 5343 venit
3060 5298 3113 5343 et
3141 5292 3389 5361 apparuit
3419 5290 3695 5346 Dominus.

542 5388 582 5419 "
621 5389 807 5444 Matth.
841 5409 924 5455 ιιι,
961 5395 1048 5446 l7.
1122 5392 1342 5451 "Jnan.
1371 5398 1602 5458 vm.29.
1679 5401 1723 5431 ⁸³
1752 5400 1908 5455 Joan.
1939 5418 1975 5463 l,
2021 5402 2040 5454 l

2143 5444 2154 5455 .
2229 5404 2276 5435 ⁵⁸⁵
2311 5405 2443 5459 ibid.
2475 5406 2565 5460 29.

478 5552 504 5574 Ω
541 5482 1173 5574 (ξῂξξῃςηιρξιιξοηρενρι
1197 5491 1659 5574 γριιίωβΙρριίοιιρε,
1688 5510 1749 5547 ex
1769 5495 2018 5574 cod._ms.
2141 5566 2159 5574 _
2200 5496 2309 5574 (6i)
2350 5497 2447 5573 Ms.
2487 5500 2548 5555 Si
2586 5509 2756 5553 autem
2788 5502 2916 5555 dicit
2949 5500 3154 5570 Filius,
3187 5504 3316 5569 Qua:
3345 5503 3443 5574 ipsi
3484 5504 3692 5573 placent

566 5554 798 5634 Cornelii
830 5555 1315 5635 compendiensj‘s.“
1337 5559 1499 5613 Crede
1528 5578 1651 5615 sane
1682 5577 1725 5616 et
1756 5563 1907 5616 Patri
1937 5566 2024 5617 de-
2135 5554 2273 5619 facio
2294 5554 2537 5635 semper.

476 5626 780 5708 :vueltraﬁti
812 5629 932 5708 quia
961 5628 1109 5678 habet
1134 5638 1179 5707 et
1215 5628 1457 5708 Citium.”
1740 5705 1750 5708 Α
1928 5705 1936 5708 _
1993 5706 2001 5708 _
2202 5637 2313 5703 (65)
2356 5626 2453 5691 Ms.
2492 5639 2739 5706 [ndigens
2789 5643 3039 5707 baptismo
3079 5644 3214 5696 venit
3246 5644 3314 5697 ad
3359 5644 3685 5708 baptismum.

547 5691 655 5757 £63)
679 5691 900 5771 _Ms.'l1.'t
950 5713 1062 5782 cum
1110 5699 1180 5773 sit
1222 5698 1315 5755 Dei
1348 5698 1542 5766 Filius,
1600 5717 1697 5755 non
1736 5705 2025 5759 intermittit
2205 5691 2317 5772 (uti)
2356 5708 2447 5758 Ms.
2484 5709 2544 5761 Si
2578 5691 2736 5777 igitur
2771 5691 2815 5761 et
2854 5691 3220 5778 itu—.ciloanuis,
3258 5718 3346 5782 qui
3374 5691 3471 5769 corr
3500 5717 3684 5775 diruta,

470 5766 634 5817 Iulum
672 5765 938 5830 imperium
968 5765 1163 5818 Patris.
2134 5765 2231 5829 nou
2272 5765 2528 5846 tltlt’lctptl
2563 5765 2842 5835 hominem.
