4000 6474
198 442 326 498 (049

1087 429 1179 488 DE
1210 426 1369 485 FIDE
1404 421 1772 485 ADVERSUS
1809 416 2227 481 SABELLIUII.
2264 447 2337 461 —
2370 414 2501 473 LIB.
2540 413 2585 471 1.

3326 404 3470 465 1080

210 558 460 631 Apparuit
485 562 664 612 autem
696 566 808 625 per
839 564 1040 622 corpus
1067 550 1116 607 is
1138 550 1232 621 qui
1255 560 1377 605 erat
1398 557 1605 603 natura:
1644 545 1784 601 invi-
1808 559 1857 618 Α
1889 552 1999 599 tur.
2042 537 2267 631 Audebo
2301 548 2434 631 sane
2461 534 2645 591 dicere
2674 545 2802 587 vera
2837 528 3147 631 aquis-non
3173 527 3350 584 solum
3384 527 3473 631 ui:

204 651 377 709 sibilis
398 649 529 723 (67).
551 645 915 715 Congaudens
943 644 1109 717 igitur
1133 643 1291 699 nobis
1314 640 1551 697 Joannes
1573 649 1628 696 et
1651 640 1776 707 sibi,

204 760 395 801 omnes
418 744 561 798 enim
594 740 911 810 indigebant
948 738 1176 794 salutem
1217 751 1336 807 qua:
1382 752 1411 790 a
1443 734 1672 789 Domino
1696 742 1781 787 est

200 835 345 909 (68),
390 831 789 902 evangelizans,
840 841 895 886 et
941 830 1289 900 semetipsum
1338 836 1393 881 et
1442 840 1562 889 nos,
1586 824 1782 895 gaudio

200 928 448 999 gaudens
474 924 545 979 ob
574 925 923 993 pmsentiam
956 923 1169 993 sponsi,
1198 922 1357 981 Ecce,
1395 919 1590 986 inquit,
1637 916 1781 986 quod

193 1017 651 1086 exspectabatur,
696 1030 827 1072 ecce
875 1030 1024 1086 spes,
1070 1028 1199 1069 ecce
1236 1014 1405 1068 salus.
1459 1010 1595 1080 Spes
1638 1009 1781 1064 bona

193 1107 523 1164 hominibus
554 1114 892 1177 assumptum
939 1115 1183 1160 nostrum
1227 1112 1311 1158 est
1359 1115 1583 1171 corpus,
1618 1114 1783 1155 vene-

190 1212 338 1253 num
374 1196 707 1251 exstinctum
742 1204 824 1250 est
880 1194 1105 1255 diaboli.
1142 1192 1496 1247 mortificatus
1538 1198 1623 1246 est
1666 1203 1779 1244 ser-

190 1302 345 1358 petis
376 1305 389 1341 :
420 1288 576 1343 fortis
618 1287 765 1341 enim
813 1293 900 1338 est
941 1284 1032 1353 qui
1082 1283 1395 1351 assumpsit.
1440 1281 1581 1336 Ecce
1635 1276 1781 1349 quod

190 1378 653 1448 exspectabatur,
692 1390 817 1431 ecce
841 1375 983 1443 quod
1008 1375 1351 1444 sperabatur,
1387 1387 1515 1427 ecce
1551 1371 1784 1426 admira-

194 1474 283 1527 tio
320 1491 335 1526 :
365 1470 590 1525 solvitur
613 1468 725 1538 jam
763 1474 1065 1535 peccatum,
1106 1464 1433 1519 interficitur
1460 1477 1630 1527 mors,
1669 1464 1783 1530 pel-

194 1564 347 1618 litur
369 1563 678 1631 corruptela
710 1576 725 1614 :
759 1560 893 1614 Ecce
934 1575 1099 1630 agnus
1128 1558 1222 1612 Det
1239 1598 1253 1622 ,
1283 1560 1372 1629 qui
1400 1558 1536 1613 tollit
1571 1569 1782 1626 peccata

191 1654 489 1713 mundi”.
539 1652 677 1719 Quid
726 1651 936 1720 inquit,
982 1664 1082 1721 ego
1141 1649 1329 1703 laboro
1371 1652 1424 1702 in
1466 1648 1781 1717 pcenitentia

190 1738 533 1810 haptizans?
562 1738 715 1807 quid,
744 1737 960 1792 insudo?
988 1737 1317 1805 baptismum
1339 1736 1481 1789 enim
1516 1738 1656 1806 quod
1688 1750 1785 1804 per

191 1829 474 1885 Joannem
502 1830 756 1895 dabatur,
802 1844 906 1882 non
940 1840 1059 1883 erat
1105 1829 1355 1883 idoneum
1390 1828 1457 1881 ad
1502 1828 1780 1897 purgatio-

1884 632 1961 688 hil
2000 630 2127 684 mali
2179 628 2247 682 ad
2277 626 2713 681 additamentum
2747 620 2975 690 suscipit
3005 618 3095 674 illa
3130 629 3347 685 natura,
3375 619 3473 673 sed

1881 738 1988 779 nec
2019 720 2170 778 boni.
2216 717 2273 774 Si
2299 730 2432 788 ergo
2460 714 2662 769 malum
2690 728 2794 767 nou
2823 712 3087 783 suscepit,
3119 711 3245 781 quia
3276 707 3472 767 lumini

1882 813 2122 870 tenebra
2148 825 2255 867 non
2288 807 2689 880 permiscentur
2723 822 2736 859 :
2776 806 2977 859 bonum
3000 790 3206 858 "autem
3260 802 3475 856 addita-

1881 915 2125 960 mentum
2174 918 2282 957 non
2318 900 2568 969 indiget,
2599 897 2725 967 quia
2760 893 3062 965 perfectum
3112 893 3297 965 genuit
3344 907 3473 963 pcr—

1881 998 2097 1052 fectus:
2131 1010 2238 1049 non
2279 1001 2366 1049 est
2410 988 2683 1061 promotio
2708 988 2964 1043 derelicta
3002 986 3133 1041 ﬁlio.
3184 983 3301 1039 Non
3330 998 3476 1039 nunc

1882 1091 2024 1153 dico,
2058 1088 2153 1143 sed
2193 1100 2291 1142 nec
2327 1094 2487 1139 antea
2527 1100 2541 1138 :
2578 1078 2858 1152 perfectus
2897 1079 3044 1132 enim
3091 1087 3174 1131 est
3202 1084 3392 1138 natus,
3420 1081 3479 1130 et

1882 1183 2006 1240 ideo
2043 1181 2178 1237 nihil
2218 1175 2574 1235 additamenti
2605 1173 2819 1244 accipit,
2855 1171 2986 1227 nihil
3028 1169 3306 1238 acquirit:
3351 1182 3479 1238 per--

1886 1275 2065 1330 fectus
2096 1273 2244 1328 enim
2291 1279 2381 1325 est
2442 1267 2729 1340 progenies
2777 1265 3003 1336 perfecti
3038 1262 3177 1333 (69),
3219 1260 3479 1316 omnibus

1890 1370 2107 1437 quidem
2140 1366 2413 1422 sufﬁciens
2442 1366 2665 1425 donare,
2699 1361 2817 1431 ipse
2849 1367 3031 1413 autem
3061 1371 3168 1410 non
3202 1353 3475 1425 indigens,

1882 1460 2017 1515 nihil
2050 1461 2117 1514 ab
2147 1460 2233 1514 his
2275 1472 2394 1530 qua
2447 1454 2576 1510 fecit
2604 1453 2775 1509 Filius
2814 1450 3024 1520 accepit
3056 1468 3070 1504 :
3101 1450 3227 1519 quia
3276 1445 3477 1502 antici-

1882 1566 2017 1621 pans
2038 1549 2152 1622 (70)
2180 1548 2361 1606 omnia
2400 1548 2563 1603 habet
2609 1545 2711 1602 sibi
2738 1543 2862 1598 data
2892 1556 2922 1596 a
2957 1541 3136 1595 Patre.
3200 1538 3317 1595 Non
3352 1551 3477 1593 cum

1883 1644 2150 1712 apparuit,
2189 1652 2318 1697 tunc
2350 1651 2406 1696 et
2452 1639 2665 1703 Filius;
2714 1651 2822 1692 non
2848 1650 2971 1691 cum
3009 1632 3313 1695 nobiscum,
3351 1642 3482 1686 tunc

1882 1745 1939 1791 et
1980 1739 2119 1804 apud
2174 1737 2342 1792 Deum
2386 1737 2527 1790 :sed
2573 1730 3029 1802 quemadmodum
3088 1728 3143 1782 in
3207 1723 3479 1796 principio

1883 1837 2001 1880 erat
2039 1826 2294 1891 Verbum,
2356 1826 2409 1879 in
2474 1824 2742 1895 principio
2804 1828 2950 1886 erat,
3022 1832 3127 1872 non
3186 1825 3365 1870 tamen
3422 1814 3478 1870 in

192 1926 378 1988 hem;
429 1922 553 1991 quia
598 1936 702 1976 non
762 1921 1130 1974 remissionem
1174 1928 1521 1986 peccatorum
1569 1927 1781 1988 poterat
1811 1901 2191 1974 Bnovissimis
2237 1918 2612 1987 temporibus:
2659 1918 2711 1970 in
2776 1912 3066 1986 principio,
3130 1923 3234 1963 non
3298 1916 3479 1962 tamen

192 2012 447 2071 Joannes
477 2015 626 2080 dare,
659 2017 752 2070 sed
784 2015 1105 2068 hortabatur
1134 2013 1199 2066 ad
1224 2013 1615 2082 ptenitentiam.
1652 2010 1783 2067 Ser-

192 2124 313 2164 vus
356 2111 501 2165 enim
532 2119 687 2175 erat,
733 2118 787 2163 et
835 2123 940 2163 non
974 2116 1187 2179 poterat
1225 2108 1470 2163 donare:
1506 2107 1605 2163 soli
1636 2107 1782 2167 enim
1820 2176 1827 2183 .

196 2200 443 2255 Domino
473 2200 597 2255 licet
636 2216 730 2255 sua
759 2199 984 2255 donare.
1008 2200 1171 2266 Quid,
1201 2199 1400 2268 inquit,
1428 2197 1644 2269 baptizo
1668 2197 1782 2265 jam

198 2306 314 2361 ego
341 2291 406 2345 ad
440 2293 811 2359 pmnitentiam
834 2293 859 2346 ?
886 2292 1027 2346 Ecce
1055 2292 1145 2361 qui
1180 2292 1355 2358 tollit,
1381 2304 1508 2345 ecce
1533 2290 1624 2360 qui
1655 2304 1787 2344 exu-

202 2384 308 2447 rit,
337 2384 431 2452 qui
466 2383 725 2449 eradicat,
765 2385 856 2453 qui
890 2383 1104 2453 penitus
1127 2382 1310 2437 evellit
1342 2390 1647 2451 peccatum,
1680 2397 1785 2435 non

202 2474 375 2528 unius
425 2484 518 2528 aut
569 2475 807 2543 quinque
853 2482 948 2528 aut
993 2489 1087 2529 sex
1144 2473 1424 2527 hominum
1474 2472 1566 2541 qui
1612 2488 1640 2525 a
1702 2485 1788 2526 me

208 2566 590 2638 haptizantur,
626 2569 719 2621 sed
758 2567 944 2631 totius,
973 2566 1167 2636 inquit,
1201 2565 1407 2619 mundi.
1442 2562 1616 2618 Homo
1642 2564 1786 2617 enim

205 2673 324 2713 non
353 2668 567 2726 poterat
592 2658 755 2713 totius
782 2658 965 2713 mundi
1002 2668 1221 2727 peccata
1266 2656 1473 2719 tollere,
1515 2656 1641 2723 quia
1668 2670 1788 2710 orn-

209 2764 316 2805 nes
356 2749 604 2804 homines
643 2765 710 2804 ex
738 2750 931 2815 Adam,
967 2759 1021 2805 et
1068 2764 1172 2804 non
1209 2764 1275 2803 ex
1312 2747 1441 2803 Deo.
1517 2746 1631 2802 Non
1662 2746 1790 2817 quia

209 2849 297 2895 est
337 2841 535 2911 aliquis
566 2840 657 2909 qui
710 2856 815 2894 non
849 2849 932 2894 est
978 2854 1009 2894 a
1042 2839 1152 2894 Deo
1184 2849 1401 2895 creatus
1442 2854 1540 2909 per
1568 2838 1788 2905 Filium,

213 2932 315 2986 sed
346 2933 524 2985 omnis
552 2932 717 2986 homo
743 2932 944 3002 quique
974 2932 1259 3002 progenies
1288 2932 1415 2986 Adae
1448 2940 1563 2995 est,
1594 2940 1643 2987 et
1684 2945 1790 2985 non

213 3026 517 3080 nativitatis
548 3026 785 3094 peccatis
814 3024 1077 3094 subjacet.
1107 3024 1217 3081 Nos
1246 3025 1387 3080 enim
1421 3025 1472 3078 in
1512 3024 1619 3078 ictu
1651 3032 1707 3079 et
1736 3025 1789 3077 in

214 3116 409 3185 exigua
452 3116 554 3171 hac
587 3116 692 3170 vita
741 3117 1018 3171 cons-tituli
1066 3131 1354 3186 peccamus
1412 3126 1467 3171 et
1516 3115 1694 3186 lingua
1738 3122 1795 3169 et

1884 2024 2007 2083 post
2041 2014 2237 2069 secula
2287 2029 2409 2084 quae
2456 2029 2552 2083 per
2584 2013 2759 2082 ipsum
2808 2009 2949 2064 facta
3002 2016 3148 2063 sunt.
3207 2004 3262 2058 in
3321 2001 3480 2073 prin-

1884 2107 2025 2176 cipio
2064 2117 2190 2161 ante
2243 2120 2433 2161 omnes
2478 2107 2619 2175 apud
2671 2105 2835 2160 Deum
2870 2143 2885 2167 ,
2932 2109 3058 2155 ante
3104 2097 3316 2154 ccelos:
3370 2109 3481 2150 non

1883 2202 2029 2255 enim
2083 2201 2418 2258 necessarios
2482 2200 2715 2254 habebat
2760 2198 2930 2253 caelos
2970 2195 3037 2249 ad
3086 2189 3480 2257 habitandum;

1886 2294 2153 2364 siquidem
2212 2292 2493 2349 nec'tunc
2547 2305 2670 2347 cum
2729 2288 2932 2344 factum
2986 2294 3071 2341 est
3133 2281 3358 2345 coelum,
3410 2276 3479 2333 ad

1889 2401 2045 2441 usum
2080 2386 2280 2441 factum
2305 2396 2389 2441 est
2412 2383 2531 2449 Dei,
2558 2382 2743 2438 sed-ad
2769 2381 3091 2436 beneficium
3122 2376 3293 2446 ipsius
3316 2370 3471 2436 Catii,

1889 2488 1944 2532 et
1974 2492 2160 2531 eorum
2186 2477 2275 2546 qni
2302 2476 2405 2532 sub
2431 2473 2573 2531 cutio
2609 2481 2734 2527 sunt
2759 2479 3001 2527 creatum
3030 2478 3113 2525 est
3140 2467 3361 2523 caelum.
3408 2460 3481 2517 In

1893 2570 2150 2640 principio
2187 2581 2300 2624 erat
2330 2584 2349 2623 :
2397 2583 2552 2624 serva
2585 2568 2732 2639 quod
2756 2574 2874 2621 erat
2899 2563 3033 2635 (Ἠ).
3072 2560 3128 2616 Si
3154 2560 3300 2615 enim
3333 2565 3388 2612 et
3420 2563 3480 2609 tu

1891 2678 1999 2716 non
2037 2662 2266 2727 dixeris,
2295 2661 2447 2728 Erat,
2483 2660 2572 2716 ille
2597 2659 2816 2730 quidem
2859 2666 3044 2712 manet
3067 2652 3210 2725 quod
3239 2659 3381 2717 erat,
3425 2658 3485 2706 tu

1891 2767 2073 2810 autem
2118 2753 2466 2810 fraudaveris
2514 2761 2574 2806 ut
2620 2752 2723 2807 sis.
2782 2750 2897 2805 Non
2950 2748 3097 2803 enim
3132 2761 3199 2801 ex
3238 2742 3323 2798 his
3366 2755 3488 2812 qua

1894 2850 2126 2903 dicimus
2163 2845 2471 2903 eiﬂciuntur
2514 2844 2733 2915 negotia
2782 2857 2963 2897 rerum
2995 2858 3010 2896 :
3045 2840 3138 2894 sed
3177 2838 3220 2892 si
3248 2832 3487 2892 confessi

1893 2936 2156 2993 fuerimus
2198 2947 2259 2990 ut
2286 2950 2343 2991 se
2372 2950 2462 2990 res
2500 2937 2704 2991 habere
2726 2933 3000 2996 videntur,
3035 2928 3388 2984 salvahimur.
3424 2923 3485 2981 Si

1898 3038 2082 3083 autem
2113 3027 2406 3082 delirantes
2450 3040 2555 3080 non
2607 3033 2665 3078 ut
2717 3036 2775 3077 se
2809 3022 2973 3076 habet
3012 3021 3286 3089 negotium
3322 3016 3488 3072 locuti

1897 3119 2196 3185 fuerimus;
2229 3118 2361 3188 ipsa:
2404 3117 2624 3184 quidem
2665 3130 2753 3170 res
2780 3122 3018 3173 manent,
3060 3127 3159 3165 nos
3184 3118 3363 3163 autem
3399 3106 3489 3179 ju-

215 3207 451 3308 actibusi
500 3206 601 3274 Qui
646 3218 824 3263 autem
854 3219 1133 3278 peccatum
1171 3224 1277 3263 non
1314 3208 1461 3273 fecit,
1494 3222 1671 3277 neque
1697 3206 1793 3261 do-
1819 3249 1863 3308 C
1898 3209 2220 3267 dicabimur.
2272 3208 2424 3275 Erat,
2457 3216 2513 3262 et
2542 3215 2683 3271 erat,
2713 3218 2769 3261 et
2802 3214 2943 3260 erat.
2979 3203 3047 3257 In
3088 3201 3348 3272 principio
3372 3208 3487 3254 erat

217 3298 329 3353 lum
362 3289 553 3356 habuit
595 3302 644 3355 in
675 3317 771 3357 ore
804 3318 922 3367 suo,
958 3312 1016 3356 ut
1057 3317 1233 3371 neque
1262 3318 1426 3372 apere
1465 3316 1639 3371 neque
1672 3317 1791 3357 ser-

219 3402 380 3444 mone
414 3399 684 3459 peccaret,
733 3392 848 3461 ipsa
894 3392 1100 3461 iustitia
1137 3401 1241 3447 est.
1292 3391 1390 3457 Qui
1427 3407 1557 3462 ergo
1583 3392 1790 3461 justitia

217 3479 442 3549 propria
472 3495 578 3533 non
614 3480 849 3535 habebat
872 3492 1116 3550 peccata,
1145 3485 1319 3553 potuit
1353 3482 1537 3537 mundi
1573 3494 1791 3553 peccata

220 3578 437 3637 portare
472 3586 485 3623 :
518 3569 609 3638 qui
644 3582 871 3641 agrotat
910 3573 1053 3626 enim
1085 3574 1254 3627 alium
1308 3588 1506 3628 sanare
1549 3590 1654 3629 non
1694 3590 1791 3644 po-

220 3667 359 3715 test:
386 3668 441 3715 et
470 3663 559 3729 qui
590 3664 830 3733 peccatis
855 3663 1117 3732 subiacet,
1144 3663 1321 3719 aliena
1353 3673 1572 3734 portare
1600 3666 1794 3721 delicta

221 3766 327 3804 non
375 3761 577 3821 potest.
623 3753 725 3819 Qui
767 3764 946 3809 autem
998 3771 1103 3811 non
1158 3759 1423 3825 peccavit,
1466 3773 1643 3828 neque
1692 3761 1797 3815 scit

220 3853 499 3913 peccatum
526 3886 541 3911 ,
582 3847 681 3901 iste
717 3861 812 3901 sua
845 3846 1049 3903 virtute
1088 3850 1313 3903 aliorum
1343 3851 1575 3905 assumit
1602 3861 1658 3906 et
1690 3852 1794 3907 tol-

222 3936 284 3990 lit
330 3948 632 4006 peccatum.
670 3938 927 3993 Dominus
971 3941 1115 3995 enim
1154 3941 1463 4010 baptizatur
1502 3957 1531 3996 a
1564 3940 1793 4007 Joanne,

221 4038 276 4083 et
306 4030 534 4085 assumit
565 4029 791 4084 aliorum
823 4032 1016 4086 delicta
1053 4050 1066 4085 :
1106 4046 1384 4085 assumens
1425 4042 1604 4087 autem
1622 4033 1798 4087 aufert

220 4136 282 4177 ea
311 4137 430 4192 quae
453 4123 708 4189 suscepit.
742 4121 977 4179 intueris
1009 4125 1171 4179 istum
1204 4125 1473 4179 visibilem
1506 4126 1672 4181 solem
1701 4126 1792 4195 qui

222 4229 318 4283 per
349 4212 516 4267 Deum
566 4212 742 4270 factus
779 4216 901 4270 est?
934 4216 1035 4271 iste
1070 4216 1151 4271 sol
1184 4217 1418 4272 visibilis
1465 4227 1612 4273 certe
1656 4233 1796 4273 unus

222 4314 308 4360 est
330 4320 392 4360 ex
425 4306 679 4360 omnibus
712 4322 833 4376 quae
864 4324 960 4375 per
989 4308 1186 4363 Filium
1218 4308 1357 4364 facta
1384 4322 1528 4365 sunt.
1577 4311 1681 4364 lste
1706 4326 1797 4364 or-

224 4408 309 4452 tus
339 4400 528 4453 sordes
557 4400 841 4469 contingit,
884 4409 939 4456 et
990 4400 1188 4457 fetores
1236 4411 1289 4458 et
1323 4417 1555 4459 caenum.
1607 4401 1676 4458 Et
1706 4402 1795 4458 illa

221 4490 436 4559 quidem
462 4505 579 4561 qua:
605 4491 803 4545 habent
850 4492 1073 4547 fetorem
1107 4493 1357 4549 liberata
1420 4494 1630 4559 fetore;
1674 4496 1796 4563 ipse

1909 3302 2129 3356 Verbum
2167 3316 2186 3355 :
2226 3314 2352 3356 ecce
2389 3300 2554 3354 semel
2604 3308 2766 3354 erat:
2806 3309 2853 3352 et
2901 3296 3130 3351 Verbum
3182 3304 3295 3349 erat
3342 3291 3487 3361 apud

1899 3392 2063 3447 Deum
2080 3392 2149 3456 ",
2187 3401 2242 3447 et
2269 3392 2463 3445 iterum
2496 3392 2609 3462 (72)
2664 3399 2783 3445 erat
2810 3408 2821 3444 :
2856 3398 2905 3444 et
2928 3389 3068 3443 Deus
3085 3398 3197 3442 erat
3224 3386 3486 3441 Verbum:

1895 3499 2025 3541 ecce
2057 3486 2218 3540 tertio
2248 3494 2387 3539 erat.
2431 3482 2534 3538 Hic
2566 3494 2679 3538 erat
2719 3484 2773 3537 in
2821 3482 3080 3551 principio
3115 3481 3256 3549 apud
3298 3479 3487 3533 Deum.

1895 3576 2025 3631 Post
2055 3586 2289 3645 quatuor
2333 3576 2431 3629 has
2472 3590 2635 3630 voces
2681 3574 2858 3629 adhuc
2894 3573 3113 3627 dubitas
3147 3572 3289 3641 quod
3328 3569 3489 3625 erat?

1896 3678 1950 3722 et
1986 3669 2204 3734 iterum,
2233 3666 2354 3721 Vita
2392 3676 2529 3731 erat,
2562 3675 2618 3721 et
2644 3667 2758 3721 vita
2797 3674 2916 3720 erat
2949 3664 3041 3719 lux
3075 3664 3376 3718 hominum.
3427 3660 3487 3715 Si

1897 3760 2027 3816 dicit
2060 3759 2411 3831 evangelista,
2456 3760 2549 3828 qui
2594 3774 2659 3814 ex
2702 3767 2922 3827 pectore
2958 3757 3170 3813 Domini
3222 3755 3487 3820 haurivit,

1896 3850 2052 3917 Erat,
2107 3860 2163 3906 et
2214 3852 2318 3905 hoc
2368 3850 2725 3920 frequenter:
2761 3863 2827 3904 ex
2872 3850 2959 3905 his
3005 3864 3125 3919 qua:
3168 3862 3311 3916 saepe
3347 3849 3488 3902 tlicta

1896 3950 2023 3997 sunt
2076 3957 2145 3997 ne
2190 3941 2407 4011 quidem
2440 3958 2603 3996 unum
2644 3951 2838 3996 tenes:
2875 3950 2930 3996 et
2967 3955 3126 4011 quem
3174 3938 3366 3995 laedis?
3398 3939 3491 3995 ille

1897 4036 2039 4088 enim
2067 4035 2157 4103 qui
2186 4044 2325 4100 erat,
2354 4043 2457 4100 est,
2487 4042 2541 4089 et
2570 4049 2675 4088 non
2709 4034 2947 4090 cessavit
2972 4041 3032 4087 ut
3057 4033 3150 4087 sit.
3198 4032 3490 4089 Tu.autem

1898 4144 2005 4183 non
2041 4128 2148 4183 eris
2190 4127 2347 4197 ejus,
2400 4128 2503 4182 nisi
2551 4126 2720 4182 fueris
2760 4125 3044 4182 confessus
3088 4125 3215 4194 quia
3246 4133 3401 4189 erat,
3434 4130 3490 4178 et

1898 4231 1981 4278 est
2003 4232 2058 4277 et
2085 4222 2188 4276 erit
2224 4241 2236 4276 :
2275 4232 2326 4277 et
2361 4236 2637 4291 nunquam
2667 4220 2902 4277 cessavit
2926 4229 2986 4274 ut
3018 4234 3125 4274 non
3156 4218 3248 4275 sit.
3273 4216 3491 4273 Princi-

1898 4317 2046 4385 pium
2079 4316 2339 4383 evangelii
2376 4316 2525 4381 dicit,
2561 4312 2743 4369 Erat:
2785 4322 2841 4365 et
2880 4321 2938 4367 tu
2990 4311 3175 4367 statim
3232 4310 3486 4365 dubitas:

1899 4407 2125 4463 necdum
2154 4408 2366 4478 cmpisti
2400 4409 2600 4478 legere,
2640 4418 2695 4462 et
2722 4405 3015 4463 offendisti.
3053 4404 3393 4475 Evangelista
3420 4402 3493 4457 ab

1900 4501 2033 4555 Erat
2064 4504 2249 4571 cmpit,
2280 4511 2332 4557 et
2366 4511 2417 4555 tu
2450 4500 2583 4555 Erat
2634 4500 2901 4555 interimis
2924 4499 2950 4552 ἲ
2995 4497 3237 4553 Necdum
3283 4494 3487 4565 legisti,

220 4590 398 4637 autem
424 4597 482 4638 se
506 4598 610 4637 non
637 4586 953 4655 coinquinat
976 4586 1044 4640 ab
1074 4586 1161 4641 his
1190 4602 1310 4656 qua:
1337 4588 1585 4658 detergit.
1612 4587 1669 4642 Si
1698 4588 1789 4657 igi-

1899 4603 1954 4648 et
1978 4593 2332 4648 contr-adicis.
2366 4593 2491 4647 Erat
2528 4592 2581 4646 in
2612 4592 2876 4662 principio
2898 4600 3027 4646 ante
3055 4604 3281 4645 omnes:
3310 4590 3489 4642 bonus

223 4684 312 4728 tnr
354 4673 457 4728 iste
503 4676 581 4729 sol
622 4676 851 4731 visibilis
890 4678 982 4747 qui
1015 4678 1190 4732 oritur
1222 4689 1276 4733 et
1310 4679 1531 4743 occidit,
1564 4680 1653 4748 qui
1689 4695 1793 4734 non

224 4766 279 4821 in
305 4768 569 4837 principio
613 4770 733 4835 fuit,
762 4771 854 4825 sed
887 4779 1081 4840 quarto
1128 4772 1215 4826 die
1264 4786 1359 4840 per
1386 4771 1581 4827 Filium
1621 4772 1797 4827 factus

220 4868 339 4924 est;
380 4860 426 4915 si
463 4862 565 4916 iste
598 4861 680 4915 soi
715 4879 817 4917 non
851 4864 1089 4931 repletur
1121 4865 1189 4919 ab
1234 4863 1317 4919 his
1363 4881 1481 4935 qua:
1507 4866 1793 4933 contingit,

220 4952 393 5007 multo
421 4953 592 5022 magis
621 4953 883 5010 Dominus
905 4956 1127 5024 iustitia
1173 4958 1263 5025 qui
1302 4968 1495 5026 purgat
1526 4966 1580 5012 et
1606 4973 1796 5012 emun—

221 5044 338 5108 dat,
374 5042 636 5099 clariﬁcat
667 5055 722 5099 et
767 5046 1055 5114 illuminat,
1104 5064 1213 5103 non
1243 5050 1699 5104 contaminabitur
1727 5053 1795 5104 ab

221 5136 309 5191 his
357 5152 479 5205 qua:
524 5138 809 5213 contingit.
865 5138 981 5193 Non
1036 5150 1212 5209 potest
1251 5144 1392 5194 enim
1448 5141 1562 5210 ejus
1602 5152 1795 5195 natura

221 5230 609 5283 contaminari.
673 5229 819 5285 Nihil
880 5232 931 5285 in
988 5247 1109 5287 eum
1178 5233 1483 5303 ingreditur
1539 5235 1793 5289 alienum.

221 5319 377 5384 Quod
422 5322 565 5374 enim
620 5332 775 5376 natus
819 5335 900 5377 est
954 5326 1139 5387 semel,
1183 5326 1285 5379 hoc
1320 5335 1369 5380 et
1408 5336 1605 5381 manet.
1653 5324 1796 5380 Nihil

223 5406 398 5461 defuit
448 5416 506 5462 ut
536 5410 988 5475 introduceretur,
1022 5414 1152 5467 nihil
1183 5415 1358 5467 minus
1384 5426 1466 5471 cst
1505 5426 1561 5469 ut
1592 5418 1797 5487 replea-

294 5526 342 5561 ⁸⁸
371 5525 526 5581 Joan.
562 5542 600 5594 ι,
631 5528 720 5583 29.
817 5531 860 5560 ⁵⁸
893 5530 1019 5584 ibitl.
1051 5531 1104 5584 ‘2.

296 5679 412 5749 (67)
450 5680 545 5734 Ms.
578 5682 680 5746 Qui
715 5695 824 5735 erat
855 5697 1046 5737 natura
1076 5686 1371 5741 invisibilis.

298 5750 411 5825 (ϋξέ)
572 5753 881 5825 indigebant
907 5760 1097 5821 salute,
1128 5775 1243 5825 qua!
1280 5778 1311 5810 ξι
1352 5759 1573 5813 Domino
1600 5771 1694 5813 est.

442 5820 1063 5900 bis.‘l’erfecteeninrest
1095 5820 1364 5899 progenies
1392 5832 1628 5900 perfecti.

298 5891 409 5961 (7")
441 5891 765 5962 Antiuptms.
788 5896 827 5946 Π
840 5896 1096 5963 ρτιλαϐών,

1898 4684 2039 4739 enim
2070 4694 2152 4737 est
2178 4683 2367 4746 Pater,
2398 4693 2453 4739 et
2483 4698 2586 4737 non
2613 4691 2698 4738 est
2726 4683 2931 4738 divisus
2967 4696 3234 4754 generatis
3258 4680 3487 4736 Filium:

1898 4786 2091 4844 potens
2120 4784 2224 4836 est.
2261 4785 2311 4830 et
2342 4790 2444 4831 non
2478 4785 2595 4828 erat
2624 4776 2672 4829 ei
2716 4773 3054 4843 impossibile
3086 4772 3294 4842 impleri
3328 4786 3482 4825 suam

1899 4869 2221 4924 bonitatem.
2265 4869 2533 4938 Tempora
2559 4870 2702 4925 enim
2734 4878 2788 4924 et
2821 4868 3013 4923 saecula
3043 4878 3097 4922 et
3127 4867 3300 4937 spatia
3327 4868 3488 4921 deor-

1900 4975 2017 5015 sum
2052 4972 2197 5016 sunt.
2242 4960 2359 5017 Noli
2386 4971 2703 5033 computare
2733 4960 3116 5033 unigenitzeilli
3152 4968 3360 5015 naturae
3385 4958 3487 5013 ali-

1903 5058 2031 5127 quid
2066 5076 2077 5111 :
2110 5058 2337 5113 nihilex
2376 5059 2459 5114 his
2492 5073 2612 5129 quae
2642 5057 2787 5112 facta
2837 5072 2935 5127 per
2981 5057 3155 5125 ipsum
3194 5065 3365 5110 sunt:
3396 5052 3492 5110 sed

1904 5148 2165 5204 confitere
2192 5150 2407 5204 Patrem
2445 5164 2550 5205 non
2597 5158 2785 5204 natum
2812 5189 2827 5213 ,
2872 5155 2925 5202 et
2968 5148 3131 5201 alium
3166 5161 3269 5200 non
3300 5154 3487 5198 natum

1903 5255 2148 5310 quaerere
2178 5240 2316 5308 noli;
2342 5243 2465 5311 quia
2495 5256 2594 5297 nec
2628 5242 2890 5296 invenies.
2925 5239 3200 5295 Confitere
3226 5238 3490 5293 ctFilium

1903 5330 2237 5399 unigenitum
2288 5341 2473 5385 natum
2518 5348 2547 5385 a
2592 5330 2804 5385 Patre:
2858 5339 2913 5386 et
2968 5330 3132 5385 alium
3179 5330 3371 5384 Filium
3424 5347 3492 5383 ne

1905 5437 2136 5491 quaeras,
2166 5426 2259 5479 sed
2304 5440 2427 5479 eum
2459 5426 2547 5494 qui
2600 5434 2683 5480 est
2724 5439 2862 5479 unus
2901 5423 3231 5495 unigenitus,
3285 5422 3373 5492 qui
3423 5420 3495 5475 ab

1973 5692 2085 5817 (ξι)
2120 5692 2297 5749 Serva.
2328 5694 2516 5765 Τήρει,
2544 5693 2792 5749 observa.
2832 5692 2924 5748 Sic
2949 5692 3087 5748 infra
3120 5689 3216 5747 lib.
3240 5701 3305 5757 ιι,
3340 5688 3487 5745 circa

1973 5778 2007 5817 3t
2032 5804 2046 5816 .

1901 5778 2046 5817 mcu.

1976 5836 2092 5905 (72)
2126 5834 2191 5891 Et
2218 5836 2424 5891 iterum.
2459 5834 2617 5891 Fuit:
2647 5850 2709 5890 cn
2736 5833 2856 5887 iter.
