4000 6414
630 322 763 382 1031

1292 324 1558 383 EUSEBII
1595 325 2073 383 CESARIENSIS
2107 324 2259 383 OPP.
2297 324 2476 383 PARS
2512 325 2603 383 IV.
2636 356 2711 371 —
2745 318 3169 383 DOGIATICA.

626 458 736 499 uno
763 441 1089 507 estPatre,a
1122 441 1236 499 solo
1263 444 1431 510 solus,
1470 445 1539 501 ab
1566 460 1671 501 uno
1689 458 1847 500 unus.
1873 444 2014 501 Nihil
2040 445 2184 500 enim
2218 451 2262 508 Α
2288 446 2362 500 tia
2413 464 2428 501 :
2478 454 2533 500 et
2584 444 2950 500 adorabantur
2999 442 3214 509 omnia;
3266 448 3321 497 et
3371 442 3503 515 quia
3558 441 3871 504 adoratas

624 534 833 604 aequale
867 543 950 587 est
986 535 1295 603 unigenito,
1341 536 1475 591 nihil
1519 532 1695 593 simile
1734 536 1909 599 Filio,
1957 536 2087 592 nihil
2134 538 2184 592 ei

625 630 990 692 comparatur,
1023 624 1157 678 nihil
1185 635 1449 693 aequatur.
1482 625 1673 681 Omnia
1701 639 1822 680 eum
1848 624 2096 689 adorant,
2118 625 2189 680 ob

627 714 889 769 honorem
926 723 982 768 ut
1017 723 1141 785 pote
1170 718 1286 788 eius
1310 718 1398 788 qui
1429 717 1615 787 genuit
1644 737 1657 772 :
1700 730 1807 771 non
1836 724 1919 771 est
1954 731 2095 771 unus
2121 731 2186 772 ex

626 803 713 859 his
734 819 855 873 qua:
894 820 991 874 per
1029 807 1199 875 ipsum
1229 818 1402 862 sunt:
1444 823 1550 863 non
1579 817 1664 863 est
1692 822 1758 863 ex
1804 808 1909 863 hoc
1957 809 2182 875 mundo,

626 891 721 947 sed
763 901 820 947 et
856 895 1083 949 mundus
1112 910 1208 964 per
1251 896 1447 961 ipsum.
1495 895 1611 950 Non
1657 896 1851 953 cmlum
1879 912 2002 952 cum
2030 895 2187 963 Filio,

626 983 723 1037 sed
765 991 823 1037 et
863 984 1056 1040 caelum
1099 1000 1196 1055 per
1226 985 1441 1040 Filium.
1486 986 1627 1054 Quid
1667 1002 1804 1058 opus
1832 997 1919 1043 est
1949 988 2190 1057 partibus

628 1075 901 1149 exhibere
933 1077 1183 1131 natura?
1232 1076 1420 1131 Omnia
1452 1094 1546 1147 per
1582 1080 1752 1147 ipsum
1790 1088 1931 1143 sunt,
1974 1089 2019 1134 et
2060 1080 2190 1135 nihil

628 1165 741 1220 sine
776 1166 885 1234 ipso
911 1181 931 1220 :
956 1175 1011 1222 et
1060 1168 1218 1222 tertio
1254 1186 1268 1222 :
1300 1167 1450 1235 Quod
1487 1168 1685 1223 factum
1719 1179 1803 1224 est
1845 1185 1942 1240 per
1991 1171 2187 1240 ipsum.

627 1252 748 1309 Noli
770 1256 949 1311 dicere
978 1257 1269 1321 hominem,
1298 1272 1365 1313 ne
1394 1258 1659 1313 irascatur
1684 1259 1772 1328 qui
1794 1261 1996 1324 genuit.
2028 1259 2192 1315 Joan-

628 1358 729 1400 nes
755 1347 1080 1418 evangelista
1104 1390 1119 1414 ,
1154 1349 1200 1402 si
1254 1358 1432 1401 tamen
1463 1347 1721 1414 Joannes,
1760 1361 1815 1405 et
1845 1366 1951 1405 nou
1981 1351 2069 1419 qui
2098 1365 2192 1419 per

629 1432 917 1504 Joannem,
964 1440 1177 1509 scripsit
1225 1440 1291 1495 de
1332 1441 1489 1505 Filio,
1519 1444 1734 1511 scripsit
1776 1454 1830 1498 et
1879 1445 1943 1498 de
1986 1443 2190 1499 Joanne

629 1526 893 1595 Baptista.
924 1529 1306 1603 Subinterroga
1339 1533 1505 1602 igitur
1525 1534 1971 1601 quemadmodum
1994 1535 2061 1588 de
2085 1536 2192 1589 Deo

630 1617 875 1688 loquitur
904 1622 1257 1691 evangelista,
1293 1635 1346 1677 et
1374 1625 1824 1693 quemadmodum
1853 1627 1919 1679 de
1947 1625 2188 1679 homine:

634 1705 702 1761 In
755 1710 1030 1776 principio,
1088 1712 1301 1782 inquit,
1359 1724 1469 1767 erat
1507 1712 1767 1769 Verbum:
1803 1715 1905 1769 hoc
1966 1717 2032 1769 de
2084 1716 2192 1769 Deo

2287 537 2653 605 ignorabatur,
2667 533 2990 591 oﬁ'ensiones
3003 545 3157 589 erant
3172 534 3326 591 nobis
3340 535 3546 591 omnia.
3564 534 3707 593 Nam
3723 540 3869 595 etsal

2287 641 2392 681 non
2414 624 2770 691 illuminabat,
2794 627 2887 681 sed
2910 634 2966 681 et
2986 626 3100 695 ipse
3120 626 3275 680 nobis
3292 636 3411 682 erat
3429 624 3687 682 oﬁ‘ensio.
3713 626 3870 683 Venit

2287 723 2465 770 autem
2488 729 2584 786 per
2598 729 2759 785 quem
2776 715 3098 769 suntomnia
3118 732 3133 769 :
3153 729 3259 769 non
3278 714 3450 769 solum
3468 729 3571 772 nos
3592 716 3865 781 liberavit,

2287 804 2379 861 sed
2397 814 2451 861 et
2472 805 2643 874 ipsum
2660 803 2828 860 solem
2846 805 2915 858 ab
2933 804 3153 873 ignobili
3179 805 3283 859 isto
3304 804 3518 861 honore
3533 805 3772 861 liberum
3798 805 3869 859 le-

2288 899 2380 952 cit.
2415 896 2691 953 Liberavit
2727 910 2859 952 sane
2889 896 3069 950 lunam
3106 910 3137 949 a
3179 895 3507 964 calumniis,
3550 907 3613 951 et
3642 912 3866 969 purga-

2288 988 2367 1041 vit
2390 986 2576 1043 stellas
2600 995 2659 1041 ut
2697 1000 2803 1042 non
2842 990 3220 1043 adorarentur.
3246 986 3305 1043 Si
3332 1000 3518 1044 autem
3546 990 3783 1060 quidam
3805 989 3870 1057 ad

2290 1079 2408 1135 hac
2430 1080 2449 1098 '
2481 1092 2654 1147 usque
2682 1080 3036 1145 contendunt,
3056 1080 3289 1149 reliquis
3312 1079 3587 1135 malorum
3622 1095 3869 1136 comme-

2289 1169 2613 1224 morantium
2656 1168 3000 1225 beneﬁcium.
3059 1170 3212 1225 Nunc
3250 1169 3417 1240 igitur
3455 1179 3514 1227 et
3549 1187 3754 1225 aurum
3792 1182 3871 1227 est

2289 1260 2567 1314 mundum.
2600 1258 2753 1315 Nunc
2773 1269 2828 1315 et
2862 1269 3145 1329 argentum
3164 1261 3231 1314 ad
3260 1260 3313 1315 id
3343 1261 3489 1331 quod
3506 1273 3765 1317 creatum
3791 1275 3873 1317 est

2290 1354 2438 1408 utile.
2480 1350 2631 1407 Nunc
2658 1361 3009 1408 seramentum
3034 1364 3384 1408 ammentum
3416 1364 3507 1410 est
3530 1395 3545 1419 ,
3574 1364 3634 1409 et
3660 1353 3869 1409 ferrum

2292 1444 2494 1498 ferrum
2520 1483 2535 1507 ,
2570 1452 2625 1497 et
2662 1444 2797 1513 lapis
2833 1443 3000 1513 lapis,
3052 1453 3107 1499 et
3153 1444 3357 1514 lignum
3408 1444 3620 1515 lignum
3664 1456 3791 1509 est,
3821 1454 3873 1500 et

2291 1534 2434 1589 Deus
2468 1534 2627 1590 Deus.
2652 1534 2805 1589 Nunc
2844 1536 3178 1590 dtrmonibus
3228 1536 3546 1603 iucrepatur
3580 1547 3643 1590 ut
3676 1537 3869 1602 decet,

2291 1638 2345 1682 et
2388 1644 2491 1682 non
2535 1628 2827 1681 adorantur
2854 1637 2912 1682 ut
2939 1643 3045 1682 non
3084 1628 3260 1682 decet.
3309 1628 3465 1682 Venit
3499 1628 3651 1683 enim
3688 1644 3788 1683 rex
3819 1639 3873 1683 et

2292 1719 2549 1773 exstinxit
2580 1727 2866 1789 tyrannum
2912 1739 2925 1774 :
2958 1727 3014 1773 et
3052 1719 3271 1788 agnovit
3310 1719 3429 1773 ovis
3472 1728 3755 1787 pastorem
3777 1757 3793 1783 ,
3822 1729 3875 1773 et

632 1795 775 1853 Filio
815 1800 969 1854 dixit.
1021 1802 1163 1857 Dicit
1204 1816 1260 1858 et
1313 1804 1377 1860 de
1408 1802 1638 1871 Joanne,
1680 1803 1877 1859 Factus
1903 1817 1978 1859 est
2016 1806 2189 1859 homo.
2223 1818 2265 1873 Β
2296 1808 2459 1879 fugati
2498 1807 2777 1875 suntlupi.
2821 1806 3100 1873 Quissane
3118 1805 3307 1861 venit?
3331 1806 3517 1876 utique
3548 1807 3597 1861 is
3626 1808 3721 1877 qui
3754 1818 3876 1861 erat

633 1886 776 1961 Lege
814 1890 924 1953 illa,
952 1892 1173 1963 sublege
1200 1902 1256 1949 et
1296 1895 1392 1950 ista
1425 1913 1439 1948 :
1467 1902 1521 1949 et
1560 1895 1800 1949 invenies
1828 1896 2096 1965 quomodo
2127 1896 2192 1949 de

634 1984 745 2039 Deo
774 1982 912 2039 Filio
950 1985 1187 2056 loquitur
1215 2005 1230 2040 :
1260 1997 1314 2043 et
1365 1988 1637 2042 hominem
1682 1998 1912 2057 exponet
1940 1986 2214 2065 Joannes._

633 2076 703 2129 In
746 2076 1005 2144 principio
1052 2089 1163 2133 erat
1204 2077 1423 2132 Verbum
1479 2079 1547 2133 de
1588 2077 1726 2133 Filio
1762 2079 1893 2134 dicit
1942 2097 1957 2135 :
1998 2079 2194 2141 Factus

634 2164 800 2220 homo
824 2166 889 2221 de
909 2166 1115 2223 Joanne
1144 2170 1312 2238 ponit.
1352 2167 1419 2223 Et
1442 2168 1667 2223 Verbum
1694 2178 1806 2224 erat
1835 2171 1977 2239 apud
2007 2171 2191 2237 Deam,

632 2262 690 2310 et
715 2254 852 2311 Deus
884 2268 995 2311 erat
1038 2256 1259 2314 Verbum
1280 2299 1295 2323 ,
1326 2261 1393 2314 de
1416 2259 1552 2315 Filio
1590 2260 1846 2330 loquitur.
1886 2261 1959 2315 De
1988 2260 2195 2318 Joanne

633 2353 812 2399 autem
844 2362 858 2400 :
892 2344 1019 2402 Non
1041 2358 1153 2403 erat
1180 2348 1268 2402 ille
1303 2349 1476 2403 lumen
1502 2351 1573 2415 ⁸⁷,
1597 2360 1649 2405 ει
1680 2351 1876 2405 iterum
1911 2351 1979 2405 de
2010 2353 2197 2422 unige-

634 2435 748 2492 nito
767 2438 865 2501 ait,
898 2437 1004 2492 Hic
1030 2449 1143 2494 erat
1167 2440 1222 2494 in
1254 2443 1506 2509 principio
1528 2442 1667 2511 apud
1688 2441 1873 2496 Deum.
1897 2442 1972 2498 De
1990 2441 2197 2500 Joanne

634 2537 838 2595 autem,
870 2529 973 2585 Hic
1013 2532 1152 2586 venit
1183 2533 1252 2587 ad
1287 2534 1639 2587 testimonium
1661 2532 1729 2589 ⁸³.
1779 2532 1976 2604 Iniuria
2001 2537 2197 2605 quippe

634 2628 737 2683 est,
771 2628 827 2677 et
872 2636 1183 2691 praeponere
1225 2625 1556 2695 unigenitum
1597 2627 1768 2682 servis
1798 2629 1930 2682 suis.
1969 2619 2102 2681 Nam
2142 2639 2198 2683 et

634 2712 777 2779 quod
825 2712 1047 2779 dicitur,
1091 2715 1224 2769 nihil
1272 2717 1319 2771 ei
1373 2728 1717 2787 comparatur
1759 2729 1852 2773 aut
1910 2730 2193 2790 cquatur:

633 2816 742 2857 non
786 2813 871 2859 est
916 2821 1214 2876 magnum:
1269 2810 1366 2864 sed
1415 2810 1601 2879 egenis
1644 2810 1807 2865 etiam
1865 2826 2028 2880 parva
2072 2820 2198 2867 sunt

632 2909 848 2966 magna.
880 2895 995 2953 Non
1023 2908 1105 2954 est
1138 2900 1281 2956 enim
1313 2917 1453 2957 unus
1498 2917 1564 2957 ex
1606 2902 1880 2973 prophetis
1904 2901 2067 2969 ﬁlius,
2100 2905 2197 2959 sed

633 3001 731 3057 per
768 3004 929 3059 quem
963 3006 1150 3046 omnes
1179 2994 1457 3064 propheta:
1491 3012 1506 3049 :
1547 3009 1653 3050 non
1688 3010 1827 3050 unus
1853 3009 1920 3049 ex
1959 2995 2192 3065 regibus,

635 3088 729 3135 sed
760 3097 857 3152 per
892 3097 1051 3154 quem
1083 3100 1271 3141 omnes
1312 3101 1469 3157 reges
1509 3105 1525 3141 :
1572 3102 1675 3143 non
1713 3101 1850 3141 unus
1894 3100 1962 3142 ex
2011 3086 2194 3155 iustis,

2294 1896 2347 1949 in
2389 1896 2604 1949 mundo.
2635 1894 2702 1948 In
2729 1896 2927 1949 mando
2949 1933 2967 1959 ,
3011 1895 3223 1965 inquit,
3257 1905 3371 1949 erat
3402 1914 3424 1949 :
3453 1894 3739 1966 siquidem
3785 1898 3870 1951 ui-

2292 1987 2367 2041 hil
2393 2002 2621 2041 vacuum
2657 1987 2726 2042 ab
2755 1988 2873 2057 ipso
2897 1987 3061 2041 etiam
3100 1997 3228 2042 ante
3249 1989 3544 2042 adventum
3583 1987 3706 2055 eius
3730 1998 3870 2043 erat.

2293 2078 2427 2144 Quia
2462 2092 2568 2132 non
2591 2079 2734 2131 enim
2777 2090 2905 2131 cum
2954 2077 3235 2145 apparuit,
3276 2086 3407 2131 tunc
3445 2086 3502 2131 et
3530 2078 3684 2131 venit
3727 2095 3744 2130 :
3779 2079 3872 2133 sed

2292 2177 2410 2222 erat
2438 2168 2647 2229 latens,
2675 2165 2921 2237 apparuit
2958 2167 3050 2235 qui
3084 2176 3202 2221 erat
3225 2166 3422 2221 latens.
3461 2164 3579 2221 Non
3607 2177 3742 2221 sunt
3771 2168 3873 2223 ista

2293 2270 2449 2320 mea,
2486 2257 2580 2311 sed
2600 2256 2967 2326 evangelista.
3021 2256 3113 2310 Ait
3154 2256 3341 2323 enim,
3369 2253 3433 2309 In
3483 2257 3686 2310 mando
3737 2267 3869 2309 erat.

2296 2348 2402 2404 Sed
2426 2363 2613 2416 parum
2638 2348 2813 2403 visum
2834 2357 2917 2405 est
2941 2347 2992 2402 ei
3012 2348 3102 2417 qui
3136 2348 3308 2413 dixit,
3352 2347 3411 2402 ln
3455 2347 3665 2403 mundo
3694 2357 3820 2402 erat
3853 2364 3869 2401 :

2293 2457 2349 2502 et
2401 2446 2521 2501 ideo
2578 2444 2775 2514 repetit
2810 2456 3122 2498 sermonem
3174 2442 3470 2513 religiose,
3523 2453 3580 2497 et
3619 2442 3792 2506 dicit,
3822 2453 3869 2497 et

2293 2539 2521 2592 mandas
2548 2538 2835 2605 peripsttm
2865 2534 3038 2605 factas
3065 2547 3163 2589 est.
3218 2532 3284 2590 Ut
3334 2542 3515 2587 autem
3562 2547 3675 2586 non
3725 2540 3871 2588 esset

2295 2640 2663 2699 contemptus,
2697 2631 2790 2701 qui
2821 2631 2933 2696 ait,
2980 2628 3051 2685 in
3092 2630 3290 2683 mando
3314 2640 3459 2696 erat,
3512 2628 3653 2683 dixit
3697 2628 3866 2684 etiam

2295 2720 2421 2790 quia
2452 2730 2575 2777 ante
2597 2720 2853 2776 mundum
2879 2728 2999 2775 erat
3032 2738 3046 2775 :
3077 2728 3134 2787 et
3155 2722 3262 2782 ait,
3299 2720 3366 2774 Et
3391 2721 3622 2774 mundus
3655 2737 3754 2789 per
3790 2722 3869 2788 ip-

2294 2830 2409 2868 sum
2430 2813 2605 2883 factus
2629 2823 2726 2870 est.
2780 2811 2895 2867 Hoc
2932 2811 3204 2883 signiﬁcat
3237 2813 3380 2881 quod
3426 2821 3553 2867 ante
3606 2810 3867 2865 mundum

2294 2914 2431 2958 erat.
2462 2902 2530 2957 In
2560 2905 2755 2958 mando
2778 2943 2794 2969 ,
2824 2903 3037 2973 inquit,
3072 2912 3207 2959 erat.
3244 2901 3525 2969 Quomodo
3562 2901 3618 2954 in
3663 2900 3867 2955 mundo

2296 2994 2451 3049 erat?
2472 2992 2628 3060 Erat,
2658 2994 2756 3059 ait,
2792 2991 2968 3047 lumen
2995 3008 3194 3057 urunt,
3223 2990 3315 3061 qui
3357 2990 3625 3043 illuminat
3661 3005 3869 3042 omnem

2298 3088 2558 3141 hominem
2584 3087 2868 3141 uenientem
2894 3085 2951 3137 in
2972 3084 3110 3139 hanc
3128 3083 3405 3137 mandunt.
3441 3079 3513 3137 Ut
3552 3091 3739 3137 autem
3765 3097 3868 3135 non

637 3171 733 3226 sed
906 3145 1117 3243 iustitia
1155 3197 1166 3231 :
1204 3192 1312 3232 non
1352 3145 1491 3232 unus
1519 3193 1586 3233 ex
1616 3178 1812 3243 servis,
1862 3178 1957 3233 sed
1982 3145 2192 3233 Filius;
2222 3145 2265 3202 δ
2300 3177 2837 3241 diceret,venientem
2866 3174 3005 3245 (τι),
3028 3174 3105 3229 ita
3132 3174 3288 3245 quasi
3322 3188 3426 3227 non
3458 3173 3678 3227 essetin
3714 3188 3870 3226 mun-

635 3277 745 3318 non
768 3279 931 3319 unum
974 3279 1041 3321 ex
1079 3268 1364 3334 omnibus,
1401 3270 1497 3325 sed
1528 3286 1627 3341 per
1651 3284 1809 3340 quem
1838 3279 1963 3325 sunt
1986 3272 2195 3326 omnia:

635 3369 745 3411 non
771 3371 839 3411 ex
876 3358 958 3412 his
984 3360 1075 3427 qui
1109 3360 1369 3417 assistunt
1396 3370 1450 3417 et
1478 3362 1820 3428 ministrant,
1856 3364 1950 3419 sed
1990 3364 2079 3432 qui
2112 3379 2200 3419 se.

636 3446 726 3501 det
752 3448 818 3501 ad
844 3448 1119 3504 dexteram
1139 3450 1316 3507 Patris
1339 3470 1357 3506 :
1392 3468 1498 3507 non
1536 3468 1602 3508 ex
1626 3454 1709 3508 his
1731 3455 1821 3523 qui
1866 3454 2199 3525 iudicantur,

635 3538 732 3591 sed
776 3538 868 3607 qui
923 3540 1161 3611 suscepit
1204 3555 1364 3597 omne
1417 3544 1678 3613 judicium
1728 3546 2029 3617 iudicandi.
2081 3544 2198 3601 Non

634 3630 847 3697 quando
875 3630 1012 3700 apud
1056 3646 1174 3698 nos,
1204 3641 1329 3689 tunc
1352 3644 1404 3689 et
1436 3637 1575 3706 apud
1605 3636 1844 3692 Patrem.
1880 3636 2030 3693 Tunc
2056 3637 2198 3691 enim

635 3720 742 3776 hoc
783 3721 983 3776 dictum
1033 3722 1404 3779 intercidatur.
1454 3727 1534 3782 Ad
1566 3743 1665 3783 nos
1709 3730 1852 3783 enim
1880 3729 2198 3799 dispensans

633 3812 821 3867 venit:
855 3821 985 3867 tunc
1019 3816 1233 3882 quando
1265 3826 1327 3871 ut
1372 3820 1509 3883 ovis,
1544 3821 1759 3889 quando
1792 3830 1848 3875 ut
1873 3820 2057 3890 Agnus
2084 3821 2203 3879 Dei.’

634 3902 695 3958 In
734 3905 1006 3975 principio
1050 3915 1225 3961 autem
1263 3918 1377 3962 erat
1403 3909 1541 3964 Deus
1571 3912 1707 3980 apud
1736 3912 1898 3966 Deum
1929 3929 1944 3967 :
1978 3928 2099 3966 nam
2143 3921 2199 3967 et

635 4009 761 4050 cum
812 3998 953 4066 apud
1008 4014 1129 4064 nos,
1188 4000 1327 4054 Deus
1374 4001 1649 4056 nobiscum
1683 4002 2044 4059 Emmanuel:
2094 4019 2198 4059 non

2299 3266 2398 3330 do,
2421 3274 2474 3320 et
2510 3276 2726 3334 putares
2751 3264 2875 3331 quia
2901 3265 3052 3319 venit
3088 3264 3305 3333 quidem
3334 3263 3424 3333 qui
3476 3277 3580 3316 non
3629 3263 3821 3317 aderat
3851 3279 3866 3316 :

2299 3356 2420 3412 ideo
2451 3366 2630 3411 tutans
2653 3355 2768 3427 (75)
2791 3357 2949 3410 istam
2982 3355 3342 3423 suspicionem
3360 3353 3506 3407 addit
3525 3393 3540 3414 ,
3565 3352 3635 3406 In
3672 3354 3869 3408 manda

2297 3456 2431 3503 erat.
2456 3446 2521 3501 Et
2543 3461 2611 3501 ue
2634 3446 2831 3501 iterum
2870 3454 3089 3515 putares
3121 3444 3245 3514 quia
3283 3459 3405 3499 cum
3447 3444 3649 3498 mundo
3688 3443 3869 3500 factus

2297 3546 2415 3593 erat
2438 3576 2454 3603 ,
2484 3538 2681 3607 repetit
2708 3547 2762 3591 et
2789 3535 2951 3602 dicit,
2980 3534 3050 3589 Et
3080 3539 3308 3590 mandas
3345 3551 3439 3605 per
3474 3535 3651 3604 ipsum
3692 3535 3867 3603 factas

2298 3636 2395 3683 est.
2437 3628 2493 3682 Si
2520 3628 2687 3698 igitur
2715 3642 2811 3695 per
2856 3628 3032 3697 ipsum
3065 3626 3241 3683 factus
3297 3636 3381 3682 est
3419 3627 3692 3692 mundus,
3750 3636 3870 3683 erat

2298 3721 2484 3791 utique
2503 3720 2678 3776 Filius
2702 3730 2991 3789 antequam
3023 3718 3177 3774 ﬁeret
3204 3718 3434 3773 mundus
3468 3735 3483 3770 :
3510 3718 3637 3787 quia
3656 3719 3729 3773 ab
3756 3720 3871 3788 ipso

2299 3813 2471 3865 laetus
2490 3819 2573 3866 est
2594 3810 2841 3864 mundus.
2869 3808 3109 3879 Denique
3125 3808 3286 3862 etiam
3315 3808 3385 3863 ab
3405 3808 3522 3878 ipso
3540 3806 3679 3863 Filio
3706 3809 3867 3864 audi:

2303 3900 2382 3955 Da
2416 3902 2579 3971 mihi,
2612 3900 2822 3968 inquit,
2857 3897 3049 3962 Pater,
3076 3897 3296 3968 gloriam
3316 3938 3332 3963 ,
3356 3912 3511 3966 quam
3530 3896 3693 3950 habui
3725 3896 3869 3968 apud

2302 4006 2350 4047 te
2374 4003 2653 4062 antequam
2700 3995 2924 4045 mundus
2957 3989 3107 4059 ﬁeret
3135 3989 3202 4044 ".
3235 3987 3515 4056 Quomodo
3558 4004 3731 4061 ergo,
3791 3992 3871 4045 in-

636 4087 777 4143 alius
810 4089 948 4159 apud
987 4087 1228 4156 Patrem,
1262 4092 1398 4149 alius
1429 4102 1608 4147 autem
1638 4094 1919 4148 nobiscum
1961 4102 2017 4149 et
2068 4094 2194 4150 aliut

2303 4086 2456 4154 quit,
2483 4091 2602 4137 erat
2628 4083 2681 4136 in
2712 4081 2912 4135 mundo
2933 4078 2957 4133 τ
2982 4077 3039 4134 ln
3076 4080 3276 4135 mundo
3306 4086 3425 4134 erat
3445 4118 3462 4145 ,
3510 4090 3564 4134 et
3595 4084 3667 4134 ad
3705 4095 3866 4136 mun-

634 4188 753 4234 erat
778 4195 793 4234 :
823 4194 1047 4236 manens
1087 4182 1347 4251 siquidem
1391 4183 1444 4237 in
1496 4184 1667 4255 ﬁgura
1711 4183 1806 4240 Dei
1850 4186 2199 4251 constitutus,
2303 4177 2430 4232 dum
2470 4176 2638 4230 venit.
2669 4172 3129 4242 Quemadmodum
3157 4179 3337 4226 autem
3363 4172 3525 4226 etiam
3558 4172 3693 4225 illud
3726 4173 3869 4227 acci-

635 4269 797 4326 istam
824 4282 1063 4328 nostram
1107 4273 1331 4344 ﬁguram
1368 4275 1510 4329 servi
1564 4276 1771 4345 accepit
1804 4289 1821 4328 :
1873 4289 1977 4330 nou
2020 4276 2087 4330 ab
2112 4274 2201 4330 illa
2300 4266 2388 4337 Dis
2424 4265 2628 4321 dicunt!
2661 4283 2676 4320 ε
2714 4263 2965 4319 Domini“
2991 4264 3223 4333 τιθηαυὶι
3252 4261 3474 4315 ⁶⁶Πῖει
3500 4262 3648 4317 enim
3678 4272 3763 4317 εει
3788 4262 3868 4318 in-

633 4361 892 4415 recedens
924 4362 1081 4415 istam
1113 4363 1399 4418 honoravit
1429 4378 1444 4416 :
1488 4378 1594 4418 non
1628 4367 1696 4419 ab
1728 4362 1815 4417 illa
1855 4362 2071 4429 exiens,
2102 4378 2202 4419 nos
2304 4358 2563 4427 deﬁciens
2592 4373 2608 4411 :
2638 4371 2744 4411 non
2772 4371 2915 4411 nunc
2938 4355 3153 4426 quidem
3193 4370 3287 4409 rex
3310 4392 3328 4419 ,
3368 4353 3660 4423 aliquando
3687 4362 3864 4409 autent

635 4450 863 4506 salvavit
898 4470 912 4506 :
946 4468 1050 4507 non
1089 4454 1303 4523 reliquit
1335 4464 1606 4523 pastorem
1628 4497 1645 4523 ,
1692 4464 1747 4510 et
1776 4456 1984 4524 accepit
2020 4470 2195 4510 ovem.
2230 4475 2276 4532 ι)
2305 4464 2409 4503 non
2433 4488 2448 4514 ι
2482 4463 2579 4503 nec
2611 4454 2792 4517 Ροεῑεε
2834 4461 2961 4503 non.
2989 4443 3453 4532 Ωυεηιθάωοάυω
3489 4458 3634 4532 Ertio
3664 4445 3864 4500 dictum

633 4538 1094 4607 Quemadmodum
1126 4544 1266 4597 enim
1295 4544 1387 4613 qui
1416 4558 1522 4599 non
1555 4554 1734 4599 manet
1761 4544 1902 4614 quod
1936 4554 2078 4609 erat,
2110 4558 2199 4611 po-
2233 4530 2257 4532 ”
2302 4546 2385 4593 est
2406 4577 2423 4603 ,
2446 4536 2698 4591 Dominus
2722 4536 2952 4606 regnavit
2973 4574 2989 4599 ,
3020 4541 3180 4603 prout
3203 4531 3405 4587 diceret
3429 4570 3446 4596 ,
3486 4530 3750 4588 Homines
3778 4546 3864 4588 re-

635 4639 777 4686 terat
801 4634 1046 4701 accipere
1072 4635 1213 4703 quod
1245 4635 1480 4706 accepit?
1514 4634 1628 4692 Non
1658 4645 1776 4690 erat
1803 4634 2052 4705 possibile
2088 4635 2201 4690 sal-
2300 4628 2450 4700 gnati
2487 4636 2613 4683 sunt
2633 4668 2649 4693 ,
2688 4635 2780 4686 aut
2809 4632 3192 4695 regnaverunt.
3221 4621 3336 4678 Non
3361 4622 3504 4679 enim
3544 4623 3635 4677 ille
3657 4623 3865 4695 accepit

632 4736 762 4778 vare
788 4723 1031 4780 homines
1050 4725 1316 4794 homines,
1349 4728 1473 4797 quia
1505 4728 1748 4784 homines
1776 4728 2114 4797 subiacemus
2141 4735 2197 4781 et
2297 4719 2438 4791 quod
2462 4734 2565 4775 non
2591 4719 2826 4774 habebat
2851 4734 2868 4773 :
2896 4716 2990 4773 sed
3021 4729 3121 4771 nos
3151 4714 3296 4786 digni
3322 4714 3517 4769 iterum
3548 4712 3860 4781 iudicamur

632 4815 865 4884 propriis
907 4817 1143 4887 peccatis
1188 4826 1244 4873 et
1292 4817 1443 4875 clade
1468 4819 1618 4891 (73):
1657 4820 1873 4875 tenebat
1906 4832 2038 4875 sane
2080 4832 2197 4873 ma-
2297 4827 2363 4868 eo
2388 4827 2419 4866 a
2457 4827 2563 4882 quo
2587 4811 2909 4867 excidimus.
2951 4804 3060 4863 Nos
3083 4806 3264 4876 itaque
3308 4821 3637 4878 regnamur,
3670 4815 3725 4861 et
3763 4807 3862 4863 iste

587 4889 597 4903 ’
634 4902 886 4960 ledictum
919 4920 1065 4963 mors
1096 4916 1151 4961 et
1171 4889 1497 4977 corruptela,
1533 4889 1672 4964 etut
1708 4918 1969 4980 tyrannus
2001 4920 2195 4977 regna-
2294 4914 2507 4973 regnat.
2562 4901 2678 4958 Non
2731 4916 2873 4957 nunc
2924 4913 3209 4954 assumens
3263 4898 3551 4969 imperium
3581 4916 3597 4953 :
3628 4898 3724 4953 sed
3763 4910 3860 4953 nos

631 4995 725 5051 bat
748 4997 992 5055 diabolus
1023 5009 1075 5055 et
1100 5000 1505 5057 bacchabantur
1534 5004 1823 5058 daemones.
1850 4998 2196 5057 Consuetudo
2297 4996 2591 5053 liberamur
2619 5010 2649 5049 a
2686 4991 2989 5065 tyrannide.
3023 4988 3091 5044 In
3113 4993 3310 5044 mundo
3330 5032 3345 5058 ,
3382 4992 3558 5059 inquit
3580 5031 3596 5055 ,
3638 5001 3776 5047 erat.
3800 4989 3855 5046 Si

634 5097 810 5145 autem
844 5092 1013 5161 magis
1042 5103 1225 5146 nostra
1264 5094 1476 5148 vincula
1510 5094 1929 5165 constringebat.
1957 5092 2195 5147 Baccba-
2297 5088 2352 5142 in
2389 5087 2587 5143 mundo
2606 5095 2722 5140 erat
2744 5125 2759 5149 ,
2790 5082 3066 5155 quomodo
3104 5082 3249 5137 venit
3274 5081 3325 5135 in
3351 5082 3591 5137 mundo?
3619 5082 3858 5151 Apparet

634 5181 795 5237 batur
813 5184 954 5237 enim
982 5186 1034 5239 in
1063 5186 1476 5244 nobisetlibido
1499 5198 1554 5244 et
1579 5188 1791 5245 tenebat
1814 5188 2200 5259 concupiscen-
2300 5181 2355 5237 in
2386 5182 2605 5237 mundo.
2637 5178 2779 5247 Quid
2826 5190 2956 5247 ergo
2997 5191 3103 5232 non
3151 5175 3303 5231 vadit
3347 5190 3413 5231 ex
3454 5176 3698 5232 mundo?
3722 5177 3856 5232 Dicit

742 5363 787 5395 "’
811 5362 968 5420 Joan.
1002 5382 1041 5431 ι,
1070 5366 1125 5423 8.
1197 5366 1246 5401 ⁸⁸
1273 5366 1404 5423 ibid.
1479 5370 1525 5402 ³⁹
1564 5367 1718 5424 Joan.
1772 5383 1917 5434 xvu,
1970 5370 2021 5425 1.
2099 5366 2143 5399 ⁸⁸
2175 5364 2321 5422 Psal.
2369 5378 2513 5430 xcu,
2571 5376 2731 5429 xcvn,
2779 5374 2964 5415 xcvm.

851 5517 1031 5596 glade.
1057 5519 1218 5596 Forte
1249 5520 1406 5596 cladi.
1447 5591 1490 5596 _
1670 5594 1677 5596 _
1810 5593 1823 5596 _
1861 5594 1870 5596 _
2024 5592 2062 5596 _
2295 5520 2602 5596 _tendit_tunm
2634 5515 2909 5596 enarratio
2930 5529 3047 5596 qua:
3064 5513 3325 5596 sequitur,
3356 5522 3466 5568 tum
3495 5513 3630 5568 alius
3664 5524 3844 5596 postea

715 5584 830 5654 (74)
851 5584 1145 5642 Venientem
1173 5592 1228 5643 in
1256 5592 1415 5648 hunc.
1447 5591 1773 5647 Vcrtendum
1802 5593 1897 5646 fuit
1930 5607 1994 5647 ex
2024 5592 2188 5647 Euse-
2295 5589 2444 5643 locus
2480 5590 2617 5641 infra
2647 5588 2735 5641 ubi
2770 5588 2962 5655 legitur
2986 5584 3115 5639 Erat
3143 5587 3315 5639 lumen
3344 5600 3520 5638 verum
3564 5584 3768 5639 ueniens
3795 5589 3841 5637 iu

646 5655 719 5733 bii
744 5658 957 5722 quidem
992 5670 1169 5733 tuente
1210 5662 1416 5733 ueniens
1447 5678 1479 5733 ,ε
1526 5678 1647 5716 nam
1689 5664 1980 5733 ἐρχόμενον
2004 5664 2186 5717 retulit
2294 5659 2729 5733 hunfurmiudum,
2758 5668 2862 5733 etc.

649 5725 716 5777 ad
748 5740 931 5781 vocem
970 5726 1104 5795 φῶς,
1139 5745 1244 5785 non
1276 5731 1338 5785 ad
1372 5730 1655 5803 ἄνθρωπον
1686 5722 1889 5803 {quod
1926 5735 2058 5789 satis
2096 5749 2187 5789 os-
2368 5729 2479 5798 (75)
2512 5728 2733 5782 Talaus.
2779 5722 3252 5796 'As'aalttdusvoc.
3273 5727 3617 5794 propulsans,
3641 5737 3843 5778 art‘cu.
