4000 6476
192 459 326 515 ωδε

1071 446 1160 506 DE
1196 447 1356 507 FIDE
1392 448 1768 508 ADVERSUS
1806 446 2333 509 SABELLIUI..—
2368 447 2499 505 LIB.
2538 448 2592 505 ι.

3342 448 3484 508 1061

206 578 345 633 cuius
372 595 389 631 ι
421 578 591 630 Aditus
610 569 849 627 modice
878 570 1057 627 tamen
1082 574 1346 629 uobiscum
1374 583 1474 629 est.
1524 572 1673 628 Vada
1708 574 1780 628 ad
1808 579 1859 639 Α
1886 575 1961 630 ris
1998 572 2263 643 Spiritum
2285 572 2577 628 seuientem
2603 610 2621 637 ,
2645 570 2730 625 Itie
2752 578 2829 626 est
2860 568 3027 628 "iSi
3062 568 3229 642 igitur
3248 584 3487 642 evange-

198 682 318 724 etult
343 667 434 738 qui
463 681 541 720 me
563 657 705 718 misit
728 678 749 717 :
780 664 1037 734 qureretis
1068 682 1171 728 me.
1197 676 1248 719 et
1260 672 1391 719 mon
1416 667 1687 720 invenietis
1712 666 1781 720 “.

202 757 360 814 Nunc
384 759 531 812 vadit
552 795 570 822 ,
598 763 655 811 et
677 755 948 827 relinquit
986 757 1267 812 mundum.
1297 756 1405 811 Sed
1443 757 1639 811 iterum
1670 757 1787 825 ipse

192 849 340 906 dicit
374 868 389 905 :
426 847 563 903 Ecce
584 863 678 918 ego
715 849 984 903 uobiscum
1015 864 1131 902 sum
1166 864 1328 917 usque
1352 848 1422 902 ad
1447 864 1784 903 consumma-

192 945 400 998 tionem
424 940 608 996 secuti
638 940 707 993 ".
729 940 935 996 Aderat
961 956 1093 1011 ergo
1114 983 1131 1009 ,
1159 949 1216 997 et
1238 948 1527 1009 antequam
1561 939 1789 994 adveni-

182 1047 328 1105 ret,
364 1039 519 1093 adest
544 1037 709 1092 etiam
750 1045 1038 1107 postquam
1085 1038 1351 1105 perrexit.
1396 1037 1613 1091 Intuere
1652 1049 1786 1104 ergo

186 1128 671 1199 quemadmodum
712 1129 763 1183 in
791 1131 996 1185 mundo
1016 1139 1136 1184 erat
1160 1127 1528 1185 invisibiliter.
1566 1127 1699 1182 Nam
1732 1129 1785 1183 id

175 1219 525 1276 videntibus
560 1218 849 1288 apostolis,
874 1227 929 1275 et
949 1219 1229 1274 nobiscum
1259 1230 1343 1274 est
1369 1233 1539 1288 usque
1570 1219 1636 1273 ad
1655 1234 1787 1273 con-

175 1312 630 1368 summationem
657 1312 842 1367 saeculi
873 1328 888 1367 :
914 1310 1442 1381 incorporalisenim
1474 1320 1669 1365 natura
1702 1310 1786 1365 lo-

172 1405 277 1463 cis
312 1421 423 1461 non
448 1404 943 1461 circumscribitur.
973 1403 1080 1459 Sed
1106 1412 1460 1474 posteaquam
1490 1403 1784 1473 assumpsit

172 1511 438 1567 corpus,
488 1512 598 1553 non
649 1504 709 1551 ut
751 1495 1125 1552 recluderetur
1177 1496 1474 1565 assumpsit
1518 1514 1533 1550 :
1572 1495 1787 1550 salvare

168 1588 352 1643 enim
386 1589 569 1651 venit,
596 1594 655 1642 et
678 1601 785 1641 non
816 1586 995 1640 minus
1038 1586 1282 1640 exaltare
1304 1624 1321 1649 ,
1359 1594 1414 1638 et
1464 1598 1571 1638 non
1604 1584 1787 1638 humi-

169 1677 345 1734 liare
365 1677 501 1746 '(uou
528 1676 657 1747 quia
688 1690 794 1731 non
824 1689 883 1729 se
940 1675 1246 1729 humiliavit
1277 1689 1295 1729 :
1328 1672 1606 1728 humiliari
1640 1672 1787 1728 enim

167 1767 352 1833 dico,
380 1766 629 1822 decidere
665 1780 787 1819 eum
820 1780 850 1819 a
876 1780 970 1820 sua
999 1765 1310 1833 dignitate),
1338 1765 1432 1817 sed
1454 1762 1635 1829 potius
1663 1761 1784 1817 abs-

171 1859 446 1915 condere
497 1872 655 1911 suam
689 1856 1029 1933 dignitatem.
1069 1853 1124 1907 Si
1151 1855 1297 1910 enim
1337 1854 1453 1923 ipse
1491 1852 1694 1908 decidit
1718 1853 1789 1907 ab

1891 668 2014 723 lista
2039 667 2201 735 dicit,
2236 663 2370 721 Erat
2390 681 2412 731 ,°
2436 663 2680 735 Baptista
2721 672 2904 720 autem
2926 664 3101 729 dicit,
3130 662 3238 719 Hie
3270 674 3347 721 est
3377 680 3397 719 :
3429 676 3489 723 et

1893 761 2130 831 Spiritus
2179 767 2415 815 testatur
2446 758 2575 830 quia
2613 758 2730 825 ipse
2783 764 2909 824 est;
2937 765 2994 813 et
3043 755 3209 813 Pater
3254 758 3487 815 demon-

1892 866 2079 910 strans
2110 851 2272 915 dicit,
2312 850 2418 905 Hie
2445 860 2643 916 est;et
2671 848 2844 905 Filius
2883 848 3046 915 dicit,
3087 849 3203 921 Ego
3235 867 3394 918 sum;
3421 861 3480 907 et

1892 943 2169 1001 daemones
2194 942 2389 998 dicunt
2413 981 2431 1009 ,
2459 940 2539 997 Tu
2563 959 2618 997 es
2648 955 2668 994 :
2700 956 2823 1012 qua
2853 944 3167 1012 procacitas
3197 943 3297 999 ista
3319 953 3406 1000 est
3429 952 3491 1001 ut

1892 1051 2000 1092 non
2034 1035 2265 1091 credat?
2285 1036 2396 1092 Aut
2423 1034 2571 1089 enim
2596 1034 2743 1089 Patri
2776 1035 2971 1101 crede,
3005 1044 3101 1089 aut
3124 1034 3265 1091 Filio
3286 1039 3448 1095 obedi
3467 1077 3487 1106 ,

1892 1138 1987 1182 aut
2013 1126 2278 1197 Spiritum
2305 1128 2587 1193 censenti,
2614 1136 2709 1181 aut
2740 1141 2865 1182 cum
2890 1128 3172 1199 prophetis
3187 1131 3487 1198 concorda,

1893 1227 1988 1274 aut
2017 1234 2140 1275 cum
2159 1218 2469 1291 legislature
2495 1218 2791 1285 conﬁtere,
2822 1229 2919 1275 aut
2944 1230 3095 1276 certe
3127 1236 3252 1276 cum
3284 1222 3491 1281 demo.

1896 1313 2059 1367 nibus
2083 1311 2191 1367 noli
2227 1324 2450 1382 negare.
2482 1308 2566 1366 Illi
2607 1311 2755 1367 enim
2780 1310 2970 1367 dicunt
3000 1330 3015 1366 :
3046 1309 3260 1367 Scimus
3299 1323 3349 1369 te
3396 1314 3491 1384 qui

1892 1405 1967 1460 sis
2000 1404 2076 1470 ⁸⁸,
2109 1412 2167 1461 et
2212 1419 2319 1459 non
2370 1410 2589 1460 cessant
2643 1402 2992 1459 conﬁtentes.
3033 1402 3488 1476 Quotiescunque

1894 1496 2039 1552 enim
2070 1494 2444 1552 nominaveris
2473 1495 2816 1557 damonibus
2867 1495 3064 1552 Filium
3114 1486 3211 1553 Dei
3268 1496 3487 1556 amsum

1893 1588 2089 1653 cruci,
2152 1594 2451 1643 trementes
2504 1588 2688 1643 statim
2736 1601 2872 1643 voce
2906 1587 3083 1657 prima
3129 1589 3488 1646 conﬁtentur.

1892 1678 1991 1735 Est
2019 1678 2166 1734 enim
2196 1677 2366 1735 Filius
2393 1721 2409 1744 ,
2436 1686 2491 1735 et
2523 1688 2745 1746 manet,
2771 1687 2828 1735 et
2851 1694 3080 1750 regnum
3105 1681 3223 1749 ejus
3257 1696 3364 1736 non
3387 1682 3492 1737 ha-

1893 1770 1987 1826 bet
2012 1768 2196 1825 ﬁnem.
2226 1768 2336 1826 Sed
2371 1769 2537 1825 ﬁnem
2562 1770 2763 1825 habeat
2782 1784 2847 1826 os
2874 1769 3021 1825 illius
3041 1771 3138 1840 ‘qui
3164 1771 3335 1840 dixit,
3358 1770 3490 1841 quia

1895 1864 2050 1934 regni
2075 1863 2195 1936 ejus
2222 1871 2307 1920 est
2343 1862 2486 1918 ﬁnis.
2514 1859 2677 1917 Pater
2697 1861 2843 1919 enim
2882 1862 2975 1933 qui
3006 1863 3193 1933 genuit
3225 1879 3336 1919 non
3363 1876 3487 1934 pm-

169 1962 260 2005 eo
304 1948 452 2018 quod
483 1956 604 2002 erat
639 1947 780 2002 Deus
804 1986 820 2011 .
879 1962 979 2001 n08
1020 1961 1127 2000 που
1174 1946 1361 2015 utique
1400 1945 1678 1998 NVOCJVil
1714 1943 1780 1999 Id
1813 1935 1859 1991 Β
1887 1935 2185 2011 uiteturde
2214 1955 2355 2012 bona
2384 1953 2663 2027 progenie,
2690 1967 2798 2009 non
2833 1954 3057 2010 devorat
3080 1970 3239 2010 suum
3266 1953 3488 2012 Filium.

168 2052 325 2095 eam
353 2054 419 2093 ex
448 2054 552 2109 qua
576 2039 895 2094 cecidimus.
924 2036 1150 2092 Salvare
1193 2036 1359 2106 igitur
1408 2036 1557 2090 venit
1603 2034 1786 2091 Domi-

169 2144 310 2185 nus
336 2168 356 2196 ,
383 2144 491 2184 non
522 2140 704 2184 tamen
740 2129 990 2183 amittere
1020 2130 1165 2196 quod
1186 2126 1442 2181 habebat.
1468 2124 1623 2181 Fecit
1647 2125 1785 2182 bene

173 2222 325 2294 ipse
362 2236 589 2278 manens
610 2222 688 2277 in
718 2235 826 2291 quo
846 2230 958 2275 erat
999 2218 1140 2290 (76),
1174 2232 1281 2273 non
1312 2228 1504 2273 natura
1527 2218 1786 2274 excideris

175 2328 300 2371 sua
321 2353 342 2380 ,
365 2312 463 2369 sed
486 2311 867 2368 misericordia
895 2313 1068 2365 utitur
1098 2307 1300 2364 Patris.
1339 2307 1478 2375 Quid
1504 2323 1636 2378 ergo
1658 2322 1787 2377 pro-

178 2404 444 2477 positum
480 2413 604 2459 erat
624 2405 783 2460 nobis
814 2404 999 2460 dicere
1020 2444 1036 2468 ,
1060 2403 1203 2473 quod
1233 2402 1406 2459 solum
1443 2404 1492 2457 ei
1530 2400 1789 2456 convenit

179 2495 562 2553 diciisolum
600 2508 781 2551 autem
831 2494 1089 2551 convenit
1134 2494 1285 2560 dici,
1318 2492 1446 2563 quia
1494 2500 1580 2547 est
1627 2491 1790 2548 Pater

181 2604 367 2656 vero,
390 2602 478 2645 est
522 2598 581 2647 et
634 2589 803 2645 Filius
829 2604 991 2653 vere,
1023 2596 1108 2643 est
1143 2598 1198 2643 et
1243 2585 1485 2657 Spiritus
1542 2595 1785 2641 sanctus.

184 2680 326 2739 Non
349 2681 509 2739 otiosi
540 2695 822 2737 sermones
845 2721 859 2744 .
890 2695 999 2736 non
1019 2694 1194 2735 vacua
1216 2678 1388 2735 verba
1412 2718 1430 2744 ,
1456 2678 1553 2734 sed
1598 2687 1789 2733 natura

190 2789 357 2831 vera.
382 2772 545 2830 Pater
567 2789 672 2828 non
705 2782 869 2829 natus
894 2813 910 2840 ,
937 2782 993 2828 et
1017 2773 1168 2828 solus
1199 2787 1305 2826 non
1358 2780 1519 2827 natus
1552 2786 1567 2825 :
1596 2780 1651 2825 et
1697 2755 1793 2824 Fii-

196 2863 325 2920 lius
354 2863 707 2933 unigenitus,
761 2870 818 2917 et
864 2861 1011 2917 solus
1039 2861 1353 2933 unigenitus
1391 2871 1476 2917 est
1509 2878 1526 2914 :
1554 2858 1793 2931 Spiritus

195 2964 431 3014 unctus
471 2957 563 3027 qui
611 2971 642 3010 a
690 2954 832 3011 Filio
888 2955 1186 3011 secundum
1231 2952 1413 3009 Patris
1456 2954 1791 3009 voluntatem

196 3049 586 3110 nittitur.Yis
630 3057 811 3106 autem
860 3048 1078 3104 edoceri
1105 3047 1232 3118 quia
1276 3048 1395 3102 hzec
1425 3060 1555 3101 vere
1603 3046 1794 3100 dicun-

1883 2047 2195 2105 lnvldemus
2220 2045 2437 2102 tabulas
2455 2047 2720 2117 gentium,
2737 2052 2794 2102 et
2807 2046 3006 2100 iterum
3023 2046 3245 2101 easdem
3268 2046 3492 2103 induci-

1885 2152 2009 2194 mus
2041 2154 2059 2193 :
2094 2151 2203 2193 non
2232 2138 2471 2205 nos,sed
2493 2136 2586 2207 qui
2616 2150 2784 2192 ausus
2802 2144 2889 2191 est
2915 2134 3136 2193 Galata.
3172 2136 3316 2193 Deus
3341 2138 3490 2192 enim

1885 2243 1996 2284 non
2015 2242 2205 2285 vocem
2228 2227 2419 2300 genuit
2444 2225 2539 2283 sed
2559 2224 2781 2291 Filium,
2804 2240 2911 2282 non
2935 2240 3244 2283 sermonem
3278 2226 3375 2283 sed
3408 2227 3493 2283 vi-

1888 2327 2147 2386 tam,nou
2163 2317 2479 2375 dictumsed
2510 2316 2702 2373 Deum.
2728 2317 2883 2387 Apud
2917 2316 3086 2374 Deum
3114 2320 3285 2382 enim,
3304 2332 3412 2374 non
3432 2317 3491 2375 in

1886 2424 1985 2467 ore
2042 2409 2139 2465 Dei
2166 2428 2182 2465 :
2242 2411 2311 2466 ad
2336 2408 2616 2467 dexteram
2646 2408 2771 2475 Dei,
2802 2425 2909 2467 non
2940 2419 3118 2468 tamen
3149 2414 3241 2484 qui
3272 2413 3326 2467 in
3353 2426 3492 2471 voce

1888 2512 1996 2558 est.
2031 2486 2282 2558 Iudicem
2316 2513 2441 2558 eum
2463 2501 2557 2572 qui
2580 2500 2855 2567 viviﬁcst,
2892 2492 3085 2559 verum
3136 2504 3360 2572 lumen,
3387 2505 3489 2575 ju-

1888 2595 2053 2651 stiti:
2079 2592 2284 2651 solem.
2312 2591 2521 2649 Lumen
2554 2600 2739 2648 autem
2769 2607 2879 2653 non
2913 2594 3045 2662 tale,
3072 2596 3234 2666 quale
3261 2606 3318 2655 et
3344 2597 3489 2668 apud

1889 2700 1991 2742 nos
2018 2704 2035 2741 :
2070 2684 2208 2740 nihil
2242 2683 2579 2754 accipiamus
2606 2682 2825 2740 vlsibile
2854 2684 2924 2739 ad
2967 2686 3363 2742 esbibltionem
3395 2688 3487 2744 in-

1890 2776 2149 2835 visibilis.
2174 2773 2294 2833 Non
2318 2775 2458 2833 mibi
2481 2775 2645 2834 isthic
2676 2775 2853 2832 fontes
2869 2776 3110 2834 adducas
3134 2778 3189 2837 in
3206 2779 3444 2836 medium
3467 2800 3491 2837 ε

1893 2884 1999 2925 non
2026 2869 2196 2926 solem
2229 2877 2288 2927 et
2305 2867 2428 2939 ejus
2452 2869 2658 2927 lumen.
2695 2868 2828 2937 Qua
2858 2870 3003 2927 enim
3038 2885 3138 2941 per
3158 2930 3161 2931 ν
3182 2871 3382 2929 Filium
3406 2874 3491 2929 fa-

1893 2972 1977 3018 cta
2014 2972 2173 3029 sunt,
2206 2977 2315 3020 non
2340 2974 2734 3033 comparantur
2756 2965 2916 3021 Filio.
2948 2965 3062 3021 [loc
3089 2966 3238 3021 enim
3289 2968 3481 3026 lumen

1893 3068 2002 3109 non
2023 3062 2107 3109 est
2126 3053 2290 3120 solis,
2313 3056 2411 3111 sed
2444 3053 2736 3111 efﬁcientia
2787 3057 2921 3113 solis
2951 3074 2966 3111 :
2998 3056 3103 3113 hoc
3157 3056 3346 3114 lumen
3375 3073 3488 3115 non

208 3155 306 3200 tur
326 3144 490 3215 (77)?
526 3142 691 3200 Venit
715 3142 975 3198 Dominus
1012 3141 1080 3197 ad
1097 3140 1421 3211 baptismum
1447 3138 1673 3195 Joannis
1691 3179 1708 3205 ,
1738 3146 1796 3194 et
1894 3145 2064 3201 habet
2085 3148 2252 3200 vitam
2281 3188 2300 3213 ,
2322 3145 2497 3202 Filius
2525 3155 2707 3203 autem
2735 3148 2845 3203 vita
2870 3156 3004 3209 est:
3030 3148 3134 3206 hoc
3157 3148 3341 3206 lumen
3376 3162 3488 3206 non

200 3236 416 3292 videbis
440 3236 531 3305 qui
562 3233 757 3305 estqui
787 3234 955 3299 dicit,
1000 3232 1103 3287 Hic
1134 3242 1212 3287 est
1248 3230 1425 3286 Filius
1475 3248 1627 3286 meus
1650 3230 1793 3285 dile-

202 3330 469 3389 ctissimus
488 3368 504 3394 ,
528 3328 584 3381 in
610 3341 713 3394 quo
749 3325 880 3379 mihi
917 3325 1040 3378 bene
1066 3322 1359 3394 complaeui
1392 3323 1461 3378 ”.
1494 3322 1631 3390 Quis
1654 3322 1793 3378 dicit

204 3419 365 3479 hac?
394 3419 582 3489 utique
608 3416 772 3472 Pater
792 3416 857 3473 de
885 3415 996 3471 Deo
1016 3456 1032 3479 ,
1065 3416 1158 3484 qui
1186 3399 1472 3469 videbatur
1512 3422 1571 3467 ut
1601 3413 1789 3468 homo.

208 3512 319 3584 Qui
344 3511 479 3569 dicit
531 3525 705 3581 ergo,
765 3507 931 3563 Pater
978 3516 1063 3582 est
1101 3526 1115 3562 :
1147 3508 1213 3561 de
1257 3520 1367 3575 quo
1414 3505 1789 3560 testimonium

205 3614 358 3672 erat,
386 3603 557 3661 Filius
610 3612 696 3661 est
726 3620 740 3657 :
768 3600 1009 3673 Spiritus
1065 3600 1119 3654 in
1167 3600 1348 3669 specie
1395 3597 1681 3653 columba.
1723 3598 1792 3654 Et

206 3699 303 3773 qui
335 3708 396 3754 ut
422 3699 581 3752 homo
616 3699 942 3766 apparebat,
969 3704 1025 3750 et
1045 3693 1138 3764 qui
1186 3693 1239 3746 in
1294 3692 1516 3747 homine
1559 3691 1779 3747 habita-

205 3794 304 3851 bat
324 3833 341 3857 ,
369 3799 427 3847 et
450 3791 543 3861 qui
566 3790 618 3845 in
649 3802 882 3861 corpore
909 3795 1029 3844 erat
1048 3827 1062 3851 ,
1090 3785 1397 3842 testabatur
1425 3795 1480 3841 et
1520 3786 1740 3841 dicebat
1768 3804 1782 3841 :

208 3884 435 3956 Expedit
467 3884 605 3941 nobis
634 3891 690 3937 stt
720 3898 815 3953 ego
854 3881 1067 3936 eadem.
1126 3876 1190 3934 Si
1222 3880 1395 3943 enim,
1444 3876 1661 3948 inquit,
1694 3892 1789 3948 ego

210 3997 318 4038 uel
340 3980 452 4035 iero
475 4018 493 4044 ,
518 3977 749 4048 Spiritus
766 3990 870 4030 non
899 3976 1063 4029 veniet
1092 3987 1112 4027 :
1135 3988 1255 4026 cum
1293 3987 1387 4043 ego
1414 3971 1527 4025 iero
1543 4010 1560 4037 ,
1591 3971 1786 4040 rogabo

212 4071 426 4131 Patrem
452 4086 625 4126 meum
652 4069 719 4123 “.
753 4065 872 4123 Non
924 4076 1105 4123 tamen
1138 4080 1227 4122 me
1262 4073 1318 4120 et
1359 4064 1527 4120 alium
1558 4068 1791 4119 advoca-

209 4173 326 4222 tum
358 4164 537 4220 mittet
552 4164 715 4219 Pater
741 4161 812 4215 ad
844 4175 965 4217 vos.
1000 4159 1105 4227 Qui
1129 4159 1309 4227 vadit,
1333 4167 1390 4215 et
1416 4159 1513 4229 qui
1537 4167 1784 4232 rogatur,

205 4265 265 4314 et
294 4258 386 4328 qui
420 4256 691 4321 mittitur,
745 4269 852 4310 non
907 4253 981 4310 dii
1015 4253 1289 4311 dicuntur.
1324 4252 1477 4308 Unus
1517 4252 1669 4307 enim
1703 4258 1789 4307 est

207 4347 352 4404 Deus
385 4363 415 4402 a
443 4363 552 4418 quo
579 4356 707 4403 sunt
758 4347 938 4401 omnia
962 4385 979 4411 ,
1028 4356 1084 4402 et
1137 4360 1281 4401 unita
1329 4344 1591 4400 Dominus
1628 4342 1787 4400 Iesus

206 4456 308 4513 per
334 4455 494 4512 quem
527 4448 656 4496 sunt
682 4429 887 4495 omnia.
919 4438 1027 4501 Sed
1058 4452 1195 4493 unus
1218 4437 1360 4493 Deus
1378 4452 1483 4492 non
1522 4446 1704 4503 natus,
1733 4444 1789 4495 et

208 4550 350 4590 unus
380 4533 696 4603 unigenitus
724 4532 985 4587 Dominus
1007 4541 1168 4587 natus
1196 4546 1228 4586 a
1255 4530 1364 4585 Deo
1399 4538 1504 4586 est.
1533 4528 1591 4585 Si
1638 4531 1785 4586 enim

1897 3237 2074 3308 aperit
2133 3237 2321 3294 oculos
2352 3252 2662 3303 caecorum,
2717 3239 2815 3296 sed
2851 3238 2939 3297 his
2984 3241 3078 3309 qui
3133 3241 3314 3297 creati
3360 3250 3492 3300 sunt

1900 3326 2107 3401 praebet
2142 3330 2349 3387 videre.
2380 3328 2487 3386 Sed
2523 3343 2593 3386 ne
2619 3330 2839 3401 quidem
2866 3332 2975 3389 hoc
3004 3348 3034 3388 a
3056 3346 3118 3390 se
3140 3374 3158 3401 ,
3188 3335 3285 3391 sed
3324 3337 3394 3392 ab
3421 3349 3490 3392 eo

1898 3424 1990 3493 qui
2020 3423 2279 3483 indulsit.
2304 3422 2419 3481 Hoc
2450 3423 2630 3480 lumen
2659 3425 2715 3481 in
2750 3425 2989 3489 tenebris
3040 3442 3151 3483 non
3187 3426 3332 3485 lucet
3364 3442 3381 3483 :
3408 3437 3496 3485 te—

1900 3515 2083 3571 nebrae
2107 3513 2255 3570 enim
2302 3530 2427 3571 eum
2481 3530 2586 3571 non
2615 3516 3111 3587 comprehendunt.
3150 3517 3230 3575 De
3263 3518 3358 3575 illo
3384 3533 3455 3576 au

1898 3617 2008 3663 tem
2038 3607 2242 3663 lumine
2267 3608 2469 3663 dictum
2501 3615 2586 3663 est
2614 3628 2627 3664 :
2662 3606 2863 3665 Lumen
2885 3610 2941 3664 in
2967 3610 3191 3672 tenebris
3212 3609 3381 3681 lueet,
3409 3620 3491 3668 te-

1896 3696 2071 3751 nebrae
2097 3710 2217 3749 eum
2246 3710 2353 3749 non
2379 3694 2882 3764 comprehenderunt
2904 3693 2973 3749 ".
3007 3693 3125 3751 Hoc
3166 3695 3347 3752 lumen
3376 3711 3487 3753 non

1894 3789 2105 3860 pascit,
2133 3801 2242 3844 non
2273 3787 2538 3843 transfert
2562 3801 2759 3858 aquam
2786 3788 2856 3843 ad
2887 3787 3077 3843 vinum
3111 3806 3126 3844 :
3151 3787 3257 3845 hoc
3302 3787 3489 3846 lumen

1894 3897 2004 3937 non
2033 3880 2265 3938 suscitat
2287 3890 2562 3947 mortuos,
2596 3880 2692 3937 sed
2720 3880 2960 3937 otiosum
3007 3889 3095 3937 est
3123 3881 3353 3938 mortuis
3387 3900 3402 3936 :
3432 3890 3491 3937 et

1895 3990 2003 4031 non
2029 3974 2159 4045 quia
2186 3987 2477 4031 commune
2507 3983 2593 4030 est
2623 3988 2821 4031 nomen
2849 4013 2866 4041 ,
2895 3981 3055 4045 putas
3092 3972 3220 4044 quia
3243 3980 3299 4028 et
3335 3987 3490 4029 com-

1894 4068 2078 4125 munis
2118 4075 2312 4124 natura
2338 4077 2444 4125 est.
2480 4065 2593 4124 Hoc
2622 4067 2803 4123 lumen
2836 4076 2930 4123 aut
2956 4067 3011 4123 in
3038 4068 3216 4139 primo
3239 4066 3330 4122 die
3353 4105 3370 4134 ,
3392 4075 3491 4122 aut

1894 4175 2018 4218 cum
2041 4159 2159 4217 sole
2187 4160 2245 4218 in
2269 4157 2464 4231 quarto
2488 4200 2505 4226 ,
2526 4159 2983 4230 quemadmodum
3013 4158 3139 4231 quis
3165 4159 3441 4231 putaverit
3468 4198 3486 4226 ,

1894 4253 1984 4310 die
2012 4261 2211 4325 quarto
2239 4253 2578 4310 estfactum.
2614 4244 2786 4309 Filius
2818 4260 3002 4308 autem
3053 4266 3163 4309 non
3198 4251 3254 4309 in
3308 4253 3489 4324 primo

1895 4346 1983 4402 die
2003 4386 2019 4413 ,
2048 4360 2224 4417 neque
2252 4347 2306 4402 in
2336 4355 2530 4417 quarto
2550 4386 2566 4411 ,
2592 4360 2768 4417 neque
2804 4345 2857 4401 in
2885 4354 3059 4401 totum
3082 4345 3139 4401 in
3168 4343 3281 4412 die,
3310 4359 3489 4416 neque

1894 4440 1950 4496 in
1986 4440 2119 4497 hera
2147 4481 2164 4506 ,
2189 4454 2367 4510 neque
2412 4438 2467 4495 in
2523 4436 2896 4511 temporibus,
2928 4453 3108 4509 neque
3163 4439 3219 4495 in
3246 4437 3483 4497 seculis.

1895 4530 2023 4587 Hec
2050 4532 2195 4587 enim
2223 4547 2321 4601 per
2343 4530 2542 4590 Filium
2563 4574 2578 4599 ,
2609 4546 2719 4587 non
2746 4542 2925 4588 tamen
2952 4530 3122 4587 Filius
3148 4530 3202 4585 in
3231 4529 3339 4586 his.
3365 4528 3484 4586 Non

206 4644 319 4686 non
352 4638 540 4685 natum
574 4637 630 4682 et
658 4642 764 4682 non
788 4636 977 4682 natum
1007 4626 1245 4681 dicerem
1267 4665 1281 4686 ,
1317 4632 1413 4679 aut
1442 4622 1783 4693 unigenitum
1818 4657 1864 4713 Β
1892 4626 2038 4679 enim
2072 4640 2102 4679 a
2127 4623 2514 4680 communione
2544 4623 2825 4678 hominum
2859 4605 3196 4679 confundere
3222 4620 3485 4678 debemus

206 4731 268 4778 et
290 4721 665 4795 unigenitum;
692 4728 823 4776 tunc
852 4734 1225 4775 asseverarem
1254 4718 1305 4771 id
1346 4717 1490 4787 quod
1522 4730 1628 4772 non
1652 4716 1787 4771 dicit

205 4815 476 4873 Ecclesia.
510 4814 653 4882 Quid
688 4827 818 4884 ergo
844 4814 975 4869 dicit
1006 4812 1172 4867 Pater
1228 4812 1281 4865 in
1334 4808 1562 4866 Joannis
1601 4809 1783 4880 bapti-

205 4908 423 4967 smum?
454 4905 556 4961 Hic
585 4911 663 4961 est
695 4904 868 4962 Filius
890 4922 1036 4961 meus
1098 4904 1360 4968 dilectus,
1382 4904 1463 4973 _in
1504 4917 1607 4974 quo
1663 4902 1788 4962 bene

204 5000 506 5074 conspicui
534 5000 620 5054 “2
646 4998 914 5055 Sollicita
948 4997 1061 5054 Deo
1112 5005 1168 5053 et
1222 4993 1388 5052 semel
1430 4995 1653 5061 audire,
1694 4994 1786 5049 sed

204 5111 317 5153 non
352 5094 489 5150 dicit
522 5092 713 5149 semel.
744 5090 1023 5161 Siquidem
1049 5099 1105 5145 et
1143 5089 1199 5145 in
1232 5096 1417 5144 monte
1437 5102 1561 5141 cum
1588 5085 1784 5142 fuisset

204 5187 469 5246 Dominus
494 5184 917 5256 transﬁguratus
969 5192 1236 5254 praesente
1288 5179 1474 5253 Moyse
1523 5188 1579 5235 et
1629 5178 1789 5245 Elia,

202 5282 400 5339 eadem
431 5279 631 5351 repetit
658 5286 714 5333 et
752 5276 923 5333 dicit:
950 5278 1053 5331 Hic
1090 5286 1165 5331 est
1228 5273 1405 5329 Filius
1456 5288 1603 5327 meus
1650 5270 1788 5326 dile-

205 5375 475 5430 ctissimtts
501 5374 558 5427 in
582 5387 687 5440 quo
730 5371 858 5425 bene
902 5368 1227 5438 complacui;
1270 5368 1443 5435 ipsum
1489 5365 1672 5419 audite
1715 5362 1784 5418 “.

205 5468 343 5526 Nam
374 5478 430 5523 et
458 5464 695 5521 Joannes
726 5464 922 5519 similia
970 5462 1169 5517 fatetur
1193 5470 1245 5517 et
1273 5460 1407 5515 dicit
1441 5476 1455 5513 :
1482 5458 1587 5525 Qui
1639 5456 1787 5511 misit

206 5578 289 5617 ste
314 5561 585 5630 baptizare
608 5560 661 5613 in
694 5575 832 5629 aqua
855 5598 869 5622 ,
892 5558 1002 5626 ipse
1030 5555 1155 5609 mihi
1182 5555 1341 5619 dixit,
1373 5550 1441 5606 In
1462 5568 1614 5623 quem
1644 5550 1786 5605 vide-

1891 4716 2253 4772 diﬁerentiam
2289 4724 2525 4770 naturae.
2579 4712 2695 4771 Hoc
2746 4713 2930 4771 lumen
2975 4728 3075 4785 per
3096 4713 3246 4768 illum
3297 4712 3483 4770 lumen

1889 4818 1993 4862 est.
2012 4806 2128 4863 Non
2148 4821 2277 4878 ergo
2307 4820 2688 4877 comparemus
2718 4805 2975 4863 insimilia
3000 4814 3093 4861 aut
3118 4805 3317 4862 similia
3339 4804 3479 4876 (78).

1890 4898 2077 4970 Neque
2102 4898 2282 4955 fontes
2304 4906 2358 4954 et
2389 4908 2600 4955 meatus
2626 4897 2856 4955 fontium
2878 4940 2894 4967 ,
2924 4907 2981 4954 et
3018 4900 3166 4955 rivos
3180 4907 3239 4955 et
3264 4895 3479 4966 ﬂuvios,

1890 4992 2017 5064 quia
2045 5008 2152 5050 non
2175 4991 2363 5050 deﬁuit
2384 4990 2577 5059 Pater,
2608 4995 2705 5049 sed
2734 5002 2921 5049 manet
2958 5002 3020 5048 ut
3048 5000 3191 5049 erat.
3222 4989 3345 5063 ipse
3392 4999 3484 5047 est

1893 5086 2038 5142 enim
2072 5086 2164 5157 qui
2193 5096 2297 5143 est.
2323 5084 2510 5158 Neque
2536 5085 2815 5156 passiones
2849 5096 3065 5158 Oportet
3111 5085 3334 5156 adiungi
3374 5083 3483 5142 im-

1891 5176 2133 5249 passibili
2159 5176 2310 5233 Patri
2338 5196 2352 5233 :
2382 5178 2509 5248 quia
2532 5192 2641 5233 non
2669 5175 2963 5243 dividitur,
2998 5190 3106 5231 non
3159 5173 3432 5230 scinditur
3460 5210 3479 5237 ,

1892 5284 2001 5326 non
2034 5280 2320 5341 separatur
2339 5309 2357 5337 ,
2386 5269 2481 5325 sed
2512 5279 2699 5327 manet
2721 5278 2779 5324 et
2819 5277 3068 5340 generat.
3108 5266 3346 5323 Generat
3377 5280 3479 5319 au-

1892 5374 2001 5419 tem
2031 5374 2090 5420 ut
2120 5364 2296 5434 ipsum
2330 5362 2488 5419 decet
2521 5377 2717 5428 nosse,
2751 5372 2809 5419 et
2838 5376 2940 5417 nos
2965 5359 3216 5417 adorare.
3248 5356 3368 5412 Noli
3395 5356 3480 5411 di-

1891 5469 2018 5510 cere
2046 5456 2503 5527 quemadmodum
2530 5494 2546 5521 ,
2579 5468 2755 5526 neque
2806 5468 3020 5524 quazras
3064 5451 3475 5524 generationem

1890 5548 2039 5607 illam
2073 5563 2239 5621 quam
2270 5548 2449 5605 nullus
2470 5555 2724 5616 enarrat,
2760 5546 2943 5603 nullus
2974 5545 3111 5613 scit,
3151 5541 3330 5607 nullus
3366 5555 3473 5597 no-

311 5672 355 5705 “
392 5672 549 5727 Joan.
581 5671 797 5736 311,35.
872 5670 917 5701 ⁸¹
948 5668 1135 5723 Matth.
1180 5683 1349 5723 xxvm
1375 5709 1389 5729 ,
1424 5664 1514 5720 20.
1592 5665 1637 5698 ⁸⁸
1686 5662 1802 5736 Mati

1909 5680 2007 5736 lli.
2069 5667 2157 5724 i7.
2250 5666 2297 5699 “
2348 5665 2508 5723 Joan.
2561 5680 2691 5731 xvt,
2748 5662 2802 5718 7.
2896 5662 2942 5697 ⁸⁸
2989 5661 3182 5717 Matth.
3240 5673 3341 5726 tn,
3379 5653 3471 5713 Π.

207 5745 253 5779 ⁸⁸
286 5735 736 5821 Mantuanus.
813 5741 856 5771 "'
898 5738 1054 5796 Joan.
1081 5755 1135 5806 ι,
1170 5740 1262 5793 55.
1336 5738 1383 5769 ⁸⁸
1422 5737 1554 5793 Luc.
1585 5735 1779 5804 “334.

1892 5735 2099 5813 Ἰρις).
2128 5753 2183 5805 ι,
2219 5737 2275 5794 5.

278 5840 392 5907 (1b)
434 5838 535 5893 bis.
568 5837 715 5892 Fuci!
749 5839 872 5892 bene
899 5836 1005 5903 ipse
1028 5853 1241 5894 mancus
1275 5836 1326 5889 in
1366 5852 1466 5905 quo
1492 5844 1625 5890 erat.

281 5910 393 5983 (77)
420 5910 559 5966 infra
592 5909 681 5966 lib.
713 5925 774 5974 ιι,
808 5910 907 5964 sub
932 5908 1049 5963 init.

1955 5808 2071 5906 (73)
2095 5834 2382 5892 Insimilia.
2408 5833 2666 5909 ῗΑνόμοια
2688 5831 2827 5889 infra
2854 5830 2948 5887 lib.
2978 5844 3038 5894 ιι,
3071 5834 3189 5898 post
3214 5824 3361 5881 med.
