4000 6430
642 346 788 407 1088
1317 348 1589 408 Ευεεθιι
1627 343 2105 407 CESARIENSIS
2140 341 2178 399 0

2278 382 2294 398 .
2333 334 2517 398 PARS
2553 338 2644 396 ιγ.
2682 366 2757 382 σ-
2792 333 3238 409 ΒΟΕΠΔΤΙΩΔ.Ι
3758 334 3887 397 uss

638 469 741 523 vit.
769 466 911 522 Cede
934 508 950 535 ,
978 475 1034 524 et
1063 468 1324 525 conﬁtere
1378 470 1753 526 inﬁrmitatem
1801 478 1971 526 tuam.
2000 468 2205 525 Obum-
2231 470 2277 529 Δ
2304 492 2390 540 αι
2424 482 2596 539 bene!
2630 480 2746 538 Non
2789 480 2933 538 enim
2988 481 3104 537 haec
3154 489 3240 536 est
3286 493 3542 537 mensura
3570 477 3881 541 mea:

638 556 760 614 bret
781 567 832 613 te
852 556 1121 615 Christus.
1146 559 1203 617 Si
1228 562 1373 617 enim
1399 572 1454 618 tu
1502 563 1776 633 quomodo
1805 571 1962 618 natus
1993 577 2054 616 es
2106 574 2202 617 ne-
2302 575 2430 645 quia
2455 588 2630 644 neque
2666 586 3047 643 comparamur
3067 610 3084 637 ,
3128 584 3308 642 neque
3352 584 3644 643 cquamur
3667 585 3689 627 :
3714 586 3884 646 neque

637 649 780 715 scis.
805 654 1260 723 quemadmodum
1284 696 1301 723 ,
1332 656 1428 727 qui
1473 658 1543 713 da
1565 665 1617 714 te
1661 656 1915 727 ignoras.
1943 657 2010 711 de
2041 654 2203 713 Ριιτο
2305 667 2361 722 in
2392 682 2501 737 quo
2524 667 2705 722 minus
2738 680 2948 721 sumus.
2981 661 3099 719 Non
3136 679 3236 720 nos
3260 663 3470 733 solum,
3506 667 3606 722 sed
3642 679 3750 723 nec
3788 680 3881 722 al-

637 748 694 796 θι
723 737 861 797 Γίηο
881 752 973 799 ﬂ"
998 745 1227 814 (11³21⁵ίῆ
1264 756 1541 803 ⁸1³1110⁸⁸⁸
1576 756 1627 802 ιθ
1662 746 1861 816 in"an
1892 747 2031 814 01³ίά
2074 762 2202 819 ⁸1⁵80
2301 759 2445 831 geli,
2474 768 2569 814 aut
2593 757 2942 827 archangeli,
2990 763 3085 813 aut
3118 755 3382 823 virtutes,
3423 767 3521 813 aut
3548 757 3879 814 dominatio-

637 844 745 886 ηθιι
767 831 1024 889 ddiem!“
1051 836 1297 892 conﬁteri
1343 837 1506 893 Deum
1538 845 1594 893 ει
1642 838 1882 894 Fiunt"?
1931 838 2201 895 Conﬁtere
2299 866 2418 917 nes,
2434 865 2607 922 neque
2627 850 2770 905 aliud
2796 848 3021 920 aliquid,
3047 848 3143 905 sed
3163 850 3347 904 omnia
3361 850 3757 919 relinquuntur
3772 848 3878 923 (ω)

632 934 700 978 ea
734 936 854 993 qua
876 924 943 981 de
966 924 1130 982 Patre
1159 937 1213 984 et
1243 927 1381 984 Filio
1406 930 1607 1001 scripta
1647 939 1776 985 sunt
1802 948 1815 985 :
1852 938 1906 985 et
1949 930 2057 985 noli
2104 946 2201 987 cu-

633 1013 811 1071 riosus
836 1030 898 1071 ea
928 1031 1048 1087 qua
1073 1033 1177 1073 non
1211 1028 1339 1074 sunt
1385 1021 1580 1091 scripta
1610 1022 1910 1092 requirere.
1946 1022 2155 1078 Dicitur
2180 1063 2198 1088 ,

632 1104 702 1161 In
722 1107 979 1175 pri-cinia
1002 1121 1150 1176 erat,
1179 1120 1234 1167 et
1268 1112 1389 1181 quis
1416 1112 1636 1167 audebit
1666 1114 2093 1182 reprehendere?
2138 1114 2197 1170 Si

630 1205 815 1253 autem
840 1210 897 1255 et
919 1202 1322 1272 reprehenderit
1353 1212 1403 1259 te
1427 1245 1444 1271 ,
1481 1214 1652 1261 semet
1705 1206 1882 1276 ipsum
1915 1209 2080 1262 Izcdit.
2128 1206 2195 1261 In

630 1286 892 1358 principio
906 1298 1027 1344 ad:
1064 1284 1322 1359 Verbum,
1347 1302 1397 1347 et
1441 1290 1665 1348 Verbum
1691 1307 1802 1349 erat
1828 1297 1969 1366 apud
2005 1296 2191 1363 Deum,

625 1388 679 1431 et
711 1376 850 1433 Deus
889 1391 1004 1436 erat
1070 1379 1312 1436 Verbum.
1356 1382 1473 1444 Hie,
1497 1396 1610 1440 erat
1650 1387 1705 1441 in
1754 1390 2012 1457 principio
2053 1390 2193 1459 apud

629 1466 819 1524 υοιηι.
845 1470 909 1525 Et
932 1471 1122 1541 saepius
1148 1473 1247 1527 ista
1285 1475 1554 1539 dicantur,
1582 1486 1637 1532 et
1666 1477 2193 1549 nihilconqumratur

626 1557 775 1613 novi.
804 1556 1017 1615 Utinam
1045 1569 1224 1616 autem
1258 1561 1433 1617 solum
1459 1564 1790 1633 legeremus!
1823 1568 2030 1623 utinam
2059 1569 2191 1624 solis

626 1646 922 1719 Scripturis
952 1652 1187 1706 contenti
1217 1655 1497 1709 essemus!
1523 1665 1582 1711 et
1608 1656 1676 1711 lis
1720 1657 1865 1711 nulla
1899 1658 2081 1713 ﬁebat.
2130 1657 2188 1713 Si

625 1737 771 1791 enim
796 1738 920 1807 quis
966 1738 1173 1811 litigat,
1201 1743 1287 1799 vel
1331 1746 1692 1811 contradicit,
1731 1748 1975 1818 jurgatus
2024 1748 2188 1805 fuerit

626 1826 713 1881 his
736 1841 854 1896 qua:
875 1830 1072 1899 scripta
1101 1842 1229 1889 sunt
1254 1854 1269 1890 :
1300 1850 1405 1892 non
1434 1837 1502 1892 ad
1548 1836 1817 1893 hominem
1853 1838 2022 1910 litigat
2044 1843 2186 1907 ,sed

621 1917 693 1972 ad
744 1917 910 1974 Deum
961 1922 1050 1992 qui
1102 1926 1345 1995 scripsit.
1385 1926 1533 1983 Unde
1558 1939 1738 1983 autem
1794 1930 2022 1985 cilicilur
2073 1931 2187 1986 lis?

621 2023 745 2063 cum
772 2025 836 2065 ea
869 2027 986 2081 qua:
1010 2028 1078 2069 ex
1106 2019 1271 2074 corde
1306 2028 1430 2074 sunt
1466 2019 1809 2084 proferimus.
1853 2024 1988 2079 Puto
2039 2026 2181 2079 enim

618 2102 741 2169 quia
778 2104 952 2159 nullus
975 2116 1055 2161 est
1079 2122 1242 2165 ausus
1257 2108 1461 2179 iurgari
1490 2116 1555 2167 ad
1588 2113 1778 2169 Deum.
1802 2115 1875 2169 Ea
1896 2131 2018 2185 quas
2043 2119 2183 2172 scri-

619 2201 710 2260 pta
738 2202 863 2247 sunt
893 2193 1037 2266 lege,
1061 2206 1117 2251 et
1141 2199 1317 2255 nullus
1340 2201 1667 2273 jurgabitur.
1696 2203 1858 2259 Pater
1909 2207 2093 2260 statim
2124 2218 2183 2263 ut

612 2277 794 2334 dictus
822 2280 923 2335 fuit
954 2282 1147 2351 Pater,
1176 2288 1402 2358 requirit
1448 2291 1549 2347 ista
1585 2308 1682 2348 vox
1709 2292 1924 2348 Filium.
1976 2296 2181 2352 Dicitur

613 2365 821 2434 Filius,
877 2380 932 2426 et
986 2374 1038 2428 in
1092 2391 1158 2432 eo
1208 2378 1327 2451 ipso
1377 2382 1502 2437 dum
1553 2384 1793 2448 dicitur,
1829 2385 1987 2442 Pater
2044 2403 2182 2443 con-

612 2456 814 2515 ﬁtetur.
868 2462 983 2519 Non
1028 2468 1173 2521 enim
1205 2484 1372 2527 vacua
1402 2487 1503 2529 vox
1533 2486 1615 2531 est
1652 2475 1850 2543 Pater,
1885 2479 1979 2533 sed
2020 2480 2180 2535 exhi-

610 2548 745 2640 bens
789 2563 1033 2612 naturam
1083 2558 1227 2617 Filii.
1267 2561 1384 2619 Non
1423 2580 1592 2621 vacua
1631 2577 1714 2623 est
1750 2584 1849 2624 vox
1890 2585 2012 2640 quae
2050 2572 2180 2628 dicit

610 2636 840 2707 Filium,
902 2648 997 2701 sed
1057 2655 1371 2718 praecedens
1419 2660 1707 2712 contitetur
1760 2636 2015 2728 Patrem,
2069 2677 2174 2718 non

617 2734 951 2802 temporibus
974 2774 991 2803 ,
1026 2752 1131 2793 non
1176 2743 1401 2812 spatiis,
1446 2749 1540 2800 sed
1583 2746 1842 2815 dignitate
1865 2759 1919 2803 et
1949 2750 2174 2806 honore.

607 2819 772 2878 Pater
825 2826 998 2898 diligit
1037 2829 1260 2901 Filium,
1306 2835 1479 2905 diligit
1517 2847 1571 2893 et
1617 2840 1873 2909 diligitur.
1919 2841 2071 2899 Unde
2109 2844 2176 2901 lis

606 2911 711 2968 ista
772 2926 889 2985 est,
935 2935 1040 2976 non
1088 2923 1323 2982 invenio.
1380 2925 1492 2983 Illic
1541 2945 1681 2999 pax,
1737 2942 1792 2987 et
1847 2935 2004 2990 isthic
2054 2936 2174 3005 jur-

606 3006 717 3097 gia.
763 3007 881 3065 lllic
937 3011 1183 3081 dilectio,
1241 3025 1296 3072 et
1336 3018 1423 3075 hic
1468 3025 1761 3080 contentio.
1798 3024 1853 3081 Si
1904 3026 2174 3097 diligimus

607 3094 1163 3206 Patrem-Lintitemur
1191 3122 1376 3177 pacem
1407 3126 1527 3181 qua
1545 3114 1655 3169 illic
1682 3125 1761 3171 est
1789 3117 1924 3188 (79).
1963 3094 2025 3174 Si
2055 3121 2179 3205 dili-_
2200 3150 2243 3206 ο

608 3190 788 3259 gimus
822 3191 1056 3261 Filium,
1110 3212 1214 3252 non
1254 3209 1338 3254 est
1394 3202 1747 3262 dissensionis
1777 3207 1937 3263 Deus.
1993 3210 2169 3281 Nosti,

617 3281 749 3335 doce
784 3299 795 3334 :
826 3282 1077 3353 ignoras,
1128 3286 1373 3344 edocere.
1415 3290 1508 3347 Lis
1551 3297 1695 3349 enim
1749 3311 1924 3366 neque
1979 3302 2172 3371 docet,

615 3386 791 3441 neque
829 3373 1076 3431 docetur.
1127 3377 1281 3445 Quod
1332 3385 1773 3454 comprehendis,
1816 3388 1922 3445 hoc
1971 3406 2170 3461 quaere.

599 3460 886 3533 invenisti,
918 3467 1123 3537 gratias
1154 3484 1273 3541 age.
1301 3471 1491 3541 Nosti,
1526 3477 1697 3533 trade.
1722 3479 1837 3551 Ego
1856 3460 2032 3538 autem
2058 3487 2171 3541 scio

593 3554 727 3622 quia
770 3558 968 3614 nescis.
1003 3556 1151 3615 Unde
1180 3562 1298 3618 scio
1339 3567 1461 3635 quia
1490 3582 1589 3638 ego
1631 3572 1834 3627 nescio.
1870 3571 2022 3630 Unde
2071 3577 2171 3633 hoc

594 3646 729 3713 quia
756 3646 962 3716 ignoro.
1002 3647 1171 3706 Verax
1197 3653 1341 3709 enim
1378 3665 1462 3711 est
1497 3660 1590 3727 qui
1624 3660 1759 3715 dixit
1790 3680 1805 3717 :
1843 3661 2014 3719 Nemo
2069 3683 2164 3721 no-

594 3738 667 3790 uit
696 3736 762 3793 ⁷⁸.
793 3739 1096 3797 Secundum
1128 3745 1285 3801 istam
1321 3747 1484 3818 igitur
1529 3766 1712 3808 vocem
1733 3793 1748 3818 ,
1805 3757 1983 3813 omnis
2041 3760 2166 3830 qui-

594 3843 809 3899 cunque
828 3847 889 3889 se
915 3834 1044 3890 dicit
1074 3838 1215 3893 scire
1239 3844 1517 3899 mentitur.
1546 3844 1653 3900 Sed
1686 3846 1827 3903 forte
1866 3851 1999 3907 dicis
2019 3892 2034 3917 ,
2072 3853 2168 3909 Dei

597 3935 817 3990 sumus,
846 3933 900 3980 et
948 3942 1055 3983 non
1106 3931 1307 3988 scimus
1354 3946 1614 4003 quantum
1664 3949 1718 3993 et
1770 3945 2163 4016 pertingimus:

598 4012 703 4067 hoc
730 4015 907 4071 solum
940 4020 1066 4089 quia
1095 4030 1179 4078 est
1209 4041 1225 4079 :
1262 4040 1369 4079 non
1402 4035 1577 4082 tamen
1609 4031 1785 4098 qualis
1828 4043 1880 4088 et
1906 4012 2163 4104 quantum

591 4112 699 4160 est.
726 4106 860 4175 Quia
888 4109 1054 4180 igitur
1082 4124 1201 4181 est,
1224 4116 1457 4184 scimus;
1490 4134 1596 4173 non
1623 4130 1798 4178 tamen
1826 4128 2019 4194 qualis.
2047 4128 2163 4185 Non

588 4198 736 4250 enim
766 4210 1005 4256 nostrum
1043 4211 1127 4258 est
1157 4220 1471 4263 mensurare
1494 4210 1983 4272 immensurahilem
2012 4234 2026 4270 :
2058 4236 2160 4276 non

592 4295 833 4343 nostrum
882 4294 1334 4363 comprehendere
1369 4299 1987 4372 incomprehensibilem.
2024 4310 2159 4366 Cum

589 4378 736 4433 enim
770 4385 1029 4438 memoria
1061 4386 1127 4441 de
1180 4388 1289 4444 Deo
1334 4400 1451 4459 est,
1490 4409 1641 4450 mens
1704 4396 1954 4467 religiosa
1992 4400 2162 4457 intre-

587 4478 796 4523 mescat
819 4488 833 4523 :
859 4471 1204 4529 intremescat
1230 4488 1284 4531 et
1304 4478 1503 4549 lingua.
1525 4482 1636 4537 Non
1664 4486 1788 4554 quia
1807 4488 1973 4544 durus
1995 4490 2156 4560 Deus,
2189 4506 2234 4562 ι)

587 4564 680 4612 sed
704 4563 1123 4630 supereminenti
1142 4567 1378 4622 bonitate
1402 4581 1486 4625 est
1523 4574 1813 4631 timendus.
1835 4576 1927 4632 Sol
1952 4580 2053 4635 iste
2069 4586 2162 4638 ob-

584 4662 773 4706 scurat
794 4654 1002 4721 oculos,
1033 4673 1139 4712 non
1166 4662 1290 4729 quia
1324 4662 1607 4731 obscurus,
1644 4669 1740 4721 sed
1769 4670 1895 4738 quia
1928 4673 2156 4731 multum

586 5292 683 5346 viae
707 5312 833 5350 mea:
863 5316 893 5349 a
925 5301 1016 5351 uiis
1047 5304 1225 5355 vestris
1252 5304 1319 5355 ".
1353 5301 1424 5357 Ut
1451 5305 1518 5359 ad
1562 5322 1662 5361 nos

657 5391 705 5467 "_°
730 5390 953 5467 Joan.1,
982 5394 1067 5467 l8.
1142 5397 1184 5427 ⁷³
1230 5395 1383 5453 Joan.
1416 5416 1531 5467 vm,
1568 5402 1656 5458 23.

586 5459 634 5491 '°
664 5460 860 5531 Eplies.
904 5480 976 5530 iv,
1004 5466 1093 5519 10.

660 5602 770 5673 (79)
796 5605 894 5663 Ms.
938 5608 1066 5672 Quae
1088 5612 1193 5667 illis
1229 5625 1323 5667 est.

797 5676 1190 5756 ﬁetinquuntur.
1238 5684 1631 5750 Ἀπολείπεται,
1659 5700 1996 5756 superantur.

660 5746 771 5816 (8|)
799 5745 901 5802 Uni
932 5762 1052 5804 nato
1086 5767 1189 5806 non
1230 5758 1386 5809 cedit.
1434 5745 1740 5826 Legenduui
1793 5745 2007 5817 videtur
2052 5768 2139 5819 uni

2216 1811 2259 1866 Β
2288 1772 2429 1866 quod
2458 1780 2541 1825 est
2567 1771 2851 1866 abscondit
2908 1789 2921 1866 ς

2301 944 2371 999 ab
2401 943 2678 1013 unigenito
2697 960 2712 999 :
2732 943 2851 1013 ipse
2865 950 3042 998 autem
3066 941 3165 997 soli
3183 942 3274 997 uui
3300 950 3424 998 nato
3444 956 3553 999 nou
3576 943 3724 999 cedit
3748 940 3875 1017 (8|).

2296 1033 2411 1090 Non
2442 1048 2631 1092 sumus
2656 1031 2823 1090 Judaei
2842 1073 2859 1099 ,
2887 1034 3212 1090 conﬁtemur
3233 1034 3377 1089 enim
3395 1033 3621 1089 Filium.
3643 1033 3765 1090 Non
3796 1051 3882 1091 su-

2296 1141 2417 1184 mus
2442 1126 2670 1198 gentiles
2689 1167 2706 1191 ,
2743 1128 2869 1197 quia
2903 1142 3009 1182 non
3049 1126 3279 1182 dicimus
3301 1126 3501 1182 multos
3525 1124 3878 1181 Patres.Noi

2296 1233 2483 1275 sumus
2516 1219 2794 1284 bteretici,
2824 1220 3027 1277 scimus
3063 1220 3207 1275 enim
3248 1218 3536 1290 Spiritum.
3591 1222 3705 1278 Sed
3757 1222 3879 1291 quid

2294 1312 2523 1365 sumus?
2572 1311 2782 1381 Sponsa
2816 1311 3051 1367 viventis
3080 1314 3265 1383 sponsi
3314 1327 3412 1382 per
3459 1312 3749 1370 Christum
3788 1331 3880 1370 nos

2293 1417 2497 1457 sumus.
2531 1400 2588 1457 Si
2618 1417 2747 1475 ergo
2770 1419 2872 1459 nos
2898 1404 2989 1474 qui
3021 1419 3120 1475 per
3150 1405 3425 1461 Christum
3452 1421 3653 1462 sumus
3675 1448 3690 1470 ,
3724 1418 3876 1476 putas

2292 1494 2413 1562 quia
2440 1495 2554 1561 ipse
2593 1511 2697 1549 non
2729 1496 2852 1551 est?
2874 1511 2939 1551 ea
2960 1512 3081 1565 quae
3108 1512 3207 1566 per
3245 1498 3422 1567 ipsum
3457 1508 3592 1553 sunt
3618 1511 3874 1565 manent,

2291 1595 2346 1639 et
2376 1587 2485 1655 ipse
2511 1585 2671 1641 ﬁnem
2705 1588 2866 1643 habet
2894 1597 2955 1644 ut
2981 1589 3199 1659 quidam
3223 1589 3543 1645 insaniunt?
3584 1589 3706 1645 Non
3734 1593 3873 1647 enim

2294 1678 2527 1747 acquirit
2557 1677 2704 1734 aliud
2732 1680 2877 1748 quod
2908 1693 3012 1735 non
3036 1688 3157 1736 est:
3189 1696 3293 1736 non
3346 1682 3618 1750 assumit,
3674 1685 3774 1738 sed
3826 1694 3877 1738 et

2981 1772 3085 1827 hoc
3109 1772 3251 1827 enim
3291 1771 3583 1843 signiﬁcat,
3612 1773 3699 1828 Da
3727 1775 3873 1837 mihi,

2286 1862 2445 1917 Pater
2472 1878 2494 1919 :
2521 1864 2613 1919 sed
2642 1878 2747 1918 non
2765 1863 2967 1933 aliquid
2999 1878 3196 1919 novum
3219 1865 3351 1933 petit
3374 1865 3497 1920 :sed
3527 1867 3675 1936 quod
3692 1866 3871 1931 habui,

2284 1954 2486 2023 inquit,
2536 1954 2678 2025 apud
2720 1963 2808 2020 te,
2856 1956 2927 2008 da
2966 1955 3095 2009 mihi
3148 1955 3213 2009 ⁷³.
3263 1954 3379 2011 Non
3414 1956 3560 2021 enim
3614 1957 3874 2024 habes,o

2287 2046 2533 2113 Domine,
2568 2047 2713 2117 quod
2738 2045 3017 2103 habebas?
3038 2047 3144 2103 Sed
3172 2048 3297 2118 quia
3320 2088 3337 2113 ,
3361 2049 3572 2119 inquit,
3606 2052 3870 2107 absconsa

2282 2146 2368 2193 est
2397 2154 2510 2193 mea
2539 2138 2747 2207 species
2776 2155 2790 2192 :
2818 2138 2945 2207 quia
2977 2152 3082 2193 non
3116 2148 3336 2209 apparet
3376 2154 3492 2193 mea
3522 2140 3723 2210 gloria.
3750 2140 3873 2195 Gia-

2282 2228 2467 2296 riﬁca,
2499 2229 2714 2300 inquit,
2743 2239 2894 2283 tuum
2943 2228 3146 2284 Filium
3191 2230 3260 2285 ".
3320 2229 3387 2284 Et
3431 2232 3559 2299 quid
3590 2234 3872 2302 respondit

2280 2317 2479 2375 Pater?
2507 2316 2827 2387 Gloriﬁcavi.
2856 2319 2913 2376 Si
2938 2320 3105 2391 igitur
3131 2320 3484 2391 gloriﬁcavit.
3511 2324 3646 2391 quid
3673 2326 3868 2388 qucrit

2280 2410 2613 2483 gloriﬁcari?
2636 2411 2739 2467 Sed
2772 2412 2906 2467 dicit
2930 2411 3090 2467 Pater
3116 2452 3131 2477 ,
3173 2410 3241 2465 Et
3285 2415 3480 2467 iterum
3532 2413 3864 2484 gloriﬁcabo.

2281 2505 2338 2560 Si
2364 2503 2474 2573 jam
2498 2502 2834 2574 gloriﬁcasti,
2855 2506 3139 2575 quomodo
3158 2505 3353 2561 iterum
3377 2505 3700 2577 gloriﬁcas?
3728 2506 3865 2562 Num

2278 2595 2481 2661 addes,
2513 2596 2767 2665 quoniam
2793 2598 2862 2653 ab
2894 2598 3052 2652 initio
3092 2598 3369 2669 genuisti?
3395 2598 3510 2655 Non
3545 2599 3692 2655 addo
3730 2618 3748 2657 ι
3774 2602 3864 2656 sed

2278 2696 2333 2743 et
2372 2704 2469 2759 per
2495 2703 2697 2760 corpus
2742 2690 2972 2747 ostendo
3020 2692 3127 2746 mei
3175 2690 3303 2746 Filii
3356 2692 3614 2763 gloriam.
3655 2692 3861 2757 Genui,

2275 2781 2577 2853 gloriﬁcavi
2600 2816 2623 2851 ,-
2646 2793 2699 2839 et
2755 2784 2952 2839 iterum
2994 2784 3336 2855 gloriﬁcabo.
3385 2785 3611 2854 Palam,
3654 2787 3860 2856 inquit,

2275 2872 2419 2929 facio
2446 2876 2588 2942 quod
2637 2884 2756 2931 erat
2811 2876 3159 2931 absconsum.
3193 2876 3326 2931 Nam
3359 2886 3415 2931 et
3448 2876 3749 2948 Apostolus
3781 2877 3861 2931 di-

2275 2964 2349 3020 cit
2379 2982 2393 3019 :
2427 2963 2497 3018 Et
2516 2966 2921 3035 superexaltaeit
2951 2983 3068 3021 eum
3089 3010 3104 3034 ,
3139 2978 3188 3021 et
3235 2968 3377 3022 dedit
3410 2970 3460 3023 ei
3488 2985 3681 3025 nomen
3721 2973 3860 3041 quod

2274 3066 2349 3110 est
2388 3073 2544 3126 super
2571 3073 2718 3113 omne
2745 3073 2932 3112 nomen
2981 3059 3049 3113 ".
3109 3058 3223 3113 Non
3286 3062 3570 3129 mercede,
3626 3073 3690 3117 ut
3740 3077 3861 3135 pote

2380 3148 2612 3205 dientiae.
2643 3150 2913 3219 Scriptum
2947 3150 3091 3207 enim
3132 3162 3215 3207 est
3256 3154 3709 3223 quemadmodum
3733 3157 3861 3211 obu-

2275 3237 2414 3294 divit
2442 3255 2612 3309 usque
2637 3246 2703 3295 ad
2733 3251 2963 3297 mortem
2988 3282 3005 3308 ,
3046 3252 3277 3299 mortem
3330 3255 3508 3301 autem
3538 3248 3745 3305 crucis.
3794 3247 3859 3303 Et

2273 3330 2396 3386 ideo
2419 3374 2432 3395 .
2461 3334 2665 3403 inquit,
2697 3332 2837 3389 Deus
2862 3335 3288 3403 superexaltavit
3310 3352 3455 3392 eum.
3489 3337 3546 3392 Si
3593 3340 3723 3408 quis
3757 3356 3856 3394 au-

2272 3430 2377 3476 tem
2405 3423 2536 3477 dure
2562 3424 2751 3494 legerit
2774 3438 3083 3489 sermones,
3115 3425 3255 3481 forte
3289 3427 3498 3497 putabit
3548 3428 3714 3484 istam
3768 3446 3859 3485 sn-

2268 3514 2747 3583 perexaltationem
2782 3518 3086 3572 mercedem
3115 3532 3238 3574 esse
3270 3519 3618 3576 obedientiae.
3645 3521 3725 3575 Ita
3760 3538 3858 3593 pu-

2270 3612 2353 3659 tas
2374 3644 2390 3671 ,
2418 3606 2510 3661 sed
2545 3622 2651 3661 non
2676 3616 2727 3661 te
2753 3609 3035 3677 permittat“
3061 3609 3133 3663 ita
3162 3612 3365 3667 sentire
3393 3614 3484 3683 qui
3520 3614 3639 3669 hac
3688 3615 3856 3674 dixit.

2268 3695 2360 3749 Ait
2383 3696 2530 3750 enim
2563 3714 2577 3751 :
2613 3697 2716 3763 Qui
2745 3699 3014 3765 ascendit,
3044 3701 3153 3769 ipse
3175 3712 3251 3757 est
3272 3712 3322 3758 el
3348 3705 3438 3775 qui
3464 3708 3741 3762 descendit
3784 3710 3853 3765 ".

2269 3785 2412 3857 Ergo
2432 3789 2688 3844 exaltavit
2709 3804 2830 3844 eum
2858 3792 2949 3862 qui
2987 3792 3288 3854 descendit.
3316 3796 3432 3852 Non
3477 3806 3661 3856 tamen
3694 3820 3725 3856 a
3762 3804 3857 3859 deo

2267 3892 2452 3933 orsum
2478 3894 2696 3935 sursum
2729 3881 2975 3937 adduxit.
3009 3882 3117 3940 Sed
3144 3901 3266 3942 eum
3297 3889 3387 3958 qui
3416 3890 3739 3959 descendit,
3762 3894 3858 3951 ite-

2267 3983 2387 4022 rum
2439 3984 2655 4025 sursum
2713 3974 3031 4043 assumpsit.
3082 3975 3300 4031 Assumi
3355 3979 3511 4045 dico,
3560 3997 3672 4037 non
3723 3987 3850 4053 quia

2265 4057 2499 4114 mundus
2548 4059 2888 4117 fraudahitur
2948 4080 2979 4120 a
3034 4070 3323 4137 praesentia
3378 4071 3668 4142 unigeniti.
3731 4077 3849 4134 Non

2263 4156 2443 4217 potest
2479 4153 2709 4209 mundus
2760 4155 2877 4212 sine
2909 4157 3272 4228 gubernatore
3315 4161 3549 4231 salvari,
3597 4182 3707 4221 non
3756 4184 3852 4237 po-

2264 4240 2373 4287 test
2428 4237 2659 4293 mundus
2710 4247 2858 4296 stare
2902 4243 2947 4296 si
2997 4247 3282 4303 recesserit
3332 4249 3666 4319 unigenitus.
3741 4253 3849 4308 Sed

2261 4319 2400 4379 forte
2432 4325 2564 4381 dicis
2604 4346 2616 4381 :
2661 4327 2777 4384 Non
2824 4331 3024 4387 sufﬁcit
3075 4336 3221 4391 enim
3266 4336 3474 4393 Pater?
3526 4339 3648 4396 Non
3710 4347 3842 4414 quia

2261 4428 2368 4469 non
2399 4416 2693 4506 sufﬁciebat
2721 4420 2905 4489 Pater,
2936 4425 3058 4480 ideo
3086 4429 3273 4497 genuit
3310 4429 3504 4485 Filium
3546 4451 3559 4486 :
3589 4436 3685 4489 sed
3717 4439 3845 4506 quia

2263 4520 2367 4559 non
2418 4505 2752 4575 suiliciebant
2800 4527 2863 4567 ea
2913 4528 3034 4584 qua:
3083 4516 3225 4571 facta
3270 4532 3397 4575 sunt
3442 4521 3675 4581 suﬂ'erre
3734 4505 3842 4583 non

2260 4598 2374 4651 nati
2409 4598 2683 4668 virtutem,
2726 4602 2849 4659 ideo
2878 4621 2977 4676 per
3005 4609 3359 4666 mediatorem
3401 4614 3664 4685 loquitur.
3697 4617 3844 4687 Qua-

2258 4700 2320 4741 re
2356 4704 2370 4743 :
2408 4689 2499 4758 qui
2527 4689 2639 4762 (82)
2670 4709 2774 4749 non
2803 4704 3112 4761 poteramus
3143 4702 3509 4776 prapinquare
3529 4724 3637 4764 non
3668 4723 3836 4768 noto:

1709 5323 1806 5363 vox
1834 5309 1950 5364 haec
2003 5312 2144 5368 dicta
2253 5327 2517 5383 mediator
2546 5330 2742 5400 Filius,
2788 5344 2844 5389 et
2888 5350 3105 5394 creator
3154 5344 3331 5397 omnis
3366 5356 3596 5411 naturae,
3636 5309 3700 5405 cf
3723 5369 3826 5421 gu-

1770 5405 1813 5435 ⁷⁸
1850 5404 1956 5460 lsa.
1987 5423 2085 5475 ιν,
2115 5407 2166 5464 9.

2277 5418 2290 5448 ⁵
2322 5420 2475 5479 Joan.
2508 5442 2619 5481 xvtt
2641 5468 2658 5496 ,
2703 5430 2756 5484 5.
2833 5431 2878 5463 ⁷⁸
2910 5430 3063 5487 Joan.
3098 5449 3206 5500 sit,
3228 5436 3316 5491 9.8.
3348 5439 3393 5469 ’⁷³
3424 5404 3617 5512 Philip.
3650 5460 3688 5500 ιι
3714 5404 3819 5511 :9.

2250 5646 2349 5685 non
2374 5643 2499 5689 nato
2526 5638 2679 5690 cedit.

2316 5705 2424 5775 (82)
2453 5705 2627 5772 Quare
2657 5725 2674 5761 :
2705 5709 2817 5778 qui,
2861 5710 2901 5777 Ῑ.
2929 5712 3130 5781 quare?
3156 5713 3301 5784 quia,
3342 5726 3447 5772 etc.
