4000 6470
202 475 337 535 ιιι-ι

990 465 993 468 ’
1068 465 1160 522 DE
1197 461 1354 523 FIDE
1386 464 1768 525 Αυνειιευε
1808 466 2224 527 δΑΒΕιιιιιιι.
2258 497 2329 511 -
2364 465 2497 527 LIB.
2531 468 2575 526 Ι.

3355 472 3501 535 1058

192 593 489 660 (tornatur,
509 603 567 649 et
590 578 871 646 sa\'ator.
902 584 1022 643 Non
1054 588 1201 644 enim
1236 587 1447 642 creavit
1466 596 1522 642 et
1550 587 1796 643 dimisit:

1904 588 2164 656 quinetur
2196 588 2335 658 (83).
2368 588 2484 645 Viri
2515 597 2577 643 ιιι
2614 602 2738 645 sese
2761 588 2876 660 jam
2904 604 3013 645 non
3056 590 3298 647 incidant
3330 608 3344 645 :
3376 606 3503 646 mu-

195 687 329 756 quia
370 703 476 742 non
514 685 629 741 sine
652 682 1185 750 ‘provldentia'sunt
1224 695 1346 749 qua
1372 689 1521 735 sunt.
1562 678 1681 733 Non
1710 688 1797 733 est

186 776 469 846 Iatigatus
492 773 715 829 faciens.
736 768 937 841 Neque
966 779 1025 825 ut
1050 768 1314 833 volatilia,
1345 778 1405 822 ut
1428 769 1603 838 pisces
1627 781 1796 839 gene-

191 876 337 921 rant
382 864 627 937 quidem,
652 861 970 932 relinquunt
998 871 1202 916 autem.
1252 860 1318 915 Et
1346 870 1497 915 certe
1547 874 1649 916 nec
1690 858 1791 914 ista

176 964 476 1029 generant
522 962 578 1009 et
612 952 896 1008 dimittunt
933 971 947 1008 :
991 951 1086 1008 sed
1129 951 1333 1008 habent
1362 951 1706 1022 diligentiam
1738 956 1798 1003 et

174 1056 462 1119 pascunt.
501 1046 561 1101 Si
596 1045 763 1117 igitur
797 1046 901 1102 ista
939 1045 1037 1108 ita,
1070 1043 1244 1099 multo
1283 1043 1456 1113 magis
1489 1056 1590 1112 per
1628 1056 1792 1112 quem

175 1148 394 1194 creata
423 1145 550 1193 sunt
580 1136 785 1201 omnia,
805 1150 903 1206 per
935 1135 1100 1190 istum
1124 1133 1308 1188 omnia
1336 1142 1392 1188 et
1419 1134 1794 1203 gubernantur

165 1238 237 1284 et
294 1236 609 1298 pascuntur
655 1244 671 1281 :
718 1240 824 1282 non
855 1234 1086 1280 vacante
1130 1224 1316 1297 Patre,
1344 1227 1438 1280 sed
1470 1232 1788 1279 annuente:

168 1331 491 1377 annuente
536 1329 744 1384 autem,
778 1331 884 1373 non
928 1317 1125 1382 oculis,
1174 1318 1269 1372 sed
1304 1326 1363 1370 ut
1400 1317 1557 1372 decet
1606 1315 1791 1369 incor-

167 1411 479 1482 poralem,
511 1412 587 1466 ita
611 1410 802 1465 annuit
832 1420 891 1464 ut
925 1409 1026 1478 ipsi
1055 1410 1312 1463 decorum
1347 1415 1449 1462 est.
1492 1405 1665 1461 Filius
1689 1420 1789 1459 au-

168 1510 312 1558 tem
353 1501 603 1571 agnoscit
635 1510 695 1555 ut
728 1500 924 1556 Filium
970 1504 1126 1556 decet
1159 1518 1171 1555 :
1220 1514 1386 1569 opera
1430 1505 1611 1554 autem
1652 1496 1791 1553 ﬁunt

166 1601 250 1647 ut
285 1592 462 1648 Pater
489 1593 629 1657 vult,
666 1602 719 1647 et
748 1592 922 1648 Filius
948 1592 1245 1646 ministrat.
1275 1589 1404 1646 Haec
1439 1605 1540 1646 nos
1570 1599 1789 1659 oporte-

167 1688 293 1741 bat
350 1684 556 1741 dicere.
595 1684 709 1740 lmo
741 1702 932 1740 omnes
963 1700 1031 1740 ex
1068 1684 1370 1754 Scripturis
1411 1683 1618 1754 legere.
1656 1681 1789 1748 Quis

163 1778 352 1832 enim
381 1791 502 1831 sum
536 1779 674 1848 ego?
704 1778 834 1847 quid
864 1777 1038 1831 habeo
1064 1776 1207 1847 quod
1240 1791 1346 1831 non
1398 1775 1626 1844 accepi?
1660 1772 1789 1829 0m-

169 1869 290 1924 nia
326 1870 473 1924 enim
512 1870 580 1923 ab
610 1882 738 1933 uno,
768 1878 820 1922 et
852 1883 948 1936 per
986 1883 1150 1922 unum
1186 1879 1354 1934 sunt;
1396 1874 1453 1921 et
1490 1880 1613 1937 qua
1645 1864 1785 1920 facta

173 1969 358 2024 sunt,
389 1968 445 2015 et
488 1974 611 2029 quae
643 1969 791 2013 recte
824 1959 1102 2014 dicuntur.
1144 1958 1355 2025 Quanta
1397 1972 1531 2013 sane
1567 1957 1786 2012 miseri-

173 2051 398 2107 cordia
446 2060 530 2106 est
579 2050 713 2105 Dei?
754 2052 940 2119 genuit
989 2050 1209 2118 Filium,
1255 2052 1381 2121 quia
1425 2051 1602 2106 bonus
1644 2059 1729 2105 est
1766 2070 1779 2103 :

175 2140 417 2196 creavit
452 2141 706 2198 universa
759 2159 856 2211 per
907 2143 1105 2213 ipsum,
1150 2145 1277 2212 quia
1329 2142 1646 2198 benefactor
1674 2150 1780 2199 est.

177 2232 523 2289 Erravimus
550 2244 603 2289 et
634 2249 738 2287 non
764 2235 1036 2305 despexit,
1061 2237 1371 2291 cecidimus
1401 2244 1457 2290 et
1480 2251 1585 2289 non
1628 2248 1784 2304 spre-

177 2328 309 2391 vit,
341 2328 435 2383 sed
471 2329 617 2383 misit
658 2326 853 2382 Filium
902 2344 1059 2383 suum
1099 2329 1469 2391 obedientem,
1506 2336 1564 2381 ut
1608 2326 1785 2383 salva-

182 2428 294 2473 ret
342 2419 615 2473 hominem
647 2418 1071 2477 inobedientem.
1113 2419 1259 2474 Misit
1305 2420 1423 2474 sine
1454 2430 1697 2487 peccato,
1724 2428 1785 2474 ut

186 2518 495 2563 revocaret
523 2523 645 2562 eum
676 2509 768 2578 qui
795 2518 1117 2579 peccaverat
1147 2528 1161 2563 :
1201 2509 1351 2564 misit
1388 2510 1585 2564 Filium
1624 2525 1783 2565 suum

188 2599 496 2656 facientem
546 2600 764 2669 placita,
818 2610 875 2654 ut
906 2600 1145 2655 salvaret
1178 2616 1395 2656 servum
1426 2602 1651 2657 obedire
1686 2616 1785 2654 no-

187 2690 432 2749 lentem.
469 2691 615 2746 Misit
651 2691 939 2760 justitiam,
988 2701 1047 2746 ut
1080 2692 1392 2747 auferretur
1436 2705 1725 2764 peccatum
1763 2711 1777 2747 :

193 2783 359 2838 misit
388 2782 579 2844 vitam,
612 2794 668 2835 ut
699 2798 845 2838 mors
886 2794 1215 2838 moreretur.
1256 2784 1402 2838 Misit
1435 2785 1524 2853 qui
1561 2801 1589 2839 a
1618 2801 1700 2850 se,
1726 2794 1783 2840 ut

189 2873 553 2931 salvarentur
576 2874 665 2943 qui
692 2883 849 2927 erant
880 2890 946 2929 ex
977 2875 1216 2928 homine.
1251 2874 1397 2929 Misit
1434 2891 1558 2930 eum
1586 2878 1679 2946 qui
1712 2891 1779 2931 ex

194 2963 453 3035 Virgine,
493 2973 549 3018 ut
598 2963 941 3018 salvarentur
981 2964 1017 3018 ii
1064 2965 1155 3034 qui
1193 2979 1261 3020 ex
1292 2965 1519 3021 muliere
1564 2966 1782 3021 fuerant

194 3057 426 3126 perditi.
474 3055 618 3110 Misit
652 3057 703 3110 in
742 3056 915 3127 figura
957 3057 1086 3121 viri,
1121 3065 1177 3110 ut
1222 3057 1529 3112 salvaretur
1560 3058 1651 3128 qui
1686 3073 1783 3127 pe-

196 3148 379 3200 rierat
422 3145 526 3200 vir.
558 3146 693 3199 Cum
742 3145 1049 3201 latronibus
1084 3146 1268 3216 figitur
1306 3147 1477 3212 cruci,
1512 3156 1571 3202 ut
1618 3162 1783 3216 para-

195 3239 357 3291 disus
396 3247 451 3291 et
483 3234 790 3291 latronibus
838 3237 1160 3305 aperiretur.
1196 3236 1385 3308 Cogita
1436 3239 1779 3309 dignitatem,

1905 678 2072 733 lieres
2099 687 2158 732 ut
2188 695 2297 734 non
2324 680 2394 733 ad
2420 678 2679 749 iniuriam
2712 680 3061 736 deludantur.
3100 681 3289 747 Tauri,
3315 681 3496 751 vituli,

1902 776 1961 822 ut
2016 782 2123 825 non
2156 772 2309 824 varie
2355 768 2753 825 comburantur
2799 770 2934 841 (84).
3000 773 3217 839 Vinum,
3270 782 3329 826 ut
3386 788 3497 828 nou

1902 861 2021 917 sine
2050 876 2217 917 causa
2244 862 2473 918 libetur.
2505 861 2701 927 Terra,
2748 878 2923 931 mare,
2956 873 3017 918 ut
3054 879 3162 919 non
3194 863 3497 920 immutatis

1902 951 2216 1007 nominibus
2250 952 2552 1008 adorentur
2596 971 2612 1009 :
2657 954 2836 1009 omnis
2880 955 3026 1008 enim
3072 965 3270 1009 natura
3304 966 3496 1009 conta-

1900 1042 2107 1095 minata
2164 1052 2299 1098 est:
2348 1044 2530 1100 omnis
2589 1054 2847 1101 creatura
2907 1044 3181 1100 deificata.
3238 1043 3346 1099 Sed
3384 1060 3493 1098 non

1899 1132 2153 1201 despexit
2202 1134 2249 1189 is
2278 1149 2377 1204 per
2406 1150 2570 1205 quem
2626 1144 2683 1191 et
2732 1135 2879 1191 facta
2926 1144 3075 1191 sunt.
3132 1137 3297 1193 Venit
3342 1135 3491 1191 enim

1898 1224 1990 1294 qni
2042 1225 2389 1296 contingeret
2440 1241 2593 1283 sua:
2642 1228 2790 1283 venit
2844 1229 2936 1297 qui
2986 1228 3185 1284 malum
3215 1242 3491 1284 venenum

1898 1314 2141 1371 auferret
2182 1331 2199 1371 :
2241 1318 2391 1373 venit
2436 1320 2611 1388 ipsius
2666 1322 2795 1376 vitae
2847 1322 3211 1378 medicamen.
3242 1322 3491 1379 Mortuus

1894 1417 1979 1463 est
2010 1408 2366 1465 ut'occideret
2414 1409 2648 1466 mortem
2678 1428 2693 1467 :
2721 1414 3120 1469 condemnatus
3144 1424 3230 1470 est
3263 1424 3322 1467 ut
3351 1426 3490 1468 cono

1892 1500 2184 1555 demnaret
2210 1501 2606 1571 corruptelam.
2634 1502 2947 1561 Corenatus
2974 1514 3059 1561 est
3087 1506 3280 1575 spinis,
3302 1514 3361 1560 ut
3385 1519 3490 1562 nos

1894 1605 2001 1646 non
2058 1590 2386 1649 haberemus
2436 1595 2626 1664 spinas
2663 1612 2677 1649 :
2719 1596 2960 1665 suscepit
3012 1596 3359 1650 maledictum
3392 1609 3491 1666 per

1893 1697 2135 1748 crucem,
2180 1693 2239 1739 ιιι
2272 1699 2373 1741 nos
2418 1687 2823 1755 susciperemus
2858 1690 3295 1744 benedictionem
3333 1704 3489 1743 mun-

1893 1774 2039 1828 dam.
2073 1772 2191 1829 Non
2222 1790 2447 1849 possum
2473 1777 2659 1833 dicere
2680 1788 2944 1847 quantum
2974 1780 3149 1849 sapio.
3184 1779 3300 1834 Non
3351 1794 3477 1848 pos-

1894 1880 2014 1922 sum
2067 1882 2262 1937 sapere
2319 1880 2583 1939 quantum
2652 1872 2912 1941 possibile
2962 1882 3067 1927 est.
3136 1871 3192 1928 Si
3248 1885 3484 1941 sapuero

1817 1966 2160 2032 Bquantum
2218 1960 2478 2030 possibile
2526 1971 2644 2028 est,
2701 1977 2809 2017 non
2873 1965 3135 2034 pervenio
3187 1972 3246 2018 ut
3304 1962 3482 2018 dicam

1892 2060 2130 2120 quantus
2159 2062 2267 2107 est.
2295 2053 2687 2109 lnenarrahilis
2715 2055 2863 2110 enim
2912 2066 2968 2111 et
3014 2055 3485 2125 incomprehensi-

1892 2145 2019 2200 bilis
2044 2142 2206 2199 Pater
2232 2155 2341 2202 est.
2367 2143 2517 2201 Talis
2544 2157 2729 2201 autem
2758 2158 2812 2202 et
2860 2147 3034 2203 Filius
3064 2148 3234 2218 ipsius
3278 2148 3479 2204 Patris.

1893 2236 1951 2291 Si
1977 2236 2122 2291 enim
2161 2236 2233 2291 ob
2262 2237 2344 2291 sui
2377 2239 2811 2295 misericordiam
2844 2255 2941 2295 nos
2968 2242 3285 2313 assumpsit,
3336 2242 3480 2296 inte-

1892 2324 2093 2379 rimere
2123 2334 2247 2377 eum
2276 2324 2535 2381 debemus
2560 2327 2651 2397 qui
2679 2343 2775 2383 nos
2806 2329 3025 2384 salvat?
3052 2332 3179 2400 quid
3215 2332 3321 2387 hoc
3350 2333 3480 2388 mali

1891 2425 1973 2470 est
2007 2415 2079 2469 ita
2132 2416 2380 2472 homines
2414 2417 2482 2472 de
2510 2418 2649 2473 Filio
2680 2420 2925 2475 sentire?
2980 2420 3196 2477 Maneat
3233 2432 3290 2477 ut
3336 2433 3476 2490 erat,

1891 2514 1947 2559 et
1992 2506 2045 2559 in
2090 2518 2322 2571 corpore
2354 2516 2409 2560 et
2447 2507 2499 2560 in
2534 2508 2802 2577 praesepio
2848 2527 2863 2564 :
2904 2509 3036 2564 nihil
3082 2511 3288 2566 humile
3320 2512 3385 2567 de
3412 2527 3480 2569 eo

1890 2595 2119 2660 sentias,
2150 2596 2240 2665 qui
2280 2606 2331 2650 te
2357 2596 2638 2664 exaltavit,
2685 2598 2820 2652 nihil
2850 2598 3123 2668 ahjectum
3164 2612 3259 2655 aut
3289 2602 3481 2658 incon-

1891 2721 2108 2776 gruum.
2143 2706 2261 2761 Noli
2293 2722 2554 2776 spernere
2583 2706 2927 2763 Salvatorem
2961 2719 3134 2765 tuum.
3165 2709 3223 2766 Si
3255 2713 3479 2781 quidem

1890 2800 2103 2854 etiamsi
2136 2801 2301 2854 verbo
2346 2815 2471 2854 eum
2519 2800 2809 2855 humiliare
2850 2802 3106 2865 volueris,
3140 2815 3333 2858 natura
3369 2821 3479 2860 non

1891 2890 2224 2946 transfertur
2254 2892 2320 2945 ad
2372 2899 2516 2944 tuam
2569 2892 2831 2962 linguam.
2882 2894 2939 2947 Si
2976 2903 3157 2948 autem
3204 2906 3257 2950 et
3310 2898 3480 2953 abne-

1889 2979 2202 3050 gaverimus
2230 2994 2375 3045 eum,
2412 2983 2526 3048 ipse
2557 2982 2731 3036 fidelis
2763 2994 2946 3039 manet
2972 2993 3023 3039 et
3060 3000 3259 3057 negare
3286 3001 3345 3041 se
3359 3002 3479 3044 non

1889 3080 2069 3142 potest
2099 3091 2114 3127 :
2148 3072 2251 3127 hoc
2278 3082 2385 3138 est,
2427 3088 2456 3126 a
2481 3076 2702 3144 propria
2739 3086 2934 3130 natura
2966 3093 3073 3132 non
3108 3081 3339 3135 excidit.
3368 3080 3478 3137 lste

1888 3164 2048 3220 nobis
2091 3164 2257 3219 Pater
2284 3180 2389 3221 non
2425 3176 2585 3221 natus
2629 3176 2738 3233 est,
2768 3184 2909 3223 unus
2950 3171 3101 3227 solus
3130 3188 3237 3227 non
3290 3183 3474 3243 natus,

1891 3269 1996 3308 non
2030 3255 2098 3309 ab
2127 3255 2256 3318 alio,
2292 3270 2390 3310 nec
2422 3270 2491 3311 ex
2520 3255 2647 3311 alio.
2695 3255 2850 3327 Saepe
2879 3259 3002 3314 dico
3044 3262 3255 3317 eadem.
3288 3264 3476 3334 Siqui-

196 3341 257 3384 et
282 3330 491 3422 aestima
518 3326 949 3400 magnitudinem
975 3330 1181 3398 gratiae.
1199 3329 1280 3383 Me
1298 3332 1442 3383 enim
1458 3346 1525 3422 ex
1557 3331 1784 3387 muliere
1811 3329 1854 3387 C
1888 3345 2007 3399 dem
2040 3352 2094 3399 et
2117 3342 2356 3400 Joannes
2385 3346 2477 3415 qui
2509 3348 2575 3400 de
2603 3345 2743 3403 Filio
2768 3326 2912 3404 dixit
2936 3351 2993 3404 in
3031 3354 3295 3422 principio
3333 3326 3475 3422 erat,

199 3420 378 3480 nasci,
407 3428 502 3473 aut
550 3429 622 3483 te,
668 3434 776 3473 non
812 3434 973 3487 supra
1020 3427 1272 3472 naturam
1309 3428 1411 3473 est.
1458 3417 1785 3475 Manducare

200 3518 298 3565 aut
324 3512 529 3573 bibere,
551 3511 792 3564 dormire
818 3519 868 3563 et
904 3524 1148 3579 surgere,
1167 3521 1220 3563 et
1254 3510 1307 3564 in
1341 3512 1604 3580 praesepio
1632 3510 1780 3580 poni,

202 3603 337 3657 nihil
365 3604 485 3657 novi
512 3604 555 3657 si
596 3604 843 3656 homines
872 3616 933 3655 ea
955 3617 1076 3671 quae
1098 3613 1226 3658 sunt
1258 3604 1535 3657 Ιιοιιιίιιιιιιι
1560 3604 1783 3672 patiun-

203 3706 313 3748 tur.
347 3695 483 3760 Quid
509 3706 687 3749 autem
718 3713 939 3759 novum,
964 3697 1094 3764 quid
1118 3696 1455 3760 admirabile,
1482 3696 1612 3764 quid
1640 3711 1779 3763 prte-

198 3787 446 3856 cipuum,
487 3789 617 3857 quid
660 3800 905 3842 nostrum
934 3790 1175 3841 debitum
1209 3788 1601 3856 irrepeusabile
1632 3786 1783 3840 Deo?

201 3878 306 3945 Qui
348 3880 492 3933 misit
528 3881 666 3934 Deus
698 3879 894 3934 Filium
927 3896 1108 3944 suum,
1143 3881 1290 3935 misit
1318 3880 1480 3933 Pater
1522 3878 1782 3948 Unigeni-

203 3984 341 4037 tum,
380 3974 527 4027 misit
558 3988 662 4025 non
695 3982 854 4025 natus
886 3973 1223 4041 progeniem,
1263 3972 1408 4025 misit
1435 3971 1778 4026 obedientem

205 4067 404 4130 bonus,
442 4066 593 4119 misit
630 4064 899 4133 juStitiam
944 4065 1034 4133 qui
1063 4066 1267 4133 genuit.
1296 4063 1408 4119 Cur
1437 4063 1622 4118 misit?
1656 4078 1781 4133 pro-

201 4165 326 4226 pter
379 4166 717 4225 peccatores.
774 4154 884 4211 Cur
934 4156 1129 4213 misit?
1174 4166 1399 4225 pr0pter
1450 4156 1624 4209 Adam
1685 4155 1779 4224 qui

202 4248 519 4303 mandatum
553 4251 900 4319 contempsit.
934 4248 1096 4304 Venit
1124 4264 1255 4318 ergo
1292 4250 1382 4318 qui
1436 4250 1674 4304 ohedivit
1711 4249 1780 4303 ad

204 4340 322 4395 haec
356 4358 369 4393 :
406 4352 463 4395 et
495 4341 772 4409 judicatnr
799 4342 963 4407 judex
994 4343 1062 4395 ob
1090 4342 1513 4395 condemnatum
1548 4358 1562 4394 :
1603 4340 1780 4393 cruci-

202 4433 390 4501 ﬁgitur
417 4433 521 4487 vita
546 4449 642 4503 pro
669 4444 882 4487 mortuo
916 4452 927 4485 :
952 4443 1252 4488 coronatur
1274 4432 1445 4501 spinis
1470 4431 1775 4502 gloriosus:

201 4524 340 4578 bibit
376 4523 466 4588 fel,
502 4523 622 4577 fons
659 4526 853 4579 dulcis.
886 4523 1025 4589 Quid
1078 4526 1416 4577 inveniemus
1461 4524 1527 4577 ad
1580 4538 1777 4592 reprae-

198 4617 561 4671 sentandum?
595 4618 866 4686 quomodo
913 4634 1133 4687 agemus
1186 4618 1430 4688 gratias?
1459 4616 1575 4672 Non
1622 4616 1772 4673 sufﬁ-

197 4710 350 4763 ciunt
381 4710 571 4779 lingua:
604 4722 822 4773 nostrae,
843 4728 946 4764 non
982 4713 1338 4776 ora,etiamsi
1369 4710 1573 4765 fuerint
1602 4712 1769 4765 mille.

195 4799 315 4854 Non
344 4800 634 4857 sufﬁcimus
681 4818 802 4866 nos,
842 4802 1120 4869 adjutores
1145 4819 1473 4873 quaeramus.
1504 4803 1774 4872 Adjuvent

197 4906 299 4947 nos
331 4896 503 4962 angeli
539 4913 553 4949 :
601 4897 879 4951 nobiscum
924 4899 1156 4966 gratiam
1190 4900 1419 4952 reddant
1452 4907 1508 4953 et
1539 4904 1773 4955 archan-

198 4984 328 5052 geli,
384 4999 442 5038 ut
497 4996 553 5040 et
599 4988 699 5055 ipsi
759 4990 1047 5057 gaudeant.
1104 4988 1162 5043 Si
1203 4991 1419 5059 quidem
1480 5000 1535 5045 et
1590 4992 1771 5046 omnis

195 5088 452 5139 creatura
511 5091 701 5149 parata
742 5092 843 5136 est.
890 5083 1130 5137 l‘arturit
1163 5086 1306 5138 enim
1350 5095 1403 5139 et
1462 5085 1769 5156 ingemiscit

197 5178 254 5225 ct
285 5183 564 5239 exspecmt
596 5182 834 5226 nostram
872 5178 1120 5243 salutem,
1167 5188 1226 5231 ut
1258 5187 1310 5231 et
1356 5179 1469 5245 ipsa
1506 5179 1769 5234 liberetur

201 5274 233 5315 a
264 5263 465 5317 dolore.
502 5263 785 5320 Liberatur
816 5268 958 5319 enim
990 5280 1043 5323 et
1081 5270 1160 5324 sol
1190 5286 1257 5323 ne
1286 5271 1423 5323 ultra
1465 5271 1723 5326 adoretur
1751 5290 1765 5327 :

200 5367 255 5411 et
313 5358 460 5422 luna,
524 5378 591 5415 ne
653 5364 767 5430 ipsa
821 5364 1181 5419 calumnietur
1213 5385 1240 5421 τι
1296 5370 1549 5423 deitate:
1596 5370 1769 5425 stella:

198 5452 384 5516 etiam,
434 5463 490 5505 ut
538 5470 641 5507 non
673 5459 1111 5513 contaminemur
1156 5458 1346 5516 hostiis
1382 5482 1392 5516 :
1430 5474 1487 5517 ut
1512 5465 1624 5533 jam
1660 5482 1767 5521 non

198 5543 339 5597 male
390 5546 653 5599 conﬂetur
705 5561 986 5619 argentum
1042 5571 1053 5605 :
1107 5568 1319 5622 aurum,
1358 5569 1414 5612 ut
1462 5576 1568 5616 non
1618 5564 1767 5619 coin-

836 5666 879 5694 ⁷⁸
908 5667 923 5718 ι
959 5667 1097 5723 Tim.
1122 5685 1195 5737 γι,
1230 5672 1317 5727 l6.

269 5774 379 5897 (83‘)
413 5773 511 5829 Ms.
542 5776 808 5835 Con/letur
834 5795 1124 5856 nrgmtum,
1152 5806 1359 5861 aurum,
1401 5808 1453 5850 ut
1485 5814 1587 5855 non
1614 5803 1763 5859 coin-

269 5861 348 5897 me
375 5862 452 5897 ur.

198 5861 452 5914 quatietur.

270 5658 314 5691 "
352 5656 504 5713 Joan.
543 5677 673 5727 xvu,
704 5664 757 5717 5.

1885 3450 1995 3489 non
2052 3438 2240 3503 tacuit,
2290 3438 2383 3492 sed
2432 3437 2747 3509 frequenter
2805 3441 2907 3507 ait,
2963 3441 3117 3498 Erat.
3149 3444 3287 3512 Quid
3330 3450 3476 3503 enim

1885 3524 2030 3579 aliud
2083 3536 2138 3580 et
2193 3525 2416 3581 deberet
2468 3528 2618 3582 dici?
2666 3527 2872 3585 Domus
2932 3531 3065 3586 Dei?
3110 3534 3475 3605 quodcunque

1884 3613 2185 3669 dixerimus
2217 3626 2323 3683 est,
2352 3617 2494 3685 quod
2529 3633 2637 3672 non
2672 3619 2738 3673 de
2768 3619 2909 3677 Filio
2931 3633 3015 3677 est
3044 3640 3057 3676 :
3086 3624 3322 3679 alienum
3356 3627 3472 3697 (85)

1884 3721 1914 3760 a
1946 3707 2034 3761 die
2060 3718 2161 3762 est.
2215 3709 2453 3777 Spiritus
2498 3711 2551 3765 in
2602 3713 2783 3768 medio
2827 3726 3074 3770 noetrum
3106 3727 3189 3772 est
3225 3735 3240 3771 :
3286 3720 3331 3774 si
3366 3736 3473 3775 non

1884 3798 2151 3867 spiritalia
2176 3801 2339 3854 locuti
2373 3801 2661 3867 fuerimus,
2700 3808 3096 3863 contristamus
3137 3810 3387 3878 spiritum
3417 3814 3472 3869 iu

1882 3907 1990 3960 quo
2043 3892 2239 3961 signati
2290 3911 2501 3951 sumus.
2562 3896 2749 3953 Gloria
2807 3898 2927 3964 Dei,
2963 3904 3167 3956 veritas
3210 3906 3329 3969 Dei,
3364 3921 3471 3961 non

1881 3986 2078 4052 quaerit
2106 4000 2133 4037 a
2177 3996 2229 4039 te
2260 3986 2466 4053 laudes,
2498 3990 2595 4044 sed
2625 4006 2724 4045 nec
2752 3992 2820 4045 ab
2843 3994 3072 4064 angelis.
3114 3994 3229 4049 Non
3260 3998 3379 4053 dico
3413 4010 3474 4053 ut

1881 4090 1910 4128 a
1950 4086 2019 4139 te,
2053 4078 2145 4130 sed
2175 4079 2371 4147 quaerit
2409 4096 2438 4133 a
2493 4091 2547 4136 te
2593 4093 2651 4136 ut
2703 4100 2971 4155 agnoscas
3004 4102 3127 4142 eum
3168 4107 3180 4143 :
3213 4093 3473 4157 prodesse

1880 4166 2025 4221 enim
2061 4169 2109 4223 ei
2144 4182 2320 4237 potes,
2356 4172 2399 4226 si
2433 4187 2557 4227 eum
2604 4178 2927 4244 agnoveris?
2979 4191 3071 4235 aut
3106 4181 3299 4238 lumini
3338 4201 3470 4255 pro-

1878 4258 2018 4324 dest,
2051 4274 2176 4315 cum
2228 4264 2416 4317 vides?
2444 4274 2504 4319 ut
2531 4268 2775 4325 dicamus
2804 4272 2930 4341 quia
2972 4284 3023 4328 et
3056 4275 3166 4329 Deo
3208 4278 3473 4347 prodesse

1878 4361 2081 4419 potest.
2138 4354 2278 4408 Deus
2324 4356 2468 4409 enim
2501 4360 2611 4414 vult
2666 4371 2718 4415 te
2747 4377 3046 4432 agnoscere
3079 4382 3158 4422 se.
3208 4368 3467 4440 Cognitio

1878 4468 2024 4520 enim
2078 4469 2170 4524 Dei
2216 4483 2419 4526 mterna
2461 4476 2569 4529 vita
2615 4487 2732 4545 est;
2786 4494 2892 4534 non
2933 4480 3065 4546 Deo,
3114 4484 3209 4537 sed
3257 4484 3344 4540 his
3373 4489 3467 4557 qui

1878 4572 2236 4641 cognoscunt.
2289 4564 2365 4618 Ita
2393 4569 2539 4621 enim
2582 4578 2636 4624 et
2673 4570 2936 4628 Dominus
2969 4580 3308 4644 pronuntiat.
3334 4579 3466 4636 Hazc

1806 4669 1851 4723 ι)
1880 4661 1953 4704 est
1983 4663 2161 4706 autem
2193 4656 2299 4709 vita
2328 4668 2547 4726 aeterna,
2581 4670 2639 4713 ut
2669 4675 2985 4732 cognoscant
3017 4678 3064 4719 te
3090 4668 3261 4723 solum
3289 4689 3464 4726 verum

1878 4743 2067 4806 Deum,
2104 4759 2151 4800 et
2200 4765 2353 4817 quem
2406 4752 2601 4808 misisti
2644 4754 2829 4810 Jesum
2868 4756 3138 4813 Christum
3172 4762 3241 4817 τ’.
3294 4763 3467 4819 Verus

1879 4834 2021 4891 Deus
2064 4848 2148 4893 est
2203 4841 2365 4897 Pater
2411 4844 2465 4898 in
2521 4861 2587 4900 eo
2630 4848 2773 4917 quod
2828 4866 2933 4905 non
2972 4863 3131 4907 natus
3158 4864 3261 4910 est.
3294 4855 3465 4913 Verus

1877 4926 2049 4985 Filius
2077 4940 2161 4985 est
2186 4936 2239 4987 in
2264 4949 2328 4989 eo
2355 4939 2497 5005 quod
2528 4949 2609 4994 est
2640 4942 2968 5011 uuigenitus.
3005 4944 3119 5000 Non
3142 4948 3284 5001 enim
3312 4964 3464 5004 men-

1879 5022 2094 5077 dacium
2139 5028 2323 5091 genuit
2354 5043 2532 5083 verus.
2588 5028 2697 5086 Sed
2745 5048 2906 5089 verus
2958 5034 3124 5090 Pater
3161 5038 3302 5094 Deus
3352 5056 3461 5095 non

1881 5125 2039 5169 natus
2074 5133 2087 5170 ;
2118 5132 2276 5173 \erus
2320 5118 2461 5174 Deus
2492 5122 2661 5177 Filius
2705 5125 3040 5196 unigenitus.
3081 5127 3215 5183 Nam
3248 5142 3303 5186 et
3330 5133 3461 5189 illud

1878 5204 2020 5269 quod
2072 5205 2274 5260 dictum
2324 5220 2454 5263 est:
2496 5210 2653 5265 Solus
2706 5214 2860 5269 habet
2909 5218 3363 5275 immortalitatem
3390 5222 3458 5289 ⁷³,

1876 5309 2065 5349 verum
2098 5307 2197 5353 est.
2229 5302 2273 5353 Α
2300 5304 2595 5371 semetipso
2628 5306 2775 5360 enim
2805 5310 2953 5366 solus
2985 5312 3167 5367 habet.
3195 5312 3301 5368 Sed
3351 5316 3459 5371 sic-

1877 5402 1937 5446 ut
1986 5391 2145 5447 Pater
2181 5394 2347 5448 vitam
2401 5396 2564 5450 habet
2593 5398 2647 5451 in
2697 5402 2991 5472 semetipso
3044 5424 3057 5459 :
3096 5405 3169 5458 ita
3214 5416 3269 5460 et
3316 5406 3458 5463 Filio

1878 5484 2029 5539 dedit
2059 5486 2222 5540 vitam
2277 5487 2477 5543 habere
2530 5490 2581 5543 in
2635 5494 2949 5562 semetipso.
2984 5493 3135 5551 Unus
3168 5512 3297 5567 ergo
3348 5514 3457 5554 non

1876 5587 2060 5646 natus,
2098 5591 2152 5634 et
2201 5596 2338 5634 unus
2380 5581 2715 5650 unigenitus,
2761 5594 2816 5639 et
2864 5602 3003 5643 unus
3050 5589 3287 5659 Spiritus
3325 5606 3457 5649 san-

1944 5806 2057 5873 (84)
2098 5806 2196 5863 Ms.
2230 5808 2293 5861 Ut
2330 5828 2430 5864 non
2464 5831 2593 5868 vane
2626 5819 2991 5875 comburatur.

1944 5879 2055 5943 (85)
2096 5879 2139 5932 Α
2165 5884 2246 5935 die
2279 5894 2372 5938 est.
2404 5882 2568 5941 Forte
2596 5904 2625 5941 a
2650 5886 2757 5941 Deo
2781 5899 2879 5943 est.
