4000 6478
492 400 501 442 ‘.
563 383 705 444 ιοεθ

1262 380 1525 438 ΕΒΞΕΒΙΙ
1560 378 2040 438 CESARIENSIS
2074 378 2222 437 OPP.
2264 380 2444 436 PARS
2480 379 2569 435 IV.
2611 412 2681 421 —
2719 376 3142 436 BOGMATICA.

561 498 841 558 ctuletc
858 496 989 551 dicit
1006 511 1107 550 una
1134 492 1374 548 Ecclesia
1398 511 1411 546 :
1434 493 1537 547 hoc
1560 494 1918 562 consignatur
1951 492 2007 546 in
2036 506 2142 546 uno
2169 497 2218 553 Δ
2243 494 2571 549 sentiantur.
2604 491 2713 547 ista
2740 492 2883 546 enim
2907 500 2995 544 est
3025 499 3229 545 aeterna
3253 492 3384 544 vita.
3412 485 3471 543 In
3493 487 3807 548 δίδοτε-ι

560 590 831 661 baptismo
859 605 875 643 :
902 589 1016 641 hac
1046 586 1244 653 scripta
1268 594 1396 637 sunt
1426 585 1479 637 in
1512 584 1772 653 sanguine
1801 592 2123 651 martyrum,

554 691 617 737 et
640 691 765 734 ante
801 689 1070 748 martyres
1112 676 1167 728 in
1195 674 1459 745 sanguine
1496 673 1719 729 Christi.
1758 670 1870 727 Nec
1903 687 2125 741 spernas

560 772 679 841 ejus
728 770 1050 839 sanguinem
1074 764 1217 833 quod
1257 766 1334 818 tui
1388 773 1608 835 propter
1642 762 1844 819 ell'usus
1874 773 1957 818 est
1988 761 2120 833 (86).

554 864 760 919 'Eﬂ’udit
795 862 938 917 enim
968 873 1123 913 suum
1159 857 1476 928 sanguinem
1517 855 1775 911 Dominus
1803 865 1861 908 ut
1885 854 2123 908 salvare-

555 958 660 1020 ris,
694 964 749 1011 et
777 964 833 1007 tu
866 951 1033 1006 audes
1060 966 1123 1005 ea
1154 952 1333 1005 delere
1369 964 1488 1019 qua:
1524 962 1621 1016 per
1645 948 1964 1017 sanguinem
1996 954 2121 1001 sunt

558 1045 798 1116 scripta?
829 1044 922 1099 sed
946 1043 1089 1114 quod
1120 1058 1216 1113 per
1244 1041 1555 1111 sanguinem
1581 1038 1841 1107 scriptum
1870 1048 1974 1104 est,
2007 1053 2119 1093 non

557 1138 788 1191 deletur.
817 1135 953 1190 Vide
979 1149 1111 1189 sane
1142 1150 1210 1187 ne
1238 1141 1294 1187 et
1334 1142 1391 1187 tu
1437 1131 1503 1185 de
1535 1119 1674 1186 libro
1714 1131 1836 1185 vitae
1864 1132 2111 1187 delearis.

558 1226 732 1280 Adora
762 1240 929 1281 unum
985 1239 1092 1279 non
1137 1235 1343 1287 natum,
1380 1234 1437 1279 et
1464 1240 1633 1278 unum
1667 1224 2021 1294 unigenitum,
2052 1238 2119 1278 ne

464 1322 467 1325 ’
555 1333 781 1387 spernas
810 1332 973 1372 unum
1000 1316 1271 1385 spiritum.
1311 1317 1487 1370 Adora
1523 1316 1763 1379 Patrem,
1795 1326 1849 1370 et
1890 1317 2120 1371 salvabit

549 1417 609 1463 te
627 1408 795 1463 Filius
826 1427 840 1463 :
874 1409 1035 1463 adora
1061 1406 1280 1470 Filium,
1304 1418 1357 1461 et
1380 1408 1638 1476 suscipiet
1661 1418 1712 1461 te
1746 1422 1841 1475 per
1863 1423 1984 1460 eum
2012 1409 2115 1462 Pa-

554 1510 657 1553 ter.
691 1501 959 1555 Confitere
990 1499 1273 1569 Spiritum,
1299 1508 1354 1554 et
1396 1500 1634 1569 impertit
1661 1500 1775 1569 (87)
1806 1500 1899 1555 tibi
1944 1499 2114 1555 Filius

548 1591 835 1663 Spiritum.
901 1591 1027 1646 Haec
1087 1590 1358 1656 dicantur,
1422 1591 1535 1646 haec
1580 1592 1911 1661 cogitentur,
1987 1592 2104 1647 haec

2234 587 2351 643 sine
2392 586 2513 648 lite,
2545 584 2663 638 sine
2688 581 2891 650 iurgio,
2930 581 3049 636 sine
3092 580 3462 635 contentione.
3499 579 3587 635 Ad
3620 593 3804 650 paea-

2230 678 2378 733 enim
2407 690 2505 730 nos
2534 676 2749 729 vocavit
2771 672 2931 728 Deus.
2971 671 3089 740 Ipse
3124 672 3268 726 enim
3302 669 3562 726 Christus
3590 678 3683 725 est
3704 684 3803 741 pax

2230 778 2419 826 nostra
2471 787 2485 823 :
2534 767 2591 821 in
2635 768 2753 837 ipso
2787 765 2963 820 vocati
2995 779 3204 819 sumus.
3239 763 3376 829 Quid
3410 762 3643 817 dimissa
3681 775 3803 832 pace

2228 861 2353 916 lites
2412 857 2776 913 assumimus?
2832 858 2949 912 Non
3009 856 3208 910 audisti
3270 870 3392 911 eum
3453 854 3734 911 dicentem
3786 873 3800 910 :

2226 953 2418 1008 Pacem
2471 967 2639 1005 mecm
2688 956 2758 1003 tto
2809 951 2983 1015 vobis,
3036 964 3215 1017 pacem
3264 963 3437 1001 meum
3498 946 3804 1016 derelinquat

2221 1046 2368 1101 vobis
2410 1044 2498 1098 "l
2529 1042 2696 1098 Suam
2738 1057 2925 1112 pacem
2959 1044 3051 1097 dat
3082 1041 3239 1096 nobis
3286 1040 3574 1105 Dominus,
3609 1046 3667 1094 es
3711 1053 3804 1095 nos

2219 1134 2399 1205 jurgla
2432 1149 2464 1190 e
2508 1141 2695 1188 contra
2733 1133 3059 1188 inducimus.
3107 1131 3257 1186 Finis
3298 1140 3483 1185 autem
3531 1129 3804 1185 sermonis

2224 1227 2329 1281 iste
2364 1228 2453 1283 sit.
2485 1225 2669 1280 Gloria
2701 1227 2793 1279 uni
2833 1241 2938 1279 non
2988 1234 3115 1279 nato
3168 1225 3272 1278 Deo
3313 1238 3410 1293 per
3453 1237 3629 1276 unum
3685 1222 3804 1276 uni-

2224 1320 2462 1387 genitum
2512 1316 2679 1371 Deum
2721 1316 2916 1371 Filium
2963 1316 3055 1370 Dei
3108 1318 3159 1369 in
3191 1330 3299 1369 uno
3329 1314 3539 1385 Spiritu
3586 1324 3802 1377 sancto,

2221 1421 2276 1464 et
2304 1423 2446 1463 ttunc
2465 1416 2521 1463 et
2551 1422 2765 1478 semper
2787 1418 2844 1462 et
2876 1421 2973 1476 per
3001 1406 3183 1462 omnia
3208 1405 3405 1461 secula
3449 1405 3799 1460 seculorum.

2219 1501 2414 1557 Amen.

573 1849 3775 1881 W—M

1628 2044 1983 2133 LIBER
2057 2042 2705 2135 SECUNDUS.

619 2397 749 2454 Puto
770 2399 947 2454 adhuc
976 2412 1137 2453 aures
1167 2396 1405 2466 obstrepi
1439 2410 1589 2450 meas
1609 2409 1641 2449 a
1674 2398 1930 2449 memoria
1976 2396 2119 2450 beati
2150 2406 2193 2461 Β
2224 2393 2484 2453 Dominus
2530 2393 2760 2454 reddens
2802 2414 3019 2455 causam
3048 2401 3131 2455 sui
3163 2401 3426 2456 adventus
3455 2400 3509 2455 in
3557 2402 3781 2470 mundo,

541 2490 695 2545 illius
730 2490 831 2542 viri
865 2488 1006 2558 (88),
1033 2488 1124 2558 qui
1144 2486 1233 2540 illa
1261 2486 1505 2555 religiosa
1538 2484 1845 2554 frequenter
1874 2500 2003 2540 usus
2029 2495 2111 2541 est

542 2593 701 2633 voce.
726 2576 861 2631 Nam
894 2586 949 2631 et
976 2590 1134 2630 aures
1156 2586 1353 2629 vestrae
1374 2575 1550 2627 adhuc
1583 2574 1780 2626 bonum
1812 2572 1926 2636 (89)
1961 2573 2106 2627 illius

538 2670 691 2725 vocis
742 2668 1000 2723 retinent.
1037 2667 1173 2721 Puto
1224 2666 1366 2719 enim
1404 2680 1490 2718 me
1538 2665 1727 2717 audire
1758 2681 1877 2718 eum
1922 2666 2107 2719 dicen-

541 2769 648 2815 tem
684 2777 697 2811 :
729 2756 1037 2827 Unigem‘tus
1073 2756 1165 2810 Dei
1204 2753 1377 2809 Filius
1405 2755 1471 2808 ⁸⁸.
1500 2755 1635 2808 Ecce
1669 2754 1811 2807 enim
1839 2753 1949 2823 (90)
1980 2754 2107 2807 reli-

537 2853 686 2921 ginsa
721 2864 825 2904 vox
856 2863 952 2919 per
975 2865 1036 2901 ns
1057 2849 1172 2917 ejus
1208 2861 1421 2915 semper
1447 2845 1813 2915 premebatur.
1846 2843 2103 2900 Memoria

535 2942 684 2995 enim
738 2949 857 2995 erat
902 2938 1179 3013 Unigeniti
1234 2938 1303 2993 ad
1352 2936 1581 3005 gloriam
1612 2951 1719 2989 non
1764 2937 1874 2990 nati
1906 2935 2102 2991 Patris.

534 3032 853 3101 Audivimus
901 3040 1080 3085 autem
1128 3029 1431 3099 apostolum
1478 3028 1878 3100 praecipientem
1932 3028 2103 3082 hono-

537 3124 648 3180 rari
695 3123 897 3193 duplici
962 3124 1169 3177 honore
1223 3120 1419 3175 debere
1472 3119 1822 3189 presbyteros
1852 3116 1896 3150 “
1942 3132 1958 3169 :
2012 3133 2105 3172 eos

535 3214 772 3269 maxime
800 3214 893 3283 qui
920 3212 1172 3266 laborant
1196 3210 1249 3263 in
1279 3209 1443 3263 verbo
1466 3217 1520 3262 et
1543 3207 1806 3261 doctrina.
1833 3205 1935 3271 Qui
1958 3205 2104 3259 enim

534 3305 850 3375 pudicitiam
899 3303 1047 3366 colit,
1098 3302 1276 3357 bonus
1320 3309 1403 3356 est
1450 3300 1554 3356 sibi
1595 3317 1609 3353 :
1653 3308 1707 3354 et
1742 3299 1834 3367 qui
1868 3298 2101 3367 jejunat,

532 3394 702 3449 etiam
762 3394 807 3448 si
859 3394 1062 3449 bonum
1114 3393 1279 3448 iaciat
1323 3406 1477 3459 opus,
1515 3401 1695 3446 tamen
1730 3392 1876 3446 sibi:
1922 3400 1976 3445 et
2011 3391 2104 3460 qui

533 3488 843 3554 miseretur,
879 3494 935 3542 et
982 3483 1089 3540 sibi
1126 3483 1557 3540 misericordiam
1600 3493 1781 3553 parat,
1818 3491 1876 3538 et
1916 3482 1966 3537 ei
2013 3482 2102 3537 cui

530 3605 759 3674 praebet.
791 3602 894 3670 Qui
923 3611 1104 3656 autem
1136 3600 1455 3672 religionem
1483 3598 1781 3656 secundum
1816 3599 2097 3653 veritatem

530 3695 707 3757 docet,
731 3703 789 3748 et
832 3692 934 3747 sibi
966 3694 1107 3745 viam
1156 3701 1416 3745 sternam
1447 3689 1702 3760 acquirit,
1749 3699 1805 3743 et
1845 3689 2097 3744 omnibus

529 3788 620 3856 qui
646 3788 927 3841 docentur.
957 3782 1079 3838 Non
1112 3793 1197 3837 est
1227 3792 1558 3852 praeceptum
1584 3781 1842 3851 apostolis
1873 3792 1931 3836 ut
1964 3797 2094 3851 pau-
2119 3799 2161 3857 ε

528 3892 688 3950 peres
731 3884 1037 3945 pascerent,
1073 3875 1165 3929 sed
1200 3883 1256 3929 ut
1302 3882 1357 3927 et
1400 3875 1503 3943 ipsi
1543 3881 1919 3942 pascerentur.
1949 3872 2094 3927 Reli-

526 3971 703 4041 gionis
727 3986 855 4040 ergo
885 3968 1196 4038 praedicatio
1232 3966 1401 4035 major
1423 3976 1507 4023 est
1530 3981 1557 4019 a
1581 3967 1950 4022 misericordia
1972 3982 2094 4037 quae

528 4063 587 4119 lit
632 4062 699 4117 ad
744 4063 989 4117 homines
1023 4082 1036 4117 :
1066 4068 1279 4130 oportet
1324 4058 1467 4113 enim
1520 4060 1751 4128 primum
1788 4072 1947 4113 nosse
1970 4074 2091 4113 eum

525 4165 749 4225 propter
784 4168 947 4223 quem
988 4152 1120 4207 ﬁunt
1150 4166 1212 4205 ea
1242 4164 1362 4219 quae
1392 4150 1550 4215 ﬁunt,
1582 4158 1635 4204 et
1670 4149 1741 4202 ita
1781 4149 1958 4205 facere
1990 4150 2093 4203 mi-

525 4242 877 4298 sericordiam
906 4255 923 4293 :
974 4240 1344 4309 unusquisque
1372 4240 1516 4293 enim
1543 4239 1635 4309 qui
1681 4249 1958 4306 operatur,
1987 4239 2090 4295 sibi

524 4335 759 4405 acquirit
790 4348 922 4402 opus
954 4350 967 4385 :
1002 4331 1318 4399 praedicatio
1340 4340 1521 4383 autem
1564 4329 1809 4383 veritatis
1840 4328 1955 4384 haec
1983 4337 2087 4394 est,

522 4436 745 4496 prepter
780 4439 939 4494 quam
971 4434 1024 4478 et
1056 4422 1222 4477 Filius
1255 4422 1401 4476 venit
1437 4422 1491 4475 in
1525 4434 1773 4489 corpore.
1809 4418 1925 4475 Non
1953 4421 2090 4476 dixit

524 4516 808 4578 Dominus,
836 4512 983 4568 Beati
1014 4510 1156 4566 oculi
1183 4523 1372 4564 eorum
1420 4510 1512 4579 qui
1562 4506 1831 4576 jejunant,
1878 4507 1971 4563 sed
2009 4507 2089 4561 vi-

521 4608 785 4669 dentium,
807 4605 1005 4673 inquit,
1033 4618 1095 4657 ea
1126 4616 1245 4672 quae
1269 4601 1462 4655 videtis
1479 4601 1543 4653 “.
1570 4600 1674 4655 Sed
1696 4615 1799 4652 non
1820 4586 1921 4671 ego
1948 4613 2087 4654 nunc

519 4699 689 4753 bonos
722 4709 875 4751 actus
916 4710 1114 4750 accuso
1145 4714 1157 4748 :
1201 4693 1295 4747 sed
1323 4694 1462 4747 sicut
1484 4693 1636 4748 stella
1673 4693 1842 4746 stella:
1872 4691 2086 4761 prmfert

520 4790 713 4861 gloria,
755 4789 827 4842 ita
867 4798 921 4842 et
951 4796 1102 4841 actus
1136 4784 1248 4858 (9i)
1297 4786 1507 4840 actibus
1556 4781 1809 4838 dilIeruut
1860 4785 2081 4837 honore.

520 4883 800 4936 Summum
857 4880 999 4932 enim
1041 4886 1097 4930 et
1132 4876 1478 4945 pracipuum,
1520 4882 1573 4928 et
1611 4874 1841 4942 primum
1896 4874 2085 4926 funda—

518 4978 757 5027 mentum
792 4980 845 5024 et
892 4970 1039 5021 radix
1078 4966 1317 5020 omnium
1342 4980 1564 5034 operum
1591 4980 1710 5034 quae
1744 4967 1897 5030 liunt,
1948 4966 2081 5019 lides

516 5072 601 5118 88t
624 5075 770 5115 vera.
796 5060 930 5114 Dicit
955 5058 1099 5113 enim
1130 5056 1386 5111 Dominus
1409 5071 1424 5109 :
1445 5055 1555 5125 Ego
1575 5066 1788 5123 propter
1815 5057 1910 5110 hoc
1939 5058 2075 5120 veni,

2210 2488 2339 2543 dicit
2364 2490 2485 2557 quia
2526 2490 2647 2544 ideo
2677 2501 2835 2546 natus
2862 2508 3002 2553 sum.
3047 2502 3104 2547 et
3151 2494 3274 2547 ideo
3316 2494 3438 2547 veni
3472 2494 3528 2547 in
3580 2496 3783 2551 mundo

2210 2582 2274 2633 ut
2297 2590 2461 2634 tester
2483 2582 2723 2645 veritati,
2752 2593 2807 2637 et
2833 2594 2888 2636 tu
2915 2584 3150 2638 abnuis?»
3174 2584 3307 2639 Nam
3344 2595 3397 2639 et
3417 2585 3618 2641 Petrus
3653 2588 3780 2642 bea-

2209 2678 2314 2733 tus,
2346 2672 2537 2727 beatus
2578 2674 2781 2728 dicitur
2812 2674 2881 2740 “,
2911 2690 3017 2729 non
3062 2676 3135 2731 ob
3158 2676 3441 2744 jejunium,
3491 2693 3677 2747 neque
3714 2678 3780 2734 ob

2205 2762 2349 2818 aliud
2403 2764 2621 2833 aliquod
2674 2780 2832 2835 opus,
2868 2768 2961 2821 sed
3016 2768 3142 2837 quia
3193 2766 3354 2823 Pater
3401 2769 3454 2823 ei
3512 2771 3781 2826 revelavit

2204 2852 2423 2907 Filium.
2459 2854 2526 2909 Et
2570 2857 2765 2911 iterum
2815 2858 2976 2915 Pater
3006 2860 3207 2928 ubique
3241 2859 3306 2915 de
3347 2859 3488 2915 Filio
3519 2871 3775 2917 testatur.

2202 2942 2335 2998 Nam
2380 2955 2435 3000 et
2488 2947 2541 3000 in
2593 2948 2860 3015 baptismo
2917 2947 3164 3016 Joannis,
3219 2959 3275 3003 et
3310 2953 3363 3004 in
3417 2961 3607 3005 monte
3642 2952 3775 3006 nihil

2201 3037 2345 3091 aliud
2373 3038 2745 3107 proclamavit,
2773 3040 2875 3093 nisi
2900 3055 2913 3092 :
2936 3037 3035 3093 Hic
3066 3049 3144 3094 est
3174 3040 3348 3093 Filius
3371 3055 3516 3095 meus
3549 3042 3779 3097 dilectis-

2202 3131 2388 3195 simus,
2416 3132 2471 3183 in
2508 3146 2609 3199 quo
2646 3133 2770 3185 bene
2796 3133 3083 3199 complacui
3106 3130 3175 3187 ⁸⁸.
3209 3130 3472 3186 Similiter
3497 3143 3556 3188 et
3577 3132 3777 3189 Paulus

2204 3224 2328 3274 dum
2367 3222 2587 3276 doceret
2629 3222 2847 3276 dicebat
2879 3242 2893 3276 :
2940 3218 3363 3279 Fundamentum
3404 3227 3556 3280 aliud
3584 3238 3779 3296 preter

2201 3314 2428 3382 eumqui
2461 3320 2536 3365 est
2557 3314 2757 3380 positus
2795 3330 2942 3367 nemo
2984 3324 3149 3381 potest
3191 3332 3399 3383 ponere,
3424 3328 3623 3386 prater
3649 3334 3774 3375 etu-

2198 3403 2288 3471 qui
2337 3413 2410 3456 est
2459 3400 2695 3456 Christus
2744 3402 2901 3457 Iesus
2922 3404 2991 3459 ".
3050 3402 3109 3459 Si
3158 3405 3325 3475 igitur
3360 3407 3774 3463 fundamentum

2198 3492 2362 3548 fuerit
2386 3494 2616 3560 salvum,
2658 3506 2841 3563 sperat
2886 3495 3175 3551 aediﬁcatio
3216 3498 3355 3551 bene
3411 3500 3685 3568 prolicere
3716 3513 3777 3556 se

2197 3601 2357 3656 posse
2384 3604 2398 3640 :
2434 3587 2480 3642 si
2508 3587 2659 3641 radix
2690 3586 2852 3643 fuerit
2881 3603 3035 3653 sana,
3076 3603 3203 3659 spes
3225 3598 3314 3644 est
3345 3590 3556 3645 fructus
3579 3605 3645 3645 ex
3694 3606 3776 3646 ra-

2197 3679 2301 3733 mis
2333 3680 2596 3747 acripere.
2629 3680 2684 3733 Si
2712 3692 2891 3735 autem
2923 3682 3138 3736 infirme
3152 3680 3772 3749 fueritfuudameatum,

2197 3770 2249 3823 in
2300 3770 2540 3839 periculo
2590 3782 2715 3826 sunt
2770 3786 2833 3826 ea
2880 3787 2999 3841 quas
3053 3783 3508 3843 superponuntur.
3560 3775 3773 3829 Aurum

2193 3864 2336 3917 enim
2388 3862 2534 3933 quod
2567 3878 2731 3933 super
2782 3863 3211 3929 fundamentum,
3254 3876 3311 3920 et
3360 3875 3678 3935 argentum,
3720 3880 3776 3922 et

2193 3960 2523 4029 margaritae,
2576 3970 2633 4016 et
2677 3962 2882 4033 lapides
2926 3965 3172 4033 pretiosi,
3228 3976 3283 4021 et
3329 3964 3535 4031 fenum,
3580 3978 3637 4023 et
3674 3972 3775 4025 sti.

2191 4052 2352 4121 pulte,
2385 4063 2440 4107 et
2471 4053 2613 4124 ligna
2660 4066 2935 4125 ponuntur
2971 4072 2985 4109 :
3029 4058 3164 4113 nihil
3198 4059 3343 4113 aliud
3389 4060 3664 4128 signiﬁcat
3712 4064 3769 4119 in

2193 4145 2296 4200 hoc
2333 4145 2475 4209 loco,
2527 4147 2630 4201 nisi
2669 4148 2885 4216 quidem
2940 4150 3380 4219 praedicationem
3422 4167 3521 4222 per
3570 4169 3766 4209 aurum

2188 4244 2240 4291 et
2286 4247 2572 4307 argentum
2609 4250 2663 4292 et
2716 4239 2920 4309 lapides
2965 4242 3256 4311 pretiosos.
3308 4242 3385 4297 Ea
3422 4254 3608 4298 autem
3643 4261 3768 4316 qua:

2187 4340 2385 4398 praeter
2410 4330 2693 4386 veritatem
2727 4342 2873 4398 sunt,
2906 4334 3013 4404 igni
3063 4344 3252 4405 utpote
3300 4336 3484 4405 digna,
3529 4333 3658 4391 leno
3713 4348 3767 4393 et

2188 4420 2400 4491 stipula:
2424 4431 2481 4477 et
2527 4424 2674 4494 ligno
2707 4426 3061 4494 comparavit.
3092 4427 3209 4480 Non
3256 4428 3404 4480 enim
3436 4428 3576 4481 dixit
3618 4429 3766 4499 Apo-

2187 4512 2392 4568 stolus:
2429 4512 2485 4568 Si
2518 4514 2639 4583 quis
2681 4531 2786 4570 non
2829 4518 3036 4571 dederit
3066 4519 3311 4589 pauperi,
3348 4520 3643 4575 anathema
3668 4524 3761 4579 sit.

2187 4604 2301 4659 Non
2339 4608 2443 4673 ista.
2466 4608 2668 4678 denego
2712 4625 2727 4664 :
2768 4610 2862 4664 sed
2895 4624 3015 4677 quae
3054 4611 3227 4674 prima
3258 4622 3406 4675 sunt,
3444 4614 3663 4680 prima;
3708 4625 3763 4670 et

2184 4711 2307 4765 qua:
2363 4701 2638 4764 sectmda,
2690 4701 2946 4754 secunda.
3004 4698 3188 4756 Primo
3232 4704 3488 4759 condisce
3540 4716 3761 4777 propter

2183 4802 2344 4857 quem
2380 4787 2536 4854 facis,
2570 4802 2625 4845 et
2657 4792 2727 4844 ita
2768 4792 2944 4847 tacito.
2974 4791 3119 4846 Multi
3152 4796 3293 4848 enim
3331 4796 3611 4851 hominum
3660 4813 3757 4867 pe-

2184 4880 2401 4933 coribus
2449 4891 2575 4934 sunt
2624 4881 2831 4937 similes
2871 4900 2885 4935 :
2934 4892 3123 4952 putant
3154 4898 3262 4937 non
3292 4899 3415 4939 esse
3446 4888 3758 4942 necessaria

2183 4986 2425 5042 quaerere
2458 4972 2523 5026 de
2556 4974 2642 5028 his
2665 4988 2786 5043 qua:
2817 4976 3092 5044 possibilia
3121 4986 3246 5030 sunt
3270 4990 3604 5047 quaerantur.
3638 4978 3759 5037 Sic-

2181 5072 2241 5117 ut
2260 5078 2392 5135 ergo
2417 5066 2483 5121 de
2510 5067 2596 5121 his
2623 5082 2742 5135 quae
2771 5076 2994 5135 possunt
3016 5070 3208 5139 queri,
3243 5070 3495 5125 inertium
3523 5080 3608 5127 est
3647 5088 3755 5128 non

516 5167 561 5207 et
592 5162 801 5224 propter
824 5152 919 5207 hoc
948 5162 1102 5205 status
1133 5166 1272 5216 sum,
1310 5160 1366 5204 ut
1406 5160 1558 5205 tester
1601 5151 1807 5203 veritati
1837 5152 1906 5204 ’“.
1956 5148 2073 5221 Ipse
2104 5146 2148 5201 D
2175 5168 2450 5226 quaerere;
2505 5156 2583 5211 ita
2627 5155 2693 5211 de
2748 5156 2831 5210 his
2863 5170 2982 5226 qua;
3028 5172 3135 5213 non
3186 5171 3407 5212 necesse
3439 5168 3524 5212 est
3559 5161 3755 5229 quati,

565 5337 923 5402 "°Joan.xtv,
973 5338 1102 5406 27._
1167 5338 1215 5371 ”
1249 5339 1405 5394 Joan.
1452 5356 1491 5406 ι,
1550 5338 1647 5405 18;
1710 5355 1794 5400 ιιι,
1842 5338 1931 5396 18.

2059 5341 2144 5394 ιιι
2176 5343 2316 5395 Tim.
2352 5357 2407 5407 v,
2441 5343 2529 5398 l7.

2627 5343 2672 5375 ε’
2698 5342 2827 5399 Luc.
2864 5360 2923 5409 ι,
2957 5344 3048 5400 25.
3181 5344 3405 5401 “Joan.
3449 5361 3615 5414 xvnt,
3661 5346 3751 5403 37.

515 5408 563 5441 “
592 5410 777 5463 Matth.
828 5397 938 5474 xvi,
979 5397 1102 5463 17.’
1142 5410 1188 5442 ⁸⁵
1216 5408 1401 5464 Matth.
1434 5397 1515 5475 ui,
1550 5397 1646 5474 Πξ
1684 5397 1817 5478 xvti,
1848 5413 1901 5466 5.
1980 5412 2028 5445 “
2069 5413 2092 5467 Ι

2208 5429 2252 5468 r.
2289 5429 2370 5477 Ill,
2396 5397 2483 5471 ll.

586 5524 695 5594 (86)
737 5526 836 5579 Tui
857 5527 1298 5595 propter."Evsxa
1318 5526 1433 5590 σοῦ,
1462 5526 1656 5581 iterum
1681 5526 1818 5581 infra
1850 5531 1950 5585 sub
1976 5530 2071 5585 lin.

514 5592 713 5665 libuit,
740 5595 815 5665 De
836 5592 893 5650 eo
920 5592 1057 5665 quod
1083 5599 1158 5650 ait
1182 5598 1343 5651 Deus.

586 5662 699 5734 (87)
740 5662 997 5731 Impert’it.
1025 5665 1187 5723 Forte
1216 5670 1489 5734 impertiet.

585 5733 701 5804 (88)
741 5734 883 5789 Beati
908 5737 1051 5790 illius
1074 5739 1191 5793 uiri.
1228 5733 1512 5807 Pamphili.
1544 5751 1603 5795 nt
1630 5738 1794 5795 Henr.
1823 5740 2070 5797 Valesius

511 5816 733 5871 censet;
762 5821 857 5861 nos
902 5809 1195 5878 Agapetum
1244 5812 1421 5879 potius
1452 5823 1703 5882 putamus
1733 5811 1950 5869 Eusebii
1976 5818 2070 5871 de-

2181 5545 2475 5604 cessorem,
2508 5531 2574 5604 de
2624 5546 2731 5599 quo
2765 5531 2966 5604 Euseb.
3027 5532 3122 5587 lib.
3176 5547 3247 5587 vn
3306 5531 3449 5588 Hist.
3499 5547 3620 5604 cap.
3654 5530 3745 5597 δε.

2182 5603 2247 5657 de
2283 5603 2471 5656 eodem
2508 5603 2665 5655 beato
2689 5603 2803 5656 viro
2831 5603 2971 5657 intra
3003 5604 3106 5657 col.
3140 5603 3296 5658 1065.

2249 5672 2361 5741 (89)
2400 5672 2901 5744 Q0num.Vale_sius
2928 5672 3049 5744 legit
3081 5691 3288 5728 sonum.

2248 5744 2360 5808 (νυ)
2402 5741 2535 5795 Ecce
2564 5743 2720 5795 enim.
2772 5741 3010 5797 Valesius
3042 5743 3170 5809 legit
3200 5746 3309 5798 haec
3336 5745 3495 5803 enim.

2249 5811 2360 5889 (9i)
2405 5813 2523 5882 δίδη
2554 5812 2746 5871 Pra’est
2776 5816 2969 5884 gloria,
2998 5816 3070 5869 ita
3093 5827 3138 5870 et
3172 5828 3345 5869 actus.
