4000 6476
173 460 312 517 {Mi

1080 453 1168 511 DE
1202 454 1359 514 FIDE
1388 458 1763 516 ADVERSUS
1802 456 2219 515 SABELLIUM.
2260 488 2331 502 —
2366 454 2494 513 LIB.
2536 458 2603 515 ll.

3345 463 3485 521 1063

187 576 420 629 audacia
440 585 515 631 est
529 570 872 643 quatendi.
902 572 1038 640 Qum
1060 587 1191 644 ergo
1215 575 1413 631 debent
1444 577 1654 645 quaeri?
1682 592 1800 647 quae
1826 583 1874 640 Α
1900 586 1954 632 et
1974 591 2081 631 uos
2111 576 2163 630 in
2188 591 2325 646 pace
2350 577 2582 641 vocavit,
2621 591 2732 632 non
2762 584 2941 633 tamen
2977 578 3045 635 ad
3076 578 3224 635 litem
3256 597 3271 634 :
3303 596 3481 653 pugna

184 664 508 722 invenimus
528 668 583 721 in
612 658 940 731 scripturis
963 666 1138 736 posita
1172 684 1187 721 :
1215 682 1337 736 qua:
1362 678 1541 723 autem
1565 670 1618 723 in
1647 667 1796 723 Scri-

180 754 387 819 pturis
431 770 538 809 non
584 753 939 823 invenimus,
988 771 1097 811 non
1147 772 1477 826 quaeramus.
1538 758 1595 813 Si
1644 761 1790 814 enim

176 857 493 914 oporteret
528 847 680 902 nobis
708 860 838 904 esse
880 850 1117 919 cognita,
1149 851 1336 920 utique
1382 851 1618 920 Spiritus
1660 869 1792 909 san-

174 947 329 993 ctus
378 940 647 1009 posuisset
692 954 758 995 ea
807 942 861 995 in
898 941 1196 1011 Scripturis
1233 961 1247 997 :
1279 957 1386 998 non
1418 959 1607 1000 sumus
1644 946 1789 1001 enim

169 1033 576 1099 sapientiores
620 1048 651 1087 a
699 1034 905 1104 Spiritu
952 1042 1161 1095 sancto.
1204 1036 1264 1092 Si
1314 1035 1515 1092 dixerit
1553 1036 1789 1107 Spiritus

167 1134 437 1180 Sanctus
470 1144 483 1179 :
524 1123 922 1180 Generalionem
961 1126 1076 1196 ejus
1104 1128 1222 1195 quis
1252 1128 1522 1181 enarrabit
1546 1128 1631 1182 ⁸τῖ
1677 1130 1787 1185 noli

155 1230 458 1285 quaerere
492 1232 667 1285 neque
701 1218 769 1271 ab
816 1215 1145 1282 hominibus,
1206 1232 1379 1287 neque
1435 1220 1503 1273 ab
1554 1219 1784 1289 angelis.

157 1305 315 1362 Cur
344 1308 631 1377 abnegavit
674 1306 930 1376 Spiritus.
959 1307 1097 1362 dixit
1128 1308 1273 1363 enim
1306 1309 1430 1379 quia
1472 1311 1784 1379 generatio-

144 1413 334 1457 nem
364 1402 481 1471 ejus
520 1403 641 1470 quis
662 1400 974 1456 enarrahit?
1006 1401 1099 1470 qui
1130 1409 1309 1455 autem
1333 1401 1582 1456 concedit
1609 1400 1783 1471 Spiri-

151 1503 282 1549 tus
314 1508 581 1563 quarrere,
618 1492 763 1548 Unus
791 1492 933 1549 Deus
962 1510 1028 1547 ea:
1050 1509 1153 1563 quo
1186 1502 1308 1547 sunt
1346 1494 1545 1558 omnia,
1566 1504 1618 1547 et
1645 1510 1783 1549 unus

143 1584 267 1638 ‘Do
279 1586 466 1638 minus
485 1582 638 1639 Iesus
662 1600 752 1653 per
773 1600 925 1655 quem
957 1594 1079 1638 sunt
1105 1584 1285 1638 omnia
1312 1583 1358 1615 ⁸⁸
1385 1599 1401 1637 ε
1426 1583 1781 1653 quemadmo-

143 1674 333 1730 dum
364 1686 543 1731 autem
578 1676 747 1731 Filius
792 1691 857 1730 ex
888 1675 1067 1739 Patre,
1094 1676 1256 1731 crede
1288 1677 1336 1731 ei
1370 1678 1461 1745 qui
1512 1676 1682 1741 novit,
1729 1677 1777 1729 ei

145 1769 283 1838 qui
323 1768 584 1823 noscitur.
622 1769 727 1823 Sed
757 1776 810 1821 tu
835 1768 1058 1838 quaeris,
1083 1776 1138 1821 et
1170 1768 1293 1837 quis
1322 1780 1405 1823 est
1428 1769 1522 1837 qui
1552 1770 1779 1838 promit-

1897 682 2003 722 non
2041 667 2223 733 docet,
2272 668 2365 723 sed
2398 668 2588 723 incitat
2621 669 2795 739 magis
2846 688 2859 723 :
2894 672 2960 725 lis
2999 686 3108 727 non
3149 686 3355 737 monet,
3385 675 3481 729 sed

1892 758 2165 814 ﬂammam
2195 761 2465 816 accendit.
2499 761 2789 816 Contentio
2815 773 2995 818 autem
3020 767 3177 835 equis
3205 768 3479 831 convenit,

1892 865 2000 904 non
2033 861 2213 906 tamen
2245 850 2501 908 Ecclesiae
2527 852 2642 910 Dei.
2677 853 2777 921 Qui
2804 855 2954 910 novit
2983 870 3045 911 ea
3070 872 3192 927 quae
3222 856 3483 926 possibile

1890 951 1979 997 est
2028 943 2190 1008 scire,
2234 944 2427 999 doceat
2469 959 2592 999 cum
2637 946 2904 1002 modestia
2953 962 3078 1004 eum
3104 947 3197 1019 qui
3236 950 3476 1019 ignorat,

1890 1047 2000 1088 non
2031 1042 2209 1089 tamen
2248 1035 2602 1091 incitamento
2650 1054 2665 1091 :
2708 1038 3119 1095 incitamentum
3151 1041 3296 1095 enim
3324 1050 3378 1095 et
3406 1042 3473 1095 ad

1888 1136 1954 1178 ea
1989 1138 2112 1192 qua:
2141 1134 2328 1194 aperta
2379 1134 2507 1181 sunt
2553 1129 2954 1185 contentionem
2999 1131 3140 1199 parit
3196 1147 3349 1187 :non
3400 1132 3475 1187 ita

1877 1216 2280 1285 periclitemur,
2329 1218 2424 1273 sed
2460 1227 2574 1274 tute
2606 1219 2917 1289 loquamur.
2962 1220 3020 1276 Si
3052 1222 3184 1291 quid
3209 1224 3473 1291 scriptum

1886 1324 1997 1363 non
2032 1318 2137 1373 est,
2197 1324 2265 1364 ne
2298 1312 2517 1381 quidem
2554 1311 2769 1367 dicatur
2809 1330 2825 1369 :
2872 1314 2919 1369 si
2949 1315 3078 1383 quid
3123 1324 3305 1369 autem
3336 1316 3473 1369 scri-

1885 1411 2038 1472 ptum
2068 1411 2167 1465 est,
2212 1418 2280 1457 ne
2322 1402 2585 1459 deleatur.
2628 1405 2745 1461 Non
2781 1422 2971 1462 sumus
3017 1406 3161 1461 enim
3194 1416 3470 1475 auctores,

1885 1495 1981 1548 sed
2011 1494 2280 1563 discipuli.
2322 1492 2437 1549 Non
2484 1510 2607 1567 quas
2641 1496 2915 1564 volumus,
2962 1499 3058 1554 sed
3094 1514 3158 1554 ea
3199 1499 3471 1570 qualegi~

1884 1600 2005 1639 mus
2044 1604 2055 1639 :
2094 1602 2198 1640 non
2230 1601 2291 1640 ea
2324 1603 2443 1657 quae
2468 1604 2535 1644 ex
2566 1591 2731 1645 corde
2760 1602 2908 1657 sunt,
2932 1592 3027 1647 sed
3056 1605 3119 1645 ea
3149 1609 3267 1662 qua:
3290 1609 3320 1647 ει
3352 1594 3468 1664 spi-

1883 1676 1991 1732 ritu
2024 1672 2076 1730 in
2103 1676 2403 1748 Scripturis
2443 1682 2645 1736 sanctis
2678 1692 2807 1737 sunt
2837 1684 3030 1752 posita.
3066 1685 3199 1752 Quis
3228 1688 3371 1742 enim
3406 1703 3469 1743 es

1885 1777 1939 1822 tu
1975 1769 2067 1837 qui
2119 1770 2254 1825 dicis
2284 1780 2377 1824 aut
2409 1774 2501 1842 qui
2551 1774 2751 1827 sudis?
2789 1774 2902 1828 vult
2950 1775 3147 1846 aliquis
3187 1776 3466 1834 Christum

134 1868 268 1913 tas
329 1875 390 1914 se
427 1859 619 1914 nosse?
647 1860 822 1913 omnis
870 1858 1016 1919 enim
1062 1861 1370 1929 quicunque
1404 1861 1675 1929 promittit
1719 1877 1777 1916 se
1808 1890 1852 1945 Β
1883 1858 2185 1927 honorare;
2236 1870 2295 1916 ut
2338 1862 2451 1916 vult
2512 1865 2626 1932 ipse
2658 1865 2929 1930 Christus,
2971 1882 3077 1922 non
3121 1877 3299 1923 tamen
3324 1881 3383 1925 ut
3406 1882 3463 1926 tu

146 1967 381 2016 nosse,
440 1956 669 2006 mendax
708 1961 810 2006 est.
869 1950 1245 2007 Pronuntiavit
1292 1953 1437 2007 enim
1493 1951 1770 2020 Dominus,

147 2044 345 2113 quod
403 2044 580 2097 nullus
640 2044 782 2098 norit
842 2044 945 2099 nisi
1009 2045 1160 2100 solus
1212 2045 1374 2101 Pater
1429 2043 1667 2113 Filium,
1717 2058 1773 2101 et

132 2134 368 2190 Filius
408 2134 646 2190 Patrem.
696 2136 801 2191 Sed
830 2136 961 2191 dicit
993 2136 1212 2205 quidam
1248 2155 1262 2191 :
1299 2138 1615 2206 lgnoramus
1638 2152 1771 2208 ergo

148 2228 322 2297 quia
354 2237 439 2282 est
472 2226 633 2294 Deus,
665 2234 719 2282 et
762 2229 889 2297 quia
938 2243 1042 2284 non
1078 2242 1238 2284 natus
1267 2239 1370 2296 est,
1405 2240 1460 2285 et
1499 2232 1772 2287 nescimus

151 2321 321 2389 quia
373 2331 429 2375 et
461 2320 627 2373 Filius
658 2332 713 2375 et
752 2322 1056 2391 unigenitus
1091 2331 1176 2377 est
1229 2321 1436 2378 Filius?
1492 2324 1770 2391 Quomodo

153 2424 372 2467 autem
412 2415 680 2468 nescimus
729 2415 853 2483 quia
898 2423 1055 2469 natus
1098 2415 1220 2468 est?
1276 2416 1401 2484 quia
1442 2426 1619 2471 autem
1662 2425 1769 2481 est,

152 2504 373 2559 omnis
395 2502 589 2558 clamat
610 2503 887 2574 Scriptura
922 2524 933 2558 :
965 2506 1416 2575 quemadmodum
1458 2516 1637 2562 autem
1662 2518 1768 2572 est,

158 2602 231 2647 et
272 2603 535 2663 quantum
570 2604 669 2658 est,
696 2595 837 2649 nulla
877 2595 1020 2650 valet
1056 2608 1247 2651 natura
1279 2597 1480 2661 dicere,
1509 2612 1679 2667 neque
1700 2598 1770 2651 de

162 2681 375 2746 Patre,
410 2698 581 2752 neque
620 2686 684 2737 de
707 2683 859 2738 Filio.
896 2684 998 2752 Qui
1022 2685 1164 2739 enim
1200 2684 1376 2739 dixit:
1419 2684 1589 2739 Nemo
1625 2686 1769 2740 norit

169 2772 433 2837 Patrem,
463 2775 564 2827 nisi
604 2774 776 2828 Filius
799 2776 860 2834 θ’,
892 2778 1005 2845 ipse
1037 2777 1170 2831 dixit
1204 2777 1326 2845 quia
1360 2786 1409 2829 et
1440 2775 1641 2829 Filium
1678 2795 1768 2830 ne—

164 2881 270 2919 mo
297 2867 461 2929 novit,
489 2866 588 2919 nisi
616 2866 778 2919 Pater
796 2868 862 2919 9°.
894 2867 1352 2933 Quemadmodum
1381 2868 1524 2921 enim
1551 2869 1768 2937 capiunt

170 2971 246 3011 ea
274 2973 397 3027 qua:
425 2973 521 3026 per
550 2958 742 3012 Filium
775 2958 913 3013 facta
945 2968 1089 3023 sunt,
1124 2974 1283 3013 nosse
1319 2975 1440 3013 eum
1480 2975 1572 3027 per
1606 2974 1763 3027 quem

172 3062 239 3105 et
268 3051 412 3106 facta
447 3052 610 3105 sunt?
658 3051 713 3106 Si
758 3052 920 3117 igitur
948 3052 1235 3121 imaginem
1279 3066 1384 3107 non
1417 3053 1530 3106 nati
1570 3062 1764 3105 natura

176 3156 298 3196 non
337 3144 579 3211 pervenit
612 3158 791 3208 nosse,
822 3144 1268 3210 quemadmodum
1306 3143 1478 3212 ipsum
1503 3144 1765 3211 principa-

1878 1950 1979 2007 vis.
2014 1950 2070 2005 Si
2098 1963 2276 2008 autem
2317 1956 2585 2023 praeteriti
2625 1957 2764 2025 quod
2801 1957 2917 2011 vult
2954 1958 3327 2026 honoraveris,
3362 1961 3463 2017 ho-

1876 2056 1977 2095 nor
2000 2052 2124 2097 tuus
2152 2044 2219 2099 ad
2241 2046 2630 2101 contumeliam
2666 2058 3035 2104 convertetur.
3077 2050 3134 2106 Si
3166 2050 3461 2109 intereme-

1876 2135 1950 2189 ris
1980 2134 2096 2203 ejus
2122 2135 2363 2201 Patrem,
2396 2153 2505 2193 non
2539 2138 2819 2194 bonorasti
2844 2141 3177 2209 progeniem.
3210 2140 3269 2196 Si
3296 2143 3465 2198 inter-

1868 2228 2071 2283 etneris
2109 2226 2332 2292 Filium,
2375 2246 2483 2285 non
2526 2230 2781 2285 dimisisti
2819 2230 3037 2285 Patrem
3086 2219 3139 2286 in
3172 2234 3459 2290 honorem.

1875 2317 1931 2371 Si
1967 2318 2107 2373 enim
2156 2332 2261 2373 non
2298 2319 2499 2374 dixeris
2542 2330 2748 2387 patrem
2787 2320 3025 2387 Patrem,
3059 2331 3113 2377 et
3146 2321 3337 2377 Filium
3368 2321 3463 2378 Fi-

1872 2411 2023 2476 lium,
2082 2427 2258 2481 neque
2311 2411 2527 2466 Patrem
2558 2430 2731 2482 neque
2791 2414 2986 2469 Filium
3024 2416 3323 2470 conllteris.
3356 2415 3460 2482 Qui

1868 2502 2013 2556 enim
2050 2502 2161 2558 haec
2194 2503 2349 2569 dicit,
2384 2504 2505 2558 sine
2556 2504 2670 2559 Deo
2724 2514 2827 2560 est.
2863 2504 2919 2560 Si
2948 2506 3096 2560 enim
3151 2506 3315 2562 Pater
3348 2521 3459 2561 non

1871 2604 1956 2649 est
1981 2595 2141 2650 Pater
2167 2634 2183 2659 ,
2243 2596 2356 2665 ipse
2396 2598 2537 2651 enim
2572 2597 2738 2653 Filius
2781 2606 2840 2651 ut
2886 2599 2995 2663 ais;
3046 2599 3245 2654 iterum
3288 2598 3459 2655 Filius

1869 2701 1975 2739 non
2013 2695 2096 2740 est
2119 2686 2306 2753 Filius,
2344 2688 2459 2757 ipse
2506 2687 2649 2743 enim
2682 2698 2736 2743 et
2770 2688 2933 2743 Pater
2965 2688 3126 2745 Pater
3155 2699 3240 2745 est
3280 2702 3338 2744 ut
3369 2690 3457 2745 di-

1867 2778 1947 2832 cis
1980 2777 2115 2848 (94).
2160 2777 2421 2848 Sequitur
2445 2780 2763 2848 periculum,
2796 2792 2854 2835 ut
2891 2797 3065 2851 neque
3096 2781 3261 2836 Pater
3295 2781 3457 2837 Pater

1869 2868 1961 2933 sit,
2008 2884 2182 2936 neque
2213 2868 2381 2924 Filius
2435 2869 2628 2937 Filius,
2685 2880 2739 2924 et
2790 2873 2919 2941 quid
2962 2871 3311 2927 tenebimus?
3350 2871 3455 2927 Sed

1866 2959 2030 3013 Pater
2055 2959 2216 3015 Pater
2235 2975 2363 3016 vere
2389 2970 2493 3024 est,
2531 2976 2635 3016 non
2672 2977 2838 3016 vacua
2869 2978 2971 3017 vox
3002 2962 3095 3017 sed
3132 2972 3323 3017 natura
3357 2978 3455 3017 ve-

1864 3051 2063 3105 ritatis.
2099 3049 2218 3104 Non
2256 3066 2428 3106 vanus
2458 3066 2661 3113 sermo,
2685 3053 2781 3106 sed
2810 3068 2971 3108 verus
3016 3051 3180 3108 Deus.
3211 3054 3330 3109 Non
3360 3056 3456 3128 qui

1866 3141 2089 3204 dicitur,
2120 3140 2213 3195 sed
2238 3141 2285 3195 is
2318 3142 2409 3209 qui
2433 3150 2518 3196 est
2545 3160 2561 3197 :
2594 3157 2700 3196 non
2724 3155 2790 3196 ex
2828 3143 2913 3197 bis
2941 3158 3063 3212 qua:
3093 3144 3323 3199 dicimus
3355 3146 3457 3200 ﬁn-

176 3232 293 3288 lem
326 3234 438 3305 (92)
468 3236 930 3304 comprehendere
964 3235 1085 3303 quis
1118 3244 1296 3305 potest
1324 3247 1383 3289 ut
1409 3236 1590 3290 norit?
1626 3234 1765 3291 Sunt
1790 3232 1837 3297 C
1866 3231 2030 3299 gitur.
2082 3232 2175 3285 sed
2214 3232 2359 3300 quod
2388 3239 2471 3285 est
2498 3234 2835 3303 agnoscitur.
2887 3232 3047 3287 Pater
3089 3235 3233 3289 enim
3276 3249 3455 3307 neque

180 3326 374 3398 itaque
410 3327 655 3397 quaedam
692 3326 849 3381 nobis
878 3326 1125 3393 dicenda,
1160 3336 1285 3381 sunt
1330 3336 1386 3381 et
1409 3328 1652 3396 quaedam
1692 3325 1767 3381 si-

178 3420 353 3478 lentio
383 3422 623 3477 colenda.
667 3420 805 3475 Sunt
843 3420 1086 3488 quaedam
1118 3419 1172 3473 in
1210 3420 1445 3488 cogitatu
1477 3419 1762 3484 movenda,

179 3520 312 3569 sunt
350 3512 592 3581 quaedam
614 3520 668 3565 et
693 3512 1038 3565 veneratione
1072 3526 1177 3565 non
1209 3512 1493 3568 movenda.
1533 3510 1671 3565 Sunt
1695 3511 1764 3565 de

180 3603 378 3673 quibus
422 3603 676 3658 convenit
722 3601 836 3672 sapi
880 3620 893 3655 :
938 3612 1061 3656 sunt
1108 3610 1164 3655 et
1209 3603 1273 3657 de
1317 3602 1513 3671 quibus
1551 3613 1764 3673 oportet

180 3694 390 3764 paveri.
414 3692 556 3747 Sunt
592 3708 711 3763 qua!
733 3704 958 3762 possunt
994 3693 1177 3761 lingua
1202 3694 1552 3763 interpretari
1587 3714 1600 3749 :
1636 3705 1762 3750 sunt

180 3796 237 3839 et
274 3799 393 3852 qua:
419 3794 646 3854 possunt
681 3784 932 3855 religiose
972 3786 1159 3838 taceri.
1202 3785 1375 3839 Dicito
1413 3799 1570 3850 sane,
1610 3786 1761 3841 Unus

182 3876 327 3932 Deus
352 3891 379 3926 a
411 3891 517 3945 quo
566 3885 692 3931 sunt
722 3876 921 3938 omnia,
954 3887 1005 3930 et
1051 3877 1226 3929 nullus
1252 3878 1446 3946 poterit
1470 3878 1761 3946 reprehen-

181 3970 330 4025 dere.
360 3966 417 4022 Si
444 3977 621 4022 autem
643 3976 696 4021 et
721 3967 1122 4035 reprehenderit
1145 3968 1283 4037 quis,
1314 3982 1415 4021 non
1446 3978 1495 4021 te
1518 3970 1608 4022 sed
1635 3980 1756 4021 eum

180 4058 274 4130 qui
302 4058 541 4127 scripsit.
575 4057 631 4112 Si
673 4069 851 4112 autem
882 4072 934 4113 et
975 4058 1197 4112 Pauluw
1222 4060 1313 4128 qui
1347 4061 1565 4127 scripsit
1596 4058 1757 4111 audet

180 4152 305 4221 quis
330 4151 748 4220 reprehendere,
778 4166 883 4205 non
916 4151 1161 4216 Paulum,
1194 4152 1287 4206 sed
1325 4166 1447 4205 eum
1480 4152 1571 4219 qui
1608 4166 1753 4205 sem-

177 4254 277 4310 per
311 4240 366 4294 in
396 4254 519 4294 eum
562 4238 675 4308 (93)
713 4243 920 4295 locutus
965 4251 1049 4296 est
1085 4240 1337 4296 Christus
1383 4240 1749 4308 reprehendit.

181 4330 239 4386 Si
262 4340 444 4384 autem
467 4328 667 4384 Christi
698 4331 860 4384 verba
892 4332 1288 4401 reprehendere
1313 4328 1434 4397 quis
1457 4329 1619 4383 fuerit
1656 4345 1755 4381 au-

178 4438 293 4488 sus,
322 4423 437 4491 ipse
463 4424 599 4475 dixit
626 4422 877 4477 Christus
925 4441 939 4475 :
974 4422 1103 4487 Quae
1152 4438 1243 4491 ego
1279 4422 1467 4491 loquor
1498 4438 1602 4474 non
1629 4429 1751 4473 sunt

168 4530 313 4580 mea,
354 4516 443 4567 sed
469 4512 632 4567 Pater
661 4516 748 4585 qui
771 4516 907 4569 misit
944 4531 1045 4580 me,
1074 4516 1183 4582 ipse
1212 4515 1445 4585 loquitur
1470 4531 1563 4582 per
1585 4531 1662 4568 me
1680 4514 1747 4566 ⁹¹.

178 4605 389 4661 Etenim
428 4619 601 4673 neque
641 4605 867 4674 gentiles
900 4620 1106 4670 sumus,
1151 4620 1324 4675 neque
1347 4604 1541 4671 Judaei,
1578 4620 1752 4674 neque

178 4699 441 4754 haeretici.
482 4697 723 4753 Gentiles
754 4700 894 4753 enim
928 4713 1031 4752 non
1074 4715 1277 4766 sumus,
1319 4700 1448 4769 quia
1483 4715 1586 4753 non
1618 4700 1767 4755 dici-.

178 4805 296 4845 mus
321 4789 471 4845 deos.
499 4788 667 4843 Judmi
692 4805 797 4844 non
822 4804 1029 4855 sumus,
1054 4790 1177 4858 quia
1204 4801 1259 4844 et
1278 4789 1553 4846 Christum
1581 4792 1746 4846 Deum

175 4877 515 4933 conﬁtemur.
568 4875 818 4932 Hieretici
853 4889 1033 4933 autem
1066 4880 1186 4933 ideo
1226 4895 1331 4934 non
1376 4896 1587 4946 sumus,
1623 4883 1748 4950 quia

173 4967 501 5023 conﬁtemur
530 4968 689 5021 istum
731 4983 851 5023 esse
878 4968 970 5038 qui
1014 4968 1182 5033 venit,
1214 4983 1373 5037 quem
1408 4969 1749 5039 praeveniens

180 5059 343 5114 Vetus
373 5057 777 5113 Testamentum
820 5074 915 5130 per
945 5064 1235 5128 prophetas
1279 5062 1590 5129 praedicavit
1621 5076 1749 5115 ven-

178 5158 377 5204 turum.
420 5148 477 5203 Si
510 5149 632 5217 quis
661 5150 803 5203 enim
839 5148 1072 5204 noluerit
1111 5151 1281 5215 litem,
1334 5164 1469 5219 opus
1504 5166 1607 5205 non
1648 5156 1747 5206 ha-

177 5242 287 5297 bet.
331 5239 700 5312 Estquzedam
758 5241 1020 5298 dubitatio
1080 5243 1221 5298 inter
1271 5242 1467 5299 fratres
1516 5263 1529 5299 :
1574 5245 1750 5316 primo

176 5346 299 5388 eum
335 5331 600 5401 charitate
632 5344 927 5403 quaeratur,
954 5344 1015 5387 ut
1038 5333 1178 5389 inter
1211 5334 1426 5390 fratres.
1459 5334 1573 5390 Non
1604 5338 1748 5392 enim

176 5423 532 5481 dissensionis
576 5435 660 5480 est
696 5426 836 5481 Deus
880 5436 976 5481 aut
1026 5427 1141 5495 irae,
1177 5429 1267 5482 sed
1312 5429 1461 5497 pacis
1490 5430 1537 5461 “
1573 5448 1586 5484 :
1619 5430 1749 5500 quia

1866 3344 1931 3383 ex
1961 3328 2088 3394 alio,
2113 3344 2288 3399 neque
2313 3344 2407 3399 per
2448 3329 2633 3397 alium,
2666 3347 2843 3401 neque
2882 3332 3048 3397 aliud,
3081 3336 3175 3388 sed
3220 3335 3341 3404 ipse
3367 3342 3456 3389 est

1865 3423 1957 3489 qui
1982 3430 2083 3477 est.
2124 3421 2289 3479 Forte
2318 3424 2463 3479 enim
2513 3435 2568 3480 et
2593 3441 2660 3480 ex
2697 3425 2991 3495 semetipso
3024 3435 3078 3480 et
3118 3441 3215 3496 per
3246 3435 3454 3482 semet-

1864 3514 2038 3583 ipsum
2062 3534 2077 3583 ;
2104 3516 2259 3573 nobis
2288 3518 2687 3588 quodammodo
2719 3520 3053 3575 conveniens
3078 3530 3163 3575 est
3190 3535 3372 3575 sermo
3394 3528 3453 3575 ut

1864 3605 2097 3662 dicatur.
2138 3606 2379 3663 Necdum
2438 3618 2617 3664 tamen
2662 3610 2755 3664 illa
2801 3610 3194 3680 interpretatur
3234 3622 3449 3680 natura.

1863 3693 1973 3749 Nos
1991 3696 2137 3749 enim
2160 3705 2217 3751 ut
2242 3713 2349 3752 non
2383 3707 2657 3755 taceamus
2678 3700 2800 3755 ideo
2826 3679 3077 3755 dicimus.
3106 3679 3250 3767 Quid
3266 3712 3451 3758 autem

1862 3795 1944 3840 est
1972 3784 2115 3840 Deus
2153 3800 2260 3840 non
2295 3788 2718 3857 interpretamur
2746 3806 2759 3843 :
2795 3787 2925 3856 quid
2953 3788 3099 3841 enim
3144 3790 3336 3841 horum
3367 3790 3451 3841 in-

1865 3878 2183 3945 terpretatio
2218 3887 2301 3931 est
2335 3876 2453 3943 Dei,
2491 3878 2608 3934 sine
2641 3878 2818 3944 initio,
2860 3892 2967 3931 non
3004 3888 3186 3941 natus,
3223 3879 3451 3931 immor-

1863 3969 2007 4036 talis,
2043 3971 2409 4038 iucorruptus,
2440 3970 2819 4034 immutabilis,
2852 3970 3167 4033 immobilis,
3201 3971 3447 4024 inacces-

1859 4060 2055 4124 sibilis,
2088 4061 2492 4127 inenarrabilis,
2542 4061 3150 4131 incomprehensibilis?
3185 4060 3291 4115 Per
3331 4061 3449 4115 huic

1858 4168 1988 4222 ergo
2016 4155 2195 4208 omnia
2250 4169 2358 4209 non
2386 4165 2468 4209 est
2495 4154 2703 4208 dictum
2752 4155 2881 4223 quid
2917 4164 3021 4219 est,
3049 4156 3141 4207 sed
3170 4153 3298 4223 quid
3337 4166 3446 4207 non

1857 4254 1941 4299 est
1984 4262 2000 4299 :
2042 4246 2188 4301 velut
2238 4247 2432 4317 siquis
2462 4247 2815 4316 interpretari
2849 4262 2957 4301 non
2992 4245 3264 4300 suilicieus
3299 4245 3445 4314 quod

1855 4345 1941 4390 est
1982 4336 2184 4403 lumen,
2236 4336 2383 4390 dicat
2411 4339 2555 4405 quod
2588 4352 2693 4392 non
2728 4346 2812 4391 est
2846 4338 3218 4390 tenebrosum.
3254 4334 3445 4389 Dicere

1855 4439 2035 4483 autem
2062 4430 2204 4498 quod
2231 4431 2571 4483 tenebrosum
2604 4443 2708 4482 non
2730 4437 2831 4494 est,
2870 4442 2976 4481 nou
3012 4427 3185 4480 solum
3219 4438 3321 4477 non
3346 4439 3443 4478 ex-

1858 4522 2033 4576 hibuit
2057 4532 2308 4576 naturam
2342 4520 2583 4583 luminis,
2619 4522 2712 4574 sed
2743 4529 2798 4573 et
2826 4520 2997 4587 magis
3033 4520 3267 4585 ipsarum
3298 4525 3442 4568 tene-

1853 4612 2075 4665 brarum
2115 4620 2366 4665 naturam
2400 4612 2638 4680 negavit.
2683 4609 3013 4663 Immortalis
3040 4607 3184 4661 enim
3217 4606 3436 4672 dicitur,

1853 4704 1978 4772 quia
2012 4718 2116 4757 non
2140 4704 2425 4769 morietur,
2460 4713 2513 4759 et
2540 4704 2885 4769 incorruptus
2915 4702 3040 4770 quia
3070 4716 3175 4755 non
3199 4714 3439 4754 corrum-

1853 4796 2016 4862 pitur.
2046 4792 2165 4847 Non
2209 4806 2387 4858 natus,
2430 4794 2521 4861 qui
2548 4792 2760 4847 initium
2795 4806 2901 4846 non
2931 4790 3113 4845 habet.
3152 4788 3277 4843 Hzec
3314 4802 3435 4843 om-

1851 4885 1939 4938 nia
1969 4900 2074 4939 non
2106 4883 2237 4954 quid
2271 4894 2353 4938 est
2391 4884 2533 4939 Deus
2564 4884 2719 4947 dicit,
2767 4883 2863 4938 sed
2913 4882 3040 4951 quid
3073 4896 3177 4934 non
3204 4890 3308 4939 est.
3354 4879 3433 4936 Ita

1852 4992 1949 5047 per
1982 4991 2047 5030 ea
2079 4992 2199 5046 quae
2232 4977 2465 5031 dicimus
2503 4977 2623 5032 sine
2655 4976 3107 5045 interpretatione
3145 4988 3269 5027 eum
3298 4988 3435 5028 con-

1845 5069 2082 5126 ﬁtemur.
2118 5068 2178 5124 Si
2215 5070 2511 5125 dixerimus
2539 5081 2663 5123 eum
2690 5068 2895 5123 fontem
2932 5067 3203 5130 veritatis,
3239 5080 3436 5122 nomen

1847 5160 2130 5215 veritatem
2154 5176 2262 5215 non
2288 5160 2527 5215 exhibet.
2571 5157 2679 5213 Sed
2705 5161 2831 5227 quia
2858 5173 2965 5213 non
2992 5158 3254 5211 habemus
3289 5156 3435 5225 quod

1845 5251 2113 5318 dicamus,
2158 5267 2226 5308 ex
2281 5254 2366 5307 his
2412 5268 2534 5322 quae
2583 5254 2848 5307 habemus
2888 5250 3157 5313 dicamus,
3205 5250 3434 5303 mutuati

1847 5342 2039 5397 alienis
2072 5343 2383 5399 nominibus
2420 5343 2535 5415 (95)
2568 5346 2771 5399 utimur
2808 5359 2821 5393 :
2866 5340 2985 5396 fons
3008 5340 3152 5394 enim
3180 5340 3421 5405 επηοεεὶ-

1848 5443 1937 5487 tur
1975 5434 2117 5489 unde
2148 5444 2252 5499 est,
2284 5433 2426 5491 Deus
2456 5445 2635 5488 autem
2673 5447 2781 5488 non
2819 5432 2983 5488 habet
3011 5431 3185 5495 unde;
3219 5438 3274 5482 et
3312 5427 3435 5482 forts

246 5610 289 5643 "
314 5610 418 5665 lsa.
446 5626 565 5677 Lm,
592 5613 646 5670 8.
721 5611 768 5644 ⁸⁸
801 5612 819 5667 ι
844 5612 968 5670 Cor.
994 5626 1115 5683 vnl,
1138 5624 1193 5671 b.
1266 5613 1310 5648 ⁸⁸
1342 5615 1534 5671 Matth.
1562 5632 1644 5683 ιι,
1668 5616 1759 5673 27.

1867 5619 1880 5651 ⁵
1913 5618 2042 5674 ibid.
2119 5618 2162 5651 ’ί
2187 5618 2343 5675 Joan.
2369 5634 2471 5685 xu,
2498 5618 2588 5674 49.
2664 5620 2710 5652 ⁸⁸
2734 5620 2755 5673 l
2780 5617 2906 5675 Cor.
2949 5633 3061 5681 xrv,
3087 5616 3178 5672 33.

392 5725 761 5803 Principalem,
789 5730 1113 5803 ἀρχέτυπον.

270 5798 357 5867 95)
388 5799 453 5851 In
467 5816 607 5873 eum,
631 5815 736 5873 pro
761 5798 918 5859 sm.
961 5802 1002 5856 ιι
1027 5803 1154 5859 Cor.
1184 5817 1302 5869 xm,
1329 5803 1392 5858 ιε
1420 5804 1501 5858 Au
1535 5806 1743 5873 experi-

180 5878 402 5926 mtum
431 5871 667 5939 quwritis
694 5872 806 5941 ejus
841 5873 927 5943 qui
956 5873 1009 5929 in
1032 5890 1113 5932 ms
1136 5874 1369 5946 loquitur
1401 5871 1679 5932 Christus?

2060 5736 2157 5810 his.
2283 5734 2445 5790 Pater
2469 5746 2565 5810 est,
2598 5746 2652 5810 ut
2674 5736 2828 5810 dicis.

1917 5804 2029 5881 (95)
2063 5808 2161 5867 his.
2194 5808 2455 5863 Humatis
2483 5808 2669 5864 alienis
2695 5804 3014 5862 nominibus.
