4000 6428
590 380 726 438 1063

1283 371 1548 431 EUSEBII
1582 363 2049 427 ωεΑιιιεΝδιδ
2081 366 2234 426 OPP.
2274 356 2456 426 PARS
2489 366 2583 459 IV.
2621 396 2693 409 —-
2722 361 3150 441 QOGIATICA.

583 505 797 553 meatus
819 505 980 563 supra
1010 498 1218 546 meatus
1238 488 1485 552 edundit,
1511 487 1649 543 Deus
1673 494 1850 541 autem
1874 487 1926 540 in
1949 500 2013 540 eo
2030 484 2147 555 ipso
2171 488 2220 546 Α
2244 498 2406 555 quem
2443 492 2569 540 sunt
2610 490 2825 538 cuncta.
2866 479 2983 535 Non
3010 488 3093 536 est
3118 494 3282 533 unum
3318 493 3388 534 ex
3430 476 3719 542 omnibus.
3738 479 3836 537 ad

580 587 726 658 quod
755 594 839 640 est
871 591 1056 638 manet
1081 600 1095 637 :
1131 590 1303 643 neque
1323 580 1467 634 enim
1500 594 1603 639 vox
1626 578 1956 634 conveniens
1987 580 2143 633 inve-

581 680 752 744 nitur,
780 688 954 744 neque
997 670 1332 753 comparatio
1373 670 1693 739 perveniens
1723 669 1790 723 ad
1820 667 1965 722 illam
1990 679 2148 723 natu-

582 782 699 823 ram
724 783 742 823 :
772 766 866 822 sed
889 777 948 820 ut
968 779 1073 819 non
1100 774 1369 817 taceamus
1390 759 1702 828 colligentes
1721 774 1839 829 quae
1855 759 2145 824 habemus;

580 874 705 914 cum
736 868 915 913 autem
948 854 1128 911 omnia
1152 851 1470 917 dixerimus,
1508 862 1637 907 tunc
1670 850 1994 907 confitemur
2022 850 2147 920 quia

577 966 702 1022 qua
726 950 960 1006 dicimus
1010 946 1143 1001 nihil
1192 943 1446 1013 differunt
1482 958 1515 999 a
1554 944 1942 999 taciturnitate.
1988 941 2151 998 Pater

578 1058 651 1097 ex
676 1056 744 1097 eo
794 1038 1108 1109 agnoscitur
1147 1036 1317 1109 ﬁgura
1346 1034 1491 1107 quo'd
1522 1044 1606 1091 est
1645 1049 1750 1091 non
1777 1045 1956 1090 natus.
1998 1032 2151 1089 Unus

579 1133 724 1189 enim
746 1140 829 1188 est
857 1131 993 1199 ipse,
1025 1129 1118 1199 qui
1147 1142 1253 1183 non
1275 1135 1361 1183 est
1391 1128 1460 1181 ab
1488 1125 1596 1182 alio
1639 1144 1655 1181 :
1688 1142 1827 1181 unus
1862 1135 1947 1183 est
1968 1127 2060 1197 qui
2080 1142 2150 1182 ex

578 1238 645 1277 eo
669 1222 811 1292 quod
837 1236 945 1276 non
967 1231 1123 1275 natus
1149 1228 1234 1275 est
1252 1217 1582 1290 agnoscitur.
1609 1214 1725 1272 Non
1756 1216 1924 1273 frater
1944 1217 2015 1284 ei,
2044 1232 2150 1272 non

578 1313 743 1369 Pater
770 1312 975 1377 Patris,
1023 1312 1117 1367 sed
1168 1309 1459 1380 singularis
1509 1317 1701 1363 natura
1748 1318 1875 1363 est:
1922 1308 2059 1380 etin
2087 1322 2151 1363 ea

581 1396 727 1477 qdod
762 1420 867 1459 non
902 1413 1063 1459 natus
1097 1411 1199 1469 est,
1224 1414 1352 1455 vere
1378 1399 1525 1475 solus
1556 1401 1885 1467 ostenditur,
1917 1415 2025 1455 non
2052 1415 2151 1454 na-

584 1503 674 1554 tus
710 1497 871 1553 Pater
903 1516 917 1552 :
966 1496 1033 1550 ab
1083 1494 1184 1550 hoc
1224 1506 1355 1550 sane
1389 1509 1497 1549 non
1543 1502 1674 1550 nato
1716 1503 1968 1549 manente
2006 1492 2153 1561 quod

585 1599 671 1647 est
719 1588 1006 1652 indivisus,
1056 1586 1343 1656 inscissus,
1395 1584 1728 1655 impartitus,
1786 1584 2151 1653 impassibilis,

583 1680 898 1752 unigenitus
932 1686 1019 1735 est
1047 1675 1216 1733 Filius
1248 1686 1408 1732 natus
1435 1693 1449 1731 :
1477 1691 1651 1747 neque
1671 1676 1809 1731 alius
1827 1687 1909 1732 est
1933 1692 2036 1732 non
2068 1691 2155 1730 na-

587 1781 694 1837 tus,
744 1785 916 1841 neque
951 1769 1087 1825 alius
1137 1768 1483 1840 unigenitus;
1536 1771 1630 1825 sed
1669 1784 1809 1824 unus
1850 1770 1955 1824 nOn
1999 1778 2155 1824 natus

584 1862 767 1931 Pater,
798 1872 855 1916 et
884 1877 1025 1916 unus
1051 1861 1360 1931 unigenitus
1376 1860 1565 1916 Filius.
1596 1860 1717 1916 Haec
1739 1876 1844 1915 non
1868 1876 1963 1915 nos
1994 1861 2156 1916 extol-

585 1954 722 2019 lunt,
769 1953 1027 2005 memoria
1060 1950 1205 2005 illius
1252 1952 1391 2006 beati
1425 1951 1547 2005 viri.
1584 1951 1800 2006 Utinam
1853 1963 2029 2006 autem
2082 1953 2155 2006 ita

583 2044 787 2110 possim
819 2040 1017 2106 dicere,
1040 2051 1103 2095 ut
1130 2039 1404 2104 vobiscum
1431 2055 1642 2110 semper
1663 2042 1730 2094 ab
1758 2040 1946 2096 eodem
1972 2042 2157 2096 audie-

586 2130 729 2186 bam.
774 2130 881 2185 Sed
926 2145 990 2185 ea
1016 2146 1134 2201 quae
1170 2146 1313 2186 nunc
1340 2131 1615 2196 dicuntur,
1652 2131 1726 2185 illi
1758 2132 1953 2202 placita
1992 2132 2156 2188 fuisse

586 2219 859 2288 videntur.
902 2220 1082 2277 Gloria
1122 2223 1265 2276 enim
1290 2233 1375 2278 est
1398 2222 1688 2292 proborum
1719 2239 2000 2279 servorum
2026 2240 2153 2280 vera

585 2312 652 2366 de
681 2309 905 2366 Domino
929 2311 1110 2366 dicere
1134 2328 1149 2365 :
1179 2320 1235 2367 et
1263 2312 1435 2367 honor
1457 2327 1642 2366 eorum
1667 2324 1880 2382 patrum
1904 2316 1995 2382 qui
2018 2313 2157 2369 bene

586 2402 907 2467 docuerunt,
931 2403 976 2458 si
1010 2414 1326 2472 repetantur
1354 2419 1540 2460 eorum
1575 2406 1850 2459 doctrinae.
1877 2404 2028 2461 Unus
2051 2407 2153 2476 igi-

586 2502 678 2549 tur
716 2503 799 2548 est
832 2509 939 2549 non
968 2506 1130 2549 natus
1154 2495 1296 2550 Deus
1332 2513 1347 2551 :
1387 2511 1541 2549 serva
1573 2494 1682 2567 (96)
1714 2512 1817 2551 non
1844 2505 2003 2551 natus
2029 2512 2151 2552 cum

587 2584 772 2654 Patre,
806 2596 862 2642 et
893 2602 998 2642 non
1022 2588 1245 2643 habebis
1270 2588 1323 2642 in
1355 2589 1535 2643 anima
1559 2588 1923 2643 confusionem
1955 2604 2151 2644 :serva

590 2676 898 2747 unigenitus
934 2691 1055 2731 cum
1085 2676 1238 2744 Filio,
1264 2686 1317 2732 et
1344 2691 1449 2731 non
1478 2677 1797 2742 turbaberis,
1850 2691 2022 2745 neque
2037 2677 2151 2746 jam

588 2772 698 2825 eris
722 2769 960 2824 incertus
997 2768 1447 2838 quemadmodum
1479 2768 1617 2823 Deus
1662 2777 1718 2821 et
1750 2766 1909 2834 Deus,
1945 2780 2000 2823 et
2042 2785 2151 2825 non

594 2857 711 2914 Dei.
750 2856 887 2924 Quia
942 2860 1085 2913 enim
1122 2856 1322 2911 retines
1344 2872 1483 2912 unus
1518 2855 1659 2912 Deus
1699 2871 1805 2912 non
1860 2869 2041 2925 natus,
2096 2870 2152 2915 et

581 2959 728 3002 ‘unus
756 2948 895 3002 Deus
921 2946 1267 3016 unigenitus;
1297 2947 1414 3002 ideo
1437 2962 1542 3002 non
1566 2948 1662 3014 dii,
1684 2948 1810 3019 quia
1838 2964 2017 3019 neque
2044 2966 2148 3007 non

590 3038 732 3102 nati,
762 3052 935 3107 neque
971 3039 1231 3108 unigeniti
1265 3055 1281 3091 :
1319 3053 1477 3093 serva
1523 3038 1750 3109 figuram
1786 3056 1890 3094 non
1923 3041 2051 3105 nati,
2095 3052 2150 3097 et

2245 592 2342 647 per
2358 590 2521 646 quem
2545 583 2675 630 sunt
2716 575 2900 629 omnia
2929 591 2943 628 :
2977 572 3094 641 ipse
3114 586 3144 625 a
3170 570 3330 628 Patre
3375 569 3546 626 habet
3573 569 3728 639 quod
3752 579 3839 627 est

2245 667 2419 724 haeres
2451 681 2602 741 anon
2630 674 2713 721 est
2744 682 2810 720 ex
2843 666 3177 721 hzereditate.
3202 663 3508 719 Consessor
3528 670 3837 717 uouentes

2246 759 2453 830 angelis
2484 758 2575 828 qui
2608 758 2847 823 adstant,
2895 771 3070 824 neque
3108 771 3177 811 ex
3218 754 3565 826 archangelis
3603 771 3620 808 :
3668 752 3837 819 iudex

2247 852 2486 907 omnium
2514 865 2619 904 non
2645 859 2729 905 est
2760 865 2899 906 unus
2926 866 2994 905 ex
3023 850 3107 905 his
3145 848 3237 918 qui
3269 847 3610 917 iudicantur.
3644 843 3729 899 Ne
3757 853 3840 898 as-

2250 947 2437 1002 trahas
2474 958 2723 1001 naturam
2761 961 2888 1017 qua
2926 961 3034 1001 non
3066 944 3299 1005 accedit,
3344 957 3523 1012 neque
3558 940 3835 1011 pervenit.

2249 1037 2418 1105 Quem
2443 1052 2511 1093 ex
2550 1037 2652 1093 hoc
2684 1037 2943 1097 debemus
2968 1050 3163 1102 nosse;
3203 1034 3332 1105 quia
3363 1034 3749 1103 unusquisque
3769 1036 3838 1086 ex

2252 1130 2337 1187 his
2378 1144 2499 1200 qua:
2540 1130 2691 1194 dicit,
2752 1139 2846 1183 aut
2900 1128 3219 1198 sibimetipsi
3260 1126 3484 1199 prodest
3518 1135 3622 1182 aut
3665 1122 3836 1178 biit.

2252 1220 2360 1275 Res
2398 1220 2541 1275 enim
2571 1236 2636 1277 ex
2672 1221 2873 1277 nostris
2922 1220 3259 1276 sermonibus
3298 1232 3404 1273 non
3445 1214 3834 1272 transferetur.

2252 1311 2386 1378 Quia
2416 1312 2575 1382 igitur
2610 1310 2779 1367 Judaei
2810 1325 2914 1365 non
2957 1310 3281 1367 conﬁtentur
3310 1307 3531 1371 Filium,
3569 1320 3683 1362 non
3712 1304 3839 1361 ideo

2252 1421 2359 1459 non
2385 1414 2466 1460 est
2492 1402 2679 1459 Filius.
2715 1401 2981 1459 Judicabit
3017 1403 3162 1459 enim
3183 1414 3277 1456 eos
3301 1400 3395 1471 qui
3424 1414 3532 1454 non
3563 1397 3843 1454 conﬁsu-

2256 1506 2345 1550 tur
2366 1510 2490 1551 eum
2522 1512 2537 1549 :
2566 1494 2692 1562 quia
2725 1494 2939 1563 quidem
2979 1507 3178 1547 novum
3202 1490 3344 1546 istud
3371 1488 3727 1559 sacrilegium
3750 1486 3838 1542 in-

2258 1589 2609 1651 troduxerunt
2633 1588 2895 1650 dicentes.
2946 1587 3197 1642 eumdem
3241 1585 3415 1652 ipsum
3442 1596 3569 1637 esse
3610 1580 3837 1635 Patrem

2257 1695 2414 1749 quem
2440 1690 2494 1735 et
2520 1678 2716 1733 Filium
2752 1696 2767 1733 :
2808 1693 2981 1744 neque
3007 1675 3223 1732 Patrem
3244 1675 3460 1730 Patrem
3495 1674 3703 1739 dicent,
3743 1687 3841 1728 ne-

2258 1783 2364 1839 que
2385 1768 2577 1823 Filium
2607 1767 2804 1823 Filium
2832 1786 2844 1821 :
2884 1767 2976 1822 sed
3004 1766 3301 1822 secundum
3329 1766 3568 1834 ipsorum
3602 1761 3838 1818 sacrile-

2256 1862 2398 1931 gium
2423 1858 2553 1913 nihil
2574 1873 2816 1927 prorsus.
2841 1857 2897 1913 Si
2913 1858 3058 1914 enim
3081 1856 3241 1911 Pater
3260 1870 3365 1912 non
3390 1866 3477 1910 est
3497 1854 3681 1921 Pater,
3707 1854 3837 1924 quia

2258 1951 2370 2019 ipse
2397 1957 2481 2004 est
2509 1958 2564 2003 et
2588 1946 2776 2011 Filius,
2823 1956 2881 2000 ut
2923 1946 3021 2015 ipsi
3052 1945 3396 2016 ﬂagitantur;
3439 1955 3495 1998 et
3525 1942 3698 1999 Filius
3728 1956 3838 1996 non

2255 2041 2446 2105 Filius,
2467 2040 2593 2110 quia
2622 2040 2734 2110 ipse
2764 2047 2847 2093 est
2872 2036 3034 2091 Pater
3061 2055 3075 2091 :
3105 2050 3271 2105 prope
3296 2044 3381 2090 est
3422 2044 3482 2087 ut
3511 2034 3698 2088 dicant
3739 2048 3836 2089 ne-

2255 2147 2359 2203 que
2387 2131 2601 2186 Patrem
2626 2145 2770 2193 esse,
2801 2144 2977 2198 neque
3003 2126 3200 2182 Filium
3234 2144 3248 2180 :
3279 2134 3337 2181 ut
3367 2139 3533 2179 unum
3562 2122 3716 2179 enim
3752 2123 3835 2177 fa-

2252 2227 2395 2281 ciunt
2427 2224 2569 2293 quod
2598 2238 2703 2277 non
2740 2222 2817 2276 fit.
2854 2219 2987 2292 Quis
3010 2221 3154 2274 enim
3192 2216 3389 2289 poterit
3413 2216 3602 2270 audire
3652 2216 3834 2284 ipsum

2252 2334 2311 2375 se
2333 2318 2435 2373 sibi
2467 2330 2587 2371 esse
2631 2314 2887 2377 Patrem?
2925 2312 3046 2383 quis
3095 2312 3293 2383 poterit
3324 2310 3538 2365 Patrem
3569 2310 3750 2377 ipsum
3778 2322 3837 2363 se

2253 2411 2357 2465 sibi
2391 2423 2511 2465 esse
2558 2406 2792 2463 Filium?
2843 2405 2900 2462 Si
2949 2404 3094 2461 enim
3147 2402 3366 2458 voluero
3398 2410 3610 2455 mutare
3646 2414 3837 2455 vocem

2253 2517 2448 2566 meam,
2483 2517 2589 2555 non
2619 2509 2857 2554 mutatur
2880 2507 3117 2552 vestrum
3143 2494 3492 2565 propositum.
3521 2492 3716 2547 Nonne
3739 2506 3836 2561 pu-

2254 2596 2379 2649 tatis
2404 2609 2487 2648 me
2522 2594 2695 2646 aliena
2739 2590 2921 2658 loqui?
2949 2588 3136 2643 Dicam
3167 2601 3297 2657 ergo
3318 2586 3478 2641 Pater
3509 2599 3619 2639 non
3645 2582 3833 2645 Pater.

2252 2694 2307 2738 et
2333 2682 2503 2738 Filius
2544 2696 2649 2735 non
2676 2678 2865 2733 Filius.
2904 2676 3038 2731 Nam
3064 2686 3119 2731 et
3154 2677 3199 2730 si
3224 2677 3433 2740 dixero.
3468 2678 3585 2743 ipse
3612 2673 3720 2728 sibi
3753 2685 3838 2728 est

2251 2775 2430 2840 Pater,
2459 2782 2512 2828 et
2535 2773 2647 2842 ipse
2666 2773 2766 2827 sibi
2791 2782 2875 2825 est
2902 2769 3104 2833 Filius;
3131 2783 3309 2823 nonne
3338 2766 3617 2822 insaniam
3645 2768 3836 2823 statim

2251 2866 2555 2937 signiﬁcant
2578 2879 2857 2919 sermones
2895 2862 3035 2916 mei?
3070 2861 3163 2914 sed
3194 2874 3279 2914 me
3319 2873 3425 2914 non
3463 2869 3677 2913 tantum
3716 2874 3835 2914 mo-

2250 2966 2413 3013 veant
2444 2956 2728 3010 adversum
2773 2968 2869 3008 eos
2897 2952 2987 3020 qui
3013 2951 3286 3013 dixerunt,
3340 2956 3606 3017 quantum
3656 2958 3837 3005 movet

2249 3054 2302 3101 et
2331 3044 2593 3099 adversus
2622 3057 2718 3097 eos
2748 3042 2840 3112 qui
2894 3040 3171 3110 patiuntur
3212 3056 3225 3090 :
3253 3038 3658 3093 calumniantur
3689 3040 3836 3095 enim

587 3128 847 3184 confitere
876 3128 1099 3200 ﬁguram
1129 3130 1416 3201 unigeniti,
1466 3140 1522 3185 et
1558 3132 1699 3185 nulla
1748 3132 1959 3187 turbela
1984 3144 2065 3187 est
2094 3135 2147 3188 in
2178 3162 2221 3221 ε
2254 3135 2322 3188 ab
2366 3134 2557 3187 iisdem
2606 3140 2662 3185 et
2713 3129 3021 3198 Scriptum.
3078 3125 3192 3195 Ego
3232 3143 3251 3179 :
3280 3136 3403 3182 tene
3429 3126 3561 3196 Ego,
3599 3136 3658 3181 et
3680 3142 3841 3183 serva

593 3220 795 3285 medio,
828 3236 933 3275 non
960 3222 1046 3286 lis,
1080 3235 1186 3276 non
1231 3224 1527 3290 contentio,
1557 3240 1664 3279 non
1691 3226 1946 3295 iurgium.
1994 3226 2155 3280 Pater
2195 3219 2206 3221 ⁷
2258 3224 2689 3292 coniunctionem
2733 3240 2753 3275 τη
2784 3220 2896 3291 Ego
2934 3229 2983 3274 et
3030 3219 3191 3273 Pater
3227 3235 3386 3281 minus
3416 3236 3600 3275 sumus
3624 3221 3693 3274 ".
3720 3219 3837 3275 Non

548 3346 553 3353 .
596 3324 705 3363 non
731 3310 833 3365 sibi
864 3310 1089 3365 ascribit
1135 3309 1348 3367 Patrem
1390 3330 1405 3372 :
1446 3313 1615 3370 Filius
1640 3331 1779 3370 unus
1805 3316 1906 3370 sibi
1940 3318 2160 3371 ascribit

595 3398 811 3456 Patrem
844 3419 859 3457 ε
889 3401 1049 3457 Pater
1072 3419 1101 3457 a
1140 3404 1291 3459 nullo
1319 3415 1425 3472 est,
1458 3404 1625 3461 Filius
1654 3409 1721 3462 ab
1747 3423 1853 3463 uno
1878 3418 1958 3462 est
1979 3408 2156 3463 Patre.

595 3490 709 3547 Non
740 3495 1034 3563 suscipiunt
1065 3496 1179 3550 haec
1201 3495 1370 3561 litem,
1394 3507 1487 3553 aut
1508 3498 1708 3553 habent
1737 3498 2155 3556 dubitationem:

2258 3326 2437 3370 tamen
2484 3330 2587 3368 non
2631 3328 2841 3367 sumus.
2893 3312 3175 3367 Contraria
3220 3313 3363 3368 enim
3422 3313 3841 3380 importunitate

2259 3405 2413 3474 plena
2442 3414 2587 3458 sunt.
2637 3403 2804 3457 Filius
2852 3403 3002 3467 dicit,
3056 3403 3198 3474 Ego;
3234 3403 3321 3458 ille
3349 3402 3497 3467 dicit,
3544 3401 3669 3457 Non
3704 3417 3837 3471 ego:

2259 3496 2426 3550 Filius
2460 3496 2609 3558 dicit,
2638 3504 2693 3548 et
2740 3492 2930 3558 Pater;
2979 3493 3069 3547 ille
3092 3494 3242 3558 dicit,
3284 3507 3388 3548 non
3417 3492 3599 3548 Pater.
3638 3494 3837 3560 Unum,

596 3582 664 3640 Ut
692 3598 1005 3657 cognoscant
1041 3588 1088 3642 te
1128 3589 1295 3643 solum
1330 3606 1521 3645 uerunt.
1553 3590 1721 3646 Deum
1746 3591 1793 3623 ⁸⁸
1826 3611 1840 3646 :
1885 3610 1989 3649 non
2033 3596 2158 3663 quia
2262 3588 2455 3657 inquit,
2485 3601 2702 3651 sumus;
2739 3596 2793 3639 et
2818 3585 2905 3640 ille
2940 3595 3150 3649 contra,
3180 3600 3285 3640 non
3318 3601 3524 3642 sumus.
3574 3588 3685 3641 Aut
3711 3588 3839 3658 quid

592 3693 701 3733 non
723 3693 849 3733 vere
868 3688 951 3733 est
978 3680 1281 3750 unigenitus
1305 3680 1475 3739 Filius
1494 3682 1610 3747 Dei,
1641 3686 1735 3739 sed
1758 3686 1883 3755 quia
1905 3700 1933 3737 a
1967 3697 2161 3741 semet-
2262 3680 2519 3747 scriptum
2549 3688 2630 3732 est
2652 3677 2676 3730 ?
2702 3686 2797 3730 aut
2826 3677 2951 3745 quid
2983 3678 3264 3732 delemus?
3289 3678 3532 3747 aut‘quid
3564 3679 3841 3751 legimus?

590 3768 727 3839 ipso,
757 3779 811 3823 et
852 3786 917 3825 ex
947 3772 1258 3841 semetipso,
1285 3781 1339 3826 et
1380 3786 1473 3841 per
1498 3775 1863 3844 semetipsum,
1900 3776 1947 3829 si
1984 3786 2160 3829 tamen
2260 3781 2353 3824 aut
2383 3772 2510 3840 quid
2538 3770 2912 3839 agnoscimus?
2938 3769 3048 3838 Ego
3083 3770 3135 3823 in
3167 3770 3327 3826 Patre
3370 3770 3606 3826 etPater
3646 3775 3699 3825 in
3731 3788 3837 3827 me.

593 3861 667 3915 ita
694 3862 801 3917 dici
827 3863 982 3917 debet
1013 3882 1026 3917 :
1059 3862 1181 3917 fons
1201 3873 1256 3919 et
1281 3862 1604 3933 principium
1627 3867 1867 3920 omnium
1901 3867 2159 3920 bonorum
2263 3862 2379 3918 Non
2412 3873 2587 3917 tamen
2616 3863 2739 3931 quia
2773 3876 2944 3931 neque
2972 3877 3092 3932 ego,
3131 3877 3304 3932 neque
3329 3862 3487 3918 Pater
3520 3884 3533 3918 :
3574 3866 3840 3933 quemad-

592 3963 676 4007 est
713 3951 894 4018 Pater,
925 3955 1014 4022 qui
1051 3955 1234 4023 genuit
1268 3955 1425 4009 talem
1456 3958 1647 4011 bonam
1695 3959 2023 4027 progeniem.
2058 3957 2163 4011 Bo-
2266 3956 2479 4010 modum
2522 3965 2702 4008 autem
2749 3952 2908 4008 Pater
2943 3954 2997 4007 in
3049 3953 3208 4017 Filio,
3258 3965 3311 4008 et
3340 3954 3511 4010 Filius
3565 3955 3621 4008 in
3654 3955 3835 4021 Patre,

596 4059 697 4097 nus
723 4046 865 4099 enim
899 4044 1066 4099 Filius
1090 4059 1195 4108 est,
1217 4046 1311 4101 sed
1334 4048 1475 4101 cedit
1504 4049 1795 4103 bonitatem
1826 4065 1925 4103 suo
1961 4052 2164 4120 genito-
2265 4046 2495 4100 maxime
2517 4046 2735 4115 quidem
2756 4058 2854 4098 cur
2877 4046 3040 4098 audes
3068 4044 3347 4113 quaerere?
3374 4046 3419 4098 is
3434 4045 3581 4099 enim
3609 4047 3702 4115 qui
3729 4046 3835 4117 (97)

594 4134 665 4198 ri,
694 4149 798 4188 non
823 4135 1089 4190 mentiens
1108 4136 1201 4190 sed
1222 4136 1396 4191 sciens
1417 4139 1557 4193 unde
1578 4148 1677 4191 est.
1707 4137 1835 4192 Sine
1864 4141 2160 4209 principio:
2265 4146 2347 4191 est
2373 4140 2424 4190 in
2456 4151 2518 4192 eo
2548 4138 2639 4205 qui
2686 4145 2788 4200 est,
2842 4150 2944 4190 non
2981 4136 3105 4203 quia
3134 4150 3237 4189 non
3280 4135 3699 4207 est'dv'mdtpzet
3729 4157 3742 4194 :
3773 4156 3837 4194 an

592 4225 919 4296 principium
951 4236 1129 4281 autem
1157 4227 1277 4281 dico
1311 4240 1416 4283 non
1450 4237 1767 4298 temporum,
1800 4245 1905 4284 non
1944 4233 2163 4287 saeculo-
2267 4229 2389 4296 quia
2420 4243 2521 4281 non
2544 4238 2623 4282 est
2657 4228 2819 4281 Pater
2848 4240 2904 4281 ut
2935 4229 3004 4282 sit
3046 4229 3098 4281 in
3133 4227 3268 4282 Filio
3288 4228 3635 4299 ἀνυπάρχειῖ
3664 4248 3838 4302 neque

598 4330 756 4381 rum;
791 4316 905 4372 hac
940 4320 1082 4372 enim
1109 4332 1205 4387 per
1239 4316 1433 4373 Filium
1464 4319 1607 4374 facta
1636 4332 1781 4382 sunt,
1820 4331 1874 4376 et
1908 4338 2013 4376 non
2041 4339 2164 4377 cum
2266 4335 2372 4376 non
2400 4331 2481 4375 est
2508 4321 2674 4375 Filius
2703 4321 2795 4389 'qui
2828 4330 2907 4375 est
2942 4322 2991 4373 in
3027 4321 3190 4376 Patre
3217 4321 3509 4391 significat.
3555 4323 3835 4393 Siquidem

595 4407 733 4463 Filio
797 4418 917 4462 nata
973 4426 987 4462 :
1047 4423 1153 4462 non
1219 4417 1425 4463 tantum
1499 4410 1642 4464 enim
1705 4426 1812 4465 non
1880 4421 2006 4467 ante
2074 4412 2166 4467 Fi-
2268 4420 2323 4465 et
2356 4411 2579 4481 apostoli
2613 4412 2893 4465 duodecim
2924 4426 3088 4465 unum
3119 4421 3266 4474 sunt,
3298 4420 3353 4465 et
3382 4414 3750 4481 septuaginta.
3783 4424 3836 4470 et

592 4499 724 4555 lium
763 4541 780 4567 ,
832 4510 889 4553 ut
937 4501 981 4555 si
1036 4500 1193 4554 aliter
1245 4499 1373 4570 quid
1434 4501 1782 4556 introducere
1840 4517 1961 4555 cum
2024 4502 2160 4558 Filio
2192 4488 2237 4542 Ῑ)
2266 4504 2563 4573 quingenti.
2610 4513 2664 4557 et
2715 4512 2823 4555 tota
2862 4502 3096 4557 Ecclesia
3143 4519 3329 4555 unum.
3369 4502 3433 4556 Et
3460 4517 3530 4555 ne
3563 4514 3723 4572 putes
3753 4521 3836 4561 me

594 4591 866 4655 volueris,
920 4606 1025 4645 non
1078 4591 1312 4646 salvabis
1388 4592 1718 4662 unigenitum
1754 4635 1768 4659 ,
1850 4595 1945 4648 sed
2019 4596 2160 4649 sicut
2266 4598 2329 4649 ad
2369 4596 2597 4649 humana
2627 4596 2891 4650 deducere
2920 4597 3102 4649 divina
3142 4612 3157 4648 :
3192 4595 3285 4649 sed
3314 4596 3515 4649 utimur
3553 4611 3836 4665 compara-

594 4682 754 4738 Pater
787 4682 931 4738 solus
980 4698 1085 4737 non
1134 4693 1291 4738 natus
1335 4694 1439 4750 est,
1487 4696 1542 4738 et
1601 4686 1645 4740 si
1702 4686 1906 4741 dixeris
1959 4684 2154 4741 Filium
2266 4688 2502 4741 tionibus
2539 4704 2658 4742 cum
2709 4688 3039 4756 indulgentia
3083 4687 3221 4756 apud
3270 4686 3485 4753 fratres,
3530 4700 3585 4742 et
3621 4700 3834 4745 maneat

593 4788 699 4829 non
755 4784 959 4840 natum,
999 4774 1319 4843 pericliteris
1384 4776 1449 4828 de
1498 4790 1562 4830 eo
1617 4780 1759 4846 quod
1813 4778 1948 4833 dicis
1998 4795 2012 4831 :
2082 4779 2158 4833 ita
2267 4782 2407 4835 Deus
2450 4792 2507 4833 ut
2551 4792 2649 4835 est.
2688 4781 2893 4834 Tamen
2931 4782 2973 4833 si
3028 4778 3327 4834 dixerimus
3378 4782 3831 4847 quemadmodum

596 4865 642 4919 si
697 4865 823 4935 quid
870 4868 1262 4933 computaveris
1295 4882 1415 4922 cum
1470 4868 1763 4937 unigenito,
1794 4872 1921 4939 quid
1975 4871 2159 4941 loque-

595 4957 672 5013 ris
697 4958 932 5027 ignoras.
973 4956 1121 5012 Unus
1144 4959 1285 5013 enim
1319 4969 1403 5013 est
1436 4976 1541 5013 non
1576 4971 1753 5029 natus,
1788 4972 1841 5017 et
1873 4964 1979 5020 noli
2008 4980 2155 5035 qua:-

596 5063 717 5105 rere
742 5049 903 5102 alium
956 5064 1063 5103 non
1119 5061 1300 5103 natum
1340 5070 1353 5105 :
1394 5068 1530 5106 unus
1580 5055 1906 5123 unigenitus,
1950 5067 2005 5113 et
2051 5059 2156 5112 noli

596 5155 836 5210 quaerere
862 5140 1021 5194 alium
1049 5139 1260 5208 Filium,
1291 5156 1357 5196 ne
1390 5145 1749 5215 interrumpas
1774 5150 2103 5218 unigenitum
2142 5169 2153 5203 :

598 5230 901 5299 unigenitus
930 5233 1070 5285 enim
1108 5248 1210 5286 non
1254 5242 1336 5287 est
1384 5250 1549 5290 unum
1579 5252 1644 5291 ex
1672 5241 1899 5307 cunctis,
1929 5241 2025 5295 sed
2064 5258 2159 5312 per

2258 4872 2433 4925 omnis
2469 4873 2703 4926 Ecclesia
2738 4887 2857 4939 quae
2906 4874 3105 4939 ubique
3150 4885 3255 4938 est,
3287 4889 3451 4927 unum
3482 4889 3683 4943 corpus
3717 4887 3828 4941 est;

2260 4965 2435 5017 nullus
2476 4964 2835 5030 reprehendat
2869 4982 2883 5016 :
2935 4966 3056 5030 quia
3104 4979 3207 5018 non
3248 4967 3509 5018 mentitur
3571 4969 3711 5022 Deus
3742 4970 3829 5039 qui

2261 5056 2393 5109 dixit
2425 5075 2435 5109 :
2473 5055 2579 5123 Ego
2614 5059 2667 5108 in
2702 5060 2846 5123 ipsis,
2878 5068 2921 5108 et
2947 5069 3001 5109 tu
3024 5060 3076 5110 in
3099 5076 3177 5111 me
3201 5059 3265 5111 ".
3302 5058 3412 5113 Non
3446 5061 3570 5127 quia
3598 5063 3831 5130 abnega-

2263 5152 2459 5203 tionem
2496 5149 2671 5203 Patris
2720 5150 3000 5215 irreligiosi
3056 5166 3331 5205 sermones
3386 5154 3607 5217 docent,
3665 5169 3833 5223 neque

2261 5244 2401 5310 quod
2434 5260 2539 5297 non
2573 5244 2643 5298 sit
2696 5244 2738 5295 is
2766 5246 2851 5311 qui
2886 5247 3087 5313 genuit,
3144 5261 3319 5315 neque
3360 5246 3696 5314 spretionem
3720 5247 3831 5315 ejus

664 5346 711 5378 ”
730 5346 882 5401 Joan.
918 5361 1049 5412 xvn,
1081 5346 1167 5401 l5.
1244 5347 1291 5379 “
1318 5346 1473 5404 Joan.
1506 5365 1559 5416 χ,
1592 5350 1680 5405 50.
1754 5353 1800 5383 θ’
1827 5351 1983 5407 Joan.
2012 5370 2149 5419 xvn,
2182 5353 2269 5409 23.

670 5497 777 5573 (96)
809 5497 985 5573 Seruo.
1012 5499 1460 5573 Τήρβικοὺεενυα.
1496 5503 1603 5557 Aut
1632 5505 1792 5559 etiam
1832 5518 1996 5573 tuere,
2033 5510 2157 5563 reti-

600 5585 681 5621 lle.
712 5570 877 5637 Supra
906 5570 997 5623 lib.
1032 5570 1179 5626 tiln
1212 5570 1472 5641 principio
1502 5586 1634 5642 erat,
1669 5593 1813 5631 serva
1847 5570 1990 5646 quod
2017 5590 2149 5644 erat,

599 5650 781 5788 cui”)
811 5707 863 5762 Is
887 5717 1022 5788 enim
1058 5715 1165 5782 qui.
1199 5711 1430 5788 ‘Yidetur
1458 5714 1559 5788 hoc
1603 5715 1736 5772 velle
1765 5733 1779 5769 :
1820 5720 1863 5772 is
1893 5718 2026 5771 enim
2065 5718 2154 5785 qui

594 5787 669 5832 eu
690 5784 741 5834 in
762 5796 819 5834 eo
842 5785 928 5839 aui
951 5796 1047 5842 est.
1077 5802 1175 5840 non
1194 5784 1305 5839 ideo
1330 5784 1647 5859 ἁνυπάργει,
1673 5788 1765 5844 huc
1790 5800 1886 5851 est.
1914 5805 2013 5843 non
2038 5784 2152 5844 ideo

2258 5526 2362 5586 non
2408 5513 2663 5586 subsistit.
2699 5513 2783 5586 A71
2812 5514 2925 5566 ideo
2966 5510 3124 5567 Pater
3158 5514 3479 5586 ἀνυπάρχει,
3526 5532 3629 5568 non
3666 5518 3828 5570 subsi-

2261 5582 2370 5645 slil,
2390 5584 2511 5651 quia
2542 5597 2614 5661 cst
2647 5582 2921 5661 _in_Filio_?
2953 5582 3356 5661 lyititrﬁncque;
3378 5582 3553 5661 Filius
3589 5588 3825 5661 ἀνυπὰρτ

2261 5668 2364 5723 χει,
2390 5668 2491 5704 non
2515 5654 2766 5713 subsistit.
2790 5656 2914 5721 quia
2940 5665 3013 5707 est
3045 5656 3097 5706 iu
3130 5654 3302 5723 Patre.
3337 5655 3575 5723 liespieit
3610 5662 3676 5709 ad
3704 5654 3822 5712 illud

2258 5722 2497 5846 ἐὲλβᾶιέἑ
2522 5722 2608 5788 l8,
2639 5734 2692 5779 et
2725 5740 2835 5793 xlv,
2862 5723 2952 5794 10,
2986 5727 3043 5780 Η
3074 5741 3087 5776 :
3118 5722 3281 5780 Pater
3313 5726 3365 5779 in
3400 5743 3480 5779 me
3516 5738 3613 5792 est,
3650 5743 3696 5787 et
3736 5750 3820 5804 ego
