4000 6474
241 526 371 586 I065

1104 515 1197 571 DE
1234 514 1393 573 FIDE
1428 512 1806 572 ADVERSUS
1838 511 2259 571 SABELLIUM.
2302 542 2368 553 —-
2408 510 2542 569 m8.
2574 510 2641 569 ll.

3406 512 3547 575 1068

242 640 335 711 qui
374 648 457 694 εει
484 632 714 709 genitus.
750 629 872 685 Sed
904 630 951 687 si
983 646 1089 687 non
1122 642 1207 688 est
1238 632 1429 692 Filius.
1472 642 1524 688 et
1569 630 1845 702 quomodo
1874 635 1921 692 Α
1952 638 2178 699 prapter
2212 638 2487 682 naturam.
2549 626 2629 683 Ex
2672 625 2896 699 Virgine
2936 628 2989 683 in
3045 628 3358 687 novissimis
3401 642 3545 687 tem-

247 741 377 787 sunt
410 746 470 785 ea
497 741 614 798 qua
638 737 741 793 per
781 724 984 778 Filium
1007 724 1146 779 facta
1180 724 1353 778 sunt?
1378 723 1492 777 Non
1522 735 1605 779 est
1635 723 1843 779 Filius:

243 828 301 873 et
328 834 450 886 qutt-
478 827 559 869 est
585 814 746 879 spes?
778 813 893 867 Non
921 824 1006 867 est
1056 816 1146 882 qui
1173 814 1384 882 jndicat
1419 832 1435 869 :
1471 823 1526 868 et
1581 815 1850 885 quemad-

245 911 467 965 modum
496 907 802 975 judiciuut‘l
830 907 945 961 Non
967 916 1051 961 est
1072 907 1163 977 qui
1194 915 1423 960 coronat
1452 926 1464 960 :
1495 917 1550 960 et
1576 908 1848 976 quomodo

238 1000 505 1055 labores?
534 1000 626 1053 Est
675 1016 814 1053 unus
845 1016 1005 1069 quem
1049 1000 1232 1053 nullus
1266 1000 1475 1069 genuit,
1509 1009 1564 1054 ct
1593 1000 1848 1068 unigeni-

233 1101 335 1147 tus
369 1108 528 1161 quem
561 1108 699 1146 unus
728 1093 934 1163 genuit.
963 1091 1171 1147 Genuit
1202 1107 1335 1146 sane
1386 1093 1798 1161 impassibiliter
1826 1103 1843 1147 ξ

232 1199 359 1241 non
388 1196 448 1239 ut
484 1201 611 1253 nos,
661 1188 751 1241 sed
795 1194 855 1240 ut
898 1186 984 1239 ille
1020 1203 1035 1240 :
1085 1201 1191 1239 non
1224 1195 1282 1240 ut
1312 1185 1510 1254 plantat
1552 1201 1675 1255 qua:
1704 1186 1845 1258 apud

227 1291 347 1333 nos
374 1287 523 1341 sunt,
548 1294 653 1332 non
690 1290 748 1332 ut
776 1278 971 1342 fomes,
999 1295 1105 1332 non
1144 1288 1202 1331 ut
1228 1277 1305 1333 sol
1340 1296 1353 1332 :
1394 1278 1528 1333 nihil
1559 1280 1704 1333 enim
1744 1281 1843 1335 ho-

231 1385 371 1425 ram
410 1387 531 1442 qua:
566 1371 659 1426 hic
684 1380 831 1435 sunt,
869 1370 1226 1439 interpretari
1260 1370 1404 1427 illam
1433 1373 1843 1441 generationem

225 1472 497 1533 possunt.
525 1460 753 1519 Omnem
788 1462 935 1517 enim
968 1462 1236 1516 turbelam
1273 1461 1530 1518 humana:
1556 1478 1842 1534 compara-

226 1555 425 1611 tiones
442 1556 805 1619 iaciunt,cem
827 1554 1120 1623 accipimus
1136 1569 1241 1609 non
1267 1554 1461 1609 similia
1483 1556 1550 1609 ad
1570 1557 1841 1627 interpre-

226 1647 507 1701 tationem
537 1660 721 1700 eorum
751 1661 873 1715 qua:
900 1645 1243 1715 interpretari
1280 1658 1389 1699 non
1434 1656 1682 1716 possunt.
1717 1646 1845 1704 ideo

225 1736 403 1805 lites,
435 1738 558 1792 ideo
599 1752 791 1807 pugnae
834 1749 1153 1792 nascuntur.
1196 1736 1254 1792 Si
1301 1745 1481 1793 autem
1514 1741 1844 1807 tacueritntrs

224 1845 306 1883 ea
344 1845 464 1898 quiat
497 1845 658 1898 supra
687 1845 875 1885 vocem
917 1839 1064 1894 sunt,
1096 1840 1153 1887 et
1192 1830 1492 1887 dixerimus
1541 1833 1839 1902 possibilia,

226 1921 483 1975 cessabit
515 1920 731 1975 bellum.
768 1920 910 1989 Quid
964 1936 1095 1991 ergo
1128 1922 1374 1979 dicemus
1410 1924 1436 1979 ι
1477 1923 1546 1979 In
1579 1927 1841 1997 principio

223 2024 358 2066 erat
392 2010 640 2069 Verbum.
670 2012 805 2079 Quis
838 2015 1014 2069 adhuc
1040 2016 1242 2083 poterit
1272 2018 1525 2088 iurgari?
1554 2018 1689 2074 Nam
1713 2030 1769 2075 et
1794 2023 1839 2077 si

220 2100 520 2172 iurgatur,
548 2121 653 2163 non
708 2106 801 2159 tibi
832 2107 927 2162 sed
954 2105 1172 2172 Joanni,
1223 2117 1277 2164 et
1310 2112 1515 2180 pectori
1564 2112 1781 2169 Domini
1809 2126 1840 2170 a

227 2210 356 2265 quo
384 2197 565 2252 hausit
586 2195 843 2255 Joannes.
888 2198 1027 2267 Quid
1053 2201 1315 2271 relinquis
1339 2217 1401 2258 ea
1434 2219 1554 2275 qua:
1578 2216 1703 2260 sunt
1725 2206 1843 2262 siue

231 2289 510 2358 periculo,
543 2300 599 2345 et
648 2292 700 2346 in
728 2290 989 2347 ﬂuctibus
1030 2303 1427 2363 tempestatum
1482 2298 1843 2367 periclitaris'!

234 2378 369 2437 Noli
395 2384 576 2438 dicere
608 2393 719 2450 tua,
755 2395 811 2440 et
840 2386 1022 2440 nullus
1053 2394 1106 2441 te
1130 2388 1332 2457 arguit.
1364 2388 1538 2444 Dicito
1567 2405 1685 2459 quae
1716 2395 1843 2447 scri-

236 2482 341 2546 pta
371 2486 520 2541 sunt,
554 2486 609 2532 et
647 2478 826 2533 nullus
869 2488 920 2533 te
962 2481 1313 2549 reprehendit
1348 2501 1362 2536 :
1397 2485 1616 2538 etiamsi
1660 2500 1843 2556 repre-

235 2567 521 2635 henderit,
559 2573 912 2639 semetipsum
972 2573 1173 2642 potius,
1209 2584 1265 2629 et
1312 2590 1419 2628 non
1458 2585 1531 2631 te.
1566 2577 1665 2643 Qui
1695 2578 1839 2634 enim

235 2659 433 2716 divina
472 2665 841 2731 reprehendit,
869 2666 1052 2720 divina
1100 2667 1319 2736 quidem
1354 2681 1459 2725 non
1492 2670 1727 2737 delebit;
1758 2688 1842 2728 se-

240 2754 537 2821 metipsum
570 2756 802 2811 alienum
852 2775 881 2811 a
920 2758 1119 2813 divinis
1156 2762 1476 2816 constituet.
1533 2764 1732 2828 Dicito,
1774 2764 1841 2821 In

239 2847 506 2917 principio
562 2859 673 2902 erat
716 2848 961 2919 Verbum,
1020 2862 1077 2906 et
1141 2853 1523 2925 relinquuntur
1573 2866 1836 2925 tempora.

250 2936 455 3003 Dicito,
485 2938 555 2993 In
590 2942 848 3011 principio
871 2954 1007 3009 erat,
1032 2954 1087 2999 et
1118 2946 1377 3001 deﬁciunt
1404 2947 1618 3003 saecula.
1645 2949 1838 3015 Dicito,

245 3027 319 3084 In
355 3032 617 3099 principio
653 3047 790 3099 erat,
825 3044 881 3089 et
924 3037 1057 3090 nihil
1088 3052 1211 3092 cum
1258 3039 1375 3107 ipso
1421 3048 1540 3095 erat
1580 3039 1837 3097 Verbum.

247 3118 388 3186 Quia
428 3136 559 3189 ergo
604 3131 718 3176 erat
749 3124 956 3179 dictum
1014 3134 1119 3191 est,
1173 3142 1239 3182 ne
1288 3139 1444 3198 putes
1477 3145 1665 3186 vocem
1698 3146 1840 3185 :vox

245 3215 416 3281 enim,
464 3228 576 3270 erat
598 3233 715 3273 non
746 3220 1004 3290 suscipiet
1048 3239 1065 3275 :
1105 3222 1149 3276 si
1185 3223 1407 3293 quidem
1446 3240 1568 3279 cum
1622 3225 1839 3287 dicitur,

250 3314 379 3361 tunc
410 3306 661 3365 edicitur.
715 3308 899 3379 Neque
943 3313 1088 3375 enim
1150 3326 1443 3383 antequam
1481 3316 1692 3370 dicatur
1734 3328 1836 3379 est,
1867 3336 1911 3396 ρ

248 3412 426 3467 neque
454 3411 637 3469 postea
696 3418 855 3469 quam
908 3402 1071 3457 fuerit
1112 3406 1278 3469 dicta,
1332 3416 1445 3460 erat
1482 3407 1665 3461 habet.
1702 3406 1835 3473 Quia

248 3506 381 3561 ergo
414 3504 548 3560 erat,
600 3510 703 3548 non
738 3511 840 3549 vox
891 3507 993 3561 est,
1028 3500 1121 3551 sed
1175 3498 1412 3552 Verbum
1465 3517 1480 3554 :
1520 3500 1675 3567 quale
1708 3499 1838 3555 Ver-

251 3580 417 3636 bum?
469 3582 525 3638 Si
582 3600 689 3639 non
722 3587 857 3639 dixit
898 3583 1155 3654 Joannes,
1186 3604 1493 3656 quaeramus
1534 3590 1621 3644 :si
1661 3602 1839 3644 autem

254 3675 410 3739 dixit,
453 3680 580 3746 quid
624 3680 961 3747 quaeremus?
1000 3678 1068 3734 Et
1102 3682 1263 3749 Deus,
1305 3683 1501 3751 inquit,
1547 3692 1662 3736 erat
1706 3682 1841 3735 Ver-

252 3768 395 3823 bum.
429 3769 505 3823 Tu
538 3774 673 3825 dicis
697 3788 904 3839 vocem,
936 3773 1174 3828 Joannes
1212 3785 1392 3827 autem
1435 3775 1532 3836 ait,
1562 3787 1671 3827 erat
1714 3774 1841 3827 Ver-

255 3860 397 3916 bum.
442 3864 507 3916 Et
537 3865 579 3917 si
610 3864 696 3917 ille
725 3867 944 3929 dixerit,
979 3865 1043 3918 Et
1085 3863 1303 3919 Verbum
1341 3877 1451 3918 erat
1478 3868 1619 3933 apud
1655 3866 1840 3933 Deum,

256 3959 314 4007 tu
344 3954 478 4007 dicis
504 3957 555 4006 in
585 3956 710 4020 Deo,
739 3968 790 4009 et
825 3972 931 4010 non
956 3957 1096 4025 apud
1127 3957 1315 4010 Deum.
1343 3954 1411 4010 Ut
1444 3959 1587 4009 enim
1614 3958 1705 4020 sit,
1737 3974 1841 4011 non

252 4054 437 4103 tamen
473 4057 531 4100 ut
567 4050 837 4118 cogitatus
888 4050 957 4103 sit
992 4068 1005 4104 :
1043 4065 1220 4118 neque
1262 4050 1457 4102 iterum
1502 4059 1558 4102 ut
1590 4066 1711 4108 vox.
1749 4050 1843 4103 sed

250 4136 423 4195 Filius
457 4157 473 4193 :
506 4156 606 4192 vox
639 4141 781 4193 enim
831 4140 991 4195 habet
1027 4141 1222 4194 fratres
1257 4160 1271 4194 :
1300 4142 1402 4194 mei
1456 4144 1600 4195 enim
1640 4143 1731 4212 qui
1766 4143 1843 4194 di-

249 4245 448 4286 cuntur
477 4247 758 4286 seruientes
786 4234 1056 4303 prioribus
1083 4234 1266 4287 verbis
1299 4242 1423 4285 sunt
1444 4231 1641 4287 fratres
1674 4251 1687 4285 :
1725 4234 1845 4285 uni-

250 4324 465 4393 genitns
488 4334 666 4376 autent
702 4341 806 4377 non
840 4325 1067 4393 suscipit
1101 4324 1317 4378 fratres.
1354 4322 1488 4377 Nam
1524 4334 1578 4378 et
1608 4326 1651 4377 si
1687 4335 1844 4377 vocat

249 4418 465 4475 fratres,
500 4418 954 4485 nuncupationem
996 4418 1180 4472 donat.
1217 4414 1274 4469 Si
1303 4426 1488 4470 autem
1523 4426 1577 4468 et
1608 4416 1841 4469 coluere-

248 4507 345 4560 des
371 4521 579 4570 sumus,
612 4523 716 4559 non
760 4518 968 4560 natura:
1000 4508 1096 4560 sed
1139 4507 1328 4575 gloria!
1374 4506 1673 4575 accipimus
1702 4504 1837 4577 (98).

245 4600 330 4656 Ad
359 4600 503 4653 illaut
530 4600 674 4653 enim
723 4610 972 4653 naturam
1007 4614 1180 4668 neque
1224 4599 1515 4669 pervenies
1545 4609 1620 4661 tu,
1667 4612 1842 4667 neque

1951 722 2193 791 poribus,
2248 734 2317 775 ex
2368 719 2480 775 Deo
2528 729 2657 774 ante
2708 722 2928 775 saecula.
2985 721 3060 777 Ex
3110 719 3355 795 Virgine,
3418 738 3543 779 cum

1951 811 2303 877 hominibus;
2355 826 2423 866 ex
2462 810 2575 866 Deo
2613 820 2795 866 autem
2846 824 2971 867 ante
3008 828 3222 869 omnes.
3279 813 3405 870 istic
3450 828 3545 871 er-

1949 919 2019 973 go
2048 913 2103 959 et
2137 905 2596 974 dispensationem
2635 904 2924 971 confitere,
2969 908 3033 961 et
3064 914 3317 961 naturam
3362 907 3546 963 delere

1949 996 2079 1061 noli,
2119 1011 2217 1052 nec
2258 998 2575 1067 exstinguas
2617 999 2713 1054 tibi
2766 997 2946 1054 lumen
2981 998 3080 1069 (1).
3133 996 3191 1054 Si
3238 1000 3456 1068 quidem
3487 1010 3545 1055 et

1949 1087 2039 1157 qui
2070 1087 2258 1143 oculos
2286 1088 2546 1145 claudunt
2575 1106 2723 1158 suos,
2769 1105 2875 1145 non
2922 1091 3104 1156 lumen
3158 1092 3538 1161 exstinguunt,

1947 1183 2042 1237 sed
2066 1182 2166 1253 ipsi
2195 1182 2399 1238 lumine
2422 1199 2528 1238 non
2564 1184 2837 1239 fruuntur.
2872 1183 3006 1239 Nam
3035 1194 3089 1239 et
3119 1185 3165 1240 si
3187 1184 3311 1255 quis
3352 1184 3539 1239 lumen

1948 1290 2138 1329 verum
2170 1290 2275 1330 non
2318 1276 2483 1331 fuerit
2528 1276 2840 1341 confessus,
2886 1292 2991 1331 non
3042 1276 3172 1331 illud
3218 1278 3385 1342 delet,
3442 1278 3540 1333 sed

1948 1367 2064 1435 ipse
2096 1379 2277 1423 manet
2299 1369 2353 1423 in
2382 1370 2643 1425 tenebris.
2692 1372 2767 1425 ita
2814 1372 2958 1426 enim
3002 1370 3119 1441 ipse
3152 1371 3319 1428 Filius
3350 1371 3485 1428 dicit
3520 1392 3536 1429 :

1949 1458 2054 1523 Qui
2084 1476 2191 1514 non
2244 1462 2530 1515 crediderit
2569 1463 2624 1517 in
2662 1460 2888 1528 Filium,
2926 1480 3032 1519 non
3074 1463 3293 1529 videbit,
3323 1465 3416 1519 sed
3456 1465 3541 1520 ira

1945 1551 2047 1607 Dei
2068 1562 2244 1607 manet
2279 1570 2437 1623 super
2458 1555 2627 1618 ipsum
2655 1555 2724 1611 ”.
2751 1556 2883 1623 Qua
2920 1555 3037 1611 ira?
3075 1555 3167 1612 illa
3198 1558 3386 1629 utique
3418 1572 3543 1629 qua

1948 1643 2017 1697 ab
2041 1643 2219 1701 initio.
2258 1644 2360 1712 Qui
2390 1647 2536 1702 enim
2585 1662 2696 1703 non
2742 1649 3035 1705 conﬁtetur
3076 1665 3200 1707 eum
3246 1666 3343 1722 per
3376 1666 3540 1723 quem

1946 1746 2238 1791 revocatur
2274 1739 2568 1804 sententia,
2598 1740 2711 1809 ipse
2748 1742 3036 1797 adversum
3064 1758 3124 1797 se
3155 1743 3330 1814 ipsum
3382 1758 3544 1801 revo-

1943 1836 2035 1882 cat
2071 1830 2420 1884 seutentiam.
2451 1829 2672 1901 Negotia
2712 1833 2859 1888 enim
2890 1845 3145 1904 separata
3191 1835 3395 1892 habent
3436 1851 3542 1892 ua-

1947 1926 2123 1974 turam
2159 1936 2174 1973 :
2205 1921 2375 1977 nostri
2414 1934 2595 1977 autem
2618 1925 2885 1993 cogitatus
2918 1925 3193 1996 accipiunt
3229 1926 3539 1993 lruetum,a

1946 2012 2179 2068 veritate
2199 2013 2419 2083 quidem
2451 2016 2637 2080 vitam,
2669 2031 2699 2069 a
2725 2016 3011 2072 mendacio
3044 2027 3225 2073 autem
3257 2032 3451 2074 noxam
3481 2029 3541 2076 et

1943 2104 2322 2174 perditionem.
2358 2106 2414 2160 Si
2446 2108 2570 2175 quis
2600 2108 2747 2162 enim
2793 2107 3128 2179 percusserit
3168 2119 3332 2179 caput
3376 2126 3539 2168 suum

1945 2196 2010 2250 ad
2047 2207 2280 2266 petram,
2309 2208 2462 2268 petra
2494 2200 2713 2269 quidem
2754 2200 2869 2270 ipsa
2901 2210 3107 2267 manet,
3151 2212 3319 2271 caput
3351 2212 3535 2258 summ

1943 2284 2014 2340 ab
2044 2286 2355 2357 insipientia
2398 2289 2596 2359 accipit
2627 2289 2863 2358 plagam,
2904 2288 3046 2347 forte
3075 2299 3256 2346 autem
3290 2300 3347 2347 et
3389 2292 3537 2361 peri-

1948 2378 2152 2436 eulum.
2198 2380 2340 2435 Dicit
2397 2396 2530 2437 sane
2583 2390 2640 2437 et
2696 2380 2988 2451 Apostolus
3041 2398 3057 2436 :
3106 2379 3537 2438 Fundamentum

1942 2472 2091 2525 aliud
2112 2489 2263 2526 nemo
2286 2482 2457 2544 potest
2474 2490 2670 2543 ponere
2714 2486 2907 2545 praeter
2932 2492 3051 2529 eum
3088 2477 3180 2545 qui
3214 2486 3288 2530 est
3330 2478 3537 2547 positus

1942 2560 2185 2617 Christus
2234 2564 2391 2619 Jesus
2433 2568 2517 2634 ”;
2581 2578 2637 2622 et
2685 2568 2878 2621 iterum
2928 2587 2943 2624 :
2993 2565 3157 2623 Petra
3213 2581 3391 2624 autem
3423 2580 3539 2625 erat

1942 2653 2181 2710 Christus
2209 2657 2250 2709 ¹.
2298 2656 2355 2712 Si
2390 2657 2457 2711 ad
2504 2658 2665 2713 istam
2717 2669 2928 2730 petram
2980 2669 3145 2731 caput
3198 2663 3538 2731 percusseris

1942 2756 2111 2809 tuum,
2149 2748 2379 2803 scissum
2408 2759 2493 2804 est
2522 2750 2665 2821 quod
2712 2751 2927 2806 volebas
2958 2770 2970 2807 :
3015 2753 3062 2808 si
3094 2764 3274 2809 autem
3315 2755 3535 2811 confes-

1942 2856 2038 2894 sus
2066 2838 2237 2894 fueris
2271 2842 2475 2906 lumen,
2509 2841 2735 2898 habebis
2779 2846 2923 2913 quod
2956 2846 3262 2904 conﬁteris.
3296 2846 3354 2902 Si
3386 2848 3534 2903 enim

1942 2932 2167 2999 apostoli
2202 2932 2525 3001 quibusdam
2559 2935 2777 3003 quidem
2807 2934 2943 2991 odor
2971 2937 3164 2993 mortis
3190 2938 3263 2992 ad
3295 2946 3531 2992 mortem

1942 3030 2089 3086 sunt,
2116 3021 2443 3090 quibusdam
2481 3034 2662 3078 autem
2706 3026 2843 3078 odor
2886 3027 3009 3079 vitae
3043 3027 3111 3081 ad
3149 3027 3347 3091 vitam;
3383 3027 3427 3082 si
3458 3027 3535 3082 illi

1940 3111 2032 3180 qui
2075 3126 2170 3177 per
2208 3111 2484 3167 Christum
2531 3115 2610 3168 sal
2657 3123 2805 3180 sunt,
2853 3125 2903 3169 et
2958 3117 3052 3186 qui
3106 3133 3203 3187 per
3258 3118 3535 3174 Christum

1942 3202 2228 3257 luminaria
2261 3203 2590 3269 elliciuutur,
2631 3206 2698 3259 ad
2740 3217 2969 3261 mortem
3017 3218 3072 3263 et
3120 3210 3187 3263 ad
3231 3210 3399 3265 vitam
3451 3211 3537 3265 his

1942 3295 2035 3365 qui
2074 3296 2301 3349 credunt
2327 3306 2381 3351 et
2411 3298 2500 3366 qui
2550 3314 2654 3353 non
2702 3301 2935 3355 credunt
2984 3301 3299 3357 habentur:
3332 3315 3538 3373 quanto

1947 3387 2117 3455 magis
2153 3388 2198 3442 is
2239 3388 2329 3456 qui
2372 3389 2596 3444 donavit
2642 3391 2760 3446 haec
2802 3392 3114 3448 hominibus
3150 3394 3441 3450 Christus?
3478 3395 3538 3450 Si

1942 3479 2080 3547 quis,
2129 3479 2324 3549 inquit,
2380 3496 2468 3533 vos
2508 3497 2610 3534 non
2659 3485 2968 3553 susceperit,
3029 3496 3272 3539 exeuntes
3314 3488 3540 3541 excutit:

1944 3573 2205 3635 pulverem
2249 3580 2312 3626 de
2352 3574 2571 3643 pedibus
2599 3575 2784 3628 vestris
2826 3591 2846 3630 :
2888 3578 3217 3631 tolerabilius
3256 3580 3394 3633 enim
3434 3580 3539 3633 erit

1947 3671 2101 3716 terra?
2148 3664 2506 3719 Sodomorum
2537 3672 2594 3721 in
2637 3669 2720 3721 die
2752 3667 2965 3736 iudicii,
3010 3688 3166 3741 quant
3207 3673 3405 3726 civitals
3456 3674 3540 3729 illi

1942 3771 2059 3823 quae
2077 3771 2160 3808 vos
2192 3773 2293 3809 non
2321 3758 2539 3825 suscipit
2569 3758 2659 3827 qui
2685 3774 2717 3811 a
2746 3775 2829 3812 me
2860 3761 3009 3814 missi
3038 3763 3161 3815 estis
3192 3765 3231 3816 ’.
3262 3765 3317 3818 Si
3356 3778 3536 3821 autem

1945 3849 2069 3915 quis
2094 3848 2267 3915 ipsum
2303 3864 2407 3902 non
2435 3852 2737 3919 susceperit
2761 3853 3038 3906 Christum
3076 3873 3088 3906 :
3130 3858 3258 3923 quid
3297 3857 3342 3910 si
3369 3861 3535 3913 etiam

1948 3955 2053 3992 non
2082 3940 2255 3993 solum
2287 3956 2392 3993 nou
2426 3942 2751 4010 susceperit,
2778 3945 2874 3999 sed
2916 3947 3231 4002 interimere
3267 3950 3541 4007 voluerit?

1946 4030 1988 4083 si
2011 4045 2177 4084 ausus
2207 4034 2329 4100 quis
2368 4032 2530 4085 fuerit
2554 4034 2755 4093 dicere,
2785 4036 2909 4103 quia
2947 4036 3065 4091 sine
3091 4037 3227 4094 Filio
3259 4053 3343 4095 est
3366 4040 3533 4107 Deus,

1944 4131 2037 4174 aut
2067 4124 2190 4189 quia
2246 4125 2364 4177 sine
2408 4124 2574 4176 Patre
2619 4136 2706 4178 est
2755 4125 2967 4180 Filius?
3020 4124 3146 4182 llaec
3195 4130 3340 4183 enim
3389 4146 3538 4190 nunc

1946 4213 2164 4279 quidam
2212 4212 2618 4267 calumniantur
2659 4216 2929 4280 dicentes,
2978 4219 3106 4287 quia
3140 4220 3255 4288 ipse
3297 4223 3402 4279 sibi
3453 4233 3545 4281 est

1944 4301 2128 4365 Pater,
2165 4301 2279 4369 ipse
2306 4312 2393 4355 est
2420 4314 2473 4356 et
2500 4302 2689 4369 Filius,
2721 4315 2904 4360 etnon
2947 4318 3032 4361 Cal
3073 4308 3264 4368 Filius.
3302 4311 3361 4367 Si
3389 4315 3537 4369 enim

1943 4392 2109 4448 Pater
2132 4395 2241 4465 ipse
2266 4396 2368 4449 sibi
2406 4406 2490 4449 est
2520 4407 2705 4466 pater,
2753 4415 2857 4453 non
2890 4411 2976 4454 est
3024 4400 3206 4468 Pater,
3254 4408 3381 4475 quia
3421 4409 3541 4477 ipse

1943 4486 2044 4539 sibi
2096 4498 2150 4539 et
2204 4488 2345 4541 tilius
2406 4499 2505 4548 est.
2558 4500 2614 4542 ut
2652 4494 2821 4544 aiunt.
2871 4492 3129 4548 Ludimus
3177 4494 3233 4548 in
3279 4495 3527 4556 divinis:

1944 4574 2338 4628 irrationabiiia
2364 4578 2508 4629 enim
2548 4576 2651 4630 ista
2683 4594 2750 4631 ne
2781 4579 2997 4647 quidem
3024 4582 3179 4650 parvi
3211 4586 3534 4654 suscipiunt.

248 4693 391 4747 unus
430 4693 723 4761 perveniet.
764 4692 920 4746 Sic“l
950 4663 1106 4745 enin“
1133 4663 1296 4745 Page],
1332 4692 1552 4757 mnium,
1584 4701 1637 4746 et
1676 4663 1839 4760 sui,“
1873 4692 1916 4746 υ
1948 4663 2025 4719 De
2056 4666 2139 4719 his
2184 4680 2315 4721 sane
2352 4670 2699 4723 sermonibus
2736 4686 2899 4723 unum
2942 4672 3322 4730 brevissimum
3356 4676 3537 4731 inlati-

246 4798 466 4837 onmem
496 4795 742 4835 naturam
759 4793 840 4837 est
867 4785 1008 4852 quod
1033 4794 1112 4837 est
1132 4798 1238 4837 non
1259 4793 1416 4836 natus
1441 4801 1453 4835 :
1489 4784 1561 4835 ita
1588 4795 1641 4835 et
1669 4782 1836 4837 Filius

245 4887 413 4941 supra
443 4887 634 4927 omnes
665 4874 897 4927 habetur
932 4874 983 4927 in
1016 4889 1081 4933 eo
1113 4875 1258 4942 quod
1288 4884 1367 4928 est
1396 4874 1679 4943 progenies
1704 4888 1833 4927 vera

248 4964 391 5021 Deus
419 4966 561 5034 apud
594 4965 785 5031 Deum,
819 4966 958 5020 Deus
994 4968 1060 5019 ad
1092 4966 1371 5019 dexteram
1404 4966 1518 5025 Dei,
1554 4965 1694 5020 Deus
1722 4964 1834 5019 for-

245 5058 338 5123 tis,
371 5058 512 5111 Dens
542 5072 702 5125 quem
750 5059 902 5111 unxit
934 5056 1097 5111 Deus.
1146 5056 1459 5126 Agnoscitis
1515 5056 1829 5124 pr0phetica

246 5149 413 5203 verba
447 5147 582 5219 (99).
619 5147 759 5213 Quid
789 5150 865 5201 ait
893 5150 1152 5219 propheta
1184 5148 1395 5201 David?
1422 5147 1549 5201 Ideo
1587 5149 1736 5201 unxit
1763 5159 1831 5213 te,

245 5240 408 5301 Deus.
435 5240 573 5294 Deus
598 5251 716 5293 tuus
736 5239 803 5293 ".
836 5238 968 5293 Nam
997 5252 1050 5293 et
1072 5240 1227 5294 fortis
1259 5240 1432 5295 dictus
1471 5252 1555 5293 est
1587 5238 1655 5293 ab
1676 5241 1833 5302 Isaia,

240 5343 297 5387 et
330 5332 469 5385 Deus
500 5329 769 5389 nobiscum
792 5332 858 5395 ⁸⁷,
901 5347 1021 5385 cum
1047 5348 1114 5385 ex
1140 5332 1380 5401 Virgine.
1418 5331 1533 5385 Non
1553 5348 1681 5399 ergo
1713 5348 1834 5385 cum

240 5438 308 5477 cx
356 5423 575 5492 Virgine
620 5432 748 5477 tunc
798 5422 962 5487 Deus,
1012 5424 1104 5477 sed
1167 5425 1449 5477 nobiscum
1505 5434 1652 5476 tunc.
1713 5423 1829 5478 Non

242 5514 479 5585 primum
518 5531 583 5568 ex
626 5513 867 5583 Virgine,
909 5517 1001 5568 sed
1038 5515 1270 5581 primum
1312 5530 1377 5569 ex
1421 5514 1549 5569 Deo.
1596 5515 1669 5569 Ex
1715 5515 1831 5568 Vir-

240 5606 369 5678 gine
416 5609 559 5661 enim
610 5620 831 5679 propter
872 5608 1352 5677 dispensationem,
1393 5622 1457 5660 ex
1502 5609 1607 5661 Deo
1646 5618 1828 5663 autem

312 5715 361 5788 ’κ’
386 5715 531 5771 Ρείιι.
565 5734 705 5784 XLIV,
734 5719 786 5773 8.
890 5721 934 5751 θ’
956 5720 1066 5775 lsa.
1087 5736 1137 5788 ν,
1168 5721 1242 5787 6;
1274 5736 1368 5781 vn,
1404 5721 1489 5775 ιι,

241 5799 297 5854 x,
324 5787 411 5852 M,
441 5789 530 5847 15.

341 5888 431 5958 98)
461 5890 556 5944 Ms.
590 5889 713 5944 Non
752 5900 996 5944 naturam
1027 5889 1117 5943 sed
1144 5889 1367 5959 gloriam
1394 5890 1703 5942 occidimus.

341 5889 431 5958 98)
461 5890 556 5944 Ms.
590 5889 713 5944 Non
752 5900 996 5944 naturam
1027 5889 1117 5943 sed
1144 5889 1367 5959 gloriam
1394 5906 1412 5940 ι

316 5889 429 6034 ὶθθ)
461 5961 559 6015 Ms.
588 5962 866 6030 Aguoscite
899 5962 1205 6029 praplietica
1241 5962 1412 6014 verba.

488 6055 761 6114 Panos.
795 6051 911 6113 Gn.
938 6050 1176 6115 XXIV.

1607 5721 1652 5753 ”'
1684 5719 1839 5776 Joan.
1880 5735 1969 5786 nt,
1995 5719 2085 5777 56.

1952 4767 2056 4809 tem
2100 4759 2392 4829 interroga,
2423 4762 2512 4829 qui
2550 4764 2722 4830 prima
2762 4772 2949 4831 utpote
3000 4781 3132 4819 voce
3168 4768 3537 4836 qualitercun-

1944 4864 2051 4918 que
2076 4852 2307 4919 coeperit
2349 4853 2517 4924 loqui,
2554 4865 2609 4910 et
2636 4859 2799 4913 dicito
2819 4862 2905 4914 ei:
2937 4860 3098 4915 Pater
3125 4870 3250 4915 tuus
3288 4862 3377 4914 ubi
3416 4868 3539 4918 est?

1942 4942 2051 4994 Aut
2085 4943 2225 4996 sicut
2254 4958 2660 5002 consueverunt
2708 4950 2953 5006 infantes
2993 4963 3204 5022 patrem
3252 4953 3531 5022 appellare

1944 5040 1990 5091 si
2033 5040 2386 5109 semetipsum
2434 5045 2768 5109 ostenderit,
2830 5051 3011 5117 arguit
3064 5064 3152 5103 me
3207 5050 3387 5105 iulans
3431 5071 3445 5107 :
3491 5054 3536 5107 si

1944 5140 2124 5185 autem
2161 5135 2422 5203 parvulus
2454 5138 2637 5190 statim
2676 5147 2735 5190 ut
2766 5133 2932 5194 fuerit
2968 5140 3335 5213 interrogatus
3370 5147 3535 5201 intel-

1944 5225 2141 5278 lexerit
2175 5230 2305 5295 quid
2336 5230 2536 5298 quaeris
2581 5230 2649 5285 ab
2680 5246 2767 5296 eo,
2803 5247 2929 5286 eum
2978 5234 3069 5302 qui
3118 5250 3177 5290 se
3218 5239 3404 5307 genuit
3440 5255 3531 5294 os-

1950 5323 2170 5379 tendit:
2207 5324 2329 5378 vide
2374 5323 2504 5393 quid
2553 5324 2730 5379 audis.
2788 5325 2922 5380 Cum
2978 5338 3161 5381 autem
3212 5330 3534 5387 benedictus

1940 5419 2133 5483 Filius,
2169 5427 2359 5472 tenens
2388 5431 2608 5486 panem,
2652 5418 2796 5472 levat
2824 5435 3016 5473 manus
3044 5437 3170 5476 suas
3199 5439 3439 5487 sursum,
3475 5434 3531 5480 ut

1941 5523 2087 5568 tuam
2126 5524 2361 5567 mentem
2393 5514 2458 5566 ad
2488 5528 2611 5566 eum
2649 5516 2736 5581 qui
2772 5528 2831 5569 se
2862 5516 3047 5582 genuit
3080 5516 3328 5581 extollat,
3367 5534 3530 5575 nosce

1936 5607 2176 5671 Patrem,
2212 5616 2266 5661 et
2292 5620 2442 5659 cessa
2488 5620 2688 5675 negare
2722 5605 2941 5661 Filium.
2979 5608 3035 5663 Si
3080 5609 3246 5681 igitur
3278 5610 3535 5680 Unigeni.

2194 5720 2240 5752 "
2266 5719 2285 5773 l
2312 5719 2438 5774 Cor.
2482 5736 2562 5786 Ill,
2589 5723 2647 5777 11
2784 5724 2801 5753 ¹
2833 5725 2854 5777 ι
2881 5722 3005 5777 Cor.
3054 5737 3110 5789 x,
3134 5726 3191 5776 ι.
3292 5727 3313 5757 ⁸
3339 5724 3533 5785 Matth.

2008 5886 2086 5957 (l)
2124 5884 2221 5944 Ms.
2248 5883 2330 5942 Ne
2350 5888 2657 5959 exstinguas
2691 5889 2785 5944 tibi
2808 5887 3005 5943 lumen.
