4000 6434
588 431 728 488 ωσι

1272 418 1541 475 austum
1576 412 2057 472 CASSARIENSIS
2093 412 2152 467 0|

2286 407 2465 466 PARS
2502 407 2590 467 IV.
2623 438 2695 454 —
2730 405 3158 466 DOGIATICA.

3694 402 3838 462 sese

589 554 682 603 tus
702 541 835 601 dicit
868 559 883 596 :
920 538 1105 603 Pater,
1127 537 1327 609 gratias
1364 552 1463 609 age
1505 537 1625 603 tibi,
1668 536 1796 608 quis
1837 549 2042 604 semper
2083 547 2163 587 nte
2189 534 2238 592 Δ
2262 530 2442 585 omnis
2464 530 2655 587 beatus
2678 527 2848 595 audit,
2873 526 2999 583 inde
3028 535 3085 582 et
3116 539 3216 581 nos
3245 520 3489 581 universi
3530 518 3835 580 sedimus.

587 632 851 692 sxaudisti
878 645 899 685 :
924 630 1016 685 sed
1040 638 1248 700 propter
1267 628 1687 683 circumstantens
1720 625 1970 697 populum
1994 625 2155 679 istum

590 727 730 789 dico,
758 731 816 777 ut
844 720 1059 776 credant
1089 720 1215 788 quia
1243 728 1301 774 tu
1338 734 1422 773 use
1450 718 1639 773 misisti
1666 717 1705 771 ⁸.
1750 716 1855 772 Ista
1886 717 2153 784 interpre-

591 816 794 871 tatione
837 826 944 868 non
985 809 1269 881 indigent:
1296 818 1352 865 et
1380 808 1630 864 sedemus
1658 815 1717 861 ιιι
1770 804 2056 871 insensati,
2101 813 2159 859 et

590 903 847 960 ludimus.
902 902 1039 959 Num
1104 900 1453 971 semetipsum
1520 898 1706 971 genuit
1768 895 1969 953 Pater?
2026 909 2156 950 num

588 995 940 1065 semetipsum
989 993 1181 1051 misiti
1212 1006 1340 1047 num
1366 991 1711 1060 semetipsum
1743 996 1885 1051 orat,
1927 995 1983 1041 et
2026 986 2157 1041 sibi-

589 1086 802 1157 metipsi
826 1086 1031 1157 gratias
1063 1084 1193 1157 agit,
1229 1091 1287 1138 et
1345 1082 1461 1152 ipse
1496 1080 1605 1137 sibi
1655 1090 1741 1136 est
1780 1077 1971 1147 Filius,
2026 1077 2149 1149 ipse

588 1176 691 1233 sibi
730 1185 813 1233 est
842 1175 1105 1247 pontifex,
1138 1176 1252 1247 ipse
1306 1173 1409 1230 sibi
1436 1182 1521 1229 est
1546 1186 1741 1244 agnas,
1778 1170 1895 1242 ipse
1929 1168 2033 1225 sibi
2060 1175 2151 1224 est

592 1269 703 1331 via.
726 1267 843 1337 ipse
873 1267 975 1323 sibi
1042 1276 1127 1323 est
1163 1264 1367 1337 jannai
1413 1264 1480 1321 Et
1522 1264 1642 1334 quis
1676 1265 1810 1330 hac,
1844 1260 2058 1319 etiamsi
2086 1261 2159 1317 sit

591 1359 1090 1429 insipientissimus,
1139 1356 1415 1429 patietur?
1463 1355 1597 1411 Num
1647 1370 1757 1411 una
1812 1368 1913 1409 vox
1972 1365 2057 1409 est
2098 1361 2158 1407 ιιι

588 1451 1098 1518 circumveniamus,
1132 1464 1247 1505 una
1272 1457 1356 1507 est
1378 1449 1555 1504 littera
1580 1457 1642 1503 ut
1671 1445 1984 1504 deleamus?
2017 1444 2157 1501 Dicit

590 1541 736 1598 enim
785 1542 976 1597 iterum
1032 1539 1287 1595 Dominus
1334 1556 1349 1594 :
1388 1538 1530 1597 Ecce
1581 1554 1675 1611 ego
1727 1538 1890 1609 diiigo
1940 1535 2157 1592 Patrem

591 1648 764 1688 meum
786 1631 829 1698 ⁸,
860 1646 953 1701 ego
984 1629 1181 1685 [sonoro
1222 1628 1437 1685 Patrem
1462 1645 1633 1684 tuscum
1656 1629 1700 1694 ⁸,
1741 1644 1897 1696 opera
1918 1642 2035 1698 qua
2062 1641 2155 1698 ego

591 1724 731 1793 facio
749 1724 837 1779 ille
856 1724 1003 1794 facit,
1040 1720 1203 1779 Pater
1239 1738 1387 1778 meus
1425 1721 1661 1793 quotidie
1688 1728 1945 1788 operatur
1980 1730 2030 1774 et
2061 1735 2155 1789 ego

590 1829 778 1883 operor
800 1814 843 1871 ⁸.
872 1814 919 1867 si
953 1811 1163 1868 creditis
1190 1813 1247 1867 its
1275 1810 1439 1867 Deunt
1470 1822 1518 1865 et
1546 1810 1601 1864 in
1635 1826 1718 1864 me
1756 1810 1991 1875 creditis,
2022 1809 2156 1864 eode

2256 623 2301 677 Α
2330 622 2470 679 Filio
2496 622 2632 679 nihil
2670 622 2855 678 audiat
2900 633 3119 687 sponsa,
3157 618 3303 688 quod
3350 630 3459 672 non
3512 621 3605 671 est
3658 612 3837 685 sponsi

2255 714 2362 769 sui.
2393 712 2452 769 Si
2482 714 2696 784 quidem
2728 728 2834 768 non
2859 712 2986 768 licet
3024 723 3237 780 spcuste
3267 708 3500 764 alienam
3553 706 3839 779 suscipere

2257 805 2312 859 in
2357 804 2579 858 auribus
2628 818 2841 866 vocem,
2874 805 3037 859 etiam
3070 802 3119 857 si
3148 799 3349 856 Paulus
3402 802 3571 855 dicat.
3631 797 3743 854 Sed
3783 810 3839 851 It

2255 909 2361 949 non
2388 894 2659 951 dubitaret
2681 909 2881 963 sponsa
2914 894 2983 950 de
3032 892 3220 957 Paulo,
3259 891 3339 947 ait
3370 892 3486 962 ipse
3517 911 3531 947 :
3572 889 3660 945 Αιι
3686 906 3840 959 τερο-

2255 986 2531 1041 rimentum
2551 987 2788 1057 queritis
2808 985 2924 1054 ejus
2940 985 3033 1053 qui
3061 986 3113 1036 in
3140 999 3220 1037 me
3237 982 3474 1049 loquitur
3492 982 3744 1039 Christus
3767 979 3841 1035 “i

2257 1079 2586 1150 Desponsavi
2616 1079 2759 1133 enim
2796 1091 2914 1146 vos,
2955 1076 3147 1148 inquit,
3184 1077 3302 1131 viro
3341 1075 3467 1141 uni;
3502 1091 3615 1131 non
3645 1083 3831 1130 tamen

2256 1172 2475 1243 populo,
2531 1170 2627 1226 sed
2685 1170 2779 1225 uni
2839 1169 3116 1242 unigenito
3173 1182 3283 1223 una
3332 1181 3552 1238 sponsa.
3606 1166 3838 1222 Amicus

2257 1264 2400 1318 enim
2452 1260 2635 1333 sponsi
2682 1261 2770 1317 ille
2804 1271 2890 1317 est
2919 1262 3010 1331 qui
3044 1261 3242 1332 gaudet
3267 1261 3336 1317 de
3385 1274 3589 1333 sponsa
3622 1259 3832 1329 sponsi.

2256 1352 2374 1409 Non
2395 1363 2481 1410 est
2508 1353 2670 1407 vidua
2701 1360 2889 1409 sancta
2922 1352 3184 1411 Ecclesia.
3224 1351 3371 1408 Vivit
3408 1353 3558 1407 enim
3603 1352 3699 1422 qui
3740 1366 3839 1422 pro

2255 1445 2371 1516 ipsa
2398 1453 2481 1501 est
2520 1454 2789 1500 mortuus.
2840 1443 3027 1515 Angeli
3066 1459 3174 1500 non
3230 1456 3506 1501 mortuum
3556 1445 3837 1501 adorant:

2255 1534 2350 1590 sed
2372 1536 2478 1589 vita
2503 1543 2640 1599 erat,
2680 1541 2819 1599 erat,
2840 1542 2980 1600 erat,
3004 1545 3059 1589 et
3086 1544 3192 1600 est,
3226 1544 3284 1590 et
3319 1550 3423 1590 non
3472 1544 3661 1592 cessat
3692 1548 3835 1591 esse.

2254 1622 2441 1696 Neque
2476 1625 2621 1680 enim
2644 1625 2811 1694 cmpit
2833 1639 2865 1678 a
2896 1624 3264 1695 temporibus;
3300 1639 3479 1695 neque
3509 1625 3753 1681 cessavit
3784 1625 3836 1680 is

2256 1714 2465 1773 secula
2497 1716 2600 1789 (Α).
2650 1714 2892 1788 Regnum
2938 1717 3085 1772 enim
3139 1714 3253 1785 ejus
3285 1732 3389 1772 non
3432 1717 3601 1773 habet
3630 1717 3833 1779 ﬁnem:

2258 1809 2385 1880 quia
2420 1824 2524 1865 non
2553 1808 2849 1882 temporale
2886 1809 3170 1882 imperium
3213 1808 3331 1879 ejus
3362 1820 3467 1877 est,
3508 1810 3609 1867 sed
3646 1824 3839 1881 perpeo

589 1876 661 1959 ad
692 1903 902 1959 Patrem
942 1919 1112 1959 meum
1136 1903 1180 1961 '.
1204 1902 1419 1959 Gratias
1452 1901 1583 1973 agit,
1614 1908 1754 1965 orat,
1796 1900 1937 1956 viam
1962 1910 2160 1956 semet-
2189 1876 2233 1933 Β
2262 1876 2431 1957 tuum.
2479 1876 2712 1972 Tempus
2744 1902 2891 1958 enim
2933 1876 3350 1958 resurrectionis
3374 1876 3479 1968 est,
3521 1912 3579 1958 et
3620 1876 3837 1974 ιειιιιιις

591 1996 763 2065 ipsum
789 2004 969 2061 vocat,
1004 2003 1065 2049 ut
1097 2008 1361 2065 agnoscas
1396 1992 1463 2048 ad
1492 2006 1654 2063 quem
1698 1991 1849 2047 vadis
1880 2009 1895 2047 :
1930 1991 2153 2064 ianuam

591 2088 936 2156 semetipsum
962 2085 1092 2141 dicit
1119 2092 1167 2150 0,
1194 2093 1255 2139 ιιι
1278 2098 1540 2154 agnoscas
1578 2083 1646 2138 ad
1680 2097 1837 2153 quem
1876 2082 2150 2155 ingredie-

592 2180 669 2233 ris
706 2196 720 2232 :
752 2176 939 2245 Pater,
966 2176 1162 2246 inquit,
1190 2192 1334 2231 meus
1365 2174 1599 2247 agricola
1621 2182 1722 2241 est,
1752 2185 1801 2230 et
1823 2191 1915 2247 ego
1940 2176 2057 2231 vitis
2084 2176 2107 2209 '
2133 2193 2152 2234 ε

589 2269 716 2324 vitis
755 2278 811 2324 et
861 2270 1094 2339 agricola
1134 2284 1275 2324 unus
1331 2268 1447 2323 est?
1499 2265 1651 2324 lianc
1694 2270 2153 2339 comparationem

588 2361 846 2417 Dominus
870 2360 1025 2429 dixit,
1061 2370 1121 2416 ut
1152 2374 1221 2416 ne
1246 2360 1367 2431 quis
1390 2374 1477 2416 me
1510 2359 1886 2430 reprehendat.
1921 2358 2033 2431 Ego
2056 2374 2155 2413 au-

590 2463 696 2509 tem
736 2453 859 2508 volo
882 2462 942 2508 ιιι
968 2468 1055 2508 me
1090 2453 1304 2524 quidem
1350 2465 1540 2509 omnes
1576 2452 1827 2510 homines
1864 2451 2157 2519 reprehen-

585 2544 763 2597 dant:
796 2556 895 2612 ego
934 2552 1116 2596 autem
1160 2540 1328 2595 volo:
1374 2540 1585 2598 Domini
1633 2552 1815 2596 autem
1847 2539 2157 2595 custodiant

587 2633 771 2688 verba.
807 2631 1057 2686 Descendi
1086 2630 1151 2683 de
1188 2630 1315 2684 calo
1355 2639 1413 2684 ut
1447 2630 1641 2700 faciant
1677 2629 1997 2685 uoluntatem
2038 2630 2153 2696 ejus

583 2723 679 2793 qui
717 2737 798 2776 me
827 2722 965 2775 tstt'sit
993 2721 1036 2753 ¹⁶
1066 2740 1079 2775 :
1108 2718 1342 2776 obedivit
1383 2727 1559 2775 autem
1583 2734 1755 2789 usque
1801 2719 1868 2773 ad
1901 2729 2149 2775 mortem.

588 2810 698 2866 Sed
735 2812 861 2879 quid
913 2825 1055 2865 nunc
1091 2825 1225 2879 opus
1253 2820 1337 2865 est
1364 2807 1555 2865 Pauli!
1593 2824 1897 2879 quanquam
1926 2819 1980 2864 et
2010 2807 2153 2863 Pau-

586 2900 672 2955 lus
700 2916 807 2955 non
836 2900 1148 2955 testimonio
1176 2916 1276 2957 suo
1303 2901 1482 2969 dicat;
1527 2910 1702 2955 tamen
1735 2902 1859 2970 quia
1900 2902 2016 2972 ipse
2048 2900 2153 2955 Do-

586 2993 765 3048 minus
802 3008 905 3048 non
946 2993 1183 3059 auditur,
1222 3001 1282 3048 ut
1309 2992 1439 3062 quid
1473 2992 1539 3047 de
1576 2992 1886 3047 domesticis
1914 2994 2031 3062 ejus
2067 3002 2153 3047 est

586 3085 808 3140 sermo?
833 3084 922 3139 Vis
954 3099 1085 3139 sane
1112 3085 1378 3139 honorare
1402 3081 1622 3149 Filium,
1655 3096 1714 3137 ut
1747 3085 1859 3139 vult
1896 3085 2005 3150 ille,
2043 3100 2147 3139 non

588 3186 646 3229 ut
669 3186 724 3229 tu
748 3176 847 3231 vis.
866 3174 999 3229 Num
1022 3175 1067 3231 si
1092 3175 1297 3231 dixeris
1319 3190 1421 3230 non
1452 3185 1553 3238 est,
1578 3176 1877 3241 houorasti,
1903 3178 1947 3231 si
1976 3177 2144 3231 inter-
2177 3208 2222 3267 ο

585 3268 786 3321 emeris
827 3280 985 3337 quem
1034 3281 1140 3320 non
1206 3274 1494 3335 potuerunt
1543 3266 1746 3322 Judaei?
1787 3266 1955 3322 Judaei
2006 3271 2149 3322 enim

588 3357 912 3412 lehritilium
956 3372 1080 3412 eum
1121 3365 1465 3427 putaverunt,
1494 3368 1547 3411 et
1576 3368 1634 3410 ut
1666 3356 1804 3412 labri
1856 3358 2022 3413 lilium
2068 3359 2153 3413 in-

589 3448 948 3513 teriecerunt;
1007 3458 1059 3502 tu
1111 3455 1169 3502 ut
1216 3447 1410 3502 Filium
1464 3448 1554 3501 Dei
1607 3446 1893 3502 interficis.
1944 3446 2049 3501 Sed
2093 3460 2147 3501 tu

587 3539 855 3605 morieris,
897 3553 1001 3593 non
1040 3538 1146 3593 ille.
1181 3538 1297 3593 Non
1328 3540 1470 3594 enim
1516 3554 1579 3592 ex
1617 3539 1702 3593 his
1734 3554 1853 3608 qua:
1906 3548 1964 3593 tu
1994 3540 2147 3604 dicis,

586 3630 676 3682 ille
706 3644 815 3683 non
853 3637 937 3684 est
969 3641 986 3681 :
1016 3629 1111 3683 sed
1154 3643 1221 3684 ex
1269 3629 1349 3683 his
1380 3643 1498 3697 quae
1538 3644 1641 3683 non
1684 3631 1881 3696 credis,
1930 3640 1983 3685 tu
2043 3647 2147 3685 non

585 3720 712 3774 eris.
740 3718 869 3786 Quae
911 3722 1111 3791 scripta
1159 3731 1285 3777 sunt
1315 3721 1500 3785 dicito,
1532 3729 1586 3777 ει
1617 3723 2025 3792 derelinquetur
2055 3723 2141 3779 lis.

582 3810 699 3865 Non
738 3826 915 3865 meum
946 3820 999 3865 et
1033 3820 1203 3877 tuum,
1236 3812 1328 3867 sed
1368 3828 1486 3881 quae
1530 3814 1831 3868 communia
1877 3824 2004 3869 sunt
2043 3814 2145 3870 Ec-

582 3903 780 3956 clesiae.
814 3901 945 3968 Quis
966 3902 1107 3957 enim
1152 3912 1203 3956 te
1227 3901 1467 3971 iudicat?
1496 3904 1624 3971 quid
1665 3904 1833 3958 habes
1865 3905 2007 3973 quod
2039 3920 2145 3960 non

582 3991 874 4060 accepisti?
906 3990 1022 4044 Non
1052 3991 1152 4045 ista
1172 3999 1255 4045 est
1283 4005 1383 4045 vox
1420 3990 1571 4048 Pauli
1594 3992 1685 4061 qui
1717 3992 1793 4046 ait
1824 4009 1839 4046 :
1878 3990 1965 4047 Ea;
1998 4004 2148 4062 parte

582 4081 936 4153 agnoscimus,
970 4090 1021 4135 et
1051 4096 1114 4136 ea:
1144 4092 1291 4151 parte
1324 4082 1691 4151 propltetamus
1732 4083 1816 4137 “‘l
1865 4081 1990 4138 Haec
2016 4084 2148 4138 dixit

583 4172 799 4239 Paulus,
841 4188 909 4227 ne
952 4186 1082 4229 sane
1130 4172 1275 4228 solus
1315 4180 1595 4242 putaretur
1643 4186 1707 4227 ex
1748 4182 1922 4243 parte,
1970 4174 2065 4228 sed
2094 4182 2148 4227 et

582 4264 831 4334 Apostoli
864 4280 985 4319 cum
1008 4265 1126 4333 ipso
1152 4265 1244 4334 qui
1279 4266 1375 4329 ait,
1404 4280 1541 4319 nunc
1560 4264 1794 4319 uidemus
1836 4282 1929 4335 per
1961 4282 2148 4336 specu-

582 4355 693 4409 iam
729 4355 793 4409 “.
821 4354 924 4409 Sed
956 4353 1154 4409 Paulus
1183 4368 1279 4423 per
1310 4354 1584 4423 speculum
1612 4373 1627 4422 ;
1658 4365 1713 4409 tu
1739 4366 1922 4411 autem
1951 4368 2005 4411 et
2028 4357 2146 4412 istic

581 4448 692 4517 iam
709 4446 786 4502 vis
830 4446 967 4502 facie
995 4448 1060 4501 ad
1078 4446 1267 4503 faciem
1294 4460 1471 4503 nosse.
1506 4446 1965 4514 Quemadmodum
2018 4464 2147 4504 sane

2256 1991 2464 2047 salutis.
2494 1989 2611 2048 Non
2641 1992 2939 2047 moriamur
2963 2005 3115 2063 ergo.
3156 2007 3278 2048 cum
3312 1992 3574 2048 debemus
3616 1993 3830 2048 vivere.

2256 2080 2363 2139 Sed
2386 2068 2529 2138 nunc
2551 2082 2767 2153 quidem
2791 2082 2977 2152 paucis
3003 2083 3075 2138 ob
3096 2084 3421 2138 memoriam
3463 2092 3523 2139 et
3557 2084 3828 2139 honorem

2254 2171 2431 2230 Patris
2458 2173 2601 2230 illius
2632 2174 2825 2239 nostri,
2862 2173 2936 2229 ita
2972 2174 3125 2239 boui,
3164 2175 3239 2229 ita
3284 2173 3569 2239 laboriosi.
3624 2184 3681 2231 et
3732 2189 3835 2247 pre

2255 2263 2510 2321 Ecclesiis
2539 2262 2739 2333 ubique
2758 2263 3014 2335 vigilante
3038 2262 3122 2334 (5)
3150 2265 3295 2319 dicta
3338 2265 3447 2319 sint
3501 2265 3685 2321 nobis.
3731 2263 3836 2321 Ne-

2254 2372 2360 2429 que
2383 2356 2527 2413 enim
2554 2356 2766 2428 generis
2801 2353 2923 2424 eius
2977 2356 3293 2412 memoriam
3340 2356 3591 2424 iecimus,
3655 2371 3837 2429 neque

2253 2449 2609 2516 educationis,
2653 2456 2748 2502 aut
2801 2447 3149 2515 eruditionis,
3204 2458 3300 2504 aut
3348 2449 3572 2505 alterius
3624 2448 3836 2504 vitaet

2257 2539 2538 2614 propositi.
2570 2537 2849 2595 Snilicient
2870 2540 3015 2594 enim
3056 2538 3110 2594 in
3153 2539 3390 2595 Ecclesia
3429 2540 3519 2594 Dei
3553 2540 3625 2595 de
3667 2538 3834 2595 Patre

2256 2642 2312 2688 et
2349 2630 2487 2686 Filio
2532 2630 2675 2699 loqui
2736 2628 2834 2701 (6).
2882 2629 3053 2701 Loqui
3107 2632 3306 2702 quippe
3344 2631 3601 2699 dicililia,
3652 2640 3833 2687 tacere

2252 2731 2430 2776 autem
2468 2733 2589 2791 qua
2610 2719 2820 2778 occulta
2867 2729 3013 2776 sunt.
3049 2720 3386 2793 Tinguamur
3423 2721 3625 2778 intres
3658 2722 3715 2777 iu
3751 2722 3833 2776 his

2253 2828 2371 2883 qua:
2402 2812 2455 2868 in
2479 2812 2774 2882 Scripturis
2823 2814 3023 2883 scripta
3063 2827 3215 2879 sunt,
3256 2829 3359 2869 non
3401 2821 3459 2869 ut
3502 2826 3693 2868 vacua:
3740 2812 3831 2868 lit-

2253 2912 2383 2959 term
2408 2904 2792 2974 prophetarum
2825 2913 2883 2958 ut
2911 2904 3134 2959 ludmis.
3158 2904 3238 2959 Illi
3259 2904 3409 2961 enim
3446 2905 3738 2960 adversum
3770 2918 3829 2959 se

2250 2992 2466 3065 legunt;
2501 2994 2741 3065 legentes
2777 2995 2922 3048 enim
2955 2993 3165 3049 litteras
3208 3004 3266 3049 et
3310 3008 3415 3049 non
3461 2996 3823 3063 suscipientes

2251 3088 2530 3157 negotium
2558 3101 2625 3141 ex
2661 3086 2745 3139 his
2772 3086 2967 3155 quibus
3010 3085 3315 3157 legunt('l),
3337 3086 3663 3155 semetipsos
3696 3102 3826 3142 con-

2253 3178 2616 3245 demnantqui
2652 3186 2937 3231 excusant.
2980 3174 3167 3233 Videte
3195 3190 3263 3230 ne
3306 3177 3583 3248 patiamur
3612 3192 3676 3233 ea
3703 3192 3825 3250 qua

2256 3268 2453 3323 Judais
2492 3268 2858 3337 increpamus.
2897 3265 2955 3322 Si
2997 3268 3141 3323 enim
3186 3268 3416 3325 dicimus
3456 3266 3678 3336 Filium,
3723 3285 3830 3325 non

2254 3357 2573 3413 confitemur
2609 3354 2787 3412 autem
2817 3357 3034 3422 Filium,
3061 3368 3116 3415 et
3140 3359 3183 3413 si
3213 3360 3555 3427 agnoscimus
3584 3358 3830 3424 Patrem,

2252 3462 2565 3517 spernamus
2604 3458 2783 3502 autem
2830 3447 3078 3513 Patrem;
3123 3449 3216 3503 illa
3259 3449 3376 3520 ipsa
3418 3464 3539 3521 qua
3570 3450 3830 3521 legimus.

2258 3516 2373 3610 ipsa
2405 3540 2558 3596 nobis
2586 3540 2641 3596 in
2693 3542 2779 3595 die
2801 3538 2989 3610 judicii
3028 3516 3377 3611 legentur'ad
3415 3516 3831 3596 condemnatis;-

2264 3649 2408 3689 nem.
2439 3634 2573 3689 Dicit
2637 3633 2780 3690 enim
2817 3632 3122 3689 Dominus:
3156 3626 3271 3698 Ego
3287 3643 3390 3683 non
3400 3628 3587 3699 judico
3634 3633 3704 3697 ",
3738 3630 3832 3687 sed

2255 3739 2438 3779 sermo
2464 3739 2629 3795 quem
2692 3723 2901 3779 locutus
2948 3734 3031 3777 est
3079 3721 3371 3793 ipse'eum
3415 3720 3647 3789 iudicat.
3683 3718 3833 3774 Dixit

2252 3817 2371 3883 tibi,
2402 3818 2528 3886 quia
2562 3816 2697 3870 uado
2740 3817 2809 3870 ad
2868 3815 3080 3871 Patrem
3137 3828 3312 3867 meum
3359 3810 3504 3866 Dixit
3553 3810 3673 3876 tibi,
3702 3812 3831 3881 quia

2250 3906 2449 3960 missus
2472 3920 2501 3958 a
2529 3901 2691 3957 Patre
2729 3915 2884 3965 sum;
2910 3912 2965 3955 et
2986 3911 3041 3955 tu
3063 3900 3197 3954 dicis
3220 3899 3344 3969 quia
3369 3914 3473 3954 non
3496 3908 3580 3953 est
3601 3898 3833 3954 missus?

2248 3997 2341 4050 sed
2366 3996 2480 4063 ipse
2499 4003 2583 4049 est
2607 3993 2697 4063 qui
2724 3993 2838 4047 hac
2854 3992 3009 4058 dixit,
3031 4002 3087 4046 et
3106 4000 3232 4046 tunc
3252 3989 3511 4058 judicahit
3531 4006 3548 4044 ;
3567 3990 3712 4059 leget
3736 3992 3829 4046 tibi

2247 4086 2555 4157 Evangelia,
2574 4084 2725 4149 dabis
2745 4084 3029 4148 rationem,
3050 4082 3192 4137 dicet
3207 4097 3304 4137 cur
3326 4082 3437 4137 haec
3452 4081 3653 4151 scripta
3670 4082 3831 4137 sunt!

2249 4177 2374 4233 Haec
2398 4186 2575 4231 autem
2600 4185 2726 4231 tunc
2752 4190 2855 4230 non
2883 4176 2990 4231 dixi
3018 4189 3115 4245 per
3145 4187 3353 4229 vocem.
3374 4171 3441 4226 Et
3460 4188 3568 4242 qua
3590 4170 3733 4229 facie
3754 4173 3831 4227 vi-

2253 4270 2408 4325 debis
2450 4266 2579 4321 illud
2610 4265 2827 4322 lumen?
2856 4266 3105 4322 Contenti
3131 4264 3301 4320 simus
3325 4264 3572 4329 veritate,
3603 4275 3830 4317 excuse-

2253 4374 2372 4413 mus
2396 4357 2537 4413 lites.
2576 4356 2778 4428 Siquis
2798 4367 2977 4413 autem
3016 4366 3073 4411 et
3112 4356 3263 4411 novit
3299 4353 3507 4425 aliquid
3559 4369 3683 4408 cum
3730 4365 3828 4423 pa-

2255 4449 2441 4506 tientia
2471 4458 2525 4506 et
2564 4465 2667 4505 non
2697 4452 2763 4504 ad
2796 4447 3195 4520 instigationem
3233 4461 3354 4517 qum
3388 4442 3553 4511 ludit,
3580 4447 3677 4500 sed
3706 4458 3828 4501 cum

582 4551 706 4591 eum
724 4537 985 4591 interimis
1002 4549 1159 4605 quem
1184 4536 1354 4590 rides.
1382 4533 2156 4604 Hmc(2-5)videbamussem-
2188 4550 2231 4605 υ
2261 4541 2563 4597 humilitate
2606 4556 2726 4611 qua:
2783 4542 3023 4611 prodest,
3074 4554 3179 4593 non
3222 4550 3281 4591 ιιι
3330 4537 3559 4603 inimici,
3613 4539 3710 4591 sed
3774 4543 3827 4591 at

584 4644 681 4700 per
700 4642 730 4682 a
756 4630 915 4685 beato
937 4628 1027 4684 illo
1046 4627 1184 4683 viro.
1215 4626 1370 4697 Saepe
1384 4628 1525 4682 enim
1547 4625 1865 4682 dicebantur
1901 4630 1968 4683 ab
1986 4644 2071 4695 en,
2093 4643 2151 4687 ut

583 4720 801 4791 quidam
828 4720 1230 4789 suspicarentur
1268 4734 1364 4774 ore
1393 4718 1606 4791 quidem
1641 4733 1740 4775 suo
1762 4720 1861 4775 ista
1886 4724 2149 4792 proferre,

582 4816 750 4870 corde
774 4823 950 4868 autem
978 4812 1135 4866 aliter
1159 4812 1378 4866 habere.
1428 4808 1495 4864 Et
1544 4810 1759 4879 quidem
1814 4828 2022 4870 Inemor
2059 4831 2152 4871 ve-

590 4906 676 4959 bis
704 4919 823 4959 sum
853 4902 1068 4958 audisse
1096 4915 1184 4958 me
1222 4904 1289 4957 ab
1314 4916 1379 4956 eo
1414 4911 1601 4958 sancto
1652 4904 1806 4960 nobis
1841 4903 2150 4973 juramento

586 4994 941 5062 satisfecisse,
968 4996 1095 5065 quia
1117 5009 1222 5049 non
1252 4994 1394 5049 aliud
1424 4994 1479 5048 in
1515 4994 1716 5067 lingua,
1750 5005 1806 5051 et
1839 4997 1981 5051 aliud
2008 5009 2153 5054 esset

586 5092 642 5146 in
677 5090 840 5147 corde
865 5090 1014 5159 ejus;
1046 5088 1143 5144 sed
1177 5087 1343 5143 corde
1377 5086 1594 5155 quidem
1625 5088 1863 5143 creditur
1886 5089 1953 5142 ad
1984 5089 2148 5159 justi-

588 5177 851 5242 tiam,ore
869 5186 1047 5231 autem
1077 5175 1365 5231 conﬁtetur
1399 5176 1465 5229 ad
1487 5176 1714 5232 salutem
1754 5194 1769 5231 :
1808 5179 1949 5233 unde
1982 5179 2147 5251 igitur

658 5293 679 5323 ³
700 5291 855 5349 Joan.
881 5305 957 5355 ιι,
986 5292 1077 5357 di,
1109 5292 1200 5346 d2.
1269 5294 1290 5324 ⁵
1326 5291 1481 5347 Joau.
1510 5310 1620 5358 xtv,
1642 5295 1730 5349 51.

588 5376 643 5425 x,
678 5362 732 5416 9.
840 5362 862 5395 '
893 5362 1047 5417 Joan.
1087 5378 1177 5429 xv,
1221 5362 1268 5418 l.

586 5445 705 5498 vui,
736 5431 822 5487 15.

656 5542 795 5613 (ιδ)
829 5541 958 5619 lites
997 5546 1316 5607 videbamus,
1356 5556 1463 5619 etc.
1504 5547 1667 5619 Henr.
1701 5547 1945 5605 Valesius
1970 5549 2143 5619 legit:

589 5606 730 5684 nec,
744 5606 1082 5684 audiebamus
1103 5606 1311 5683 sempch
1334 5633 1365 5669 a
1390 5618 1537 5670 beato
1562 5618 1651 5672 illo
1682 5624 1811 5682 viro,
1840 5636 1978 5684 sepe
2003 5606 2143 5675 εἶιὲιή

586 5682 999 5757 addicebantur
1041 5686 1105 5737 ab
1156 5682 1235 5757 eo,
1275 5696 1329 5737 ut
1360 5687 1570 5755 quidam
1620 5682 2011 5757 suspicarentur
2056 5706 2144 5745 ore

584 5751 931 5823 quid_erss__euns
964 5754 1063 5807 ista
1094 5754 1349 5823 proferre.
1372 5751 1480 5810 etc.

657 5818 737 5886 (ι)
766 5818 945 5888 Neque
966 5818 1201 5880 cessavit.
1227 5822 1389 5881 Forte
1428 5841 1589 5891 neque
1613 5826 1857 5883 cessabit.

1830 5298 1851 5328 '
1880 5294 2035 5351 Joan.
2068 5312 2185 5361 vtu,
2227 5298 2318 5354 ιθ.
2395 5296 2589 5353 ‘Joan.
2623 5311 2673 5360 v,
2711 5294 2796 5357 i7,
2841 5292 2930 5348 56.

1374 5364 1417 5395 ³⁸
1450 5363 1605 5418 Joan.
1642 5381 1716 5431 v1,
1745 5367 1835 5422 58.
1934 5368 1971 5398 “
2007 5370 2024 5422 l
2053 5367 2177 5423 Cor.
2215 5384 2336 5437 χιιι,
2360 5370 2413 5427 9.

2256 4632 2571 4699 Christiani,
2612 4649 2716 4689 non
2774 4643 2831 4687 ut
2883 4634 2935 4686 in
2983 4632 3157 4695 circo,
3211 4631 3303 4684 sed
3344 4639 3405 4683 ut
3452 4630 3505 4683 in
3561 4627 3826 4685 Ecclesia.

2265 4724 2453 4779 [labes
2493 4724 2707 4795 aliquid
2752 4741 2766 4777 :
2811 4725 2965 4777 trade
3019 4737 3123 4777 non
3184 4736 3304 4776 cum
3356 4721 3471 4784 lite,
3522 4736 3629 4776 non
3676 4725 3828 4793 quasi

2258 4828 2469 4881 auctor.
2507 4818 2600 4873 sed
2642 4830 2961 4871 ammonens
2986 4829 3049 4870 ea
3079 4828 3199 4885 quae
3229 4812 3469 4868 didicisti
3519 4829 3551 4868 a
3583 4811 3825 4885 Scriptu-

2259 4910 2355 4965 ris.
2391 4908 2637 4965 Retinete
2659 4909 2794 4973 hac,
2823 4916 2879 4963 et
2910 4905 3199 4961 cessabitis
3230 4904 3394 4968 alite,
3434 4914 3489 4959 et
3526 4905 3595 4959 ab
3628 4903 3814 4960 Eccle'

2257 5001 2335 5056 sia
2372 5001 2611 5070 separari
2657 4999 2847 5055 nolite.
2898 4995 2956 5052 Si
3003 5011 3101 5067 ego
3149 4996 3339 5060 deliro,
3383 4996 3510 5063 quid
3545 4996 3615 5050 ad
3665 4996 3757 5050 te?
3787 4996 3827 5051 si

2256 5108 2357 5163 ego
2388 5092 2564 5147 aliena
2599 5091 2815 5162 loquar,
2850 5106 2935 5145 me
2958 5088 3142 5158 iudica
3175 5097 3230 5143 et
3258 5088 3481 5158 perdere
3508 5085 3639 5140 noli.
3661 5086 3823 5142 Occa-

2253 5185 2459 5237 sionem
2488 5181 2657 5236 nolite
2698 5192 2941 5249 quaarere
2977 5178 3043 5233 ad
3092 5176 3404 5233 schismata.
3434 5173 3563 5230 Ovis
3585 5189 3709 5244 qua:
3736 5189 3824 5229 ex-

3032 5291 3210 5349 anu.
3237 5306 3347 5354 xlv,
3378 5290 3428 5355 l,
3459 5288 3549 5345 28.
3626 5289 3649 5321 ⁸
3671 5288 3808 5345 Joan

2510 5370 2554 5400 “
2592 5357 2747 5429 ibid,
2783 5363 2867 5418 l2.
2964 5362 3070 5417 "ll
3096 5362 3223 5417 Cor.
3276 5377 3394 5425 xut,
3428 5361 3481 5414 3.
3586 5357 3634 5391 “
3666 5359 3822 5417 Joan.

2324 5502 2402 5620 (ἐ)
2446 5544 2823 5620 νίςὶιριιιε.ᾲΗ.
2860 5544 3120 5620 Valesius
3296 5542 3582 5620 uigilantis.

2417 5608 2769 5705 issisti-1pm
2807 5619 2944 5672 enim
2980 5618 3035 5671 in
3073 5608 3313 5669 Eccl'csia
3346 5608 3442 5667 Dei
3479 5615 3546 5668 de
3582 5608 3752 5669 Patre
3774 5622 3821 5673 α

2252 5688 2625 5885 magis.
2666 5758 2850 5829 quibus
2877 5754 3074 5828 legunt.
3106 5752 3295 5810 Greco
3318 5768 3488 5821 more,
3521 5768 3622 5827 pro
3650 5769 3714 5812 ss
3741 5753 3818 5809 sto

2252 5848 2364 5885 σιητ
2410 5846 2543 5885 enim
2574 5869 2588 5883 .

2246 5848 2364 5894 quis
2389 5846 2588 5891 tequnt.
