4000 6476
252 528 387 583 1069

1362 508 1451 560 οι
1486 500 2091 560 ιιιδυκιυιυτιοκε.
2133 532 2187 542 —
2242 497 2371 553 LIB.
2415 496 2457 552 Ι.

3396 488 3533 549 1070

249 640 331 685 tra
357 643 569 701 gregem
595 630 699 689 est,
730 638 873 699 pars
913 634 1022 698 lupi
1057 637 1161 685 est.
1195 626 1331 684 Nam
1360 628 1464 685 etsi
1496 629 1691 685 fortior
1718 628 1841 683 avis
1868 633 1916 691 Α
1946 638 2058 684 tres
2093 647 2106 683 :
2148 642 2254 682 non
2298 625 2565 681 faciamus
2607 616 3011 682 conventicula,
3054 630 3166 671 non
3218 614 3533 685 speluncas.

251 736 331 785 es,
360 722 577 793 expedit
626 718 729 775 tibi
782 719 926 775 infra
985 722 1220 793 parietes
1268 723 1429 778 ovilis
1478 737 1622 783 esse.
1671 736 1835 790 quam

248 813 425 869 foras.
456 812 636 869 Fortis
670 826 752 877 es,
796 821 952 881 porta
1005 828 1181 868 meam
1225 814 1598 869 infirmitatem
1634 826 1651 868 :
1688 812 1841 868 infir-

246 922 375 962 mus
407 922 490 971 es,
517 906 703 975 accipe
724 908 989 965 medelam
1017 924 1047 963 a
1070 908 1343 965 communi
1378 908 1619 965 Ecclesia
1646 926 1661 962 :
1686 916 1839 979 gutta

240 1018 359 1057 una
422 1011 719 1058 torrentem
781 1015 889 1056 non
940 1000 1093 1055 facit.
1149 999 1206 1054 Si
1252 999 1402 1053 enim
1448 1008 1505 1053 et
1555 998 1836 1064 ceciderit,

234 1103 545 1161 antequam
580 1093 761 1158 cadat,
792 1109 819 1145 a
850 1102 995 1147 terra
1033 1089 1379 1146 absorbetur.
1424 1088 1587 1145 Gutta
1628 1099 1837 1155 autem,

235 1195 303 1242 et
342 1194 520 1258 gutta,
553 1197 610 1241 et
632 1194 782 1255 gutta
812 1185 976 1241 etiam
1022 1192 1233 1238 montes
1277 1185 1494 1238 evertit.
1543 1181 1726 1239 Canna
1778 1196 1840 1239 es

240 1278 485 1349 fragilis,
519 1277 671 1332 multi
703 1286 884 1331 autem
934 1274 1086 1331 ferro
1134 1282 1265 1328 sunt
1317 1271 1593 1329 fortiores.
1636 1272 1839 1330 Oculus

236 1369 403 1425 solus
431 1384 536 1423 non
562 1377 646 1424 est
666 1368 882 1433 oculos,
915 1380 1092 1437 neque
1113 1376 1491 1438 caputcaput,
1528 1382 1705 1437 neque
1744 1382 1839 1438 pes

235 1477 372 1532 pes.
412 1460 746 1532 Compositio
790 1460 934 1515 enim
984 1459 1355 1514 membrorum
1414 1467 1584 1513 totum
1635 1462 1837 1513 bonum

235 1548 404 1604 facit.
450 1546 583 1603 Nam
615 1548 717 1604 etsi
762 1561 915 1603 esses
948 1545 1161 1612 oculus,
1209 1547 1449 1610 ablatus,
1475 1561 1600 1603 eras
1637 1563 1835 1604 caecus.

230 1643 290 1696 Α
316 1654 543 1710 corpore
572 1640 716 1693 enim
746 1638 995 1694 sublatus
1017 1637 1233 1704 oculus,
1267 1653 1445 1694 ezecus
1488 1646 1575 1695 est
1617 1639 1837 1704 oculus.

230 1731 425 1801 magis
455 1738 637 1785 autem
680 1739 945 1785 mortuus.
973 1730 1029 1784 ln
1061 1729 1303 1786 Ecclesia
1338 1729 1539 1786 fratres
1588 1733 1691 1787 sub
1725 1731 1839 1789 alas

230 1821 443 1879 matris
465 1821 859 1877 conveniamus
887 1838 905 1882 :
934 1821 988 1875 in
1012 1820 1256 1877 Ecclesia
1300 1822 1354 1876 in
1382 1836 1488 1892 qua
1515 1827 1838 1879 ornamenta

232 1929 465 1986 sponsae
491 1923 638 1981 sunt,
665 1923 721 1968 et
750 1913 994 1969 membra
1015 1912 1240 1978 Christi,
1272 1928 1382 1968 non
1411 1914 1479 1970 ad
1520 1914 1837 1980 schismata,

1943 720 2110 777 Forte
2150 721 2295 777 enim
2351 715 2585 790 apostoli
2642 715 2761 771 haec
2808 711 3128 767 fundarunt.
3162 707 3280 764 Non
3326 708 3535 780 lapides

1942 812 2086 878 dico,
2126 812 2222 869 sed
2259 812 2472 883 negotia
2512 824 2720 865 rerum.
2755 806 2888 861 Exis
2928 806 2999 861 ab
3028 802 3299 869 Ecclesia,
3344 813 3404 859 et
3447 816 3534 861 re-

1940 905 2143 977 linquis
2182 914 2413 960 matrem
2458 912 2604 958 tuam
2635 908 2859 973 propter
2910 912 3017 953 me.
3046 896 3186 963 Quid
3220 911 3341 951 sum
3385 894 3533 952 enim

1940 1013 2065 1070 ego,
2100 1006 2196 1053 aut
2232 996 2459 1061 Paulus,
2486 1005 2583 1050 aut
2614 990 2806 1063 Apollo
2829 989 2954 1061 quis
2988 988 3110 1044 est?
3158 988 3233 1044 De
3258 1003 3344 1043 me
3385 998 3441 1043 et
3482 996 3534 1045 te

1941 1091 2048 1147 erit
2079 1104 2280 1147 sermo.
2312 1085 2452 1144 Num
2488 1100 2591 1159 ego
2632 1083 2930 1142 cruciﬁxus
2976 1081 3137 1138 sum?
3164 1081 3410 1136 Necdum
3463 1092 3535 1137 ne

1939 1181 2161 1252 quidem
2184 1181 2395 1252 alapam
2419 1178 2630 1250 accepi.
2663 1176 2707 1232 E
2727 1176 3008 1232 contrario
3042 1186 3244 1239 autem,
3278 1184 3334 1229 et
3359 1174 3535 1229 hono-

1942 1282 2095 1330 ratus
2145 1288 2266 1328 sum
2319 1281 2539 1342 propter
2586 1265 2797 1325 Iesum.
2851 1269 2919 1325 Et
2961 1266 3053 1324 ille
3091 1266 3310 1337 quidem
3362 1265 3533 1321 multa

1944 1379 2137 1435 passus
2159 1373 2243 1419 εει
2272 1374 2494 1435 propter
2515 1377 2603 1419 me
2634 1380 2651 1416 ἲ
2692 1377 2793 1431 ego
2832 1371 3014 1418 autem
3066 1360 3369 1415 honoratus
3403 1373 3527 1414 sum

1943 1465 2165 1529 propter
2204 1457 2402 1526 ipsum.
2447 1454 2517 1511 Et
2544 1470 2645 1511 nos
2678 1454 2899 1524 quidem
2950 1452 3216 1509 feriamur
3266 1452 3536 1509 adversus

1941 1564 2187 1613 crucem.
2232 1558 2288 1605 et
2332 1548 2628 1604 adversum
2666 1561 2792 1601 eum
2826 1546 2919 1617 qui
2966 1556 3185 1615 propter
3227 1560 3326 1601 nos
3372 1544 3446 1601 fel
3482 1552 3534 1600 et

1943 1651 2156 1698 acetum
2196 1640 2353 1703 bihit,
2386 1649 2441 1695 et
2465 1638 2798 1709 imponimus
2842 1639 2894 1693 ei
2929 1638 3115 1709 spinas
3156 1637 3331 1709 magis
3363 1652 3532 1707 quam

1941 1730 2132 1799 Judaei,
2156 1742 2212 1789 et
2242 1729 2528 1787 efi‘odimus
2562 1746 2757 1787 manus
2799 1730 2918 1800 ejus
2962 1739 3019 1786 et
3057 1729 3248 1800 pedes,
3292 1739 3348 1787 et
3376 1731 3535 1786 dinu-

1942 1839 2219 1880 meramus
2237 1821 2356 1891 ejus
2380 1837 2505 1877 ossa
2541 1840 2555 1875 :
2589 1820 2723 1888 Qua:
2760 1823 2927 1889 enim,
2963 1821 3163 1891 inquit,
3196 1820 3398 1891 fecistis
3437 1818 3536 1876 uni

1943 1932 2009 1971 ea:
2038 1916 2273 1970 minimis
2302 1914 2428 1969 istis
2460 1913 2552 1985 qui
2580 1920 2801 1968 credunt
2842 1914 2897 1967 in
2926 1929 3031 1979 me,
3060 1912 3189 1967 mihi
3238 1913 3434 1981 fecistis
3464 1910 3537 1980 ",

236 2022 361 2062 non
386 2006 455 2061 ad
476 2006 733 2062 hereses.
764 2004 1067 2075 Aliquoties
1086 2005 1233 2060 enim
1266 2005 1390 2063 dico
1420 2024 1433 2061 :
1467 2002 1691 2062 offendit
1720 2023 1837 2062 mea
1872 2016 1920 2075 Β
1947 2016 2041 2061 aut
2075 2005 2280 2061 bonum
2316 2015 2411 2060 aut
2443 2004 2673 2060 malum.
2712 2004 2838 2061 Hzec
2870 2003 3069 2061 fratres
3107 2014 3161 2061 et
3210 2004 3264 2060 in
3309 2005 3397 2062 his
3424 2005 3536 2061 fra-

236 2099 475 2169 lingua:
509 2106 690 2167 potest
718 2097 833 2151 fieri
861 2107 921 2151 nt
964 2112 1118 2153 mens
1164 2110 1281 2153 mea
1335 2096 1597 2153 offendat.
1647 2098 1753 2154 Sed
1783 2110 1839 2154 tu

236 2190 363 2245 noli
391 2209 406 2244 :
434 2189 752 2245 obliviscere
795 2188 871 2259 (8)
911 2204 1036 2244 eum
1076 2190 1167 2256 qui
1215 2189 1352 2244 dixit
1393 2206 1409 2243 :
1451 2186 1634 2244 Pretio
1679 2191 1840 2261 empti

238 2283 400 2348 estis,
430 2280 593 2336 nolite
621 2281 738 2349 ﬁeri
766 2282 903 2335 serti
942 2281 1212 2337 hominum
1236 2278 1301 2335 η.
1332 2278 1441 2338 Ista
1474 2283 1617 2338 enim
1644 2284 1841 2339 domus

240 2389 361 2430 non
385 2389 503 2431 mea
526 2383 609 2429 est
630 2383 725 2428 aut
752 2383 864 2432 tua.
911 2373 1023 2430 Cur
1073 2375 1177 2429 mei
1231 2390 1395 2430 causa
1428 2376 1640 2430 recedis
1672 2391 1701 2428 a
1737 2375 1841 2429 Do-

241 2466 455 2523 minica
504 2466 705 2521 domo?
750 2467 817 2521 Et
851 2467 1044 2536 primo
1084 2466 1301 2536 quidem
1348 2467 1478 2538 quid
1528 2467 1839 2538 accepimus

243 2559 411 2615 nobis
438 2559 563 2630 quia
597 2559 954 2628 sapientiores
982 2559 1238 2614 omnibus
1273 2558 1500 2614 sumus?
1527 2558 1733 2614 Deinde
1780 2567 1841 2613 ut

244 2651 381 2720 quid
406 2652 551 2721 quod
581 2651 633 2704 in
659 2665 821 2721 prece
846 2649 923 2723 (9)
953 2649 1201 2704 diabolus
1235 2650 1420 2716 habet,
1451 2650 1719 2705 donamus
1752 2649 1841 2706 ei?

244 2739 310 2797 Si
348 2756 448 2812 ego
472 2742 719 2797 infirmus
747 2756 888 2807 sum,
932 2750 984 2794 tu
1007 2742 1095 2810 qui
1133 2756 1193 2797 es
1214 2743 1391 2807 fortis,
1421 2757 1524 2797 non
1555 2742 1836 2807 recedens,

246 2835 515 2890 conﬁrma
561 2833 886 2890 Ecclesiam.
936 2834 994 2888 Si
1038 2849 1141 2903 ego
1185 2833 1361 2889 aliena
1396 2832 1608 2903 loquor,
1648 2850 1747 2887 cur
1782 2843 1837 2887 tu

251 2926 345 2997 qui
369 2926 509 2981 bene
544 2924 790 2994 loqueris
834 2924 1108 2980 abstrahis
1136 2933 1269 2979 teut
1293 2924 1581 2979 videantur
1612 2941 1731 2979 mea
1758 2926 1841 2978 in-

250 3016 500 3071 firmari?
523 3016 589 3070 Et
618 3030 685 3071 ne
710 3016 835 3086 quis
854 3031 941 3071 me
971 3026 1125 3087 putet
1160 3016 1445 3071 incitatum
1475 3015 1543 3069 ad
1573 3015 1839 3085 quosdam

253 3109 590 3165 dicere:sed
631 3108 700 3163 ab
721 3107 981 3165 exercitio
1018 3108 1131 3179 (10)
1170 3122 1292 3163 sum
1345 3106 1636 3162 multorum
1671 3124 1684 3160 :
1727 3107 1841 3162 scio

259 3210 468 3272 quanta
498 3202 640 3258 dicta
678 3212 805 3258 sunt
856 3211 913 3257 et
953 3202 1225 3257 dicuntur.
1273 3199 1658 3269 Unusquisque
1694 3200 1841 3255 enim

258 3309 511 3365 quarens
536 3295 678 3349 unde
712 3303 969 3365 pascatur
1006 3293 1217 3349 furatur
1240 3293 1376 3364 (11).
1410 3292 1649 3347 Minores
1686 3309 1699 3344 :
1730 3290 1841 3345 ira-

1942 2107 2099 2153 tres:
2133 2113 2241 2153 non
2293 2112 2510 2169 semper
2567 2098 2808 2161 nomina.
2859 2099 2956 2155 sed
3002 2114 3111 2155 res.
3185 2100 3535 2159 Christianus

1941 2189 2084 2245 enim
2113 2202 2296 2256 verus,
2351 2189 2522 2246 frater
2563 2190 2656 2247 sit.
2706 2187 2881 2246 Verus
2935 2190 3281 2248 Christianus
3322 2212 3334 2248 :
3370 2207 3535 2249 verus

1941 2292 2027 2338 est
2075 2282 2222 2337 enim
2283 2278 2554 2339 Christus.
2602 2282 2849 2351 Fratres,
2901 2282 3121 2350 fratres,
3182 2286 3349 2342 nolite
3412 2301 3536 2344 esse

1942 2375 2162 2445 piratae,
2227 2376 2397 2432 nolite
2462 2376 2778 2433 bellatores.
2848 2374 3027 2432 Nolite
3094 2392 3339 2447 quaerere
3403 2390 3551 2435 cum

1942 2482 2049 2537 quo
2121 2462 2374 2539 litigetis,
2442 2468 2536 2525 sed
2588 2484 2749 2540 quem
2830 2469 3074 2527 salvetis.
3152 2465 3271 2540 Ipse
3347 2480 3530 2527 autem

1942 2560 2087 2615 Deus
2142 2562 2307 2630 pacis,
2363 2561 2455 2630 qui
2502 2577 2607 2616 non
2666 2562 2909 2633 pepercit
2969 2562 3251 2632 unigenito
3282 2577 3381 2618 suo
3435 2563 3531 2619 Fi-

1942 2650 2036 2715 lio,
2071 2661 2128 2706 et
2157 2650 2305 2706 misit
2368 2668 2494 2706 eum
2540 2656 2604 2706 ad
2644 2652 2873 2708 salutem
2924 2664 3189 2720 nostram,
3245 2654 3365 2723 ipse
3402 2669 3529 2710 om-

1942 2744 2091 2798 nium
2136 2754 2378 2799 vestrum
2408 2744 2622 2801 animas
2665 2746 2731 2800 ad
2767 2760 2930 2800 unam
2979 2746 3425 2812 consensionem,
3460 2747 3531 2803 ad

1943 2851 2105 2889 unam
2129 2836 2503 2899 concordiam,
2542 2836 2609 2890 ad
2654 2852 2820 2892 unum
2871 2852 3060 2907 pacem
3102 2849 3159 2895 et
3208 2838 3532 2895 charitatem

1943 2926 2142 2981 adnuet
2167 2941 2265 2996 per
2289 2927 2625 2998 unigenitum
2657 2944 2815 2984 suum
2845 2927 3039 2985 Filium
3066 2948 3082 2984 :
3114 2945 3212 3001 per
3250 2946 3414 3002 quem
3447 2939 3536 2989 est

1942 3035 2049 3074 non
2086 3029 2215 3075 nato
2243 3019 2389 3075 Patri
2431 3021 2624 3092 gloria,
2670 3021 2865 3091 honor,
2922 3023 3235 3094 imperium,
3269 3024 3532 3094 maiestas

1941 3111 1997 3168 in
2026 3110 2228 3182 Spiritu
2274 3125 2486 3178 saneto,
2516 3124 2569 3169 et
2602 3129 2744 3171 nunc
2776 3125 2830 3170 et
2866 3130 3103 3188 semper,
3135 3125 3185 3172 et
3217 3130 3312 3188 per
3346 3116 3532 3173 omnia

1944 3196 2142 3254 saecula
2172 3200 2520 3255 saeculorum.
2549 3201 2742 3255 Amen.

265 3442 2123 3475 mm

960 3442 3484 3480 Μ

1022 3665 1786 3825 EUSEBII
1843 3661 2771 3826 PAMPHILI

839 3961 1069 4076 DE
1194 3956 2945 4075 RESURRECTIONE.

1420 4330 1777 4420 LIBER
1852 4332 2349 4423 PRIMUS.

322 4682 535 4743 Dictum
556 4686 875 4758 estquidem
900 4703 929 4742 a
962 4688 1115 4743 nobis
1141 4695 1196 4743 ct
1223 4698 1345 4744 ante
1369 4690 1437 4744 de
1473 4690 1832 4745 resurrectio-
1859 4701 1901 4757 C
1936 4703 2118 4748 autem
2178 4701 2233 4747 et
2267 4708 2387 4762 qua:
2422 4690 2556 4744 lecta
2591 4696 2753 4755 sunt;
2804 4685 2944 4743 forte
2993 4684 3158 4743 etiam
3207 4696 3350 4754 sape
3374 4681 3536 4738 nobis

251 4794 353 4845 ne;
391 4779 619 4835 audistis
656 4789 710 4835 et
748 4794 846 4835 vos
894 4798 907 4834 :
949 4780 1041 4835 sed
1078 4782 1260 4835 omnia
1322 4790 1565 4849 tempora
1614 4781 1840 4849 exigunt

250 4887 405 4927 suum
453 4871 709 4936 fructum,
750 4872 1015 4941 siquidem
1065 4882 1119 4926 et
1175 4873 1227 4927 in
1268 4883 1510 4942 tempore
1562 4890 1835 4939 rosarum,

252 5056 480 5112 remiam
513 5054 589 5120 ¹⁷,
636 5064 690 5110 et
718 5056 1039 5110 hirundines
1092 5066 1304 5127 tempus
1351 5066 1407 5111 et
1454 5058 1543 5111 alii
1584 5072 1834 5128 passeres

249 5149 402 5219 agri;
433 5162 661 5217 quorum
690 5149 951 5217 propheta
976 5149 1177 5205 faciens
1204 5151 1556 5216 mentionem,
1589 5152 1837 5221 increpa-

250 5239 339 5295 bat
383 5237 547 5296 israel
582 5240 673 5309 qui
699 5247 941 5309 tempora
982 5239 1287 5310 ignorabat.
1333 5240 1401 5296 Et
1431 5250 1643 5311 tempus
1685 5242 1834 5297 omni

249 5332 331 5387 rei
358 5346 476 5387 esse
498 5332 936 5401 sapientissimus
969 5331 1104 5385 dixit
1130 5331 1386 5387 Salomon
1410 5333 1475 5390 “.
1508 5332 1644 5401 Quia
1670 5333 1835 5403 igitur

249 5432 465 5492 tempus
498 5422 745 5493 exposcit
775 5421 844 5476 de
875 5420 1273 5476 resurrectione
1304 5422 1549 5487 tractari,
1576 5428 1837 5492 expetunt

1941 4785 2268 4851 dicentibus,
2296 4784 2522 4838 necdum
2555 4781 2773 4851 quidam
2813 4781 2881 4835 de
2910 4776 3313 4834 resurrectione
3340 4787 3534 4830 susce-

1940 4886 2139 4947 perunt
2184 4888 2490 4932 sermonem
2534 4891 2549 4927 :
2590 4871 2727 4927 nihil
2774 4868 3032 4940 prohibet
3065 4878 3312 4937 repetere
3346 4879 3446 4920 nos
3478 4874 3538 4923 et

134 5010 137 5013 .
250 4977 388 5017 rosa
409 4960 717 5017 ﬂorescunt.
758 4962 1071 5034 Agnoscunt
1107 4972 1287 5019 autem
1326 4975 1382 5019 et
1415 4969 1710 5020 secundum
1741 4965 1835 5022 Je-
1936 4970 2138 5034 denuo,
2173 4977 2227 5022 et
2258 4967 2431 5021 dehis
2464 4964 2597 5036 ipsis
2626 4972 2863 5019 tractare
2888 4962 2955 5015 ι’.
2983 4960 3184 5016 Eadem
3216 4959 3360 5012 enim
3398 4955 3536 5012 scri-

1941 5062 2072 5117 bere
2115 5076 2215 5116 nec
2248 5058 2474 5113 Paulum
2512 5056 2685 5129 piguit
2729 5071 2744 5109 :
2788 5055 2843 5111 hi
2870 5055 3015 5110 enim
3063 5053 3156 5124 qui
3182 5050 3410 5107 credunt
3447 5064 3539 5106 re-

1944 5155 2302 5211 surrectionis
2330 5166 2632 5217 sermones,
2674 5158 2836 5206 erunt
2882 5147 3155 5203 tutiores:
3188 5143 3327 5199 forte
3350 5151 3534 5197 autem

1942 5246 2035 5315 qui
2059 5247 2290 5301 necdum
2319 5243 2463 5300 suasi
2494 5252 2643 5308 sunt,
2671 5239 3067 5298 suadebuntur.
3113 5233 3271 5289 Nunc
3293 5232 3537 5289 creditur

1942 5335 2088 5390 enim
2121 5336 2363 5392 sermoni
2391 5334 2483 5404 qui
2519 5332 2585 5388 de
2617 5329 3013 5388 resurrectione
3038 5327 3307 5391 habetur;
3331 5332 3387 5379 et
3420 5338 3538 5376 ma-

1943 5436 2048 5492 gna
2094 5432 2181 5479 est
2228 5416 2519 5479 multitudo
2552 5434 2659 5475 non
2697 5418 3056 5475 credentium.
3096 5413 3340 5471 Gentiles
3387 5414 3535 5470 enim

258 5582 281 5593 ι
322 5560 369 5595 ⁸³
390 5558 413 5615 1
433 5560 558 5617 Cor.
588 5576 664 5628 vr,
688 5561 799 5621 20:
833 5572 887 5618 et
926 5578 1020 5631 νη,
1045 5562 1138 5620 25.
1212 5561 1260 5595 "
1285 5560 1477 5621 Matth.
1509 5577 1640 5629 xxv,
1665 5560 1756 5617 40.
1835 5563 1838 5591 ⁵

1947 5573 2029 5615 er.
2053 5571 2176 5621 rm,
2206 5556 2261 5610 7.
2338 5553 2383 5586 “
2421 5553 2600 5609 Eccle.
2637 5566 2719 5619 ut,
2747 5552 2836 5607 ΓΙ.
2916 5553 2959 5585 ³⁵
2997 5548 3233 5620 Philipp.
3261 5562 3346 5615 ιη,
3372 5524 3462 5602 ι.’

321 5679 402 5763 (8)
431 5676 559 5733 Noli
600 5694 620 5732 :
668 5678 993 5736 obliviscere.
1051 5679 1216 5736 Forte
1273 5680 1365 5733 sed
1419 5690 1477 5735 tu
1537 5680 1646 5735 noli
1700 5681 1817 5731 oblt-

437 5818 504 5877 Itt
543 5834 697 5890 prece
744 5821 824 5875 Ἐν
847 5818 1007 5894 εὐχῇ,
1042 5821 1096 5876 in
1126 5829 1275 5886 voto,
1307 5820 1361 5877 in
1389 5820 1609 5889 optatis.

354 5893 438 5961 10)
470 5892 545 5944 Ab
585 5892 857 5947 exercitio.
902 5894 955 5947 id
985 5901 1087 5960 est,
1114 5907 1181 5948 ex
1230 5891 1535 5948 ministerio
1566 5905 1609 5945 η]

354 5891 438 5961 10)
470 5892 545 5944 Ab
585 5892 857 5947 exercitio.
902 5891 1087 5960 idest,
1114 5907 1181 5948 ex
1230 5891 1535 5948 ministerio
1566 5903 1688 5948 meo
1718 5902 1838 5945 mea

252 5961 428 6021 oratio
458 5963 521 6017 ad
552 5961 749 6018 multos
770 5964 1021 6024 pertinet.

2017 5672 2129 5746 (Η)
2159 5671 2421 5746 Furatur.
2450 5668 2705 5746 liuores.
2735 5667 2899 5746 Forte
2929 5667 3142 5746 furatur
3180 5663 3533 5746 minores,.'id

1944 5734 2052 5809 est,
2087 5734 2305 5799 a'ddueit
2335 5756 2433 5809 per
2474 5742 2717 5794 fraudem
2768 5753 2797 5793 e
2826 5734 2946 5809 sinu
2990 5736 3243 5792 Ecclesia:
3273 5734 3536 5809 paruulos

1947 5817 2004 5873 in
2037 5804 2402 5886 iide,_sibique
2431 5811 2715 5886 adiungit;
2731 5810 2871 5886 unde
2898 5807 3079 5863 alatur
3114 5826 3127 5861 :
3164 5806 3354 5874 quales
3393 5806 3430 5861 ii
3466 5804 3541 5863 de

1950 5877 2341 5959 quibus-ludas
2366 5877 2539 5954 apost.
2564 5880 2652 5946 12,
2676 5877 2991 5951 Ssmstipsos
3019 5886 3309 5949 roseum.
