4000 6422
594 416 728 476 1071

1258 413 1529 475 Ευεωιι
1561 412 2035 472 CESANENSIS
2070 410 2143 468 Ol

2259 410 2439 469 PARS
2475 410 2565 467 IV.
2602 442 2674 455 —
2711 410 3132 470 DOGMATICA.

589 551 700 592 non
722 535 983 601 credunt;
1018 533 1258 593 heretici
1292 534 1453 592 simili
1480 536 1639 591 modo
1688 535 1877 592 iisdem
1918 550 2023 590 non
2061 534 2152 589 ba-
2179 540 2224 595 Α
2257 530 2404 588 tillce
2433 533 2522 603 qui
2548 531 2692 603 apud
2720 546 2817 589 nos
2839 544 2944 598 est,
2970 533 3175 587 homile
3204 530 3475 600 loquatur.
3504 528 3577 586 Et
3603 514 3714 587 non
3741 547 3830 589 σοι

589 626 718 682 bent
745 624 939 692 ﬁdem;
970 622 1138 681 Judai
1164 625 1318 681 divisi
1348 634 1469 680 sunt
1493 626 1559 680 de
1583 626 1998 682 resurrectione.
2017 623 2152 681 Sad-

587 717 758 773 ducmi
787 717 931 771 enim
962 717 1305 787 intercipiunt
1331 715 1445 790 (12)
1463 719 1932 784 resurrectionem,
1956 716 2150 772 Phari-

581 809 681 865 αἱ
710 817 889 863 autem
917 821 1202 877 suscepere
1236 826 1250 861 :
1285 807 1387 861 nisi
1428 807 1600 877 magis
1643 810 1698 862 in
1730 807 1939 877 injuriis
1981 807 2149 876 petie-

587 909 737 964 runt,
776 912 937 969 quam
972 897 1371 952 bonoraverunt
1401 916 1414 951 :
1441 898 1582 954 forte
1632 907 1810 953 autem
1860 907 1915 953 et
1961 897 2053 967 qui
2092 899 2147 951 in

587 988 828 1045 Ecclesia
853 986 1199 1053 conveniunt,
1229 987 1383 1043 multi
1412 989 1659 1043 dubitant
1694 988 1760 1043 de
1796 987 2150 1043 resurrectioa

586 1094 689 1146 ne;
725 1093 844 1149 qua
877 1078 1018 1133 enim
1056 1078 1281 1133 necdum
1314 1079 1489 1133 oculis
1518 1078 1785 1144 videntur,
1829 1094 1859 1133 a
1903 1078 2150 1148 plurimis

586 1184 693 1224 non
716 1168 1031 1223 creduntur.
1058 1165 1191 1221 Nam
1212 1177 1265 1223 et
1290 1167 1326 1222 ii
1351 1169 1441 1237 qui
1475 1168 1772 1238 suscipiunt
1799 1171 2149 1223 resurrectio-

582 1275 735 1324 nem,
768 1258 1044 1314 constituti
1094 1267 1275 1328 utpote
1324 1258 1378 1312 in
1420 1257 1681 1323 Ecclesia,
1728 1260 1890 1314 multa
1948 1260 2151 1316 habent

583 1352 746 1406 dubia
774 1350 825 1404 in
866 1357 1049 1404 mente
1077 1348 1143 1402 de
1179 1348 1293 1418 ipsa
1320 1350 1738 1405 resurrectione.
1771 1350 1939 1405 Aiunt
1969 1352 2146 1415 enim,

583 1439 856 1509 quomodo
875 1436 1256 1508 resurgeinus?
1288 1438 1342 1491 in
1376 1453 1483 1507 quo
1532 1440 1742 1504 habitu,
1770 1454 1873 1509 qua
1913 1454 2143 1495 convcr-

582 1531 816 1593 satione,
843 1530 896 1583 in
923 1543 1029 1598 quo
1057 1527 1212 1582 loco?
1241 1527 1367 1582 nudi
1391 1541 1459 1582 an
1476 1528 1701 1583 vestiti?
1728 1530 2149 1586 manducantes?

582 1634 691 1676 non
723 1620 1019 1691 indigentes
1039 1617 1200 1672 esca?
1226 1617 1279 1670 in
1296 1616 1453 1681 calo,
1471 1618 1522 1672 in
1550 1619 1832 1689 paradiso?
1856 1634 2043 1675 omnes
2070 1619 2149 1675 si-

582 1711 719 1776 tnul,
752 1727 820 1765 an
856 1709 946 1764 alii
979 1707 1139 1763 alibi?
1164 1706 1295 1774 Quae
1318 1707 1645 1763 diversitas?
1690 1717 1869 1763 utrum
1902 1710 1954 1763 in
1991 1709 2145 1776 locis,

580 1812 675 1857 aut
702 1802 755 1856 in
789 1799 1180 1871 dignitatibus?
1217 1799 1285 1855 Et
1314 1801 1379 1855 de
1405 1801 1488 1855 liis
1513 1802 1603 1871 qui
1630 1801 1927 1870 puniuntur
1966 1810 2145 1858 utrum

582 1901 635 1946 et
660 1906 891 1961 semper,
923 1901 1014 1945 aut
1038 1900 1250 1960 tempus
1270 1890 1507 1961 aliquod,
1533 1901 1588 1945 et
1606 1902 1782 1945 utrum
1814 1905 2026 1962 semper
2052 1908 2149 1962 per
2178 1881 2220 1937 Β

583 1983 780 2054 ignem,
805 1992 896 2037 aut
920 1982 1207 2052 aliquando
1232 1981 1424 2035 aliter?
1448 1981 1514 2036 Et
1543 1992 1721 2036 utrum
1763 1982 1853 2051 qui
1891 1984 2065 2051 plura,
2094 1994 2149 2039 et

581 2088 769 2144 parva,
804 2082 858 2127 et
890 2070 980 2141 qui
1006 2072 1170 2126 multa
1204 2081 1585 2141 peccaverunt,
1633 2087 1845 2143 semper
1879 2074 2150 2129 habebunt

580 2162 831 2233 pcenam?
861 2160 927 2215 Et
956 2161 998 2215 si
1029 2160 1282 2215 videbunt
1327 2175 1385 2215 se
1434 2162 1687 2217 invicem.
1732 2173 1824 2217 aut
1853 2166 2145 2219 secundum

578 2252 901 2308 eminentiae
927 2252 1015 2307 alii
1050 2252 1101 2306 in
1127 2250 1229 2306 alio
1256 2252 1377 2308 loco
1405 2250 1695 2321 punientur
1716 2295 1729 2307 .
1762 2256 1827 2310 Et
1849 2266 2027 2311 utrum
2054 2258 2146 2328 qui

579 2345 882 2415 puniuntur
926 2344 971 2399 si
1027 2344 1344 2414 semetipsos
1370 2346 1629 2402 videbunt
1660 2346 1807 2419 (l3);
1842 2358 1897 2402 et
1931 2350 1975 2404 si
2018 2349 2146 2419 justi

577 2448 693 2496 eos,
719 2434 809 2504 qui
852 2434 904 2488 in
935 2434 1110 2504 pmnis
1138 2444 1265 2488 sunt
1297 2452 1311 2489 :
1347 2444 1401 2491 et
1435 2438 1481 2491 si
1517 2436 1553 2491 ii
1584 2436 1675 2507 qui
1713 2438 1763 2491 in
1800 2439 1976 2508 pmnis
2002 2450 2145 2505 sunt,

577 2527 745 2592 iustos
787 2525 1165 2596 conspiciunt?
1184 2526 1257 2581 Et
1280 2526 1426 2582 mille
1442 2537 1568 2583 sunt
1590 2531 1915 2600 quaestiones
1937 2533 2004 2587 de
2026 2548 2150 2603 pro-

578 2621 752 2689 posita
792 2620 1209 2676 resurrectione.
1261 2621 1450 2678 Tantis
1483 2624 1646 2695 igitur
1686 2626 1977 2695 propositis
2011 2643 2150 2696 quae-

577 2712 870 2779 stionibus,
912 2722 965 2767 et
986 2713 1151 2769 tantis
1180 2728 1285 2768 non
1314 2715 1678 2786 credentibus,
1716 2729 1769 2771 et
1799 2720 1961 2773 tantis
1988 2719 2148 2774 dubi-

583 2802 850 2871 tantibus;
877 2804 1122 2861 oratione
1156 2820 1291 2874 Opus
1318 2816 1421 2873 est,
1449 2818 1505 2862 ut
1532 2807 1700 2878 ipsius
1740 2810 2148 2865 resurrectionis

574 2895 859 2961 Dominus,
904 2907 960 2953 et
1015 2898 1308 2965 impensius
1337 2898 1554 2967 quidem
1591 2899 1795 2953 tribuat
1844 2913 2145 2956 sermonem

576 2986 796 3051 dicenti,
825 2987 1150 3042 intellectum
1177 3001 1353 3045 autem
1386 2991 1752 3046 audientibus.
1787 2990 2061 3060 Siquidem
2092 3003 2147 3047 et

575 3075 644 3131 iis
666 3092 781 3145 quae
815 3078 955 3131 dicta
982 3092 1106 3132 sunt
1138 3080 1280 3135 aliud
1304 3098 1468 3135 unum
1509 3091 1591 3136 est
1623 3098 1911 3139 commune
1933 3084 2146 3156 vitium,

574 3170 717 3237 quod
751 3171 997 3240 jurgatur
1020 3174 1279 3227 adversus
1315 3175 1789 3229 resurrectionem.
1825 3174 1974 3229 Multi
2002 3177 2143 3230 enim

576 3271 703 3313 sunt
730 3263 819 3328 qui
861 3272 1106 3329 peccant,
1143 3265 1295 3331 pauci
1342 3276 1521 3318 autem
1569 3267 1663 3335 qui
1713 3282 1773 3322 se
1816 3268 2143 3322 custodiunt.

575 3345 656 3402 Illi
683 3350 843 3420 igitur
874 3352 963 3420 qui
1002 3354 1338 3422 delinquunt,
1386 3355 1574 3410 nolunt.
1627 3372 1744 3411 esse
1791 3360 2147 3414 resurrectio-

578 3455 721 3503 nem,
755 3452 809 3493 nt
843 3459 946 3495 non
979 3445 1254 3498 incurrant
1281 3446 1331 3499 in
1365 3461 1583 3514 pmnas;
1620 3451 1712 3504 sed
1735 3465 1883 3503 suam
1911 3451 2149 3509 volunta-

576 3540 683 3584 tem
739 3536 955 3587 decreto
988 3538 1403 3593 resurrectionis
1455 3552 1756 3609 opponunt,
1794 3552 1849 3596 et
1888 3544 2147 3598 resistunt

575 3621 706 3677 Deo.
751 3624 886 3690 Quia
932 3626 1073 3685 enim
1121 3627 1305 3680 volunt
1354 3645 1382 3682 a
1433 3632 1647 3700 negotio
1703 3632 1918 3686 liberari
1978 3635 2143 3688 semei

579 3715 893 3779 morientes,
950 3718 1135 3771 nolunt
1189 3720 1241 3771 in
1279 3731 1447 3775 totum
1491 3737 1614 3777 esse
1668 3727 2143 3792 resurrectionem,

573 3815 635 3859 ut
668 3822 769 3859 non
814 3808 1045 3861 habeant
1076 3824 1316 3872 causam.
1357 3828 1528 3881 neque
1569 3816 1826 3869 rationem
1858 3816 1980 3870 vitae
2008 3834 2143 3886 prte-

574 3908 721 3951 stent
755 3910 875 3966 post
905 3901 1318 3969 inortemjudici
1364 3901 1489 3957 Deo.
1525 3906 1662 3976 Ergo
1688 3908 1938 3975 jurgatur
1970 3921 2023 3963 et
2048 3912 2143 3964 bo-

572 4002 694 4043 rum
749 3988 997 4043 voluntas
1049 3990 1265 4045 decreto
1312 3997 1770 4053 resurrectionis:
1810 4000 1933 4068 quia
1982 4002 2145 4069 igitur

573 4089 723 4132 tanta
759 4089 812 4134 et
848 4080 971 4133 talia
1006 4090 1133 4134 sunt
1181 4097 1299 4149 qua;
1345 4096 1679 4154 quaeruntur,
1731 4093 1977 4146 oratione
2010 4110 2143 4163 opus

570 4179 675 4232 est,
709 4178 765 4222 ut
795 4170 967 4224 victor
999 4184 1215 4241 superet
1245 4176 1543 4231 universos.
1568 4177 1683 4233 Non
1712 4181 2019 4251 ignoramus
2048 4202 2141 4239 au-

575 4272 682 4314 tem
723 4273 770 4315 et
796 4262 944 4329 illud,
978 4268 1102 4335 quia
1127 4268 1277 4322 multi
1310 4281 1630 4338 putaverunt
1668 4274 1831 4327 Deum
1863 4276 1999 4331 nihil
2028 4294 2141 4331 am-

574 4353 714 4419 plius
744 4367 899 4421 posse
927 4371 1085 4421 quam
1119 4373 1237 4415 nos.
1272 4359 1466 4413 Incerti
1507 4371 1631 4415 sunt
1666 4364 1806 4415 enim
1837 4374 1891 4417 et
1924 4377 2140 4421 movent

569 4452 624 4496 et
651 4442 922 4497 adducunt
954 4447 1005 4498 in
1038 4448 1212 4501 medio
1246 4448 1545 4504 istiusmodi
1577 4455 1947 4520 qumstionem.
1994 4457 2137 4511 Mor-

2253 623 2425 694 gitant
2455 634 2718 693 quantum
2769 626 3001 679 interest
3054 622 3198 677 inter
3250 623 3417 676 Deum
3473 631 3529 676 et
3584 621 3831 679 homines

2250 723 2513 769 mortuos.
2539 714 2833 771 Gentilium
2871 717 3035 785 igitur
3058 715 3210 769 multi
3234 714 3400 770 semel
3430 714 3828 785 providentiam

2250 807 2304 860 in
2337 804 2422 860 bis
2442 807 2694 862 omnibus
2719 807 3019 877 ejicientes,
3043 815 3096 861 et
3129 822 3158 860 a
3184 806 3295 861 Deo
3342 808 3466 862 vivo
3507 808 3831 877 semetipsos

2249 895 2587 963 fraudantes,
2632 900 2749 951 ausi
2781 908 2907 955 sunt
2937 900 3142 960 dicere.
3175 898 3317 967 quod
3361 908 3416 955 et
3466 909 3720 969 repetere
3750 911 3831 955 tu-

2254 998 2364 1042 tum
2396 1004 2502 1043 non
2534 999 2635 1045 est.
2677 988 2758 1044 llli
2784 990 2931 1045 enim
2960 990 3079 1046 sine
3124 988 3236 1044 Deo
3278 998 3501 1060 agentes
3548 1006 3704 1061 spem
3754 1006 3829 1044 re-

2249 1081 2607 1136 surrectionis
2630 1081 2967 1136 interimunt.
3008 1080 3108 1149 Qui
3139 1080 3283 1136 enim
3325 1095 3450 1136 eum
3478 1083 3571 1148 qui
3609 1084 3833 1136 suscitat

2251 1182 2466 1240 negant,
2494 1169 2705 1226 diﬂicile
2734 1181 2821 1227 est
2860 1182 2920 1226 ut
2944 1171 3308 1227 conﬁteantur
3353 1172 3832 1227 resurrectionem.

2250 1263 2356 1319 Sed
2396 1263 2766 1334 relinquamus
2796 1264 2989 1319 horum
3020 1262 3519 1334 importunitatem,
3547 1274 3611 1318 ut
3639 1279 3668 1316 a
3707 1277 3835 1334 pure.

2248 1356 2324 1410 ris
2353 1356 2763 1411 convincentur.
2808 1354 2920 1411 Nec
2958 1357 3102 1411 enim
3135 1355 3202 1410 ad
3234 1369 3426 1418 omnes
3476 1367 3693 1412 certare
3738 1373 3835 1412 nos

2248 1464 2345 1519 par
2374 1458 2478 1514 est,
2505 1463 2678 1519 neque
2717 1450 2784 1503 ad
2806 1462 2994 1503 omnes
3012 1448 3253 1518 jurgari;
3290 1450 3560 1517 siquidem
3615 1464 3718 1504 nec
3772 1449 3835 1501 ad

2247 1538 2467 1595 insanos
2498 1539 2877 1594 consuevimus
2922 1540 2989 1594 de
3015 1539 3437 1611 cogitationibus
3463 1541 3618 1594 sanis
3642 1540 3791 1610 loqui
3818 1558 3831 1592 :

2245 1631 2338 1701 qui
2373 1642 2553 1687 autem
2599 1632 2969 1701 imprudenter
3016 1632 3091 1687 ita
3128 1632 3437 1701 iurgantur,
3468 1648 3575 1687 non
3620 1634 3689 1688 ad
3719 1651 3838 1699 nos.

2246 1723 2343 1777 sed
2367 1723 2435 1778 ad
2465 1724 2638 1793 ipsum
2669 1725 2910 1779 ordinem
2933 1723 3255 1792 oﬂiciorum,
3289 1736 3344 1780 et
3368 1726 3435 1781 ad
3470 1726 3695 1795 opiﬁci:
3722 1742 3838 1795 quae

2246 1813 2395 1885 jussa
2443 1824 2767 1884 sequuntur,
2801 1816 2866 1869 ad
2916 1816 3049 1870 solis
3083 1816 3295 1871 scilicet
3334 1832 3582 1883 cursum,
3631 1820 3701 1872 ad
3738 1818 3837 1872 im-

2251 1905 2599 1963 mutationem
2626 1904 2789 1972 lunaa,
2833 1906 2900 1959 ad
2928 1906 3206 1961 stellarum
3239 1908 3457 1969 choros.
3493 1911 3562 1963 ad
3592 1908 3835 1963 transla-

2251 1996 2449 2050 tionem
2482 1996 2738 2050 borarum
2771 1995 2885 2067 (14)
2916 2012 3036 2065 qua
3064 2011 3159 2066 per
3178 2012 3351 2053 annos
3370 1996 3507 2053 efﬁci
3532 2012 3837 2053 conmove-

2248 2096 2393 2154 runt,
2442 2087 2507 2142 ad
2543 2085 2776 2143 oﬂicium
2824 2088 3011 2153 maris,
3054 2087 3122 2144 ad
3163 2097 3386 2156 terram,
3422 2090 3490 2143 ad
3522 2105 3739 2154 aerem,
3769 2092 3834 2145 ad

2246 2178 2504 2247 pluviam,
2530 2188 2585 2233 et
2607 2178 2673 2233 ad
2697 2178 2881 2233 omnia
2908 2193 3027 2246 quae
3051 2188 3377 2246 sequuntur,
3404 2179 3472 2234 ad
3494 2178 3683 2234 officia
3706 2190 3835 2235 aita-

2249 2280 2383 2335 tum,
2414 2272 2480 2325 ad
2508 2271 2812 2337 hominum,
2836 2272 2904 2327 ad
2928 2271 3267 2336 animalium,
3298 2273 3365 2326 ad
3391 2273 3575 2326 avium
3603 2271 3834 2329 diversla

2249 2372 2407 2429 tates,
2460 2362 2529 2417 ad
2566 2363 2833 2427 vultuum,
2890 2364 2959 2418 ad
2992 2362 3295 2433 specierum
3336 2363 3604 2431 habiturn,
3661 2374 3724 2420 ut
3768 2366 3836 2421 dt

2247 2456 2539 2526 unicuique
2597 2456 2929 2512 conveniens
2982 2471 3127 2522 esca,
3196 2459 3565 2513 membrorum
3627 2469 3833 2530 partes,

2247 2545 2487 2600 dentiqu
2521 2546 2752 2614 numeri,
2802 2547 3126 2616 ungularum
3172 2565 3460 2614 mensurae,
3509 2550 3831 2621 capillorum

2246 2637 2442 2703 oﬂicia,
2473 2640 2795 2708 compositio
2824 2645 3191 2697 membrorum
3240 2661 3254 2697 :
3292 2644 3407 2699 haec
3435 2647 3621 2701 omnia
3668 2646 3835 2707 silet-

2250 2730 2323 2782 tio
2351 2729 2590 2783 clamant
2621 2730 2890 2799 opificem,
2920 2744 2976 2789 et
3005 2736 3339 2803 provisorem
3361 2737 3607 2793 omnium
3641 2738 3833 2794 Deum.

2246 2821 2383 2888 Quia
2419 2822 2583 2891 igitur
2631 2824 2732 2877 ista
2792 2826 2921 2879 caeci
2978 2842 3086 2881 non
3148 2828 3421 2895 viderunt,
3465 2845 3563 2897 per
3614 2847 3681 2886 ea
3718 2849 3836 2901 qua

2247 2911 2499 2966 videntur
2529 2912 2852 2969 invisibilem
2882 2933 2896 2968 :
2929 2918 3152 2971 stultum
3196 2927 3282 2972 est
3313 2920 3379 2973 de
3403 2920 3684 2976 coloribus
3722 2922 3836 2991 jur-

2245 3003 2361 3073 gari
2394 3005 2459 3057 ad
2495 3020 2670 3060 caecos
2720 3022 2735 3059 :
2777 3008 2906 3076 quid
2936 3008 3079 3062 enim
3109 3006 3381 3064 efﬁcacius
3409 3021 3493 3065 est
3517 3013 3615 3067 Dei
3653 3015 3836 3083 provi-

2247 3096 2619 3165 dentia?quid
2667 3108 2846 3154 autem
2878 3101 3040 3155 breve
3070 3103 3209 3171 quod
3242 3113 3463 3171 putatur
3512 3120 3621 3159 non
3674 3107 3731 3160 in
3780 3121 3835 3161 se

2248 3186 2514 3255 aequalem
2561 3204 2589 3241 a
2636 3188 2928 3255 majoribus
2972 3191 3275 3246 invenietur
3303 3194 3503 3249 habere
3536 3198 3834 3265 providens

2253 3279 2418 3331 tiam?
2443 3279 2551 3333 Cur
2576 3282 2718 3335 enim
2751 3281 3097 3337 formicarum
3125 3284 3367 3339 salvator
3396 3300 3567 3355 genus
3596 3288 3649 3341 in
3673 3291 3833 3342 simi-

2251 3368 2512 3422 litudine?
2535 3387 2631 3425 cur
2656 3372 2835 3440 apium
2864 3386 2918 3427 et
2942 3377 3281 3440 operationes
3306 3376 3357 3431 in
3384 3392 3679 3432 commune
3711 3380 3834 3432 ι·εέ-

2248 3460 2470 3525 duntur,
2494 3472 2547 3516 et
2572 3463 2751 3519 habita
2774 3466 3009 3520 minimis
3033 3468 3084 3520 in
3110 3468 3452 3523 substantia?
3474 3485 3594 3538 quae
3611 3472 3836 3540 quidem

2247 3561 2299 3604 et
2330 3551 2381 3604 iu
2410 3552 2614 3617 volatu,
2647 3565 2699 3608 et
2741 3570 3020 3625 processu,
3057 3568 3110 3612 et
3142 3573 3412 3627 regressu,
3470 3572 3525 3615 et
3568 3561 3623 3615 in
3666 3577 3835 3631 opere

2246 3644 2596 3698 consentiunt
2622 3646 2747 3700 sibi.
2778 3646 2910 3713 Quis
2947 3648 3074 3702 fecit
3114 3650 3252 3703 mel?
3280 3651 3465 3721 utique
3507 3653 3597 3721 qui
3625 3656 3836 3708 eruisti.

2247 3736 2349 3788 tuit
2381 3737 2727 3806 medicinam,
2773 3754 2896 3809 quae
2941 3756 3004 3795 eo
3038 3742 3103 3794 ad
3136 3742 3398 3797 medelam
3434 3748 3609 3807 utitur
3660 3748 3836 3801 homi-

2246 3843 2401 3881 num.
2430 3828 2571 3895 Quid
2602 3831 2743 3883 enim
2770 3848 2875 3886 non
2906 3832 3127 3903 plenum
3158 3845 3241 3888 est
3277 3838 3656 3903 providentia?
3703 3840 3834 3909 quid

2245 3934 2349 3971 non
2392 3919 2589 3973 clamat
2624 3924 2956 3988 provisorem
2989 3923 3191 3978 Deum?
3228 3925 3417 4001 Nonne
3468 3930 3674 3995 herbae,
3711 3947 3834 4001 qua

2246 4011 2533 4065 utilitatem
2570 4014 2809 4081 praebent
2859 4016 3118 4070 medelis?
3165 3988 3342 4074 nmine
3374 4019 3549 4089 pisces
3608 4038 3641 4077 e
3692 4025 3831 4079 mari

2244 4104 2511 4171 producti,
2545 4104 2760 4171 quidam
2801 4107 3017 4173 quidem
3054 4110 3121 4162 ad
3149 4125 3324 4179 escas,
3376 4112 3593 4179 quidam
3644 4126 3830 4171 autem

2242 4195 2307 4247 ad
2337 4194 2533 4248 curas?
2554 4193 2742 4251 Nonne
2766 4196 2970 4264 lapides
3010 4200 3187 4265 incisi,
3216 4212 3273 4257 ut
3301 4202 3392 4257 alii
3422 4205 3641 4273 quidem
3670 4207 3833 4263 utiles

2242 4285 2350 4339 sint
2377 4287 2442 4339 ad
2471 4286 2697 4340 aedilicia
2736 4298 2789 4342 et
2824 4298 2961 4343 tecta
2994 4301 3051 4347 et
3078 4305 3449 4360 operamenta,
3494 4296 3588 4352 alii
3633 4312 3829 4354 neces-

2242 4380 2371 4432 sarii
2430 4379 2495 4431 ad
2542 4394 2823 4448 corporum
2852 4385 3136 4449 sanitates,
3183 4387 3305 4455 quia
3336 4396 3391 4441 et
3429 4389 3831 4446 infirmantur?

2241 4469 2429 4526 Nonne
2466 4488 2601 4526 escae
2631 4474 2749 4530 alia:
2775 4477 2896 4531 aliis
2920 4481 3291 4546 succedentes,
3319 4491 3372 4536 et
3405 4483 3523 4537 alia:
3553 4501 3679 4540 cum
3710 4490 3827 4544 aliis

571 4542 695 4585 tuus
718 4545 822 4599 est,
859 4535 1050 4603 inquit,
1097 4539 1184 4605 qui
1223 4552 1464 4595 mortuus
1492 4552 1611 4609 est;
1648 4554 1701 4597 et
1735 4544 1880 4599 illam
1922 4549 2134 4617 quidem

2245 4563 2605 4632 insequentes,
2633 4570 2920 4623 ostendunt
2948 4582 3364 4641 praeparatorem
3404 4576 3611 4633 Deum?
3635 4578 3826 4636 Nonne

568 4637 777 4695 partem
831 4630 947 4698 ejus
991 4630 1168 4698 aquila
1208 4634 1553 4688 manducavit
1600 4646 1693 4688 aut
1731 4637 1927 4692 vultur.
1975 4639 2139 4695 Forte

567 4731 746 4772 autem
777 4736 879 4773 non
905 4722 1181 4789 patiuntur
1208 4724 1403 4792 aquila:
1429 4726 1730 4781 istiusmodi
1756 4729 2135 4787 humilitatem.

564 4810 761 4875 Aliam,
796 4812 990 4880 inquit,
1025 4816 1232 4883 accepit
1259 4817 1427 4878 canis,
1451 4827 1504 4870 et
1531 4833 1719 4873 canem
1751 4830 1805 4874 ut
1828 4834 1954 4890 puta
1989 4839 2130 4877 saeva

563 4900 743 4955 bellua
801 4906 1149 4959 manducavit
1195 4923 1208 4958 :
1262 4919 1353 4960 aut
1390 4909 1533 4962 aliud
1578 4911 1791 4980 aliquod
1821 4916 2041 4981 animal,
2080 4930 2134 4969 et

564 4991 707 5047 istud
736 4996 933 5049 animal
959 4996 1317 5062 interfectum,
1352 5002 1687 5056 combustum
1722 5014 1825 5069 est,
1861 5018 1951 5059 aut
1984 5018 2131 5062 certe

564 5089 865 5155 oliputruit,
903 5099 994 5143 aut
1016 5091 1188 5159 ipsum
1214 5093 1280 5147 ab
1314 5093 1416 5146 alio
1445 5094 1675 5162 quodam
1702 5107 1998 5152 comestum
2026 5112 2131 5163 est,

565 5175 680 5229 tieri
728 5180 869 5230 enim
922 5180 1022 5232 hoc
1064 5190 1264 5248 potest;
1315 5191 1481 5247 tanta,
1538 5186 1734 5252 inquit,
1780 5189 2127 5243 successione

563 5265 725 5329 facta,
754 5280 809 5322 et
835 5283 962 5322 casu
998 5286 1184 5325 eorum
1213 5274 1303 5339 qui
1338 5276 1529 5326 mortui
1577 5289 1701 5327 sunt
1737 5280 1803 5331 ab
1836 5278 1941 5332 alio
1968 5280 2019 5332 in
2050 5283 2127 5334 al-

564 5367 758 5437 terum,
789 5363 1077 5429 quomodo,
1111 5364 1301 5431 inquit,
1353 5374 1527 5433 potest
1575 5367 1714 5419 Deus
1761 5370 1998 5425 invenire
2031 5374 2130 5426 iiii-

564 5450 731 5503 tium?
756 5462 1005 5521 tanquam
1036 5457 1097 5507 de
1124 5455 1283 5524 figulo
1314 5457 1518 5524 aliquo,
1554 5468 1640 5510 aut
1677 5460 1742 5514 de
1772 5462 1999 5529 quodam
2038 5481 2127 5517 ar-

598 5583 744 5662 _(12)
781 5584 1145 5662 Intercipiunt.
1182 5588 1321 5641 infra
1354 5590 1457 5647 col.
1483 5593 1617 5646 1075
1638 5594 1683 5644 Α
1706 5611 1717 5644 :
1744 5593 1801 5646 Si
1836 5596 2122 5653 intercepe-

562 5660 726 5731 rtmus
753 5660 1299 5731 returrectionisspem
1325 5677 1342 5712 :
1367 5674 1419 5714 et
1453 5678 1598 5729 supr.
1632 5665 1719 5716 lib.
1756 5678 1791 5725 ι,
1818 5668 1970 5731 paulo
2004 5680 2122 5731 post

559 5724 773 5851 igitiunt
840 5740 853 5775 :
928 5726 1095 5779 Filius
1147 5724 1363 5783 Vci'bum
1434 5724 1603 5785 uictus
1694 5724 2117 5803 τιωιιίιιιενὲιμιι

613 5809 751 5849 cum.

613 5809 751 5849 cum.

2239 4658 2533 4711 secundum
2558 4660 2979 4732 uniuscujusque
3000 4664 3241 4720 habitum
3260 4670 3507 4724 animalis
3531 4688 3822 4739 mensurze,

2241 4749 2657 4817 magnitudines,
2711 4758 3079 4825 compagines,
3121 4762 3361 4813 membra
3410 4773 3537 4817 sunt
3568 4764 3721 4828 data,
3773 4783 3825 4822 et

2241 4844 2661 4913 unumquodque
2715 4848 2781 4899 ad
2839 4863 2991 4901 suam
3042 4853 3417 4905 necessitatem
3467 4863 3519 4907 et
3561 4856 3822 4913 virtutem

2240 4934 2482 4999 accepit?
2516 4935 2681 5005 Equis
2706 4938 2850 4989 enim
2878 4939 3134 4995 velocitas
3158 4943 3282 4997 data
3302 4955 3408 5009 est,
3436 4956 3492 4997 ut
3523 4946 3831 5018 insequan-

2242 5028 2329 5072 tur
2362 5033 2416 5076 et
2442 5023 2685 5094 fugiunt;
2714 5027 2835 5081 aliis
2862 5029 3185 5086 animalibus
3212 5031 3492 5101 fortitudo,
3528 5046 3586 5090 ut
3616 5042 3821 5094 sensim

2238 5125 2517 5180 portarent
2552 5120 2786 5187 pondera
2836 5124 2937 5178 sibi
2969 5125 3242 5193 imposita.
3285 5126 3349 5181 Et
3389 5142 3705 5186 mensurata
3741 5143 3822 5187 est

2238 5203 2528 5274 unicuique
2563 5210 2754 5274 virtus,
2802 5216 3061 5280 potentia,
3108 5219 3443 5286 magnitudo,
3486 5223 3823 5277 conveniens

2239 5308 2382 5360 esca,
2411 5308 2464 5351 et
2490 5300 2619 5368 ipsis
2647 5304 2972 5361 animalibus
3003 5310 3224 5377 prepria
3252 5310 3419 5376 salus,
3445 5327 3562 5379 qua
3594 5327 3816 5382 gustare

2240 5385 2512 5449 deberent,
2552 5400 2606 5442 et
2646 5406 2671 5442 a
2712 5394 2905 5461 quibus
2948 5412 3005 5449 se
3031 5398 3346 5454 abstinere:
3384 5402 3585 5455 homini
3632 5416 3815 5459 autem

2238 5484 2289 5525 et
2321 5477 2387 5529 ab
2425 5481 2543 5533 aliis
2576 5486 2902 5541 animalibus
2942 5491 3406 5547 irrationabilibus
3442 5511 3569 5549 usus
3599 5508 3687 5552 est
3714 5500 3816 5553 da-

2225 5609 2413 5732 αειςῖιῗῖ
2444 5612 2539 5667 Ms.
2573 5615 2640 5667 Et
2673 5620 2857 5670 iterum
2880 5624 2968 5690 qui
2998 5625 3307 5691 puniuntur,
3337 5629 3382 5681 si
3407 5633 3711 5701 semetipsos
3737 5632 3811 5691 Ii-

2296 5751 2406 5820 (14)
2440 5755 2727 5809 Horarum.
2771 5757 2965 5830 Ὥρων,
3000 5772 3395 5833 tempestatum.
