4000 6476
213 555 336 612 ιιι-ιι

1336 540 1427 596 DE
1465 536 2075 599 BESURRECTIONE.
2104 567 2173 581 -—
2211 536 2341 591 LIB.
2377 537 2421 591 ι.

3357 527 3497 588 ιοτι

219 673 316 728 his,
342 678 394 721 et
421 681 448 720 ι
470 649 671 735 plantis
696 665 761 713 et
786 660 859 713 ab
887 656 1197 720 arboribus,
1228 670 1259 710 a
1288 654 1574 724 lapidibus,
1604 667 1634 707 a
1662 650 1800 705 mari
1831 655 1881 712 Α
1907 662 2012 703 non
2034 645 2313 718 pertinet?
2352 643 2817 735 quemadmodum
2848 649 3029 735 autem
3063 640 3391 735 pertinet,
3422 643 3495 698 sl-

222 767 272 816 et
304 774 335 810 a
365 768 551 810 terra:
581 748 837 818 undique
879 748 1024 803 enim
1070 746 1398 801 constitutus
1433 752 1520 798 est
1554 741 1717 796 veluti
1751 740 1805 794 in

215 862 332 903 uno
359 859 578 915 corpore
601 842 841 895 mundus
870 841 1195 907 coniunctus
1225 836 1349 892 sibi.
1384 836 1452 890 Et
1472 831 1808 903 unumquod-

222 951 325 1010 ιιιε
360 939 571 1006 quidem
598 940 739 1001 quod
771 932 972 987 factum
1002 940 1109 996 est,
1147 929 1422 999 propriam
1457 927 1618 981 habet
1644 933 1805 978 natu-

210 1045 337 1087 ram
374 1038 430 1083 et
473 1026 739 1092 salutem;
773 1024 1003 1093 plurima
1040 1032 1219 1075 autem
1260 1032 1488 1089 qumque
1521 1017 1574 1071 in
1606 1030 1665 1071 se
1712 1030 1809 1069 ne-

206 1121 457 1178 cessaria
488 1119 745 1174 continet.
773 1117 1016 1184 Denique
1048 1119 1128 1169 sol
1161 1115 1367 1183 positus
1396 1112 1613 1181 quidem
1646 1119 1729 1165 est
1751 1108 1805 1163 in

193 1226 321 1269 suo
348 1210 485 1273 loco,
524 1209 686 1263 habet
719 1217 895 1262 autem
944 1205 1218 1274 propriam
1266 1198 1716 1269 magnitudinem,
1753 1208 1810 1254 et

200 1303 464 1376 possidet
497 1313 776 1369 acceptum
808 1315 963 1353 suum
1011 1297 1294 1367 fulgorem,
1329 1304 1385 1349 et
1434 1293 1705 1348 illuminat
1743 1307 1807 1346 ea

164 1408 345 1465 ,qtm
392 1396 444 1447 in
481 1402 622 1447 terra
666 1392 949 1452 habentur,
981 1387 1122 1443 fovet
1154 1395 1208 1442 et
1240 1385 1509 1441 calefacit.
1558 1384 1624 1438 Et
1669 1398 1811 1439 nunc

193 1486 443 1556 quidem
468 1485 678 1556 longius
714 1482 1031 1549 abscedens,
1066 1480 1211 1535 cedit
1234 1478 1559 1534 confectioni
1593 1478 1809 1543 hiemis,

198 1584 273 1629 ut
305 1583 571 1629 statutum
603 1582 720 1637 est;
763 1586 904 1624 nunc
957 1580 1139 1623 autem
1186 1570 1377 1623 iterum
1416 1573 1721 1632 revocatus,
1758 1580 1814 1622 et

196 1666 283 1721 ad
308 1679 592 1718 mensuras
618 1664 902 1724 accedens,
932 1677 1038 1715 non
1068 1661 1245 1714 subito
1274 1668 1467 1725 nocet;
1514 1659 1813 1713 exnssisset

198 1756 372 1810 enim
412 1755 615 1820 omnia,
666 1755 712 1808 si
745 1754 922 1807 subito
951 1753 1017 1805 ad
1055 1767 1116 1805 ea
1161 1752 1334 1821 Spatia
1378 1765 1499 1819 qua}.
1536 1749 1814 1803 dimiserat

202 1846 584 1911 recurrisset;
623 1860 795 1915 neque
817 1846 1009 1898 iterum
1034 1860 1137 1898 non
1164 1842 1474 1897 illutninans
1500 1839 1811 1901 intermisit,

1909 736 2113 794 militer
2141 737 2373 792 moritur
2391 737 2593 807 justus,
2612 732 2924 803 etimpius?
2948 733 3001 787 ls
3028 733 3171 787 enim
3200 733 3294 802 qui
3322 731 3499 788 aliena

1909 830 2074 900 rapit,
2101 828 2297 883 fruitus
2321 838 2405 883 est
2439 842 2560 897 qua:
2590 827 2813 897 diripuit
2844 822 2957 897 (15)
2989 842 3007 881 :
3036 825 3127 894 qui
3169 833 3349 880 autem
3402 840 3500 880 sua

1911 920 2117 984 amisit,
2149 919 2282 974 abiit
2301 932 2524 990 gemens
2555 933 2659 973 non
2688 918 2895 973 habens
2931 917 3129 987 spem?
3157 918 3262 973 Sed
3288 934 3394 974 non
3418 928 3499 974 est

1910 1013 2177 1084 iniquitas
2202 1014 2344 1083 apud
2374 1012 2563 1068 Deum.
2595 1010 2654 1067 Si
2688 1010 2834 1065 enim
2860 1026 2964 1065 non
2999 1021 3083 1065 est
3109 1026 3233 1081 spes
3254 1025 3503 1066 resurreo

1909 1105 2126 1168 ctionis,
2164 1111 2220 1159 et
2250 1102 2501 1160 solatium
2528 1101 2635 1157 illis
2663 1101 2752 1172 qui
2782 1100 2907 1156 istic
2942 1111 3230 1164 noceatur,
3262 1108 3318 1157 et
3360 1116 3490 1157 mer-

1910 1212 2005 1253 ces
2036 1196 2121 1251 his
2152 1196 2244 1266 qui
2269 1210 2366 1251 sua
2403 1194 2529 1250 istic
2554 1202 2840 1265 spargunt,
2892 1207 3083 1265 magna
3130 1192 3393 1263 iniquitas
3420 1198 3503 1248 est

1913 1289 2053 1358 apud
2074 1289 2303 1359 justum.
2349 1285 2407 1342 Si
2433 1287 2579 1341 enim
2606 1300 2757 1356 aequa
2785 1287 3087 1342 redduntur
3120 1286 3392 1350 omnibus,
3417 1285 3501 1356 je-

1905 1379 2118 1450 junanti
2154 1389 2210 1435 et
2240 1380 2477 1443 ebrioso,
2525 1378 2812 1435 libidinoso
2852 1389 2907 1435 et
2929 1379 3148 1450 pudico,
3186 1378 3420 1449 rapienti
3451 1388 3500 1433 et

1913 1472 2160 1537 donanti,
2204 1472 2473 1528 occidenti
2521 1481 2577 1528 et
2628 1472 2681 1528 ei
2723 1472 2813 1541 qui
2862 1471 3152 1535 occiditur,
3208 1479 3263 1526 et
3314 1470 3363 1524 ei
3410 1468 3503 1541 qui

1915 1562 2235 1630 martyrium
2266 1560 2409 1615 tollit
2430 1560 2566 1631 (16),
2601 1560 2692 1617 ubi
2721 1561 2894 1616 virtus
2926 1570 3011 1617 est
3037 1560 3427 1632 providentiae?
3451 1560 3503 1618 In

1916 1653 2203 1722 praecipuis
2230 1654 2375 1708 enim
2415 1652 2463 1708 si
2494 1652 2751 1719 defuerit,
2780 1669 2889 1709 non
2925 1654 3032 1710 erit
3059 1652 3207 1709 utilis
3240 1668 3416 1723 neque
3450 1653 3504 1709 in

1918 1746 2178 1801 minimis.
2214 1743 2319 1800 Sed
2355 1760 2460 1800 non
2504 1746 2575 1800 sit
2623 1744 2969 1815 sacrilegium
3018 1744 3161 1799 istud
3218 1744 3505 1801 admittere

1915 1852 2239 1909 quemquam
2270 1854 2287 1894 :
2324 1838 2438 1891 sive
2476 1835 2622 1891 enim
2665 1838 2895 1909 gentiles
2939 1846 3068 1891 sunt
3112 1834 3207 1907 qui
3245 1835 3507 1891 adversus

196 1950 282 1995 ut
328 1939 536 1995 fructus
571 1954 674 1992 non
708 1946 1102 2007 coquerentur;
1126 1950 1301 2004 neque
1325 1934 1580 1987 advenire
1618 1932 1683 1986 ad
1716 1932 1816 1985 itn-
1851 2000 1885 2007 _
1919 1928 2379 1985 resurrectionem
2418 1938 2617 1996 augent
2649 1930 2807 1983 nobis
2852 1927 3139 1994 rationem,
3189 1926 3281 1997 qui
3317 1925 3507 1982 volunt

201 2035 412 2099 petum
444 2027 621 2081 subito
656 2000 859 2081 currit:
896 2000 1240 2079 atmensurae
1264 2033 1319 2078 et
1341 2022 1613 2077 reeedenti
1642 2032 1698 2075 et
1730 2034 1805 2075 τες
1848 2000 1893 2057 Β
1919 2022 2132 2077 ratione
2189 2037 2250 2077 se
2284 2034 2445 2091 agere
2485 2031 2705 2082 cuneta,
2754 2018 2848 2089 qui
2881 2028 3011 2075 sunt
3055 2017 3455 2073 irrationabiles
3487 2034 3503 2071 :

205 2118 469 2172 currenti
501 2126 627 2173 sunt
651 2118 807 2171 datm.
838 2116 954 2171 Non
986 2115 1387 2187 conjuaguntur
1415 2116 1531 2169 dies
1562 2114 1812 2169 noctibus

204 2208 497 2267 habentes
534 2214 735 2271 sulem;
782 2221 825 2261 st
858 2208 997 2262 enim
1027 2207 1141 2262 haec
1183 2207 1258 2261 ita
1297 2214 1500 2270 essent,
1549 2206 1819 2259 arsissent

207 2302 437 2360 omnia.
471 2301 577 2357 Sed
610 2301 692 2356 sol
723 2300 938 2369 quidem
976 2314 1073 2368 per
1101 2299 1240 2354 diem
1288 2296 1454 2365 fovet,
1487 2310 1579 2352 ros
1634 2307 1815 2351 autem

212 2404 556 2450 nocturnum
586 2392 899 2448 consolatur
922 2392 1191 2445 ardorem.
1219 2389 1287 2444 ΕΙ.
1313 2404 1567 2445 mensura
1610 2405 1639 2443 a
1671 2399 1818 2443 terra

213 2488 311 2541 sol
345 2487 531 2550 distat,
554 2494 613 2539 ut
640 2496 814 2553 neque
836 2484 1203 2554 propinquans
1234 2491 1473 2545 noceret,
1507 2497 1680 2551 neque
1709 2481 1821 2534 lon-

216 2577 352 2646 gius
374 2576 588 2630 distans
613 2574 801 2644 frigori
827 2574 1064 2629 cederet.
1099 2572 1363 2627 Mensura:
1393 2572 1554 2643 igitur
1584 2573 1667 2627 his
1699 2586 1821 2642 qua:

220 2669 285 2722 in
314 2669 453 2723 coelo
486 2678 613 2723 sunt
638 2670 703 2721 ad
733 2682 794 2722 ea
820 2682 945 2737 qua:
979 2667 1030 2719 in
1062 2676 1203 2720 terra
1242 2664 1549 2729 habentur;
1582 2679 1682 2718 nec
1712 2678 1819 2717 non

218 2770 285 2816 et
311 2775 431 2830 qua:
485 2762 537 2814 in
592 2760 726 2814 mari
773 2759 839 2813 ad
887 2768 1109 2823 terram,
1153 2765 1208 2811 et
1241 2757 1346 2811 diei
1380 2756 1446 2810 ad
1477 2766 1727 2819 noctem,
1767 2766 1825 2810 et

226 2854 395 2909 hiemi
435 2853 501 2905 ad
546 2863 812 2907 aestatem.
873 2852 937 2905 Et
992 2867 1096 2905 non
1140 2860 1285 2905 tanta
1331 2849 1513 2917 eloqui
1573 2860 1821 2919 possunt,

226 2954 431 3025 qtpnta
480 2946 730 2998 universa
776 2955 967 2998 natura
1009 2946 1327 3013 proclamat.
1389 2942 1519 2997 Gali
1571 2954 1825 2998 enarrant

227 3036 456 3108 gloriam
499 3035 618 3102 Dei,
666 3054 824 3103 Opera
864 3049 1038 3092 autem
1074 3054 1326 3092 manuum
1371 3037 1487 3107 ejus
1538 3038 1821 3089 annuntiat

228 3131 626 3201 ﬁrmamentum
658 3132 727 3194 ",
756 3132 887 3185 dicit
912 3130 1200 3199 Propheta.
1236 3130 1291 3183 lu
1326 3129 1432 3183 alio
1466 3138 1647 3183 autem
1679 3129 1825 3197 psal-

237 3236 329 3276 tno
358 3238 387 3273 a
416 3236 629 3275 sursum
674 3237 844 3290 usque
879 3222 1130 3276 deorsum
1171 3222 1347 3275 omnis
1376 3229 1627 3275 creatura
1659 3221 1820 3273 dinu-

241 3325 504 3369 meratur.
551 3315 618 3369 Et
650 3326 796 3369 certe
841 3326 896 3369 et
932 3317 1041 3382 ipse
1073 3315 1165 3384 qui
1202 3313 1365 3376 dicit,
1414 3311 1545 3366 Caeli
1570 3321 1825 3367 enarranl

1916 2114 2369 2183 quemadmodum
2416 2110 2523 2166 Deo
2552 2112 2763 2178 justitia
2804 2109 3145 2168 salvabitnr?
3194 2111 3317 2167 istic
3360 2112 3508 2166 enim

1918 2207 2165 2261 videmus
2196 2220 2579 2275 nonnunquam
2609 2219 2867 2274 perverse
2891 2205 3104 2274 negotia
3137 2204 3273 2275 geri,
3300 2211 3358 2259 ut
3386 2203 3509 2260 illos

1918 2300 2140 2369 quidem
2172 2298 2264 2370 qui
2288 2308 2513 2353 cantant
2536 2308 2785 2368 putemus
2812 2298 2949 2352 bene
2972 2296 3175 2351 habere
3198 2296 3250 2351 in
3274 2296 3510 2352 mundo:

1920 2393 2056 2447 alios
2085 2402 2288 2457 autem,
2317 2391 2407 2460 qui
2442 2389 2704 2459 diripiunt
2734 2398 2791 2445 et
2821 2388 3085 2453 ditantur,
3125 2386 3297 2443 laetari
3333 2396 3390 2443 et
3417 2402 3512 2443 sa-

1922 2500 2022 2540 nos
2052 2499 2177 2548 esse
2195 2499 2445 2554 corpore,
2487 2483 2627 2538 forte
2655 2480 2829 2553 magis
2868 2482 3083 2554 iniquos
3108 2496 3272 2552 quam
3308 2480 3513 2550 iustos,

1921 2588 1977 2632 et
2030 2592 2415 2648 nonnunquam
2464 2575 2657 2632 melius
2711 2590 2913 2647 corpus
2970 2574 3209 2639 habere,
3264 2584 3320 2631 et
3374 2574 3516 2629 filios

1922 2670 2295 2740 qnamplures,
2321 2677 2376 2725 et
2397 2668 2497 2724 hos
2524 2668 2847 2735 incolumes,
2866 2679 2922 2725 et
2955 2667 3210 2724 mulieres
3236 2682 3360 2723 cum
3384 2666 3518 2722 viris

1923 2762 2099 2817 laetam
2138 2763 2337 2832 degere
2380 2761 2571 2824 vitam.
2601 2768 2656 2816 et
2680 2776 2960 2817 servorum
3005 2760 3405 2815 multitudinem
3437 2758 3519 2815 eis

1921 2868 2069 2918 esse,
2104 2863 2160 2908 et
2190 2867 2353 2922 opum
2404 2860 2461 2907 et
2496 2853 2924 2925 possessionum,
2977 2861 3035 2908 et
3086 2852 3305 2907 condita
3345 2849 3518 2907 multa

1924 2948 2229 3003 substantia
2262 2946 2443 3015 larga,
2474 2962 2635 3017 quam
2678 2954 2734 3002 et
2782 2946 3161 3001 transmittunt
3220 2946 3285 3001 ad
3332 2944 3513 3000 filios:

1918 3034 2049 3104 justi
2081 3047 2262 3090 autem
2294 3049 2539 3109 gemunt,
2560 3045 2757 3093 etcum
2785 3051 3021 3094 maerore
3056 3037 3257 3107 degunt
3283 3036 3339 3092 in
3365 3052 3523 3091 mun-

1927 3129 2033 3185 do:
2056 3138 2110 3183 et
2143 3129 2234 3202 ubi
2261 3140 2345 3185 est
2378 3129 2588 3201 justitia
2611 3145 2734 3201 quas
2765 3146 2795 3185 a
2822 3130 2933 3187 Deo
2971 3130 3097 3187 est?
3127 3130 3197 3185 Et
3222 3130 3269 3186 si
3299 3129 3521 3201 quidem

1927 3220 1992 3274 ad
2031 3218 2244 3275 Iudaeos
2277 3220 2350 3275 sit
2374 3234 2556 3277 sermo
2578 3258 2596 3289 ,
2636 3220 2769 3293 quid
2794 3222 2998 3292 profuit
3024 3223 3278 3289 Abrahae,
3305 3230 3363 3278 ut
3393 3237 3523 3293 pro-

1930 3311 2243 3367 missionem
2266 3311 2489 3382 quidem
2509 3312 2808 3385 acciperet,
2837 3314 2905 3369 ad
2928 3314 3318 3383 promissiones
3340 3324 3523 3371 autem

238 3406 466 3478 gloriam
506 3406 619 3467 Dei.
657 3414 761 3461 min
803 3407 1133 3475 loquentiam
1177 3406 1403 3460 audivit.
1436 3405 1528 3459 Ait
1550 3406 1692 3459 enim
1724 3421 1827 3457 non
1853 3384 1897 3441 (ἶ
1932 3420 2053 3460 non,
2068 3406 2377 3476 perveniret
2407 3422 2424 3460 :
2459 3384 2663 3477 quique
2692 3415 2906 3477 patrem
2948 3406 3170 3478 quidem
3210 3405 3529 3461 amantissi-

239 3510 350 3548 esse
380 3494 632 3563 loquelas,
680 3512 844 3565 neque
890 3511 1154 3549 sermones
1176 3495 1222 3526 ’ί
1256 3512 1269 3548 :
1309 3495 1603 3549 tacentium
1649 3503 1828 3548 autem

240 3600 429 3642 eorum
455 3588 508 3639 in
538 3602 753 3641 omnem
779 3588 1037 3641 mundum
1062 3588 1261 3643 exiisse
1290 3602 1483 3644 sonum
1511 3601 1699 3641 eorum
1732 3587 1829 3639 ait.

243 3677 378 3742 Quia
440 3676 603 3746 igitur
655 3691 749 3745 per
800 3687 949 3731 tanta
998 3691 1116 3747 qua:
1148 3678 1383 3732 diximus
1444 3688 1497 3730 et
1537 3678 1829 3739 tacuimus,

244 3770 358 3835 ipsa
389 3783 568 3823 rerttm
602 3773 814 3839 negotia
850 3770 1106 3834 clamant,
1134 3780 1188 3824 et
1216 3770 1613 3840 providentiam
1638 3769 1834 3840 praedi-

243 3870 371 3913 cant
420 3858 552 3926 Dei;
588 3861 811 3915 rationis
862 3877 967 3915 non
1003 3872 1082 3915 est
1117 3862 1185 3915 ad
1212 3876 1308 3916 eos
1342 3861 1434 3929 qui
1483 3859 1835 3930 praescribere

1934 3514 2104 3565 mum,
2140 3508 2374 3553 matrem
2401 3498 2619 3568 quidem
2652 3497 2927 3564 dilectam,
2958 3501 3191 3569 patriam
3230 3496 3285 3552 in
3308 3513 3414 3569 qua
3443 3507 3531 3554 est

1931 3592 2195 3646 educatus
2228 3590 2451 3661 reliquit
2477 3601 2700 3662 propter
2724 3590 3103 3661 praeceptum?
3148 3589 3318 3646 Scitis
3346 3598 3530 3645 autem

1931 3694 1989 3739 et
2019 3699 2116 3740 vos
2151 3693 2353 3753 quanta
2386 3682 2659 3753 pernicies
2708 3683 2779 3739 sit
2816 3682 3223 3738 consuetudinis
3262 3681 3533 3737 sustinere

1936 3789 2233 3830 recessum.
2262 3772 2576 3829 Adveniens
2601 3783 2782 3828 autem
2821 3775 2889 3827 ad
2918 3782 3119 3829 terram
3152 3772 3535 3843 repromissio-

1934 3864 2046 3929 nis,
2076 3864 2405 3920 circumibat
2432 3872 2491 3917 ut
2515 3863 2837 3935 peregrinus
2865 3874 2921 3920 et
2955 3865 3185 3930 advena,
3212 3864 3533 3921 desiderans

246 3964 493 4007 naturam
524 3954 732 4019 volunt,
754 3965 809 4008 et
839 3953 1071 4007 visibilia
1104 3967 1208 4006 non
1231 3954 1439 4016 videre,
1472 3951 1843 4021 nosmetipsos
1936 3956 2125 4010 satiari
2169 3969 2335 4026 aqua,
2373 3955 2531 4024 cujus
2571 3957 2689 4027 ipse
2716 3954 2858 4023 fons,
2894 3964 3087 4026 puteus
3123 3965 3244 4013 erat
3270 3956 3536 4012 adinven-

244 4047 584 4115 protendere.
644 4046 750 4100 Sed
790 4047 859 4100 ab
896 4045 1107 4100 illorum
1154 4044 1374 4116 quidem
1433 4044 1836 4111 irreligiositate

245 4139 477 4193 transire
504 4139 619 4207 jam
656 4149 866 4207 tempus
901 4154 998 4194 nos
1032 4139 1309 4200 admonet,
1334 4150 1630 4206 properare
1652 4145 1833 4190 autem

245 4231 313 4285 ad
339 4231 524 4294 aliam,
557 4245 625 4285 ne
668 4233 948 4285 videamur
992 4240 1049 4285 et
1085 4230 1448 4285 contaminari
1484 4228 1837 4298 inspicientes

242 4334 361 4385 eos,
406 4320 497 4390 qui
546 4335 651 4374 non
688 4321 891 4375 vident.
939 4318 1172 4374 Tantum
1206 4328 1386 4374 autem
1443 4319 1565 4373 addi
1600 4328 1832 4389 oportet,

247 4412 375 4483 quia
406 4412 652 4466 confessa
683 4410 1023 4481 providentia
1049 4424 1389 4478 consequens
1414 4418 1498 4463 est
1530 4408 1722 4463 adesse
1751 4423 1840 4463 re-

245 4503 668 4566 surrectionem,
704 4502 1160 4570 quemadmodum
1190 4515 1532 4571 consequens
1564 4507 1630 4556 et.
1650 4514 1839 4556 neces-

247 4598 393 4654 saria
436 4606 518 4651 est
562 4598 909 4652 resurrectio.
960 4597 1092 4652 Sine
1147 4611 1311 4652 causa
1369 4596 1637 4667 justitiam
1709 4596 1838 4651 colit

243 4690 460 4763 justus?
490 4690 608 4744 sine
635 4704 797 4744 causa
834 4690 1145 4759 pudicitiam
1181 4698 1329 4742 amat
1355 4689 1620 4757 pudicus?
1657 4698 1714 4744 et
1743 4691 1835 4758 qui
1868 4728 1917 4788 D

250 4781 501 4852 providet
522 4781 605 4835 his
631 4797 751 4848 qua:
770 4782 888 4836 sine
906 4782 1083 4834 anima
1117 4789 1263 4846 sunt,
1287 4781 1575 4835 arboribus
1598 4790 1652 4834 et
1683 4779 1837 4847 plan-

251 4872 343 4935 tis,
379 4871 540 4935 Deus,
572 4872 847 4927 invenitur
884 4872 1233 4927 rationabiles
1268 4872 1483 4927 animas
1520 4870 1837 4941 negligens?

248 4974 305 5021 et
334 4966 427 5033 qui
461 4966 855 5034 providentiam
902 4979 1056 5019 suam
1086 4962 1327 5017 formicis
1358 4963 1619 5033 impertit,
1662 4972 1716 5017 ct
1744 4978 1836 5017 os-

252 5060 427 5113 tendit
447 5072 540 5113 eas
561 5073 680 5126 qua:
712 5073 817 5111 non
851 5058 1051 5111 habent
1081 5056 1453 5110 rationabilem
1488 5072 1729 5119 sensum,
1763 5056 1839 5108 si-

256 5149 427 5203 bimet
447 5148 779 5209 consentire,
812 5158 867 5199 et
888 5146 1249 5200 inntationem
1274 5146 1580 5200 concordia:
1600 5146 1841 5209 habere;

249 5241 297 5298 si
332 5249 512 5293 tamen
559 5248 612 5292 et
649 5247 899 5307 oporteat
932 5240 1036 5291 dici
1075 5238 1384 5293 consentire
1429 5238 1532 5291 sibi
1578 5253 1667 5301 ea,
1721 5253 1844 5308 quae

250 5346 361 5387 non
391 5333 591 5389 habent
622 5344 876 5392 sensum;
905 5330 1029 5398 quia
1063 5329 1225 5399 igitur
1247 5341 1303 5383 et
1331 5327 1577 5382 formicis
1596 5329 1846 5398 providet

253 5425 419 5490 Deus,
448 5434 503 5478 et
527 5424 675 5478 dedit
722 5424 800 5478 eis
847 5434 901 5477 et
941 5423 1278 5489 receptacula
1329 5433 1488 5477 terra:
1529 5433 1585 5476 et
1614 5438 1843 5478 concor-

252 5518 425 5579 diam,
457 5516 698 5569 omnium
739 5516 863 5570 licet
906 5516 1013 5568 sint
1046 5525 1234 5568 natura
1278 5513 1625 5575 infirmiores.
1662 5526 1839 5569 tamen

250 5608 358 5673 eis,
386 5623 505 5677 quae
530 5609 795 5673 videmus,
826 5608 1042 5663 deuavit
1071 5625 1087 5665 :
1126 5612 1191 5663 de
1220 5609 1391 5662 bobus
1426 5622 1605 5661 autem
1646 5623 1841 5663 secun-

253 5700 383 5757 dum
416 5701 729 5771 Apostolum
764 5703 998 5770 perlinet
1030 5701 1095 5753 ad
1130 5701 1292 5753 Deum
1312 5702 1379 5765 ’ἐ
1406 5711 1463 5754 et
1498 5701 1564 5753 de
1606 5702 1761 5755 nobis
1792 5702 1841 5755 ei

326 5793 376 5829 ³⁸
412 5793 552 5849 Psal.
592 5809 749 5861 svnt,
785 5797 838 5849 1.
934 5795 979 5828 ⁸⁸
1020 5796 1148 5851 ibid.
1175 5794 1229 5849 4.
1272 5790 1506 5851 "lCnr.
1544 5811 1619 5860 Il,
1648 5796 1701 5852 9.

331 5906 446 5977 (15)
478 5908 576 5963 Ms.
613 5907 869 5963 Frunitns
890 5921 965 5963 est
991 5925 1107 5978 qua
1130 5910 1373 5977 diripuit.

332 5980 447 6050 με)
478 5978 577 6034 Ms.
608 5978 674 6037 Et
704 5983 749 6034 ei
772 5982 861 6046 qui
893 5980 1205 6048 martyrium
1238 5982 1381 6034 colit.

1937 4055 2042 4112 tor,
2083 4047 2175 4119 qui
2209 4046 2258 4102 ei
2290 4046 2502 4103 fructus
2540 4061 2607 4102 ex
2653 4047 3017 4116 promissione
3060 4044 3364 4117 provenit?
3394 4044 3537 4102 Tor-

1938 4148 2178 4195 mentum
2219 4140 2364 4195 enim
2397 4140 2447 4194 ei
2474 4148 2593 4195 erat
2618 4140 2787 4211 ipsius
2816 4140 3195 4213 promissionis
3230 4140 3531 4198 adventus:

1937 4234 2123 4288 videre
2152 4234 2297 4289 enim
2336 4232 2777 4303 promissionem,
2805 4248 2912 4290 non
2937 4234 3175 4304 permitti
3221 4244 3399 4290 autem
3442 4248 3539 4291 ea-

1939 4323 2063 4378 dem
2090 4322 2219 4390 frul,
2246 4323 2420 4395 magis
2450 4323 2517 4377 ad
2541 4322 2933 4393 blasphemiam
2962 4323 3291 4391 adducebat,
3309 4325 3404 4380 sed
3424 4339 3533 4381 non

1938 4415 2237 4471 Abraham.
2275 4415 2551 4471 Abraham
2588 4414 2736 4470 enim
2763 4416 2972 4472 addens
3012 4426 3068 4471 et
3103 4432 3211 4471 non
3248 4416 3536 4487 perfruens

1940 4515 1999 4557 ut
2028 4518 2213 4559 mensa
2243 4503 2514 4575 apposita,
2541 4512 2599 4559 et
2622 4504 2931 4575 prohibitus
2955 4504 3250 4577 degustare
3275 4505 3439 4562 etiam
3464 4521 3535 4562 ex

1943 4596 2030 4650 his
2053 4611 2172 4666 qua:
2194 4604 2677 4667 exsuperaveraat,
2703 4597 2779 4653 ita
2800 4597 3058 4653 dimissus
3083 4598 3290 4667 gratias
3317 4599 3535 4669 agebat.

1926 4687 2080 4765 Quid
2110 4694 2241 4759 ergo
2270 4687 2473 4758 profuit
2504 4688 2624 4744 illi?
2649 4688 2756 4744 Sed
2783 4690 2910 4760 quia
2964 4689 3137 4745 lilium
3164 4689 3389 4755 habuit;
3418 4698 3539 4757 post

1942 4790 2141 4849 quanta
2203 4790 2493 4849 tormenta,
2546 4790 2670 4853 post
2725 4792 2959 4850 quantas
3011 4782 3323 4837 orationes?
3379 4780 3540 4837 Servi

1943 4872 2217 4927 Abraham
2247 4873 2543 4942 habebant,
2565 4882 2623 4931 et
2650 4873 2928 4930 Abraham
2956 4875 3273 4930 desiderans
3308 4889 3413 4929 non
3439 4874 3537 4928 ba-

1944 4966 2108 5021 bebat
2140 4969 2277 5022 :sed
2307 4966 2593 5040 coniugem
2640 4967 2989 5035 babebat,.et
3032 4968 3193 5023 istam
3232 4968 3538 5033 honestam,

1949 5074 2177 5130 quaeque
2207 5061 2277 5115 ab
2301 5075 2367 5116 eo
2391 5061 2568 5115 ablata
2601 5068 2703 5124 est.
2738 5069 2795 5113 et
2824 5059 2979 5115 valde
3005 5073 3215 5121 amare,
3239 5073 3342 5113 non
3372 5058 3543 5112 inter-

1952 5148 2163 5215 ﬁciens,
2199 5160 2254 5205 et
2280 5162 2499 5205 mutans
2527 5150 2705 5206 locum
2740 5145 2857 5221 (l7)
2891 5160 2948 5203 et
2989 5150 3187 5215 locum,
3223 5162 3543 5219 persevera-

1952 5242 2050 5293 vit.
2079 5242 2267 5295 Dicaut
2316 5258 2449 5313 ergo
2477 5240 2648 5297 ειυάωὶ
2683 5257 2805 5309 quae
2841 5234 3189 5311 provenerint
3213 5240 3445 5295 Abrahae
3474 5253 3539 5294 ex

1953 5334 2317 5403 promissione
2367 5337 2421 5388 in
2470 5335 2721 5404 praesenti
2772 5335 2875 5388 hac
2919 5335 3056 5399 vita,
3105 5344 3165 5387 ut
3200 5332 3544 5387 abscidamus

1949 5439 2138 5480 eorum
2208 5443 2356 5497 spem
2431 5428 2871 5483 resurrectionis.
2928 5428 3034 5481 Sed
3094 5409 3284 5480 habuit
3348 5424 3541 5480 illium.

1950 5516 2177 5584 Quando
2198 5520 2222 5573 ἲ
2242 5521 2403 5575 Circa
2432 5523 2789 5575 centesimum
2837 5536 3036 5577 annum
3090 5520 3249 5574 datus
3273 5528 3357 5574 est
3392 5520 3441 5573 ei
3481 5517 3547 5573 ﬂ-

1952 5610 2077 5675 lius,
2116 5621 2509 5667 tormentorum
2534 5614 2713 5682 potius
2739 5613 2856 5681 ejus
2877 5621 3193 5681 etprecum.
3226 5609 3363 5679 Quia
3390 5610 3543 5667 enim

1953 5703 2143 5759 habuit
2190 5715 2248 5759 et
2293 5704 2493 5760 bonum
2530 5705 2723 5772 lilium,
2768 5714 2823 5761 et
2865 5705 3077 5760 laetatus
3130 5703 3184 5759 in
3237 5703 3384 5760 done
3434 5711 3563 5773 est,

2032 5910 2146 5983 (l7)
2176 5909 2394 5966 Locum.
2426 5908 2602 5964 Τόπον
2626 5913 2689 5964 ἐκ
2718 5909 2883 5964 τόπου
2908 5907 3174 5981 ἀμείϐων.
