4000 6430
565 471 705 531 1075

1226 468 1499 536 ΕῸΒΕΒΠ
1534 466 2009 527 σιειιιιεκειε
2042 466 2114 524 01

2236 465 2415 523 PARS
2449 465 2542 523 IV.
2574 495 2647 508 —
2683 460 3103 521 DOGIATICA.

562 602 723 666 putas
769 588 1040 661 accipiens
1083 587 1253 651 lilium
1305 592 1423 646 sine
1467 591 1764 646 tentatione
1816 590 1883 648 de
1934 596 2134 644 caetero
2161 593 2205 646 A
2235 594 2291 641 et
2331 586 2526 641 horum
2572 581 2695 649 tllii,
2723 592 2781 640 et
2829 581 2906 638 illi
2955 578 3208 637 homines
3244 575 3445 647 quibus
3494 571 3813 666 peregrin-

562 683 797 743 Inansit?
823 693 1013 740 etnon
1044 682 1158 754 ipsa
1200 680 1544 754 pulchritudo
1593 683 1706 749 filii,
1750 683 1869 753 ipsa
1914 684 2130 751 sapien-

560 776 659 841 tia,
689 775 804 846 ipse
834 772 1157 838 intellectus,
1185 782 1244 832 et
1284 786 1349 827 ea
1398 786 1519 843 qua
1564 772 1619 827 in
1663 786 1730 828 eo
1768 779 1926 826 erant
1969 771 2129 834 bona,

561 876 619 921 et
644 879 981 936 quacunque
1037 864 1279 919 habebat
1334 873 1395 928 nt
1438 863 1635 919 donum
1678 861 1807 927 Dei,
1861 860 2129 916 amariora

560 961 832 1010 tormenta
874 960 1093 1025 operata
1142 963 1268 1009 sunt
1312 952 1490 1029 patri!
1537 951 1664 1021 quid
1714 949 1859 1006 enim
1913 949 2045 1005 dicit
2079 949 2131 1012 ei

560 1042 742 1100 Dens?
766 1045 859 1116 qui
891 1045 1027 1101 dixit
1064 1044 1178 1115 (18)
1237 1043 1457 1101 donavit
1490 1042 1538 1098 ei
1580 1041 1751 1097 illium
1787 1059 1801 1073 -
1840 1040 2127 1103 Abraham,

560 1133 864 1202 Abraham,
892 1136 1068 1203 accipe
1123 1134 1285 1189 lilium
1334 1144 1479 1189 tuum
1524 1130 1703 1197 Isaac,
1751 1146 1903 1202 quem
1949 1130 2128 1199 diligis

560 1223 912 1293 unigenitum,
955 1234 1004 1281 et
1053 1226 1237 1296 oﬁ‘eres
1276 1240 1391 1283 eum
1437 1223 1569 1279 mihi
1607 1222 1665 1275 in
1704 1237 1807 1275 uno
1847 1221 2127 1285 montium,

560 1330 714 1387 quem
735 1317 829 1371 tibi
853 1317 1043 1375 dixero
1064 1317 1131 1372 ³³.
1155 1316 1212 1372 Si
1239 1316 1687 1384 interceperimus
1716 1313 2129 1370 resurrectionis

559 1420 710 1477 spem
740 1406 876 1479 (l9),
900 1407 1082 1471 statim
1115 1407 1279 1467 habet
1303 1405 1563 1471 dolorem,
1593 1405 1776 1463 statim
1800 1395 1962 1460 habet
1992 1418 2128 1467 mce-

561 1514 740 1556 rorem
770 1499 1063 1555 Abraham.
1102 1497 1224 1554 Noli
1253 1498 1399 1553 enim
1425 1511 1670 1568 quaerere
1701 1498 1747 1552 si
1782 1511 1889 1551 non
1916 1501 2001 1552 est
2026 1508 2126 1550 oc-

560 1591 705 1646 cistis
738 1590 921 1657 Isaac;
958 1588 1052 1645 sed
1097 1603 1161 1643 ex
1196 1602 1305 1659 quo
1340 1587 1621 1659 proposuit
1669 1596 1844 1657 pater.
1880 1593 2126 1639 mortuus

558 1689 645 1735 est
674 1678 816 1749 patri
852 1678 1025 1736 Isaac.
1067 1676 1237 1733 Putas
1261 1678 1388 1749 quia
1419 1687 1475 1733 et
1513 1686 1662 1732 tanta
1686 1686 1804 1739 erat
1831 1675 2126 1730 crudelitas

560 1773 703 1841 apud
728 1770 919 1835 licam,
949 1778 1011 1826 ut
1042 1772 1097 1825 in
1133 1779 1344 1825 tantum
1367 1777 1650 1841 torqueret
1680 1768 1987 1823 Abraham?
2010 1768 2125 1837 ipse

557 1861 703 1917 enim
734 1869 961 1916 testatur
986 1870 1041 1917 et
1069 1861 1202 1916 dicit
1234 1878 1248 1916 :
1278 1860 1401 1915 Scio
1426 1869 1551 1932 quia
1589 1861 1698 1928 ipse
1736 1870 1784 1914 et
1815 1858 1961 1927 ﬁlius
2005 1858 2122 1928 ejus

559 1951 826 2006 mandabit
848 1950 1115 2013 custodire
1136 1949 1296 2019 legem
1328 1960 1377 2006 et
1402 1949 1655 2005 mandata
1694 1946 1908 2002 Domini
1933 1946 1981 1978 “
2014 1967 2028 2002 :
2063 1957 2122 2001 ut

557 2056 625 2096 ex
658 2042 762 2103 hoc
798 2040 1108 2095 testimonio
1134 2039 1407 2096 Abraham
1442 2054 1548 2094 non
1591 2038 1761 2093 solum
1803 2053 1899 2109 per
1922 2047 2122 2100 semet-

554 2131 730 2198 ipsum
764 2132 1045 2202 religiosus
1077 2130 1380 2195 exstiterit,
1420 2132 1514 2185 sed
1563 2138 1619 2185 et
1661 2144 1730 2185 ex
1771 2132 2027 2185 mandato
2063 2137 2121 2184 et

551 2218 686 2282 ﬁlio,
711 2222 802 2299 qui
860 2232 917 2276 et
951 2230 1072 2290 post
1106 2233 1335 2275 mortem
1369 2219 1498 2274 colit
1542 2227 1599 2274 et
1632 2228 1921 2279 veneratur
1949 2217 2117 2285 Deum

553 2326 651 2381 per
679 2326 742 2372 ea
774 2326 893 2385 quc
920 2311 1197 2368 mandavit
1225 2310 1386 2367 Deus.
1416 2310 1877 2380 Quemadmodum
1904 2310 2009 2368 iste
2034 2312 2119 2366 vi-

552 2418 685 2459 vens
708 2419 812 2465 non
843 2416 1031 2474 ponas
1058 2404 1354 2459 sustinuit?
1380 2404 1525 2460 dedit
1552 2404 1603 2459 ei
1632 2404 1801 2458 filium
1836 2404 1997 2470 Dens,
2024 2402 2119 2459 de-

551 2496 706 2551 ditet
740 2496 1089 2553 lentationem
1124 2511 1140 2548 :
1186 2495 1231 2550 si
1260 2503 1404 2550 esset
1443 2493 1606 2561 alius,
1652 2493 1882 2551 dixisset
1906 2493 2115 2569 utique,

551 2586 767 2644 Utinam
808 2603 913 2643 non
959 2588 1310 2655 accepissem.
1354 2585 1625 2641 Abraham
1661 2597 1843 2641 autem
1880 2594 1938 2642 et
1975 2584 2118 2641 acci-

549 2677 705 2746 piens
736 2678 941 2756 gratias
972 2677 1104 2748 egit,
1132 2686 1187 2731 et
1217 2676 1450 2733 reddens
1487 2676 1690 2746 gratias
1732 2675 1863 2746 egit,
1904 2677 2115 2739 lucrum

465 2795 470 2799 ~
550 2778 738 2840 utpote
774 2771 978 2829 docens
1004 2786 1109 2824 non
1138 2768 1242 2824 frui
1292 2768 1482 2836 filium,
1511 2768 1605 2824 sed
1637 2766 1855 2835 offerre,
1891 2768 2032 2822 sicut
2061 2777 2117 2821 et

546 2860 748 2917 factum
769 2870 853 2916 est
881 2880 892 2915 :
921 2864 1014 2917 sed
1034 2874 1305 2932 quemque
1328 2861 1623 2928 respiciens
1645 2859 1871 2914 habuit:
1899 2858 2115 2929 quando

545 2960 729 3008 autern
756 2952 1068 3021 praecipitur
1094 2951 1235 3005 filius
1262 2947 1485 3005 offerri?
1517 2964 1623 3005 non
1648 2949 1833 3003 statim
1862 2956 1920 3005 ut
1954 2954 2113 3007 natus

545 3052 633 3099 est
667 3062 682 3097 :
719 3058 838 3113 quae
868 3043 1011 3099 enim
1044 3056 1217 3111 nuper
1254 3052 1378 3097 nata
1425 3052 1578 3108 sunt,
1625 3038 1856 3095 necdum
1908 3046 2111 3103 tantum

545 3134 750 3190 habent
773 3132 1044 3191 aﬂ‘ectum.
1090 3135 1154 3192 Et
1189 3145 1479 3205 antequam
1523 3132 1817 3205 loquantur
1853 3130 2110 3195 infantes,

2232 674 2586 733 cohabitabat
2616 672 2928 735 Abraham,
2953 683 3075 725 cum
3139 666 3376 735 undique
3408 662 3693 721 excelsa
3727 659 3810 717 fa-

2230 774 2378 821 ctum
2409 772 2556 822 esset
2573 764 2775 820 donum
2805 762 2931 826 Dei;
2971 771 3100 815 tunc
3118 758 3251 814 dicit
3284 757 3428 812 Deus
3454 764 3721 824 tanquam
3746 752 3812 808 ad

2231 856 2517 933 quemdam
2566 854 2974 910 adamantinum
3025 869 3039 905 :
3081 850 3377 914 Abraham,
3411 846 3593 914 accipe
3643 842 3811 913 με..

2228 960 2379 1001 tuum
2432 949 2759 1020 unigenitum
2805 945 3004 1009 Isaac,
3062 957 3213 1013 quem
3268 940 3529 995 dilexisti.
3581 936 3813 992 Intueris

2229 1038 2396 1096 Deum
2422 1055 2518 1110 per
2544 1040 2982 1096 adhortationem
3014 1037 3400 1091 dehortantem
3426 1049 3441 1087 :
3472 1030 3643 1087 solito
3668 1028 3811 1085 enim

2228 1148 2359 1193 usus
2394 1141 2479 1188 est
2513 1132 2583 1186 ad
2635 1129 2910 1191 Abraham
2952 1138 3235 1190 sermone;
3276 1122 3550 1194 siquidem
3586 1131 3647 1175 et
3689 1130 3814 1174 tunc

2227 1239 2351 1299 cum
2390 1223 2713 1294 praeciperet
2752 1221 2801 1275 ei
2847 1234 3000 1275 extre
3031 1232 3064 1273 e
3099 1216 3274 1287 patria
3306 1230 3425 1279 sua,
3459 1213 3555 1267 tali
3589 1213 3661 1265 ad
3695 1226 3812 1267 eum

2228 1328 2358 1369 usus
2405 1322 2487 1367 est
2534 1326 2821 1377 sermone,
2863 1310 2954 1381 qui
2996 1308 3161 1363 alium
3210 1306 3397 1377 utique
3444 1300 3814 1374 prohibuth

2227 1405 2398 1471 exire.
2452 1404 2588 1459 Dicit
2630 1403 2776 1458 enim
2820 1402 2869 1456 ei
2916 1420 2930 1455 :
2970 1400 3260 1469 Acratum,
3304 1398 3605 1457 Abraham,
3657 1398 3745 1448 exi
3786 1409 3815 1447 e

2224 1500 2399 1566 patria
2431 1508 2546 1556 tua.
2576 1505 2626 1553 et
2657 1510 2724 1555 ea:
2765 1493 3077 1563 cognatione
3103 1500 3219 1555 tua,
3252 1501 3299 1543 et
3337 1502 3404 1542 ea:
3442 1488 3608 1540 domo
3643 1486 3816 1554 patris

2226 1590 2306 1651 tui
2323 1589 2369 1622 "
2394 1606 2409 1643 :
2441 1588 2556 1643 haec
2586 1586 2725 1641 alius
2751 1586 2797 1641 si
2827 1584 3115 1650 audiisset,
3144 1581 3319 1648 magis
3342 1578 3540 1634 fuisset
3560 1578 3817 1632 detentus

2226 1694 2386 1751 quam
2414 1678 2749 1737 obaudisset.
2789 1674 2897 1731 Sed
2926 1674 3070 1729 sicut
3102 1672 3322 1728 athletis
3360 1669 3691 1726 fortioribus
3722 1669 3814 1740 ju-

2226 1772 2417 1826 bentes
2451 1771 2669 1826 duriora
2696 1768 3020 1839 praecipiunt
3048 1782 3063 1819 :
3093 1773 3311 1835 oportet
3338 1772 3412 1827 te,
3444 1761 3649 1832 inquit,
3687 1775 3816 1831 por-

2227 1869 2369 1927 tare,
2417 1861 2580 1917 etiam
2628 1859 2674 1915 si
2716 1857 2884 1913 fueris
2930 1856 3078 1911 calce
3127 1867 3454 1925 percussus;
3494 1861 3720 1921 oportet
3762 1860 3814 1907 te

2150 1930 2343 2007 Besse
2385 1951 2719 2021 patientem,
2764 1947 2978 2003 etiamsi
3029 1945 3325 2001 adversum
3382 1941 3605 1997 oculum
3659 1950 3811 1996 tuum

2223 2057 2443 2097 manum
2478 2037 2827 2097 adversarius
2855 2034 3195 2107 protenderit
3222 2047 3381 2091 suam
3415 2048 3431 2087 :
3465 2037 3521 2086 et
3542 2044 3811 2101 quacun-

2218 2148 2324 2204 que
2346 2133 2418 2187 illi
2443 2135 2702 2185 mandare
2722 2137 3073 2192 consuerunt,
3089 2134 3143 2181 et
3158 2125 3487 2181 athletarum
3512 2120 3809 2177 fortissimi

2219 2225 2495 2280 sustinere
2522 2240 2537 2276 ε
2578 2223 2651 2276 ita
2692 2230 2748 2276 et
2786 2221 2912 2275 istic
2938 2218 3082 2274 Deus
3114 2232 3272 2273 suum
3304 2216 3569 2270 athletam
3599 2213 3806 2269 adhor-

2221 2306 2361 2383 tans,
2393 2328 2490 2385 per
2515 2313 2680 2369 duros
2704 2327 2827 2367 eum
2870 2311 3123 2366 hortatur
3153 2319 3310 2364 actus
3348 2326 3363 2362 :
3407 2308 3519 2362 Exi
3561 2322 3594 2361 e
3630 2307 3808 2375 patris

2218 2417 2330 2471 tua,
2353 2415 2406 2462 et
2434 2405 2741 2476 cognatione
2766 2413 2882 2470 tua,
2914 2411 2963 2456 et
2988 2417 3054 2456 ex
3079 2401 3235 2455 domo
3267 2399 3435 2469 patris
3465 2399 3569 2463 tui,
3605 2408 3655 2452 et
3684 2399 3802 2452 aeni

2218 2499 2288 2551 ad
2327 2506 2558 2564 terram;
2586 2496 2655 2550 ad
2696 2509 2860 2564 quam
2908 2503 3162 2563 paratum
3202 2500 3390 2561 negat,
3432 2499 3490 2545 et
3527 2490 3805 2560 promittit

2218 2588 2405 2654 aliam,
2446 2597 2501 2644 et
2536 2586 2710 2655 ipsam
2759 2585 3183 2654 promissionem
3239 2580 3300 2637 in
3352 2582 3567 2638 incerto
3626 2581 3799 2651 ponit.

2215 2682 2333 2743 Non
2363 2684 2508 2739 enim
2555 2682 2687 2737 dixit
2736 2682 2881 2735 illam
2916 2690 3154 2743 terram;
3198 2678 3297 2733 sed
3338 2679 3397 2733 in
3447 2689 3675 2742 terram,
3722 2678 3804 2731 in-

2215 2777 2361 2846 quit,
2396 2791 2556 2840 quam
2601 2775 2693 2828 tibi
2733 2772 3090 2828 ostendero".
3124 2770 3281 2826 Sicut
3319 2771 3467 2826 enim
3509 2770 3746 2839 eiiciens
3771 2784 3804 2824 e

2214 2867 2409 2937 patria,
2442 2880 2540 2935 per
2577 2879 2642 2921 ea
2667 2880 2789 2933 qua:
2816 2864 3173 2933 prohiberent
3196 2863 3380 2933 ejicit;
3417 2862 3492 2915 ita
3527 2869 3586 2916 et
3607 2860 3803 2930 praeci-

2213 2956 2369 3027 piens
2395 2955 2565 3011 filium
2596 2970 2753 3011 suum
2780 2954 2880 3008 sibi
2911 2952 3129 3018 offerre,
3161 2968 3259 3020 per
3284 2952 3598 3008 istiusmodi
3637 2952 3801 3006 verba

2210 3046 2383 3116 jubet,
2415 3062 2511 3115 per
2523 3061 2643 3117 quas
2665 3047 2710 3101 si
2733 3057 2875 3100 esset
2893 3044 3050 3110 alius,
3072 3059 3179 3100 non
3201 3045 3468 3100 obediret.
3487 3044 3795 3109 Abraham,

2216 3138 2412 3208 inquit,
2436 3137 2732 3199 Abraham,
2751 3136 2932 3205 accipe
2955 3146 3008 3189 tu
3030 3152 3046 3200 ;
3069 3150 3173 3189 nec
3208 3149 3307 3205 per
3332 3135 3501 3189 alium
3527 3135 3801 3205 praecipit,

543 3225 782 3298 perdicis
810 3236 903 3281 aut
939 3225 1203 3280 columba:
1233 3223 1408 3281 locum
1448 3224 1516 3280 ad
1554 3225 1826 3296 genitores
1856 3224 2064 3279 habent
2092 3240 2105 3275 :
2141 3266 2183 3324 ϐ
2215 3227 2311 3283 ιιεά
2325 3228 2522 3293 accipe,
2547 3227 2744 3295 inquit,
2769 3236 2821 3281 tu
2842 3226 3426 3296 ﬁliumtuum,ethunc
3446 3227 3801 3297 unigenitum,

544 3318 722 3381 visum
755 3318 898 3378 enim
936 3328 1143 3373 tantum
1190 3317 1478 3381 delectant,
1521 3326 1577 3372 et
1629 3316 1981 3386 incomposite
2031 3315 2111 3369 lo-

553 3418 784 3480 quentes
811 3425 828 3462 :
860 3423 983 3469 cum
1008 3418 1187 3462 autem
1218 3408 1545 3478 promoverit
1577 3417 1733 3469 aetas,
1761 3416 1814 3460 et
1848 3404 2115 3461 effulserit

543 3514 739 3558 sensus
759 3542 774 3566 ,
808 3510 864 3555 et
892 3499 1118 3568 eruperit
1168 3498 1469 3555 intellectus
1513 3512 1610 3567 per
1643 3497 1882 3566 linguam
1913 3496 2111 3565 promi,

540 3590 828 3648 floruerint
872 3600 1052 3645 autem
1097 3591 1274 3646 atatis
1320 3590 1750 3660 pulchritudines
1798 3600 1852 3643 et
1900 3587 2110 3643 lirmala

545 3682 748 3740 fuerint
778 3683 1018 3737 membra
1056 3681 1177 3736 istic
1206 3691 1262 3735 et
1304 3682 1513 3736 initium
1546 3679 1715 3750 ipsius
1754 3680 2019 3749 corporis.
2054 3688 2114 3735 ut

544 3786 690 3835 rosa,
715 3781 808 3825 aut
840 3770 1032 3827 lilium.
1066 3769 1151 3823 vel
1183 3770 1378 3839 aliquis
1415 3767 1515 3825 ﬂos
1572 3782 1840 3835 maturus,
1873 3778 1967 3823 aut
1996 3768 2111 3822 fru-

542 3874 661 3926 ctus
682 3862 790 3933 1am
830 3872 1078 3932 paratus:
1106 3861 1177 3917 ita
1209 3870 1265 3915 et
1297 3861 1642 3933 pulchritudo
1665 3877 1788 3931 qua:
1806 3862 2107 3927 videbatur,

541 3964 595 4009 et
621 3954 856 4010 maxime
886 3953 1193 4008 intellectus
1219 3952 1399 4009 ﬂectet
1424 3954 1722 4023 genitores,
1755 3963 1809 4010 et
1844 3964 2015 4011 totum
2051 3969 2111 4009 se

543 4049 597 4101 in
626 4045 889 4115 genitoris
915 4053 1147 4100 evacuat
1178 4062 1440 4101 amorem.
1474 4044 1691 4101 Iovent
1717 4057 1897 4102 autem
1930 4054 1986 4103 et
2013 4047 2109 4103 filii

542 4136 787 4199 moribus
811 4136 925 4191 suis
951 4147 1205 4206 parentes
1236 4145 1291 4190 et
1316 4136 1656 4191 sermonibus
1685 4147 1739 4189 et
1763 4135 2008 4205 loquelis.
2044 4135 2113 4190 Et

540 4228 996 4298 quemadmodum
1048 4226 1292 4281 extendit
1351 4240 1571 4279 manum
1619 4226 1762 4287 filius
1834 4244 1849 4279 :
1920 4241 2112 4294 quem-

542 4317 829 4375 admodum
885 4328 1095 4387 patrem
1143 4316 1395 4373 hortatus
1449 4325 1535 4370 est
1582 4325 1675 4371 aut
1724 4329 1819 4385 per
1862 4316 2108 4381 verbum,

539 4420 634 4465 aut
663 4423 760 4483 per
788 4410 1047 4480 linguam,
1088 4417 1183 4463 aut
1215 4421 1311 4476 per
1338 4422 1457 4462 eam
1503 4423 1666 4476 quam
1699 4406 1867 4461 sumit
1904 4421 2107 4461 escam.

539 4502 861 4571 Loquuntur
888 4510 1067 4554 autem
1094 4508 1151 4553 et
1175 4507 1358 4571 patres
1394 4499 1461 4555 ad
1496 4498 1661 4561 lilios,
1693 4507 1745 4551 et
1775 4497 1986 4552 duicior
2016 4498 2110 4552 lilii

2215 3317 2292 3370 ait
2328 3337 2342 3372 :
2374 3315 2646 3386 permotio
2682 3318 3030 3383 tentationis;
3068 3333 3223 3387 quem
3266 3316 3527 3379 dilexisti,
3567 3317 3752 3387 inquit
3783 3335 3801 3371 :

2214 3408 2644 3463 additamentum
2675 3407 2881 3464 doloris
2906 3409 3048 3464 aliis.
3084 3408 3153 3463 Et
3192 3418 3317 3480 post
3360 3411 3476 3465 haec
3507 3411 3799 3480 consiguat

2215 3496 2477 3567 majorem
2503 3498 2735 3569 plagam,
2763 3498 2903 3554 dixit
2934 3500 3081 3558 enim
3108 3510 3162 3553 et
3188 3515 3384 3554 nomen
3422 3500 3541 3555 lilii.
3567 3500 3714 3554 Nam
3746 3510 3799 3555 et

2210 3589 2257 3646 si
2292 3591 2405 3645 haec
2442 3593 2625 3645 omnia
2653 3602 2837 3646 essent
2866 3589 3045 3645 dulcia
3073 3602 3129 3644 et
3159 3590 3378 3653 idonea.
3408 3602 3658 3646 moveret
3694 3592 3802 3645 vis-

2211 3694 2334 3736 cera
2369 3689 2596 3750 paterna
2618 3720 2633 3747 ,
2678 3690 2738 3735 ut
2768 3681 3011 3747 diceret,
3044 3680 3220 3750 [ilium
3266 3691 3417 3735 tuum
3464 3681 3802 3749 unigenitum

2209 3788 2363 3843 quem
2388 3771 2645 3829 dilexisti.
2682 3771 2787 3827 Sed
2814 3772 2948 3826 nihil
2973 3774 3102 3839 tale,
3128 3784 3392 3842 quantum
3430 3781 3488 3827 et
3516 3787 3801 3842 nuncupa-

2213 3867 2414 3923 tionem
2444 3865 2563 3936 ejus
2584 3865 2955 3930 annuutiaret,
2983 3874 3040 3920 et
3063 3865 3295 3931 diceret,
3327 3863 3487 3918 Isaac
3516 3866 3723 3931 accipe,
3750 3876 3803 3919 et

2212 3959 2398 4028 olei-es
2430 3972 2549 4011 eum
2579 3956 2705 4012 mihi
2734 3956 2789 4010 in
2820 3971 2926 4009 uno
2950 3957 3233 4015 montium.
3281 3954 3469 4026 Neque
3497 3955 3624 4011 istic
3648 3956 3801 4011 desi-

2217 4060 2349 4121 gnat
2382 4049 2579 4111 locum,
2614 4048 2708 4101 sed
2738 4048 2882 4102 sicut
2919 4045 3145 4112 eiiciens
3173 4062 3298 4102 eum
3349 4047 3418 4101 de
3461 4048 3660 4113 patria,
3696 4047 3799 4111 ait,

2218 4140 2348 4195 Veni
2373 4141 2441 4193 ad
2471 4150 2668 4193 terram
2700 4154 2858 4209 quam
2887 4138 2987 4192 tibi
3016 4138 3331 4202 ostendero;
3364 4139 3441 4193 ita
3469 4148 3527 4193 et
3559 4138 3687 4194 istic
3717 4138 3800 4197 di-

2211 4230 2302 4281 cit.
2338 4228 2393 4281 in
2428 4242 2530 4280 uno
2561 4227 2841 4280 montium.
2886 4226 2952 4280 Et
2981 4235 3133 4281 certe
3178 4226 3408 4281 multum
3454 4228 3800 4285 commodius

2211 4318 2256 4373 si
2290 4319 2343 4372 in
2378 4321 2493 4387 ipso
2522 4315 2739 4371 fervore
2779 4317 2976 4387 negotii
3008 4315 3271 4374 liberatus
3305 4316 3498 4372 fuisset
3528 4318 3798 4375 sollicitu-

2210 4412 2334 4467 dine
2383 4412 2690 4475 Abraham,
2730 4418 2785 4463 et
2835 4425 2944 4465 non
2994 4409 3209 4467 audiret
3243 4410 3459 4467 itineris
3504 4413 3790 4479 laborem,

2211 4509 2512 4556 nocturnos
2544 4498 2824 4570 amplexus
2850 4500 3135 4566 unigeniti,
3163 4500 3655 4568 confabulationes,
3692 4518 3795 4573 per

537 4602 624 4647 est
649 4606 753 4647 vox
775 4591 920 4645 omni
947 4590 1053 4646 alio
1075 4591 1216 4658 quod
1247 4590 1481 4644 videtur.
1511 4588 1644 4643 Nam
1667 4600 1720 4641 et
1746 4587 1951 4643 frontes
1972 4588 2106 4642 tilio-
2136 4606 2182 4661 ι)
2208 4594 2322 4650 dies
2362 4593 2561 4657 visum,
2600 4601 2803 4647 motum
2823 4634 2839 4657 ,
2873 4606 3156 4648 sermones
3176 4632 3192 4658 ,
3245 4593 3425 4664 ipsum
3474 4592 3627 4649 Isaac
3654 4594 3795 4650 dile-

537 4700 657 4740 rum
691 4680 919 4739 illiciunt
957 4692 1235 4753 aspectum
1263 4693 1566 4751 parentum,
1615 4692 1669 4735 et
1711 4680 1860 4735 mille
1908 4680 2105 4736 alia’et

536 4775 641 4831 alia
685 4785 934 4838 movent,
979 4784 1034 4830 et
1070 4775 1249 4829 omnia
1294 4787 1624 4844 quacunque
1685 4772 1896 4827 locutus
1944 4771 2107 4825 fuerit

538 4866 700 4928 illius,
752 4868 797 4920 si
838 4879 934 4933 per
976 4874 1191 4919 noctem
1239 4864 1516 4932 amplexus
1564 4871 1679 4929 est,
1731 4862 1776 4917 si
1818 4877 1913 4932 per
1961 4860 2103 4915 diem

537 4956 809 5012 blanditus
838 4965 941 5011 est.
971 4956 1105 5015 Cum
1138 4955 1299 5025 igitur
1341 4956 1453 5010 haec
1483 4956 1658 5010 omnia
1689 4963 2101 5018 concurrerunt,

537 5058 590 5101 et
620 5064 743 5102 cum
775 5058 1047 5103 maturum
1082 5048 1285 5103 factum
1316 5059 1401 5104 est
1436 5047 1636 5101 donum
1681 5047 1774 5102 Dei
1798 5088 1814 5112 ,
1852 5062 1975 5103 cum
2005 5047 2104 5102 do-

535 5138 748 5196 mestici
790 5139 844 5192 in
875 5153 969 5206 spe
998 5137 1179 5201 fuere,
1210 5152 1331 5191 cum
1377 5136 1568 5190 amicis
1599 5135 1819 5188 allatum
1850 5144 1929 5189 est
1962 5152 2101 5189 nuu-

538 5233 694 5291 tium,
721 5244 843 5283 cum
879 5229 1110 5283 reddidit
1129 5232 1268 5283 Deus
1288 5228 1518 5282 Abrahae
1544 5228 1929 5296 promissiones
1952 5242 2099 5293 suas,

533 5318 711 5387 etiam
737 5319 959 5374 haberet
981 5319 1146 5373 tilium
1169 5336 1182 5383 ;
1206 5318 1490 5374 videbatur
1512 5320 1654 5373 enim
1675 5331 1729 5372 et
1749 5320 1849 5389 Ipsi
1872 5320 2101 5375 Abraha:

535 5412 787 5466 solatium
824 5412 1206 5480 promissionis
1237 5413 1345 5479 jam
1383 5410 1623 5479 factum;
1656 5426 1775 5465 cum
1813 5408 1928 5479 jam
1963 5408 2098 5465 Sara

535 5501 785 5557 habuerit
819 5503 1261 5570 consolationem,
1295 5514 1350 5555 et
1374 5502 1483 5571 iam
1516 5518 1622 5557 non
1670 5505 1738 5557 ab
1776 5502 1971 5558 ancilla
2006 5518 2099 5559 ex-

534 5593 913 5662 probrationes
961 5594 1209 5657 audiret,
1238 5610 1358 5647 cum
1399 5596 1652 5664 cngualio
1682 5595 1907 5649 audiens
1954 5606 2099 5651 esset

536 5688 589 5739 in
626 5686 826 5747 laetitia,
856 5702 976 5738 cum
1019 5685 1170 5756 pueri
1203 5694 1257 5739 et
1284 5687 1446 5750 servi,
1472 5702 1593 5740 cum
1620 5686 1813 5740 domus
1842 5687 2097 5755 majores,

604 5780 649 5810 ³³
671 5778 803 5834 Gen.
830 5797 965 5842 xm,
986 5780 1041 5835 Ξ.
1115 5781 1157 5811 ’⁸
1182 5779 1313 5839 Gen.
1341 5798 1491 5844 xvm.
1520 5781 1606 5837 l9.

601 5871 714 5954 (i8)
749 5873 849 5937 Qui
878 5876 1029 5927 dixit.
1064 5873 1221 5929 Forte
1254 5876 1381 5928 dixit
1416 5881 1524 5944 qui.

2208 4697 2376 4743 ctum.
2405 4687 2474 4739 Et
2503 4685 2631 4755 quid
2656 4698 2794 4755 opus
2826 4696 2911 4738 est
2941 4683 3095 4753 plura
3130 4698 3230 4745 nos
3261 4684 3485 4742 dicere?
3516 4687 3798 4740 Abraham

2208 4780 2375 4841 enim,
2420 4778 2515 4846 qui
2568 4776 2896 4831 sententiam
2932 4774 3197 4831 adversus
3233 4776 3403 4831 illium
3445 4791 3796 4848 susceperat,

2210 4868 2570 4935 descripserat
2614 4866 2714 4921 sibi
2761 4874 2817 4918 et
2866 4866 3049 4921 abibat
3093 4866 3301 4927 habens
3346 4868 3553 4931 illium,
3611 4870 3798 4926 vivum

2210 4960 2426 5027 quidem
2458 4974 2721 5027 quantum
2752 4958 2819 5013 ad
2859 4972 3077 5015 sensum
3119 4959 3242 5023 lilii,
3272 4960 3385 5029 jam
3413 4972 3601 5016 autem
3636 4963 3798 5018 holo-
3882 4961 3890 4967 ’

2210 5062 2457 5107 causlum
2495 5060 2755 5119 quantum
2799 5050 2865 5103 ad
2910 5050 3251 5105 inscientiam
3300 5053 3492 5121 patris.
3536 5052 3607 5107 Et
3644 5069 3799 5111 certe

2210 5154 2415 5203 tantam
2450 5143 2756 5211 passionem
2790 5142 2955 5199 habet
2983 5144 3127 5212 quod
3161 5145 3380 5209 dicitur,
3409 5156 3544 5201 utet
3572 5164 3675 5204 nos
3703 5153 3796 5219 qui

2206 5236 2456 5287 audimus
2493 5246 2545 5291 et
2576 5234 2827 5298 dicimus,
2861 5235 2932 5289 de
2969 5236 3052 5289 his
3086 5250 3207 5304 quae
3239 5236 3327 5291 ille
3358 5237 3409 5291 in
3447 5240 3796 5308 unigenitum

2206 5325 2373 5379 filium
2422 5342 2575 5379 suum
2626 5326 2799 5390 ausit,
2855 5328 3189 5383 commoveri
3223 5342 3276 5383 et
3322 5329 3705 5404 collacrymari
3744 5348 3799 5389 et

2204 5418 2513 5473 conturbari
2546 5417 2847 5475 videamur.
2878 5418 2937 5472 Si
2970 5419 3136 5489 igitur
3168 5421 3323 5475 nobis
3355 5423 3541 5479 dicere
3574 5437 3793 5483 tantum

2204 5519 2259 5564 et
2296 5509 2485 5563 audire
2520 5523 2630 5561 non
2657 5518 2739 5562 est
2771 5510 3055 5564 ferendum
3091 5512 3211 5565 sine
3250 5513 3535 5584 lacrymis;
3572 5522 3793 5589 qualis,

2206 5608 2395 5668 putas,
2432 5598 2734 5653 invenietur
2767 5614 3019 5654 mensura
3073 5601 3217 5657 illius
3251 5608 3644 5666 conscientia?
3668 5617 3794 5681 quas

2208 5689 2432 5748 suillciet
2455 5706 2633 5747 sermo
2660 5689 2801 5746 illius
2824 5692 3085 5749 exhibere
3109 5695 3455 5753 dilectionem
3481 5701 3547 5754 ad
3578 5701 3749 5761 Deum
3770 5706 3789 5761 l

1680 5784 1724 5815 "
1751 5783 1890 5841 Ceo.
1914 5800 2008 5855 xu,
2038 5787 2086 5841 1.
2167 5787 2211 5818 ’⁸
2231 5787 2365 5841 Ibid.

2274 5883 2381 5947 (l9)
2417 5882 2874 5949 Interceperimus.
2898 5886 2980 5944 Cf.
3014 5890 3282 5947 suoracol.
3310 5891 3440 5946 1071
3469 5892 3536 5949 Δ.
