4000 6474
240 544 354 601 N11

1375 528 1465 587 DE
1497 526 2105 589 BESURRECTIONE.
2141 563 2211 577 —
2246 530 2381 593 LIB.
2415 532 2459 595 ις

3370 532 3513 590 1078

241 652 348 712 lter
376 652 528 709 simul
560 638 814 704 iaciebat
876 652 1035 718 pater
1072 657 1195 703 eum
1240 641 1386 713 Ilio,
1420 652 1478 699 et
1515 642 1660 699 inter
1714 642 1829 699 haec
1855 646 1905 705 A
1930 660 2047 709 eos.
2103 646 2315 702 lenm
2355 648 2444 703 lite
2486 661 2507 702 :
2545 662 2641 719 ego
2684 656 2860 703 autem
2902 658 2952 702 at
3004 662 3137 719 pur
3177 646 3516 703 mendosior

253 744 417 801 multa
437 744 647 814 quidem
674 736 1032 804 dicebantur,
1053 737 1207 807 plura
1239 744 1419 791 autem
1446 737 1827 802 audiebantur,

247 843 314 892 at
347 834 558 890 inunita
597 830 922 902 agebantur.
964 828 1134 886 Erant
1167 839 1350 885 autem
1395 830 1582 903 omnia
1632 826 1774 882 bona
1811 844 1827 882 :

254 925 354 983 Dei
392 928 537 982 enim
572 924 772 981 donum
802 934 924 980 erat
951 922 1125 989 lsaac,
1168 933 1225 977 et
1250 922 1503 991 portabat
1532 937 1549 973 :
1588 920 1682 990 qui
1709 934 1834 990 por-

244 1016 444 1076 tabat?
471 1015 610 1070 forte
641 1024 817 1069 autem
842 1029 947 1069 non
970 1013 1132 1068 debet
1153 1013 1258 1068 dici
1285 1011 1412 1082 quia
1442 1013 1711 1082 portabat,
1737 1010 1835 1065 sed

247 1109 545 1178 gaudebat.
580 1107 649 1164 Et
674 1108 791 1165 dies
826 1120 932 1163 una
969 1106 1305 1173 transierat,
1334 1115 1389 1160 et
1420 1106 1651 1162 necdum
1684 1103 1838 1162 locus

239 1202 667 1258 ostendebatur.
692 1200 761 1256 Et
780 1215 886 1256 nox
910 1201 978 1256 ad
1010 1199 1177 1265 diem,
1206 1207 1263 1255 et
1294 1196 1525 1255 necdum
1560 1197 1626 1251 ad
1656 1196 1833 1252 locum

247 1294 534 1365 pervenit.
566 1292 631 1349 Et
678 1293 948 1348 secundus
990 1290 1128 1356 dies,
1176 1297 1233 1344 et
1270 1298 1393 1357 post
1420 1286 1564 1342 diem
1616 1301 1743 1349 nox,
1783 1294 1841 1341 et

241 1380 372 1439 alia
411 1397 516 1439 nox
553 1401 567 1439 :
604 1392 661 1439 et
696 1382 931 1437 nondum
967 1380 1111 1445 linis,
1141 1381 1238 1438 sed
1270 1380 1552 1451 proteasio
1576 1388 1695 1434 erat
1722 1386 1837 1433 ten-

240 1474 492 1532 utionis
518 1473 785 1541 dilatatio,
819 1482 875 1527 et
905 1471 1122 1543 quando
1163 1472 1512 1543 perveniret,
1545 1479 1601 1527 et
1624 1475 1840 1541 quando

241 1569 652 1626 ostenderetur
696 1564 846 1620 locus
892 1579 1013 1620 cum
1056 1565 1169 1632 jam
1214 1564 1488 1620 deberet:
1538 1563 1665 1634 quia
1709 1578 1841 1631 ergo

245 1658 455 1714 omnia
495 1671 616 1727 qua
656 1667 785 1712 sunt
830 1663 886 1711 et
926 1654 979 1710 in
1030 1654 1225 1710 Vetere
1251 1654 1605 1711 Testamento
1651 1653 1842 1708 forma:

245 1759 432 1808 erant
464 1747 623 1813 Novi,
656 1748 815 1803 tertio
842 1747 930 1802 die
968 1755 1023 1803 et
1051 1747 1209 1802 tertia
1242 1751 1404 1803 nocte
1437 1754 1840 1802 sacramentum

247 1841 532 1913 unigentti
595 1838 716 1894 Filii
778 1840 871 1894 Dei
924 1837 1294 1909 praecurrebat
1345 1850 1445 1908 per
1498 1836 1841 1909 unigenitum

1931 738 2272 794 odorabimaa
2300 740 2357 795 in
2388 750 2584 809 monte,
2632 749 2683 795 et
2724 741 3105 812 repudientur.
3133 737 3248 797 Hoc
3295 740 3514 811 quidem

1933 846 2041 886 non
2081 832 2346 901 speravit,
2391 832 2499 891 hoc
2541 844 2724 892 autem
2762 833 3101 905 impetravit,
3149 841 3204 888 et
3254 846 3391 889 usus
3431 839 3519 888 est

1933 920 2078 979 Deus
2106 922 2225 995 ejus
2252 921 2437 995 lingua
2474 924 2543 979 ad
2576 923 2941 997 prophetiam.
2981 927 3119 980 Cum
3152 937 3285 995 ergo
3321 921 3520 977 dicitur

1932 1015 2209 1071 Abraham
2248 1016 2516 1087 propheta
2541 1054 2562 1085 ,
2606 1025 2662 1073 et
2688 1016 2953 1088 quaeritur
2981 1030 3017 1071 a
3042 1014 3232 1072 multis
3270 1015 3364 1070 ubi
3391 1028 3519 1085 pro-

1936 1107 2245 1179 phetaverit
2279 1108 2599 1178 Abraham;
2631 1111 2776 1167 scire
2813 1118 3064 1182 oportet,
3112 1110 3240 1181 quia
3278 1108 3518 1165 maxime

1933 1200 2153 1271 quidem
2186 1200 2275 1257 cui
2306 1201 2570 1258 revelavit
2592 1200 2735 1259 Deus
2758 1201 3137 1273 semetipsum,
3164 1208 3427 1273 quantum
3460 1209 3518 1255 et

1939 1291 2199 1362 possibile
2243 1292 2346 1347 luit
2385 1292 2623 1350 Abrahae
2663 1302 2726 1350 ut
2762 1293 3103 1350 revelaretur
3127 1295 3215 1362 ei;
3258 1281 3361 1349 iste
3402 1294 3521 1364 ipse

1937 1389 2235 1443 vocabatur
2256 1385 2541 1458 propheta.
2558 1384 2676 1441 Alia
2699 1394 2881 1443 autem
2904 1386 3213 1443 invenimus
3233 1400 3359 1441 eum
3387 1385 3515 1443 istic

1936 1480 2345 1549 prophetantem
2368 1496 2385 1535 :
2411 1494 2572 1537 unam
2602 1478 2821 1550 quidem
2842 1479 3201 1550 prophetiam,
3225 1495 3384 1550 quam
3401 1478 3515 1548 jam

1939 1570 2176 1625 diximus
2224 1586 2240 1625 :
2284 1571 2581 1627 secundam
2626 1579 2809 1626 autem
2839 1584 3152 1641 eam,un
3186 1571 3513 1642 insequitur.

1944 1661 2050 1730 sed
2084 1671 2404 1733 sequentem
2435 1660 2577 1719 forte
2606 1661 2789 1719 dicere
2812 1661 3176 1733 perniciosum
3199 1671 3303 1729 est,
3336 1671 3392 1716 et
3420 1677 3521 1717 au-

1941 1754 2061 1811 dire
2089 1755 2469 1825 perniciosius.
2497 1753 2969 1821 Quemadmodum
2988 1790 3007 1818 ,
3035 1761 3195 1821 putas
3218 1791 3234 1817 ,
3262 1751 3526 1809 sustinuit

1940 1859 2004 1901 ea
2032 1860 2151 1917 qure
2183 1860 2372 1916 passus
2397 1843 2520 1902 est?
2560 1846 3018 1918 quemadmodum
3053 1844 3295 1901 charitas
3338 1843 3524 1900 omnia

247 1932 543 1990 Abrahae:
583 1930 707 2002 quia
748 1940 930 1984 autem
965 1929 1290 2000 completum
1324 1936 1727 1983 sacramentum
1759 1934 1845 1981 est

1955 1940 2197 1996 sustinet.
2244 1937 2313 1994 Et
2354 1939 2509 2010 pueri
2558 1938 2778 2009 quidem
2813 1944 3221 2003 remanserunt,
3263 1936 3526 2007 praecepit

248 2026 439 2083 trium
460 2025 691 2087 dierum,
716 2031 771 2079 et
795 2023 954 2077 trium
985 2020 1250 2085 noctium,
1271 2028 1530 2075 ostensus
1558 2025 1644 2073 est
1669 2016 1840 2085 locus,
1875 2006 1919 2061 Β
1944 2031 2088 2088 enim
2128 2006 2414 2101 domum};
2440 2006 2716 2087 Aha—bam
2742 2042 2925 2087 autem
2953 2030 3233 2103 accipiens
3264 2006 3441 2101 ignem
3472 2038 3531 2085 ει

247 2117 496 2175 advenit
525 2123 582 2170 et
626 2125 838 2182 tempus
870 2130 888 2171 :
923 2109 1062 2168 forte
1096 2119 1276 2165 autem
1316 2110 1522 2179 putatis
1560 2108 1672 2178 jam
1703 2106 1838 2161 libe-

252 2220 395 2264 rum
446 2218 568 2261 esse
607 2218 638 2257 a
683 2200 989 2258 certamine
1022 2199 1384 2255 tentationum
1427 2198 1727 2253 Abraham.
1774 2195 1844 2250 Et

250 2305 424 2357 certe
448 2306 708 2367 quantum
744 2294 1068 2364 propinquat
1107 2300 1340 2362 tempus,
1373 2300 1586 2344 tantum
1621 2290 1843 2344 tentatio

254 2389 618 2464 protenditur
642 2388 780 2458 ejus.
816 2386 885 2441 Et
909 2385 1181 2440 Abraham
1210 2383 1338 2438 dicit
1361 2384 1427 2437 ad
1452 2397 1651 2453 pueros
1678 2399 1693 2436 :
1724 2380 1845 2435 Ma-

257 2492 389 2541 tuta
412 2479 533 2546 hic;
563 2495 656 2550 ego
682 2487 857 2531 autem
893 2485 945 2529 at
980 2474 1126 2545 ﬁlius
1146 2474 1487 2529 ascendentes
1510 2473 1564 2527 in
1594 2483 1842 2539 montem,

259 2580 554 2628 adorantes
584 2570 926 2624 remeabimus
953 2568 1021 2622 ⁸⁷.
1054 2566 1260 2622 Timuit
1287 2567 1459 2630 enim,
1494 2579 1561 2620 ne
1591 2564 1741 2633 pueri
1778 2564 1845 2617 ad

262 2665 550 2722 dominum
588 2660 837 2716 allectum
866 2661 1147 2726 habentes,
1195 2666 1251 2713 et
1294 2656 1528 2710 maxime
1559 2655 1628 2709 ad
1660 2655 1847 2727 unige-

264 2754 469 2819 nitum,
513 2752 886 2823 prohiberent.
916 2748 1075 2803 Certe
1119 2747 1245 2817 quia
1275 2759 1548 2815 nunquam
1583 2744 1848 2801 Dominus

265 2842 609 2901 sacriﬁcium
641 2838 874 2895 hominis
900 2837 1056 2909 petit.
1090 2836 1391 2892 Audierant
1431 2844 1613 2891 autem
1645 2835 1771 2905 quia
1794 2845 1850 2890 et

266 2935 573 2993 secundum
640 2931 1058 3003 promissionem
1132 2928 1277 2984 Deus
1338 2928 1635 2982 donaverat
1700 2927 1851 2983 lsaac

271 3029 550 3085 Abrahae:
594 3026 865 3080 intuentes
898 3036 1028 3079 vero
1062 3028 1118 3076 et
1150 3028 1365 3077 aetatem
1394 3020 1629 3076 Abrahte
1663 3020 1717 3075 in
1744 3020 1851 3075 alio

271 3118 386 3188 jam
406 3124 646 3185 tempore
671 3104 1021 3169 constitutam
1048 3127 1066 3167 :
1098 3111 1222 3181 quia
1243 3110 1407 3188 igitur
1421 3124 1527 3165 non
1546 3109 1852 3165 consentie—

280 3186 413 3267 Dant
435 3209 552 3281 (eo)
575 3206 788 3278 negotio
814 3206 904 3261 his-
922 3219 1041 3275 quae
1068 3186 1585 3295 faciebatA‘raham
1612 3204 1855 3275 :possiut

1943 2119 2085 2192 ligna
2115 2129 2171 2175 et
2206 2120 2477 2193 gladium,
2506 2119 2754 2175 ascendit
2780 2135 2903 2175 cum
2936 2118 3072 2184 tilio,
3121 2119 3237 2189 ipse
3276 2116 3388 2173 ﬁlio
3425 2131 3525 2171 suo

1947 2213 2230 2284 imponens
2262 2210 2425 2281 ligna.
2468 2209 2537 2265 Et
2567 2219 2715 2267 certe
2758 2208 2964 2265 scimus
2994 2208 3271 2264 Abraham
3314 2222 3410 2277 per
3437 2221 3526 2262 se-

1948 2306 2242 2377 metipsum
2314 2302 2544 2360 vitulum
2616 2314 2923 2376 portantem
2995 2305 3063 2360 ad
3123 2305 3524 2374 susceptionem

1947 2414 2134 2456 eorum
2167 2399 2258 2468 qui
2295 2401 2648 2454 advenerant.
2675 2398 2816 2464 Quid
2844 2410 3025 2454 autem
3053 2413 3197 2454 nunc
3226 2413 3326 2453 nec
3351 2396 3527 2466 parti-

1950 2506 2039 2550 tus
2063 2509 2186 2550 cum
2218 2492 2331 2548 lilio
2356 2493 2567 2564 pondus
2605 2501 2710 2552 est.
2748 2492 2845 2547 sed
2873 2492 3055 2546 omnia
3083 2490 3228 2561 ligna
3267 2490 3533 2559 imposuit

1948 2586 2079 2650 tilio,
2110 2584 2297 2639 volens
2350 2584 2460 2654 jam
2497 2592 2780 2652 acceptum
2815 2582 3016 2637 habere
3058 2582 3292 2637 donum?
3318 2580 3529 2652 signiti-

1948 2675 2109 2732 cahat
2136 2684 2314 2731 autum
2338 2676 2464 2747 quia
2493 2676 2719 2746 incipiet
2746 2675 3036 2740 immolari,
3067 2672 3524 2745 quemadmodum

1950 2778 2169 2841 portare
2199 2783 2419 2825 crucem
2454 2783 2553 2839 per
2592 2768 2968 2840 semetipsum.
2995 2767 3131 2824 Cum
3170 2775 3351 2822 autem
3376 2779 3530 2835 pro.

1950 2868 2197 2915 moveret
2226 2858 2355 2923 iter,
2390 2868 2446 2914 et
2482 2867 2871 2928 agnosceretur
2909 2857 3110 2912 montis
3136 2870 3429 2921 cacumen,
3471 2862 3530 2911 et

1952 2952 2093 3022 ignis
2137 2952 2191 3005 in
2222 2950 2420 3015 medio,
2457 2958 2510 3006 et
2537 2949 2680 3019 ligna
2722 2949 2777 3003 in
2808 2946 2950 3005 collo
2980 2946 3136 3004 Isaac
3168 2945 3529 3013 haberentur,

1953 3050 2005 3095 et
2030 3040 2590 3113 gladiusappareret;
2635 3038 2789 3094 lsaac
2814 3037 3054 3109 undique
3082 3035 3345 3108 prudens,
3376 3035 3522 3105 quod

1957 3131 2045 3186 alii
2081 3132 2232 3202 pueri
2264 3146 2369 3189 non
2401 3131 2609 3197 dixere,
2642 3132 2745 3186 istc
2778 3130 3009 3201 requirit
3042 3144 3071 3183 a
3120 3136 3295 3197 patre.
3332 3125 3537 3185 Tenta-

1957 3224 2156 3277 tionem
2185 3229 2371 3290 utpote
2407 3235 2571 3290 quam
2612 3220 2849 3275 habebat
2882 3228 3057 3287 pater,
3092 3217 3368 3287 eloquitur
3410 3217 3534 3273 dul-

277 3300 423 3396 ουξω
456 3300 638 3396 dicem
676 3316 689 3353 ε
736 3298 864 3396 (μιξά
901 3295 1062 3396 οπειξδ
1097 3298 1206 3352 Deo
1236 3296 1409 3396 ῦιῑξηη
1460 3312 1567 3396 που
1604 3296 1851 3365 Peleu“?
1880 3337 1925 3396 ε
1959 3314 2207 3378 cissima,
2239 3322 2333 3367 aut
2366 3312 2547 3381 potius
2586 3312 2721 3365 dura
2767 3322 2904 3366 voce
2952 3326 2966 3362 :
2996 3308 3171 3380 magis
3203 3316 3386 3364 autem
3420 3322 3530 3363 non

277 3392 403 3463 quis
425 3392 570 3447 enim
594 3399 651 3447 et
670 3400 798 3445 ante
824 3389 1004 3459 ipsum
1020 3388 1294 3456 iustorum
1323 3388 1425 3463 hoc
1447 3395 1542 3443 aut
1561 3402 1726 3443 ausus
1747 3397 1854 3454 est,

281 3460 379 3537 aut
402 3488 615 3535 tentare
646 3492 813 3534 ausus
844 3476 968 3533 est?
996 3479 1065 3531 ob
1097 3490 1263 3546 quam
1291 3460 1435 3551 enim
1470 3490 1686 3530 causam
1710 3486 1858 3545 petat

288 3569 434 3625 Deus
456 3583 604 3635 eum,
635 3580 796 3639 quem
839 3562 1103 3620 donavit?
1144 3578 1243 3618 cur
1274 3556 1455 3620 autem
1483 3570 1538 3617 ct
1567 3562 1858 3618 transferat

288 3661 432 3719 Deus
453 3658 984 3731 promissionessuas
1000 3656 1025 3708 ‘l
1052 3664 1111 3711 ut
1137 3656 1267 3725 quid
1289 3646 1469 3710 autem
1500 3664 1555 3711 et
1576 3653 1757 3720 dedit,
1800 3665 1859 3709 ut

282 3763 339 3811 et
362 3752 613 3820 accipiat,
639 3763 801 3819 quem
838 3746 1101 3802 indulsit?
1134 3746 1245 3802 Hos
1275 3746 1630 3803 rationabiles
1655 3746 1859 3818 cogita-

284 3856 372 3900 tua
396 3846 595 3900 timens
618 3841 919 3906 Abraham,
954 3838 1198 3911 praecipit
1226 3839 1411 3910 pueris
1434 3848 1775 3910 exspectare,
1803 3847 1859 3894 et

284 3951 469 3993 secum
516 3949 624 3991 non
665 3938 993 3998 ascendere,
1030 3946 1099 3987 ne
1134 3932 1261 4002 quis
1302 3931 1373 3986 ob
1421 3944 1657 3987 amorem
1708 3932 1859 3989 lsaac

287 4028 530 4082 mitteret
574 4038 827 4091 manum,
864 4034 921 4079 et
970 4022 1367 4077 contaminaret
1410 4020 1857 4078 immolationem.

283 4117 425 4187 Quid
454 4126 634 4172 autem
675 4115 803 4185 quia
833 4122 889 4170 et
916 4113 1091 4184 ipsam
1127 4111 1341 4176 Saram,
1374 4127 1535 4179 quam
1566 4123 1697 4182 puto
1726 4112 1861 4168 nihil

289 4207 513 4263 latuisse
537 4220 771 4276 unquam
793 4220 914 4273 qua:
939 4204 1212 4259 Abraham
1248 4203 1556 4273 cogitabat?
1580 4204 1695 4259 haec
1716 4204 1860 4257 enim

286 4299 620 4355 conscientia
646 4298 759 4367 ipsa
788 4296 1061 4352 aestimare
1086 4310 1183 4350 nos
1211 4294 1360 4359 facit,
1386 4309 1508 4364 qua:
1537 4294 1591 4347 in
1622 4293 1716 4349 illo
1744 4302 1864 4350 erat

288 4390 561 4463 eoujugio.
593 4388 686 4444 llla
716 4405 877 4459 quam
918 4388 1049 4443 nihil
1082 4388 1238 4442 latuit
1265 4401 1504 4457 unquam
1539 4400 1659 4455 quas
1684 4388 1859 4442 Abra-

291 4486 416 4538 ham
456 4481 665 4546 facere,
700 4490 792 4536 aut
836 4495 1056 4534 movere
1092 4479 1382 4542 voluisset,
1427 4479 1511 4532 vel
1556 4478 1800 4546 cogitare
1844 4497 1859 4535 :

290 4575 379 4632 illa
406 4575 674 4646 ignoravit
701 4573 829 4644 quia
856 4572 1167 4642 unigenitus
1191 4571 1332 4638 ejus,
1376 4569 1482 4626 illia
1522 4571 1723 4626 sterilis
1750 4570 1863 4625 iru-

1961 3414 2170 3463 tantum
2209 3419 2395 3475 grave,
2427 3410 2688 3473 quantum
2714 3400 2893 3457 dulce.
2929 3398 3089 3455 Pater
3113 3400 3282 3467 enim,
3316 3400 3490 3469 inquit
3518 3417 3535 3455 :

1959 3494 2157 3552 suﬂicit
2188 3496 2294 3551 hoc
2319 3496 2385 3550 ad
2414 3492 2738 3549 ﬂectendum
2770 3501 2980 3562 patrem
3024 3511 3041 3549 :
3088 3491 3291 3563 quique
3318 3502 3374 3547 et
3402 3505 3536 3547 con-

1953 3570 2134 3663 j‘ungit
2163 3586 2265 3641 alia
2294 3597 2350 3642 et
2374 3586 2504 3640 dicit
2537 3602 2553 3639 :
2594 3584 2727 3639 Ecce
2765 3586 2926 3654 ignis.
2959 3600 3081 3639 ecce
3123 3585 3289 3655 ligno,
3338 3583 3428 3637 tibi
3462 3589 3541 3638 cat

1958 3680 2071 3732 ovis
2114 3680 2170 3732 in
2204 3676 2530 3745 sacriﬁcium
2575 3676 2663 3729 ⁸⁸2
2693 3675 2828 3744 Quis
2873 3676 3013 3731 alius
3062 3685 3332 3746 portasset
3372 3672 3537 3728 istam

1961 3768 2183 3824 vocem?
2230 3766 2309 3822 Ex
2361 3766 2481 3821 aliis
2526 3766 2746 3837 quidem
2796 3766 3108 3822 hominibus
3148 3763 3349 3819 nullus.
3390 3760 3545 3819 Iuste

1959 3873 2088 3929 ergo
2134 3858 2277 3913 Deus
2326 3857 2600 3912 Abraham
2650 3855 2859 3913 dilexit.
2909 3853 3305 3911 Adamantinus
3353 3861 3539 3909 autem

1959 3949 2071 4015 ille,
2115 3947 2378 4020 unigeniti
2425 3946 2507 4002 sui
2560 3946 2811 4019 sagittam
2864 3946 3161 4015 accipiens,
3210 3959 3317 3999 non
3363 3944 3539 4000 tacuit

1962 4038 2163 4107 ferens,
2195 4040 2291 4094 sed
2322 4039 2494 4108 potuit
2517 4036 2683 4106 loqui,
2711 4034 2887 4107 potuit
2911 4036 3260 4105 respondere,
3281 4041 3338 4088 et
3362 4045 3540 4102 neque

1961 4130 2199 4201 linguam
2225 4128 2425 4184 oilendi
2456 4129 2708 4183 dentibus
2740 4144 2755 4180 :
2792 4135 3017 4196 potuere
3046 4134 3231 4181 autem
3260 4132 3316 4180 et
3346 4122 3541 4177 dentes

1963 4222 2164 4296 aperiri
2193 4231 2250 4278 et
2276 4224 2408 4277 dare
2438 4219 2674 4291 spatium
2709 4219 2905 4290 lingua:
2944 4233 2960 4273 :
2998 4218 3093 4273 sed
3128 4231 3228 4273 nec
3262 4215 3403 4271 forte
3433 4216 3543 4270 ista

1964 4316 2148 4371 dicere
2174 4318 2241 4371 de
2270 4313 2361 4368 illo
2388 4313 2594 4368 licitum
2625 4321 2729 4367 est.
2758 4310 2875 4366 Non
2901 4311 3051 4369 enim
3078 4325 3147 4367 ex
3182 4308 3268 4368 his
3296 4322 3417 4378 qua:
3441 4320 3543 4362 nos

1964 4408 2223 4478 patimur,
2254 4406 2398 4462 illius
2437 4406 2695 4459 virtutem
2740 4416 3064 4459 accusemus
3099 4418 3115 4456 :
3150 4401 3247 4457 sed
3286 4408 3344 4455 et
3381 4398 3546 4456 latus

1966 4501 2348 4569 et'exsultans,
2398 4510 2520 4557 erat
2570 4501 2716 4555 enim
2772 4497 3088 4563 Abraham,
3146 4492 3426 4566 respondit
3478 4492 3549 4547 ad

1966 4594 2135 4650 ﬁlium
2162 4611 2269 4652 non
2302 4595 2594 4652 crudeliter
2625 4608 2802 4665 neque
2827 4593 3142 4655 inhumane,
3174 4588 3270 4649 sed
3297 4586 3550 4652 religiose

289 4676 430 4730 ctus,
466 4665 557 4721 ille
587 4681 654 4720 ex
685 4666 957 4737 insperato
992 4664 1166 4728 (ilius,
1203 4665 1290 4719 ille
1323 4665 1415 4734 qui
1466 4674 1621 4719 extra
1650 4671 1851 4717 aetatem

1968 4694 2023 4739 et
2051 4685 2182 4754 pie:
2228 4684 2357 4740 dicit
2380 4686 2525 4739 enim
2568 4686 2633 4740 ad
2685 4664 2855 4743 lilium
2898 4699 2914 4738 :
2954 4682 3210 4737 Dominus
3256 4679 3551 4749 providebit

291 4767 611 4829 procreatus
640 4768 725 4813 est
760 4776 773 4812 :
811 4757 901 4811 illa
935 4758 1201 4828 ignoravit
1245 4758 1371 4827 quia
1410 4757 1522 4811 Deo
1549 4755 1859 4821 oﬂerretur,

291 4850 382 4921 qui
411 4848 709 4905 donaverat
743 4866 758 4903 :
792 4861 849 4902 ut
881 4862 985 4902 non
1015 4848 1159 4902 sicut
1191 4845 1483 4916 aliquando
1506 4847 1625 4900 risit
1657 4848 1863 4915 impor-

292 4953 419 4996 tune
445 4941 498 4994 in
527 4938 885 5009 promissione
906 4939 1044 5009 ejus,
1067 4948 1121 4993 et
1145 4952 1288 4992 nunc
1314 4937 1534 5008 plorans
1558 4938 1865 5007 importune

293 5031 576 5101 impediret
603 5030 1029 5085 immolationem
1065 5048 1077 5084 :
1113 5027 1208 5083 sed
1245 5028 1407 5083 tacita
1447 5043 1535 5083 res
1574 5038 1660 5083 est
1698 5038 1753 5083 et
1795 5029 1861 5083 ad

294 5121 506 5178 Saram.
542 5120 621 5175 ita
654 5121 799 5176 enim
832 5118 1039 5174 sciebat
1080 5128 1134 5172 et
1162 5118 1470 5185 Abraham,
1502 5127 1556 5172 et
1582 5127 1707 5172 ante
1748 5134 1865 5172 mu-

294 5214 520 5278 lierem,
571 5221 625 5267 et
666 5212 857 5266 Saram
907 5212 1291 5280 praebonorare
1348 5210 1439 5264 Dei
1493 5220 1862 5279 praeceptum;

297 5302 504 5361 sciebat
532 5312 711 5359 autem
742 5312 797 5357 et
828 5312 951 5357 ante
994 5301 1329 5371 unigenitum
1373 5317 1531 5356 suum
1556 5341 1572 5366 ,
1618 5317 1741 5357 eum
1770 5304 1863 5372 qui

297 5397 593 5452 donaverat
624 5397 916 5450 honorare.
952 5395 1061 5451 Sed
1097 5410 1272 5465 neque
1301 5395 1337 5448 ii
1371 5393 1463 5462 qui
1498 5394 1604 5447 iter
1640 5407 1762 5449 cum
1800 5408 1866 5447 eo

297 5489 567 5557 iecerant,
625 5491 868 5547 sciebant
918 5492 1276 5563 mysterium,
1332 5490 1425 5545 sed
1480 5502 1867 5545 sacramentum

308 5599 465 5639 nsunt
485 5626 500 5649 ,
529 5584 725 5654 inquit,
760 5584 910 5641 mihi.
938 5583 1146 5638 Tamen
1190 5584 1415 5654 cupiens
1439 5581 1715 5637 Abraham
1744 5598 1871 5637 sua-

301 5677 425 5732 Jcre
452 5677 632 5745 pueris
659 5685 719 5730 ut
759 5686 1139 5743 remanerent,
1171 5676 1384 5732 locutus
1422 5686 1505 5732 est
1548 5676 1601 5731 id
1641 5676 1708 5730 ad
1751 5690 1866 5740 eos,

304 5767 440 5841 quod
472 5781 572 5823 nec
599 5768 713 5837 ipse
748 5770 1016 5838 speravit,
1059 5784 1157 5823 nec
1198 5769 1365 5824 sensit
1402 5787 1415 5823 :
1458 5768 1589 5824 dicit
1627 5769 1769 5825 enim
1803 5770 1869 5826 ad

364 5882 411 5915 ’ν
434 5880 571 5937 Gen.
596 5898 734 5947 mi,
756 5883 809 5938 5.
872 5884 916 5916 "
938 5883 1071 5940 Gen.
1099 5899 1234 5949 xxii,
1264 5884 1317 5937 7.
1373 5885 1419 5917 ι’
1444 5884 1573 5942 ibid.
1594 5886 1650 5945 8.

370 5972 482 6045 (10)
520 5973 761 6047 Negotia.
793 5974 959 6034 Forte
989 5982 1213 6049 negotia,
1248 5991 1351 6033 res.

1967 4791 2113 4830 ovem
2137 4774 2399 4844 sacriﬁcio
2429 4791 2549 4840 suo,
2581 4775 2659 4842 [ili
2682 4774 2747 4828 ι’.
2774 4772 2915 4829 Ecce
2943 4770 3045 4831 alia
3085 4769 3370 4841 prophetia
3391 4806 3407 4833 ,
3434 4782 3553 4837 qua:

1969 4865 2038 4921 ab
2066 4882 2131 4923 eo
2164 4868 2256 4937 qui
2286 4867 2497 4922 locutus
2522 4877 2648 4935 est,
2680 4866 3033 4935 ignorabatur
3068 4881 3082 4917 :
3114 4862 3423 4933 oppositum
3457 4876 3554 4913 au-

1969 4964 2078 5011 tem
2104 4966 2223 5011 erat
2248 4957 2390 5027 quod
2416 4957 2515 5022 ait,
2548 4956 2809 5012 Dominus
2833 4954 3126 5026 providebit
3157 4969 3300 5007 ovem
3340 4948 3554 5021 sacriﬁ-

1971 5050 2053 5102 cio
2085 5066 2203 5113 suo,
2245 5047 2346 5117 ﬁli.
2392 5048 2546 5103 Sicut
2577 5049 2722 5105 enim
2758 5048 2848 5104 ille
2878 5047 3144 5117 incipiens
3174 5059 3423 5099 sermone
3453 5046 3550 5107 ait,

1970 5154 2121 5213 pater
2146 5158 2166 5196 :
2194 5145 2269 5197 ita
2309 5145 2411 5199 iste
2435 5143 2765 5212 consignans
2796 5141 3043 5207 verbum,
3085 5140 3234 5203 dicit,
3258 5138 3356 5207 ﬁli.
3387 5136 3552 5190 Audi-

1973 5239 2051 5291 vit
2078 5252 2255 5298 ovem,
2293 5247 2347 5291 et
2392 5236 2600 5306 accepit
2633 5246 2691 5290 ut
2736 5251 2766 5288 a
2810 5242 2990 5304 patre,
3021 5243 3204 5288 certus
3238 5232 3367 5301 quia
3406 5232 3552 5297 quod

1977 5331 2253 5386 inventum
2327 5330 2544 5385 interim
2619 5343 2726 5382 nou
2783 5336 2942 5394 erat,
3000 5326 3354 5380 inveniretur.
3410 5320 3553 5377 Cum

1974 5432 2155 5479 autem
2200 5424 2577 5491 pervenissent
2623 5422 2689 5475 ad
2744 5422 2955 5485 locum,
3016 5417 3321 5474 aedificabat
3380 5416 3556 5469 Abra-

1976 5515 2101 5568 hatn
2143 5512 2402 5569 festinans
2431 5514 2623 5578 altare,
2683 5524 2734 5569 et
2784 5529 2910 5569 cum
2951 5510 3368 5572 construxisset,
3405 5522 3558 5563 men-

1980 5608 2133 5661 titur.
2178 5609 2243 5661 ad
2293 5607 2461 5660 lilium
2524 5605 2881 5676 promissione
2927 5604 3041 5676 (Si)
3106 5618 3228 5672 qua:
3294 5615 3389 5670 per
3446 5598 3557 5655 lin-

1977 5711 2135 5767 guatn
2179 5696 2355 5752 fuerat
2410 5696 2577 5753 facta.
2612 5711 2719 5752 non
2785 5705 2964 5751 tamen
3020 5710 3141 5750 eam
3199 5708 3321 5764 qua:
3352 5692 3402 5745 in
3434 5705 3560 5747 cor-

1979 5794 2047 5849 de
2122 5800 2237 5846 erat
2314 5791 2595 5848 absconsa.
2662 5790 2728 5844 Et
2787 5788 3000 5845 accedit
3064 5792 3221 5857 pater
3283 5784 3568 5841 Abraham

2050 5976 2161 6044 (Ξὶ)
2196 5971 2573 6032 Bromiasioue.
2600 5974 2679 6031 An
2702 5969 3140 6030 promissionem?
