4000 6432
592 442 726 500 1079

1252 436 1517 496 ευεεΒιι
1555 439 1665 500 (ἷᾶιί
1674 436 2036 497 SABIENSIS
2064 437 2120 497 Ο]

2254 436 2434 492 PARS
2471 435 2563 492 IV.
2601 465 2671 477 —
2704 433 3119 492 DOCMATICA.

3688 437 3830 498 ηοω

589 572 643 619 et
682 561 886 616 accedit
913 560 980 612 ad
1002 552 1172 623 Isaac,
1211 566 1266 613 et
1306 558 1436 631 ligat
1470 574 1485 612 :
1520 559 1688 616 lilium
1720 560 1989 623 Abraham
2023 558 2143 627 liga.
2174 561 2222 617 Α
2252 558 2475 609 tionem.
2506 554 2728 625 Accepit
2773 552 3049 609 Abraham
3090 553 3387 607 secundum
3434 551 3632 607 Blium.
3656 551 3827 613 Putas

590 654 686 718 vit,
712 666 771 707 ut
797 666 893 705 nec
916 649 1199 719 palpitans,
1226 664 1325 705 nec
1346 664 1405 703 se
1432 665 1655 706 movens
1685 653 1921 707 turbaret
1953 651 2145 703 immo-

588 743 861 799 lationem.
884 740 1023 808 Quo,
1055 752 1231 812 putas,
1258 741 1410 796 vultu
1434 743 1756 812 respiciebat
1785 743 1949 797 tilium
1977 742 2149 803 Abra-

587 834 747 891 ham?
774 834 897 904 quis
928 835 976 888 ei
1013 842 1133 893 erat
1173 833 1361 889 color?
1407 836 1852 905 quemadmodum
1883 835 2001 889 sine
2031 842 2145 889 tre-

583 938 735 981 more
774 939 968 979 manus
996 924 1399 989 operabantur‘l
1435 926 1581 993 quis,
1626 933 1805 995 putas,
1859 934 1985 979 tunc
2030 933 2147 978 erat

583 1010 734 1070 Isaac
763 1014 815 1069 in
847 1016 932 1070 his
960 1019 1302 1078 constitutus,
1337 1024 1522 1071 tacens
1578 1024 1670 1068 aut
1705 1013 1968 1082 loquens?
1996 1013 2148 1069 Scri—

581 1114 737 1175 ptura
756 1107 896 1161 enim
938 1106 1038 1161 hoc
1072 1107 1259 1161 tacuit.
1287 1106 1451 1173 Putas
1490 1106 1611 1176 quia
1641 1106 1800 1175 justis
1831 1107 1882 1160 in
1914 1105 1998 1160 his
2031 1119 2146 1160 scr-

582 1198 831 1254 mon’ibus
866 1213 995 1253 usus
1018 1197 1140 1252 est?
1162 1196 1281 1253 Noli
1310 1198 1454 1253 enim
1482 1199 1760 1254 attendere
1793 1198 1839 1253 si
1864 1212 2017 1267 puer,
2048 1198 2143 1252 sed

581 1288 705 1355 quia
740 1289 889 1344 Isaac
917 1298 1038 1344 erat
1076 1287 1219 1361 [ilius
1244 1290 1496 1345 Abrabe.
1542 1290 1706 1344 Putas
1753 1304 1863 1343 non
1896 1290 2031 1342 dixit
2074 1289 2141 1343 ad

580 1387 791 1448 patrem
839 1398 853 1433 :
887 1383 1105 1449 quando
1129 1381 1270 1436 Deus
1296 1380 1621 1437 sacriﬁcium
1670 1378 1946 1433 hominum
1981 1379 2141 1446 depo-

577 1467 728 1522 scit?
755 1470 885 1540 quid
920 1470 1093 1526 lacis?
1118 1472 1314 1527 donum
1355 1484 1473 1525 sum
1508 1470 1598 1527 Dei
1644 1471 1805 1527 :sine
1828 1469 2139 1539 penitentia

577 1564 707 1610 sunt
732 1572 852 1626 qua
883 1573 913 1613 a
953 1557 1063 1615 Deo
1088 1568 1212 1614 sunt
1240 1560 1378 1614 dona
1410 1576 1425 1612 :
1453 1557 1581 1631 quid
1608 1558 1822 1627 spernis
1863 1558 2095 1629 gratiam
2116 1558 2145 1611 ἲ

2253 647 2522 711 tristatus,
2566 646 2693 714 quia
2734 661 2871 710 \non
2931 643 3160 714 perfecit
3208 654 3519 714 promptum
3577 647 3825 700 animum

2254 738 2454 792 suum?
2484 737 2579 811 sed
2635 737 2907 791 Abraham
2941 746 3046 797 est,
3091 737 3265 791 nescit
3316 737 3548 793 tristari.
3604 737 3828 805 Ignorat

2246 827 2598 897 praescribere
2624 827 2675 881 id
2700 827 2842 894 quod
2885 826 3124 893 gaudens
3154 828 3362 894 accepit
3390 843 3404 878 :
3436 842 3541 881 non
3568 830 3700 896 quia
3721 843 3825 883 non

2246 920 2461 975 obtulit.
2494 920 2637 974 Deus
2676 920 2953 988 praecepit,
2999 918 3238 988 gaudens
3284 920 3481 973 obtulit
3515 937 3527 972 :
3564 923 3660 975 sed
3697 921 3823 987 quia

2244 1012 2299 1067 in
2326 1011 2473 1065 nullo
2531 1010 2848 1066 inobediens
2893 1010 3013 1065 fuit.
3068 1004 3169 1063 Ubi
3221 1024 3350 1078 ergo
3397 1020 3484 1064 est
3531 1011 3825 1079 prophetia

2243 1118 2404 1173 quam
2438 1103 2513 1155 ait
2544 1102 2846 1163 Abraham,
2892 1098 3029 1154 Deus
3082 1100 3373 1165 providebit
3415 1101 3691 1168 sacriﬁcio
3730 1116 3823 1153 suo

2242 1194 2424 1249 orent?
2452 1192 2589 1246 Num
2620 1194 2854 1247 otiosum
2886 1192 2990 1244 erit
3038 1190 3241 1243 altare?
3276 1189 3413 1243 Num
3470 1206 3708 1245 vacuum
3746 1202 3825 1247 to-

2244 1292 2353 1339 tum
2385 1282 2526 1352 quod
2555 1284 2753 1336 factum
2793 1284 2911 1337 est?
2936 1282 3071 1349 Quid
3104 1292 3279 1335 autem
3309 1297 3445 1349 opus
3483 1292 3608 1337 erat
3648 1284 3821 1339 videri

2240 1374 2427 1429 indere
2460 1373 2667 1428 Deum?
2694 1373 2749 1428 Si
2778 1373 2921 1428 enim
2952 1375 3051 1428 iste
3080 1374 3295 1443 quidem
3322 1388 3425 1426 non
3464 1371 3820 1439 oﬂ'erelntur,

2241 1464 2385 1520 Deus
2421 1476 2596 1522 autem
2645 1466 2902 1534 praecepit
2947 1480 3070 1520 eum
3117 1464 3325 1529 oll'erri,
3361 1464 3580 1519 oblatus
3612 1474 3817 1531 autem,

2242 1572 2347 1612 non
2375 1567 2461 1611 est
2487 1557 2696 1611 oblatus
2732 1576 2745 1612 :
2781 1558 2910 1626 quid
2935 1558 3301 1612 necessarium
3328 1567 3444 1610 erat
3475 1556 3526 1609 in
3560 1572 3620 1610 re
3648 1574 3662 1610 :
3692 1557 3821 1623 quid

577 1647 708 1715 quid
733 1661 921 1704 contra
962 1650 1289 1706 voluntatem
1324 1649 1577 1705 donantis
1611 1648 1874 1705 interﬁcis
1901 1650 2139 1703 donunt?
2241 1650 2614 1703 necessarium
2666 1648 2833 1704 erat?
2874 1649 3159 1717 oportebat
3222 1648 3562 1716 prefermari
3605 1647 3818 1703 Novum

580 1736 745 1793 Erant
782 1742 942 1795 multa
971 1758 1093 1812 qua
1142 1742 1473 1799 dicerentur.
1508 1738 1618 1795 Cur
1642 1750 1821 1792 autem
1863 1748 1918 1792 et
1968 1747 2140 1793 mater
2241 1737 2649 1794 Testamentum
2685 1755 2714 1792 a
2740 1738 2935 1793 Vetere
2957 1739 3053 1795 Νι
3073 1739 3213 1805 apud
3235 1737 3449 1792 indutos
3479 1739 3704 1805 quidem
3731 1748 3821 1793 ant

578 1846 685 1884 non
714 1833 964 1902 agnovit?
983 1835 1027 1887 si
1054 1834 1195 1887 enim
1224 1832 1544 1889 rationabile
1568 1840 1653 1886 est
1677 1831 1821 1899 quod
1847 1830 1932 1896 iit,
1955 1846 2057 1885 cur
2083 1839 2138 1883 et
2172 1893 2210 1902 _
2242 1844 2410 1897 parva
2439 1829 2792 1883 inveniuntur
2826 1829 2928 1884 ista
2957 1837 3049 1882 aut
3072 1832 3269 1882 otiosa.
3294 1829 3348 1882 Si
3391 1840 3575 1883 autem
3608 1829 3818 1885 Novum

576 1938 605 1975 a
636 1893 802 1977 servis
832 1922 1163 1980 abscondisti
1185 1924 1210 1977 ἓ
1232 1923 1275 1977 si
1300 1932 1479 1977 autem
1507 1932 1559 1976 et
1583 1893 1846 1979 hec-fieri
1893 1893 2133 1983 deberet,
2171 1893 2214 1948 Β
2243 1893 2482 1973 additum
2540 1918 2703 1973 fuerit
2746 1918 3177 1983 Testamentum,
3208 1929 3262 1972 et
3315 1920 3494 1975 lumen
3551 1922 3821 1977 eﬂ’nlserit

574 2029 671 2067 cur
698 2015 830 2068 mihi
856 2015 954 2083 ipsi
989 2014 1091 2071 hoc
1123 2015 1295 2083 ipsum
1329 2028 1435 2068 non
1468 2011 1641 2081 palam
1680 2013 1857 2066 facere
1885 2010 2138 2066 voluisti?
2242 2024 2461 2075 verum;
2492 2010 2782 2065 utilissima
2812 2021 2866 2066 et
2914 2026 3019 2066 non
3057 2011 3252 2074 Otiose,
3294 2021 3350 2065 et
3400 2014 3719 2067 necessaria
3765 2022 3820 2067 et

571 2105 1001 2175 promissionem,
1034 2120 1195 2174 quam
1236 2103 1418 2159 dixisti
1452 2103 1674 2171 exigens
1704 2122 1717 2157 :
1755 2103 1931 2157 dixisti
1965 2103 2137 2168 enim,

571 2195 694 2264 quia
726 2195 865 2249 Deus
893 2212 1032 2250 orent
1058 2196 1344 2264 proridebit
1370 2195 1632 2264 sacriﬁcio
1656 2211 1751 2249 suo
1780 2212 1798 2248 :
1839 2194 2010 2249 ﬁdelis
2052 2210 2135 2259 es,

572 2285 739 2341 redde
788 2286 1021 2342 fructum
1070 2286 1228 2350 ﬁdei,
1292 2297 1494 2357 utpote,
1555 2302 1673 2356 quae
1721 2286 1926 2342 dixisti.
1970 2287 2136 2341 Erant

569 2380 734 2434 multa
770 2396 887 2450 quae
920 2382 1243 2436 dicerentur.
1301 2381 1366 2435 Et
1408 2397 1517 2437 non
1547 2382 1733 2451 utique
1776 2396 1840 2435 ea
1886 2395 2005 2451 qua:
2034 2395 2134 2435 nos

568 2468 796 2526 dicimus
830 2491 842 2524 :
870 2470 987 2538 ipsa
1011 2470 1223 2526 etiamsi
1260 2486 1364 2525 non
1389 2471 1494 2525 sint
1524 2472 1749 2541 scripta.
1771 2470 1880 2539 jam
1911 2485 2009 2524 nos
2036 2472 2134 2525 δύο

564 2559 769 2615 ducunt
795 2560 860 2614 ad
889 2576 1023 2615 rem.
1062 2560 1300 2614 Movetur
1329 2561 1472 2616 enim
1504 2576 1704 2617 sensus
1736 2572 2132 2631 consequenter

560 2660 625 2705 nt
676 2665 795 2704 sese
840 2652 1110 2719 negotium
1164 2652 1349 2717 habet,
1380 2663 1437 2708 et
1468 2652 1821 2707 advenientes
1854 2667 2048 2708 sensus
2074 2653 2129 2707 in

562 2743 658 2799 ilio
685 2753 812 2799 tunc
847 2755 1085 2813 tempore
1117 2744 1169 2799 in
1209 2760 1317 2816 quo
1346 2745 1461 2799 haec
1489 2746 1786 2813 agebantur
1810 2749 2125 2817 cogitemus.

560 2831 621 2888 Si
653 2832 822 2888 tacuit
856 2830 1032 2896 isaac,
1073 2834 1296 2899 grandis
1326 2833 1616 2889 admiratio
1649 2844 1732 2888 est
1775 2852 1789 2889 :
1836 2835 1881 2888 si
1914 2834 2130 2891 dicebat

560 2922 759 2977 iterum
794 2922 1017 2997 aliquid,
1049 2924 1152 2979 alia
1184 2924 1492 2980 admiratio.
1526 2926 1993 2993 Quemadmodum
2030 2943 2127 2993 po»-

557 3016 662 3070 tuit
712 3016 982 3071 sustinere
1034 3016 1223 3086 pater?
1275 3016 1541 3085 quomodo
1588 3018 1881 3072 currebant
1933 3032 2127 3073 manus

557 3105 718 3175 eius?
747 3104 851 3161 Sed
878 3109 995 3162 ista:
1022 3107 1415 3164 admirationes
1452 3108 1503 3162 in
1532 3106 1652 3161 aliis
1687 3108 1996 3164 hominibus
2027 3108 2126 3166 ba-

2238 2117 2344 2157 non
2363 2101 2629 2172 superﬂua
2660 2104 3011 2172 apparebunt.
3031 2100 3087 2156 Si
3114 2104 3258 2157 enim
3284 2112 3339 2157 et
3368 2103 3815 2172 interrogaveri-

2238 2208 2358 2247 raus
2387 2192 2623 2257 Judaeos,
2654 2205 2712 2247 ut
2741 2194 2868 2263 quid
2916 2192 3247 2248 oli‘erebatur
3273 2193 3423 2248 Isaac
3458 2195 3553 2262 qui
3599 2210 3707 2248 non
3735 2202 3818 2249 est

2235 2285 2467 2347 oblatus,
2500 2284 2694 2339 incerti
2723 2293 2850 2339 sunt
2882 2294 2937 2339 et
2972 2286 3362 2353 imprudentes.
3409 2285 3465 2339 Si
3494 2298 3679 2341 autem
3716 2288 3815 2343 Ec-

2234 2376 2400 2434 clesia
2435 2378 2632 2433 dixerit
2664 2394 2784 2447 qua;
2810 2393 2936 2432 vera
2982 2388 3133 2444 sunt,
3166 2380 3291 2448 quia
3325 2381 3537 2433 oblatus
3569 2390 3656 2433 est
3707 2395 3811 2435 non

2234 2478 2293 2522 ut
2326 2466 2635 2531 oﬁ’erretur,
2666 2470 2759 2523 sed
2795 2479 2853 2522 ut
2880 2481 3163 2537 appareret
3190 2472 3314 2539 quia
3354 2472 3473 2524 ovis
3503 2470 3649 2541 ligno
3678 2485 3813 2540 pen-

2234 2559 2397 2616 debat
2427 2576 2523 2629 pro
2550 2562 2787 2627 homine,
2837 2571 2893 2616 ut
2925 2562 3255 2616 liberaretur
3282 2563 3445 2617 homo
3496 2578 3527 2617 a
3586 2571 3808 2620 morte:

2231 2668 2337 2708 nun
2366 2654 2668 2708 concedunt
2716 2655 2873 2709 nobis
2902 2653 3073 2709 ιιιιάιεί
3127 2655 3479 2726 magniﬁcare
3516 2665 3674 2710 vetus
3715 2671 3812 2727 per

2229 2744 2563 2815 agnitionem
2590 2746 2734 2800 novi.
2761 2745 3217 2815 interrogavimns
3242 2747 3385 2800 enim
3402 2762 3518 2810 eos,
3544 2761 3715 2815 quam
3740 2748 3809 2803 ob

2228 2851 2448 2891 causam
2481 2837 2597 2891 inec
2628 2837 2809 2890 omnia
2863 2837 3064 2892 ﬂebant
3109 2852 3124 2890 :
3172 2838 3386 2893 oblatus
3419 2855 3523 2892 non
3553 2837 3805 2895 oﬂ’ertur.

2227 2924 2334 2997 sed
2365 2928 2568 2991 dicent,
2600 2936 2660 2980 ut
2694 2937 3080 2998 agnosceretur
3110 2930 3386 2984 Abraham
3410 2946 3438 2982 a
3476 2928 3610 2985 Deo.
3639 2929 3805 2985 Late-

2226 3000 2318 3073 bat
2343 3020 2486 3073 enim
2513 3034 2635 3073 eum
2674 3030 2728 3075 et
2756 3030 2884 3074 ante
2913 3022 3265 3078 tentationem
3284 3022 3306 3075 'l
3328 3022 3437 3077 Sed
3458 3032 3513 3075 ut
3536 3022 3607 3075 ab
3629 3023 3807 3079 homi-

2226 3107 2407 3163 nibus.
2442 3108 2613 3164 Erant
2640 3109 2761 3178 ejus
2787 3120 2843 3165 et
2875 3111 2996 3166 alia:
3020 3113 3349 3167 tentationes
3370 3114 3618 3182 plurima:
3649 3128 3665 3166 :
3705 3130 3802 3185 pn-

560 3196 757 3253 bentur
788 3216 803 3254 :
840 3198 891 3251 in
922 3197 1194 3253 Abraham
1233 3208 1411 3255 autem
1445 3198 1722 3252 contraria
1743 3206 1865 3251 erat
1887 3197 2121 3253 admira—
2145 3237 2192 3296 ε
2226 3208 2309 3254 tas
2352 3201 2475 3268 quia
2501 3209 2560 3255 ut
2591 3201 2822 3257 sciretur
2869 3202 3000 3257 nihil
3049 3204 3109 3258 tit
3149 3204 3413 3272 amplius?
3448 3214 3507 3259 ut
3559 3206 3804 3262 lucrare-

559 3289 653 3345 tio.
684 3288 837 3344 Finis
859 3298 1038 3344 autem
1064 3289 1335 3345 sermonis
1366 3306 1381 3342 :
1414 3288 1553 3345 forte
1580 3297 1839 3359 urgentur
1865 3289 2123 3348 uniuscu-

554 3380 750 3449 jusque
774 3380 991 3435 viscera
1022 3397 1035 3426 τ
1063 3388 1118 3436 et
1156 3381 1298 3450 quod
1329 3388 1412 3435 est
1441 3381 1743 3435 mirandum
1774 3396 1788 3431 :
1821 3380 1951 3450 quia
1987 3380 2123 3437 certi

554 3482 624 3525 ex
672 3467 967 3540 Scripturis
997 3484 1118 3540 qum
1158 3470 1269 3524 sint
1317 3478 1458 3532 acta,
1487 3480 1541 3523 et
1579 3472 1703 3540 quis
1747 3470 1912 3526 fuerit
1947 3471 2125 3527 exitus

558 3561 897 3630 negotiorum
924 3598 941 3624 ,
999 3569 1253 3629 tanquam
1293 3559 1669 3630 periclitantes
1712 3574 2000 3624 sermone,
2054 3576 2123 3617 ne

552 3649 682 3718 quid
707 3646 848 3702 aliud
872 3648 1180 3719 proveniret
1207 3649 1347 3718 quod
1381 3657 1462 3703 est
1488 3650 1774 3719 scriptum,
1804 3652 1878 3705 ita
1899 3651 2117 3707 solliciti

552 3750 766 3794 sumus.
807 3736 1085 3804 Completa
1131 3736 1352 3792 fuerunt
1391 3738 1625 3793 Abrahae
1666 3740 1848 3793 omnia
1897 3755 2023 3809 qua
2050 3742 2118 3797 ad

550 3827 893 3885 alacritatem
934 3828 1245 3883 tendebant.
1275 3827 1499 3900 Ligatus
1530 3831 1598 3885 ab
1638 3845 1703 3885 eo
1742 3830 1917 3886 fuerat
1950 3832 2113 3897 filius,

548 3928 605 3974 et
622 3918 889 3975 exaltatus
916 3920 968 3972 in
995 3920 1184 3985 altare,
1208 3930 1260 3976 et
1283 3923 1493 3991 positus
1521 3938 1682 3993 supra
1710 3923 1876 3995 ligna,
1897 3933 1953 3979 et
1975 3924 2117 3981 illius

548 4012 779 4079 desuper
813 4010 1060 4080 alligatus
1089 4028 1104 4067 :
1133 4020 1188 4067 et
1214 4022 1366 4081 pater
1400 4012 1557 4067 velox
1583 4029 1739 4068 manu
1766 4014 1998 4083 gladium
2020 4031 2115 4085 ap—

546 4098 852 4169 prehendit.
876 4099 992 4165 Quo
1011 4110 1231 4169 accepto
1252 4103 1575 4171 properabat
1591 4104 1859 4168 occidere,
1883 4120 1989 4176 non
2012 4105 2114 4159 dit;

548 4189 730 4244 t’ereus
764 4192 964 4259 quippe
1003 4190 1341 4245 alacritatem
1365 4206 1430 4246 ac
1456 4193 1677 4246 donum.
1708 4194 2033 4249 Eratantem
2058 4205 2115 4251 et

546 4294 707 4335 manu
742 4289 796 4335 et
826 4281 1107 4336 alacritate
1134 4282 1307 4353 patris
1332 4282 1589 4349 Abrahae,
1611 4284 1700 4338 Dei
1727 4286 1961 4342 velocior
1988 4302 2109 4344 vox.

541 4370 817 4428 Abraham
844 4374 932 4442 qui
968 4372 1255 4428 alacritate
1275 4384 1651 4443 praecesserat,
1674 4386 1946 4444 prmeepto
1974 4392 2111 4446 plae-

540 4475 741 4517 ventus
764 4472 846 4517 est
885 4463 1001 4519 Dei.
1030 4463 1320 4529 Abraham,
1356 4465 1661 4517 Abraham:
1694 4467 1774 4520 bis
1808 4467 1981 4520 utitur
2013 4483 2108 4523 vo-

2227 3303 2349 3344 mur
2375 3289 2467 3357 qui
2494 3299 2617 3357 post
2649 3290 2766 3345 hac
2808 3291 2997 3347 tucrati
3044 3294 3271 3348 sumus?
3299 3293 3435 3361 Quid
3485 3308 3625 3363 opus
3681 3305 3804 3351 erat

2224 3379 2365 3435 ove?
2393 3389 2519 3450 puta
2547 3380 2674 3449 quia
2701 3390 2757 3437 et
2796 3397 2900 3439 ove
2928 3401 2943 3438 :
2974 3400 3073 3440 cur
3123 3401 3231 3440 nan
3269 3397 3454 3443 taurus
3498 3387 3805 3456 apparuit?

2222 3484 2323 3525 cur
2382 3485 2486 3525 non
2539 3486 2702 3542 capra
2748 3484 2841 3528 aut
2876 3475 3120 3531 vitulus?
3149 3493 3248 3532 cur
3296 3493 3406 3531 non
3460 3478 3565 3532 alia
3602 3492 3801 3548 magna

2223 3558 2547 3625 immolatio,
2577 3565 2671 3631 sed
2716 3565 3028 3633 ovisiputa
3081 3572 3204 3636 quia
3258 3568 3395 3622 ovis.
3450 3568 3559 3624 Cur
3594 3584 3703 3624 non
3744 3570 3800 3625 in

2222 3662 2365 3707 terra
2391 3655 2504 3708 visa
2551 3669 2629 3713 est
2664 3658 2821 3714 ovis?
2873 3676 2973 3715 cur
3003 3677 3111 3715 non
3144 3670 3299 3716 extra
3349 3662 3541 3725 altare,
3586 3674 3683 3717 aut
3744 3664 3797 3718 in

2218 3744 2467 3797 cominus
2495 3749 2742 3815 apparuit
2763 3748 2966 3805 altari?
3002 3752 3057 3806 Si
3084 3753 3303 3822 quidem
3337 3751 3619 3808 hominum
3649 3763 3799 3810 esset

2218 3831 2536 3891 adiat-entio
2566 3844 2662 3889 aut
2694 3840 3014 3905 compositio
3066 3840 3134 3896 de
3177 3854 3301 3905 ove,
3329 3844 3621 3911 oportebat
3661 3826 3797 3899 alibi

2218 3921 2476 3979 inveniri.
2506 3923 2564 3980 Si
2594 3935 2773 3983 autem
2806 3928 2949 3984 Deus
2995 3946 3092 3999 pro
3122 3931 3345 3988 homine
3379 3947 3535 3989 ovent
3577 3936 3791 4003 praebe.

2214 4014 2327 4079 bat,
2346 4015 2525 4072 subito
2553 4016 2607 4072 in
2639 4018 2754 4087 ipso
2784 4020 2902 4076 loco
2924 4023 3107 4079 debuit
3134 4024 3224 4077 ubi
3242 4035 3361 4079 erat
3387 4023 3560 4093 isaac,
3587 4028 3639 4080 in
3672 4027 3789 4097 ipse

2212 4106 2408 4165 altare.
2443 4117 2532 4160 aut
2584 4108 2637 4162 in
2676 4120 2837 4175 terra,
2871 4116 3141 4183 autjuxta
3173 4116 3369 4179 altare,
3417 4126 3513 4170 aut
3561 4117 3791 4188 ligatum

2214 4198 2280 4253 ad
2307 4199 2539 4253 radicem
2581 4202 2811 4257 arboris.
2849 4202 3002 4259 Nunc
3036 4216 3216 4260 autem
3261 4217 3492 4277 apparet
3533 4212 3651 4262 ovis
3698 4224 3792 4263 sn-

2213 4302 2436 4357 spensa,
2474 4299 2530 4347 et
2569 4307 2598 4346 a
2632 4295 2912 4360 cornibus,
2945 4307 3001 4354 et
3026 4312 3291 4366 suspensa
3318 4301 3374 4353 in
3406 4301 3624 4355 arbore.
3672 4298 3787 4355 Na-

2213 4388 2333 4435 tura
2373 4392 2554 4439 autem
2579 4385 3040 4456 interpretabatur
3068 4391 3212 4461 quod
3245 4400 3367 4445 erat
3399 4390 3697 4446 occultum.
3726 4391 3785 4447 Si

2212 4471 2335 4539 quis
2364 4473 2509 4527 enim
2542 4480 2888 4545 suspenderit
2921 4494 3080 4536 ovem
3114 4497 3143 4535 a
3178 4482 3443 4537 cornibus
3469 4482 3523 4536 in
3564 4484 3784 4546 arbore.

540 4566 625 4616 ce,
659 4554 787 4623 quia
811 4560 866 4608 et
890 4554 958 4608 ab
991 4554 1147 4609 initio
1173 4557 1425 4626 praecepti
1472 4573 1487 4611 :
1528 4556 1655 4626 quia
1689 4558 1833 4611 enim
1885 4558 2022 4613 forte
2051 4568 2109 4615 et
2136 4567 2184 4628 ο
2213 4560 2265 4616 id
2300 4564 2443 4631 quod
2473 4571 2739 4637 sequitur,
2775 4571 2984 4627 videbit
3010 4572 3151 4641 quod
3184 4584 3305 4631 erat
3355 4573 3620 4629 futurum.
3679 4573 3786 4637 Ne-

541 4643 788 4698 dubitare
816 4645 968 4715 (22):
1002 4646 1094 4701 sed
1120 4648 1384 4717 praevenit
1429 4649 1522 4717 qui
1564 4650 1820 4717 praecepit
1854 4668 1868 4704 :
1911 4651 2101 4706 eadem

537 4737 707 4791 utitur
727 4752 882 4793 voce.
914 4736 1067 4792 Sicut
1090 4740 1235 4794 enim
1262 4740 1397 4795 dixit
1431 4750 1610 4803 antea,
1632 4742 1917 4805 Abraham,
1941 4743 2105 4797 Abra-

538 4828 681 4891 ltaut,
712 4830 891 4893 accipe
905 4829 1075 4897 ﬁlium
1107 4840 1256 4883 tuum
1287 4834 1606 4899 unigenitum
1654 4834 1810 4887 Isaac
1839 4850 1988 4903 quem
2014 4833 2101 4888 di-

533 4916 709 4969 lexiin
738 4936 758 4974 :
793 4917 865 4971 ita
894 4914 1121 4982 etistic,
1143 4918 1430 4986 Abraham,
1463 4921 1749 4977 Abraham.
1801 4922 1918 4991 ipse
1949 4925 2097 4979 enim

533 5008 623 5073 qui
653 5007 739 5061 illa
767 5008 1042 5077 pmcepit,
1072 5019 1125 5063 et
1160 5024 1303 5063 nunc
1351 5009 1619 5078 loquitur,
1669 5024 1725 5066 et
1775 5013 1927 5076 dicit,
1965 5013 2097 5069 Noli

530 5100 831 5169 contingere
848 5099 1021 5167 ﬁlium
1048 5111 1194 5153 tuum
1225 5101 1272 5133 ⁸⁸
1300 5118 1315 5155 :
1354 5100 1526 5155 habeo
1554 5104 1777 5170 donum,
1798 5106 1935 5159 habe
1958 5117 2011 5161 et
2038 5116 2096 5159 tu

529 5188 720 5243 tilium.
753 5189 1001 5244 Secundo
1026 5190 1119 5243 tibi
1141 5203 1196 5245 et
1223 5192 1326 5245 hoc
1352 5208 1545 5246 munus
1576 5194 1734 5247 dono.
1766 5194 1974 5250 Eil'nlsit
2004 5206 2094 5251 tua

522 5281 791 5347 'charitas,
819 5282 999 5351 agnita
1029 5293 1113 5337 est
1142 5283 1276 5337 ﬁdes
1307 5295 1419 5337 tua.
1455 5284 1625 5337 Erunt
1679 5288 1776 5339 ista
1811 5304 1931 5355 quae
1979 5303 2007 5341 a
2042 5299 2095 5343 te

526 5384 649 5439 acta
686 5389 833 5441 sunt,
895 5378 1201 5432 adhortatio
1238 5394 1426 5433 eorum
1460 5379 1551 5449 qui
1584 5390 1704 5450 post
1751 5379 1915 5438 futuri
1964 5394 2091 5438 sunt

532 5475 602 5518 te.
640 5466 1023 5519 Decantabitur
1059 5467 1110 5521 id
1136 5468 1278 5534 quod
1316 5468 1514 5533 iecisti,
1553 5469 1602 5523 in
1632 5476 1914 5540 progenies
1940 5472 2088 5527 iutu-

527 5571 636 5609 ras.
674 5554 851 5611 Habes
882 5556 1112 5611 fructum
1138 5557 1281 5620 ﬁdei,
1319 5559 1488 5613 habes
1520 5570 1574 5615 et
1597 5560 1828 5615 fructum
1861 5567 2083 5631 ventris,

525 5644 695 5701 babes
721 5656 774 5699 et
798 5648 998 5702 sterilis
1026 5648 1217 5715 lilium,
1249 5649 1415 5705 habes
1442 5660 1499 5704 et
1523 5666 1589 5705 ex
1620 5653 1792 5709 altare
1838 5655 2081 5713 immola-

596 5742 644 5774 ⁸⁸
676 5741 816 5797 Gen.
846 5760 982 5811 xxtt,
1010 5745 1097 5801 12.

595 5835 707 5907 φᾶ)
745 5836 1013 5894 Dubitare.
1051 5838 1209 5896 Forte
1234 5845 1516 5899 dubitaret.

2210 4668 2362 4712 casse
2377 4660 2519 4714 enim
2547 4671 2628 4715 est
2654 4662 2810 4721 istam
2839 4666 3059 4733 quails
3082 4667 3351 4735 pendetin
3383 4666 3582 4722 arbore
3598 4683 3781 4731 ovem.

2206 4759 2486 4816 separatos
2518 4755 2824 4823 expandere
2858 4755 3021 4824 pedes
3052 4758 3295 4825 priores:
3324 4758 3427 4812 hoc
3443 4757 3588 4813 enim
3608 4772 3781 4829 expe-

2207 4838 2417 4895 ditovis
2448 4857 2567 4911 qua:
2611 4844 2685 4897 ita
2742 4846 3113 4915 suspenditur.
3170 4846 3406 4903 Necesse
3432 4857 3519 4903 est
3543 4850 3691 4903 enim
3722 4859 3781 4907 et

2204 4932 2446 5000 separari
2472 4933 2587 5001 ejus
2613 4936 2704 5003 qui
2752 4937 3003 4991 deorsum
3039 4947 3166 4991 sunt
3206 4939 3395 5008 pedes.
3436 4938 3573 4995 Cum
3610 4941 3778 5010 igitur

2202 5025 2321 5079 ovis
2346 5041 2618 5096 suspensa:
2645 5029 2696 5081 in
2725 5028 2891 5096 ligno,
2924 5038 2982 5081 et
3004 5029 3057 5083 in
3088 5030 3281 5085 arbore
3297 5046 3549 5099 expansa:
3576 5033 3778 5089 iuerint

2203 5130 2396 5169 manus
2420 5126 2474 5170 et
2508 5117 2694 5184 pedes,
2742 5131 2917 5186 neque
2945 5118 3399 5189 interpretatione
3442 5121 3690 5192 indigent
3720 5122 3775 5181 bl

2200 5206 2291 5271 qni
2326 5206 2528 5261 habent
2561 5207 2748 5261 oculos
2779 5208 2998 5263 mentis.
3032 5207 3139 5264 Sed
3170 5211 3294 5279 quis
3320 5212 3515 5279 estqui
3550 5212 3772 5278 peridi-

2202 5297 2641 5354 tabaturoccidi?
2697 5299 2877 5355 bnmo.
2939 5299 3077 5366 Quid
3109 5303 3361 5371 estquod
3412 5318 3506 5371 pro
3553 5303 3771 5360 homine

2195 5385 2614 5445 immolabatur?
2663 5392 2780 5445 ovis
2808 5406 3068 5460 suspensa
3114 5394 3167 5446 in
3202 5393 3365 5462 ligno.
3396 5393 3679 5462 Tanquam
3722 5394 3766 5450 si

2198 5478 2399 5532 diceret
2428 5480 2571 5537 Deus
2599 5480 2665 5535 ad
2695 5481 2967 5541 Abraham
3000 5482 3153 5536 :Non
3186 5493 3308 5537 tuus
3336 5484 3644 5553 unigenitns
3674 5498 3767 5539 ne-

2194 5573 2469 5625 cessarius
2505 5588 2519 5625 :
2551 5574 2642 5627 sed
2672 5584 2853 5628 currat
2884 5574 3102 5645 quidem
3139 5574 3310 5628 forma
3340 5590 3433 5643 per
3458 5585 3766 5640 tuum,ser-

2194 5670 2351 5714 vetur
2381 5673 2560 5718 autem
2599 5679 2721 5721 meo
2748 5664 3033 5735 Unigenito
3066 5668 3207 5737 quod
3232 5666 3309 5721 tit.
3338 5664 3412 5721 Ita
3442 5668 3563 5723 ovia
3597 5682 3763 5740 appa-
