4000 6478
260 558 378 616 “Si

1383 548 1473 602 DE
1513 544 2123 602 RESURRECTIONE.
2162 578 2233 590 —
2272 544 2403 601 LIB.
2444 544 2491 603 1.

3387 536 3525 596 1082

236 670 340 725 ruit
371 680 468 736 pro
492 658 747 725 nomine,
782 672 845 719 et
878 664 987 721 hoc
1025 664 1079 719 in
1110 665 1280 736 ligno,
1324 675 1381 720 et
1414 666 1520 719 hoc
1547 679 1834 732 suspensa,
1866 667 1913 722 Α
1942 671 2121 717 mitem
2152 662 2361 718 electus
2390 661 2481 716 ille
2513 669 2569 717 et
2602 662 2693 731 qui
2738 668 2867 715 ante
2908 657 3053 714 Esau
3084 656 3264 714 factus
3300 667 3406 722 est,
3437 659 3523 714 vi-

241 768 297 815 et
319 760 421 815 hoc
443 762 591 826 cuius
609 754 905 812 haeserant
940 774 1133 813 manus
1173 768 1229 814 et
1281 758 1448 829 pedes
1478 767 1741 827 tanquam
1774 758 1827 812 in

235 865 411 907 cruce
445 859 540 904 :et
567 849 850 919 prophetia
894 851 1130 905 Abrahae
1161 850 1394 905 edicitur
1425 850 1645 920 duplex.
1678 846 1833 917 Quod

236 944 389 997 enim
420 942 517 1008 ait,
560 940 702 997 Deus
736 944 1026 1009 providebis
1069 959 1211 996 ovem
1256 942 1548 1009 sacriﬁcio,
1596 940 1675 1010 ﬁli
1715 956 1734 994 :
1780 947 1836 995 et

232 1044 377 1090 tunc
405 1035 533 1102 quid
562 1035 886 1103 completum
911 1048 996 1089 est
1024 1036 1079 1089 in
1107 1035 1536 1103 comparatione,
1575 1032 1834 1087 servaba-

234 1134 542 1179 tur'autem
572 1126 625 1178 in
654 1125 910 1196 mysterio
944 1125 1181 1178 veritati.
1212 1124 1350 1189 Quid
1388 1124 1551 1194 igitur
1594 1122 1697 1178 sibi
1723 1121 1837 1173 vult

223 1214 354 1272 iste
383 1232 565 1271 sermo
595 1218 879 1272 incurrens
908 1217 1200 1271 ostendere
1241 1216 1368 1284 quia
1413 1215 1691 1270 Abraham
1721 1210 1835 1283 (25)

233 1314 424 1359 totam
463 1322 617 1361 suam
655 1306 818 1359 vitam
849 1307 1109 1375 transegit
1151 1307 1203 1360 in
1247 1307 1533 1377 angustiis,
1566 1306 1621 1359 in
1659 1316 1839 1360 tenta-

221 1394 509 1461 tionibus,
542 1396 595 1450 itt
621 1395 919 1451 doloribus.
950 1396 1007 1450 Si
1029 1398 1174 1453 enim
1208 1398 1258 1451 in
1289 1400 1391 1471 ista
1421 1399 1531 1451 vita
1557 1413 1707 1466 spem
1744 1397 1841 1450 Ita-

219 1488 427 1550 beret,
462 1488 747 1543 fraudatus
784 1497 928 1544 esset
959 1504 988 1542 a
1040 1504 1157 1559 spe.
1208 1488 1343 1547 Cum
1398 1489 1563 1559 igitur
1621 1489 1837 1559 gloriati

218 1578 456 1633 fuerint
484 1577 654 1633 Judaei
705 1580 758 1633 in
804 1580 1105 1642 Abraham,
1139 1581 1518 1636 necessitatem
1565 1580 1841 1635 habebunt

215 1682 288 1725 et
336 1670 791 1726 resurrectionem
814 1672 1080 1727 confiteri.
1114 1672 1226 1726 Hoc
1250 1673 1317 1725 ad
1347 1673 1489 1727 illam
1518 1671 1843 1727 Sadduczeo-

219 1777 375 1817 rum
422 1772 659 1831 partem,
708 1761 797 1828 qui
855 1770 1058 1830 negant
1110 1775 1338 1830 prorsus
1382 1762 1839 1815 resurrectionem

218 1851 511 1916 futuram,
542 1864 691 1908 recte
715 1852 1011 1907 diceretur.
1039 1853 1174 1920 Quia
1206 1862 1385 1907 autem
1416 1852 1521 1906 alia
1561 1866 1710 1921 pars,
1738 1853 1843 1907 hoc

216 1954 333 1999 est
382 1942 802 2007 Pharismorum,
841 1945 1297 2000 resurrectionem
1343 1943 1566 2012 quidem
1612 1944 1843 1997 c0nlite-

1936 756 2073 827 ginti
2108 764 2162 811 et
2210 770 2378 809 unum
2435 769 2608 809 annos
2676 753 2889 816 serviit,
2940 763 3068 806 tunc
3118 750 3363 806 maxime
3393 764 3523 804 cum

1937 847 2303 904 adolescentia
2339 846 2389 902 ei
2420 846 2584 916 dabat
2611 845 2818 915 epulari
2850 863 2865 900 :
2906 854 2963 899 et
3007 845 3062 898 in
3119 843 3361 913 paternis
3391 842 3523 896 dum

1937 949 2141 1009 ageret,
2174 948 2462 1009 suspectus
2497 946 2611 992 erat
2647 952 2713 992 ne
2747 938 3094 993 occideretur
3128 952 3158 990 a
3196 935 3368 990 fratre
3401 949 3418 988 :
3471 941 3530 991 et

1938 1032 1995 1087 in
2027 1032 2201 1087 soceri
2234 1032 2394 1085 domn
2426 1045 2619 1085 servus
2674 1046 2688 1083 :
2736 1030 2789 1084 in
2844 1030 3041 1084 itinere
3077 1039 3255 1083 autem
3290 1028 3523 1097 lapidem

1938 1127 2093 1194 ponit
2121 1125 2223 1179 sub
2252 1125 2432 1191 capite
2486 1139 2603 1187 suo,
2637 1133 2692 1178 et
2736 1139 2860 1177 cum
2904 1123 3054 1193 virga
3096 1123 3208 1177 sola
3264 1121 3528 1176 ambulat.

1938 1214 2065 1271 Haec
2091 1216 2394 1269 nuditatem
2422 1213 2643 1283 quidem
2675 1213 2988 1282 significant
3028 1213 3200 1280 ipsius
3230 1210 3468 1267 hominis
3506 1226 3523 1264 :

1940 1315 2287 1362 sacramenta
2315 1317 2494 1359 autem
2542 1320 2663 1375 qua:
2703 1320 2797 1375 per
2824 1303 2991 1359 Jacob
3031 1305 3257 1367 liebant,
3316 1312 3527 1374 petram

1940 1407 2352 1467 supportantem
2381 1405 2548 1465 caput
2580 1395 2729 1463 ejus,
2756 1396 2849 1465 qui
2893 1397 3327 1465 persecutionem
3359 1395 3529 1463 patie-

1942 1489 2142 1542 batur:
2180 1496 2238 1541 et
2270 1486 2420 1555 virga
2457 1488 2510 1540 in
2545 1500 2707 1539 manu
2741 1486 3039 1541 ostendens
3089 1487 3232 1538 viam
3281 1485 3529 1553 fugienti.

1942 1585 2054 1653 Ego
2078 1596 2211 1657 sane
2239 1580 2417 1636 audivi
2447 1578 2616 1635 Jacob
2641 1560 2934 1647 dicentem,
2956 1580 3078 1649 quia
3102 1596 3191 1647 per
3215 1580 3354 1632 diem
3376 1594 3551 1655 com-_

1940 1676 2051 1731 edit
2090 1689 2208 1727 eum
2248 1673 2412 1725 ardor
2445 1670 2612 1731 solis;
2652 1679 2703 1724 et
2750 1671 2917 1739 frigus
2965 1686 3170 1733 semper
3207 1686 3298 1733 per
3328 1677 3533 1721 noctem
3558 1658 3589 1673 ”“

1942 1767 2105 1820 sensit
2138 1765 2205 1819 ⁸³.
2243 1764 2300 1819 Si
2352 1763 2451 1817 ista
2513 1762 2799 1817 beatitudo
2831 1771 2935 1827 est,
2974 1762 3129 1816 valde
3160 1762 3347 1815 odibat
3396 1760 3536 1815 Deus

1942 1855 2135 1921 Jacob,
2171 1854 2311 1909 Esau
2365 1859 2486 1906 erat
2541 1861 2725 1906 autem
2783 1852 2837 1905 in
2898 1851 3124 1904 deliciis.
3180 1850 3352 1903 Audio
3407 1862 3536 1901 sane

1946 1951 2113 2003 Deum
2139 1948 2407 2002 dicentem
2446 1942 2653 1998 :Jucob
2680 1944 2867 2006 dilexi,
2906 1940 3049 1995 Esau
3092 1952 3265 1994 auten:
3304 1940 3443 1994 ori-.vi
3466 1938 3537 1993 ³⁸.

220 2044 362 2100 tur.
399 2038 855 2092 resurrectionem
884 2047 1066 2091 autem
1102 2036 1264 2091 talem
1310 2036 1446 2090 dicit
1488 2034 1750 2098 futuram.
1781 2042 1840 2087 ιιι
1871 2017 1916 2077 ⁸
1948 2044 2139 2099 Dieant
2168 2041 2335 2110 igitur
2363 2040 2520 2095 nobis
2546 2036 2717 2093 Judaei
2763 2057 2775 2092 ;
2817 2036 2862 2109 si
2914 2034 3017 2089 iste
3045 2044 3127 2089 est
3159 2033 3367 2087 fructus
3408 2047 3507 2099 pro

223 2127 447 2183 iterum
478 2130 833 2182 manducetur
867 2138 921 2181 et
953 2128 1188 2191 bibatur,
1236 2136 1292 2181 et
1317 2126 1585 2196 coniugiis
1624 2134 1840 2193 utatur;

223 2228 307 2273 ut
346 2234 415 2274 ne
435 2219 653 2287 quidem
682 2231 1028 2289 resurgentes
1073 2228 1293 2275 cessent
1338 2219 1735 2275 manducantes
1786 2228 1842 2274 et

226 2310 520 2377 bibentes,
543 2319 597 2364 et
627 2312 893 2381 conjugiis
915 2326 974 2366 se
1007 2312 1401 2383 coniungentes
1427 2330 1440 2366 :
1474 2324 1667 2366 venter
1692 2312 1839 2367 enim

230 2402 425 2471 magis
445 2410 571 2457 sunt
590 2418 751 2472 quam
784 2404 1052 2457 homines.
1096 2404 1160 2458 Et
1189 2405 1331 2458 sicut
1354 2404 1574 2474 quidam
1604 2405 1843 2459 morien-

233 2495 387 2547 tium
415 2495 505 2562 qui
541 2504 669 2548 ante
718 2492 871 2550 fuere
907 2496 958 2548 in
1010 2494 1224 2551 deliciis
1278 2496 1604 2559 viventium,
1642 2504 1842 2565 putant

236 2589 376 2637 esse
411 2581 665 2635 fraudare
690 2582 805 2652 (ει)
834 2585 934 2638 ista
964 2585 1073 2638 vita
1110 2585 1161 2639 in
1198 2595 1392 2651 morte,
1423 2586 1478 2640 in
1519 2602 1843 2641 monumen-

240 2673 351 2735 tis,
379 2681 435 2727 et
464 2674 607 2727 circa
638 2674 834 2745 januas
868 2676 1245 2746 sepulcrorum
1301 2680 1624 2747 semetipsos
1652 2678 1832 2749 depin-

241 2774 406 2835 gunt,
436 2774 491 2818 et
515 2764 601 2817 vel
634 2767 687 2819 in
718 2767 1061 2837 imaginibus,
1092 2779 1148 2823 et
1198 2780 1319 2840 post
1346 2780 1579 2833 mortem
1612 2772 1844 2835 mandu-

241 2863 418 2911 Cant:
452 2855 527 2909 ita
561 2865 616 2912 et
640 2856 952 2913 Judaaorum
1004 2860 1266 2916 Pharismi
1293 2862 1482 2917 volunt
1510 2873 1563 2917 et
1595 2872 1718 2932 post
1757 2877 1843 2916 reo

243 2948 650 3003 surrectionem
682 2957 934 3019 tanquam
957 2950 1156 3022 depicti
1189 2955 1387 3009 iterum
1426 2956 1765 3010 manducare
1790 2962 1843 3009 et

247 3036 468 3107 bibere,
503 3050 558 3094 et
584 3042 712 3097 nubi
744 3053 799 3097 et
827 3044 1053 3099 nubere.
1107 3043 1456 3100 Recumbunt
1499 3048 1644 3099 enim
1674 3055 1728 3101 et
1756 3048 1843 3115 pi-

246 3132 426 3187 cturis
458 3133 599 3202 apud
650 3134 981 3199 istiusmodi,
1007 3146 1062 3192 et
1090 3119 1348 3193 meliores
1401 3154 1513 3193 sua:
1562 3138 1700 3210 (25).
1734 3138 1844 3194 Nos

248 3232 433 3279 autem
465 3226 823 3295 prtesiliamns
846 3228 915 3283 ad
965 3229 1018 3283 id
1069 3231 1214 3300 quod
1260 3245 1448 3284 verum
1475 3243 1577 3286 est.
1607 3232 1665 3287 Si
1696 3234 1843 3289 enim

256 3316 384 3371 talis
428 3326 577 3373 esset
602 3321 954 3385 resurrectio,
984 3336 1375 3377 excusaremus
1410 3324 1600 3393 utique
1652 3340 1842 3379 resur-

252 3422 402 3479 gere.
450 3408 652 3466 lterum
699 3414 844 3468 enim
876 3428 1193 3485 essurgere,
1231 3424 1288 3470 et
1328 3430 1488 3470 arare
1514 3392 1575 3470 et
1614 3424 1836 3483 metere,
1864 3392 1909 3452 (ἶ

252 3501 447 3557 lterum
480 3504 811 3560 manducare
837 3515 894 3560 et
932 3506 1139 3570 bibere,
1179 3507 1377 3562 iterum
1406 3507 1631 3577 spoliari
1667 3517 1721 3562 at
1745 3523 1841 3562 ve-

251 3592 396 3661 stiri,
428 3592 625 3649 iterum
662 3595 904 3651 dormire
948 3607 1003 3653 et
1054 3599 1305 3669 vigilare.
1356 3600 1460 3654 Sed
1496 3601 1842 3655 advertamus

251 3684 381 3754 quid
398 3684 538 3740 dicat
564 3686 880 3754 Apostolus:
904 3688 962 3743 Si
977 3690 1030 3742 in
1055 3690 1156 3745 ista
1180 3691 1285 3745 vita
1310 3708 1449 3760 spem
1464 3691 1771 3745 haberemus
1788 3694 1842 3745 in

253 3774 484 3843 Christo,
509 3778 917 3834 miserabiliores
939 3782 1183 3836 omnibus
1206 3783 1505 3837 hominibus
1521 3782 1839 3839 essemus".

255 3865 315 3923 Si
342 3868 489 3923 enim
520 3869 592 3924 ita
616 3872 807 3926 statuit
829 3872 972 3927 Deus
1002 3873 1140 3927 utin
1166 3874 1299 3943 ipsis
1326 3864 1523 3929 iterum
1556 3875 1749 3941 simus,
1783 3883 1844 3929 ttt

252 3958 382 4031 quid
406 3974 507 4015 nos
528 3970 584 4015 et
609 3961 893 4032 quiescere
917 3961 1085 4020 facit?
1137 3963 1253 4021 Hoc
1301 3965 1448 4020 enim
1498 3965 1734 4021 ludentis
1757 3976 1844 4022 est

252 4051 456 4121 potius,
487 4053 786 4110 concedere
820 4056 981 4121 mori,
1018 4067 1072 4112 et
1101 4056 1300 4111 iterum
1331 4057 1400 4112 ad
1444 4058 1618 4127 ipsam
1657 4072 1843 4113 resur-

252 4156 379 4211 gere
411 4142 597 4200 vitam.
661 4143 717 4199 Si
760 4146 926 4224 enim,
953 4146 1026 4201 ita
1078 4162 1508 4218 resurgeremus,
1555 4152 1842 4219 oportebat

252 4234 529 4289 Abraham
560 4244 620 4291 ut
656 4251 763 4291 non
798 4238 1076 4294 amitteret
1104 4255 1227 4310 quae
1258 4239 1345 4295 hic
1383 4252 1533 4307 sunt,
1564 4240 1678 4309 jam
1715 4258 1841 4313 per-

251 4324 361 4381 frui
391 4341 455 4382 ea
489 4342 611 4397 quae
646 4338 794 4385 esset
818 4330 874 4385 in
910 4334 1368 4403 resurrectionem
1395 4344 1743 4405 accepturus.
1781 4334 1839 4391 Si

254 4419 404 4474 enim
443 4435 569 4476 cum
599 4421 879 4493 voluptate
930 4423 1119 4480 bibere
1142 4435 1198 4479 et
1228 4426 1437 4495 epulari
1464 4426 1575 4480 vita
1626 4436 1745 4493 est;
1781 4426 1837 4482 in

251 4524 580 4583 quacunque
609 4513 741 4568 hora
768 4529 874 4570 non
891 4530 1013 4571 cum
1033 4516 1309 4587 voluptate
1334 4517 1591 4585 bibimus,
1617 4517 1841 4575 frauda-

253 4618 440 4660 remus
467 4620 497 4659 a
523 4608 654 4661 vita.
680 4606 787 4663 Sed
822 4623 950 4664 vere
970 4606 1278 4664 Iudaeorum
1309 4622 1485 4665 uenter
1499 4623 1578 4665 est
1613 4616 1743 4667 deus
1770 4613 1838 4677 ",

249 4696 393 4750 sicut
424 4696 556 4751 dicit
600 4696 819 4763 Paulus,
852 4699 946 4771 qui
979 4710 1067 4756 est
1113 4716 1179 4756 ex
1224 4701 1446 4768 ludatis,
1483 4706 1573 4773 qui
1622 4704 1841 4761 Judaeos

249 4787 470 4855 quidem
512 4804 708 4859 passus
755 4806 862 4846 non
896 4802 1000 4855 est,
1032 4796 1246 4849 veritati
1298 4798 1445 4855 enim
1507 4797 1741 4852 credidit
1784 4799 1838 4853 in

246 4876 489 4935 Christo.
515 4881 654 4947 Quid
692 4892 873 4939 autem
904 4886 1083 4940 dicent
1113 4885 1269 4953 nobis
1318 4898 1376 4942 et
1418 4889 1478 4943 de
1523 4888 1696 4950 Isaac,
1743 4890 1837 4959 qui

240 4968 358 5038 jam
389 4972 623 5029 habebat
651 4975 891 5032 dolorem
924 4978 1351 5033 immolationis?
1402 4979 1605 5034 Habuit
1649 4992 1834 5037 autem

247 5074 303 5118 et
332 5074 455 5132 post
479 5067 593 5122 lucc
614 5070 832 5124 easdem
870 5071 1014 5141 ipsas
1043 5070 1440 5133 triliulationes,
1478 5089 1615 5143 quas
1649 5085 1703 5129 et
1737 5092 1835 5144 pa-

251 5167 361 5216 ter.
390 5158 652 5231 Coniugis
679 5168 899 5232 inquam
924 5180 1059 5231 suae,
1084 5164 1207 5237 qua:
1236 5181 1429 5238 parere
1460 5184 1565 5222 non
1599 5178 1831 5236 poterat,

252 5254 570 5323 nuptiarum
605 5270 917 5321 maerorem,
962 5256 1429 5316 cammanentium
1466 5262 1834 5331 deceptiones,

248 5342 473 5403 fraudes
497 5348 765 5428 laborum.
792 5349 917 5406 Haec
945 5352 1112 5406 donat
1144 5351 1287 5409 Deus
1316 5355 1452 5419 suis,
1482 5354 1719 5421 dolores,
1751 5358 1842 5414 tri-

247 5433 580 5506 bul‘ationes,
613 5441 913 5511 angustias.
944 5440 1002 5495 Si
1033 5441 1175 5498 Deus
1207 5444 1322 5500 haec
1361 5446 1650 5513 promisit:
1674 5445 1842 5505 Jacob

1947 2133 2249 2197 missionis,
2286 2133 2331 2188 si
2362 2133 2464 2187 ista
2505 2140 2593 2186 est
2615 2142 2759 2198 spes,
2795 2143 2924 2182 num
2953 2128 3073 2183 odit
3104 2126 3245 2181 Deus
3270 2123 3441 2180 Jacob
3471 2124 3538 2181 de

1945 2244 2055 2299 quo
2096 2229 2250 2295 dicit,
2286 2226 2415 2297 quia
2464 2222 2671 2278 dilexi?
2701 2221 2806 2276 Sed
2859 2231 2991 2276 tunc
3032 2235 3157 2275 cum
3200 2220 3460 2287 liberatus
3507 2233 3539 2275 ι

1947 2319 2213 2376 servitute
2242 2326 2412 2382 esset,
2442 2328 2622 2371 nonne
2678 2312 2814 2383 fugit
2839 2320 2898 2365 ut
2928 2310 3273 2366 salvaretur?
3303 2306 3539 2381 FugientI

1946 2422 2129 2465 autem
2170 2424 2275 2464 non
2302 2417 2385 2463 est
2426 2406 2881 2476 comprehensus,
2933 2414 2989 2459 et
3032 2404 3086 2458 in
3128 2402 3322 2457 timore
3352 2399 3541 2456 stetit?

1948 2501 2055 2557 Sed
2085 2501 2301 2573 fugiens
2335 2500 2715 2568 insequentem
2749 2511 2808 2552 se
2834 2512 3084 2552 socerum
3125 2508 3303 2549 nonne
3336 2507 3540 2547 occur-

1949 2596 2020 2649 rit
2045 2595 2196 2649 fratri
2226 2585 2369 2648 suo?
2404 2605 2585 2645 nonne
2638 2590 2802 2644 timor
2851 2590 3033 2644 timori
3067 2586 3373 2643 successit?
3432 2584 3541 2640 Sed

1948 2688 2073 2757 quia
2104 2686 2366 2740 liberatus
2384 2692 2440 2737 et
2461 2681 2528 2737 ab
2564 2682 2669 2737 isto
2694 2690 2817 2738 est:
2846 2693 3028 2734 nonne
3060 2677 3253 2733 habuit
3292 2678 3345 2730 in
3380 2690 3543 2730 sene-

1948 2788 2096 2835 ctute
2126 2778 2245 2833 sine
2270 2774 2643 2830 consolatione
2668 2770 2947 2827 dolorem?
2974 2767 3175 2823 Habuit
3200 2768 3343 2823 enim
3372 2765 3545 2822 Jacob

1960 2880 2013 2928 et
2047 2870 2211 2925 alium
2239 2867 2411 2921 Isaac.
2448 2864 2668 2931 Habuit,
2702 2865 2949 2934 inquam,
2980 2860 3206 2928 JOseph,
3264 2858 3417 2914 illum
3448 2860 3545 2913 bo-

1950 2975 2079 3014 num
2126 2968 2181 3015 et
2231 2957 2489 3011 dilectum
2528 2955 2657 3021 sibi,
2711 2935 2909 3008 bonam
2967 2950 3283 3022 progeniem
3340 2963 3543 3004 suam:

1949 3063 2195 3102 amarum
2227 3055 2411 3099 autem
2443 3044 2512 3099 de
2539 3058 2607 3098 eo
2631 3042 2898 3098 dolorem.
2933 3040 3001 3096 Et
3028 3039 3219 3096 habuit
3246 3038 3466 3110 quando
3491 3047 3547 3094 et

1949 3138 2154 3195 aterilis
2190 3149 2310 3193 erat
2343 3147 2398 3191 et
2438 3136 2603 3191 istius
2634 3144 2836 3197 mater,
2862 3146 2919 3189 et
2942 3133 3116 3187 Jacob
3152 3146 3260 3186 non
3290 3133 3547 3186 cessabat

1951 3231 2183 3286 orando.
2207 3228 2329 3285 Jam
2368 3236 2552 3283 autem
2576 3236 2633 3281 et
2671 3227 2724 3280 in
2749 3225 3105 3297 Opprobrium
3134 3235 3273 3279 erat.
3307 3223 3547 3279 Dellebat

1953 3323 2097 3378 enim
2136 3321 2359 3389 sterilis,
2394 3329 2450 3376 et
2474 3320 2690 3375 dicebat
2719 3320 2787 3372 ad
2812 3320 2990 3372 virum
3028 3334 3042 3370 :
3075 3316 3158 3371 Da
3194 3314 3323 3370 mihi
3351 3314 3549 3384 ﬁlium,

1952 3422 2045 3467 aut
2076 3413 2280 3466 moriar
2304 3411 2373 3466 ³⁸.
2414 3410 2586 3467 Soror
2615 3419 2935 3481 exaggerat.
2969 3408 3199 3465 Ancillas
3244 3407 3546 3473 habebant,

1951 3517 2009 3561 et
2034 3506 2203 3561 libera
2256 3521 2365 3561 non
2410 3505 2668 3561 habebat.
2710 3503 2895 3570 Dolor,
2925 3506 3187 3575 gemitus,
3239 3512 3295 3558 et
3325 3500 3549 3557 tristitia

1951 3607 2071 3654 erat
2100 3599 2317 3654 iisdem.
2348 3596 2455 3654 Sed
2485 3598 2747 3652 misertus
2770 3605 2855 3651 est
2879 3597 2960 3652 eis
2980 3596 3278 3664 aliquando
3305 3594 3464 3657 Deus,
3489 3600 3549 3648 et

1954 3702 2119 3753 natus
2170 3701 2261 3748 est
2303 3690 2502 3761 Joseph
2551 3690 2642 3745 ille
2689 3691 2866 3745 bonus
2914 3689 3176 3760 undique,
3204 3701 3439 3758 corpore
3488 3686 3549 3741 in

1952 3792 2187 3848 tantum,
2221 3795 2489 3854 quantum
2521 3792 2756 3839 testatur
2794 3798 2916 3853 qum
2960 3782 3106 3837 victa
3155 3790 3262 3846 est,
3306 3788 3545 3834 mentem

1952 3890 2137 3931 autem
2165 3876 2281 3949 (26)
2310 3886 2575 3947 quantum
2610 3884 2847 3930 testatur
2885 3883 3043 3946 pater
3072 3891 3087 3928 :
3129 3873 3220 3943 qui
3272 3884 3548 3944 praeroga-

1956 3967 2036 4021 vit
2061 3967 2171 4031 his,
2201 3967 2294 4037 qui
2346 3974 2507 4020 antea
2540 3962 2765 4019 fuerant
2809 3965 2947 4019 nati.
2985 3961 3246 4018 Testatur
3273 3970 3457 4016 autem
3488 3968 3547 4015 et

1952 4061 2097 4128 apud
2146 4058 2443 4132 Egyptum
2495 4056 2855 4139 dispensatio,
2904 4070 3027 4127 qua:
3084 4065 3199 4124 toto
3262 4053 3410 4110 facta
3463 4064 3550 4107 est

1951 4155 2177 4210 mundo.
2213 4152 2469 4209 Testatur
2514 4162 2569 4208 et
2608 4149 2839 4207 scientia
2886 4145 3085 4221 lingua:
3117 4162 3280 4219 quam
3323 4147 3548 4217 ignora-

1950 4247 2043 4300 bat
2078 4264 2094 4300 :
2120 4253 2176 4299 et
2199 4243 2471 4298 mirabilia
2508 4241 2880 4298 intellectibus
2904 4240 3059 4309 pueri
3088 4248 3276 4305 erant;
3307 4238 3403 4294 sed
3427 4236 3547 4308 pul-

1949 4336 2294 4392 chritudines
2328 4337 2413 4390 hae
2439 4334 2683 4401 salvatus,
2715 4332 2994 4389 laetillcant
3026 4351 3041 4389 :
3068 4332 3333 4387 bonorum
3361 4322 3545 4383 autem

1952 4444 2113 4485 casus
2162 4430 2285 4484 sine
2313 4429 2510 4483 solatio
2540 4427 2779 4483 dolorem
2812 4427 3098 4497 parabant.
3131 4422 3263 4479 Erat
3296 4424 3464 4496 igitur
3492 4422 3550 4475 in

1952 4526 2149 4576 timore
2180 4522 2352 4592 patris
2374 4519 2576 4591 Joseph
2605 4537 2620 4575 :
2650 4531 2859 4576 etcum
2917 4520 3138 4574 adesset
3175 4534 3299 4574 cum
3342 4533 3430 4580 eo,
3479 4534 3552 4590 ne

1950 4615 2094 4670 forte
2137 4613 2262 4669 talis
2306 4629 2413 4668 non
2444 4621 2792 4685 permaneret
2827 4611 3107 4667 salvator:
3138 4612 3211 4666 ita
3243 4610 3545 4671 mordebat,

1949 4716 2003 4761 et
2032 4708 2283 4761 timorem
2311 4705 2598 4769 ingerebat
2624 4706 2767 4775 patri
2797 4720 2897 4776 per
2926 4719 2992 4760 ea
3028 4719 3150 4775 qua:
3199 4703 3549 4773 loquebatur,

1949 4816 2046 4869 per
2066 4816 2129 4856 ea
2157 4815 2278 4869 qua:
2308 4799 2510 4865 aiebat,
2562 4815 2660 4870 per
2704 4814 2770 4853 ea
2819 4814 2939 4869 quae
2967 4797 3201 4853 tacebat.
3242 4796 3381 4864 Quid
3413 4810 3552 4865 ergo

1948 4895 2073 4964 quia
2097 4892 2297 4965 Ioseph
2318 4905 2437 4948 erat
2464 4894 2611 4955 talis,
2641 4902 2695 4948 et
2719 4892 2994 4947 secundus
3026 4891 3174 4946 solus
3198 4890 3388 4945 matris
3411 4902 3545 4950 sua},

1945 5001 2002 5043 et
2040 4988 2276 5043 dilectus
2304 4986 2473 5057 patri,
2501 4994 2557 5039 et
2581 4984 2785 5040 fratres
2813 4984 3034 5054 quidem
3062 4982 3551 5053 ejusmittebantur

1946 5094 2005 5137 ut
2038 5089 2325 5151 pascerent
2355 5094 2573 5149 gregem
2608 5095 2623 5131 :
2676 5075 2879 5147 Ioseph
2906 5086 3091 5129 autem
3121 5075 3188 5128 ad
3214 5075 3539 5128 cbaritatem

1949 5172 2130 5241 patris
2164 5185 2269 5224 non
2304 5180 2385 5223 est
2418 5170 2621 5223 missus
2650 5182 2773 5223 cum
2816 5167 3111 5230 fratribus;
3140 5165 3266 5234 quia
3310 5163 3548 5219 habebai

1950 5263 2193 5317 tunicam
2226 5262 2563 5332 singularem
2593 5262 2661 5315 ad
2694 5260 3029 5329 agnitionem
3065 5258 3339 5330 pra-cipue
3361 5257 3546 5312 chari-

1950 5358 2101 5412 tatis.
2135 5354 2251 5411 Non
2283 5354 2573 5411 suffecerat
2596 5352 2766 5411 Jacob
2796 5352 2977 5409 fratris
3006 5352 3161 5419 livor,
3190 5352 3375 5407 fratris
3404 5350 3549 5413 invi-,-

1952 5450 2063 5515 dia,
2098 5449 2337 5504 servitus
2370 5448 2423 5502 in
2456 5448 2919 5518 peregrinatione,
2954 5447 3080 5519 fuga
3105 5465 3135 5500 a
3171 5446 3363 5512 fratre,
3395 5458 3549 5499 com-

317 5576 363 5609 ³⁸
400 5574 566 5632 lCor.
600 5593 691 5642 xv,
724 5578 811 5633 l9.
880 5578 927 5610 ³³
964 5576 1198 5646 Philipp.
1222 5595 1305 5645 ut,
1338 5580 1423 5637 i9.
1496 5580 1544 5613 ³⁸
1576 5582 1715 5644 Gen.
1746 5601 1841 5639 xx:

1949 5587 2022 5642 ιο.
2089 5585 2137 5619 ³⁸
2163 5584 2399 5644 Malach.
2427 5600 2469 5645 t.
2503 5583 2574 5647 ὃς
2613 5582 2773 5639 Rom.
2806 5598 2885 5649 ta,
2913 5582 3001 5639 15.
3078 5582 3126 5614 ³⁸
3156 5580 3293 5638 Gen.
3324 5596 3457 5642 ιιι.
3488 5579 3545 5635 1.

323 5710 625 5787 (ἓξὴῐτοτῐθ
656 5728 754 5787 per
785 5715 1292 5787 interrogationem,
1342 5715 1485 5781 Quid
1536 5720 1701 5787 igitur
1739 5723 1840 5776 sibi

249 5785 357 5839 anlt
379 5784 477 5856 iste
506 5798 679 5856 sermo
702 5786 978 5838 incurrens
1000 5785 1025 5839 .9
1046 5794 1106 5837 ut
1128 5789 1409 5856 responsio
1431 5791 1521 5854 sit,
1550 5784 1841 5847 Ostendere

249 5871 371 5928 quin
393 5852 687 5928 Abraham,
720 5862 830 5907 etc.

322 5923 436 5993 (Si)
478 5923 575 6005 Ms.
614 5920 816 6005 Putant
848 5941 904 5978 se
938 5923 1215 5994 fraudare.
1242 5926 1381 5996 Quid
1424 5930 1469 5985 si
1505 5932 1705 6005 potius,
1745 5950 1846 6003 pst--

249 5992 423 6050 tantes
442 6008 499 6047 se
524 5992 801 6066 fraudare.

2022 5723 2139 5791 (εὖ)
2174 5722 2275 5778 Ms.
2304 5722 2553 5778 Heliores
2588 5739 2700 5777 sue.

2032 5794 2150 5865 (26)
2185 5794 2411 5848 Mentem
2446 5804 2643 5849 niuem.
2687 5792 2966 5855 Fortasse,
3000 5804 3169 5865 mente
3200 5792 3424 5865 (hornis)
3456 5792 3539 5849 lii-

1956 5877 2051 5919 cut
2084 5863 2243 5919 antea
2277 5881 2495 5932 corpore
2520 5881 2538 5918 :
2564 5880 2758 5918 sensus
2790 5874 2893 5927 est,
2926 5863 3092 5917 attitni
3141 5864 3357 5919 dotibus
3405 5880 3546 5931 pra-

1954 5950 2153 6007 etans.
2188 5937 2329 5991 sicut
2384 5945 2614 5988 testatus
2652 5947 2737 5987 est
2790 5940 2969 6002 patiar,
3026 5950 3149 6007 cum
3207 5937 3257 5991 ei
3327 5946 3547 6007 partem

1952 6023 2116 6063 unam
2142 6006 2474 6062 hwrcditatis
2494 6021 2653 6065 stmra
2686 6007 2882 6061 lratrcs
2908 6006 3182 6061 attribuit.
