4000 6440
1251 473 1521 532 EUSEBII
1557 473 2035 532 CESABIENSB
2072 473 2130 532 οι

2263 474 2445 531 PARS
2483 472 2573 528 ιν.
2612 503 2683 515 -
2720 468 3129 529 DOGMATICA.

565 592 857 667 prehensio
877 590 1257 661 insequentis:
1292 592 1489 647 obvius
1532 606 1561 645 a
1590 593 1787 647 timore
1834 591 2042 660 frater;
2079 600 2137 645 ut
2166 596 2213 653 Α
2240 601 2419 647 autem
2449 589 2848 647 benefactorum
2895 589 3226 659 accipientes
3250 588 3523 651 occidunt,
3559 599 3826 658 quantum

564 688 656 741 vis
686 685 951 754 acciperet
984 683 1149 740 Jacob
1193 700 1224 738 a
1253 684 1423 739 sterili
1474 684 1645 754 ipsius
1692 685 1883 741 matris
1934 699 2080 738 mors
2118 700 2133 737 :

563 778 796 847 deaupra
830 776 965 835 haec
996 776 1177 831 omnia
1212 782 1400 832 decem
1444 786 1499 831 et
1540 788 1745 847 septem
1788 777 1914 832 dum
1952 787 2139 847 ageret

562 880 737 923 annos
764 869 816 923 in
846 878 1008 923 astate
1029 867 1228 938 Joseph
1281 875 1457 925 :tnnc
1497 884 1620 924 cum
1666 880 1933 938 augentur
1975 868 2135 931 bona,

561 960 818 1014 excidere
843 958 999 1014 bonis
1049 968 1285 1025 quantus
1332 967 1419 1013 est
1466 958 1661 1012 dolori
1690 958 1757 1012 Et
1784 958 1949 1011 mittit
1983 970 2139 1028 pater

564 1051 825 1105 dilectum
856 1063 1011 1103 suum
1040 1048 1230 1115 lilium,
1252 1063 1413 1118 quem
1445 1050 1497 1102 in
1532 1048 1713 1103 multis
1736 1048 2006 1104 fratribus
2040 1051 2139 1104 ha-

561 1140 725 1198 bebat
753 1139 1322 1208 unigenitumzmittit
1364 1148 1516 1209 pater
1551 1141 1742 1207 tilium,
1792 1151 1848 1195 ut
1891 1142 2138 1197 visitaret

560 1245 656 1290 eas
684 1234 776 1303 qui
807 1240 967 1286 erant
1011 1231 1065 1286 in
1109 1232 1399 1287 solitudine
1455 1230 1678 1287 fratres.
1744 1230 1887 1287 Puto
1920 1233 2046 1302 quia
2078 1242 2136 1287 et

562 1323 691 1379 dum
727 1306 923 1391 legitur
953 1320 1114 1376 Vetus
1141 1321 1576 1388 Testamentum,
1612 1324 1786 1393 magis
1814 1322 2017 1379 Novum
2049 1335 2133 1379 est

561 1429 725 1484 quam
753 1412 938 1468 Vetus.
972 1413 1134 1466 Mittit
1160 1422 1316 1482 pater
1363 1413 1530 1467 filium
1562 1430 1717 1470 suum
1754 1431 1913 1486 quem
1962 1416 2132 1471 habe-

562 1506 657 1562 bat
696 1507 747 1559 in
782 1504 961 1559 locum
1005 1504 1262 1573 unigeniti
1319 1520 1333 1557 :
1394 1520 1515 1559 nam
1572 1517 1626 1559 et
1675 1507 1933 1576 singulari
1983 1516 2132 1562 veste

571 1606 925 1667 separaverat
949 1611 1071 1651 eum
1118 1611 1148 1649 a
1183 1595 1484 1651 fratribus:
1518 1598 1681 1653 mittit
1723 1598 1889 1651 filium
1922 1597 1990 1652 de
2021 1613 2130 1668 quo

560 1689 939 1758 praedictiones
966 1696 1165 1744 erant:
1202 1690 1585 1756 praedictiones
1624 1702 1802 1744 autem
1848 1706 1985 1762 quas
2015 1691 2130 1761 ipse

559 1784 776 1854 quidem
804 1782 1011 1836 viderat
1037 1778 1263 1851 Joseph,
1304 1797 1412 1837 non
1448 1784 1801 1837 absconderat
1852 1796 2032 1838 autem
2095 1802 2126 1840 a

562 1875 822 1951 fratribus
855 1874 968 1929 suis
1000 1890 1016 1928 :
1058 1883 1178 1928 erat
1201 1874 1344 1928 enim
1383 1873 1577 1929 frater.
1620 1874 1842 1929 Dicebat
1875 1875 2019 1930 enim
2055 1878 2121 1930 ad

559 1983 685 2023 eos:
711 1948 1054 2030 Hetebamus,
1079 1966 1272 2035 inquit,
1287 1976 1335 2020 et
1352 1983 1525 2021 meum
1546 1968 1874 2037 manipulum
1900 1978 2125 2023 erectum
2163 1946 2203 2003 Β

556 2066 633 2112 est
651 2073 677 2129 ί
724 2058 883 2112 vestri
941 2066 1117 2110 autem
1162 2059 1404 2112 undecies
1460 2060 1685 2114 circuitu
1736 2061 2028 2113 adorabunt
2059 2061 2127 2115 ³⁸.

555 2147 700 2205 Bstie
726 2150 838 2220 jam
873 2148 1090 2204 occasio
1113 2163 1234 2204 esse
1269 2149 1455 2220 carpit,
1491 2160 1547 2204 ut
1579 2161 1869 2206 adorarent
1906 2152 2126 2207 fratres.

555 2239 852 2295 Audierant
879 2238 1102 2305 fratres,
1137 2250 1192 2295 et
1222 2241 1413 2296 enica:
1450 2242 1718 2296 somnium
1758 2243 1941 2296 statim
1970 2243 2131 2298 intel-

555 2329 823 2398 lexerunt,
853 2341 909 2387 et
944 2332 1099 2387 aiunt
1147 2332 1215 2387 ad
1254 2348 1417 2389 eum:
1460 2333 1606 2387 Num
1649 2334 2051 2389 adoravcrimus
2083 2346 2131 2388 te

558 2424 683 2480 nos!
729 2426 968 2491 regnabis
994 2428 1130 2479 enim
1172 2434 1264 2478 aut
1286 2427 1482 2480 tenebis
1509 2442 1600 2479 nos
1632 2425 1675 2458 ³⁷
1701 2425 1725 2479 τ
1764 2425 1926 2480 Forte
1950 2438 2130 2481 autem

557 2515 1292 2589 irascebaturprimogenitus
1313 2528 1367 2573 et
1400 2519 1765 2588 primogeniti,
1800 2520 1924 2588 quia
1948 2520 2133 2588 junior

553 2607 768 2661 volebat
801 2610 1053 2664 omnibus
1099 2610 1414 2682 praeregari.
1450 2610 1632 2664 Voluit
1680 2611 1823 2665 enim
1862 2613 2128 2665 somnium

552 2696 740 2752 videre
790 2708 849 2752 ut
894 2701 995 2753 hoc
1021 2700 1151 2754 velit
1204 2715 1381 2755 :num
1443 2701 1752 2770 increpatnr
1802 2701 2001 2772 aliquis
2032 2717 2129 2756 cur

552 2788 824 2842 somnium
850 2789 1083 2843 viderit?
1116 2789 1316 2845 Tamen
1345 2789 1685 2861 obiurgatum
1711 2790 1912 2860 Ioseph
1944 2804 2049 2859 est,
2076 2803 2129 2847 et

554 2883 657 2935 hoc
685 2880 924 2936 secundo
950 2881 1097 2936 videt
1140 2892 1233 2937 :et
1272 2897 1340 2936 ne
1370 2884 1587 2952 quidem
1622 2886 1864 2939 secundo
1898 2888 2130 2940 abscon-

551 2971 635 3027 dit
670 2972 740 3027 ab
768 2972 853 3027 bis
883 2974 974 3041 qui
1009 2972 1135 3027 irati
1167 2972 1467 3028 iuerantde
1492 2976 1683 3043 priori.
1713 2976 1788 3029 lta
1817 2986 1937 3031 erat
1958 2976 2130 3032 frater

548 3062 618 3117 ad
658 3060 881 3120 fratres.
906 3062 987 3118 illi
1016 3072 1199 3118 autem
1237 3081 1302 3119 ex
1335 3068 1570 3120 secunda
1611 3067 1815 3121 visione
1850 3070 2129 3125 tirmantes

549 3156 815 3225 priorem,
839 3157 1105 3225 duplicem
1138 3157 1407 3212 habebant
1434 3158 1690 3213 invidiam
1727 3173 1780 3215 et
1809 3149 2127 3228 indignatio-

552 3265 675 3304 nent
720 3260 775 3304 et
809 3252 943 3303 iram
987 3251 1249 3305 adversus
1291 3249 1510 3320 .loseph.
1566 3252 1816 3309 Narravit
1871 3265 1925 3307 et
1981 3254 2123 3322 patri
2152 3283 2195 3341 ε

438 3395 448 3405 ,
550 3340 845 3406 somnium,
878 3340 1003 3409 quia
1053 3342 1131 3395 sol
1173 3351 1227 3396 et
1264 3341 1385 3395 luna
1436 3352 1491 3396 et
1542 3344 1792 3397 undecim
1850 3344 2017 3399 stellae
2063 3358 2124 3399 se

549 3433 855 3489 adorabant
883 3433 949 3487 ³³.
983 3432 1164 3488 Solem
1200 3436 1418 3505 quidem
1462 3436 1513 3488 in
1575 3436 1693 3490 loco
1746 3438 1917 3506 patris
1965 3436 2128 3492 intelo

554 3521 680 3593 lige,
712 3522 892 3576 lunam
920 3530 1098 3576 autem
1140 3524 1192 3576 in
1221 3524 1339 3577 loco
1373 3523 1583 3585 matris,
1614 3534 1670 3577 et
1700 3536 1927 3579 caetera.
1964 3524 2127 3580 Vide-

555 3622 645 3667 tur
673 3613 1095 3681 reprehensibile
1126 3629 1287 3680 esse;
1321 3616 1446 3683 quia
1485 3625 1657 3669 mater
1686 3614 1806 3683 ejus
1843 3630 1948 3669 non
1991 3615 2126 3669 vidit

551 3718 677 3758 eum
704 3702 757 3756 in
781 3701 953 3773 gloria
987 3721 999 3756 :
1041 3704 1498 3771 quemadmodum
1550 3718 1683 3775 ergo
1711 3705 2002 3761 adoravit?
2033 3694 2126 3759 aut

549 3809 697 3849 nunc
734 3798 994 3863 quaeritur
1025 3794 1177 3849 locus
1213 3795 1404 3848 matris
1430 3810 1592 3863 quem
1646 3795 1888 3863 implevit
1929 3796 2124 3865 cenjux

555 3886 765 3957 patris?
789 3886 957 3941 Simul
991 3896 1169 3939 autem
1198 3887 1369 3957 magis
1404 3887 1573 3942 stella:
1601 3888 1877 3951 undeciut,
1913 3888 2016 3942 hoc
2042 3898 2130 3942 est

552 3976 804 4032 undecim
847 3976 1067 4032 fratres.
1125 3977 1289 4032 Forte
1319 3989 1500 4033 autem
1552 3980 1673 4033 ideo
1728 3993 1800 4035 ex
1849 3979 2123 4035 sideribus

552 4082 678 4138 qua:
724 4069 777 4123 in
808 4070 947 4123 coelo
972 4079 1098 4123 sunt
1138 4070 1387 4138 apparuit
1433 4071 1726 4135 somnium,
1778 4080 1838 4123 ut
1885 4072 2122 4143 pretiosa

549 4160 929 4214 ostenderetur
960 4166 1239 4229 prosapies
1283 4163 1499 4231 generis
1524 4160 1659 4230 ejus.
1692 4163 1969 4217 Praefectus
2000 4174 2125 4219 sunt

549 4253 735 4321 itaque
790 4252 1241 4321 pmdicalioues;
1290 4253 1548 4319 praedicta
1597 4255 1742 4308 enim
1805 4264 1957 4318 sunt,
2006 4270 2125 4329 quae

546 4351 676 4399 sunt
701 4343 951 4413 pradicta
984 4342 1121 4414 (27).
1148 4343 1213 4397 Et
1243 4348 1372 4398 tunc
1397 4346 1628 4399 mittitur
1659 4362 1688 4400 a
1718 4355 1871 4415 patre
1893 4348 1996 4412 ,de
2018 4364 2125 4417 quo

546 4443 601 4491 el
640 4434 1035 4504 pmdictiones.
1084 4434 1459 4490 Pratdixerunt
1503 4436 1646 4491 enim
1704 4439 1980 4507 propheta:
2022 4456 2037 4493 :
2071 4448 2127 4497 et

558 4540 691 4583 tunc
738 4527 938 4583 missus
971 4539 1054 4582 est
1103 4526 1274 4582 Filius
1303 4545 1331 4581 a
1374 4529 1534 4583 Patre
1597 4530 1868 4586 Christus.
1923 4531 2121 4601 Ioseph

2239 683 2306 737 ad
2335 682 2705 752 propositum;
2741 688 2797 737 et
2832 678 3157 735 occidissent
3188 679 3397 749 utique,
3424 680 3534 734 nisi
3574 680 3673 749 qui
3706 695 3829 750 pro.

2247 776 2426 830 hibuit
2446 771 2599 829 Isaac
2622 788 2692 829 ne
2720 772 3087 836 occideretur,
3115 779 3174 825 ut
3202 786 3330 826 vero
3350 782 3674 826 servaretur
3694 788 3820 841 pas-

2237 867 2341 931 sio,
2366 862 2612 935 permisit
2636 873 2692 918 et
2717 862 2839 916 istic
2868 860 3077 916 firmam
3102 875 3222 916 esse
3245 859 3497 916 formam.
3549 860 3827 928 Quemad-

2237 957 2457 1013 modum
2500 970 2630 1027 ergo
2680 953 2855 1010 forma
2902 954 3188 1019 occiditur,
3234 963 3290 1009 et
3338 971 3448 1010 non
3487 955 3811 1011 occiditur:

2237 1058 2635 1119 proposuerunt
2662 1046 2909 1101 occidere
2938 1042 3161 1112 Joseph.
3207 1042 3328 1099 iam
3362 1046 3432 1101 ad
3464 1046 3811 1117 propositum

2236 1137 2679 1193 interlicientium
2707 1143 2951 1189 mortuus
2974 1141 3060 1189 est
3089 1132 3287 1203 Ioseph
3314 1152 3330 1189 :
3359 1136 3484 1204 quia
3516 1143 3580 1189 et
3614 1149 3815 1206 propo-

2234 1229 2351 1285 sito
2368 1228 2602 1285 Abrahai
2632 1226 2847 1282 oblatus
2876 1226 3028 1281 Isaac
3071 1234 3193 1289 est,
3245 1234 3300 1279 et
3344 1225 3684 1282 immolatus.
3736 1225 3819 1284 Illi

2236 1332 2417 1377 autem
2450 1336 2556 1393 non
2586 1319 2761 1376 solum
2788 1334 2895 1376 non
2919 1328 3044 1373 sunt
3082 1318 3323 1373 contenti
3375 1319 3663 1388 proposito
3695 1331 3817 1381 suo,

2234 1415 2329 1470 sed
2361 1413 2694 1482 accipientes
2720 1425 2845 1467 eum
2877 1411 3021 1471 facto
3046 1410 3246 1479 impetu
3283 1408 3575 1465 voluerunt
3603 1409 3825 1481 quidem

2234 1506 2504 1568 occidere,
2531 1503 2736 1560 detenti
2762 1511 2943 1558 autem
2979 1504 3047 1557 ab
3079 1517 3191 1557 uno
3222 1511 3371 1566 sunt,
3398 1503 3491 1571 qui
3519 1503 3823 1573 propch

2237 1606 2392 1653 verat
2422 1596 2579 1651 fratri
2625 1612 2640 1650 :
2686 1604 2740 1651 et
2785 1595 3008 1649 mittunt
3036 1610 3161 1651 eum
3187 1595 3458 1650 viventem
3515 1595 3577 1651 in
3621 1596 3827 1660 lacum,

2236 1690 2638 1745 annuntiantes
2691 1688 2814 1756 quia
2858 1688 3015 1743 vivus
3068 1687 3345 1743 descendit
3388 1690 3442 1743 in
3494 1688 3684 1760 lacum
3732 1704 3830 1761 pce

2234 1782 2461 1837 mortuis
2479 1780 2755 1839 Christus.
2782 1778 3000 1833 liadum
3017 1787 3196 1832 autem
3223 1777 3559 1845 occidentes,
3586 1780 3829 1836 tunicam

2231 1875 2427 1945 Joscplt
2460 1875 2674 1944 tingunt
2700 1872 2751 1927 in
2786 1870 3049 1942 sanguine
3089 1870 3250 1935 hadi,
3284 1880 3342 1924 ut
3370 1879 3522 1927 esset
3577 1870 3824 1941 suspicio

2233 1984 2328 2038 per
2374 1968 2714 2033 sanguinem,
2768 1973 2826 2020 ut
2854 1965 2995 2018 inter
3045 1973 3286 2019 mortuos
3318 1963 3454 2018 liber
3496 1964 3718 2020 vivens.
3758 1961 3819 2017 In

2232 2061 2347 2116 lacu
2375 2062 2557 2129 itaque
2588 2056 2907 2113 interfectus
2926 2052 3247 2125 estJoseph;
3280 2056 3639 2127 coinquinata
3675 2057 3823 2112 enim

2232 2159 2353 2207 erat
2376 2145 2497 2220 'ejus
2531 2150 2710 2205 tunica
2742 2166 2776 2207 a
2813 2150 3101 2217 sanguine.
3131 2150 3265 2206 Erat
3310 2161 3496 2207 autem
3539 2153 3740 2208 vivens
3768 2154 3821 2206 in

2239 2245 2358 2300 lacu
2388 2254 2512 2313 post
2568 2242 3005 2299 interfectionem
3041 2258 3165 2314 quas
3211 2244 3265 2298 in
3310 2243 3491 2298 tunica
3535 2242 3723 2299 fuerat
3750 2243 3830 2298 fa-

2231 2348 2340 2393 cta.
2374 2337 2687 2393 Transeunt
2728 2335 2947 2409 quidem
2980 2350 3013 2391 e
3054 2336 3333 2407 gentibus,
3390 2332 3596 2405 quibus
3634 2350 3828 2395 serva-

2231 2431 2392 2488 batur
2422 2432 2621 2486 bonnm
2648 2430 2793 2499 quod
2815 2439 2936 2484 erat
2972 2429 3025 2483 in
3051 2430 3169 2484 lacu
3211 2447 3227 2483 :
3265 2437 3321 2484 et
3352 2436 3535 2482 movet
3569 2428 3693 2496 (28)
3718 2427 3827 2497 spi—

2233 2526 2339 2579 ritu
2368 2539 2531 2578 unum
2566 2538 2598 2578 e
2650 2521 2919 2577 fratribus
2968 2521 3255 2576 consolare
3299 2536 3457 2574 suum
3491 2535 3748 2575 errorem
3775 2529 3837 2573 et.

2232 2618 2413 2672 dicere
2459 2633 2474 2674 :
2513 2632 2618 2670 non
2658 2616 2963 2671 occiduum
3012 2614 3256 2684 fratrem.
3307 2614 3596 2669 Amatores
3640 2624 3825 2668 autem

2228 2710 2581 2782 pecuniarum
2628 2708 2779 2763 fuere
2813 2717 2870 2762 et
2918 2705 3231 2763 Judaorum
3274 2715 3461 2775 patres
3501 2719 3520 2758 :
3557 2716 3615 2760 et
3658 2703 3825 2760 ludas

2230 2799 2551 2854 consiliator
2584 2812 2809 2865 eorum;
2842 2806 2899 2850 et
2941 2796 3149 2856 dixere,
3183 2793 3307 2849 Non
3348 2795 3693 2857 occidant”,
3747 2795 3825 2847 in~

2230 2892 2370 2961 quit,
2394 2907 2534 2956 eunt,
2563 2889 2693 2962 quia
2720 2904 2829 2944 non
2858 2903 3047 2944 sumus
3076 2886 3201 2957 ejus
3226 2888 3394 2957 digni.
3438 2885 3559 2940 Non
3606 2893 3686 2940 stt
3729 2899 3825 2939 no-

2229 2984 2438 3037 biscum
2470 2982 2561 3051 qui
2596 2980 2918 3037 beneficium
2968 2980 3128 3037 nobis
3196 2979 3458 3050 impertit.
3490 2978 3826 3033 Distrahitur

2228 3074 2415 3142 itaque
2444 3072 2674 3142 Josepb,
2705 3084 2761 3128 et
2819 3082 3030 3127 tantum
3081 3089 3112 3127 a
3173 3072 3649 3141 comparatoribus
3676 3072 3800 3126 arci

2241 3167 2391 3236 piunt
2427 3166 2682 3234 pretium,
2719 3175 2984 3235 quantum
3031 3165 3299 3220 dederunt
3329 3173 3385 3219 et
3430 3165 3705 3235 proditori
3734 3164 3827 3221 Ju-

2230 3259 2331 3321 daz,
2382 3268 2442 3310 ut
2471 3265 2525 3309 et
2580 3258 2813 3327 pretium
2869 3256 3202 3312 consentiret
3252 3267 3618 3312 sacramento.
3672 3256 3826 3313 παύω

2228 3359 2408 3402 autem
2442 3355 2561 3401 erat
2596 3347 2877 3403 consilium
2909 3359 2965 3404 et
3018 3358 3148 3404 tunc
3193 3360 3252 3402 ut
3299 3358 3506 3405 tantum
3552 3349 3826 3405 distrahe-

2230 3450 2381 3493 retur
2408 3439 2630 3509 Joseph.
2653 3438 2819 3495 Judas
2846 3449 3027 3496 autem
3056 3451 3163 3506 est,
3211 3442 3304 3511 qui
3340 3452 3396 3497 et
3427 3442 3482 3497 in
3522 3442 3827 3513 Evangelia

2228 3530 2485 3584 distrahit
2526 3530 2773 3587 Domino.
2810 3533 3066 3587 Ascendit
3109 3548 3140 3587 e
3186 3533 3305 3587 lacu
3349 3534 3441 3603 qui
3478 3532 3596 3600 jam
3642 3534 3827 3590 fuerat

2225 3621 2544 3679 interfectus
2577 3638 2675 3691 per
2710 3625 2947 3677 tunicam
2985 3642 3000 3680 :
3035 3634 3090 3679 et
3132 3626 3184 3678 in
3236 3627 3353 3679 lacu
3405 3634 3627 3694 putatus
3676 3641 3825 3682 mor-

2227 3724 2393 3779 tuus,
2455 3716 2756 3786 ingreditur
2812 3715 3128 3787 Egyptum.
3192 3718 3258 3773 Et
3304 3720 3497 3773 iterum
3560 3718 3688 3773 istic
3731 3734 3826 3790 per

2223 3806 2494 3866 insomnia
2554 3816 2610 3863 et
2672 3808 2936 3863 visionem
3014 3810 3216 3865 adunat
3275 3811 3482 3866 fructus
3528 3811 3826 3867 alimonia:

2226 3899 2422 3951 mundo
2455 3918 2468 3952 ;
2498 3907 2552 3952 et
2599 3913 2759 3968 quem
2808 3898 3200 3956 interfecerunt
3236 3900 3405 3956 Judaei
3454 3912 3509 3956 et
3550 3904 3826 3959 distraxe-

2227 3998 2375 4051 runt,
2414 3991 2577 4042 istum
2620 3990 2853 4046 adorant
2901 4000 3091 4064 gentes
3146 3993 3275 4047 dum
3326 4004 3645 4062 pascuntur.
3706 3996 3824 4052 Non

2224 4080 2371 4132 enim
2402 4078 2689 4151 Egyptios
2728 4074 2874 4137 solus
2909 4086 3060 4152 pavit
3108 4082 3347 4153 Ioseph;
3398 4085 3491 4139 sed
3548 4099 3619 4139 ex
3670 4089 3821 4142 omni

2228 4172 2431 4227 mundo
2484 4171 2830 4228 conﬂuebant
2879 4180 3070 4230 omnes
3123 4186 3314 4247 gentes
3364 4185 3419 4230 et
3473 4178 3696 4247 populi,
3752 4178 3825 4234 ad

2230 4262 2460 4317 formam
2526 4274 2711 4334 utpote
2761 4265 2974 4323 Domini
3022 4266 3173 4323 Jesu.
3229 4266 3428 4338 Joseph
3477 4280 3662 4326 autem
3706 4270 3820 4341 jam

2225 4356 2483 4427 pascebat
2515 4356 2711 4415 fratres
2745 4361 2913 4428 ipsos,
2955 4362 3165 4418 scilicet
3190 4362 3281 4431 qui
3322 4377 3381 4417 se
3422 4362 3820 4433 distraxerant,

2226 4456 2279 4505 et
2303 4447 2533 4516 pretium
2566 4461 2893 4516 acceperunt
2929 4468 3111 4508 suum.
3142 4451 3326 4509 Gratis
3364 4455 3663 4525 accipiens,
3696 4470 3819 4527 gra-

2234 4541 2300 4595 tis
2332 4540 2510 4597 dabat.
2543 4542 2609 4596 Et
2640 4542 2712 4596 illi
2744 4528 2963 4611 quidem
3002 4544 3122 4612 ejus
3160 4556 3487 4613 acceperunt
3531 4548 3767 4616 pretium
3799 4562 3816 4603 :

548 4632 731 4678 autem
792 4622 933 4677 filius
984 4624 1233 4678 veniebat
1278 4640 1307 4677 a
1361 4624 1516 4695 longe
1563 4627 1631 4680 ad
1684 4625 1884 4683 fratres
1938 4626 2125 4682 frater.
2160 4623 2203 4678 D
2234 4633 2347 4701 ipse
2376 4643 2555 4687 autem
2584 4634 2746 4689 tritici
2778 4638 3010 4704 pretium
3037 4651 3142 4691 non
3176 4639 3400 4707 accepit.
3432 4638 3535 4694 Ubi
3565 4654 3819 4710 ergoeoa

552 4713 721 4785 Magis
752 4724 930 4767 autem
964 4715 1031 4768 ad
1064 4729 1169 4769 non
1193 4714 1389 4771 fratres
1421 4717 1603 4771 frater.
1636 4719 1713 4772 Illi
1743 4721 2127 4778 anteinviden-

552 4817 636 4860 tes
662 4820 784 4858 eum
824 4820 853 4858 a
911 4805 1070 4874 longe
1114 4806 1440 4870 venientem,
1477 4809 1751 4863 dicuntea
1786 4824 1910 4877 qua:
1954 4818 2012 4863 et
2072 4811 2124 4864 in

550 4895 841 4965 Evangelia
864 4897 1062 4965 scripta
1089 4905 1215 4949 sunt
1242 4912 1255 4947 :
1290 4897 1400 4951 Iste
1439 4911 1514 4953 est
1555 4901 1743 4964 Itwres,
1773 4903 1938 4954 uenite
1990 4900 2128 4956 occi-

548 4991 735 5041 dantus
768 5004 910 5051 eum,
960 5005 1007 5041 et
1043 5000 1222 5043 nostra
1253 4992 1353 5043 erit
1397 4990 1676 5045 hazreditas
1708 4992 1774 5045 ”.
1824 4993 1979 5056 Ecce,
2036 4994 2126 5048 ille

551 5084 746 5150 inquit,
795 5083 1074 5135 somniatot
1129 5084 1289 5147 venit,
1325 5087 1492 5137 venite
1538 5086 1838 5141 occidamus
1885 5102 2025 5150 eum,
2071 5097 2119 5146 et

551 5176 823 5226 mittamus
845 5174 901 5226 in
933 5191 1094 5228 unum
1125 5192 1152 5230 e
1176 5178 1305 5229 lacis
1331 5177 1397 5240 ιθ,
1427 5178 1811 5232 annuntiantes
1845 5179 1969 5247 quia
2015 5195 2120 5232 non

550 5265 725 5317 solum
783 5266 1159 5333 interiicietur,
1192 5270 1285 5323 sed
1325 5270 1634 5323 inferiorem
1663 5272 1836 5324 locum
1876 5272 2118 5326 habebit.

555 5358 616 5413 lit
644 5356 841 5424 .loseph
872 5359 1087 5425 quidem
1138 5364 1617 5431 appropinquavit:
1664 5366 2122 5434 appropinquavit

550 5450 616 5499 ad
647 5446 905 5514 judicium
932 5448 1188 5517 fratrum,
1216 5454 1282 5507 ad
1312 5455 1671 5510 visitationem
1706 5456 1966 5512 malorum
1995 5474 2007 5510 ;
2045 5459 2120 5512 illi

629 5605 674 5635 "
704 5604 836 5660 Gen.
870 5621 1078 5667 xxxv",
1108 5607 1163 5665 7.

555 5673 599 5708 δ’
641 5674 796 5729 Rom.
836 5690 914 5740 ιιι,
941 5676 994 5730 5.

1268 5609 1310 5638 "
1348 5609 1499 5672 ibid.,
1532 5610 1587 5665 8.

630 5830 745 5899 (‘27)
776 5829 937 5911 Forte
964 5831 1205 5913 perfecta:
1232 5849 1350 5886 sum
1377 5835 1552 5913 itaque
1591 5838 1975 5907 pradictiones,
1994 5858 2106 5913 νεπ.

555 5900 692 5971 [ccta
714 5902 849 5955 enim
878 5912 998 5956 sunt
1022 5918 1139 5971 (μίαν
1164 5913 1282 5956 sunt
1322 5906 1591 5961 madictu.

1675 5611 1720 5642 "‘
1755 5612 1907 5680 ibitl.,
1945 5614 1996 5669 9.
2076 5616 2120 5646 ”
2148 5615 2333 5672 Manli.
2370 5634 2479 5676 ut.
2514 5616 2603 5671 58.

2232 4726 2321 4793 qui
2357 4722 2642 4781 aﬂixerunt
2683 4726 2832 4781 cruci
2860 4736 2915 4780 et
2953 4726 3365 4794 distraxerunt,
3406 4730 3580 4798 pascit
3623 4728 3813 4785 Domi-

2232 4831 2333 4869 nus
2364 4813 2559 4871 Jesus?
2595 4817 2669 4873 Ex
2707 4818 2838 4888 ipsis
2878 4817 3067 4874 Petrus
3091 4829 3195 4882 est,
3221 4834 3286 4875 ex
3323 4821 3459 4890 ipsis
3483 4832 3541 4876 et
3569 4821 3813 4889 Paulus,

2228 4917 2281 4959 et
2304 4906 2480 4961 επιετί
2521 4910 2769 4977 apostoli.
2799 4910 2866 4965 Et
2896 4911 3088 4966 fratres
3112 4920 3171 4966 et.
3194 4912 3419 4981 apostoli
3465 4914 3533 4967 ad
3577 4913 3804 4969 Paulum

2227 4999 2415 5052 dicuttt
2444 5015 2457 5051 :
2491 4998 2723 5055 Intueris
2749 5042 2762 5065 ,
2797 5004 2992 5069 inquit,
3025 5013 3227 5072 quanta
3253 5004 3422 5058 millia
3452 5015 3577 5059 sunt
3615 5007 3672 5061 in
3713 5005 3815 5060 λιι-

2232 5094 2347 5150 daea
2375 5095 2465 5164 qni
2500 5090 2837 5147 crediderunt
2858 5095 2942 5147 “i
2983 5095 3120 5161 Quid
3146 5111 3318 5152 autem
3348 5100 3395 5151 si
3425 5115 3529 5153 non
3570 5101 3804 5154 credide-

2232 5196 2352 5239 runt
2379 5187 2593 5257 quidam
2618 5187 2905 5256 .7'nttnqut'd
2928 5188 3268 5243 incredulitas
3301 5206 3481 5243 eorum
3515 5191 3681 5259 ﬁdem
3713 5191 3812 5247 Da'

2229 5280 2541 5334 evacuavit?
2573 5277 2721 5332 Absit
2748 5290 2918 5333 autem
2959 5280 3024 5336 δ’.
3059 5281 3127 5335 Ει
3169 5293 3520 5337 contumaces
3558 5283 3813 5337 volumus

2228 5371 2374 5437 pasci
2406 5386 2499 5437 per
2522 5369 2732 5423 .lesum.
2780 5371 3057 5425 Prohihuit
3098 5388 3193 5427 eos
3228 5374 3387 5429 idolis
3431 5375 3662 5429 servire.
3705 5376 3811 5430 Sed

2228 5477 2407 5516 sermo
2435 5463 2500 5516 ad
2530 5464 2806 5533 proposita
2824 5463 3063 5527 feStinat,
3098 5475 3157 5519 ut
3195 5467 3447 5519 ostendat
3472 5475 3525 5520 et
3556 5465 3808 5520 dolorem

2690 5615 2735 5649 "
2759 5616 2895 5673 Gen.
2932 5634 3140 5683 xxxvii,
3174 5617 3265 5675 20.
3342 5620 3383 5652 δ’
3411 5623 3533 5676 Act.
3564 5637 3685 5688 xu,
3714 5619 3809 5679 ω.

2288 5843 2404 5916 (‘28)
2448 5845 2672 5917 Spiritu.
2717 5847 2884 5907 Eorte
2915 5850 3157 5923 spiritus.
