4000 6466
221 549 355 611 ιω»

1373 545 1465 601 DE
1498 545 2105 605 RESURRECTIONE.
2156 578 2215 590 -—
2251 545 2385 604 LIB.
2424 548 2469 604 i.

3356 549 3501 608 {088

212 664 413 737 Iacob,
443 679 499 725 et
528 662 653 739 quia
687 680 806 723 non
836 666 940 723 ista
964 666 1077 723 vita
1102 680 1231 738 spes
1267 675 1353 722 est
1381 667 1672 738 religiosis.
1698 666 1810 723 Pu-
1839 672 1885 729 Α
1916 684 2022 723 non
2062 667 2312 739 permisit
2337 682 2464 724 eum
2506 667 2651 724 Deus
2681 685 2697 723 :
2729 665 2923 723 habuit
2969 665 3250 723 solatium.
3298 665 3501 724 Dilexit

216 768 313 817 tas
364 770 542 833 potest
583 758 860 817 sustinere
927 760 1046 816 sine
1112 759 1369 831 iacrytnis
1424 760 1811 815 audirezcum
1912 760 2057 815 enim
2089 773 2213 815 eum
2247 759 2341 830 qui
2364 767 2593 825 emerat,
2616 773 2777 829 quem
2821 759 3052 813 oderant
3086 756 3313 816 fratres.
3359 756 3500 825 Quid

209 853 413 909 tunica
450 851 541 907 illa
577 850 842 922 sanguine
868 851 1035 905 tincta
1063 850 1117 904 in
1148 865 1308 905 manu
1339 848 1509 907 Iacob
1529 860 1616 906 est
1636 850 1812 920 posita
1912 853 2099 925 igitur,
2164 853 2289 909 istic
2333 861 2494 923 putas
2531 851 2861 908 obdormivit
2914 850 3161 905 invidia?
3198 859 3358 919 putas
3395 849 3499 905 de-

210 958 353 999 cum
390 957 526 999 voce
553 942 643 996 illa
670 941 949 997 conﬁcta?
976 940 1170 1009 Istam,
1198 942 1394 1012 inquit,
1418 944 1712 998 "inuenimus
1735 941 1806 1008 ⁸³,

201 1033 389 1088 istam
414 1030 683 1102 sanguine
702 1029 990 1102 pollutam,
1029 1045 1265 1101 agnosce
1297 1028 1453 1101 cujus
1490 1041 1576 1087 est
1599 1032 1805 1097 tunica,

1913 944 2097 1014 spexit
2120 942 2366 1001 diabolus
2380 943 2807 999 consolationem
2835 940 3035 1012 Ioseph
3052 942 3077 995 ἲ
3095 939 3339 996 Habebat
3364 954 3499 995 con—

1903 1034 2089 1106 jugem
2113 1034 2402 1107 Egyptius
2430 1035 2478 1068 “
2546 1054 2559 1090 :
2625 1050 2723 1107 per
2752 1034 3036 1090 mulierem
3064 1033 3228 1103 igitur
3252 1030 3499 1088 diabolus

200 1136 462 1193 agnosce
493 1131 645 1177 tuum
671 1122 935 1177 dolorem.
962 1121 1130 1178 Dolor
1156 1122 1373 1192 quidem
1395 1134 1518 1179 erat
1539 1125 1714 1193 patris
1740 1124 1807 1178 de
1914 1127 2279 1185 machinatur.
2320 1127 2595 1198 Diiigitur,
2628 1127 2822 1197 inquit,
2856 1126 3030 1182 bonus
3074 1139 3183 1180 non
3223 1125 3383 1180 bene.
3426 1120 3497 1179 Et

191 1224 437 1270 mortuo
462 1213 685 1287 Ioseph.
712 1214 841 1271 Erat
868 1229 976 1270 non
1002 1214 1262 1272 ferendus
1306 1215 1483 1281 dolor,
1533 1218 1660 1285 quia
1704 1230 1806 1272 nec

190 1315 351 1362 ante
400 1306 593 1361 oculos
642 1320 773 1362 suos
821 1306 1135 1363 decesserat
1172 1306 1317 1371 ﬁlius
1355 1307 1617 1363 :videtur
1655 1308 1801 1363 enim

186 1396 366 1452 istud
391 1396 649 1451 solatium
698 1411 820 1452 esse
865 1398 992 1466 quia
1039 1395 1214 1462 aﬂuit,
1271 1397 1401 1468 quia
1450 1398 1801 1453 novissimam

184 1486 341 1555 ejus
372 1503 563 1544 vocem
592 1488 854 1558 suscepit,
883 1488 1010 1557 quia
1036 1497 1091 1543 et
1116 1488 1325 1544 dimisit
1365 1488 1416 1543 ei
1441 1489 1510 1544 ad
1550 1489 1804 1544 consola-

131 1570 136 1573 ’
187 1580 423 1636 tionem
476 1579 723 1643 verbum,
758 1578 885 1649 quia
932 1577 1191 1648 reliquias
1227 1579 1349 1647 ejus
1400 1579 1801 1635 commendavit

184 1678 400 1727 tam.
434 1670 564 1725 Cum
602 1680 782 1725 autem
809 1677 1058 1724 mortuus
1079 1668 1244 1725 fuerit
1276 1669 1502 1741 Ioseph,
1535 1682 1798 1740 quantum

178 1763 279 1817 ad
312 1762 566 1818 nuntium
595 1770 901 1832 exspectat,
939 1772 1201 1833 quantum
1250 1762 1318 1819 ad
1366 1764 1795 1831 distractionem,

178 1866 258 1908 et
298 1855 569 1909 incertum
609 1852 682 1907 sit
704 1853 1058 1907 homicidium
1081 1861 1174 1907 aut
1206 1867 1378 1914 mors,
1408 1854 1580 1909 incisa
1614 1866 1793 1909 autem

179 1954 344 2001 sunt
370 1946 540 2015 patris
567 1945 796 2002 viscera.
833 1938 1031 2001 Omnia
1072 1946 1405 2015 suspicatur,
1453 1947 1637 2003 omnia
1684 1948 1789 2003 sibi

1903 1234 2034 1274 vere
2060 1232 2203 1273 nunc
2232 1218 2463 1272 incurrit
2501 1218 2556 1272 in
2589 1216 2759 1272 feram
2799 1214 3020 1285 Ioseph,
3072 1223 3128 1269 et
3171 1214 3493 1284 ﬁgmentum

1906 1310 2137 1365 fratrum
2164 1307 2422 1363 transivit
2442 1308 2509 1362 ad
2539 1315 2740 1362 actum.
2770 1306 2963 1361 Mulier
2996 1306 3274 1370 insistens,
3297 1303 3496 1359 mulier

1900 1401 2249 1470 semetipsam
2270 1399 2559 1467 decorans,
2586 1400 2653 1453 ad
2673 1398 2923 1468 laqueum
2944 1396 3123 1452 verbis
3140 1395 3389 1460 illicieus,
3416 1393 3463 1449 ia

1900 1489 2242 1561 pidibus(32)
2274 1490 2532 1555 suadens,
2567 1490 2823 1544 odoribus
2847 1487 3087 1556 capiens,
3117 1496 3172 1542 et
3195 1486 3377 1541 varias
3398 1500 3494 1540 ve-

1899 1592 2015 1637 stes
2031 1592 2089 1635 ut
2110 1581 2243 1634 retia
2260 1580 2591 1649 expandens.
2615 1578 2681 1633 Et
2695 1579 2905 1633 intuere
2922 1578 3053 1632 mihi
3072 1577 3416 1647 peregrinum
3436 1582 3493 1629 et

1900 1671 2325 1727 adolescentem.
2353 1670 2572 1726 intuere
2595 1686 2719 1726 eum
2743 1670 2834 1738 qui
2864 1685 2969 1725 non
2998 1669 3232 1723 habebat
3252 1679 3488 1738 patrem,

1898 1775 2005 1815 non
2038 1770 2270 1814 matrem
2303 1769 2647 1829 praesentem.
2688 1759 2901 1814 intuere
2940 1758 3261 1813 distractum
3314 1770 3343 1810 a
3378 1754 3489 1809 fra-

1898 1853 2093 1917 tribus,
2119 1860 2174 1907 et
2200 1860 2387 1907 contra
2422 1850 2739 1922 dignitatem
2793 1849 3122 1905 servientem
3170 1848 3485 1915 ingenuum,

1894 1952 1949 1999 et
1977 1958 2184 2000 memor
2205 1952 2323 1999 esto
2362 1944 2652 1999 verborum
2681 1956 2802 2011 qua
2823 1958 2853 1995 a
2881 1941 3110 1996 muliere
3155 1938 3489 2009 promeban-

178 2035 495 2100 describit,
532 2045 588 2092 et
642 2036 839 2092 multas
877 2045 1080 2092 mortes
1125 2052 1227 2107 pro
1268 2052 1376 2093 una
1420 2039 1687 2094 imitatur.
1726 2038 1786 2095 Si
1818 2020 1863 2076 Β
1896 2046 2005 2096 tur.
2033 2047 2088 2091 et
2124 2035 2215 2090 illa
2268 2036 2394 2091 iicta
2442 2033 2689 2090 mulieris
2727 2033 3117 2088 blandimenta.
3169 2029 3387 2084 intuere
3430 2034 3488 2082 et

178 2129 336 2199 quis
364 2129 595 2184 sustinet
635 2127 719 2183 vel
752 2130 996 2183 auditum
1019 2168 1037 2193 ,
1083 2143 1191 2184 nou
1236 2127 1412 2184 solum
1448 2132 1542 2199 qui
1582 2131 1787 2202 genuit,

177 2220 297 2276 vel
323 2221 416 2290 qui
446 2219 672 2287 audivit,
702 2221 885 2274 tunica
916 2220 1217 2289 composita
1266 2231 1322 2275 et
1368 2221 1570 2285 scissa;
1616 2222 1691 2277 ita
1727 2229 1791 2278 ut

177 2319 255 2366 et
290 2318 551 2380 parerent
580 2324 793 2365 morsus
814 2309 945 2365 fere
971 2312 1219 2380 impressi
1250 2325 1350 2381 per
1377 2312 1637 2367 tunicam.
1667 2311 1790 2369 Utl-

186 2416 337 2456 nam
366 2401 655 2464 dixissent,
678 2401 805 2471 quia
830 2411 886 2456 et
909 2402 962 2457 in
994 2400 1170 2457 lacum
1216 2402 1418 2457 cecidit
1456 2402 1741 2459 ambulans
1766 2420 1783 2459 :

181 2500 257 2547 et
283 2492 575 2548 videbatur
598 2493 910 2564 figmentum
958 2492 1260 2563 proximum
1310 2494 1524 2548 veritati
1568 2493 1783 2552 haberi.

188 2584 315 2640 Sed
354 2586 592 2655 suspecti
616 2597 743 2642 sunt
778 2601 847 2641 ne
877 2596 1247 2658 arguerentur.
1282 2587 1613 2657 Requirebat
1638 2590 1782 2647 enim

186 2676 272 2733 ab
294 2676 380 2732 eis
407 2677 673 2747 reliquias
705 2687 879 2747 pater.
922 2676 1218 2749 Suspectus
1248 2680 1427 2748 itaque
1465 2679 1635 2737 Iacob
1674 2691 1780 2747 est,

188 2767 333 2837 quia
360 2778 600 2825 mortuus
620 2778 704 2824 est
732 2768 972 2837 Ioseph,
1006 2778 1062 2825 et
1098 2784 1222 2825 esca
1254 2770 1432 2826 factus
1476 2781 1562 2826 est
1606 2772 1778 2828 feris:

191 2859 594 2914 nuntiaverunt
642 2858 786 2914 enim
828 2858 1067 2925 fratres,
1115 2862 1417 2917 testabatur
1472 2871 1531 2918 et
1574 2864 1778 2920 tunica.

193 2948 342 3016 Quis
371 2958 634 3019 portaret,
664 2950 787 3019 quis
806 2950 1101 3007 sustineret
1126 2966 1335 3007 memor
1353 2952 1498 3008 illius
1530 2952 1735 3025 Ioseph
1754 2955 1780 3009 ἲ

190 3055 327 3095 cum
377 3048 522 3097 esset
579 3056 701 3096 cum
749 3051 906 3112 patre
979 3052 1271 3112 antequam
1339 3043 1777 3101 distraheretur?

193 3122 387 3187 decem
429 3138 484 3186 et
502 3140 710 3201 septem
736 3132 895 3187 annis
931 3142 1051 3187 erat
1087 3133 1137 3187 ei
1170 3142 1436 3199 mortuus,
1491 3144 1550 3190 et
1590 3136 1777 3192 tunica

1894 2128 2113 2183 divitias
2139 2126 2361 2198 Ξυνιί
2407 2136 2658 2181 ostensas
2703 2140 2735 2180 a
2779 2124 3033 2193 conjuge,
3089 2120 3487 2192 promissioues

1894 2220 2161 2284 mulieris,
2190 2219 2470 2274 tristitiam
2498 2218 2651 2288 pueri
2680 2234 2695 2273 :
2734 2216 2888 2287 pueri
2928 2214 3256 2286 angustiam,
3285 2211 3485 2267 mulle-

1895 2311 1973 2367 ris
2000 2311 2422 2375 abundantiam;
2455 2316 2777 2381 potestatem
2802 2308 2948 2363 enim
2988 2304 3225 2363 habebat
3250 2303 3480 2369 domus;

1891 2401 2619 2459 additamentatentationis.
2643 2400 2865 2456 Dicebat
2887 2398 3032 2455 enim
3057 2396 3254 2452 mulier
3275 2394 3479 2452 multa:

1890 2510 1998 2551 non
2030 2494 2288 2550 audiebat
2306 2502 2490 2549 autem
2516 2493 2765 2563 pudicus.
2798 2491 3135 2561 Depingebat
3157 2488 3260 2545 sibi
3292 2488 3483 2545 oculos

1888 2588 1981 2644 illa
2012 2606 2026 2643 :
2050 2587 2254 2658 Ioseph
2281 2596 2463 2643 autem
2488 2601 2617 2641 suos
2645 2584 2957 2641 claudebat.
3008 2583 3100 2639 illa
3122 2597 3182 2638 se
3203 2582 3480 2652 lapidibus

1887 2676 2317 2734 coronabat:et
2367 2676 2459 2732 ille
2504 2689 2565 2731 se
2626 2690 2657 2729 a
2716 2673 2990 2745 lapidibus
3052 2688 3120 2729 ne
3178 2672 3481 2729 oli‘enderet

1887 2767 2262 2824 custodiebat.
2311 2766 2407 2821 illa
2456 2765 2859 2835 contorquebat
2906 2763 3133 2833 capillos
3196 2778 3327 2818 suos
3365 2780 3379 2817 :
3421 2770 3479 2817 et

1884 2860 1980 2917 ille
1998 2859 2213 2915 vitabat
2237 2858 2555 2913 utvincula.
2587 2856 2681 2912 illa
2713 2857 2870 2910 varia
2909 2856 3239 2911 vestimenta
3286 2854 3479 2908 uteba-

1886 2960 2013 3008 tur:
2045 2960 2100 3007 ct
2139 2950 2231 3005 ille
2265 2950 2584 3005 intuebatur
2606 2948 2955 3019 opiﬁciorum
2990 2947 3333 3002 varietatem.
3384 2944 3478 3001 Illa

1882 3041 2135 3099 movebat
2163 3042 2515 3113 thymiamata
2544 3042 2610 3096 ad
2632 3042 2855 3096 odorem
2884 3055 2900 3092 :
2937 3039 3026 3095 ille
3049 3048 3234 3093 autem
3251 3037 3477 3093 odorem

1881 3137 2158 3207 pudicitia:
2199 3136 2441 3192 odorans
2500 3136 2757 3191 domabat
2798 3149 2954 3189 suam
3004 3124 3472 3198 adolescentiam,

192 3221 563 3280 immortalem
598 3223 921 3293 suggerebat
949 3233 1202 3281 mortem.
1244 3223 1402 3285 Sicut
1436 3226 1582 3283 enim
1610 3228 1777 3284 mise—
1875 3230 2065 3299 junior
2096 3239 2362 3301 quantum
2388 3228 2456 3283 ad
2479 3235 2718 3294 aetatem,
2752 3225 2941 3282 senior
2970 3234 3153 3278 autem
3181 3222 3470 3293 sapientia.

194 3313 442 3370 ricordes
485 3323 613 3368 sunt
670 3324 892 3384 patres,
942 3330 1331 3387 nonnunquam
1382 3327 1445 3373 ut
1508 3318 1777 3374 retineant

193 3406 399 3477 ﬁguras
425 3406 662 3462 lliiorum
693 3423 791 3477 per
819 3407 1030 3463 colores
1062 3408 1403 3480 depingunt,
1448 3410 1779 3481 easdemque

193 3501 503 3559 recondunt
528 3501 581 3554 in
608 3499 880 3565 domibus,
908 3510 969 3555 ut
997 3509 1192 3570 putant
1219 3501 1439 3569 quidam
1472 3501 1540 3556 ad
1577 3515 1781 3557 conso-

192 3590 479 3647 lationem.
528 3589 846 3660 Eﬂlgiantur
879 3593 947 3647 ad
993 3593 1425 3648 admonitionem
1478 3593 1775 3649 dolorum:

193 3685 271 3739 ita
298 3693 353 3739 et
374 3683 557 3738 tunica
589 3683 679 3739 illa
702 3684 982 3739 recondita
1013 3683 1183 3749 domi,
1229 3693 1287 3738 et
1321 3684 1529 3740 habens
1555 3683 1777 3754 sangui-

193 3790 323 3834 nem
348 3776 835 3833 inveterascsntem
862 3791 968 3830 non
1000 3774 1136 3830 badi
1164 3783 1407 3844 putatum
1425 3775 1520 3831 sed
1553 3772 1774 3844 Ioseph,

191 3880 252 3926 et
281 3886 494 3925 morsus
528 3869 811 3940 compositi
855 3867 969 3940 (29)
1019 3876 1077 3926 et
1130 3867 1370 3939 impositi
1414 3866 1677 3934 ferarum,
1720 3877 1779 3924 et

193 3964 301 4022 hoc
326 3962 651 4018 silvestrium
675 4001 692 4027 ,
726 3975 945 4031 semper
986 3959 1257 4016 faciebant
1299 3961 1542 4015 dolorem
1566 3959 1773 4016 Iacob:

190 4053 405 4115 videns,
430 4052 774 4116 condiscens,
801 4062 1029 4122 tangens
1052 4065 1271 4122 semper
1292 4051 1463 4107 lilium
1494 4067 1596 4123 per
1626 4052 1775 4108 illam

193 4146 430 4203 tunicam
462 4144 575 4216 (50)
606 4164 620 4199 :
653 4155 878 4215 tangens
910 4158 1030 4199 eam
1052 4154 1109 4199 et
1132 4144 1307 4201 oculis
1345 4144 1557 4201 videns.
1602 4143 1671 4201 Et
1709 4160 1776 4215 ne

189 4237 316 4307 quis
342 4237 699 4307 reprehendat
740 4249 1046 4292 sermonem
1074 4278 1089 4303 ,
1125 4234 1253 4306 quia
1292 4236 1564 4292 dolentem
1600 4236 1775 4291 intro-

187 4327 556 4396 ducojustuut
586 4346 601 4383 :
629 4338 756 4383 sunt
800 4327 945 4383 enim
990 4339 1045 4383 et
1092 4329 1475 4385 misericordes
1514 4330 1773 4399 religiosi.

193 4418 330 4475 Nam
381 4428 437 4475 et
482 4420 791 4475 audivimus
844 4436 969 4477 eum
1020 4422 1493 4479 dicentetutthms
1552 4441 1773 4491 omnes,

190 4511 389 4581 inquit,
434 4511 538 4579 ﬁlii
582 4522 629 4566 et
672 4513 801 4581 [ilia
852 4517 1197 4570 accessissent
1248 4526 1305 4569 ut
1376 4516 1776 4570 consolarentur

186 4617 331 4665 eum,
367 4618 469 4656 non
490 4605 711 4673 suscepit
731 4620 910 4658 eorum
937 4605 1353 4662 consolationem
1377 4607 1453 4673 “;
1480 4622 1592 4677 Anon
1625 4608 1773 4663 sine-

1802 3372 1849 3431 ϐ

1880 3324 2015 3381 Cum
2045 3334 2226 3378 autem
2253 3337 2360 3377 non
2406 3318 2676 3375 valuisset
2711 3315 2960 3372 mulieris
3002 3314 3433 3370 blandimentum
3453 3349 3474 3379 ,

1878 3415 2162 3473 transtulit
2194 3411 2630 3468 blandimentum
2669 3409 2736 3463 ad
2772 3410 2906 3461 vim.
2953 3404 3103 3461 Nova
3132 3404 3332 3474 quippe
3354 3411 3473 3458 tra-

1880 3510 2063 3581 gmdia
2090 3509 2144 3563 in
2169 3506 2350 3578 primo
2376 3504 2540 3559 [iebat
2567 3500 2772 3570 Ioseph
2798 3540 2814 3566 ,
2867 3499 3013 3554 forte
3042 3506 3098 3553 et
3125 3496 3265 3553 solo.
3290 3495 3475 3567 Siqui-

1877 3602 2001 3655 dem
2023 3614 2053 3655 a
2086 3599 2223 3654 viris
2256 3597 2366 3651 vim
2398 3595 2514 3666 pati
2552 3592 2847 3658 mulieres,
2887 3600 3083 3645 natura
3126 3590 3244 3659 ipsa
3280 3586 3475 3643 mulie-

1879 3708 2000 3748 rum
2028 3691 2266 3746 suadet:
2302 3686 2504 3758 Ioseph
2552 3694 2738 3740 autem
2792 3684 2944 3739 solus
2995 3696 3027 3736 a
3074 3680 3304 3737 muliere
3360 3677 3473 3734 vim

1876 3780 2285 3854 periclitabatur
2332 3778 2627 3835 sustinere.
2679 3775 2924 3830 Accessit
2966 3773 3113 3829 enim
3163 3770 3359 3826 mulier
3401 3771 3472 3826 ad

1878 3875 2301 3939 adolescentem,
2360 3872 2475 3929 sola
2528 3869 2596 3926 ad
2660 3869 2836 3925 solum
2866 3887 2879 3923 :
2914 3867 3196 3923 hominum
3248 3863 3473 3918 videbat

1877 3970 2075 4025 nullus.
2118 3967 2214 4023 ille
2240 3975 2421 4021 autem
2452 3966 2546 4035 qui
2581 3963 2651 4019 ab
2676 3961 2990 4019 hominibus
3019 3973 3130 4013 non
3157 3957 3469 4022 videbatur,

1878 4060 2048 4116 Deum
2129 4056 2457 4115 invisibilem
2536 4053 2870 4109 intuebatur.
2950 4049 3287 4105 lmmittebat
3352 4046 3471 4101 fera

1876 4150 2109 4221 ungulas
2131 4163 2259 4205 suas
2308 4146 2380 4203 ad
2425 4145 2670 4201 tunicam
2723 4142 2948 4212 Ioseph.
3004 4140 3096 4195 ille
3142 4148 3324 4194 autem
3371 4137 3469 4206 qui

1877 4248 2236 4301 consueverat
2268 4238 2449 4295 tunica
2472 4236 2699 4301 salvari,
2734 4244 2789 4290 et
2813 4234 2906 4305 qui
2930 4232 3172 4287 tunicam
3203 4228 3471 4285 fratribus

1876 4333 2047 4397 dedit,
2072 4340 2128 4387 et
2153 4346 2185 4386 a
2211 4312 2529 4400 deceptione
2556 4326 2783 4382 fratrum
2805 4334 2893 4380 est
2920 4322 3208 4386 liberatus,
3247 4319 3472 4389 reliquit

1875 4436 1933 4482 et
1966 4438 2109 4480 nunc
2130 4423 2369 4478 tunicam
2394 4421 2451 4477 iu
2482 4436 2645 4476 manu
2674 4417 2948 4482 mulieris,
2984 4422 3044 4469 ut
3080 4429 3189 4469 non
3230 4412 3471 4467 dimitte-

1877 4528 1962 4575 ret
1981 4531 2135 4573 suam
2162 4516 2399 4571 animam
2434 4513 2488 4569 in
2516 4512 2764 4567 manibus
2804 4507 3151 4581 impudicitia:
3178 4526 3191 4561 :
3224 4515 3278 4562 et
3299 4504 3470 4561 exivit

1876 4611 2051 4666 nudus
2090 4624 2122 4665 a
2155 4608 2358 4675 tunica,
2400 4604 2660 4677 pudicitia
2708 4612 2889 4659 autem
2930 4602 3163 4655 amictus
3197 4613 3319 4665 sua,
3376 4596 3469 4652 illo

187 4696 284 4751 bat
313 4697 455 4751 enim
490 4698 671 4752 tunica
698 4702 962 4771 sanguine
1007 4702 1196 4757 tincta.
1248 4702 1396 4758 Dixit
1440 4705 1583 4758 enim
1613 4719 1629 4759 :
1664 4704 1770 4759 De-
1805 4723 1853 4779 ι)
1880 4711 2068 4759 sancto
2088 4710 2143 4758 et
2174 4700 2370 4772 pudico
2398 4698 2718 4754 vestimento
2763 4694 3004 4750 indutus.
3058 4689 3252 4745 Mulier
3285 4697 3467 4743 autem

184 4791 433 4845 scendam
457 4792 525 4845 ad
554 4790 818 4859 infernum
839 4810 957 4849 cum
985 4796 1164 4850 dolore
1194 4797 1264 4849 ad
1283 4796 1456 4865 ﬁliuni
1481 4797 1529 4830 “
1558 4817 1572 4852 :
1601 4807 1783 4856 tantus
1882 4796 2071 4850 videns
2097 4794 2250 4865 pueri
2299 4788 2690 4854 constantiam,
2729 4798 2785 4844 et
2833 4785 3104 4857 pudicitiae
3157 4780 3464 4850 imperium,

186 4890 310 4935 erat
355 4883 528 4938 llOlOl‘.
564 4884 666 4941 Ubi
695 4900 826 4957 ergo
861 4888 1147 4955 promissio
1188 4889 1318 4944 est?
1360 4890 1513 4959 cujus
1546 4891 1780 4960 promis-

187 4975 395 5029 sionem
435 4976 707 5046 impletam
741 4980 880 5047 patri
932 4978 1147 5035 deﬂenti
1203 4990 1298 5035 aut
1330 4981 1442 5038 lilio
1482 4982 1776 5037 morienti?

1876 4887 2128 4943 detinens
2165 4885 2404 4940 tunicam
2447 4882 2586 4952 ejus,
2632 4880 2777 4936 sicut
2824 4892 2987 4933 canes
3033 4876 3347 4931 irascuntur
3396 4872 3467 4925 ad

1873 4978 2078 5051 lapides
2099 4976 2193 5049 qui
2223 4977 2289 5031 ad
2314 4991 2409 5031 eos
2437 4974 2643 5030 fuerint
2675 4972 2829 5028 missi
2861 4993 2873 5027 :
2903 4981 2958 5026 et
2985 4969 3128 5024 sicut
3152 4968 3467 5039 frequenter

188 5066 326 5121 Nam
352 5069 451 5121 etsi
482 5085 587 5124 non
613 5080 696 5125 est
722 5081 988 5136 mortuus,
1025 5081 1207 5128 tamen
1233 5075 1484 5129 timorem
1513 5081 1769 5143 expertus
1871 5072 2093 5144 quidam
2165 5068 2484 5138 eﬂ'ugientes
2554 5066 2760 5123 bestias
2792 5106 2807 5131 ,
2884 5074 3094 5135 partem
3155 5062 3463 5116 vestimenti

187 5169 275 5214 est
305 5162 515 5216 mortis.
569 5161 702 5215 Puta
754 5166 882 5232 quia
912 5180 1019 5219 non
1066 5176 1152 5220 est
1183 5175 1473 5231 mortuus,
1526 5179 1634 5220 non
1685 5173 1774 5219 est
1865 5166 2159 5235 jactantes,
2214 5162 2422 5217 faciunt
2460 5176 2555 5216 eas
2604 5161 2743 5215 iram
2787 5160 2843 5214 in
2894 5166 3102 5228 partem
3158 5153 3461 5209 vestimenti

185 5251 501 5317 distractus,
548 5269 653 5307 non
708 5258 942 5311 serviit?
990 5257 1083 5313 ille
1132 5257 1263 5327 quia
1320 5258 1372 5314 in
1437 5260 1559 5315 sinu
1618 5259 1768 5313 lusus
1870 5258 2140 5327 deponere
2165 5269 2317 5309 suam
2356 5255 2475 5310 :ita
2494 5253 2581 5308 illa
2607 5253 2728 5318 lea,
2758 5262 2852 5307 aut
2877 5251 2979 5306 alia
3004 5251 3247 5320 quasdam
3291 5246 3463 5302 bestia

186 5344 359 5413 patris
382 5344 493 5414 (5i)
526 5360 710 5415 agens,
751 5363 857 5401 non
885 5349 1207 5405 mittebatur
1251 5349 1424 5414 foras,
1466 5365 1611 5405 nunc
1654 5363 1770 5404 ser-

1868 5350 2010 5414 dira,
2029 5349 2268 5403 tunicam
2291 5346 2471 5416 pudici
2498 5346 2795 5416 accipiens,
2818 5355 2873 5399 et
2894 5343 3143 5399 manibus
3170 5352 3224 5396 et
3248 5340 3464 5412 ungulis

188 5434 285 5489 vit.
320 5432 504 5488 Servit
531 5446 735 5500 autem,
771 5446 826 5490 et
850 5442 1167 5493 servitutem
1212 5438 1616 5511 .Egyptiorum.
1656 5439 1764 5495 Sed
1870 5440 2340 5512 comprebettdens
2364 5448 2420 5495 et
2446 5448 2659 5505 tenens,
2688 5449 2745 5495 et
2774 5439 3027 5495 scindens
3050 5437 3285 5493 undioue
3316 5449 3463 5489 com-

259 5634 307 5670 ”
332 5632 467 5691 Gen.
503 5650 703 5699 xxxvii,
737 5635 827 5691 52.
901 5636 1105 5692 “ibid.
1154 5638 1245 5693 55.
1319 5639 1364 5671 "
1387 5640 1516 5695 ibid.
1579 5641 1637 5673 ³³⁸
1676 5640 1815 5698 Gen.
1852 5656 2045 5706 χχιιι,
2094 5638 2148 5693 7.

261 5836 374 5909 (29)
425 5837 632 5893 Marsus
685 5842 974 5908 wmpositi.
1016 5840 1289 5899 liorsuum
1332 5857 1472 5903 nota:
1518 5846 1760 5909 ronliclte

194 5908 257 5963 ad
289 5907 575 5961 'allemium
601 5907 827 5976 patrem.

262 5977 371 6049 (30)
403 5978 499 6035 Ms.
535 5977 639 6035 Per
676 5981 821 6039 illam
858 5982 1099 6055 electam
1134 5987 1382 6052 tunicam.

1939 5845 2055 5916 (5i)
2086 5843 2152 5916 In
2194 5848 2311 5899 sinu
2335 5852 2480 5900 tusus
2503 5848 2693 5911 patris.
2734 5847 2839 5902 Pro
2869 5849 2921 5901 in
2955 5850 3071 5902 sinu
3102 5851 3269 5916 patris
3302 5850 3451 5908 Iustis

1868 5914 2048 5987 agetis.
2080 5914 2254 5987 Supra
2281 5932 2401 5985 pag.
2441 5916 2563 5973 £85.
2600 5933 2654 5971 a.
2687 5917 2817 5971 Post
2842 5921 3010 5986 futuri
3040 5914 3161 5974 ιιίηι
3190 5932 3266 5981 tt.

1880 5984 1919 6069 ί
1939 5984 2051 6059 (δὴ
2083 5984 2395 6062 lapidibus,
2429 5990 2479 6043 id
2506 5999 2623 6055 est,
2660 5984 2895 6055 qemutt'rs.
