4000 6420
557 428 699 487 εοετ

1202 428 1472 486 EUSEBII
1511 430 1876 488 CESARIEN
1885 435 1991 490 SIS
2027 437 2124 491 OPJ

2225 441 2398 494 PARS
2436 444 2525 495 IV.
2564 470 2638 482 —
2674 448 3094 503 WbMA'I'lLA.

558 549 796 617 ponebat
836 545 1024 601 falsam
1068 548 1501 605 adinveutionem
1548 567 1701 606 suam
1728 555 1926 624 pudico
1963 556 2135 609 ascri~
2164 560 2211 617 Α
2240 567 2365 611 sunt
2385 572 2415 611 a
2447 562 2869 619 resurrectione.
2902 564 2968 619 Et
2992 568 3236 623 videmur
3254 573 3470 641 quidem
3502 580 3819 643 ριιοιηιιεη

560 640 715 701 hens,
744 647 797 692 et
822 639 1119 695 honestiam
1145 641 1260 713 (53)
1289 644 1430 697 adse
1452 645 1800 702 transferens.
1835 647 2131 717 lmpudenti

558 731 704 784 enim
733 730 932 785 clamat
951 748 1102 797 voce,
1126 747 1178 788 et
1194 747 1457 791 convocat
1479 741 1735 793 adversus
1759 755 1818 794 se
1842 742 2137 796 convictio-

554 837 683 876 nem
712 834 764 877 et
798 824 926 880 dicit
963 844 977 881 :
1013 826 1213 893 Venite,
1270 828 1477 898 inquit,
1526 842 1573 884 et
1608 832 1771 885 uidete
1796 847 1816 885 :
1841 834 2135 887 introduxit

553 929 777 982 puerum
811 914 1086 971 Hebreum
1121 919 1187 971 ".
1216 917 1427 974 Dicitur
1451 922 1783 990 ingenuitas,
1834 933 1893 975 ut
1946 923 2135 978 illudat

556 1017 659 1056 nos
688 1022 701 1057 :
729 1007 1105 1073 subingressus
1129 1020 1209 1063 est
1244 1012 1396 1075 mihi,
1431 1012 1614 1067 volens
1642 1013 1746 1065 vim
1782 1013 1978 1069 facere.
2024 1015 2132 1069 Pu-

560 1105 643 1150 tas
670 1113 773 1151 non
801 1098 1020 1154 offendit
1052 1103 1229 1166 lingua
1266 1106 1627 1173 impudentis?
1661 1106 1916 1162 Miramur
1950 1110 1994 1164 si
2026 1126 2130 1164 non

554 1200 643 1243 est
674 1201 906 1245 mutatus
945 1194 1061 1260 ejus
1095 1197 1280 1250 color?
1330 1198 1667 1252 Conscientia
1702 1200 1869 1267 enim,
1916 1203 2130 1258 etiamsi

552 1284 790 1337 occultat
847 1285 1087 1354 factum,
1140 1298 1315 1343 tamen
1368 1305 1462 1357 per
1512 1292 1688 1347 vultus
1739 1311 1834 1348 sua
1886 1298 2133 1362 producit

557 1376 799 1442 vestigia.
835 1378 1150 1433 (Ionii-rebat
1193 1391 1367 1435 autem
1397 1384 1461 1435 ad
1492 1384 1801 1452 figmentum
1831 1389 1979 1442 color
2011 1389 2134 1443 imi-

555 1474 703 1521 tatus
757 1469 888 1541 (δι).
943 1453 1231 1525 Videbatur
1283 1476 1426 1528 enim
1478 1477 1543 1543 ad
1572 1478 1684 1530 vim
1741 1492 1862 1533 esse
1918 1482 2129 1545 durata,

555 1575 717 1628 quam
748 1554 860 1631 ipsa
888 1565 1101 1632 quidem
1128 1566 1352 1628 fecerat,
1385 1582 1598 1633 passam
1627 1582 1807 1626 autem
1848 1588 1907 1628 se
1932 1574 2133 1629 confin-

552 1656 735 1722 gebat.
761 1654 1133 1726 Subingressus
1157 1668 1232 1712 est
1260 1661 1407 1723 milii,
1450 1662 1623 1731 inquit
1658 1664 1961 1733 impudens.
1992 1664 2131 1721 Sub-

556 1747 831 1815 ingressus
877 1760 959 1803 est
1017 1751 1145 1804 mihi
1195 1754 1342 1819 dicit,
1373 1770 1491 1824 quze
1524 1757 1868 1827 subiugressa
1910 1768 2027 1825 est;
2080 1768 2130 1812 et

550 1839 863 1907 clamavi“,
893 1844 986 1897 ait.
1033 1844 1095 1898 Et
1120 1856 1267 1899 certe
1320 1863 1427 1903 non
1484 1847 1746 1911 clamasti,
1792 1853 1892 1905 nisi
1944 1864 2127 1922 postea

556 1946 714 1994 quam
738 1948 985 1997 egressus
1010 1945 1094 1991 est
1120 1937 1431 1994 adolescens
1465 1959 1479 1995 :
1513 1952 1561 1995 et
1603 1944 1837 2011 reliquit,
1859 1947 1953 2010 ait,
1979 1964 2129 2000 suam

553 2026 806 2091 tunicam,
839 2037 887 2081 et
908 2029 1045 2099 fugit
1069 2030 1135 2085 δ’.
1164 2032 1227 2086 Et
1264 2042 1411 2087 certe
1441 2049 1543 2088 non
1586 2045 1670 2090 est
1712 2038 1818 2090 vim
1862 2039 2127 2104 facientis,

552 2123 611 2167 ut
644 2118 905 2187 relinquat
930 2137 1084 2175 suam
1110 2124 1366 2179 tunicam.
1400 2123 1477 2179 Ad
1512 2127 1906 2185 convictionem
1948 2146 2131 2201 super-

549 2209 695 2262 venit
729 2223 778 2264 et
808 2212 1061 2269 dominus
1088 2216 1295 2279 domus,
1319 2218 1408 2287 qui
1436 2233 1652 2275 omnem
1697 2222 1915 2277 domum
1947 2227 2127 2281 credi-

546 2297 704 2354 derat
730 2300 948 2370 Joseph.
979 2306 1363 2363 A'cceditrenea
1399 2310 1575 2367 fronte
1608 2314 1823 2381 mulier,
1851 2326 1903 2372 et
1933 2319 2128 2372 iterum

548 2394 745 2462 repetit
811 2395 1121 2466 figmentum
1161 2405 1305 2470 quod
1360 2401 1531 2458 fuerat
1596 2409 1847 2464 meditata
1898 2409 2130 2483 :lacry-

549 2498 811 2553 mansque
840 2500 893 2542 et
919 2488 1139 2554 deflens,
1177 2504 1269 2547 aut
1299 2495 1421 2563 quia
1477 2513 1583 2551 non
1634 2503 1809 2568 potuit
1862 2502 2127 2567 obtinere,

545 2587 639 2631 aut
668 2582 792 2648 quia
818 2594 1121 2654 c0utcmpta
1145 2596 1251 2648 est,
1282 2598 1373 2640 aut
1402 2590 1524 2657 quia
1576 2600 1687 2646 non
1719 2594 1967 2649 manibus
2004 2610 2125 2651 eum

548 2666 655 2735 iam
692 2671 1027 2739 prrefocavit.
1079 2676 1414 2733 Desiderium
1461 2682 1603 2735 enim
1645 2695 2009 2753 contemptum
2059 2689 2124 2741 ad

546 2758 681 2814 iram
712 2767 1059 2821 convertitur.
1100 2767 1235 2833 Quid
1272 2770 1507 2837 igiturin
1544 2773 1628 2827 his
1647 2775 1866 2845 agitur?
1889 2775 2125 2835 Pudicus

545 2861 837 2907 accusatur
864 2856 931 2907 ab
962 2856 1247 2925 impudica.
1290 2858 1403 2914 Non
1431 2863 1643 2917 miraris
1667 2866 1791 2937 quia
1819 2881 1923 2922 non
1947 2871 2122 2924 statim

542 2955 829 3009 aggressus
866 2956 947 3002 est
980 2948 1081 3011 vir,
1129 2960 1183 3004 et
1214 2952 1313 3006 hoc
1348 2952 1632 3025 Egyptius
1679 2958 1865 3014 calidae
1916 2972 2123 3017 natura:

545 3034 707 3088 homo
731 3046 782 3090 et
823 3036 923 3092 loci
960 3040 1182 3098 laniavit
1204 3044 1599 3101 adolescentem
1628 3064 1643 3103 :
1675 3050 1717 3105 si
1739 3051 1958 3119 quidem
1988 3064 2122 3108 :etas

544 3121 707 3175 habet
727 3125 1107 3193 suspicionem,
1142 3140 1196 3184 et
1228 3148 1348 3203 qua:
1370 3135 1595 3190 vocabat
1621 3149 1677 3192 et
1713 3144 2030 3205 accusabat,
2068 3154 2122 3198 et

2240 656 2528 704 tractatum
2564 652 2655 705 diu
2686 652 2790 708 hoc
2809 669 3133 724 exposcente
3165 671 3221 713 et
3256 673 3522 719 maturam
3561 667 3817 724 refectio-

2236 757 2360 795 nem
2392 752 2599 797 tenere.
2634 742 2740 799 Sed
2768 745 2908 801 forte
2949 763 3045 803 nec
3076 750 3355 808 immorari
3391 757 3568 811 estad
3610 763 3818 827 otium;

2235 841 2450 900 oportet
2489 834 2638 887 enim
2687 844 3004 891 constantes
3051 838 3165 893 fieri
3206 842 3271 895 ad
3329 858 3592 916 mortem,
3650 861 3707 904 et
3751 852 3822 907 ita

2239 925 2383 980 refici
2407 927 2569 983 escis.
2604 926 2916 983 Eﬂiciamur
2944 930 3108 1002 igitur
3139 943 3195 988 et
3229 951 3327 991 nos
3353 940 3535 1007 medii,
3564 952 3623 996 et
3650 958 3823 1010 neque

2234 1027 2384 1072 extra
2420 1032 2729 1073 mensuram
2761 1022 3145 1089 protendamus
3168 1040 3476 1082 sermonem
3505 1047 3519 1084 :
3549 1046 3660 1086 non
3696 1032 3823 1087 sinit

2234 1110 2378 1164 euim
2413 1118 2627 1180 tempus
2657 1130 2673 1166 :
2701 1129 2877 1185 neque
2920 1115 3113 1170 iterum
3160 1117 3317 1173 valde
3369 1121 3719 1192 colligamus,
3770 1135 3823 1181 ut

2235 1203 2484 1258 fruamur
2504 1215 2560 1260 et
2592 1204 2904 1263 festivitate.
2942 1209 3007 1263 Et
3038 1210 3160 1278 quia
3190 1226 3287 1264 nos
3308 1226 3372 1265 ex
3405 1214 3588 1268 anima
3621 1226 3680 1270 et
3703 1231 3824 1273 cors

2233 1311 2363 1365 pore
2387 1312 2574 1351 sumus
2597 1301 2904 1367 compositi,
2947 1316 3233 1371 pascamus
3264 1304 3502 1360 animam
3544 1310 3825 1366 mensuris

2235 1390 2487 1457 propriis,
2521 1400 2577 1443 ut
2626 1402 2680 1445 et
2721 1392 2835 1459 ipsa
2877 1394 3089 1449 reficiat
3120 1411 3352 1466 corpora
3402 1416 3429 1452 a
3486 1404 3823 1459 constantia.

2235 1481 2341 1535 Sed
2364 1484 2489 1551 quid
2514 1484 2715 1537 vultis?
2746 1486 3080 1541 dimittemus
3102 1486 3299 1559 Joseph
3326 1493 3379 1545 in
3402 1496 3737 1551 carcerem?
3774 1505 3828 1553 et

2233 1587 2391 1640 quem
2426 1574 2566 1628 Deus
2601 1589 2704 1628 non
2738 1577 2955 1645 reliquit
3015 1577 3066 1630 in
3113 1593 3365 1647 carcere,
3416 1601 3517 1639 nos
3570 1602 3827 1646 sermone

2236 1663 2519 1731 piugentes
2546 1664 2909 1731 relinquemus
2934 1666 3188 1734 ligatum?
3215 1669 3414 1741 thuis
3440 1678 3826 1735 adhortabitur

2234 1755 2547 1822 pudicitiam
2590 1758 2851 1813 studere?
2902 1764 3023 1831 quis
3057 1777 3239 1818 autem
3282 1770 3487 1824 amabit
3529 1774 3827 1830 continen-

2236 1848 2387 1909 tiam,
2442 1848 2629 1903 videns
2683 1852 2734 1904 in
2779 1868 3000 1912 carcere
3066 1860 3382 1917 derelictum
3448 1862 3702 1935 Joseph?
3763 1867 3828 1924 Et

2236 1946 2381 1991 certe
2408 1939 2452 1991 si
2480 1941 2813 2009 relinquatur
2848 1944 3046 2017 Ioseph
3089 1952 3141 2005 in
3175 1968 3416 2020 carcere,
3469 1967 3523 2011 et
3574 1970 3833 2016 mortuus

2234 2024 2397 2081 fuerit
2431 2044 2551 2081 cum
2597 2034 2879 2098 pudicitia,
2919 2052 3044 2106 spes
3096 2048 3514 2103 resurrectionis
3562 2066 3674 2105 non
3714 2053 3825 2108 cir-

2233 2119 2547 2173 cumscribit
2575 2135 2747 2191 spem.
2788 2123 2895 2180 Sed
2933 2130 3061 2197 quia
3109 2146 3213 2188 non
3262 2134 3469 2192 dimisit
3512 2155 3641 2196 eum
3682 2142 3831 2199 Deus

2234 2206 2287 2259 in
2353 2222 2601 2275 carcere,
2653 2212 2824 2269 simus
2880 2219 3182 2285 patientes,
3236 2234 3292 2278 et
3360 2228 3654 2285 audiamus
3707 2232 3824 2301 ejus

2230 2316 2528 2369 egressura.
2583 2304 2649 2362 Et
2680 2324 2804 2365 cum
2846 2312 2934 2367 ille
2962 2313 3125 2369 fuerit
3154 2319 3409 2384 emissus,
3458 2333 3590 2379 tunc
3622 2336 3676 2380 et
3726 2344 3827 2385 nos

2233 2396 2572 2452 dimittamur
2604 2414 2727 2455 cum
2762 2417 2848 2458 eo.
2883 2403 3079 2477 Joscph
3134 2410 3298 2479 igitur
3325 2426 3441 2468 erat
3491 2417 3542 2469 in
3592 2433 3825 2475 carcere

2231 2489 2439 2545 habens
2476 2492 2700 2548 delicias
2744 2511 2813 2550 ex
2866 2498 3125 2557 uberibus
3173 2507 3477 2573 pudicitiae,
3529 2509 3829 2567 honestate

2232 2580 2482 2647 indutus,
2537 2586 2767 2656 diligens
2817 2591 2987 2656 magis
3030 2608 3304 2649 carcerem
3355 2615 3517 2667 quam
3570 2618 3820 2659 amorem

2230 2672 2372 2727 illius
2418 2673 2625 2744 bestiae,
2669 2689 2967 2738 amatorem
3012 2686 3240 2742 fetorem
3285 2689 3410 2746 frui.
3466 2694 3634 2750 Istum
3671 2703 3819 2757 enim

2228 2760 2646 2831 praehonorabat
2694 2777 3007 2844 unguentis.
3064 2780 3159 2833 Ast
3213 2783 3437 2849 pudicus
3479 2789 3824 2857 amplectens

2228 2857 2443 2912 vincula
2501 2863 2693 2931 magis,
2737 2866 2900 2935 quti'm
2956 2876 3206 2923 ornatum
3266 2870 3575 2945 .Egyptiae;
3627 2897 3823 2937 amans

2224 2949 2509 3005 oculorum
2550 2955 2804 3011 tenebras
2850 2972 3074 3030 pr0pter
3103 2963 3280 3020 lumen
3312 2971 3547 3037 anime;
3585 2971 3823 3032 libenter

2227 3040 2457 3096 audiens
2485 3045 2718 3113 gemitus
2758 3053 3030 3118 carceris,
3061 3070 3221 3120 quam
3266 3060 3454 3116 videns
3511 3062 3729 3135 lapides
3765 3068 3823 3123 in

2225 3127 2501 3184 luxuriosa
2539 3132 2715 3191 fronte
2769 3148 2823 3193 et
2859 3139 3155 3200 immunda.
3212 3145 3312 3203 Ubi
3349 3165 3481 3222 ergo
3514 3127 3645 3209 sunt
3676 3171 3825 3225 pra-

541 3214 635 3280 qui
676 3218 741 3270 ad
769 3232 953 3272 vocem
982 3222 1097 3287 ejus
1123 3238 1500 3290 cucurrerunt,
1548 3240 1601 3283 et
1631 3233 1810 3285 tunica
1843 3250 1962 3301 qua:
1995 3238 2121 3289 reti-

2226 3220 2491 3277 dictiones
2514 3224 2539 3277 ἒ
2561 3224 2677 3281 Noli
2708 3242 3025 3300 prOperare,
3058 3246 3112 3291 et
3140 3240 3347 3295 audies.
3385 3214 3649 3303 Irascitur
3665 3214 3817 3304 Pha-

547 3307 793 3374 uehatur,
856 3313 1105 3367 movebat
1156 3316 1427 3371 dominum
1468 3322 1533 3373 ad
1576 3323 2018 3392 indignationem,
2067 3341 2119 3385 et

544 3396 722 3452 honor
748 3402 837 3467 qui
876 3413 993 3456 erat
1034 3406 1191 3461 datus
1217 3409 1263 3461 ei
1290 3411 1384 3479 qui
1436 3410 1615 3465 fuerat
1665 3417 1974 3475 distractus.
2013 3419 2122 3476 Mo-

542 3488 702 3542 vebat
734 3500 912 3546 autem
950 3502 1003 3547 et
1043 3498 1403 3567 suspicionem
1448 3504 1811 3571 pulchritudo.
1868 3508 1931 3563 Et
1977 3520 2119 3566 tanta

538 3582 761 3649 quidem
794 3595 949 3638 erant
973 3602 1093 3652 qua:
1116 3592 1181 3642 ad
1216 3591 1373 3646 fidem
1399 3598 1784 3664 provocabunt.
1817 3598 2123 3658 Sufﬁciehat

546 3681 732 3727 autem
770 3676 835 3727 ad
884 3678 1066 3745 operis
1114 3681 1499 3739 dubitationem
1545 3689 1693 3754 pueri
1745 3693 2007 3757 sapientia
2066 3704 2122 3751 et

535 3761 900 3832 pulchritudo.
964 3767 1073 3821 Cur
1127 3772 1269 3825 cnim
1334 3788 1457 3828 eum
1527 3791 1632 3830 nou
1695 3781 1876 3833 statim
1935 3783 2119 3854 dispa-

542 3855 683 3908 ravit
706 3856 858 3927 (55)?
881 3861 1005 3928 quia
1045 3860 1245 3915 sciebat
1272 3867 1422 3933 pueri
1456 3881 1632 3922 moros
1664 3888 1677 3922 :
1706 3873 1913 3928 medius
1935 3885 2114 3929 autem

538 3942 716 3999 factus
742 3947 861 4001 fidei
898 3959 953 4004 et
994 3951 1354 4007 incredulitati
1383 3957 1680 4024 dilauiavit,
1728 3964 1819 4016 sed
1867 3966 2119 4023 dubitans

539 4048 648 4089 non
683 4036 996 4106 disparavit.
1031 4041 1096 4096 Et
1116 4045 1333 4112 quidem
1371 4046 1543 4115 ipsum
1569 4052 1691 4117 quia
1728 4070 1831 4108 nou
1870 4060 2115 4121 credidit,

539 4128 608 4179 ad
631 4142 905 4184 carcerem
938 4134 1088 4188 misit
1113 4149 1128 4187 :
1151 4137 1240 4205 qui
1268 4149 1319 4191 et
1343 4153 1626 4210 susceptus
1654 4155 1761 4200 est.
1796 4146 1926 4213 Quae
1956 4151 2119 4218 igitur

538 4219 1001 4278 diuumerabimus
1028 4225 1270 4298 Ioseph?
1312 4229 1506 4285 bonam
1538 4235 1655 4303 ejus
1684 4238 2113 4297 interfectionem

535 4310 651 4383 (36)
677 4316 916 4370 dicemus
944 4335 958 4371 :
985 4330 1072 4371 aut
1109 4320 1301 4376 bonam
1340 4322 1697 4389 jactationem
1733 4331 1781 4382 iu
1828 4331 1975 4397 lacu;
2019 4338 2113 4389 sed

538 4402 967 4471 distractionem,
993 4410 1085 4463 sed
1121 4412 1472 4482 servitutem;
1500 4428 1622 4486 post
1651 4421 1765 4474 haec
1802 4421 1896 4477 sed
1928 4440 2116 4481 exsur-

535 4499 830 4552 rectioucm
862 4502 1105 4557 mulieris
1150 4506 1465 4591 impudicae;
1508 4512 1601 4565 sed
1648 4512 1847 4568 factam
1905 4519 2110 4573 calum-

535 4586 681 4640 niam
707 4596 761 4641 et
789 4592 1187 4646 accusationem
1210 4586 1409 4651 falsam
1454 4599 1506 4653 iu
1546 4602 1955 4659 adamantiumu
1984 4612 2085 4665 ado
2142 4591 2186 4646 Β

533 4680 846 4737 tenentem.
882 4681 993 4737 Non
1023 4692 1104 4739 est
1128 4686 1336 4741 locutus
1362 4688 1560 4759 .Ioseph
1594 4712 1606 4749 :
1644 4713 1747 4749 nou
1796 4696 2112 4759 fecit‘satis

536 4771 625 4839 qui
672 4773 1140 4829 calumniabatur:
1175 4794 1279 4834 non
1329 4792 1411 4836 est
1470 4788 1729 4843 confusus
1786 4806 1884 4858 pro
1931 4792 2110 4861 impu-

531 4863 717 4929 denti;
762 4866 945 4918 maluit
970 4870 1103 4923 mori
1146 4872 1529 4939 calumniatus,
1558 4896 1717 4945 quam
1764 4884 1838 4937 uti
1883 4888 2109 4943 veritate

535 4956 599 5007 ad
621 4958 867 5011 salutem.
894 4958 1057 5015 Putas
1083 4972 1135 5016 et
1164 4964 1281 5019 istic
1310 4965 1551 5024 imitator
1586 4983 1666 5027 est
1689 4984 1743 5028 ct
1769 4974 1939 5031 forma
1968 4980 2106 5049 ejus,

532 5049 623 5115 qui
652 5065 754 5101 nou
782 5053 992 5119 aperuit
1021 5070 1114 5109 eos
1145 5071 1298 5109 suum
1348 5074 1465 5113 cum
1501 5063 1947 5129 calumniaretur.
1998 5071 2104 5126 Sed

536 5137 729 5208 loseph
760 5142 950 5197 iterum
1000 5148 1066 5197 ad
1105 5162 1404 5203 carcerem.
1463 5154 1527 5207 Et
1576 5159 1661 5211 ubi
1685 5171 1767 5213 est
1795 5159 2101 5217 inda-orum

535 5233 697 5303 spes?
746 5235 851 5289 Sed
908 5237 975 5291 de
1019 5245 1416 5300 resurrectione
1477 5262 1837 5319 proponentes
1884 5258 2098 5321 dicere,

534 5326 857 5384 incurrimus
885 5328 937 5385 in
977 5336 1314 5392 necessarios
1343 5354 1646 5411 sermones,
1679 5347 1772 5416 qui
1808 5362 1911 5401 non
1937 5350 2096 5406 alieni

602 5486 647 5517 δ’
672 5488 805 5545 Ceu.
840 5508 1025 5564 xxxix,
1063 5497 1148 5556 μ.
1224 5500 1269 5533 ⁸⁸
1302 5503 1435 5557 ibid.
1507 5505 1551 5537 “
1581 5506 1707 5562 ibid.
1736 5503 1821 5561 15o
1876 5511 1923 5543 '°
1949 5511 2085 5568 Gen.
2117 5532 2201 5571 χι..

602 5640 709 5727 (3.3)
745 5643 1070 5706 Iionestiam.
1101 5652 1463 5724 Honestatem,
1506 5670 1561 5715 ut
1606 5678 1635 5716 a
1679 5667 1951 5725 modestus
1981 5687 2095 5727 mo-

529 5708 723 5768 destia.
1231 5708 1239 5710 ἡ
1283 5708 1291 5710 ⁷

600 5781 713 5849 (54)
749 5783 846 5839 Ms.
888 5789 1043 5844 Color
1065 5805 1315 5851 mutatus.

602 5850 716 5923 (es)
749 5853 1064 5927 Dtaparut't't.
1104 5850 1442 5935 Dilaceravit,
1476 5872 1709 5929 medium
1743 5878 1930 5935 difﬁdit

2227 3349 2322 3389 rato
2346 3337 2554 3392 duobus
2586 3341 2769 3408 pueris
2799 3342 2913 3397 suis
2940 3350 3166 3404 summis
3206 3366 3238 3406 e
3274 3353 3581 3411 ministerio
3607 3358 3678 3423 ⁸⁸,
3706 3360 3820 3419 ira-

2225 3434 2311 3480 tus
2347 3439 2432 3481 est
2465 3429 2691 3497 Pharao,
2739 3435 2866 3501 quia
2924 3442 3193 3508 prapitius
3241 3458 3361 3499 erat
3391 3444 3592 3519 Ioseph
3648 3451 3817 3511 Deus.

2222 3514 2507 3573 Mittuntur
2535 3522 2601 3575 ad
2640 3538 2937 3592 carcerem,
2961 3542 3017 3583 et
3044 3532 3205 3587 simul
3240 3552 3365 3591 cum
3395 3538 3601 3611 Joseph
3634 3547 3817 3602 reclu-

2222 3609 2441 3662 duntur.
2465 3609 2664 3681 Joseph
2699 3625 2879 3669 autem
2910 3629 2963 3672 et
2996 3620 3050 3673 in
3080 3638 3299 3681 carcere
3338 3637 3392 3682 et
3438 3609 3564 3688 istic
3609 3634 3814 3695 fidelia.

2223 3694 2377 3751 Sicut
2430 3699 2575 3752 enim
2632 3704 2896 3759 creditam
2965 3714 3173 3781 accepit
3234 3716 3454 3773 domum
3529 3721 3821 3798 Egyptii,

2220 3790 2513 3843 custodivit
2572 3791 2732 3847 fidem
2791 3797 2956 3851 etiam
3014 3816 3139 3859 cum
3188 3790 3822 3876 cainmniaretuE—Nou

2216 3882 2363 3934 enim
2386 3884 2578 3937 detulit
2604 3884 2884 3957 dammun,
2916 3895 3012 3947 sed
3049 3910 3243 3964 passus
3278 3910 3361 3955 est
3397 3903 3513 3972 ipse
3546 3907 3815 3979 injuriam

2219 3973 2327 4041 pati
2359 3987 2521 4042 quam
2557 3974 2754 4041 facere,
2804 3991 2860 4035 et
2887 3983 3111 4040 differre
3144 3990 3364 4046 domum
3406 3996 3526 4063 ejus
3584 3973 3675 4070 qui
3709 4007 3813 4061 sibi

2215 4064 2544 4122 crediderat.
2570 4068 2872 4128 Creduntur
2914 4087 2967 4131 et
3018 4080 3226 4150 religati
3270 4083 3322 4137 in
3356 4064 3676 4150 carcere-ei
3707 4100 3800 4168 qui

2216 4165 2335 4208 erat
2362 4158 2412 4212 iu
2441 4174 2681 4217 carcere.
2745 4166 2870 4223 Flos
2913 4170 3058 4223 enim
3105 4174 3383 4240 pudicitiae
3431 4158 3807 4244 annuntiabat

2219 4258 2314 4311 per
2339 4245 2568 4303 frontem
2600 4268 2847 4323 puerum.
2885 4256 2951 4311 Et
2988 4259 3037 4312 iu
3072 4269 3219 4315 tanta
3260 4265 3596 4326 abundantia
3638 4276 3811 4335 babe-

2220 4337 2311 4390 bat
2331 4338 2606 4406 solatium,
2628 4354 2686 4399 ut
2718 4347 2829 4416 ipse
2868 4354 3124 4422 essetqui
3165 4358 3547 4417 consolaretur
3578 4369 3809 4427 triatan—

2218 4438 2317 4484 tes.
2350 4429 2589 4488 Habebat
2618 4438 2760 4492 enim
2808 4441 3041 4498 frontem
3085 4449 3342 4517 pudicitia
3385 4459 3808 4523 germinantem.

2220 4517 2465 4590 Suscepit
2488 4535 2539 4578 et
2574 4542 2769 4597 pueros
2796 4532 3117 4602 Pharaonis,
3146 4557 3348 4613 eosque
3382 4551 3567 4603 statim
3605 4568 3808 4612 conso-

2217 4608 2551 4684 laturzquia
2597 4632 2715 4676 erat
2760 4638 3043 4696 susceptor
3096 4643 3151 4686 et
3205 4608 3371 4706 nepos
3429 4643 3693 4711 Abrahae,
3752 4662 3807 4704 et

2212 4705 2429 4771 sapiens
2478 4709 2651 4767 valde.
2700 4715 2982 4788 ingressus
3024 4723 3189 4794 igitur
3238 4731 3288 4784 in
3332 4748 3439 4788 uno
3472 4736 3686 4794 dierum
3736 4742 3804 4797 ad

2211 4808 2410 4863 pueros
2432 4797 2751 4875 Pharaonis,
2781 4812 2913 4866 vidit
2937 4817 3117 4873 vultus
3144 4836 3330 4877 eorum
3362 4828 3679 4885 immutatos
3700 4874 3717 4900 ,
3748 4847 3806 4891 et

2213 4888 2475 4949 intellexit
2500 4900 2622 4966 quia
2668 4917 2821 4959 meus
2863 4921 3050 4963 eorum
3090 4924 3210 4968 erat
3253 4918 3466 4972 turbata
3498 4932 3596 4977 :et
3630 4924 3804 4981 inter-

2213 4995 2366 5051 rogat
2396 5000 2638 5057 causam,
2681 5008 2801 5059 qum
2834 4996 2932 5050 ista
2965 5011 3109 5056 esset
3150 4992 3202 5057 in
3230 5007 3310 5061 eis
3337 5008 3664 5068 imumtatio.
3720 5015 3811 5073 lil't

2212 5084 2391 5128 autem
2428 5092 2681 5146 prouumt
2729 5085 3033 5158 insomnia,
3072 5102 3127 5148 et
3172 5096 3287 5153 lucc
3334 5101 3592 5168 duplicia.
3644 5103 3803 5163 Sicut

2210 5167 2353 5221 enim
2380 5180 2434 5223 et
2459 5173 2509 5224 in
2540 5185 2765 5243 paterna
2804 5181 2933 5235 vidit
2963 5184 3122 5240 domo
3148 5228 3161 5248 ,
3192 5200 3245 5241 et
3276 5167 3589 5259 procuravit
3624 5196 3795 5267 Deus,

2210 5256 2335 5313 licet
2367 5269 2419 5312 et
2446 5267 2701 5319 contrarii
2736 5269 2837 5323 sibi
2862 5287 3043 5328 essent
3070 5256 3291 5337 somnii.
3322 5282 3538 5340 Primus
3568 5256 3800 5359 exponit

2207 5354 2475 5409 somnium
2522 5359 2613 5428 qui
2648 5361 2859 5419 viderat
2902 5367 3135 5438 bonum,
3181 5386 3238 5428 ut
3286 5378 3599 5438 adhortatio
3636 5354 3798 5446 lieres

2275 5674 2385 5753 (ξεί)
2432 5674 2637 5753 liceant
2697 5695 2811 5753 ejus
2861 5682 3272 5753 interfectionem
3361 5686 3625 5747 Videntur
3672 5696 3791 5753 hac

2203 5744 2306 5831 dici
2342 5762 2434 5813 per
2458 5744 2959 5831 interrogationem.
2992 5744 3344 5831 Bonaureius
3370 5744 3794 5831 interﬁt-ficit;

2202 5814 2481 5921 dicemus;
2506 5828 2596 5867 aut
2622 5814 2809 5874 bonum
2822 5822 3169 5891 jactationem
3195 5814 3397 5883 ἕηίαειι
3419 5831 3444 5883 .’
3474 5814 3565 5887 sed
3583 5814 3797 5893 4&5;

2202 5888 2451 5940 stionem.
2486 5896 2591 5940 etc.

2200 5897 2421 5939 cttonrm
2439 5897 2464 5940 ἴ
2486 5897 2591 5941 etc.
