4000 6480
224 533 354 594 ιιιω

1336 528 1426 585 οε
1465 525 2074 589 κεεωιιιεετιωτ.
2114 561 2188 578 -
2223 527 2354 585 LIB.
2395 525 2440 586 1.

3392 531 3534 591 i090

234 651 568 716 mundo,”
583 651 835 701 taceret.
868 643 929 700 Si
950 643 1094 703 enim
1137 647 1366 702 fuissent
1389 648 1606 720 utrique
1628 648 1824 704 sonmii
1857 665 1903 720 Α
1934 650 1988 703 in
2043 663 2280 703 carcere.
2318 648 2436 704 Non
2465 649 2614 704 enim
2662 649 2974 705 intermittit
3020 649 3164 706 Deus
3220 660 3531 708 sanctorum

237 739 384 806 boni,
435 741 570 796 forte
594 737 848 805 suspicio
889 737 1103 805 fuisset,
1157 739 1285 808 quia
1345 748 1576 808 utraque
1621 738 1832 792 donans

224 828 376 887 bene
406 832 795 900 interpretatus
823 839 908 885 est
935 829 1168 899 Joseph,
1217 838 1275 884 ut
1315 845 1411 886 eos
1453 830 1833 886 consolaretur

221 924 439 992 potius,
486 937 647 992 quam
698 935 886 976 veram
940 922 1448 991 interpretationem
1494 923 1830 978 somniorum

213 1015 467 1081 diceret,
495 1025 548 1072 et
581 1018 861 1073 fortuitum
886 1026 1175 1089 putaretur
1209 1021 1516 1091 negotium,
1549 1029 1606 1073 et
1635 1021 1829 1074 iterum

215 1109 330 1179 qui
396 1109 757 1179 perniciosum
810 1111 1023 1166 viderat
1075 1112 1345 1166 somnium
1405 1112 1672 1166 secundus
1722 1127 1829 1166 non

207 1199 466 1263 diceret,
513 1209 571 1255 et
616 1216 720 1256 non
773 1203 931 1256 ﬁeret
979 1201 1170 1271 duplex
1232 1203 1628 1257 testimonium.
1675 1201 1831 1260 Nunc

207 1301 419 1346 autem
440 1293 656 1362 exponit
681 1294 886 1361 primus
912 1293 1003 1361 qui
1023 1293 1224 1348 bonum
1255 1294 1494 1349 habebat
1522 1295 1825 1350 somnium.

201 1375 370 1438 Erat
395 1385 542 1438 enim
582 1399 748 1453 supra
777 1385 1174 1455 vineamregis,
1199 1386 1404 1441 etdicit
1432 1403 1447 1441 :
1487 1383 1657 1441 Vitem
1691 1388 1829 1442 vitle-

200 1472 379 1536 bam,
406 1481 455 1527 et
479 1474 534 1528 in
564 1477 665 1528 uite
691 1483 794 1528 tres
824 1475 980 1543 {undi
1010 1490 1030 1531 :
1063 1485 1112 1531 et
1137 1479 1252 1545 ipsa
1283 1479 1588 1548 germinans
1631 1477 1829 1533 attule-

201 1573 318 1618 rat
351 1575 589 1620 maturos
621 1567 882 1622 botriones
907 1586 1026 1624 uva:
1048 1585 1068 1624 :
1100 1581 1147 1624 et
1171 1570 1316 1625 calix
1346 1570 1560 1626 Pharao
1585 1572 1641 1626 in
1666 1589 1828 1626 manu

193 1670 349 1709 mea
373 1668 393 1708 :
422 1667 469 1709 et
495 1659 697 1726 sumpsi
724 1676 879 1714 uvam
917 1674 964 1716 et
1005 1663 1240 1730 expressi
1286 1680 1400 1718 eam
1435 1666 1492 1718 in
1523 1663 1743 1719 calicem
1771 1667 1828 1721 in

197 1750 474 1805 assimibus
532 1748 746 1807 Pharao
810 1754 881 1810 ".
955 1752 1220 1813 Prudens'
1257 1765 1312 1812 et
1384 1758 1827 1826 sapientissimus

199 1839 453 1913 Josepb,
482 1846 574 1914 qui
608 1862 638 1902 a
668 1846 778 1902 Deo
805 1849 1155 1915 edocebatur,
1180 1852 1364 1906 statim
1394 1853 1461 1908 ad
1500 1834 1828 1923 interpreta-

196 1931 434 1988 tionem
453 1936 623 1988 currit
645 1947 700 1990 et
722 1937 847 1991 dicit
865 1952 881 1992 :
899 1937 1025 1993 Tres
1047 1939 1203 2009 fundi
1223 1951 1326 1995 tres
1350 1941 1463 1996 dies
1481 1951 1604 1996 sunt
1626 1943 1825 2010 adhuc;

1936 754 2173 802 errores.
2205 740 2440 810 diligens
2468 753 2585 796 eos.
2624 739 2681 794 Si
2714 740 2805 809 qui
2830 749 3174 804 erraverunt,
3196 742 3382 796 statim
3413 758 3534 797 cor-

1936 833 2086 902 rigit,
2114 841 2172 885 ut
2202 848 2308 884 non
2340 841 2560 886 maneat
2590 832 2673 885 eis
2701 831 2753 884 in
2794 831 3022 898 judicio.
3078 830 3225 885 Disit
3253 834 3398 887 enim
3431 834 3534 888 Ito-

1936 925 2066 978 mini
2105 941 2120 978 :
2177 921 2381 979 Hemor
2437 932 2549 978 esto
2579 923 2702 988 mei,
2742 933 2790 978 et
2834 926 3046 978 educito
3097 940 3179 978 me
3227 924 3292 977 de
3323 939 3533 979 carcere

1934 1017 2074 1083 ista;
2097 1017 2449 1072 obliviscetur
2472 1027 2523 1070 te
2550 1017 2734 1081 homo,
2774 1027 2830 1070 et
2859 1015 3218 1083 protendetnr
3255 1016 3348 1070 tibi
3374 1017 3532 1071 bien-

1936 1109 2085 1162 nium
2120 1119 2350 1178 tempus.
2382 1107 2487 1162 Sed
2535 1123 2642 1163 non
2685 1116 2768 1162 est
2793 1107 2997 1178 oblitus
3029 1106 3174 1162 Deus
3203 1127 3218 1162 :
3255 1110 3349 1162 sed
3383 1112 3528 1163 asel-

1933 1203 2026 1256 stit
2053 1199 2253 1276 Ioseph
2304 1199 2573 1254 Pharaoni
2625 1201 2802 1270 prium
2825 1208 2880 1254 et
2911 1199 3175 1255 secundo.
3227 1198 3354 1254 Erat
3377 1200 3525 1253 enim

1932 1294 2072 1349 visio
2095 1292 2399 1348 Pharaonis
2426 1292 2476 1324 “
2500 1293 2680 1346 omnis
2707 1292 2774 1346 de
2799 1289 3046 1359 frugibus
3065 1302 3120 1347 et
3147 1292 3382 1346 cultura.
3411 1291 3527 1347 Illic

1932 1386 2076 1441 enim
2102 1387 2270 1441 boves
2307 1384 2521 1439 femina
2550 1394 2742 1450 erant;
2768 1392 2978 1454 septem
3020 1386 3176 1439 bona
3200 1393 3424 1453 aspectu
3470 1393 3530 1440 et

1931 1476 2120 1532 electa:
2147 1477 2432 1541 carnibus,
2458 1487 2513 1530 et
2539 1477 2701 1531 culmi
2725 1491 2934 1546 septem
2960 1477 3236 1546 spicarum
3268 1494 3283 1530 ε
3313 1487 3532 1546 oportet

1931 1569 2077 1623 enim
2116 1568 2370 1638 conjungi
2421 1567 2690 1622 insomnia
2743 1569 2926 1636 spicas
2956 1578 3166 1638 septem
3216 1567 3424 1637 plenas,
3475 1578 3532 1624 et

1930 1669 2138 1727 septem
2184 1671 2396 1716 tenues.
2445 1660 2588 1727 Quia
2635 1660 2782 1713 enim
2829 1659 3008 1714 cultus
3061 1671 3220 1714 terra:
3243 1675 3341 1729 per
3364 1661 3533 1716 boves

1929 1750 2186 1816 ellicitur,
2223 1767 2320 1820 per
2345 1751 2555 1806 culmos
2590 1760 2772 1809 autem
2805 1753 2992 1818 spicas,
3027 1750 3093 1806 de
3120 1762 3386 1819 proventu
3431 1767 3530 1804 stt-

1930 1853 2039 1898 tem
2069 1853 2124 1899 et
2165 1843 2309 1898 fame
2338 1856 2500 1900 erant
2545 1846 2820 1902 insomnia
2855 1844 3032 1916 regis;
3064 1858 3160 1914 per
3191 1844 3537 1899 domesticas

1928 1938 2166 1993 visiones
2197 1937 2392 1992 dantur
2415 1948 2471 1993 et
2498 1937 2860 2005 provisiones.
2899 1938 3120 2007 Septem
3173 1947 3333 1993 erant
3363 1939 3532 2006 spica:

197 2027 490 2089 triduum,
543 2038 594 2082 et
641 2030 696 2083 in
737 2040 908 2085 mente
951 2031 1164 2087 habebit
1215 2032 1430 2088 Pharao
1478 2035 1689 2088 initiatus
1717 2036 1821 2099 tui,
1855 2028 1897 2084 Β
1925 2024 2120 2095 plenae,
2143 2033 2198 2078 et
2212 2036 2422 2094 septem
2455 2039 2634 2080 vacca:
2663 2026 2924 2097 pingues:
2954 2026 3529 2084 succedebantautetn

197 2128 267 2171 et
301 2121 541 2175 restituet
561 2133 611 2176 te
633 2139 789 2192 super
816 2125 1018 2178 vineam
1043 2127 1097 2180 in
1123 2126 1291 2197 oﬁicio
1311 2137 1425 2194 tuo,
1445 2137 1493 2181 et
1521 2127 1676 2181 dabis
1697 2126 1824 2181 cali-

200 2228 340 2265 cem
363 2214 417 2267 in
442 2230 631 2270 manus
655 2212 895 2271 Pharao.
927 2218 1166 2272 Iactatus
1185 2230 1270 2275 est
1287 2220 1536 2284 audiens,
1561 2229 1615 2275 et
1634 2221 1820 2275 statim

200 2305 459 2360 stillavit
477 2307 712 2362 colorem
732 2309 797 2362 ⁵³.
826 2309 1080 2387 llortatus
1094 2321 1273 2366 autem
1297 2323 1350 2366 et
1369 2313 1508 2368 alius
1525 2321 1826 2369 estsemet-

203 2395 406 2465 ipsum
439 2415 454 2450 :
488 2400 721 2455 habebat
748 2412 804 2455 et
839 2403 955 2471 ipse
978 2403 1214 2457 similem
1262 2405 1556 2460 visionem.
1604 2403 1673 2458 Et
1705 2420 1820 2474 ego,

205 2491 425 2560 inquit,
446 2494 552 2546 uidi
574 2497 858 2548 somnium.
882 2495 1146 2550 Putabam
1171 2512 1253 2550 me
1283 2497 1386 2548 tria
1405 2498 1638 2550 canistra
1654 2496 1823 2548 halice

209 2583 343 2655 (37)
374 2586 558 2639 tollere
594 2603 751 2656 super
782 2601 936 2656 caput
969 2605 1140 2642 meum
1177 2588 1245 2640 ⁸³.
1286 2589 1438 2643 Sicut
1463 2589 1573 2643 illic
1606 2589 1734 2651 tria,
1769 2599 1824 2641 et

210 2675 354 2731 istic
379 2678 504 2729 tria.
532 2677 600 2730 Et
623 2678 677 2731 in
709 2679 939 2732 canistro
973 2680 1231 2747 superiori
1253 2695 1318 2733 ex
1334 2679 1572 2733 omnibus
1615 2681 1818 2750 generi-

214 2765 322 2820 bus
355 2766 465 2838 (38)
499 2783 564 2822 ea:
595 2771 780 2837 quibus
816 2768 1031 2824 Pharao
1065 2787 1155 2824 rex
1186 2771 1561 2835 manducabat,
1582 2787 1712 2838 opus
1740 2773 1822 2835 pi-

213 2868 472 2914 storum:
511 2869 630 2914 erat
667 2863 810 2916 enim
851 2879 1011 2933 supra
1038 2865 1273 2932 pistores
1313 2881 1326 2916 :
1357 2873 1404 2916 et
1440 2863 1677 2918 volatilia
1707 2865 1823 2917 cteli

217 2953 561 3005 eomedebant
610 2970 666 3007 ea
717 2956 781 3007 de
831 2959 1063 3010 canistro
1098 2957 1238 3024 quod
1285 2967 1401 3009 erat
1455 2972 1617 3024 supra
1667 2965 1823 3024 caput

218 3057 423 3096 meum.
453 3041 649 3111 Etiam,
679 3044 872 3115 inquit,
892 3056 939 3098 et
960 3048 1062 3100 tria
1081 3060 1169 3099 tua
1188 3058 1290 3100 tres
1309 3047 1419 3100 dies
1437 3047 1737 3115 signiﬁcant
1754 3049 1822 3102 ⁸⁸.

221 3132 476 3201 Sethuia
503 3153 608 3190 non
637 3138 951 3192 tnittistrasti
984 3139 1035 3192 in
1071 3152 1230 3192 manu
1259 3139 1422 3209 regis,
1456 3139 1694 3193 volatilia
1729 3156 1825 3194 att-

222 3234 338 3280 tem
367 3229 724 3283 cotuetlehant
757 3247 853 3296 ca;
886 3233 1233 3303 manifestum
1269 3233 1500 3300 estquia
1528 3233 1700 3287 inciso
1735 3249 1826 3287 ca-

224 3316 344 3386 pite
379 3327 488 3380 tuo,
522 3329 578 3372 et
607 3320 764 3374 allixa
822 3336 988 3375 carne
1024 3323 1196 3387 cruci,
1241 3324 1479 3377 volatilia
1532 3327 1826 3378 manduca-

224 3407 364 3463 liunt
399 3425 593 3465 carnes
613 3423 753 3466 tuas.
787 3412 897 3467 lloc
919 3415 1062 3467 enim
1091 3417 1670 3470 annuntiatsomuimn
1701 3418 1818 3470 tibi.

226 3499 458 3556 Etcum
509 3506 701 3556 tertius
751 3504 1060 3558 advenisset
1085 3505 1218 3569 dies,
1268 3516 1322 3559 et
1356 3505 1497 3575 regis
1536 3506 1825 3560 itaberetllr

227 3592 449 3657 natalis,
471 3609 677 3649 memor
705 3597 806 3649 fuit
831 3613 1166 3651 summorum
1189 3599 1401 3651 illorum
1426 3599 1820 3653 ministrorum.

227 3684 300 3741 Et
329 3687 403 3740 illi
445 3689 658 3758 quidem
686 3689 779 3758 qui
808 3703 967 3758 supra
995 3694 1206 3743 vineam
1240 3700 1362 3744 erat
1391 3690 1641 3745 c0ncedit
1667 3708 1682 3745 :
1727 3704 1822 3744 vo-

229 3786 388 3831 catus
418 3779 561 3831 cnim
607 3789 710 3842 est,
757 3788 812 3832 et
846 3780 995 3833 stetit
1023 3791 1149 3833 ante
1190 3792 1541 3849 conspectum
1572 3781 1734 3850 regis,
1772 3791 1824 3834 et

229 3869 380 3923 dedit
401 3868 624 3923 calicem
655 3870 708 3922 in
748 3886 964 3924 manum
993 3869 1112 3939 ejus
1140 3873 1440 3927 secundum
1489 3870 1824 3941 interpreta-

229 3958 436 4013 tionem
463 3958 683 4029 Joseplt.
724 3962 1003 4031 Prmpositi
1045 3975 1224 4017 autem
1264 3965 1486 4033 pistoris
1527 3966 1830 4019 admonitio

230 4053 410 4122 magis
451 4052 661 4110 fervere
704 4053 828 4109 fecit
861 4056 1282 4126 indignationem
1323 4058 1490 4126 regis,
1532 4068 1588 4112 et
1617 4058 1824 4112 incide~

230 4144 399 4201 batur
459 4148 656 4216 capite,
712 4159 768 4203 et
812 4149 1055 4204 volatilia
1115 4151 1475 4220 perliciebant
1534 4151 1822 4206 visionem.

232 4241 376 4309 Quid
458 4242 577 4298 hazc
646 4248 712 4298 ad
779 4242 1019 4314 lost-ph?
1097 4247 1334 4300 maxime
1405 4245 1627 4316 quidem
1699 4247 1824 4316 quia

232 4333 544 4389 intellectus
603 4347 721 4390 erat
774 4337 825 4390 in
876 4352 940 4392 eo
994 4347 1050 4392 et
1095 4339 1369 4393 revelatio
1421 4357 1434 4393 :
1489 4351 1546 4392 et
1597 4338 1722 4411 quia
1773 4347 1828 4392 et

231 4441 424 4482 eorum
463 4428 552 4496 qui
613 4429 664 4483 in
700 4445 922 4486 carcere
962 4441 1120 4485 erant
1167 4433 1470 4488 consolatio
1503 4432 1824 4497 habebatur,

234 4519 360 4588 quia
383 4528 438 4573 et
463 4519 570 4574 illic
588 4522 852 4576 creditum
884 4531 969 4576 est
991 4522 1062 4576 ei.
1095 4523 1310 4578 Dixerat
1343 4532 1524 4578 autem
1557 4525 1664 4577 vini
1697 4540 1828 4593 pra:-

229 4612 449 4682 posito:
483 4611 744 4668 Memento
800 4617 897 4669 mei
938 4633 1033 4684 per
1087 4619 1412 4684 temetipsum
1459 4633 1578 4670 cum
1612 4619 1818 4684 eruperit

1927 2119 2107 2173 vaccis
2130 2119 2348 2188 quidem
2379 2118 2671 2189 pinguibus
2690 2135 2873 2175 vacca:
2895 2136 3112 2185 macrae,
3149 2121 3317 2191 spicis
3343 2132 3528 2177 autem

1925 2209 2082 2264 bonis
2112 2222 2167 2265 et
2189 2211 2364 2281 plenis
2383 2212 2547 2282 spicae
2575 2222 2788 2266 tenues.
2830 2211 2937 2267 Pro
2971 2223 3180 2283 septem
3214 2214 3386 2285 spicis
3414 2214 3532 2283 ple-

1926 2302 2016 2356 nis
2045 2313 2253 2373 septem
2280 2305 2442 2372 spica:
2468 2314 2678 2362 tenues.
2699 2304 2971 2362 Comestte
2997 2315 3124 2360 sunt
3149 2307 3376 2376 pingues
3406 2321 3537 2362 vac-

1925 2409 2003 2448 cae
2029 2410 2057 2446 a
2087 2394 2393 2450 macilentis
2414 2398 2620 2462 vaccis,
2643 2407 2701 2452 ct
2731 2397 2893 2466 spica
2926 2414 2955 2452 a
2979 2398 3168 2466 spicis,
3201 2408 3260 2454 et
3288 2397 3343 2453 in
3383 2398 3535 2454 fame

1929 2485 2230 2542 habebatur
2259 2486 2546 2559 Egyptus,
2603 2501 2658 2544 et
2696 2490 2749 2544 in
2795 2489 3002 2544 turbela
3038 2489 3273 2544 Pharao.
3327 2489 3392 2543 Et
3419 2488 3529 2544 viui

1925 2580 2246 2650 prmpositus
2293 2582 2602 2636 admonitus
2651 2592 2736 2636 est
2783 2581 2973 2637 dicens
3021 2578 3188 2652 (39):
3240 2580 3428 2636 Dicam
3459 2597 3530 2636 au

1928 2670 2179 2725 taceam?
2231 2671 2372 2726 tacui
2425 2679 2576 2725 tanto
2617 2682 2880 2739 tempore.
2931 2671 3038 2727 Sed
3076 2673 3120 2727 si
3163 2687 3270 2728 non
3317 2672 3528 2736 dixem,

1926 2765 2139 2833 perient
2165 2761 2431 2834 Egyptii.
2457 2763 2660 2829 Meum,
2694 2765 2889 2835 inquit,
2913 2779 3184 2828 errorem,
3211 2778 3388 2817 meum
3409 2779 3536 2833 pec-

1927 2864 2107 2910 catum
2137 2859 2484 2912 admoneam.
2539 2853 2710 2913 Puta!
2735 2875 2856 2912 cum
2888 2867 3165 2928 repeteret
3192 2867 3246 2912 et
3285 2859 3528 2912 diceret:

1928 2947 2062 3003 Cum
2094 2948 2264 3028 iratus
2295 2963 2445 3004 esses
2482 2951 2673 3017 nobis;
2707 2950 3008 3005 admonitio
3036 2951 3117 3004 sui
3143 2951 3384 3019 peccati:
3409 2959 3531 3004 erat

1928 3051 2105 3095 autem
2139 3042 2546 3097 taciturnitatis.
2583 3042 2726 3096 Fieri
2763 3042 2907 3095 enim
2945 3050 3123 3112 potest
3155 3043 3281 3112 quia
3299 3054 3538 3113 utraque

1929 3134 2243 3188 admonitus
2267 3145 2370 3200 est,
2404 3146 2458 3188 et
2495 3148 2722 3203 utraque
2745 3136 2903 3189 dixit.
2942 3134 3082 3199 Quid
3112 3136 3187 3188 ait
3215 3136 3282 3188 ad
3310 3135 3540 3203 regem?

1928 3223 2168 3291 Peccati,
2205 3227 2401 3295 inquit,
2437 3244 2638 3281 memor
2689 3228 2771 3297 {ui
2806 3229 2960 3281 hodie
2988 3242 3007 3281 :
3040 3226 3256 3282 Pharao
3283 3229 3541 3297 indigna—

1930 3330 2014 3373 tus
2036 3329 2114 3374 est
2136 3324 2310 3390 pueris
2349 3324 2484 3380 suis.
2517 3331 2566 3375 et
2605 3323 2743 3374 misit
2781 3339 2875 3374 nos
2912 3323 2964 3374 in
2995 3338 3295 3386 carcerem;
3339 3323 3392 3375 in
3435 3323 3536 3375 do-

1929 3429 2073 3466 mum
2119 3415 2390 3480 prtepositi
2429 3430 2717 3480 cognorunt
2762 3430 2844 3466 me
2877 3422 2928 3466 et
2985 3415 3072 3483 qui
3106 3430 3268 3482 supra
3308 3415 3534 3481 pistores

1927 3515 2064 3558 erat.
2102 3504 2163 3557 Et
2207 3506 2429 3559 vidimus
2479 3510 2742 3559 somnium
2779 3520 2993 3572 uterque
3029 3522 3134 3558 una
3175 3516 3358 3568 nocte;
3415 3522 3534 3575 ego,

1928 3598 2109 3649 itidem
2144 3597 2268 3662 ille;
2303 3599 2658 3667 unusquisque
2675 3599 2939 3650 somnium
2972 3599 3223 3651 vidimus.
3269 3598 3396 3652 Erat
3430 3617 3535 3653 au-

1929 3695 2030 3740 tem
2059 3688 2130 3739 ibi
2162 3689 2431 3740 nobiscum
2460 3688 2765 3740 adolescens
2796 3702 2925 3755 puer
2959 3685 3218 3740 Hebraeus
3257 3687 3534 3756 pratpositi

1928 3795 2214 3850 coquatum
2249 3794 2267 3833 :
2297 3793 2342 3831 et
2365 3783 2731 3833 enarrarimus
2761 3779 2863 3841 illi.
2887 3767 3329 3848 et'interpretavit
3355 3783 3530 3837 nobis.

1929 3871 1997 3924 Et
2027 3872 2227 3942 factum
2256 3883 2354 3935 est,
2385 3874 2515 3924 sicut
2538 3875 2916 3938 interpretatus
2951 3873 3122 3940 [uerat
3153 3874 3392 3927 nobissic
3418 3892 3535 3930 eve-

1930 3966 2043 4029 nit;
2075 3981 2155 4017 ηδε
2180 3967 2458 4017 restituisti
2493 3965 2548 4017 in
2573 3964 2765 4034 officio,
2799 3963 2950 4016 illum
2987 3975 3164 4017 autem
3185 3969 3530 4034 suspendisti.

1935 4058 2152 4112 Etmisit
2188 4057 2400 4110 Pharao
2434 4055 2817 4119 eocariloseph
2843 4058 2933 4112 ⁵⁸⁸.
2959 4057 3220 4112 Convicta
3253 4061 3396 4114 enim
3417 4061 3538 4129 jam

1931 4151 2106 4205 fuerat
2138 4152 2530 4220 sapientiorum
2568 4151 2860 4218 sapientia.
2902 4167 3024 4220 qum
3073 4154 3348 4207 somnium
3388 4158 3535 4225 regis

1932 4242 2277 4309 interpretari
2327 4255 2431 4294 non
2469 4243 2662 4310 potuit.
2703 4241 2772 4296 Et
2797 4242 3102 4296 eduxerunt
3131 4261 3254 4298 eum
3300 4245 3366 4298 de
3401 4262 3534 4300 car-

1931 4349 2078 4398 cere,
2105 4344 2158 4388 et
2197 4337 2549 4389 totonderunt
2579 4349 2728 4399 eum,
2755 4343 2808 4388 et
2844 4345 3200 4391 mutaverunt
3237 4340 3536 4392 vestimen-

1930 4436 2041 4479 tum
2093 4426 2231 4494 ejus.
2281 4427 2478 4480 lterum
2521 4444 2551 4482 e
2595 4427 2713 4482 lacu
2761 4427 2988 4497 Joseplt,
3017 4431 3217 4484 iterum
3252 4446 3282 4484 e
3311 4446 3544 4486 carcere

1930 4517 2081 4582 exiit,
2129 4527 2184 4572 et
2242 4519 2486 4572 venitad
2529 4518 2764 4574 Pharao.
2817 4521 2965 4574 Dixit
2998 4531 3180 4575 autem
3217 4520 3436 4576 Pharao
3466 4526 3540 4577 ad

1930 4606 2132 4677 Joseph
2163 4627 2176 4663 :
2209 4607 2492 4664 Somnium
2554 4612 2684 4676 vidi,
2743 4624 2790 4664 et
2839 4616 2930 4682 qui
2981 4615 3354 4679 interpretetur
3396 4617 3538 4670 illud

361 4723 472 4760 esse
521 4711 664 4774 bene,
707 4721 753 4763 ει
776 4711 936 4777 [σείει
967 4711 1022 4764 in
1069 4727 1151 4765 me
1179 4711 1589 4769 ηιξδεγαιξοηειη.
1624 4722 1672 4765 ει
1715 4729 1823 4765 me-
1858 4736 1901 4792 Β
1934 4717 2037 4754 ηοη
2071 4712 2147 4755 εει
2175 4702 2242 4755 5I’.
2270 4700 2528 4756 Convicta
2559 4704 2831 4770 enitnjam
2872 4707 3050 4759 fuerat
3080 4705 3386 4777 Ᾱὲεςριυεε
3413 4723 3542 4763 εωθ-

229 4799 466 4852 tttorabis
491 4801 556 4853 de
581 4817 662 4852 me
710 4799 982 4856 Pharaoni
1015 4817 1034 4854 .'
1069 4814 1116 4857 et
1157 4806 1344 4857 educes
1377 4818 1458 4856 me
1487 4803 1550 4856 de
1578 4804 1681 4857 isto
1705 4821 1821 4856 car-

231 4905 351 4943 cere
387 4902 408 4943 :
448 4894 697 4959 quoniam
727 4890 868 4959 furto
901 4892 1137 4946 sublatus
1164 4910 1279 4946 sum
1307 4896 1372 4945 de
1403 4904 1545 4945 terra
1573 4892 1825 4946 Hebraeo-

232 4996 376 5042 rum.
408 4995 451 5035 et
473 4983 558 5034 hic
581 4984 709 5035 nihil
737 4985 861 5036 ntali
881 4983 999 5053 feci,
1031 4986 1120 5038 sed
1153 4986 1409 5038 miserunt
1430 5000 1511 5037 me
1539 4986 1589 5038 in
1610 4985 1822 5038 domum

232 5073 340 5125 laci
362 5073 520 5141 hujus
565 5075 632 5126 ⁵⁸.
664 5075 797 5140 Quia
827 5079 970 5130 enim
998 5078 1097 5132 hoc
1141 5078 1313 5146 ipsutn
1350 5077 1580 5131 credidit
1611 5078 1664 5130 in
1723 5079 1820 5129 ho-

233 5163 406 5225 ntitte,
435 5164 678 5216 additum
729 5176 812 5219 est
839 5167 886 5220 ei
921 5168 1222 5221 biennium.
1276 5167 1610 5223 Emendatus
1642 5180 1827 5221 autem

232 5267 320 5311 est
351 5258 420 5310 ob
448 5258 609 5311 istum
639 5272 943 5312 sermonem
966 5276 1060 5328 per
1077 5261 1352 5317 biennium
1378 5261 1576 5330 Joseplt
1603 5272 1662 5314 ut
1683 5270 1829 5316 esset

304 5350 350 5384 ⁸⁸
379 5351 513 5408 Gen.
547 5370 633 5420 ιι,
654 5354 802 5408 9-11.
881 5355 1072 5410 “ibid.
1094 5357 1180 5423 12,
1204 5359 1291 5412 15.
1367 5357 1674 5414 ⁸³1ῡίἀ.16.

231 5424 279 5457 ⁸⁷
323 5425 452 5479 ibid.
493 5426 574 5481 15.
651 5427 699 5457 ⁸⁸
732 5426 861 5480 ibid.
897 5426 984 5480 16.

259 5582 270 5588 η
307 5523 418 5595 ('57)
479 5523 603 5577 Tria
641 5525 877 5578 canistra
925 5524 1112 5579 halice.
1165 5525 1362 5578 llaliczr
1405 5539 1500 5579 seu
1545 5526 1739 5580 alicae:
1773 5523 1827 5577 in

236 5594 618 5667 S.._'S_criptura
650 5596 836 5650 (ἓνιίὶειι
871 5595 998 5666 τρία
1029 5595 1508 5667 κανὰηχονδριτῶν.

307 5663 420 5736 (58)
462 5669 539 5718 lt'x
567 5667 804 5718 omnibus
836 5663 1131 5734 generibus.
1172 5663 1228 5718 lii
1258 5663 1469 5735 vulgata
1503 5670 1826 5736 interpreta-

239 5735 407 5795 tione.
430 5752 603 5788 omnes
634 5740 775 5788 ethos
804 5739 892 5805 qui
916 5737 1047 5805 ﬁunt
1082 5750 1194 5789 arte
1219 5739 1462 5805 pistoria.

309 5807 418 5877 (39)
454 5807 766 5859 Admonitus
815 5818 885 5859 est
935 5808 1129 5862 dicens.
1167 5807 1368 5861 Locum
1408 5811 1546 5862 hunc
1578 5807 1826 5861 videmur

237 5881 316 5932 sic
354 5877 644 5945 explanare
677 5891 830 5944 posse
874 5893 938 5930 ex
1002 5878 1324 5948 Scriptura:
1359 5880 1690 5932 ltecortlatus
1742 5888 1825 5932 est

237 5947 448 6013 Josephi
503 5950 707 6019 dicens,
759 5949 941 6019 Dicam
982 5951 1088 6019 regi
1128 5947 1195 6002 an
1246 5950 1471 6002 tacebo?
1522 5961 1671 6001 tanto
1705 5949 1818 6018 jam

245 6032 482 6090 tempore
506 6018 645 6072 tacui
688 6037 700 6072 :
738 6017 834 6073 sed
852 6020 894 6072 si
932 6017 1277 6086 nou—dixero,
1307 6017 1816 6089 perieutAﬂgyptn:

1753 5355 1948 5410 l“ibid.
1967 5356 2154 5410 16-18.

1934 4796 2073 4848 victa
2111 4805 2164 4850 et
2211 4796 2478 4864 sapientia
2523 4813 2643 4865 qua:
2677 4797 3034 4866 pollicebatur
3073 4801 3262 4855 multa.
3293 4800 3401 4871 Ego
3434 4817 3538 4854 auo

1935 4896 2042 4940 tem
2084 4887 2264 4940 audivi
2294 4888 2360 4941 de
2407 4897 2459 4939 te
2495 4889 2762 4954 dicentes,
2820 4891 3010 4944 audire
3038 4899 3090 4944 te
3123 4893 3334 4945 somnia
3370 4903 3421 4945 et
3455 4894 3537 4944 in-

1931 4981 2217 5047 terpretari
2252 4995 2336 5035 ea.
2400 4979 2676 5035 Conlirma
2725 4997 2860 5050 ergo
2917 4983 3075 5037 nobis
3117 4984 3314 5037 famam
3361 4994 3532 5039 tuatn.

1932 5068 2242 5142 Religiosus
2283 5083 2464 5128 autem
2515 5071 2715 5143 Joseph
2759 5075 3040 5142 respondit
3081 5077 3147 5131 ad
3199 5091 3420 5147 regem,
3482 5089 3538 5130 et

1932 5164 2067 5217 dixit
2109 5183 2121 5217 :
2155 5164 2280 5218 Sine
2305 5165 2411 5218 Deo
2441 5183 2543 5219 non
2581 5166 2984 5233 respondebitur
3013 5169 3252 5221 salutare
3293 5166 3538 5223 Pharao.

1933 5259 2034 5312 Dei
2060 5261 2198 5312 enim
2221 5270 2319 5325 est,
2352 5261 2548 5330 inquit,
2584 5263 2946 5330 interpretatio
2981 5262 3050 5316 ⁸⁸.
3089 5262 3198 5331 Ego
3243 5263 3375 5316 nihil
3410 5279 3542 5348 nos"

2231 5357 2276 5387 σε
2310 5356 2436 5410 ibid.
2466 5345 2657 5412 H.451
2734 5356 2779 5387 σε
2803 5356 2942 5410 ενι».
2962 5373 3072 5412 χιι.
3151 5356 3352 5411 δυὼίό.
3372 5345 3536 5413 9-14.

1934 5522 2109 5590 potius
2151 5523 2326 5589 itaque
2359 5536 2564 5583 meum,
2615 5521 2808 5590 inquit,
2842 5539 3107 5587 errorem,
3140 5539 3318 5578 meum
3343 5537 3536 5592 percao

1939 5603 2049 5645 tum
2078 5595 2430 5646 conlitebor:
2491 5607 2683 5659 nempe
2733 5611 2855 5647 cum
2899 5594 3168 5649 Pharaoni
3222 5604 3535 5651 renarraret

1937 5679 2001 5715 ac
2040 5665 2268 5726 diceret,
2319 5665 2452 5718 Cum
2484 5664 2655 5715 iratus
2688 5681 2840 5720 esses
2891 5667 3068 5726 nobis.
3112 5667 3380 5718 confessio
3411 5675 3542 5723 erat

1933 5733 2015 5786 sui
2043 5737 2248 5801 peccati
2285 5750 2388 5804 quo
2418 5736 2550 5800 regis
2600 5736 2731 5786 iram
2778 5752 3062 5803 prouocaue
3097 5746 3170 5797 .tt,
3215 5747 3327 5788 tum
3365 5738 3539 5792 etiam

1935 5806 2346 5865 taciturnitatis,
2380 5809 2523 5875 quod
2559 5808 2764 5872 accepti
2807 5825 2833 5856 a
2869 5806 3105 5874 Joseplto
3147 5807 3396 5861 beneﬁcii
3430 5809 3539 5861 iut-

1933 5890 2143 5947 ntetuor
2196 5879 2397 5928 tamdiu
2445 5876 2726 5929 siluisset:
2765 5876 2880 5930 ﬁeri
2913 5881 3056 5931 enint
3089 5886 3267 5946 potest
3309 5887 3366 5930 ut
3414 5881 3540 5947 ejus

1931 5946 2114 5998 animo
2166 5950 2394 6002 subierit
2449 5959 2771 6014 utrumque,
2823 5959 2876 6001 et
2935 5961 3231 6016 utrumque
3276 5950 3348 6003 sit
3402 5946 3538 6004 cott-

1931 6017 2129 6070 lessus.
