4000 6428
601 414 742 475 1091

1236 416 1506 473 EUSBBII
1541 416 2025 475 C£SARIENSIS
2053 418 2206 475 OPP.
2244 417 2429 474 PARS
2468 420 2561 475 IV.
2601 448 2673 462 —
2711 421 3131 479 DOGIIATICA.

602 542 724 584 sum
779 534 842 582 ut
868 524 1095 597 possim.
1144 525 1376 598 Exponit
1420 537 1600 583 autem
1653 529 1849 601 duplex
1900 532 2169 586 somnium
2198 541 2323 601 Aet
2354 531 2434 585 ori
2471 540 2560 585 tuo
2589 532 2791 587 obediet
2840 532 3064 604 populus
3113 534 3278 589 omnis
3324 547 3519 606 prater
3566 540 3846 597 thronum:

600 616 832 682 Pharao,
862 619 1005 686 quod
1034 625 1153 672 erat
1180 616 1232 672 in
1263 634 1365 672 una
1392 619 1613 675 virtute.
1632 619 1744 675 Cur
1770 633 1950 677 autem
1974 637 2167 678 secun-

602 712 728 762 dum
752 707 1021 763 somnium
1050 706 1229 762 videt?
1268 716 1327 761 ut
1356 709 1537 764 discas
1564 712 1690 779 quia
1732 723 1886 782 urget
1921 714 2060 768 Deus
2111 722 2170 768 ut

599 806 787 867 parcat
815 795 1146 850 hominibus.
1175 792 1463 861 Putabam,
1492 796 1685 867 inquit,
1716 814 1796 854 me
1822 810 1963 853 stare
2010 800 2168 868 juxta

598 902 746 943 orant
762 888 1017 957 ﬂuminis,
1038 896 1089 941 et
1107 887 1258 955 quasi
1282 887 1346 940 de
1372 888 1589 957 ﬂumine
1615 889 1961 943 ascendebant
1978 900 2169 959 septem

598 994 770 1034 vacca
798 979 974 1034 electa
1000 978 1268 1040 carnibus,
1302 977 1451 1033 bona
1482 989 1715 1049 aspectu,
1750 989 1798 1033 et
1822 980 2171 1044 pascebantur

598 1070 670 1125 ad
711 1070 899 1139 ripam.
944 1067 1015 1123 Et
1051 1085 1167 1124 ecce
1212 1068 1335 1123 alite
1377 1083 1567 1138 septem
1606 1085 1774 1124 vacca:
1822 1072 2167 1125 ascendebant

596 1171 713 1230 post
750 1160 879 1215 illas.
920 1158 988 1215 de
1016 1160 1256 1228 ﬂumine,
1291 1160 1529 1226 pessima:
1569 1170 1617 1213 et
1650 1168 1825 1230 turpes
1848 1172 2082 1228 aspectu,
2115 1168 2166 1215 et

598 1267 791 1306 macra:
834 1253 1102 1316 carnibus.
1136 1254 1265 1309 tales
1296 1254 1478 1324 quales
1504 1268 1771 1322 nunquam
1822 1252 1929 1305 vidi
1966 1253 2021 1306 in
2060 1261 2167 1306 tota

594 1340 828 1412 Εςυριο
850 1346 1131 1413 turpiores.
1166 1344 1233 1399 Et
1263 1348 1637 1399 devoraverunt
1661 1344 1768 1397 illa
1780 1353 1972 1411 septem
1998 1358 2167 1398 vaccas

595 1449 789 1488 macra
815 1446 866 1491 et
898 1446 1070 1503 turpes
1104 1446 1291 1504 septem
1310 1452 1493 1489 vaccas
1520 1435 1679 1490 bonas
1702 1444 1751 1489 et
1782 1434 1989 1501 electas,
2020 1443 2070 1487 et
2092 1435 2169 1488 in-

596 1530 865 1577 traverunt
905 1525 962 1577 in
1001 1535 1197 1579 ventres
1234 1540 1451 1589 earum;
1483 1534 1532 1578 et
1561 1540 1666 1579 nou
1689 1535 1977 1593 paruerunt
2025 1522 2165 1593 quod

594 1614 892 1669 introissent
938 1616 995 1669 in
1043 1626 1241 1670 ventres
1286 1630 1491 1681 earum,
1520 1627 1695 1685 turpes
1719 1617 1855 1670 sicut
1898 1624 2048 1669 erant
2096 1614 2163 1667 ab

594 1706 769 1760 initio.
801 1705 1033 1776 Surgens
1052 1718 1226 1761 autem
1256 1724 1441 1764 rursus
1487 1709 1735 1773 dormivi,
1759 1718 1811 1764 et
1835 1711 1940 1764 vidi
1968 1710 2164 1764 iterum

594 1796 651 1850 in
679 1797 871 1851 somnis
905 1811 925 1850 :
944 1806 992 1852 et
1020 1798 1171 1867 quasi
1191 1808 1382 1865 septem
1407 1802 1566 1869 spicae
1595 1801 1945 1855 ascendebant
1965 1802 2019 1855 in
2044 1801 2165 1871 fun-

2268 636 2361 691 ego
2385 631 2436 675 te
2454 638 2678 690 praero.
2707 621 2854 677 Dixit
2884 622 3098 679 Pharao
3130 626 3201 679 ad
3217 624 3416 697 Ioseph
3446 642 3465 681 :
3503 629 3644 685 Ecce
3666 636 3847 687 consti-

2267 722 2357 766 tuo
2379 721 2425 766 le
2471 713 2617 766 hodie
2641 730 2797 782 super
2817 730 3020 769 omnem
3050 725 3245 772 terram
3282 719 3529 792 Egypti,
3553 723 3745 789 facito,
3770 725 3847 779 in-

2265 802 2400 869 quit,
2427 812 2574 855 tuum
2594 804 2893 859 consilium.
2924 803 3056 870 Quis
3082 815 3132 861 te
3159 810 3499 878 sapientior!
3518 814 3639 883 quis
3668 824 3717 867 te
3735 830 3845 869 seu-

2267 894 2435 946 satior
2462 901 2513 947 et
2536 892 2788 961 fidelior?
2816 906 2864 951 te
2897 897 3034 952 enim
3064 898 3268 954 volebat
3299 899 3446 956 Deus
3474 914 3531 957 ut
3564 921 3735 974 supra
3766 909 3847 960 do-

2266 998 2410 1037 mum
2442 999 2579 1038 esses
2624 1000 2816 1052 meam,
2860 1003 3017 1056 super
3057 1006 3258 1044 omnem
3289 993 3490 1048 scilicet
3532 994 3844 1068 Egyptuut.

2266 1071 2515 1143 Perﬁcito
2544 1086 2692 1129 tuum
2720 1077 3020 1144 consilium,
3063 1097 3324 1153 conregna
3356 1086 3511 1141 mihi.
3547 1086 3671 1142 Tibi
3713 1090 3847 1144 enim

2265 1166 2401 1220 dans
2433 1164 2724 1239 Egyptum
2751 1171 2807 1224 in
2828 1182 3105 1240 potestate,
3127 1176 3327 1231 habebo
3367 1185 3419 1232 te
3444 1195 3659 1235 mecum
3686 1184 3743 1236 in
3772 1199 3847 1237 re-

2266 1271 2381 1335 gem
2415 1257 2482 1313 ".
2516 1256 2635 1311 Iam
2650 1260 2974 1329 consolatio,
3006 1263 3119 1332 jam
3146 1262 3356 1322 fructus
3386 1270 3667 1337 pudicitia:
3695 1282 3847 1327 erant

2264 1343 2486 1417 Ioseph.
2507 1347 2613 1404 Sed
2640 1365 2741 1405 nec
2763 1351 2815 1406 in
2844 1351 2930 1408 his
2957 1351 3134 1412 factus
3155 1360 3335 1429 arguit
3352 1360 3641 1417 mulierem
3671 1363 3846 1433 impu-

2266 1437 2504 1502 dentem.
2520 1455 2626 1496 non
2643 1442 2818 1498 reddit
2836 1444 3005 1499 vicem
3030 1464 3044 1501 :
3068 1456 3249 1504 tamen
3279 1450 3381 1506 fuit
3402 1452 3453 1506 in
3473 1452 3847 1521 tribulatione,

2265 1539 2322 1585 et
2350 1531 2404 1584 in
2435 1531 2526 1585 tali
2559 1534 2805 1605 angustia
2837 1543 2983 1589 tanta
3008 1534 3230 1608 Ioseph.
3261 1539 3430 1596 Iacob
3457 1553 3647 1599 autem
3674 1545 3729 1600 in
3754 1546 3847 1600 tri-

2265 1621 2542 1680 bulatione
2592 1635 2729 1693 erat,
2785 1633 2841 1680 et
2882 1625 2995 1695 jam
3035 1644 3160 1684 cum
3208 1630 3319 1703 (Il)
3353 1634 3618 1690 remissus
3654 1635 3847 1693 fuisset

2262 1710 2463 1784 Ioseph
2496 1730 2527 1768 a
2558 1730 2797 1774 carcere.
2821 1718 2959 1789 Quid
2992 1736 3145 1794 ergo,
3181 1722 3365 1779 dicent
3387 1723 3587 1790 Iudaei.
3616 1728 3710 1783 ubi
3759 1740 3842 1785 est

2266 1804 2476 1863 fructus
2516 1811 2931 1887 promissionis?
2967 1812 3023 1868 Si
3072 1814 3217 1869 enim
3255 1816 3357 1871 ista
3412 1827 3499 1873 est
3537 1820 3681 1887 vita,
3716 1822 3845 1891 quid

594 1889 662 1944 do
692 1906 795 1943 uno
814 1890 980 1957 plena
996 1899 1044 1943 et
1070 1892 1238 1945 bona.
1257 1890 1393 1947 Alia
1406 1903 1581 1946 autem
1602 1902 1798 1960 septem
1813 1894 2164 1960 spic¢e~tenues
2194 1892 2239 1948 B
2271 1896 2370 1952 hoc
2397 1898 2462 1952 ad
2487 1896 2679 1967 Iacob,
2726 1902 2819 1972 qui
2851 1903 3036 1959 decem
3070 1916 3124 1961 et
3152 1916 3356 1977 septem
3388 1910 3549 1966 annis
3591 1889 3849 1970 luxitIo-

588 1988 640 2035 et
662 1996 694 2033 a
723 1990 871 2034 vento
901 1992 1160 2047 corrupta:
1180 1982 1473 2035 crescebant
1497 1980 1655 2051 juxta
1682 1996 1769 2034 eas
1798 1990 1846 2034 et
1876 1981 2162 2050 glutierunt

588 2083 776 2139 septem
808 2072 965 2139 spica
991 2080 1167 2126 tenues
1190 2081 1241 2126 et
1265 2089 1299 2126 a
1323 2082 1472 2127 vento
1501 2082 1783 2140 corruptor,
1832 2081 2025 2140 septem
2053 2075 2152 2141 spi-

587 2179 676 2218 cas
700 2163 879 2232 plenas
903 2175 949 2217 et
970 2165 1150 2218 bonas.
1179 2163 1303 2218 Dixi
1320 2180 1443 2235 ergo
1464 2164 1968 2231 interpretatoribus,
1994 2171 2042 2215 et
2060 2179 2163 2216 non

586 2252 690 2323 fuit
717 2255 808 2322 qui
831 2254 1102 2307 dissereret
1140 2254 1289 2308 mihi.
1320 2252 1389 2307 Et
1420 2254 1553 2307 dixit
1592 2251 1785 2321 Ioseph
1808 2253 1876 2304 ad
1900 2251 2117 2307 Pharao
2140 2269 2160 2309 :

584 2340 862 2397 Somnium
896 2340 1103 2397 Pharao
1128 2361 1290 2398 unum
1313 2354 1409 2398 est.
1445 2343 1781 2414 Quaecunque
1818 2342 1956 2397 Deus
1979 2347 2160 2414 faciet,

585 2433 815 2490 ostendit
866 2431 1103 2487 Pharao.
1151 2433 1359 2504 Septem
1390 2451 1558 2489 vacca
1612 2436 1762 2489 bona
1813 2444 2004 2502 septem
2032 2436 2160 2490 anni

582 2531 723 2575 sunt.
766 2521 1040 2578 Somnium
1070 2523 1287 2578 Pharao
1315 2541 1474 2578 unum
1506 2534 1582 2579 est
1615 2539 1635 2577 :
1675 2533 1725 2577 et
1763 2537 1950 2593 septem
1987 2541 2161 2580 ναι-σας

582 2626 777 2666 macra
818 2629 935 2683 qute
962 2612 1304 2668 ascendebant
1332 2626 1447 2683 post
1474 2632 1585 2681 eas,
1624 2625 1820 2685 septem
1860 2616 1989 2669 anni
2014 2626 2158 2669 sunt.

583 2698 654 2755 Et
683 2712 875 2771 septem
908 2705 1065 2774 spica:
1096 2714 1274 2758 tenues
1307 2716 1354 2759 et
1391 2722 1423 2759 a
1454 2716 1599 2760 vento
1636 2718 1916 2777 corruptae,
1964 2717 2157 2777 septem

581 2793 709 2847 anni
746 2803 889 2849 sunt.
928 2793 997 2847 Et
1026 2797 1119 2849 erit
1141 2806 1331 2865 septem
1369 2797 1523 2851 annis
1559 2798 1758 2867 fames:
1783 2815 1958 2853 verum
1982 2807 2156 2852 autem

581 2885 723 2954 quod
758 2884 895 2937 dixit
930 2883 1139 2939 Pharao
1171 2902 1190 2941 :
1224 2903 1548 2957 quacunque
1570 2888 1707 2943 Deus
1730 2889 1909 2959 faciet,
1932 2891 2154 2945 ostendit

580 2973 875 3030 Pharaoni.
909 2974 1045 3031 Ecce
1102 2987 1296 3047 septem
1332 2980 1459 3033 anni
1514 2980 1720 3034 veniunt
1751 2982 2008 3035 ubertatis
2036 2998 2154 3035 ma-

579 3080 699 3135 gna:
757 3067 813 3121 in
849 3069 990 3122 omni
1031 3080 1171 3122 terra
1212 3069 1451 3140 tEgypti.
1483 3069 1614 3125 Post
1645 3082 1819 3126 autem
1842 3075 2041 3127 venient
2069 3089 2156 3128 sco

577 3168 715 3228 ptem
751 3162 876 3213 anni
904 3160 1061 3230 famis
1093 3177 1111 3215 :
1154 3174 1332 3231 postea
1355 3164 1723 3220 obliviscentur
1763 3167 2050 3221 ubertatem
2096 3167 2154 3221 in

579 3253 820 3307 universa
856 3250 1109 3323 ﬁgypto,
1139 3263 1187 3308 et
1224 3267 1486 3311 consumet
1511 3257 1674 3326 fames
1704 3274 1905 3312 omnem
1931 3268 2146 3313 terram.
2176 3244 2220 3302 (ἶ

580 3336 763 3411 Neque
791 3353 1100 3411 agnoscetur
1117 3346 1326 3398 ubertas
1355 3362 1508 3415 super
1528 3358 1719 3401 terram
1737 3358 1850 3418 pra
1866 3348 2006 3417 fame
2031 3366 2148 3421 quc

578 3430 759 3501 futura
786 3444 860 3486 est
896 3446 1008 3500 post
1026 3435 1158 3488 hac.
1199 3434 1479 3492 Vehemens
1498 3440 1637 3493 enim
1665 3440 1762 3493 erit
1788 3441 1957 3496 valde.
1993 3439 2146 3507 Quod

577 3533 755 3580 autem
788 3526 991 3580 iteravit
1030 3529 1289 3581 somnium
1318 3526 1535 3586 Pharao
1565 3532 1671 3598 bis;
1700 3535 1822 3602 quin
1850 3550 2021 3589 verum
2045 3535 2145 3589 erit

575 3617 786 3671 verbum
824 3620 960 3687 quod
990 3634 1064 3672 est
1113 3636 1145 3671 a
1178 3618 1311 3685 Deo,
1353 3631 1401 3675 et
1430 3634 1672 3692 properat
1724 3623 1867 3677 Deus
1899 3634 1957 3705 ut
1981 3625 2144 3695 faciat

574 3708 691 3764 hoc.
734 3709 891 3764 Nunc
922 3726 1042 3781 ergo
1069 3710 1279 3781 provide
1318 3714 1577 3769 hominem
1605 3727 1894 3781 sensatum,
1923 3728 1969 3771 et
2007 3734 2145 3786 prat-

572 3815 705 3868 pone
751 3816 869 3853 eum
915 3817 1069 3870 super
1116 3801 1433 3873 .Egyptum,
1487 3816 1537 3859 et
1593 3806 1754 3875 faciat
1791 3806 2027 3874 Pharao,
2059 3818 2143 3864 -et

572 3901 839 3958 prteponat
860 3891 1092 3944 locorum
1107 3894 1368 3963 principes
1386 3912 1544 3966 super
1571 3909 1789 3962 terram,
1811 3900 1901 3970 qui
1929 3900 2141 3969 quintus

572 3980 747 4049 exigat
784 3979 898 4051 (I0)
949 3983 1113 4036 omnis
1145 3983 1351 4053 fructus
1376 3998 1530 4043 teme
1554 3987 1775 4059 .Egypti
1807 4002 1999 4061 septem
2039 4009 2141 4047 an-

573 4085 761 4124 norum
802 4076 1071 4139 ubertatis,
1110 4086 1159 4130 et
1206 4078 1454 4147 colligant
1496 4096 1671 4135 omnes
1706 4081 1911 4151 fructus
1946 4093 2140 4153 septem

572 4174 830 4215 annorum
862 4164 1179 4219 venientium
1220 4167 1410 4220 horum
1449 4168 1703 4223 bonorum
1734 4185 1753 4223 :
1779 4180 1828 4225 et
1861 4173 2140 4244 colligatur

568 4250 889 4321 frumentum
914 4259 1008 4310 sub
1034 4273 1191 4311 manu
1221 4257 1436 4313 Pharao
1477 4276 1489 4289 '
1520 4270 1569 4315 et
1608 4278 1741 4317 escae
1762 4264 1813 4317 in
1841 4265 2138 4321 civitatibus

566 4346 935 4400 custodiantur
964 4362 982 4399 :
1009 4360 1057 4403 et
1075 4351 1179 4405 sint
1201 4367 1332 4407 escte
1365 4368 1479 4421 qua:
1500 4354 1773 4408 custodite
1805 4355 1998 4424 fuerint
2033 4368 2139 4412 ter-

568 4448 665 4501 rae,
693 4434 747 4488 in
774 4446 964 4504 septem
986 4456 1146 4496 annos
1166 4442 1321 4511 famis
1352 4460 1470 4515 qua:
1492 4446 1594 4500 erit
1623 4447 1679 4500 in
1708 4456 1849 4500 terra
1874 4447 2094 4519 Egypti
2116 4465 2135 4503 :

567 4536 616 4579 et
645 4542 747 4580 non
780 4531 1209 4586 exterminabitur
1255 4546 1397 4589 terra
1436 4552 1468 4590 a
1517 4536 1680 4605 fame.
1712 4536 1783 4591 Et
1823 4539 2136 4610 placuerunt

565 4620 677 4671 ha'c
732 4621 885 4673 verba
939 4631 1061 4676 ante
1109 4622 1343 4690 Pharao,
1390 4635 1439 4681 et
1485 4628 1726 4683 omnibus
1770 4633 1947 4699 pueris
1998 4634 2130 4686 suis.

564 4708 820 4779 Nunquid
855 4713 1169 4768 inveniemus
1209 4718 1469 4772 hominem
1494 4720 1650 4775 talem
1679 4724 1770 4793 qui
1802 4725 1955 4778 habet
1974 4728 2134 4794 spiri-

559 4805 670 4849 tum
700 4797 863 4852 Deiin
890 4802 982 4855 se!
1007 4800 1075 4855 Et
1100 4802 1235 4857 dixit
1260 4802 1475 4862 Pharao
1504 4810 1573 4861 ad
1594 4808 1788 4880 Ioseph
1819 4827 1839 4865 :
1866 4812 2133 4878 Quoniam

565 4887 902 4944 ostendittibi
927 4891 1065 4947 Deus
1094 4895 1269 4947 omnia
1289 4897 1421 4965 hac,
1456 4917 1557 4954 non
1586 4911 1661 4955 est
1705 4902 1801 4957 tibi
1820 4904 1974 4969 homo
2003 4922 2132 4968 pru-

564 4977 791 5044 dentior,
822 4999 914 5037 nec
941 4986 1200 5040 sensatior
1227 4995 1275 5042 te
1292 5002 1310 5041 :
1326 4999 1384 5043 tu
1404 4992 1505 5046 eris
1520 5009 1678 5063 super
1705 4995 1918 5052 domum
1936 5014 2129 5064 meam,

630 5154 680 5189 ⁸⁹
713 5154 850 5212 Gen.
875 5174 982 5227 ut,
1020 5160 1187 5219 17-41

783 5310 997 5389 Exiget.
1020 5316 1442 5389 Forte_exlgant.

692 5385 744 5455 l)
781 5384 848 5440 Et
872 5384 991 5455 fam
1012 5402 1153 5444 cum.
1182 5384 1347 5446 Foris
1371 5390 1530 5447 etiam
1563 5402 1699 5449 cum.

2265 1988 2433 2058 sepb?
2457 2001 2551 2045 aut
2577 1992 2642 2045 ad
2676 1993 2851 2061 ipsum
2884 1992 3113 2068 Ioseph,
3154 1998 3248 2069 qui
3281 2002 3374 2055 vix
3422 2001 3690 2059 liberatus
3730 2005 3849 2061 est?

2266 2085 2371 2141 Sed
2411 2102 2591 2143 sermo
2633 2090 2851 2160 quidem
2898 2092 3173 2163 impletur,
3203 2098 3477 2167 negotium
3510 2109 3697 2155 autem
3729 2116 3847 2157 ser-

2262 2184 2455 2232 vetur:
2506 2178 2713 2235 licitum
2761 2184 2904 2237 enim
2938 2196 3024 2238 est
3058 2186 3215 2241 nobis
3244 2198 3298 2242 et
3325 2191 3579 2259 sequenti
3636 2192 3844 2263 perfrui

2261 2269 2368 2324 die.
2401 2269 2771 2329 Mensuremus
2800 2285 2977 2329 autem
3017 2286 3245 2349 tempus.
3285 2278 3449 2335 Decet
3477 2283 3628 2337 enim
3676 2284 3847 2353 gratis

2262 2361 2399 2416 dona
2426 2362 2542 2429 D'ei,
2568 2374 2623 2418 ul
2648 2363 2897 2433 jejunent
2930 2368 2981 2421 in
3032 2379 3295 2439 tempore.
3339 2382 3394 2426 et
3444 2374 3742 2443 epulentur
3794 2376 3844 2431 in

2262 2460 2521 2522 tempore.
2562 2453 2790 2510 Tantum
2818 2467 2990 2513 estote
3028 2474 3295 2518 memores
3348 2465 3431 2519 ubi
3473 2465 3700 2521 ﬁnimus
3731 2483 3843 2525 ser-

2260 2556 2509 2597 monem:
2549 2546 2768 2601 utsicut
2802 2548 2853 2602 bi
2885 2548 2978 2618 qui
3007 2550 3258 2607 alacriter
3289 2555 3643 2622 manducauit,
3686 2571 3745 2614 et
3782 2560 3844 2615 oh

2258 2636 2545 2704 quamdam
2610 2638 2947 2695 occasionem
2998 2657 3352 2716 exsurgentes
3416 2664 3445 2702 a
3506 2665 3703 2706 mensa
3766 2654 3841 2707 ni-

2260 2736 2375 2780 tant
2403 2726 2515 2799 (42)
2565 2728 2668 2785 sibi
2714 2734 2958 2802 apposita
2989 2752 3004 2789 :
3033 2736 3106 2790 ita
3152 2749 3206 2792 et
3242 2754 3337 2795 vos
3371 2740 3629 2810 reliquias
3671 2744 3783 2800 alio
3814 2761 3842 2799 a

2255 2819 2413 2873 nobis
2437 2824 2712 2890 exposcite
2743 2822 2851 2887 die,
2884 2840 2952 2880 ne
2978 2828 3105 2897 quid
3132 2840 3187 2883 et
3217 2831 3606 2889 intermisimus
3649 2853 3663 2889 :
3736 2854 3841 2893 non

2255 2910 2398 2965 enim
2427 2910 2585 2970 decet
2608 2931 2705 2971 nos
2734 2917 3013 2974 venientes
3050 2920 3117 2974 ad
3148 2922 3568 2979 consolationem
3623 2929 3840 2995 mortis,

2255 3000 2562 3072 relinquere
2588 3002 2755 3061 Iacob
2784 3007 2836 3060 in
2878 3006 3025 3063 luctu
3055 3012 3122 3065 de
3153 3010 3296 3065 fama
3330 3015 3520 3069 mortis
3552 3014 3675 3071 lilii.
3735 3018 3841 3074 Sed

2254 3092 2480 3149 rationis
2516 3105 2599 3150 est
2651 3108 2707 3152 et
2737 3100 2985 3168 sequenti
3030 3101 3394 3172 nosjungere,
3417 3116 3469 3160 et
3498 3108 3735 3165 miscere
3786 3111 3839 3165 in

2252 3184 2586 3242 alacritatem
2620 3188 2915 3259 iungentium
2936 3192 3047 3263 jam
3086 3208 3207 3249 esse
3242 3197 3691 3258 consolationem.
3722 3202 3840 3259 Non

2254 3274 2474 3331 luissem
2505 3292 2600 3333 vos
2649 3294 2841 3349 passus
2887 3282 2963 3337 ita
3016 3283 3313 3353 dimittere,
3361 3290 3537 3345 adhuc
3570 3292 3841 3352 sollicitus

2253 3368 2671 3458 propterllacob
2695 3371 2983 3442 lugentem.
3015 3374 3152 3442 Quia
3193 3379 3355 3449 igitur
3390 3381 3686 3452 incipimus
3716 3403 3836 3458 per-

2251 3454 2498 3512 mittente
2535 3455 2642 3515 Deo
2679 3470 2735 3515 et
2761 3462 3105 3531 probationes
3131 3468 3199 3521 de
3242 3472 3649 3528 resurrectione
3705 3454 3837 3532 con-

2245 3542 2489 3616 iungere,
2518 3546 2629 3616 jam
2659 3549 2816 3605 ﬁdem
2835 3555 3190 3621 praecedentis
3211 3562 3475 3617 sermonis
3494 3565 3838 3625 conﬂuentes

2248 3636 2547 3706 epulamur,
2576 3654 2683 3696 non
2726 3657 2848 3697 cum
2902 3653 3171 3705 mortuis:
3213 3664 3402 3707 omnes
3432 3656 3575 3709 enim
3621 3658 3835 3718 vivunt.

2248 3724 2366 3782 Non
2406 3730 2549 3785 enim
2594 3733 2842 3789 venimus
2870 3734 2937 3790 ad
2988 3751 3381 3809 monumenta;
3409 3747 3503 3800 sed
3546 3750 3617 3802 ad
3651 3749 3836 3807 locum

2248 3822 2764 3889 commendationis;
2796 3841 2903 3882 non
2930 3832 3181 3887 venimus
3208 3834 3275 3887 ad
3328 3846 3594 3910 mortuos,
3626 3844 3726 3895 sed
3768 3845 3835 3898 ad

2246 3913 2534 3969 viventes:
2587 3930 2991 3976 commonentes
3036 3927 3392 3997 nosmetipsos
3441 3943 3534 3998 per
3575 3946 3640 3986 ea
3713 3950 3836 4005 quae

2246 4003 2477 4060 facimus
2503 4022 2650 4078 spem
2672 4010 2835 4077 ipsius
2853 4017 3281 4072 resurrectionis.
3305 4018 3434 4073 Lati
3450 4003 3833 4092 convenimus,

2246 4095 2418 4165 majus
2442 4100 2734 4166 gaudentes
2785 4104 3125 4171 recedimus;
3173 4107 3240 4161 ita
3289 4111 3432 4165 enim
3472 4116 3835 4182 confidimus.

2244 4186 2369 4253 quia
2398 4201 2758 4260 resurgemus,
2785 4191 2909 4259 quia
2938 4201 2994 4248 et
3040 4194 3144 4250 ista
3190 4198 3472 4254 credentes
3492 4201 3830 4262 laetabimur.

2244 4273 2512 4333 Habemus
2548 4291 2725 4337 autem
2752 4285 3083 4342 reconditum
3111 4304 3416 4345 sermonem
3445 4295 3604 4351 nobis
3632 4307 3829 4354 osten-

2243 4366 2481 4435 dentem,
2532 4384 2655 4442 spes
2703 4379 2828 4445 quia
2870 4390 2954 4434 est
2993 4381 3278 4452 religiosis.
3340 4383 3403 4439 Et
3430 4384 3544 4455 iam
3603 4392 3832 4459 quidem

2244 4468 2517 4515 ostensum
2541 4473 2624 4519 est
2662 4481 2690 4519 a
2720 4468 2868 4537 justo
2901 4469 3010 4526 Deo
3030 4490 3043 4530 :
3065 4481 3243 4527 tamen
3272 4474 3397 4543 quia
3424 4490 3583 4533 vocat
3613 4489 3830 4554 tempus

2242 4564 2342 4606 nos
2376 4553 2523 4609 relici
2558 4556 2770 4625 debere,
2806 4563 3100 4631 gratiarum
3152 4567 3395 4623 actiones
3433 4553 3829 4641 consignantes

2242 4644 2461 4699 verbum
2484 4646 2706 4718 gloriam
2739 4653 3036 4709 referamus
3063 4657 3254 4713 viventi
3281 4670 3333 4715 et
3355 4661 3497 4717 bono
3521 4674 3577 4719 et
3612 4682 3750 4725 vero
3775 4680 3827 4725 et

2238 4732 2529 4793 viviﬁcanti
2551 4738 2676 4795 Iesu
2692 4742 2906 4800 Christo
2927 4763 2941 4798 :
2966 4761 3061 4814 per
3076 4764 3236 4819 quem
3262 4762 3345 4807 est
3377 4753 3487 4810 Deo
3520 4756 3669 4814 Patri
3702 4776 3828 4818 cum

2241 4822 2445 4894 Spiritu
2471 4842 2661 4889 sancto
2688 4835 2860 4905 gloria
2890 4846 2945 4891 et
2970 4837 3161 4907 honor,
3204 4844 3511 4914 imperium,
3541 4849 3830 4919 maiestas,

2235 4925 2335 5060 itm
2329 4933 2471 4976 nunc
2500 4929 2554 4978 et
2579 4938 2811 4997 semper,
2836 4937 2891 4984 et
2906 4945 3004 5001 per
3027 4934 3207 4989 omnia
3242 4938 3438 4993 saecula
3468 4942 3829 5003 saeculorum.

2339 5020 2429 5060 ea.

2305 5334 2857 5432 i{?23"_‘!fi“.:f‘3!‘°
2876 5344 3101 5415 ’τέθηπεν
3142 5349 3264 5407 διιω
3292 5352 3502 5411 scilicet
3526 5356 3599 5412 ιδ
3629 5362 3819 5432 erat»

2239 5407 2458 5464 relictas
2490 5421 2820 5480 respectant.
