  <div class='ocr_page' id='page_1' title='image "/cluster/home/n/w/nwhite01/storage/ocr_20150623/24/ien.35556001660497/558.png"; bbox 0 0 4000 6474; ppageno 0'>
   <div class='ocr_carea' id='block_1_1' title="bbox 214 532 338 591">
    <p class='ocr_par' dir='ltr' id='par_1_1' title="bbox 214 532 338 591">
     <span class='ocr_line' id='line_1_1' title="bbox 214 532 338 591; baseline -0.016 0"><span class='ocrx_word' id='word_1_1' title='bbox 214 532 338 591; x_wconf 66' lang='lat' dir='ltr'><strong>tua</strong></span> 
     </span>
    </p>
   </div>
   <div class='ocr_carea' id='block_1_2' title="bbox 1301 492 2412 562">
    <p class='ocr_par' dir='ltr' id='par_1_2' title="bbox 1301 492 2412 562">
     <span class='ocr_line' id='line_1_2' title="bbox 1301 492 2412 562; baseline -0.007 0"><span class='ocrx_word' id='word_1_2' title='bbox 1301 506 1391 562; x_wconf 75' lang='lat' dir='ltr'><strong>DE</strong></span> <span class='ocrx_word' id='word_1_3' title='bbox 1427 494 2032 562; x_wconf 73' lang='lat' dir='ltr'><strong>RESURBECTIONE.</strong></span> <span class='ocrx_word' id='word_1_4' title='bbox 2070 526 2142 543; x_wconf 89' lang='lat'><strong>—-</strong></span> <span class='ocrx_word' id='word_1_5' title='bbox 2175 492 2303 553; x_wconf 81' lang='lat' dir='ltr'><strong>LIB.</strong></span> <span class='ocrx_word' id='word_1_6' title='bbox 2345 495 2412 554; x_wconf 89' lang='grc'><strong>11.</strong></span> 
     </span>
    </p>
   </div>
   <div class='ocr_carea' id='block_1_3' title="bbox 3375 493 3519 554">
    <p class='ocr_par' dir='ltr' id='par_1_3' title="bbox 3375 493 3519 554">
     <span class='ocr_line' id='line_1_3' title="bbox 3375 493 3519 554; baseline 0.014 -2"><span class='ocrx_word' id='word_1_7' title='bbox 3375 493 3519 554; x_wconf 71' lang='grc' dir='ltr'><strong>ιοθι</strong></span> 
     </span>
    </p>
   </div>
   <div class='ocr_carea' id='block_1_4' title="bbox 232 650 3485 708">
    <p class='ocr_par' dir='ltr' id='par_1_4' title="bbox 232 650 3485 708">
     <span class='ocr_line' id='line_1_4' title="bbox 232 650 3485 708; baseline -0.002 -30"><span class='ocrx_word' id='word_1_8' title='bbox 232 650 3485 708; x_wconf 78' lang='lat'><strong>________________________.___..______.___.____.</strong></span> 
     </span>
    </p>
   </div>
   <div class='ocr_carea' id='block_1_5' title="bbox 1332 818 2420 919">
    <p class='ocr_par' dir='ltr' id='par_1_5' title="bbox 1332 818 2420 919">
     <span class='ocr_line' id='line_1_5' title="bbox 1332 818 2420 919; baseline -0.013 0"><span class='ocrx_word' id='word_1_9' title='bbox 1332 828 1701 919; x_wconf 76' lang='lat' dir='ltr'><strong>LIBER</strong></span> <span class='ocrx_word' id='word_1_10' title='bbox 1748 818 2420 915; x_wconf 82' lang='lat' dir='ltr'><strong>SECUNDUS.</strong></span> 
     </span>
    </p>
   </div>
   <div class='ocr_carea' id='block_1_6' title="bbox 309 1181 3520 1269">
    <p class='ocr_par' dir='ltr' id='par_1_6' title="bbox 309 1181 3520 1269">
     <span class='ocr_line' id='line_1_6' title="bbox 309 1181 3520 1269; baseline -0.006 -10"><span class='ocrx_word' id='word_1_11' title='bbox 309 1200 593 1261; x_wconf 63' lang='lat' dir='ltr'><strong>utantur</strong></span> <span class='ocrx_word' id='word_1_12' title='bbox 619 1197 837 1269; x_wconf 81' lang='lat' dir='ltr'><strong>quidem</strong></span> <span class='ocrx_word' id='word_1_13' title='bbox 860 1193 989 1251; x_wconf 75' lang='lat' dir='ltr'><strong>cmli</strong></span> <span class='ocrx_word' id='word_1_14' title='bbox 1016 1193 1087 1249; x_wconf 88' lang='lat' dir='ltr'><strong>de</strong></span> <span class='ocrx_word' id='word_1_15' title='bbox 1124 1191 1420 1249; x_wconf 72' lang='lat' dir='ltr'><strong>festivitate</strong></span> <span class='ocrx_word' id='word_1_16' title='bbox 1450 1188 1727 1259; x_wconf 67' lang='lat' dir='ltr'><strong>praesenti,</strong></span> <span class='ocrx_word' id='word_1_17' title='bbox 1771 1186 1825 1242; x_wconf 88' lang='lat' dir='ltr'><strong>in</strong></span> <span class='ocrx_word' id='word_1_18' title='bbox 1856 1193 1904 1253; x_wconf 73' lang='grc' dir='ltr'><strong>Α</strong></span> <span class='ocrx_word' id='word_1_19' title='bbox 1932 1201 2055 1259; x_wconf 75' lang='lat' dir='ltr'><strong>quae</strong></span> <span class='ocrx_word' id='word_1_20' title='bbox 2080 1196 2210 1253; x_wconf 87' lang='lat' dir='ltr'><strong>ante</strong></span> <span class='ocrx_word' id='word_1_21' title='bbox 2238 1197 2455 1242; x_wconf 87' lang='lat' dir='ltr'><strong>crucem</strong></span> <span class='ocrx_word' id='word_1_22' title='bbox 2484 1181 2626 1239; x_wconf 88' lang='lat' dir='ltr'><strong>facta</strong></span> <span class='ocrx_word' id='word_1_23' title='bbox 2660 1189 2789 1239; x_wconf 87' lang='lat' dir='ltr'><strong>sunt</strong></span> <span class='ocrx_word' id='word_1_24' title='bbox 2820 1184 2913 1253; x_wconf 87' lang='lat' dir='ltr'><strong>qui</strong></span> <span class='ocrx_word' id='word_1_25' title='bbox 2962 1181 3064 1240; x_wconf 89' lang='lat' dir='ltr'><strong>fuit</strong></span> <span class='ocrx_word' id='word_1_26' title='bbox 3084 1186 3322 1267; x_wconf 84' lang='lat' dir='ltr'><strong>ostendit</strong></span> <span class='ocrx_word' id='word_1_27' title='bbox 3349 1203 3365 1242; x_wconf 92' lang='lat'><strong>:</strong></span> <span class='ocrx_word' id='word_1_28' title='bbox 3398 1196 3520 1258; x_wconf 77' lang='lat' dir='ltr'><strong>post</strong></span> 
     </span>
    </p>
   </div>
   <div class='ocr_carea' id='block_1_7' title="bbox 222 1281 1833 1367">
    <p class='ocr_par' dir='ltr' id='par_1_7' title="bbox 222 1281 1833 1367">
     <span class='ocr_line' id='line_1_7' title="bbox 222 1281 1833 1367; baseline -0.013 -14"><span class='ocrx_word' id='word_1_29' title='bbox 222 1310 347 1367; x_wconf 84' lang='lat' dir='ltr'><strong>qua</strong></span> <span class='ocrx_word' id='word_1_30' title='bbox 373 1292 659 1349; x_wconf 86' lang='lat' dir='ltr'><strong>Dominum</strong></span> <span class='ocrx_word' id='word_1_31' title='bbox 688 1298 974 1355; x_wconf 70' lang='lat' dir='ltr'><strong>suscepere</strong></span> <span class='ocrx_word' id='word_1_32' title='bbox 1000 1284 1261 1339; x_wconf 78' lang='lat' dir='ltr'><strong>victorem</strong></span> <span class='ocrx_word' id='word_1_33' title='bbox 1299 1297 1314 1334; x_wconf 93' lang='lat'><strong>:</strong></span> <span class='ocrx_word' id='word_1_34' title='bbox 1355 1281 1568 1335; x_wconf 65' lang='lat' dir='ltr'><strong>letatur</strong></span> <span class='ocrx_word' id='word_1_35' title='bbox 1587 1288 1643 1334; x_wconf 91' lang='lat' dir='ltr'><strong>et</strong></span> <span class='ocrx_word' id='word_1_36' title='bbox 1673 1292 1833 1333; x_wconf 84' lang='lat' dir='ltr'><strong>exer-</strong></span> 
     </span>
    </p>
   </div>
   <div class='ocr_carea' id='block_1_8' title="bbox 217 1370 1833 1451">
    <p class='ocr_par' dir='ltr' id='par_1_8' title="bbox 217 1370 1833 1451">
     <span class='ocr_line' id='line_1_8' title="bbox 217 1370 1833 1451; baseline -0.012 -10"><span class='ocrx_word' id='word_1_37' title='bbox 217 1387 384 1441; x_wconf 84' lang='lat' dir='ltr'><strong>citus</strong></span> <span class='ocrx_word' id='word_1_38' title='bbox 400 1380 714 1451; x_wconf 72' lang='lat' dir='ltr'><strong>angelorum</strong></span> <span class='ocrx_word' id='word_1_39' title='bbox 737 1376 1038 1447; x_wconf 89' lang='lat' dir='ltr'><strong>suscipiens</strong></span> <span class='ocrx_word' id='word_1_40' title='bbox 1059 1371 1419 1429; x_wconf 87' lang='lat' dir='ltr'><strong>cumvictoria</strong></span> <span class='ocrx_word' id='word_1_41' title='bbox 1446 1384 1626 1442; x_wconf 86' lang='lat' dir='ltr'><strong>regem</strong></span> <span class='ocrx_word' id='word_1_42' title='bbox 1648 1388 1661 1425; x_wconf 88' lang='lat'><strong>:</strong></span> <span class='ocrx_word' id='word_1_43' title='bbox 1683 1370 1833 1423; x_wconf 61' lang='lat' dir='ltr'><strong>lata-</strong></span> 
     </span>
    </p>
   </div>
   <div class='ocr_carea' id='block_1_9' title="bbox 216 1462 1831 1545">
    <p class='ocr_par' dir='ltr' id='par_1_9' title="bbox 216 1462 1831 1545">
     <span class='ocr_line' id='line_1_9' title="bbox 216 1462 1831 1545; baseline -0.011 -13"><span class='ocrx_word' id='word_1_44' title='bbox 216 1486 330 1532; x_wconf 80' lang='lat' dir='ltr'><strong>tnr</strong></span> <span class='ocrx_word' id='word_1_45' title='bbox 355 1483 411 1530; x_wconf 89' lang='lat' dir='ltr'><strong>et</strong></span> <span class='ocrx_word' id='word_1_46' title='bbox 434 1474 524 1545; x_wconf 91' lang='lat' dir='ltr'><strong>qui</strong></span> <span class='ocrx_word' id='word_1_47' title='bbox 548 1472 750 1543; x_wconf 90' lang='lat' dir='ltr'><strong>genuit,</strong></span> <span class='ocrx_word' id='word_1_48' title='bbox 778 1478 833 1525; x_wconf 89' lang='lat' dir='ltr'><strong>et</strong></span> <span class='ocrx_word' id='word_1_49' title='bbox 852 1467 1003 1523; x_wconf 91' lang='lat' dir='ltr'><strong>misit</strong></span> <span class='ocrx_word' id='word_1_50' title='bbox 1028 1464 1190 1520; x_wconf 87' lang='lat' dir='ltr'><strong>Pater</strong></span> <span class='ocrx_word' id='word_1_51' title='bbox 1210 1480 1241 1519; x_wconf 86' lang='lat' dir='ltr'><strong>a</strong></span> <span class='ocrx_word' id='word_1_52' title='bbox 1264 1464 1472 1519; x_wconf 78' lang='lat' dir='ltr'><strong>dextris</strong></span> <span class='ocrx_word' id='word_1_53' title='bbox 1487 1462 1600 1518; x_wconf 91' lang='lat' dir='ltr'><strong>suis</strong></span> <span class='ocrx_word' id='word_1_54' title='bbox 1622 1462 1831 1516; x_wconf 86' lang='lat' dir='ltr'><strong>hahens</strong></span> 
     </span>
    </p>
   </div>
   <div class='ocr_carea' id='block_1_10' title="bbox 206 1554 1833 1631">
    <p class='ocr_par' dir='ltr' id='par_1_10' title="bbox 206 1554 1833 1631">
     <span class='ocr_line' id='line_1_10' title="bbox 206 1554 1833 1631; baseline -0.011 -6"><span class='ocrx_word' id='word_1_55' title='bbox 206 1568 623 1625; x_wconf 79' lang='lat' dir='ltr'><strong>charissimam</strong></span> <span class='ocrx_word' id='word_1_56' title='bbox 658 1561 880 1626; x_wconf 85' lang='lat' dir='ltr'><strong>Filium,</strong></span> <span class='ocrx_word' id='word_1_57' title='bbox 907 1575 1004 1631; x_wconf 85' lang='lat' dir='ltr'><strong>per</strong></span> <span class='ocrx_word' id='word_1_58' title='bbox 1025 1573 1183 1628; x_wconf 87' lang='lat' dir='ltr'><strong>quem</strong></span> <span class='ocrx_word' id='word_1_59' title='bbox 1210 1568 1422 1613; x_wconf 86' lang='lat' dir='ltr'><strong>mortua</strong></span> <span class='ocrx_word' id='word_1_60' title='bbox 1447 1554 1663 1626; x_wconf 86' lang='lat' dir='ltr'><strong>quidem</strong></span> <span class='ocrx_word' id='word_1_61' title='bbox 1687 1568 1833 1609; x_wconf 90' lang='lat' dir='ltr'><strong>mors</strong></span> 
     </span>
    </p>
   </div>
   <div class='ocr_carea' id='block_1_11' title="bbox 215 1650 1831 1742">
    <p class='ocr_par' dir='ltr' id='par_1_11' title="bbox 215 1650 1831 1742">
     <span class='ocr_line' id='line_1_11' title="bbox 215 1650 1831 1742; baseline -0.011 -24"><span class='ocrx_word' id='word_1_62' title='bbox 215 1662 357 1736; x_wconf 65' lang='grc'><strong>(43)</strong></span> <span class='ocrx_word' id='word_1_63' title='bbox 390 1672 492 1726; x_wconf 90' lang='lat' dir='ltr'><strong>est,</strong></span> <span class='ocrx_word' id='word_1_64' title='bbox 530 1666 785 1728; x_wconf 88' lang='lat' dir='ltr'><strong>corrupta</strong></span> <span class='ocrx_word' id='word_1_65' title='bbox 808 1662 989 1710; x_wconf 89' lang='lat' dir='ltr'><strong>autem</strong></span> <span class='ocrx_word' id='word_1_66' title='bbox 1015 1661 1098 1708; x_wconf 89' lang='lat' dir='ltr'><strong>est</strong></span> <span class='ocrx_word' id='word_1_67' title='bbox 1131 1650 1535 1742; x_wconf 80' lang='lat' dir='ltr'><strong>corruptela,et</strong></span> <span class='ocrx_word' id='word_1_68' title='bbox 1555 1650 1831 1704; x_wconf 89' lang='lat' dir='ltr'><strong>destructa</strong></span> 
     </span>
    </p>
   </div>
   <div class='ocr_carea' id='block_1_12' title="bbox 211 1743 1833 1823">
    <p class='ocr_par' dir='ltr' id='par_1_12' title="bbox 211 1743 1833 1823">
     <span class='ocr_line' id='line_1_12' title="bbox 211 1743 1833 1823; baseline -0.011 -12"><span class='ocrx_word' id='word_1_69' title='bbox 211 1768 325 1811; x_wconf 75' lang='lat' dir='ltr'><strong>est</strong></span> <span class='ocrx_word' id='word_1_70' title='bbox 346 1751 547 1809; x_wconf 88' lang='lat' dir='ltr'><strong>diaboli</strong></span> <span class='ocrx_word' id='word_1_71' title='bbox 578 1748 848 1823; x_wconf 76' lang='lat' dir='ltr'><strong>tyrannis,</strong></span> <span class='ocrx_word' id='word_1_72' title='bbox 880 1743 1141 1801; x_wconf 89' lang='lat' dir='ltr'><strong>etsalvati</strong></span> <span class='ocrx_word' id='word_1_73' title='bbox 1165 1753 1290 1799; x_wconf 91' lang='lat' dir='ltr'><strong>sunt</strong></span> <span class='ocrx_word' id='word_1_74' title='bbox 1318 1743 1585 1809; x_wconf 85' lang='lat' dir='ltr'><strong>homines,</strong></span> <span class='ocrx_word' id='word_1_75' title='bbox 1617 1752 1672 1797; x_wconf 91' lang='lat' dir='ltr'><strong>et</strong></span> <span class='ocrx_word' id='word_1_76' title='bbox 1701 1756 1833 1807; x_wconf 83' lang='lat' dir='ltr'><strong>gau-</strong></span> 
     </span>
    </p>
   </div>
   <div class='ocr_carea' id='block_1_13' title="bbox 210 1832 1833 1913">
    <p class='ocr_par' dir='ltr' id='par_1_13' title="bbox 210 1832 1833 1913">
     <span class='ocr_line' id='line_1_13' title="bbox 210 1832 1833 1913; baseline -0.01 -11"><span class='ocrx_word' id='word_1_77' title='bbox 210 1846 387 1901; x_wconf 81' lang='lat' dir='ltr'><strong>dium</strong></span> <span class='ocrx_word' id='word_1_78' title='bbox 419 1849 742 1913; x_wconf 86' lang='lat' dir='ltr'><strong>acceperunt</strong></span> <span class='ocrx_word' id='word_1_79' title='bbox 766 1838 961 1909; x_wconf 90' lang='lat' dir='ltr'><strong>angeli.</strong></span> <span class='ocrx_word' id='word_1_80' title='bbox 996 1836 1112 1892; x_wconf 81' lang='lat' dir='ltr'><strong>Non</strong></span> <span class='ocrx_word' id='word_1_81' title='bbox 1142 1848 1224 1893; x_wconf 90' lang='lat' dir='ltr'><strong>est</strong></span> <span class='ocrx_word' id='word_1_82' title='bbox 1242 1850 1435 1903; x_wconf 86' lang='lat' dir='ltr'><strong>passus</strong></span> <span class='ocrx_word' id='word_1_83' title='bbox 1458 1842 1640 1888; x_wconf 87' lang='lat' dir='ltr'><strong>autem</strong></span> <span class='ocrx_word' id='word_1_84' title='bbox 1659 1832 1833 1901; x_wconf 89' lang='lat' dir='ltr'><strong>Spiri-</strong></span> 
     </span>
    </p>
   </div>
   <div class='ocr_carea' id='block_1_14' title="bbox 206 1924 1831 2001">
    <p class='ocr_par' dir='ltr' id='par_1_14' title="bbox 206 1924 1831 2001">
     <span class='ocr_line' id='line_1_14' title="bbox 206 1924 1831 2001; baseline -0.01 -8"><span class='ocrx_word' id='word_1_85' title='bbox 206 1946 329 1993; x_wconf 79' lang='lat' dir='ltr'><strong>tus</strong></span> <span class='ocrx_word' id='word_1_86' title='bbox 351 1944 599 1992; x_wconf 82' lang='lat' dir='ltr'><strong>sanctus:</strong></span> <span class='ocrx_word' id='word_1_87' title='bbox 617 1931 711 1987; x_wconf 90' lang='lat' dir='ltr'><strong>sed</strong></span> <span class='ocrx_word' id='word_1_88' title='bbox 733 1945 828 2001; x_wconf 89' lang='lat' dir='ltr'><strong>per</strong></span> <span class='ocrx_word' id='word_1_89' title='bbox 842 1931 1081 1985; x_wconf 90' lang='lat' dir='ltr'><strong>omnium</strong></span> <span class='ocrx_word' id='word_1_90' title='bbox 1107 1927 1387 1982; x_wconf 88' lang='lat' dir='ltr'><strong>hominum</strong></span> <span class='ocrx_word' id='word_1_91' title='bbox 1405 1926 1619 1997; x_wconf 78' lang='lat' dir='ltr'><strong>linguas</strong></span> <span class='ocrx_word' id='word_1_92' title='bbox 1640 1924 1831 1979; x_wconf 80' lang='lat' dir='ltr'><strong>victori</strong></span> 
     </span>
    </p>
   </div>
   <div class='ocr_carea' id='block_1_15' title="bbox 211 2014 1831 2089">
    <p class='ocr_par' dir='ltr' id='par_1_15' title="bbox 211 2014 1831 2089">
     <span class='ocr_line' id='line_1_15' title="bbox 211 2014 1831 2089; baseline -0.007 -8"><span class='ocrx_word' id='word_1_93' title='bbox 211 2025 432 2081; x_wconf 81' lang='lat' dir='ltr'><strong>obtulit</strong></span> <span class='ocrx_word' id='word_1_94' title='bbox 448 2020 952 2087; x_wconf 84' lang='lat' dir='ltr'><strong>laudes.Quiaenim</strong></span> <span class='ocrx_word' id='word_1_95' title='bbox 963 2020 1203 2073; x_wconf 90' lang='lat' dir='ltr'><strong>omnium</strong></span> <span class='ocrx_word' id='word_1_96' title='bbox 1221 2018 1523 2089; x_wconf 76' lang='lat' dir='ltr'><strong>linguarum</strong></span> <span class='ocrx_word' id='word_1_97' title='bbox 1537 2014 1831 2080; x_wconf 89' lang='lat' dir='ltr'><strong>eratsalus,</strong></span> 
     </span>
    </p>
   </div>
   <div class='ocr_carea' id='block_1_16' title="bbox 202 2102 1834 2183">
    <p class='ocr_par' dir='ltr' id='par_1_16' title="bbox 202 2102 1834 2183">
     <span class='ocr_line' id='line_1_16' title="bbox 202 2102 1834 2183; baseline -0.007 -12"><span class='ocrx_word' id='word_1_98' title='bbox 202 2116 359 2172; x_wconf 73' lang='lat' dir='ltr'><strong>ideo</strong></span> <span class='ocrx_word' id='word_1_99' title='bbox 375 2116 519 2171; x_wconf 90' lang='lat' dir='ltr'><strong>omni</strong></span> <span class='ocrx_word' id='word_1_100' title='bbox 550 2115 731 2183; x_wconf 87' lang='lat' dir='ltr'><strong>lingua</strong></span> <span class='ocrx_word' id='word_1_101' title='bbox 755 2125 850 2180; x_wconf 89' lang='lat' dir='ltr'><strong>per</strong></span> <span class='ocrx_word' id='word_1_102' title='bbox 863 2124 959 2164; x_wconf 87' lang='lat' dir='ltr'><strong>ora</strong></span> <span class='ocrx_word' id='word_1_103' title='bbox 983 2110 1349 2179; x_wconf 89' lang='lat' dir='ltr'><strong>apostolorum</strong></span> <span class='ocrx_word' id='word_1_104' title='bbox 1382 2107 1593 2161; x_wconf 86' lang='lat' dir='ltr'><strong>locutus</strong></span> <span class='ocrx_word' id='word_1_105' title='bbox 1616 2115 1698 2161; x_wconf 90' lang='lat' dir='ltr'><strong>est</strong></span> <span class='ocrx_word' id='word_1_106' title='bbox 1716 2102 1834 2175; x_wconf 86' lang='lat' dir='ltr'><strong>Spi-</strong></span> 
     </span>
    </p>
   </div>
   <div class='ocr_carea' id='block_1_17' title="bbox 210 2199 1829 2272">
    <p class='ocr_par' dir='ltr' id='par_1_17' title="bbox 210 2199 1829 2272">
     <span class='ocr_line' id='line_1_17' title="bbox 210 2199 1829 2272; baseline -0.007 -10"><span class='ocrx_word' id='word_1_107' title='bbox 210 2209 398 2262; x_wconf 72' lang='lat' dir='ltr'><strong>ritus.</strong></span> <span class='ocrx_word' id='word_1_108' title='bbox 424 2206 488 2260; x_wconf 85' lang='lat' dir='ltr'><strong>Et</strong></span> <span class='ocrx_word' id='word_1_109' title='bbox 514 2204 713 2260; x_wconf 79' lang='lat' dir='ltr'><strong>exinde</strong></span> <span class='ocrx_word' id='word_1_110' title='bbox 733 2202 845 2272; x_wconf 85' lang='lat' dir='ltr'><strong>jam</strong></span> <span class='ocrx_word' id='word_1_111' title='bbox 873 2202 1301 2269; x_wconf 87' lang='lat' dir='ltr'><strong>vocabatgentes</strong></span> <span class='ocrx_word' id='word_1_112' title='bbox 1328 2214 1425 2269; x_wconf 90' lang='lat' dir='ltr'><strong>per</strong></span> <span class='ocrx_word' id='word_1_113' title='bbox 1454 2199 1787 2253; x_wconf 82' lang='lat' dir='ltr'><strong>initiamenta</strong></span> <span class='ocrx_word' id='word_1_114' title='bbox 1813 2214 1829 2251; x_wconf 93' lang='lat'><strong>:</strong></span> 
     </span>
    </p>
   </div>
   <div class='ocr_carea' id='block_1_18' title="bbox 213 2288 1828 2369">
    <p class='ocr_par' dir='ltr' id='par_1_18' title="bbox 213 2288 1828 2369">
     <span class='ocr_line' id='line_1_18' title="bbox 213 2288 1828 2369; baseline -0.008 -16"><span class='ocrx_word' id='word_1_115' title='bbox 213 2298 570 2369; x_wconf 72' lang='lat' dir='ltr'><strong>implebatur</strong></span> <span class='ocrx_word' id='word_1_116' title='bbox 596 2304 776 2349; x_wconf 88' lang='lat' dir='ltr'><strong>autem</strong></span> <span class='ocrx_word' id='word_1_117' title='bbox 819 2305 873 2348; x_wconf 94' lang='lat' dir='ltr'><strong>et</strong></span> <span class='ocrx_word' id='word_1_118' title='bbox 893 2293 1249 2364; x_wconf 77' lang='lat' dir='ltr'><strong>pnccedentis</strong></span> <span class='ocrx_word' id='word_1_119' title='bbox 1289 2290 1599 2346; x_wconf 80' lang='lat' dir='ltr'><strong>festivitatis</strong></span> <span class='ocrx_word' id='word_1_120' title='bbox 1626 2288 1828 2343; x_wconf 84' lang='lat' dir='ltr'><strong>laetitia.</strong></span> 
     </span>
    </p>
   </div>
   <div class='ocr_carea' id='block_1_19' title="bbox 214 2379 1834 2442">
    <p class='ocr_par' dir='ltr' id='par_1_19' title="bbox 214 2379 1834 2442">
     <span class='ocr_line' id='line_1_19' title="bbox 214 2379 1834 2442; baseline -0.006 0"><span class='ocrx_word' id='word_1_121' title='bbox 214 2383 447 2442; x_wconf 80' lang='lat' dir='ltr'><strong>Pascha</strong></span> <span class='ocrx_word' id='word_1_122' title='bbox 492 2385 637 2439; x_wconf 90' lang='lat' dir='ltr'><strong>enim</strong></span> <span class='ocrx_word' id='word_1_123' title='bbox 682 2384 993 2439; x_wconf 82' lang='lat' dir='ltr'><strong>festivitatis</strong></span> <span class='ocrx_word' id='word_1_124' title='bbox 1025 2382 1215 2437; x_wconf 87' lang='lat' dir='ltr'><strong>mortis</strong></span> <span class='ocrx_word' id='word_1_125' title='bbox 1253 2388 1653 2435; x_wconf 90' lang='lat' dir='ltr'><strong>sacramentum</strong></span> <span class='ocrx_word' id='word_1_126' title='bbox 1688 2379 1740 2431; x_wconf 91' lang='lat' dir='ltr'><strong>in</strong></span> <span class='ocrx_word' id='word_1_127' title='bbox 1773 2390 1834 2432; x_wconf 84' lang='lat' dir='ltr'><strong>se</strong></span> 
     </span>
    </p>
   </div>
   <div class='ocr_carea' id='block_1_20' title="bbox 1932 1276 3521 1348">
    <p class='ocr_par' dir='ltr' id='par_1_20' title="bbox 1932 1276 3521 1348">
     <span class='ocr_line' id='line_1_20' title="bbox 1932 1276 3521 1348; baseline 0.001 -11"><span class='ocrx_word' id='word_1_128' title='bbox 1932 1289 2163 1338; x_wconf 90' lang='lat' dir='ltr'><strong>mortem</strong></span> <span class='ocrx_word' id='word_1_129' title='bbox 2211 1288 2389 1334; x_wconf 88' lang='lat' dir='ltr'><strong>autem</strong></span> <span class='ocrx_word' id='word_1_130' title='bbox 2445 1276 2716 1332; x_wconf 77' lang='lat' dir='ltr'><strong>mirabilia</strong></span> <span class='ocrx_word' id='word_1_131' title='bbox 2748 1291 2870 1347; x_wconf 68' lang='lat' dir='ltr'><strong>qua</strong></span> <span class='ocrx_word' id='word_1_132' title='bbox 2912 1290 3013 1345; x_wconf 82' lang='lat' dir='ltr'><strong>per</strong></span> <span class='ocrx_word' id='word_1_133' title='bbox 3051 1277 3326 1348; x_wconf 89' lang='lat' dir='ltr'><strong>apostolos</strong></span> <span class='ocrx_word' id='word_1_134' title='bbox 3373 1278 3521 1338; x_wconf 76' lang='lat' dir='ltr'><strong>facta</strong></span> 
     </span>
    </p>
   </div>
   <div class='ocr_carea' id='block_1_21' title="bbox 1930 1368 3522 1440">
    <p class='ocr_par' dir='ltr' id='par_1_21' title="bbox 1930 1368 3522 1440">
     <span class='ocr_line' id='line_1_21' title="bbox 1930 1368 3522 1440; baseline -0.001 -11"><span class='ocrx_word' id='word_1_135' title='bbox 1930 1382 2081 1438; x_wconf 90' lang='lat' dir='ltr'><strong>sunt,</strong></span> <span class='ocrx_word' id='word_1_136' title='bbox 2114 1371 2447 1427; x_wconf 89' lang='lat' dir='ltr'><strong>conlirmant</strong></span> <span class='ocrx_word' id='word_1_137' title='bbox 2487 1370 2617 1440; x_wconf 85' lang='lat' dir='ltr'><strong>quia</strong></span> <span class='ocrx_word' id='word_1_138' title='bbox 2647 1368 2742 1439; x_wconf 86' lang='lat' dir='ltr'><strong>qui</strong></span> <span class='ocrx_word' id='word_1_139' title='bbox 2787 1373 3037 1427; x_wconf 90' lang='lat' dir='ltr'><strong>mortuus</strong></span> <span class='ocrx_word' id='word_1_140' title='bbox 3078 1379 3165 1426; x_wconf 87' lang='lat' dir='ltr'><strong>est</strong></span> <span class='ocrx_word' id='word_1_141' title='bbox 3216 1374 3522 1429; x_wconf 80' lang='lat' dir='ltr'><strong>resurrexit</strong></span> 
     </span>
    </p>
   </div>
   <div class='ocr_carea' id='block_1_22' title="bbox 1892 1460 3523 1537">
    <p class='ocr_par' dir='ltr' id='par_1_22' title="bbox 1892 1460 3523 1537">
     <span class='ocr_line' id='line_1_22' title="bbox 1892 1460 3523 1537; baseline -0.001 -16"><span class='ocrx_word' id='word_1_142' title='bbox 1892 1462 1901 1467; x_wconf 77' lang='grc'><em>”</em></span> <span class='ocrx_word' id='word_1_143' title='bbox 1931 1474 1989 1521; x_wconf 90' lang='lat' dir='ltr'><strong>et</strong></span> <span class='ocrx_word' id='word_1_144' title='bbox 2019 1464 2173 1519; x_wconf 80' lang='lat' dir='ltr'><strong>vivit.</strong></span> <span class='ocrx_word' id='word_1_145' title='bbox 2209 1461 2365 1520; x_wconf 82' lang='lat' dir='ltr'><strong>Unde</strong></span> <span class='ocrx_word' id='word_1_146' title='bbox 2386 1471 2443 1518; x_wconf 92' lang='lat' dir='ltr'><strong>et</strong></span> <span class='ocrx_word' id='word_1_147' title='bbox 2471 1460 2679 1531; x_wconf 79' lang='lat' dir='ltr'><strong>majora</strong></span> <span class='ocrx_word' id='word_1_148' title='bbox 2704 1469 2921 1518; x_wconf 88' lang='lat' dir='ltr'><strong>servata</strong></span> <span class='ocrx_word' id='word_1_149' title='bbox 2950 1472 3079 1519; x_wconf 89' lang='lat' dir='ltr'><strong>sunt</strong></span> <span class='ocrx_word' id='word_1_150' title='bbox 3100 1464 3375 1521; x_wconf 83' lang='lat' dir='ltr'><strong>mirabilia</strong></span> <span class='ocrx_word' id='word_1_151' title='bbox 3397 1473 3523 1537; x_wconf 76' lang='lat' dir='ltr'><strong>post</strong></span> 
     </span>
    </p>
   </div>
   <div class='ocr_carea' id='block_1_23' title="bbox 1934 1556 3522 1626">
    <p class='ocr_par' dir='ltr' id='par_1_23' title="bbox 1934 1556 3522 1626">
     <span class='ocr_line' id='line_1_23' title="bbox 1934 1556 3522 1626; baseline 0.004 -15"><span class='ocrx_word' id='word_1_152' title='bbox 1934 1565 2187 1621; x_wconf 87' lang='lat' dir='ltr'><strong>mortem,</strong></span> <span class='ocrx_word' id='word_1_153' title='bbox 2210 1568 2372 1623; x_wconf 88' lang='lat' dir='ltr'><strong>quam</strong></span> <span class='ocrx_word' id='word_1_154' title='bbox 2396 1569 2460 1610; x_wconf 87' lang='lat' dir='ltr'><strong>ea</strong></span> <span class='ocrx_word' id='word_1_155' title='bbox 2493 1569 2614 1625; x_wconf 68' lang='lat' dir='ltr'><strong>quas</strong></span> <span class='ocrx_word' id='word_1_156' title='bbox 2631 1562 2759 1610; x_wconf 92' lang='lat' dir='ltr'><strong>ante</strong></span> <span class='ocrx_word' id='word_1_157' title='bbox 2791 1563 3020 1611; x_wconf 89' lang='lat' dir='ltr'><strong>mortem</strong></span> <span class='ocrx_word' id='word_1_158' title='bbox 3044 1564 3170 1613; x_wconf 87' lang='lat' dir='ltr'><strong>sunt</strong></span> <span class='ocrx_word' id='word_1_159' title='bbox 3193 1556 3355 1614; x_wconf 83' lang='lat' dir='ltr'><strong>facta.</strong></span> <span class='ocrx_word' id='word_1_160' title='bbox 3377 1556 3522 1626; x_wconf 82' lang='lat' dir='ltr'><strong>Quia</strong></span> 
     </span>
    </p>
   </div>
   <div class='ocr_carea' id='block_1_24' title="bbox 1931 1646 3522 1723">
    <p class='ocr_par' dir='ltr' id='par_1_24' title="bbox 1931 1646 3522 1723">
     <span class='ocr_line' id='line_1_24' title="bbox 1931 1646 3522 1723; baseline 0.001 -18"><span class='ocrx_word' id='word_1_161' title='bbox 1931 1649 2078 1705; x_wconf 91' lang='lat' dir='ltr'><strong>enim</strong></span> <span class='ocrx_word' id='word_1_162' title='bbox 2110 1646 2485 1704; x_wconf 80' lang='lat' dir='ltr'><strong>incretlibilior</strong></span> <span class='ocrx_word' id='word_1_163' title='bbox 2527 1649 2861 1705; x_wconf 88' lang='lat' dir='ltr'><strong>resurrectio</strong></span> <span class='ocrx_word' id='word_1_164' title='bbox 2888 1648 3102 1705; x_wconf 87' lang='lat' dir='ltr'><strong>Domini</strong></span> <span class='ocrx_word' id='word_1_165' title='bbox 3151 1653 3327 1723; x_wconf 89' lang='lat' dir='ltr'><strong>magis</strong></span> <span class='ocrx_word' id='word_1_166' title='bbox 3352 1668 3522 1723; x_wconf 87' lang='lat' dir='ltr'><strong>quam</strong></span> 
     </span>
    </p>
   </div>
   <div class='ocr_carea' id='block_1_25' title="bbox 1939 1739 3524 1812">
    <p class='ocr_par' dir='ltr' id='par_1_25' title="bbox 1939 1739 3524 1812">
     <span class='ocr_line' id='line_1_25' title="bbox 1939 1739 3524 1812; baseline 0.003 -16"><span class='ocrx_word' id='word_1_167' title='bbox 1939 1739 2208 1797; x_wconf 74' lang='lat' dir='ltr'><strong>adventus</strong></span> <span class='ocrx_word' id='word_1_168' title='bbox 2231 1740 2349 1812; x_wconf 84' lang='lat' dir='ltr'><strong>ejus</strong></span> <span class='ocrx_word' id='word_1_169' title='bbox 2374 1740 2427 1796; x_wconf 92' lang='lat' dir='ltr'><strong>in</strong></span> <span class='ocrx_word' id='word_1_170' title='bbox 2463 1742 2688 1807; x_wconf 87' lang='lat' dir='ltr'><strong>mundo,</strong></span> <span class='ocrx_word' id='word_1_171' title='bbox 2716 1740 2923 1811; x_wconf 82' lang='lat' dir='ltr'><strong>majora</strong></span> <span class='ocrx_word' id='word_1_172' title='bbox 2958 1757 3173 1797; x_wconf 86' lang='lat' dir='ltr'><strong>servata</strong></span> <span class='ocrx_word' id='word_1_173' title='bbox 3210 1758 3336 1800; x_wconf 90' lang='lat' dir='ltr'><strong>sunt</strong></span> <span class='ocrx_word' id='word_1_174' title='bbox 3366 1747 3524 1801; x_wconf 82' lang='lat' dir='ltr'><strong>testi-</strong></span> 
     </span>
    </p>
   </div>
   <div class='ocr_carea' id='block_1_26' title="bbox 1930 1834 3517 1907">
    <p class='ocr_par' dir='ltr' id='par_1_26' title="bbox 1930 1834 3517 1907">
     <span class='ocr_line' id='line_1_26' title="bbox 1930 1834 3517 1907; baseline 0.003 -18"><span class='ocrx_word' id='word_1_175' title='bbox 1930 1834 2034 1889; x_wconf 85' lang='lat' dir='ltr'><strong>bus</strong></span> <span class='ocrx_word' id='word_1_176' title='bbox 2086 1834 2503 1892; x_wconf 75' lang='lat' dir='ltr'><strong>resurrectionis</strong></span> <span class='ocrx_word' id='word_1_177' title='bbox 2533 1834 2827 1901; x_wconf 77' lang='lat' dir='ltr'><strong>mirabilia,</strong></span> <span class='ocrx_word' id='word_1_178' title='bbox 2875 1842 2937 1889; x_wconf 93' lang='lat' dir='ltr'><strong>ut</strong></span> <span class='ocrx_word' id='word_1_179' title='bbox 2956 1847 3343 1904; x_wconf 77' lang='lat' dir='ltr'><strong>agnosceretur</strong></span> <span class='ocrx_word' id='word_1_180' title='bbox 3375 1836 3517 1907; x_wconf 67' lang='grc' dir='ltr'><strong>(ιϐ’)</strong></span> 
     </span>
    </p>
   </div>
   <div class='ocr_carea' id='block_1_27' title="bbox 1933 1927 3521 2001">
    <p class='ocr_par' dir='ltr' id='par_1_27' title="bbox 1933 1927 3521 2001">
     <span class='ocr_line' id='line_1_27' title="bbox 1933 1927 3521 2001; baseline 0.003 -20"><span class='ocrx_word' id='word_1_181' title='bbox 1933 1928 2060 1998; x_wconf 89' lang='lat' dir='ltr'><strong>quia</strong></span> <span class='ocrx_word' id='word_1_182' title='bbox 2092 1938 2337 1983; x_wconf 89' lang='lat' dir='ltr'><strong>mortuus</strong></span> <span class='ocrx_word' id='word_1_183' title='bbox 2362 1928 2583 1998; x_wconf 92' lang='lat' dir='ltr'><strong>quidem</strong></span> <span class='ocrx_word' id='word_1_184' title='bbox 2620 1938 2724 1995; x_wconf 89' lang='lat' dir='ltr'><strong>est,</strong></span> <span class='ocrx_word' id='word_1_185' title='bbox 2753 1927 2847 1984; x_wconf 87' lang='lat' dir='ltr'><strong>sed</strong></span> <span class='ocrx_word' id='word_1_186' title='bbox 2880 1929 3176 1985; x_wconf 88' lang='lat' dir='ltr'><strong>resurrexit</strong></span> <span class='ocrx_word' id='word_1_187' title='bbox 3194 1928 3266 1984; x_wconf 89' lang='lat' dir='ltr'><strong>ob</strong></span> <span class='ocrx_word' id='word_1_188' title='bbox 3297 1930 3521 2001; x_wconf 74' lang='lat' dir='ltr'><strong>dispen-</strong></span> 
     </span>
    </p>
   </div>
   <div class='ocr_carea' id='block_1_28' title="bbox 1932 2019 3519 2092">
    <p class='ocr_par' dir='ltr' id='par_1_28' title="bbox 1932 2019 3519 2092">
     <span class='ocr_line' id='line_1_28' title="bbox 1932 2019 3519 2092; baseline 0.003 -19"><span class='ocrx_word' id='word_1_189' title='bbox 1932 2019 2221 2085; x_wconf 90' lang='lat' dir='ltr'><strong>sationem,</strong></span> <span class='ocrx_word' id='word_1_190' title='bbox 2248 2020 2383 2075; x_wconf 90' lang='lat' dir='ltr'><strong>vivit</strong></span> <span class='ocrx_word' id='word_1_191' title='bbox 2410 2028 2589 2074; x_wconf 89' lang='lat' dir='ltr'><strong>autem</strong></span> <span class='ocrx_word' id='word_1_192' title='bbox 2632 2028 2856 2092; x_wconf 83' lang='lat' dir='ltr'><strong>propter</strong></span> <span class='ocrx_word' id='word_1_193' title='bbox 2886 2021 3161 2077; x_wconf 85' lang='lat' dir='ltr'><strong>virtutem.</strong></span> <span class='ocrx_word' id='word_1_194' title='bbox 3207 2021 3339 2089; x_wconf 87' lang='lat' dir='ltr'><strong>Quis</strong></span> <span class='ocrx_word' id='word_1_195' title='bbox 3370 2023 3519 2079; x_wconf 91' lang='lat' dir='ltr'><strong>enim</strong></span> 
     </span>
    </p>
   </div>
   <div class='ocr_carea' id='block_1_29' title="bbox 1933 2113 3523 2184">
    <p class='ocr_par' dir='ltr' id='par_1_29' title="bbox 1933 2113 3523 2184">
     <span class='ocr_line' id='line_1_29' title="bbox 1933 2113 3523 2184; baseline 0.001 -16"><span class='ocrx_word' id='word_1_196' title='bbox 1933 2128 2099 2170; x_wconf 88' lang='lat' dir='ltr'><strong>ausus</strong></span> <span class='ocrx_word' id='word_1_197' title='bbox 2125 2123 2211 2169; x_wconf 90' lang='lat' dir='ltr'><strong>est</strong></span> <span class='ocrx_word' id='word_1_198' title='bbox 2241 2114 2448 2179; x_wconf 80' lang='lat' dir='ltr'><strong>dicere,</strong></span> <span class='ocrx_word' id='word_1_199' title='bbox 2476 2113 2603 2184; x_wconf 91' lang='lat' dir='ltr'><strong>quia</strong></span> <span class='ocrx_word' id='word_1_200' title='bbox 2639 2127 2749 2170; x_wconf 88' lang='lat' dir='ltr'><strong>non</strong></span> <span class='ocrx_word' id='word_1_201' title='bbox 2781 2113 3085 2169; x_wconf 77' lang='lat' dir='ltr'><strong>resurrexit</strong></span> <span class='ocrx_word' id='word_1_202' title='bbox 3111 2113 3388 2180; x_wconf 86' lang='lat' dir='ltr'><strong>Christus,</strong></span> <span class='ocrx_word' id='word_1_203' title='bbox 3424 2120 3523 2170; x_wconf 87' lang='lat' dir='ltr'><strong>aut</strong></span> 
     </span>
    </p>
   </div>
   <div class='ocr_carea' id='block_1_30' title="bbox 1931 2203 3521 2276">
    <p class='ocr_par' dir='ltr' id='par_1_30' title="bbox 1931 2203 3521 2276">
     <span class='ocr_line' id='line_1_30' title="bbox 1931 2203 3521 2276; baseline 0.001 -17"><span class='ocrx_word' id='word_1_204' title='bbox 1931 2203 2432 2274; x_wconf 64' lang='lat' dir='ltr'><strong>confessihilesu&#39;l)</strong></span> <span class='ocrx_word' id='word_1_205' title='bbox 2456 2203 2681 2269; x_wconf 88' lang='lat' dir='ltr'><strong>inimici,</strong></span> <span class='ocrx_word' id='word_1_206' title='bbox 2704 2212 2798 2259; x_wconf 89' lang='lat' dir='ltr'><strong>aut</strong></span> <span class='ocrx_word' id='word_1_207' title='bbox 2822 2204 2939 2259; x_wconf 87' lang='lat' dir='ltr'><strong>ficti</strong></span> <span class='ocrx_word' id='word_1_208' title='bbox 2970 2204 3167 2269; x_wconf 77' lang='lat' dir='ltr'><strong>smich</strong></span> <span class='ocrx_word' id='word_1_209' title='bbox 3199 2203 3365 2260; x_wconf 82' lang='lat' dir='ltr'><strong>Putas</strong></span> <span class='ocrx_word' id='word_1_210' title='bbox 3382 2221 3521 2276; x_wconf 87' lang='lat' dir='ltr'><strong>gen-</strong></span> 
     </span>
    </p>
   </div>
   <div class='ocr_carea' id='block_1_31' title="bbox 1935 2296 3521 2366">
    <p class='ocr_par' dir='ltr' id='par_1_31' title="bbox 1935 2296 3521 2366">
     <span class='ocr_line' id='line_1_31' title="bbox 1935 2296 3521 2366; baseline 0 -14"><span class='ocrx_word' id='word_1_211' title='bbox 1935 2298 2056 2353; x_wconf 86' lang='lat' dir='ltr'><strong>tiles</strong></span> <span class='ocrx_word' id='word_1_212' title='bbox 2085 2297 2360 2352; x_wconf 85' lang='lat' dir='ltr'><strong>audebunt</strong></span> <span class='ocrx_word' id='word_1_213' title='bbox 2391 2297 2576 2352; x_wconf 89' lang='lat' dir='ltr'><strong>dicere</strong></span> <span class='ocrx_word' id='word_1_214' title='bbox 2602 2296 2731 2366; x_wconf 86' lang='lat' dir='ltr'><strong>quia</strong></span> <span class='ocrx_word' id='word_1_215' title='bbox 2766 2306 3017 2351; x_wconf 90' lang='lat' dir='ltr'><strong>mortuus</strong></span> <span class='ocrx_word' id='word_1_216' title='bbox 3047 2304 3133 2351; x_wconf 88' lang='lat' dir='ltr'><strong>est</strong></span> <span class='ocrx_word' id='word_1_217' title='bbox 3172 2305 3229 2351; x_wconf 94' lang='lat' dir='ltr'><strong>et</strong></span> <span class='ocrx_word' id='word_1_218' title='bbox 3274 2312 3383 2351; x_wconf 91' lang='lat' dir='ltr'><strong>non</strong></span> <span class='ocrx_word' id='word_1_219' title='bbox 3415 2311 3521 2352; x_wconf 90' lang='lat' dir='ltr'><strong>re-</strong></span> 
     </span>
    </p>
   </div>
   <div class='ocr_carea' id='block_1_32' title="bbox 1933 2374 3521 2486">
    <p class='ocr_par' dir='ltr' id='par_1_32' title="bbox 1933 2374 3521 2486">
     <span class='ocr_line' id='line_1_32' title="bbox 1933 2374 3521 2486; baseline 0 -41"><span class='ocrx_word' id='word_1_220' title='bbox 1933 2388 2211 2486; x_wconf 59' lang='lat' dir='ltr'><strong>surrexit?</strong></span> <span class='ocrx_word' id='word_1_221' title='bbox 2237 2387 2351 2442; x_wconf 85' lang='lat' dir='ltr'><strong>Non</strong></span> <span class='ocrx_word' id='word_1_222' title='bbox 2387 2404 2572 2458; x_wconf 69' lang='lat' dir='ltr'><strong>quaero</strong></span> <span class='ocrx_word' id='word_1_223' title='bbox 2604 2388 2736 2459; x_wconf 86' lang='lat' dir='ltr'><strong>quid</strong></span> <span class='ocrx_word' id='word_1_224' title='bbox 2784 2388 2993 2456; x_wconf 84' lang='lat' dir='ltr'><strong>dicant,</strong></span> <span class='ocrx_word' id='word_1_225' title='bbox 3008 2389 3119 2486; x_wconf 57' lang='lat' dir='ltr'><strong>fed</strong></span> <span class='ocrx_word' id='word_1_226' title='bbox 3147 2390 3279 2459; x_wconf 89' lang='lat' dir='ltr'><strong>quid</strong></span> <span class='ocrx_word' id='word_1_227' title='bbox 3306 2374 3521 2458; x_wconf 80' lang='lat' dir='ltr'><strong>patian-</strong></span> 
     </span>
    </p>
   </div>
   <div class='ocr_carea' id='block_1_33' title="bbox 227 2470 3519 2551">
    <p class='ocr_par' dir='ltr' id='par_1_33' title="bbox 227 2470 3519 2551">
     <span class='ocr_line' id='line_1_33' title="bbox 227 2470 3519 2551; baseline -0.003 -20"><span class='ocrx_word' id='word_1_228' title='bbox 227 2478 685 2540; x_wconf 87' lang='lat' dir='ltr'><strong>continens,tunc</strong></span> <span class='ocrx_word' id='word_1_229' title='bbox 704 2472 1393 2543; x_wconf 87' lang='lat' dir='ltr'><strong>recipiehalfructum,cum</strong></span> <span class='ocrx_word' id='word_1_230' title='bbox 1420 2470 1833 2525; x_wconf 89' lang='lat' dir='ltr'><strong>fiebatrecursio</strong></span> <span class='ocrx_word' id='word_1_231' title='bbox 1863 2547 1894 2551; x_wconf 82' lang='lat'><strong><em>_</em></strong></span> <span class='ocrx_word' id='word_1_232' title='bbox 1937 2489 2042 2535; x_wconf 79' lang='grc' dir='ltr'><strong>ιυιι,</strong></span> <span class='ocrx_word' id='word_1_233' title='bbox 2070 2478 2126 2534; x_wconf 84' lang='lat' dir='ltr'><strong>si</strong></span> <span class='ocrx_word' id='word_1_234' title='bbox 2165 2481 2309 2535; x_wconf 72' lang='lat' dir='ltr'><strong>enim</strong></span> <span class='ocrx_word' id='word_1_235' title='bbox 2334 2490 2482 2535; x_wconf 59' lang='lat' dir='ltr'><strong>sum;</strong></span> <span class='ocrx_word' id='word_1_236' title='bbox 2502 2496 2690 2537; x_wconf 68' lang='lat' dir='ltr'><strong>eorum</strong></span> <span class='ocrx_word' id='word_1_237' title='bbox 2723 2481 2943 2551; x_wconf 53' lang='lat' dir='ltr'><strong>templa,</strong></span> <span class='ocrx_word' id='word_1_238' title='bbox 2971 2470 3076 2537; x_wconf 67' lang='grc' dir='ltr'><strong>ηδη</strong></span> <span class='ocrx_word' id='word_1_239' title='bbox 3103 2484 3422 2538; x_wconf 52' lang='lat' dir='ltr'><strong>resurrexit,</strong></span> <span class='ocrx_word' id='word_1_240' title='bbox 3458 2479 3519 2539; x_wconf 72' lang='grc' dir='ltr'><strong>ει</strong></span> 
     </span>
    </p>
   </div>
   <div class='ocr_carea' id='block_1_34' title="bbox 217 2547 1829 2637">
    <p class='ocr_par' dir='ltr' id='par_1_34' title="bbox 217 2560 1829 2621">
     <span class='ocr_line' id='line_1_34' title="bbox 217 2560 1829 2621; baseline -0.004 -1"><span class='ocrx_word' id='word_1_241' title='bbox 217 2562 450 2621; x_wconf 84' lang='lat' dir='ltr'><strong>Domini</strong></span> <span class='ocrx_word' id='word_1_242' title='bbox 477 2566 545 2619; x_wconf 88' lang='lat' dir='ltr'><strong>ad</strong></span> <span class='ocrx_word' id='word_1_243' title='bbox 590 2564 775 2619; x_wconf 74' lang='lat' dir='ltr'><strong>oculos.</strong></span> <span class='ocrx_word' id='word_1_244' title='bbox 799 2562 915 2618; x_wconf 82' lang='lat' dir='ltr'><strong>Non</strong></span> <span class='ocrx_word' id='word_1_245' title='bbox 933 2563 1077 2618; x_wconf 90' lang='lat' dir='ltr'><strong>enim</strong></span> <span class='ocrx_word' id='word_1_246' title='bbox 1092 2561 1242 2616; x_wconf 87' lang='lat' dir='ltr'><strong>venit</strong></span> <span class='ocrx_word' id='word_1_247' title='bbox 1258 2569 1313 2613; x_wconf 91' lang='lat' dir='ltr'><strong>ut</strong></span> <span class='ocrx_word' id='word_1_248' title='bbox 1334 2560 1569 2614; x_wconf 88' lang='lat' dir='ltr'><strong>moriens</strong></span> <span class='ocrx_word' id='word_1_249' title='bbox 1596 2572 1829 2613; x_wconf 88' lang='lat' dir='ltr'><strong>morere-</strong></span> 
     </span>
    </p>
   </div>
   <div class='ocr_carea' id='block_1_35' title="bbox 1931 2547 3519 2637">
    <p class='ocr_par' dir='ltr' id='par_1_35' title="bbox 1936 2572 3519 2637">
     <span class='ocr_line' id='line_1_35' title="bbox 1936 2572 3519 2637; baseline 0.001 -7"><span class='ocrx_word' id='word_1_250' title='bbox 1936 2590 2045 2630; x_wconf 90' lang='lat' dir='ltr'><strong>non</strong></span> <span class='ocrx_word' id='word_1_251' title='bbox 2073 2574 2360 2637; x_wconf 86' lang='lat' dir='ltr'><strong>destruxit,</strong></span> <span class='ocrx_word' id='word_1_252' title='bbox 2394 2575 2441 2629; x_wconf 92' lang='lat' dir='ltr'><strong>si</strong></span> <span class='ocrx_word' id='word_1_253' title='bbox 2469 2589 2577 2629; x_wconf 88' lang='lat' dir='ltr'><strong>non</strong></span> <span class='ocrx_word' id='word_1_254' title='bbox 2600 2572 2832 2629; x_wconf 79' lang='lat' dir='ltr'><strong>conflata</strong></span> <span class='ocrx_word' id='word_1_255' title='bbox 2852 2586 2976 2630; x_wconf 88' lang='lat' dir='ltr'><strong>sunt</strong></span> <span class='ocrx_word' id='word_1_256' title='bbox 3011 2589 3202 2630; x_wconf 89' lang='lat' dir='ltr'><strong>eorum</strong></span> <span class='ocrx_word' id='word_1_257' title='bbox 3226 2575 3519 2631; x_wconf 83' lang='lat' dir='ltr'><strong>simulacra</strong></span> 
     </span>
    </p>
   </div>
   <div class='ocr_carea' id='block_1_36' title="bbox 220 2647 1827 2720">
    <p class='ocr_par' dir='ltr' id='par_1_36' title="bbox 220 2647 1827 2720">
     <span class='ocr_line' id='line_1_36' title="bbox 220 2647 1827 2720; baseline -0.005 -11"><span class='ocrx_word' id='word_1_258' title='bbox 220 2662 353 2715; x_wconf 73' lang='lat' dir='ltr'><strong>tur.</strong></span> <span class='ocrx_word' id='word_1_259' title='bbox 368 2652 461 2707; x_wconf 89' lang='lat' dir='ltr'><strong>sed</strong></span> <span class='ocrx_word' id='word_1_260' title='bbox 481 2663 538 2706; x_wconf 92' lang='lat' dir='ltr'><strong>ut</strong></span> <span class='ocrx_word' id='word_1_261' title='bbox 554 2666 648 2707; x_wconf 92' lang='lat' dir='ltr'><strong>eos</strong></span> <span class='ocrx_word' id='word_1_262' title='bbox 659 2652 749 2720; x_wconf 92' lang='lat' dir='ltr'><strong>qui</strong></span> <span class='ocrx_word' id='word_1_263' title='bbox 769 2653 963 2706; x_wconf 87' lang='lat' dir='ltr'><strong>mortui</strong></span> <span class='ocrx_word' id='word_1_264' title='bbox 983 2651 1197 2706; x_wconf 90' lang='lat' dir='ltr'><strong>fuerant</strong></span> <span class='ocrx_word' id='word_1_265' title='bbox 1210 2651 1418 2704; x_wconf 87' lang='lat' dir='ltr'><strong>vivillca</strong></span> <span class='ocrx_word' id='word_1_266' title='bbox 1431 2659 1529 2703; x_wconf 93' lang='lat' dir='ltr'><strong>ret.</strong></span> <span class='ocrx_word' id='word_1_267' title='bbox 1547 2647 1827 2703; x_wconf 72' lang='lat' dir='ltr'><strong>Laetamur</strong></span> 
     </span>
    </p>
   </div>
   <div class='ocr_carea' id='block_1_37' title="bbox 212 2740 1828 2816">
    <p class='ocr_par' dir='ltr' id='par_1_37' title="bbox 212 2740 1828 2816">
     <span class='ocr_line' id='line_1_37' title="bbox 212 2740 1828 2816; baseline -0.004 -16"><span class='ocrx_word' id='word_1_268' title='bbox 212 2740 405 2816; x_wconf 64' lang='lat' dir='ltr'><strong>&#39;igitur</strong></span> <span class='ocrx_word' id='word_1_269' title='bbox 420 2744 598 2800; x_wconf 86' lang='lat' dir='ltr'><strong>omnia</strong></span> <span class='ocrx_word' id='word_1_270' title='bbox 624 2762 637 2798; x_wconf 91' lang='lat'><strong>:</strong></span> <span class='ocrx_word' id='word_1_271' title='bbox 660 2743 797 2800; x_wconf 92' lang='lat' dir='ltr'><strong>forte</strong></span> <span class='ocrx_word' id='word_1_272' title='bbox 813 2752 992 2797; x_wconf 85' lang='lat' dir='ltr'><strong>autem</strong></span> <span class='ocrx_word' id='word_1_273' title='bbox 1017 2754 1072 2797; x_wconf 89' lang='lat' dir='ltr'><strong>et</strong></span> <span class='ocrx_word' id='word_1_274' title='bbox 1101 2752 1378 2799; x_wconf 85' lang='lat' dir='ltr'><strong>creatura:</strong></span> <span class='ocrx_word' id='word_1_275' title='bbox 1398 2741 1598 2797; x_wconf 90' lang='lat' dir='ltr'><strong>clarior</strong></span> <span class='ocrx_word' id='word_1_276' title='bbox 1611 2741 1754 2795; x_wconf 89' lang='lat' dir='ltr'><strong>enim</strong></span> <span class='ocrx_word' id='word_1_277' title='bbox 1772 2749 1828 2796; x_wconf 90' lang='lat' dir='ltr'><strong>et</strong></span> 
     </span>
    </p>
   </div>
   <div class='ocr_carea' id='block_1_38' title="bbox 227 2832 1830 2905">
    <p class='ocr_par' dir='ltr' id='par_1_38' title="bbox 227 2832 1830 2905">
     <span class='ocr_line' id='line_1_38' title="bbox 227 2832 1830 2905; baseline -0.004 -13"><span class='ocrx_word' id='word_1_278' title='bbox 227 2837 323 2893; x_wconf 68' lang='lat' dir='ltr'><strong>uol</strong></span> <span class='ocrx_word' id='word_1_279' title='bbox 364 2846 482 2903; x_wconf 89' lang='lat' dir='ltr'><strong>est,</strong></span> <span class='ocrx_word' id='word_1_280' title='bbox 525 2836 819 2891; x_wconf 84' lang='lat' dir='ltr'><strong>secundum</strong></span> <span class='ocrx_word' id='word_1_281' title='bbox 855 2850 1092 2905; x_wconf 67' lang='lat' dir='ltr'><strong>prasens</strong></span> <span class='ocrx_word' id='word_1_282' title='bbox 1125 2836 1227 2888; x_wconf 91' lang='lat' dir='ltr'><strong>hoc</strong></span> <span class='ocrx_word' id='word_1_283' title='bbox 1274 2843 1484 2902; x_wconf 79' lang='lat' dir='ltr'><strong>tempus</strong></span> <span class='ocrx_word' id='word_1_284' title='bbox 1528 2832 1830 2895; x_wconf 82' lang='lat' dir='ltr'><strong>:prolixior</strong></span> 
     </span>
    </p>
   </div>
   <div class='ocr_carea' id='block_1_39' title="bbox 218 2925 1829 2999">
    <p class='ocr_par' dir='ltr' id='par_1_39' title="bbox 218 2925 1829 2999">
     <span class='ocr_line' id='line_1_39' title="bbox 218 2925 1829 2999; baseline -0.004 -14"><span class='ocrx_word' id='word_1_285' title='bbox 218 2930 388 2986; x_wconf 59' lang='lat' dir='ltr'><strong>enim</strong></span> <span class='ocrx_word' id='word_1_286' title='bbox 401 2938 457 2983; x_wconf 91' lang='lat' dir='ltr'><strong>et</strong></span> <span class='ocrx_word' id='word_1_287' title='bbox 476 2927 656 2981; x_wconf 89' lang='lat' dir='ltr'><strong>lumen</strong></span> <span class='ocrx_word' id='word_1_288' title='bbox 673 2928 903 2982; x_wconf 87' lang='lat' dir='ltr'><strong>habetur</strong></span> <span class='ocrx_word' id='word_1_289' title='bbox 922 2925 1036 2999; x_wconf 73' lang='grc' dir='ltr'><strong>(ιι)</strong></span> <span class='ocrx_word' id='word_1_290' title='bbox 1058 2941 1073 2980; x_wconf 91' lang='lat'><strong>:</strong></span> <span class='ocrx_word' id='word_1_291' title='bbox 1096 2936 1152 2981; x_wconf 90' lang='lat' dir='ltr'><strong>et</strong></span> <span class='ocrx_word' id='word_1_292' title='bbox 1169 2927 1410 2981; x_wconf 91' lang='lat' dir='ltr'><strong>omnium</strong></span> <span class='ocrx_word' id='word_1_293' title='bbox 1428 2928 1727 2994; x_wconf 89' lang='lat' dir='ltr'><strong>completus</strong></span> <span class='ocrx_word' id='word_1_294' title='bbox 1742 2931 1829 2980; x_wconf 90' lang='lat' dir='ltr'><strong>est</strong></span> 
     </span>
    </p>
   </div>
   <div class='ocr_carea' id='block_1_40' title="bbox 236 3016 1827 3087">
    <p class='ocr_par' dir='ltr' id='par_1_40' title="bbox 236 3016 1827 3087">
     <span class='ocr_line' id='line_1_40' title="bbox 236 3016 1827 3087; baseline -0.003 -11"><span class='ocrx_word' id='word_1_295' title='bbox 236 3020 455 3076; x_wconf 81' lang='lat' dir='ltr'><strong>fructus</strong></span> <span class='ocrx_word' id='word_1_296' title='bbox 489 3036 503 3074; x_wconf 93' lang='lat'><strong>:</strong></span> <span class='ocrx_word' id='word_1_297' title='bbox 532 3028 588 3074; x_wconf 90' lang='lat' dir='ltr'><strong>et</strong></span> <span class='ocrx_word' id='word_1_298' title='bbox 610 3020 959 3075; x_wconf 91' lang='lat' dir='ltr'><strong>consentiunt</strong></span> <span class='ocrx_word' id='word_1_299' title='bbox 995 3016 1169 3073; x_wconf 74' lang='lat' dir='ltr'><strong>ofﬁcia</strong></span> <span class='ocrx_word' id='word_1_300' title='bbox 1204 3016 1614 3087; x_wconf 85' lang='lat' dir='ltr'><strong>dispensationi.</strong></span> <span class='ocrx_word' id='word_1_301' title='bbox 1642 3016 1827 3071; x_wconf 88' lang='lat' dir='ltr'><strong>Soluta</strong></span> 
     </span>
    </p>
   </div>
   <div class='ocr_carea' id='block_1_41' title="bbox 233 3110 1826 3167">
    <p class='ocr_par' dir='ltr' id='par_1_41' title="bbox 233 3110 1826 3167">
     <span class='ocr_line' id='line_1_41' title="bbox 233 3110 1826 3167; baseline -0.003 0"><span class='ocrx_word' id='word_1_302' title='bbox 233 3121 426 3167; x_wconf 73' lang='lat' dir='ltr'><strong>autem</strong></span> <span class='ocrx_word' id='word_1_303' title='bbox 456 3112 610 3166; x_wconf 86' lang='lat' dir='ltr'><strong>nobis</strong></span> <span class='ocrx_word' id='word_1_304' title='bbox 649 3119 732 3166; x_wconf 89' lang='lat' dir='ltr'><strong>est</strong></span> <span class='ocrx_word' id='word_1_305' title='bbox 767 3120 823 3166; x_wconf 90' lang='lat' dir='ltr'><strong>et</strong></span> <span class='ocrx_word' id='word_1_306' title='bbox 859 3110 1128 3166; x_wconf 88' lang='lat' dir='ltr'><strong>sententia</strong></span> <span class='ocrx_word' id='word_1_307' title='bbox 1159 3127 1172 3163; x_wconf 93' lang='lat'><strong>:</strong></span> <span class='ocrx_word' id='word_1_308' title='bbox 1220 3118 1469 3164; x_wconf 86' lang='lat' dir='ltr'><strong>revocata</strong></span> <span class='ocrx_word' id='word_1_309' title='bbox 1525 3119 1609 3164; x_wconf 84' lang='lat' dir='ltr'><strong>est</strong></span> <span class='ocrx_word' id='word_1_310' title='bbox 1643 3118 1826 3163; x_wconf 90' lang='lat' dir='ltr'><strong>nostra</strong></span> 
     </span>
    </p>
   </div>
   <div class='ocr_carea' id='block_1_42' title="bbox 236 3198 1823 3264">
    <p class='ocr_par' dir='ltr' id='par_1_42' title="bbox 236 3198 1823 3264">
     <span class='ocr_line' id='line_1_42' title="bbox 236 3198 1823 3264; baseline -0.004 -3"><span class='ocrx_word' id='word_1_311' title='bbox 236 3202 517 3261; x_wconf 78' lang='lat' dir='ltr'><strong>restitutio</strong></span> <span class='ocrx_word' id='word_1_312' title='bbox 555 3218 571 3256; x_wconf 93' lang='lat'><strong>:</strong></span> <span class='ocrx_word' id='word_1_313' title='bbox 603 3200 908 3257; x_wconf 84' lang='lat' dir='ltr'><strong>obedientia</strong></span> <span class='ocrx_word' id='word_1_314' title='bbox 948 3200 1093 3255; x_wconf 89' lang='lat' dir='ltr'><strong>enim</strong></span> <span class='ocrx_word' id='word_1_315' title='bbox 1130 3200 1377 3263; x_wconf 87' lang='lat' dir='ltr'><strong>veniens,</strong></span> <span class='ocrx_word' id='word_1_316' title='bbox 1416 3198 1823 3264; x_wconf 69' lang='lat' dir='ltr'><strong>praevaricatio-</strong></span> 
     </span>
    </p>
   </div>
   <div class='ocr_carea' id='block_1_43' title="bbox 237 3290 1825 3367">
    <p class='ocr_par' dir='ltr' id='par_1_43' title="bbox 237 3290 1825 3367">
     <span class='ocr_line' id='line_1_43' title="bbox 237 3290 1825 3367; baseline -0.005 -16"><span class='ocrx_word' id='word_1_317' title='bbox 237 3297 334 3351; x_wconf 78' lang='lat' dir='ltr'><strong>nis</strong></span> <span class='ocrx_word' id='word_1_318' title='bbox 365 3310 552 3367; x_wconf 74' lang='lat' dir='ltr'><strong>prenas</strong></span> <span class='ocrx_word' id='word_1_319' title='bbox 578 3295 735 3362; x_wconf 85' lang='lat' dir='ltr'><strong>ejecit</strong></span> <span class='ocrx_word' id='word_1_320' title='bbox 763 3312 779 3348; x_wconf 91' lang='lat'><strong>:</strong></span> <span class='ocrx_word' id='word_1_321' title='bbox 817 3292 1021 3361; x_wconf 87' lang='lat' dir='ltr'><strong>iustitia</strong></span> <span class='ocrx_word' id='word_1_322' title='bbox 1045 3291 1451 3346; x_wconf 73' lang='lat' dir='ltr'><strong>subintroducta</strong></span> <span class='ocrx_word' id='word_1_323' title='bbox 1485 3290 1825 3359; x_wconf 87' lang='lat' dir='ltr'><strong>iniquitatem</strong></span> 
     </span>
    </p>
   </div>
   <div class='ocr_carea' id='block_1_44' title="bbox 239 3380 1826 3459">
    <p class='ocr_par' dir='ltr' id='par_1_44' title="bbox 239 3380 1826 3459">
     <span class='ocr_line' id='line_1_44' title="bbox 239 3380 1826 3459; baseline -0.006 -14"><span class='ocrx_word' id='word_1_324' title='bbox 239 3388 485 3459; x_wconf 77' lang='lat' dir='ltr'><strong>repulit:</strong></span> <span class='ocrx_word' id='word_1_325' title='bbox 519 3388 739 3442; x_wconf 84' lang='lat' dir='ltr'><strong>veniens</strong></span> <span class='ocrx_word' id='word_1_326' title='bbox 786 3388 895 3439; x_wconf 86' lang='lat' dir='ltr'><strong>vita</strong></span> <span class='ocrx_word' id='word_1_327' title='bbox 948 3394 1177 3439; x_wconf 90' lang='lat' dir='ltr'><strong>mortem</strong></span> <span class='ocrx_word' id='word_1_328' title='bbox 1238 3383 1628 3437; x_wconf 86' lang='lat' dir='ltr'><strong>mortificavit:</strong></span> <span class='ocrx_word' id='word_1_329' title='bbox 1682 3380 1826 3436; x_wconf 89' lang='lat' dir='ltr'><strong>Deus</strong></span> 
     </span>
    </p>
   </div>
   <div class='ocr_carea' id='block_1_45' title="bbox 244 3471 1829 3545">
    <p class='ocr_par' dir='ltr' id='par_1_45' title="bbox 244 3471 1829 3545">
     <span class='ocr_line' id='line_1_45' title="bbox 244 3471 1829 3545; baseline -0.004 -12"><span class='ocrx_word' id='word_1_330' title='bbox 244 3478 581 3534; x_wconf 85' lang='lat' dir='ltr'><strong>descendens</strong></span> <span class='ocrx_word' id='word_1_331' title='bbox 626 3476 898 3531; x_wconf 89' lang='lat' dir='ltr'><strong>hominem</strong></span> <span class='ocrx_word' id='word_1_332' title='bbox 948 3475 1199 3545; x_wconf 81' lang='lat' dir='ltr'><strong>perduxit</strong></span> <span class='ocrx_word' id='word_1_333' title='bbox 1235 3476 1303 3528; x_wconf 87' lang='lat' dir='ltr'><strong>ad</strong></span> <span class='ocrx_word' id='word_1_334' title='bbox 1353 3474 1542 3529; x_wconf 73' lang='lat' dir='ltr'><strong>cmlos.</strong></span> <span class='ocrx_word' id='word_1_335' title='bbox 1582 3471 1829 3543; x_wconf 86' lang='lat' dir='ltr'><strong>Undique</strong></span> 
     </span>
    </p>
   </div>
   <div class='ocr_carea' id='block_1_46' title="bbox 242 3564 1826 3640">
    <p class='ocr_par' dir='ltr' id='par_1_46' title="bbox 242 3564 1826 3640">
     <span class='ocr_line' id='line_1_46' title="bbox 242 3564 1826 3640; baseline -0.004 -16"><span class='ocrx_word' id='word_1_336' title='bbox 242 3569 413 3636; x_wconf 78' lang='lat' dir='ltr'><strong>igitur</strong></span> <span class='ocrx_word' id='word_1_337' title='bbox 459 3569 693 3640; x_wconf 82' lang='lat' dir='ltr'><strong>fulgores</strong></span> <span class='ocrx_word' id='word_1_338' title='bbox 749 3566 1059 3621; x_wconf 79' lang='lat' dir='ltr'><strong>festivitatis</strong></span> <span class='ocrx_word' id='word_1_339' title='bbox 1105 3566 1382 3620; x_wconf 87' lang='lat' dir='ltr'><strong>lucescant</strong></span> <span class='ocrx_word' id='word_1_340' title='bbox 1424 3564 1558 3635; x_wconf 68' lang='grc' dir='ltr'><strong>(ιδ).</strong></span> <span class='ocrx_word' id='word_1_341' title='bbox 1600 3564 1826 3620; x_wconf 89' lang='lat' dir='ltr'><strong>Sursum</strong></span> 
     </span>
    </p>
   </div>
   <div class='ocr_carea' id='block_1_47' title="bbox 248 3656 1826 3727">
    <p class='ocr_par' dir='ltr' id='par_1_47' title="bbox 248 3656 1826 3727">
     <span class='ocr_line' id='line_1_47' title="bbox 248 3656 1826 3727; baseline -0.008 -9"><span class='ocrx_word' id='word_1_342' title='bbox 248 3662 424 3727; x_wconf 89' lang='lat' dir='ltr'><strong>chori,</strong></span> <span class='ocrx_word' id='word_1_343' title='bbox 491 3664 543 3717; x_wconf 89' lang='lat' dir='ltr'><strong>in</strong></span> <span class='ocrx_word' id='word_1_344' title='bbox 602 3670 746 3715; x_wconf 81' lang='lat' dir='ltr'><strong>terra</strong></span> <span class='ocrx_word' id='word_1_345' title='bbox 807 3658 1025 3715; x_wconf 65' lang='lat' dir='ltr'><strong>laatitia.</strong></span> <span class='ocrx_word' id='word_1_346' title='bbox 1096 3656 1337 3711; x_wconf 87' lang='lat' dir='ltr'><strong>Tristant</strong></span> <span class='ocrx_word' id='word_1_347' title='bbox 1400 3658 1538 3710; x_wconf 85' lang='lat' dir='ltr'><strong>bona</strong></span> <span class='ocrx_word' id='word_1_348' title='bbox 1593 3657 1826 3723; x_wconf 84' lang='lat' dir='ltr'><strong>malum,</strong></span> 
     </span>
    </p>
   </div>
   <div class='ocr_carea' id='block_1_48' title="bbox 242 3747 1830 3823">
    <p class='ocr_par' dir='ltr' id='par_1_48' title="bbox 242 3747 1830 3823">
     <span class='ocr_line' id='line_1_48' title="bbox 242 3747 1830 3823; baseline -0.006 -15"><span class='ocrx_word' id='word_1_349' title='bbox 242 3753 395 3823; x_wconf 82' lang='lat' dir='ltr'><strong>luget</strong></span> <span class='ocrx_word' id='word_1_350' title='bbox 434 3750 797 3821; x_wconf 85' lang='lat' dir='ltr'><strong>semetipsum</strong></span> <span class='ocrx_word' id='word_1_351' title='bbox 858 3747 1145 3803; x_wconf 89' lang='lat' dir='ltr'><strong>diabolus:</strong></span> <span class='ocrx_word' id='word_1_352' title='bbox 1193 3748 1350 3803; x_wconf 88' lang='lat' dir='ltr'><strong>decet</strong></span> <span class='ocrx_word' id='word_1_353' title='bbox 1409 3750 1553 3802; x_wconf 90' lang='lat' dir='ltr'><strong>enim</strong></span> <span class='ocrx_word' id='word_1_354' title='bbox 1582 3762 1706 3801; x_wconf 87' lang='lat' dir='ltr'><strong>eum</strong></span> <span class='ocrx_word' id='word_1_355' title='bbox 1748 3747 1830 3800; x_wconf 86' lang='lat' dir='ltr'><strong>itt-</strong></span> 
     </span>
    </p>
   </div>
   <div class='ocr_carea' id='block_1_49' title="bbox 244 3841 1827 3911">
    <p class='ocr_par' dir='ltr' id='par_1_49' title="bbox 244 3841 1827 3911">
     <span class='ocr_line' id='line_1_49' title="bbox 244 3841 1827 3911; baseline -0.006 -11"><span class='ocrx_word' id='word_1_356' title='bbox 244 3856 363 3900; x_wconf 82' lang='lat' dir='ltr'><strong>etus</strong></span> <span class='ocrx_word' id='word_1_357' title='bbox 391 3859 555 3899; x_wconf 88' lang='lat' dir='ltr'><strong>suus:</strong></span> <span class='ocrx_word' id='word_1_358' title='bbox 593 3843 780 3911; x_wconf 88' lang='lat' dir='ltr'><strong>lugent</strong></span> <span class='ocrx_word' id='word_1_359' title='bbox 812 3841 993 3896; x_wconf 87' lang='lat' dir='ltr'><strong>adhuc</strong></span> <span class='ocrx_word' id='word_1_360' title='bbox 1015 3852 1190 3909; x_wconf 87' lang='lat' dir='ltr'><strong>usque</strong></span> <span class='ocrx_word' id='word_1_361' title='bbox 1211 3841 1507 3905; x_wconf 64' lang='lat' dir='ltr'><strong>daemones,</strong></span> <span class='ocrx_word' id='word_1_362' title='bbox 1538 3846 1594 3893; x_wconf 90' lang='lat' dir='ltr'><strong>et</strong></span> <span class='ocrx_word' id='word_1_363' title='bbox 1619 3848 1827 3892; x_wconf 79' lang='lat' dir='ltr'><strong>semet-</strong></span> 
     </span>
    </p>
   </div>
   <div class='ocr_carea' id='block_1_50' title="bbox 246 3930 1831 4007">
    <p class='ocr_par' dir='ltr' id='par_1_50' title="bbox 246 3930 1831 4007">
     <span class='ocr_line' id='line_1_50' title="bbox 246 3930 1831 4007; baseline -0.004 -15"><span class='ocrx_word' id='word_1_364' title='bbox 246 3938 394 4007; x_wconf 85' lang='lat' dir='ltr'><strong>ipsos</strong></span> <span class='ocrx_word' id='word_1_365' title='bbox 415 3935 714 4005; x_wconf 84' lang='lat' dir='ltr'><strong>deplorant.</strong></span> <span class='ocrx_word' id='word_1_366' title='bbox 757 3933 992 3990; x_wconf 85' lang='lat' dir='ltr'><strong>Tantum</strong></span> <span class='ocrx_word' id='word_1_367' title='bbox 1043 3932 1188 3989; x_wconf 89' lang='lat' dir='ltr'><strong>enim</strong></span> <span class='ocrx_word' id='word_1_368' title='bbox 1232 3941 1293 3985; x_wconf 92' lang='lat' dir='ltr'><strong>ut</strong></span> <span class='ocrx_word' id='word_1_369' title='bbox 1339 3932 1617 3986; x_wconf 82' lang='lat' dir='ltr'><strong>nontinata</strong></span> <span class='ocrx_word' id='word_1_370' title='bbox 1665 3930 1831 3986; x_wconf 91' lang='lat' dir='ltr'><strong>fuerit</strong></span> 
     </span>
    </p>
   </div>
   <div class='ocr_carea' id='block_1_51' title="bbox 244 4021 1825 4096">
    <p class='ocr_par' dir='ltr' id='par_1_51' title="bbox 244 4021 1825 4096">
     <span class='ocr_line' id='line_1_51' title="bbox 244 4021 1825 4096; baseline -0.004 -12"><span class='ocrx_word' id='word_1_371' title='bbox 244 4043 400 4093; x_wconf 87' lang='lat' dir='ltr'><strong>crux,</strong></span> <span class='ocrx_word' id='word_1_372' title='bbox 443 4033 742 4096; x_wconf 82' lang='lat' dir='ltr'><strong>agnoscunt</strong></span> <span class='ocrx_word' id='word_1_373' title='bbox 786 4026 1022 4096; x_wconf 85' lang='lat' dir='ltr'><strong>plagam,</strong></span> <span class='ocrx_word' id='word_1_374' title='bbox 1057 4033 1113 4081; x_wconf 90' lang='lat' dir='ltr'><strong>et</strong></span> <span class='ocrx_word' id='word_1_375' title='bbox 1155 4039 1266 4080; x_wconf 90' lang='lat' dir='ltr'><strong>nou</strong></span> <span class='ocrx_word' id='word_1_376' title='bbox 1296 4021 1563 4079; x_wconf 68' lang='lat' dir='ltr'><strong>sufferunt</strong></span> <span class='ocrx_word' id='word_1_377' title='bbox 1606 4038 1825 4078; x_wconf 90' lang='lat' dir='ltr'><strong>nomen.</strong></span> 
     </span>
    </p>
   </div>
   <div class='ocr_carea' id='block_1_52' title="bbox 240 4116 1829 4189">
    <p class='ocr_par' dir='ltr' id='par_1_52' title="bbox 240 4116 1829 4189">
     <span class='ocr_line' id='line_1_52' title="bbox 240 4116 1829 4189; baseline -0.003 -13"><span class='ocrx_word' id='word_1_378' title='bbox 240 4118 316 4176; x_wconf 75' lang='lat' dir='ltr'><strong>Et</strong></span> <span class='ocrx_word' id='word_1_379' title='bbox 347 4134 415 4175; x_wconf 92' lang='lat' dir='ltr'><strong>ne</strong></span> <span class='ocrx_word' id='word_1_380' title='bbox 445 4118 565 4189; x_wconf 85' lang='lat' dir='ltr'><strong>quis</strong></span> <span class='ocrx_word' id='word_1_381' title='bbox 612 4128 763 4189; x_wconf 90' lang='lat' dir='ltr'><strong>putet</strong></span> <span class='ocrx_word' id='word_1_382' title='bbox 803 4118 1029 4175; x_wconf 85' lang='lat' dir='ltr'><strong>oblitum</strong></span> <span class='ocrx_word' id='word_1_383' title='bbox 1078 4132 1165 4172; x_wconf 90' lang='lat' dir='ltr'><strong>me</strong></span> <span class='ocrx_word' id='word_1_384' title='bbox 1197 4116 1365 4172; x_wconf 89' lang='lat' dir='ltr'><strong>fuisse</strong></span> <span class='ocrx_word' id='word_1_385' title='bbox 1399 4116 1667 4171; x_wconf 65' lang='lat' dir='ltr'><strong>hesterna:</strong></span> <span class='ocrx_word' id='word_1_386' title='bbox 1704 4130 1829 4185; x_wconf 84' lang='lat' dir='ltr'><strong>pro-</strong></span> 
     </span>
    </p>
   </div>
   <div class='ocr_carea' id='block_1_53' title="bbox 248 4207 1828 4280">
    <p class='ocr_par' dir='ltr' id='par_1_53' title="bbox 248 4207 1828 4280">
     <span class='ocr_line' id='line_1_53' title="bbox 248 4207 1828 4280; baseline -0.001 -14"><span class='ocrx_word' id='word_1_387' title='bbox 248 4210 711 4275; x_wconf 71' lang='lat' dir='ltr'><strong>missionismeze;</strong></span> <span class='ocrx_word' id='word_1_388' title='bbox 744 4211 1167 4280; x_wconf 86' lang='lat' dir='ltr'><strong>promiseramus</strong></span> <span class='ocrx_word' id='word_1_389' title='bbox 1194 4208 1341 4263; x_wconf 89' lang='lat' dir='ltr'><strong>enim</strong></span> <span class='ocrx_word' id='word_1_390' title='bbox 1370 4207 1432 4263; x_wconf 91' lang='lat' dir='ltr'><strong>de</strong></span> <span class='ocrx_word' id='word_1_391' title='bbox 1466 4209 1828 4264; x_wconf 87' lang='lat' dir='ltr'><strong>resurrectio-</strong></span> 
     </span>
    </p>
   </div>
   <div class='ocr_carea' id='block_1_54' title="bbox 246 4286 1831 4373">
    <p class='ocr_par' dir='ltr' id='par_1_54' title="bbox 246 4286 1831 4373">
     <span class='ocr_line' id='line_1_54' title="bbox 246 4286 1831 4373; baseline -0.002 -15"><span class='ocrx_word' id='word_1_392' title='bbox 246 4316 318 4358; x_wconf 85' lang='lat' dir='ltr'><strong>ue</strong></span> <span class='ocrx_word' id='word_1_393' title='bbox 373 4302 552 4357; x_wconf 82' lang='lat' dir='ltr'><strong>dicere</strong></span> <span class='ocrx_word' id='word_1_394' title='bbox 596 4301 752 4369; x_wconf 88' lang='lat' dir='ltr'><strong>heri;</strong></span> <span class='ocrx_word' id='word_1_395' title='bbox 805 4286 1133 4373; x_wconf 86' lang='lat' dir='ltr'><strong>exposcebat</strong></span> <span class='ocrx_word' id='word_1_396' title='bbox 1185 4300 1334 4356; x_wconf 89' lang='lat' dir='ltr'><strong>enim</strong></span> <span class='ocrx_word' id='word_1_397' title='bbox 1386 4309 1619 4371; x_wconf 85' lang='lat' dir='ltr'><strong>tempus.</strong></span> <span class='ocrx_word' id='word_1_398' title='bbox 1674 4299 1831 4356; x_wconf 89' lang='lat' dir='ltr'><strong>Sicut</strong></span> 
     </span>
    </p>
   </div>
   <div class='ocr_carea' id='block_1_55' title="bbox 245 4392 1827 4452">
    <p class='ocr_par' dir='ltr' id='par_1_55' title="bbox 245 4392 1827 4452">
     <span class='ocr_line' id='line_1_55' title="bbox 245 4392 1827 4452; baseline -0.003 -1"><span class='ocrx_word' id='word_1_399' title='bbox 245 4395 394 4452; x_wconf 79' lang='lat' dir='ltr'><strong>enim</strong></span> <span class='ocrx_word' id='word_1_400' title='bbox 446 4395 565 4450; x_wconf 81' lang='lat' dir='ltr'><strong>lteri</strong></span> <span class='ocrx_word' id='word_1_401' title='bbox 594 4393 662 4449; x_wconf 89' lang='lat' dir='ltr'><strong>de</strong></span> <span class='ocrx_word' id='word_1_402' title='bbox 692 4393 1093 4449; x_wconf 81' lang='lat' dir='ltr'><strong>resurrectione</strong></span> <span class='ocrx_word' id='word_1_403' title='bbox 1141 4402 1321 4449; x_wconf 90' lang='lat' dir='ltr'><strong>motus</strong></span> <span class='ocrx_word' id='word_1_404' title='bbox 1358 4402 1443 4448; x_wconf 87' lang='lat' dir='ltr'><strong>est</strong></span> <span class='ocrx_word' id='word_1_405' title='bbox 1482 4406 1666 4449; x_wconf 88' lang='lat' dir='ltr'><strong>sermo</strong></span> <span class='ocrx_word' id='word_1_406' title='bbox 1696 4410 1713 4449; x_wconf 92' lang='lat'><strong>:</strong></span> <span class='ocrx_word' id='word_1_407' title='bbox 1749 4392 1827 4448; x_wconf 91' lang='lat' dir='ltr'><strong>ita</strong></span> 
     </span>
    </p>
   </div>
   <div class='ocr_carea' id='block_1_56' title="bbox 247 4480 1832 4557">
    <p class='ocr_par' dir='ltr' id='par_1_56' title="bbox 247 4480 1832 4557">
     <span class='ocr_line' id='line_1_56' title="bbox 247 4480 1832 4557; baseline -0.004 -16"><span class='ocrx_word' id='word_1_408' title='bbox 247 4488 374 4557; x_wconf 86' lang='lat' dir='ltr'><strong>quia</strong></span> <span class='ocrx_word' id='word_1_409' title='bbox 408 4484 675 4541; x_wconf 87' lang='lat' dir='ltr'><strong>festivitas</strong></span> <span class='ocrx_word' id='word_1_410' title='bbox 724 4498 1033 4554; x_wconf 84' lang='lat' dir='ltr'><strong>regressum</strong></span> <span class='ocrx_word' id='word_1_411' title='bbox 1086 4483 1299 4538; x_wconf 90' lang='lat' dir='ltr'><strong>Domini</strong></span> <span class='ocrx_word' id='word_1_412' title='bbox 1344 4482 1572 4553; x_wconf 89' lang='lat' dir='ltr'><strong>requirit</strong></span> <span class='ocrx_word' id='word_1_413' title='bbox 1618 4483 1685 4537; x_wconf 84' lang='lat' dir='ltr'><strong>ad</strong></span> <span class='ocrx_word' id='word_1_414' title='bbox 1732 4480 1832 4537; x_wconf 86' lang='lat' dir='ltr'><strong>Pa-</strong></span> 
     </span>
    </p>
   </div>
   <div class='ocr_carea' id='block_1_57' title="bbox 248 4572 1828 4667">
    <p class='ocr_par' dir='ltr' id='par_1_57' title="bbox 248 4572 1828 4667">
     <span class='ocr_line' id='line_1_57' title="bbox 248 4572 1828 4667; baseline -0.004 -34"><span class='ocrx_word' id='word_1_415' title='bbox 248 4587 411 4633; x_wconf 85' lang='lat' dir='ltr'><strong>trem.</strong></span> <span class='ocrx_word' id='word_1_416' title='bbox 444 4575 723 4631; x_wconf 78' lang='lat' dir='ltr'><strong>Firmatur</strong></span> <span class='ocrx_word' id='word_1_417' title='bbox 762 4584 944 4630; x_wconf 89' lang='lat' dir='ltr'><strong>autem</strong></span> <span class='ocrx_word' id='word_1_418' title='bbox 996 4572 1276 4667; x_wconf 69' lang='lat' dir='ltr'><strong>hominum</strong></span> <span class='ocrx_word' id='word_1_419' title='bbox 1311 4573 1668 4636; x_wconf 88' lang='lat' dir='ltr'><strong>resurrectio,</strong></span> <span class='ocrx_word' id='word_1_420' title='bbox 1705 4587 1828 4626; x_wconf 92' lang='lat' dir='ltr'><strong>cum</strong></span> 
     </span>
    </p>
   </div>
   <div class='ocr_carea' id='block_1_58' title="bbox 248 4662 1832 4741">
    <p class='ocr_par' dir='ltr' id='par_1_58' title="bbox 248 4662 1832 4741">
     <span class='ocr_line' id='line_1_58' title="bbox 248 4662 1832 4741; baseline -0.004 -16"><span class='ocrx_word' id='word_1_421' title='bbox 248 4669 557 4741; x_wconf 87' lang='lat' dir='ltr'><strong>apparuerit</strong></span> <span class='ocrx_word' id='word_1_422' title='bbox 605 4664 776 4722; x_wconf 76' lang='lat' dir='ltr'><strong>Filius</strong></span> <span class='ocrx_word' id='word_1_423' title='bbox 821 4662 1187 4721; x_wconf 64' lang='lat' dir='ltr'><strong>reversus&#39;ad</strong></span> <span class='ocrx_word' id='word_1_424' title='bbox 1235 4663 1477 4718; x_wconf 85' lang='lat' dir='ltr'><strong>Patrem.</strong></span> <span class='ocrx_word' id='word_1_425' title='bbox 1533 4662 1604 4717; x_wconf 89' lang='lat' dir='ltr'><strong>Et</strong></span> <span class='ocrx_word' id='word_1_426' title='bbox 1658 4664 1832 4731; x_wconf 87' lang='lat' dir='ltr'><strong>majus</strong></span> 
     </span>
    </p>
   </div>
   <div class='ocr_carea' id='block_1_59' title="bbox 245 4756 1833 4830">
    <p class='ocr_par' dir='ltr' id='par_1_59' title="bbox 245 4756 1833 4830">
     <span class='ocr_line' id='line_1_59' title="bbox 245 4756 1833 4830; baseline -0.003 -14"><span class='ocrx_word' id='word_1_427' title='bbox 245 4760 554 4816; x_wconf 85' lang='lat' dir='ltr'><strong>ostenditur</strong></span> <span class='ocrx_word' id='word_1_428' title='bbox 564 4761 706 4830; x_wconf 90' lang='lat' dir='ltr'><strong>quod</strong></span> <span class='ocrx_word' id='word_1_429' title='bbox 721 4756 1051 4829; x_wconf 88' lang='lat' dir='ltr'><strong>propositum</strong></span> <span class='ocrx_word' id='word_1_430' title='bbox 1064 4764 1168 4822; x_wconf 90' lang='lat' dir='ltr'><strong>est,</strong></span> <span class='ocrx_word' id='word_1_431' title='bbox 1185 4771 1307 4813; x_wconf 90' lang='lat' dir='ltr'><strong>cum</strong></span> <span class='ocrx_word' id='word_1_432' title='bbox 1324 4756 1638 4827; x_wconf 84' lang='lat' dir='ltr'><strong>apparuerit</strong></span> <span class='ocrx_word' id='word_1_433' title='bbox 1653 4771 1833 4813; x_wconf 86' lang='lat' dir='ltr'><strong>resur-</strong></span> 
     </span>
    </p>
   </div>
   <div class='ocr_carea' id='block_1_60' title="bbox 246 4850 1834 4923">
    <p class='ocr_par' dir='ltr' id='par_1_60' title="bbox 246 4850 1834 4923">
     <span class='ocr_line' id='line_1_60' title="bbox 246 4850 1834 4923; baseline -0.001 -15"><span class='ocrx_word' id='word_1_434' title='bbox 246 4852 419 4908; x_wconf 87' lang='lat' dir='ltr'><strong>rectio</strong></span> <span class='ocrx_word' id='word_1_435' title='bbox 448 4851 561 4919; x_wconf 86' lang='lat' dir='ltr'><strong>ejus</strong></span> <span class='ocrx_word' id='word_1_436' title='bbox 582 4852 673 4921; x_wconf 93' lang='lat' dir='ltr'><strong>qui</strong></span> <span class='ocrx_word' id='word_1_437' title='bbox 705 4850 987 4906; x_wconf 87' lang='lat' dir='ltr'><strong>suscitavit</strong></span> <span class='ocrx_word' id='word_1_438' title='bbox 1013 4850 1150 4923; x_wconf 65' lang='grc' dir='ltr'><strong>(ιϐ).</strong></span> <span class='ocrx_word' id='word_1_439' title='bbox 1179 4850 1457 4921; x_wconf 88' lang='lat' dir='ltr'><strong>Siquidem</strong></span> <span class='ocrx_word' id='word_1_440' title='bbox 1476 4850 1834 4920; x_wconf 86' lang='lat' dir='ltr'><strong>etApostolus</strong></span> 
     </span>
    </p>
   </div>
   <div class='ocr_carea' id='block_1_61' title="bbox 247 4942 1833 5013">
    <p class='ocr_par' dir='ltr' id='par_1_61' title="bbox 247 4942 1833 5013">
     <span class='ocr_line' id='line_1_61' title="bbox 247 4942 1833 5013; baseline -0.001 -14"><span class='ocrx_word' id='word_1_441' title='bbox 247 4943 437 5001; x_wconf 89' lang='lat' dir='ltr'><strong>volens</strong></span> <span class='ocrx_word' id='word_1_442' title='bbox 458 4945 745 5000; x_wconf 88' lang='lat' dir='ltr'><strong>ostendere</strong></span> <span class='ocrx_word' id='word_1_443' title='bbox 781 4944 902 5013; x_wconf 77' lang='lat' dir='ltr'><strong>1uia</strong></span> <span class='ocrx_word' id='word_1_444' title='bbox 931 4953 1222 5013; x_wconf 88' lang='lat' dir='ltr'><strong>resurgunt</strong></span> <span class='ocrx_word' id='word_1_445' title='bbox 1251 4942 1517 5008; x_wconf 88' lang='lat' dir='ltr'><strong>homines,</strong></span> <span class='ocrx_word' id='word_1_446' title='bbox 1549 4943 1616 4997; x_wconf 90' lang='lat' dir='ltr'><strong>ad</strong></span> <span class='ocrx_word' id='word_1_447' title='bbox 1652 4958 1833 4998; x_wconf 55' lang='lat' dir='ltr'><strong>resur.</strong></span> 
     </span>
    </p>
   </div>
   <div class='ocr_carea' id='block_1_62' title="bbox 250 5036 1835 5100">
    <p class='ocr_par' dir='ltr' id='par_1_62' title="bbox 250 5036 1835 5100">
     <span class='ocr_line' id='line_1_62' title="bbox 250 5036 1835 5100; baseline -0.003 -8"><span class='ocrx_word' id='word_1_448' title='bbox 250 5037 551 5093; x_wconf 84' lang='lat' dir='ltr'><strong>rectionem</strong></span> <span class='ocrx_word' id='word_1_449' title='bbox 586 5036 800 5091; x_wconf 89' lang='lat' dir='ltr'><strong>Domini</strong></span> <span class='ocrx_word' id='word_1_450' title='bbox 845 5036 1148 5091; x_wconf 90' lang='lat' dir='ltr'><strong>transmisit</strong></span> <span class='ocrx_word' id='word_1_451' title='bbox 1182 5050 1337 5090; x_wconf 89' lang='lat' dir='ltr'><strong>suum</strong></span> <span class='ocrx_word' id='word_1_452' title='bbox 1390 5049 1733 5100; x_wconf 89' lang='lat' dir='ltr'><strong>sermonem,</strong></span> <span class='ocrx_word' id='word_1_453' title='bbox 1777 5044 1835 5089; x_wconf 91' lang='lat' dir='ltr'><strong>et</strong></span> 
     </span>
    </p>
   </div>
   <div class='ocr_carea' id='block_1_63' title="bbox 250 5124 1833 5197">
    <p class='ocr_par' dir='ltr' id='par_1_63' title="bbox 250 5124 1833 5197">
     <span class='ocr_line' id='line_1_63' title="bbox 250 5124 1833 5197; baseline -0.001 -14"><span class='ocrx_word' id='word_1_454' title='bbox 250 5127 425 5183; x_wconf 80' lang='lat' dir='ltr'><strong>dixit:</strong></span> <span class='ocrx_word' id='word_1_455' title='bbox 456 5124 516 5182; x_wconf 84' lang='lat' dir='ltr'><strong>Si</strong></span> <span class='ocrx_word' id='word_1_456' title='bbox 545 5127 895 5196; x_wconf 79' lang='lat' dir='ltr'><strong>compatimur</strong></span> <span class='ocrx_word' id='word_1_457' title='bbox 916 5138 971 5181; x_wconf 83' lang='lat' dir='ltr'><strong>ut</strong></span> <span class='ocrx_word' id='word_1_458' title='bbox 1001 5138 1050 5182; x_wconf 82' lang='lat' dir='ltr'><strong>et</strong></span> <span class='ocrx_word' id='word_1_459' title='bbox 1079 5127 1239 5182; x_wconf 84' lang='lat' dir='ltr'><strong>simul</strong></span> <span class='ocrx_word' id='word_1_460' title='bbox 1279 5127 1634 5197; x_wconf 76' lang='lat' dir='ltr'><strong>gloriﬁcemur</strong></span> <span class='ocrx_word' id='word_1_461' title='bbox 1654 5128 1722 5182; x_wconf 79' lang='lat'><strong>”.</strong></span> <span class='ocrx_word' id='word_1_462' title='bbox 1769 5126 1833 5185; x_wconf 79' lang='lat' dir='ltr'><strong>Si</strong></span> 
     </span>
    </p>
   </div>
   <div class='ocr_carea' id='block_1_64' title="bbox 1929 2667 3514 2739">
    <p class='ocr_par' dir='ltr' id='par_1_64' title="bbox 1929 2667 3514 2739">
     <span class='ocr_line' id='line_1_64' title="bbox 1929 2667 3514 2739; baseline 0.002 -19"><span class='ocrx_word' id='word_1_463' title='bbox 1929 2671 2050 2735; x_wconf 79' lang='lat' dir='ltr'><strong>post</strong></span> <span class='ocrx_word' id='word_1_464' title='bbox 2080 2681 2321 2729; x_wconf 89' lang='lat' dir='ltr'><strong>crucem,</strong></span> <span class='ocrx_word' id='word_1_465' title='bbox 2355 2682 2462 2721; x_wconf 92' lang='lat' dir='ltr'><strong>non</strong></span> <span class='ocrx_word' id='word_1_466' title='bbox 2492 2667 2817 2733; x_wconf 78' lang='lat' dir='ltr'><strong>resurrexit,</strong></span> <span class='ocrx_word' id='word_1_467' title='bbox 2840 2667 2931 2736; x_wconf 88' lang='lat' dir='ltr'><strong>qui</strong></span> <span class='ocrx_word' id='word_1_468' title='bbox 2954 2668 3136 2738; x_wconf 86' lang='lat' dir='ltr'><strong>arguit</strong></span> <span class='ocrx_word' id='word_1_469' title='bbox 3162 2683 3225 2723; x_wconf 85' lang='lat' dir='ltr'><strong>ea</strong></span> <span class='ocrx_word' id='word_1_470' title='bbox 3254 2683 3374 2739; x_wconf 75' lang='lat' dir='ltr'><strong>qua:</strong></span> <span class='ocrx_word' id='word_1_471' title='bbox 3406 2683 3514 2725; x_wconf 89' lang='lat' dir='ltr'><strong>non</strong></span> 
     </span>
    </p>
   </div>
   <div class='ocr_carea' id='block_1_65' title="bbox 1928 2757 3517 2828">
    <p class='ocr_par' dir='ltr' id='par_1_65' title="bbox 1928 2757 3517 2828">
     <span class='ocr_line' id='line_1_65' title="bbox 1928 2757 3517 2828; baseline 0.001 -15"><span class='ocrx_word' id='word_1_472' title='bbox 1928 2760 2140 2813; x_wconf 88' lang='lat' dir='ltr'><strong>vivunt.</strong></span> <span class='ocrx_word' id='word_1_473' title='bbox 2171 2757 2231 2813; x_wconf 89' lang='lat' dir='ltr'><strong>Si</strong></span> <span class='ocrx_word' id='word_1_474' title='bbox 2259 2773 2366 2814; x_wconf 88' lang='lat' dir='ltr'><strong>non</strong></span> <span class='ocrx_word' id='word_1_475' title='bbox 2389 2758 2740 2828; x_wconf 89' lang='lat' dir='ltr'><strong>increpautur</strong></span> <span class='ocrx_word' id='word_1_476' title='bbox 2768 2759 2991 2815; x_wconf 89' lang='lat' dir='ltr'><strong>nomine</strong></span> <span class='ocrx_word' id='word_1_477' title='bbox 3023 2762 3202 2817; x_wconf 90' lang='lat' dir='ltr'><strong>crucis</strong></span> <span class='ocrx_word' id='word_1_478' title='bbox 3221 2776 3413 2816; x_wconf 89' lang='lat' dir='ltr'><strong>eorum</strong></span> <span class='ocrx_word' id='word_1_479' title='bbox 3438 2760 3517 2816; x_wconf 91' lang='lat' dir='ltr'><strong>dii</strong></span> 
     </span>
    </p>
   </div>
   <div class='ocr_carea' id='block_1_66' title="bbox 1928 2851 3517 2923">
    <p class='ocr_par' dir='ltr' id='par_1_66' title="bbox 1928 2851 3517 2923">
     <span class='ocr_line' id='line_1_66' title="bbox 1928 2851 3517 2923; baseline -0.001 -15"><span class='ocrx_word' id='word_1_480' title='bbox 1928 2861 1984 2908; x_wconf 91' lang='lat' dir='ltr'><strong>et</strong></span> <span class='ocrx_word' id='word_1_481' title='bbox 2014 2852 2307 2916; x_wconf 64' lang='lat' dir='ltr'><strong>daemones,</strong></span> <span class='ocrx_word' id='word_1_482' title='bbox 2353 2867 2459 2908; x_wconf 91' lang='lat' dir='ltr'><strong>non</strong></span> <span class='ocrx_word' id='word_1_483' title='bbox 2509 2852 2811 2909; x_wconf 78' lang='lat' dir='ltr'><strong>resurrexit</strong></span> <span class='ocrx_word' id='word_1_484' title='bbox 2846 2851 2939 2922; x_wconf 90' lang='lat' dir='ltr'><strong>qui</strong></span> <span class='ocrx_word' id='word_1_485' title='bbox 2984 2854 3071 2908; x_wconf 85' lang='lat' dir='ltr'><strong>his</strong></span> <span class='ocrx_word' id='word_1_486' title='bbox 3102 2854 3195 2923; x_wconf 89' lang='lat' dir='ltr'><strong>qui</strong></span> <span class='ocrx_word' id='word_1_487' title='bbox 3230 2868 3337 2908; x_wconf 89' lang='lat' dir='ltr'><strong>non</strong></span> <span class='ocrx_word' id='word_1_488' title='bbox 3386 2861 3517 2909; x_wconf 91' lang='lat' dir='ltr'><strong>sunt</strong></span> 
     </span>
    </p>
   </div>
   <div class='ocr_carea' id='block_1_67' title="bbox 1932 2944 3516 3001">
    <p class='ocr_par' dir='ltr' id='par_1_67' title="bbox 1932 2944 3516 3001">
     <span class='ocr_line' id='line_1_67' title="bbox 1932 2944 3516 3001; baseline 0.001 -1"><span class='ocrx_word' id='word_1_489' title='bbox 1932 2944 2192 3000; x_wconf 84' lang='lat' dir='ltr'><strong>terribilis</strong></span> <span class='ocrx_word' id='word_1_490' title='bbox 2248 2944 2524 3001; x_wconf 88' lang='lat' dir='ltr'><strong>habetur:</strong></span> <span class='ocrx_word' id='word_1_491' title='bbox 2564 2946 2897 3001; x_wconf 87' lang='lat' dir='ltr'><strong>confitentur</strong></span> <span class='ocrx_word' id='word_1_492' title='bbox 2947 2947 3094 3001; x_wconf 90' lang='lat' dir='ltr'><strong>enim</strong></span> <span class='ocrx_word' id='word_1_493' title='bbox 3129 2955 3185 3001; x_wconf 85' lang='lat' dir='ltr'><strong>et</strong></span> <span class='ocrx_word' id='word_1_494' title='bbox 3238 2949 3516 3001; x_wconf 63' lang='lat' dir='ltr'><strong>daemones</strong></span> 
     </span>
    </p>
   </div>
   <div class='ocr_carea' id='block_1_68' title="bbox 1930 3056 3518 3127">
    <p class='ocr_par' dir='ltr' id='par_1_68' title="bbox 1930 3056 3518 3127">
     <span class='ocr_line' id='line_1_68' title="bbox 1930 3056 3518 3127; baseline 0 -16"><span class='ocrx_word' id='word_1_495' title='bbox 1930 3056 2389 3113; x_wconf 87' lang='lat' dir='ltr'><strong>resurrectionem</strong></span> <span class='ocrx_word' id='word_1_496' title='bbox 2420 3057 2647 3114; x_wconf 88' lang='lat' dir='ltr'><strong>Christi.</strong></span> <span class='ocrx_word' id='word_1_497' title='bbox 2678 3059 2779 3127; x_wconf 85' lang='lat' dir='ltr'><strong>Qui</strong></span> <span class='ocrx_word' id='word_1_498' title='bbox 2815 3060 2959 3116; x_wconf 91' lang='lat' dir='ltr'><strong>enim</strong></span> <span class='ocrx_word' id='word_1_499' title='bbox 3005 3061 3354 3123; x_wconf 77' lang='lat' dir='ltr'><strong>exorcisant,</strong></span> <span class='ocrx_word' id='word_1_500' title='bbox 3389 3073 3518 3115; x_wconf 69' lang='lat' dir='ltr'><strong>orn.</strong></span> 
     </span>
    </p>
   </div>
   <div class='ocr_carea' id='block_1_69' title="bbox 1931 3149 3521 3216">
    <p class='ocr_par' dir='ltr' id='par_1_69' title="bbox 1931 3149 3521 3216">
     <span class='ocr_line' id='line_1_69' title="bbox 1931 3149 3521 3216; baseline 0.002 -12"><span class='ocrx_word' id='word_1_501' title='bbox 1931 3164 2050 3205; x_wconf 90' lang='lat' dir='ltr'><strong>cem</strong></span> <span class='ocrx_word' id='word_1_502' title='bbox 2076 3149 2289 3205; x_wconf 87' lang='lat' dir='ltr'><strong>Domini</strong></span> <span class='ocrx_word' id='word_1_503' title='bbox 2318 3152 2625 3216; x_wconf 89' lang='lat' dir='ltr'><strong>nominant,</strong></span> <span class='ocrx_word' id='word_1_504' title='bbox 2669 3162 2723 3207; x_wconf 89' lang='lat' dir='ltr'><strong>et</strong></span> <span class='ocrx_word' id='word_1_505' title='bbox 2768 3153 3221 3208; x_wconf 88' lang='lat' dir='ltr'><strong>resurrectionem</strong></span> <span class='ocrx_word' id='word_1_506' title='bbox 3266 3168 3281 3205; x_wconf 91' lang='lat'><strong>:</strong></span> <span class='ocrx_word' id='word_1_507' title='bbox 3320 3160 3376 3206; x_wconf 88' lang='lat' dir='ltr'><strong>et</strong></span> <span class='ocrx_word' id='word_1_508' title='bbox 3416 3166 3521 3207; x_wconf 85' lang='lat' dir='ltr'><strong>no-</strong></span> 
     </span>
    </p>
   </div>
   <div class='ocr_carea' id='block_1_70' title="bbox 1933 3242 3515 3313">
    <p class='ocr_par' dir='ltr' id='par_1_70' title="bbox 1933 3242 3515 3313">
     <span class='ocr_line' id='line_1_70' title="bbox 1933 3242 3515 3313; baseline 0.003 -19"><span class='ocrx_word' id='word_1_509' title='bbox 1933 3242 2080 3296; x_wconf 89' lang='lat' dir='ltr'><strong>mine</strong></span> <span class='ocrx_word' id='word_1_510' title='bbox 2108 3242 2228 3311; x_wconf 83' lang='lat' dir='ltr'><strong>ejus</strong></span> <span class='ocrx_word' id='word_1_511' title='bbox 2256 3242 2351 3312; x_wconf 88' lang='lat' dir='ltr'><strong>qui</strong></span> <span class='ocrx_word' id='word_1_512' title='bbox 2388 3252 2635 3297; x_wconf 90' lang='lat' dir='ltr'><strong>mortuus</strong></span> <span class='ocrx_word' id='word_1_513' title='bbox 2670 3251 2754 3297; x_wconf 87' lang='lat' dir='ltr'><strong>est</strong></span> <span class='ocrx_word' id='word_1_514' title='bbox 2785 3256 2843 3299; x_wconf 91' lang='lat' dir='ltr'><strong>et</strong></span> <span class='ocrx_word' id='word_1_515' title='bbox 2888 3245 3191 3299; x_wconf 76' lang='lat' dir='ltr'><strong>resurrexit</strong></span> <span class='ocrx_word' id='word_1_516' title='bbox 3221 3244 3515 3313; x_wconf 86' lang='lat' dir='ltr'><strong>increpan-</strong></span> 
     </span>
    </p>
   </div>
   <div class='ocr_carea' id='block_1_71' title="bbox 1934 3327 3517 3394">
    <p class='ocr_par' dir='ltr' id='par_1_71' title="bbox 1934 3327 3517 3394">
     <span class='ocr_line' id='line_1_71' title="bbox 1934 3327 3517 3394; baseline 0.001 -14"><span class='ocrx_word' id='word_1_517' title='bbox 1934 3336 2033 3394; x_wconf 88' lang='lat' dir='ltr'><strong>tes,</strong></span> <span class='ocrx_word' id='word_1_518' title='bbox 2068 3343 2173 3381; x_wconf 84' lang='lat' dir='ltr'><strong>non</strong></span> <span class='ocrx_word' id='word_1_519' title='bbox 2198 3336 2260 3381; x_wconf 91' lang='lat' dir='ltr'><strong>ut</strong></span> <span class='ocrx_word' id='word_1_520' title='bbox 2292 3327 2665 3382; x_wconf 76' lang='lat' dir='ltr'><strong>inobetlientes</strong></span> <span class='ocrx_word' id='word_1_521' title='bbox 2702 3337 2796 3381; x_wconf 88' lang='lat' dir='ltr'><strong>aut</strong></span> <span class='ocrx_word' id='word_1_522' title='bbox 2844 3329 3280 3384; x_wconf 87' lang='lat' dir='ltr'><strong>contradicentes</strong></span> <span class='ocrx_word' id='word_1_523' title='bbox 3314 3327 3517 3384; x_wconf 81' lang='lat' dir='ltr'><strong>habent</strong></span> 
     </span>
    </p>
   </div>
   <div class='ocr_carea' id='block_1_72' title="bbox 1932 3419 3520 3484">
    <p class='ocr_par' dir='ltr' id='par_1_72' title="bbox 1932 3419 3520 3484">
     <span class='ocr_line' id='line_1_72' title="bbox 1932 3419 3520 3484; baseline 0 -8"><span class='ocrx_word' id='word_1_524' title='bbox 1932 3420 2231 3484; x_wconf 68' lang='lat' dir='ltr'><strong>daemones,</strong></span> <span class='ocrx_word' id='word_1_525' title='bbox 2267 3422 2359 3476; x_wconf 91' lang='lat' dir='ltr'><strong>sed</strong></span> <span class='ocrx_word' id='word_1_526' title='bbox 2388 3419 2744 3475; x_wconf 85' lang='lat' dir='ltr'><strong>obaudientes</strong></span> <span class='ocrx_word' id='word_1_527' title='bbox 2777 3429 2831 3475; x_wconf 93' lang='lat' dir='ltr'><strong>et</strong></span> <span class='ocrx_word' id='word_1_528' title='bbox 2874 3422 3278 3477; x_wconf 83' lang='lat' dir='ltr'><strong>consentientes</strong></span> <span class='ocrx_word' id='word_1_529' title='bbox 3332 3436 3520 3476; x_wconf 88' lang='lat' dir='ltr'><strong>resur-</strong></span> 
     </span>
    </p>
   </div>
   <div class='ocr_carea' id='block_1_73' title="bbox 1931 3511 3517 3568">
    <p class='ocr_par' dir='ltr' id='par_1_73' title="bbox 1931 3511 3517 3568">
     <span class='ocr_line' id='line_1_73' title="bbox 1931 3511 3517 3568; baseline -0.002 0"><span class='ocrx_word' id='word_1_530' title='bbox 1931 3512 2247 3568; x_wconf 87' lang='lat' dir='ltr'><strong>rectionem.</strong></span> <span class='ocrx_word' id='word_1_531' title='bbox 2302 3511 2409 3567; x_wconf 87' lang='lat' dir='ltr'><strong>Sed</strong></span> <span class='ocrx_word' id='word_1_532' title='bbox 2463 3511 2634 3566; x_wconf 70' lang='lat' dir='ltr'><strong>Jutlaei</strong></span> <span class='ocrx_word' id='word_1_533' title='bbox 2689 3512 2942 3568; x_wconf 87' lang='lat' dir='ltr'><strong>dubitant</strong></span> <span class='ocrx_word' id='word_1_534' title='bbox 2992 3515 3060 3568; x_wconf 88' lang='lat' dir='ltr'><strong>de</strong></span> <span class='ocrx_word' id='word_1_535' title='bbox 3111 3512 3517 3568; x_wconf 81' lang='lat' dir='ltr'><strong>resurrectione</strong></span> 
     </span>
    </p>
   </div>
   <div class='ocr_carea' id='block_1_74' title="bbox 1930 3603 3517 3677">
    <p class='ocr_par' dir='ltr' id='par_1_74' title="bbox 1930 3603 3517 3677">
     <span class='ocr_line' id='line_1_74' title="bbox 1930 3603 3517 3677; baseline -0.001 -18"><span class='ocrx_word' id='word_1_536' title='bbox 1930 3603 2156 3659; x_wconf 87' lang='lat' dir='ltr'><strong>Christi.</strong></span> <span class='ocrx_word' id='word_1_537' title='bbox 2193 3603 2411 3660; x_wconf 89' lang='lat' dir='ltr'><strong>Utinam</strong></span> <span class='ocrx_word' id='word_1_538' title='bbox 2442 3620 2551 3659; x_wconf 90' lang='lat' dir='ltr'><strong>non</strong></span> <span class='ocrx_word' id='word_1_539' title='bbox 2594 3605 2925 3669; x_wconf 85' lang='lat' dir='ltr'><strong>dubitarent.</strong></span> <span class='ocrx_word' id='word_1_540' title='bbox 2964 3614 3024 3660; x_wconf 87' lang='lat' dir='ltr'><strong>ut</strong></span> <span class='ocrx_word' id='word_1_541' title='bbox 3055 3614 3110 3661; x_wconf 93' lang='lat' dir='ltr'><strong>et</strong></span> <span class='ocrx_word' id='word_1_542' title='bbox 3138 3605 3237 3675; x_wconf 86' lang='lat' dir='ltr'><strong>ipsi</strong></span> <span class='ocrx_word' id='word_1_543' title='bbox 3264 3619 3517 3677; x_wconf 85' lang='lat' dir='ltr'><strong>resurge-</strong></span> 
     </span>
    </p>
   </div>
   <div class='ocr_carea' id='block_1_75' title="bbox 1932 3696 3519 3765">
    <p class='ocr_par' dir='ltr' id='par_1_75' title="bbox 1932 3696 3519 3765">
     <span class='ocr_line' id='line_1_75' title="bbox 1932 3696 3519 3765; baseline 0.002 -16"><span class='ocrx_word' id='word_1_544' title='bbox 1932 3704 2055 3750; x_wconf 88' lang='lat' dir='ltr'><strong>rent</strong></span> <span class='ocrx_word' id='word_1_545' title='bbox 2082 3709 2133 3765; x_wconf 12' lang='lat' dir='ltr'><strong>ag</strong></span> <span class='ocrx_word' id='word_1_546' title='bbox 2154 3696 2393 3765; x_wconf 86' lang='lat' dir='ltr'><strong>peccatis</strong></span> <span class='ocrx_word' id='word_1_547' title='bbox 2420 3696 2555 3758; x_wconf 85' lang='lat' dir='ltr'><strong>suis,</strong></span> <span class='ocrx_word' id='word_1_548' title='bbox 2606 3696 2658 3750; x_wconf 90' lang='lat' dir='ltr'><strong>in</strong></span> <span class='ocrx_word' id='word_1_549' title='bbox 2692 3698 2889 3765; x_wconf 88' lang='lat' dir='ltr'><strong>quibus</strong></span> <span class='ocrx_word' id='word_1_550' title='bbox 2931 3697 3128 3751; x_wconf 83' lang='lat' dir='ltr'><strong>mortui</strong></span> <span class='ocrx_word' id='word_1_551' title='bbox 3154 3706 3211 3751; x_wconf 80' lang='lat' dir='ltr'><strong>et</strong></span> <span class='ocrx_word' id='word_1_552' title='bbox 3240 3710 3367 3752; x_wconf 84' lang='lat' dir='ltr'><strong>vere</strong></span> <span class='ocrx_word' id='word_1_553' title='bbox 3390 3706 3519 3752; x_wconf 73' lang='lat' dir='ltr'><strong>sunt.</strong></span> 
     </span>
    </p>
   </div>
   <div class='ocr_carea' id='block_1_76' title="bbox 1932 3764 3514 3851">
    <p class='ocr_par' dir='ltr' id='par_1_76' title="bbox 1932 3764 3514 3851">
     <span class='ocr_line' id='line_1_76' title="bbox 1932 3764 3514 3851; baseline -0.001 -11"><span class='ocrx_word' id='word_1_554' title='bbox 1932 3764 2163 3841; x_wconf 71' lang='lat' dir='ltr'><strong>mortui!</strong></span> <span class='ocrx_word' id='word_1_555' title='bbox 2188 3786 2245 3842; x_wconf 87' lang='lat' dir='ltr'><strong>Si</strong></span> <span class='ocrx_word' id='word_1_556' title='bbox 2270 3794 2449 3841; x_wconf 90' lang='lat' dir='ltr'><strong>autem</strong></span> <span class='ocrx_word' id='word_1_557' title='bbox 2467 3764 2744 3851; x_wconf 87' lang='lat' dir='ltr'><strong>dubitant,</strong></span> <span class='ocrx_word' id='word_1_558' title='bbox 2765 3785 3049 3841; x_wconf 87' lang='lat' dir='ltr'><strong>ostendant</strong></span> <span class='ocrx_word' id='word_1_559' title='bbox 3067 3784 3340 3840; x_wconf 81' lang='lat' dir='ltr'><strong>civitatem</strong></span> <span class='ocrx_word' id='word_1_560' title='bbox 3362 3799 3514 3839; x_wconf 75' lang='lat' dir='ltr'><strong>suain</strong></span> 
     </span>
    </p>
   </div>
   <div class='ocr_carea' id='block_1_77' title="bbox 1856 3872 3523 3956">
    <p class='ocr_par' dir='ltr' id='par_1_77' title="bbox 1856 3872 3523 3956">
     <span class='ocr_line' id='line_1_77' title="bbox 1856 3872 3523 3956; baseline -0.003 -26"><span class='ocrx_word' id='word_1_561' title='bbox 1856 3899 1899 3956; x_wconf 72' lang='grc' dir='ltr'>ο</span> <span class='ocrx_word' id='word_1_562' title='bbox 1932 3884 2050 3946; x_wconf 88' lang='lat' dir='ltr'><strong>post</strong></span> <span class='ocrx_word' id='word_1_563' title='bbox 2079 3889 2142 3930; x_wconf 90' lang='lat' dir='ltr'><strong>ea</strong></span> <span class='ocrx_word' id='word_1_564' title='bbox 2173 3890 2293 3945; x_wconf 73' lang='lat' dir='ltr'><strong>qua:</strong></span> <span class='ocrx_word' id='word_1_565' title='bbox 2318 3875 2435 3930; x_wconf 89' lang='lat' dir='ltr'><strong>ausi</strong></span> <span class='ocrx_word' id='word_1_566' title='bbox 2468 3884 2617 3943; x_wconf 88' lang='lat' dir='ltr'><strong>sunt,</strong></span> <span class='ocrx_word' id='word_1_567' title='bbox 2653 3885 2909 3929; x_wconf 90' lang='lat' dir='ltr'><strong>stantem.</strong></span> <span class='ocrx_word' id='word_1_568' title='bbox 2963 3873 3030 3928; x_wconf 82' lang='lat' dir='ltr'><strong>Et</strong></span> <span class='ocrx_word' id='word_1_569' title='bbox 3057 3886 3184 3926; x_wconf 83' lang='lat' dir='ltr'><strong>vere</strong></span> <span class='ocrx_word' id='word_1_570' title='bbox 3230 3872 3323 3940; x_wconf 91' lang='lat' dir='ltr'><strong>qui</strong></span> <span class='ocrx_word' id='word_1_571' title='bbox 3352 3885 3523 3927; x_wconf 86' lang='lat' dir='ltr'><strong>mor-</strong></span> 
     </span>
    </p>
   </div>
   <div class='ocr_carea' id='block_1_78' title="bbox 1934 3960 3516 4039">
    <p class='ocr_par' dir='ltr' id='par_1_78' title="bbox 1934 3960 3516 4039">
     <span class='ocr_line' id='line_1_78' title="bbox 1934 3960 3516 4039; baseline -0.003 -18"><span class='ocrx_word' id='word_1_572' title='bbox 1934 3976 2058 4022; x_wconf 89' lang='lat' dir='ltr'><strong>tuus</strong></span> <span class='ocrx_word' id='word_1_573' title='bbox 2081 3976 2165 4023; x_wconf 90' lang='lat' dir='ltr'><strong>est</strong></span> <span class='ocrx_word' id='word_1_574' title='bbox 2195 3977 2441 4024; x_wconf 84' lang='lat' dir='ltr'><strong>mortuus</strong></span> <span class='ocrx_word' id='word_1_575' title='bbox 2471 3976 2575 4033; x_wconf 91' lang='lat' dir='ltr'><strong>est,</strong></span> <span class='ocrx_word' id='word_1_576' title='bbox 2617 3968 2745 4038; x_wconf 87' lang='lat' dir='ltr'><strong>quia</strong></span> <span class='ocrx_word' id='word_1_577' title='bbox 2774 3976 2920 4022; x_wconf 87' lang='lat' dir='ltr'><strong>stant</strong></span> <span class='ocrx_word' id='word_1_578' title='bbox 2945 3965 3037 4039; x_wconf 82' lang='lat' dir='ltr'><strong>qui</strong></span> <span class='ocrx_word' id='word_1_579' title='bbox 3065 3960 3358 4019; x_wconf 75' lang='lat' dir='ltr'><strong>aﬂixerunt</strong></span> <span class='ocrx_word' id='word_1_580' title='bbox 3384 3976 3516 4018; x_wconf 82' lang='lat' dir='ltr'><strong>cra-</strong></span> 
     </span>
    </p>
   </div>
   <div class='ocr_carea' id='block_1_79' title="bbox 1930 4056 3511 4116">
    <p class='ocr_par' dir='ltr' id='par_1_79' title="bbox 1930 4056 3511 4116">
     <span class='ocr_line' id='line_1_79' title="bbox 1930 4056 3511 4116; baseline -0.002 -3"><span class='ocrx_word' id='word_1_581' title='bbox 1930 4059 2001 4113; x_wconf 91' lang='lat' dir='ltr'><strong>ci.</strong></span> <span class='ocrx_word' id='word_1_582' title='bbox 2028 4058 2085 4113; x_wconf 90' lang='lat' dir='ltr'><strong>Si</strong></span> <span class='ocrx_word' id='word_1_583' title='bbox 2119 4069 2301 4116; x_wconf 88' lang='lat' dir='ltr'><strong>autem</strong></span> <span class='ocrx_word' id='word_1_584' title='bbox 2330 4059 2546 4115; x_wconf 84' lang='lat' dir='ltr'><strong>deserta</strong></span> <span class='ocrx_word' id='word_1_585' title='bbox 2576 4070 2660 4116; x_wconf 88' lang='lat' dir='ltr'><strong>est</strong></span> <span class='ocrx_word' id='word_1_586' title='bbox 2698 4060 2893 4116; x_wconf 88' lang='lat' dir='ltr'><strong>civitas</strong></span> <span class='ocrx_word' id='word_1_587' title='bbox 2934 4059 3005 4115; x_wconf 91' lang='lat' dir='ltr'><strong>ob</strong></span> <span class='ocrx_word' id='word_1_588' title='bbox 3037 4059 3322 4115; x_wconf 88' lang='lat' dir='ltr'><strong>audaciam</strong></span> <span class='ocrx_word' id='word_1_589' title='bbox 3371 4056 3511 4111; x_wconf 88' lang='lat' dir='ltr'><strong>inco-</strong></span> 
     </span>
    </p>
   </div>
   <div class='ocr_carea' id='block_1_80' title="bbox 1929 4146 3524 4222">
    <p class='ocr_par' dir='ltr' id='par_1_80' title="bbox 1929 4146 3524 4222">
     <span class='ocr_line' id='line_1_80' title="bbox 1929 4146 3524 4222; baseline -0.001 -17"><span class='ocrx_word' id='word_1_590' title='bbox 1929 4150 2123 4214; x_wconf 88' lang='lat' dir='ltr'><strong>larum,</strong></span> <span class='ocrx_word' id='word_1_591' title='bbox 2150 4150 2242 4222; x_wconf 93' lang='lat' dir='ltr'><strong>qui</strong></span> <span class='ocrx_word' id='word_1_592' title='bbox 2277 4160 2401 4221; x_wconf 89' lang='lat' dir='ltr'><strong>post</strong></span> <span class='ocrx_word' id='word_1_593' title='bbox 2437 4161 2666 4207; x_wconf 82' lang='lat' dir='ltr'><strong>mortem</strong></span> <span class='ocrx_word' id='word_1_594' title='bbox 2692 4150 2906 4208; x_wconf 89' lang='lat' dir='ltr'><strong>cruciat</strong></span> <span class='ocrx_word' id='word_1_595' title='bbox 2933 4165 3030 4207; x_wconf 86' lang='lat' dir='ltr'><strong>eos</strong></span> <span class='ocrx_word' id='word_1_596' title='bbox 3058 4151 3185 4220; x_wconf 88' lang='lat' dir='ltr'><strong>quia</strong></span> <span class='ocrx_word' id='word_1_597' title='bbox 3218 4152 3372 4212; x_wconf 88' lang='lat' dir='ltr'><strong>sunt,</strong></span> <span class='ocrx_word' id='word_1_598' title='bbox 3416 4146 3524 4203; x_wconf 79' lang='lat' dir='ltr'><strong>uti-</strong></span> 
     </span>
    </p>
   </div>
   <div class='ocr_carea' id='block_1_81' title="bbox 1928 4238 3514 4314">
    <p class='ocr_par' dir='ltr' id='par_1_81' title="bbox 1928 4238 3514 4314">
     <span class='ocr_line' id='line_1_81' title="bbox 1928 4238 3514 4314; baseline -0.001 -21"><span class='ocrx_word' id='word_1_599' title='bbox 1928 4254 2036 4311; x_wconf 89' lang='lat' dir='ltr'><strong>que</strong></span> <span class='ocrx_word' id='word_1_600' title='bbox 2060 4240 2247 4296; x_wconf 88' lang='lat' dir='ltr'><strong>vivens</strong></span> <span class='ocrx_word' id='word_1_601' title='bbox 2268 4242 2324 4297; x_wconf 89' lang='lat' dir='ltr'><strong>id</strong></span> <span class='ocrx_word' id='word_1_602' title='bbox 2354 4242 2515 4314; x_wconf 84' lang='lat' dir='ltr'><strong>gerit.</strong></span> <span class='ocrx_word' id='word_1_603' title='bbox 2542 4241 2602 4297; x_wconf 92' lang='lat' dir='ltr'><strong>Si</strong></span> <span class='ocrx_word' id='word_1_604' title='bbox 2625 4256 2731 4297; x_wconf 87' lang='lat' dir='ltr'><strong>non</strong></span> <span class='ocrx_word' id='word_1_605' title='bbox 2746 4243 2916 4297; x_wconf 83' lang='lat' dir='ltr'><strong>servit</strong></span> <span class='ocrx_word' id='word_1_606' title='bbox 2941 4256 3129 4297; x_wconf 89' lang='lat' dir='ltr'><strong>eorum</strong></span> <span class='ocrx_word' id='word_1_607' title='bbox 3154 4238 3378 4314; x_wconf 75' lang='lat' dir='ltr'><strong>gons,si</strong></span> <span class='ocrx_word' id='word_1_608' title='bbox 3404 4252 3514 4293; x_wconf 78' lang='lat' dir='ltr'><strong>non</strong></span> 
     </span>
    </p>
   </div>
   <div class='ocr_carea' id='block_1_82' title="bbox 1930 4333 3516 4406">
    <p class='ocr_par' dir='ltr' id='par_1_82' title="bbox 1930 4333 3516 4406">
     <span class='ocr_line' id='line_1_82' title="bbox 1930 4333 3516 4406; baseline -0.001 -19"><span class='ocrx_word' id='word_1_609' title='bbox 1930 4341 2339 4389; x_wconf 88' lang='lat' dir='ltr'><strong>excusaverunt</strong></span> <span class='ocrx_word' id='word_1_610' title='bbox 2370 4350 2529 4391; x_wconf 86' lang='lat' dir='ltr'><strong>suum</strong></span> <span class='ocrx_word' id='word_1_611' title='bbox 2568 4349 2783 4406; x_wconf 77' lang='lat' dir='ltr'><strong>regem,</strong></span> <span class='ocrx_word' id='word_1_612' title='bbox 2831 4335 2877 4391; x_wconf 91' lang='lat' dir='ltr'><strong>si</strong></span> <span class='ocrx_word' id='word_1_613' title='bbox 2924 4344 3011 4391; x_wconf 90' lang='lat' dir='ltr'><strong>est</strong></span> <span class='ocrx_word' id='word_1_614' title='bbox 3045 4350 3168 4390; x_wconf 90' lang='lat' dir='ltr'><strong>cum</strong></span> <span class='ocrx_word' id='word_1_615' title='bbox 3203 4333 3338 4404; x_wconf 89' lang='lat' dir='ltr'><strong>ipsis</strong></span> <span class='ocrx_word' id='word_1_616' title='bbox 3386 4346 3516 4402; x_wconf 86' lang='lat' dir='ltr'><strong>pro-</strong></span> 
     </span>
    </p>
   </div>
   <div class='ocr_carea' id='block_1_83' title="bbox 1932 4423 3521 4497">
    <p class='ocr_par' dir='ltr' id='par_1_83' title="bbox 1932 4423 3521 4497">
     <span class='ocr_line' id='line_1_83' title="bbox 1932 4423 3521 4497; baseline 0.001 -20"><span class='ocrx_word' id='word_1_617' title='bbox 1932 4423 2132 4492; x_wconf 86' lang='lat' dir='ltr'><strong>pheta;</strong></span> <span class='ocrx_word' id='word_1_618' title='bbox 2166 4438 2273 4479; x_wconf 91' lang='lat' dir='ltr'><strong>non</strong></span> <span class='ocrx_word' id='word_1_619' title='bbox 2304 4435 2388 4481; x_wconf 88' lang='lat' dir='ltr'><strong>est</strong></span> <span class='ocrx_word' id='word_1_620' title='bbox 2440 4425 2616 4482; x_wconf 84' lang='lat' dir='ltr'><strong>factus</strong></span> <span class='ocrx_word' id='word_1_621' title='bbox 2645 4426 2824 4481; x_wconf 87' lang='lat' dir='ltr'><strong>exitus</strong></span> <span class='ocrx_word' id='word_1_622' title='bbox 2852 4425 3251 4497; x_wconf 60' lang='lat' dir='ltr'><strong>praedicationis</strong></span> <span class='ocrx_word' id='word_1_623' title='bbox 3279 4424 3521 4495; x_wconf 87' lang='lat' dir='ltr'><strong>prophe-</strong></span> 
     </span>
    </p>
   </div>
   <div class='ocr_carea' id='block_1_84' title="bbox 1934 4512 3522 4582">
    <p class='ocr_par' dir='ltr' id='par_1_84' title="bbox 1934 4512 3522 4582">
     <span class='ocr_line' id='line_1_84' title="bbox 1934 4512 3522 4582; baseline 0.002 -15"><span class='ocrx_word' id='word_1_624' title='bbox 1934 4523 2133 4568; x_wconf 90' lang='lat' dir='ltr'><strong>tarum.</strong></span> <span class='ocrx_word' id='word_1_625' title='bbox 2167 4514 2226 4568; x_wconf 90' lang='lat' dir='ltr'><strong>Si</strong></span> <span class='ocrx_word' id='word_1_626' title='bbox 2262 4524 2443 4570; x_wconf 87' lang='lat' dir='ltr'><strong>autem</strong></span> <span class='ocrx_word' id='word_1_627' title='bbox 2473 4516 2669 4573; x_wconf 85' lang='lat' dir='ltr'><strong>civitas</strong></span> <span class='ocrx_word' id='word_1_628' title='bbox 2692 4533 2882 4573; x_wconf 90' lang='lat' dir='ltr'><strong>eorum</strong></span> <span class='ocrx_word' id='word_1_629' title='bbox 2912 4517 3130 4574; x_wconf 72' lang='lat' dir='ltr'><strong>deserta</strong></span> <span class='ocrx_word' id='word_1_630' title='bbox 3148 4526 3252 4582; x_wconf 86' lang='lat' dir='ltr'><strong>est,</strong></span> <span class='ocrx_word' id='word_1_631' title='bbox 3268 4514 3313 4572; x_wconf 88' lang='lat' dir='ltr'><strong>si</strong></span> <span class='ocrx_word' id='word_1_632' title='bbox 3345 4512 3522 4570; x_wconf 82' lang='lat' dir='ltr'><strong>altare</strong></span> 
     </span>
    </p>
   </div>
   <div class='ocr_carea' id='block_1_85' title="bbox 1925 4602 3516 4675">
    <p class='ocr_par' dir='ltr' id='par_1_85' title="bbox 1925 4602 3516 4675">
     <span class='ocr_line' id='line_1_85' title="bbox 1925 4602 3516 4675; baseline 0.002 -19"><span class='ocrx_word' id='word_1_633' title='bbox 1925 4602 2041 4675; x_wconf 87' lang='lat' dir='ltr'><strong>jam</strong></span> <span class='ocrx_word' id='word_1_634' title='bbox 2068 4618 2175 4659; x_wconf 90' lang='lat' dir='ltr'><strong>non</strong></span> <span class='ocrx_word' id='word_1_635' title='bbox 2205 4614 2290 4659; x_wconf 92' lang='lat' dir='ltr'><strong>est</strong></span> <span class='ocrx_word' id='word_1_636' title='bbox 2318 4606 2421 4672; x_wconf 90' lang='lat' dir='ltr'><strong>eis,</strong></span> <span class='ocrx_word' id='word_1_637' title='bbox 2469 4621 2572 4662; x_wconf 81' lang='lat' dir='ltr'><strong>non</strong></span> <span class='ocrx_word' id='word_1_638' title='bbox 2607 4608 2888 4672; x_wconf 86' lang='lat' dir='ltr'><strong>sacerdos,</strong></span> <span class='ocrx_word' id='word_1_639' title='bbox 2923 4622 3031 4662; x_wconf 90' lang='lat' dir='ltr'><strong>non</strong></span> <span class='ocrx_word' id='word_1_640' title='bbox 3075 4621 3196 4673; x_wconf 87' lang='lat' dir='ltr'><strong>rex,</strong></span> <span class='ocrx_word' id='word_1_641' title='bbox 3248 4620 3354 4660; x_wconf 91' lang='lat' dir='ltr'><strong>non</strong></span> <span class='ocrx_word' id='word_1_642' title='bbox 3391 4618 3516 4673; x_wconf 89' lang='lat' dir='ltr'><strong>pro-</strong></span> 
     </span>
    </p>
   </div>
   <div class='ocr_carea' id='block_1_86' title="bbox 1932 4690 3519 4767">
    <p class='ocr_par' dir='ltr' id='par_1_86' title="bbox 1932 4690 3519 4767">
     <span class='ocr_line' id='line_1_86' title="bbox 1932 4690 3519 4767; baseline 0.002 -24"><span class='ocrx_word' id='word_1_643' title='bbox 1932 4693 2116 4760; x_wconf 86' lang='lat' dir='ltr'><strong>pheta.</strong></span> <span class='ocrx_word' id='word_1_644' title='bbox 2154 4706 2261 4747; x_wconf 90' lang='lat' dir='ltr'><strong>non</strong></span> <span class='ocrx_word' id='word_1_645' title='bbox 2290 4694 2543 4764; x_wconf 78' lang='lat' dir='ltr'><strong>spiritus;</strong></span> <span class='ocrx_word' id='word_1_646' title='bbox 2570 4709 2670 4766; x_wconf 85' lang='lat' dir='ltr'><strong>per</strong></span> <span class='ocrx_word' id='word_1_647' title='bbox 2691 4710 2852 4765; x_wconf 90' lang='lat' dir='ltr'><strong>quem</strong></span> <span class='ocrx_word' id='word_1_648' title='bbox 2886 4694 3027 4751; x_wconf 77' lang='lat' dir='ltr'><strong>ista?</strong></span> <span class='ocrx_word' id='word_1_649' title='bbox 3058 4693 3115 4749; x_wconf 88' lang='lat' dir='ltr'><strong>Si</strong></span> <span class='ocrx_word' id='word_1_650' title='bbox 3148 4702 3332 4749; x_wconf 89' lang='lat' dir='ltr'><strong>autem</strong></span> <span class='ocrx_word' id='word_1_651' title='bbox 3357 4701 3415 4747; x_wconf 89' lang='lat' dir='ltr'><strong>et</strong></span> <span class='ocrx_word' id='word_1_652' title='bbox 3436 4690 3519 4767; x_wconf 89' lang='lat' dir='ltr'><strong>di-</strong></span> 
     </span>
    </p>
   </div>
   <div class='ocr_carea' id='block_1_87' title="bbox 1932 4782 3522 4856">
    <p class='ocr_par' dir='ltr' id='par_1_87' title="bbox 1932 4782 3522 4856">
     <span class='ocr_line' id='line_1_87' title="bbox 1932 4782 3522 4856; baseline 0.003 -23"><span class='ocrx_word' id='word_1_653' title='bbox 1932 4790 2086 4834; x_wconf 82' lang='lat' dir='ltr'><strong>catur</strong></span> <span class='ocrx_word' id='word_1_654' title='bbox 2110 4788 2179 4837; x_wconf 84' lang='lat' dir='ltr'><strong>ab</strong></span> <span class='ocrx_word' id='word_1_655' title='bbox 2209 4782 2290 4837; x_wconf 90' lang='lat' dir='ltr'><strong>eis</strong></span> <span class='ocrx_word' id='word_1_656' title='bbox 2323 4784 2678 4855; x_wconf 87' lang='lat' dir='ltr'><strong>impudenter,</strong></span> <span class='ocrx_word' id='word_1_657' title='bbox 2728 4786 2855 4856; x_wconf 83' lang='lat' dir='ltr'><strong>quia</strong></span> <span class='ocrx_word' id='word_1_658' title='bbox 2882 4785 3157 4843; x_wconf 86' lang='lat' dir='ltr'><strong>civitatem</strong></span> <span class='ocrx_word' id='word_1_659' title='bbox 3207 4798 3393 4841; x_wconf 85' lang='lat' dir='ltr'><strong>eorum</strong></span> <span class='ocrx_word' id='word_1_660' title='bbox 3419 4782 3522 4838; x_wconf 87' lang='lat' dir='ltr'><strong>de—</strong></span> 
     </span>
    </p>
   </div>
   <div class='ocr_carea' id='block_1_88' title="bbox 1932 4869 3519 4943">
    <p class='ocr_par' dir='ltr' id='par_1_88' title="bbox 1932 4869 3519 4943">
     <span class='ocr_line' id='line_1_88' title="bbox 1932 4869 3519 4943; baseline 0.002 -18"><span class='ocrx_word' id='word_1_661' title='bbox 1932 4878 2250 4927; x_wconf 89' lang='lat' dir='ltr'><strong>struxerunt</strong></span> <span class='ocrx_word' id='word_1_662' title='bbox 2296 4869 2585 4943; x_wconf 85' lang='lat' dir='ltr'><strong>homines;</strong></span> <span class='ocrx_word' id='word_1_663' title='bbox 2619 4885 2801 4932; x_wconf 90' lang='lat' dir='ltr'><strong>utrum</strong></span> <span class='ocrx_word' id='word_1_664' title='bbox 2841 4876 3179 4933; x_wconf 89' lang='lat' dir='ltr'><strong>concedente</strong></span> <span class='ocrx_word' id='word_1_665' title='bbox 3209 4874 3322 4931; x_wconf 85' lang='lat' dir='ltr'><strong>Deo</strong></span> <span class='ocrx_word' id='word_1_666' title='bbox 3353 4882 3411 4929; x_wconf 89' lang='lat' dir='ltr'><strong>et</strong></span> <span class='ocrx_word' id='word_1_667' title='bbox 3441 4872 3519 4928; x_wconf 80' lang='lat' dir='ltr'><strong>ita</strong></span> 
     </span>
    </p>
   </div>
   <div class='ocr_carea' id='block_1_89' title="bbox 1932 4962 3523 5037">
    <p class='ocr_par' dir='ltr' id='par_1_89' title="bbox 1932 4962 3523 5037">
     <span class='ocr_line' id='line_1_89' title="bbox 1932 4962 3523 5037; baseline -0.009 -6"><span class='ocrx_word' id='word_1_668' title='bbox 1932 4962 2302 5030; x_wconf 84' lang='lat' dir='ltr'><strong>Permittente,</strong></span> <span class='ocrx_word' id='word_1_669' title='bbox 2337 4965 2510 5036; x_wconf 87' lang='lat' dir='ltr'><strong>magis</strong></span> <span class='ocrx_word' id='word_1_670' title='bbox 2541 4974 2725 5021; x_wconf 88' lang='lat' dir='ltr'><strong>autem</strong></span> <span class='ocrx_word' id='word_1_671' title='bbox 2769 4965 3127 5037; x_wconf 76' lang='lat' dir='ltr'><strong>indignante?</strong></span> <span class='ocrx_word' id='word_1_672' title='bbox 3147 4965 3337 5020; x_wconf 88' lang='lat' dir='ltr'><strong>dicant</strong></span> <span class='ocrx_word' id='word_1_673' title='bbox 3385 4979 3523 5019; x_wconf 89' lang='lat' dir='ltr'><strong>cau-</strong></span> 
     </span>
    </p>
   </div>
   <div class='ocr_carea' id='block_1_90' title="bbox 1934 5054 3522 5127">
    <p class='ocr_par' dir='ltr' id='par_1_90' title="bbox 1934 5054 3522 5127">
     <span class='ocr_line' id='line_1_90' title="bbox 1934 5054 3522 5127; baseline 0.003 -24"><span class='ocrx_word' id='word_1_674' title='bbox 1934 5063 2049 5103; x_wconf 89' lang='lat' dir='ltr'><strong>sam</strong></span> <span class='ocrx_word' id='word_1_675' title='bbox 2099 5055 2325 5119; x_wconf 83' lang='lat' dir='ltr'><strong>peceati.</strong></span> <span class='ocrx_word' id='word_1_676' title='bbox 2356 5054 2524 5111; x_wconf 85' lang='lat' dir='ltr'><strong>Putas</strong></span> <span class='ocrx_word' id='word_1_677' title='bbox 2549 5066 2771 5127; x_wconf 89' lang='lat' dir='ltr'><strong>propter</strong></span> <span class='ocrx_word' id='word_1_678' title='bbox 2801 5055 3207 5112; x_wconf 76' lang='lat' dir='ltr'><strong>idololatriam!</strong></span> <span class='ocrx_word' id='word_1_679' title='bbox 3257 5064 3316 5111; x_wconf 85' lang='lat' dir='ltr'><strong>et</strong></span> <span class='ocrx_word' id='word_1_680' title='bbox 3370 5062 3522 5109; x_wconf 77' lang='lat' dir='ltr'><strong>certe</strong></span> 
     </span>
    </p>
   </div>
   <div class='ocr_carea' id='block_1_91' title="bbox 1933 5144 3521 5220">
    <p class='ocr_par' dir='ltr' id='par_1_91' title="bbox 1933 5144 3521 5220">
     <span class='ocr_line' id='line_1_91' title="bbox 1933 5144 3521 5220; baseline 0.004 -25"><span class='ocrx_word' id='word_1_681' title='bbox 1933 5156 2078 5198; x_wconf 87' lang='lat' dir='ltr'><strong>nunc</strong></span> <span class='ocrx_word' id='word_1_682' title='bbox 2106 5144 2247 5200; x_wconf 88' lang='lat' dir='ltr'><strong>idola</strong></span> <span class='ocrx_word' id='word_1_683' title='bbox 2276 5161 2385 5203; x_wconf 91' lang='lat' dir='ltr'><strong>non</strong></span> <span class='ocrx_word' id='word_1_684' title='bbox 2424 5147 2629 5204; x_wconf 90' lang='lat' dir='ltr'><strong>colunt.</strong></span> <span class='ocrx_word' id='word_1_685' title='bbox 2664 5147 2772 5205; x_wconf 86' lang='lat' dir='ltr'><strong>Sed</strong></span> <span class='ocrx_word' id='word_1_686' title='bbox 2803 5149 2931 5220; x_wconf 87' lang='lat' dir='ltr'><strong>quia</strong></span> <span class='ocrx_word' id='word_1_687' title='bbox 2974 5150 3269 5218; x_wconf 85' lang='lat' dir='ltr'><strong>prophetas</strong></span> <span class='ocrx_word' id='word_1_688' title='bbox 3296 5147 3521 5203; x_wconf 87' lang='lat' dir='ltr'><strong>occide-</strong></span> 
     </span>
    </p>
   </div>
   <div class='ocr_carea' id='block_1_92' title="bbox 245 5219 1829 5308">
    <p class='ocr_par' dir='ltr' id='par_1_92' title="bbox 245 5219 1828 5290">
     <span class='ocr_line' id='line_1_92' title="bbox 245 5219 1828 5290; baseline 0.002 -15"><span class='ocrx_word' id='word_1_689' title='bbox 245 5220 445 5275; x_wconf 70' lang='grc' dir='ltr'><strong>πιοηιὶ</strong></span> <span class='ocrx_word' id='word_1_690' title='bbox 481 5235 584 5274; x_wconf 82' lang='lat' dir='ltr'><strong>non</strong></span> <span class='ocrx_word' id='word_1_691' title='bbox 612 5226 913 5290; x_wconf 76' lang='lat' dir='ltr'><strong>resurgunt,</strong></span> <span class='ocrx_word' id='word_1_692' title='bbox 938 5236 1106 5289; x_wconf 80' lang='lat' dir='ltr'><strong>neque</strong></span> <span class='ocrx_word' id='word_1_693' title='bbox 1150 5219 1392 5275; x_wconf 78' lang='lat' dir='ltr'><strong>Christus</strong></span> <span class='ocrx_word' id='word_1_694' title='bbox 1419 5223 1705 5276; x_wconf 72' lang='lat' dir='ltr'><strong>resurrexit</strong></span> <span class='ocrx_word' id='word_1_695' title='bbox 1732 5221 1777 5253; x_wconf 86' lang='lat'>“</span> <span class='ocrx_word' id='word_1_696' title='bbox 1813 5241 1828 5278; x_wconf 89' lang='lat'><strong>:</strong></span> 
     </span>
    </p>
   </div>
   <div class='ocr_carea' id='block_1_93' title="bbox 1931 5219 3521 5308">
    <p class='ocr_par' dir='ltr' id='par_1_93' title="bbox 1939 5219 3521 5308">
     <span class='ocr_line' id='line_1_93' title="bbox 1939 5219 3521 5308; baseline 0.005 -21"><span class='ocrx_word' id='word_1_697' title='bbox 1939 5242 2066 5288; x_wconf 92' lang='lat' dir='ltr'><strong>runt</strong></span> <span class='ocrx_word' id='word_1_698' title='bbox 2119 5236 2449 5308; x_wconf 74' lang='lat' dir='ltr'><strong>aliquando?</strong></span> <span class='ocrx_word' id='word_1_699' title='bbox 2481 5248 2537 5295; x_wconf 92' lang='lat' dir='ltr'><strong>et</strong></span> <span class='ocrx_word' id='word_1_700' title='bbox 2593 5250 2741 5297; x_wconf 89' lang='lat' dir='ltr'><strong>certe</strong></span> <span class='ocrx_word' id='word_1_701' title='bbox 2790 5219 2918 5296; x_wconf 85' lang='lat' dir='ltr'><strong>cum</strong></span> <span class='ocrx_word' id='word_1_702' title='bbox 2966 5254 3061 5296; x_wconf 87' lang='lat' dir='ltr'><strong>eos</strong></span> <span class='ocrx_word' id='word_1_703' title='bbox 3121 5238 3521 5302; x_wconf 76' lang='lat' dir='ltr'><strong>interﬁcerent.</strong></span> 
     </span>
    </p>
   </div>
   <div class='ocr_carea' id='block_1_94' title="bbox 246 5309 1827 5375">
    <p class='ocr_par' dir='ltr' id='par_1_94' title="bbox 246 5309 1827 5375">
     <span class='ocr_line' id='line_1_94' title="bbox 246 5309 1827 5375; baseline 0.004 -10"><span class='ocrx_word' id='word_1_704' title='bbox 246 5318 312 5365; x_wconf 88' lang='lat' dir='ltr'><strong>ut</strong></span> <span class='ocrx_word' id='word_1_705' title='bbox 340 5324 410 5366; x_wconf 84' lang='lat' dir='ltr'><strong>ex</strong></span> <span class='ocrx_word' id='word_1_706' title='bbox 444 5310 544 5365; x_wconf 93' lang='lat' dir='ltr'><strong>hoc</strong></span> <span class='ocrx_word' id='word_1_707' title='bbox 571 5309 916 5365; x_wconf 87' lang='lat' dir='ltr'><strong>manifestum</strong></span> <span class='ocrx_word' id='word_1_708' title='bbox 948 5311 1040 5375; x_wconf 91' lang='lat' dir='ltr'><strong>sit,</strong></span> <span class='ocrx_word' id='word_1_709' title='bbox 1067 5311 1346 5367; x_wconf 88' lang='lat' dir='ltr'><strong>hominum</strong></span> <span class='ocrx_word' id='word_1_710' title='bbox 1375 5315 1827 5371; x_wconf 88' lang='lat' dir='ltr'><strong>resurrectionem</strong></span> 
     </span>
    </p>
   </div>
   <div class='ocr_carea' id='block_1_95' title="bbox 247 5402 1826 5479">
    <p class='ocr_par' dir='ltr' id='par_1_95' title="bbox 247 5402 1826 5479">
     <span class='ocr_line' id='line_1_95' title="bbox 247 5402 1826 5479; baseline 0.005 -22"><span class='ocrx_word' id='word_1_711' title='bbox 247 5403 405 5474; x_wconf 86' lang='lat' dir='ltr'><strong>sequi</strong></span> <span class='ocrx_word' id='word_1_712' title='bbox 435 5402 647 5458; x_wconf 91' lang='lat' dir='ltr'><strong>Domini</strong></span> <span class='ocrx_word' id='word_1_713' title='bbox 676 5403 1154 5461; x_wconf 85' lang='lat' dir='ltr'><strong>resurrectionem.</strong></span> <span class='ocrx_word' id='word_1_714' title='bbox 1191 5404 1255 5461; x_wconf 86' lang='lat' dir='ltr'><strong>Et</strong></span> <span class='ocrx_word' id='word_1_715' title='bbox 1310 5405 1578 5462; x_wconf 88' lang='lat' dir='ltr'><strong>mirabilia</strong></span> <span class='ocrx_word' id='word_1_716' title='bbox 1606 5408 1826 5479; x_wconf 89' lang='lat' dir='ltr'><strong>quidem</strong></span> 
     </span>
    </p>
   </div>
   <div class='ocr_carea' id='block_1_96' title="bbox 321 5513 1410 5585">
    <p class='ocr_par' dir='ltr' id='par_1_96' title="bbox 321 5513 1410 5585">
     <span class='ocr_line' id='line_1_96' title="bbox 321 5513 1410 5585; baseline 0.005 -14"><span class='ocrx_word' id='word_1_717' title='bbox 321 5514 371 5549; x_wconf 78' lang='grc'><strong>⁸⁸</strong></span> <span class='ocrx_word' id='word_1_718' title='bbox 402 5513 563 5572; x_wconf 81' lang='lat' dir='ltr'><strong>Rom.</strong></span> <span class='ocrx_word' id='word_1_719' title='bbox 595 5532 715 5583; x_wconf 86' lang='lat' dir='ltr'><strong>vttt,</strong></span> <span class='ocrx_word' id='word_1_720' title='bbox 752 5518 841 5573; x_wconf 81' lang='lat' dir='ltr'><strong>l7.</strong></span> <span class='ocrx_word' id='word_1_721' title='bbox 938 5518 981 5549; x_wconf 78' lang='lat'>“</span> <span class='ocrx_word' id='word_1_722' title='bbox 1006 5514 1024 5570; x_wconf 91' lang='lat' dir='ltr'><strong>l</strong></span> <span class='ocrx_word' id='word_1_723' title='bbox 1051 5516 1179 5574; x_wconf 89' lang='lat' dir='ltr'><strong>Cor.</strong></span> <span class='ocrx_word' id='word_1_724' title='bbox 1204 5534 1295 5585; x_wconf 82' lang='lat' dir='ltr'><strong>xv,</strong></span> <span class='ocrx_word' id='word_1_725' title='bbox 1322 5519 1410 5576; x_wconf 74' lang='grc' dir='ltr'><strong>ιϐ.</strong></span> 
     </span>
    </p>
   </div>
   <div class='ocr_carea' id='block_1_97' title="bbox 347 5650 1548 5796">
    <p class='ocr_par' dir='ltr' id='par_1_97' title="bbox 347 5650 1548 5796">
     <span class='ocr_line' id='line_1_97' title="bbox 347 5650 1548 5796; baseline 0.007 -89"><span class='ocrx_word' id='word_1_726' title='bbox 347 5651 441 5796; x_wconf 49' lang='lat'><strong>53;</strong></span> <span class='ocrx_word' id='word_1_727' title='bbox 469 5650 572 5709; x_wconf 68' lang='lat' dir='ltr'><strong>Ms.</strong></span> <span class='ocrx_word' id='word_1_728' title='bbox 604 5652 713 5709; x_wconf 83' lang='lat' dir='ltr'><strong>Per</strong></span> <span class='ocrx_word' id='word_1_729' title='bbox 735 5670 888 5727; x_wconf 81' lang='lat' dir='ltr'><strong>quem</strong></span> <span class='ocrx_word' id='word_1_730' title='bbox 914 5662 1125 5710; x_wconf 81' lang='lat' dir='ltr'><strong>mortua</strong></span> <span class='ocrx_word' id='word_1_731' title='bbox 1145 5657 1353 5728; x_wconf 81' lang='lat' dir='ltr'><strong>quidem</strong></span> <span class='ocrx_word' id='word_1_732' title='bbox 1386 5675 1548 5716; x_wconf 79' lang='lat' dir='ltr'><strong>mors.</strong></span> 
     </span>
     <span class='ocr_line' id='line_1_98' title="bbox 347 5720 1548 5787; baseline 0.007 -9"><span class='ocrx_word' id='word_1_733' title='bbox 347 5720 416 5778; x_wconf 72' lang='grc' dir='ltr'><strong><em>ιι</em></strong></span> <span class='ocrx_word' id='word_1_734' title='bbox 488 5722 591 5778; x_wconf 69' lang='lat' dir='ltr'><strong>Is.</strong></span> <span class='ocrx_word' id='word_1_735' title='bbox 643 5722 913 5780; x_wconf 72' lang='lat' dir='ltr'><strong>Prolixius</strong></span> <span class='ocrx_word' id='word_1_736' title='bbox 936 5728 1073 5780; x_wconf 82' lang='lat' dir='ltr'><strong>enim</strong></span> <span class='ocrx_word' id='word_1_737' title='bbox 1128 5740 1175 5782; x_wconf 87' lang='lat' dir='ltr'><strong>et</strong></span> <span class='ocrx_word' id='word_1_738' title='bbox 1210 5729 1386 5783; x_wconf 79' lang='lat' dir='ltr'><strong>lumen</strong></span> <span class='ocrx_word' id='word_1_739' title='bbox 1427 5733 1548 5787; x_wconf 76' lang='lat' dir='ltr'><strong>habt</strong></span> 
     </span>
    </p>
   </div>
   <div class='ocr_carea' id='block_1_98' title="bbox 343 5720 1836 5792">
    <p class='ocr_par' dir='ltr' id='par_1_98' title="bbox 343 5720 1836 5792">
     <span class='ocr_line' id='line_1_99' title="bbox 343 5720 1836 5792; baseline 0.01 -15"><span class='ocrx_word' id='word_1_740' title='bbox 343 5720 441 5792; x_wconf 60' lang='grc' dir='ltr'><strong>Ἠ)</strong></span> <span class='ocrx_word' id='word_1_741' title='bbox 488 5722 591 5778; x_wconf 69' lang='lat' dir='ltr'><strong>Is.</strong></span> <span class='ocrx_word' id='word_1_742' title='bbox 643 5720 913 5780; x_wconf 72' lang='lat' dir='ltr'><strong>Prolixius</strong></span> <span class='ocrx_word' id='word_1_743' title='bbox 936 5728 1073 5780; x_wconf 82' lang='lat' dir='ltr'><strong>enim</strong></span> <span class='ocrx_word' id='word_1_744' title='bbox 1128 5720 1175 5782; x_wconf 71' lang='lat' dir='ltr'><strong>et</strong></span> <span class='ocrx_word' id='word_1_745' title='bbox 1210 5729 1386 5783; x_wconf 79' lang='lat' dir='ltr'><strong>lumen</strong></span> <span class='ocrx_word' id='word_1_746' title='bbox 1427 5733 1671 5790; x_wconf 71' lang='lat' dir='ltr'><strong>habetur.</strong></span> <span class='ocrx_word' id='word_1_747' title='bbox 1700 5732 1836 5792; x_wconf 80' lang='lat' dir='ltr'><strong>Pro-</strong></span> 
     </span>
    </p>
   </div>
   <div class='ocr_carea' id='block_1_99' title="bbox 250 5789 1420 5868">
    <p class='ocr_par' dir='ltr' id='par_1_99' title="bbox 250 5789 1420 5868">
     <span class='ocr_line' id='line_1_100' title="bbox 250 5789 1420 5868; baseline 0.003 -16"><span class='ocrx_word' id='word_1_748' title='bbox 250 5789 647 5868; x_wconf 73' lang='lat' dir='ltr'><strong>etiim</strong></span> <span class='ocrx_word' id='word_1_749' title='bbox 684 5804 813 5849; x_wconf 90' lang='lat' dir='ltr'><strong>tunc</strong></span> <span class='ocrx_word' id='word_1_750' title='bbox 838 5797 955 5851; x_wconf 85' lang='lat' dir='ltr'><strong>dies</strong></span> <span class='ocrx_word' id='word_1_751' title='bbox 982 5810 1103 5853; x_wconf 81' lang='lat' dir='ltr'><strong>esse</strong></span> <span class='ocrx_word' id='word_1_752' title='bbox 1134 5798 1420 5868; x_wconf 85' lang='lat' dir='ltr'><strong>incipiunt.</strong></span> 
     </span>
    </p>
   </div>
   <div class='ocr_carea' id='block_1_100' title="bbox 341 5860 911 5922">
    <p class='ocr_par' dir='ltr' id='par_1_100' title="bbox 341 5860 911 5922">
     <span class='ocr_line' id='line_1_101' title="bbox 341 5860 911 5922; baseline -0.002 0"><span class='ocrx_word' id='word_1_753' title='bbox 341 5860 436 5922; x_wconf 58' lang='grc'><strong>15)</strong></span> <span class='ocrx_word' id='word_1_754' title='bbox 469 5862 570 5919; x_wconf 77' lang='lat' dir='ltr'><strong>Ils.</strong></span> <span class='ocrx_word' id='word_1_755' title='bbox 600 5863 911 5922; x_wconf 79' lang='lat' dir='ltr'><strong>Lucescunt.</strong></span> 
     </span>
    </p>
   </div>
   <div class='ocr_carea' id='block_1_101' title="bbox 320 5862 1301 6007">
    <p class='ocr_par' dir='ltr' id='par_1_101' title="bbox 320 5862 1301 6007">
     <span class='ocr_line' id='line_1_102' title="bbox 341 5862 1264 5922; baseline 0.001 -1"><span class='ocrx_word' id='word_1_756' title='bbox 341 5862 415 5921; x_wconf 73' lang='grc'><strong>45</strong></span> <span class='ocrx_word' id='word_1_757' title='bbox 469 5862 570 5919; x_wconf 77' lang='lat' dir='ltr'><strong>Ils.</strong></span> <span class='ocrx_word' id='word_1_758' title='bbox 600 5863 911 5922; x_wconf 79' lang='lat' dir='ltr'><strong>Lucescunt.</strong></span> <span class='ocrx_word' id='word_1_759' title='bbox 1248 5862 1264 5868; x_wconf 82' lang='grc'><em>’</em></span> 
     </span>
     <span class='ocr_line' id='line_1_103' title="bbox 320 5862 1301 6007; baseline 0.005 -18"><span class='ocrx_word' id='word_1_760' title='bbox 320 5862 437 6007; x_wconf 53' lang='grc' dir='ltr'><strong>ίωζ</strong></span> <span class='ocrx_word' id='word_1_761' title='bbox 479 5930 783 5995; x_wconf 76' lang='lat' dir='ltr'><strong>Suscitauit.</strong></span> <span class='ocrx_word' id='word_1_762' title='bbox 820 5935 984 5994; x_wconf 79' lang='lat' dir='ltr'><strong>Forte</strong></span> <span class='ocrx_word' id='word_1_763' title='bbox 1003 5938 1301 5995; x_wconf 74' lang='lat' dir='ltr'><strong>suscitabit.</strong></span> 
     </span>
    </p>
   </div>
   <div class='ocr_carea' id='block_1_102' title="bbox 1941 5323 3523 5402">
    <p class='ocr_par' dir='ltr' id='par_1_102' title="bbox 1941 5323 3523 5402">
     <span class='ocr_line' id='line_1_104' title="bbox 1941 5323 3523 5402; baseline 0.003 -24"><span class='ocrx_word' id='word_1_764' title='bbox 1941 5323 2259 5383; x_wconf 83' lang='lat' dir='ltr'><strong>habitabant</strong></span> <span class='ocrx_word' id='word_1_765' title='bbox 2279 5329 2560 5385; x_wconf 87' lang='lat' dir='ltr'><strong>civitatem</strong></span> <span class='ocrx_word' id='word_1_766' title='bbox 2602 5345 2779 5387; x_wconf 86' lang='lat' dir='ltr'><strong>suam.</strong></span> <span class='ocrx_word' id='word_1_767' title='bbox 2808 5329 2917 5386; x_wconf 89' lang='lat' dir='ltr'><strong>Sed</strong></span> <span class='ocrx_word' id='word_1_768' title='bbox 2938 5332 3065 5399; x_wconf 89' lang='lat' dir='ltr'><strong>quia</strong></span> <span class='ocrx_word' id='word_1_769' title='bbox 3096 5330 3354 5402; x_wconf 88' lang='lat' dir='ltr'><strong>templum</strong></span> <span class='ocrx_word' id='word_1_770' title='bbox 3386 5342 3523 5384; x_wconf 81' lang='lat' dir='ltr'><strong>con-</strong></span> 
     </span>
    </p>
   </div>
   <div class='ocr_carea' id='block_1_103' title="bbox 1935 5417 3529 5493">
    <p class='ocr_par' dir='ltr' id='par_1_103' title="bbox 1935 5417 3529 5493">
     <span class='ocr_line' id='line_1_105' title="bbox 1935 5417 3529 5493; baseline 0.004 -23"><span class='ocrx_word' id='word_1_771' title='bbox 1935 5417 2271 5476; x_wconf 87' lang='lat' dir='ltr'><strong>taminarunt</strong></span> <span class='ocrx_word' id='word_1_772' title='bbox 2291 5420 2617 5493; x_wconf 75' lang='lat' dir='ltr'><strong>aliquando?</strong></span> <span class='ocrx_word' id='word_1_773' title='bbox 2643 5430 2701 5479; x_wconf 88' lang='lat' dir='ltr'><strong>et</strong></span> <span class='ocrx_word' id='word_1_774' title='bbox 2720 5431 2868 5479; x_wconf 83' lang='lat' dir='ltr'><strong>certe</strong></span> <span class='ocrx_word' id='word_1_775' title='bbox 2896 5424 3327 5479; x_wconf 86' lang='lat' dir='ltr'><strong>contaminantes</strong></span> <span class='ocrx_word' id='word_1_776' title='bbox 3356 5418 3529 5477; x_wconf 81' lang='lat' dir='ltr'><strong>habe-</strong></span> 
     </span>
    </p>
   </div>
   <div class='ocr_carea' id='block_1_104' title="bbox 2037 5669 2815 5741">
    <p class='ocr_par' dir='ltr' id='par_1_104' title="bbox 2037 5669 2815 5741">
     <span class='ocr_line' id='line_1_106' title="bbox 2037 5669 2815 5741; baseline 0.005 -17"><span class='ocrx_word' id='word_1_777' title='bbox 2037 5669 2151 5739; x_wconf 71' lang='grc'><strong>46⁸)</strong></span> <span class='ocrx_word' id='word_1_778' title='bbox 2179 5670 2278 5727; x_wconf 73' lang='lat' dir='ltr'><strong>Ms.</strong></span> <span class='ocrx_word' id='word_1_779' title='bbox 2302 5670 2371 5727; x_wconf 85' lang='lat' dir='ltr'><strong>Ut</strong></span> <span class='ocrx_word' id='word_1_780' title='bbox 2403 5684 2815 5741; x_wconf 78' lang='lat' dir='ltr'><strong>cognosceretur.</strong></span> 
     </span>
    </p>
   </div>
   <div class='ocr_carea' id='block_1_105' title="bbox 2042 5733 3525 5815">
    <p class='ocr_par' dir='ltr' id='par_1_105' title="bbox 2042 5733 3525 5815">
     <span class='ocr_line' id='line_1_107' title="bbox 2042 5733 3525 5815; baseline 0 -20"><span class='ocrx_word' id='word_1_781' title='bbox 2042 5733 2142 5815; x_wconf 67' lang='grc' dir='ltr'><strong>ιη’</strong></span> <span class='ocrx_word' id='word_1_782' title='bbox 2162 5814 2165 5815; x_wconf 15' lang='grc' dir='ltr'><em>ν</em></span> <span class='ocrx_word' id='word_1_783' title='bbox 2188 5743 2288 5799; x_wconf 68' lang='lat' dir='ltr'><strong>his.</strong></span> <span class='ocrx_word' id='word_1_784' title='bbox 2334 5733 2651 5815; x_wconf 64' lang='lat' dir='ltr'><strong>Confessi!“</strong></span> <span class='ocrx_word' id='word_1_785' title='bbox 2678 5763 2703 5802; x_wconf 67' lang='grc' dir='ltr'><em>τ</em></span> <span class='ocrx_word' id='word_1_786' title='bbox 2730 5744 2901 5814; x_wconf 88' lang='lat' dir='ltr'><strong>aperti</strong></span> <span class='ocrx_word' id='word_1_787' title='bbox 2936 5753 2992 5799; x_wconf 92' lang='lat' dir='ltr'><strong>et</strong></span> <span class='ocrx_word' id='word_1_788' title='bbox 3022 5742 3265 5815; x_wconf 83' lang='lat' dir='ltr'><strong>professi</strong></span> <span class='ocrx_word' id='word_1_789' title='bbox 3295 5733 3525 5815; x_wconf 77' lang='lat' dir='ltr'><strong>inimici,</strong></span> 
     </span>
    </p>
   </div>
   <div class='ocr_carea' id='block_1_106' title="bbox 1940 5812 3529 5952">
    <p class='ocr_par' dir='ltr' id='par_1_106' title="bbox 1940 5812 3529 5952">
     <span class='ocr_line' id='line_1_108' title="bbox 1940 5812 3529 5887; baseline 0.001 -19"><span class='ocrx_word' id='word_1_790' title='bbox 1940 5812 2079 5868; x_wconf 89' lang='lat' dir='ltr'><strong>infra</strong></span> <span class='ocrx_word' id='word_1_791' title='bbox 2116 5812 2208 5868; x_wconf 87' lang='lat' dir='ltr'><strong>lib.</strong></span> <span class='ocrx_word' id='word_1_792' title='bbox 2238 5830 2275 5881; x_wconf 90' lang='lat' dir='ltr'><strong>t,</strong></span> <span class='ocrx_word' id='word_1_793' title='bbox 2305 5816 2370 5868; x_wconf 84' lang='lat' dir='ltr'><strong>de</strong></span> <span class='ocrx_word' id='word_1_794' title='bbox 2396 5812 2715 5887; x_wconf 62' lang='lat' dir='ltr'><strong>incorporati</strong></span> <span class='ocrx_word' id='word_1_795' title='bbox 2741 5812 2861 5887; x_wconf 83' lang='lat' dir='ltr'><strong>post</strong></span> <span class='ocrx_word' id='word_1_796' title='bbox 2889 5812 3039 5872; x_wconf 66' lang='lat' dir='ltr'><strong>med.</strong></span> <span class='ocrx_word' id='word_1_797' title='bbox 3076 5831 3246 5871; x_wconf 76' lang='lat' dir='ltr'><strong>nonae</strong></span> <span class='ocrx_word' id='word_1_798' title='bbox 3272 5813 3529 5884; x_wconf 72' lang='lat' dir='ltr'><strong>confessi-</strong></span> 
     </span>
     <span class='ocr_line' id='line_1_109' title="bbox 1942 5884 2301 5952; baseline 0.003 -14"><span class='ocrx_word' id='word_1_799' title='bbox 1942 5884 2041 5939; x_wconf 69' lang='lat' dir='ltr'><strong>bile</strong></span> <span class='ocrx_word' id='word_1_800' title='bbox 2068 5894 2171 5952; x_wconf 77' lang='lat' dir='ltr'><strong>est,</strong></span> <span class='ocrx_word' id='word_1_801' title='bbox 2195 5892 2301 5941; x_wconf 79' lang='lat' dir='ltr'><strong>etc.</strong></span> 
     </span>
    </p>
   </div>
  </div>
