4000 6476
531 438 675 497 1095

1235 434 1502 494 EUSEBI]
1538 431 2010 491 CESARIENSIS
2045 430 2110 486 01

2236 428 2417 484 PARS
2454 427 2549 487 IV.
2587 458 2659 470 —
2695 425 3123 484 DOGMATICA.

3662 422 3798 484 ιωι

531 556 685 614 bant.
716 554 846 625 Quae
865 568 1000 625 ergo
1022 568 1181 610 causa
1204 564 1368 611 estut
1390 555 1468 609 ira
1498 555 1759 609 adversus
1787 567 1883 609 eos
1912 552 1984 607 sit
2008 550 2098 605 Dei
2128 556 2174 612 Α
2202 564 2307 616 res,
2330 559 2377 603 et
2400 549 2531 615 ipsa
2563 548 2841 615 fornicata:
2860 555 2984 600 sunt
3017 561 3072 599 in
3089 541 3321 613 .Eggpto
3350 541 3407 595 is
3432 540 3797 596 adolescentis

534 618 823 696 nunciﬂt
869 618 1015 699 certe
1059 640 1352 693 secundum
1408 640 1645 707 ipsorum
1676 651 1985 693 sermonem
2035 645 2096 688 ut

538 735 705 793 aiunt,
740 733 944 784 utinam
976 729 1264 785 videamur
1316 731 1722 799 religiositatem
1767 729 1994 785 fecisse!
2046 726 2103 782 Si

534 822 676 875 enim
710 818 1003 873 solventem
1030 819 1223 887 legem,
1270 828 1326 872 et
1370 821 1435 873 de
1464 820 1577 889 lege
1602 826 1786 872 contra
1819 817 2103 873 facientem

534 910 849 963 invenerunt
881 908 1160 961 Dominum
1185 905 1461 969 Jesnm,et
1482 922 1586 961 non
1621 907 1842 969 invidia,
1870 907 1961 960 sed
1987 907 2104 960 selo

534 1014 631 1069 pro
671 1000 787 1068 lege
818 998 1103 1051 aﬂlxerttnt
1132 998 1279 1051 cruci
1317 1014 1331 1052 :
1365 996 1649 1066 oportebat
1684 997 1853 1050 Deum
1897 1006 1953 1048 et
2000 997 2105 1050 alia

533 1088 616 1144 eis
648 1099 869 1159 peccata
902 1088 1171 1140 dimittere
1196 1088 1363 1155 magis
1389 1098 1609 1155 propter
1633 1085 1787 1139 istam
1814 1085 2105 1153 justitiam,

534 1196 695 1253 qnam
721 1197 862 1236 nunc
882 1182 1063 1237 eosita
1094 1182 1299 1249 punire.
1328 1180 1390 1234 Et
1412 1182 1536 1234 licet
1567 1180 1664 1249 ipsi
1694 1189 1878 1233 essent
1919 1195 2105 1247 pecca-

534 1281 705 1338 tores,
734 1282 790 1327 et
836 1272 941 1327 alia
980 1273 1239 1327 baberent
1289 1280 1547 1341 peccata;
1608 1280 1785 1325 tamen
1840 1268 2107 1325 Dominus

539 1361 697 1419 Jesus
722 1404 739 1427 ,
770 1378 929 1433 quem
977 1364 1075 1435 ipsi
1119 1362 1221 1435 legi
1269 1363 1544 1417 contrarie
1587 1360 1872 1417 facientem
1901 1364 2104 1429 dixere,

536 1471 663 1512 cum
692 1457 834 1526 apud
868 1472 963 1515 eos
1010 1466 1176 1520 esset,
1212 1455 1538 1525 praedicebat
1568 1456 1697 1526 quia
1732 1457 2105 1512 destrueretur

534 1562 723 1603 eorum
774 1548 1050 1618 templum,
1112 1556 1167 1603 et
1217 1547 1623 1617 depraedaretur
1671 1562 1859 1603 eorum
1916 1550 2109 1604 civitas

541 1648 760 1709 propter
780 1640 830 1691 id
854 1640 995 1709 quod
1030 1643 1285 1695 adversus
1315 1656 1376 1696 se
1404 1641 1694 1696 audebant.
1717 1641 1841 1696 Etsi
1876 1642 1972 1712 ipsi
2005 1643 2107 1698 alia

551 1730 818 1785 habebant
846 1742 1085 1799 peccata,
1131 1732 1271 1788 Deus
1301 1744 1479 1788 autem
1516 1750 1619 1788 non
1662 1734 1936 1788 videretur
1960 1752 2111 1791 tuen-

550 1823 680 1888 dax,
714 1834 767 1876 ut
794 1824 891 1894 ipsi
934 1823 1327 1893 blasphemant,
1358 1826 1690 1880 inveniretur
1720 1837 1898 1880 autem
1924 1842 2106 1894 verax,

2204 656 2303 693 sua
2338 638 2406 693 “.
2445 637 2757 693 Fornicatio
2807 644 2989 690 autem
3018 634 3070 687 in
3106 632 3386 702 Scriptura
3420 634 3501 686 ita
3554 632 3797 699 ponitur,

2204 731 2332 801 quia
2354 732 2653 784 secundum
2685 726 3115 781 misericordiam
3148 726 3487 793 dignabatur
3519 724 3669 778 Dens
3693 734 3799 777 tan-

2206 836 2369 891 quam
2418 819 2904 887 conjungenssibi
2937 827 3065 870 tunc
3119 814 3334 885 quidem
3394 817 3797 887 Synagogam,

2206 926 2350 977 nunc
2375 919 2558 963 autem
2582 906 2902 961 Ecclesiam.
2953 906 3037 959 Ab
3088 920 3153 960 eo
3192 923 3323 976 ergo
3353 906 3449 975 qui
3492 905 3797 960 secundum

2207 998 2640 1055 misericordiam
2674 993 3041 1064 coniungebat
3077 996 3334 1057 reccssio,
3372 1006 3428 1048 et
3454 992 3801 1047 daemonibus

2206 1091 2535 1159 conjunctio,
2560 1100 2611 1144 et
2638 1088 2967 1149 idololatria,
2992 1086 3285 1141 lornlcatio
3324 1087 3639 1141 secundum
3663 1082 3801 1137 Seri-

2209 1194 2424 1253 ptursm
2460 1180 2762 1235 rectissime
2819 1179 3151 1233 nominatur.
3188 1177 3323 1244 Quia
3361 1194 3501 1247 ergo
3530 1175 3678 1229 idola
3714 1189 3802 1229 co-

2207 1275 2395 1331 lebant
2424 1274 2479 1327 in
2525 1272 2787 1344 Egypto.
2833 1273 2956 1327 ideo
2995 1286 3092 1342 per
3136 1270 3458 1340 prophetam
3513 1267 3638 1321 ait:
3671 1263 3803 1319 Due

2208 1374 2359 1422 erant
2384 1380 2613 1428 sorores,
2640 1373 2690 1417 et
2740 1362 2871 1429 ipsa:
2901 1361 3176 1430 fornicatur
3203 1366 3326 1414 sunt
3352 1358 3409 1410 in
3437 1350 3803 1409 adolescentia

2208 1474 2305 1512 sua
2348 1459 2405 1510 in
2435 1454 2690 1525 Egypto.
2723 1453 2968 1522 Denique
3008 1462 3064 1508 et
3104 1451 3269 1522 Moysi
3311 1462 3614 1505 successor
3646 1442 3805 1500 Iesus

2209 1548 2373 1609 Nave,
2409 1548 2677 1601 mandans
2705 1544 2905 1614 popqu
2933 1544 3000 1597 de
3035 1559 3135 1599 suo
3178 1542 3327 1597 exitu
3373 1540 3511 1594 dicit
3547 1554 3562 1591 :
3598 1535 3805 1603 Quibus

2210 1640 2363 1696 vultis
2401 1641 2597 1693 servire
2630 1637 2778 1692 diis?
2826 1634 2970 1691 Nunt
3018 1637 3099 1689 his
3144 1651 3271 1705 quos
3300 1632 3586 1687 coluerunt
3632 1640 3807 1697 patres

2209 1732 2363 1786 vestri
2382 1732 2436 1783 in
2461 1729 2695 1800 ﬁgypto
2715 1730 2803 1784 “1
2836 1727 2975 1795 Quid
2999 1738 3178 1781 autem
3208 1741 3345 1796 Opus
3382 1732 3469 1779 est
3499 1721 3804 1791 prophetas

2208 1821 2441 1876 vocare?
2476 1821 2652 1888 ipsum
2698 1819 2866 1875 Israel
2900 1828 3091 1872 testem
3119 1818 3407 1871 adversum
3456 1828 3519 1868 se
3547 1822 3609 1867 et
3655 1812 3807 1881 ipso-

549 1929 743 1983 passus
778 1917 962 1986 utique
997 1914 1187 1972 fuisset
1231 1917 1337 1973 alia
1381 1932 1568 1973 eorum
1603 1928 1847 1988 peccata,
1894 1930 1949 1972 ut
1978 1936 2108 1974 con-
2135 1897 2181 1953 Β
2212 1928 2328 1967 rum
2356 1926 2543 1966 vocem
2575 1913 2843 1981 produco,
2888 1918 2947 1964 ut
2983 1908 3265 1964 ostendam
3301 1906 3428 1975 quia
3464 1903 3617 1959 idola
3667 1901 3810 1955 cole-

536 2008 845 2083 llrmaretur
876 2010 1086 2063 docenti
1109 2010 1418 2079 pnedicatio
1452 2010 1563 2075 illa,
1592 2026 1712 2081 quae
1742 2020 1796 2064 et
1818 2012 1975 2065 caecis
2008 2025 2107 2065 ex-

536 2098 675 2153 stitit
716 2099 1026 2164 manil‘ests,
1056 2110 1112 2154 et
1144 2103 1448 2158 videntibus
1483 2103 1770 2173 completa.
1818 2102 2109 2173 Apostolus

536 2192 678 2244 enim
727 2176 925 2246 Paulo!
967 2193 1033 2246 ad
1082 2191 1300 2247 Galatas
1353 2193 1598 2249 scribens
1650 2195 1727 2247 ait
1769 2210 1783 2248 :
1822 2191 1960 2259 Quia
1987 2202 2110 2247 ante

537 2281 716 2337 oculos
773 2299 955 2337 eorum
1002 2286 1288 2355 descriptus
1329 2296 1402 2342 est
1453 2286 1607 2341 Jesus
1647 2285 1887 2340 Christus
1940 2288 2110 2340 cruci-

534 2374 675 2443 ﬁxus
706 2374 773 2428 ".
806 2374 918 2446 Ego
943 2387 1123 2430 autem
1162 2387 1217 2430 et
1246 2378 1455 2432 audebo
1486 2378 1749 2432 adversus
1784 2393 1876 2432 vos
1906 2378 2107 2443 dicere,

541 2468 665 2535 quia
706 2483 885 2524 sermo
938 2478 1064 2523 ante
1111 2469 1299 2525 oculos
1349 2480 1560 2525 vestros
1608 2470 1866 2523 describit
1925 2467 2109 2524 lesunt

537 2557 821 2614 Christum
851 2562 1212 2631 resurrexisse
1248 2576 1277 2615 tt
1307 2561 1556 2616 mortuis.
1602 2559 1739 2627 Quid
1764 2561 1908 2616 enim
1958 2575 2111 2629 quac»-

538 2649 656 2705 ris?
693 2665 797 2704 non
830 2651 1075 2706 invenies
1113 2652 1280 2707 solem
1319 2652 1641 2707 clariorem:
1673 2658 1740 2707 ad
1783 2651 2112 2707 satisfactio-

538 2756 661 2795 nem
696 2740 807 2809 (48)
837 2744 1250 2798 resurrectionis
1278 2742 1517 2809 Domini,
1550 2746 1832 2815 gentilium
1863 2744 2111 2812 quotidie

537 2830 871 2886 deiicientem
903 2833 1191 2886 culturam.
1217 2830 1618 2887 Protenduntur
1640 2844 1818 2888 autem
1853 2831 2112 2888 Ecclesia:

538 2918 702 2987 bona,
746 2933 796 2975 et
836 2922 1078 2991 quotidie
1108 2932 1383 2977 crescunt.
1432 2918 1696 2978 Inimicus
1746 2938 1877 2993 ergo
1911 2930 1970 2975 ut
2009 2922 2109 2990 ipsi

538 3020 726 3080 putant
751 3009 899 3079 legis,
932 3011 1023 3079 qui
1054 3012 1290 3065 vindicat
1321 3013 1375 3065 ιιι
1424 3012 1681 3066 adversos
1709 3021 1765 3066 et
1789 3014 2113 3067 domesticos

538 3116 688 3162 suos,
740 3101 1028 3164 exultatur,
1072 3102 1219 3153 vivit.
1258 3100 1422 3154 Putas
1465 3112 1557 3154 aut
1606 3116 1710 3154 non
1768 3104 1953 3155 vivens
2002 3104 2115 3154 haec

2210 2004 2343 2058 bant
2389 2003 2442 2057 in
2490 1998 2750 2071 Egypto.
2783 2002 2921 2068 Quia
2977 2001 3122 2056 enim
3170 2008 3431 2054 exeuntes
3462 1998 3531 2051 de
3556 1993 3809 2066 Egypto

2208 2104 2367 2150 erant
2400 2095 2452 2148 in
2503 2095 2743 2158 deserto,
2775 2104 2830 2147 et
2875 2090 3093 2162 Moyses
3126 2090 3449 2144 ascenderat
3505 2100 3809 2156 apportare

2210 2186 2489 2255 sacrilegis
2518 2184 2711 2254 legem,
2732 2182 3093 2252 quadraginta
3110 2192 3292 2233 autem
3312 2180 3427 2233 dies
3448 2178 3811 2247 protenderat

2212 2277 2264 2333 in
2289 2287 2470 2329 nionte
2496 2274 2710 2345 Moyses
2739 2292 2753 2327 :
2790 2283 2957 2343 caput
2992 2271 3146 2325 vituli
3175 2271 3280 2326 sibi
3311 2270 3646 2332 conllantes,
3700 2268 3811 2321 cle-

2213 2369 2437 2424 mabant
2490 2368 2605 2422 suis
2663 2368 2864 2437 linguis
2918 2366 3211 2419 adversum
3250 2378 3353 2417 se:
3392 2359 3498 2414 Isti
3558 2361 3640 2413 dii
3696 2360 3806 2427 tui,

2212 2458 2405 2521 Israet,
2429 2458 2520 2528 qui
2549 2458 2837 2510 eduxerunt
2874 2467 2923 2509 te
2972 2456 3036 2508 de
3063 2464 3204 2509 terra
3224 2451 3445 2522 .Egypti
3468 2452 3538 2504 ".
3569 2451 3693 2507 Hoc
3715 2467 3809 2505 au-

2216 2563 2323 2607 tem
2357 2551 2724 2614 commendat,
2756 2550 2883 2619 quia
2926 2550 3016 2617 qui
3048 2558 3101 2602 et
3154 2549 3207 2601 in
3257 2549 3478 2601 deserto
3518 2548 3809 2601 coluerunt

2214 2642 2357 2696 idola
2388 2641 2651 2696 iacientes
2694 2640 2795 2693 sibi
2828 2638 2981 2692 vituli
3006 2648 3191 2705 caput,
3218 2646 3271 2690 et
3296 2635 3437 2703 apud
3459 2632 3794 2704 .‘Egyptum.

2215 2732 2411 2788 Dixere
2428 2730 2572 2786 enim
2594 2748 2607 2785 :
2626 2729 2725 2784 Isti
2753 2728 2829 2782 dii
2856 2729 2961 2791 tui,
2988 2725 3188 2790 Israel,
3222 2726 3310 2795 qui
3342 2726 3650 2778 eduxerunt
3672 2737 3721 2778 te
3745 2726 3807 2777 ds

2214 2838 2356 2880 terra
2387 2822 2631 2895 £gypti.
2666 2820 3054 2878 Accusantium
3085 2834 3185 2872 vos
3213 2827 3297 2873 est
3329 2817 3453 2887 quia
3490 2816 3806 2871 istiusmodi

2213 2915 2624 2972 venerabantur
2667 2913 2835 2975 idola,
2871 2912 3049 2967 ethos
3074 2910 3327 2966 colebant
3354 2918 3411 2963 et
3449 2908 3506 2962 in
3547 2907 3806 2979 Egypto,

2212 3008 2413 3078 quibus
2449 3016 2506 3062 et
2546 3005 2852 3061 reddebant
2883 3003 3122 3073 gratiam
3188 3001 3523 3071 egressionis
3555 3016 3699 3055 suae.
3753 2998 3806 3054 Si

2216 3109 2395 3154 autem
2429 3098 2690 3162 dixerint,
2723 3097 2849 3166 quia
2886 3095 2991 3148 alia
3020 3104 3242 3164 peccata
3274 3092 3567 3147 habuimus
3596 3091 3672 3147 ob
3694 3106 3809 3162 qua

542 3208 663 3263 quae
694 3210 797 3246 non
831 3195 1067 3247 viventes
1115 3204 1359 3263 possunt,
1410 3195 1523 3263 ipse
1571 3193 1866 3261 operatur?
1895 3195 2111 3247 occasio
2139 3233 2180 3290 Ο
2218 3202 2271 3244 et
2298 3194 2365 3244 ad
2398 3193 2677 3245 desertum
2734 3189 2991 3257 perducta
3026 3203 3215 3242 eorum
3258 3186 3489 3249 civitas,
3536 3194 3593 3240 et
3645 3184 3807 3240 servit

541 3280 741 3335 ludatis
778 3281 919 3334 nulla
957 3282 1140 3335 relicta
1176 3291 1279 3335 est.
1318 3282 1454 3335 Cum
1504 3285 1647 3335 enim
1705 3284 1925 3347 dicunt,
1984 3285 2108 3351 quia

545 3370 648 3422 ulla
682 3382 899 3437 peccata
942 3372 1247 3433 habuimus,
1277 3379 1329 3422 et
1382 3369 1503 3423 ideo
1534 3371 1688 3438 ejecti
1730 3385 1918 3423 smnus
1948 3384 2109 3435 nunc.

544 3460 785 3515 Primum
844 3472 925 3516 est
970 3464 1133 3527 enim,
1187 3462 1401 3531 quando
1446 3478 1550 3514 non
1606 3464 1848 3529 peccavit
1906 3462 2115 3515 Israel?

541 3555 757 3622 quando
796 3568 901 3605 non
935 3568 1025 3605 eos
1050 3563 1130 3605 est
1161 3567 1349 3620 passus
1381 3552 1522 3607 Deus
1555 3554 1656 3606 nisi
1694 3567 1837 3607 nunc
1890 3553 2061 3608 solum
2090 3553 2113 3606 ?

543 3644 731 3699 bonne
758 3648 807 3696 in
834 3642 1065 3713 {Egypto
1111 3644 1246 3697 idola
1296 3644 1588 3698 colebant?
1617 3644 1779 3699 Putas
1814 3660 1943 3715 ergo
1979 3645 2109 3715 quia

544 3736 793 3787 colebant
818 3736 952 3787 idola
980 3734 1219 3802 primani
1239 3735 1394 3788 istam
1428 3735 1880 3804 irrcligiositatem
1911 3738 2109 3791 admit-

544 3837 735 3889 tentes,
755 3827 875 3878 ideo
900 3841 1001 3877 non
1023 3838 1147 3879 sunt
1163 3826 1321 3894 ejecti
1354 3826 1419 3881 de
1439 3824 1675 3896 zEgypto
1692 3827 1714 3880 ?
1733 3828 1797 3881 Et
1825 3840 1970 3884 certe
1989 3844 2111 3882 cum

548 3919 729 3972 multis
758 3918 988 3987 signiset
1016 3920 1269 3987 prodigiis
1297 3930 1351 3972 et
1382 3920 1739 3984 mirabilibus,
1768 3935 1889 3973 cum
1922 3936 2115 3989 percu.

547 4021 790 4063 terentur
825 4009 1054 4078 :Egyptii
1091 4012 1273 4066 decem
1305 4012 1496 4080 plagis,
1550 4012 1688 4066 liber
1731 4024 1913 4067 autem
1967 4022 2113 4067 esset

546 4100 708 4155 Israel
734 4118 761 4154 a
794 4104 976 4154 decem
1011 4100 1179 4169 plagis
1220 4104 1541 4159 cohabitans
1584 4104 1798 4157 iisdem.
1842 4105 1909 4159 Et
1935 4107 2114 4174 operi-

546 4194 645 4247 bus
677 4191 786 4262 (49)
819 4194 1032 4261 quidem
1082 4201 1198 4245 erat
1231 4191 1471 4264 Egypti,
1525 4195 1617 4249 Dei
1665 4205 1847 4249 autem
1894 4196 2110 4250 miseri-

546 4286 724 4338 cordia
754 4300 781 4336 a
814 4283 980 4352 plagis
1004 4280 1385 4353 Egyptiorum
1432 4286 1772 4340 habebantur
1820 4287 2109 4343 immunes.

548 4376 605 4429 Si
635 4377 791 4444 igztur
824 4384 1040 4443 propter
1067 4374 1370 4429 istiusmodi
1396 4387 1612 4444 peccata
1640 4377 1810 4446 plagae
1834 4387 1987 4443 sunt,
2024 4379 2114 4432 de-

547 4467 772 4522 buerant
801 4482 852 4519 tn
882 4464 1112 4536 Algyplo
1142 4482 1264 4521 cum
1291 4468 1701 4523 adducebantur
1728 4470 1900 4539 plaga:
1931 4471 2120 4523 adver-

2216 3298 2370 3353 gens,
2399 3293 2453 3336 et
2485 3296 2660 3350 neque
2687 3282 2947 3351 propheta
2974 3297 3095 3336 Clllll
3128 3280 3257 3349 ipsis
3276 3290 3379 3339 est,
3416 3292 3595 3347 neque
3617 3277 3807 3342 altare,

2217 3391 2317 3430 nec
2351 3391 2465 3438 rex,
2506 3389 2606 3427 nec
2638 3375 2934 3439 sacerdos;
2966 3374 3111 3442 quod
3166 3382 3445 3440 peccatum
3494 3371 3681 3437 majus
3729 3378 3809 3425 est

2217 3465 2666 3534 irreligiositate?
2694 3464 2751 3519 Si
2788 3475 2971 3518 autem
3013 3465 3253 3518 colentes
3298 3463 3439 3516 idola
3473 3464 3527 3515 in
3568 3461 3808 3534 Aigypto

2218 3559 2473 3612 exierunt
2496 3573 2559 3611 ex
2594 3556 2864 3628 Egypto;
2891 3572 2993 3611 non
3015 3568 3131 3609 erat
3150 3555 3359 3609 facilius
3390 3556 3699 3623 irreligiuse
3718 3570 3810 3613 eos

2217 3660 2439 3719 agentes
2461 3651 2600 3718 apud
2634 3646 2895 3710 Judtcam,
2924 3647 3117 3701 reverti
3155 3648 3206 3699 in
3236 3643 3520 3699 Judteam?
3551 3648 3663 3701 Sed
3693 3646 3809 3702 ausi

2224 3743 2571 3806 suntdicere,
2604 3741 2727 3810 quia
2759 3740 2879 3794 ideo
2903 3754 3043 3792 nunc
3071 3754 3174 3791 non
3203 3739 3464 3791 habemus
3484 3742 3807 3806 prophetas,

2215 3835 2339 3903 quia
2374 3833 2513 3884 inter
2532 3846 2719 3900 gentes
2749 3831 2921 3899 sparsi
2944 3832 3207 3883 videmur.
3232 3828 3473 3895 Ubiergo
3492 3834 3645 3885 venit
3669 3832 3810 3899 Moy-

2216 3924 2337 3976 ses?
2356 3936 2531 3974 nonne
2549 3922 2598 3973 in
2618 3919 2878 3991 Aigypto?
2900 3923 2985 3974 tthi
3006 3920 3200 3985 Maria,
3220 3938 3376 3975 soror
3392 3921 3608 3991 Moysi?
3632 3936 3811 3976 nonne

2215 4016 2272 4069 in
2301 4014 2568 4086 [Egypto‘i
2607 4016 2695 4069 ubi
2726 4016 3063 4084 septuaginta
3108 4014 3250 4067 duo?
3279 4029 3458 4085 nonne
3498 4016 3553 4067 in
3593 4017 3811 4068 deserto

2215 4106 2496 4176 gentium?
2519 4106 2644 4160 Post
2668 4107 2780 4160 hate
2804 4117 2983 4159 autem
3003 4108 3090 4159 ubi
3116 4108 3299 4160 Daniel
3320 4106 3344 4159 ‘3
3367 4121 3551 4161 nonne
3568 4108 3622 4159 in
3640 4107 3812 4178 Baby-

2216 4197 2398 4252 lonia?
2430 4197 2527 4253 Ubi
2580 4208 2687 4252 tres
2716 4199 2835 4268 ejus
2880 4196 3119 4252 fratres?
3170 4214 3347 4253 nonne
3403 4200 3455 4252 in
3507 4200 3811 4271 Babylonis

2217 4291 2359 4359 apud
2404 4289 2629 4360 gentes?
2663 4289 2764 4345 Ubi
2806 4292 3009 4362 degunt
3049 4292 3142 4361 qui
3190 4292 3483 4362 jejunant?
3532 4307 3723 4347 nonne
3756 4295 3806 4347 in

2217 4382 2508 4451 gentibus?
2537 4383 2623 4436 ubi
2658 4380 2881 4436 ﬂamma
2922 4383 3192 4453 ignoravit
3214 4400 3366 4438 suam
3393 4386 3692 4437 naturam?
3721 4385 3808 4439 ubi

2216 4472 2513 4528 Zacharias
2560 4475 2857 4543 prapbeta?
2892 4476 2979 4529 ubi
3036 4476 3271 4544 Angelus
3317 4474 3472 4545 (50)?
3534 4474 3591 4528 Si
3629 4489 3807 4530 autem

548 4575 639 4613 sus
668 4558 967 4628 Egyptios,
999 4558 1112 4612 dari
1144 4567 1196 4611 et
1229 4556 1457 4623 Judaeis,
1485 4562 1576 4630 qui
1603 4576 1727 4615 cum
1751 4562 2113 4616 cohabitanti-
2150 4571 2192 4625 ο
2222 4567 2396 4636 prima
2438 4576 2494 4621 et
2528 4567 2702 4620 media
2738 4567 2789 4620 in
2824 4569 3103 4637 gentibus,
3153 4583 3277 4621 cum
3337 4568 3467 4636 ipsis
3492 4580 3657 4621 erant
3694 4583 3807 4637 pro-

549 4653 650 4706 bus
692 4652 828 4703 idola
882 4651 1215 4719 adorabant,
1287 4652 1377 4721 qui
1433 4665 1490 4705 et
1543 4651 1918 4707 cohabitantes
1964 4653 2123 4707 simul

549 4759 669 4795 cmn
698 4744 881 4796 iisdem
914 4746 1227 4813 peccabant.
1282 4744 1337 4798 Si
1376 4754 1557 4797 autem
1595 4744 1735 4798 idola
1765 4747 1981 4813 quidem
2026 4760 2123 4799 co-

551 4834 692 4887 lebat
718 4836 768 4887 iu
800 4834 1030 4905 Egypto
1062 4836 1250 4901 Israel,
1289 4846 1343 4889 et
1372 4852 1477 4896 non
1513 4835 1685 4889 solum
1734 4852 1839 4889 non
1883 4836 2120 4904 accipie—

550 4924 641 4977 bat
676 4927 874 4994 plagas,
912 4928 1071 4980 etiam
1098 4927 1395 4996 irreligiosa
1427 4941 1642 4997 gerens,
1668 4927 1762 4979 sed
1794 4925 1882 4978 alii
1914 4942 2009 4993 pro
2042 4926 2122 4979 eis

550 5018 783 5083 quandiu
816 5029 869 5071 et
902 5019 1113 5072 exirent
1142 5019 1266 5085 isti;
1304 5034 1445 5071 nunc
1468 5019 1583 5070 sine
1607 5033 1769 5071 causa
1795 5028 2110 5072 causantur.

551 5108 701 5171 Quod
730 5121 906 5161 autem
944 5108 1083 5163 idola
1112 5108 1359 5161 colebant
1389 5107 1442 5160 in
1469 5104 1701 5177 Egypto
1735 5108 1918 5173 Israel,
1949 5119 2115 5162 testa-

550 5201 639 5246 tur
672 5197 884 5262 quidem
915 5208 969 5249 ct
999 5197 1249 5250 Ezechiel
1310 5200 1572 5265 propheta
1630 5212 1956 5265 comparans
1982 5201 2117 5252 duas

551 5300 733 5339 eorum
765 5288 1108 5357 metropoles,
1146 5286 1485 5342 Hierusalem
1544 5288 1662 5341 dico
1699 5298 1751 5340 et
1786 5289 2115 5355 Samariam,

552 5376 760 5431 duabus
790 5381 1199 5444 consororibus,
1234 5389 1288 5433 et
1324 5378 1494 5432 dicit:
1535 5378 1667 5431 Diue
1693 5391 1841 5431 erant
1870 5396 2120 5433 consero-

623 5517 667 5548 “
690 5515 807 5570 Gal.
846 5533 922 5583 ttt,
960 5518 1043 5573 ll.

625 5630 735 5701 (48)
772 5634 851 5685 ad
880 5633 1313 5701 satisfactionem.
1338 5633 1496 5689 Forte
1526 5632 1778 5687 inGrzeco
1798 5632 2111 5687 meritam-

555 5699 761 5769 λογίαν,
786 5710 922 5767 quod
949 5699 1209 5770 interpres
1243 5705 1463 5757 verterit
1496 5702 1946 5758 satisfactionem:
1975 5707 2114 5759 sicut

556 5770 577 5828 Ξ
606 5774 721 5822 νει.
751 5787 831 5833 ιιι,
856 5773 937 5837 15,
972 5774 1023 5829 in
1048 5774 1253 5838 vulgata
1280 5775 1737 5839 interpretatione.

626 5842 737 5905 (49)
772 5840 836 5893 Et
864 5849 1116 5896 ouertbus.
1140 5843 1353 5898 ἐοεαευά
1402 5854 1575 5910 potest
1619 5857 1761 5909 esse,
1807 5842 2111 5897 idololatria

1121 5517 1162 5549 δ’
1198 5518 1391 5573 Ezech.
1422 5532 1577 5580 xxnt,
1610 5517 1663 5571 5.
1739 5516 1783 5547 ⁸⁵
1808 5514 1921 5570 Jos.
1956 5534 2103 5583 xxiv,
2131 5522 2216 5574 11.

2225 4656 2420 4722 pheta.
2482 4654 2551 4709 Et
2579 4665 2730 4709 certe
2764 4658 2906 4725 apud
2941 4654 3295 4725 Babyloniam
3347 4664 3503 4709 extra
3562 4655 3667 4710 hos
3717 4656 3806 4725 qui

2223 4745 2464 4815 praedicti
2495 4757 2655 4815 sunt,
2688 4764 2877 4803 omnes
2901 4747 3074 4802 Judaei
3118 4750 3479 4803 adoraverunt
3504 4748 3801 4816 imaginem

2224 4839 2394 4907 regis,
2424 4848 2476 4893 et
2502 4855 2608 4893 non
2640 4841 2760 4894 ideo
2796 4840 3031 4893 fraudati
3072 4850 3202 4893 sunt
3248 4856 3275 4894 a
3315 4840 3617 4910 prophetis.
3674 4844 3807 4906 Quia

2224 4941 2407 4982 autem
2443 4931 2808 4985 adoraverunt
2867 4932 3183 5000 imaginem,
3226 4932 3579 5005 comminatio
3628 4931 3810 4987 Nabu-

2221 5019 2561 5074 chodonosor
2584 5031 2711 5075 tunc
2736 5020 2880 5075 facta
2903 5024 3207 5076 adnuntiat.
3240 5023 3379 5077 Dicit
3401 5023 3546 5076 enim
3577 5039 3591 5074 :
3622 5024 3809 5078 Omnis

2222 5112 2431 5178 quinon
2453 5116 2647 5166 cadens
2681 5114 2977 5165 adoraverit
3006 5114 3309 5182 imaginem,
3345 5116 3526 5167 statim
3572 5118 3808 5169 mittetur

2224 5205 2278 5257 in
2330 5204 2595 5261 fornacem
2646 5208 2781 5273 ignis
2833 5208 3067 5259 ardentis
3100 5206 3166 5261 “.
3231 5206 3296 5259 Et
3348 5210 3539 5260 aderat
3589 5212 3803 5275 quidem

2226 5295 2301 5349 iltt
2332 5297 2444 5367 (51)
2480 5298 2659 5352 omnis
2687 5297 2871 5351 lsrael.
2912 5298 3047 5351 Tres
3086 5310 3267 5353 autem
3314 5301 3413 5353 soli
3449 5301 3655 5355 inventi
3683 5310 3805 5356 seut

2228 5388 2318 5456 qui
2352 5404 2455 5441 non
2497 5390 2861 5443 adoraverant
2892 5406 2907 5457 ;
2960 5391 3015 5444 in
3050 5389 3327 5445 lurnacetu
3362 5391 3514 5446 missi
3548 5404 3702 5457 sunt,
3753 5406 3803 5447 et

2297 5525 2342 5555 ⁵⁸
2366 5524 2535 5579 Exod.
2571 5542 2741 5590 χχιιι,
2770 5525 2823 5579 4.
2903 5526 2947 5557 ⁸⁸
2972 5528 3102 5580 Dan.
3136 5543 3216 5591 ιιι,
3251 5526 3302 5582 6.

2219 5639 2408 5693 similis
2444 5641 2709 5709 Egyptiis
2731 5651 2843 5694 erat
2871 5641 3055 5709 Israel.

2292 5710 2405 5776 (50)
2442 5708 2539 5765 Ubi
2565 5715 2812 5779 Angelus.
2838 5708 3155 5766 Uulachtas.

2295 5780 2405 5853 (5d)
2438 5778 2550 5834 Illi.
2585 5778 2745 5836 Forte
2773 5784 2902 5837 iluc.
