4000 6470
214 457 330 510 1091

1195 440 1211 457 ‘
1292 445 1380 499 DE
1416 444 2023 503 RESURRECTIONE.
2069 476 2135 486 -
2173 444 2305 500 LIB.
2344 444 2411 501 ll.

3366 443 3503 501 £098

232 567 295 619 ab
318 550 638 635 ignesa\sa\'\
668 568 842 615 sunt.
876 558 1063 616 Daniel
1091 569 1272 616 autem
1306 563 1505 631 regalia
1536 563 1637 618 sibi
1666 578 1814 618 com-
1841 570 1887 629 Α
1917 568 2276 620 constantiam
2309 562 2447 635 (58),
2481 562 2725 632 praecipit
2758 575 2881 616 eum
2909 561 3108 618 induci.
3144 560 3261 618 Non
3290 575 3500 635 oporte-

231 660 393 713 missa
415 674 517 714 non
548 649 755 709 aderat
788 669 1053 725 praesens.
1091 654 1148 711 Si
1177 655 1322 711 enim
1363 656 1649 721 adfuisset,
1672 671 1814 711 nun-

234 761 397 815 quam
438 761 467 800 a
488 740 759 817 quadriga
786 746 962 801 bonus
988 746 1340 800 remansisset
1370 760 1565 816 equus.
1611 746 1687 801 Ita
1718 762 1817 801 au-

232 844 347 891 tem
392 852 490 891 nec
533 834 829 891 derelictus
854 846 939 891 est
985 836 1167 891 Daniel
1216 835 1287 891 ob
1336 836 1814 892 comminationem

229 924 377 995 ignis
396 940 426 979 a
460 923 720 981 fratribus
749 925 865 982 suis
890 936 946 980 et
965 925 1184 981 illorum
1204 925 1468 997 martyrio
1504 941 1517 976 :
1553 928 1679 996 quia
1706 925 1815 981 fra-

217 1025 346 1070 tres
380 1016 601 1086 quidem
636 1016 758 1087 ejus
794 1018 849 1071 in
901 1017 1140 1071 medium
1176 1018 1465 1089 producti,
1519 1017 1574 1072 in
1629 1027 1817 1088 aperto

216 1103 557 1176 martyrium
596 1115 915 1175 posuerunt,
963 1114 1019 1160 et
1065 1106 1212 1174 passi
1263 1117 1391 1161 sunt
1436 1117 1492 1161 et
1544 1108 1757 1164 liberati
1796 1124 1812 1161 :

209 1192 428 1252 Daniel
453 1205 637 1249 autem
693 1206 815 1266 post
846 1196 961 1251 hac
993 1205 1267 1267 przecepto
1316 1198 1615 1256 exsistente
1643 1251 1646 1253 λ
1671 1200 1817 1270 regis

209 1285 444 1341 nullum
474 1287 675 1343 debere
710 1302 886 1357 neque
926 1286 1094 1341 alium
1120 1289 1352 1345 adorare
1382 1290 1585 1355 Deum,
1641 1307 1817 1362 neque

205 1393 447 1450 regem,
497 1380 603 1435 nisi
659 1378 832 1435 solum
871 1396 1077 1451 regem,
1109 1389 1163 1436 et
1211 1396 1371 1453 quem
1399 1384 1595 1453 putas?
1624 1383 1818 1440 Persa-

204 1486 352 1527 rum
390 1489 407 1527 :
450 1472 564 1542 ipse
592 1481 772 1527 autem
803 1472 1111 1543 ingrediens
1150 1474 1370 1529 domum
1405 1489 1584 1543 suam,
1614 1486 1814 1533 etcum

197 1571 416 1631 posset
444 1562 614 1618 latere
642 1573 697 1618 et
728 1564 940 1618 occulte
974 1566 1201 1619 adorare
1229 1566 1418 1630 Deum,
1451 1567 1628 1636 palam
1675 1569 1816 1623 ado-

1918 654 2010 709 bat
2039 655 2185 709 enim
2229 654 2517 709 Dominum
2563 652 2748 708 Jesum
2790 654 2909 707 sine
2955 657 3165 707 victore
3216 655 3495 709 recedere.

1916 739 2270 809 Introducens
2291 754 2470 796 autem
2506 756 2629 795 eum
2661 780 2677 804 ,
2710 740 2892 796 omnia
2927 748 3197 796 tormenta
3229 742 3501 809 movebat,

1916 840 1973 885 et
2001 838 2149 886 tanta
2176 831 2266 886 uni
2300 832 2561 895 vincenti,
2594 843 2797 900 quanta
2836 833 3091 888 omnibus
3121 833 3204 888 his
3238 833 3329 903 qui
3383 831 3503 886 fue-

1918 931 2045 977 rant
2070 932 2336 992 superatt.
2368 921 2717 977 Contendens
2738 923 2880 978 enim
2906 938 2974 979 ne
2996 922 3299 978 solveretur
3327 923 3501 979 victo-

1919 1013 1998 1068 ria
2023 1028 2119 1068 sua
2153 1028 2252 1083 per
2277 1014 2435 1069 unius
2464 1013 2622 1069 istius
2644 1014 2957 1079 victoriam,
2980 1022 3036 1069 et
3069 1024 3328 1084 reputans
3356 1014 3498 1084 apud

1916 1117 1995 1167 se,
2030 1103 2155 1173 quia
2184 1112 2242 1159 et
2277 1102 2333 1157 in
2377 1104 2570 1159 stadiis
2605 1103 2726 1159 ﬂuis
2754 1106 3089 1160 currentium
3115 1102 3399 1174 quaeritur,
3448 1112 3501 1157 et

1915 1195 2041 1264 quia
2070 1194 2115 1250 si
2148 1194 2251 1249 iste
2278 1194 2492 1261 vicerit,
2542 1208 2640 1249 nec
2672 1204 2732 1249 ut
2775 1194 2903 1249 victi
2934 1203 3097 1249 erunt
3136 1195 3229 1263 qui
3282 1192 3501 1248 fuerant

1917 1287 2195 1355 superati;
2246 1288 2506 1344 universa
2544 1288 2595 1344 ei
2649 1286 2930 1343 admoveri
2990 1297 3262 1342 tormenta
3319 1286 3495 1357 jubet.

1918 1381 2116 1438 Volens
2142 1382 2290 1437 enim
2320 1378 2539 1437 ﬂectere
2576 1379 2853 1450 juvenem,
2896 1389 2952 1434 et
2982 1378 3155 1435 oculis
3187 1380 3497 1451 torquebat,

1915 1479 1972 1528 et
1993 1471 2244 1528 dentibus
2267 1472 2595 1539 minabatur,
2621 1481 2676 1529 et
2701 1472 2953 1528 manibus
2982 1472 3347 1541 torquentium
3376 1489 3502 1530 suae

1915 1566 2271 1637 protendebat
2309 1579 2523 1628 manus,
2568 1575 2623 1620 et
2660 1566 2729 1621 ab
2768 1565 2882 1635 ipsa
2924 1568 3005 1620 ira
3050 1566 3214 1621 etiam
3257 1567 3325 1622 de
3374 1566 3503 1623 sede

199 1668 361 1709 rans
391 1669 497 1709 non
526 1655 744 1726 negavit
777 1655 1118 1726 reiigionem,
1151 1657 1245 1713 sed
1276 1658 1464 1713 maluit
1491 1661 1665 1732 magis
1690 1676 1813 1717 ego.
1918 1651 2237 1707 movebatur
2264 1666 2383 1707 sua.
2434 1650 2570 1708 Cum
2614 1660 2797 1708 autem
2846 1652 3205 1725 fatigarentur
3234 1663 3497 1726 torquen-

198 1744 345 1799 dari
387 1745 653 1810 leonibus,
684 1761 848 1816 quam
884 1747 1123 1802 fraudari
1162 1764 1228 1803 se
1267 1751 1336 1805 ab
1378 1751 1699 1808 adoratione
1734 1753 1817 1808 vi-
1920 1746 2021 1806 tes,
2054 1752 2238 1798 etnon
2267 1744 2487 1799 cederet
2508 1744 2599 1814 qui
2636 1745 3012 1815 torquebatur,
3041 1754 3205 1817 atque
3246 1747 3500 1803 obtusum

198 1835 418 1890 ventis
444 1836 559 1890 Dei.
583 1834 704 1891 Noli
740 1838 885 1892 enim
917 1853 1183 1907 quaerere,
1215 1840 1260 1896 si
1308 1839 1498 1896 Daniel
1530 1858 1637 1898 non
1667 1853 1751 1899 est
1783 1861 1811 1900 a

1923 1840 1974 1886 et
1999 1830 2267 1888 deﬂexum
2285 1831 2484 1889 fuisset
2510 1832 2737 1897 ferrum,
2769 1849 2875 1889 non
2907 1842 2988 1889 est
3016 1834 3189 1891 ﬂexus
3219 1837 3309 1906 qui
3345 1837 3504 1892 rade-

198 1927 480 1984 Ieonibus
502 1938 773 1983 comestus
788 1945 803 1985 :
818 1929 912 1985 sed
930 1930 1054 2000 quia
1076 1931 1352 2001 pmposuit
1368 1946 1427 1988 se
1443 1935 1653 1991 comedi
1673 1935 1808 2007 (52),

1923 1924 2093 1978 batur.
2142 1923 2279 1980 Cum
2336 1925 2449 1995 jam
2505 1925 2650 1980 nulla
2709 1928 3024 1983 adinventio
3104 1937 3499 1985 tormentorum

201 2021 334 2076 hoc
365 2021 611 2075 adverte.
638 2019 748 2076 Nec
780 2022 905 2091 quia
945 2037 1053 2077 non
1082 2024 1426 2093 consumpsit
1458 2024 1673 2080 ﬂamma
1703 2037 1814 2083 tres

203 2112 354 2167 illos
394 2127 592 2182 pueros
625 2114 816 2169 missos
851 2113 905 2167 in
931 2112 1201 2169 fornacem
1236 2114 1372 2185 ignis
1400 2116 1639 2173 ardentis
1660 2157 1676 2183 ,
1718 2120 1812 2175 sed

203 2204 358 2272 quia
385 2204 483 2273 ipsi
519 2204 822 2259 bolocausti
850 2203 979 2259 facti
1010 2215 1138 2259 sunt
1168 2205 1283 2276 (53)
1314 2217 1575 2275 quantum
1605 2210 1671 2264 ad
1702 2210 1816 2264 ala-

209 2296 484 2350 critatem
506 2311 681 2350 suam.
707 2295 820 2351 Non
847 2298 991 2351 enim
1026 2299 1094 2353 ab
1122 2298 1269 2354 exitu
1295 2298 1559 2368 judicium
1588 2309 1691 2367 est,
1719 2304 1815 2358 sed

212 2388 300 2443 ab
332 2386 617 2442 alacritate
630 2402 863 2444 corona.
884 2389 992 2459 Ego
1010 2400 1188 2446 autem
1212 2392 1351 2459 dico,
1365 2393 1458 2464 qui
1485 2393 1606 2450 ideo
1620 2394 1814 2450 salvati

212 2488 364 2535 sunt
412 2489 560 2545 tunc,
616 2490 672 2536 et
719 2480 905 2535 Daniel
954 2496 985 2535 a
1034 2481 1302 2551 leonibus,
1346 2494 1402 2538 et
1434 2491 1546 2539 tres
1592 2487 1740 2555 pueri
1786 2503 1814 2540 a

219 2568 454 2624 ﬂamma
509 2569 653 2639 ignis
698 2571 983 2639 ardentis;
1046 2587 1150 2627 non
1210 2582 1433 2642 propter
1483 2574 1815 2631 alacritatem

222 2674 429 2715 eorum
456 2663 545 2731 qui
582 2662 775 2716 salvati
821 2670 968 2725 sunt,
1030 2664 1124 2718 sed
1173 2675 1400 2734 preptcr
1443 2666 1816 2724 infirmitatem

230 2751 459 2806 illorum
494 2752 587 2821 qui
618 2756 986 2807 adoraverunt
1040 2755 1353 2825 imaginem.
1395 2754 1462 2811 Ut
1514 2758 1658 2813 enim
1710 2774 1817 2815 non

225 2842 482 2898 dicerent
509 2843 599 2912 qui
641 2845 1025 2912 adoraverunt,
1063 2846 1203 2913 Quid
1237 2846 1436 2917 profuit
1465 2848 1545 2905 eis
1569 2851 1659 2921 qui
1710 2866 1817 2907 non

227 2935 645 2991 adoraverant?
674 2953 741 2989 ne
767 2938 833 2990 ab
866 2937 1015 2992 exitu
1076 2939 1309 3009 incendii
1343 2955 1533 2998 eorum
1587 2944 1677 3013 qui
1709 2960 1818 2999 non

232 3026 623 3091 adoraverunt,
664 3025 1096 3081 satisfactionem
1142 3028 1255 3102 (54)
1285 3031 1385 3085 sibi
1434 3034 1822 3104 conquirerent

235 3116 543 3185 irnligiosa
568 3128 807 3188 agentes,
847 3119 968 3175 ideo
998 3120 1188 3175 salvati
1225 3133 1349 3177 sunt
1373 3125 1463 3193 qui
1494 3140 1599 3179 non
1624 3125 1822 3182 adora-

1916 2012 2105 2069 futsset
2122 2015 2396 2079 derelicta,
2409 2018 2636 2086 cupiens
2650 2020 3013 2075 constantiam
3030 2034 3191 2076 suam
3218 2020 3507 2078 ostendere

1916 2105 2125 2160 Domini
2140 2107 2314 2173 miles,
2333 2108 2530 2163 emittit
2546 2124 2732 2164 vocem
2746 2110 2963 2167 dicens:
2984 2111 3092 2166 Cur
3100 2111 3235 2181 jam,
3258 2122 3505 2185 tyranno,

1917 2213 2023 2254 non
2046 2199 2265 2255 cessas?
2286 2199 2574 2256 confessus
2600 2215 2720 2255 sum
2750 2216 2845 2272 per
2866 2215 2929 2257 os
2962 2216 3149 2258 verum
3170 2218 3293 2260 esse
3322 2219 3504 2276 regem

1915 2289 2428 2347 Cbristunt..Judex
2454 2303 2636 2349 autem
2663 2292 2919 2364 injuriam
2952 2294 3007 2349 in
3045 2297 3390 2367 tyrannidem
3423 2298 3508 2353 di-

1917 2371 2060 2441 ciam
2097 2399 2204 2440 non
2251 2383 2544 2452 suﬂ‘erens,
2599 2386 2837 2443 convicit
2867 2388 3086 2456 quidem
3134 2402 3214 2456 se,
3252 2399 3307 2445 et
3356 2404 3508 2445 com-

1920 2477 2192 2533 mendavit
2224 2489 2519 2549 martyrem
2550 2477 2750 2533 Christi
2785 2496 2799 2533 :
2831 2483 2957 2551 quia
2988 2481 3108 2535 ideo
3136 2482 3252 2536 haec
3276 2496 3374 2553 pro
3412 2498 3509 2538 ve-

1918 2585 1981 2624 ro
2018 2584 2146 2639 rege
2173 2571 2397 2639 patitur,
2422 2572 2512 2641 qui
2557 2572 2630 2627 ita
2664 2572 2731 2627 de
2764 2575 2976 2629 mortali
3009 2588 3177 2630 ausus
3211 2585 3297 2631 est
3330 2575 3501 2646 loqui.

1919 2658 2213 2728 Propterea
2248 2661 2405 2729 jubet
2452 2676 2574 2718 eum
2620 2663 2728 2733 igni
2767 2664 2946 2731 tradi,
2982 2681 3242 2732 coronam
3286 2670 3508 2725 coronis

1920 2752 2274 2823 coniungens.
2320 2753 2387 2809 Et
2434 2755 2557 2810 ideo
2605 2758 2714 2812 cito
2762 2754 3101 2813 eﬂiciebatur
3150 2770 3507 2831 pmceptutn.

1921 2844 2255 2915 Ejiciebatur
2278 2846 2423 2901 enim
2460 2844 2739 2905 Romanus
2776 2847 2931 2905 latus
2959 2859 3014 2905 et
3046 2860 3337 2907 coronatus
3374 2866 3506 2908 san-

1922 2936 2104 3007 guine,
2142 2934 2372 3006 insignia
2410 2936 2466 2991 in
2498 2936 2761 2993 lateribus
2794 2940 3002 2994 habens
3028 2956 3149 3009 quae
3198 2956 3300 3011 pro
3364 2943 3509 2998 veri-

1924 3037 2035 3081 tate
2066 3027 2244 3083 fuerat
2275 3041 2472 3097 passus
2505 3043 2519 3079 :
2558 3036 2783 3098 portans
2820 3030 3019 3099 quippe
3057 3038 3113 3085 et
3163 3031 3217 3085 in
3258 3031 3506 3088 humeris

1923 3132 2138 3173 crucem
2170 3157 2186 3181 ,
2228 3128 2283 3172 et
2329 3119 2384 3171 in
2442 3116 2623 3173 fronte
2675 3120 2889 3188 signum
2933 3118 3133 3190 regale.
3166 3118 3301 3175 Cum
3326 3131 3507 3176 autem

235 3220 459 3272 verunt,
505 3217 707 3264 utnon
756 3222 1137 3277 permanerent
1176 3216 1374 3269 mortui
1410 3216 1501 3287 qui
1562 3218 1820 3272 adorave-
1846 3244 1889 3304 ο
1925 3209 2293 3264 adunarentttr
2343 3220 2615 3265 sarmenta
2662 3218 2717 3266 et
2753 3224 2980 3275 canna,
3042 3211 3110 3266 ad
3162 3210 3507 3268 velocitatem

238 3308 389 3356 runt.
425 3299 545 3369 ipse
578 3300 692 3370 (55)
721 3302 865 3356 enim
908 3301 1049 3357 Deus
1073 3314 1158 3359 est
1192 3306 1375 3360 Daniel
1424 3318 1479 3363 et
1508 3310 1698 3363 horum
1728 3310 1819 3378 qui

242 3393 300 3447 in
355 3393 632 3464 martyriis
683 3405 1079 3451 consumuntur
1121 3414 1152 3451 a
1208 3398 1359 3454 feris.
1402 3398 1509 3455 Sed
1549 3416 1654 3455 nun
1710 3402 1825 3472 ipse

242 3482 471 3553 populus
506 3498 523 3537 :
552 3484 621 3539 ab
644 3484 942 3541 incredibili
984 3486 1096 3556 (56)
1125 3489 1267 3542 enim
1313 3490 1510 3560 populo
1539 3490 1825 3546 salvaban-

242 3586 335 3630 tur
362 3577 451 3646 qui
482 3574 641 3633 fidem
669 3577 1094 3645 confitebantur,
1131 3592 1191 3634 ut
1212 3596 1319 3636 non
1342 3583 1693 3639 incredulitas
1729 3601 1828 3654 po-

242 3668 353 3740 puli
379 3678 663 3739 augeretur
687 3684 702 3721 :
740 3683 768 3721 a
796 3668 933 3723 fideli
957 3680 1136 3725 autem
1168 3671 1340 3741 plebe,
1368 3683 1426 3727 ut
1448 3684 1657 3729 crescat
1694 3676 1826 3730 fides

248 3762 303 3816 in
344 3762 606 3831 sanguine
638 3770 975 3830 sanctorum,
1006 3763 1211 3819 veritas
1240 3766 1490 3820 ﬁrmatur
1514 3766 1813 3839 Evangelii.

246 3851 516 3907 llabemus
546 3862 727 3908 autem
759 3862 813 3907 et
842 3867 959 3921 nos,
985 3854 1111 3923 quia
1150 3865 1203 3910 et
1229 3857 1493 3912 mirabilia
1530 3860 1669 3915 facta
1702 3872 1828 3917 sunt

246 3943 301 3998 in
330 3940 711 4011 languentibus
754 3942 912 3998 locis.
957 3944 1183 4011 Quidam
1214 3948 1359 4001 enim
1396 3964 1425 4001 a
1464 3948 1595 4004 feris
1629 3952 1824 4007 salvati

247 4040 394 4098 sunt,
421 4033 545 4103 quia
570 4032 895 4104 languebant
917 4034 1030 4089 loca
1066 4035 1118 4089 in
1147 4036 1344 4105 quibus
1375 4046 1430 4092 et
1454 4041 1634 4107 passio
1683 4058 1829 4097 mar-

249 4131 424 4196 tyrum
450 4125 758 4195 agitabatur
789 4141 803 4178 :
838 4125 927 4178 alii
956 4127 1024 4179 ab
1052 4126 1174 4197 igne
1204 4128 1414 4183 liberati
1439 4141 1585 4184 sunt.
1624 4131 1680 4187 Si
1704 4136 1826 4201 quis

252 4225 427 4270 autem
460 4232 565 4269 non
602 4217 795 4280 credit,
838 4227 893 4272 et
917 4220 1182 4273 rationem
1206 4224 1487 4291 exposcit;
1520 4224 1653 4278 nihil
1697 4239 1824 4296 pro-

251 4304 397 4360 hibet
426 4306 657 4376 religiosi
684 4310 840 4364 unius
873 4311 1189 4366 memoriam
1213 4326 1310 4367 nos
1343 4324 1604 4384 repetere.
1631 4325 1684 4370 et
1702 4332 1827 4385 pro-

250 4399 393 4454 ferre
428 4400 479 4453 in
511 4400 767 4455 medium.
810 4401 863 4455 ln
909 4402 1373 4459 Autiochenorum
1418 4406 1511 4462 illa
1545 4409 1681 4464 urbe
1713 4407 1825 4463 Ro-

251 4504 443 4544 manus
466 4491 681 4559 quidam
707 4492 913 4547 exstitit
938 4503 1163 4565 martyr.
1188 4493 1293 4550 Iste
1320 4497 1637 4565 peregrinus
1664 4498 1828 4553 adve-

1924 3312 2106 3371 utpote
2152 3300 2421 3367 ﬂammas,
2474 3302 2556 3356 vel
2608 3304 2753 3371 quod
2804 3303 2912 3374 igni
2970 3314 3095 3373 apta
3148 3302 3406 3359 videntur
3442 3306 3510 3357 ad

1926 3387 2316 3454 incensiouem,
2360 3390 2738 3460 imponebatur
2763 3400 2943 3446 autem
2984 3392 3175 3448 vivens
3210 3392 3511 3455 immolatio

1925 3481 1979 3537 in
2029 3482 2153 3550 igne
2201 3482 2336 3555 (59).
2383 3480 2510 3540 Haec
2562 3499 2685 3538 cum
2723 3483 2794 3539 ita
2828 3495 3142 3554 agerentur,
3196 3499 3304 3540 non
3354 3483 3511 3555 longe

1926 3581 2103 3627 autem
2154 3575 2370 3630 abesset
2415 3574 2630 3639 civitas,
2686 3584 2745 3628 ut
2780 3583 3071 3629 testaretur
3128 3575 3392 3631 veritati:
3452 3583 3510 3630 et

1925 3664 2064 3719 forte
2125 3666 2249 3734 quia
2306 3666 2525 3735 quidam
2589 3667 2655 3722 dc
2704 3665 2906 3722 Judmis
2959 3678 3051 3722 aut
3110 3666 3202 3721 alii
3258 3669 3508 3723 homines

1926 3758 2197 3825 dicebant,
2239 3760 2331 3813 ubi
2371 3768 2454 3815 est
2483 3760 2676 3815 horum
2728 3758 2903 3814 Deus?
2942 3760 3082 3816 forte
3120 3757 3509 3831 proferentium

1929 3846 2239 3903 Judzeorum
2276 3859 2386 3903 tres
2427 3864 2644 3918 pueros,
2677 3858 2730 3905 et
2761 3851 3083 3916 dicentium,
3118 3850 3244 3920 quia
3280 3850 3382 3905 sub
3416 3867 3513 3906 nos

1926 3939 2277 3994 salvabantur
2308 3955 2336 3995 a
2378 3940 2595 3996 ﬂamma
2637 3940 2876 3997 fornacis
2904 3942 3173 4007 ardentis,
3213 3942 3303 3997 isti
3332 3952 3511 3997 autem

1927 4034 2158 4087 ardent:
2189 4035 2338 4104 atqui
2365 4034 2488 4090 εωιὶ
2524 4036 2675 4104 jubet
2702 4036 2970 4091 Dominus
3001 4036 3235 4092 nubibus
3259 4040 3512 4094 coronari

1926 4124 2147 4181 cmlum.
2188 4125 2501 4196 Adimplens
2549 4137 2730 4182 autem
2781 4127 2935 4182 sinus
2980 4129 3203 4183 nubium
3245 4132 3514 4200 grandine

1928 4228 1983 4271 et
2022 4218 2198 4273 imbre
2245 4219 2535 4274 admodum
2576 4220 2907 4285 vehementi,
2962 4228 3018 4275 et
3073 4222 3282 4277 addens
3320 4233 3513 4277 ventos

1931 4310 1999 4364 ad
2055 4309 2296 4365 velocem
2349 4309 2700 4366 emissionem
2750 4327 2939 4367 eorum
2987 4329 3002 4366 :
3060 4326 3235 4382 neque
3292 4318 3514 4369 accendt

1928 4400 2202 4457 ﬂammam
2228 4405 2513 4472 permittit,
2551 4406 3017 4460 vehementiorem
3040 4407 3342 4462 ostendens
3377 4408 3516 4462 hanc

1934 4498 2209 4562 virtutem,
2263 4514 2428 4568 quam
2491 4498 2633 4566 apud
2685 4496 3054 4569 Babyloniam.
3110 4497 3223 4553 Illic
3283 4500 3428 4555 enim
3485 4514 3515 4555 e

251 4588 406 4635 uerat
435 4580 543 4633 illo.
579 4581 711 4635 Cum
751 4583 1141 4652 autemjactari
1181 4600 1209 4637 a
1245 4586 1655 4655 tempestatibus
1683 4586 1825 4641 illam
1859 4594 1904 4649 D
1932 4585 2148 4641 ﬂamma
2187 4595 2298 4644 tres
2337 4602 2533 4658 pueros
2570 4589 2825 4644 liberavit
2855 4603 2870 4643 :
2907 4588 3031 4645 istic
3062 4600 3246 4643 autem
3291 4604 3357 4645 ne
3392 4591 3515 4659 qui-

251 4680 380 4726 tunc
412 4672 617 4726 videret
643 4672 916 4728 civitatem
973 4674 1277 4747 (invenerat
1302 4678 1444 4732 enim
1473 4678 1588 4749 jam
1630 4679 1828 4734 multos

250 4763 450 4819 milites
482 4766 746 4822 cecidisse
796 4770 1114 4842 Ecclesiae),
1158 4788 1263 4828 non
1320 4784 1404 4829 est
1450 4789 1644 4843 passus
1696 4776 1828 4831 dare

248 4855 464 4911 diabolo
492 4866 549 4910 ut
572 4860 868 4916 exsultaret
904 4879 916 4914 :
948 4866 1041 4918 sed
1081 4866 1448 4922 exsultantem
1476 4868 1715 4938 judicem
1760 4870 1827 4923 de

248 4947 336 5001 his
368 4948 455 5016 qui
482 4946 699 5003 fuerant
720 4955 960 5019 superati
990 4956 1325 5026 aggreditur,
1357 4958 1462 5011 vim
1493 4956 1705 5012 faciens
1734 4974 1822 5012 re-

246 5054 355 5109 gno
380 5054 505 5095 vero
538 5053 687 5109 rapto
710 5042 822 5112 (57)
866 5060 881 5096 :
932 5056 985 5100 et
1010 5049 1137 5101 dicit
1172 5066 1184 5100 :
1215 5047 1330 5104 Non
1374 5049 1595 5105 recedes
1647 5051 1823 5105 laetus.

250 5131 430 5186 Habet
460 5134 602 5187 enim
639 5132 782 5189 Deus
810 5137 1010 5192 milites
1043 5142 1135 5207 qui
1170 5140 1413 5211 superari
1440 5157 1546 5195 non
1576 5153 1825 5210 possunt.

247 5219 421 5276 iudex
448 5232 628 5276 autem
654 5224 838 5281 ebrius
872 5227 925 5279 in
983 5230 1207 5283 victoria
1256 5244 1445 5285 eormn
1492 5233 1583 5300 qui
1615 5230 1832 5287 fuerant

248 5316 511 5384 superati,
546 5330 611 5370 ex
665 5314 878 5371 illorum
909 5319 1283 5377 imbecillitate
1336 5324 1616 5380 aestimans
1656 5326 1831 5380 sancti

323 5466 438 5540 (52)
468 5466 744 5545 Proposuit
770 5488 823 5524 se
843 5473 1064 5527 comedi.
1094 5472 1299 5544 Sponte
1342 5491 1401 5531 se
1428 5475 1622 5532 obtulit
1655 5477 1827 5545 leoni-

250 5538 354 5594 ὑπὸ
374 5543 693 5593 vorandum.

324 5606 437 5679 (55)
487 5606 797 5687 Hoforqusti
829 5609 977 5677 facti.
1012 5612 1371 5687 ξολοκαρστοὶ
1408 5617 1460 5671 id
1488 5626 1574 5671 est
1615 5618 1829 5687 penitus

250 5679 577 5802 cogitumpti,
598 5690 653 5732 et
673 5682 986 5738 holocausut
1006 5683 1155 5749 facti,
1186 5686 1229 5738 si
1247 5700 1462 5756 spectes
1484 5679 1696 5742 illorum
1716 5688 1832 5741 ala-

252 5764 317 5802 "
358 5763 392 5802 .
416 5765 523 5802 θιη.

252 5758 523 5805 alentem.

460 5816 904 5895 Satitchtt'onem.
936 5822 1251 5893 Ἀπολογίαν
1276 5841 1434 5895 supra
1460 5827 1742 5885 col.1095.
1764 5827 1826 5884 Β.

327 5817 415 5891 (54
460 5816 904 5886 Satitfactt'onent.

327 5816 441 5960 (53;
475 5893 614 5959 Ipse.
638 5888 744 5943 Pro
771 5890 926 5945 idem.

574 5984 829 6051 Puram.
872 5986 1242 6055 Ga.XXiV.

1934 4680 2055 4733 dem
2103 4680 2324 4734 accendi
2368 4678 2598 4736 ﬂammae
2640 4695 2964 4737 concessum
3011 4690 3117 4736 est.
3169 4679 3257 4735 Fit
3305 4683 3515 4736 turbela

1934 4786 2041 4825 non
2075 4769 2209 4825 levis
2246 4790 2260 4826 :
2315 4774 2632 4827 nuntiantur
2668 4772 2782 4845 (60)
2822 4782 3056 4846 tyranno
3103 4775 3233 4843 quia
3276 4784 3516 4842 martyre

1934 4863 2135 4919 tradito
2168 4864 2275 4935 igni
2303 4865 2501 4919 caalum
2535 4867 2873 4937 indignatum
2904 4876 3009 4933 est,
3044 4873 3099 4919 et
3121 4865 3247 4936 quia
3274 4866 3513 4920 caelestis

1933 4971 2026 5011 rex
2057 4970 2185 5011 suos
2214 4957 2305 5025 qui
2343 4958 2397 5010 in
2444 4968 2587 5012 terra
2630 4958 2901 5013 habentur
2928 4959 3193 5012 defendit.
3232 4957 3358 5012 Haec
3386 4973 3510 5012 cum

1932 5048 2173 5102 audisset
2200 5061 2483 5118 tyrannus,
2503 5060 2557 5103 et
2581 5065 2707 5104 cum
2734 5049 2890 5104 valde
2917 5048 3173 5117 injuriatn
3199 5048 3517 5106 defenderet

1932 5152 2087 5193 suam
2113 5137 2311 5194 factam
2342 5155 2437 5209 per
2462 5141 2726 5210 linguam,
2758 5142 2912 5210 jubet
2934 5143 3103 5209 judici
3136 5141 3250 5210 jam
3284 5156 3387 5194 non
3421 5142 3515 5195 de-

1934 5233 2064 5287 bere
2090 5233 2299 5302 jurgari
2325 5249 2447 5288 eum
2481 5235 2548 5288 ad
2574 5233 2768 5293 Deum.
2797 5237 2890 5291 sed
2924 5235 3085 5289 istum
3114 5250 3274 5297 quem
3312 5234 3512 5290 libera-

1938 5328 2015 5381 vit
2054 5327 2195 5383 Deus
2227 5327 2427 5382 dimitti
2466 5327 2687 5383 debere.
2735 5328 2804 5383 Et
2851 5338 3032 5383 noster
3072 5330 3236 5393 igitur
3268 5326 3513 5382 Anauias

2019 5480 2089 5535 56
2142 5478 2473 5535 Incredibili.
2498 5479 2603 5534 Pro
2634 5481 2925 5535 incredula.

2022 5479 2112 5622 57)
2148 5550 2322 5622 Regna
2349 5566 2467 5604 vero
2498 5560 2673 5622 rapta.
2718 5552 2873 5619 Quod
2907 5568 2925 5605 ι

2022 5550 2112 5621 57)
2148 5550 2322 5621 Regna
2349 5566 2467 5604 vero
2498 5560 2673 5621 rapta.
2718 5552 2873 5619 Quod
2907 5551 3121 5606 violenti
3162 5552 3400 5621 rapiunt,
3460 5564 3517 5607 ut

1929 5619 2131 5677 dicitur
2154 5619 2342 5674 Matth.
2383 5636 2461 5686 ιι,
2509 5620 2593 5673 12.

1999 5691 2111 5763 (58)
2146 5689 2245 5763 his.
2278 5689 2578 5763 {Estimarns
2605 5689 2758 5763 fortia
2778 5692 3152 5748 constantiam.

2000 5761 2112 5833 (59)
2146 5761 2250 5833 his.
2286 5761 2658 5833 Imponebatur
2680 5761 2852 5817 vivens
2882 5764 3179 5816 immolatie
3208 5761 3262 5816 in
3294 5762 3435 5833 igne.

2001 5766 2090 5833 (59
2146 5766 2250 5815 Ms.
2286 5766 2658 5828 Imponebatur
2680 5766 2852 5817 vivens
2882 5766 3050 5815 immol

2001 5766 2114 5906 (ϐος
2159 5829 2515 5887 Nuntiantur.
2555 5831 2718 5890 Forte
2754 5834 3050 5889 nuntiatur.

3119 5996 3195 6055 32')
