  <div class='ocr_page' id='page_1' title='image "/cluster/home/n/w/nwhite01/storage/ocr_20150623/24/ien.35556001660497/561.png"; bbox 0 0 4000 6440; ppageno 0'>
   <div class='ocr_carea' id='block_1_1' title="bbox 608 447 750 506">
    <p class='ocr_par' dir='ltr' id='par_1_1' title="bbox 608 447 750 506">
     <span class='ocr_line' id='line_1_1' title="bbox 608 447 750 506; baseline 0 0"><span class='ocrx_word' id='word_1_1' title='bbox 608 447 750 506; x_wconf 70' lang='grc'><strong>1099</strong></span> 
     </span>
    </p>
   </div>
   <div class='ocr_carea' id='block_1_2' title="bbox 1313 440 3176 506">
    <p class='ocr_par' dir='ltr' id='par_1_2' title="bbox 1313 440 3176 506">
     <span class='ocr_line' id='line_1_2' title="bbox 1313 440 3176 506; baseline 0.002 -5"><span class='ocrx_word' id='word_1_2' title='bbox 1313 442 1581 501; x_wconf 78' lang='lat' dir='ltr'><strong>EUSEBII</strong></span> <span class='ocrx_word' id='word_1_3' title='bbox 1617 441 2088 504; x_wconf 67' lang='lat' dir='ltr'><strong>CESARIENSIS</strong></span> <span class='ocrx_word' id='word_1_4' title='bbox 2124 440 2272 499; x_wconf 84' lang='lat' dir='ltr'><strong>OPP.</strong></span> <span class='ocrx_word' id='word_1_5' title='bbox 2312 442 2494 506; x_wconf 70' lang='lat' dir='ltr'><strong>PARS</strong></span> <span class='ocrx_word' id='word_1_6' title='bbox 2527 445 2616 499; x_wconf 78' lang='lat' dir='ltr'><strong>IV.</strong></span> <span class='ocrx_word' id='word_1_7' title='bbox 2655 476 2724 488; x_wconf 89' lang='lat'><strong>-—</strong></span> <span class='ocrx_word' id='word_1_8' title='bbox 2758 443 3176 504; x_wconf 68' lang='lat' dir='ltr'><strong>DOGMATICA.</strong></span> 
     </span>
    </p>
   </div>
   <div class='ocr_carea' id='block_1_3' title="bbox 609 556 3839 633">
    <p class='ocr_par' dir='ltr' id='par_1_3' title="bbox 609 556 3839 633">
     <span class='ocr_line' id='line_1_3' title="bbox 609 556 3839 633; baseline 0.001 -16"><span class='ocrx_word' id='word_1_9' title='bbox 609 563 755 619; x_wconf 88' lang='lat' dir='ltr'><strong>velut</strong></span> <span class='ocrx_word' id='word_1_10' title='bbox 783 576 853 619; x_wconf 80' lang='lat' dir='ltr'><strong>ea</strong></span> <span class='ocrx_word' id='word_1_11' title='bbox 889 560 1011 632; x_wconf 72' lang='lat' dir='ltr'><strong>igne</strong></span> <span class='ocrx_word' id='word_1_12' title='bbox 1033 556 1339 631; x_wconf 68' lang='lat' dir='ltr'><strong>dimittitur.</strong></span> <span class='ocrx_word' id='word_1_13' title='bbox 1365 558 1545 616; x_wconf 36' lang='lat' dir='ltr'><strong>Iudex.</strong></span> <span class='ocrx_word' id='word_1_14' title='bbox 1561 570 1739 616; x_wconf 87' lang='lat' dir='ltr'><strong>autem</strong></span> <span class='ocrx_word' id='word_1_15' title='bbox 1762 560 2045 615; x_wconf 75' lang='lat' dir='ltr'><strong>blandiens</strong></span> <span class='ocrx_word' id='word_1_16' title='bbox 2074 568 2157 631; x_wconf 84' lang='lat' dir='ltr'><strong>ty-</strong></span> <span class='ocrx_word' id='word_1_17' title='bbox 2190 565 2236 620; x_wconf 76' lang='grc' dir='ltr'>Α</span> <span class='ocrx_word' id='word_1_18' title='bbox 2263 562 2425 616; x_wconf 90' lang='lat' dir='ltr'><strong>senti.</strong></span> <span class='ocrx_word' id='word_1_19' title='bbox 2467 562 2666 618; x_wconf 88' lang='lat' dir='ltr'><strong>lterum</strong></span> <span class='ocrx_word' id='word_1_20' title='bbox 2712 564 2803 633; x_wconf 86' lang='lat' dir='ltr'><strong>qui</strong></span> <span class='ocrx_word' id='word_1_21' title='bbox 2853 564 3117 619; x_wconf 70' lang='lat' dir='ltr'><strong>inciderat</strong></span> <span class='ocrx_word' id='word_1_22' title='bbox 3159 565 3425 631; x_wconf 89' lang='lat' dir='ltr'><strong>medicus,</strong></span> <span class='ocrx_word' id='word_1_23' title='bbox 3482 565 3839 621; x_wconf 62' lang='lat' dir='ltr'><strong>constituitur</strong></span> 
     </span>
    </p>
   </div>
   <div class='ocr_carea' id='block_1_4' title="bbox 611 649 2166 723">
    <p class='ocr_par' dir='ltr' id='par_1_4' title="bbox 611 649 2166 723">
     <span class='ocr_line' id='line_1_4' title="bbox 611 649 2166 723; baseline -0.001 -17"><span class='ocrx_word' id='word_1_24' title='bbox 611 666 800 718; x_wconf 88' lang='lat' dir='ltr'><strong>ranno,</strong></span> <span class='ocrx_word' id='word_1_25' title='bbox 846 650 1067 723; x_wconf 72' lang='lat' dir='ltr'><strong>iniquus</strong></span> <span class='ocrx_word' id='word_1_26' title='bbox 1110 649 1389 706; x_wconf 91' lang='lat' dir='ltr'><strong>voluntate</strong></span> <span class='ocrx_word' id='word_1_27' title='bbox 1440 662 1500 707; x_wconf 90' lang='lat' dir='ltr'><strong>et</strong></span> <span class='ocrx_word' id='word_1_28' title='bbox 1542 654 1838 723; x_wconf 89' lang='lat' dir='ltr'><strong>proposito,</strong></span> <span class='ocrx_word' id='word_1_29' title='bbox 1883 650 2003 707; x_wconf 90' lang='lat' dir='ltr'><strong>sine</strong></span> <span class='ocrx_word' id='word_1_30' title='bbox 2056 649 2166 705; x_wconf 87' lang='lat' dir='ltr'><strong>Deo</strong></span> 
     </span>
    </p>
   </div>
   <div class='ocr_carea' id='block_1_5' title="bbox 607 740 2167 811">
    <p class='ocr_par' dir='ltr' id='par_1_5' title="bbox 607 740 2167 811">
     <span class='ocr_line' id='line_1_5' title="bbox 607 740 2167 811; baseline 0.001 -15"><span class='ocrx_word' id='word_1_31' title='bbox 607 741 826 811; x_wconf 83' lang='lat' dir='ltr'><strong>degens,</strong></span> <span class='ocrx_word' id='word_1_32' title='bbox 852 741 1076 811; x_wconf 87' lang='lat' dir='ltr'><strong>cupiens</strong></span> <span class='ocrx_word' id='word_1_33' title='bbox 1106 740 1241 796; x_wconf 83' lang='lat' dir='ltr'><strong>nihil</strong></span> <span class='ocrx_word' id='word_1_34' title='bbox 1277 740 1470 797; x_wconf 84' lang='lat' dir='ltr'><strong>deesse</strong></span> <span class='ocrx_word' id='word_1_35' title='bbox 1504 741 1893 797; x_wconf 86' lang='lat' dir='ltr'><strong>blandimentis</strong></span> <span class='ocrx_word' id='word_1_36' title='bbox 1912 743 2047 809; x_wconf 83' lang='lat' dir='ltr'><strong>suis,</strong></span> <span class='ocrx_word' id='word_1_37' title='bbox 2082 742 2167 797; x_wconf 89' lang='lat' dir='ltr'><strong>in-</strong></span> 
     </span>
    </p>
   </div>
   <div class='ocr_carea' id='block_1_6' title="bbox 603 828 2165 903">
    <p class='ocr_par' dir='ltr' id='par_1_6' title="bbox 603 828 2165 903">
     <span class='ocr_line' id='line_1_6' title="bbox 603 828 2165 903; baseline 0.004 -22"><span class='ocrx_word' id='word_1_38' title='bbox 603 832 754 887; x_wconf 82' lang='lat' dir='ltr'><strong>venit</strong></span> <span class='ocrx_word' id='word_1_39' title='bbox 775 831 959 903; x_wconf 87' lang='lat' dir='ltr'><strong>nescio</strong></span> <span class='ocrx_word' id='word_1_40' title='bbox 987 828 1115 900; x_wconf 90' lang='lat' dir='ltr'><strong>quid</strong></span> <span class='ocrx_word' id='word_1_41' title='bbox 1148 844 1345 886; x_wconf 89' lang='lat' dir='ltr'><strong>novum</strong></span> <span class='ocrx_word' id='word_1_42' title='bbox 1371 829 1633 886; x_wconf 85' lang='lat' dir='ltr'><strong>adversus</strong></span> <span class='ocrx_word' id='word_1_43' title='bbox 1654 839 1925 897; x_wconf 86' lang='lat' dir='ltr'><strong>sanctum,</strong></span> <span class='ocrx_word' id='word_1_44' title='bbox 1960 833 2165 888; x_wconf 79' lang='lat' dir='ltr'><strong>addens</strong></span> 
     </span>
    </p>
   </div>
   <div class='ocr_carea' id='block_1_7' title="bbox 602 902 2167 989">
    <p class='ocr_par' dir='ltr' id='par_1_7' title="bbox 602 902 2167 989">
     <span class='ocr_line' id='line_1_7' title="bbox 602 902 2167 989; baseline 0.001 -12"><span class='ocrx_word' id='word_1_45' title='bbox 602 902 1017 977; x_wconf 78' lang='lat' dir='ltr'><strong>admirationem</strong></span> <span class='ocrx_word' id='word_1_46' title='bbox 1071 902 1541 976; x_wconf 71' lang='lat' dir='ltr'><strong>admirationibns.</strong></span> <span class='ocrx_word' id='word_1_47' title='bbox 1594 919 1731 989; x_wconf 85' lang='lat' dir='ltr'><strong>Quid</strong></span> <span class='ocrx_word' id='word_1_48' title='bbox 1792 923 1937 977; x_wconf 90' lang='lat' dir='ltr'><strong>enim</strong></span> <span class='ocrx_word' id='word_1_49' title='bbox 1994 922 2167 979; x_wconf 77' lang='lat' dir='ltr'><strong>facit?</strong></span> 
     </span>
    </p>
   </div>
   <div class='ocr_carea' id='block_1_8' title="bbox 604 1010 2154 1085">
    <p class='ocr_par' dir='ltr' id='par_1_8' title="bbox 604 1010 2154 1085">
     <span class='ocr_line' id='line_1_8' title="bbox 604 1010 2154 1085; baseline 0 -16"><span class='ocrx_word' id='word_1_50' title='bbox 604 1013 847 1084; x_wconf 72' lang='lat' dir='ltr'><strong>praecipit</strong></span> <span class='ocrx_word' id='word_1_51' title='bbox 876 1012 1116 1085; x_wconf 87' lang='lat' dir='ltr'><strong>linguam</strong></span> <span class='ocrx_word' id='word_1_52' title='bbox 1152 1025 1255 1080; x_wconf 88' lang='lat' dir='ltr'><strong>qua</strong></span> <span class='ocrx_word' id='word_1_53' title='bbox 1295 1010 1473 1067; x_wconf 90' lang='lat' dir='ltr'><strong>fuerat</strong></span> <span class='ocrx_word' id='word_1_54' title='bbox 1518 1012 1727 1068; x_wconf 91' lang='lat' dir='ltr'><strong>locutus</strong></span> <span class='ocrx_word' id='word_1_55' title='bbox 1762 1014 1815 1067; x_wconf 90' lang='lat' dir='ltr'><strong>in</strong></span> <span class='ocrx_word' id='word_1_56' title='bbox 1855 1013 2154 1082; x_wconf 84' lang='lat' dir='ltr'><strong>hominem,</strong></span> 
     </span>
    </p>
   </div>
   <div class='ocr_carea' id='block_1_9' title="bbox 603 1103 2161 1175">
    <p class='ocr_par' dir='ltr' id='par_1_9' title="bbox 603 1103 2161 1175">
     <span class='ocr_line' id='line_1_9' title="bbox 603 1103 2161 1175; baseline -0.001 -15"><span class='ocrx_word' id='word_1_57' title='bbox 603 1120 670 1160; x_wconf 91' lang='lat' dir='ltr'><strong>eo</strong></span> <span class='ocrx_word' id='word_1_58' title='bbox 699 1105 841 1173; x_wconf 90' lang='lat' dir='ltr'><strong>quod</strong></span> <span class='ocrx_word' id='word_1_59' title='bbox 882 1117 987 1158; x_wconf 92' lang='lat' dir='ltr'><strong>non</strong></span> <span class='ocrx_word' id='word_1_60' title='bbox 1044 1110 1334 1175; x_wconf 71' lang='lat' dir='ltr'><strong>negaverat</strong></span> <span class='ocrx_word' id='word_1_61' title='bbox 1382 1103 1569 1171; x_wconf 89' lang='lat' dir='ltr'><strong>Deum,</strong></span> <span class='ocrx_word' id='word_1_62' title='bbox 1610 1103 1794 1159; x_wconf 89' lang='lat' dir='ltr'><strong>incidi.</strong></span> <span class='ocrx_word' id='word_1_63' title='bbox 1836 1103 1902 1159; x_wconf 82' lang='lat' dir='ltr'><strong>Et</strong></span> <span class='ocrx_word' id='word_1_64' title='bbox 1942 1105 2161 1175; x_wconf 90' lang='lat' dir='ltr'><strong>quidam</strong></span> 
     </span>
    </p>
   </div>
   <div class='ocr_carea' id='block_1_10' title="bbox 603 1193 2164 1265">
    <p class='ocr_par' dir='ltr' id='par_1_10' title="bbox 603 1193 2164 1265">
     <span class='ocr_line' id='line_1_10' title="bbox 603 1193 2164 1265; baseline 0.001 -14"><span class='ocrx_word' id='word_1_65' title='bbox 603 1194 848 1251; x_wconf 84' lang='lat' dir='ltr'><strong>medicus</strong></span> <span class='ocrx_word' id='word_1_66' title='bbox 878 1193 969 1263; x_wconf 90' lang='lat' dir='ltr'><strong>qui</strong></span> <span class='ocrx_word' id='word_1_67' title='bbox 998 1194 1110 1264; x_wconf 75' lang='lat' dir='ltr'><strong>iam</strong></span> <span class='ocrx_word' id='word_1_68' title='bbox 1156 1202 1340 1250; x_wconf 87' lang='lat' dir='ltr'><strong>ruerat</strong></span> <span class='ocrx_word' id='word_1_69' title='bbox 1377 1208 1482 1249; x_wconf 89' lang='lat' dir='ltr'><strong>nou</strong></span> <span class='ocrx_word' id='word_1_70' title='bbox 1528 1196 1807 1265; x_wconf 87' lang='lat' dir='ltr'><strong>proposito</strong></span> <span class='ocrx_word' id='word_1_71' title='bbox 1840 1195 1935 1251; x_wconf 88' lang='lat' dir='ltr'><strong>sed</strong></span> <span class='ocrx_word' id='word_1_72' title='bbox 1980 1199 2164 1253; x_wconf 89' lang='lat' dir='ltr'><strong>carnis</strong></span> 
     </span>
    </p>
   </div>
   <div class='ocr_carea' id='block_1_11' title="bbox 602 1280 2163 1357">
    <p class='ocr_par' dir='ltr' id='par_1_11' title="bbox 602 1280 2163 1357">
     <span class='ocr_line' id='line_1_11' title="bbox 602 1280 2163 1357; baseline 0.001 -15"><span class='ocrx_word' id='word_1_73' title='bbox 602 1280 952 1351; x_wconf 87' lang='lat' dir='ltr'><strong>inllrmi&#39;tate;</strong></span> <span class='ocrx_word' id='word_1_74' title='bbox 1005 1288 1129 1355; x_wconf 84' lang='lat' dir='ltr'><strong>quia</strong></span> <span class='ocrx_word' id='word_1_75' title='bbox 1169 1285 1312 1343; x_wconf 88' lang='lat' dir='ltr'><strong>enim</strong></span> <span class='ocrx_word' id='word_1_76' title='bbox 1353 1288 1468 1354; x_wconf 87' lang='lat' dir='ltr'><strong>ipse</strong></span> <span class='ocrx_word' id='word_1_77' title='bbox 1508 1285 1685 1341; x_wconf 90' lang='lat' dir='ltr'><strong>fuerat</strong></span> <span class='ocrx_word' id='word_1_78' title='bbox 1728 1295 2017 1357; x_wconf 86' lang='lat' dir='ltr'><strong>superatus</strong></span> <span class='ocrx_word' id='word_1_79' title='bbox 2046 1289 2163 1343; x_wconf 78' lang='lat' dir='ltr'><strong>exi-</strong></span> 
     </span>
    </p>
   </div>
   <div class='ocr_carea' id='block_1_12' title="bbox 601 1377 2161 1449">
    <p class='ocr_par' dir='ltr' id='par_1_12' title="bbox 601 1377 2161 1449">
     <span class='ocr_line' id='line_1_12' title="bbox 601 1377 2161 1449; baseline 0.002 -18"><span class='ocrx_word' id='word_1_80' title='bbox 601 1377 711 1444; x_wconf 91' lang='lat' dir='ltr'><strong>vit;</strong></span> <span class='ocrx_word' id='word_1_81' title='bbox 735 1378 997 1433; x_wconf 77' lang='lat' dir='ltr'><strong>exsultari</strong></span> <span class='ocrx_word' id='word_1_82' title='bbox 1026 1378 1155 1433; x_wconf 88' lang='lat' dir='ltr'><strong>libet</strong></span> <span class='ocrx_word' id='word_1_83' title='bbox 1180 1377 1247 1432; x_wconf 89' lang='lat' dir='ltr'><strong>de</strong></span> <span class='ocrx_word' id='word_1_84' title='bbox 1277 1377 1502 1433; x_wconf 86' lang='lat' dir='ltr'><strong>victoria</strong></span> <span class='ocrx_word' id='word_1_85' title='bbox 1530 1378 1876 1447; x_wconf 77' lang='lat' dir='ltr'><strong>superantis:</strong></span> <span class='ocrx_word' id='word_1_86' title='bbox 1908 1381 2161 1449; x_wconf 86' lang='lat' dir='ltr'><strong>provenit</strong></span> 
     </span>
    </p>
   </div>
   <div class='ocr_carea' id='block_1_13' title="bbox 602 1468 2161 1540">
    <p class='ocr_par' dir='ltr' id='par_1_13' title="bbox 602 1468 2161 1540">
     <span class='ocr_line' id='line_1_13' title="bbox 602 1468 2161 1540; baseline 0.001 -18"><span class='ocrx_word' id='word_1_87' title='bbox 602 1481 782 1523; x_wconf 78' lang='lat' dir='ltr'><strong>autem</strong></span> <span class='ocrx_word' id='word_1_88' title='bbox 818 1470 983 1525; x_wconf 85' lang='lat' dir='ltr'><strong>istum</strong></span> <span class='ocrx_word' id='word_1_89' title='bbox 1027 1476 1246 1537; x_wconf 89' lang='lat' dir='ltr'><strong>portare</strong></span> <span class='ocrx_word' id='word_1_90' title='bbox 1294 1468 1633 1526; x_wconf 87' lang='lat' dir='ltr'><strong>medicinalia</strong></span> <span class='ocrx_word' id='word_1_91' title='bbox 1673 1480 2041 1540; x_wconf 88' lang='lat' dir='ltr'><strong>operamenta.</strong></span> <span class='ocrx_word' id='word_1_92' title='bbox 2097 1471 2161 1526; x_wconf 88' lang='lat' dir='ltr'><strong>Et</strong></span> 
     </span>
    </p>
   </div>
   <div class='ocr_carea' id='block_1_14' title="bbox 601 1560 2159 1618">
    <p class='ocr_par' dir='ltr' id='par_1_14' title="bbox 601 1560 2159 1618">
     <span class='ocr_line' id='line_1_14' title="bbox 601 1560 2159 1618; baseline 0.002 -3"><span class='ocrx_word' id='word_1_93' title='bbox 601 1560 768 1615; x_wconf 80' lang='lat' dir='ltr'><strong>exivit</strong></span> <span class='ocrx_word' id='word_1_94' title='bbox 800 1570 862 1616; x_wconf 89' lang='lat' dir='ltr'><strong>ut</strong></span> <span class='ocrx_word' id='word_1_95' title='bbox 897 1560 1266 1617; x_wconf 77' lang='lat' dir='ltr'><strong>consolaretur</strong></span> <span class='ocrx_word' id='word_1_96' title='bbox 1305 1575 1457 1615; x_wconf 90' lang='lat' dir='ltr'><strong>suam</strong></span> <span class='ocrx_word' id='word_1_97' title='bbox 1506 1560 1717 1615; x_wconf 88' lang='lat' dir='ltr'><strong>ruinam</strong></span> <span class='ocrx_word' id='word_1_98' title='bbox 1748 1578 1762 1614; x_wconf 91' lang='lat'><strong>:</strong></span> <span class='ocrx_word' id='word_1_99' title='bbox 1800 1562 2051 1618; x_wconf 89' lang='lat' dir='ltr'><strong>inventus</strong></span> <span class='ocrx_word' id='word_1_100' title='bbox 2078 1572 2159 1618; x_wconf 81' lang='lat' dir='ltr'><strong>est</strong></span> 
     </span>
    </p>
   </div>
   <div class='ocr_carea' id='block_1_15' title="bbox 602 1650 2156 1725">
    <p class='ocr_par' dir='ltr' id='par_1_15' title="bbox 602 1650 2156 1725">
     <span class='ocr_line' id='line_1_15' title="bbox 602 1650 2156 1725; baseline 0.003 -21"><span class='ocrx_word' id='word_1_101' title='bbox 602 1653 655 1705; x_wconf 87' lang='lat' dir='ltr'><strong>in</strong></span> <span class='ocrx_word' id='word_1_102' title='bbox 694 1651 854 1723; x_wconf 83' lang='lat' dir='ltr'><strong>aliam</strong></span> <span class='ocrx_word' id='word_1_103' title='bbox 891 1652 1237 1707; x_wconf 73' lang='lat' dir='ltr'><strong>imitationem</strong></span> <span class='ocrx_word' id='word_1_104' title='bbox 1271 1650 1567 1706; x_wconf 89' lang='lat' dir='ltr'><strong>incurrere.</strong></span> <span class='ocrx_word' id='word_1_105' title='bbox 1600 1650 1879 1722; x_wconf 66' lang='lat' dir='ltr'><strong>Praecepto</strong></span> <span class='ocrx_word' id='word_1_106' title='bbox 1899 1654 2041 1708; x_wconf 90' lang='lat' dir='ltr'><strong>enim</strong></span> <span class='ocrx_word' id='word_1_107' title='bbox 2066 1654 2156 1725; x_wconf 79' lang='lat' dir='ltr'><strong>ju-</strong></span> 
     </span>
    </p>
   </div>
   <div class='ocr_carea' id='block_1_16' title="bbox 602 1740 2157 1814">
    <p class='ocr_par' dir='ltr' id='par_1_16' title="bbox 602 1740 2157 1814">
     <span class='ocr_line' id='line_1_16' title="bbox 602 1740 2157 1814; baseline 0.003 -19"><span class='ocrx_word' id='word_1_108' title='bbox 602 1742 740 1797; x_wconf 91' lang='lat' dir='ltr'><strong>dicis</strong></span> <span class='ocrx_word' id='word_1_109' title='bbox 768 1741 1052 1797; x_wconf 83' lang='lat' dir='ltr'><strong>insistente</strong></span> <span class='ocrx_word' id='word_1_110' title='bbox 1085 1750 1144 1795; x_wconf 91' lang='lat' dir='ltr'><strong>ut</strong></span> <span class='ocrx_word' id='word_1_111' title='bbox 1174 1740 1353 1809; x_wconf 88' lang='lat' dir='ltr'><strong>lingua</strong></span> <span class='ocrx_word' id='word_1_112' title='bbox 1378 1742 1709 1796; x_wconf 89' lang='lat' dir='ltr'><strong>incideretur</strong></span> <span class='ocrx_word' id='word_1_113' title='bbox 1734 1743 1927 1805; x_wconf 85' lang='lat' dir='ltr'><strong>sancti,</strong></span> <span class='ocrx_word' id='word_1_114' title='bbox 1952 1753 2006 1798; x_wconf 92' lang='lat' dir='ltr'><strong>et</strong></span> <span class='ocrx_word' id='word_1_115' title='bbox 2031 1746 2157 1814; x_wconf 84' lang='lat' dir='ltr'><strong>quia</strong></span> 
     </span>
    </p>
   </div>
   <div class='ocr_carea' id='block_1_17' title="bbox 601 1831 2159 1902">
    <p class='ocr_par' dir='ltr' id='par_1_17' title="bbox 601 1831 2159 1902">
     <span class='ocr_line' id='line_1_17' title="bbox 601 1831 2159 1902; baseline 0.001 -15"><span class='ocrx_word' id='word_1_116' title='bbox 601 1833 851 1888; x_wconf 84' lang='lat' dir='ltr'><strong>inventus</strong></span> <span class='ocrx_word' id='word_1_117' title='bbox 885 1843 968 1888; x_wconf 85' lang='lat' dir='ltr'><strong>est</strong></span> <span class='ocrx_word' id='word_1_118' title='bbox 998 1832 1088 1887; x_wconf 90' lang='lat' dir='ltr'><strong>ille</strong></span> <span class='ocrx_word' id='word_1_119' title='bbox 1118 1840 1303 1902; x_wconf 76' lang='lat' dir='ltr'><strong>parata</strong></span> <span class='ocrx_word' id='word_1_120' title='bbox 1338 1831 1546 1887; x_wconf 88' lang='lat' dir='ltr'><strong>habens</strong></span> <span class='ocrx_word' id='word_1_121' title='bbox 1583 1833 1648 1887; x_wconf 84' lang='lat' dir='ltr'><strong>ad</strong></span> <span class='ocrx_word' id='word_1_122' title='bbox 1675 1831 1834 1887; x_wconf 87' lang='lat' dir='ltr'><strong>istam</strong></span> <span class='ocrx_word' id='word_1_123' title='bbox 1862 1837 2159 1890; x_wconf 82' lang='lat' dir='ltr'><strong>necessita-</strong></span> 
     </span>
    </p>
   </div>
   <div class='ocr_carea' id='block_1_18' title="bbox 2264 651 3839 725">
    <p class='ocr_par' dir='ltr' id='par_1_18' title="bbox 2264 651 3839 725">
     <span class='ocr_line' id='line_1_18' title="bbox 2264 651 3839 725; baseline 0.005 -20"><span class='ocrx_word' id='word_1_124' title='bbox 2264 651 2317 706; x_wconf 90' lang='lat' dir='ltr'><strong>in</strong></span> <span class='ocrx_word' id='word_1_125' title='bbox 2363 652 2573 708; x_wconf 88' lang='lat' dir='ltr'><strong>timore.</strong></span> <span class='ocrx_word' id='word_1_126' title='bbox 2618 654 2813 721; x_wconf 82' lang='lat' dir='ltr'><strong>Etiam,</strong></span> <span class='ocrx_word' id='word_1_127' title='bbox 2856 656 3058 725; x_wconf 85' lang='lat' dir='ltr'><strong>inquit,</strong></span> <span class='ocrx_word' id='word_1_128' title='bbox 3108 658 3210 712; x_wconf 86' lang='lat' dir='ltr'><strong>iste</strong></span> <span class='ocrx_word' id='word_1_129' title='bbox 3262 657 3441 712; x_wconf 92' lang='lat' dir='ltr'><strong>adhuc</strong></span> <span class='ocrx_word' id='word_1_130' title='bbox 3485 657 3839 713; x_wconf 76' lang='lat' dir='ltr'><strong>Christianas</strong></span> 
     </span>
    </p>
   </div>
   <div class='ocr_carea' id='block_1_19' title="bbox 2261 745 3840 819">
    <p class='ocr_par' dir='ltr' id='par_1_19' title="bbox 2261 745 3840 819">
     <span class='ocr_line' id='line_1_19' title="bbox 2261 745 3840 819; baseline 0.004 -20"><span class='ocrx_word' id='word_1_131' title='bbox 2261 754 2381 800; x_wconf 90' lang='lat' dir='ltr'><strong>est:</strong></span> <span class='ocrx_word' id='word_1_132' title='bbox 2416 755 2474 819; x_wconf 76' lang='lat' dir='ltr'><strong>ut</strong></span> <span class='ocrx_word' id='word_1_133' title='bbox 2502 745 2655 801; x_wconf 79' lang='lat' dir='ltr'><strong>fratri</strong></span> <span class='ocrx_word' id='word_1_134' title='bbox 2684 763 2914 817; x_wconf 88' lang='lat' dir='ltr'><strong>parcens</strong></span> <span class='ocrx_word' id='word_1_135' title='bbox 2938 750 3264 818; x_wconf 87' lang='lat' dir='ltr'><strong>contempsit</strong></span> <span class='ocrx_word' id='word_1_136' title='bbox 3285 760 3650 819; x_wconf 69' lang='lat' dir='ltr'><strong>preceptnm.</strong></span> <span class='ocrx_word' id='word_1_137' title='bbox 3681 748 3840 805; x_wconf 77' lang='lat' dir='ltr'><strong>Ferte</strong></span> 
     </span>
    </p>
   </div>
   <div class='ocr_carea' id='block_1_20' title="bbox 2261 809 3838 911">
    <p class='ocr_par' dir='ltr' id='par_1_20' title="bbox 2261 809 3838 911">
     <span class='ocr_line' id='line_1_20' title="bbox 2261 809 3838 911; baseline 0.006 -23"><span class='ocrx_word' id='word_1_138' title='bbox 2261 844 2440 891; x_wconf 85' lang='lat' dir='ltr'><strong>autem</strong></span> <span class='ocrx_word' id='word_1_139' title='bbox 2460 809 2577 902; x_wconf 56' lang='lat' dir='ltr'><strong>.ille,</strong></span> <span class='ocrx_word' id='word_1_140' title='bbox 2605 809 2829 907; x_wconf 79' lang='lat' dir='ltr'><strong>cupiens</strong></span> <span class='ocrx_word' id='word_1_141' title='bbox 2859 848 2977 908; x_wconf 91' lang='lat' dir='ltr'><strong>post</strong></span> <span class='ocrx_word' id='word_1_142' title='bbox 3009 809 3327 896; x_wconf 73' lang='lat' dir='ltr'><strong>incisionem</strong></span> <span class='ocrx_word' id='word_1_143' title='bbox 3363 809 3567 911; x_wconf 67' lang='lat' dir='ltr'><strong>lingua</strong></span> <span class='ocrx_word' id='word_1_144' title='bbox 3607 857 3723 897; x_wconf 89' lang='lat' dir='ltr'><strong>non</strong></span> <span class='ocrx_word' id='word_1_145' title='bbox 3750 857 3838 897; x_wconf 87' lang='lat' dir='ltr'><strong>sn-</strong></span> 
     </span>
    </p>
   </div>
   <div class='ocr_carea' id='block_1_21' title="bbox 2262 928 3839 998">
    <p class='ocr_par' dir='ltr' id='par_1_21' title="bbox 2262 928 3839 998">
     <span class='ocr_line' id='line_1_21' title="bbox 2262 928 3839 998; baseline 0.005 -21"><span class='ocrx_word' id='word_1_146' title='bbox 2262 937 2482 991; x_wconf 87' lang='lat' dir='ltr'><strong>peresse</strong></span> <span class='ocrx_word' id='word_1_147' title='bbox 2521 935 2837 995; x_wconf 90' lang='lat' dir='ltr'><strong>martyrem,</strong></span> <span class='ocrx_word' id='word_1_148' title='bbox 2887 938 2941 982; x_wconf 91' lang='lat' dir='ltr'><strong>et</strong></span> <span class='ocrx_word' id='word_1_149' title='bbox 2984 928 3174 998; x_wconf 84' lang='lat' dir='ltr'><strong>majori</strong></span> <span class='ocrx_word' id='word_1_150' title='bbox 3238 943 3498 993; x_wconf 76' lang='lat' dir='ltr'><strong>mensura</strong></span> <span class='ocrx_word' id='word_1_151' title='bbox 3545 930 3743 986; x_wconf 79' lang='lat' dir='ltr'><strong>incidit</strong></span> <span class='ocrx_word' id='word_1_152' title='bbox 3779 935 3839 985; x_wconf 89' lang='lat' dir='ltr'><strong>ad</strong></span> 
     </span>
    </p>
   </div>
   <div class='ocr_carea' id='block_1_22' title="bbox 2262 1013 3838 1087">
    <p class='ocr_par' dir='ltr' id='par_1_22' title="bbox 2262 1013 3838 1087">
     <span class='ocr_line' id='line_1_22' title="bbox 2262 1013 3838 1087; baseline 0.007 -22"><span class='ocrx_word' id='word_1_153' title='bbox 2262 1013 2688 1070; x_wconf 80' lang='lat' dir='ltr'><strong>interfectionem</strong></span> <span class='ocrx_word' id='word_1_154' title='bbox 2719 1017 2896 1083; x_wconf 85' lang='lat' dir='ltr'><strong>potius</strong></span> <span class='ocrx_word' id='word_1_155' title='bbox 2916 1031 3076 1087; x_wconf 89' lang='lat' dir='ltr'><strong>quam</strong></span> <span class='ocrx_word' id='word_1_156' title='bbox 3105 1017 3173 1071; x_wconf 92' lang='lat' dir='ltr'><strong>ad</strong></span> <span class='ocrx_word' id='word_1_157' title='bbox 3197 1019 3605 1087; x_wconf 66' lang='lat' dir='ltr'><strong>praecisionem.</strong></span> <span class='ocrx_word' id='word_1_158' title='bbox 3633 1021 3838 1076; x_wconf 80' lang='lat' dir='ltr'><strong>Tamen</strong></span> 
     </span>
    </p>
   </div>
   <div class='ocr_carea' id='block_1_23' title="bbox 2260 1105 3839 1177">
    <p class='ocr_par' dir='ltr' id='par_1_23' title="bbox 2260 1105 3839 1177">
     <span class='ocr_line' id='line_1_23' title="bbox 2260 1105 3839 1177; baseline 0.004 -18"><span class='ocrx_word' id='word_1_159' title='bbox 2260 1105 2687 1173; x_wconf 86' lang='lat' dir='ltr'><strong>comprehensus</strong></span> <span class='ocrx_word' id='word_1_160' title='bbox 2726 1106 2967 1163; x_wconf 89' lang='lat' dir='ltr'><strong>medicus</strong></span> <span class='ocrx_word' id='word_1_161' title='bbox 3013 1108 3315 1163; x_wconf 86' lang='lat' dir='ltr'><strong>ducebatur</strong></span> <span class='ocrx_word' id='word_1_162' title='bbox 3356 1109 3426 1164; x_wconf 87' lang='lat' dir='ltr'><strong>ad</strong></span> <span class='ocrx_word' id='word_1_163' title='bbox 3458 1109 3738 1177; x_wconf 78' lang='lat' dir='ltr'><strong>iudicem,</strong></span> <span class='ocrx_word' id='word_1_164' title='bbox 3788 1120 3839 1166; x_wconf 84' lang='lat' dir='ltr'><strong>et</strong></span> 
     </span>
    </p>
   </div>
   <div class='ocr_carea' id='block_1_24' title="bbox 2261 1196 3838 1269">
    <p class='ocr_par' dir='ltr' id='par_1_24' title="bbox 2261 1196 3838 1269">
     <span class='ocr_line' id='line_1_24' title="bbox 2261 1196 3838 1269; baseline 0.005 -20"><span class='ocrx_word' id='word_1_165' title='bbox 2261 1196 2533 1265; x_wconf 84' lang='lat' dir='ltr'><strong>negotium</strong></span> <span class='ocrx_word' id='word_1_166' title='bbox 2588 1196 2839 1261; x_wconf 86' lang='lat' dir='ltr'><strong>habebat,</strong></span> <span class='ocrx_word' id='word_1_167' title='bbox 2894 1212 2994 1252; x_wconf 90' lang='lat' dir='ltr'><strong>cur</strong></span> <span class='ocrx_word' id='word_1_168' title='bbox 3049 1198 3459 1269; x_wconf 82' lang='lat' dir='ltr'><strong>loqueretur.is</strong></span> <span class='ocrx_word' id='word_1_169' title='bbox 3508 1202 3603 1256; x_wconf 84' lang='lat' dir='ltr'><strong>cui</strong></span> <span class='ocrx_word' id='word_1_170' title='bbox 3666 1202 3838 1257; x_wconf 84' lang='lat' dir='ltr'><strong>incisa</strong></span> 
     </span>
    </p>
   </div>
   <div class='ocr_carea' id='block_1_25' title="bbox 2260 1284 3838 1359">
    <p class='ocr_par' dir='ltr' id='par_1_25' title="bbox 2260 1284 3838 1359">
     <span class='ocr_line' id='line_1_25' title="bbox 2260 1284 3838 1359; baseline 0.006 -20"><span class='ocrx_word' id='word_1_171' title='bbox 2260 1284 2434 1341; x_wconf 85' lang='lat' dir='ltr'><strong>fuerat</strong></span> <span class='ocrx_word' id='word_1_172' title='bbox 2480 1286 2682 1358; x_wconf 80' lang='lat' dir='ltr'><strong>lingua.</strong></span> <span class='ocrx_word' id='word_1_173' title='bbox 2718 1284 2833 1341; x_wconf 79' lang='lat' dir='ltr'><strong>Non</strong></span> <span class='ocrx_word' id='word_1_174' title='bbox 2867 1289 3013 1342; x_wconf 92' lang='lat' dir='ltr'><strong>enim</strong></span> <span class='ocrx_word' id='word_1_175' title='bbox 3049 1288 3218 1344; x_wconf 87' lang='lat' dir='ltr'><strong>semel</strong></span> <span class='ocrx_word' id='word_1_176' title='bbox 3249 1289 3462 1346; x_wconf 90' lang='lat' dir='ltr'><strong>locutus</strong></span> <span class='ocrx_word' id='word_1_177' title='bbox 3496 1294 3703 1359; x_wconf 90' lang='lat' dir='ltr'><strong>tacuit,</strong></span> <span class='ocrx_word' id='word_1_178' title='bbox 3749 1295 3838 1349; x_wconf 84' lang='lat' dir='ltr'><strong>sed</strong></span> 
     </span>
    </p>
   </div>
   <div class='ocr_carea' id='block_1_26' title="bbox 2260 1375 3841 1449">
    <p class='ocr_par' dir='ltr' id='par_1_26' title="bbox 2260 1375 3841 1449">
     <span class='ocr_line' id='line_1_26' title="bbox 2260 1375 3841 1449; baseline 0.008 -20"><span class='ocrx_word' id='word_1_179' title='bbox 2260 1375 2572 1431; x_wconf 89' lang='lat' dir='ltr'><strong>conferebat</strong></span> <span class='ocrx_word' id='word_1_180' title='bbox 2599 1393 2721 1432; x_wconf 91' lang='lat' dir='ltr'><strong>cum</strong></span> <span class='ocrx_word' id='word_1_181' title='bbox 2748 1376 2871 1433; x_wconf 89' lang='lat' dir='ltr'><strong>aliis</strong></span> <span class='ocrx_word' id='word_1_182' title='bbox 2899 1380 2966 1434; x_wconf 91' lang='lat' dir='ltr'><strong>de</strong></span> <span class='ocrx_word' id='word_1_183' title='bbox 2992 1394 3158 1436; x_wconf 86' lang='lat' dir='ltr'><strong>cruce</strong></span> <span class='ocrx_word' id='word_1_184' title='bbox 3184 1389 3239 1435; x_wconf 90' lang='lat' dir='ltr'><strong>et</strong></span> <span class='ocrx_word' id='word_1_185' title='bbox 3266 1382 3495 1437; x_wconf 84' lang='lat' dir='ltr'><strong>victoria</strong></span> <span class='ocrx_word' id='word_1_186' title='bbox 3525 1383 3760 1449; x_wconf 79' lang='lat' dir='ltr'><strong>Christi,</strong></span> <span class='ocrx_word' id='word_1_187' title='bbox 3788 1396 3841 1442; x_wconf 89' lang='lat' dir='ltr'><strong>et</strong></span> 
     </span>
    </p>
   </div>
   <div class='ocr_carea' id='block_1_27' title="bbox 2259 1466 3837 1530">
    <p class='ocr_par' dir='ltr' id='par_1_27' title="bbox 2259 1466 3837 1530">
     <span class='ocr_line' id='line_1_27' title="bbox 2259 1466 3837 1530; baseline 0.005 -8"><span class='ocrx_word' id='word_1_188' title='bbox 2259 1467 2360 1522; x_wconf 91' lang='lat' dir='ltr'><strong>hoc</strong></span> <span class='ocrx_word' id='word_1_189' title='bbox 2388 1466 2569 1522; x_wconf 89' lang='lat' dir='ltr'><strong>multis</strong></span> <span class='ocrx_word' id='word_1_190' title='bbox 2591 1468 2868 1524; x_wconf 83' lang='lat' dir='ltr'><strong>mensibus</strong></span> <span class='ocrx_word' id='word_1_191' title='bbox 2908 1468 2963 1523; x_wconf 92' lang='lat' dir='ltr'><strong>in</strong></span> <span class='ocrx_word' id='word_1_192' title='bbox 3001 1483 3225 1526; x_wconf 80' lang='lat' dir='ltr'><strong>carcere</strong></span> <span class='ocrx_word' id='word_1_193' title='bbox 3255 1474 3615 1530; x_wconf 87' lang='lat' dir='ltr'><strong>constitutus.</strong></span> <span class='ocrx_word' id='word_1_194' title='bbox 3657 1474 3837 1530; x_wconf 79' lang='lat' dir='ltr'><strong>Habe-</strong></span> 
     </span>
    </p>
   </div>
   <div class='ocr_carea' id='block_1_28' title="bbox 2259 1560 3834 1629">
    <p class='ocr_par' dir='ltr' id='par_1_28' title="bbox 2259 1560 3834 1629">
     <span class='ocr_line' id='line_1_28' title="bbox 2259 1560 3834 1629; baseline 0.006 -16"><span class='ocrx_word' id='word_1_195' title='bbox 2259 1574 2379 1613; x_wconf 88' lang='lat' dir='ltr'><strong>mus</strong></span> <span class='ocrx_word' id='word_1_196' title='bbox 2401 1563 2535 1629; x_wconf 87' lang='lat' dir='ltr'><strong>&#39;ergo</strong></span> <span class='ocrx_word' id='word_1_197' title='bbox 2568 1568 2621 1615; x_wconf 92' lang='lat' dir='ltr'><strong>et</strong></span> <span class='ocrx_word' id='word_1_198' title='bbox 2656 1560 2870 1613; x_wconf 89' lang='lat' dir='ltr'><strong>tertiam</strong></span> <span class='ocrx_word' id='word_1_199' title='bbox 2905 1561 3346 1629; x_wconf 85' lang='lat' dir='ltr'><strong>admirationem,</strong></span> <span class='ocrx_word' id='word_1_200' title='bbox 3378 1574 3436 1618; x_wconf 89' lang='lat' dir='ltr'><strong>et</strong></span> <span class='ocrx_word' id='word_1_201' title='bbox 3468 1582 3613 1621; x_wconf 90' lang='lat' dir='ltr'><strong>unus</strong></span> <span class='ocrx_word' id='word_1_202' title='bbox 3640 1566 3834 1623; x_wconf 66' lang='grc' dir='ltr'><strong>επιε-</strong></span> 
     </span>
    </p>
   </div>
   <div class='ocr_carea' id='block_1_29' title="bbox 2256 1650 3835 1727">
    <p class='ocr_par' dir='ltr' id='par_1_29' title="bbox 2256 1650 3835 1727">
     <span class='ocr_line' id='line_1_29' title="bbox 2256 1650 3835 1727; baseline 0.006 -24"><span class='ocrx_word' id='word_1_203' title='bbox 2256 1650 2351 1705; x_wconf 78' lang='lat' dir='ltr'><strong>sia:</strong></span> <span class='ocrx_word' id='word_1_204' title='bbox 2378 1660 2589 1720; x_wconf 85' lang='lat' dir='ltr'><strong>martyr</strong></span> <span class='ocrx_word' id='word_1_205' title='bbox 2610 1651 2721 1719; x_wconf 85' lang='lat' dir='ltr'><strong>jam</strong></span> <span class='ocrx_word' id='word_1_206' title='bbox 2748 1660 2995 1722; x_wconf 65' lang='lat' dir='ltr'><strong>aequatur</strong></span> <span class='ocrx_word' id='word_1_207' title='bbox 3031 1653 3205 1708; x_wconf 91' lang='lat' dir='ltr'><strong>tribus</strong></span> <span class='ocrx_word' id='word_1_208' title='bbox 3239 1668 3303 1707; x_wconf 80' lang='lat' dir='ltr'><strong>ex</strong></span> <span class='ocrx_word' id='word_1_209' title='bbox 3344 1652 3660 1727; x_wconf 85' lang='lat' dir='ltr'><strong>Synagoga.</strong></span> <span class='ocrx_word' id='word_1_210' title='bbox 3704 1659 3835 1713; x_wconf 87' lang='lat' dir='ltr'><strong>Cum</strong></span> 
     </span>
    </p>
   </div>
   <div class='ocr_carea' id='block_1_30' title="bbox 2258 1743 3832 1813">
    <p class='ocr_par' dir='ltr' id='par_1_30' title="bbox 2258 1743 3832 1813">
     <span class='ocr_line' id='line_1_30' title="bbox 2258 1743 3832 1813; baseline 0.007 -19"><span class='ocrx_word' id='word_1_211' title='bbox 2258 1749 2439 1795; x_wconf 87' lang='lat' dir='ltr'><strong>autem</strong></span> <span class='ocrx_word' id='word_1_212' title='bbox 2482 1743 2751 1811; x_wconf 74' lang='lat' dir='ltr'><strong>negotium</strong></span> <span class='ocrx_word' id='word_1_213' title='bbox 2789 1750 3066 1813; x_wconf 89' lang='lat' dir='ltr'><strong>pateretur</strong></span> <span class='ocrx_word' id='word_1_214' title='bbox 3093 1744 3358 1810; x_wconf 91' lang='lat' dir='ltr'><strong>medicus,</strong></span> <span class='ocrx_word' id='word_1_215' title='bbox 3395 1756 3456 1800; x_wconf 92' lang='lat' dir='ltr'><strong>ut</strong></span> <span class='ocrx_word' id='word_1_216' title='bbox 3490 1749 3832 1805; x_wconf 86' lang='lat' dir='ltr'><strong>condiscatis</strong></span> 
     </span>
    </p>
   </div>
   <div class='ocr_carea' id='block_1_31' title="bbox 2256 1831 3836 1910">
    <p class='ocr_par' dir='ltr' id='par_1_31' title="bbox 2256 1831 3836 1910">
     <span class='ocr_line' id='line_1_31' title="bbox 2256 1831 3836 1910; baseline 0.006 -27"><span class='ocrx_word' id='word_1_217' title='bbox 2256 1841 2516 1900; x_wconf 90' lang='lat' dir='ltr'><strong>quantum</strong></span> <span class='ocrx_word' id='word_1_218' title='bbox 2546 1831 2669 1887; x_wconf 90' lang='lat' dir='ltr'><strong>boni</strong></span> <span class='ocrx_word' id='word_1_219' title='bbox 2706 1833 2799 1897; x_wconf 86' lang='lat' dir='ltr'><strong>sit,</strong></span> <span class='ocrx_word' id='word_1_220' title='bbox 2830 1842 2884 1888; x_wconf 90' lang='lat' dir='ltr'><strong>et</strong></span> <span class='ocrx_word' id='word_1_221' title='bbox 2912 1833 3095 1889; x_wconf 83' lang='lat' dir='ltr'><strong>brevis</strong></span> <span class='ocrx_word' id='word_1_222' title='bbox 3122 1834 3337 1903; x_wconf 90' lang='lat' dir='ltr'><strong>quidam</strong></span> <span class='ocrx_word' id='word_1_223' title='bbox 3370 1837 3511 1893; x_wconf 87' lang='lat' dir='ltr'><strong>ictus</strong></span> <span class='ocrx_word' id='word_1_224' title='bbox 3566 1840 3836 1910; x_wconf 86' lang='lat' dir='ltr'><strong>religiosi-</strong></span> 
     </span>
    </p>
   </div>
   <div class='ocr_carea' id='block_1_32' title="bbox 597 1904 3832 2003">
    <p class='ocr_par' dir='ltr' id='par_1_32' title="bbox 597 1904 3832 2003">
     <span class='ocr_line' id='line_1_32' title="bbox 597 1904 3832 2003; baseline 0.002 -25"><span class='ocrx_word' id='word_1_225' title='bbox 597 1933 706 1979; x_wconf 88' lang='lat' dir='ltr'><strong>tem</strong></span> <span class='ocrx_word' id='word_1_226' title='bbox 738 1924 1099 1987; x_wconf 87' lang='lat' dir='ltr'><strong>ferramenta,</strong></span> <span class='ocrx_word' id='word_1_227' title='bbox 1131 1923 1422 1993; x_wconf 89' lang='lat' dir='ltr'><strong>urgebatur</strong></span> <span class='ocrx_word' id='word_1_228' title='bbox 1456 1922 1698 1978; x_wconf 88' lang='lat' dir='ltr'><strong>incidere</strong></span> <span class='ocrx_word' id='word_1_229' title='bbox 1742 1938 1903 1993; x_wconf 89' lang='lat' dir='ltr'><strong>quam</strong></span> <span class='ocrx_word' id='word_1_230' title='bbox 1941 1925 2157 1982; x_wconf 91' lang='lat' dir='ltr'><strong>nolebat</strong></span> <span class='ocrx_word' id='word_1_231' title='bbox 2191 1904 2229 1958; x_wconf 72' lang='grc' dir='ltr'><strong><em>Β</em></strong></span> <span class='ocrx_word' id='word_1_232' title='bbox 2261 1923 2408 1976; x_wconf 74' lang='lat' dir='ltr'><strong>latis.</strong></span> <span class='ocrx_word' id='word_1_233' title='bbox 2448 1921 2584 1989; x_wconf 82' lang='lat' dir='ltr'><strong>Quia</strong></span> <span class='ocrx_word' id='word_1_234' title='bbox 2626 1924 2769 1979; x_wconf 81' lang='lat' dir='ltr'><strong>enim</strong></span> <span class='ocrx_word' id='word_1_235' title='bbox 2811 1925 2990 1982; x_wconf 66' lang='lat' dir='ltr'><strong>tutelae</strong></span> <span class='ocrx_word' id='word_1_236' title='bbox 3031 1941 3193 1982; x_wconf 84' lang='lat' dir='ltr'><strong>causa</strong></span> <span class='ocrx_word' id='word_1_237' title='bbox 3231 1938 3521 1999; x_wconf 81' lang='lat' dir='ltr'><strong>accepth</strong></span> <span class='ocrx_word' id='word_1_238' title='bbox 3562 1904 3832 2003; x_wconf 68' lang='lat' dir='ltr'><strong>linguam,</strong></span> 
     </span>
    </p>
   </div>
   <div class='ocr_carea' id='block_1_33' title="bbox 596 2016 2154 2088">
    <p class='ocr_par' dir='ltr' id='par_1_33' title="bbox 596 2016 2154 2088">
     <span class='ocr_line' id='line_1_33' title="bbox 596 2016 2154 2088; baseline 0.003 -17"><span class='ocrx_word' id='word_1_239' title='bbox 596 2017 858 2088; x_wconf 75' lang='lat' dir='ltr'><strong>linguam.</strong></span> <span class='ocrx_word' id='word_1_240' title='bbox 901 2018 967 2071; x_wconf 88' lang='lat' dir='ltr'><strong>Et</strong></span> <span class='ocrx_word' id='word_1_241' title='bbox 995 2016 1183 2072; x_wconf 91' lang='lat' dir='ltr'><strong>incidit</strong></span> <span class='ocrx_word' id='word_1_242' title='bbox 1211 2018 1466 2087; x_wconf 81' lang='lat' dir='ltr'><strong>quidem:</strong></span> <span class='ocrx_word' id='word_1_243' title='bbox 1496 2031 1621 2072; x_wconf 91' lang='lat' dir='ltr'><strong>cum</strong></span> <span class='ocrx_word' id='word_1_244' title='bbox 1649 2026 1828 2072; x_wconf 92' lang='lat' dir='ltr'><strong>autem</strong></span> <span class='ocrx_word' id='word_1_245' title='bbox 1856 2018 2154 2085; x_wconf 80' lang='lat' dir='ltr'><strong>incidisset,</strong></span> 
     </span>
    </p>
   </div>
   <div class='ocr_carea' id='block_1_34' title="bbox 595 2106 2155 2177">
    <p class='ocr_par' dir='ltr' id='par_1_34' title="bbox 595 2106 2155 2177">
     <span class='ocr_line' id='line_1_34' title="bbox 595 2106 2155 2177; baseline 0.004 -17"><span class='ocrx_word' id='word_1_246' title='bbox 595 2108 771 2176; x_wconf 87' lang='lat' dir='ltr'><strong>ipsam</strong></span> <span class='ocrx_word' id='word_1_247' title='bbox 807 2106 1042 2177; x_wconf 84' lang='lat' dir='ltr'><strong>linguam</strong></span> <span class='ocrx_word' id='word_1_248' title='bbox 1073 2122 1203 2163; x_wconf 88' lang='lat' dir='ltr'><strong>usus</strong></span> <span class='ocrx_word' id='word_1_249' title='bbox 1232 2115 1317 2163; x_wconf 87' lang='lat' dir='ltr'><strong>est</strong></span> <span class='ocrx_word' id='word_1_250' title='bbox 1346 2108 1411 2167; x_wconf 84' lang='lat' dir='ltr'><strong>ad</strong></span> <span class='ocrx_word' id='word_1_251' title='bbox 1450 2107 1668 2162; x_wconf 88' lang='lat' dir='ltr'><strong>tutelam</strong></span> <span class='ocrx_word' id='word_1_252' title='bbox 1694 2109 1779 2164; x_wconf 93' lang='lat' dir='ltr'><strong>sui</strong></span> <span class='ocrx_word' id='word_1_253' title='bbox 1813 2126 1829 2164; x_wconf 91' lang='lat'><strong>:</strong></span> <span class='ocrx_word' id='word_1_254' title='bbox 1866 2125 1973 2166; x_wconf 91' lang='lat' dir='ltr'><strong>non</strong></span> <span class='ocrx_word' id='word_1_255' title='bbox 2010 2112 2155 2166; x_wconf 91' lang='lat' dir='ltr'><strong>enim</strong></span> 
     </span>
    </p>
   </div>
   <div class='ocr_carea' id='block_1_35' title="bbox 595 2195 2157 2267">
    <p class='ocr_par' dir='ltr' id='par_1_35' title="bbox 595 2195 2157 2267">
     <span class='ocr_line' id='line_1_35' title="bbox 595 2195 2157 2267; baseline 0.006 -19"><span class='ocrx_word' id='word_1_256' title='bbox 595 2196 823 2267; x_wconf 76' lang='lat' dir='ltr'><strong>proiecit</strong></span> <span class='ocrx_word' id='word_1_257' title='bbox 859 2212 1023 2266; x_wconf 88' lang='lat' dir='ltr'><strong>quam</strong></span> <span class='ocrx_word' id='word_1_258' title='bbox 1059 2195 1267 2262; x_wconf 89' lang='lat' dir='ltr'><strong>incidit,</strong></span> <span class='ocrx_word' id='word_1_259' title='bbox 1299 2197 1391 2251; x_wconf 86' lang='lat' dir='ltr'><strong>sed</strong></span> <span class='ocrx_word' id='word_1_260' title='bbox 1438 2199 1711 2265; x_wconf 86' lang='lat' dir='ltr'><strong>accipiens</strong></span> <span class='ocrx_word' id='word_1_261' title='bbox 1753 2212 1896 2265; x_wconf 90' lang='lat' dir='ltr'><strong>eam,</strong></span> <span class='ocrx_word' id='word_1_262' title='bbox 1936 2208 1997 2254; x_wconf 91' lang='lat' dir='ltr'><strong>ut</strong></span> <span class='ocrx_word' id='word_1_263' title='bbox 2044 2217 2157 2257; x_wconf 87' lang='lat' dir='ltr'><strong>me-</strong></span> 
     </span>
    </p>
   </div>
   <div class='ocr_carea' id='block_1_36' title="bbox 595 2287 2155 2358">
    <p class='ocr_par' dir='ltr' id='par_1_36' title="bbox 595 2287 2155 2358">
     <span class='ocr_line' id='line_1_36' title="bbox 595 2287 2155 2358; baseline 0.006 -19"><span class='ocrx_word' id='word_1_264' title='bbox 595 2288 841 2342; x_wconf 86' lang='lat' dir='ltr'><strong>dicamen</strong></span> <span class='ocrx_word' id='word_1_265' title='bbox 872 2288 939 2341; x_wconf 90' lang='lat' dir='ltr'><strong>ad</strong></span> <span class='ocrx_word' id='word_1_266' title='bbox 968 2288 1254 2342; x_wconf 87' lang='lat' dir='ltr'><strong>sanitatem</strong></span> <span class='ocrx_word' id='word_1_267' title='bbox 1287 2287 1430 2343; x_wconf 91' lang='lat' dir='ltr'><strong>illius</strong></span> <span class='ocrx_word' id='word_1_268' title='bbox 1466 2287 1648 2344; x_wconf 87' lang='lat' dir='ltr'><strong>delicti</strong></span> <span class='ocrx_word' id='word_1_269' title='bbox 1681 2291 1823 2358; x_wconf 91' lang='lat' dir='ltr'><strong>quod</strong></span> <span class='ocrx_word' id='word_1_270' title='bbox 1856 2294 2155 2349; x_wconf 88' lang='lat' dir='ltr'><strong>admiserat</strong></span> 
     </span>
    </p>
   </div>
   <div class='ocr_carea' id='block_1_37' title="bbox 595 2376 2155 2446">
    <p class='ocr_par' dir='ltr' id='par_1_37' title="bbox 595 2376 2155 2446">
     <span class='ocr_line' id='line_1_37' title="bbox 595 2376 2155 2446; baseline 0.007 -19"><span class='ocrx_word' id='word_1_271' title='bbox 595 2376 663 2428; x_wconf 84' lang='lat' dir='ltr'><strong>ab</strong></span> <span class='ocrx_word' id='word_1_272' title='bbox 707 2376 974 2445; x_wconf 87' lang='lat' dir='ltr'><strong>negando,</strong></span> <span class='ocrx_word' id='word_1_273' title='bbox 1016 2377 1291 2445; x_wconf 88' lang='lat' dir='ltr'><strong>accipiens</strong></span> <span class='ocrx_word' id='word_1_274' title='bbox 1324 2377 1465 2431; x_wconf 89' lang='lat' dir='ltr'><strong>domi</strong></span> <span class='ocrx_word' id='word_1_275' title='bbox 1516 2379 1780 2446; x_wconf 86' lang='lat' dir='ltr'><strong>recondit,</strong></span> <span class='ocrx_word' id='word_1_276' title='bbox 1832 2391 1890 2436; x_wconf 88' lang='lat' dir='ltr'><strong>ut</strong></span> <span class='ocrx_word' id='word_1_277' title='bbox 1929 2397 2155 2438; x_wconf 79' lang='lat' dir='ltr'><strong>consue-</strong></span> 
     </span>
    </p>
   </div>
   <div class='ocr_carea' id='block_1_38' title="bbox 594 2466 2152 2539">
    <p class='ocr_par' dir='ltr' id='par_1_38' title="bbox 594 2466 2152 2539">
     <span class='ocr_line' id='line_1_38' title="bbox 594 2466 2152 2539; baseline 0.008 -20"><span class='ocrx_word' id='word_1_278' title='bbox 594 2474 721 2519; x_wconf 87' lang='lat' dir='ltr'><strong>runt</strong></span> <span class='ocrx_word' id='word_1_279' title='bbox 754 2466 864 2537; x_wconf 74' lang='lat' dir='ltr'><strong>(El)</strong></span> <span class='ocrx_word' id='word_1_280' title='bbox 912 2467 1257 2533; x_wconf 77' lang='lat' dir='ltr'><strong>inﬁrmiores,</strong></span> <span class='ocrx_word' id='word_1_281' title='bbox 1312 2468 1495 2524; x_wconf 79' lang='lat' dir='ltr'><strong>ﬁdeles</strong></span> <span class='ocrx_word' id='word_1_282' title='bbox 1540 2478 1740 2539; x_wconf 88' lang='lat' dir='ltr'><strong>tamen,</strong></span> <span class='ocrx_word' id='word_1_283' title='bbox 1786 2472 2054 2531; x_wconf 88' lang='lat' dir='ltr'><strong>honorare</strong></span> <span class='ocrx_word' id='word_1_284' title='bbox 2107 2477 2152 2531; x_wconf 90' lang='lat' dir='ltr'><strong>si</strong></span> 
     </span>
    </p>
   </div>
   <div class='ocr_carea' id='block_1_39' title="bbox 591 2557 2155 2629">
    <p class='ocr_par' dir='ltr' id='par_1_39' title="bbox 591 2557 2155 2629">
     <span class='ocr_line' id='line_1_39' title="bbox 591 2557 2155 2629; baseline 0.008 -20"><span class='ocrx_word' id='word_1_285' title='bbox 591 2557 722 2626; x_wconf 90' lang='lat' dir='ltr'><strong>quid</strong></span> <span class='ocrx_word' id='word_1_286' title='bbox 755 2573 783 2611; x_wconf 90' lang='lat' dir='ltr'><strong>a</strong></span> <span class='ocrx_word' id='word_1_287' title='bbox 811 2557 1141 2629; x_wconf 79' lang='lat' dir='ltr'><strong>martyribus</strong></span> <span class='ocrx_word' id='word_1_288' title='bbox 1168 2558 1516 2628; x_wconf 85' lang='lat' dir='ltr'><strong>sumpserint.</strong></span> <span class='ocrx_word' id='word_1_289' title='bbox 1548 2560 1688 2615; x_wconf 86' lang='lat' dir='ltr'><strong>Dicit</strong></span> <span class='ocrx_word' id='word_1_290' title='bbox 1708 2572 1888 2618; x_wconf 87' lang='lat' dir='ltr'><strong>autem</strong></span> <span class='ocrx_word' id='word_1_291' title='bbox 1919 2566 2155 2621; x_wconf 86' lang='lat' dir='ltr'><strong>medico-</strong></span> 
     </span>
    </p>
   </div>
   <div class='ocr_carea' id='block_1_40' title="bbox 594 2647 2155 2722">
    <p class='ocr_par' dir='ltr' id='par_1_40' title="bbox 594 2647 2155 2722">
     <span class='ocr_line' id='line_1_40' title="bbox 594 2647 2155 2722; baseline 0.008 -24"><span class='ocrx_word' id='word_1_292' title='bbox 594 2662 711 2699; x_wconf 88' lang='lat' dir='ltr'><strong>rum</strong></span> <span class='ocrx_word' id='word_1_293' title='bbox 745 2647 1015 2722; x_wconf 63' lang='lat' dir='ltr'><strong>doqtrina,</strong></span> <span class='ocrx_word' id='word_1_294' title='bbox 1042 2657 1375 2705; x_wconf 87' lang='lat' dir='ltr'><strong>contestatur</strong></span> <span class='ocrx_word' id='word_1_295' title='bbox 1397 2650 1559 2704; x_wconf 89' lang='lat' dir='ltr'><strong>etiam</strong></span> <span class='ocrx_word' id='word_1_296' title='bbox 1588 2660 1643 2706; x_wconf 93' lang='lat' dir='ltr'><strong>et</strong></span> <span class='ocrx_word' id='word_1_297' title='bbox 1663 2664 1875 2719; x_wconf 88' lang='lat' dir='ltr'><strong>natura,</strong></span> <span class='ocrx_word' id='word_1_298' title='bbox 1906 2656 2029 2718; x_wconf 88' lang='lat' dir='ltr'><strong>quia</strong></span> <span class='ocrx_word' id='word_1_299' title='bbox 2052 2656 2155 2711; x_wconf 91' lang='lat' dir='ltr'><strong>lin-</strong></span> 
     </span>
    </p>
   </div>
   <div class='ocr_carea' id='block_1_41' title="bbox 592 2737 2154 2817">
    <p class='ocr_par' dir='ltr' id='par_1_41' title="bbox 592 2737 2154 2817">
     <span class='ocr_line' id='line_1_41' title="bbox 592 2737 2154 2817; baseline 0.012 -31"><span class='ocrx_word' id='word_1_300' title='bbox 592 2752 709 2806; x_wconf 67' lang='lat' dir='ltr'><strong>gnte</strong></span> <span class='ocrx_word' id='word_1_301' title='bbox 733 2737 940 2803; x_wconf 87' lang='lat' dir='ltr'><strong>incisio,</strong></span> <span class='ocrx_word' id='word_1_302' title='bbox 962 2738 1265 2795; x_wconf 87' lang='lat' dir='ltr'><strong>interfectio</strong></span> <span class='ocrx_word' id='word_1_303' title='bbox 1278 2749 1362 2795; x_wconf 91' lang='lat' dir='ltr'><strong>est</strong></span> <span class='ocrx_word' id='word_1_304' title='bbox 1376 2741 1494 2810; x_wconf 81' lang='lat' dir='ltr'><strong>ejus</strong></span> <span class='ocrx_word' id='word_1_305' title='bbox 1511 2755 1541 2795; x_wconf 89' lang='lat' dir='ltr'><strong>a</strong></span> <span class='ocrx_word' id='word_1_306' title='bbox 1564 2756 1673 2810; x_wconf 93' lang='lat' dir='ltr'><strong>quo</strong></span> <span class='ocrx_word' id='word_1_307' title='bbox 1692 2743 1944 2801; x_wconf 78' lang='lat' dir='ltr'><strong>inciditur</strong></span> <span class='ocrx_word' id='word_1_308' title='bbox 1965 2766 1979 2801; x_wconf 90' lang='lat'><strong>:</strong></span> <span class='ocrx_word' id='word_1_309' title='bbox 1997 2762 2154 2817; x_wconf 89' lang='lat' dir='ltr'><strong>opor-</strong></span> 
     </span>
    </p>
   </div>
   <div class='ocr_carea' id='block_1_42' title="bbox 594 2828 2150 2911">
    <p class='ocr_par' dir='ltr' id='par_1_42' title="bbox 594 2828 2150 2911">
     <span class='ocr_line' id='line_1_42' title="bbox 594 2828 2150 2911; baseline 0.01 -33"><span class='ocrx_word' id='word_1_310' title='bbox 594 2828 740 2880; x_wconf 88' lang='lat' dir='ltr'><strong>tebat</strong></span> <span class='ocrx_word' id='word_1_311' title='bbox 776 2836 955 2882; x_wconf 89' lang='lat' dir='ltr'><strong>autem</strong></span> <span class='ocrx_word' id='word_1_312' title='bbox 989 2836 1046 2882; x_wconf 89' lang='lat' dir='ltr'><strong>et</strong></span> <span class='ocrx_word' id='word_1_313' title='bbox 1071 2831 1309 2884; x_wconf 88' lang='lat' dir='ltr'><strong>secundo</strong></span> <span class='ocrx_word' id='word_1_314' title='bbox 1340 2846 1369 2883; x_wconf 86' lang='lat' dir='ltr'><strong>a</strong></span> <span class='ocrx_word' id='word_1_315' title='bbox 1406 2841 1578 2886; x_wconf 88' lang='lat' dir='ltr'><strong>morte</strong></span> <span class='ocrx_word' id='word_1_316' title='bbox 1609 2833 1824 2889; x_wconf 72' lang='lat' dir='ltr'><strong>liberari</strong></span> <span class='ocrx_word' id='word_1_317' title='bbox 1855 2847 2150 2911; x_wconf 79' lang='lat' dir='ltr'><strong>martyrem</strong></span> 
     </span>
    </p>
   </div>
   <div class='ocr_carea' id='block_1_43' title="bbox 591 2916 2151 2995">
    <p class='ocr_par' dir='ltr' id='par_1_43' title="bbox 591 2916 2151 2995">
     <span class='ocr_line' id='line_1_43' title="bbox 591 2916 2151 2995; baseline 0.01 -27"><span class='ocrx_word' id='word_1_318' title='bbox 591 2916 789 2969; x_wconf 81' lang='lat' dir='ltr'><strong>Christi</strong></span> <span class='ocrx_word' id='word_1_319' title='bbox 819 2934 834 2970; x_wconf 91' lang='lat'>:</span> <span class='ocrx_word' id='word_1_320' title='bbox 860 2930 990 2982; x_wconf 74' lang='lat' dir='ltr'><strong>ergo</strong></span> <span class='ocrx_word' id='word_1_321' title='bbox 1015 2932 1145 2973; x_wconf 77' lang='lat' dir='ltr'><strong>cum</strong></span> <span class='ocrx_word' id='word_1_322' title='bbox 1168 2919 1472 2986; x_wconf 86' lang='lat' dir='ltr'><strong>producunt</strong></span> <span class='ocrx_word' id='word_1_323' title='bbox 1503 2922 1658 2978; x_wconf 89' lang='lat' dir='ltr'><strong>nobis</strong></span> <span class='ocrx_word' id='word_1_324' title='bbox 1679 2921 1848 2980; x_wconf 59' lang='lat' dir='ltr'><strong>Judaei</strong></span> <span class='ocrx_word' id='word_1_325' title='bbox 1882 2936 1994 2983; x_wconf 90' lang='lat' dir='ltr'><strong>tres</strong></span> <span class='ocrx_word' id='word_1_326' title='bbox 2020 2944 2151 2995; x_wconf 90' lang='lat' dir='ltr'><strong>pne-</strong></span> 
     </span>
    </p>
   </div>
   <div class='ocr_carea' id='block_1_44' title="bbox 591 3006 2150 3084">
    <p class='ocr_par' dir='ltr' id='par_1_44' title="bbox 591 3006 2150 3084">
     <span class='ocr_line' id='line_1_44' title="bbox 591 3006 2150 3084; baseline 0.013 -27"><span class='ocrx_word' id='word_1_327' title='bbox 591 3018 700 3071; x_wconf 85' lang='lat' dir='ltr'><strong>rns,</strong></span> <span class='ocrx_word' id='word_1_328' title='bbox 724 3006 776 3059; x_wconf 92' lang='lat' dir='ltr'><strong>in</strong></span> <span class='ocrx_word' id='word_1_329' title='bbox 798 3021 904 3063; x_wconf 93' lang='lat' dir='ltr'><strong>uno</strong></span> <span class='ocrx_word' id='word_1_330' title='bbox 927 3009 1031 3063; x_wconf 88' lang='lat' dir='ltr'><strong>tria</strong></span> <span class='ocrx_word' id='word_1_331' title='bbox 1056 3009 1398 3079; x_wconf 87' lang='lat' dir='ltr'><strong>proferimus.</strong></span> <span class='ocrx_word' id='word_1_332' title='bbox 1426 3011 1488 3066; x_wconf 88' lang='lat' dir='ltr'><strong>Et</strong></span> <span class='ocrx_word' id='word_1_333' title='bbox 1509 3011 1621 3080; x_wconf 79' lang='lat' dir='ltr'><strong>jam</strong></span> <span class='ocrx_word' id='word_1_334' title='bbox 1647 3015 1863 3084; x_wconf 91' lang='lat' dir='ltr'><strong>quidem</strong></span> <span class='ocrx_word' id='word_1_335' title='bbox 1887 3019 2150 3077; x_wconf 88' lang='lat' dir='ltr'><strong>habemus</strong></span> 
     </span>
    </p>
   </div>
   <div class='ocr_carea' id='block_1_45' title="bbox 586 3097 2149 3175">
    <p class='ocr_par' dir='ltr' id='par_1_45' title="bbox 586 3097 2149 3175">
     <span class='ocr_line' id='line_1_45' title="bbox 586 3097 2149 3175; baseline 0.012 -27"><span class='ocrx_word' id='word_1_336' title='bbox 586 3097 695 3150; x_wconf 88' lang='lat' dir='ltr'><strong>duo</strong></span> <span class='ocrx_word' id='word_1_337' title='bbox 734 3097 999 3153; x_wconf 85' lang='lat' dir='ltr'><strong>mirabilia</strong></span> <span class='ocrx_word' id='word_1_338' title='bbox 1045 3117 1060 3153; x_wconf 88' lang='lat'><strong>:</strong></span> <span class='ocrx_word' id='word_1_339' title='bbox 1116 3098 1386 3156; x_wconf 86' lang='lat' dir='ltr'><strong>ﬂammam</strong></span> <span class='ocrx_word' id='word_1_340' title='bbox 1438 3119 1505 3158; x_wconf 91' lang='lat' dir='ltr'><strong>ne</strong></span> <span class='ocrx_word' id='word_1_341' title='bbox 1557 3106 1775 3175; x_wconf 87' lang='lat' dir='ltr'><strong>quidem</strong></span> <span class='ocrx_word' id='word_1_342' title='bbox 1835 3123 2149 3167; x_wconf 82' lang='lat' dir='ltr'><strong>concessam</strong></span> 
     </span>
    </p>
   </div>
   <div class='ocr_carea' id='block_1_46' title="bbox 2256 2014 3832 2090">
    <p class='ocr_par' dir='ltr' id='par_1_46' title="bbox 2256 2014 3832 2090">
     <span class='ocr_line' id='line_1_46' title="bbox 2256 2014 3832 2090; baseline 0.009 -24"><span class='ocrx_word' id='word_1_343' title='bbox 2256 2014 2384 2084; x_wconf 86' lang='lat' dir='ltr'><strong>quia</strong></span> <span class='ocrx_word' id='word_1_344' title='bbox 2424 2014 2478 2069; x_wconf 91' lang='lat' dir='ltr'><strong>in</strong></span> <span class='ocrx_word' id='word_1_345' title='bbox 2509 2016 2719 2071; x_wconf 86' lang='lat' dir='ltr'><strong>ratione</strong></span> <span class='ocrx_word' id='word_1_346' title='bbox 2760 2016 2952 2072; x_wconf 87' lang='lat' dir='ltr'><strong>salutis</strong></span> <span class='ocrx_word' id='word_1_347' title='bbox 2982 2018 3293 2075; x_wconf 89' lang='lat' dir='ltr'><strong>thesaurum</strong></span> <span class='ocrx_word' id='word_1_348' title='bbox 3334 2023 3664 2077; x_wconf 72' lang='lat' dir='ltr'><strong>rewnderat</strong></span> <span class='ocrx_word' id='word_1_349' title='bbox 3699 2024 3832 2090; x_wconf 88' lang='lat' dir='ltr'><strong>sibi,</strong></span> 
     </span>
    </p>
   </div>
   <div class='ocr_carea' id='block_1_47' title="bbox 2254 2104 3835 2177">
    <p class='ocr_par' dir='ltr' id='par_1_47' title="bbox 2254 2104 3835 2177">
     <span class='ocr_line' id='line_1_47' title="bbox 2254 2104 3835 2177; baseline 0.007 -18"><span class='ocrx_word' id='word_1_350' title='bbox 2254 2104 2454 2160; x_wconf 79' lang='lat' dir='ltr'><strong>exhinc</strong></span> <span class='ocrx_word' id='word_1_351' title='bbox 2502 2106 2613 2177; x_wconf 83' lang='lat' dir='ltr'><strong>jam</strong></span> <span class='ocrx_word' id='word_1_352' title='bbox 2654 2108 2866 2177; x_wconf 86' lang='lat' dir='ltr'><strong>accepit</strong></span> <span class='ocrx_word' id='word_1_353' title='bbox 2909 2107 3144 2165; x_wconf 90' lang='lat' dir='ltr'><strong>fructum</strong></span> <span class='ocrx_word' id='word_1_354' title='bbox 3176 2108 3322 2166; x_wconf 77' lang='lat' dir='ltr'><strong>ﬁdei.</strong></span> <span class='ocrx_word' id='word_1_355' title='bbox 3351 2110 3528 2168; x_wconf 82' lang='lat' dir='ltr'><strong>Judici</strong></span> <span class='ocrx_word' id='word_1_356' title='bbox 3565 2115 3719 2169; x_wconf 90' lang='lat' dir='ltr'><strong>enim</strong></span> <span class='ocrx_word' id='word_1_357' title='bbox 3755 2117 3835 2170; x_wconf 84' lang='lat' dir='ltr'><strong>in-</strong></span> 
     </span>
    </p>
   </div>
   <div class='ocr_carea' id='block_1_48' title="bbox 2251 2191 3835 2269">
    <p class='ocr_par' dir='ltr' id='par_1_48' title="bbox 2251 2191 3835 2269">
     <span class='ocr_line' id='line_1_48' title="bbox 2251 2191 3835 2269; baseline 0.009 -20"><span class='ocrx_word' id='word_1_358' title='bbox 2251 2195 2492 2266; x_wconf 86' lang='lat' dir='ltr'><strong>dignanti</strong></span> <span class='ocrx_word' id='word_1_359' title='bbox 2511 2208 2565 2252; x_wconf 90' lang='lat' dir='ltr'><strong>et</strong></span> <span class='ocrx_word' id='word_1_360' title='bbox 2593 2191 2966 2266; x_wconf 87' lang='lat' dir='ltr'><strong>comminantt,</strong></span> <span class='ocrx_word' id='word_1_361' title='bbox 2994 2211 3050 2256; x_wconf 90' lang='lat' dir='ltr'><strong>et</strong></span> <span class='ocrx_word' id='word_1_362' title='bbox 3072 2200 3186 2269; x_wconf 84' lang='lat' dir='ltr'><strong>jam</strong></span> <span class='ocrx_word' id='word_1_363' title='bbox 3228 2217 3364 2259; x_wconf 78' lang='lat' dir='ltr'><strong>eum</strong></span> <span class='ocrx_word' id='word_1_364' title='bbox 3385 2204 3709 2261; x_wconf 85' lang='lat' dir='ltr'><strong>interficere</strong></span> <span class='ocrx_word' id='word_1_365' title='bbox 3739 2223 3835 2263; x_wconf 85' lang='lat' dir='ltr'><strong>vo-</strong></span> 
     </span>
    </p>
   </div>
   <div class='ocr_carea' id='block_1_49' title="bbox 2254 2287 3829 2366">
    <p class='ocr_par' dir='ltr' id='par_1_49' title="bbox 2254 2287 3829 2366">
     <span class='ocr_line' id='line_1_49' title="bbox 2254 2287 3829 2366; baseline 0.007 -23"><span class='ocrx_word' id='word_1_366' title='bbox 2254 2287 2380 2343; x_wconf 87' lang='lat' dir='ltr'><strong>lenti</strong></span> <span class='ocrx_word' id='word_1_367' title='bbox 2400 2288 2676 2357; x_wconf 87' lang='lat' dir='ltr'><strong>respondit</strong></span> <span class='ocrx_word' id='word_1_368' title='bbox 2695 2292 2930 2347; x_wconf 90' lang='lat' dir='ltr'><strong>medicus</strong></span> <span class='ocrx_word' id='word_1_369' title='bbox 2953 2310 2967 2347; x_wconf 89' lang='lat'><strong>:</strong></span> <span class='ocrx_word' id='word_1_370' title='bbox 2988 2290 3172 2349; x_wconf 80' lang='lat' dir='ltr'><strong>Habeo</strong></span> <span class='ocrx_word' id='word_1_371' title='bbox 3191 2293 3424 2365; x_wconf 86' lang='lat' dir='ltr'><strong>linguam</strong></span> <span class='ocrx_word' id='word_1_372' title='bbox 3444 2311 3609 2366; x_wconf 90' lang='lat' dir='ltr'><strong>quam</strong></span> <span class='ocrx_word' id='word_1_373' title='bbox 3637 2298 3829 2354; x_wconf 86' lang='lat' dir='ltr'><strong>incidi.</strong></span> 
     </span>
    </p>
   </div>
   <div class='ocr_carea' id='block_1_50' title="bbox 2252 2378 3831 2453">
    <p class='ocr_par' dir='ltr' id='par_1_50' title="bbox 2252 2378 3831 2453">
     <span class='ocr_line' id='line_1_50' title="bbox 2252 2378 3831 2453; baseline 0.008 -21"><span class='ocrx_word' id='word_1_374' title='bbox 2252 2378 2584 2435; x_wconf 88' lang='lat' dir='ltr'><strong>Producatur</strong></span> <span class='ocrx_word' id='word_1_375' title='bbox 2631 2380 2789 2447; x_wconf 90' lang='lat' dir='ltr'><strong>alius,</strong></span> <span class='ocrx_word' id='word_1_376' title='bbox 2821 2384 2909 2437; x_wconf 90' lang='lat' dir='ltr'><strong>cui</strong></span> <span class='ocrx_word' id='word_1_377' title='bbox 2951 2397 3056 2437; x_wconf 92' lang='lat' dir='ltr'><strong>non</strong></span> <span class='ocrx_word' id='word_1_378' title='bbox 3102 2384 3315 2441; x_wconf 89' lang='lat' dir='ltr'><strong>assistit</strong></span> <span class='ocrx_word' id='word_1_379' title='bbox 3342 2386 3504 2453; x_wconf 88' lang='lat' dir='ltr'><strong>Deus,</strong></span> <span class='ocrx_word' id='word_1_380' title='bbox 3534 2398 3593 2443; x_wconf 88' lang='lat' dir='ltr'><strong>et</strong></span> <span class='ocrx_word' id='word_1_381' title='bbox 3633 2403 3831 2445; x_wconf 74' lang='lat' dir='ltr'><strong>senun-</strong></span> 
     </span>
    </p>
   </div>
   <div class='ocr_carea' id='block_1_51' title="bbox 2252 2470 3827 2549">
    <p class='ocr_par' dir='ltr' id='par_1_51' title="bbox 2252 2470 3827 2549">
     <span class='ocr_line' id='line_1_51' title="bbox 2252 2470 3827 2549; baseline 0.008 -26"><span class='ocrx_word' id='word_1_382' title='bbox 2252 2470 2377 2524; x_wconf 89' lang='lat' dir='ltr'><strong>dum</strong></span> <span class='ocrx_word' id='word_1_383' title='bbox 2406 2485 2714 2526; x_wconf 84' lang='lat' dir='ltr'><strong>mensuram</strong></span> <span class='ocrx_word' id='word_1_384' title='bbox 2746 2473 2929 2529; x_wconf 63' lang='lat' dir='ltr'><strong>incisa</strong></span> <span class='ocrx_word' id='word_1_385' title='bbox 2960 2474 3175 2546; x_wconf 67' lang='lat' dir='ltr'><strong>lingua,</strong></span> <span class='ocrx_word' id='word_1_386' title='bbox 3220 2477 3490 2533; x_wconf 89' lang='lat' dir='ltr'><strong>incidatur</strong></span> <span class='ocrx_word' id='word_1_387' title='bbox 3519 2479 3744 2549; x_wconf 85' lang='lat' dir='ltr'><strong>lingua;</strong></span> <span class='ocrx_word' id='word_1_388' title='bbox 3774 2489 3827 2536; x_wconf 92' lang='lat' dir='ltr'><strong>et</strong></span> 
     </span>
    </p>
   </div>
   <div class='ocr_carea' id='block_1_52' title="bbox 2250 2558 3825 2632">
    <p class='ocr_par' dir='ltr' id='par_1_52' title="bbox 2250 2558 3825 2632">
     <span class='ocr_line' id='line_1_52' title="bbox 2250 2558 3825 2632; baseline 0.01 -20"><span class='ocrx_word' id='word_1_389' title='bbox 2250 2558 2294 2612; x_wconf 86' lang='lat' dir='ltr'><strong>si</strong></span> <span class='ocrx_word' id='word_1_390' title='bbox 2327 2558 2557 2623; x_wconf 79' lang='lat' dir='ltr'><strong>vixerit,</strong></span> <span class='ocrx_word' id='word_1_391' title='bbox 2602 2575 2781 2617; x_wconf 92' lang='lat' dir='ltr'><strong>meum</strong></span> <span class='ocrx_word' id='word_1_392' title='bbox 2809 2576 3175 2621; x_wconf 89' lang='lat' dir='ltr'><strong>commentum</strong></span> <span class='ocrx_word' id='word_1_393' title='bbox 3206 2577 3313 2632; x_wconf 86' lang='lat' dir='ltr'><strong>est,</strong></span> <span class='ocrx_word' id='word_1_394' title='bbox 3360 2578 3415 2623; x_wconf 91' lang='lat' dir='ltr'><strong>et</strong></span> <span class='ocrx_word' id='word_1_395' title='bbox 3447 2582 3555 2623; x_wconf 90' lang='lat' dir='ltr'><strong>non</strong></span> <span class='ocrx_word' id='word_1_396' title='bbox 3602 2570 3703 2625; x_wconf 89' lang='lat' dir='ltr'><strong>Dei</strong></span> <span class='ocrx_word' id='word_1_397' title='bbox 3729 2570 3825 2627; x_wconf 86' lang='lat' dir='ltr'><strong>de-</strong></span> 
     </span>
    </p>
   </div>
   <div class='ocr_carea' id='block_1_53' title="bbox 2250 2647 3826 2733">
    <p class='ocr_par' dir='ltr' id='par_1_53' title="bbox 2250 2647 3826 2733">
     <span class='ocr_line' id='line_1_53' title="bbox 2250 2647 3826 2733; baseline 0.011 -32"><span class='ocrx_word' id='word_1_398' title='bbox 2250 2647 2442 2704; x_wconf 89' lang='lat' dir='ltr'><strong>fensio.</strong></span> <span class='ocrx_word' id='word_1_399' title='bbox 2477 2649 2805 2707; x_wconf 86' lang='lat' dir='ltr'><strong>Producitur</strong></span> <span class='ocrx_word' id='word_1_400' title='bbox 2831 2655 3049 2725; x_wconf 89' lang='lat' dir='ltr'><strong>quidam</strong></span> <span class='ocrx_word' id='word_1_401' title='bbox 3078 2657 3474 2724; x_wconf 89' lang='lat' dir='ltr'><strong>damnatorum,</strong></span> <span class='ocrx_word' id='word_1_402' title='bbox 3506 2668 3567 2715; x_wconf 87' lang='lat' dir='ltr'><strong>et</strong></span> <span class='ocrx_word' id='word_1_403' title='bbox 3586 2660 3826 2733; x_wconf 84' lang='lat' dir='ltr'><strong>diligen-</strong></span> 
     </span>
    </p>
   </div>
   <div class='ocr_carea' id='block_1_54' title="bbox 2251 2737 3823 2821">
    <p class='ocr_par' dir='ltr' id='par_1_54' title="bbox 2251 2737 3823 2821">
     <span class='ocr_line' id='line_1_54' title="bbox 2251 2737 3823 2821; baseline 0.011 -31"><span class='ocrx_word' id='word_1_404' title='bbox 2251 2737 2459 2793; x_wconf 87' lang='lat' dir='ltr'><strong>tissime</strong></span> <span class='ocrx_word' id='word_1_405' title='bbox 2489 2755 2741 2795; x_wconf 84' lang='lat' dir='ltr'><strong>mensura</strong></span> <span class='ocrx_word' id='word_1_406' title='bbox 2780 2754 3000 2812; x_wconf 89' lang='lat' dir='ltr'><strong>accepta</strong></span> <span class='ocrx_word' id='word_1_407' title='bbox 3028 2783 3044 2810; x_wconf 93' lang='lat'><strong>,</strong></span> <span class='ocrx_word' id='word_1_408' title='bbox 3072 2746 3244 2801; x_wconf 82' lang='lat' dir='ltr'><strong>incisa</strong></span> <span class='ocrx_word' id='word_1_409' title='bbox 3291 2748 3455 2801; x_wconf 88' lang='lat' dir='ltr'><strong>etiam</strong></span> <span class='ocrx_word' id='word_1_410' title='bbox 3494 2748 3697 2821; x_wconf 69' lang='lat' dir='ltr'><strong>lingua.</strong></span> <span class='ocrx_word' id='word_1_411' title='bbox 3722 2761 3823 2817; x_wconf 86' lang='lat' dir='ltr'><strong>est,</strong></span> 
     </span>
    </p>
   </div>
   <div class='ocr_carea' id='block_1_55' title="bbox 2246 2830 3823 2911">
    <p class='ocr_par' dir='ltr' id='par_1_55' title="bbox 2246 2830 3823 2911">
     <span class='ocr_line' id='line_1_55' title="bbox 2246 2830 3823 2911; baseline 0.012 -30"><span class='ocrx_word' id='word_1_412' title='bbox 2246 2843 2369 2898; x_wconf 65' lang='lat' dir='ltr'><strong>quae</strong></span> <span class='ocrx_word' id='word_1_413' title='bbox 2394 2830 2630 2886; x_wconf 88' lang='lat' dir='ltr'><strong>habebat</strong></span> <span class='ocrx_word' id='word_1_414' title='bbox 2663 2830 2827 2888; x_wconf 90' lang='lat' dir='ltr'><strong>incidi</strong></span> <span class='ocrx_word' id='word_1_415' title='bbox 2879 2833 3109 2891; x_wconf 82' lang='lat' dir='ltr'><strong>Tantum</strong></span> <span class='ocrx_word' id='word_1_416' title='bbox 3141 2847 3200 2892; x_wconf 92' lang='lat' dir='ltr'><strong>ut</strong></span> <span class='ocrx_word' id='word_1_417' title='bbox 3232 2838 3452 2907; x_wconf 83' lang='lat' dir='ltr'><strong>impleta</strong></span> <span class='ocrx_word' id='word_1_418' title='bbox 3486 2840 3689 2898; x_wconf 85' lang='lat' dir='ltr'><strong>incisio</strong></span> <span class='ocrx_word' id='word_1_419' title='bbox 3716 2854 3823 2911; x_wconf 87' lang='lat' dir='ltr'><strong>est,</strong></span> 
     </span>
    </p>
   </div>
   <div class='ocr_carea' id='block_1_56' title="bbox 2247 2918 3825 3001">
    <p class='ocr_par' dir='ltr' id='par_1_56' title="bbox 2247 2918 3825 3001">
     <span class='ocr_line' id='line_1_56' title="bbox 2247 2918 3825 3001; baseline 0.012 -28"><span class='ocrx_word' id='word_1_420' title='bbox 2247 2930 2303 2974; x_wconf 90' lang='lat' dir='ltr'><strong>et</strong></span> <span class='ocrx_word' id='word_1_421' title='bbox 2338 2918 2463 2975; x_wconf 81' lang='lat' dir='ltr'><strong>finis</strong></span> <span class='ocrx_word' id='word_1_422' title='bbox 2488 2921 2605 2990; x_wconf 87' lang='lat' dir='ltr'><strong>ejus</strong></span> <span class='ocrx_word' id='word_1_423' title='bbox 2648 2923 2949 2993; x_wconf 90' lang='lat' dir='ltr'><strong>completus</strong></span> <span class='ocrx_word' id='word_1_424' title='bbox 2976 2936 3060 2982; x_wconf 82' lang='lat' dir='ltr'><strong>est</strong></span> <span class='ocrx_word' id='word_1_425' title='bbox 3091 2928 3232 2983; x_wconf 61' lang='lat' dir='ltr'><strong>vitae.</strong></span> <span class='ocrx_word' id='word_1_426' title='bbox 3270 2929 3337 2984; x_wconf 82' lang='lat' dir='ltr'><strong>Et</strong></span> <span class='ocrx_word' id='word_1_427' title='bbox 3365 2930 3455 2985; x_wconf 89' lang='lat' dir='ltr'><strong>ille</strong></span> <span class='ocrx_word' id='word_1_428' title='bbox 3486 2932 3714 3001; x_wconf 83' lang='lat' dir='ltr'><strong>quidem</strong></span> <span class='ocrx_word' id='word_1_429' title='bbox 3742 2945 3825 2992; x_wconf 81' lang='lat' dir='ltr'><strong>est</strong></span> 
     </span>
    </p>
   </div>
   <div class='ocr_carea' id='block_1_57' title="bbox 2248 3015 3821 3090">
    <p class='ocr_par' dir='ltr' id='par_1_57' title="bbox 2248 3015 3821 3090">
     <span class='ocr_line' id='line_1_57' title="bbox 2248 3015 3821 3090; baseline 0.011 -25"><span class='ocrx_word' id='word_1_430' title='bbox 2248 3022 2519 3068; x_wconf 90' lang='lat' dir='ltr'><strong>mortuus.</strong></span> <span class='ocrx_word' id='word_1_431' title='bbox 2569 3015 2665 3070; x_wconf 87' lang='lat' dir='ltr'><strong>Dei</strong></span> <span class='ocrx_word' id='word_1_432' title='bbox 2705 3026 2885 3072; x_wconf 91' lang='lat' dir='ltr'><strong>autem</strong></span> <span class='ocrx_word' id='word_1_433' title='bbox 2917 3034 2986 3075; x_wconf 80' lang='lat' dir='ltr'><strong>ex</strong></span> <span class='ocrx_word' id='word_1_434' title='bbox 3020 3023 3429 3090; x_wconf 87' lang='lat' dir='ltr'><strong>comparatione</strong></span> <span class='ocrx_word' id='word_1_435' title='bbox 3473 3028 3821 3082; x_wconf 78' lang='lat' dir='ltr'><strong>tenebrarum</strong></span> 
     </span>
    </p>
   </div>
   <div class='ocr_carea' id='block_1_58' title="bbox 2248 3105 3822 3183">
    <p class='ocr_par' dir='ltr' id='par_1_58' title="bbox 2248 3105 3822 3183">
     <span class='ocr_line' id='line_1_58' title="bbox 2248 3105 3822 3183; baseline 0.01 -26"><span class='ocrx_word' id='word_1_436' title='bbox 2248 3105 2545 3173; x_wconf 87' lang='lat' dir='ltr'><strong>apparebat</strong></span> <span class='ocrx_word' id='word_1_437' title='bbox 2577 3107 2942 3164; x_wconf 88' lang='lat' dir='ltr'><strong>clarissimum</strong></span> <span class='ocrx_word' id='word_1_438' title='bbox 2972 3110 3180 3168; x_wconf 89' lang='lat' dir='ltr'><strong>lumen.</strong></span> <span class='ocrx_word' id='word_1_439' title='bbox 3210 3112 3267 3168; x_wconf 91' lang='lat' dir='ltr'><strong>Si</strong></span> <span class='ocrx_word' id='word_1_440' title='bbox 3297 3115 3421 3183; x_wconf 86' lang='lat' dir='ltr'><strong>quis</strong></span> <span class='ocrx_word' id='word_1_441' title='bbox 3448 3122 3632 3170; x_wconf 87' lang='lat' dir='ltr'><strong>autem</strong></span> <span class='ocrx_word' id='word_1_442' title='bbox 3667 3116 3822 3173; x_wconf 77' lang='lat' dir='ltr'><strong>inﬁr-</strong></span> 
     </span>
    </p>
   </div>
   <div class='ocr_carea' id='block_1_59' title="bbox 587 3185 3823 3296">
    <p class='ocr_par' dir='ltr' id='par_1_59' title="bbox 587 3185 3823 3296">
     <span class='ocr_line' id='line_1_59' title="bbox 587 3185 3823 3296; baseline 0.009 -59"><span class='ocrx_word' id='word_1_443' title='bbox 587 3185 854 3244; x_wconf 78' lang='lat' dir='ltr'><strong>ﬂammam</strong></span> <span class='ocrx_word' id='word_1_444' title='bbox 906 3189 1057 3257; x_wconf 80' lang='lat' dir='ltr'><strong>ﬁeri;</strong></span> <span class='ocrx_word' id='word_1_445' title='bbox 1130 3205 1252 3261; x_wconf 81' lang='lat' dir='ltr'><strong>post</strong></span> <span class='ocrx_word' id='word_1_446' title='bbox 1310 3194 1624 3252; x_wconf 81' lang='lat' dir='ltr'><strong>incisionem</strong></span> <span class='ocrx_word' id='word_1_447' title='bbox 1686 3198 1901 3270; x_wconf 60' lang='lat' dir='ltr'><strong>lingua,</strong></span> <span class='ocrx_word' id='word_1_448' title='bbox 1963 3205 2145 3268; x_wconf 57' lang='lat' dir='ltr'><strong>vitam,</strong></span> <span class='ocrx_word' id='word_1_449' title='bbox 2175 3239 2217 3296; x_wconf 62' lang='grc' dir='ltr'>α</span> <span class='ocrx_word' id='word_1_450' title='bbox 2251 3210 2370 3251; x_wconf 89' lang='lat' dir='ltr'><strong>mus</strong></span> <span class='ocrx_word' id='word_1_451' title='bbox 2408 3207 2465 3254; x_wconf 91' lang='lat' dir='ltr'><strong>et</strong></span> <span class='ocrx_word' id='word_1_452' title='bbox 2485 3199 2793 3256; x_wconf 91' lang='lat' dir='ltr'><strong>incredulus</strong></span> <span class='ocrx_word' id='word_1_453' title='bbox 2829 3210 2933 3269; x_wconf 91' lang='lat' dir='ltr'><strong>est,</strong></span> <span class='ocrx_word' id='word_1_454' title='bbox 2984 3204 3137 3275; x_wconf 87' lang='lat' dir='ltr'><strong>signa</strong></span> <span class='ocrx_word' id='word_1_455' title='bbox 3170 3215 3348 3261; x_wconf 87' lang='lat' dir='ltr'><strong>autem</strong></span> <span class='ocrx_word' id='word_1_456' title='bbox 3395 3208 3730 3275; x_wconf 85' lang='lat' dir='ltr'><strong>inlidelibus,</strong></span> <span class='ocrx_word' id='word_1_457' title='bbox 3764 3220 3823 3265; x_wconf 89' lang='lat' dir='ltr'><strong>ut</strong></span> 
     </span>
    </p>
   </div>
   <div class='ocr_carea' id='block_1_60' title="bbox 586 3283 3821 3371">
    <p class='ocr_par' dir='ltr' id='par_1_60' title="bbox 586 3283 3821 3371">
     <span class='ocr_line' id='line_1_60' title="bbox 586 3283 3821 3371; baseline 0.008 -40"><span class='ocrx_word' id='word_1_458' title='bbox 586 3293 748 3347; x_wconf 88' lang='lat' dir='ltr'><strong>quam</strong></span> <span class='ocrx_word' id='word_1_459' title='bbox 797 3290 986 3335; x_wconf 91' lang='lat' dir='ltr'><strong>natura</strong></span> <span class='ocrx_word' id='word_1_460' title='bbox 1023 3283 1237 3350; x_wconf 90' lang='lat' dir='ltr'><strong>quidem</strong></span> <span class='ocrx_word' id='word_1_461' title='bbox 1284 3299 1387 3338; x_wconf 93' lang='lat' dir='ltr'><strong>non</strong></span> <span class='ocrx_word' id='word_1_462' title='bbox 1419 3286 1725 3353; x_wconf 81' lang='lat' dir='ltr'><strong>conﬁtetur,</strong></span> <span class='ocrx_word' id='word_1_463' title='bbox 1771 3294 1942 3360; x_wconf 89' lang='lat' dir='ltr'><strong>gratia</strong></span> <span class='ocrx_word' id='word_1_464' title='bbox 1970 3304 2146 3349; x_wconf 90' lang='lat' dir='ltr'><strong>autem</strong></span> <span class='ocrx_word' id='word_1_465' title='bbox 2179 3283 2217 3296; x_wconf 58' lang='grc' dir='ltr'>ν</span> <span class='ocrx_word' id='word_1_466' title='bbox 2249 3287 2383 3342; x_wconf 83' lang='lat' dir='ltr'><strong>dicit</strong></span> <span class='ocrx_word' id='word_1_467' title='bbox 2424 3289 2703 3358; x_wconf 84' lang='lat' dir='ltr'><strong>Scriptura</strong></span> <span class='ocrx_word' id='word_1_468' title='bbox 2726 3292 2793 3353; x_wconf 80' lang='grc'><strong>⁸⁷.</strong></span> <span class='ocrx_word' id='word_1_469' title='bbox 2828 3293 3091 3351; x_wconf 79' lang='lat' dir='ltr'><strong>habemus</strong></span> <span class='ocrx_word' id='word_1_470' title='bbox 3122 3295 3237 3352; x_wconf 68' lang='lat' dir='ltr'><strong>haec</strong></span> <span class='ocrx_word' id='word_1_471' title='bbox 3280 3297 3525 3366; x_wconf 84' lang='lat' dir='ltr'><strong>proferre</strong></span> <span class='ocrx_word' id='word_1_472' title='bbox 3551 3315 3677 3371; x_wconf 62' lang='lat' dir='ltr'><strong>qua</strong></span> <span class='ocrx_word' id='word_1_473' title='bbox 3718 3317 3821 3357; x_wconf 84' lang='lat' dir='ltr'><strong>au-</strong></span> 
     </span>
    </p>
   </div>
   <div class='ocr_carea' id='block_1_61' title="bbox 585 3369 2149 3442">
    <p class='ocr_par' dir='ltr' id='par_1_61' title="bbox 585 3369 2149 3442">
     <span class='ocr_line' id='line_1_61' title="bbox 585 3369 2149 3442; baseline 0.01 -20"><span class='ocrx_word' id='word_1_474' title='bbox 585 3369 809 3423; x_wconf 84' lang='lat' dir='ltr'><strong>addi&#39;dit.</strong></span> <span class='ocrx_word' id='word_1_475' title='bbox 841 3369 940 3426; x_wconf 89' lang='lat' dir='ltr'><strong>Ubi</strong></span> <span class='ocrx_word' id='word_1_476' title='bbox 960 3386 1087 3442; x_wconf 91' lang='lat' dir='ltr'><strong>ergo</strong></span> <span class='ocrx_word' id='word_1_477' title='bbox 1108 3372 1262 3426; x_wconf 90' lang='lat' dir='ltr'><strong>tertia</strong></span> <span class='ocrx_word' id='word_1_478' title='bbox 1290 3374 1574 3431; x_wconf 86' lang='lat' dir='ltr'><strong>admiratio</strong></span> <span class='ocrx_word' id='word_1_479' title='bbox 1592 3388 1686 3431; x_wconf 50' lang='lat' dir='ltr'><strong>.est</strong></span> <span class='ocrx_word' id='word_1_480' title='bbox 1713 3378 1777 3433; x_wconf 90' lang='lat' dir='ltr'><strong>de</strong></span> <span class='ocrx_word' id='word_1_481' title='bbox 1798 3382 1982 3435; x_wconf 89' lang='lat' dir='ltr'><strong>eodem</strong></span> <span class='ocrx_word' id='word_1_482' title='bbox 2007 3398 2149 3437; x_wconf 82' lang='lat' dir='ltr'><strong>mar-</strong></span> 
     </span>
    </p>
   </div>
   <div class='ocr_carea' id='block_1_62' title="bbox 588 3463 2143 3534">
    <p class='ocr_par' dir='ltr' id='par_1_62' title="bbox 588 3463 2143 3534">
     <span class='ocr_line' id='line_1_62' title="bbox 588 3463 2143 3534; baseline 0.009 -18"><span class='ocrx_word' id='word_1_483' title='bbox 588 3474 706 3534; x_wconf 82' lang='lat' dir='ltr'><strong>tyre</strong></span> <span class='ocrx_word' id='word_1_484' title='bbox 743 3463 982 3519; x_wconf 76' lang='lat' dir='ltr'><strong>Christi?</strong></span> <span class='ocrx_word' id='word_1_485' title='bbox 1013 3465 1391 3521; x_wconf 87' lang='lat' dir='ltr'><strong>Adducehatur</strong></span> <span class='ocrx_word' id='word_1_486' title='bbox 1419 3466 1693 3525; x_wconf 77' lang='lat' dir='ltr'><strong>Romanus</strong></span> <span class='ocrx_word' id='word_1_487' title='bbox 1731 3471 1797 3525; x_wconf 91' lang='lat' dir='ltr'><strong>ad</strong></span> <span class='ocrx_word' id='word_1_488' title='bbox 1823 3486 2098 3529; x_wconf 86' lang='lat' dir='ltr'><strong>carcerem</strong></span> <span class='ocrx_word' id='word_1_489' title='bbox 2129 3494 2143 3531; x_wconf 92' lang='lat'><strong>:</strong></span> 
     </span>
    </p>
   </div>
   <div class='ocr_carea' id='block_1_63' title="bbox 582 3553 2144 3637">
    <p class='ocr_par' dir='ltr' id='par_1_63' title="bbox 582 3553 2144 3637">
     <span class='ocr_line' id='line_1_63' title="bbox 582 3553 2144 3637; baseline 0.01 -30"><span class='ocrx_word' id='word_1_490' title='bbox 582 3553 818 3610; x_wconf 84' lang='lat' dir='ltr'><strong>addebat</strong></span> <span class='ocrx_word' id='word_1_491' title='bbox 878 3566 1058 3610; x_wconf 87' lang='lat' dir='ltr'><strong>autem</strong></span> <span class='ocrx_word' id='word_1_492' title='bbox 1108 3566 1161 3611; x_wconf 89' lang='lat' dir='ltr'><strong>et</strong></span> <span class='ocrx_word' id='word_1_493' title='bbox 1202 3557 1305 3612; x_wconf 90' lang='lat' dir='ltr'><strong>hoc</strong></span> <span class='ocrx_word' id='word_1_494' title='bbox 1343 3557 1571 3616; x_wconf 89' lang='lat' dir='ltr'><strong>blandus</strong></span> <span class='ocrx_word' id='word_1_495' title='bbox 1622 3564 2013 3629; x_wconf 78' lang='lat' dir='ltr'><strong>ad‘tyrannutn</strong></span> <span class='ocrx_word' id='word_1_496' title='bbox 2053 3566 2144 3637; x_wconf 85' lang='lat' dir='ltr'><strong>ju-</strong></span> 
     </span>
    </p>
   </div>
   <div class='ocr_carea' id='block_1_64' title="bbox 581 3645 2140 3720">
    <p class='ocr_par' dir='ltr' id='par_1_64' title="bbox 581 3645 2140 3720">
     <span class='ocr_line' id='line_1_64' title="bbox 581 3645 2140 3720; baseline 0.01 -23"><span class='ocrx_word' id='word_1_497' title='bbox 581 3645 707 3709; x_wconf 81' lang='lat' dir='ltr'><strong>dex,</strong></span> <span class='ocrx_word' id='word_1_498' title='bbox 753 3645 843 3714; x_wconf 91' lang='lat' dir='ltr'><strong>qui</strong></span> <span class='ocrx_word' id='word_1_499' title='bbox 894 3646 1051 3699; x_wconf 86' lang='lat' dir='ltr'><strong>istam</strong></span> <span class='ocrx_word' id='word_1_500' title='bbox 1099 3647 1431 3716; x_wconf 87' lang='lat' dir='ltr'><strong>corporalem</strong></span> <span class='ocrx_word' id='word_1_501' title='bbox 1464 3650 1698 3720; x_wconf 82' lang='lat' dir='ltr'><strong>linguam</strong></span> <span class='ocrx_word' id='word_1_502' title='bbox 1739 3670 1845 3709; x_wconf 93' lang='lat' dir='ltr'><strong>non</strong></span> <span class='ocrx_word' id='word_1_503' title='bbox 1892 3657 2140 3712; x_wconf 85' lang='lat' dir='ltr'><strong>habebat.</strong></span> 
     </span>
    </p>
   </div>
   <div class='ocr_carea' id='block_1_65' title="bbox 2249 3374 3817 3455">
    <p class='ocr_par' dir='ltr' id='par_1_65' title="bbox 2249 3374 3817 3455">
     <span class='ocr_line' id='line_1_65' title="bbox 2249 3374 3817 3455; baseline 0.012 -27"><span class='ocrx_word' id='word_1_504' title='bbox 2249 3374 2499 3432; x_wconf 86' lang='lat' dir='ltr'><strong>divimus.</strong></span> <span class='ocrx_word' id='word_1_505' title='bbox 2531 3377 2597 3432; x_wconf 83' lang='lat' dir='ltr'><strong>Et</strong></span> <span class='ocrx_word' id='word_1_506' title='bbox 2628 3389 2777 3435; x_wconf 90' lang='lat' dir='ltr'><strong>certe</strong></span> <span class='ocrx_word' id='word_1_507' title='bbox 2819 3395 2926 3436; x_wconf 92' lang='lat' dir='ltr'><strong>non</strong></span> <span class='ocrx_word' id='word_1_508' title='bbox 2957 3391 3160 3437; x_wconf 88' lang='lat' dir='ltr'><strong>tantum</strong></span> <span class='ocrx_word' id='word_1_509' title='bbox 3196 3399 3368 3454; x_wconf 85' lang='lat' dir='ltr'><strong>egena</strong></span> <span class='ocrx_word' id='word_1_510' title='bbox 3414 3398 3499 3441; x_wconf 87' lang='lat' dir='ltr'><strong>est</strong></span> <span class='ocrx_word' id='word_1_511' title='bbox 3534 3388 3817 3455; x_wconf 78' lang='lat' dir='ltr'><strong>Ecclesia;</strong></span> 
     </span>
    </p>
   </div>
   <div class='ocr_carea' id='block_1_66' title="bbox 2246 3467 3821 3546">
    <p class='ocr_par' dir='ltr' id='par_1_66' title="bbox 2246 3467 3821 3546">
     <span class='ocr_line' id='line_1_66' title="bbox 2246 3467 3821 3546; baseline 0.011 -26"><span class='ocrx_word' id='word_1_512' title='bbox 2246 3467 2340 3521; x_wconf 88' lang='lat' dir='ltr'><strong>sed</strong></span> <span class='ocrx_word' id='word_1_513' title='bbox 2381 3476 2437 3522; x_wconf 90' lang='lat' dir='ltr'><strong>et</strong></span> <span class='ocrx_word' id='word_1_514' title='bbox 2466 3467 2533 3524; x_wconf 92' lang='lat' dir='ltr'><strong>de</strong></span> <span class='ocrx_word' id='word_1_515' title='bbox 2559 3469 2667 3528; x_wconf 89' lang='lat' dir='ltr'><strong>alio</strong></span> <span class='ocrx_word' id='word_1_516' title='bbox 2702 3471 2881 3527; x_wconf 81' lang='lat' dir='ltr'><strong>audivi</strong></span> <span class='ocrx_word' id='word_1_517' title='bbox 2906 3488 3041 3544; x_wconf 88' lang='lat' dir='ltr'><strong>ego,</strong></span> <span class='ocrx_word' id='word_1_518' title='bbox 3068 3474 3196 3545; x_wconf 87' lang='lat' dir='ltr'><strong>quia</strong></span> <span class='ocrx_word' id='word_1_519' title='bbox 3237 3476 3317 3531; x_wconf 90' lang='lat' dir='ltr'><strong>vir</strong></span> <span class='ocrx_word' id='word_1_520' title='bbox 3353 3478 3573 3546; x_wconf 90' lang='lat' dir='ltr'><strong>quidam</strong></span> <span class='ocrx_word' id='word_1_521' title='bbox 3609 3482 3682 3536; x_wconf 92' lang='lat' dir='ltr'><strong>ad</strong></span> <span class='ocrx_word' id='word_1_522' title='bbox 3722 3481 3821 3536; x_wconf 77' lang='lat' dir='ltr'><strong>be-</strong></span> 
     </span>
    </p>
   </div>
   <div class='ocr_carea' id='block_1_67' title="bbox 2246 3556 3816 3643">
    <p class='ocr_par' dir='ltr' id='par_1_67' title="bbox 2246 3556 3816 3643">
     <span class='ocr_line' id='line_1_67' title="bbox 2246 3556 3816 3643; baseline 0.011 -33"><span class='ocrx_word' id='word_1_523' title='bbox 2246 3556 2379 3611; x_wconf 87' lang='lat' dir='ltr'><strong>stias</strong></span> <span class='ocrx_word' id='word_1_524' title='bbox 2410 3556 2607 3614; x_wconf 87' lang='lat' dir='ltr'><strong>missus</strong></span> <span class='ocrx_word' id='word_1_525' title='bbox 2644 3568 2761 3624; x_wconf 87' lang='lat' dir='ltr'><strong>est.</strong></span> <span class='ocrx_word' id='word_1_526' title='bbox 2787 3577 2818 3616; x_wconf 89' lang='lat' dir='ltr'><strong>a</strong></span> <span class='ocrx_word' id='word_1_527' title='bbox 2855 3563 3044 3619; x_wconf 85' lang='lat' dir='ltr'><strong>bestiis</strong></span> <span class='ocrx_word' id='word_1_528' title='bbox 3082 3576 3261 3622; x_wconf 88' lang='lat' dir='ltr'><strong>autem</strong></span> <span class='ocrx_word' id='word_1_529' title='bbox 3291 3582 3398 3621; x_wconf 87' lang='lat' dir='ltr'><strong>non</strong></span> <span class='ocrx_word' id='word_1_530' title='bbox 3430 3582 3816 3643; x_wconf 84' lang='lat' dir='ltr'><strong>consumptus,</strong></span> 
     </span>
    </p>
   </div>
   <div class='ocr_carea' id='block_1_68' title="bbox 2246 3648 3815 3719">
    <p class='ocr_par' dir='ltr' id='par_1_68' title="bbox 2246 3648 3815 3719">
     <span class='ocr_line' id='line_1_68' title="bbox 2246 3648 3815 3719; baseline 0.012 -18"><span class='ocrx_word' id='word_1_531' title='bbox 2246 3657 2305 3704; x_wconf 88' lang='lat' dir='ltr'><strong>ut</strong></span> <span class='ocrx_word' id='word_1_532' title='bbox 2354 3649 2557 3713; x_wconf 89' lang='lat' dir='ltr'><strong>Daniel,</strong></span> <span class='ocrx_word' id='word_1_533' title='bbox 2603 3648 2860 3708; x_wconf 66' lang='lat' dir='ltr'><strong>Ecclesia</strong></span> <span class='ocrx_word' id='word_1_534' title='bbox 2909 3654 3180 3711; x_wconf 86' lang='lat' dir='ltr'><strong>referebat</strong></span> <span class='ocrx_word' id='word_1_535' title='bbox 3224 3657 3487 3714; x_wconf 90' lang='lat' dir='ltr'><strong>mirabilia</strong></span> <span class='ocrx_word' id='word_1_536' title='bbox 3540 3660 3661 3717; x_wconf 87' lang='lat' dir='ltr'><strong>Dei.</strong></span> <span class='ocrx_word' id='word_1_537' title='bbox 3704 3663 3815 3719; x_wconf 87' lang='lat' dir='ltr'><strong>Sed</strong></span> 
     </span>
    </p>
   </div>
   <div class='ocr_carea' id='block_1_69' title="bbox 579 3732 3817 3822">
    <p class='ocr_par' dir='ltr' id='par_1_69' title="bbox 579 3732 3817 3822">
     <span class='ocr_line' id='line_1_69' title="bbox 579 3732 3817 3822; baseline 0.009 -38"><span class='ocrx_word' id='word_1_538' title='bbox 579 3732 802 3790; x_wconf 84' lang='lat' dir='ltr'><strong>Lectum</strong></span> <span class='ocrx_word' id='word_1_539' title='bbox 829 3743 912 3790; x_wconf 83' lang='lat' dir='ltr'><strong>est</strong></span> <span class='ocrx_word' id='word_1_540' title='bbox 936 3747 1116 3793; x_wconf 80' lang='lat' dir='ltr'><strong>autem</strong></span> <span class='ocrx_word' id='word_1_541' title='bbox 1156 3739 1333 3803; x_wconf 85' lang='lat' dir='ltr'><strong>nobis,</strong></span> <span class='ocrx_word' id='word_1_542' title='bbox 1370 3741 1495 3810; x_wconf 78' lang='lat' dir='ltr'><strong>quia</strong></span> <span class='ocrx_word' id='word_1_543' title='bbox 1528 3743 1582 3796; x_wconf 78' lang='lat' dir='ltr'><strong>in</strong></span> <span class='ocrx_word' id='word_1_544' title='bbox 1613 3745 1886 3814; x_wconf 65' lang='lat' dir='ltr'><strong>apostolo;</strong></span> <span class='ocrx_word' id='word_1_545' title='bbox 1912 3746 2144 3817; x_wconf 65' lang='lat' dir='ltr'><strong>spiritus</strong></span> <span class='ocrx_word' id='word_1_546' title='bbox 2245 3755 2350 3795; x_wconf 92' lang='lat' dir='ltr'><strong>non</strong></span> <span class='ocrx_word' id='word_1_547' title='bbox 2378 3742 2449 3795; x_wconf 88' lang='lat' dir='ltr'><strong>sit</strong></span> <span class='ocrx_word' id='word_1_548' title='bbox 2479 3742 2611 3797; x_wconf 82' lang='lat' dir='ltr'><strong>mihi</strong></span> <span class='ocrx_word' id='word_1_549' title='bbox 2635 3744 2888 3815; x_wconf 89' lang='lat' dir='ltr'><strong>colligere</strong></span> <span class='ocrx_word' id='word_1_550' title='bbox 2916 3747 3063 3802; x_wconf 87' lang='lat' dir='ltr'><strong>talia.</strong></span> <span class='ocrx_word' id='word_1_551' title='bbox 3097 3748 3201 3804; x_wconf 89' lang='lat' dir='ltr'><strong>Ista</strong></span> <span class='ocrx_word' id='word_1_552' title='bbox 3228 3751 3372 3804; x_wconf 89' lang='lat' dir='ltr'><strong>enim</strong></span> <span class='ocrx_word' id='word_1_553' title='bbox 3405 3757 3817 3822; x_wconf 84' lang='lat' dir='ltr'><strong>supportatoria</strong></span> 
     </span>
    </p>
   </div>
   <div class='ocr_carea' id='block_1_70' title="bbox 580 3826 3816 3905">
    <p class='ocr_par' dir='ltr' id='par_1_70' title="bbox 580 3826 3816 3905">
     <span class='ocr_line' id='line_1_70' title="bbox 580 3826 3816 3905; baseline 0.01 -32"><span class='ocrx_word' id='word_1_554' title='bbox 580 3826 793 3897; x_wconf 69' lang='lat' dir='ltr'><strong>linguas</strong></span> <span class='ocrx_word' id='word_1_555' title='bbox 825 3835 885 3880; x_wconf 75' lang='lat' dir='ltr'><strong>ut</strong></span> <span class='ocrx_word' id='word_1_556' title='bbox 919 3828 1094 3896; x_wconf 74' lang='lat' dir='ltr'><strong>ignem</strong></span> <span class='ocrx_word' id='word_1_557' title='bbox 1129 3829 1314 3885; x_wconf 77' lang='lat' dir='ltr'><strong>divisit</strong></span> <span class='ocrx_word' id='word_1_558' title='bbox 1345 3839 1399 3885; x_wconf 81' lang='lat' dir='ltr'><strong>et</strong></span> <span class='ocrx_word' id='word_1_559' title='bbox 1431 3832 1671 3893; x_wconf 69' lang='lat' dir='ltr'><strong>donavit.</strong></span> <span class='ocrx_word' id='word_1_560' title='bbox 1707 3833 1813 3891; x_wconf 74' lang='lat' dir='ltr'><strong>sed</strong></span> <span class='ocrx_word' id='word_1_561' title='bbox 1846 3837 1992 3892; x_wconf 79' lang='lat' dir='ltr'><strong>illum</strong></span> <span class='ocrx_word' id='word_1_562' title='bbox 2034 3856 2139 3895; x_wconf 78' lang='lat' dir='ltr'><strong>non</strong></span> <span class='ocrx_word' id='word_1_563' title='bbox 2244 3830 2628 3889; x_wconf 87' lang='lat' dir='ltr'><strong>inﬁrmantium</strong></span> <span class='ocrx_word' id='word_1_564' title='bbox 2664 3836 2947 3905; x_wconf 84' lang='lat' dir='ltr'><strong>habentur,</strong></span> <span class='ocrx_word' id='word_1_565' title='bbox 2972 3838 3090 3895; x_wconf 59' lang='lat' dir='ltr'><strong>ista</strong></span> <span class='ocrx_word' id='word_1_566' title='bbox 3115 3841 3515 3899; x_wconf 87' lang='lat' dir='ltr'><strong>satisfactiones</strong></span> <span class='ocrx_word' id='word_1_567' title='bbox 3545 3856 3679 3901; x_wconf 88' lang='lat' dir='ltr'><strong>sunt</strong></span> <span class='ocrx_word' id='word_1_568' title='bbox 3709 3865 3816 3905; x_wconf 87' lang='lat' dir='ltr'><strong>non</strong></span> 
     </span>
    </p>
   </div>
   <div class='ocr_carea' id='block_1_71' title="bbox 578 3917 2155 4002">
    <p class='ocr_par' dir='ltr' id='par_1_71' title="bbox 578 3917 2137 3993">
     <span class='ocr_line' id='line_1_71' title="bbox 578 3917 2137 3993; baseline 0.01 -24"><span class='ocrx_word' id='word_1_569' title='bbox 578 3917 833 3979; x_wconf 86' lang='lat' dir='ltr'><strong>vidimus.</strong></span> <span class='ocrx_word' id='word_1_570' title='bbox 878 3919 971 3972; x_wconf 89' lang='lat' dir='ltr'><strong>sed</strong></span> <span class='ocrx_word' id='word_1_571' title='bbox 1011 3920 1309 3973; x_wconf 87' lang='lat' dir='ltr'><strong>audivimus</strong></span> <span class='ocrx_word' id='word_1_572' title='bbox 1338 3931 1392 3973; x_wconf 92' lang='lat' dir='ltr'><strong>et</strong></span> <span class='ocrx_word' id='word_1_573' title='bbox 1424 3922 1712 3978; x_wconf 88' lang='lat' dir='ltr'><strong>credimus.</strong></span> <span class='ocrx_word' id='word_1_574' title='bbox 1763 3925 1913 3993; x_wconf 84' lang='lat' dir='ltr'><strong>Quod</strong></span> <span class='ocrx_word' id='word_1_575' title='bbox 1960 3938 2137 3983; x_wconf 84' lang='lat' dir='ltr'><strong>autem</strong></span> 
     </span>
    </p>
   </div>
   <div class='ocr_carea' id='block_1_72' title="bbox 2254 3917 3815 4002">
    <p class='ocr_par' dir='ltr' id='par_1_72' title="bbox 2254 3922 3815 4002">
     <span class='ocr_line' id='line_1_72' title="bbox 2254 3922 3815 4002; baseline 0.014 -28"><span class='ocrx_word' id='word_1_576' title='bbox 2254 3922 2598 3980; x_wconf 69' lang='lat' dir='ltr'><strong>credentium.</strong></span> <span class='ocrx_word' id='word_1_577' title='bbox 2651 3926 2757 3981; x_wconf 89' lang='lat' dir='ltr'><strong>Sed</strong></span> <span class='ocrx_word' id='word_1_578' title='bbox 2808 3943 2982 3998; x_wconf 89' lang='lat' dir='ltr'><strong>neque</strong></span> <span class='ocrx_word' id='word_1_579' title='bbox 3034 3932 3139 3987; x_wconf 88' lang='lat' dir='ltr'><strong>ista</strong></span> <span class='ocrx_word' id='word_1_580' title='bbox 3190 3948 3407 4002; x_wconf 90' lang='lat' dir='ltr'><strong>sperno,</strong></span> <span class='ocrx_word' id='word_1_581' title='bbox 3457 3951 3559 3992; x_wconf 88' lang='lat' dir='ltr'><strong>nec</strong></span> <span class='ocrx_word' id='word_1_582' title='bbox 3605 3939 3815 3997; x_wconf 88' lang='lat' dir='ltr'><strong>abnuo.</strong></span> 
     </span>
    </p>
   </div>
   <div class='ocr_carea' id='block_1_73' title="bbox 581 4010 3816 4088">
    <p class='ocr_par' dir='ltr' id='par_1_73' title="bbox 581 4010 3816 4088">
     <span class='ocr_line' id='line_1_73' title="bbox 581 4010 3816 4088; baseline 0.008 -26"><span class='ocrx_word' id='word_1_583' title='bbox 581 4010 822 4062; x_wconf 89' lang='lat' dir='ltr'><strong>dicturus</strong></span> <span class='ocrx_word' id='word_1_584' title='bbox 844 4023 989 4071; x_wconf 87' lang='lat' dir='ltr'><strong>sum,</strong></span> <span class='ocrx_word' id='word_1_585' title='bbox 1016 4010 1165 4062; x_wconf 88' lang='lat' dir='ltr'><strong>multi</strong></span> <span class='ocrx_word' id='word_1_586' title='bbox 1197 4012 1372 4066; x_wconf 84' lang='lat' dir='ltr'><strong>vultus</strong></span> <span class='ocrx_word' id='word_1_587' title='bbox 1406 4012 1518 4084; x_wconf 71' lang='lat'><strong>(62)</strong></span> <span class='ocrx_word' id='word_1_588' title='bbox 1558 4025 1685 4069; x_wconf 88' lang='lat' dir='ltr'><strong>sunt</strong></span> <span class='ocrx_word' id='word_1_589' title='bbox 1716 4025 1899 4073; x_wconf 86' lang='lat' dir='ltr'><strong>testes.</strong></span> <span class='ocrx_word' id='word_1_590' title='bbox 1934 4019 2138 4075; x_wconf 88' lang='lat' dir='ltr'><strong>Dicitur</strong></span> <span class='ocrx_word' id='word_1_591' title='bbox 2240 4012 2581 4069; x_wconf 78' lang='lat' dir='ltr'><strong>Gloriﬁcelur</strong></span> <span class='ocrx_word' id='word_1_592' title='bbox 2647 4028 2823 4073; x_wconf 82' lang='lat' dir='ltr'><strong>autem</strong></span> <span class='ocrx_word' id='word_1_593' title='bbox 2885 4030 2939 4075; x_wconf 87' lang='lat' dir='ltr'><strong>et</strong></span> <span class='ocrx_word' id='word_1_594' title='bbox 2984 4022 3038 4076; x_wconf 86' lang='lat' dir='ltr'><strong>in</strong></span> <span class='ocrx_word' id='word_1_595' title='bbox 3099 4024 3217 4079; x_wconf 80' lang='lat' dir='ltr'><strong>istis</strong></span> <span class='ocrx_word' id='word_1_596' title='bbox 3280 4025 3599 4083; x_wconf 77' lang='lat' dir='ltr'><strong>miriﬁcator</strong></span> <span class='ocrx_word' id='word_1_597' title='bbox 3647 4030 3816 4088; x_wconf 85' lang='lat' dir='ltr'><strong>Deus.</strong></span> 
     </span>
    </p>
   </div>
   <div class='ocr_carea' id='block_1_74' title="bbox 578 4097 3815 4190">
    <p class='ocr_par' dir='ltr' id='par_1_74' title="bbox 578 4097 3815 4190">
     <span class='ocr_line' id='line_1_74' title="bbox 578 4097 3815 4190; baseline 0.009 -41"><span class='ocrx_word' id='word_1_598' title='bbox 578 4097 703 4165; x_wconf 90' lang='lat' dir='ltr'><strong>quia</strong></span> <span class='ocrx_word' id='word_1_599' title='bbox 748 4097 940 4151; x_wconf 86' lang='lat' dir='ltr'><strong>beatus</strong></span> <span class='ocrx_word' id='word_1_600' title='bbox 987 4098 1090 4151; x_wconf 90' lang='lat' dir='ltr'><strong>iste</strong></span> <span class='ocrx_word' id='word_1_601' title='bbox 1126 4100 1423 4169; x_wconf 71' lang='lat' dir='ltr'><strong>Romanus,</strong></span> <span class='ocrx_word' id='word_1_602' title='bbox 1476 4104 1601 4156; x_wconf 91' lang='lat' dir='ltr'><strong>dum</strong></span> <span class='ocrx_word' id='word_1_603' title='bbox 1660 4104 1836 4160; x_wconf 91' lang='lat' dir='ltr'><strong>adhuc</strong></span> <span class='ocrx_word' id='word_1_604' title='bbox 1884 4122 2136 4164; x_wconf 84' lang='lat' dir='ltr'><strong>eameam</strong></span> <span class='ocrx_word' id='word_1_605' title='bbox 2241 4105 2413 4173; x_wconf 88' lang='lat' dir='ltr'><strong>Diligo</strong></span> <span class='ocrx_word' id='word_1_606' title='bbox 2446 4116 2626 4161; x_wconf 88' lang='lat' dir='ltr'><strong>autem</strong></span> <span class='ocrx_word' id='word_1_607' title='bbox 2654 4124 2776 4163; x_wconf 91' lang='lat' dir='ltr'><strong>cum</strong></span> <span class='ocrx_word' id='word_1_608' title='bbox 2811 4111 2971 4167; x_wconf 86' lang='lat' dir='ltr'><strong>video</strong></span> <span class='ocrx_word' id='word_1_609' title='bbox 2996 4112 3159 4168; x_wconf 90' lang='lat' dir='ltr'><strong>incidi</strong></span> <span class='ocrx_word' id='word_1_610' title='bbox 3191 4115 3370 4185; x_wconf 89' lang='lat' dir='ltr'><strong>capita</strong></span> <span class='ocrx_word' id='word_1_611' title='bbox 3402 4129 3731 4190; x_wconf 88' lang='lat' dir='ltr'><strong>martyrum,</strong></span> <span class='ocrx_word' id='word_1_612' title='bbox 3757 4133 3815 4177; x_wconf 87' lang='lat' dir='ltr'><strong>et</strong></span> 
     </span>
    </p>
   </div>
   <div class='ocr_carea' id='block_1_75' title="bbox 578 4186 3814 4274">
    <p class='ocr_par' dir='ltr' id='par_1_75' title="bbox 578 4186 3814 4274">
     <span class='ocr_line' id='line_1_75' title="bbox 578 4186 3814 4274; baseline 0.012 -33"><span class='ocrx_word' id='word_1_613' title='bbox 578 4186 809 4241; x_wconf 85' lang='lat' dir='ltr'><strong>habebat</strong></span> <span class='ocrx_word' id='word_1_614' title='bbox 844 4187 1101 4257; x_wconf 85' lang='lat' dir='ltr'><strong>linguam,</strong></span> <span class='ocrx_word' id='word_1_615' title='bbox 1132 4190 1327 4246; x_wconf 88' lang='lat' dir='ltr'><strong>similia</strong></span> <span class='ocrx_word' id='word_1_616' title='bbox 1358 4193 1527 4265; x_wconf 78' lang='lat' dir='ltr'><strong>Moysi</strong></span> <span class='ocrx_word' id='word_1_617' title='bbox 1556 4195 1893 4264; x_wconf 86' lang='lat' dir='ltr'><strong>loquebatur,</strong></span> <span class='ocrx_word' id='word_1_618' title='bbox 1926 4198 2027 4254; x_wconf 90' lang='lat' dir='ltr'><strong>hoc</strong></span> <span class='ocrx_word' id='word_1_619' title='bbox 2056 4210 2141 4257; x_wconf 85' lang='lat' dir='ltr'><strong>est</strong></span> <span class='ocrx_word' id='word_1_620' title='bbox 2242 4206 2409 4250; x_wconf 69' lang='grc' dir='ltr'><strong>ιοιυηι</strong></span> <span class='ocrx_word' id='word_1_621' title='bbox 2452 4212 2646 4267; x_wconf 65' lang='lat' dir='ltr'><strong>corpus</strong></span> <span class='ocrx_word' id='word_1_622' title='bbox 2678 4200 2891 4263; x_wconf 68' lang='grc' dir='ltr'><strong>πάετθο</strong></span> <span class='ocrx_word' id='word_1_623' title='bbox 2931 4213 2987 4258; x_wconf 69' lang='grc' dir='ltr'><strong>ει</strong></span> <span class='ocrx_word' id='word_1_624' title='bbox 3023 4204 3261 4274; x_wconf 72' lang='grc' dir='ltr'><strong>νίτείηεε</strong></span> <span class='ocrx_word' id='word_1_625' title='bbox 3288 4207 3459 4264; x_wconf 69' lang='lat' dir='ltr'><strong>Md“</strong></span> <span class='ocrx_word' id='word_1_626' title='bbox 3488 4186 3596 4263; x_wconf 56' lang='grc' dir='ltr'><strong>θείη</strong></span> <span class='ocrx_word' id='word_1_627' title='bbox 3628 4186 3814 4269; x_wconf 56' lang='grc' dir='ltr'><strong>Ῐηέίί·</strong></span> 
     </span>
    </p>
   </div>
   <div class='ocr_carea' id='block_1_76' title="bbox 575 4275 3813 4361">
    <p class='ocr_par' dir='ltr' id='par_1_76' title="bbox 575 4275 3813 4361">
     <span class='ocr_line' id='line_1_76' title="bbox 575 4275 3813 4361; baseline 0.01 -32"><span class='ocrx_word' id='word_1_628' title='bbox 575 4275 896 4341; x_wconf 87' lang='lat' dir='ltr'><strong>balbutiens,</strong></span> <span class='ocrx_word' id='word_1_629' title='bbox 943 4285 998 4330; x_wconf 92' lang='lat' dir='ltr'><strong>et</strong></span> <span class='ocrx_word' id='word_1_630' title='bbox 1026 4293 1129 4331; x_wconf 91' lang='lat' dir='ltr'><strong>non</strong></span> <span class='ocrx_word' id='word_1_631' title='bbox 1167 4282 1461 4348; x_wconf 83' lang='lat' dir='ltr'><strong>composite</strong></span> <span class='ocrx_word' id='word_1_632' title='bbox 1497 4281 1745 4351; x_wconf 89' lang='lat' dir='ltr'><strong>loquens.</strong></span> <span class='ocrx_word' id='word_1_633' title='bbox 1782 4283 1917 4338; x_wconf 91' lang='lat' dir='ltr'><strong>Dum</strong></span> <span class='ocrx_word' id='word_1_634' title='bbox 1957 4285 2136 4342; x_wconf 87' lang='lat' dir='ltr'><strong>adhuc</strong></span> <span class='ocrx_word' id='word_1_635' title='bbox 2237 4290 2404 4359; x_wconf 87' lang='lat' dir='ltr'><strong>giosis</strong></span> <span class='ocrx_word' id='word_1_636' title='bbox 2430 4292 2623 4357; x_wconf 92' lang='lat' dir='ltr'><strong>oculis,</strong></span> <span class='ocrx_word' id='word_1_637' title='bbox 2656 4293 2845 4350; x_wconf 90' lang='lat' dir='ltr'><strong>amicis</strong></span> <span class='ocrx_word' id='word_1_638' title='bbox 2867 4304 3044 4350; x_wconf 91' lang='lat' dir='ltr'><strong>autem</strong></span> <span class='ocrx_word' id='word_1_639' title='bbox 3076 4308 3130 4352; x_wconf 90' lang='lat' dir='ltr'><strong>et</strong></span> <span class='ocrx_word' id='word_1_640' title='bbox 3164 4298 3442 4355; x_wconf 89' lang='lat' dir='ltr'><strong>fraternis.</strong></span> <span class='ocrx_word' id='word_1_641' title='bbox 3476 4300 3619 4358; x_wconf 81' lang='lat' dir='ltr'><strong>Nihil</strong></span> <span class='ocrx_word' id='word_1_642' title='bbox 3662 4309 3813 4361; x_wconf 75' lang='lat' dir='ltr'><strong>enim</strong></span> 
     </span>
    </p>
   </div>
   <div class='ocr_carea' id='block_1_77' title="bbox 579 4367 3808 4463">
    <p class='ocr_par' dir='ltr' id='par_1_77' title="bbox 579 4367 3808 4463">
     <span class='ocr_line' id='line_1_77' title="bbox 579 4367 3808 4463; baseline 0.011 -45"><span class='ocrx_word' id='word_1_643' title='bbox 579 4367 804 4420; x_wconf 85' lang='lat' dir='ltr'><strong>haberet</strong></span> <span class='ocrx_word' id='word_1_644' title='bbox 842 4376 1007 4421; x_wconf 89' lang='lat' dir='ltr'><strong>totam</strong></span> <span class='ocrx_word' id='word_1_645' title='bbox 1056 4367 1311 4437; x_wconf 88' lang='lat' dir='ltr'><strong>linguam,</strong></span> <span class='ocrx_word' id='word_1_646' title='bbox 1356 4378 1410 4425; x_wconf 90' lang='lat' dir='ltr'><strong>et</strong></span> <span class='ocrx_word' id='word_1_647' title='bbox 1455 4386 1559 4426; x_wconf 92' lang='lat' dir='ltr'><strong>non</strong></span> <span class='ocrx_word' id='word_1_648' title='bbox 1609 4383 1793 4441; x_wconf 85' lang='lat' dir='ltr'><strong>posset</strong></span> <span class='ocrx_word' id='word_1_649' title='bbox 1839 4378 2137 4445; x_wconf 88' lang='lat' dir='ltr'><strong>composite</strong></span> <span class='ocrx_word' id='word_1_650' title='bbox 2240 4381 2431 4434; x_wconf 91' lang='lat' dir='ltr'><strong>borum</strong></span> <span class='ocrx_word' id='word_1_651' title='bbox 2465 4384 2709 4439; x_wconf 89' lang='lat' dir='ltr'><strong>terribile</strong></span> <span class='ocrx_word' id='word_1_652' title='bbox 2732 4385 2919 4440; x_wconf 90' lang='lat' dir='ltr'><strong>vident</strong></span> <span class='ocrx_word' id='word_1_653' title='bbox 2947 4386 3165 4452; x_wconf 87' lang='lat' dir='ltr'><strong>fratres,</strong></span> <span class='ocrx_word' id='word_1_654' title='bbox 3201 4392 3325 4458; x_wconf 85' lang='lat' dir='ltr'><strong>quia</strong></span> <span class='ocrx_word' id='word_1_655' title='bbox 3360 4407 3459 4448; x_wconf 90' lang='lat' dir='ltr'><strong>nec</strong></span> <span class='ocrx_word' id='word_1_656' title='bbox 3496 4396 3808 4463; x_wconf 88' lang='lat' dir='ltr'><strong>patiuntur.</strong></span> 
     </span>
    </p>
   </div>
   <div class='ocr_carea' id='block_1_78' title="bbox 577 4452 3810 4557">
    <p class='ocr_par' dir='ltr' id='par_1_78' title="bbox 577 4452 3810 4557">
     <span class='ocr_line' id='line_1_78' title="bbox 577 4452 3810 4557; baseline 0.011 -50"><span class='ocrx_word' id='word_1_657' title='bbox 577 4452 744 4523; x_wconf 91' lang='lat' dir='ltr'><strong>loqui,</strong></span> <span class='ocrx_word' id='word_1_658' title='bbox 774 4466 889 4509; x_wconf 79' lang='lat' dir='ltr'><strong>erat</strong></span> <span class='ocrx_word' id='word_1_659' title='bbox 912 4457 1120 4513; x_wconf 90' lang='lat' dir='ltr'><strong>balbus.</strong></span> <span class='ocrx_word' id='word_1_660' title='bbox 1154 4458 1254 4524; x_wconf 85' lang='lat' dir='ltr'><strong>Qui</strong></span> <span class='ocrx_word' id='word_1_661' title='bbox 1285 4467 1462 4514; x_wconf 87' lang='lat' dir='ltr'><strong>autem</strong></span> <span class='ocrx_word' id='word_1_662' title='bbox 1492 4474 1766 4516; x_wconf 88' lang='lat' dir='ltr'><strong>carcerem</strong></span> <span class='ocrx_word' id='word_1_663' title='bbox 1797 4464 2131 4532; x_wconf 87' lang='lat' dir='ltr'><strong>ingredieba-</strong></span> <span class='ocrx_word' id='word_1_664' title='bbox 2239 4469 2357 4526; x_wconf 67' lang='lat' dir='ltr'><strong>ista:</strong></span> <span class='ocrx_word' id='word_1_665' title='bbox 2396 4481 2521 4526; x_wconf 88' lang='lat' dir='ltr'><strong>sunt</strong></span> <span class='ocrx_word' id='word_1_666' title='bbox 2552 4474 2755 4541; x_wconf 79' lang='lat' dir='ltr'><strong>gloriae,</strong></span> <span class='ocrx_word' id='word_1_667' title='bbox 2791 4476 2909 4530; x_wconf 67' lang='lat' dir='ltr'><strong>ista</strong></span> <span class='ocrx_word' id='word_1_668' title='bbox 2943 4488 3140 4533; x_wconf 64' lang='lat' dir='ltr'><strong>nostra</strong></span> <span class='ocrx_word' id='word_1_669' title='bbox 3178 4452 3513 4537; x_wconf 64' lang='lat' dir='ltr'><strong>dilectiones.</strong></span> <span class='ocrx_word' id='word_1_670' title='bbox 3562 4484 3631 4538; x_wconf 82' lang='lat' dir='ltr'><strong>Et</strong></span> <span class='ocrx_word' id='word_1_671' title='bbox 3682 4488 3810 4557; x_wconf 85' lang='lat' dir='ltr'><strong>qui-</strong></span> 
     </span>
    </p>
   </div>
   <div class='ocr_carea' id='block_1_79' title="bbox 575 4548 3804 4644">
    <p class='ocr_par' dir='ltr' id='par_1_79' title="bbox 575 4548 3804 4644">
     <span class='ocr_line' id='line_1_79' title="bbox 575 4548 3804 4644; baseline 0.01 -47"><span class='ocrx_word' id='word_1_672' title='bbox 575 4552 662 4598; x_wconf 89' lang='lat' dir='ltr'><strong>tur</strong></span> <span class='ocrx_word' id='word_1_673' title='bbox 697 4554 876 4600; x_wconf 88' lang='lat' dir='ltr'><strong>custos</strong></span> <span class='ocrx_word' id='word_1_674' title='bbox 902 4548 1139 4602; x_wconf 90' lang='lat' dir='ltr'><strong>carceris</strong></span> <span class='ocrx_word' id='word_1_675' title='bbox 1175 4549 1528 4621; x_wconf 87' lang='lat' dir='ltr'><strong>interrogavit</strong></span> <span class='ocrx_word' id='word_1_676' title='bbox 1554 4567 1701 4617; x_wconf 90' lang='lat' dir='ltr'><strong>eum,</strong></span> <span class='ocrx_word' id='word_1_677' title='bbox 1732 4555 1876 4623; x_wconf 91' lang='lat' dir='ltr'><strong>quod</strong></span> <span class='ocrx_word' id='word_1_678' title='bbox 1902 4556 1951 4610; x_wconf 90' lang='lat' dir='ltr'><strong>ei</strong></span> <span class='ocrx_word' id='word_1_679' title='bbox 1982 4566 2132 4612; x_wconf 86' lang='lat' dir='ltr'><strong>esset</strong></span> <span class='ocrx_word' id='word_1_680' title='bbox 2167 4588 2211 4643; x_wconf 68' lang='grc' dir='ltr'>υ</span> <span class='ocrx_word' id='word_1_681' title='bbox 2236 4564 2355 4615; x_wconf 87' lang='lat' dir='ltr'><strong>dem</strong></span> <span class='ocrx_word' id='word_1_682' title='bbox 2382 4564 2472 4631; x_wconf 90' lang='lat' dir='ltr'><strong>qui</strong></span> <span class='ocrx_word' id='word_1_683' title='bbox 2508 4564 2756 4619; x_wconf 86' lang='lat' dir='ltr'><strong>inciditur</strong></span> <span class='ocrx_word' id='word_1_684' title='bbox 2794 4568 2993 4638; x_wconf 90' lang='lat' dir='ltr'><strong>capite,</strong></span> <span class='ocrx_word' id='word_1_685' title='bbox 3031 4569 3250 4624; x_wconf 86' lang='lat' dir='ltr'><strong>habebit</strong></span> <span class='ocrx_word' id='word_1_686' title='bbox 3279 4582 3442 4640; x_wconf 87' lang='lat' dir='ltr'><strong>caput</strong></span> <span class='ocrx_word' id='word_1_687' title='bbox 3477 4574 3528 4628; x_wconf 93' lang='lat' dir='ltr'><strong>in</strong></span> <span class='ocrx_word' id='word_1_688' title='bbox 3554 4548 3804 4644; x_wconf 71' lang='lat' dir='ltr'><strong>judicio;</strong></span> 
     </span>
    </p>
   </div>
   <div class='ocr_carea' id='block_1_80' title="bbox 570 4639 3805 4729">
    <p class='ocr_par' dir='ltr' id='par_1_80' title="bbox 570 4639 3805 4729">
     <span class='ocr_line' id='line_1_80' title="bbox 570 4639 3805 4729; baseline 0.011 -40"><span class='ocrx_word' id='word_1_689' title='bbox 570 4648 865 4691; x_wconf 83' lang='lat' dir='ltr'><strong>nomenzet</strong></span> <span class='ocrx_word' id='word_1_690' title='bbox 896 4650 1043 4700; x_wconf 84' lang='lat' dir='ltr'><strong>certe</strong></span> <span class='ocrx_word' id='word_1_691' title='bbox 1070 4639 1263 4696; x_wconf 82' lang='lat' dir='ltr'><strong>litterae</strong></span> <span class='ocrx_word' id='word_1_692' title='bbox 1284 4640 1395 4710; x_wconf 68' lang='lat'><strong>(65)</strong></span> <span class='ocrx_word' id='word_1_693' title='bbox 1417 4642 1528 4711; x_wconf 86' lang='lat' dir='ltr'><strong>jam</strong></span> <span class='ocrx_word' id='word_1_694' title='bbox 1565 4643 1649 4698; x_wconf 89' lang='lat' dir='ltr'><strong>his</strong></span> <span class='ocrx_word' id='word_1_695' title='bbox 1678 4646 1769 4711; x_wconf 91' lang='lat' dir='ltr'><strong>qui</strong></span> <span class='ocrx_word' id='word_1_696' title='bbox 1801 4644 1959 4701; x_wconf 87' lang='lat' dir='ltr'><strong>valde</strong></span> <span class='ocrx_word' id='word_1_697' title='bbox 1988 4663 2135 4703; x_wconf 85' lang='lat' dir='ltr'><strong>com-</strong></span> <span class='ocrx_word' id='word_1_698' title='bbox 2169 4639 2196 4643; x_wconf 58' lang='grc'>⁷</span> <span class='ocrx_word' id='word_1_699' title='bbox 2235 4653 2360 4720; x_wconf 88' lang='lat' dir='ltr'><strong>quia</strong></span> <span class='ocrx_word' id='word_1_700' title='bbox 2391 4654 2482 4729; x_wconf 85' lang='lat' dir='ltr'><strong>qui</strong></span> <span class='ocrx_word' id='word_1_701' title='bbox 2525 4657 2676 4709; x_wconf 90' lang='lat' dir='ltr'><strong>ardet</strong></span> <span class='ocrx_word' id='word_1_702' title='bbox 2717 4664 2881 4721; x_wconf 86' lang='lat' dir='ltr'><strong>totus,</strong></span> <span class='ocrx_word' id='word_1_703' title='bbox 2916 4658 3285 4715; x_wconf 85' lang='lat' dir='ltr'><strong>holocaustum</strong></span> <span class='ocrx_word' id='word_1_704' title='bbox 3334 4639 3445 4718; x_wconf 90' lang='lat' dir='ltr'><strong>Deo</strong></span> <span class='ocrx_word' id='word_1_705' title='bbox 3475 4639 3681 4722; x_wconf 68' lang='lat' dir='ltr'><strong>viventi</strong></span> <span class='ocrx_word' id='word_1_706' title='bbox 3714 4639 3805 4723; x_wconf 53' lang='lat' dir='ltr'><strong>of;</strong></span> 
     </span>
    </p>
   </div>
   <div class='ocr_carea' id='block_1_81' title="bbox 566 4726 3803 4817">
    <p class='ocr_par' dir='ltr' id='par_1_81' title="bbox 566 4726 3803 4817">
     <span class='ocr_line' id='line_1_81' title="bbox 566 4726 3803 4817; baseline 0.011 -40"><span class='ocrx_word' id='word_1_707' title='bbox 566 4726 727 4795; x_wconf 87' lang='lat' dir='ltr'><strong>positi</strong></span> <span class='ocrx_word' id='word_1_708' title='bbox 757 4737 904 4783; x_wconf 88' lang='lat' dir='ltr'><strong>recte</strong></span> <span class='ocrx_word' id='word_1_709' title='bbox 932 4728 1241 4797; x_wconf 89' lang='lat' dir='ltr'><strong>loquuntur,</strong></span> <span class='ocrx_word' id='word_1_710' title='bbox 1270 4732 1575 4801; x_wconf 87' lang='lat' dir='ltr'><strong>impeditad</strong></span> <span class='ocrx_word' id='word_1_711' title='bbox 1599 4735 1947 4802; x_wconf 89' lang='lat' dir='ltr'><strong>loquendum.</strong></span> <span class='ocrx_word' id='word_1_712' title='bbox 1980 4737 2132 4792; x_wconf 84' lang='lat' dir='ltr'><strong>Nunc</strong></span> <span class='ocrx_word' id='word_1_713' title='bbox 2234 4726 2425 4798; x_wconf 75' lang='lat' dir='ltr'><strong>fertur.-</strong></span> <span class='ocrx_word' id='word_1_714' title='bbox 2454 4744 2520 4799; x_wconf 84' lang='lat' dir='ltr'><strong>Et</strong></span> <span class='ocrx_word' id='word_1_715' title='bbox 2559 4749 2705 4817; x_wconf 79' lang='lat' dir='ltr'><strong>virgo</strong></span> <span class='ocrx_word' id='word_1_716' title='bbox 2740 4749 2956 4813; x_wconf 82' lang='lat' dir='ltr'><strong>nudata,</strong></span> <span class='ocrx_word' id='word_1_717' title='bbox 2989 4764 3094 4803; x_wconf 91' lang='lat' dir='ltr'><strong>non</strong></span> <span class='ocrx_word' id='word_1_718' title='bbox 3128 4753 3304 4817; x_wconf 90' lang='lat' dir='ltr'><strong>nuda;</strong></span> <span class='ocrx_word' id='word_1_719' title='bbox 3344 4754 3505 4810; x_wconf 84' lang='lat' dir='ltr'><strong>habet</strong></span> <span class='ocrx_word' id='word_1_720' title='bbox 3530 4759 3678 4812; x_wconf 90' lang='lat' dir='ltr'><strong>enim</strong></span> <span class='ocrx_word' id='word_1_721' title='bbox 3719 4762 3803 4813; x_wconf 85' lang='lat' dir='ltr'><strong>in-</strong></span> 
     </span>
    </p>
   </div>
   <div class='ocr_carea' id='block_1_82' title="bbox 568 4814 3808 4922">
    <p class='ocr_par' dir='ltr' id='par_1_82' title="bbox 568 4814 3808 4922">
     <span class='ocr_line' id='line_1_82' title="bbox 568 4814 3808 4922; baseline 0.012 -55"><span class='ocrx_word' id='word_1_722' title='bbox 568 4824 745 4868; x_wconf 86' lang='lat' dir='ltr'><strong>autem</strong></span> <span class='ocrx_word' id='word_1_723' title='bbox 777 4814 1049 4872; x_wconf 77' lang='lat' dir='ltr'><strong>Romanus</strong></span> <span class='ocrx_word' id='word_1_724' title='bbox 1076 4828 1131 4873; x_wconf 88' lang='lat' dir='ltr'><strong>et</strong></span> <span class='ocrx_word' id='word_1_725' title='bbox 1156 4819 1326 4874; x_wconf 86' lang='lat' dir='ltr'><strong>incisa</strong></span> <span class='ocrx_word' id='word_1_726' title='bbox 1372 4821 1581 4892; x_wconf 89' lang='lat' dir='ltr'><strong>lingua;</strong></span> <span class='ocrx_word' id='word_1_727' title='bbox 1618 4840 1778 4895; x_wconf 90' lang='lat' dir='ltr'><strong>quam</strong></span> <span class='ocrx_word' id='word_1_728' title='bbox 1811 4841 1933 4880; x_wconf 90' lang='lat' dir='ltr'><strong>cum</strong></span> <span class='ocrx_word' id='word_1_729' title='bbox 1971 4828 2134 4883; x_wconf 90' lang='lat' dir='ltr'><strong>habe-</strong></span> <span class='ocrx_word' id='word_1_730' title='bbox 2233 4833 2541 4890; x_wconf 86' lang='lat' dir='ltr'><strong>dumeutum</strong></span> <span class='ocrx_word' id='word_1_731' title='bbox 2574 4814 2955 4908; x_wconf 57' lang='lat' dir='ltr'><strong>incorruptelae</strong></span> <span class='ocrx_word' id='word_1_732' title='bbox 2987 4855 3115 4895; x_wconf 70' lang='lat' dir='ltr'><strong>sum.</strong></span> <span class='ocrx_word' id='word_1_733' title='bbox 3159 4841 3331 4898; x_wconf 78' lang='lat' dir='ltr'><strong>Nemo</strong></span> <span class='ocrx_word' id='word_1_734' title='bbox 3373 4846 3516 4901; x_wconf 88' lang='lat' dir='ltr'><strong>dicat</strong></span> <span class='ocrx_word' id='word_1_735' title='bbox 3544 4852 3808 4922; x_wconf 83' lang='lat' dir='ltr'><strong>martyri-</strong></span> 
     </span>
    </p>
   </div>
   <div class='ocr_carea' id='block_1_83' title="bbox 570 4906 3806 5009">
    <p class='ocr_par' dir='ltr' id='par_1_83' title="bbox 570 4906 3806 5009">
     <span class='ocr_line' id='line_1_83' title="bbox 570 4906 3806 5009; baseline 0.013 -52"><span class='ocrx_word' id='word_1_736' title='bbox 570 4914 653 5009; x_wconf 51' lang='grc' dir='ltr'><strong>ξεῖ</strong></span> <span class='ocrx_word' id='word_1_737' title='bbox 679 4906 812 4977; x_wconf 76' lang='grc'><strong>(64),</strong></span> <span class='ocrx_word' id='word_1_738' title='bbox 842 4919 896 4960; x_wconf 90' lang='lat' dir='ltr'><strong>et</strong></span> <span class='ocrx_word' id='word_1_739' title='bbox 920 4908 1235 5009; x_wconf 44' lang='lat' dir='ltr'><strong>recte-loqui</strong></span> <span class='ocrx_word' id='word_1_740' title='bbox 1266 4926 1370 4965; x_wconf 92' lang='lat' dir='ltr'><strong>non</strong></span> <span class='ocrx_word' id='word_1_741' title='bbox 1398 4925 1643 4981; x_wconf 87' lang='lat' dir='ltr'><strong>poterat;</strong></span> <span class='ocrx_word' id='word_1_742' title='bbox 1675 4915 1910 4984; x_wconf 86' lang='lat' dir='ltr'><strong>Spiritus</strong></span> <span class='ocrx_word' id='word_1_743' title='bbox 1936 4916 2129 4987; x_wconf 76' lang='lat' dir='ltr'><strong>linguae</strong></span> <span class='ocrx_word' id='word_1_744' title='bbox 2233 4922 2371 4979; x_wconf 90' lang='lat' dir='ltr'><strong>bus:</strong></span> <span class='ocrx_word' id='word_1_745' title='bbox 2404 4925 2769 4984; x_wconf 77' lang='lat' dir='ltr'><strong>Misericordia</strong></span> <span class='ocrx_word' id='word_1_746' title='bbox 2805 4906 2839 4983; x_wconf 79' lang='lat' dir='ltr'><strong>a</strong></span> <span class='ocrx_word' id='word_1_747' title='bbox 2880 4932 3030 4986; x_wconf 85' lang='lat' dir='ltr'><strong>vobis</strong></span> <span class='ocrx_word' id='word_1_748' title='bbox 3057 4932 3170 5005; x_wconf 84' lang='lat'><strong>(65)</strong></span> <span class='ocrx_word' id='word_1_749' title='bbox 3202 4937 3270 4989; x_wconf 87' lang='lat' dir='ltr'><strong>ab</strong></span> <span class='ocrx_word' id='word_1_750' title='bbox 3317 4936 3420 5001; x_wconf 83' lang='lat' dir='ltr'><strong>his,</strong></span> <span class='ocrx_word' id='word_1_751' title='bbox 3462 4938 3663 4997; x_wconf 84' lang='lat' dir='ltr'><strong>fratres</strong></span> <span class='ocrx_word' id='word_1_752' title='bbox 3679 4906 3712 5009; x_wconf 54' lang='grc' dir='ltr'><em>ί</em></span> <span class='ocrx_word' id='word_1_753' title='bbox 3732 4960 3806 4999; x_wconf 91' lang='lat' dir='ltr'><strong>ne</strong></span> 
     </span>
    </p>
   </div>
   <div class='ocr_carea' id='block_1_84' title="bbox 567 4992 3804 5100">
    <p class='ocr_par' dir='ltr' id='par_1_84' title="bbox 567 4992 3804 5100">
     <span class='ocr_line' id='line_1_84' title="bbox 567 4992 3804 5100; baseline 0.015 -54"><span class='ocrx_word' id='word_1_754' title='bbox 567 4992 822 5062; x_wconf 87' lang='lat' dir='ltr'><strong>loquitur,</strong></span> <span class='ocrx_word' id='word_1_755' title='bbox 874 5006 929 5050; x_wconf 88' lang='lat' dir='ltr'><strong>et</strong></span> <span class='ocrx_word' id='word_1_756' title='bbox 970 4998 1125 5053; x_wconf 90' lang='lat' dir='ltr'><strong>valde</strong></span> <span class='ocrx_word' id='word_1_757' title='bbox 1166 5001 1487 5067; x_wconf 87' lang='lat' dir='ltr'><strong>rectissime,</strong></span> <span class='ocrx_word' id='word_1_758' title='bbox 1538 5013 1593 5059; x_wconf 91' lang='lat' dir='ltr'><strong>et</strong></span> <span class='ocrx_word' id='word_1_759' title='bbox 1638 5004 1790 5069; x_wconf 90' lang='lat' dir='ltr'><strong>dicit,</strong></span> <span class='ocrx_word' id='word_1_760' title='bbox 1846 5005 2123 5064; x_wconf 82' lang='lat' dir='ltr'><strong>Romanus</strong></span> <span class='ocrx_word' id='word_1_761' title='bbox 2230 5014 2369 5072; x_wconf 90' lang='lat' dir='ltr'><strong>forte</strong></span> <span class='ocrx_word' id='word_1_762' title='bbox 2397 5020 2693 5075; x_wconf 85' lang='lat' dir='ltr'><strong>imitatores</strong></span> <span class='ocrx_word' id='word_1_763' title='bbox 2719 5021 2921 5078; x_wconf 86' lang='lat' dir='ltr'><strong>Christi</strong></span> <span class='ocrx_word' id='word_1_764' title='bbox 2961 4992 3338 5082; x_wconf 45' lang='lat' dir='ltr'><strong>vocem&#39;etiam</strong></span> <span class='ocrx_word' id='word_1_765' title='bbox 3366 5032 3485 5100; x_wconf 86' lang='lat' dir='ltr'><strong>ejus</strong></span> <span class='ocrx_word' id='word_1_766' title='bbox 3517 4992 3804 5093; x_wconf 68' lang='lat' dir='ltr'><strong>mittentes</strong></span> 
     </span>
    </p>
   </div>
   <div class='ocr_carea' id='block_1_85' title="bbox 565 5085 3799 5185">
    <p class='ocr_par' dir='ltr' id='par_1_85' title="bbox 565 5085 3799 5185">
     <span class='ocr_line' id='line_1_85' title="bbox 565 5085 3799 5185; baseline 0.013 -46"><span class='ocrx_word' id='word_1_767' title='bbox 565 5085 736 5140; x_wconf 90' lang='lat' dir='ltr'><strong>dicor.</strong></span> <span class='ocrx_word' id='word_1_768' title='bbox 764 5086 959 5142; x_wconf 88' lang='lat' dir='ltr'><strong>lterum</strong></span> <span class='ocrx_word' id='word_1_769' title='bbox 990 5089 1267 5144; x_wconf 71' lang='lat' dir='ltr'><strong>nuntiatur</strong></span> <span class='ocrx_word' id='word_1_770' title='bbox 1301 5093 1403 5147; x_wconf 90' lang='lat' dir='ltr'><strong>hoc</strong></span> <span class='ocrx_word' id='word_1_771' title='bbox 1428 5093 1593 5161; x_wconf 85' lang='lat' dir='ltr'><strong>judici</strong></span> <span class='ocrx_word' id='word_1_772' title='bbox 1626 5105 1679 5150; x_wconf 88' lang='lat' dir='ltr'><strong>et</strong></span> <span class='ocrx_word' id='word_1_773' title='bbox 1710 5103 1940 5165; x_wconf 83' lang='lat' dir='ltr'><strong>tyranno</strong></span> <span class='ocrx_word' id='word_1_774' title='bbox 1975 5113 2117 5169; x_wconf 72' lang='lat' dir='ltr'><strong>prte-</strong></span> <span class='ocrx_word' id='word_1_775' title='bbox 2226 5109 2585 5177; x_wconf 87' lang='lat' dir='ltr'><strong>respondeant</strong></span> <span class='ocrx_word' id='word_1_776' title='bbox 2609 5111 2948 5169; x_wconf 88' lang='lat' dir='ltr'><strong>dicentibus:</strong></span> <span class='ocrx_word' id='word_1_777' title='bbox 3000 5113 3138 5170; x_wconf 79' lang='lat' dir='ltr'><strong>Vade</strong></span> <span class='ocrx_word' id='word_1_778' title='bbox 3173 5131 3308 5173; x_wconf 80' lang='lat' dir='ltr'><strong>retro</strong></span> <span class='ocrx_word' id='word_1_779' title='bbox 3363 5085 3463 5185; x_wconf 67' lang='lat' dir='ltr'><strong>me,</strong></span> <span class='ocrx_word' id='word_1_780' title='bbox 3499 5085 3799 5184; x_wconf 50' lang='lat' dir='ltr'><strong>Salone;</strong></span> 
     </span>
    </p>
   </div>
   <div class='ocr_carea' id='block_1_86' title="bbox 654 5179 1729 5255">
    <p class='ocr_par' dir='ltr' id='par_1_86' title="bbox 654 5179 1729 5255">
     <span class='ocr_line' id='line_1_86' title="bbox 654 5179 1729 5255; baseline 0.011 -23"><span class='ocrx_word' id='word_1_781' title='bbox 654 5179 696 5211; x_wconf 83' lang='grc'><strong>⁸⁷</strong></span> <span class='ocrx_word' id='word_1_782' title='bbox 726 5180 745 5233; x_wconf 90' lang='lat' dir='ltr'><strong>l</strong></span> <span class='ocrx_word' id='word_1_783' title='bbox 776 5180 901 5235; x_wconf 90' lang='lat' dir='ltr'><strong>Cor.</strong></span> <span class='ocrx_word' id='word_1_784' title='bbox 934 5198 1046 5245; x_wconf 70' lang='lat' dir='ltr'><strong>atv,</strong></span> <span class='ocrx_word' id='word_1_785' title='bbox 1073 5184 1162 5237; x_wconf 71' lang='lat'><strong>22.</strong></span> <span class='ocrx_word' id='word_1_786' title='bbox 1234 5185 1278 5215; x_wconf 78' lang='lat'>“</span> <span class='ocrx_word' id='word_1_787' title='bbox 1298 5185 1463 5241; x_wconf 77' lang='lat' dir='ltr'><strong>Marc.</strong></span> <span class='ocrx_word' id='word_1_788' title='bbox 1494 5202 1607 5255; x_wconf 88' lang='lat' dir='ltr'><strong>vm,</strong></span> <span class='ocrx_word' id='word_1_789' title='bbox 1640 5190 1729 5244; x_wconf 76' lang='grc'><strong>55.</strong></span> 
     </span>
    </p>
   </div>
   <div class='ocr_carea' id='block_1_87' title="bbox 634 5271 3799 5363">
    <p class='ocr_par' dir='ltr' id='par_1_87' title="bbox 634 5271 3799 5363">
     <span class='ocr_line' id='line_1_87' title="bbox 634 5271 3799 5363; baseline 0.012 -39"><span class='ocrx_word' id='word_1_790' title='bbox 634 5272 747 5354; x_wconf 67' lang='lat' dir='ltr'><strong>(6i)</strong></span> <span class='ocrx_word' id='word_1_791' title='bbox 775 5271 1221 5363; x_wconf 33' lang='lat' dir='ltr'><strong>‘qtfonsueru‘nt‘.</strong></span> <span class='ocrx_word' id='word_1_792' title='bbox 1246 5276 1317 5363; x_wconf 75' lang='lat' dir='ltr'><strong>Ut</strong></span> <span class='ocrx_word' id='word_1_793' title='bbox 1346 5280 1510 5363; x_wconf 68' lang='lat' dir='ltr'><strong>solent</strong></span> <span class='ocrx_word' id='word_1_794' title='bbox 1547 5282 1864 5363; x_wconf 67' lang='lat' dir='ltr'><strong>inﬁrmiores</strong></span> <span class='ocrx_word' id='word_1_795' title='bbox 1899 5284 2037 5339; x_wconf 91' lang='lat' dir='ltr'><strong>clam</strong></span> <span class='ocrx_word' id='word_1_796' title='bbox 2073 5296 2125 5343; x_wconf 86' lang='lat' dir='ltr'><strong>et</strong></span> <span class='ocrx_word' id='word_1_797' title='bbox 2300 5290 2414 5361; x_wconf 71' lang='grc' dir='ltr'><strong>(δι)</strong></span> <span class='ocrx_word' id='word_1_798' title='bbox 2473 5290 2645 5355; x_wconf 78' lang='lat' dir='ltr'><strong>Quam</strong></span> <span class='ocrx_word' id='word_1_799' title='bbox 2692 5308 2809 5345; x_wconf 83' lang='lat' dir='ltr'><strong>cum</strong></span> <span class='ocrx_word' id='word_1_800' title='bbox 2854 5293 3083 5349; x_wconf 80' lang='lat' dir='ltr'><strong>haberet.</strong></span> <span class='ocrx_word' id='word_1_801' title='bbox 3135 5296 3307 5363; x_wconf 88' lang='lat' dir='ltr'><strong>Quam</strong></span> <span class='ocrx_word' id='word_1_802' title='bbox 3357 5300 3592 5356; x_wconf 87' lang='lat' dir='ltr'><strong>litteram</strong></span> <span class='ocrx_word' id='word_1_803' title='bbox 3641 5303 3799 5363; x_wconf 83' lang='lat' dir='ltr'><strong>facile</strong></span> 
     </span>
    </p>
   </div>
   <div class='ocr_carea' id='block_1_88' title="bbox 564 5340 3799 5441">
    <p class='ocr_par' dir='ltr' id='par_1_88' title="bbox 564 5340 3799 5441">
     <span class='ocr_line' id='line_1_88' title="bbox 564 5340 3799 5441; baseline 0.012 -49"><span class='ocrx_word' id='word_1_804' title='bbox 564 5340 1364 5441; x_wconf 40' lang='lat' dir='ltr'><strong>fecunditasiua‘rtyruni</strong></span> <span class='ocrx_word' id='word_1_805' title='bbox 1390 5340 1645 5441; x_wconf 45' lang='lat' dir='ltr'><strong>reliquias</strong></span> <span class='ocrx_word' id='word_1_806' title='bbox 1671 5353 1971 5441; x_wconf 62' lang='lat' dir='ltr'><strong>honorare;</strong></span> <span class='ocrx_word' id='word_1_807' title='bbox 2002 5340 2122 5441; x_wconf 70' lang='lat' dir='ltr'><strong>cum</strong></span> <span class='ocrx_word' id='word_1_808' title='bbox 2227 5340 2576 5441; x_wconf 60' lang='lat' dir='ltr'><strong>proiiubtiare</strong></span> <span class='ocrx_word' id='word_1_809' title='bbox 2620 5375 2727 5414; x_wconf 90' lang='lat' dir='ltr'><strong>non</strong></span> <span class='ocrx_word' id='word_1_810' title='bbox 2766 5370 3000 5431; x_wconf 86' lang='lat' dir='ltr'><strong>poterat.</strong></span> <span class='ocrx_word' id='word_1_811' title='bbox 3035 5340 3196 5421; x_wconf 50' lang='lat' dir='ltr'><strong>etiarn</strong></span> <span class='ocrx_word' id='word_1_812' title='bbox 3239 5382 3365 5423; x_wconf 83' lang='lat' dir='ltr'><strong>cum</strong></span> <span class='ocrx_word' id='word_1_813' title='bbox 3407 5340 3799 5441; x_wconf 51' lang='lat' dir='ltr'><strong>linguam-Ti:</strong></span> 
     </span>
    </p>
   </div>
   <div class='ocr_carea' id='block_1_89' title="bbox 564 5411 2397 5485">
    <p class='ocr_par' dir='ltr' id='par_1_89' title="bbox 564 5411 2397 5485">
     <span class='ocr_line' id='line_1_89' title="bbox 564 5411 2397 5485; baseline 0.013 -23"><span class='ocrx_word' id='word_1_814' title='bbox 564 5411 817 5465; x_wconf 89' lang='lat' dir='ltr'><strong>fortiores</strong></span> <span class='ocrx_word' id='word_1_815' title='bbox 837 5412 1033 5485; x_wconf 78' lang='lat' dir='ltr'><strong>_palam_</strong></span> <span class='ocrx_word' id='word_1_816' title='bbox 1055 5414 1105 5466; x_wconf 88' lang='lat' dir='ltr'><strong>id</strong></span> <span class='ocrx_word' id='word_1_817' title='bbox 1134 5411 1370 5469; x_wconf 72' lang='lat' dir='ltr'><strong>facerent</strong></span> <span class='ocrx_word' id='word_1_818' title='bbox 1398 5436 1411 5471; x_wconf 91' lang='lat'><strong>:</strong></span> <span class='ocrx_word' id='word_1_819' title='bbox 1461 5411 1579 5473; x_wconf 72' lang='lat' dir='ltr'><strong>erat</strong></span> <span class='ocrx_word' id='word_1_820' title='bbox 1607 5432 1789 5477; x_wconf 86' lang='lat' dir='ltr'><strong>autem</strong></span> <span class='ocrx_word' id='word_1_821' title='bbox 1829 5424 1920 5477; x_wconf 90' lang='lat' dir='ltr'><strong>ille</strong></span> <span class='ocrx_word' id='word_1_822' title='bbox 1953 5411 2122 5479; x_wconf 67' lang='lat' dir='ltr'><strong>rnedi-</strong></span> <span class='ocrx_word' id='word_1_823' title='bbox 2150 5466 2151 5469; x_wconf 59' lang='grc' dir='ltr'><strong>η</strong></span> <span class='ocrx_word' id='word_1_824' title='bbox 2226 5411 2397 5485; x_wconf 49' lang='lat' dir='ltr'><strong>Bai-5t“.</strong></span> 
     </span>
    </p>
   </div>
   <div class='ocr_carea' id='block_1_90' title="bbox 561 5482 3794 5570">
    <p class='ocr_par' dir='ltr' id='par_1_90' title="bbox 561 5482 3794 5570">
     <span class='ocr_line' id='line_1_90' title="bbox 561 5482 3794 5570; baseline 0.011 -38"><span class='ocrx_word' id='word_1_825' title='bbox 561 5496 663 5570; x_wconf 41' lang='lat' dir='ltr'><strong>cur.</strong></span> <span class='ocrx_word' id='word_1_826' title='bbox 702 5482 874 5535; x_wconf 81' lang='lat' dir='ltr'><strong>carnis</strong></span> <span class='ocrx_word' id='word_1_827' title='bbox 943 5482 1245 5550; x_wconf 77' lang='lat' dir='ltr'><strong>inﬁrmitate</strong></span> <span class='ocrx_word' id='word_1_828' title='bbox 1309 5487 1507 5555; x_wconf 79' lang='lat' dir='ltr'><strong>lapsus,</strong></span> <span class='ocrx_word' id='word_1_829' title='bbox 1568 5490 1708 5545; x_wconf 87' lang='lat' dir='ltr'><strong>sicut</strong></span> <span class='ocrx_word' id='word_1_830' title='bbox 1780 5496 1936 5562; x_wconf 88' lang='lat' dir='ltr'><strong>paulo</strong></span> <span class='ocrx_word' id='word_1_831' title='bbox 2000 5508 2124 5553; x_wconf 91' lang='lat' dir='ltr'><strong>ante</strong></span> <span class='ocrx_word' id='word_1_832' title='bbox 2226 5482 2410 5570; x_wconf 19' lang='lat'><strong>&quot;(675)</strong></span> <span class='ocrx_word' id='word_1_833' title='bbox 2455 5499 3049 5557; x_wconf 79' lang='lat' dir='ltr'><strong>Misericordiaavobis.</strong></span> <span class='ocrx_word' id='word_1_834' title='bbox 3074 5504 3237 5561; x_wconf 82' lang='lat' dir='ltr'><strong>Forte</strong></span> <span class='ocrx_word' id='word_1_835' title='bbox 3260 5506 3627 5565; x_wconf 70' lang='lat' dir='ltr'><strong>Misericordia</strong></span> <span class='ocrx_word' id='word_1_836' title='bbox 3653 5514 3794 5569; x_wconf 73' lang='lat' dir='ltr'><strong>nobis</strong></span> 
     </span>
    </p>
   </div>
   <div class='ocr_carea' id='block_1_91' title="bbox 562 5553 3793 5646">
    <p class='ocr_par' dir='ltr' id='par_1_91' title="bbox 562 5553 3793 5646">
     <span class='ocr_line' id='line_1_91' title="bbox 562 5553 3793 5646; baseline 0.011 -45"><span class='ocrx_word' id='word_1_837' title='bbox 562 5553 975 5646; x_wconf 31' lang='lat' dir='ltr'><strong>dic/Ligdum“-</strong></span> <span class='ocrx_word' id='word_1_838' title='bbox 1033 5627 1317 5646; x_wconf 21' lang='grc' dir='ltr'><strong>πλὴν</strong></span> <span class='ocrx_word' id='word_1_839' title='bbox 1364 5553 1461 5646; x_wconf 26' lang='lat' dir='ltr'><strong>&quot;ﬂ</strong></span> <span class='ocrx_word' id='word_1_840' title='bbox 1533 5640 1561 5646; x_wconf 9' lang='grc' dir='ltr'><em>’γ</em></span> <span class='ocrx_word' id='word_1_841' title='bbox 1596 5645 1602 5646; x_wconf 12' lang='lat'><em>7</em></span> <span class='ocrx_word' id='word_1_842' title='bbox 1782 5553 1796 5562; x_wconf 87' lang='grc'><em>’</em></span> <span class='ocrx_word' id='word_1_843' title='bbox 2226 5553 2427 5635; x_wconf 68' lang='grc' dir='ltr'><strong>αῡἺιίέ,</strong></span> <span class='ocrx_word' id='word_1_844' title='bbox 2455 5553 2735 5646; x_wconf 57' lang='lat' dir='ltr'><strong>utseusus</strong></span> <span class='ocrx_word' id='word_1_845' title='bbox 2768 5553 3091 5646; x_wconf 15' lang='lat' dir='ltr'><strong>siti—{Nemo</strong></span> <span class='ocrx_word' id='word_1_846' title='bbox 3118 5578 3445 5646; x_wconf 85' lang='lat' dir='ltr'><strong>martyribus</strong></span> <span class='ocrx_word' id='word_1_847' title='bbox 3475 5553 3656 5635; x_wconf 58' lang='lat' dir='ltr'><strong>dicai:</strong></span> <span class='ocrx_word' id='word_1_848' title='bbox 3685 5553 3793 5635; x_wconf 65' lang='lat' dir='ltr'><strong>Ira:</strong></span> 
     </span>
    </p>
   </div>
   <div class='ocr_carea' id='block_1_92' title="bbox 633 5618 3791 5757">
    <p class='ocr_par' dir='ltr' id='par_1_92' title="bbox 633 5618 3791 5757">
     <span class='ocr_line' id='line_1_92' title="bbox 633 5618 3791 5757; baseline 0.011 -86"><span class='ocrx_word' id='word_1_849' title='bbox 633 5619 743 5757; x_wconf 47' lang='lat' dir='ltr'><strong>ibi)</strong></span> <span class='ocrx_word' id='word_1_850' title='bbox 791 5618 995 5675; x_wconf 79' lang='lat' dir='ltr'><strong>Vultus.</strong></span> <span class='ocrx_word' id='word_1_851' title='bbox 1022 5627 1340 5695; x_wconf 83' lang='grc' dir='ltr'><strong>Πρόσωπα.</strong></span> <span class='ocrx_word' id='word_1_852' title='bbox 1374 5640 1631 5695; x_wconf 84' lang='lat' dir='ltr'><strong>aspectus.</strong></span> <span class='ocrx_word' id='word_1_853' title='bbox 2227 5618 2951 5707; x_wconf 29' lang='lat' dir='ltr'><strong>tres-,‘vest‘ri‘misereantur</strong></span> <span class='ocrx_word' id='word_1_854' title='bbox 2972 5618 3035 5696; x_wconf 72' lang='lat' dir='ltr'><strong>lli</strong></span> <span class='ocrx_word' id='word_1_855' title='bbox 3061 5618 3311 5715; x_wconf 45' lang='lat' dir='ltr'><strong>&#39;tyraunli,</strong></span> 
     </span>
     <span class='ocr_line' id='line_1_93' title="bbox 658 5690 3783 5757; baseline 0.005 -17"><span class='ocrx_word' id='word_1_856' title='bbox 658 5692 745 5757; x_wconf 71' lang='lat'><strong>()5)</strong></span> <span class='ocrx_word' id='word_1_857' title='bbox 785 5690 1016 5746; x_wconf 67' lang='lat' dir='ltr'><strong>Litterae.</strong></span> <span class='ocrx_word' id='word_1_858' title='bbox 1039 5696 1195 5749; x_wconf 66' lang='lat' dir='ltr'><strong>Forte</strong></span> <span class='ocrx_word' id='word_1_859' title='bbox 1226 5699 1423 5757; x_wconf 74' lang='lat' dir='ltr'><strong>littera,</strong></span> <span class='ocrx_word' id='word_1_860' title='bbox 1465 5710 1521 5753; x_wconf 90' lang='lat' dir='ltr'><strong>ut</strong></span> <span class='ocrx_word' id='word_1_861' title='bbox 1564 5714 1752 5755; x_wconf 79' lang='lat' dir='ltr'><strong>sensus</strong></span> <span class='ocrx_word' id='word_1_862' title='bbox 1790 5702 1860 5756; x_wconf 88' lang='lat' dir='ltr'><strong>sit</strong></span> <span class='ocrx_word' id='word_1_863' title='bbox 1888 5722 1901 5757; x_wconf 87' lang='lat'>:</span> <span class='ocrx_word' id='word_1_864' title='bbox 1937 5704 2114 5757; x_wconf 87' lang='lat' dir='ltr'><strong>littera</strong></span> <span class='ocrx_word' id='word_1_865' title='bbox 2220 5712 2451 5757; x_wconf 68' lang='lat' dir='ltr'><strong>saevire:</strong></span> <span class='ocrx_word' id='word_1_866' title='bbox 2488 5725 2553 5757; x_wconf 80' lang='lat' dir='ltr'><strong>ne</strong></span> <span class='ocrx_word' id='word_1_867' title='bbox 2584 5722 2845 5757; x_wconf 69' lang='lat' dir='ltr'><strong>matures</strong></span> <span class='ocrx_word' id='word_1_868' title='bbox 2882 5715 3127 5757; x_wconf 65' lang='lat' dir='ltr'><strong>exeannln</strong></span> <span class='ocrx_word' id='word_1_869' title='bbox 3154 5715 3352 5757; x_wconf 72' lang='lat' dir='ltr'><strong>Clu-icti</strong></span> <span class='ocrx_word' id='word_1_870' title='bbox 3385 5723 3744 5757; x_wconf 65' lang='grc' dir='ltr'><strong>νβειιηιηιριιηι</strong></span> <span class='ocrx_word' id='word_1_871' title='bbox 3772 5740 3783 5749; x_wconf 75' lang='grc' dir='ltr'>ς</span> 
     </span>
    </p>
   </div>
   <div class='ocr_carea' id='block_1_93' title="bbox 658 5690 3783 5789">
    <p class='ocr_par' dir='ltr' id='par_1_93' title="bbox 658 5690 3783 5789">
     <span class='ocr_line' id='line_1_94' title="bbox 658 5690 3783 5789; baseline 0.011 -49"><span class='ocrx_word' id='word_1_872' title='bbox 658 5692 745 5759; x_wconf 73' lang='lat'><strong>05)</strong></span> <span class='ocrx_word' id='word_1_873' title='bbox 785 5690 1016 5746; x_wconf 66' lang='lat' dir='ltr'><strong>Litterae.</strong></span> <span class='ocrx_word' id='word_1_874' title='bbox 1039 5690 1195 5775; x_wconf 70' lang='lat' dir='ltr'><strong>Forte</strong></span> <span class='ocrx_word' id='word_1_875' title='bbox 1226 5690 1443 5779; x_wconf 53' lang='lat' dir='ltr'><strong>littera,</strong></span> <span class='ocrx_word' id='word_1_876' title='bbox 1465 5710 1521 5753; x_wconf 90' lang='lat' dir='ltr'><strong>ut</strong></span> <span class='ocrx_word' id='word_1_877' title='bbox 1564 5714 1752 5789; x_wconf 66' lang='lat' dir='ltr'><strong>sensus</strong></span> <span class='ocrx_word' id='word_1_878' title='bbox 1790 5702 1901 5784; x_wconf 75' lang='lat' dir='ltr'><strong>sit:</strong></span> <span class='ocrx_word' id='word_1_879' title='bbox 1937 5704 2114 5759; x_wconf 87' lang='lat' dir='ltr'><strong>littera</strong></span> <span class='ocrx_word' id='word_1_880' title='bbox 2220 5690 2411 5789; x_wconf 52' lang='lat' dir='ltr'><strong>sicilire</strong></span> <span class='ocrx_word' id='word_1_881' title='bbox 2430 5690 2554 5775; x_wconf 54' lang='lat'><strong>3‘53</strong></span> <span class='ocrx_word' id='word_1_882' title='bbox 2584 5690 3783 5789; x_wconf 45' lang='lat' dir='ltr'><strong>Suilii;&#39;éieiiipié&#39;éiii-téu&#39;iéJﬁJdJéaxiii</strong></span> 
     </span>
    </p>
   </div>
   <div class='ocr_carea' id='block_1_94' title="bbox 566 5756 2681 5848">
    <p class='ocr_par' dir='ltr' id='par_1_94' title="bbox 566 5756 2681 5848">
     <span class='ocr_line' id='line_1_95' title="bbox 566 5756 2681 5848; baseline 0.015 -42"><span class='ocrx_word' id='word_1_883' title='bbox 566 5756 607 5807; x_wconf 76' lang='lat' dir='ltr'><strong>Ii</strong></span> <span class='ocrx_word' id='word_1_884' title='bbox 634 5756 750 5826; x_wconf 65' lang='lat' dir='ltr'><strong>qum</strong></span> <span class='ocrx_word' id='word_1_885' title='bbox 772 5774 910 5848; x_wconf 66' lang='lat' dir='ltr'><strong>aegre</strong></span> <span class='ocrx_word' id='word_1_886' title='bbox 939 5767 1311 5848; x_wconf 71' lang='lat' dir='ltr'><strong>pronuntiatur</strong></span> <span class='ocrx_word' id='word_1_887' title='bbox 1343 5756 1509 5848; x_wconf 72' lang='lat' dir='ltr'><strong>etiam</strong></span> <span class='ocrx_word' id='word_1_888' title='bbox 1536 5769 1603 5823; x_wconf 87' lang='lat' dir='ltr'><strong>ab</strong></span> <span class='ocrx_word' id='word_1_889' title='bbox 1642 5771 1706 5825; x_wconf 89' lang='lat' dir='ltr'><strong>iis</strong></span> <span class='ocrx_word' id='word_1_890' title='bbox 1747 5774 1839 5839; x_wconf 86' lang='lat' dir='ltr'><strong>qui</strong></span> <span class='ocrx_word' id='word_1_891' title='bbox 1872 5756 2114 5833; x_wconf 29' lang='lat' dir='ltr'><strong>os&#39;recte</strong></span> <span class='ocrx_word' id='word_1_892' title='bbox 2216 5756 2553 5848; x_wconf 52' lang='lat' dir='ltr'><strong>EEdé&#39;FeirS,‘</strong></span> 
     </span>
    </p>
   </div>
   <div class='ocr_carea' id='block_1_95' title="bbox 564 5829 1959 5903">
    <p class='ocr_par' dir='ltr' id='par_1_95' title="bbox 564 5829 1959 5903">
     <span class='ocr_line' id='line_1_96' title="bbox 564 5829 1959 5903; baseline 0.012 -24"><span class='ocrx_word' id='word_1_893' title='bbox 564 5829 917 5885; x_wconf 79' lang='lat' dir='ltr'><strong>cumuositum</strong></span> <span class='ocrx_word' id='word_1_894' title='bbox 946 5829 1154 5890; x_wconf 86' lang='lat' dir='ltr'><strong>habent</strong></span> <span class='ocrx_word' id='word_1_895' title='bbox 1183 5836 1250 5892; x_wconf 86' lang='lat' dir='ltr'><strong>ad</strong></span> <span class='ocrx_word' id='word_1_896' title='bbox 1282 5836 1624 5899; x_wconf 79' lang='lat' dir='ltr'><strong>loquendum.</strong></span> <span class='ocrx_word' id='word_1_897' title='bbox 1657 5829 1818 5903; x_wconf 62' lang='lat' dir='ltr'><strong>nun&#39;c.</strong></span> <span class='ocrx_word' id='word_1_898' title='bbox 1853 5856 1959 5899; x_wconf 88' lang='lat' dir='ltr'><strong>etc.</strong></span> 
     </span>
    </p>
   </div>
  </div>
