4000 6476
199 610 304 667 llill

1236 588 1327 646 DE
1365 579 1977 645 RESURHECTIONE.
2010 604 2089 626 υ-
2129 574 2261 638 LIB.
2303 572 2372 636 11.

3334 568 3483 629 1108

196 724 509 781 lucedantur
546 722 602 773 et
644 716 879 800 ardeant
915 677 1277 770 ut‘nudentur
1313 708 1425 781 (66)
1453 707 1779 800 virginesiu
1811 709 1858 767 Α
1888 703 2093 775 plagas,
2139 716 2236 774 per
2280 713 2503 800 terram,
2551 696 2906 800 per-ignem,
2953 709 3053 787 per
3083 693 3352 800 gladium,

186 814 458 887 passione,
490 817 548 867 et
575 797 761 864 vincat
794 820 895 879 per
924 804 1107 860 omnia
1138 799 1413 859 Christus.
1448 799 1587 867 Quid
1628 797 1775 853 enim

187 913 242 963 et
284 895 549 976 promunt
588 899 759 956 Judal
807 908 867 954 ut
907 896 1137 969 gloriam
1189 904 1283 949 aut
1323 887 1777 948 accusationem?

183 996 245 1054 Si
274 996 417 1053 enim
451 1009 553 1049 nos
584 991 813 1048 fratrum
842 998 1152 1044 nostrorum
1195 983 1635 1040 interlicientium
1661 981 1776 1052 (67)

178 1092 263 1147 usi
294 1104 482 1147 sumus
511 1085 773 1159 praedicta
800 1084 995 1156 gloria,
1025 1078 1329 1155 interiectis
1354 1077 1628 1149 prioribus
1672 1090 1778 1129 non

178 1169 466 1239 cessamus
485 1177 722 1234 interﬁci
755 1200 767 1233 :
799 1190 946 1232 nunc
972 1174 1262 1228 adoremus
1288 1168 1429 1224 idola
1458 1181 1581 1237 qua:
1610 1172 1781 1220 excu-

168 1291 365 1332 sanius
390 1274 528 1347 (68).
566 1271 731 1328 Israel
756 1279 938 1326 autem
982 1278 1038 1323 et
1082 1267 1208 1321 dum
1264 1261 1667 1318 interﬁceretur
1713 1275 1781 1314 ne

169 1369 456 1433 adoraret,
492 1382 602 1421 non
635 1364 873 1420 cessavit
902 1359 1206 1416 adorando.
1238 1356 1306 1413 Et
1332 1356 1449 1411 ausi
1476 1364 1603 1411 sunt
1632 1352 1776 1423 loqui

166 1461 243 1517 ad
273 1476 520 1516 crucem.
547 1459 680 1514 Cum
707 1457 853 1512 enim
878 1451 1033 1509 vituli
1062 1459 1236 1521 caput
1260 1449 1364 1506 sibi
1394 1457 1454 1503 ut
1480 1448 1779 1503 adorarent

163 1549 459 1618 fecerunt,
490 1550 703 1623 Moyses
727 1537 1015 1603 interfecit
1043 1532 1329 1615 plurimos,
1369 1555 1439 1595 ne
1474 1538 1657 1594 exteri
1692 1536 1778 1591 fa-

159 1655 372 1702 cerent
415 1644 565 1709 talia,
597 1652 651 1696 et
684 1632 777 1712 qui
807 1638 1053 1694 derelicti
1096 1644 1223 1693 sunt
1267 1626 1780 1689 adorarent.‘Unde

159 1752 311 1812 ergo
354 1736 534 1793 simile
573 1736 679 1791 erit
713 1733 917 1790 Judteis
961 1742 1022 1786 ut
1061 1738 1118 1785 et
1164 1730 1293 1784 dum
1351 1724 1776 1790 interficiuntur,

158 1830 269 1887 alii
302 1830 537 1886 adorent
570 1826 898 1892 simulacra;
934 1833 991 1879 et
1031 1819 1273 1878 Ecclesia
1299 1817 1413 1892 (69)
1456 1834 1577 1889 quae
1606 1817 1778 1872 inter-

159 1924 364 1981 llcitur
386 1932 445 1976 ut
470 1922 681 1987 adoret,
708 1929 761 1989 et
791 1934 897 1973 non
928 1916 1153 1971 adorat?
1178 1914 1285 1970 Sed
1316 1928 1438 1983 quae
1463 1908 1781 1967 communio

157 2024 264 2073 ea:
296 2014 488 2069 lumini
520 2015 587 2067 ad
619 2008 918 2066 tenebras?
953 2007 1087 2074 Quor
1129 2008 1270 2061 enim
1307 2004 1464 2061 debui
1492 2003 1668 2073 [acere
1702 2000 1779 2055 ui—

1888 803 2173 866 serpentes
2189 834 2205 860 ,
2233 808 2330 864 per
2354 793 2519 859 feras,
2544 807 2645 865 per
2668 792 2941 857 inimicos,
2966 783 3063 861 per
3083 789 3256 869 legem
3282 788 3482 861 puniti,

1889 887 2187 954 interfecti,
2218 889 2447 955 concisi,
2474 887 2782 955 consumpti
2814 894 2964 951 sunt,
2996 893 3047 939 et
3079 868 3248 939 manu
3290 893 3483 938 sacer-

1883 982 2069 1039 dotum
2100 983 2270 1039 occisi
2298 1000 2312 1038 :
2354 991 2409 1037 et
2444 996 2550 1037 non
2577 989 2928 1036 recesserunt
2958 979 3027 1035 ab
3048 976 3250 1034 /ldolis.
3290 974 3363 1033 Et
3396 986 3482 1034 ta-

1885 1092 2010 1133 men
2062 1077 2179 1133 haac
2225 1075 2409 1132 omnia
2456 1075 2662 1130 ﬁebant
2708 1083 2854 1139 tunc,
2897 1079 2954 1128 ct
2989 1070 3219 1142 spiritus
3266 1077 3388 1126 erat
3421 1068 3477 1124 lu

1884 1170 2037 1241 ipsis,
2085 1179 2141 1225 et
2182 1168 2396 1242 loyses
2442 1167 2726 1240 propheta,
2766 1176 2821 1222 et
2865 1165 3050 1221 Aaron
3096 1163 3377 1231 sacerdos,
3424 1174 3482 1222 et

1882 1261 2044 1319 Jesus
2071 1260 2219 1316 Nave
2246 1259 2547 1316 exercitum
2580 1260 2804 1324 ducens,
2836 1266 2891 1313 et
2922 1270 3243 1327 expugnans
3288 1255 3477 1312 inimi-

1884 1370 2000 1421 cos,
2031 1365 2089 1412 et
2113 1356 2337 1428 Moyses
2366 1354 2713 1411 orationibus
2746 1354 2995 1415 vincens.
3040 1361 3097 1408 et
3137 1366 3338 1407 manna
3388 1350 3486 1407 de-

1884 1462 2125 1511 sursum,
2183 1457 2239 1502 et
2285 1457 2441 1518 petra
2491 1446 2659 1501 dabat
2701 1460 2925 1516 aquam,
2967 1453 3023 1500 et
3067 1444 3484 1501 tabernaculum

1886 1540 2094 1607 aderat,
2144 1548 2200 1595 et
2226 1537 2380 1611 virga
2414 1539 2668 1605 ﬂorebat,
2715 1548 2771 1594 et
2815 1538 3088 1593 mirabilia
3140 1537 3361 1594 ﬁebant.
3418 1532 3486 1595 Et

1894 1634 2140 1690 colentes
2179 1633 2325 1689 idola
2364 1648 2471 1687 non
2515 1634 2825 1702 jabegerunt
2869 1632 3064 1699 Deum,
3102 1641 3161 1688 ut
3197 1632 3487 1689 recederet

1887 1739 1917 1777 a
1973 1724 2427 1795 promissionihus
2476 1724 2590 1778 suis
2637 1738 2777 1794 quas
2812 1723 3016 1778 l’ecerat
3060 1723 3130 1779 ad
3181 1723 3484 1781 Abraham.

1885 1814 1998 1872 Cur
2034 1831 2186 1888 ergo,
2220 1831 2316 1871 vos
2346 1815 2721 1885 interrogabo,
2771 1830 2871 1871 cur
2899 1829 3022 1870 cum
3050 1824 3107 1871 et
3136 1816 3278 1885 apud
3308 1810 3488 1890 Egy-

1885 1922 2039 1981 ptum
2085 1911 2229 1967 idola
2284 1910 2574 1972 colebatis.
2613 1925 2738 1966 cum
2780 1919 2837 1965 et
2883 1909 2936 1964 in
2979 1909 3099 1980 ipso
3143 1909 3283 1965 mari
3323 1911 3487 1982 positi

1891 2017 1999 2058 non
2024 2003 2357 2070 credebatis,
2388 2018 2512 2059 cum
2542 2011 2600 2059 et
2638 2018 2840 2059 manna
2867 2004 3208 2075 accipientes
3236 2019 3486 2061 murmno

157 2123 295 2163 sua:
330 2119 481 2169 ηιεω,
513 2116 563 2159 et
589 2120 691 2157 non
724 2101 827 2171 feci
857 2098 939 2154 “1'
968 2098 1097 2153 dicit
1130 2096 1294 2151 Deus.
1326 2093 1540 2148 Donate
1566 2090 1774 2152 debuit.
1812 2066 1855 2125 Β
1886 2096 2115 2160 rabatis,
2142 2109 2268 2149 cum
2318 2066 2372 2149 et
2409 2103 2540 2152 ante
2581 2096 2757 2163 legem
2800 2105 2856 2151 et
2897 2066 3091 2152 contra
3123 2095 3299 2169 legem
3329 2096 3485 2153 vituli

158 2212 225 2256 et
264 2199 539 2263 blandire,
574 2207 629 2251 et
662 2193 925 2251 benelicia
959 2192 1202 2247 tribuere
1228 2207 1242 2243 :
1273 2186 1402 2243 fecit
1433 2184 1639 2242 omnia.
1671 2183 1778 2238 Do—

158 2290 334 2347 navit
359 2288 504 2345 enim
537 2300 735 2343 manna
768 2302 782 2339 :
813 2282 979 2341 lsrael
1007 2292 1189 2337 autem
1225 2280 1387 2334 modo
1417 2275 1774 2341 manducans,

160 2381 414 2439 vitulum
461 2379 554 2452 qui
604 2392 706 2433 nec
757 2378 984 2433 herbam
1039 2371 1410 2429 manducabat
1457 2384 1557 2425 nec
1606 2368 1777 2423 vitam

164 2474 443 2537 habebat,
477 2469 873 2531 adorabant..E
902 2480 1057 2538 petra
1087 2466 1347 2523 bibebant
1376 2477 1592 2534 aquam,
1624 2471 1681 2517 et
1709 2478 1778 2517 ex

166 2577 338 2640 [‘etra
364 2565 641 2622 faciebant
665 2562 808 2618 idola
832 2560 957 2618 sibi.
984 2560 1087 2615 Per
1111 2557 1314 2627 lignum
1342 2553 1559 2626 ligurati
1592 2570 1779 2609 amara

171 2675 328 2730 aqua
360 2661 625 2714 translata
652 2655 719 2711 ad
748 2652 1091 2710 dulcedinem
1119 2662 1203 2706 est
1228 2669 1243 2705 :
1267 2648 1341 2704 illi
1373 2657 1554 2703 autem
1581 2663 1612 2703 e
1636 2648 1779 2718 ligno

171 2752 567 2821 est-sculpentes
617 2748 721 2803 sibi
773 2745 1103 2810 simulacra,
1163 2744 1452 2799 adversum
1507 2756 1632 2795 eum
1685 2741 1777 2813 qui

174 2837 395 2900 fecerat
434 2840 592 2897 dulce
622 2839 947 2895 adorabant.
979 2836 1404 2892 Veterascemes
1432 2844 1614 2891 autem
1649 2850 1782 2891 con-

176 2934 509 2992 erescehant
554 2932 635 2987 eis
667 2930 867 2985 tunicae
902 2949 916 2985 :
952 2928 1028 2984 illi
1068 2937 1252 2983 autem
1293 2926 1628 2999 accipientes
1660 2942 1783 2998 qua:

176 3024 428 3083 donabat
466 3023 630 3087 Deus,
667 3021 1069 3078 consecrabant
1118 3018 1295 3075 idolis.
1345 3018 1582 3073 Tantum
1633 3018 1779 3074 enim

177 3128 346 3178 erant
388 3118 455 3173 ad
496 3114 759 3172 bcnellcia
804 3124 1160 3171 contumaces
1212 3130 1226 3166 :
1276 3111 1513 3182 ideoque
1557 3110 1783 3167 adduxit

182 3211 473 3269 adversum
506 3223 601 3265 eos
628 3207 815 3280 plagas
834 3248 852 3274 ,
880 3206 1008 3277 quia
1034 3205 1163 3260 dum
1190 3205 1349 3261 daret
1374 3204 1659 3268 beneﬁcia,
1686 3218 1782 3259 eos

183 3305 422 3361 suadere
470 3318 576 3357 non
614 3303 792 3372 potuit
830 3318 844 3357 :
880 3298 1058 3357 voluit
1096 3312 1229 3369 ergo
1267 3312 1363 3353 eos
1389 3298 1623 3368 puniens
1661 3312 1785 3368 per-

180 3410 407 3469 urgere.
453 3394 630 3463 Quam
674 3394 820 3450 enim
864 3393 1079 3464 plagam
1114 3391 1196 3447 eis
1243 3404 1353 3444 non
1404 3389 1599 3443 misit?
1642 3388 1780 3457 Quid

185 3491 337 3547 enim
365 3489 444 3544 ait
474 3490 589 3559 ipse
642 3488 709 3543 ad
748 3485 883 3543 eos?
916 3485 1045 3541 Sine
1070 3500 1234 3539 causa
1268 3482 1505 3553 percussi
1525 3483 1670 3554 ﬁlias
1701 3499 1785 3538 ue-

183 3591 330 3641 stros
372 3595 393 3636 :
474 3580 817 3651 disciplinam
862 3596 966 3634 non
1020 3578 1297 3649 accepistis
1328 3577 1399 3634 ⁷⁸.
1450 3576 1587 3633 Cum
1638 3576 1785 3632 enim

188 3674 452 3733 bettelleia
486 3688 583 3729 sua
619 3674 701 3729 eis
746 3674 1096 3744 exprobaret,
1132 3673 1387 3727 dicebat:
1428 3671 1573 3737 Quid
1612 3670 1787 3725 adhuc

189 3767 347 3823 debui
369 3767 545 3837 facere
569 3768 733 3821 vineta
750 3782 898 3830 mea,
923 3775 972 3819 et
996 3782 1099 3819 non
1124 3764 1285 3834 feci"
1304 3764 1328 3819 3
1349 3764 1485 3820 Cum
1506 3772 1689 3819 autem
1712 3764 1791 3819 in-

190 3860 568 3916 credulitatem
593 3858 660 3913 ad
688 3858 874 3929 plagas
905 3858 1180 3913 addebat:
1210 3856 1341 3913 Sine
1362 3872 1524 3912 causa
1553 3856 1790 3927 percussi

190 3954 335 4025 [ilics
367 3962 567 4009 uestras
589 3967 609 4007 :
636 3951 976 4017 disciplinam
1003 3966 1108 4005 non
1136 3950 1433 4020 accepistis.
1453 3949 1522 4005 Et
1546 3950 1741 4004 iterum
1770 3967 1782 4003 :

194 4043 341 4112 Quid
376 4041 549 4097 adhuc
591 4040 964 4113 percutiamini
1002 4039 1254 4094 addentes
1298 4047 1515 4108 peccata
1544 4036 1633 4091 "2
1674 4035 1792 4092 Hoc

193 4146 302 4201 est,
346 4150 447 4207 ego
489 4133 753 4190 evacuavl
800 4130 985 4202 plagas
1017 4149 1031 4185 :
1062 4146 1159 4186 vos
1196 4140 1378 4184 autem
1419 4144 1528 4184 non
1562 4128 1791 4184 cessatis

196 4238 514 4300 peccantes.
562 4226 672 4282 Sed
717 4224 858 4280 forte
905 4223 1183 4293 simplices
1220 4221 1407 4292 plagas
1446 4222 1651 4291 putatis
1694 4229 1797 4275 :et

196 4320 377 4394 gladio
404 4317 679 4375 interfecti
705 4326 855 4382 sunt,
886 4316 977 4387 qui
1009 4327 1173 4386 caput
1202 4318 1306 4372 sibi
1335 4314 1493 4370 vituli
1524 4312 1792 4379 fecerunt,

196 4423 259 4471 ιιι
280 4416 573 4469 adorarent
600 4430 614 4467 :
645 4420 702 4467 et
727 4410 1085 4467 nihilominus
1115 4409 1560 4478 indisciplinatus
1592 4407 1795 4462 mansit

197 4506 366 4565 Israel
396 4524 410 4560 :
436 4514 491 4561 et
515 4516 661 4560 terra
692 4502 922 4558 miriﬁce
939 4504 1195 4559 ostendat
1220 4502 1474 4574 aperiens
1498 4515 1562 4554 os
1588 4514 1748 4554 suum
1775 4510 1792 4552 :

198 4600 356 4657 vivos
384 4598 651 4669 quosdam
687 4595 973 4651 absorbuit
999 4610 1015 4648 :
1054 4604 1112 4650 et
1141 4594 1236 4664 qui
1268 4591 1443 4648 relicti
1473 4600 1625 4657 sunt,
1661 4590 1797 4645 adeo

197 4714 399 4770 rabant
444 4726 552 4765 non
600 4710 867 4767 viventes.
916 4708 1160 4765 Flamma
1201 4721 1297 4763 eos
1340 4706 1684 4777 consumpsit
1726 4719 1796 4760 ne

1881 2197 2045 2258 caput
2086 2187 2241 2244 vobis
2288 2188 2519 2254 fecistis,
2569 2204 2692 2243 cum
2742 2187 3084 2262 Beelphegor
3120 2191 3487 2264 vosmetipsos

1880 2280 2267 2349 consecrastis,
2297 2295 2419 2336 cum
2443 2280 2718 2335 ﬂammam
2744 2281 2884 2350 ignis
2906 2282 3336 2351 contempsistis,
3357 2298 3485 2340 cum

1881 2374 2230 2443 serpentibus
2264 2371 2766 2439 int‘erliciebamini,
2802 2391 2908 2429 non
2952 2374 3087 2431 estis
3120 2377 3267 2432 suasi
3296 2393 3311 2431 :
3358 2392 3485 2435 cum

1883 2473 2027 2521 terra
2077 2464 2473 2521 admirabiliter
2497 2481 2560 2520 os
2595 2480 2753 2522 suum
2797 2467 3046 2537 aperiens
3080 2466 3366 2523 absorbuit
3387 2484 3485 2527 vos

1882 2560 2149 2628 viventes,
2187 2572 2362 2631 neque
2404 2575 2504 2615 vos
2533 2563 2794 2617 cessastis
2822 2562 2891 2617 ab
2918 2562 3098 2629 idolis,
3128 2579 3303 2635 neque
3336 2564 3481 2621 Deus

1885 2653 2137 2719 recessit,
2171 2663 2231 2709 ut
2288 2668 2395 2709 non
2430 2655 2585 2711 vobis
2633 2654 2839 2723 faceret
2889 2656 3074 2724 bene;
3117 2667 3172 2711 et
3204 2658 3484 2716 habebatis

1883 2746 2179 2817 prophetas
2216 2746 2521 2802 vobiscum.
2568 2745 3023 2819 Comparavimus
3064 2750 3232 2821 igitur
3260 2750 3353 2804 illa
3400 2750 3485 2807 his

1883 2854 2004 2909 quae
2036 2856 2144 2895 non
2176 2849 2305 2895 sunt
2333 2838 2475 2911 (Ἠ),
2507 2850 2563 2896 ct
2611 2842 3069 2918 interrogavimus
3100 2860 3195 2902 eos
3217 2862 3318 2902 cur
3357 2857 3485 2904 tunc

1883 2946 2007 2986 cum
2032 2940 2181 2987 tanta
2208 2932 2401 2991 ﬂerent
2420 2947 2451 2987 a
2476 2934 2653 2999 vobis,
2676 2950 2869 3005 passus
2893 2934 3008 3007 (72)
3056 2947 3141 2995 est
3163 2940 3318 2996 vobis
3366 2939 3485 3013 (75)

1888 3023 2048 3091 Deus,
2067 3030 2122 3077 et
2143 3039 2285 3080 nunc
2300 3040 2422 3080 cum
2442 3023 2738 3081 Sabbatum
2754 3029 3043 3085 custoditis
3059 3038 3118 3086 ut
3133 3031 3486 3104 pollicemini,

1885 3124 1939 3170 et
1965 3115 2137 3187 legem
2170 3117 2370 3189 legitis,
2400 3129 2457 3175 et
2496 3119 2667 3177 libros
2711 3124 3124 3193 prophetarum,
3175 3141 3311 3197 quos
3342 3143 3483 3197 pne-

1885 3217 2072 3265 sentes
2124 3211 2348 3281 quidem
2402 3211 2783 3281 interfecistis,
2837 3214 3009 3272 libros
3054 3226 3238 3274 autem
3288 3234 3482 3277 eorum

1886 3301 2175 3371 purpureis
2207 3303 2390 3373 palliis
2436 3304 2764 3361 honoratis:
2801 3321 2922 3377 qua
2956 3324 3122 3365 causa
3156 3320 3241 3367 est
3269 3321 3326 3367 ut
3359 3322 3487 3372 tunc

1888 3392 2107 3464 quidem
2140 3402 2290 3450 tanta
2323 3397 2479 3452 vobis
2516 3396 2846 3456 facientibus
2894 3401 3055 3470 mala,
3096 3412 3245 3459 tanta
3283 3404 3487 3463 liehaut

1892 3485 1945 3538 in
1979 3485 2135 3541 vobis
2171 3485 2267 3542 Dei
2301 3486 2461 3552 bona,
2493 3496 2552 3543 et
2591 3490 2816 3559 spiritus
2840 3491 2997 3547 vobis
3030 3493 3247 3563 aderat,
3274 3506 3331 3551 et
3364 3511 3489 3567 pro-

1890 3577 2070 3645 phetae
2100 3577 2381 3633 vobiscum
2411 3580 2608 3634 erant?
2634 3579 2790 3647 Nunc
2823 3592 3030 3651 autem,
3059 3598 3185 3640 cum
3226 3596 3281 3642 et
3310 3585 3491 3656 legem

1890 3668 2094 3740 legitis,
2118 3680 2175 3726 et
2202 3671 2410 3737 dicitis,
2436 3682 2492 3728 et
2514 3675 2824 3740 custoditis,
2851 3686 2906 3732 et
2937 3677 3237 3746 feriamini,
3266 3689 3324 3737 et
3353 3682 3492 3740 Sab-

1890 3762 2078 3820 hatum
2118 3765 2444 3833 observatis,
2481 3775 2538 3821 et
2593 3769 2661 3822 ab
2694 3769 2837 3825 escis
2867 3784 2965 3826 vos
3006 3772 3333 3842 abstinetis;
3374 3776 3492 3833 sine

1892 3875 2058 3917 causa
2082 3860 2371 3929 laboratis,
2402 3872 2458 3919 et
2483 3863 2741 3936 vigilatis,
2765 3880 2864 3937 per
2893 3877 3111 3924 noctem
3141 3870 3382 3940 psalmos
3410 3874 3492 3929 di-

1855 3950 2101 4019 'ceutes,
2129 3963 2183 4009 et
2214 3968 2310 4025 per
2326 3955 2578 4011 civitates
2599 3965 2656 4011 et
2680 3959 2935 4015 nationes
2957 3968 3263 4033 synagogas
3288 3965 3490 4019 consti.

1893 4047 2098 4112 tuistis,
2128 4058 2185 4104 et
2205 4064 2393 4105 arcam
2425 4058 2481 4107 et
2509 4052 2835 4108 candelabra
2861 4062 2919 4110 et
2947 4068 3193 4121 mensas,
3219 4068 3275 4113 et
3306 4060 3494 4115 omnia

1895 4137 2059 4193 vultis
2094 4137 2276 4195 facere
2306 4155 2452 4195 nunc
2475 4143 2651 4213 magis
2677 4158 2840 4213 quam
2878 4145 2931 4199 iu
2959 4154 3102 4200 terra
3132 4122 3356 4204 vestral
3384 4148 3493 4207 Cur

1898 4240 2024 4286 tunc
2053 4248 2176 4288 cum
2203 4243 2353 4289 tanta
2389 4235 2529 4289 mala
2558 4235 2842 4292 faciebatis
2868 4246 3051 4295 tantos
3072 4240 3356 4298 habebatis
3377 4259 3479 4315 pro

1898 4324 2111 4395 phetas,
2129 4333 2198 4379 ‘et
2228 4324 2448 4397 Moysen
2472 4341 2631 4396 quem
2655 4327 2908 4384 voluistis
2930 4328 3193 4399 lapidare.
3217 4342 3275 4388 et
3305 4334 3493 4391 Aaron

1898 4416 1986 4473 cui
2018 4418 2127 4472 vim
2159 4418 2445 4489 irrogastis
2467 4436 2483 4475 ι
2507 4436 2650 4477 nunc
2672 4430 2853 4477 autem
2875 4438 3000 4479 cunt
3037 4424 3293 4481 videmini
3317 4438 3497 4483 custo-

1899 4507 2017 4563 dire
2046 4508 2238 4581 legem,
2262 4522 2317 4566 et
2333 4512 2513 4567 omnia
2541 4512 2724 4571 facere
2753 4525 2812 4570 ut
2835 4516 3155 4581 praedictum
3179 4529 3283 4585 est,
3313 4520 3497 4578 nullus

1902 4602 2180 4657 vobiscum
2205 4603 2471 4673 propheta
2490 4604 2617 4660 est?
2647 4603 2817 4661 Putas
2833 4607 2960 4677 quia
2986 4605 3244 4675 Romani,
3264 4612 3499 4681 compel-

1902 4691 2074 4747 limini
2104 4694 2252 4748 enim
2292 4695 2499 4761 dicere,
2544 4698 2672 4767 quia
2697 4700 2837 4754 citra
2875 4700 3212 4757 voluntatem
3267 4703 3360 4758 Dei
3407 4705 3500 4761 de-

199 4804 503 4860 adorarent
529 4802 692 4868 idola,
728 4810 784 4857 et
811 4800 1049 4856 comedit
1081 4798 1285 4854 multos
1327 4815 1341 4852 :
1378 4807 1436 4854 et
1476 4797 1572 4866 qui
1616 4795 1794 4850 relicti
1829 4808 1875 4863 Ι)
1904 4798 2225 4843 struxerunt
2273 4799 2510 4845 vestram
2550 4790 2878 4847 ciVitatem?
2925 4792 3190 4863 Spiritum
3243 4806 3499 4852 sanctum

198 4905 353 4961 sunt,
382 4897 678 4951 adorarunt
705 4894 1002 4949 simulacra
1028 4891 1449 4947 daemoniorum.
1484 4892 1547 4946 l‘it
1581 4889 1656 4945 illi
1684 4890 1802 4957 qui-

200 4991 331 5046 dem
367 4988 855 5053 consumebantur,
900 4998 961 5041 ut
1005 5002 1113 5042 non
1162 4985 1474 5049 adorarent,
1508 4992 1564 5038 at
1600 4983 1803 5037 nihilo-

202 5084 390 5140 minus
428 5082 730 5136 adorabant
774 5079 909 5153 (70).
953 5078 1063 5135 Nos
1110 5088 1293 5133 autem
1330 5076 1709 5132 consumimur
1743 5081 1803 5127 ιιι

200 5170 519 5233 adoremus,
552 5178 609 5222 et
654 5184 761 5223 non
814 5170 1135 5225 adoramus.
1191 5164 1307 5221 Non
1364 5166 1569 5235 quippe
1614 5173 1803 5219 nostra

200 5260 436 5323 virtute,
467 5260 563 5314 sed
597 5261 778 5315 crucis
812 5258 1076 5329 potentia.
1111 5257 1413 5327 Serpentes
1449 5271 1543 5312 eos
1586 5256 1807 5310 morde-

1906 4880 2029 4949 quis
2068 4879 2293 4935 abstulit
2333 4898 2364 4936 a
2398 4880 2588 4937 vobis?
2619 4882 2721 4939 Ubi
2752 4898 2899 4941 nunc
2928 4885 3072 4955 apud
3103 4901 3203 4943 vos
3234 4890 3502 4959 propheta

1909 4973 2028 5029 est?
2056 4973 2198 5029 Dicit
2239 4974 2381 5031 Deus
2406 4975 2461 5031 in
2496 4976 2749 5033 Ezechiel
2778 4980 3045 5050 propheta
3074 4996 3089 5034 :
3132 4960 3373 5052 Populus
3406 4985 3503 5039 ists

1910 5069 2143 5136 peccauit
2179 5068 2238 5121 in
2284 5084 2387 5135 me,
2428 5077 2476 5123 et
2514 5069 2637 5124 misi
2661 5086 2751 5124 eos
2788 5071 2860 5125 ad
2899 5073 3259 5142 captivitatem
3292 5074 3360 5129 ’³.
3399 5073 3505 5130 Sed

1913 5176 2019 5216 non
2042 5161 2145 5216 ista
2167 5169 2492 5227 metuentes,
2514 5161 2705 5232 inquit,
2725 5163 2791 5217 ad
2817 5172 3011 5233 gentes
3035 5165 3361 5221 audiebant:
3394 5166 3504 5223 Iste

1915 5265 1994 5309 est
2020 5254 2248 5325 populus
2287 5253 2382 5309 Dei
2421 5266 2469 5309 et
2501 5266 2642 5309 terra
2676 5253 2771 5311 Dei
2796 5256 2863 5310 ⁷⁵.
2905 5257 2973 5313 Ει
3006 5259 3261 5326 educam,
3301 5260 3501 5329 inquit,

201 5351 371 5418 bant,
403 5361 460 5408 et
487 5353 734 5408 immisso
770 5366 982 5407 veneno
1023 5352 1371 5407 occidebant.
1402 5360 1458 5405 et
1490 5364 1588 5413 per
1616 5363 1809 5404 omnes
1917 5360 2140 5418 propter
2164 5362 2363 5402 nomen
2385 5362 2588 5413 meum,
2616 5357 2673 5403 et
2694 5349 2952 5405 reducam
2981 5364 3097 5416 eos,
3120 5362 3180 5408 et
3201 5352 3366 5408 dicito
3389 5355 3467 5410 eis
3491 5372 3506 5409 :

283 5491 337 5523 “
369 5489 473 5547 lsa.
503 5505 561 5555 ν,
586 5489 641 5543 4.
714 5488 761 5522 ’⁸
796 5486 1197 5551 Jerem.n,30.
1234 5488 1280 5520 “
1324 5486 1426 5543 lsa.
1453 5503 1507 5553 ν,
1530 5486 1585 5542 4.
1664 5487 1710 5517 τ’
1749 5484 1917 5551 lsa.t,
1944 5485 1997 5541 5‘.
2076 5483 2345 5540 "Esech.
2374 5498 2562 5548 xxxvr,
2609 5485 2698 5538 t9.
2776 5482 2824 5515 "
2864 5483 2997 5542 ibid.
3026 5485 3119 5541 20.

286 5610 403 5681 (66)
439 5609 786 5664 Inceduntur.
812 5607 981 5681 Forte
1007 5608 1319 5662 incidantur
1367 5608 1487 5672 (aut
1512 5608 1803 5662 incendan-

207 5694 328 5745 tur,
367 5694 415 5735 et
443 5685 683 5745 ardeant,
713 5690 760 5733 et
789 5680 1076 5744 nudentur,
1103 5689 1209 5732 etc.

288 5751 409 5823 (67)
453 5750 911 5823 interﬁciendum".
942 5749 1047 5823 Pro
1077 5748 1497 5823 interfectorum.

289 5817 408 5894 (68)
451 5817 801 5894 Excusarnus.
841 5820 953 5894 vox
980 5817 1260 5894 interpreti
1289 5832 1473 5894 nostro
1498 5817 1806 5894 familiaris,

255 5889 323 5950 ro
348 5889 413 5947 eo
432 5893 575 5961 quod
598 5902 683 5946 est
707 5892 1008 5959 repudiare,
1036 5891 1269 5961 reﬁcere.
1298 5889 1390 5945 Sic
1410 5904 1597 5959 supra,
1622 5890 1714 5943 lib.
1742 5905 1806 5943 ιι.

255 5910 323 5950 1⁵0
348 5910 413 5947 eo
432 5910 575 5961 qtlou
598 5910 683 5946 εει
707 5910 1008 5959 repuatare,
1036 5910 1269 5959 TBJICGTG.
1298 5910 1390 5945 διε
1410 5910 1597 5959 supra,
1622 5910 1714 5943 III).
1742 5910 1806 5943 11.

206 5910 301 6024 Bc
331 5963 434 6018 [ide
462 5964 585 6015 adv.
609 5962 813 6018 Sabell.
845 5963 947 6015 sub
964 5961 1055 6015 lin.
1078 5979 1089 6012 :
1110 5958 1353 6015 Contenti
1375 5964 1541 6013 simus
1572 5962 1809 6021 ueritate,

1914 5612 1975 5685 et
2013 5603 2151 5685 infra
2180 5620 2197 5658 :
2225 5600 2429 5657 Factus
2458 5619 2512 5658 es
2557 5600 2844 5671 perfectus,
2895 5602 3157 5671 [armatus
3197 5616 3273 5669 es,
3320 5615 3515 5655 excusa

1912 5674 2070 5735 illud,
2096 5687 2203 5729 etc.

1986 5746 2101 5805 (69)
2135 5744 2395 5799 Ecclesia.
2426 5742 2594 5799 Forte
2637 5743 2907 5805 Ecclesitz.

2015 5814 2102 5871 70)
2143 5814 2243 5869 Ms.
2292 5814 2360 5867 Et
2389 5815 2732 5871 nihilominus
2762 5816 3083 5871 adorabant.

2012 5885 2089 5941 7i
2144 5886 2289 5939 Non.
2326 5885 2490 5941 Forte
2521 5902 2683 5941 nunc.

2016 5890 2107 6031 7'2;
2150 5955 2249 6011 Ms.
2281 5955 2493 6031 fassus
2519 5966 2602 6011 est
2636 5973 2669 6012 α

2016 5954 2107 6031 7'2)
2150 5955 2249 6011 Ms.
2281 5955 2493 6031 fassus
2519 5966 2602 6011 est
2636 5973 2669 6012 α
2715 5956 2863 6014 nobis
2900 5954 3065 6013 Deus.
3097 5954 3357 6015 Fortasse
3390 5974 3494 6031 pas

212 6048 530 6092 excusemus
562 6031 710 6096 lites;
740 6043 797 6088 et
817 6031 911 6087 lib.
943 6046 982 6085 ι.
1011 6031 1085 6086 De
1124 6046 1326 6086 resurr.
1370 6034 1515 6087 circa
1548 6032 1722 6086 med.:
1753 6028 1815 6085 Si
1922 6045 2011 6085 sus
2038 6027 2114 6082 ut
2151 6045 2184 6081 a
2210 6027 2370 6084 vobis.

213 6108 351 6163 talis
375 6114 508 6162 esset
534 6103 874 6171 resurrectio,
899 6117 1271 6159 excusarent”
1296 6103 1479 6173 utique
1504 6116 1815 6170 resurgere;

2002 6099 2116 6169 (Ἰὸ)
2171 6096 2351 6157 Vobis.
2378 6098 2541 6158 Forte
2569 6118 2677 6160 uos~
