4000 6458
609 474 744 530 1103

1298 467 1563 525 EUSEBII
1593 466 2070 525 CAESABIENSIS
2106 466 2154 525 Ο

2255 508 2258 520 .
2300 465 2482 523 PARS
2531 465 2621 521 ιν.
2656 492 2726 506 -
2753 462 3172 523 DOGIATICA.

608 590 732 648 Non
759 597 967 660 propter
986 604 1075 643 vos
1104 589 1267 657 facio,
1288 596 1473 642 domus
1498 587 1687 654 Israel,
1708 590 1802 642 sed
1828 582 2039 658 propter
2066 603 2162 642 πο·
2192 591 2234 648 Α
2262 585 2446 657 polum
2477 599 2575 656 per
2602 584 2755 656 signa
2787 598 2893 639 non
2947 584 3141 651 suasit,
3184 581 3345 640 Iesus
3374 594 3567 641 autem
3591 600 3699 656 per
3724 600 3842 643 αι.

601 699 719 737 aen
746 695 915 734 meum
942 679 1010 733 ⁷⁸.
1045 677 1135 732 llle
1166 677 1303 732 Deus
1332 678 1423 748 qui
1450 678 1585 733 dixit
1625 687 1772 744 tunc,
1798 674 1916 733 Non
1943 689 2161 747 propter

594 787 700 826 vos
732 768 895 833 facio,
928 770 1021 825 sed
1053 777 1271 840 propter
1308 782 1503 824 nomen
1535 784 1732 831 meum,
1769 782 1912 824 nunc
1935 770 2163 825 audiens

605 875 700 915 vos
747 860 1006 925 dicentes,
1053 859 1177 930 quia
1226 849 1477 929 religiose
1519 858 1744 915 fecimus
1797 860 2161 929 crucifigendo

605 951 903 1016 Christum,
921 959 977 1005 et
1003 949 1114 1005 sint
1140 950 1214 1004 illi
1243 950 1385 1020 digni
1410 960 1626 1020 propter
1642 952 1791 1021 prius
1810 950 2158 1017 opprobrium

604 1045 841 1116 gentium
871 1042 1013 1098 dicat
1037 1052 1097 1096 ut
1122 1043 1257 1097 dixit
1283 1058 1297 1094 :
1328 1053 1381 1097 et
1402 1058 1561 1109 nunc,
1589 1042 1632 1097 si
1675 1052 1853 1096 tamen
1894 1042 2162 1113 permittit

604 1146 839 1192 vestrum
882 1144 1181 1203 peceatum,
1227 1134 1279 1189 in
1325 1149 1485 1187 unum
1528 1149 1634 1187 non
1676 1143 1893 1204 propter
1939 1135 2159 1190 domum

604 1223 765 1281 lsrael
812 1224 972 1290 facio,
1022 1224 1114 1280 sed
1162 1234 1378 1292 propter
1411 1236 1604 1276 nomen
1642 1236 1820 1276 meum
1854 1239 1869 1276 :
1912 1233 1967 1276 et
2010 1230 2159 1277 certe

603 1322 823 1385 propter
852 1329 1043 1368 nomen
1084 1327 1235 1366 suum
1283 1325 1424 1366 nunc
1462 1326 1558 1366 vos
1596 1327 1699 1366 non
1746 1313 1972 1367 reducit.
2007 1313 2159 1368 Sicut

602 1406 747 1460 enim
774 1413 900 1459 tunc
927 1414 1142 1473 propter
1170 1418 1360 1458 nomen
1388 1419 1543 1457 suum
1575 1404 1845 1458 revocavit
1869 1418 1884 1457 :
1919 1403 1989 1456 ita
2016 1418 2159 1459 nunc

602 1505 821 1567 prepter
850 1511 1039 1551 nomen
1070 1509 1226 1549 suum
1252 1509 1347 1550 vos
1373 1509 1477 1550 non
1506 1504 1741 1549 revocat.
1774 1493 1830 1548 Si
1856 1496 2001 1549 enim
2027 1510 2155 1563 pro-

603 1597 723 1656 pter
752 1601 944 1641 nomen
968 1601 1117 1639 suum
1150 1584 1279 1639 facit
1298 1584 1439 1654 quod
1478 1599 1581 1638 non
1614 1584 1758 1647 facit,
1787 1584 1941 1639 debet
1968 1595 2025 1639 et
2050 1600 2154 1639 non

600 1678 911 1748 permittere
960 1676 1073 1732 lleri
1126 1691 1187 1731 ea
1238 1691 1357 1745 qua
1406 1676 1655 1746 praedixit
1702 1675 1972 1741 Salvator,
2031 1691 2153 1730 cum

603 1769 946 1825 ostenderent
973 1768 1020 1824 ei
1064 1768 1263 1837 lapides
1296 1768 1497 1838 templi,
1537 1768 1661 1837 quia
1699 1784 1800 1820 non
1831 1767 2154 1837 relinquetur

602 1858 733 1925 lapis
763 1874 917 1927 super
946 1858 1192 1926 lapidem,
1229 1858 1318 1928 qui
1358 1873 1459 1912 non
1491 1859 1787 1912 destruatur
1811 1866 1859 1899 ⁷⁸
1892 1876 1907 1913 :
1939 1868 1993 1911 et
2031 1872 2151 1911 cum

2261 693 2399 744 cem,
2430 694 2525 749 per
2554 677 2891 745 scandalum,
2918 686 3098 732 etnon
3132 692 3229 747 per
3253 678 3404 749 signa
3442 688 3543 734 aut
3580 679 3838 751 prodigia.

2262 772 2520 827 mundum
2558 771 2834 827 transtulit
2862 771 2928 825 ad
2975 770 3069 826 Dei
3107 770 3375 825 culturam
3422 790 3437 825 :
3496 770 3725 842 Moyses
3769 771 3841 825 Iu-

2261 876 2421 917 cerna
2464 876 2533 918 ne
2569 861 2789 931 quidem
2837 861 2929 915 uni
2960 860 3144 916 domui
3187 860 3428 929 sufficit;
3465 859 3638 918 Iesus
3675 873 3842 918 autem

2261 954 2341 1009 sol
2376 954 2621 1024 iustitiae,
2667 954 2713 1010 ai
2750 968 2853 1010 non
2892 954 3058 1023 fulget
3098 955 3332 1011 mundus
3382 966 3442 1011 et
3490 957 3844 1021 illuminatur,

2260 1059 2366 1099 non
2397 1044 2468 1099 sit
2502 1044 2606 1101 sol.
2638 1045 2713 1099 Ex
2752 1046 2981 1115 negotiis
3013 1045 3160 1100 enim
3182 1055 3234 1101 et
3266 1050 3719 1117 nuncupationes
3734 1062 3847 1104 sunt

2258 1136 2600 1206 accipiendas.
2623 1136 2679 1193 Si
2712 1138 3045 1192 illuminatur
3086 1140 3341 1203 mundus,
3367 1138 3450 1193 sol
3469 1139 3712 1209 justiti:
3734 1150 3811 1196 est
3835 1163 3845 1195 :

2259 1226 2348 1281 ubi
2376 1226 2519 1281 enim
2544 1228 2823 1297 praecurrit
2847 1242 3006 1298 opus,
3046 1228 3301 1298 adjuncta
3348 1229 3423 1282 sit
3466 1237 3528 1284 et
3578 1245 3849 1300 nuncupa-

2261 1320 2352 1373 tio.
2392 1319 2600 1389 Moyses
2657 1319 2877 1374 lucerna
2932 1335 3104 1389 quare
3149 1319 3326 1375 dictus
3365 1330 3476 1385 est,
3527 1322 3629 1391 qui
3691 1337 3849 1390 neque

2258 1407 2515 1463 fratribus
2546 1409 2657 1464 suis
2685 1418 2743 1464 et
2764 1409 3016 1479 cOgnatis
3048 1408 3230 1463 lucere
3279 1408 3457 1463 valuit
3496 1411 3524 1464 Υ
3577 1410 3847 1479 Siquidem

2256 1500 2323 1555 ad
2359 1501 2491 1555 lines
2522 1500 2635 1571 (‘77)
2665 1500 2783 1571 eius
2812 1499 2919 1570 igni
2947 1501 3255 1568 consumpti
3282 1512 3413 1555 sunt
3442 1502 3555 1557 sub
3593 1504 3691 1558 illo
3728 1517 3847 1573 pec-

2255 1598 2442 1645 cantes
2471 1630 2486 1655 ,
2547 1599 2601 1645 et
2648 1592 2830 1644 Aaron
2859 1604 2954 1659 per
3000 1603 3063 1644 os
3093 1589 3261 1658 ipsius
3309 1589 3484 1661 Moysi
3535 1591 3850 1664 obiurgatus

2254 1691 2375 1745 est,
2404 1690 2459 1735 et
2482 1691 2701 1751 propter
2736 1681 2911 1753 ipsum
2957 1679 3180 1752 Moysen
3207 1681 3537 1751 obiurgatus
3566 1697 3599 1736 a
3633 1682 3747 1738 Deo
3770 1692 3849 1738 est

2255 1774 2456 1827 Aaron.
2489 1771 2592 1839 Qui
2629 1779 2833 1825 norunt
2883 1770 3197 1838 Scripturas
3241 1770 3428 1825 sciunt
3480 1786 3617 1841 quae
3669 1773 3851 1827 dicun-

2261 1870 2367 1916 tur.
2404 1860 2624 1932 Moysen
2654 1862 2959 1930 producunt
2980 1860 3123 1928 quod
3148 1859 3402 1929 jurgatus
3446 1875 3478 1914 a
3520 1859 3640 1915 Deo
3671 1869 3775 1925 est,
3801 1871 3851 1915 et

602 1924 1200 2012 deﬁeret-Hierusalem,
1236 1924 1290 2003 et
1327 1948 1637 2017 praediceret
1685 1948 1807 2017 quia
1854 1948 2156 2001 circumda-
2190 1924 2229 1978 Β
2262 1953 2419 2006 “nem
2440 1924 2868 2020 justum-habuit
2900 1924 3044 2004 vitaz.
3082 1924 3186 2005 seu
3216 1924 3313 2005 nos
3343 1950 3740 2020 compellimur
3762 1924 3852 2004 fdi.

600 2041 730 2110 bunt
757 2056 874 2095 eam
906 2040 1131 2103 inimici,
1164 2050 1216 2095 et
1247 2040 1521 2095 destruent
1562 2054 1679 2093 eam
1711 2058 1723 2104 ;
1766 2050 1822 2094 et
1860 2055 1980 2093 cum
2013 2039 2158 2093 dice-

599 2143 683 2190 ret
710 2135 917 2189 ﬁliabus
946 2133 1109 2188 Israel
1136 2150 1151 2185 :
1196 2131 1347 2186 Filite
1386 2130 1577 2195 Israel,
1606 2132 1764 2185 nolite
1804 2132 2011 2200 plorare
2054 2148 2153 2196 me,

602 2227 688 2280 ted
703 2226 933 2296 plangite
955 2243 1037 2279 vos
1056 2235 1104 2279 et
1135 2224 1273 2291 ﬁlios
1307 2236 1496 2278 uestros
1520 2237 1539 2275 :
1566 2226 1762 2277 venient
1784 2227 1942 2287 enim,
1962 2224 2153 2292 inquit,

601 2318 707 2372 dies
732 2334 846 2371 cum
877 2317 1149 2385 patiemini
1171 2333 1233 2370 ea
1272 2332 1389 2384 qua:
1417 2329 1584 2384 passa:
1616 2326 1733 2369 sunt
1760 2316 1825 2370 ⁷⁷.
1866 2314 1962 2369 liis
1990 2314 2156 2369 semel

599 2417 651 2464 et
674 2408 755 2464 bis
783 2418 837 2463 et
864 2408 1022 2463 tertio
1045 2423 1075 2462 ε
1100 2406 1381 2463 Salvatore
1398 2406 1691 2478 praedictis,
1714 2406 1759 2459 si
1793 2406 2020 2459 mendax
2052 2414 2153 2471 est,

598 2508 650 2555 et
666 2499 918 2565 sicontra
944 2499 1109 2570 legem
1147 2498 1372 2561 faciens.
1409 2501 1452 2554 si
1483 2497 1833 2553 defendentes
1867 2497 2037 2566 legem
2064 2513 2155 2551 oc-

597 2591 1013 2661 cideruntquem
1036 2591 1378 2656 occiderunt;
1407 2592 1623 2645 deberet
1649 2591 1785 2644 Deus
1815 2597 1872 2643 ut
1906 2596 2156 2659 argueret

597 2685 1007 2754 praedicationes
1032 2683 1336 2747 mendaces,
1369 2683 1478 2753 pati
1508 2682 1623 2737 illos
1652 2683 1814 2738 etiam
1850 2697 1993 2737 nunc
2023 2696 2151 2751 pee-

595 2785 805 2837 cantes,
836 2785 892 2828 ut
927 2784 977 2830 et
1016 2784 1170 2829 antea
1201 2787 1390 2842 passus
1428 2782 1528 2828 est.
1570 2774 1626 2828 Si
1678 2785 1855 2829 autem
1902 2773 2154 2828 Salvator

594 2866 807 2935 quidem
837 2864 1107 2933 praedixit,
1140 2864 1301 2918 Pater
1326 2872 1505 2917 autem
1535 2863 1758 2918 audiens
1785 2863 2174 2930 confirmavit,.

593 2965 645 3009 et
676 2970 840 3026 opera
868 2963 1159 3020 testantur,
1205 2954 1593 3022 przedicatione
1641 2955 1931 3022 dupliciter
1972 2956 2152 3010 convi-

593 3055 712 3101 ctus
739 3054 822 3101 est
855 3044 1039 3099 Israel.
1067 3043 1202 3110 Quia
1238 3043 1400 3114 igitur
1442 3054 1667 3113 apparet
1713 3044 1984 3113 correptio
2031 3059 2151 3113 quae

592 3153 687 3207 per
732 3152 948 3192 crucem
1004 3136 1144 3189 facta
1192 3136 1243 3189 in
1284 3136 1481 3188 mundo
1519 3132 1741 3200 effulsit,
1795 3135 2150 3203 interrogavi-

593 3246 711 3285 mus
737 3245 849 3295 eos,
877 3243 1035 3297 quem
1063 3226 1229 3281 vultis
1267 3241 1387 3281 esse
1426 3226 1607 3281 .lesum
1643 3226 1666 3279 7
1713 3226 1986 3281 hominem
2018 3240 2148 3294 pec-
2177 3258 2219 3315 ο

594 3332 829 3373 calorem
858 3329 911 3371 et
932 3326 1121 3372 contra
1151 3319 1317 3386 legem
1343 3316 1672 3371 facientem?
1705 3315 1843 3387 Ergo
1867 3317 2149 3385 producite

595 3421 799 3463 vestros
821 3408 1017 3477 justos,
1046 3418 1099 3461 et
1129 3406 1221 3459 ilat
1247 3406 1601 3474 comparatio.
1629 3406 1784 3459 Absit
1823 3416 1878 3458 ut
1924 3422 1952 3457 a
1996 3405 2153 3460 nobis

595 3498 787 3564 servis,
818 3499 881 3551 ad
909 3496 1187 3551 Dominum
1222 3497 1234 3549 l
1265 3495 1399 3562 Quia
1438 3504 1619 3549 autem
1642 3497 1707 3547 ad
1741 3494 1953 3549 Judaros
1984 3496 2150 3564 loqui-

593 3608 730 3655 mur,
762 3599 973 3659 oportet
1025 3604 1120 3643 aos
1164 3588 1461 3644 infautiarl.
1507 3587 1896 3656 Comparemus
1942 3589 1995 3641 in
2036 3588 2146 3659 (74)

588 3682 762 3752 signa,
797 3692 850 3734 et
878 3694 1215 3747 opponamus
1268 3678 1513 3733 lucernas
1560 3677 1743 3748 plures
1779 3678 1876 3733 soli
1930 3694 2055 3738 uno,
2096 3687 2150 3733 et

590 3776 830 3829 dicamus
854 3771 1051 3826 .ludteis
1078 3788 1090 3823 :
1113 3769 1280 3835 Quem
1309 3771 1470 3824 vultis
1492 3769 1673 3824 .Iesum
1703 3770 1858 3825 esse?
1885 3780 1942 3824 ut
1971 3770 2146 3825 Abra-

590 3864 764 3920 ham?
796 3863 1071 3919 Ostendite
1120 3877 1251 3931 ergo
1305 3877 1463 3931 quem
1503 3862 1673 3917 suasit
1717 3862 2015 3924 Abraham,
2064 3862 2147 3915 vel

591 3974 753 4012 unum
797 3957 941 4023 licet,
999 3957 1066 4009 ab
1110 3954 1406 4009 idololatria
1444 3956 1511 4007 ad
1561 3953 2007 4023 religiositatem:
2053 3965 2148 4008 aut

592 4062 699 4104 non
729 4049 832 4103 hoc
858 4050 1086 4117 primum
1128 4056 1182 4101 et
1220 4048 1271 4101 in
1304 4055 1484 4099 vestra
1522 4045 1640 4115 lege
1690 4046 1998 4099 mandatum
2044 4057 2144 4098 est.

591 4140 697 4197 Sed
734 4139 887 4193 Isaac
914 4139 1315 4207 comparabitur
1354 4138 1429 4191 rei
1468 4136 1577 4207 (75)
1612 4136 1743 4205 ipse,
1787 4144 1840 4189 et
1882 4135 1949 4189 de
1997 4135 2148 4190 Isaac

591 4234 697 4287 erit
722 4247 919 4287 sermo.
979 4232 1147 4297 Quem
1194 4233 1363 4284 suasit
1402 4232 1591 4285 Isaac?
1629 4230 1732 4284 Sed
1772 4229 1960 4296 Jacoh,
1997 4232 2148 4300 cujus

591 4335 645 4377 et
678 4337 833 4377 socer
870 4322 923 4376 in
953 4321 1255 4375 idololatria
1307 4320 1648 4390 permansit?
1682 4319 1787 4375 Sed
1825 4321 2012 4391 Moysi,
2058 4325 2146 4391 qui

591 4430 695 4468 non
718 4414 890 4482 potuit
914 4425 1009 4481 per
1038 4410 1200 4463 multa
1229 4409 1380 4478 signa
1404 4418 1459 4463 et
1488 4409 1728 4478 prodigia
1761 4410 1898 4463 lilios
1920 4410 2147 4464 Abrahae

590 4506 655 4561 ad
700 4504 963 4559 culturam
1012 4502 1242 4555 Abrahte
1290 4498 1630 4554 transferre?
1679 4501 1771 4568 qui
1825 4514 1928 4554 non
1980 4503 2149 4569 potuit

586 4596 818 4651 suadere
870 4607 1055 4648 socero
1113 4592 1253 4647 suo?
1293 4590 1478 4644 Nonne
1508 4606 1655 4645 mare
1682 4591 2047 4653 scindebatur,
2095 4601 2150 4645 et

591 4687 784 4739 iterum
812 4684 1179 4752 copulabatur,
1209 4692 1265 4735 et
1298 4696 1492 4734 manna
1526 4683 1590 4734 ad
1628 4696 1797 4735 vuccm
1836 4682 2024 4736 imbris
2059 4683 2152 4735 de-

592 4779 905 4841 ducebatur,
933 4784 986 4828 et
1024 4784 1187 4844 petra:
1226 4788 1291 4826 ex
1334 4772 1456 4827 imis
1504 4772 1824 4827 emittebant
1877 4788 2066 4843 aquas,
2098 4782 2153 4827 et

589 4870 766 4923 omnis
813 4878 1003 4920 natura
1057 4864 1485 4920 transferebatur
1522 4879 1618 4935 per
1645 4865 1815 4934 signa,
1845 4875 1899 4920 et
1928 4866 2154 4935 populus

594 4961 843 5013 manebat
876 4960 926 5011 in
957 4958 1255 5012 idololatria
1289 4956 1313 5009 ?
1362 4955 1499 5022 Quid
1541 4958 1708 5011 valuit
1748 4958 1963 5012 lucerna
2004 4957 2152 5028 Moy-

594 5052 723 5106 ses?
748 5049 869 5105 ldeo
899 5051 1033 5104 bene
1058 5050 1185 5104 dicit
1232 5048 1489 5101 Dominus
1520 5065 1532 5101 :
1579 5046 1761 5101 Nolite
1802 5048 2049 5116 judicare
2081 5050 2150 5101 ad

594 5140 798 5207 faciem,
833 5140 921 5193 sed
946 5140 1147 5207 justum
1192 5139 1445 5205 iudicium
1472 5136 1703 5203 iudicate
1726 5136 1770 5167 ⁷⁸
1796 5152 1810 5189 :
1842 5154 1944 5190 non
1974 5139 2150 5191 nomi-

593 5232 773 5293 nibus,
798 5232 889 5285 sed
921 5229 1150 5299 negotiis
1179 5247 1191 5283 :
1230 5228 1357 5295 quid
1396 5227 1637 5281 correxit
1676 5225 1911 5297 Moyses,
1931 5239 1984 5283 et
2019 5243 2149 5298 prte-

592 5324 888 5376 honoretur
912 5319 1023 5389 (76)
1052 5336 1080 5373 a
1113 5318 1260 5373 vobis
1285 5317 1479 5372 Jesus?
1525 5316 1582 5372 Si
1622 5326 1798 5372 autem
1856 5334 2016 5373 unum
2050 5335 2145 5388 po-

2258 2056 2381 2097 cere
2412 2043 2699 2096 adversum
2730 2051 2952 2096 sanctos
2980 2055 3116 2110 quos
3140 2041 3391 2111 cupimus
3417 2041 3722 2096 honorare.
3751 2041 3850 2097 Sed

2258 2147 2362 2187 non
2413 2132 2644 2186 dicimus
2714 2133 2979 2185 adversus
3031 2130 3276 2199 Moysen,
3322 2134 3420 2188 sed
3466 2146 3534 2185 ea
3580 2132 3850 2202 loquimur

2256 2240 2375 2294 ante
2418 2223 2567 2277 vult:
2597 2224 2711 2293 ipse
2737 2223 2867 2277 dicit
2896 2222 3129 2294 Moyses.
3154 2221 3287 2277 Nam
3316 2232 3371 2278 et
3396 2223 3442 2278 si
3468 2226 3851 2295 compellimur

2256 2318 2456 2384 dicere,
2499 2317 2727 2373 dicimus
2765 2315 2887 2370 ideo
2921 2326 2979 2369 ut
3010 2316 3459 2371 commendemus
3490 2332 3560 2373 ea
3585 2333 3714 2387 quae
3742 2318 3848 2387 ipse

2258 2409 2464 2479 Moyses
2510 2407 2577 2463 de
2619 2405 2842 2462 Christo
2900 2405 3111 2460 locutus
3162 2414 3271 2460 est.
3321 2405 3463 2477 Ergo
3507 2407 3656 2462 falso
3680 2407 3846 2463 Judzi

2255 2499 2473 2571 Moysen
2501 2500 2762 2553 adversus
2788 2496 3009 2570 Moysen
3046 2498 3249 2568 legunt.
3278 2498 3547 2569 Legentes
3579 2502 3736 2554 enim
3768 2501 3845 2553 di-

2255 2599 2403 2656 cunt,
2439 2591 2564 2661 quia
2599 2588 2737 2643 nihil
2773 2591 2886 2642 veri
2944 2588 3201 2657 loquitur.
3252 2587 3363 2643 Nos
3392 2601 3577 2644 autem
3622 2590 3843 2663 Moysen

2254 2694 2353 2750 pro
2381 2678 2562 2748 Moyse
2587 2680 2834 2746 legimus.
2872 2678 2937 2731 Et
2967 2678 3094 2747 quid
3119 2680 3497 2734 contendimus
3525 2680 3594 2734 ad
3626 2680 3839 2737 Iudaeos

2255 2782 2381 2824 vere
2418 2770 2633 2823 adicere
2658 2768 2770 2840 (78)
2793 2783 2914 2838 quae
2945 2769 3083 2838 apud
3114 2767 3333 2824 Judaeos
3366 2770 3674 2835 habentur,
3702 2789 3845 2842 qua-

2252 2875 2359 2931 que
2399 2861 2553 2915 nobis
2598 2859 2958 2915 concedunt?
3012 2860 3084 2915 At
3133 2861 3271 2915 idem
3321 2859 3493 2916 Judaei
3542 2866 3844 2920 concedant

2254 2952 2410 3007 nobis
2440 2953 2565 3023 quia
2593 2950 2807 3022 Moyses
2824 2966 2951 3007 vera
2986 2951 3199 3007 locutus
3225 2961 3328 3019 est,
3360 2962 3415 3008 et
3446 2954 3633 3009 nullus
3660 2972 3694 3011 e
3722 2974 3844 3026 prn-

2251 3043 2431 3111 phetis
2461 3044 2725 3098 mentitus
2759 3052 2867 3110 est,
2916 3059 3093 3114 neque
3138 3045 3281 3101 Deus
3330 3046 3549 3101 borum.
3604 3048 3845 3103 Dicimus

2250 3134 2394 3188 enim
2428 3135 2549 3203 quia
2584 3148 2772 3188 omnes
2799 3135 3186 3202 promissiones
3224 3135 3342 3203 Dei,
3381 3151 3505 3205 quas
3543 3153 3647 3208 per
3673 3138 3844 3209 legem

2252 3224 2408 3279 factae
2435 3234 2563 3278 sunt
2596 3235 2648 3278 et
2690 3239 2786 3293 per
2833 3225 3142 3295 prophetas,
3182 3228 3416 3295 impleta:
3458 3241 3587 3284 sunt
3640 3232 3695 3285 in
3751 3234 3847 3285 ad-

2257 3325 2416 3369 ventu
2449 3315 2661 3371 Domini
2689 3317 2913 3380 Christi,
2974 3325 3027 3371 et
3064 3319 3243 3372 adhuc
3291 3333 3462 3387 usque
3518 3321 3842 3388 implentur.

2254 3404 2367 3459 Hoc
2401 3414 2484 3460 est
2514 3407 2785 3462 honorare
2828 3407 3001 3462 libros
3034 3410 3448 3478 prophetarum,
3488 3426 3596 3464 non
3634 3428 3846 3481 purpu-

2255 3500 2363 3554 reis
2392 3500 2554 3569 pallis
2592 3516 2621 3554 a
2663 3500 2815 3566 foris,
2845 3504 2939 3558 sed
2986 3503 3135 3556 illum
3168 3505 3257 3573 qui
3319 3505 3464 3558 intus
3508 3509 3849 3574 pradicatur

2250 3606 2564 3661 agnoscere.
2612 3592 2730 3646 Non
2781 3602 2864 3647 est
2907 3594 3170 3651 mentitus
3223 3595 3434 3667 Moyses
3487 3613 3587 3667 pro
3636 3599 3845 3665 nobis;

2248 3697 2385 3752 opus
2409 3683 2553 3737 enim
2596 3683 2770 3751 ipsum
2805 3685 2854 3737 ei
2899 3686 3267 3740 testimonium
3302 3700 3546 3755 praestat.
3596 3689 3721 3744 Non
3760 3706 3847 3747 est

2272 3778 2527 3829 mentitus
2565 3774 2776 3845 Moyses
2803 3777 3063 3830 adversus
3089 3776 3252 3831 lsrael
3286 3795 3299 3842 ;
3353 3782 3647 3848 captivitas
3695 3788 3845 3838 enim

2262 3880 2449 3919 eorum
2476 3876 2529 3919 et
2558 3866 2858 3919 humiliatin
2891 3875 3144 3924 testatur.
3172 3867 3282 3922 Non
3314 3880 3441 3923 sunt
3471 3874 3693 3926 mentiti
3722 3891 3849 3943 pm-

2252 3959 2435 4026 phette
2484 3958 2819 4012 vocationem
2878 3959 3116 4027 gentium
3179 3960 3581 4027 praedic-entes;
3664 3967 3843 4019 vom-ti

2248 4050 2396 4103 enim
2440 4059 2566 4103 sunt
2612 4058 2669 4102 ut
2700 4049 2909 4103 videtis.
2945 4047 3060 4103 Non
3105 4060 3232 4104 sunt
3271 4052 3484 4105 mentiti
3534 4054 3846 4121 prapheta.

2249 4139 2454 4191 exitum
2482 4147 2535 4191 et
2569 4139 2924 4205 abjectionem
2954 4139 3120 4193 Israel
3160 4141 3573 4208 prophetanles.
3642 4141 3699 4196 Si
3746 4160 3847 4196 au-

2251 4238 2356 4281 tem
2391 4242 2668 4281 sermones
2701 4229 2946 4296 praedicti
2992 4240 3140 4287 sunt.
3174 4239 3230 4283 et
3276 4230 3490 4298 negatia
3542 4241 3846 4299 testantur,

2249 4319 2376 4387 quid
2400 4320 2575 4372 adhuc
2613 4320 2893 4387 impudens
2919 4318 3129 4373 Israel?
3152 4320 3449 4388 aliquando
3486 4322 3713 4389 quidem
3775 4326 3845 4379 ad

2250 4410 2414 4473 dicta,
2467 4424 2608 4462 nunc
2646 4419 2827 4463 autem
2882 4420 2936 4463 et
2974 4411 3042 4462 ad
3100 4410 3213 4478 ipsa
3263 4413 3500 4479 negotia.
3556 4414 3842 4484 Scriptum

2250 4511 2355 4565 est,
2398 4511 2453 4555 et
2479 4503 2801 4569 promissum
2841 4502 2893 4555 iu
2940 4502 3054 4571 lege
3093 4512 3215 4566 est,
3258 4504 3383 4571 quia
3420 4505 3464 4558 si
3516 4506 3727 4561 fuerint
3753 4512 3843 4578 qui

2183 4589 2226 4642 D
2255 4593 2484 4663 dispersi
2528 4602 2654 4648 sunt
2683 4609 2713 4647 e
2752 4594 2951 4662 populo
3002 4596 3068 4647 ad
3120 4594 3257 4649 flues
3310 4611 3481 4664 usque
3534 4602 3754 4659 mundi,
3788 4615 3845 4654 et

2254 4686 2577 4753 ptenitentes
2606 4684 2961 4739 custodierint
3011 4684 3228 4754 legem:
3272 4686 3395 4741 inde
3437 4704 3527 4741 eos
3561 4692 3842 4755 reducam,

2252 4776 2383 4829 dicit
2422 4775 2674 4829 Dominus
2701 4777 2768 4830 ".
2813 4777 2915 4830 Ista
2947 4777 3038 4830 Dei
3086 4780 3373 4846 promissio
3399 4788 3499 4834 est.
3535 4780 3843 4855 lutermga-

2252 4870 2430 4923 vimus
2458 4883 2586 4937 ergo
2612 4867 2847 4930 Judzeos,
2882 4881 3060 4920 utrum
3098 4872 3329 4924 servatis
3368 4871 3541 4941 legem
3570 4886 3668 4929 aut
3694 4876 3844 4930 non?

2254 4958 2311 5012 Si
2346 4973 2451 5011 non
2476 4961 2728 5022 servatis,
2761 4960 2890 5026 quid
2917 4972 2973 5013 et
3011 4960 3343 5029 loquimini?
3392 4966 3449 5018 Si
3496 4977 3681 5021 autem
3723 4984 3842 5023 ser—

2254 5049 2415 5113 vatis,
2442 5048 2569 5119 quid
2602 5050 2725 5117 quia
2761 5064 2868 5100 non
2904 5050 3230 5102 revocamini
3262 5049 3423 5104 ?Non
3458 5054 3606 5106 enim
3648 5057 3840 5107 menti-

2258 5148 2343 5192 tur
2368 5138 2529 5194 Deus.
2566 5138 2621 5193 Si
2664 5146 2841 5191 autem
2880 5142 3297 5206 praevaricantes
3331 5142 3502 5211 legem
3550 5145 3841 5200 habebatis

2254 5230 2528 5282 civitatem
2555 5245 2569 5293 ;
2614 5242 2755 5282 nunc
2795 5240 2852 5283 ut
2881 5229 3058 5283 dicitis
3085 5241 3367 5283 servantes
3396 5231 3565 5299 legem
3595 5234 3837 5302 dispersi

2254 5321 2385 5374 estis
2441 5319 2493 5374 in
2550 5319 2858 5374 civitatibus
2914 5337 2929 5374 :
2996 5319 3285 5374 manifesta
3333 5336 3464 5390 ergo
3519 5333 3605 5377 est
3653 5338 3838 5379 vestra

659 5480 703 5511 ⁷⁸
744 5480 940 5534 Ezech.
984 5494 1167 5544 xxxvi,
1193 5477 1283 5543 22,
1356 5477 1402 5508 "
1425 5475 1591 5531 Marc.
1625 5492 1743 5541 xm,
1774 5477 1829 5529 2.
1904 5478 1947 5508 ⁷⁷
1977 5478 2103 5531 Luc.
2142 5494 2154 5532 ι

2262 5494 2298 5541 ι,
2325 5478 2572 5542 28;x1x,
2600 5477 2691 5530 44.
2767 5478 2813 5510 ⁷⁸
2843 5477 3000 5533 Joan.
3032 5494 3132 5549 vn,
3167 5480 3257 5533 2i.
3334 5483 3378 5513 ⁷⁷
3406 5482 3558 5538 Deut.
3595 5500 3729 5551 xxx,
3770 5486 3824 5543 3.

660 5599 771 5670 (Ἠ)
801 5601 885 5670 lin.
926 5600 1087 5654 Forte
1110 5604 1247 5668 jam.

661 5666 770 5739 (75)
801 5666 1201 5737 Catnparabitttr
1236 5669 1329 5720 rei.
1363 5666 1613 5724 Fortasse
1652 5670 2043 5733 comparabitur
2071 5668 2140 5728 ei,

592 5744 642 5793 id
675 5752 757 5793 est
784 5739 905 5793 Jesu
936 5739 1148 5793 Christo
1176 5754 1189 5789 :
1222 5752 1413 5803 nempe
1458 5742 1631 5795 littera
1679 5757 1724 5804 r,
1769 5740 1962 5806 prioris
1997 5739 2144 5791 vocis

589 5823 879 5874 postrema,
910 5823 1188 5875 perperam
1224 5809 1448 5874 repetita
1475 5810 1653 5863 fuerit.

667 5880 773 5942 {76)
804 5876 868 5929 Et
901 5881 1309 5941 vrwltonoretur,
1334 5887 1435 5934 etc.
1460 5880 1638 5942 Forte,
1674 5890 1725 5929 ut
1755 5877 2143 5944 pl’tL‘llORONlur

2248 5614 2278 5649 a
2306 5599 2442 5663 vobis
2467 5597 2646 5652 Iesus.

2288 5669 2431 5748 .(77).
2462 5666 2541 5720 Ad
2586 5668 2736 5735 ﬁnes.
2773 5667 3027 5724 Fortasse
3056 5671 3212 5725 unica
3263 5685 3395 5725 voce
3437 5674 3665 5739 adﬁnes,
3697 5689 3827 5743 pre-

2385 5755 2411 5785 ΙΙ
2442 5777 2453 5788 .

2248 5753 2431 5875 pullis;
2467 5806 2596 5859 Vere
2630 5806 2851 5863 adicere.
2885 5809 3139 5864 Fortasse
3187 5827 3301 5865 vere
3352 5828 3409 5864 ea
3433 5852 3447 5871 ,
3478 5812 3561 5865 vel
3594 5829 3709 5867 rere
3737 5820 3822 5865 αι-

2250 5893 2361 5930 cere
2391 5892 2408 5929 .'
2443 5882 2523 5931 Vel
2545 5880 2751 5935 adicere
2780 5881 2984 5936 dictum
3016 5892 3091 5937 est
3125 5897 3222 5949 pro
3254 5882 3505 5951 adjicere.
