4000 6464
1337 438 1426 496 DE
1465 412 2077 492 BESURRECTIONE.
2119 447 2187 461 —
2222 412 2354 471 LiB.
2393 408 2456 465 il.
3382 387 3545 446 “00

1432 555 1499 611 Et
1531 560 1678 609 certe
1702 544 1840 603 mui-
1870 550 1915 607 Α
1946 537 2106 602 dixit,
2153 539 2450 603 negaturos
2496 535 2620 580 esse
2660 530 2873 585 omnes,
2910 514 3109 611 Petrus
3144 508 3362 611 dicebat
3395 523 3410 563 :
3446 504 3523 611 Si

1938 642 2118 683 omnes
2146 634 2197 678 te
2230 602 2514 691 negabunt,
2547 629 2642 685 ego
2674 627 2779 666 non
2803 618 2854 665 te
2893 605 3131 678 negabo;
3167 602 3259 658 sed
3303 607 3525 669 paratas

1936 733 2052 773 sum
2082 730 2178 786 pro
2205 722 2253 767 te
2289 711 2424 764 mori
2450 707 2519 771 ",
2548 714 2603 761 et
2633 712 2760 759 ante
2779 709 2834 757 te
2855 699 3013 755 mori.
3047 696 3115 752 Et
3143 709 3265 749 cum
3294 691 3525 794 dixisset

1938 808 2066 879 quia
2104 815 2161 860 et
2198 806 2313 873 ipse
2363 810 2444 856 ter
2494 797 2861 868 abnegatttrus
2898 798 3087 879 esset,
3128 800 3232 879 non
3272 788 3522 879 recessit,

1939 874 2275 953 contendens
2314 899 2371 947 et
2414 889 2625 952 dicens,
2669 883 2792 939 Non
2840 892 2889 938 te
2939 878 3155 950 negabo.
3191 874 3297 943 Qui
3341 882 3522 926 autem

1938 986 2079 1042 dixit
2129 997 2294 1053 saepe,
2340 978 2469 1050 quia
2522 989 2629 1032 non
2670 970 2899 1041 negabo,
2942 954 3025 1023 et.
3052 964 3243 1020 horum
3286 956 3525 1014 habebat

1938 1052 2293 1139 memoriam;
2328 1069 2454 1141 quia
2488 1064 2670 1137 puella
2696 1062 2942 1133 quadam
2984 1055 3252 1113 accedens
3280 1052 3523 1106 interm-

1939 1169 2101 1241 gabat
2130 1178 2281 1229 eum,
2308 1176 2452 1218 nunc
2472 1156 2729 1216 Gaiiireus
2750 1160 2852 1218 est,
2885 1166 3028 1206 nunc
3056 1162 3177 1203 cum
3203 1142 3334 1241 Jesu
3364 1150 3517 1241 erat;

1939 1234 2106 1329 erepit
2134 1266 2188 1311 et
2210 1254 2424 1325 iurare,
2456 1250 2604 1323 quod
2640 1263 2748 1304 non
2788 1253 3111 1317 poposcerat
3137 1238 3337 1310 puella,
3367 1245 3427 1292 et
3447 1234 3525 1289 di-

219 464 359 520 1‘05

233 558 619 629 )nexcasabh'ts
649 564 905 621 audacia
935 560 1215 636 sanguinis
1247 560 1400 630 iusti.

238 670 426 718 torum
455 657 859 735 prophetarum
910 655 1183 713 eﬂ‘udistis
1218 652 1560 723 sanguinem,
1590 658 1648 704 et
1670 646 1837 737 habe-

238 752 395 809 batis
423 762 657 809 vestram
687 751 970 806 civitatem
999 766 1013 802 :
1041 756 1096 801 et
1131 745 1407 816 prioribus
1432 743 1721 814 prophetis
1756 740 1839 794 in-

238 842 524 911 terfectis,
550 836 774 897 secundi
823 840 1136 901 veniebant,
1193 848 1249 893 et
1288 835 1686 892 convincebant
1716 846 1833 887 vos.

238 930 537 999 Quomodo
567 946 698 1002 ergo
731 931 1021 985 multorum
1058 926 1449 997 prophetarum
1480 923 1702 994 sanguis
1729 937 1834 978 non

235 1024 538 1080 intercidit
571 1023 948 1092 prophetiam;
980 1020 1140 1073 unius
1166 1029 1367 1081 autem,
1402 1024 1461 1070 ut
1482 1015 1688 1080 dicitis,
1713 1028 1839 1070 con-

239 1128 345 1175 tra
374 1119 545 1189 legent
575 1118 822 1173 facientis
843 1114 1086 1188 sanguis,
1111 1115 1301 1169 statuit
1325 1112 1441 1184 (79)
1464 1126 1680 1167 omnem
1710 1123 1838 1180 pro-

234 1207 543 1280 phetiami
571 1210 636 1265 Et
672 1209 939 1278 quomodo
967 1221 1157 1262 omnes
1183 1205 1457 1275 prophetat
1480 1218 1601 1259 cum
1625 1202 1836 1273 legisla-

230 1308 379 1355 tore
419 1309 472 1354 et
505 1300 722 1370 regibus
747 1300 930 1367 justis,
956 1305 1015 1351 et
1055 1295 1309 1352 omnibus
1349 1293 1687 1349 mirabilibus
1716 1308 1838 1364 quin

228 1384 399 1444 Laeta
429 1390 569 1459 apud
608 1389 901 1459 Egyptum
929 1388 1202 1453 videntur,
1234 1396 1289 1442 et
1337 1386 1390 1441 in
1427 1385 1661 1451 deserto,
1688 1394 1743 1439 et
1782 1384 1835 1439 in

234 1481 385 1550 ipsa
429 1491 570 1535 terra
600 1480 989 1548 promissionis,
1018 1487 1073 1534 et
1100 1493 1223 1532 cum
1260 1475 1514 1531 omnibus
1558 1472 1836 1531 beneﬁciis

224 1579 305 1624 et.
339 1571 515 1639 omnis
554 1586 657 1625 non
685 1569 1366 1625 statueruntidoioiatriam
1415 1583 1483 1623 ne
1500 1568 1719 1639 quidem
1766 1567 1835 1623 ab

230 1661 378 1735 ipso
416 1663 616 1718 israei?
641 1663 831 1721 Crucis
872 1673 1054 1717 autem
1089 1676 1270 1718 sermo
1296 1670 1352 1717 et
1382 1661 1572 1717 orbem
1613 1662 1834 1717 univer-

224 1767 375 1811 sum
437 1757 726 1820 convertit,
770 1767 826 1811 et
872 1754 1036 1811 Israel
1072 1756 1118 1811 si
1171 1754 1305 1809 nihil
1341 1753 1509 1821 aliud,
1556 1764 1733 1811 tamen
1766 1756 1835 1811 ab

231 1844 565 1902 idololatria
604 1847 923 1917 prohibuit?
946 1845 1089 1914 Quid
1114 1847 1218 1901 hoc
1247 1844 1571 1905 eﬂlcientius
1606 1847 1734 1901 mihi
1763 1847 1836 1900 vi-

231 1935 435 1999 detur,
482 1937 609 2007 quia
670 1937 1001 1990 resurrectio
1056 1935 1287 1991 viventis
1343 1951 1465 2007 quat
1514 1937 1619 1992 hoc
1677 1936 1828 2002 iecit,
1862 1924 1905 1981 Β
1934 1923 2202 2007 "imlme
2245 1922 2374 1982 Ροιο
2401 1924 2644 2007 οζυοθωτ

230 2041 401 2080 attors
431 2040 592 2094 quant
631 2026 905 2079 sustinuit.
935 2025 993 2082 Si
1023 2027 1171 2081 enim
1217 2025 1408 2081 alﬁxus
1456 2034 1538 2081 est
1570 2026 1639 2081 ob
1687 2026 1835 2082 iniir-

232 2114 525 2175 mitatem.
580 2125 639 2170 ιιι
667 2117 797 2172 dicit
818 2116 1017 2173 Paulus
1050 2118 1119 2183 '°,
1169 2120 1263 2175 sed
1312 2118 1444 2174 vivit
1477 2128 1538 2172 ut
1565 2118 1828 2173 videmus.

233 2200 317 2257 Et
347 2221 445 2260 nos
467 2207 683 2276 quidem
712 2208 859 2261 iliunt
884 2224 1046 2279 quem
1087 2224 1193 2264 non
1232 2210 1476 2265 videmus
1518 2224 1626 2264 non
1667 2225 1826 2281 nega-

235 2312 414 2353 mus:
456 2300 724 2354 viventem
766 2309 948 2356 autem
982 2316 1049 2357 ex
1075 2301 1163 2357 his
1190 2318 1310 2373 qum
1350 2302 1515 2358 eiiicit
1558 2305 1825 2360 videmus.

235 2388 388 2457 Quia
419 2402 595 2445 autem
631 2391 750 2445 ausi
779 2400 929 2457 sunt,
964 2392 1016 2446 in
1047 2408 1153 2462 qua
1185 2404 1316 2448 sunt
1354 2409 1519 2465 paena
1573 2394 1677 2465 ipsi
1718 2396 1832 2450 edi-

237 2490 402 2536 caut.
435 2481 578 2553 Ergo
605 2482 794 2538 vivens
821 2493 877 2539 et
903 2485 1048 2553 apud
1075 2500 1169 2540 eos
1204 2486 1483 2542 invenitur
1512 2490 1605 2558 qui
1640 2492 1832 2559 passus

239 2580 357 2628 est.
391 2574 494 2640 Qui
526 2576 671 2629 enim
703 2576 1066 2632 adversantur
1090 2578 1143 2633 in
1178 2579 1536 2635 dissolutione
1567 2590 1696 2635 sunt
1724 2599 1738 2635 :
1777 2590 1832 2636 et

240 2664 484 2733 gentiles
529 2665 641 2735 jam
684 2683 788 2722 non
837 2669 1110 2737 gentiles:
1163 2680 1217 2725 et
1262 2668 1433 2726 Judtei
1482 2680 1827 2741 superantur.

246 2754 395 2823 Quid
426 2758 683 2827 deestqui
715 2760 928 2815 vincit?
964 2762 1201 2817 Ecclesia
1236 2762 1435 2833 quippe
1462 2765 1602 2819 unde
1624 2765 1831 2821 habens

246 2847 432 2907 iiiiosi
485 2850 562 2905 ita
597 2854 742 2908 enim
772 2864 857 2909 est
891 2855 1205 2919 admiratio,
1233 2858 1362 2924 quia
1386 2872 1415 2909 a
1439 2855 1642 2913 iudicis
1688 2861 1831 2915 acci-

245 2938 405 3009 piens
452 2953 633 3010 patres
676 2944 971 3012 apostolos,
1022 2959 1051 2995 a
1111 2945 1362 3013 gentibus
1391 2956 1571 3001 autem
1621 2946 1761 3004 ﬁlios
1797 2964 1827 3004 a

247 3045 359 3085 non
386 3032 770 3101 credentibus;
806 3035 971 3089 habet
1003 3035 1116 3090 illic
1151 3035 1382 3092 salutent
1416 3037 1670 3109 ﬁliorum,
1708 3043 1830 3099 istic

245 3136 356 3177 non
385 3122 767 3181 ereditJudaeis
793 3126 928 3197 (80).
964 3126 1069 3182 Sed
1099 3128 1166 3182 ab
1206 3130 1601 3199 abnegantibus
1629 3132 1830 3190 Iudaeis

244 3210 409 3267 habet
442 3223 606 3270 testes
636 3218 931 3285 apostolos,
970 3232 1028 3272 ut
1061 3219 1275 3273 illorum
1331 3224 1652 3291 conspersio
1688 3228 1827 3293 apud

246 3319 348 3359 nos
385 3322 489 3361 non
529 3308 599 3363 sit
628 3309 865 3367 illorum.
914 3309 1047 3364 Cum
1101 3312 1245 3366 enim
1300 3313 1505 3369 ferrum
1541 3331 1823 3384 acceptum
1854 3332 1897 3388 α

246 3394 411 3452 fuerit
439 3415 467 3452 a
508 3402 863 3471 congeriebus
888 3404 1145 3471 lapidum,
1172 3417 1262 3461 aut
1300 3424 1329 3462 a
1362 3421 1506 3464 terra
1538 3426 1602 3466 ex
1627 3429 1733 3482 qua
1770 3425 1828 3470 et

245 3489 536 3545 conﬂatum
558 3504 660 3559 est,
682 3493 793 3561 jam
828 3512 933 3551 non
967 3499 1213 3567 estquod
1252 3512 1372 3554 erat
1402 3501 1453 3555 in
1488 3515 1670 3559 monte
1714 3524 1729 3558 :
1773 3516 1829 3561 et

245 3582 476 3649 apostoli
510 3598 540 3637 a
569 3583 770 3640 ludatis
796 3588 1029 3657 accepti,
1051 3587 1161 3655 jam
1184 3607 1289 3645 non
1315 3603 1442 3645 sunt
1469 3610 1533 3647 ex
1570 3596 1696 3649 iiiis.
1722 3596 1826 3652 Per

248 3670 427 3742 ignem
480 3676 625 3729 enim
682 3680 977 3745 emundati,
1033 3680 1185 3734 aliud
1227 3698 1385 3750 quant
1435 3684 1641 3755 lapides
1697 3687 1823 3744 facti

248 3771 398 3817 sunt.
452 3762 532 3817 illi
573 3767 716 3819 enim
762 3766 1230 3824 interliciebantur
1281 3783 1339 3827 ut
1382 3791 1486 3829 non
1536 3778 1829 3835 adorarent

246 3853 389 3909 idola
420 3866 514 3920 ;et
551 3857 861 3926 iapidabant
892 3859 1112 3929 Moysen
1163 3865 1289 3933 quia
1332 3884 1437 3923 non
1495 3872 1827 3927 concedebat

244 3945 327 4000 eis
354 3948 623 4003 adorare:
656 3948 964 4018 Stephanus
992 3965 1171 4010 autem
1205 3958 1391 4012 statim
1425 3976 1490 4014 ex
1526 3963 1661 4030 ipsis
1689 3964 1827 4033 lapi-

172 4114 177 4119 η
242 4036 498 4105 dabatur,
527 4059 593 4096 eo
633 4044 778 4114 quod
819 4064 926 4102 non
965 4053 1182 4121 negavit
1213 4068 1378 4108 causa
1420 4060 1603 4111 crocis
1643 4058 1825 4111 Domi-

244 4144 372 4181 num
401 4129 605 4185 Jesum.
644 4135 807 4192 Putas
838 4138 929 4193 iSii
966 4155 1032 4195 ex
1064 4140 1266 4197 Judaeis
1297 4153 1423 4198 sunt
1448 4145 1470 4198 ?
1500 4144 1696 4201 Petrus
1730 4148 1822 4217 qui

245 4220 466 4278 inverso
499 4226 678 4295 capite
708 4227 899 4285 aiiixus
937 4242 1021 4286 est
1052 4234 1225 4299 cruci,
1272 4233 1471 4291 Paulus
1508 4238 1601 4306 qtti
1639 4253 1825 4309 perse-

240 4317 514 4371 cutionem
552 4328 635 4374 est
663 4336 880 4390 passus,
927 4334 983 4377 et
1019 4326 1287 4395 gloriatus
1326 4338 1411 4381 est
1453 4329 1503 4382 in
1544 4332 1822 4399 periculis.

243 4408 351 4465 Sed
381 4414 727 4469 meminimus
774 4416 922 4472 Petri
961 4431 1012 4473 et
1055 4417 1206 4473 Pauli
1233 4433 1284 4474 et
1316 4420 1596 4491 Stephani.
1633 4423 1825 4480 Petrus

239 4508 372 4555 ante
405 4517 622 4557 crucem
650 4504 897 4562 inlirmus
940 4518 997 4562 et
1033 4508 1291 4575 incertus,
1336 4521 1391 4565 et
1430 4521 1511 4566 ter
1548 4514 1823 4585 abnegans

240 4589 528 4647 Dominum
554 4611 571 4660 ;
596 4596 815 4664 quando
856 4597 1030 4668 magis
1076 4603 1365 4668 oportebat
1400 4617 1524 4658 eum
1574 4610 1823 4676 negare?

1937 1364 2084 1416 cere,
2125 1348 2252 1420 quia
2298 1344 2484 1401 nescio
2528 1340 2830 1404 hominem,
2868 1350 2973 1393 nec
3030 1342 3090 1388 ut
3134 1330 3436 1393 hominem,
3485 1340 3521 1383 ο

1939 1461 2139 1517 Petrei
2172 1468 2227 1515 et
2261 1458 2367 1514 hoc
2401 1454 2592 1523 semel,
2626 1462 2680 1509 et
2707 1452 2794 1508 bis
2824 1462 2880 1506 et
2908 1460 3009 1506 ter.
3041 1447 3110 1503 Et
3131 1454 3277 1500 certe
3307 1438 3524 1496 vivebat

1937 1552 2213 1623 Magister,
2248 1558 2304 1605 et
2333 1550 2606 1604 incertum
2637 1554 2759 1600 erat
2796 1543 2844 1600 si
2869 1547 3176 1596 moreretur
3226 1536 3405 1623 Petro.
3432 1531 3525 1623 ip-

1894 1672 1901 1679 λ
1937 1621 2052 1698 sius
2080 1649 2165 1696 est
2188 1639 2335 1695 enim
2368 1651 2467 1692 vox
2494 1650 2617 1705 qua:
2643 1634 2820 1689 dixit:
2849 1628 3221 1689 Misericordia
3262 1622 3381 1690 tibi,
3418 1621 3524 1676 Do-

1937 1731 2094 1799 mine,
2121 1734 2187 1786 ab
2213 1724 2295 1785 his
2325 1731 2393 1783 ³³.
2435 1722 2902 1797 Quemadmodum
2947 1724 3050 1778 iste
3092 1733 3297 1789 negans
3342 1728 3422 1773 ter
3467 1724 3522 1770 et

1932 1822 2149 1894 iurans,
2202 1830 2257 1877 et
2314 1819 2418 1876 hoc
2465 1826 2688 1890 prepter
2724 1829 2914 1872 vocem
2960 1811 3149 1885 puella:
3192 1811 3353 1865 unius
3391 1816 3519 1861 ante

2668 1918 2792 1979 post
2815 1919 3018 1978 paucos
3052 1904 3176 1959 illos
3215 1903 3331 1956 dies
3374 1899 3514 1954 inci-

1935 2002 2014 2071 pit
2040 2001 2281 2057 clamare
2306 2010 2363 2057 et
2392 1999 2460 2054 ad
2493 1998 2748 2070 populum
2785 1994 2969 2053 dicere
3006 2012 3022 2049 :
3077 1991 3191 2047 Viri
3234 1990 3429 2061 fratrea
3465 1997 3515 2044 et

1932 2101 2131 2162 putres,
2161 2076 2341 2146 audite
2361 2091 2427 2145 ".
2454 2088 2690 2145 Puellam
2718 2102 2825 2142 non
2848 2086 3024 2151 audis,
3055 2095 3105 2141 et
3134 2084 3283 2139 viros
3315 2081 3514 2137 fratres

1933 2195 1985 2239 et
2019 2196 2199 2254 patres
2227 2198 2390 2239 vocas
2419 2192 2478 2238 ut
2508 2181 2841 2237 suadeantur
2872 2178 2897 2233 ἲ
2944 2177 3002 2233 in
3049 2185 3206 2232 nocte
3242 2186 3408 2244 negas
3453 2171 3506 2225 in

1931 2310 2036 2366 qua
2076 2311 2267 2367 posses
2295 2305 2351 2353 et
2376 2296 2566 2361 latere,
2601 2303 2654 2349 et
2681 2293 2842 2349 tertia
2876 2293 3005 2347 hora
3034 2299 3357 2348 constanter
3390 2303 3511 2359 pro-

1932 2386 2177 2443 clamans
2207 2388 2452 2458 loqueris
2470 2386 2538 2441 ad
2563 2388 2821 2456 populum
2860 2385 3175 2439 universum
3197 2383 3221 2437 ‘i
3252 2380 3357 2438 Sed
3380 2391 3510 2451 pttta

1932 2479 2057 2546 quia
2088 2477 2287 2533 Petrus
2309 2480 2685 2533 contentiosus
2714 2488 2819 2541 est,
2842 2486 2896 2532 et
2924 2476 3107 2531 omnia
3141 2476 3351 2530 donans
3388 2471 3511 2528 Ma-

1930 2569 2123 2640 gistro,
2175 2585 2340 2625 ausus
2384 2571 2482 2624 l'uit
2529 2568 2732 2625 Judzeis
2782 2579 2837 2625 et
2884 2568 3051 2639 loqui,
3081 2584 3112 2621 a
3144 2566 3342 2637 quibus
3390 2566 3507 2635 ipsa

1931 2661 2155 2715 audacia
2183 2661 2411 2716 exstitit.
2457 2660 2923 2730 Quemadmodum
2964 2658 3139 2716 Ιυιιίεί
3180 2674 3283 2713 ιιοη
3324 2660 3509 2714 statim

1930 2749 2164 2807 fustibus
2197 2763 2251 2806 et
2298 2753 2583 2823 lapidibus,
2617 2762 2712 2807 aut
2736 2750 3127 2828 quolibet.alio
3172 2766 3373 2822 genere
3411 2752 3511 2805 oh-

1933 2858 2092 2897 ruere
2142 2856 2459 2915 arguentem
2497 2845 2520 2897 ?
2555 2844 2611 2899 Si
2640 2846 2783 2900 enim
2816 2846 3002 2910 Deum,
3040 2846 3130 2915 qui
3161 2846 3315 2917 signa
3358 2846 3511 2913 fecit,

1928 2936 2046 2990 ausi
2092 2948 2217 2992 sunt
2270 2935 2487 3007 alligere
2530 2938 2704 3003 cruci,
2752 2938 3211 3004 quemadmodum
3286 2938 3510 2993 Petrum

1929 3029 2345 3084 convincentem
2378 3044 2473 3085 eos
2522 3040 2645 3100 post
2687 3032 2849 3087 istaut
2881 3033 3160 3087 audaciam
3190 3048 3296 3086 non
3324 3033 3510 3088 statim

1930 3119 2163 3176 fustibus
2190 3132 2282 3175 aut
2312 3122 2582 3191 lapidibus
2629 3122 2973 3178 obruerunt?
3010 3122 3166 3179 Nunc
3211 3140 3345 3195 ergo
3385 3136 3517 3181 sunt

1931 3212 1983 3265 itt
2012 3214 2324 3282 captivitate
2354 3223 2409 3268 et
2433 3214 2829 3280 ltuutiiiatione,
2878 3230 3000 3269 cum
3043 3216 3197 3271 lioret
3236 3217 3511 3283 Ecclesia;

1931 3318 1986 3360 et
2027 3310 2258 3362 adorant
2302 3307 2586 3363 nobiscum
2628 3318 2684 3364 et
2734 3325 2890 3379 reges
2936 3321 2991 3366 et
3032 3310 3262 3380 judices.
3301 3312 3517 3369 Audeat

1930 3403 2050 3469 quis
2091 3402 2298 3471 ingredi
2324 3416 2674 3473 synagogant,
2714 3405 2863 3460 visus
2887 3405 3011 3460 licet
3036 3405 3150 3477 (82)
3175 3406 3422 3475 alicujus,
3456 3415 3512 3462 et

1930 3495 2133 3557 dicere.
2182 3491 2339 3550 Jesus
2372 3496 2667 3551 crucitixus
2711 3494 2883 3550 Filius
2930 3506 3017 3551 est
3060 3497 3175 3551 Dei.
3226 3496 3281 3551 Si
3317 3497 3517 3550 oxiet‘it

1930 3587 2169 3641 eximie?
2195 3596 2249 3642 et
2282 3588 2383 3643 hoc
2414 3602 2539 3643 cum
2572 3604 2676 3643 non
2712 3590 2783 3643 sit
2812 3605 2877 3643 ex
2922 3588 3145 3654 Judatis,
3187 3591 3281 3645 sed
3316 3605 3381 3643 ex
3416 3603 3513 3643 oo-

1932 3675 2015 3729 bis
2044 3694 2056 3728 :
2091 3690 2212 3729 cum
2244 3686 2298 3731 et
2349 3677 2496 3747 leges
2546 3679 2844 3743 vindicant,
2878 3690 2933 3734 et
2962 3694 3117 3751 reges
3154 3686 3405 3745 adorant,
3457 3692 3513 3736 et

1932 3782 2055 3822 cum
2109 3768 2350 3824 Ecclesia
2388 3780 2530 3825 tenet
2568 3769 2704 3843 (815).
2766 3771 2825 3827 Si
2862 3783 3043 3829 autem
3090 3789 3235 3829 nunc
3280 3789 3384 3827 non
3431 3782 3516 3829 est

1930 3860 2045 3915 sine
2076 3861 2314 3931 periculo
2345 3862 2577 3933 aliquem
2606 3881 2710 3920 non
2759 3864 3002 3923 Judaeum
3040 3867 3249 3936 ingredi
3286 3868 3339 3920 in
3378 3880 3511 3937 syn-

1929 3968 2153 4022 agogam
2208 3967 2396 4007 eorum
2446 3958 2537 4024 qui
2572 3958 2623 4010 in
2649 3958 2969 4026 captivitate
2992 3958 3284 4022 habentur,
3316 3970 3369 4013 et
3406 3960 3511 4015 hoc

1932 4044 1984 4096 in
2026 4048 2142 4099 vico
2169 4047 2257 4100 ubi
2295 4057 2404 4101 tres
2439 4057 2534 4103 aut
2574 4059 2808 4117 quatuor
2854 4051 3181 4122 colliguntur
3227 4050 3420 4118 Judaei,
3456 4063 3515 4110 et

1929 4139 2110 4191 dicere
2145 4142 2426 4195 veritatem
2454 4159 2468 4206 ;
2507 4143 2962 4211 quemadmodum
2995 4145 3186 4201 Petrus
3211 4163 3274 4202 ex
3306 4146 3511 4203 Judwis

1928 4228 2182 4287 Galil-aus
2204 4233 2351 4290 ?Nec
2372 4234 2516 4287 enim
2544 4234 2644 4290 hoc
2662 4239 2945 4293 estdicere
2968 4241 3094 4308 quia
3120 4242 3510 4309 ingenuitatem

1928 4322 2047 4390 ejus
2082 4324 2440 4389 ltonorarunt,
2471 4335 2527 4380 et
2559 4342 2664 4379 non
2703 4335 2827 4380 sunt
2849 4330 2964 4383 ausi
2992 4347 3006 4382 :
3039 4344 3140 4383 nec
3167 4332 3294 4397 quia
3324 4332 3512 4386 erudio

1930 4416 2152 4479 tionem,
2190 4432 2288 4471 nec
2327 4418 2454 4485 quia
2484 4419 2727 4473 divitias.
2757 4419 2877 4474 Jatn
2905 4432 3083 4475 autent
3136 4439 3236 4478 nec
3272 4428 3513 4493 piscator

1927 4516 2066 4572 erat,
2100 4509 2192 4562 sed
2225 4526 2396 4579 egeno
2423 4514 2690 4581 egentior.
2740 4514 2795 4567 in
2840 4524 3048 4568 tantum
3102 4522 3282 4569 autem
3325 4516 3513 4571 aderat

1927 4598 1974 4651 ei
2005 4608 2063 4652 ut
2096 4616 2200 4654 non
2227 4602 2673 4673 loqueretur,qui
2700 4606 2826 4659 dum
2857 4608 3265 4676 periclitaretur
3287 4610 3511 4674 animm,

240 4696 365 4738 cum
398 4686 573 4741 adlmc
610 4689 821 4743 viveret
844 4692 1107 4759 magister
1141 4693 1163 4745 ?
1197 4703 1292 4747 aut
1344 4704 1469 4749 ωηο
1510 4712 1633 4752 cum
1685 4702 1820 4755 satis
1861 4687 1901 4739 ι)
1928 4701 1982 4743 et
2014 4691 2445 4762 intermgaretur
2476 4696 2521 4748 si
2551 4695 2807 4753 Gaiilzeus
2858 4709 3025 4760 esset,
3080 4715 3285 4770 negans
3327 4712 3383 4755 et
3433 4704 3511 4755 di-

241 4773 342 4828 sihi
373 4774 496 4828 fecit
525 4777 616 4845 qui
644 4788 729 4833 est
788 4782 1089 4836 mortuus?
1143 4782 1198 4836 Si
1246 4798 1425 4839 autem
1478 4802 1655 4856 neque
1693 4802 1821 4845 ante

244 4875 475 4920 mortem
508 4880 755 4937 negaret,
806 4881 952 4925 esset
992 4875 1387 4930 cententiosum
1434 4881 1617 4933 omnia
1647 4882 1819 4935 domi-

244 4959 427 5012 nantis
462 4958 718 5029 Magistro
744 4962 881 5034 (81).
913 4964 968 5019 Si
1001 4977 1179 5021 autem
1212 4979 1338 5022 ante
1374 4984 1594 5026 crucem
1633 4984 1815 5044 negat,

238 5058 295 5106 et
323 5061 405 5105 ter
438 5067 540 5105 non
569 5054 910 5123 simpliciter,
950 5058 1042 5111 sed
1078 5072 1173 5123 per
1201 5074 1387 5113 vocent
1421 5061 1609 5127 puellae
1637 5065 1818 5128 unius,

241 5149 296 5194 et
330 5140 432 5196 hoc
458 5140 687 5199 Domino
721 5146 1050 5214 praedicente
1087 5150 1158 5212 ei,
1190 5158 1244 5203 et
1281 5158 1431 5203 certe
1472 5151 1514 5203 si
1552 5167 1658 5204 oon
1699 5168 1820 5220 pro-

241 5242 359 5304 pter
417 5236 587 5301 aliud,
649 5248 870 5307 prepter
935 5241 1395 5309 contemptionem
1453 5245 1822 5310 praedictionis

243 5322 465 5379 deberet
489 5324 685 5381 Petrus
716 5341 822 5382 non
856 5341 1077 5396 negare.
1130 5329 1200 5383 Et
1222 5341 1372 5385 certe
1406 5347 1527 5384 cum
1559 5333 1821 5389 Dominus

310 5504 358 5538 ‘°
390 5506 427 5561 il
457 5508 585 5563 Cor.
622 5525 742 5577 xm,
776 5510 830 5564 4.
909 5512 951 5543 ⁸¹
984 5510 1173 5567 Matth.
1214 5529 1359 5579 xxvu,
1386 5514 1576 5570 δ’ὁ-55.

310 5627 425 5692 ('79)
451 5625 669 5685 Statuit.
701 5630 754 5683 Id
785 5640 890 5695 est,
922 5633 1076 5685 stitit.

314 5699 423 5766 (80)
457 5696 683 5753 Judwis.
719 5700 880 5755 Forte
918 5702 1167 5756 Jndwue.

315 5767 428 5836 (8i)
472 5766 668 5821 Omnia
720 5772 1070 5826 dominantia.
1122 5773 1284 5828 Forte
1337 5778 1514 5828 omnia
1572 5779 1819 5831 donantis

251 5834 523 5921 Magistro.
582 5840 676 5894 Sic
714 5841 872 5921 paulo
920 5854 1041 5921 post
1080 5862 1097 5921 :_
1140 5845 1240 5898 Sed
1285 5856 1411 5921 pum
1440 5849 1578 5921 lquio
1629 5844 1816 5903 l'cuna

251 5912 604 5963 contentiosus
638 5922 737 5975 cal,
769 5920 817 5966 et
850 5912 1023 5967 animo
1066 5916 1266 5969 (lunoni
1305 5914 1581 5984 Magistro.

1653 5516 1698 5546 ⁸²
1728 5515 1915 5571 Matth.
1952 5533 2063 5579 xw,
2088 5518 2180 5575 2‘2.

1928 4798 2081 4845 cens,
2118 4799 2248 4849 nou,
2281 4786 2335 4839 in
2364 4786 2477 4855 ipsa
2510 4788 2866 4859 abuegatione
2894 4791 3174 4847 convictus
3211 4803 3317 4846 est.
3373 4792 3510 4861 Quia

1927 4877 2071 4929 enim
2101 4880 2360 4931 naturalis
2387 4890 2472 4933 est
2508 4880 2701 4951 linguae
2724 4882 2858 4953 (84).
2882 4885 3053 4953 partis
3091 4885 3511 4956 uniuscujusque

1930 4980 2090 5024 terra:
2131 4975 2481 5028 meditantem
2516 4976 2796 5031 assueiieri
2824 4980 2890 5032 ad
2911 4980 3295 5048 eloquendum,
3330 4982 3511 5036 oriens

1930 5063 1995 5116 ad
2040 5064 2201 5119 aliaat
2256 5081 2463 5136 partem
2518 5071 2706 5133 utitur,
2750 5070 3016 5141 Syrorum
3064 5074 3245 5143 lingua
3306 5075 3359 5128 in
3406 5076 3511 5130 alio

1929 5156 2145 5223 clamet,
2183 5162 2453 5218 nationem
2484 5164 2701 5232 quidem
2735 5164 2905 5233 ipsam
2935 5180 3079 5228 esse,
3113 5176 3372 5219 mutatam
3414 5183 3509 5220 au-

1931 5260 2036 5303 tem
2069 5253 2119 5305 in
2153 5269 2288 5310 sono
2332 5258 2540 5313 haberi.
2577 5258 2663 5313 Fit
2697 5261 2841 5316 enim
2873 5269 2927 5315 et
2959 5262 3059 5316 hoc
3098 5265 3235 5332 apud
3257 5262 3509 5320 Judeeos:

1928 5352 1986 5395 et
2006 5354 2224 5402 caetera.
2280 5346 2489 5403 Galilzei
2545 5350 2809 5408 ilebraica
2863 5353 3081 5423 quidem
3132 5356 3507 5425 loquebantur,

2259 5518 2304 5550 ⁸⁸
2329 5521 2449 5573 Act.
2485 5537 2577 5583 vn,
2604 5523 2660 5576 2.

2009 5639 2126 5720 (8'2)
2166 5640 2317 5695 Visus
2341 5644 2483 5721 licet.
2521 5646 2780 5721 Quamvis
2806 5646 3045 5717 aliquant
3079 5649 3317 5721 srecicm
3336 5650 3482 5721 digni

1935 5714 2063 5763 tatis
2100 5728 2196 5765 ore
2230 5730 2294 5765 ac
2325 5715 2474 5765 vultu
2511 5717 2827 5781 prati'eretts.

2000 5801 2114 5871 (85)
2157 5802 2336 5856 Tenet.
2374 5805 2600 5877 Κρατεῖ.

2001 5894 2114 5959 (8i)
2147 5893 2247 5950 Ms.
2274 5894 2539 5953 Naturale
2571 5911 2644 5953 est
2676 5900 2891 5972 lingere.
