4000 6418
555 290 697 347 1107

1223 278 1491 335 susum
1530 273 2009 332 cassamsnms
2047 272 2198 329 ope.
2242 272 2425 329 psus
2462 271 2551 329 tv.
2593 302 2662 314 —
2703 236 3126 327 montanos.

556 408 734 477 lingua
785 409 963 462 autem
1019 396 1260 469 impediti
1314 406 1407 451 aut
1449 397 1801 477 immutantes
1849 393 2137 450 convince-
2166 396 2207 451 Α
2236 408 2342 462 qua
2376 408 2471 462 spe
2503 390 2654 458 elati,
2685 389 2816 461 quid
2848 399 2975 443 ante
3002 387 3193 443 oculos
3232 384 3503 477 habentes
3527 382 3656 440 ausi

555 475 753 554 bantur
782 494 905 565 quia
942 506 1047 547 non
1070 500 1226 546 erant
1258 504 1290 545 e
1318 476 1561 545 civitate.
1593 475 1747 544 Sicut
1773 496 1829 542 et
1850 486 1992 557 apud
2029 499 2128 540 nos

553 602 699 644 nunc
731 584 983 647 efﬁcitur,
1018 583 1107 653 qui
1143 596 1303 651 agros
1356 578 1625 649 habitant,
1674 579 2028 635 immutantur
2059 582 2128 633 ab

548 680 631 735 eis
662 678 753 747 qui
803 678 858 732 in
912 676 1228 733 civitatibus
1267 674 1581 728 habitantes
1622 670 1859 742 linguam
1901 672 2123 726 habent.

555 768 721 825 Forte
754 777 935 822 autem
964 775 1018 820 et
1047 765 1467 832 uniuscuiusque
1500 762 1705 817 civitati
1738 760 1930 817 vicina:
1953 761 2127 817 diver-

551 875 668 914 sam
698 859 899 913 habent
924 858 1161 929 linguam
1198 865 1418 926 propter
1444 852 1889 910 consuetudinem
1919 867 2114 907 assue-

552 959 687 1003 tam.
720 947 845 1003 ilzec
874 961 996 1002 cum
1052 946 1124 1000 ita
1172 954 1481 1016 agerentur,
1527 956 1593 997 ex
1631 942 2023 999 consuetudine
2050 942 2124 997 ita

547 1042 827 1109 apparent.
872 1036 929 1093 lu
981 1037 1123 1092 libro
1173 1035 1418 1092 Iudicum
1450 1034 1709 1104 scriptum
1746 1040 1831 1088 est
1882 1031 1964 1098 ⁸⁸,·
1996 1032 2121 1103 quia

547 1130 795 1199 provenit
830 1128 1028 1185 bellum
1053 1130 1193 1182 inter
1210 1142 1268 1182 se
1292 1125 1447 1197 agere
1473 1134 1694 1196 propter
1719 1126 2118 1181 accusationem

547 1218 728 1275 nescio
766 1234 927 1289 qnam
952 1234 1020 1274 ex
1048 1217 1200 1272 istius
1223 1216 1393 1286 partis
1423 1214 1545 1287 (sic)
1574 1213 1839 1271 homines.
1865 1214 2121 1271 Commu-

544 1311 629 1366 nis
652 1310 796 1366 enim
826 1319 944 1367 erat
971 1308 1331 1365 circumcisio.
1371 1306 1429 1365 Si
1470 1309 1536 1364 ad
1580 1307 1805 1364 alteram
1841 1308 2116 1361 venissent

544 1409 777 1468 partem,
817 1384 911 1468 per
942 1397 1179 1469 linguam
1208 1408 1329 1453 erat
1354 1411 1541 1453 eorum
1563 1397 1841 1453 discretio.
1870 1396 2110 1451 Interro-

544 1491 743 1560 gabant
778 1490 922 1545 enim
960 1489 1193 1545 victores
1249 1501 1346 1545 eos
1385 1503 1523 1558 quos
1577 1488 1822 1545 vicerant
1864 1488 2007 1543 unde
2030 1502 2117 1542 es-

545 1588 668 1636 sent
694 1597 709 1634 :
747 1592 841 1649 pro
869 1577 1045 1634 salute
1067 1592 1133 1634 ex
1169 1586 1322 1649 parte
1344 1578 1572 1634 adversa
1603 1577 1813 1645 haberi,
1846 1591 2117 1648 propone-

545 1673 674 1724 bant
705 1684 1009 1725 sermonem
1038 1670 1350 1740 quemdam,
1396 1685 1501 1724 non
1547 1678 1799 1739 poterant
1842 1682 1988 1725 recte
2038 1669 2110 1723 ita

2237 486 2387 542 hoc?
2430 483 2583 541 Unde
2635 493 2813 540 autem
2864 481 2947 537 eis
2997 481 3115 536 haec
3164 476 3497 548 prudentia?
3545 476 3818 549 quomodo

2233 589 2391 649 putas
2417 577 2639 631 adunati
2681 576 2800 631 hmc
2829 572 3178 644 impudenter
3204 570 3275 625 ad
3307 569 3641 624 alterutrum
3676 566 3816 622 iee-

2235 672 2387 735 bant,
2432 667 2687 740 Magister
2708 666 2899 723 fefellit
2929 664 3241 731 nos‘lQuia
3285 677 3419 734 ergo
3463 660 3663 717 fefellit
3697 676 3814 727 nos,

2230 772 2284 816 et
2313 774 2412 815 nos
2444 759 2693 814 fallamus
2728 758 3013 814 mundum.
3054 754 3318 812 Dicebant
3346 756 3475 826 quia
3532 755 3817 812 suscitavit

2231 866 2328 906 nos
2363 850 2500 924 (87),
2525 858 2582 905 et
2613 850 2728 919 ipse
2761 858 3008 906 mortuus
3057 864 3163 904 non
3219 848 3549 905 resurrexit.
3607 849 3670 905 Si
3702 849 3815 906 hac

2227 944 2564 999 conscientia
2595 959 2785 999 eorum
2821 944 2892 999 ita
2927 943 3095 999 sciret
3137 956 3261 998 esse
3302 944 3609 1007 contraria,
3654 943 3815 999 debe-

2230 1046 2349 1093 rent
2400 1038 2602 1104 dicere,
2655 1046 2711 1092 et
2767 1050 2991 1107 negare,
3038 1045 3093 1092 et
3143 1034 3430 1105 pmniteri,
3469 1044 3528 1090 et
3562 1033 3814 1090 conﬁteri

2225 1144 2495 1195 errorem,
2537 1140 2595 1185 et
2640 1137 2770 1184 ante
2800 1128 3018 1185 .ludaeos
3048 1128 3233 1184 dicere
3266 1143 3388 1199 quae
3430 1126 3703 1184 dicebant
3729 1124 3818 1182 ,ΙΙ-

2225 1219 2324 1273 daei
2388 1218 2556 1291 (88):
2604 1218 2862 1275 seductor
2917 1228 3057 1282 erat,
3103 1217 3321 1273 seduxit
3376 1232 3524 1283 nos;
3581 1217 3816 1287 putaba-

2224 1325 2386 1376 mus,
2468 1310 2818 1380 promittebat
2870 1308 3365 1374 resurrectionem;
3430 1307 3617 1379 arguit
3692 1321 3818 1363 eum

2221 1401 2616 1471 operimentum
2638 1399 2776 1473 (89).
2806 1399 3097 1456 Debuisset
3122 1400 3497 1470 unusquisque
3525 1410 3821 1455 recurrere

2221 1489 2290 1545 ad
2322 1492 2457 1546 retia
2482 1499 2727 1561 paterna,
2758 1489 3049 1563 providere
3082 1490 3186 1544 sibi
3228 1490 3456 1552 victum,
3514 1487 3811 1554 abscondi,

2219 1581 2545 1637 erubescere
2583 1580 2878 1637 falsitatem
2925 1579 3191 1651 Magistri,
3221 1580 3499 1650 propriam
3530 1580 3822 1642 seductio-

2223 1686 2345 1727 nem
2387 1671 2692 1737 occultare,
2726 1670 2895 1727 multo
2940 1672 3118 1741 magis
3139 1670 3373 1741 iurgare
3395 1670 3512 1742 (90)
3550 1671 3687 1741 quia
3719 1684 3821 1727 nec

545 1762 690 1843 loqui
720 1762 863 1835 (85).
890 1771 951 1818 ut
999 1762 1075 1818 illi
1125 1763 1218 1834 qui
1272 1762 1714 1834 interrogabant:
1743 1772 1794 1817 et
1818 1762 1910 1831 qui
1943 1775 2110 1833 nega-
2147 1754 2188 1813 Β
2219 1765 2451 1819 vidimus
2489 1778 2638 1819 eum.
2693 1761 2821 1819 Haec
2859 1761 3117 1818 deberent
3149 1761 3355 1829 facere,
3386 1763 3435 1818 si
3468 1777 3599 1817 vera
3628 1770 3821 1818 essent

542 1856 696 1923 bant,
726 1871 790 1913 ex
817 1855 997 1927 lingua
1036 1865 1414 1927 arguerentur.
1452 1852 1566 1909 Hoc
1586 1855 1753 1920 enim
1784 1853 1839 1909 in
1878 1866 2114 1923 evange-

550 1946 639 2003 lils
668 1955 960 2003 renovatur
1004 1948 1145 2016 quod
1173 1946 1312 2016 apud
1338 1944 1557 2002 Iudices
1590 1944 1848 2016 scriptum
1878 1954 1983 2000 est.
2013 1942 2113 1999 Pe-

542 2048 659 2093 trus
688 2038 831 2093 enim
872 2037 1106 2109 negabat
1136 2051 1195 2093 se
1220 2038 1364 2093 scire
1418 2037 1693 2093 hominem
1729 2051 1745 2091 :
1797 2035 1981 2107 lingua
2025 2055 2115 2095 au-

545 2140 654 2184 tem
689 2144 788 2198 per
818 2128 986 2197 ipsam
1016 2131 1424 2201 abnegatiouem
1451 2132 1807 2189 convincehat
1828 2148 1951 2189 eum
1985 2133 2111 2205 quia

536 2217 788 2276 Galilzeus
819 2230 957 2274 erat.
993 2218 1098 2274 Iste
1132 2218 1326 2275 Petrus
1346 2221 1437 2291 qui
1465 2222 1901 2291 periclitabatur,
1930 2230 1987 2278 et
2012 2239 2108 2279 cu-

536 2311 717 2381 piebat
745 2324 897 2365 suam
924 2309 1213 2365 immutare
1244 2310 1478 2383 linguam
1514 2327 1543 2365 a
1575 2311 1792 2368 Galilaea
1829 2312 1897 2367 ad
1917 2311 2106 2368 Judai-

534 2420 677 2472 cum,
710 2403 774 2460 et'
798 2418 991 2473 parum
1032 2393 1161 2473 quid
1198 2406 1497 2475 corrigere,
1529 2404 1644 2459 haec
1696 2405 1920 2474 cupiens
1947 2416 2003 2460 et
2028 2406 2110 2461 fe-

534 2497 746 2552 stiuans
788 2504 842 2550 et
889 2503 1116 2551 mortem
1173 2496 1391 2563 timens,
1437 2495 1587 2551 dicat
1637 2496 1766 2566 quid
1815 2497 2105 2566 putaverit.

537 2589 821 2659 Quomodo
852 2589 999 2645 omni
1026 2589 1225 2644 mundo
1246 2588 1485 2659 loquitur
1506 2589 1611 2644 iste
1639 2586 1878 2657 indutus,
1907 2592 2015 2646 imo
2039 2606 2107 2647 ex

538 2680 741 2737 Judzeis
770 2680 908 2754 (86),
936 2682 1104 2745 dicat,
1134 2690 1188 2735 et
1209 2682 1443 2752 gentiles
1467 2681 1774 2736 convincat.
1824 2680 1978 2737 Unde
2005 2683 2109 2738 iste

533 2773 621 2826 cui
653 2772 771 2828 sine
793 2784 929 2827 voce
956 2778 1078 2827 erat
1126 2770 1332 2843 lingua,
1392 2770 1532 2824 unde
1584 2768 1779 2824 Petrus
1824 2768 2107 2837 loquitur?

534 2865 641 2920 Sed
684 2879 790 2919 non
840 2874 924 2919 est
971 2863 1205 2927 locutus,
1251 2861 1348 2918 sed
1403 2871 1591 2917 tacens
1619 2860 1790 2917 suasit
1822 2861 2102 2917 mundum.

532 2957 786 3027 Maiorem
820 2955 978 3012 nobis
1004 2954 1105 3010 das
1148 2952 1603 3011 admirationem:
1652 2954 1697 3009 is
1737 2954 1828 3025 qui
1874 2955 2106 3024 negabat

531 3050 627 3105 sed
668 3048 883 3105 locqu
918 3055 1025 3113 est,
1078 3060 1184 3117 qua
1220 3045 1441 3117 lingua?
1475 3046 1606 3117 ipsis
1636 3045 1783 3100 enim
1824 3047 1919 3115 qui
1961 3045 2101 3115 apud

535 3138 962 3210 Hierosolymam
995 3145 1176 3202 erant,
1219 3138 1490 3207 quomodo
1525 3145 1738 3207 poterat
1780 3136 1971 3206 loqui?
2015 3147 2099 3191 ta-

535 3246 657 3287 men
710 3230 973 3299 loquitur,
1023 3237 1079 3284 ct
1120 3236 1238 3298 post
1291 3238 1525 3299 quantos
1573 3230 1692 3285 dies
1741 3229 2105 3285 couvictionis

533 3337 660 3378 cum
688 3336 784 3391 per
807 3320 1039 3391 linguam
1068 3329 1152 3375 est
1180 3319 1506 3381 convictus?
1536 3321 1638 3377 iste
1665 3330 1782 3376 erat
1809 3321 1927 3377 dies
1946 3322 2106 3391 quin-

533 3414 864 3485 quagesima
913 3410 1233 3483 completlo,
1321 3411 1699 3481 abnegationis
1733 3423 1913 3469 autem
1956 3411 2102 3469 Petri

532 3515 660 3560 ante
687 3504 1082 3575 quinquaginta
1106 3503 1225 3559 dies
1248 3503 1431 3573 passio
1457 3504 1634 3560 fuerat
1665 3505 1900 3559 Domini.
1936 3503 2103 3560 Putas

530 3597 587 3653 in
616 3596 1007 3668 quinquaginta
1034 3596 1226 3652 diebus
1258 3596 1495 3666 piscator
1525 3597 1835 3652 rusticanus
1876 3611 1946 3653 ex
1979 3598 2103 3652 vico

530 3688 736 3744 studuit
764 3701 979 3743 omnem
1010 3687 1251 3757 linguam
1275 3687 1299 3741 τ
1323 3688 1379 3742 In
1403 3687 1628 3743 Actibus
1655 3687 1799 3743 enim
1840 3689 2100 3759 scriptum

530 3788 616 3833 est
644 3776 1014 3847 apostolorum
1041 3794 1056 3831 :
1079 3786 1134 3831 et
1165 3791 1277 3831 non
1306 3778 1590 3841 credatur.
1626 3778 1669 3832 si
1706 3793 1793 3833 res
1825 3777 1956 3848 ipsa
1995 3795 2099 3833 non

532 3866 896 3922 consentiunt.
929 3864 1200 3938 Scriptqu
1231 3878 1316 3922 est
1336 3867 1484 3922 enim
1508 3866 1636 3937 quia
1677 3871 1805 3921 dum
1842 3868 2100 3939 implere—

532 3968 621 4017 tur
666 3960 782 4015 dies
830 3959 1303 4030 quinquagesima,
1340 3968 1498 4015 erant
1554 3960 1773 4015 adunatl
1824 3961 1878 4015 in
1934 3954 2099 4017 u'num

529 4051 761 4119 apostoli
788 4050 857 4118 ⁸³,
891 4066 1025 4120 quos
1058 4061 1336 4120 sparserat
1364 4052 1582 4121 quidem
1614 4067 1770 4119 crux,
1802 4052 2099 4125 collegerat

530 4151 711 4195 autem
758 4143 1125 4209 resurrectio;
1161 4129 1496 4197 etadnnatis
1529 4141 1717 4198 iisdem
1746 4142 1936 4199 divisa:
1975 4153 2103 4200 sunt

529 4236 723 4308 linguae
754 4247 1007 4307 tanquam
1035 4238 1174 4310 ignis
1199 4239 1498 4294 dividentes
1525 4281 1542 4305 ,
1592 4250 1645 4295 et
1684 4242 2002 4297 insederunt
2045 4243 2099 4298 in

530 4344 970 4401 unumquemque
1011 4330 1248 4395 illorum,
1290 4340 1346 4386 et
1387 4342 1676 4403 cmperunt
1716 4333 1918 4407 linguis
1954 4334 2098 4406 loqui

2216 1870 2338 1927 qua
2388 1853 2561 1910 Judaei
2600 1853 2876 1909 volebant.
2932 1851 3038 1909 Sed
3096 1862 3257 1923 putas
3304 1854 3707 1909 convenientes
3763 1852 3817 1909 io

2214 1963 2377 2003 unum
2412 1946 2760 2015 impudenter
2803 1943 3057 2000 dicebant
3091 1944 3159 1999 ad
3189 1946 3559 2014 semetipsos:
3592 1943 3743 2012 Quid
3771 1945 3818 2001 si

2211 2039 2419 2097 seducti
2451 2038 2677 2095 sumus?
2699 2038 2793 2093 sed
2828 2053 2937 2093 non
2965 2037 3351 2093 concedamus.
3383 2034 3647 2107 Magister
3668 2051 3822 2092 rnor-

2215 2141 2338 2187 tuus
2375 2140 2497 2199 est;
2528 2131 2775 2187 dicamus
2818 2128 2949 2200 quia
2986 2129 3331 2185 resurrexit:
3363 2136 3425 2183 ut
3463 2128 3596 2198 quid
3632 2128 3820 2185 luera-

2213 2222 2437 2278 rentur?
2460 2222 2589 2291 quid
2626 2221 2898 2278 commodi
2931 2219 3281 2291 acciperent?
3312 2220 3546 2273 aurum?
3573 2221 3675 2275 sed
3708 2234 3815 2275 non

2211 2315 2463 2384 permisit
2486 2315 2803 2369 mandatum
2835 2332 2852 2368 :
2878 2311 3210 2384 argentum?
3235 2320 3291 2367 et
3320 2312 3436 2380 ipsa
3470 2314 3609 2367 retia
3650 2311 3817 2367 dere-

2210 2404 2508 2474 liquerunt.
2542 2403 2651 2461 Sed
2685 2414 2745 2460 ut
2782 2404 3227 2461 bonorarentur?
3251 2405 3341 2473 qui
3380 2404 3600 2459 inverso
3630 2405 3815 2475 capite

2209 2497 2585 2567 adigebantur.
2627 2497 2769 2565 Quid
2804 2506 2924 2559 erat
2950 2498 3095 2567 quod
3126 2506 3314 2567 posset
3343 2512 3441 2554 eos
3472 2497 3716 2566 hortari,
3754 2506 3814 2554 ut

2209 2592 2571 2647 mentirentur
2599 2574 2669 2646 de
2697 2604 2764 2646 eo
2783 2589 2877 2660 qui
2914 2605 3020 2644 non
3050 2588 3468 2645 resurrexerat?
3489 2588 3631 2657 Quis
3664 2604 3811 2659 pra-

2208 2681 2399 2737 buerat
2444 2681 2527 2736 eis
2585 2680 2912 2738 audaciam?
2971 2679 3030 2735 1n
3077 2694 3188 2750 quo
3236 2679 3577 2735 conﬁdentes
3619 2690 3811 2738 essent

2208 2772 2516 2828 inscientia
2559 2787 2705 2839 suae,
2763 2772 3097 2840 rusticitati,
3157 2771 3520 2843 ingenuitati.
3570 2771 3809 2839 divitiis,

2206 2864 2561 2929 multitudini,
2591 2864 2877 2919 duodecim
2927 2866 2997 2919 ad
3036 2865 3337 2919 mundum?
3381 2863 3487 2921 Sed
3532 2868 3807 2935 pradica-

2207 2958 2410 3014 tiouem
2444 2956 2563 3026 ejus
2596 2956 2687 3026 qui
2721 2954 2914 3011 amans
2945 2964 3031 3012 est
3060 2956 3232 3012 cruci.
3274 2952 3455 3025 ipsum
3488 2958 3673 3012 solum
3709 2974 3808 3014 ae-

2208 3048 2336 3104 dere
2366 3048 2521 3105 exire
2562 3049 2630 3103 ad
2677 3050 2961 3116 mundum,
2991 3049 3197 3117 grande
3224 3058 3329 3106 est.
3371 3047 3505 3103 Puta
3539 3050 3647 3105 ista
3683 3052 3805 3107 ausi

2205 3150 2335 3196 sunt
2384 3157 2400 3195 :
2436 3139 2603 3196 Judaei
2644 3141 2917 3211 quomodo
2954 3141 3099 3211 passi
3153 3152 3282 3196 sunt
3335 3158 3442 3197 non
3481 3158 3579 3199 eos
3610 3148 3804 3200 statim

2204 3230 2559 3288 interimere?
2594 3230 2785 3287 Nonne
2813 3231 2987 3302 parati
3020 3242 3149 3287 sunt
3177 3232 3244 3287 ad
3285 3233 3809 3305 interemptionem',

2203 3321 2523 3395 Magistrum
2574 3322 2881 3389 uinxerunt,
2935 3325 3029 3393 qui
3082 3339 3186 3378 non
3218 3326 3393 3392 arguit
3423 3340 3521 3381 eos
3569 3328 3808 3383 homici-

2204 3415 2307 3471 das
2333 3433 2348 3470 :
2382 3415 2518 3472 istos
2543 3416 2633 3486 qui
2666 3414 3022 3470 convicerunt
3042 3416 3170 3486 quia
3194 3416 3482 3472 homicidae
3502 3428 3661 3483 sunt,
3691 3434 3802 3475 non

2203 3506 2377 3562 multo
2411 3508 2588 3578 magis
2619 3506 2933 3563 debuissent
2965 3507 3314 3564 interimere?
3344 3507 3454 3565 Cur
3474 3512 3805 3580 sanguinem

2205 3600 2454 3674 Magistri
2481 3601 2660 3657 adhuc
2691 3601 2955 3657 habentes
3000 3602 3055 3656 in
3101 3602 3381 3669 manibus,
3403 3603 3693 3673 patiuntur
3721 3604 3807 3674 pi-

2202 3694 2495 3752 scatores?
2543 3703 2601 3750 et
2643 3703 2793 3750 certe
2840 3709 2969 3751 cum
3027 3696 3399 3752 interﬁcerent
3450 3696 3801 3767 Magistrum,

2204 3786 2307 3842 nisi
2352 3794 2604 3856 negasset
2643 3785 2835 3843 Petrus
2872 3788 3072 3844 fuisset
3112 3800 3378 3843 mortuus.
3404 3787 3507 3857 Qui
3536 3804 3805 3859 ergovo-

2202 3880 2387 3939 iebaut
2409 3893 2530 3935 eum
2557 3886 2851 3950 antequam
2899 3890 3207 3936 moreretur
3229 3879 3489 3951 Magister
3514 3883 3801 3952 occidere,

2203 3969 2661 4040 quemadmodum
2689 3986 2813 4026 eum
2862 3986 2970 4025 non
2996 3971 3257 4025 occidunt
3292 3984 3415 4043 post
3442 3971 3692 4045 Magistri
3726 3979 3805 4033 in-

2204 4061 2625 4119 terfectionem'!
2649 4062 3105 4132 quemadmodum
3126 4063 3152 4117 τ
3186 4079 3306 4133 qua:
3336 4075 3422 4121 est
3449 4081 3615 4122 causa
3632 4067 3661 4123 τ
3701 4069 3801 4124 sed

2205 4156 2495 4212 noluerunt
2540 4173 2557 4211 :
2607 4164 2662 4212 et
2687 4156 2813 4226 quis
2862 4156 3070 4226 estqui
3119 4160 3389 4213 convertit
3418 4174 3607 4215 eorum
3644 4176 3804 4217 men-

2204 4248 2354 4303 tem?
2402 4247 2510 4304 Sed
2558 4248 2851 4303 voluerunt
2897 4266 2913 4304 :
2960 4257 3016 4303 et
3064 4250 3187 4317 quis
3237 4258 3322 4305 est
3369 4251 3460 4319 qui
3510 4253 3801 4320 prohibuit

2203 4356 2392 4397 eorum
2415 4341 2789 4412 propositum?
2816 4342 2911 4397 sed
2934 4341 3229 4397 voluerunt
3248 4352 3304 4397 et
3325 4358 3431 4397 non
3461 4354 3795 4411 potuerunt:

526 4433 664 4490 quas
690 4434 795 4474 non
829 4421 1148 4476 didicerant.
1181 4419 1306 4477 Haec
1339 4420 1619 4495 Scriptura
1654 4424 1824 4491 dicit;
1862 4426 1955 4495 qui
1983 4427 2099 4481 vult
2129 4448 2175 4504 ι)
2204 4433 2411 4503 etquis
2452 4442 2537 4489 est
2567 4434 2658 4503 qui
2697 4433 2975 4504 superavit
3007 4449 3197 4489 eorum
3248 4435 3509 4491 malitiam
3532 4436 3558 4490 2
3598 4452 3800 4507 quem-

528 4510 844 4582 interroget.
897 4510 953 4566 Si
1000 4528 1105 4567 non
1136 4521 1223 4568 est
1263 4514 1483 4581 factum,
1512 4518 1785 4585 quomodo
1811 4517 2100 4574 audierunt

524 4603 759 4669 gentes?
788 4603 893 4659 Sed
925 4605 1212 4660 audierunt
1240 4617 1451 4676 gentes.
1481 4608 1624 4675 Ergo
1656 4610 1799 4679 quod
1830 4611 2095 4681 scriptum

523 4702 629 4758 est,
665 4692 867 4750 factum
895 4705 1000 4750 est.
1026 4695 1155 4763 Quis
1188 4706 1273 4752 est
1301 4698 1392 4769 qui
1430 4700 1690 4754 donavit?
1714 4702 1807 4771 qui
1840 4714 2089 4775 mortuus

526 4790 652 4849 est;
708 4784 1003 4853 etquidem
1045 4796 1343 4860 antequam
1378 4800 1678 4860 pateretur,
1725 4808 1829 4849 non
1877 4794 2101 4850 donavit

527 4874 786 4943 linguam.
814 4874 965 4944 Quod
996 4892 1127 4949 ergo
1154 4896 1259 4935 non
1294 4882 1518 4936 donavit
1565 4896 1853 4955 antequam
1884 4899 2099 4958 patere-

527 4974 636 5031 tur,
670 4970 1125 5037 quemadmodum
1170 4973 1339 5029 donat
1382 4986 1647 5044 mortuus,
1693 4981 1795 5034 nisi
1830 4982 1958 5051 quia
2010 4997 2097 5037 re-

524 5060 805 5114 surrexit?
851 5060 957 5117 Sed
1006 5080 1110 5119 non
1162 5067 1401 5129 donavit,
1457 5084 1555 5123 nec
1610 5086 1734 5125 vera
1782 5071 1908 5127 dicit
1945 5073 2093 5130 Scri-

527 5166 703 5221 ptura.
730 5151 1006 5223 Quomodo
1034 5162 1149 5215 ausi
1167 5174 1292 5215 sunt
1325 5167 1554 5234 aposmli
1581 5168 1731 5221 exire
1762 5169 1828 5223 ad
1860 5171 2092 5241 gentes?

593 5291 643 5323 ”
674 5290 849 5348 Judic.
883 5310 980 5359 an,
1012 5294 1067 5351 6.
1156 5297 1203 5329 ⁸⁸
1227 5300 1345 5355 Act.
1376 5316 1435 5365 tt,
1472 5303 1522 5356 t.

740 5447 837 5525 his.
871 5448 1130 5525 Naturale
1153 5464 1228 5507 est
1257 5457 1472 5525 lingme.

526 5583 579 5637 ιο
581 5515 713 5652 (1(3‘5.)
747 5516 843 5573 Ms.
879 5522 1190 5589 Quemdum,
1229 5515 1381 5595 quem
1424 5545 1525 5581 non
1558 5538 1798 5597 poterant
1844 5542 1981 5586 recte
2011 5532 2087 5588 εια

744 5646 838 5741 βε
862 5657 1089 5741 intimis.
1117 5662 1280 5741 Forte
1306 5676 1353 5719 et
1377 5665 1604 5741 Judafis.

622 5726 711 5795 87)
737 5723 1019 5787 Suscitovit
1054 5749 1164 5791 uos.
1196 5734 1454 5794 Fortasse
1498 5738 1699 5795 dicebat
1754 5742 1877 5799 auia
1921 5743 2083 5799 susci‘

2207 4518 2498 4581 admodum
2523 4527 2762 4596 superati
2794 4526 2955 4582 sunt?
2976 4526 3021 4581 si
3053 4541 3160 4581 non
3186 4535 3271 4581 est
3303 4526 3445 4582 facta
3475 4529 3794 4597 admiratio,

2206 4618 2479 4688 quomodo
2515 4620 2741 4675 vincunt
2763 4617 3104 4688 piscatores?
3143 4618 3283 4674 Ecce
3329 4620 3434 4672 alia
3470 4620 3792 4687 admiratio,

2199 4711 2245 4766 si
2280 4710 2421 4765 nulla
2444 4711 2804 4767 admiratione
2834 4711 3076 4765 vincunt.
3115 4710 3182 4766 Et
3214 4721 3362 4767 certe
3393 4711 3581 4765 volunt
3612 4711 3793 4771 Judaei

2200 4802 2469 4865 occidere,
2507 4811 2563 4858 et
2585 4802 2841 4858 concedit
2870 4801 3125 4859 Dominus
3143 4802 3225 4859 eis
3255 4814 3313 4859 ut
3333 4804 3607 4861 occidant.
3639 4804 3792 4861 ﬂar-

2201 4894 2397 4964 tyrium
2432 4894 2616 4963 itaque
2650 4894 2772 4950 tulit
2818 4895 3149 4965 Stephanus.
3180 4895 3462 4963 Quomodo
3491 4913 3624 4969 ergo
3660 4899 3791 4956 Ste-

2204 4986 2416 5053 pilanus
2445 4985 2666 5055 quidem
2701 4987 2769 5039 ab
2812 4986 2930 5040 istis
2966 4987 3265 5041 occiditur?
3310 4985 3449 5043 Utile
3486 4990 3633 5043 enim
3667 4998 3792 5045 erat

2199 5076 2317 5143 ejus
2346 5078 2691 5150 martyrium,
2726 5087 2783 5133 ut
2807 5078 3119 5135 ﬁrmaretur
3146 5096 3244 5149 per
3278 5092 3504 5136 mortem
3540 5098 3789 5140 resurre-

2197 5171 2306 5226 ctio
2335 5188 2350 5227 :
2380 5181 2437 5241 et
2474 5175 2661 5227 caeteri
2697 5187 2803 5228 non
2834 5174 3197 5231 occiduntur?
3230 5174 3336 5231 Sed
3382 5176 3556 5231 noluit
3595 5176 3785 5235 lsrael.

2198 5466 2325 5519 tabi:
2363 5484 2477 5521 nos.
2904 5484 2911 5487 '

2271 5536 2389 5609 (3}3)
2416 5537 2517 5609 pls.
2556 5536 2745 5592 Dicere
2768 5555 2829 5592 ea
2859 5554 2978 5609 quae
3009 5539 3251 5594 dicebant
3283 5540 3484 5597 Juda't’.

2272 5607 2385 5680 (βξ)
2414 5606 2515 5680 Ms.
2546 5611 2734 5680 Argnit
2760 5606 2881 5663 emit
2911 5612 3340 5676 experimentum.

2267 5676 2381 5749 (90)
2428 5676 2675 5749 Iurgare.
2706 5680 2867 5737 Forte
2900 5680 3099 5745 iurare.
