4000 6466
209 418 321 474 HM

1302 404 1393 462 DE
1445 402 2055 463 RESURRECTIONE.
2092 435 2160 445 —
2198 403 2327 459 LIB.
2364 402 2429 460 ll.

3356 408 3492 462 illi]

215 523 475 590 Quomodo
498 505 634 570 v\\\t
667 514 1067 589 Stephanum?
1090 517 1165 574 De
1204 518 1308 575 hoc
1341 520 1593 577 concedit
1631 517 1817 575 Domi-
1842 525 1891 581 Α
1918 518 2155 573 deorum
2195 516 2439 587 primarii
2472 514 2793 589 Synagogm,
2826 523 2922 573 aut
2948 516 3307 577 transferrent
3332 521 3491 575 corda

222 628 326 667 nus
354 629 375 665 ι
397 605 586 667 sumsit
628 606 746 665 hoc
792 608 861 665 ad
887 608 1192 665 victoriam.
1250 612 1533 677 Quomodo
1564 607 1812 666 concedit

225 700 581 772 Stephanum,
610 708 673 753 et
702 714 814 755 non
844 700 1093 756 concedit
1134 707 1190 755 et
1236 699 1412 755 alios?
1438 699 1507 757 Ut
1550 713 1813 771 agnosce-

222 802 382 850 retur
407 793 535 865 quia
582 801 799 848 mortua
846 802 932 849 est
973 808 1141 861 mors,
1176 802 1232 849 et
1262 795 1388 863 quia
1436 806 1533 863 per
1579 801 1810 848 mortem

220 884 480 940 ilrmatur
508 884 867 950 resurrectio;
900 892 961 940 ut
994 893 1384 955 agnosceretur
1408 884 1533 954 quia
1562 882 1695 938 vivit
1719 883 1809 951 qui

220 974 492 1031 viviﬁcat.
520 973 723 1031 Volunt
748 973 920 1031 Judaei
952 984 1008 1031 et
1054 990 1159 1031 non
1193 984 1441 1046 possunt.
1483 974 1702 1045 Moysen
1728 973 1809 1029 fa-

217 1067 464 1123 cientem
495 1066 649 1139 signa
679 1067 848 1123 voluit
898 1065 1064 1123 Israel
1108 1067 1375 1138 lapidare,
1422 1074 1481 1123 et
1522 1066 1814 1137 prophetas

216 1155 571 1219 occiderunt,
609 1163 665 1212 et
704 1155 807 1212 hoc
848 1156 922 1212 ita
956 1155 1281 1226 prohibente
1307 1155 1445 1226 lege.
1478 1154 1809 1219 Piscatores,

212 1253 527 1317 urguentes
560 1258 656 1302 eos
691 1253 744 1302 et
768 1245 1124 1316 pradicantes
1149 1243 1506 1311 Crucillxum,
1536 1257 1643 1298 non
1665 1242 1812 1298 occi-

214 1339 431 1394 derum
462 1352 480 1394 :
515 1335 804 1402 Lazarum,
834 1337 963 1409 quia
1009 1336 1310 1392 resurrexit
1356 1350 1391 1391 a
1440 1338 1812 1401 mortuis,vo-

210 1427 454 1484 luerunt
490 1427 765 1493 occidere,
815 1435 877 1482 ut
922 1425 1319 1481 mortiilcareut
1355 1425 1811 1490 admirationem;

211 1526 285 1573 et
315 1528 412 1574 eos
440 1516 533 1587 qui
571 1516 868 1583 pradicant
900 1515 1354 1572 resurrectionem
1383 1511 1533 1569 aiilxi
1564 1512 1711 1569 cruci
1746 1511 1815 1566 ah

208 1608 390 1679 ipsis,
445 1622 555 1663 non
592 1606 930 1663 occiderunt.
980 1604 1088 1661 Sed
1135 1613 1263 1676 puta
1311 1604 1437 1676 quia
1480 1601 1653 1659 Judtni
1683 1602 1812 1659 victi

208 1708 386 1756 sunt.
426 1698 815 1770 ﬂagitaverunt
864 1705 1045 1753 autent
1100 1697 1397 1767 piscatores
1440 1694 1509 1757 ad
1552 1693 1811 1750 mundum

210 1791 410 1851 exire.
436 1791 484 1848 si
518 1786 775 1848 homines
794 1789 862 1845 ad
900 1787 1164 1844 terminos
1213 1786 1399 1842 mundi
1446 1785 1565 1842 sine
1592 1783 1811 1851 litteris,

210 1881 303 1939 ad
328 1882 573 1939 eruditos
603 1879 867 1951 imperiti,
893 1879 1157 1949 ignobiles
1184 1877 1253 1932 ad
1286 1878 1583 1946 ingenuos;
1610 1874 1813 1946 cogita-
1843 1869 1887 1925 Β

154 1998 155 2001 η
212 1982 433 2032 verunt
457 1982 515 2031 et
543 1982 697 2030 tanto
734 1972 1076 2029 donaverunt
1107 1968 1222 2040 (9i)
1273 1966 1533 2039 Magistro
1575 1974 1813 2031 mortuo,

212 2082 361 2126 cum
395 2079 504 2137 quo
531 2056 590 2121 et
620 2063 775 2122 fuere
810 2083 825 2121 :
882 2072 1012 2135 puta
1066 2061 1197 2132 quia
1250 2047 1361 2131 ipsi
1415 2058 1813 2130 cogitaverunt,

216 2167 367 2231 puta
398 2158 526 2229 quia
556 2156 733 2214 vietus
757 2166 883 2212 est:
913 2152 1188 2227 quomodo
1218 2159 1409 2221 gentes
1432 2156 1814 2219 susceperunt,

216 2259 291 2309 α
341 2258 533 2323 gentes
582 2247 875 2320 discipulos
926 2244 1251 2303 audiebant“!
1313 2239 1435 2301 Non
1485 2240 1818 2297 consuetudo

220 2351 361 2401 erat
393 2350 574 2406 vetus.
628 2357 739 2399 non
786 2338 1075 2398 simulacra
1127 2336 1413 2402 adornata,
1464 2348 1575 2389 non
1619 2330 1817 2403 templa

224 2435 484 2500 excelsa.
514 2448 621 2491 non
667 2432 910 2490 sacraria
959 2445 1085 2502 quas
1132 2427 1304 2484 multo
1354 2434 1642 2483 tenuerant
1679 2435 1820 2479 tem-

224 2543 397 2601 pore,
448 2541 556 2584 non
585 2516 779 2583 versus
809 2522 1121 2598 compositi,
1168 2533 1278 2577 non
1306 2518 1558 2590 superbia
1606 2516 1823 2588 sapien-

227 2621 401 2689 tium,
437 2634 543 2676 non
578 2618 870 2675 multitudo
899 2624 1204 2688 poetarum,
1242 2627 1350 2669 non
1380 2609 1630 2667 remissio
1662 2607 1822 2664 feria-

232 2728 389 2780 rum,
424 2727 535 2770 non
570 2710 795 2769 traditio
823 2717 1136 2781 parentum,
1178 2720 1288 2762 non
1334 2702 1603 2760 mirabilia
1644 2699 1732 2755 illa
1765 2699 1821 2754 in

240 2806 569 2872 ambitione,
595 2818 716 2876 quae
744 2818 845 2875 per
880 2810 1027 2857 artes
1066 2808 1122 2874 et
1151 2797 1435 2855 machinas
1462 2804 1519 2850 et
1554 2792 1824 2863 composi-

237 2900 433 2957 tiones
470 2907 655 2954 vatum
708 2896 827 2954 deri
883 2888 1321 2952 consueverant?
1370 2886 1655 2957 Quomodo
1702 2885 1821 2942 ausi

243 3000 380 3049 sunt
412 2990 714 3063 piscatores
754 3002 823 3044 ne
852 2987 1073 3057 quidem
1114 2998 1281 3055 panes
1308 2988 1587 3053 portantes
1614 2976 1824 3049 ingredi

245 3068 469 3142 domum
498 3078 768 3152 alicujus?
794 3079 861 3137 ad
896 3092 1060 3149 quam
1102 3071 1521 3147 cognationem?
1564 3070 1632 3127 ad
1659 3080 1823 3140 quam

1911 623 2007 663 sua
2039 608 2249 679 lapidea
2294 608 2362 664 ad
2414 609 2596 674 iidem,
2629 619 2723 663 aut
2750 614 2996 666 tacentes
3041 610 3230 680 utique
3257 609 3491 666 coul‘un-

1911 704 2190 758 derentur.
2220 701 2545 758 Scribuntur
2576 700 2696 757 ista:
2736 700 3023 757 suasiones
3051 701 3105 755 in
3153 700 3489 771 uniuscujus-

1910 811 2016 867 que
2071 796 2253 865 corde,
2302 811 2409 853 non
2450 803 2802 851 atramento:
2841 810 2949 851 non
2984 795 3132 851 enim
3184 804 3492 850 atramento

1911 896 2037 945 sunt
2065 878 2227 961 digna
2272 907 2289 944 :
2336 888 2382 944 si
2415 888 2545 959 quid
2595 898 2775 942 autem
2820 902 2946 943 cum
2977 888 3028 943 vi
3077 886 3338 957 loquitur,
3381 869 3492 942 noli

1912 980 2025 1052 pati
2063 982 2383 1038 mentientes
2402 978 2516 1053 (95)
2550 998 2565 1036 :
2598 989 2652 1036 et
2679 980 2725 1036 si
2751 980 3019 1035 donamus
3057 978 3261 1050 aliquid
3285 993 3493 1035 sermo-

1914 1072 1992 1137 ni,
2043 1070 2212 1128 nolite
2260 1070 2467 1128 seduci.
2522 1070 2580 1128 Si
2628 1080 2809 1127 autem
2855 1071 2972 1129 sole
3009 1070 3240 1127 clariora
3277 1071 3494 1142 negotia

1913 1175 2061 1230 sunt,
2108 1164 2277 1222 nolite
2329 1164 2446 1220 lieri
2496 1163 2645 1221 ccci.
2698 1164 2887 1221 Videte
2920 1164 3209 1220 Dominum
3237 1160 3420 1219 Jesutn
3460 1178 3492 1217 a

1913 1257 2143 1313 mortuis
2167 1265 2561 1329 resurgentem.
2592 1257 2788 1314 Videte
2816 1271 2940 1313 eum
2976 1256 3043 1311 ad
3072 1256 3354 1311 dexteram
3390 1252 3496 1307 Pa-

1914 1350 2015 1407 tris
2048 1365 2170 1406 cum
2202 1348 2373 1421 gloria
2414 1348 2717 1407 sedentem.
2750 1347 2955 1418 Quibus
2981 1348 3200 1405 oculis?
3220 1346 3497 1418 apostolo-

1914 1455 2034 1495 rum
2073 1440 2274 1512 quippe
2302 1439 2518 1496 illorum
2558 1440 2779 1507 virtute,
2807 1439 3311 1497 illorumscieutla.
3343 1436 3493 1511 Quo-

1916 1532 2076 1588 modo
2104 1533 2339 1603 susceptl
2386 1520 2550 1588 sunt?
2574 1533 2843 1603 quomodo
2881 1532 3146 1588 creditum
3192 1525 3319 1588 est?
3357 1544 3496 1601 quo-

1916 1624 2076 1680 modo
2097 1626 2373 1681 destructa
2404 1632 2534 1681 sunt
2575 1626 2837 1680 veterna?
2875 1624 3147 1695 quomodo
3189 1620 3496 1682 introducta

1915 1731 2037 1787 quae
2075 1718 2128 1773 in
2162 1717 2547 1789 pradicatione
2589 1725 2751 1773 erant
2783 1725 3039 1788 tanquam
3072 1712 3396 1772 inhonesta?
3429 1711 3499 1768 Et

1917 1817 2063 1864 certe
2094 1813 2261 1865 multa
2316 1818 2473 1872 erant
2500 1808 2888 1881 impedimenta
2921 1807 3061 1881 apud
3104 1823 3233 1871 eos;
3266 1818 3499 1863 consue-

1917 1899 2045 1954 tudo
2065 1914 2187 1971 que
2204 1902 2495 1971 putabatur
2514 1910 2693 1968 vetus,
2716 1902 3001 1972 imperium
3016 1899 3492 1964 adversariorum,

1917 1992 2167 2049 remissio
2199 1990 2560 2060 feriarum,et
2588 2008 2654 2051 ea
2689 2009 2813 2065 qua
2834 1993 3203 2066 particulatim
3236 1990 3498 2065 pradictn

1916 2090 2041 2141 sunt
2067 2102 2082 2139 :
2106 2085 2178 2141 ab
2208 2100 2275 2141 eo
2306 2096 2489 2141 autem
2531 2086 2626 2158 qui
2656 2085 3059 2159 pradicahatur
3082 2102 3240 2150 crux,
3265 2095 3323 2143 et
3353 2086 3500 2157 quod

1917 2178 1970 2232 in
1999 2191 2067 2233 eo
2094 2186 2215 2234 erat
2266 2177 2589 2235 incredibile
2637 2188 2694 2236 et
2741 2180 2864 2236 sine
2902 2180 3130 2237 honore.
3176 2178 3498 2235 Praeconium

1918 2280 2100 2325 autem
2117 2267 2379 2339 abjectio,
2409 2271 2749 2341 ignobilitas,
2781 2271 2927 2328 nulla
2958 2270 3233 2335 doctrina,
3258 2279 3499 2343 egestas,

1920 2374 2182 2416 numerus
2208 2374 2427 2431 parvus.
2461 2361 2545 2419 Ab
2572 2361 2692 2434 ipsa
2730 2374 2913 2419 autem
2946 2361 3335 2434 pradicatione
3360 2359 3504 2431 jeju-

1920 2452 2071 2506 nium
2114 2450 2214 2522 pro
2244 2452 2534 2518 ebrietate,
2564 2454 2827 2524 pudicitia
2875 2468 2976 2526 pro
3014 2452 3260 2518 libidine,
3297 2452 3506 2507 donare

1920 2558 2019 2600 sua
2054 2559 2217 2614 quam
2265 2560 2481 2618 rapere.
2527 2545 2587 2604 Si
2622 2546 2791 2621 igitur
2840 2547 2932 2619 qui
2974 2545 3381 2619 praedicabatur
3422 2543 3507 2599 iu-

1922 2636 2296 2694 credulitatem
2356 2638 2598 2695 habebat
2666 2647 2889 2710 propter
2948 2636 3325 2708 impotentiam
3383 2648 3507 2707 qua:

1922 2729 2213 2799 putabatur
2235 2729 2438 2813 erucis,
2479 2739 2537 2785 et
2576 2728 2669 2800 qui
2700 2724 3076 2801 prsid'icabant
3104 2728 3287 2786 omnia
3321 2727 3506 2787 int-re-

1922 2820 2143 2889 dibilia;
2172 2822 2309 2889 _adde
2349 2832 2534 2879 autem
2566 2831 2622 2881 et
2642 2818 3079 2896 persecutionem
3111 2823 3351 2894 ipsorum
3377 2836 3506 2877 cum

1924 2911 2265 2982 vapularent,
2304 2928 2428 2974 cum
2479 2911 2706 2985 injurias
2760 2913 3115 2979 sustinerent,
3152 2927 3279 2969 cum
3333 2911 3512 2969 reclu-

1926 3000 2182 3058 derentur
2226 3013 2285 3060 et
2333 3000 2811 3069 interﬁcerentur;
2872 3001 2922 3058 si
2963 3002 3057 3073 qui
3108 3001 3512 3072 praedicabatur

1926 3090 2250 3150 interfectus
2284 3102 2390 3160 est,
2420 3094 2514 3165 qui
2545 3093 2843 3166 pradicant
2869 3092 3297 3160 interﬁciuntur,
3318 3103 3376 3148 et
3410 3092 3509 3164 qui

245 3175 484 3233 Ιίωίιθω
536 3172 816 3244 ιῖιιειιεηιτ
858 3161 926 3226 ἀεί
978 3184 1140 3264 qna"?
1175 3167 1453 3264 θίνίίθξθω
1499 3172 1558 3219 ⁸⁸
1604 3163 1824 3264 dam“?
1852 3203 1898 3264 ο
1929 3185 2162 3241 credunt
2206 3161 2639 3256 persecutionem
2689 3183 2981 3242 sustinent.
3030 3184 3190 3242 Unde
3221 3161 3511 3240 creditur?

247 3266 681 3341 agnoscentem?
720 3264 826 3322 Sed
865 3262 1176 3335 predicatio
1204 3272 1327 3317 erat
1352 3260 1603 3315 honesta.
1640 3254 1829 3312 Cruci-

248 3362 395 3419 ilxus
423 3357 848 3430 praedicabatur,
878 3366 933 3412 et
963 3355 1054 3425 qui
1083 3353 1456 3425 pradicahant
1488 3349 1750 3414 humiles,
1774 3355 1831 3403 et

251 3452 454 3522 quibus
492 3448 895 3523 praedicabatur
931 3445 1192 3518 pr‘aventi
1238 3452 1418 3502 erant.
1452 3444 1607 3498 Nunc
1637 3455 1830 3497 ascen-

250 3546 348 3604 dat
400 3544 522 3615 quls
567 3542 635 3597 ad
676 3539 961 3609 templum,
1009 3538 1158 3594 dicat
1184 3535 1331 3608 quod
1371 3549 1558 3591 verum
1588 3541 1675 3589 est
1705 3531 1831 3602 quia

250 3651 360 3695 non
405 3642 533 3691 sunt
574 3633 650 3688 dii
685 3630 895 3700 lapides
927 3648 941 3686 :
980 3629 1026 3686 si
1055 3628 1294 3700 potuerit
1343 3625 1691 3681 dinumerare
1734 3634 1833 3677 eos

253 3727 351 3800 qui
383 3727 669 3782 adversum
714 3738 773 3779 se
806 3722 1105 3793 iaciuntur._
1140 3719 1200 3775 Si
1246 3729 1427 3775 autem
1460 3730 1640 3787 reges,
1675 3725 1834 3771 exer-
1888 3744 1891 3747 -

254 3820 397 3878 citus
423 3828 481 3874 et
517 3816 664 3888 leges
698 3830 797 3885 pro
836 3812 1102 3883 religione
1133 3819 1283 3879 sunt,
1312 3818 1367 3866 et
1390 3808 1677 3864 multitudo
1703 3806 1835 3863 iide-

252 3911 410 3976 lium,
436 3918 601 3965 tanta:
628 3908 790 3963 mina:
823 3906 1111 3963 adversum
1136 3920 1234 3962 eos
1256 3905 1348 3975 qui
1378 3904 1495 3960 huc
1527 3918 1633 3959 non
1662 3901 1838 3958 susci—

254 4006 432 4077 piunt,
474 4002 651 4057 nullus
679 4015 846 4057 ausus
879 4008 965 4055 est
1000 4014 1017 4054 :
1072 4008 1129 4055 et
1172 3997 1223 4055 si
1276 3995 1442 4053 fuerit
1494 4009 1686 4059 ausus,
1728 4008 1835 4048 non

256 4100 423 4155 vivet.
487 4097 545 4152 Si
599 4096 820 4160 dixerit,
874 4095 962 4150 isti
1019 4093 1095 4150 dii
1159 4106 1267 4149 non
1308 4102 1437 4148 sunt
1476 4090 1573 4155 dii,
1636 4090 1735 4144 sed
1792 4086 1838 4144 si

262 4210 409 4252 nunc
434 4192 547 4265 (92)
576 4192 649 4246 ita
686 4200 1051 4260 repetentem,
1080 4188 1204 4244 vide
1232 4201 1354 4259 qua
1376 4193 1495 4243 erat
1523 4184 1698 4239 virtus
1724 4182 1843 4238 sine

259 4288 348 4345 his
372 4264 485 4358 (93)
517 4284 610 4355 qui
647 4282 952 4339 circuibant
995 4264 1255 4336 mundum
1307 4296 1322 4333 :
1374 4288 1431 4334 et
1475 4277 1662 4333 dicunt
1713 4274 1843 4346 quia

261 4384 369 4439 ista
396 4394 504 4436 non
550 4386 676 4434 sunt
705 4391 827 4447 quae
855 4384 1141 4447 apparent,
1174 4386 1352 4443 neque
1405 4371 1508 4427 ista
1562 4378 1840 4438 putantur,

262 4487 441 4546 neque
491 4472 581 4529 illa
610 4485 734 4543 quae
774 4468 1047 4541 sapientes
1078 4464 1266 4523 dicunt
1317 4472 1411 4520 aut
1439 4472 1611 4535 poetae
1636 4458 1844 4516 conlin-

1929 3275 1999 3330 ab
2025 3274 2177 3347 ipso.
2214 3289 2245 3329 a
2273 3274 2389 3331 suis
2416 3274 2904 3345 prcdicatoribusi
2931 3273 3003 3331 ab
3021 3273 3111 3331 his
3134 3274 3225 3345 qui
3256 3288 3514 3343 suscepe-

1930 3366 2098 3422 runt?
2122 3365 2232 3439 Sed
2260 3381 2329 3423 ex
2363 3366 2758 3424 consuetudine
2798 3382 2921 3438 qua
2944 3367 3222 3424 contraria
3254 3380 3512 3438 suggere-

1930 3458 2064 3515 bat?
2088 3459 2184 3516 sed
2207 3461 2279 3517 ab
2308 3459 2614 3518 acerbitate
2644 3459 3051 3531 praedicationis
3080 3458 3166 3516 cui
3192 3456 3514 3515 adversaba-

1933 3557 2023 3605 tur
2054 3549 2273 3619 requies
2295 3564 2415 3622 qua:
2442 3550 2494 3605 in
2528 3547 2711 3606 Veteri
2755 3559 2879 3606 erat
2909 3547 3262 3607 Testamento
3286 3549 3516 3620 permis-

1932 3657 1994 3698 sa
2025 3642 2178 3717 (96)?
2202 3644 2297 3700 sed
2321 3658 2361 3700 .a
2385 3642 2879 3714 promissionibus?
2908 3644 3154 3700 Mortuus
3173 3650 3281 3707 est,
3313 3640 3515 3711 inquit.

1933 3736 2178 3812 quidam,
2210 3724 2273 3793 et
2310 3736 2607 3814 resurrexit
2627 3734 2953 3806 aliquando;
2984 3744 3041 3791 et
3066 3733 3370 3806 persecutio
3393 3730 3517 3803 qui-

1933 3826 2057 3883 dem
2102 3827 2314 3895 aderat,
2364 3827 2757 3898 promissiones
2801 3836 2983 3901 autem
3014 3825 3352 3884 dicebantur.
3404 3821 3517 3879 Sed

1936 3926 2096 3987 putas
2142 3925 2513 3987 provenerunt
2561 3916 2685 3983 ista,
2727 3924 2785 3971 et
2814 3908 3122 3973 suaserunt
3151 3912 3424 3985 discipuli,
3461 3922 3517 3991 et

1939 4007 2237 4063 translatus
2261 4014 2347 4064 est
2376 4007 2633 4083 mundus,
2672 4016 2729 4064 et
2756 4006 2927 4064 Judaei
2958 4004 3285 4064 cessarunt?
3312 4004 3519 4076 lmpos.

1939 4095 2118 4152 sibilia
2162 4096 2306 4153 facta
2338 4105 2467 4151 sunt
2506 4094 2813 4167 possibilia,
2842 4104 2899 4151 et
2941 4096 3138 4151 iterum
3166 4092 3389 4149 silentio
3416 4109 3432 4148 :
3464 4102 3521 4149 et

1939 4188 1989 4244 si
2021 4186 2247 4244 fortuitu
2290 4187 2426 4261 (97).
2458 4187 2516 4244 Si
2567 4198 2749 4244 autem
2794 4187 3048 4258 prtedixit
3095 4200 3160 4243 ea
3205 4183 3368 4241 Jesus
3394 4196 3522 4240 ante

1941 4294 2181 4346 crucem,
2212 4280 2443 4353 perfecit
2478 4289 2659 4336 autem
2699 4288 2821 4350 post
2855 4293 3097 4342 crucem,
3131 4277 3263 4355 quid
3297 4292 3403 4333 nou
3435 4276 3522 4329 vi-

1942 4370 2134 4428 demus
2163 4373 2231 4426 ad
2282 4372 2476 4437 solem,
2522 4371 2613 4428 ubi
2650 4382 2705 4426 et
2754 4370 3042 4443 praedixit?
3087 4368 3188 4426 Ubi
3217 4371 3364 4425 enim
3413 4385 3524 4426 non

1943 4461 2231 4531 praedixit?
2257 4461 2315 4518 Si
2361 4462 2485 4533 quis
2529 4470 2710 4517 autem
2741 4466 3020 4517 scrutatus
3054 4460 3219 4517 fuerit
3258 4460 3378 4531 ejus
3404 4475 3527 4517 ser-

262 4575 398 4639 gunt
444 4575 501 4621 et
540 4578 661 4635 qua:
689 4563 1008 4634 loquuntur.
1046 4559 1381 4616 Mentiuntur
1413 4554 1652 4612 sacraria
1684 4569 1700 4607 ε
1733 4566 1838 4607 non
1869 4556 1916 4614 D
1949 4569 2156 4619 mones.
2183 4568 2291 4611 non
2330 4563 2416 4611 est
2462 4557 2581 4623 eius
2625 4568 2830 4616 sermo.
2860 4555 2914 4610 in
2943 4569 3053 4626 quo
3087 4568 3192 4610 non
3224 4564 3308 4610 est
3341 4554 3529 4611 statim

262 4676 395 4717 vera
450 4659 705 4715 dicuntur
745 4654 1181 4711 vaticinationes.
1221 4648 1529 4705 Praemissio
1576 4644 1690 4715 (9‘)
1722 4643 1839 4713 ipsa

264 4766 470 4809 nocens
497 4763 670 4807 et.ars
712 4748 936 4805 mentita
965 4758 1070 4802 est.
1095 4742 1319 4812 Templa
1358 4740 1497 4795 male
1525 4744 1839 4795 constructa

263 4851 415 4909 sunt,
437 4841 676 4898 recedite
698 4854 730 4895 a
771 4838 1013 4911 paternis
1040 4847 1097 4892 et
1138 4835 1341 4892 credite
1380 4830 1674 4889 Cruciiiso.
1705 4820 1839 4896 Quis

264 4945 428 5007 putas
457 4934 530 4990 ita
575 4934 848 5005 lapideum
877 4930 1043 4987 habet
1070 4928 1203 4985 cor?
1232 4928 1344 4989 Ego
1387 4934 1515 4997 puto
1544 4922 1668 4992 quia
1709 4930 1765 4975 et
1793 4921 1841 4975 si

269 5026 550 5101 gentilium
581 5026 821 5096 ipsorum
858 5022 1076 5095 quidem
1114 5022 1365 5077 adessent
1391 5018 1620 5089 priores,
1650 5023 1706 5069 et
1742 5011 1839 5067 Ju-

340 5166 389 5201 ⁸⁸
408 5164 601 5222 Matth.
628 5180 705 5230 tv,
729 5164 816 5221 l9.

348 5305 461 5378 (91)
500 5303 671 5361 Tanto
692 5301 1016 5378 donaverunt
1025 5344 1048 5378 ._
1061 5298 1335 5378 lf‘urle,__Et
1357 5309 1504 5351 tanta
1525 5297 1847 5378 detruserunt

272 5367 570 5498 mugisiro;
598 5385 661 5429 nt
679 5386 840 5443 supra
868 5373 973 5427 col.
995 5370 1131 5427 1106
1154 5368 1217 5438 Β,
1244 5367 1433 5424 Petrus
1455 5369 1631 5422 omnia
1647 5368 1850 5419 donans

272 5462 441 5498 mnta
468 5462 546 5498 νο.

269 5462 546 5514 magistro.

347 5515 478 5587 (92)
501 5512 605 5570 Sed
632 5514 676 5568 si
688 5527 879 5587 quit.
917 5509 1192 5573 Fortasse,
1224 5511 1319 5587 sed
1361 5510 1405 5563 si
1430 5524 1575 5587 nunc
1600 5507 1679 5560 ita
1705 5521 1854 5587 τεμεῖ

279 5579 404 5641 (ei?
431 5579 482 5639 id
503 5595 587 5641 est
610 5584 739 5653 quid
774 5583 821 5637 si
862 5584 967 5636 ista
991 5595 1096 5636 non
1132 5580 1323 5647 setnel,
1350 5580 1453 5635 sed
1476 5579 1673 5632 iterum
1712 5585 1852 5645 apud

274 5653 766 5729 φαίδρω-αἰωνίιῖ

354 5715 635 5797 (115)-οω
663 5733 775 5777 erat
800 5722 965 5797 uirtus
989 5720 1231 5797 amcitia.
1260 5718 1422 5774 Forte
1448 5731 1564 5789 quis
1590 5724 1704 5771 erat
1742 5715 1847 5770 vir-

281 5790 374 5849 σπη’
388 5790 455 5846 ἧκ’
472 5794 574 5861 Itis,
603 5806 799 5859 nempe
829 5791 897 5861 in,
914 5790 1187 5861 apostolis.

354 5863 466 5929 191)
510 5860 828 5918 Pramtissio.
863 5860 1022 5917 Forte
1055 5864 1350 5930 promissio.

1944 4657 1999 4705 et
2022 4648 2358 4719 praedicatio.
2384 4647 2693 4705 Piscatores
2719 4647 2865 4704 enim
2896 4647 3205 4703 nominavit
3233 4646 3531 4717 discipulos

1944 4755 2120 4797 suos:
2162 4740 2215 4795 in
2262 4755 2331 4797 eo
2377 4740 2507 4796 dum
2542 4751 2768 4797 vocaret
2802 4740 3120 4809 piscatores,
3168 4739 3528 4810 piscationem

1943 4830 2290 4887 annuntiavit
2347 4828 2527 4900 Ipsum
2557 4830 2704 4886 enim
2751 4843 2972 4896 nomen,
3008 4827 3411 4899 pradicatiouis
3447 4836 3535 4884 est

1947 4922 2300 4993 nuncupatio.
2349 4922 2578 4978 Vocavit
2627 4936 2725 4978 eos
2777 4922 3078 4991 piscatores
3125 4920 3410 4975 hominum
3461 4919 3531 4974 ad

1945 5013 2176 5071 salutem
2201 5013 2271 5070 ⁸⁸.
2302 5013 2504 5071 Piscati
2531 5025 2660 5070 sunt
2688 5028 2892 5069 autem.
2919 5011 2980 5068 Si
3008 5028 3115 5068 non
3148 5022 3275 5068 sunt
3310 5010 3527 5083 piscati,

2028 5290 2142 5363 (95)
2184 5290 2283 5363 ξε.
2314 5288 2496 5363 Nolite
2498 5290 2631 5363 _pati
2657 5287 2982 5363 mentientes.

2028 5358 2141 5431 (96)
2187 5359 2470 5431 germina.
2498 5358 2963 5431 Furtepromt'ssn.

2030 5420 2145 5503 (97)
2185 5430 2255 5484 Et
2284 5432 2476 5503 iteru_nt
2504 5420 2714 5503 silentio
2746 5443 2779 5503 _:_
2801 5436 2850 5480 et
2892 5426 2938 5480 st'
2964 5422 3209 5503 fortuitu.
3244 5420 3528 5503 Sententia

1959 5490 2177 5559 videtur
2204 5514 2326 5555 esse
2360 5517 2373 5553 :
2401 5499 2466 5554 Et
2502 5499 2701 5552 iterum
2728 5498 2899 5560 dices,
2917 5490 3043 5563 quid
3072 5494 3117 5546 si
3142 5493 3257 5563 haec
3284 5490 3527 5563 silentio,

1961 5573 2016 5648 id
2048 5582 2133 5648 est
2160 5571 2298 5626 clam
2329 5579 2383 5624 et
2416 5568 2650 5627 obscure
2669 5561 3103 5648 peracta-sunt?
3126 5561 3331 5648 quidsi
3360 5564 3530 5615 etiam

1963 5643 2189 5697 fortuito
2221 5649 2277 5696 et
2312 5650 2512 5692 temere
2555 5631 2935 5708 contigerunt?
2978 5631 3311 5708 Respondet,
3340 5640 3547 5708 neque

1955 5714 2096 5767 clam
2126 5725 2247 5766 esse
2279 5717 2518 5777 peracta,
2568 5700 2786 5777 quisid
2810 5705 3003 5777 solem,
3039 5700 3227 5777 id_est_
3268 5700 3444 5777 palam
3476 5711 3532 5756 et

1955 5782 2140 5850 aperte
2170 5768 2319 5850 gesta
2348 5768 2513 5850 sunt;
2534 5768 2709 5846 neque
2762 5774 3003 5841 fortuito,
3038 5773 3171 5843 quia.
3213 5768 3328 5832 huic
3371 5768 3531 5829 Iesus

1955 5849 2123 5908 multo
2150 5849 2276 5906 ante
2302 5849 2646 5912 praedixerat.
