4000 6424
580 384 699 438 illi

1236 377 1508 436 EUSEBU
1543 374 2022 434 CESARIENSIS
2057 377 2144 435 ΟΡ

2247 376 2429 436 PARS
2464 376 2556 437 IV.
2593 408 2665 420 —
2702 370 3122 433 DOGIIATICA.

3678 365 3811 423 in!

574 494 831 551 mentitus
851 502 937 553 est
956 500 1012 548 et
1040 500 1305 547 mortuus.
1336 491 1395 547 Si
1420 502 1600 546 autem
1626 499 1681 546 et
1714 492 1964 546 absentes
1985 505 2128 546 nunc
2156 497 2204 557 Α
2231 494 2615 560 medicabitur
2638 502 2689 547 et
2728 492 2825 544 Itoc
2862 490 3003 553 quod
3033 484 3152 554 fecit
3175 488 3279 539 ista
3311 482 3379 537 ".
3411 479 3481 536 Et
3508 492 3686 550 parvp
3714 475 3801 531 illa

576 602 742 656 usque
766 586 1043 656 piscantur
1073 582 1340 647 homines,
1363 597 1538 637 nonne
1577 591 1799 652 apparet
1821 583 1947 651 quia
1978 583 2131 638 adest

574 678 664 747 qui
711 676 859 732 misit
889 676 1188 745 piscatores
1224 674 1290 728 ad
1338 673 1698 743 piscanduml
1747 672 1815 729 Et
1860 689 1984 729 cum
2026 674 2136 730 sint

574 773 844 835 absentes,
877 769 1022 825 sales
1050 782 1146 824 eos
1176 766 1465 837 appellavit
1490 767 1558 824 ⁸⁷.
1602 767 1660 821 Si
1694 782 1800 821 non
1829 775 2137 821 statuerunt

574 869 815 919 nostram
861 859 1232 931 putredinem,
1276 856 1323 911 si
1389 873 1495 912 non
1540 858 1879 913 deterserunt
1925 867 2137 911 nostras

576 953 783 1019 sordes,
814 951 858 1006 si
890 965 995 1005 non
1036 949 1467 1004 emundaverunt
1493 956 1706 1003 nostras
1741 946 2054 1017 spurcitias,
2090 944 2137 1001 si

578 1060 683 1099 non
714 1044 1053 1099 immiserunt
1093 1039 1145 1095 in
1181 1040 1338 1097 nobis
1381 1053 1657 1110 saporem,
1692 1052 1798 1093 non
1845 1037 1954 1093 sint
1993 1036 2137 1107 quod

576 1135 704 1189 dicti
732 1143 876 1195 sunt.
914 1132 973 1188 Si
996 1142 1179 1189 autem
1204 1149 1234 1188 a
1262 1132 1537 1202 spurcitiis
1572 1144 1670 1186 nos
1701 1138 1757 1183 et
1787 1128 1980 1186 fmtore
2004 1129 2139 1185 lihe-

576 1234 783 1291 rarunt,
823 1232 1133 1281 statuerunt
1171 1234 1352 1280 autem
1384 1232 1600 1279 nostras
1644 1222 1996 1282 deﬂuxiones.
2048 1222 2141 1277 de-

576 1326 852 1374 terserunt
886 1326 1105 1373 nostras
1139 1316 1350 1383 sordes,
1377 1316 1532 1371 suavi
1579 1326 1759 1371 autem
1794 1316 1963 1371 odore
1998 1314 2139 1385 pleni

575 1422 761 1463 sumus
794 1421 891 1477 per
920 1407 1062 1471 illos,
1092 1415 1148 1460 et
1172 1418 1359 1461 sumus
1387 1419 1513 1463 esca
1544 1404 1721 1460 divina
1757 1422 1772 1460 :
1804 1404 2139 1477 reprehendo

578 1497 1033 1567 pmdicationem,
1071 1496 1116 1551 si
1157 1495 1423 1551 concedet
1466 1493 1559 1548 tibi
1591 1495 1767 1550 exitus
1806 1509 2019 1549 rerum.
2053 1492 2141 1548 Pi-

576 1600 823 1645 scalores
871 1587 1011 1643 sales
1043 1601 1138 1643 eos
1172 1586 1310 1642 dixit
1346 1593 1400 1642 et
1427 1584 1692 1641 exhibuit.
1739 1584 1980 1653 Denique
2005 1593 2059 1639 et
2088 1583 2140 1637 in

580 1679 691 1735 alia
716 1678 1097 1749 praedicatione
1119 1677 1301 1733 lumen
1320 1691 1418 1734 eos
1445 1676 1571 1731 facit
1592 1685 1649 1733 et
1669 1675 1798 1731 dicit
1832 1692 1849 1730 :
1895 1671 1995 1730 Vos
2019 1676 2142 1730 estis

577 1770 751 1826 lumen
779 1770 1045 1824 mundi”.
1068 1767 1378 1825 Piscatores
1404 1768 1619 1837 privati,
1644 1765 1927 1837 ignobiles,
1957 1766 2136 1837 egeni,

2230 588 2445 643 occasio
2476 583 2737 656 unguenti
2789 590 2995 638 tantam
3041 575 3466 648 magnitudinem
3506 567 3811 627 introduxit

2230 676 2636 755 pradicationis
2663 694 2678 731 :
2711 684 2766 729 et
2787 675 2989 729 dictum
3020 681 3103 726 est
3130 668 3258 739 quia
3284 677 3398 723 toto
3436 665 3649 722 mundo
3678 677 3792 755 pra:

2232 753 2499 825 dicabitur
2537 782 2737 823 nomen
2778 781 2977 829 meum,
3011 774 3067 819 et
3113 762 3261 817 illius
3302 757 3553 815 mulieris
3579 753 3815 810 lususia

2237 863 2557 919 memoriam
2604 861 2732 917 erit.
2760 858 2892 927 Qua
2926 855 3224 913 auctoritas
3257 853 3414 909 istius
3447 848 3643 906 vocis?
3680 844 3816 914 Quid

2234 956 2380 1011 enim
2423 953 2553 1009 dicit
2597 951 2689 1022 qui
2726 961 2971 1005 mortuus
3004 956 3089 1004 est
3137 955 3261 1017 post
3296 954 3530 1001 mortem
3588 943 3682 999 his
3728 938 3815 1009 qui

2235 1042 2635 1114 predlcarunt?
2669 1039 2826 1097 Exite
2858 1039 2928 1094 ad
2971 1038 3274 1092 uniuersum
3320 1036 3603 1091 mundum.
3651 1032 3818 1095 Dixit.

2235 1144 2328 1191 aut
2366 1149 2477 1190 non
2523 1132 2697 1189 dixit?
2742 1132 2801 1188 Si
2859 1147 2965 1188 non
3021 1129 3176 1197 dixit,
3228 1129 3499 1199 quomodo
3554 1136 3820 1182 exeuntes

2238 1225 2584 1297 perfecerunt
2600 1239 2723 1295 quae
2745 1221 2944 1293 jussit?
2964 1221 3235 1294 quomodo
3251 1219 3486 1291 suspecti
3506 1228 3643 1273 sunt
3668 1216 3820 1287 (99)!

2237 1318 2508 1392 quomodo
2528 1320 2621 1389 qui
2649 1324 2897 1373 mortuus
2925 1322 3027 1382 est,
3058 1323 3305 1369 mortuus
3331 1310 3446 1368 est?
3472 1311 3583 1372 Ite.
3616 1311 3820 1372 docete,

2240 1410 2437 1480 inquit,
2466 1424 2648 1463 omnes
2677 1416 2853 1477 gentes
2875 1421 2895 1460 :
2927 1420 2962 1460 o
2992 1405 3138 1475 regia
3166 1417 3296 1467 vox,
3328 1416 3363 1457 o
3389 1401 3635 1457 tenentis
3666 1416 3823 1454 mun-

2239 1501 2365 1557 dum
2416 1499 2737 1569 promissio!
2778 1496 2885 1564 Ite,
2926 1498 3104 1551 docete
3142 1510 3322 1549 omnes
3354 1502 3551 1563 gentes.
3588 1490 3825 1559 Quantis

2241 1592 2378 1648 dicis
2413 1579 2548 1653 haec.
2580 1605 2616 1646 o
2652 1588 2915 1645 Domine?
2946 1586 3241 1642 Duodecim
3291 1583 3604 1640 hominibus
3637 1582 3707 1637 ad
3739 1582 3824 1636 in-

2242 1681 2632 1738 numerabilem
2665 1679 2915 1750 pupulum
2942 1694 2956 1733 :
2993 1687 3044 1733 et
3074 1678 3336 1743 baptisate
3368 1691 3457 1731 eos
3485 1674 3557 1739 ³³,
3598 1674 3822 1744 inquit;

2242 1782 2298 1830 et
2324 1771 2571 1827 fecerunt
2612 1787 2734 1841 quae
2782 1762 3045 1825 videmus.
3091 1768 3290 1824 lterum
3319 1782 3453 1823 sane
3483 1777 3826 1835 comparans

580 1863 756 1919 lumen
810 1859 994 1917 mundi
1041 1860 1309 1915 dicuntur.
1362 1857 1560 1912 Domus
1604 1856 1750 1913 enim
1800 1856 1847 1913 si
1893 1856 2140 1923 dixisset,

2244 1862 2525 1936 parabolas
2547 1863 2790 1933 praedicit
2815 1880 2829 1918 :
2860 1861 3049 1918 Simile
3067 1870 3144 1916 est
3170 1875 3387 1930 regnum
3412 1858 3696 1921 sclorum,
3722 1855 3825 1911 hoe

576 1969 685 2012 non
710 1960 855 2008 esset
884 1965 1157 2021 magnum,
1187 1951 1232 2005 si
1252 1949 1343 2002 via
1379 1946 1603 2016 alicujus
1626 1961 1732 2002 non
1754 1954 1922 2002 esset.
1952 1947 2142 2001 Adhuc

578 2046 775 2116 maius.
807 2043 1061 2101 Civitatis
1099 2042 1244 2097 enim
1275 2039 1432 2095 unius
1466 2039 1511 2095 si
1538 2038 1782 2094 dixisset.
1812 2038 1920 2095 Sed
1956 2039 2138 2094 lumen

575 2151 671 2197 eos
703 2153 824 2195 esse
854 2152 958 2193 non
985 2144 1071 2193 est
1108 2133 1422 2191 incredibile
1464 2132 1701 2187 nationis
1728 2131 1954 2203 integra
1992 2148 2007 2186 :
2046 2132 2141 2186 sed

577 2231 786 2295 mundi,
838 2228 1035 2301 inquit,
1080 2227 1212 2283 estis
1245 2227 1447 2281 lumen.
1492 2223 1548 2280 Si
1598 2224 1735 2279 dixit
1780 2238 2053 2293 magnum,
2089 2230 2145 2277 et

580 2337 687 2378 non
734 2320 863 2377 fecit
891 2319 1207 2386 maximum,
1243 2331 1376 2372 num
1413 2316 1669 2371 mentitus
1698 2323 1785 2371 est
1815 2312 2054 2384 aliquid?
2084 2311 2141 2368 Si

579 2424 758 2469 autem
789 2412 922 2467 dicit
964 2422 1178 2479 magna,
1219 2416 1479 2478 operatur
1520 2418 1696 2462 autem
1740 2406 1967 2474 majora,
2013 2404 2143 2475 quid

580 2503 841 2560 faciemus
870 2500 938 2555 de
963 2499 1049 2555 his
1074 2514 1195 2569 qua:
1238 2496 1527 2552 videntur?
1566 2495 1710 2550 Dicit
1738 2495 1897 2550 Petro
1931 2512 1945 2548 :
1975 2493 2056 2549 Tu
2087 2510 2143 2549 es

580 2592 795 2658 Petrus,
825 2601 877 2647 et
904 2606 1060 2660 super
1089 2590 1247 2643 istant
1287 2596 1491 2658 petram
1530 2587 1803 2655 cdi/icabo
1844 2584 2139 2640 Ecclesium

580 2700 747 2739 meam
778 2681 845 2736 ".
876 2681 1035 2737 Certe
1061 2679 1452 2735 aedificaturum
1488 2692 1547 2733 se
1576 2677 1922 2747 promittebat
1954 2676 2145 2732 Eccle-

581 2776 717 2831 sium
762 2788 941 2828 suam.
974 2772 1033 2827 Si
1067 2785 1170 2824 non
1200 2769 1505 2831 aedificavit,
1544 2776 1792 2823 mortuus
1817 2776 1919 2823 est.
1956 2766 2013 2823 Si
2049 2782 2144 2821 au-

580 2874 686 2921 tem
716 2861 1007 2919 aedificavit
1029 2859 1119 2930 qui
1157 2874 1259 2912 non
1298 2858 1449 2921 vivit,
1477 2858 1661 2912 dicunt
1688 2858 1956 2927 quomodo
1978 2856 2144 2911 sedili-

578 2957 723 3012 cavit
770 2974 783 3010 :
835 2954 929 3011 sed
978 2950 1287 3015 aedificavit,
1340 2949 1471 3005 nihil
1522 2958 1704 3004 autem
1746 2948 1989 3003 addidit?
2048 2947 2143 3004 sed

580 3047 739 3101 dicit:
760 3056 807 3100 et
827 3053 992 3112 porta:
1014 3043 1172 3111 inferi
1196 3057 1296 3095 non
1310 3039 1659 3110 prwoalebunt
1677 3040 1925 3093 adversus
1945 3054 2056 3093 eam
2071 3038 2141 3093 ”.

2239 1966 2320 2011 est
2362 1955 2675 2025 praedicatio
2731 1956 2856 2021 ista,
2907 1958 3163 2020 fermento
3207 1953 3276 2007 ⁸⁸.
3320 1950 3635 2008 Secundum
3689 1948 3826 2019 quid

2239 2045 2602 2104 fermentum?
2650 2044 2774 2115 quia
2817 2055 2874 2101 et
2923 2045 3193 2100 fermento
3228 2043 3439 2099 modico
3489 2057 3522 2096 a
3590 2041 3826 2097 muliere

2239 2136 2293 2191 in
2328 2134 2495 2190 multa
2529 2135 2908 2205 conspersione
2964 2133 3313 2200 abscondito,
3370 2132 3548 2203 ipsum
3598 2130 3825 2201 quidem

2240 2243 2343 2283 non
2376 2230 2699 2283 obscuratur
2731 2242 2759 2281 a
2788 2227 3195 2296 conspersione,
3222 2226 3319 2281 sed
3348 2239 3473 2280 cum
3514 2226 3591 2278 sit
3622 2236 3823 2293 parum

2241 2328 2411 2373 totum
2458 2317 2770 2381 fermentat,
2806 2327 2863 2372 et
2911 2315 3206 2371 fermentat
3257 2314 3375 2369 sine
3420 2312 3679 2381 strepitu.
3718 2310 3823 2377 ita,

2240 2408 2439 2479 inquit,
2487 2422 2607 2463 mea
2637 2408 2953 2479 praedicatio
2998 2406 3181 2461 brevis
3233 2420 3328 2474 per
3370 2403 3686 2470 duodecim,
3727 2416 3821 2471 per

2240 2503 2382 2559 istud
2435 2502 2793 2566 fermentum,
2847 2508 2985 2565 toto,
3053 2499 3268 2569 inquit,
3331 2496 3645 2567 insparsum
3712 2508 3820 2549 non

2241 2590 2719 2650 transmutahitur,
2755 2588 2848 2643 sed
2876 2602 3091 2643 omnem
3117 2587 3375 2642 mundum
3417 2582 3719 2639 transferet
3753 2583 3819 2638 ad

2242 2683 2676 2754 religiositatem.
2738 2680 2853 2737 Hoc
2914 2681 3119 2736 dictum
3181 2687 3263 2734 est
3323 2693 3420 2747 per
3476 2674 3815 2747 parabolam.

2240 2772 2560 2841 Praedicatio
2587 2782 2766 2826 autem
2798 2771 2940 2828 facta
2966 2780 3071 2834 est,
3116 2779 3211 2824 aut
3246 2768 3397 2823 non?
3440 2767 3495 2822 Si
3533 2766 3682 2821 facta
3710 2776 3815 2834 est,

2242 2865 2371 2935 quid
2399 2864 2648 2920 dubitas?
2678 2864 2726 2919 si
2755 2872 2933 2917 autem
2965 2877 3072 2917 non
3102 2871 3186 2917 est
3217 2860 3383 2926 facta,
3422 2874 3607 2929 argue.
3639 2858 3814 2912 Aliam

2242 2960 2438 3014 iterum
2489 2957 2801 3029 parabolam
2850 2956 3080 3011 similem
3130 2954 3258 3011 huic
3306 2952 3623 3008 introducit.
3680 2950 3816 3019 Quid

2243 3052 2386 3106 enim
2414 3048 2579 3105 dicit?
2605 3048 2797 3104 Simile
2827 3058 2902 3102 est
2940 3063 3156 3118 regnum
3194 3044 3442 3100 calorum
3472 3059 3641 3115 grano
3674 3043 3820 3096 sina-

582 3136 637 3239 _Si
672 3152 779 3192 "0“
816 3134 946 3191 πιοίί
972 3132 1134 3205 Βιθάίί
1162 3142 1308 3197 sumi
1337 3141 1391 3187 εί
1414 3130 1713 3233 "efﬂuis,
1741 3141 1795 3185 θί
1824 3131 2061 3239 tyranni.
2087 3139 2144 3185 ει
2171 3180 2212 3239 C
2244 3145 2344 3211 pis,
2369 3142 2508 3213 quod
2538 3142 2739 3195 brevius
2770 3138 2978 3217 quidem
3008 3149 3083 3194 est
3112 3138 3179 3192 ab
3212 3138 3454 3193 omnibus
3481 3136 3774 3191 seminibus
3800 3148 3820 3191 :

582 3228 745 3298 ³638³,
794 3236 851 3280 δι
881 3241 1077 3296 Ρωιιωυ
1126 3234 1183 3279 ει
1228 3237 1397 3287 πιοηο
1450 3233 1505 3276 Cl
1544 3222 1779 3277 νενίθῑθῧ
1826 3222 2043 3288 horum,
2090 3230 2147 3277 ει
2172 3222 2212 3239 ν
2246 3249 2360 3287 cum
2395 3244 2571 3288 au‘rm
2605 3234 2859 3299 creverit,
2892 3231 3063 3301 majus
3096 3228 3157 3300 fit
3206 3230 3449 3284 omnibus
3487 3229 3723 3283 oleribus
3751 3227 3818 3283 ⁸¹.

583 3317 744 3388 ignis,
771 3326 827 3371 et
856 3330 1024 3380 mare,
1066 3325 1121 3370 et
1163 3313 1333 3380 liuvii,
1366 3321 1418 3369 et
1461 3312 1642 3367 omnia
1689 3311 1849 3366 simul
1890 3313 2147 3367 adversus

582 3410 742 3464 istam
781 3407 1239 3477 praedicationem,
1274 3416 1329 3462 et
1370 3419 1465 3474 per
1502 3404 1684 3459 omnia
1720 3403 1986 3459 transiens
2013 3418 2149 3475 prte-

581 3498 782 3553 dicatio
812 3497 1041 3553 conﬂata
1079 3507 1197 3564 est;
1224 3505 1278 3552 et
1299 3498 1365 3551 de
1396 3506 1564 3559 terra,
1598 3506 1653 3551 et
1681 3496 1937 3567 castigata
1963 3510 2147 3550 osten-

582 3588 730 3643 ditur
760 3589 884 3658 quia
907 3588 1065 3643 inferi
1090 3598 1147 3645 et
1180 3599 1381 3664 mortes
1410 3589 1651 3660 plurimae
1673 3604 1777 3643 non
1813 3587 2149 3644 transferunt

583 3679 794 3735 Domini
830 3681 1287 3749 praedicationem.
1325 3681 1383 3736 Si
1428 3696 1534 3736 non
1580 3679 1721 3735 facta
1766 3680 1995 3734 fuissent
2022 3680 2145 3747 ista,

584 3772 723 3829 forte
773 3772 1166 3842 relinqueretur
1196 3773 1480 3829 dubitatio.
1524 3770 1579 3827 Si
1624 3782 1802 3827 autem
1837 3787 1933 3843 per
1966 3772 2147 3844 omnia

587 3874 695 3919 tota
730 3858 829 3919 ista
862 3864 1171 3935 praedicatio
1204 3874 1333 3931 stat,
1366 3865 1497 3920 vivit
1540 3865 1724 3934 utique
1756 3864 1911 3934 cujus
1952 3862 2150 3934 prandi-

584 3961 727 4015 catio
768 3974 874 4015 non
912 3960 1195 4015 evertitur.
1236 3961 1341 4015 Sed
1373 3976 1438 4016 ex
1472 3960 1699 4015 modicis
1725 3974 1929 4030 magna;
1958 3958 2152 4029 praedi-

585 4055 830 4110 cationes
861 4066 989 4111 sunt
1023 4054 1198 4111 factae.
1238 4054 1605 4120 Recumbebat,
1644 4053 1841 4121 inquit,
1876 4052 2149 4118 Dominus,

583 4156 633 4201 et
663 4147 799 4201 venit
843 4147 912 4200 ad
946 4162 1061 4199 eum
1105 4147 1347 4215 quaedam
1384 4144 1573 4197 mulier
1598 4143 1664 4195 ⁹¹.
1704 4144 1770 4198 Et
1799 4143 1941 4212 quod
1968 4150 2152 4210 porta-

584 4235 702 4289 vit?
733 4248 1065 4307 unguentum
1118 4236 1305 4291 eﬂ'udit
1351 4251 1517 4304 super
1560 4245 1721 4306 caput
1765 4235 1901 4304 ejus.
1945 4232 2151 4289 Irasce-

587 4326 781 4380 hantur
802 4338 977 4380 autem
1004 4326 1273 4395 discipuli,
1304 4326 1538 4381 scientes
1569 4324 1711 4393 quod
1748 4331 2019 4393 unguento
2045 4336 2150 4376 non

586 4418 790 4487 indiget
827 4418 1103 4488 Magister.
1138 4416 1475 4473 Irascebatur
1508 4425 1686 4469 autem
1727 4426 1781 4470 et
1816 4414 1981 4468 ludas
2024 4427 2151 4484 pro-

2242 3326 2312 3381 Et
2339 3324 2651 3395 praedicatio
2677 3323 2728 3377 in
2764 3322 3045 3378 duodecim
3071 3330 3191 3377 erat
3212 3319 3492 3389 apostolis,
3520 3329 3578 3373 et
3600 3316 3822 3372 .Iudais-

2247 3432 2367 3471 mus
2394 3425 2448 3471 et
2473 3414 2743 3486 gentilitas
2775 3424 2913 3469 erat.
2944 3411 3078 3468 Cum
3109 3422 3289 3468 autem
3329 3412 3520 3476 crevit,
3540 3408 3823 3480 superavit

2245 3519 2495 3580 utraque.
2540 3507 2630 3563 isti
2680 3518 2807 3561 ante
2855 3519 3070 3561 crucem
3121 3516 3399 3558 sermones
3448 3510 3615 3566 sunt,
3701 3508 3823 3570 post

2247 3616 2465 3657 crucem
2506 3608 2685 3654 autem
2722 3613 2886 3666 Opera
2930 3612 3053 3667 qua:
3093 3595 3356 3650 videmus.
3402 3592 3624 3647 interim
3664 3607 3825 3647 vene-

2248 3702 2375 3748 runt
2399 3692 2615 3762 quidem
2649 3690 2903 3761 gentiles,
2934 3697 2988 3743 et
3014 3687 3206 3742 dicunt
3228 3683 3480 3755 Philippo
3514 3703 3528 3739 :
3570 3683 3824 3738 Volumus

2246 3784 2427 3840 Jesum
2456 3784 2631 3839 videre
2658 3783 2729 3849 “,
2779 3790 2835 3835 et
2876 3781 3006 3835 dicit
3041 3776 3240 3834 Jesus:
3275 3775 3429 3832 Venit
3454 3778 3613 3842 liora,
3644 3778 3825 3831 crucis

2251 3878 2433 3939 timor,
2479 3888 2534 3929 ut
2564 3875 2890 3945 gloriﬁcatur
2928 3869 3103 3926 Filius
3141 3870 3366 3925 hominis
3390 3870 3456 3925 ".
3494 3870 3658 3935 Dicit,
3700 3868 3823 3939 quia

2248 3984 2371 4025 cum
2421 3970 2712 4022 crucilixus
2768 3967 2926 4020 fuero
2976 3964 3338 4034 gloriﬁcabor.
3384 3961 3497 4017 iloc
3524 3962 3687 4027 dixit,
3720 3976 3824 4015 non

2250 4063 2362 4126 ttat,
2405 4072 2460 4114 et
2492 4068 2738 4113 mortuus
2763 4068 2865 4111 est.
2904 4056 2960 4110 Si
2990 4063 3168 4109 autem
3201 4054 3449 4122 prmdixit
3477 4064 3529 4106 et
3554 4067 3653 4121 per
3680 4066 3826 4107 mor-

2250 4161 2355 4207 tem
2406 4149 2655 4219 perfecit,
2703 4164 2737 4204 o
2783 4148 3019 4218 potentia
3070 4145 3286 4199 virtutis
3334 4158 3514 4213 perea
3548 4158 3671 4214 quae
3717 4160 3821 4199 non

2248 4253 2376 4299 sunt
2419 4242 2619 4297 fortia!
2670 4241 2776 4295 Sed
2824 4239 2986 4294 nolite
3017 4235 3245 4306 fatigare
3284 4236 3351 4291 de
3393 4237 3822 4301 resurrectione,

2249 4336 2302 4392 in
2356 4336 2447 4391 die
2481 4332 2862 4403 assumptionis
2909 4332 3117 4385 audire.
3168 4326 3459 4383 Festivitas
3504 4336 3592 4382 est
3640 4328 3818 4398 primo

2250 4429 2478 4491 animas,
2518 4436 2574 4481 et
2611 4428 2683 4481 ita
2723 4434 2936 4481 ventres
2968 4423 3069 4496 (l).
3103 4423 3289 4478 Primo
3319 4422 3481 4477 debes
3506 4421 3827 4476 condiscere

586 4508 1005 4579 pter-fructum;
1040 4517 1093 4563 et
1133 4509 1257 4579 quia
1304 4516 1359 4563 et
1398 4506 1725 4578 pauperibus
1754 4508 1921 4561 donat
1965 4505 2144 4559 incur-

2250 4522 2334 4576 cui
2374 4520 2635 4587 feriaris;
2672 4519 2849 4589 primo
2897 4520 3060 4574 debes
3091 4528 3389 4587 agnoscere
3421 4516 3547 4584 quia
3592 4514 3728 4567 vivit
3772 4511 3825 4566 it.

589 4599 783 4654 rentia.
818 4599 1074 4654 Dominus
1102 4609 1279 4654 autem
1327 4601 1392 4654 ad
1427 4602 1727 4655 irascentes
1777 4614 1792 4650 :
1839 4595 2032 4657 Nolite,
2072 4596 2154 4648 in-

587 4692 723 4759 quit,
764 4707 1007 4759 quzerere
1032 4693 1159 4763 quid
1189 4708 1289 4763 ego
1322 4693 1505 4758 velim,
1550 4692 1642 4748 sed
1671 4691 1794 4761 quis
1833 4700 1887 4744 et
1922 4704 2043 4759 quae
2071 4697 2157 4741 est

588 4781 843 4838 voluntas
867 4788 985 4853 ejus
1015 4785 1103 4854 qui
1129 4785 1350 4839 immisit
1384 4784 1518 4855 (98).
1553 4783 1723 4838 Nolite
1751 4797 1870 4837 esse
1899 4779 2107 4835 molesti
2136 4796 2151 4833 :

588 4874 718 4929 fecit
759 4876 925 4933 enim.
975 4876 1128 4942 Quod
1178 4886 1357 4932 autem
1410 4876 1539 4931 fecit
1580 4876 1705 4939 ista,
1757 4890 1861 4930 non
1913 4874 2151 4944 ignorat.

588 4966 922 5023 Przenuntiat
967 4970 1069 5025 ista
1117 4985 1291 5025 meam
1340 4980 1591 5027 mortem.
1646 4970 1957 5025 immittitur
2001 4970 2145 5024 enim

588 5057 838 5127 gentibus
868 5060 957 5125 qui
997 5061 1299 5117 mntiuntur
1323 5074 1669 5131 unguentum.
1704 5062 1769 5115 Et
1802 5077 1905 5115 una
1928 5061 2147 5132 quidem

589 5149 898 5217 praedicatio
942 5154 1067 5220 quia
1114 5153 1374 5206 morietur
1411 5170 1426 5207 :
1471 5154 1562 5207 sed
1608 5154 1711 5207 ista
1748 5167 1853 5207 non
1890 5154 1960 5207 sit
1989 5153 2150 5206 mira-

590 5239 730 5293 bilis.
767 5242 927 5294 Addit
954 5245 1099 5297 enim
1133 5263 1148 5297 :
1181 5246 1341 5298 Amen
1370 5262 1523 5298 amen
1553 5245 1668 5298 dico
1703 5247 1859 5309 nobis,
1886 5245 2007 5313 quia
2030 5258 2150 5297 cum

591 5332 934 5395 prtedicatum
979 5334 1140 5401 fuerit
1196 5350 1379 5389 nomen
1425 5351 1598 5389 meum
1655 5338 1711 5390 in
1761 5338 1900 5391 omni
1929 5338 2146 5399 mundo,

2254 4626 2359 4680 quo
2405 4611 2637 4665 habetur
2682 4625 2825 4681 spes,
2874 4620 2934 4665 ut
2972 4625 3197 4665 securus
3230 4613 3547 4663 manduces.
3582 4604 3640 4659 Si
3686 4620 3828 4659 mor-

2255 4712 2377 4756 tuus
2424 4712 2501 4756 eSl
2550 4704 2638 4770 qui
2678 4692 3020 4766 adhortatur,
3070 4700 3236 4771 lugeri
3269 4706 3505 4770 oportet.
3550 4694 3608 4751 Si
3643 4706 3825 4750 autem

2254 4792 2400 4847 suasi
2454 4792 2716 4849 fuerimus
2744 4795 2868 4862 quia
2905 4794 3037 4847 vivit
3079 4803 3131 4847 et
3162 4792 3419 4859 vivilicat,
3441 4799 3498 4845 et
3524 4790 3570 4844 si
3603 4787 3827 4842 mandu-

2255 4884 2564 4939 caverimus
2591 4896 2645 4940 et
2691 4886 3010 4949 biberimns,
3050 4894 3105 4939 et
3144 4898 3483 4955 quaecunque
3531 4879 3635 4934 alia
3682 4878 3825 4933 fece-

2256 4973 2461 5038 rimus,
2516 4974 2567 5027 in
2616 4973 2841 5044 gloriam
2896 4974 3132 5028 viventis
3183 4971 3466 5027 faciemus.
3524 4968 3828 5024 Suadetntss

2256 5064 2418 5133 igitur
2448 5075 2504 5117 et
2551 5074 2601 5118 ut
2634 5067 2935 5134 gaudentes
2959 5066 3259 5135 epulemur.
3306 5064 3470 5120 Putas
3500 5063 3647 5117 enim
3696 5061 3822 5132 quia

2255 5156 2429 5210 adhuc
2461 5158 2797 5212 neceSSarius
2834 5172 3012 5211 sermo
3049 5169 3153 5213 est.
3204 5160 3393 5213 Adhuc
3436 5157 3583 5212 enim
3630 5155 3823 5209 suade-

2256 5262 2393 5299 ntur.
2422 5245 2597 5300 Unum
2624 5250 2768 5301 enim
2818 5265 2883 5302 ex
2944 5248 3028 5302 his
3054 5266 3175 5317 quae
3203 5251 3346 5304 dicta
3381 5259 3510 5303 sunt
3548 5263 3655 5303 non
3711 5246 3824 5303 suf-

2268 5339 2380 5391 [icit
2409 5348 2464 5392 et
2506 5340 2735 5409 lapidem
2767 5344 3134 5397 comminuere
3166 5360 3181 5397 :
3216 5357 3392 5395 tamen
3431 5357 3593 5395 unum
3627 5358 3697 5397 ex
3746 5342 3824 5395 his

661 5511 702 5543 ⁸⁷
730 5512 919 5569 Matth.
947 5529 997 5576 v,
1041 5515 1122 5566 l5.
1202 5512 1247 5545 ⁸⁸
1291 5514 1419 5568 ibid.
1453 5515 1539 5568 14.
1609 5513 1653 5545 ⁸⁸
1684 5514 1867 5567 Matth.
1892 5528 2001 5576 xvi,
2032 5513 2119 5567 18.

2274 5516 2400 5571 ibid.
2480 5516 2522 5547 ⁹¹
2558 5516 2745 5569 Matth.
2780 5533 2930 5580 xxvi,
2958 5519 3013 5581 6,
3038 5520 3090 5573 7.
3170 5520 3217 5552 "
3250 5519 3379 5573 ibid.
3416 5520 3504 5573 15.
3556 5518 3606 5551 ⁸³
3635 5517 3821 5576 Πειώ.

594 5595 784 5648 xxvnu,
811 5581 895 5637 l9.
996 5583 1042 5618 "
1067 5583 1251 5638 Matth.
1286 5601 1401 5649 xm,
1444 5587 1533 5640 35.

666 5741 777 5807 (98)
821 5742 921 5806 Qui
958 5745 1191 5796 immisit.
1226 5744 1382 5797 Forte
1411 5744 1498 5812 qui
1532 5760 1608 5796 me
1636 5746 1792 5797 misit.

661 5811 769 5875 l99)
808 5812 1041 5869 διαθείη
1072 5825 1210 5868 sunt.
1242 5812 1343 5869 Pro
1374 5811 1592 5879 suscepti
1621 5827 1756 5869 sunt.

1613 5586 1654 5614 ³⁸
1689 5585 1815 5638 ibid.
1844 5584 1932 5643 5|.
2006 5586 2050 5616 "
2078 5583 2232 5641 Joan.
2270 5604 2371 5651 xu,
2405 5587 2493 5640 21.
2568 5587 2612 5617 ³⁷
2666 5589 2791 5641 ibid.
2825 5590 2916 5643 '25.

2327 5743 2402 5821 (l_)
2446 5743 2507 5796 Et
2545 5745 2871 5821 ὶια-υείιιηιεξ
2902 5749 3163 5821 Subaudi,
3215 5766 3421 5807 curare.
3464 5751 3531 5805 Et
3572 5751 3819 5821 ita,f0rl.e

2254 5829 2317 5870 ea
2347 5814 2533 5871 Graeco
2563 5816 2652 5868 mi
2685 5812 2823 5881 εἶτα,
2860 5820 2911 5876 id
2940 5831 3024 5876 est
3059 5832 3102 5875 ct
3128 5821 3330 5876 deinde.
