4000 6470
201 490 340 542 Hi3

1226 475 1316 530 DE
1354 471 1821 531 INCORPORALI
1858 471 1949 527 ET
1987 469 2337 529 INVISIBILI
2378 468 2533 527 DEO.

3367 467 3505 525 UH

214 605 444 657 addam.
471 591 677 656 Omnia
710 600 867 655 enim
911 606 972 652 ut
1012 598 1214 661 dicam,
1262 612 1364 653 nec
1394 596 1651 653 saeculum
1703 596 1819 651 sut-
1848 610 1895 666 Α
1931 597 2058 663 quia
2086 594 2385 649 moriturus
2411 607 2555 658 sum,
2594 601 2652 648 et
2675 589 2962 649 exaltsbor
2989 592 3043 647 in
3068 604 3311 656 crucem,
3333 601 3427 647 aut
3455 593 3507 648 in

219 689 364 746 Ilcit.
416 688 750 747 lensurabo
803 682 939 745 sane
986 697 1271 745 tractatum
1304 698 1527 758 propter
1554 700 1807 754 corpora,

217 784 455 842 propter
498 772 887 836 festivitatem.
944 781 1163 842 propter
1221 770 1593 826 refectionem.
1666 770 1815 826 Dicit

217 862 435 919 lterum
483 865 744 919 Dominus
780 883 795 920 :
831 864 1069 920 Granum
1116 865 1283 919 tritici
1314 864 1418 917 nisi
1451 864 1645 917 cadens
1675 879 1820 917 utor-

216 964 389 1012 llam
423 957 607 1024 fuerit,
657 956 830 1025 ipsum
877 954 1049 1010 solum
1099 965 1274 1010 manet
1307 955 1376 1008 ".
1424 954 1495 1011 Ut
1546 955 1711 1009 habet
1758 970 1817 1011 se

210 1058 435 1102 natura
472 1047 683 1103 locutus
722 1055 828 1103 est.
871 1045 928 1100 Si
959 1046 1106 1101 enim
1137 1045 1462 1100 semiustum
1494 1060 1601 1100 non
1628 1044 1815 1112 fuerit,

212 1140 442 1193 nudum
478 1154 706 1211 granum
738 1138 995 1193 manebit.
1036 1136 1094 1192 Si
1147 1147 1329 1193 autem
1356 1138 1580 1203 cadens,
1618 1138 1815 1209 inquit,

206 1227 407 1284 fuerit
457 1242 757 1294 mortuum,
786 1240 847 1285 ut
884 1238 1112 1285 testatur
1139 1244 1168 1283 a
1211 1224 1401 1285 natura
1427 1272 1444 1297 ,
1475 1231 1673 1287 multos
1701 1234 1817 1286 fru-

204 1330 364 1375 ctus
407 1318 588 1378 aﬂert.
633 1322 699 1377 Et
727 1337 850 1393 ego,
888 1323 1081 1391 inquit,
1115 1325 1162 1377 si
1206 1338 1312 1378 non
1360 1322 1516 1379 fuero
1546 1334 1815 1389 mortuus,

204 1423 350 1462 non
377 1408 573 1477 colligo
615 1429 630 1464 :
668 1410 711 1464 si
767 1423 948 1465 autem
985 1412 1186 1467 cadens
1234 1414 1287 1467 iu
1340 1422 1540 1468 terram
1574 1423 1818 1470 mortuus

206 1499 418 1565 fuero,
451 1503 650 1556 multos
680 1501 887 1558 fructus
913 1502 1082 1558 ,σει-ο
1123 1505 1417 1559 secundum
1452 1520 1681 1576 granum
1716 1507 1817 1562 tri-

208 1591 357 1647 tici.
392 1592 455 1645 Et
489 1607 585 1663 per
622 1595 895 1649 modicum
927 1596 1142 1662 quidem
1173 1609 1400 1666 granum
1445 1596 1701 1666 parabola
1736 1597 1820 1651 di-

208 1693 328 1738 cta
367 1694 471 1748 est,
516 1700 811 1757 permagna
845 1696 1025 1741 autem
1073 1687 1433 1741 admiratione
1475 1702 1612 1757 opus
1639 1696 1819 1743 osten-

209 1774 407 1830 ditur.
446 1775 505 1832 Si
557 1778 723 1843 enim,
779 1778 978 1846 inquit,
1016 1788 1261 1833 mortuus
1313 1794 1419 1834 non
1484 1778 1657 1845 fuero,
1710 1796 1816 1835 non

210 1868 459 1938 colligo.
512 1870 815 1939 Antequam
872 1870 1015 1927 enim
1067 1880 1391 1936 moreretur,
1439 1880 1497 1927 et
1548 1871 1816 1925 mirabilia

1920 685 2095 741 celos
2126 685 2284 757 (nlhil
2318 687 2467 740 enim
2500 684 2753 755 prohibet
2783 694 3014 755 utraque
3045 684 3119 739 ita
3150 683 3426 756 intelligi),
3452 694 3508 741 et

1922 774 2137 830 traham
2178 789 2371 830 omnes
2418 774 2485 829 ad
2525 788 2613 831 me
2648 791 2664 829 :
2700 774 2841 829 dixit
2882 774 3192 835 modicum?
3222 775 3508 832 miremur.

1920 866 2027 920 Sed
2060 878 2318 935 magnum
2350 864 2481 934 quid
2515 863 2673 929 dixit,
2705 872 2763 919 et
2788 864 3057 917 modicum
3099 862 3269 919 fecit?
3290 865 3507 919 minua-

1920 971 2042 1011 mus
2084 954 2525 1009 admirationem.
2584 952 2643 1009 Si
2693 965 2876 1009 autem
2916 969 3169 1025 magnum
3208 955 3366 1021 dixit,
3400 970 3508 1009 ma-

1918 1060 2085 1116 gnum
2115 1056 2169 1100 et
2198 1044 2353 1110 fecit,
2384 1053 2438 1101 et
2474 1046 2577 1100 hoc
2603 1059 2701 1116 per
2728 1060 2969 1107 crucem,
3003 1055 3059 1101 et
3090 1056 3212 1116 post
3237 1056 3504 1114 mortem;

1919 1136 2183 1206 pellamus
2227 1135 2625 1193 dubitationem
2678 1147 2733 1189 et
2777 1136 3140 1206 suscipiamus
3198 1136 3381 1194 iidem.
3439 1136 3507 1192 Et

1920 1227 2116 1282 iterum
2149 1228 2217 1280 ad
2254 1224 2471 1282 Iudaeos
2495 1227 2629 1281 dicit
2654 1225 2845 1281 eadem
2880 1242 2897 1280 :
2927 1225 3080 1292 Cum,
3122 1227 3319 1298 inquit,
3358 1227 3509 1283 exal-

1918 1319 2151 1373 taseritis
2188 1315 2391 1372 Filium
2421 1317 2677 1381 hominis,
2706 1324 2831 1371 tunc
2853 1318 3024 1372 scietis
3057 1320 3183 1390 quia
3214 1335 3307 1389 ego
3337 1337 3454 1374 sum
3485 1336 3504 1374 :

1918 1420 1969 1464 et
1996 1428 2027 1463 α
2058 1426 2145 1465 me
2178 1411 2289 1479 ipsa
2317 1426 2423 1464 non
2461 1411 2600 1475 reni,
2624 1412 2714 1465 sed
2739 1428 2771 1464 a
2807 1409 2935 1478 Deo,
2968 1427 3085 1465 eum
3124 1426 3283 1479 opera
3312 1422 3505 1467 testata

1917 1501 2113 1572 fuerint
2161 1503 2243 1554 his
2272 1517 2387 1571 qua
2418 1501 2538 1554 dico
2572 1501 2613 1555 ¹.
2662 1499 2725 1554 Hi
2761 1512 2891 1556 sunt
2934 1511 3122 1572 gustus
3168 1501 3509 1571 praedicatio-

1921 1609 2047 1647 num
2092 1594 2303 1649 Domini
2347 1607 2364 1646 :
2401 1592 2558 1662 plena
2593 1601 2777 1647 autem
2818 1590 3109 1659 Evangelia
3159 1602 3288 1647 sunt
3323 1592 3509 1649 voleuv

1922 1685 2069 1740 tibus
2100 1685 2235 1739 bene
2281 1684 2498 1755 degere,
2530 1682 2672 1753 pleni
2718 1683 2890 1739 Actus
2938 1684 3306 1753 apostolorum
3354 1694 3507 1751 sunt,

1919 1788 1974 1832 et
2004 1776 2261 1846 Epistula:
2291 1775 2465 1840 Pauli,
2506 1784 2561 1831 et
2598 1777 2846 1831 civitates
2891 1776 3160 1831 mirabilia
3197 1777 3298 1851 (3).
3335 1777 3508 1849 plena

1924 1877 2053 1923 sunt
2084 1868 2246 1924 urbes
2283 1868 2408 1923 dde.
2449 1867 2595 1923 Laus
2639 1868 2733 1923 uni
2770 1884 2877 1923 non
2907 1878 3040 1924 nato
3070 1868 3202 1932 Deo.
3232 1871 3324 1941 qui
3357 1871 3509 1927 misit

214 1957 467 2026 faceret,
501 1975 605 2015 nec
645 1961 926 2016 duodecim
954 1961 1214 2033 collegit;
1270 1977 1377 2015 non
1406 1973 1820 2031 permanserunt
1852 1962 1894 2016 Β
1924 1960 2080 2015 nobis
2126 1975 2292 2014 unum
2343 1958 2513 2015 Deum
2561 1961 2895 2033 unigenitum
2950 1975 3108 2016 suum
3138 1961 3358 2027 Filium,
3414 1978 3509 2032 per

213 2051 387 2106 enim
422 2068 544 2106 cum
591 2067 676 2109 eo.
730 2054 872 2109 Dicit
914 2055 1056 2109 enim
1092 2072 1105 2109 :
1137 2054 1271 2121 Quia
1304 2052 1350 2108 si
1393 2068 1499 2107 uou
1542 2068 1637 2107 ero
1671 2069 1812 2107 mor-

216 2150 387 2209 tttus,
419 2158 522 2198 non
556 2144 801 2216 colligam
830 2146 905 2215 (ἲ)
932 2160 947 2200 :
980 2143 1111 2200 Cant
1144 2155 1319 2199 autem
1352 2144 1619 2198 exaltatas
1660 2144 1814 2213 [uero

218 2245 262 2283 ς
310 2243 479 2300 terra,
510 2250 686 2290 auita
734 2237 945 2291 trahant
991 2239 1061 2290 ad
1094 2252 1176 2291 me
1204 2236 1272 2290 ".
1321 2234 1435 2290 Hoc
1478 2235 1623 2305 quod
1651 2234 1810 2298 dixit.

1924 2067 2084 2121 quem
2129 2062 2214 2108 est
2256 2052 2305 2106 ei
2342 2053 2535 2123 gloria,
2568 2057 2762 2120 honor,
2814 2054 3123 2125 imperium,
3164 2056 3419 2127 majestas
3451 2055 3505 2110 in

1921 2141 2128 2212 Spiritu
2176 2152 2391 2210 sancto,
2428 2154 2483 2199 et
2537 2162 2705 2211 nunc.
2738 2157 2795 2203 et
2842 2163 3063 2220 semper
3092 2158 3147 2204 et
3181 2162 3278 2219 per
3320 2163 3503 2203 omnia

1919 2235 2114 2290 saecula
2144 2238 2486 2294 seculorum.
2530 2239 2725 2295 Amen.

1193 2534 1759 2653 EUSEBII
1843 2536 2531 2651 PAMPHILI

683 2775 831 2867 DE
911 2771 1735 2868 INCOBPORALI
1808 2774 1966 2863 ET
2040 2774 2693 2867 INVISIBILI
2776 2777 3057 2873 DEO.

310 3127 707 3200 lucorporalem
740 3141 861 3183 esse
890 3126 1054 3183 Deum
1081 3141 1215 3183 voce
1246 3141 1440 3196 magna
1475 3126 1802 3195 clamemns,
1838 3129 1886 3195 c
1914 3125 2007 3198 qui
2050 3135 2104 3183 et
2144 3127 2343 3182 animis
2397 3125 2582 3181 tribuit
2624 3135 2681 3182 et
2741 3126 3257 3197 iucorporalitatem.
3306 3127 3506 3187 Paulus

232 3234 291 3276 et
324 3224 375 3277 in
404 3235 633 3291 corpore
656 3221 958 3286 constituti,
982 3231 1038 3275 et
1064 3236 1092 3273 a
1122 3221 1443 3290 corporibus
1474 3223 1813 3278 recedentes.

237 3311 437 3369 Vivent
473 3315 617 3369 enim
651 3315 844 3369 anima.-
881 3313 1312 3383 incorporaliter,
1343 3322 1396 3369 et
1432 3324 1554 3383 post
1587 3323 1817 3370 mortem

236 3406 631 3478 incorporalem
659 3407 754 3479 (ι),
785 3418 840 3462 et
867 3408 1095 3461 necdum
1129 3421 1249 3477 qua:
1275 3422 1305 3461 a
1338 3404 1449 3463 Deo
1478 3416 1661 3463 creata
1693 3416 1820 3463 sunt

241 3508 443 3553 tantam
483 3501 683 3554 habent
718 3499 1058 3570 dignitatem.
1091 3498 1207 3569 Ipse
1250 3509 1431 3556 autem
1474 3500 1564 3571 qui
1604 3516 1735 3570 pura
1767 3511 1821 3557 et

238 3592 522 3663 perspicua
548 3602 799 3661 operatus
821 3603 934 3659 est;
965 3592 1322 3662 incorporalia
1353 3602 1507 3663 putas
1541 3596 1819 3665 aperietur

239 3693 422 3737 tuente
468 3684 837 3754 insipientium
886 3683 1153 3753 corpore?
1214 3683 1605 3753 Consiguemus
1654 3685 1817 3754 igitur

239 3784 457 3833 nostros
503 3778 770 3848 cogitatus
814 3792 845 3831 a
881 3777 1075 3832 divinis
1108 3776 1424 3847 Scripturis.
1479 3777 1615 3845 Quia
1672 3777 1815 3833 enim

239 3866 368 3922 inde
419 3878 702 3923 moventur
751 3870 1108 3939 quaestiones,
1156 3870 1278 3924 inde
1306 3870 1521 3925 veniant
1569 3881 1626 3925 et
1667 3871 1816 3925 solu-

241 3962 434 4015 tiones.
465 3962 657 4015 Anima
689 3962 1007 4017 immortalis
1045 3972 1150 4028 est,
1176 3972 1231 4017 et
1263 3963 1539 4027 passiones
1576 3966 1819 4034 corporis

240 4068 349 4108 non
402 4056 623 4108 veniunt
666 4056 731 4108 ad
778 4069 920 4109 eam.
970 4054 1074 4110 Per
1122 4070 1242 4110 eum
1311 4056 1453 4110 enim
1508 4071 1605 4125 per
1656 4071 1817 4126 quem

238 4147 418 4201 omnia
456 4146 595 4200 facta
641 4156 788 4213 sunt,
826 4158 879 4201 et
908 4149 1100 4201 anitum
1138 4158 1339 4201 creatae
1383 4158 1531 4202 sunt.
1566 4148 1682 4218 Ipse
1718 4151 1849 4204 hoc

238 4239 606 4307 pronuntiavit
652 4238 909 4293 Dominus
951 4248 1003 4294 et
1048 4240 1183 4293 dixit
1226 4258 1239 4294 :
1286 4238 1467 4293 Nolite
1512 4243 1691 4295 timere
1731 4258 1817 4295 eos

236 4329 331 4399 qui
383 4332 625 4386 accidant
678 4347 891 4395 corvus,
944 4333 1175 4386 animam
1221 4344 1395 4387 autem
1453 4350 1557 4389 non
1599 4344 1818 4405 possunt

239 4425 473 4480 occidere
528 4428 572 4479 ².
624 4424 736 4481 Non
785 4426 919 4479 dixit
971 4425 1097 4494 quia
1147 4424 1333 4480 nolunt
1380 4428 1665 4493 occidere,
1718 4428 1813 4484 sed

237 4520 365 4589 quia
409 4534 513 4573 non
550 4528 804 4587 possunt,
849 4518 1057 4587 inquit,
1093 4520 1359 4574 occidere.
1412 4517 1634 4576 Natura:
1670 4522 1814 4576 enim

238 4611 434 4669 auitme
473 4611 769 4681 potentiam
815 4611 1012 4681 posuit,
1052 4619 1106 4667 et
1150 4627 1253 4667 non
1292 4614 1625 4682 propositum
1675 4613 1818 4668 deci-

236 4704 521 4775 pientium.
568 4703 624 4758 Si
665 4704 826 4774 igitur
874 4713 1072 4758 nostras
1111 4704 1328 4767 animat,
1368 4719 1487 4773 quat
1527 4704 1579 4757 in
1621 4718 1817 4773 corpo-

238 4795 388 4850 ribus
436 4808 493 4851 et
532 4797 678 4851 circa
731 4812 955 4865 corpora
1009 4796 1294 4863 habentur,
1343 4811 1632 4866 corporum
1693 4812 1817 4865 pas-

236 4890 421 4944 siones
449 4904 553 4943 non
592 4890 906 4954 admittunt,
942 4890 1106 4943 etiam
1142 4889 1270 4944 dum
1306 4889 1502 4943 adsunt
1541 4889 1592 4943 in
1624 4902 1817 4957 corpo-

238 4981 424 5043 ribus;
469 4991 673 5049 quanto
706 4982 877 5050 magis
910 4980 986 5052 (5)
1020 4981 1103 5036 bis
1144 4982 1236 5051 qui
1277 4981 1561 5036 honoravit
1606 4982 1815 5037 animas

228 5074 568 5145 'incorporali
619 5084 835 5139 natura,
870 5076 994 5145 ipse
1031 5076 1203 5146 magis
1230 5080 1312 5130 cdt
1340 5074 1714 5145 incorporalis,
1760 5085 1815 5130 et

238 5182 343 5221 non
380 5168 453 5222 ita
495 5168 847 5237 incorporalis
892 5178 949 5222 ut
986 5168 1213 5221 auium?
1250 5166 1384 5222 Cum
1430 5168 1575 5221 enim
1617 5168 1682 5221 tle
1732 5167 1815 5221 his

236 5262 568 5315 moverimus
615 5277 951 5327 sermonem,
996 5259 1495 5330 et'inquisierimus
1543 5260 1813 5329 quomodo

239 5349 594 5418 incorporalis
628 5351 699 5405 ab
756 5352 1184 5419 inwrporalibus
1244 5350 1462 5417 differt;
1511 5362 1636 5405 tunc
1692 5366 1809 5405 cum

238 5441 349 5509 ipse
378 5442 519 5498 Deus
550 5444 871 5515 impertierit
896 5444 962 5499 de
992 5445 1078 5499 bis
1118 5445 1422 5513 loquemur.
1467 5443 1684 5497 Interim
1718 5456 1814 5495 an-

239 5542 346 5590 tem
379 5550 555 5592 motus
592 5547 675 5591 est
720 5552 934 5599 sermo.
961 5537 1087 5606 quia
1132 5537 1271 5592 Deus
1322 5536 1677 5605 incorporalis
1708 5544 1813 5597 est,

306 5628 352 5661 "
374 5624 532 5680 Joan.
580 5642 676 5692 xu,
709 5626 801 5681 ‘24.
918 5627 962 5659 ”
1002 5627 1132 5681 ibid.
1190 5627 1278 5684 51.

239 5697 265 5730 ⁸
302 5697 491 5752 Matth.
527 5712 580 5759 v,
618 5699 671 5752 8.

310 5787 389 5857 (ξ)
427 5786 525 5841 Ms.
562 5786 727 5854 Dicit,
754 5788 880 5857 quia
932 5788 977 5842 si
1010 5804 1113 5843 son
1145 5803 1234 5841 ero
1278 5797 1531 5853 mortuus,
1570 5804 1671 5842 non
1714 5788 1815 5841 eul-

244 5858 417 5929 ﬁgant.

311 5928 387 5987 (ὅ)
428 5926 719 5984 Mirabilia.
750 5927 855 5985 Pro
885 5927 1229 5983 mirabilibus.

1369 5628 1384 5657 ⁸
1425 5624 1581 5680 Joan.
1615 5640 1743 5693 vui,
1785 5625 1875 5683 ΞΒ.
1970 5632 1991 5661 ²
2031 5630 2219 5687 Matth.
2258 5631 2407 5695 x38.
2495 5633 2517 5664 ³
2556 5633 2598 5688 ll
2624 5633 2747 5689 Cor.
2796 5651 2847 5702 ι,
2896 5635 2952 5690 5.

1920 3229 2099 3275 autem
2130 3231 2185 3277 et
2236 3222 2288 3275 iu
2338 3236 2565 3291 corpore
2616 3220 2965 3287 constitutus,
3006 3232 3065 3276 et
3116 3222 3171 3276 in
3219 3237 3384 3281 carne
3414 3226 3505 3280 ’νί-

1920 3330 2073 3379 vens,
2108 3329 2214 3368 non
2244 3314 2459 3370 volebat
2503 3314 2556 3368 in
2587 3328 2754 3369 carne
2793 3328 2935 3369 esse.
2979 3314 3116 3369 Dicit
3164 3316 3354 3372 enim:
3396 3316 3511 3370 Au-

1919 3408 2047 3462 dent
2074 3408 2295 3477 quidam
2327 3415 2580 3478 putantes
2614 3421 2713 3461 nos
2744 3406 2795 3461 in
2824 3420 2987 3462 carne
3022 3407 3247 3475 vivere;
3286 3417 3341 3461 et
3377 3408 3507 3476 quia

1918 3500 2136 3555 vivebat
2168 3501 2220 3554 in
2250 3515 2437 3564 carne,
2476 3500 2625 3553 addit
2658 3516 2672 3553 :
2708 3497 2765 3553 in
2806 3513 2969 3555 carne
3004 3500 3153 3554 enim
3196 3500 3507 3569 constituti,

1922 3610 2027 3649 non
2059 3610 2120 3649 ea
2162 3608 2285 3663 quae
2311 3593 2497 3648 carnis
2536 3601 2663 3647 sunt
2704 3606 2995 3661 Operamnr
3020 3593 3063 3648 ⁸.
3100 3592 3155 3648 Si
3205 3594 3369 3663 igitur
3410 3595 3506 3664 qui

1919 3698 2038 3743 erat
2075 3688 2129 3741 in
2165 3701 2330 3741 carne
2369 3684 2709 3739 alacritatem
2745 3684 3037 3740 refundens
3086 3686 3138 3739 in
3178 3684 3372 3754 spiritu
3422 3699 3511 3739 re-

1920 3780 2064 3837 cedit
2099 3796 2127 3833 a
2166 3793 2418 3848 corpore,
2450 3787 2653 3847 quanto
2687 3778 2858 3845 magis
2898 3778 3246 3832 immaculata
3268 3787 3325 3831 et
3357 3777 3509 3831 inac-

1921 3873 2187 3929 cessibilis
2224 3881 2278 3926 et
2317 3887 2448 3942 pura
2495 3871 2582 3924 illa
2629 3880 2820 3924 natura
2856 3870 2961 3925 hoc
2992 3870 3099 3924 erit
3136 3879 3193 3924 et
3233 3884 3507 3937 sermone,

1920 3967 2062 4037 quod
2099 3975 2182 4021 est
2226 3974 2279 4020 et
2339 3964 2579 4019 natura?
2630 3962 2903 4019 Habemus
2947 3978 3079 4018 sane
3119 3973 3175 4016 et
3223 3964 3275 4017 iu
3323 3960 3508 4017 Evan-

1920 4061 2074 4131 geliis
2100 4060 2385 4129 scriptum,
2416 4058 2532 4127 ipso
2560 4055 2844 4112 Salvatore
2872 4058 3086 4111 dicente
3112 4074 3125 4109 :
3158 4055 3325 4110 Deum
3355 4072 3507 4110 nemo

1920 4152 2047 4205 vidit
2105 4166 2337 4205 annuam
2370 4150 2414 4205 δ.
2478 4148 2707 4214 Nullus,
2767 4150 2977 4220 inquit.
3032 4164 3269 4218 unquam
3325 4149 3505 4206 vidit:

1918 4260 2108 4299 omnes
2145 4260 2405 4314 personas
2437 4242 2890 4311 comprehendit:
2918 4241 3099 4296 omnia
3144 4257 3251 4295 non
3298 4240 3502 4307 simul,

1921 4354 2027 4392 non
2064 4340 2388 4408 separatim;
2423 4351 2662 4407 unquam
2692 4335 2934 4406 potuisse
2962 4335 3147 4389 videre
3181 4332 3351 4389 Deum
3383 4348 3509 4402 pro-

1924 4430 2226 4485 nuntiavit?
2252 4432 2433 4485 omnia
2471 4430 2645 4499 spatia
2682 4430 3137 4499 comprehendit:
3174 4437 3233 4483 ut
3266 4443 3336 4483 ne
3384 4426 3509 4497 quis

1922 4522 2151 4588 diceret,
2187 4523 2462 4593 prophetis
2496 4521 2768 4592 apparuit,
2798 4530 2892 4573 aut
2924 4519 3364 4591 legislatorihaut
3400 4517 3509 4573 alio

1921 4615 2103 4669 alicui.
2141 4613 2283 4682 Quid
2330 4614 2499 4683 ergo?
2549 4615 2883 4667 mentiuntur
2926 4610 3221 4681 Scriptura:
3251 4625 3375 4682 qua;
3424 4612 3507 4664 di-

1919 4718 2088 4763 cunt:
2126 4708 2257 4761 Veni
2295 4716 2349 4761 et
2378 4706 2517 4771 vidi,
2546 4714 2600 4761 et
2630 4706 2845 4759 audivi?
2872 4703 3124 4760 Vultibus
3166 4718 3270 4757 non
3312 4713 3395 4758 est
3430 4706 3507 4757 vi-

1921 4800 2096 4854 sibilis
2132 4799 2291 4855 Deus.
2333 4799 2801 4865 Quemadmodum
2825 4812 2956 4868 ergo
2992 4795 3377 4867 agnoscibilis?
3405 4797 3505 4862 Qui

1919 4901 2099 4947 autem
2138 4894 2285 4947 solus
2322 4893 2471 4947 novit
2500 4907 2624 4946 eum
2670 4891 2761 4960 qui
2809 4906 2869 4945 se
2911 4891 3116 4957 genuit,
3150 4889 3320 4942 dicit:
3355 4886 3507 4941 Beati

1922 4987 2117 5039 munda
2150 4988 2327 5051 corde,
2376 4987 2625 5052 quoniam
2681 4986 2781 5045 ipsi
2834 4982 3005 5038 Deum
3058 4984 3301 5035 videbant
3346 4982 3391 5034 '.
3448 4980 3505 5039 Si

1920 5080 2066 5134 enim
2114 5080 2367 5146 dixisset,
2414 5078 2560 5133 Beati
2605 5078 2697 5149 qui
2746 5078 2891 5132 acuti
2942 5086 3067 5130 sunt
3102 5074 3296 5132 oculis.
3336 5072 3488 5127 dice-

1921 5188 2105 5227 remus
2150 5174 2272 5243 quia
2322 5173 2496 5227 oculis
2559 5170 2901 5240 mancipavit
2951 5169 3152 5223 visum.
3211 5167 3266 5221 Si
3324 5175 3503 5219 autem

1924 5264 2064 5319 sicut
2092 5268 2279 5320 oculus
2308 5279 2475 5333 purus
2516 5265 2660 5320 videt
2686 5279 2809 5333 qum
2841 5261 3008 5317 oculis
3054 5269 3181 5315 sunt
3214 5258 3504 5321 naturalia,

1923 5354 1996 5408 ita
2047 5366 2101 5409 et
2134 5358 2313 5409 anima
2372 5356 2569 5411 munda
2616 5358 2765 5411 videt
2836 5370 2955 5425 qua;
3002 5362 3129 5410 sunt
3172 5368 3335 5423 supra
3384 5354 3505 5405 ani-

1923 5461 2105 5511 mam;
2141 5448 2233 5517 qui
2266 5448 2431 5503 corde
2464 5449 2698 5515 videtur,
2740 5448 2912 5503 oculis
2944 5463 3047 5502 non
3096 5447 3349 5500 videtur:
3386 5459 3505 5514 quae

1924 5548 2106 5594 autem
2140 5542 2312 5597 oculis
2343 5542 2618 5605 videntur.
2664 5540 2947 5608 subiacent
2980 5541 3309 5595 motionibus
3355 5554 3505 5592 men-

3050 5634 3072 5665 δ
3108 5631 3262 5689 Joan.
3321 5647 3362 5698 t,
3412 5630 3499 5685 18.

1995 5786 2074 5859 (i)
2126 5786 2223 5859 bis.
2263 5796 2314 5859 et
2352 5797 2463 5853 post
2514 5798 2735 5844 mortem
2781 5800 2993 5859 propter
3023 5787 3431 5854 incorporalem.

1994 5857 2067 5928 (ὅ)
2114 5858 2228 5913 llis.
2266 5858 2453 5913 l’rois.
2782 5857 2787 5859 ⁷
2880 5857 2885 5859 ⁷
3280 5866 3292 5877 ”
