4000 6410
556 335 701 397 HIS

1229 324 1502 388 suam
1535 320 2012 385 WNSIS
2046 318 2195 379 OPP.
2237 317 2417 380 PARS
2454 315 2546 375 Π.
2582 349 2655 363 -
2690 313 3109 375 DOGMATICA.

3674 308 3813 365 ωδ

556 460 649 512 tis.
697 457 891 511 lterum
930 452 1077 509 enim
1126 450 1323 506 Paulus
1358 449 1491 506 dicit
1522 467 1536 504 :
1577 448 1745 516 Quem
1794 461 1945 501 nemo
1989 443 2119 498 sidit
2145 448 2193 504 Α
2219 441 2417 496 mundo
2446 448 2585 504 erat,
2624 438 2894 509 quomodo
2928 435 3075 491 venit
3106 433 3163 488 in
3219 430 3515 487 mundum?
3546 429 3687 485 Cum
3716 446 3812 486 air

554 548 847 609 hominum,
877 559 969 605 nec
996 542 1171 598 sidere
1199 552 1363 613 potest
1388 542 1431 598 ⁸.
1468 540 1604 609 Quia
1632 539 1777 596 enim
1803 545 1977 609 potest
2006 535 2122 589 lieri

555 655 681 695 eum
727 638 815 707 qui
872 637 1021 692 audit
1072 650 1137 691 ea
1172 650 1293 705 qua
1338 648 1445 689 non
1491 633 1639 689 videt
1682 633 1952 702 cogitare;
1998 628 2121 698 quia

558 745 664 785 non
706 730 991 800 pervenit,
1034 739 1127 783 aut
1165 727 1466 798 prohibitus
1509 735 1611 786 est.
1659 734 1750 779 aut
1784 723 1980 778 celum
2016 735 2120 775 non

552 821 833 889 permisit;
879 827 1164 889 amputans
1218 831 1434 873 omnem
1483 814 1846 885 suspicionem
1892 814 2122 881 Aposto-

554 912 667 978 lus,
698 924 754 967 et
782 911 1203 967 invisibilitatem
1234 909 1343 965 Deo
1383 907 1689 965 custodiens
1726 903 1868 975 quod
1898 903 2123 973 coniun-

553 1016 701 1062 ctum
741 1015 823 1061 est
854 1003 1210 1075 iucorporali,
1247 1018 1352 1059 non
1384 1001 1554 1057 solum
1580 999 1742 1061 dixit,
1781 1012 1931 1052 nemo
1962 996 2120 1061 sidit,

553 1099 650 1152 sed
690 1112 781 1150 nec
827 1096 1031 1161 ridere,
1072 1094 1276 1164 inquit,
1324 1102 1511 1163 potest.
1550 1090 1618 1146 Et
1664 1090 1807 1146 sicut
1852 1089 2123 1155 animam,

558 1202 667 1243 non
700 1186 824 1257 quia
853 1187 1131 1250 nolebant,
1161 1184 1257 1240 sed
1293 1174 1419 1253 quia
1460 1197 1567 1239 non
1596 1191 1845 1251 poterant
1874 1180 2125 1235 occidere

555 1289 773 1351 propter
824 1290 1091 1343 naturam,
1141 1278 1210 1333 ita
1258 1286 1315 1333 et
1361 1277 1487 1331 istic
1521 1274 1725 1331 dictum
1771 1282 1890 1351 est,
1951 1286 2126 1343 neque

553 1350 741 1425 videre
785 1376 1046 1440 possunt:
1071 1367 1194 1437 quia
1229 1380 1335 1421 non
1373 1365 1569 1421 callum
1608 1350 1896 1419 obumbrat
1933 1376 2002 1417 ne
2044 1362 2129 1417 vi-

555 1461 768 1526 deatur,
798 1461 892 1516 sed
932 1468 1126 1515 natura
1162 1471 1269 1514 nou
1321 1456 1816 1527 comprehenditur.
1846 1453 1919 1513 Ut
1944 1462 2124 1509 autem

555 1552 701 1609 scias
746 1550 881 1623 quia.
917 1546 1112 1607 calam
1156 1562 1265 1604 non
1310 1548 1488 1619 operit
1536 1562 1633 1602 eos
1674 1561 1744 1602 ne
1775 1545 1993 1602 videant
2034 1543 2127 1615 qui

555 1645 740 1699 videre
926 1637 1177 1712 possunt;
1220 1640 1443 1696 adverte
1487 1639 1615 1710 quid
1648 1638 1725 1694 ait
1770 1639 1891 1709 ipse
1937 1632 2123 1693 Deus:

558 1732 750 1788 Nostis
773 1724 962 1787 caleor
983 1739 1036 1786 et
1064 1728 1264 1785 terram
1302 1745 1396 1800 ego
1428 1727 1657 1796 implso'
1675 1726 1700 1782 τ
1747 1725 1960 1782 Intuere
1996 1725 2124 1796 quia

2223 540 2331 586 tem
2378 529 2616 585 audieris
2656 528 2782 598 quia
2814 525 2951 581 Dens
2996 523 3229 603 ambulat
3258 524 3315 577 in
3349 522 3617 592 paradiso
3640 520 3706 585 “,
3731 522 3809 576 ita

2221 623 2344 679 audi
2376 630 2431 678 et
2457 621 2525 676 de
2550 618 2690 676 Filio
2728 620 2856 691 quia
2886 617 3052 674 venit.
3091 616 3235 686 Ergo
3258 622 3313 670 et
3342 629 3469 668 cum
3501 612 3741 668 audieris
3770 628 3806 668 s

2222 714 2533 786 propheta:
2583 710 2715 778 Quis
2762 719 2841 767 est
2896 712 2986 781 qui
3030 709 3171 764 venit
3215 725 3280 764 ea
3325 705 3503 762 Edoni
3540 704 3624 760 “l
3671 706 3812 784 sicut

2220 804 2371 859 venit
2411 804 2499 872 qui
2532 805 2686 857 adeat
2728 802 2782 856 in
2821 802 3050 865 mundo,
3094 800 3169 854 ita
3207 799 3356 854 venit
3402 798 3500 868 qui
3549 796 3707 852 venit
3740 810 3812 850 ex

2222 896 2415 973 Edoni.
2440 895 2632 953 Vestes
2658 905 2841 949 autem
2873 894 2926 949 ei
2965 893 3160 948 rubras
3204 890 3464 961 imposuit
3497 888 3808 960 prophetia,

2224 1003 2347 1044 cum
2378 987 2567 1044 Daniel
2598 986 2801 1042 dixerit
2829 984 2949 1041 alha
2977 999 3100 1042 esse
3134 984 3252 1054 ejus
3286 983 3646 1037 vestimenta.
3674 979 3811 1035 lota

2222 1090 2403 1136 autem
2445 1078 2603 1134 nobis
2634 1078 2811 1135 fuerat
2844 1079 2948 1135 ista
2989 1077 3215 1149 quaestio
3241 1083 3299 1131 et
3329 1074 3398 1130 de
3429 1074 3684 1129 vestibus
3710 1088 3726 1127 :
3751 1079 3813 1126 et

2224 1174 2272 1231 si
2308 1189 2412 1229 non
2451 1173 2642 1230 luisset
2676 1182 2856 1239 mota,
2884 1170 3111 1228 rationis
3148 1177 3271 1227 erat
3305 1183 3413 1224 non
3453 1181 3583 1223 eam
3629 1175 3810 1221 trans-

2225 1266 2328 1322 ire.
2359 1264 2751 1321 Condiscamus
2786 1263 2914 1335 quid
2942 1272 3028 1319 est
3063 1262 3206 1334 quod
3246 1260 3447 1317 dicitur
3482 1265 3673 1314 vestes
3712 1257 3813 1312 ha-

2227 1355 2358 1411 bere
2400 1353 2601 1419 Deum,
2638 1360 2695 1409 et
2733 1354 2835 1409 has
2873 1353 3034 1409 modo
3073 1352 3289 1415 rubras,
3328 1350 3495 1405 modo
3526 1358 3715 1403 autem
3744 1346 3819 1401 al-

2226 1446 2345 1503 bas.
2387 1445 2502 1502 Non
2549 1446 2694 1501 enim
2722 1449 2986 1518 lactatum
3019 1443 3195 1499 dicam
3230 1442 3395 1498 Deum
3436 1440 3497 1495 in
3541 1439 3816 1504 vestibus,

2224 1543 2291 1591 et‘
2320 1550 2463 1591 nunc
2490 1535 2709 1607 quidem
2756 1535 2828 1589 ita
2868 1532 3076 1599 vestiri,
3110 1546 3258 1589 nunc
3298 1541 3482 1587 autem
3517 1531 3655 1597 alia,
3703 1541 3820 1586 tn-

2224 1641 2386 1698 quam
2433 1626 2750 1683 ohsoletatis
2800 1626 3102 1697 prioribus.
3164 1634 3259 1680 aut
3305 1638 3412 1679 non
3471 1623 3817 1679 ohsoletstis.

2228 1716 2458 1786 Quidam
2488 1718 2582 1773 sed
2611 1716 2797 1772 volunt
2826 1718 2995 1772 Deum
3018 1716 3073 1771 in
3107 1714 3350 1771 vestibus
3384 1712 3663 1781 iactatum
3690 1726 3813 1768 esse

556 1823 712 1880 adest
752 1822 991 1893 quidem,
1023 1827 1129 1877 non
1156 1821 1369 1878 videtur
1394 1831 1572 1876 autem
1607 1821 1730 1889 quia
1762 1828 1816 1875 et
1850 1818 2021 1874 adest.
2048 1816 2125 1872 Ita
2157 1806 2202 1866 Β
2227 1816 2284 1864 οι
2308 1807 2515 1862 clarum
2545 1808 2744 1873 videri.
2789 1816 3045 1876 tanquam
3097 1819 3207 1862 non
3249 1802 3485 1861 solliciat
3522 1804 3575 1859 el
3627 1814 3823 1859 natura

555 1915 754 1991 iterum
784 1914 926 1971 idem
956 1913 1246 1984 Apostolus
1274 1914 1342 1969 de
1373 1910 1653 1986 unlgeuito
1676 1911 1815 1967 Filio
1838 1906 1916 1967 ait
1941 1935 1954 1967 :
1981 1909 2124 1979 Quia

555 2017 635 2063 est
669 2006 845 2077 imago
883 2006 1164 2062 invisibilis
1191 2002 1352 2061 Dei".
1385 2002 1442 2060 Si
1469 2005 1615 2061 enim
1655 2004 1885 2060 dixisset
1932 2002 2126 2075 imagi-

557 2113 679 2153 nem
710 2106 937 2163 tantum,
962 2110 1328 2167 quereremus
1371 2096 1666 2152 secundum
1696 2095 1824 2166 quid
1860 2108 2004 2151 nunc
2032 2108 2127 2149 sc-

554 2188 701 2259 cepit
749 2185 1175 2243 similitudinem.
1227 2186 1288 2243 Si
1338 2194 1519 2241 autem
1572 2186 1737 2241 addat
1788 2186 2123 2257 imaginem,

553 2280 848 2335 secundum
893 2278 1024 2350 quid
1063 2278 1272 2348 accepit
1328 2276 1783 2333 similitudinem?
1833 2274 2123 2331 manifeste

554 2368 787 2422 dicens:
835 2364 1130 2422 invisibilis
1167 2376 1253 2428 est
1298 2365 1478 2433 Pater,
1525 2365 1813 2421 invisibilis
1859 2376 1915 2421 et
1955 2364 2128 2421 Filius

554 2458 755 2517 Patris.
807 2457 959 2514 Sicut
1006 2458 1150 2513 enim
1196 2459 1253 2514 in
1300 2457 1488 2515 Genesi
1533 2458 1793 2527 scriptum
1839 2466 1926 2512 est
1952 2446 1975 2512 ς’
2014 2454 2128 2511 Fo-

2222 1915 2319 1957 sua
2347 1917 2363 1953 :
2393 1909 2451 1955 ut
2492 1913 2636 1954 nunc
2668 1900 2885 1970 quidem
2925 1898 3048 1954 aliis
3082 1896 3326 1954 vestibus
3368 1898 3632 1963 indutus,
3666 1896 3826 1952 nobis

2225 1991 2411 2048 sedeat
2457 1989 2755 2046 secundum
2806 1987 3107 2054 Dsnielem,
3155 2002 3300 2044 nunc
3342 1995 3529 2042 autem
3572 1986 3707 2042 aliis
3734 1986 3824 2041 ln-

2224 2078 2386 2137 dutus
2412 2079 2596 2136 veniat
2631 2081 2927 2135 secundum
2972 2078 3191 2136 lsaism.
3228 2078 3339 2134 Sed
3370 2078 3453 2132 ha
3497 2077 3639 2149 ipsa
3678 2091 3830 2148 quae-

2224 2172 2428 2229 stioues
2468 2174 2639 2245 magis
2678 2173 2834 2228 nobis
2884 2156 3314 2243 interpretantur
3361 2181 3644 2228 naturam.
3693 2169 3830 2237 Quis

2226 2264 2394 2329 enim,
2427 2262 2625 2333 inquit,
2655 2273 2731 2318 est
2760 2264 2853 2334 qui
2877 2262 3014 2319 venit
3041 2277 3108 2318 ea:
3138 2260 3333 2328 Edoni,
3361 2263 3674 2335 interrogat
3706 2278 3832 2336 pru-

2226 2353 2420 2425 pheta,
2465 2355 2627 2409 rubro
2671 2356 2976 2410 usti-teuto
3025 2354 3222 2410 habens
3271 2369 3340 2409 ea:
3388 2352 3567 2410 Bosor
3589 2355 3683 2409 ιτι
3723 2355 3827 2410 lsta

2225 2446 2369 2501 enim
2406 2444 2549 2500 illius
2583 2446 2819 2501 nationis
2850 2445 3167 2516 metropolis
3204 2453 3345 2501 erat.
3374 2444 3687 2515 Respondit
3732 2460 3834 2517 per

555 2550 756 2603 ciamus
786 2549 1045 2605 hominem
1077 2552 1147 2603 ad
1185 2550 1468 2619 imaginem
1502 2558 1551 2602 et
1582 2548 1987 2602 similitudinem
2033 2563 2128 2601 uo-
2214 2543 2333 2600 hoc
2375 2544 2600 2614 spiritus
2649 2542 2926 2614 propheta
2966 2542 3060 2613 qui
3115 2542 3556 2613 interrogaverat
3596 2560 3614 2596 :
3655 2542 3833 2612 magis

556 2646 723 2691 stram
745 2637 789 2701 ⁸,
819 2646 874 2693 et
906 2640 959 2692 in
999 2625 1348 2707 sequentibus
1387 2636 1625 2692 ostendit
1664 2636 1960 2692 secundum
1998 2635 2131 2707 quid

556 2726 985 2782 similitudinem.
1027 2728 1119 2782 Ait
1163 2727 1348 2782 enim:
1382 2724 1457 2780 Et
1486 2727 1788 2781 dominetur
1819 2742 1979 2797 supra
2019 2739 2127 2782 trr-

556 2834 670 2873 rost
710 2817 952 2874 omnibus
995 2819 1224 2885 piscibus
1273 2820 1457 2883 utaris,
1487 2809 1551 2873 et'
1574 2817 1869 2874 volatilibus
1899 2817 2048 2885 eali,
2078 2826 2131 2873 et

554 2908 1058 2962 onimalibas’term
1085 2906 1150 2960 “.
1196 2907 1266 2961 Et
1301 2906 1565 2977 accipitur
1605 2906 1901 2961 secundum
1944 2904 2133 2977 imagi-

556 3012 678 3053 nem
717 3013 822 3055 nou
851 2999 993 3055 aliud
1019 2999 1120 3054 nisi
1140 2998 1233 3069 qui
1262 3013 1293 3051 a
1316 3012 1442 3065 rege
1469 2998 1579 3053 Deo
1633 2996 1885 3051 omnibus
1921 2996 2127 3053 consti-

556 3100 675 3145 tuto
708 3106 801 3145 rex
846 3090 939 3146 llet
968 3092 1046 3144 'et
1092 3090 1254 3144 homo
1293 3103 1483 3144 eorum
1546 3102 1666 3157 quae
1713 3101 1878 3157 supra
1928 3096 2129 3143 terram

556 3192 702 3237 sunt.
744 3180 810 3236 Et
846 3180 1161 3236 dominante
1197 3180 1303 3235 Deo
1341 3178 1590 3235 omnibus
1622 3179 1707 3235 his
1740 3192 1861 3249 qua:
1902 3177 2031 3262 fecit
2074 3178 2130 3234 in

557 3271 707 3327 i-mlo'
724 3281 782 3326 et
806 3273 860 3325 in
896 3281 1063 3336 terra,
1088 3270 1453 3326 dominabitur
1480 3278 1536 3325 et
1573 3270 1735 3338 homo
1768 3268 2021 3325 omnibus
2047 3269 2134 3326 bis

555 3377 695 3434 quos
725 3363 1048 3433 susceperit.
1079 3360 1233 3417 Sicut
1278 3362 1424 3416 enim
1466 3360 1577 3417 illic
1614 3361 1913 3417 similitudo
1940 3375 2134 3417 secun-

557 3454 685 3509 dum
728 3453 1018 3523 imaginem
1076 3452 1320 3508 salvatur
1359 3452 1415 3506 in
1460 3442 1919 3519 dominationem;
1968 3452 2044 3507 ita
2080 3461 2134 3513 et

557 3543 681 3601 istic
721 3528 1138 3615 quod'dicitur,
1183 3543 1275 3615 qui
1313 3552 1397 3599 est
1444 3543 1621 3612 imago
1670 3538 1972 3600 numnam
2000 3543 2135 3611 Dei,

556 3636 1016 3706 ronlltetur'quia
1059 3636 1202 3690 sicut
1246 3632 1413 3692 Pater
1466 3634 1753 3690 invisibilis
1795 3642 1910 3702 est,
1964 3635 2036 3690 its
2077 3645 2135 3690 et

558 3727 728 3785 Filius
762 3729 878 3793 Dei,
910 3729 1002 3799 qui
1045 3737 1131 3785 est
1172 3730 1352 3799 imago
1392 3726 1570 3784 Patris
1613 3728 1921 3793 invisibilis,
1953 3728 2157 3784 δεῦε-κ

559 3832 669 3875 tur.
696 3820 876 3892 Imago
903 3821 1046 3875 enim
1076 3821 1483 3876 similitudinem
1523 3821 1765 3908 exhibet.
1797 3821 1863 3877 Et
1896 3820 2038 3875 sicut
2065 3819 2132 3875 de

558 3911 722 3967 Patre
763 3914 962 3968 dictum
989 3921 1090 3976 est,
1129 3912 1238 3968 imo
1266 3915 1334 3969 ab
1362 3914 1466 3969 isto
1493 3913 1689 3981 Patre:
1721 3908 1918 3968 Caleni
1948 3922 1996 3966 et
2024 3922 2132 3969 ter-

557 4020 673 4058 ront
701 4019 794 4074 ego
831 4004 1020 4072 impleo
1046 4005 1110 4068 “,
1143 4014 1198 4059 et
1229 4021 1353 4060 cum
1401 4005 1557 4061 adest
1591 4006 1843 4062 omnibus
1893 4022 1997 4061 non
2050 4007 2135 4061 vi-

558 4097 758 4149 detur:
797 4096 871 4149 ita
904 4104 959 4150 et
987 4094 1055 4150 de
1091 4093 1228 4150 Filio
1258 4096 1462 4150 dictum
1501 4104 1622 4151 est:
1656 4094 1725 4150 In
1762 4096 1961 4150 stando
1998 4106 2133 4163 erat,

557 4194 609 4241 st
638 4186 859 4239 mandas
884 4202 1001 4240 sunt
1030 4203 1132 4241 non
1159 4183 1400 4256 cognovit
1427 4187 1495 4242 ¹¹.
1521 4184 1591 4241 Et
1617 4196 1769 4243 certe
1798 4188 1933 4243 dicit
1966 4187 2139 4243 Evan-

559 4277 756 4348 gelium
792 4295 807 4332 :
844 4278 970 4333 Erat
1018 4279 1192 4331 tamen
1229 4294 1407 4332 serant
1436 4278 1498 4333 ⁸⁸.
1546 4278 1755 4333 Lumen
1813 4274 1994 4334 autem
2055 4280 2137 4335 vl-

559 4372 719 4425 detur
761 4370 1099 4426 conducibile
1129 4385 1250 4426 esse
1299 4374 1489 4431 oculis.
1538 4372 1795 4428 Naturale
1845 4374 1991 4427 enim
2046 4382 2135 4429 est

2228 2646 2409 2691 autem
2450 2632 2672 2705 spiritus
2704 2634 2846 2691 Deus
2877 2644 3107 2706 utraque
3144 2632 3275 2690 facit
3305 2649 3323 2700 ;
3357 2641 3413 2690 et
3454 2634 3827 2706 interrogavit

2230 2727 2513 2797 propheta,
2554 2734 2609 2779 et
2639 2724 2929 2793 respondet
2968 2733 3030 2781 ut
3067 2724 3213 2780 Deus
3255 2740 3272 2779 :
3306 2720 3441 2795 Ego,
3476 2724 3662 2795 inquit
3683 2764 3698 2791 ,
3734 2723 3832 2795 qui

2229 2816 2415 2887 loquor
2446 2814 2813 2886 justitiam".
2857 2814 2987 2880 Cur,
3048 2814 3259 2885 inquit,
3303 2815 3483 2869 rubra
3538 2822 3677 2870 sunt
3724 2823 3833 2869 tu:

2231 2905 2444 2963 vestes?
2476 2906 2648 2963 Dicit:
2668 2906 2927 2962 Torcnlor
2956 2904 3157 2962 calcari
3181 2905 3329 2962 solas
3353 2907 3420 2960 ".
3460 2905 3519 2962 Si
3560 2917 3831 2977 quantum

2231 2997 2299 3051 ad
2330 2996 2533 3052 dictum
2565 3005 2805 3066 spectat,
2848 2996 2975 3066 quia
3013 3010 3296 3051 sermones
3337 2995 3495 3052 nobis
3540 2996 3835 3067 proferunt

2234 3080 2437 3144 inimici
2490 3106 2507 3142 :
2551 3088 2905 3159 incorporalis
2940 3088 3198 3154 torcular,
3236 3086 3437 3158 inquit,
3481 3087 3736 3155 calcari;
3778 3097 3838 3142 et

2235 3180 2379 3237 sicut
2421 3179 2714 3237 toreularia
2773 3195 2962 3251 sparsa
3008 3176 3134 3239 sunt
3181 3182 3519 3255 vestimenta
3572 3180 3732 3252 ejus,
3778 3192 3838 3240 et

2235 3270 2467 3329 rubredo
2517 3272 2799 3343 quadam,
2838 3287 2944 3328 non
2992 3282 3173 3331 tamen
3220 3272 3444 3337 locatio,
3482 3281 3609 3327 erat
3658 3266 3835 3327 vesti-

2235 3373 2536 3420 mentorum
2579 3364 2881 3431 naturalis,
2929 3379 3109 3435 neque
3159 3366 3252 3420 illa
3315 3379 3438 3435 quae
3473 3378 3545 3420 ex
3591 3362 3840 3420 artiﬁcio

2236 3454 2353 3511 lieri
2400 3456 2704 3512 consuevit.
2752 3454 2859 3511 Sed
2910 3457 3040 3528 quid
3095 3456 3295 3513 erant!
3337 3456 3689 3526 aspersiones
3725 3457 3841 3511 otio

2232 3548 2357 3616 que,
2385 3554 2445 3600 ut
2470 3561 2501 3600 a
2532 3545 2787 3602 torculari
2824 3546 2940 3603 lieri
2981 3547 3120 3603 solet
3151 3561 3539 3619 nonnunquam
3577 3548 3713 3603 vino
3736 3547 3833 3617 ja-

2234 3646 2464 3691 ctatum.
2494 3635 2633 3704 Quid
2677 3652 2808 3709 ergo
2849 3637 2902 3694 in
2946 3638 3117 3695 Edom
3162 3639 3326 3695 habet
3358 3639 3499 3695 Deus
3548 3639 3837 3695 torcular?

2234 3727 2293 3784 Si
2322 3730 2448 3799 quis
2478 3739 2657 3786 autem
2701 3731 2995 3789 calcaverit
3040 3733 3300 3800 torcular,
3330 3732 3600 3804 justitiam
3648 3734 3833 3805 loqui-

2235 3828 2341 3874 tur.
2371 3819 2429 3875 Si
2476 3830 2655 3877 autem
2694 3824 3101 3882 considerantes
3142 3826 3514 3882 invenerimus
3540 3841 3668 3897 qua:
3709 3836 3835 3883 erat

2235 3911 2337 3967 ista
2366 3927 2523 3983 gens,
2550 3924 2606 3968 et
2633 3927 2739 3983 qua
2767 3914 3116 3972 damnatione
3145 3916 3376 3972 dehitria
3411 3918 3744 3985 habebatur,
3774 3930 3833 3976 et

2234 4019 2395 4073 quam
2436 4003 2729 4060 vindictam
2770 4003 2838 4061 de
2879 4006 3067 4063 eadem
3102 4008 3231 4064 iecit
3270 4006 3447 4074 Deus,
3490 4018 3547 4064 et
3584 4024 3700 4080 quo
3742 4011 3831 4065 in-

2238 4095 2576 4151 terﬁciuntur
2596 4095 2842 4165 judicio:
2884 4113 3241 4170 aguoscemus
3268 4101 3394 4171 quia
3426 4102 3673 4157 torcular
3708 4118 3819 4158 non

2233 4196 2318 4244 est
2372 4188 2644 4255 torcular,
2689 4191 2783 4245 sed
2839 4190 3078 4247 vindicta
3127 4206 3226 4263 per
3294 4192 3636 4262 sanguinem.
3682 4194 3833 4251 Esau

2235 4289 2419 4334 autem
2463 4280 2536 4335 ob
2578 4281 2787 4337 ventris
2847 4282 3171 4337 edacitatem
3228 4284 3541 4339 distrahens
3596 4298 3830 4356 propter

2236 4377 2483 4425 ventrem
2534 4378 2742 4425 natura:
2782 4370 3087 4440 primitias;
3128 4370 3253 4441 quia
3298 4370 3445 4425 enim
3504 4370 3610 4427 hoc
3648 4374 3828 4443 ipsum

558 4459 771 4525 lumini,
797 4472 853 4514 ut
882 4476 977 4531 per
1010 4476 1136 4516 eum
1180 4462 1408 4518 visibilis
1448 4464 1752 4519 videantur.
1783 4462 1889 4520 Sed
1925 4466 1969 4520 si
2005 4464 2137 4520 sim-
2167 4483 2214 4538 υ
2239 4461 2622 4517 incontinentis
2661 4470 2811 4530 erat,
2855 4476 2925 4519 ex
2966 4464 3097 4518 vitio
3140 4463 3329 4519 habuit
3367 4473 3423 4518 et
3458 4465 3827 4535 nuncupatio—

558 4553 770 4623 pliciter
808 4553 986 4610 lumen
1024 4555 1283 4635 dixisset,
1325 4558 1609 4627 oportebat
1653 4573 1751 4613 nos
1796 4559 1866 4613 de
1908 4558 2011 4614 hoc
2053 4558 2131 4613 lu-

559 4643 707 4700 mine
737 4646 1001 4715 suspicari
1028 4648 1254 4712 dictum,
1294 4658 1348 4704 et
1386 4650 1455 4705 de
1483 4651 1599 4707 istis
1632 4652 1823 4706 oculis.
1867 4651 1973 4707 Sed
2012 4653 2138 4723 quia

561 4750 667 4790 non
700 4736 1018 4806 simpliciter
1050 4738 1183 4792 dicit
1231 4739 1410 4795 lumen
1440 4759 1455 4795 :
1490 4742 1585 4798 sed
1625 4753 1769 4810 erat,
1815 4744 2023 4815 inquit,
2054 4744 2139 4799 lu-

558 4846 676 4884 men
707 4847 883 4885 omni
909 4831 991 4884 ’δε
1034 4830 1186 4902 pellit
1218 4833 1357 4886 istud
1392 4831 1571 4888 lumen
1610 4837 1752 4905 quod
1796 4850 1982 4890 verum
2030 4851 2136 4891 nou

558 4931 662 4975 est.
714 4919 844 4973 Erat
892 4921 1067 4975 (einen
1103 4937 1278 4975 eorum
1322 4922 1529 4981 ueniens
1574 4922 1631 4977 in
1677 4923 1813 4979 hunc
1858 4926 2133 4980 mundam.

560 5011 695 5076 Quia
734 5011 880 5065 enim
916 5012 1051 5067 dixit
1079 5014 1314 5078 veniens,
1342 5014 1579 5084 suspicio
1606 5024 1723 5070 erat
1751 5016 1875 5085 quia
1911 5018 2135 5074 veniens

560 5100 795 5153 nondum
826 5097 1137 5156 advenerat.
1164 5100 1412 5157 lucidens
1456 5113 1635 5158 autem
1678 5107 1942 5161 sermonis
1981 5106 2133 5162 iulir-

561 5192 798 5246 mitatem
834 5194 1175 5250 conﬁrmavit
1202 5196 1399 5249 mentis
1443 5194 1792 5252 intellectum.
1821 5198 1954 5265 Quia
1984 5202 2129 5255 enim

559 5282 726 5347 dixit,
777 5281 909 5337 Erat
958 5284 1132 5339 lumen
1184 5301 1374 5341 verum
1422 5287 1643 5341 veniens
1684 5288 1735 5341 in
1783 5290 1924 5343 hunc
1972 5306 2131 5343 utun-

560 5370 687 5423 dnm
727 5387 742 5425 :
785 5381 843 5425 ut
885 5387 990 5426 non
1038 5382 1284 5441 putares,
1331 5376 1457 5445 quia
1504 5390 1607 5429 non
1657 5376 1842 5432 aderat
1889 5394 2128 5449 praesens

559 5471 847 5529 antequam
896 5467 1138 5530 veniret,
1181 5478 1240 5521 ut
1272 5467 1471 5522 dicitur
1503 5484 1533 5521 a
1580 5470 1927 5537 quihusdam,
1976 5472 2124 5527 addit

557 5552 836 5621 corrigens
880 5570 1222 5614 sermonem:
1252 5557 1319 5613 In
1364 5557 1565 5613 mando
1601 5571 1732 5615 erat.
1767 5561 1824 5617 Si
1862 5563 2027 5633 igitur
2062 5564 2116 5618 in

630 5710 707 5783 '_l
754 5708 863 5765 l‘itn
915 5729 985 5773 vt,
1021 5715 1105 5769 l6.
1193 5716 1213 5747 ⁷
1240 5716 1399 5772 ιΙΙιετ.
1428 5734 1592 5783 um,
1632 5719 1721 5774 2i.

561 5781 602 5821 ι’
638 5779 793 5837 Joan.
822 5798 859 5849 ι,
892 5784 976 5837 ill.
1056 5787 1096 5817 "
1137 5784 1263 5844 ibid.
1281 5790 1335 5844 9.
1416 5790 1456 5822 ⁸³
1496 5779 1626 5845 ibid.
1705 5792 1747 5823 "
1787 5791 1922 5848 Gen.
1951 5807 2031 5861 lli,
2067 5797 2120 5849 8.

2246 4567 2389 4609 netu.
2420 4553 2488 4609 Et
2526 4564 2611 4610 est
2638 4554 2805 4610 Edam
2837 4554 2981 4624 quod
3025 4556 3412 4625 interpretatur
3451 4556 3705 4611 avaritia.
3748 4554 3827 4611 Ex

2244 4639 2351 4699 isto
2392 4644 2557 4715 igitur
2600 4644 2741 4700 Esau
2787 4644 2930 4700 iacta
2985 4656 3071 4701 est
3122 4659 3253 4714 gens
3290 4646 3669 4703 ldumaorum.
3715 4647 3829 4703 ista

2243 4748 2409 4804 gens,
2445 4735 2569 4803 quia
2619 4745 2675 4790 et
2712 4734 2854 4789 Esau
2896 4744 3015 4790 erat
3062 4734 3231 4792 frater
3270 4735 3461 4803 Iacob,
3492 4736 3684 4808 utique
3731 4742 3829 4793 de-

2243 4825 2357 4878 huit
2393 4825 2654 4895 aequalem
2695 4825 2993 4881 fraternam
3023 4830 3310 4896 quamdam
3353 4828 3696 4884 aﬂeetiouem
3725 4830 3827 4885 ha-

2240 4915 2369 4969 bere
2409 4919 2478 4971 ad
2523 4917 2800 4987 populum.
2848 4914 2951 4983 Qui
2998 4930 3122 4972 cum
3171 4934 3278 4973 non
3327 4920 3589 4985 haberet,
3636 4923 3826 4977 lucre-

2241 5014 2401 5073 patur
2427 5005 2476 5059 ei
2516 5022 2547 5059 a
2580 5006 2692 5061 Deo
2720 5008 2848 5076 quia
2880 5020 2987 5061 non
3026 5009 3266 5063 servavit
3301 5019 3519 5079 pactum
3560 5010 3828 5066 fraterni-

2241 5090 2369 5152 tatis
2422 5100 2490 5153 ad
2542 5099 2824 5167 populum.
2882 5097 3021 5167 Quid
3075 5113 3206 5170 ergo
3255 5100 3633 5169 praevaricavit
3689 5115 3821 5157 con-

2237 5189 2462 5246 scientia
2496 5191 2563 5245 ad
2598 5190 2842 5255 fratrem,
2870 5201 2923 5247 et
2949 5193 3127 5247 erexit
3151 5191 3388 5263 iudicem
3426 5192 3693 5247 adversus
3721 5192 3828 5248 se?

2239 5279 2506 5350 Propheta
2542 5292 2723 5336 autem
2770 5284 3070 5353 praevidens
3101 5282 3343 5339 futurum
3381 5285 3449 5341 de
3488 5285 3697 5341 eisdem
3736 5286 3826 5356 ju-

2236 5380 2433 5435 dicium
2472 5389 2530 5433 et
2569 5379 2887 5445 vindictam,
2918 5390 2977 5435 ut
3020 5381 3279 5436 lsraelitm
3316 5383 3383 5437 de
3412 5379 3663 5437 ldumais
3708 5384 3823 5439 via-

2231 5470 2567 5535 dicarentur,
2596 5478 2884 5539 antequam
2916 5470 3071 5527 ﬂeret
3096 5471 3332 5526 vindicta
3360 5473 3508 5527 videt
3524 5471 3822 5543 judicium,

2223 5563 2448 5620 etdicit
2490 5576 2507 5615 :
2569 5561 2703 5629 Quis
2735 5572 2810 5617 est
2864 5563 2955 5634 qui
2998 5564 3130 5620 venit
3180 5580 3246 5619 ea:
3274 5563 3513 5621 Edoni?
3552 5564 3623 5621 Et
3676 5578 3824 5623 certe

1797 5723 1818 5753 ⁸
1857 5722 2061 5777 Coloss.
2094 5738 2129 5789 ι,

2230 5723 2262 5777 i.
2339 5723 2361 5755 ’
2400 5722 2539 5778 Gen.
2580 5740 2633 5790 ι,
2672 5724 2763 5780 26.
2852 5724 2894 5755 ’⁵
2936 5725 3064 5781 ibid.
3146 5724 3185 5758 "
3227 5724 3335 5781 Jer.
3379 5740 3557 5789 xxiii,
3603 5724 3699 5781 ει.

2200 5794 2242 5825 ⁸⁸
2280 5795 2385 5851 lsa.
2415 5810 2568 5863 util,
2605 5798 2649 5850 l.

2730 5798 2772 5835 '1
2815 5794 2943 5853 ibid.
3025 5796 3065 5829 “
3105 5794 3230 5851 ibid.
3269 5796 3324 5852 ’5.
3403 5797 3445 5827 "
3483 5795 3616 5851 ihi‘tl.
