4000 6470
220 411 323 464 Ἆγι

1234 392 1324 446 ns;
1364 374 1835 448 ιυσοιιροιυιιι
1872 384 1965 443 ET
2002 385 2351 444 tNVtStstLt
2380 384 2537 442 nso.
2619 455 2622 458 ρ

3391 380 3532 439 1118

230 534 481 593 quantum
512 500 588 563 ιιὶ
643 526 776 568 rem
828 512 1062 567 necdum
1107 510 1211 568 hoc
1250 512 1476 566 scierat.
1524 509 1582 565 Si
1642 519 1827 565 autem
1855 507 1905 569 Α
1933 522 2131 577 capere
2185 508 2376 563 volunt
2420 504 2748 575 strepitibus
2791 502 3121 573 quibusdam
3168 510 3225 555 et
3269 502 3439 567 sonis,
3475 510 3534 557 et

235 614 456 667 necdum
480 608 630 662 iacto
664 603 885 671 judicio
926 615 1186 674 tanquam
1218 601 1332 670 jam
1372 602 1614 666 fecisset,
1643 609 1697 655 et
1738 614 1830 655 ve—

235 700 352 756 nire
383 701 593 755 videtur
635 709 767 751 cum
812 694 1016 750 dicitur
1056 707 1349 764 apparere,
1387 692 1633 772 necdum
1663 704 1833 758 appa-

231 801 341 859 ret,
373 805 483 845 non
525 785 651 858 quia
691 793 919 856 apparet
959 793 1250 853 antequam
1283 784 1476 839 .veniat
1506 796 1575 836 ex
1608 776 1777 836 Edom
1808 796 1825 848 ;

228 886 350 940 viso
386 882 531 938 enim
568 893 675 933 non
707 877 922 933 videtur
948 875 1041 947 qui
1087 874 1352 945 praevenit
1384 873 1686 936 visionem,
1737 886 1833 926 ne-

223 990 339 1045 que
368 972 694 1027 vestimenta
729 971 914 1035 habet,
942 966 1127 1039 qualia
1162 966 1417 1036 apparuit
1446 964 1652 1020 habens
1681 982 1693 1018 :
1732 961 1829 1018 sed

217 1067 357 1137 quia
394 1063 511 1118 vult
542 1055 708 1118 veluti
754 1062 968 1133 aspergi
1014 1075 1108 1115 sua
1138 1059 1462 1114 vestimenta
1506 1070 1535 1110 a
1569 1054 1833 1125 sanguine

216 1173 417 1213 eorum
446 1158 541 1228 qui
575 1155 724 1226 digni
768 1165 897 1210 sunt
937 1160 1136 1209 morte.
1172 1150 1289 1205 Non
1338 1148 1487 1204 enim
1523 1149 1591 1203 ad
1632 1147 1829 1204 caelum

213 1247 622 1303 transmittitur
675 1232 1121 1300 interiicientium
1176 1239 1440 1312 sanguis,
1480 1239 1576 1294 sed
1614 1253 1684 1293 ex
1729 1238 1834 1293 hoc

209 1336 470 1391 maxime
508 1335 822 1405 agnoscitur
852 1331 979 1402 quia
1028 1326 1393 1399 incorporalis
1436 1334 1522 1381 est
1561 1322 1739 1389 Deus,
1776 1330 1835 1379 et

204 1426 576 1482 vestimentis
618 1438 727 1480 non
775 1422 1003 1491 indiget.
1050 1420 1189 1488 Quia
1227 1432 1350 1489 quae
1398 1423 1626 1486 apparet
1668 1414 1831 1469 indu-

202 1526 341 1583 tus,
368 1515 693 1589 signiﬁcatio
725 1524 813 1569 est
842 1512 1014 1581 magis
1044 1509 1347 1576 efﬁcientia;
1376 1523 1539 1577 quam
1570 1505 1833 1562 eabibitio

199 1617 461 1666 natum.
500 1607 637 1663 Cum
684 1605 897 1676 judicat
927 1604 1093 1658 habet
1136 1608 1356 1665 sedem,
1395 1607 1452 1654 et
1493 1598 1585 1669 qui
1623 1596 1833 1668 judicat

199 1701 527 1767 mundum,
577 1697 731 1752 albas
772 1695 891 1765 ejus
939 1708 1062 1749 esse
1112 1702 1292 1749 vestes
1344 1690 1626 1759 Scriptum
1677 1686 1831 1743 dicit.

1939 600 2302 671 tbymiamate
2332 598 2584 655 volantes
2611 596 2898 653 detinent:
2924 595 3001 651 ita
3031 603 3086 649 et
3122 594 3385 649 immundi
3426 594 3535 663 spi-

1933 693 2077 748 ritus
2112 693 2262 748 circa
2294 691 2572 748 immunda
2614 698 2908 762 vagantur,
2945 699 3003 744 et
3030 697 3281 759 quaerunt
3303 704 3411 744 non
3438 688 3534 744 ubi

1936 799 2107 855 purus
2143 792 2228 839 est
2275 780 2395 851 ﬂos,
2451 783 2548 838 sed
2595 781 2687 837 ubi
2739 781 3163 843 contaminatio.
3196 779 3287 835 ubi
3333 779 3534 835 fabulae
3590 804 3594 809 ί

1935 876 2257 940 mendaces,
2310 875 2405 930 ubi
2439 875 2617 946 imago
2668 873 2804 928 false
2837 874 3088 945 ﬁgurata,
3119 872 3210 927 tibi
3261 872 3531 927 sacriﬁcia

1935 967 2229 1035 malitiosa,
2274 967 2367 1022 ubi
2406 966 2666 1021 mulieres
2708 966 3017 1036 impudica,
3061 966 3153 1020 ubi
3197 965 3299 1019 viri
3349 959 3532 1031 incisi,

1934 1058 2026 1113 ubi
2058 1057 2147 1113 dei
2178 1056 2413 1119 adulteri
2448 1056 2551 1127 (7),
2590 1056 2682 1112 ubi
2714 1056 2830 1112 dese
2871 1055 3236 1118 iornicantes.
3271 1055 3362 1110 ubi
3404 1069 3536 1133 san-

1932 1148 2056 1220 guis
2102 1156 2157 1204 et
2172 1148 2419 1219 pollutio,
2448 1148 2538 1202 ubi
2572 1147 2740 1225 tibiae,
2773 1146 2867 1203 ubi
2895 1146 3138 1211 saltatio,
3166 1146 3258 1201 ubi
3291 1145 3531 1210 nuditas,

1933 1241 2025 1296 ubi
2055 1242 2238 1313 omnis
2272 1241 2574 1311 turpitudo.
2604 1239 2666 1295 ln
2715 1240 3021 1296 istiusmodi
3066 1240 3335 1295 immundi
3369 1240 3533 1312 spiri-

1935 1341 2022 1387 tus
2051 1332 2421 1403 requiescunt.
2451 1331 2508 1389 Si
2542 1344 2731 1389 autem
2768 1334 2972 1390 viderit
2998 1332 3239 1405 aliquem
3270 1334 3322 1388 in
3340 1332 3532 1388 habitu

1931 1425 2132 1497 pudico
2174 1436 2232 1482 et
2270 1427 2530 1495 honesto,
2557 1428 2810 1482 indutum
2847 1440 2972 1481 esse
3002 1427 3292 1483 Dominum
3319 1423 3534 1489 Jesum,

1932 1508 2120 1571 statim
2167 1515 2333 1582 dicit;
2383 1531 2509 1586 quae
2557 1516 2695 1571 dicit
2766 1515 3027 1585 permitte
3056 1536 3071 1572 :
3104 1515 3236 1586 quid
3278 1516 3436 1572 nobis
3476 1524 3536 1571 et

1935 1608 2073 1664 tibi?
2114 1606 2233 1664 Non
2274 1617 2359 1664 est
2394 1617 2583 1679 aptum
2627 1608 2811 1663 lumen
2855 1608 2942 1664 his
2969 1608 3067 1680 qui
3101 1608 3214 1664 lazsi
3252 1618 3381 1665 sunt
3404 1624 3539 1666 ocu-

1933 1700 2051 1768 lis;
2084 1702 2153 1757 ad
2188 1700 2446 1757 tenebras
2474 1700 2623 1757 enim
2645 1710 3065 1766 convertentur,
3095 1702 3351 1758 tenebras
3388 1700 3536 1757 inse-

195 1790 365 1851 Cum
417 1799 601 1847 autem
656 1790 856 1845 iterum
903 1786 1150 1841 vindicta
1197 1785 1525 1855 completur,
1562 1794 1822 1853 tanquam

1934 1803 2195 1863 quentur,
2222 1792 2277 1847 in
2320 1791 2568 1848 tenebris
2613 1791 2991 1862 requiescunt.
3025 1790 3160 1849 Cum
3195 1801 3376 1848 autem
3419 1794 3536 1863 spi-

199 1884 543 1957 regrediens
573 1881 740 1937 rubra
781 1882 903 1953 ejus
931 1880 1066 1938 dicit
1107 1894 1230 1950 quae
1278 1892 1384 1933 non
1434 1884 1595 1933 erant
1626 1876 1821 1941 "Ib".
1853 1856 1898 1912 Β
1929 1856 2071 1940 ritus
2095 1856 2413 1939 immundus
2439 1856 2725 1955 quaesierit
2762 1885 2817 1937 in
2852 1883 3086 1940 desertis
3115 1894 3173 1939 et
3204 1884 3373 1940 aridis
3398 1856 3535 1942 locis

198 1988 272 2033 et
304 1978 639 2034 vestimenta
680 1990 802 2046 qua:
848 1990 957 2031 non
989 1980 1148 2029 erant
1180 1970 1504 2027 vestimenta
1543 1985 1559 2022 :
1597 1976 1659 2023 ut
1700 1975 1830 2023 ante

198 2070 440 2126 audiret
484 2069 713 2141 populus
756 2068 884 2139 quia
925 2065 1218 2121 vindictam
1277 2062 1431 2118 facit.
1482 2060 1598 2131 Ego
1644 2067 1827 2115 autem

203 2161 517 2217 audiebam
565 2160 891 2230 prophetam
953 2156 1221 2213 dicentem
1272 2168 1378 2208 non
1426 2152 1493 2207 de
1531 2149 1643 2206 Deo
1686 2149 1826 2215 solo,

207 2254 324 2309 sed
369 2260 425 2309 et
467 2252 535 2308 de
570 2252 877 2316 sacerdote,
921 2248 1108 2305 nescio
1152 2260 1281 2318 quo,
1312 2245 1405 2316 qui
1439 2244 1663 2299 indutus
1710 2248 1831 2298 erat

207 2347 549 2405 vestimenta
582 2346 724 2401 sicut
752 2343 1027 2399 induimur
1067 2350 1125 2396 et
1161 2354 1280 2395 nos.
1311 2338 1443 2407 Qua:
1483 2346 1665 2389 autem
1694 2332 1832 2388 vidit

207 2437 497 2509 propheta
534 2436 884 2499 vestimenta,
917 2440 973 2487 et
1009 2445 1131 2502 qua:
1176 2426 1487 2484 imtnutavit
1525 2424 1788 2479 visionem
1811 2461 1829 2487 ,

209 2544 335 2585 non
385 2535 512 2584 sunt
556 2527 663 2583 ista
718 2525 1045 2581 vestimenta
1099 2537 1223 2593 quas
1257 2535 1358 2577 nos
1416 2518 1716 2576 induimur.
1767 2514 1828 2571 Si

211 2632 408 2676 autem
452 2622 544 2690 qui
592 2616 834 2674 induitur
878 2616 984 2672 ista
1036 2614 1360 2671 vestimenta
1403 2612 1569 2669 homo
1610 2609 1831 2680 conspi-

212 2713 374 2770 citur
423 2713 647 2768 indutus
700 2719 758 2767 et
819 2719 1069 2774 mutans,
1118 2717 1176 2765 et
1232 2705 1541 2776 patiebatur
1605 2705 1827 2775 quidem

216 2808 322 2867 ille
361 2806 495 2863 nihil
534 2821 725 2862 eorum
766 2819 890 2875 quia
931 2804 1069 2859 vidit
1112 2802 1408 2873 propheta,
1458 2798 1604 2855 facta
1646 2809 1829 2853 autem

216 2911 390 2965 sunt,
427 2913 549 2969 qua
586 2896 733 2953 videt
768 2897 1031 2967 propheta
1076 2892 1154 2964 (6)
1189 2913 1201 2948 :
1248 2893 1293 2948 si
1337 2892 1404 2947 de
1449 2890 1671 2946 homine
1704 2888 1828 2954 ista,

220 3002 437 3065 quanto
467 2992 642 3061 magis
679 2990 747 3046 de
802 2986 961 3044 Deo?
1023 2985 1231 3042 Dicitur
1280 2984 1335 3040 in
1396 2982 1663 3039 Zacharia
1703 2997 1831 3052 pro-

224 3087 432 3156 pheta:
472 3083 715 3139 Osteudit
747 3082 881 3138 ntilti
924 3079 1069 3136 Deus
1111 3078 1299 3135 Jesum
1345 3093 1613 3133 sumntum
1649 3092 1828 3131 sacer-

1932 1975 2175 2045 requiem
2204 1984 2259 2031 et
2291 1990 2398 2031 non
2424 1975 2715 2041 inveni-rit,
2750 1977 2960 2032 exierat
2981 1976 3130 2041 enim
3155 1978 3227 2033 ab
3263 1977 3483 2033 homine
3516 1992 3534 2033 :

1931 2065 2189 2133 Redeunt,
2218 2054 2421 2138 inquit,
2446 2069 2515 2122 ad
2558 2069 2771 2122 domum
2802 2084 2972 2123 meam
2998 2069 3138 2125 uade
3161 2070 3300 2125 exiri
3318 2070 3386 2125 ³³.
3422 2069 3536 2126 Do-

1930 2173 2081 2215 mum
2136 2173 2292 2214 suam
2354 2168 2515 2215 vocat
2559 2174 2710 2223 eum,
2735 2161 2830 2229 qui
2865 2160 3104 2215 voluerit
3162 2162 3359 2215 domus
3412 2175 3538 2220 esse

1929 2250 2071 2322 ejus.
2110 2248 2171 2306 Si
2204 2258 2390 2307 autem
2424 2249 2669 2316 redierit,
2701 2249 2900 2321 inquit,
2927 2250 3157 2319 spiritus
3189 2250 3528 2318 immundus,

1929 2351 1987 2399 et
2023 2326 2292 2398 invenerit
2346 2342 2626 2397 hominem
2689 2343 2840 2397 illum
2900 2354 3153 2413 paratum
3206 2343 3358 2399 sibi:
3402 2346 3534 2416 quia

1928 2436 2075 2489 enim
2109 2435 2247 2491 vidit
2283 2436 2523 2507 spatium
2576 2435 2632 2490 in
2689 2434 2859 2502 malo,
2904 2450 3014 2490 non
3064 2436 3183 2492 vult
3231 2435 3347 2506 jam
3385 2436 3541 2494 solus

1930 2527 2204 2595 habitare,
2233 2531 2330 2585 sed
2357 2530 2508 2584 vadit
2540 2538 2596 2585 et
2622 2528 2862 2585 assumit
2886 2527 3028 2585 alios
3052 2538 3266 2601 septem
3305 2530 3540 2602 spiritus

1931 2620 2036 2677 sibi
2082 2610 2401 2691 nequiores,
2436 2634 2492 2676 et
2542 2621 2763 2691 octuplo
2813 2630 3082 2693 quantum
3120 2621 3191 2677 ad
3240 2634 3536 2676 numerum

1931 2712 2059 2784 quia
2090 2713 2308 2784 pejores
2339 2713 2594 2769 assumit.
2632 2712 2751 2769 Non
2783 2715 2930 2769 enim
2958 2724 3228 2783 quantum
3270 2727 3539 2770 numerus

1932 2805 2282 2877 multiplicat,
2313 2814 2525 2861 tantum
2558 2806 2737 2862 solum
2769 2815 2825 2863 et
2854 2807 3063 2862 malitia
3098 2807 3268 2865 addit.
3301 2804 3379 2861 Ita
3408 2820 3536 2862 cum

1931 2901 2164 2969 cieperit
2188 2901 2313 2970 quis
2338 2901 2545 2957 moveri
2579 2902 2648 2956 ad
2684 2917 2909 2958 cursum
2943 2903 3172 2968 malum,
3201 2911 3299 2957 aut
3323 2901 3392 2957 ad
3416 2911 3537 2958 tur-

1932 3005 2057 3061 pem
2084 2991 2357 3061 loquelam
2388 3006 2544 3046 suam
2571 2992 2850 3061 paraverit
2876 2992 3155 3062 linguam;
3190 2993 3399 3047 invenit
3420 2992 3533 3061 spi-

1935 3084 2075 3139 ritus
2101 3083 2420 3139 immundus
2446 3094 2864 3153 operatnentnm
2892 3083 3005 3153 jam
3052 3084 3351 3155 incipiente
3382 3086 3529 3141 mala

225 3180 405 3233 dotem
440 3178 488 3210 ³⁸
534 3196 550 3233 :
600 3175 786 3233 Jesum
835 3175 1025 3232 dicens
1085 3172 1459 3235 sacerdotem,
1510 3186 1620 3227 non
1678 3170 1826 3225 illum
1854 3208 1900 3267 α
1934 3175 2004 3230 ab
2038 3173 2286 3241 homine,
2339 3182 2395 3228 et
2441 3175 2691 3246 suggerit
2734 3174 2941 3243 pejora,
2981 3184 3039 3229 et
3073 3174 3241 3230 elﬁcit
3276 3176 3378 3231 ista
3407 3190 3534 3246 quae

226 3271 469 3327 ostendit
512 3270 796 3324 Dominum
854 3266 1039 3324 Jesum
1068 3267 1159 3336 qui
1195 3276 1280 3320 est
1310 3264 1553 3333 pontifex
1606 3262 1826 3334 pontill-
1864 3262 1923 3291 *ι

229 3379 354 3418 cum
390 3371 444 3419 et
471 3361 727 3418 sacerdos
749 3360 1113 3415 sacerdotum.
1144 3356 1212 3411 Et
1237 3359 1353 3420 iste,
1386 3357 1581 3426 inquit,
1608 3358 1826 3410 vestitus

229 3458 344 3503 erat
376 3450 684 3503 uestimenta
727 3446 982 3512 sordida,
1014 3455 1062 3501 et
1101 3446 1276 3501 stabat
1317 3444 1564 3499 diabolus
1606 3462 1639 3499 a
1692 3446 1825 3499 dea:-

230 3542 331 3595 tris
372 3540 489 3610 ejus
543 3541 759 3610 cupiens
795 3556 914 3595 eum
968 3556 1154 3595 nocere
1173 3539 1244 3596 “.
1296 3538 1467 3603 Erant
1514 3539 1660 3595 enim
1712 3540 1829 3607 ejus

232 3633 452 3688 sordida
494 3632 838 3688 vestimenta.
881 3630 1038 3687 Sicut
1080 3633 1227 3689 enim
1264 3646 1448 3687 mures
1493 3632 1560 3687 ad
1610 3631 1827 3687 nidores

233 3734 568 3780 concurrunt
598 3742 612 3779 :
641 3724 714 3779 ita
742 3723 994 3780 diabolus
1020 3732 1075 3779 et
1126 3723 1271 3779 illius
1301 3724 1577 3779 exercitus
1622 3724 1714 3778 illo
1740 3724 1830 3779 de-

234 3816 469 3873 lectatur
492 3818 707 3873 nidore.
741 3815 808 3872 Et
836 3817 941 3873 hoc
964 3817 1109 3889 quod
1139 3827 1260 3873 erat
1298 3818 1498 3874 lectum
1537 3825 1625 3873 est
1651 3835 1663 3870 :
1693 3818 1826 3871 Cum

230 3910 453 3979 spiritus
486 3925 711 3979 nequam
765 3908 955 3964 exierit
998 3910 1064 3963 ab
1104 3909 1336 3977 homine,
1367 3909 1555 3963 circuit
1596 3910 1827 3964 desertos

232 3996 399 4065 locos,
421 4010 469 4053 et
494 3999 683 4071 quierit
726 4000 1036 4070 requiem".
1073 3998 1232 4054 Sicut
1258 4010 1316 4055 et
1348 4014 1515 4055 canes
1563 3999 1828 4070 coquina-

235 4108 357 4150 rttm
385 4093 666 4165 requirunt
701 4092 793 4148 ubi
834 4093 1079 4165 sanguis,
1108 4092 1199 4147 ubi
1242 4104 1483 4158 stercus,
1512 4093 1603 4148 ubi
1646 4094 1829 4147 inlota:

235 4185 552 4255 interanea,
588 4194 643 4241 et
691 4185 802 4242 illic
849 4196 1202 4243 concurrunt.
1248 4185 1316 4241 Et
1360 4187 1504 4242 sicut
1539 4187 1635 4258 qui
1692 4185 1825 4242 foris

234 4287 481 4341 currunt,
538 4277 891 4334 adinveniunt
929 4278 1073 4348 quod
1127 4287 1282 4349 turpe
1312 4288 1400 4338 est
1445 4279 1695 4356 verbum,
1733 4280 1825 4346 qui

208 4367 391 4427 'actus
438 4368 659 4436 fmdos;
714 4368 790 4424 ita
836 4384 961 4426 cum
1010 4369 1233 4440 spiritus
1277 4369 1590 4426 immundus
1631 4368 1827 4425 exierit

233 4461 307 4516 ab
333 4461 574 4526 homine,
605 4460 802 4517 circuit
846 4460 1058 4516 deserta
1113 4469 1169 4515 et
1216 4460 1368 4515 arida
1411 4459 1530 4515 loca
1571 4474 1826 4531 quaerens

1932 3276 1991 3322 et
2019 3266 2241 3322 videtis.
2278 3265 2399 3323 Non
2432 3266 2577 3322 enim
2611 3274 2697 3322 est
2727 3266 2874 3337 quod
2919 3266 3121 3322 videtis
3160 3275 3400 3333 tantum,
3435 3267 3535 3323 sed

1933 3358 2311 3429 unusquisque
2358 3371 2552 3413 eorum
2584 3367 2793 3427 septem
2829 3367 2885 3411 et
2915 3357 3100 3427 plures
3140 3368 3289 3414 sunt.
3320 3355 3456 3413 Nam
3481 3368 3539 3411 et

1934 3451 2119 3520 plures
2168 3449 2375 3504 habent
2404 3449 2700 3505 daemones.
2741 3448 2800 3504 Si
2827 3451 2956 3520 quis
3001 3461 3184 3505 autem
3224 3449 3529 3505 recedenti-

1932 3541 2035 3598 bus
2060 3542 2423 3604 da-monibus.
2460 3542 2602 3597 sicut
2653 3541 2919 3597 ebrietate
2950 3542 3262 3606 recedente,
3294 3542 3531 3597 voluerit

1938 3636 2309 3707 interrogare.
2351 3637 2397 3692 si
2439 3648 2621 3691 tamen
2654 3646 2710 3691 et
2745 3637 3037 3706 agnoverit
3065 3634 3300 3704 aliquem
3338 3647 3531 3688 eorum

1933 3727 2028 3797 qui
2067 3743 2214 3782 nunc
2244 3727 2559 3799 gloriantur
2588 3728 2641 3781 in
2677 3724 3110 3795 turpitudinibus
3141 3723 3280 3789 suis,
3314 3722 3432 3794 ipse
3456 3724 3535 3779 sit

1930 3820 2020 3889 qui
2067 3818 2301 3874 faciebat
2332 3820 2470 3882 haec,
2514 3828 2608 3873 aut
2650 3817 2801 3883 fecit,
2846 3826 2942 3871 aut
2977 3815 3192 3871 locutus
3222 3824 3351 3883 est;
3404 3828 3536 3871 vero

1931 3912 2165 3969 eﬂicitur
2211 3913 2343 3967 illud
2394 3912 2755 3983 apostolicum
2806 3910 3012 3965 dictum
3046 3925 3060 3962 :
3091 3910 3247 3976 Quod
3299 3909 3535 3979 fructum

1935 4006 2209 4059 habebatis
2240 4015 2390 4071 tunc,
2420 4006 2474 4059 in
2498 4005 2685 4075 quibus
2713 4020 2851 4057 nunc
2875 4000 3370 4071 confundimini“?
3407 3998 3535 4056 Sic-

1930 4108 1989 4152 ut
2029 4098 2175 4152 enim
2242 4111 2386 4152 nunc
2434 4098 2683 4151 videmus
2744 4096 3056 4150 immundos
3103 4094 3333 4166 spiritus
3384 4093 3535 4149 acci-

1931 4192 2144 4262 pientes
2179 4189 2550 4251 occasionem,
2601 4188 2855 4258 persequi
2886 4202 2950 4243 ea
2994 4201 3117 4255 quae
3161 4185 3362 4240 similia
3399 4194 3533 4242 sunt

1930 4282 2179 4338 sibi:ita
2224 4289 2282 4338 et
2341 4290 2472 4336 tunc
2523 4281 2649 4350 quia
2700 4279 2924 4335 sordida
2996 4288 3157 4334 erant
3206 4278 3538 4334 vestimenta

1929 4374 2239 4431 sacerdotis
2276 4374 2398 4445 ejus
2446 4373 2543 4443 qui
2594 4357 2776 4427 fuerat
2833 4373 3004 4436 visus,
3046 4374 3230 4427 stabat
3286 4370 3538 4426 diabolus

1930 4468 2000 4522 ad
2059 4466 2343 4522 dexteram
2410 4464 2529 4531 ejus
2588 4463 2813 4534 cupiens
2881 4478 3007 4518 eum
3071 4476 3269 4517 nocere
3315 4471 3539 4531 propter

234 4556 504 4622 requiem.
553 4554 680 4623 quia
729 4567 837 4609 11011
880 4552 1180 4609 ἀειϐοῑειυτ
1227 4567 1441 4623 Pacem.
1493 4567 1670 4624 neque
1712 4553 1828 4610 vult
1856 4561 1901 4617 D
1933 4560 2151 4616 sordida
2193 4559 2548 4614 vestimenta.
2602 4556 2797 4611 Stabat
2850 4566 3035 4611 autent
3066 4566 3122 4610 et
3154 4553 3383 4625 angelus
3413 4551 3532 4607 Dei.

234 4644 566 4711 habitacula,
589 4647 685 4702 sed
714 4646 928 4702 deserta
962 4646 1182 4716 quaerit,
1210 4658 1306 4701 aut
1346 4655 1547 4702 terram
1579 4655 1674 4702 aut
1701 4648 1822 4701 ani-

238 4752 384 4791 tuam
409 4738 624 4808 quatrit.
661 4737 775 4795 Nec
798 4738 887 4792 ubi
909 4752 1101 4792 aurum
1134 4738 1293 4794 malis
1335 4740 1545 4796 artibus
1578 4754 1821 4795 comma-

232 4829 519 4884 chinatum
558 4840 644 4885 est
681 4831 736 4884 in
780 4830 1090 4887 simulacris
1118 4831 1340 4900 quaerit,
1368 4846 1470 4887 nec
1494 4832 1586 4887 ubi
1630 4846 1825 4903 argen-

234 4930 351 4976 tnnt
398 4920 539 4975 male
584 4919 878 4976 conﬂatum
930 4930 1013 4977 est
1040 4929 1099 4975 ut
1144 4921 1487 4977 adoraretur.
1524 4922 1712 4980 Sicubi
1754 4924 1820 4977 li-

231 5025 400 5081 gnum
436 5026 526 5066 ars
556 5020 651 5067 aut
676 5010 876 5067 idolum
909 5012 1153 5083 sculpsit,
1203 5014 1377 5071 sicubi
1411 5014 1643 5085 lapidem
1699 5032 1819 5072 ere-

231 5112 436 5161 xerunt
466 5120 659 5161 manus
693 5104 760 5160 ad
793 5104 1119 5174 colendum;
1175 5107 1311 5163 tales
1358 5110 1554 5179 quzerit
1598 5113 1815 5182 reqnies

233 5198 461 5266 spiritus
506 5198 837 5253 immundus.
888 5196 1073 5253 Sicubi
1126 5201 1370 5272 sanguis,
1402 5202 1579 5257 sicubi
1633 5206 1818 5271 nidor,

236 5288 418 5347 sicubi
451 5292 805 5354 seducantur,
843 5289 1019 5345 sicubi
1045 5289 1284 5353 theatra,
1319 5292 1496 5347 sicubi
1531 5293 1660 5347 nudi
1691 5310 1823 5350 cur-

268 5391 447 5446 entes,
480 5382 652 5437 sicubi
685 5383 861 5452 turpia
888 5381 1200 5451 loquentes,
1249 5392 1310 5438 et
1340 5384 1581 5453 turpiora
1627 5388 1826 5443 admit-

298 5482 440 5542 utes,
482 5486 536 5530 et
575 5475 717 5531 sicut
759 5478 941 5546 apium
982 5477 1274 5547 progenies
1321 5479 1822 5550 acerritniquidam

307 5659 355 5694 ”
391 5659 557 5720 Zach.
594 5676 676 5728 tlt,
706 5664 760 5718 l.
834 5663 881 5697 “
921 5664 1051 5720 ibid.
1086 5664 1141 5741 8.

240 5778 409 5907 "him.
446 5778 545 5835 lis.
600 5777 765 5836 Facta
809 5790 985 5838 autem
1030 5793 1152 5840 sunt
1202 5783 1303 5847 ista
1337 5799 1456 5856 qua:
1491 5783 1651 5850 rides,
1703 5801 1823 5859 pro-

1251 5666 1296 5696 "
1321 5664 1510 5723 Matth.
1534 5681 1633 5731 ιιι,
1666 5666 1755 5724 45.
1852 5671 1900 5704 ’³
1923 5670 2055 5728 ibid.
2084 5668 2176 5725 44.

1933 4646 2006 4702 Et
2042 4649 2192 4714 dicit,
2238 4646 2437 4716 inquit,
2484 4644 2703 4717 angelus
2749 4643 2843 4699 Dei
2883 4642 3403 4713 diabolo:lncrepet
3438 4642 3535 4696 tibi

1934 4740 2217 4796 Dominus.
2269 4737 2413 4804 Hoc,
2463 4737 2659 4807 inquit,
2695 4738 2939 4791 relictum
2984 4747 3059 4791 est
3098 4737 3164 4789 ab
3204 4738 3343 4806 igne,
3367 4746 3416 4789 et
3456 4735 3535 4790 vis

1931 4850 2053 4888 eum
2095 4830 2501 4887 comburere"?
2547 4830 2616 4885 Et
2658 4840 2784 4900 post
2838 4829 2945 4884 hoc
3002 4829 3263 4899 pmcepit
3309 4825 3537 4898 angelus

1932 4924 2137 4980 auferri
2172 4939 2202 4978 a
2251 4924 2544 4979 sacerdote
2581 4922 2801 4978 sordida
2844 4922 3191 4985 vestimenta,
3240 4930 3293 4974 et
3339 4920 3529 4976 vestiri

1931 5033 2057 5074 eum
2096 5019 2321 5073 munda.
2350 5017 2419 5072 Et
2445 5017 2703 5073 sacerdos
2723 5013 2944 5086 quidem
2974 5015 3066 5085 qui
3103 5013 3386 5069 videbatur
3418 5027 3527 5068 non

1938 5110 2169 5175 aderat;
2208 5109 2303 5165 sed
2344 5109 2645 5165 constituto
2689 5122 2755 5163 eo
2796 5105 2949 5174 alibi,
2996 5107 3283 5161 videbatur
3327 5121 3357 5159 a
3408 5120 3533 5173 pro-

1934 5204 2122 5273 pheta,
2152 5211 2208 5258 et
2230 5202 2452 5258 sordida
2482 5183 2714 5258 vestitus
2738 5211 2861 5257 erat
2897 5200 3244 5265 vestimenta,
3267 5198 3359 5255 illo
3390 5198 3534 5252 forte

1932 5294 2169 5349 candida
2206 5294 2431 5351 vestito.
2486 5292 2554 5348 Et
2601 5294 2802 5349 iterum
2851 5294 3176 5349 intmutatur
3207 5291 3327 5360 ejus
3363 5290 3531 5344 vestis

1931 5389 2027 5460 qui
2068 5388 2358 5444 videbatur
2401 5403 2431 5442 a
2478 5390 2769 5459 propheta,
2798 5399 2855 5444 et
2894 5389 2983 5443 ille
3032 5404 3140 5443 non
3172 5385 3402 5442 mutavit
3434 5383 3529 5452 qui

1934 5500 2043 5539 non
2080 5492 2200 5538 erat
2230 5485 2283 5537 iu
2316 5482 2547 5539 visione.
2584 5483 2650 5539 Et
2680 5484 2936 5554 provenit
2969 5494 3233 5554 quantum
3270 5484 3345 5537 ad.
3367 5482 3529 5536 visio-

2276 5668 2324 5702 “
2360 5670 2517 5725 Rom.
2548 5668 2735 5734 vt,2l.
2813 5669 2860 5701 “
2892 5668 3058 5726 Zach.
3096 5666 3239 5736 ttt,9.

2005 5788 2083 5863 (1)
2115 5787 2214 5844 Ms.
2245 5784 2349 5843 Ubi
2382 5789 2467 5844 dei
2495 5785 2880 5843 adulterantes.
