4000 6476
523 378 664 435 “f9

1198 370 1461 427 EUSEBII
1499 363 1981 425 C£SARIENSIS
2018 358 2173 419 OPP.
2212 357 2392 415 PARS
2429 356 2518 413 iV.
2557 387 2631 399 —
2667 348 3085 409 DOGMATICA.

526 510 674 561 nem,
716 491 989 563 duplicem
1024 504 1146 545 esse
1184 492 1520 545 sacerdotem
1561 487 1747 542 istum.
1781 484 1913 540 Erat
1948 483 2093 539 enim
2124 484 2172 539 Δ
2200 477 2417 534 videbat
2459 476 2598 532 Deus
2662 473 2879 529 athleta:
2921 482 3221 563 coronam.‘
3250 464 3391 536 Ergo
3449 478 3582 518 cum
3635 459 3789 517 Scri-

524 596 577 638 et
604 585 765 639 homo
810 582 875 636 ad
917 580 1263 650 semetipsum
1305 577 1415 642 ille,
1445 589 1501 632 et
1533 577 1717 646 utique
1746 589 1849 630 nec
1876 572 2091 628 sordida

528 677 759 729 habebat
784 672 1126 737 vestimenta,
1158 684 1334 740 neque
1365 668 1675 725 immolavit
1706 681 1831 722 cum
1872 666 1979 721 isto
2000 664 2091 734 qui

529 765 581 817 in
612 763 819 817 visione
849 770 967 815 erat
1005 760 1170 815 visus.
1207 760 1417 830 Agente
1463 768 1641 813 autem
1678 771 1744 812 eo
1768 765 1821 810 et
1843 756 2013 819 salvo,
2038 763 2093 809 et

529 860 721 921 agente
771 852 823 905 in
862 851 945 907 his
982 849 1116 904 locis
1157 849 1211 904 in
1247 850 1444 919 quibus
1487 858 1604 903 erat
1636 846 1915 918 prepheta,
1959 844 2097 900 vidit

528 959 675 1007 eum,
707 958 811 999 non
855 943 1027 1012 ipsum
1059 942 1226 1006 videt,
1258 951 1313 997 et
1340 956 1463 997 eum
1496 949 1812 1010 praesentem
1844 938 2094 993 vestitum

530 1033 744 1086 sordida
768 1032 1112 1098 vestimenta,
1141 1047 1262 1100 quae
1293 1046 1397 1085 non
1427 1030 1656 1085 habebat
1687 1029 1794 1095 ille,
1819 1042 1918 1083 nec
1950 1028 2095 1084 enim

531 1131 687 1176 erant
718 1122 1041 1177 vestimenta
1091 1124 1183 1178 sed
1229 1130 1472 1192 peccata.
1508 1120 1832 1177 Vestimenta
1878 1122 2096 1191 quidem

531 1220 718 1280 utpote
760 1212 995 1267 hominis
1034 1221 1196 1266 erant
1244 1211 1469 1265 candida
1523 1228 1537 1265 :
1577 1211 1665 1266 ubi
1718 1222 1896 1266 autem
1930 1211 2098 1266 vesti-

536 1312 715 1355 menta
751 1316 856 1356 non
875 1311 1054 1364 erant,
1077 1301 1396 1355 vestimenta
1430 1309 1649 1370 peccata
1677 1312 1831 1355 erant
1857 1300 2097 1355 sordida.

534 1393 667 1458 Quia
700 1392 844 1446 enim
880 1402 1103 1461 peccata
1135 1401 1311 1459 erant,
1349 1392 1565 1446 sordida
1598 1394 1921 1448 vestimenta
1946 1393 2099 1448 dicit.

533 1483 669 1551 Quia
700 1493 878 1539 autem
910 1486 1144 1553 peccatis
1164 1484 1467 1540 delectatur
1494 1484 1760 1548 diabolus,
1793 1486 1983 1539 adorat
2009 1500 2105 1555 per

534 1573 797 1629 visionem
827 1590 841 1626 :
870 1573 959 1627 ubi
988 1573 1132 1627 enim
1160 1582 1280 1628 erat
1308 1575 1484 1640 nidor,
1524 1574 1632 1628 illic
1658 1576 1873 1630 sordida
1894 1576 2104 1630 anima-

538 1660 610 1716 lia
639 1680 655 1717 :
686 1663 772 1717 ubi
808 1671 1105 1731 peccatum,
1154 1662 1264 1717 illic
1300 1663 1621 1719 adiuventur
1661 1664 1729 1719 ab
1782 1664 1937 1721 initio
1977 1680 2104 1733 pec-

538 1752 667 1809 cati.
697 1753 958 1823 Objurgat
997 1753 1164 1823 igitur
1196 1754 1419 1825 angelus
1449 1766 1771 1824 praesentem
1803 1755 2103 1819 diabolum,

2198 583 2360 643 ptura
2410 569 2613 639 aliquid
2666 574 2885 637 propter
2939 577 3038 620 nos
3084 560 3338 631 loquitur,
3382 572 3496 612 non
3542 564 3788 611 nostum

2194 662 2568 721 inllrmitatem
2594 658 2705 714 Deo
2738 657 2861 713 forti
2893 654 3251 727 applieemus.
3286 650 3344 706 Si
3367 648 3519 705 enim
3575 646 3633 701 in
3670 659 3792 701 eur-

2194 769 2333 825 pore
2359 763 2412 809 et
2446 753 2498 807 in
2534 764 2703 807 carne
2748 759 2895 805 totus
2940 753 3243 804 conventus
3276 746 3598 799 daemonum
3647 738 3790 810 legio

2197 847 2253 901 in
2311 844 2605 916 Evangelio
2651 844 2831 898 dictus
2868 851 2951 897 est
2970 840 3039 903 ”,
3087 848 3143 892 et
3187 853 3294 893 non
3345 835 3624 892 sustinuit
3669 830 3790 887 Filii

2197 939 2291 996 Dei
2338 937 2717 1009 praesentiam;
2756 948 2881 988 nam
2910 942 2966 989 et
2993 930 3240 986 diabolus
3285 929 3405 1000 ipse
3445 928 3502 983 in
3529 939 3785 994 corpore.

2156 1054 2160 1058 ·
2197 1040 2395 1101 agente
2436 1027 2573 1083 Filio
2610 1027 2703 1083 Dei
2745 1041 2848 1081 non
2894 1024 2993 1080 l'uit
3042 1038 3205 1078 ausus
3237 1021 3507 1076 accedere
3538 1016 3785 1088 quandiu

2199 1122 2452 1183 esurinet,
2490 1128 2545 1173 et
2580 1118 2899 1172 immitteret
2936 1115 2986 1170 ei
3012 1115 3266 1183 laqueum
3309 1126 3407 1181 per
3460 1108 3783 1177 ejusmodi:

2202 1212 2655 1283 quemadmodum
2714 1222 3007 1279 possumus
3050 1206 3160 1275 pati
3206 1215 3264 1258 et
3302 1203 3491 1257 dicere
3512 1200 3650 1271 quia
3684 1199 3795 1253 dia-

2203 1305 2356 1360 bolus
2392 1304 2500 1358 Deo
2540 1318 2606 1356 ex
2644 1300 2956 1370 aequalitate
3009 1298 3220 1353 locutus
3254 1296 3375 1350 est?
3412 1295 3517 1350 Cui
3546 1303 3610 1348 et
3637 1304 3797 1360 ange-

2203 1396 2286 1451 lus
2330 1395 2422 1457 Dei
2464 1395 2593 1448 dicit
2626 1392 2905 1461 ειηει-ερει
2954 1392 3048 1444 tibi
3100 1388 3237 1443 Deus
3256 1388 3322 1442 ".
3366 1386 3434 1441 Et
3483 1384 3623 1456 quid
3668 1384 3790 1437 dico

2204 1486 2426 1557 angelus
2461 1484 2594 1539 Dei?
2638 1482 2897 1539 Vermes:
2932 1482 3022 1552 qui
3069 1494 3168 1535 nec
3212 1477 3416 1534 vermis
3462 1475 3786 1546 accepimus

2206 1580 2459 1634 virtutem
2499 1577 2551 1630 in
2581 1576 2800 1631 nomine
2824 1575 3029 1640 crucis,
3062 1582 3120 1628 ut
3154 1574 3489 1640 imperemus
3525 1569 3797 1624 damoni-

2205 1670 2308 1726 bus
2338 1678 2393 1722 et
2416 1668 2652 1733 diabolo,
2685 1681 2888 1736 eosque
2931 1665 3198 1735 fugamus.
3248 1661 3304 1717 Si
3351 1661 3520 1731 igitur
3562 1674 3670 1714 nos
3715 1658 3798 1715 lno

2208 1775 2517 1829 crepamus,
2548 1760 2686 1815 Deus
2712 1759 2779 1813 ad
2810 1756 3223 1813 collocutionem
3267 1755 3435 1808 venit.
3469 1752 3540 1806 Et
3563 1760 3725 1807 certe
3755 1748 3798 1804 si

538 1856 589 1898 et
614 1845 860 1915 pracipit
889 1822 1102 1899 mutare
1129 1822 1788 1911 vestimenta—sacerdotis,
1817 1856 1872 1901 et
1903 1848 2106 1902 auferri
2138 1822 2179 1877 Β
2212 1822 2537 1922 acceperunt
2565 1859 2887 1921 potestatem
2937 1848 3188 1902 homines
3216 1843 3431 1900 Domini
3464 1842 3692 1898 calcare
3726 1840 3801 1895 vi-

540 1938 609 1990 ab
636 1952 701 1991 eo
728 1939 971 2010 sordida,
1008 1940 1195 1995 vestiri
1229 1949 1406 1994 autem
1450 1954 1570 1993 eum
1612 1940 1832 2004 munda,
1860 1946 1914 1995 et
1941 1940 2109 1994 inter-

540 2036 785 2096 pretatur
814 2029 1179 2096 eﬂicientiam,
1210 2042 1264 2086 et
1294 2031 1425 2086 dicit
1456 2053 1469 2089 ;
1497 2030 1652 2096 Ecce,
1691 2032 1884 2101 inquit,
1914 2031 2110 2086 abstuli

538 2136 570 2171 α
606 2128 654 2173 te
690 2132 902 2187 peccata
952 2121 1132 2176 tua".
1169 2123 1226 2177 Si
1262 2122 1379 2177 ista:
1426 2124 1566 2177 circa
1620 2123 1889 2178 hominem
1933 2132 2111 2179 vestes

542 2224 645 2263 non
676 2221 830 2263 erant
864 2219 1063 2276 vestes,
1090 2211 1184 2266 sed
1214 2213 1372 2267 modo
1393 2212 1608 2281 quidem
1649 2222 1997 2282 peccatorum
2026 2213 2111 2267 in-

539 2300 733 2369 signia,
774 2303 933 2355 modo
963 2312 1142 2356 autem
1186 2303 1475 2371 puritatis:
1504 2318 1676 2372 quare
1713 2320 1777 2358 ea
1814 2320 1934 2375 qua:
1963 2305 2109 2359 circa

543 2393 811 2446 hominem
852 2405 979 2447 sunt
1031 2396 1302 2463 descripta
1345 2396 1669 2450 vestimenta
1725 2412 1828 2451 non
1876 2399 2111 2466 suscipi-

526 2500 679 2546 mus,
717 2488 844 2554 quia
878 2488 1023 2540 circa
1058 2488 1331 2542 hominem
1364 2488 1575 2542 inerant
1618 2504 1738 2558 quae
1771 2502 1824 2543 et
1854 2490 2111 2555 vestitur;

541 2590 662 2643 quae
690 2588 867 2631 autem
916 2578 1063 2632 circa
1108 2577 1275 2631 Deum
1310 2579 1563 2631 dicuntur
1596 2580 1945 2641 vestimenta,
1981 2593 2113 2645 con:

545 2668 815 2722 tendimus
836 2683 956 2724 esse
981 2671 1333 2725 vestimenta?
1356 2669 1536 2723 Multis
1564 2671 1777 2724 denndo
1808 2670 1962 2725 vobis
1988 2686 2110 2725 om-

541 2772 663 2811 nem
702 2770 911 2827 partem
960 2759 1115 2814 istam
1166 2758 1479 2830 Scriptum.
1524 2759 1634 2814 Nec
1663 2759 1818 2814 Jesus
1855 2762 2111 2816 sacerdos

541 2848 633 2903 ille
662 2851 846 2905 aderat
869 2852 997 2916 illic,
1038 2868 1142 2906 non
1175 2853 1318 2906 enim
1352 2854 1539 2907 aderat
1566 2869 1580 2906 :
1610 2855 1701 2907 sed
1735 2868 1832 2909 nec
1863 2853 2111 2909 diabolus

542 2942 747 3008 aderat,
784 2958 959 3013 neque
986 2945 1209 3014 angelus
1231 2947 1442 3011 aderat,
1467 2947 1561 2999 sed
1597 2956 1767 2999 totum
1800 2955 1919 3000 erat
1950 2946 2107 3000 visio.

542 3032 610 3089 Et
632 3036 884 3089 sacerdos
911 3036 1130 3105 quidem
1165 3048 1383 3107 propter
1414 3048 1700 3106 peccatum
1743 3048 1968 3107 apparet
1994 3052 2109 3093 sor-

543 3124 684 3180 didis
715 3129 1048 3183 vestimentis
1092 3130 1456 3199 indutus;qui
1512 3145 1615 3185 noo
1666 3138 1720 3184 et
1771 3132 1978 3193 aderat,
2010 3144 2109 3184 nec

544 3206 661 3271 erat
687 3220 912 3273 vestitus
941 3221 1156 3275 sordida
1197 3222 1541 3277 vestimenta.
1578 3222 1642 3276 Et
1670 3222 1915 3275 diabolus
1944 3219 2107 3275 veluti

544 3310 780 3371 videtur,
810 3312 934 3380 quia
980 3313 1100 3366 istis
1145 3314 1340 3368 talibus
1369 3317 1586 3387 gaudet,
1623 3324 1677 3368 et
1708 3316 1773 3367 ad
1812 3315 1944 3368 istos
1978 3313 2111 3368 tales

545 3402 805 3470 exsurgit.
843 3401 910 3455 Et
932 3403 1153 3472 angelus
1185 3404 1344 3458 veluti
1397 3404 1543 3459 visus
1576 3415 1677 3471 est,
1710 3414 1769 3457 ut
1798 3404 2111 3458 ostendere-

545 3504 635 3545 tur
687 3494 811 3561 quia
857 3510 951 3562 per
992 3497 1213 3564 angelos
1256 3497 1419 3565 justis
1478 3498 1711 3551 ellicitur
1760 3496 2109 3565 adjutorium,

544 3585 716 3654 magis
760 3598 939 3640 autem
983 3602 1081 3655 pro
1116 3589 1489 3653 peccatoribus
1540 3590 1930 3659 pmnitentibns
1978 3604 2111 3659 gau-

546 3677 717 3730 dium.
770 3675 879 3730 Nec
924 3679 1067 3731 enim
1117 3679 1243 3731 illud
1295 3690 1541 3747 putemus
1565 3682 1706 3735 sicut
1743 3694 1795 3736 et
1840 3690 2111 3749 putamus,

544 3766 668 3834 quia
699 3776 751 3825 et
780 3768 829 3820 in
852 3767 951 3823 Job
980 3768 1116 3822 libro
1142 3769 1385 3824 diabolus
1409 3771 1593 3825 aderat
1613 3782 1736 3825 ante
1765 3783 2110 3841 conspectum

550 3859 673 3919 ltei,
721 3866 775 3909 et
825 3858 1019 3911 locutio
1072 3869 1191 3913 erat
1259 3860 1348 3914 Dei
1410 3878 1530 3914 cum
1572 3862 1783 3917 diabolo
1822 3878 1885 3918 ex
1937 3879 2114 3933 acqua-

546 3948 776 4002 litate".
833 3950 899 4004 Et
944 3952 1078 4004 dixit
1119 3953 1395 4015 Dominus,
1441 3963 1497 4006 et
1548 3955 1685 4009 dixit
1740 3955 2021 4021 diabolus,
2061 3965 2113 4009 et

549 4039 896 4109 interrogavit
966 4040 1218 4096 Dominus
1299 4044 1608 4111 diabolum,
1678 4047 1812 4099 unde
1874 4047 2109 4103 uenisti?

547 4127 652 4183 Sed
698 4130 807 4183 haec
852 4133 915 4183 ad
957 4130 1281 4185 auditionem
1327 4142 1560 4186 vestram
1612 4133 1751 4187 velut
1815 4137 2113 4205 composita

549 4223 895 4277 inducuntur.
946 4223 1138 4278 'l‘otum
1193 4234 1370 4279 autem
1420 4226 1551 4279 illud
1593 4236 1678 4280 est
1719 4228 1983 4294 quomodo
2017 4225 2116 4282 Job

552 4312 766 4381 quidem
801 4324 919 4367 erat
961 4314 1045 4367 vir
1092 4316 1603 4385 irreprehensibilis,
1644 4316 1889 4371 diabolus
1939 4330 2113 4373 autem

548 4404 778 4458 invidus.
830 4406 909 4459 Ad
969 4408 1264 4461 istiusmodi
1316 4419 1367 4463 et
1424 4410 1564 4463 Deus
1628 4410 1880 4464 defensor
1925 4410 2114 4463 horum

2211 1961 2368 2015 peras
2408 1953 2463 1999 et
2511 1945 2826 2011 scorpiones
2874 1951 2929 1996 et
2969 1955 3186 1994 omnem
3224 1938 3486 1992 virtutem
3532 1934 3802 1990 adversa-

2212 2036 2367 2103 rii”;
2411 2035 2456 2089 si
2506 2034 2753 2089 homines
2800 2040 3131 2101 acceperunt
3177 2026 3801 2099 potestatem-calcare.

2213 2129 2354 2181 Deus
2375 2140 2439 2181 ex
2482 2124 2791 2193 aequalitate
2821 2124 3065 2191 loquitur
3105 2121 3155 2175 ei
3191 2120 3285 2192 qui
3316 2119 3567 2174 calcatur
3589 2117 3615 2172 τ
3641 2115 3801 2171 Venit

2215 2218 2427 2273 diabolo
2481 2218 2707 2282 fortior;
2758 2217 2982 2270 vincens
3020 2220 3147 2268 eum
3197 2212 3403 2282 ligavit.
3449 2209 3566 2265 Leo
3615 2220 3797 2263 autem

2213 2312 2435 2382 ligatus,
2493 2324 2593 2365 nec
2638 2318 2697 2364 ut
2739 2310 2893 2364 canis
2937 2316 3135 2378 potest.
3179 2303 3341 2359 Forte
3391 2314 3578 2357 autem
3625 2303 3798 2364 dices,

2212 2406 2337 2475 quia
2366 2404 2413 2459 si
2441 2404 2666 2457 veniens
2704 2400 2857 2465 vicit,
2895 2399 3120 2452 vincens
3162 2395 3369 2465 ligavit,
3398 2405 3453 2448 et
3496 2393 3683 2464 ligans
3716 2391 3802 2446 de-

2211 2496 2291 2548 dit
2318 2493 2540 2557 calcari,
2584 2506 2690 2545 non
2725 2489 2945 2559 quidem
2973 2488 3045 2541 sit
3079 2486 3207 2549 talis
3240 2502 3253 2537 :
3284 2496 3409 2538 tunc
3452 2494 3646 2537 autem
3678 2497 3796 2535 cum

2216 2595 2386 2648 esset,
2431 2582 2530 2637 sub
2570 2578 2670 2635 Job
2710 2586 2830 2632 erat
2862 2596 2875 2629 :
2907 2577 3085 2630 adhuc
3143 2573 3230 2628 ille
3290 2581 3504 2643 poterat
3537 2571 3794 2623 fiduciam

2213 2678 2415 2733 habere
2443 2692 2455 2727 :
2482 2674 2720 2729 nondum
2765 2671 2907 2725 enim
2954 2680 3067 2725 erat
3098 2668 3291 2740 ligatus
3321 2664 3660 2721 hominibus.
3696 2659 3796 2717 Pu-

2224 2776 2307 2822 tas
2345 2766 2416 2821 sit
2458 2767 2616 2834 lupus
2656 2773 2846 2833 potens
2876 2759 3163 2814 adversum
3202 2770 3352 2817 oves.
3390 2756 3437 2809 si
3482 2762 3670 2808 autem
3702 2769 3795 2822 po-

2214 2871 2331 2914 tens
2357 2866 2409 2914 et
2433 2858 2715 2911 adversum
2748 2854 2954 2909 leonem
2977 2851 3001 2906 ?
3041 2861 3098 2904 ut
3122 2851 3193 2903 ita
3219 2846 3625 2919 quodammodo
3646 2860 3791 2902 eom-

2214 2949 2591 3022 parationibus
2636 2956 2854 2999 utamur
2903 2954 3121 3014 propter
3157 2941 3461 2996 fortiorem.
3494 2936 3614 2992 Non
3650 2938 3791 2993 enim

2214 3042 2534 3113 ampliorem
2584 3037 2795 3107 accepit
2850 3035 3104 3090 virtutem
3157 3050 3187 3088 a
3240 3046 3473 3102 corpore
3531 3031 3793 3085 Dominus

2213 3134 2391 3197 Iesus,
2423 3143 2480 3187 ut
2504 3138 2791 3201 superaret
2834 3128 3128 3183 diabolum.
3162 3124 3269 3181 Sed
3299 3139 3399 3179 cur
3432 3123 3549 3192 ipsa
3601 3132 3656 3177 et
3686 3122 3794 3177 col-

2218 3226 2441 3281 luctatio
2468 3222 2607 3277 l‘acta
2630 3221 2753 3276 est?
2784 3219 2920 3288 Quia
2947 3219 3093 3274 enim
3122 3216 3373 3289 produxit
3396 3231 3600 3287 agnum
3635 3214 3789 3285 lupo:

2216 3316 2373 3383 lupus
2412 3323 2590 3367 autem
2634 3311 2823 3365 videns
2872 3323 3071 3376 agnum
3109 3307 3201 3377 qui
3241 3307 3526 3363 videbatur
3562 3321 3633 3360 ex
3662 3320 3795 3361 con-

2214 3406 2499 3461 suetudine
2532 3417 2840 3469 accurrere,
2869 3412 2917 3455 et
2952 3410 3102 3455 extra
3127 3399 3577 3454 consuetudinem
3610 3400 3796 3453 deten-

2216 3504 2303 3549 tus
2330 3502 2436 3548 est.
2477 3492 2533 3547 Si
2568 3493 2713 3546 enim
2747 3491 2982 3545 maxime
3026 3501 3082 3544 et
3124 3490 3377 3543 inimicus
3415 3498 3673 3549 vocatur,
3705 3489 3796 3541 ad-

2215 3581 2490 3641 versarius
2521 3583 2771 3639 diabolus
2801 3595 2817 3635 :
2842 3583 2968 3653 quia
2993 3582 3137 3638 enim
3172 3589 3227 3635 et
3251 3579 3453 3634 inimici
3486 3582 3670 3634 crucis
3698 3581 3781 3634 di-

2214 3686 2409 3732 cuntur
2455 3676 2702 3732 homines
2734 3673 2811 3745 (8)
2859 3690 3010 3729 :non
3050 3674 3177 3744 quia
3230 3673 3483 3728 inimicus
3540 3674 3792 3728 nemina-

2220 3779 2325 3835 tur,
2365 3768 2489 3838 jam
2515 3766 2738 3836 aequalis
2768 3775 2873 3822 est.
2918 3765 3032 3820 Non
3067 3767 3211 3822 enim
3257 3766 3538 3836 asqnaliter
3568 3766 3780 3821 habens

2218 3859 2473 3914 virtutem
2510 3859 2710 3912 dicitur
2766 3858 3139 3924 adversarius,
3202 3861 3295 3913 sed
3347 3858 3467 3912 ideo
3504 3858 3635 3926 quia
3695 3872 3799 3911 non

2217 3949 2393 4018 placet
2440 3949 2549 4017 Deo
2570 3948 2686 4019 ejus
2724 3948 3050 4020 malignitas.
3095 3947 3215 4004 Non
3260 3950 3399 4004 sicut
3432 3952 3677 4003 tenebrae
3720 3951 3800 4003 vi-

2219 4043 2414 4096 dentur
2464 4040 2653 4095 lumini
2706 4056 2775 4095 ex
2820 4042 3014 4108 aquali
3047 4041 3249 4095 virtute
3284 4041 3637 4105 adversariae,
3675 4044 3800 4111 quia

2220 4144 2371 4187 tanta
2393 4132 2636 4187 detinent
2668 4134 2841 4201 spatia
2875 4134 3131 4197 tenebrat,
3170 4144 3374 4203 quanta
3400 4143 3454 4187 et
3484 4132 3690 4187 lumen.
3746 4134 3801 4188 Si

2219 4234 2402 4277 autem
2428 4232 2483 4278 et
2513 4224 2616 4278 hoc
2648 4222 2779 4287 tale,
2808 4239 2912 4278 non
2945 4224 3017 4278 ita
3051 4224 3371 4279 adversatur
3394 4226 3643 4280 diabolus
3670 4226 3799 4290 Deo,

2221 4331 2325 4370 non
2374 4330 2440 4370 ex
2478 4316 2808 4383 aqualitate,
2836 4319 2932 4372 sed
2975 4318 3099 4387 quia
3128 4317 3269 4373 Deus
3301 4318 3538 4387 maligno
3565 4334 3673 4372 non
3709 4320 3800 4373 de-

2225 4408 2458 4461 lectatur
2485 4426 2500 4464 :
2531 4418 2586 4463 et
2624 4422 2686 4463 ex
2725 4422 2792 4463 eo
2834 4408 2982 4478 quod
3022 4411 3276 4474 vertitur,
3319 4417 3372 4462 et
3423 4424 3529 4462 non
3582 4408 3699 4463 vult
3748 4421 3799 4465 et

550 4497 791 4565 permisit
845 4497 1112 4551 diabolum
1182 4509 1303 4553 ante
1368 4510 1713 4569 conspectum
1783 4517 1959 4555 suum.
2009 4501 2113 4556 Sed
2146 4525 2189 4581 ο
2228 4502 2369 4564 odit,
2401 4502 2443 4555 sl
2480 4511 2657 4555 tamen
2691 4504 2763 4556 ita
2796 4503 2958 4556 debet
2984 4501 3110 4568 dici,
3146 4502 3371 4555 adventa
3406 4501 3657 4556 voluntas
3695 4520 3798 4566 est.

549 4587 651 4642 hoc
710 4588 781 4641 ita
840 4599 943 4643 est.
994 4590 1134 4643 Vidit
1192 4590 1432 4646 diabolus
1498 4592 1899 4647 immaculatum
1943 4609 1957 4645 :
2001 4608 2117 4661 pro-

547 4680 757 4748 peravit
794 4680 1067 4750 imponere
1112 4682 1399 4735 maculam.
1444 4684 1787 4753 Qua'cunque
1834 4686 1977 4739 enim
2004 4702 2118 4740 mo-

551 4770 726 4823 tiones
768 4783 923 4823 erant
973 4770 1169 4825 diaboli
1221 4772 1505 4827 adversum
1542 4773 1676 4836 Job,
1719 4774 1834 4829 haec
1872 4790 1968 4844 per
2003 4790 2117 4829 ser-

550 4876 733 4914 mones
778 4872 1139 4916 contexuntur
1182 4864 1232 4917 in
1274 4864 1582 4933 Scriptura;
1631 4877 1819 4933 utpote
1870 4868 1914 4922 si
1965 4868 2115 4922 dice-

552 4952 642 5004 bat
690 4953 934 5007 diabolus
997 4954 1064 5008 ad
1138 4956 1619 5023 sentietipsuszi
1695 4973 1800 5011 non
1868 4959 2113 5012 timerem

551 5042 736 5103 Deum,
789 5054 1058 5113 tangerem
1109 5047 1287 5099 omnia
1329 5062 1449 5115 quae
1500 5047 1655 5101 habet
1692 5047 1833 5113 Job;
1898 5050 2120 5104 abstulit

552 5134 614 5187 ab
656 5148 719 5187 ro
756 5135 895 5189 Deus
940 5137 1207 5203 timorem,
1249 5146 1303 5191 et
1350 5154 1454 5191 non
1508 5140 1797 5206 prohibuit.
1854 5140 2108 5196 Contexi-

556 5234 642 5277 tur
677 5224 787 5292 jam
839 5228 1159 5296 compositio
1203 5228 1350 5284 libri.
1393 5230 1537 5283 Dixit
1582 5232 1845 5295 diabolus,
1896 5242 1949 5286 et
1989 5233 2123 5285 dixit

554 5315 711 5370 Di-us.
752 5317 861 5371 lloc
896 5329 997 5385 est,
1035 5320 1203 5373 voluit
1263 5320 1527 5386 diabolus,
1574 5333 1628 5376 et
1689 5340 1791 5377 non
1850 5324 2125 5391 prohibuit

553 5410 710 5463 Deus.
766 5410 875 5465 Cur
924 5424 1102 5467 autem
1150 5430 1257 5469 non
1301 5418 1611 5485 prohibuit?
1666 5418 1798 5483 Quia
1858 5434 1961 5474 non
2038 5418 2120 5472 in-

624 5610 667 5641 “
694 5609 942 5677 Zach,ut,
977 5614 1027 5666 4.
1107 5613 1148 5642 ³⁷
1178 5610 1273 5668 Joh
1306 5628 1365 5674 ιι,
1394 5616 1441 5671 l.
1505 5618 1548 5648 ³³
1578 5617 1740 5672 Marc.
1769 5633 1820 5683 v,
1854 5619 1915 5684 9;
1950 5618 2081 5675 Luc.
2118 5634 2243 5687 vttt,
2271 5617 2359 5676 '50.
2440 5621 2481 5653 "
2514 5618 2739 5677 Zachar.
2786 5636 2869 5686 Ill,
2896 5620 2952 5675 9..

632 5764 707 5833 (8)
741 5762 836 5818 Ms.
879 5765 1012 5829 Quia
1042 5779 1083 5821 el
1113 5770 1306 5823 inimici
1334 5772 1501 5825 crucis
1526 5772 1770 5827 dicuntur
1792 5774 2043 5829 homines.

2222 4611 2326 4647 non
2358 4604 2534 4650 tamen
2568 4596 2757 4649 virtus.
2784 4595 2840 4649 Si
2872 4595 3015 4648 enim
3065 4609 3237 4661 neque
3266 4597 3335 4647 ab
3371 4595 3684 4649 hominibus
3721 4605 3800 4650 est

2222 4685 2421 4739 melior
2454 4685 2702 4740 diabolus
2735 4700 2911 4754 neque
2955 4684 3168 4747 fortior,
3206 4699 3325 4753 qua!
3358 4687 3549 4738 horum
3588 4688 3787 4753 proba-

2223 4778 2294 4830 tio
2320 4777 2343 4830 ?
2369 4777 2507 4842 Quid
2564 4776 2680 4831 vult
2731 4777 3017 4831 diabolus?
3052 4776 3411 4831 Perditionem
3461 4777 3748 4831 hominum
3782 4797 3794 4831 :

2219 4868 2263 4921 si
2293 4869 2530 4921 correxit
2556 4868 2738 4932 homo,
2776 4866 2970 4921 fortior
3003 4868 3092 4922 illo
3111 4880 3214 4923 est.
3260 4868 3318 4921 Si
3351 4881 3530 4922 autem
3554 4870 3795 4938 quotidie

2223 4961 2490 5029 spoliatur
2516 4969 2569 5014 et
2598 4959 2930 5023 denudatur,
2965 4971 3019 5014 et
3046 4970 3344 5014 evacuatur
3373 4960 3461 5029 qui
3493 4958 3796 5015 hominibus

2224 5068 2421 5107 nocere
2458 5053 2753 5114 contendit,
2784 5063 2840 5107 et
2882 5068 2985 5107 non
3024 5064 3222 5121 poteSI,
3252 5054 3345 5108 sed
3377 5053 3599 5107 nomine
3622 5054 3715 5108 Dei
3749 5065 3797 5108 et

2224 5146 2625 5215 nuncupatione
2666 5144 2799 5209 sola,
2829 5156 2883 5199 et
2941 5148 3008 5199 ab
3050 5146 3359 5200 hominibus
3396 5146 3638 5199 vincitur
3670 5165 3683 5199 :
3714 5147 3794 5213 qui

2222 5253 2357 5307 ergo
2395 5253 2501 5291 non
2533 5236 2714 5291 suli'ert
2751 5238 3207 5304 nuncupationem
3241 5236 3357 5301 Dei,
3380 5237 3660 5305 quomodo
3698 5237 3795 5290 vir-

2224 5340 2393 5382 tutem
2421 5335 2600 5397 posset
2625 5326 2853 5382 suﬂ‘erre
2884 5328 2973 5382 Dei
2996 5328 3017 5380 ‘l
3040 5328 3103 5382 Et
3126 5338 3273 5383 certe
3302 5328 3596 5398 necipsum
3632 5330 3792 5382 Adam

2235 5435 2539 5491 provocans
2565 5420 2711 5482 vicit,
2752 5421 2847 5475 scd
2877 5421 3108 5476 suadens
3133 5432 3189 5477 et
3213 5422 3488 5490 decipiens
3506 5431 3560 5476 et
3588 5420 3790 5476 fallens.

3032 5621 3074 5652 ³⁸
3100 5620 3225 5674 Luc.
3263 5636 3313 5686 x,
3354 5618 3437 5676 i9.
