4000 6470
228 484 359 540 “ﬂ

1214 472 1301 529 DE
1341 471 1808 531 INCORPOBALI
1849 474 1940 529 ΕΤ
1980 473 2322 533 ιΝγιειΒιιι
2359 474 2516 531 DEO.

3388 484 3528 536 lli!

237 594 363 651 Hoc
396 606 565 651 autem
594 580 963 647 inﬁrmitatis
1006 600 1090 647 est
1129 607 1286 662 opus.
1325 590 1601 659 Quantum
1628 591 1702 644 ad
1723 591 1840 645 dia-
1869 598 1914 654 Α
1944 590 2073 646 tiam
2121 592 2187 646 ad
2227 590 2515 647 Dominum
2566 589 2899 661 religiosam,
2932 588 3001 647 ad
3043 596 3527 665 conservosjusti-

240 686 433 741 bolum
460 690 695 755 speetat,
720 683 870 737 nulla
899 686 989 751 sil,
1024 685 1215 754 inquit,
1246 685 1401 751 virgo
1425 700 1439 735 :
1476 685 1712 740 vincitur
1738 701 1838 738 au-

238 778 366 825 tem
398 785 428 823 a
461 766 647 823 tantis.
681 767 958 835 Quantum
988 770 1133 821 enim
1176 770 1246 823 ad
1275 768 1548 823 diabolum
1576 768 1836 838 pertinet,

236 876 317 915 ue
359 860 572 929 quidem
597 874 738 915 unus
766 860 1029 916 salvator.
1058 860 1128 914 At
1171 860 1373 931 nuptias
1413 862 1657 917 honestat
1686 870 1833 928 sunt,

233 960 303 1007 et
329 952 576 1006 diabolus
613 967 644 1006 a
679 952 845 1008 tantis
888 962 970 1008 est
1005 952 1255 1009 obrutus.
1286 954 1561 1021 Quantum
1592 954 1738 1009 enim
1768 955 1835 1007 ad

228 1042 529 1097 diabolum
554 1044 809 1113 pertinet,
842 1044 1019 1099 nullus
1048 1060 1265 1100 sursum
1292 1046 1523 1115 aspiciat
1554 1060 1791 1117 unquam
1816 1063 1831 1100 :

228 1135 615 1205 disrumpitur
644 1146 821 1191 autem
848 1146 1031 1191 tantos
1065 1137 1279 1192 videns.
1312 1139 1588 1204 Quantum
1626 1139 1693 1192 ad
1718 1136 1836 1192 dia-

222 1223 462 1285 bolum,
489 1239 560 1279 ne
590 1226 811 1294 quidem
844 1229 1129 1296 vestigium
1176 1228 1450 1298 pudicitiae
1479 1229 1597 1282 vult
1624 1244 1746 1283 esse
1779 1230 1832 1283 in

225 1322 423 1371 terra.
458 1316 687 1372 Feriunt
730 1325 907 1373 autem
941 1320 1032 1388 qui
1079 1322 1391 1388 percutiunt
1429 1337 1527 1377 cor
1575 1323 1833 1378 errantis.

228 1406 533 1475 Quantum
586 1409 652 1462 ad
698 1408 969 1465 diabolum
997 1452 1012 1475 ,
1053 1426 1153 1467 nec
1198 1429 1394 1467 nomen
1441 1412 1671 1482 justitia:
1712 1429 1835 1473 esse

225 1501 428 1568 eripit.
464 1498 566 1565 Qui
605 1510 784 1554 autem
826 1502 1015 1555 dicunt
1043 1504 1284 1570 peccavi,
1314 1505 1456 1559 illius
1478 1522 1640 1563 aures
1670 1510 1835 1566 casti-

220 1598 403 1658 gant.
429 1586 545 1641 Non
573 1588 687 1642 vult
723 1590 1098 1658 paenitentiam
1131 1607 1273 1655 esse,
1315 1604 1368 1647 et
1393 1593 1622 1651 eﬂicitur
1655 1602 1830 1667 poeni-

226 1681 446 1735 tentia.
493 1679 674 1734 Movet
720 1683 1182 1749 persecutionem,
1240 1692 1298 1737 et
1346 1686 1478 1740 tiunt
1534 1698 1829 1760 martyres.

223 1770 465 1838 Quanta
495 1769 611 1839 ejus
642 1773 812 1839 capita
848 1772 1016 1827 incisa
1054 1774 1223 1827 sunt?
1268 1775 1369 1829 hoc
1396 1786 1480 1832 est
1506 1778 1673 1847 ipsius
1710 1780 1831 1833 dia-

226 1864 383 1917 boli.
410 1862 540 1931 Qua:
562 1866 707 1918 enim
734 1865 1044 1919 inciduntur
1070 1882 1167 1936 pro
1190 1868 1407 1923 Christo
1437 1873 1635 1941 capita,
1658 1873 1827 1941 ipsius

1941 684 2097 750 tiam,
2129 685 2321 739 videns
2340 686 2469 755 quia
2496 698 2630 740 oves
2660 700 2796 755 quas
2837 686 3100 756 orphanis
3129 688 3437 754 occidebat,
3469 702 3526 746 et
3608 744 3615 753 κ

1944 782 2129 827 tauros
2168 787 2401 843 quorum
2432 787 2631 829 carnes
2656 774 2832 828 vidua:
2860 783 2915 829 et
2957 775 3191 843 orphani
3228 778 3526 834 manduca-

1938 864 2097 930 bant.
2130 875 2188 921 et
2221 865 2400 921 omnis
2434 866 2709 935 possessio
2737 867 2891 934 cujus
2924 877 3043 922 erat
3074 868 3423 939 dispensator
3452 874 3521 926 ad

1937 968 2034 1008 eos
2075 955 2168 1023 qui
2202 954 2476 1009 habebant
2507 955 2668 1021 nihil,
2699 957 2751 1009 in
2795 971 2904 1010 uno
2947 968 3227 1012 momento
3266 968 3520 1029 tanquam

1938 1058 1970 1097 a
1998 1042 2108 1097 Deo
2136 1043 2338 1109 ablata,
2356 1058 2536 1098 nonne
2556 1045 2848 1101 doluisset?
2880 1046 2987 1101 Sed
3011 1044 3114 1101 Job
3150 1047 3356 1118 gratias
3385 1050 3518 1117 egit,

1939 1143 2065 1203 puta
2096 1136 2223 1204 quia
2257 1135 2445 1189 omnia
2476 1135 2656 1190 subito
2677 1138 2899 1207 abrepta
2929 1148 3053 1193 sunt
3080 1137 3217 1206 ejus,
3250 1138 3518 1207 siquidem

1936 1233 1991 1279 et
2017 1225 2135 1280 lilii.
2164 1225 2221 1281 Si
2256 1236 2436 1280 autem
2461 1236 2516 1281 et
2544 1226 2665 1292 lilii,
2702 1238 2759 1282 ut
2788 1229 2919 1297 quid
2958 1228 3048 1282 tali
3091 1228 3301 1284 morte?
3327 1230 3439 1285 Cur
3466 1231 3518 1285 in

1938 1317 2069 1385 ipsis
2110 1317 2314 1372 mensis
2339 1317 2498 1371 simul
2523 1333 2712 1372 omnes
2742 1318 2930 1372 decem
2960 1321 3206 1387 oppressi
3248 1320 3417 1374 sunt?
3450 1319 3520 1376 Et

1920 1409 2040 1462 hoc
2071 1409 2266 1463 iterum
2304 1408 2601 1477 putabatur
2634 1411 2772 1464 Deus
2823 1409 3042 1465 fecisse.
3079 1410 3211 1465 Puta
3238 1414 3365 1480 quia
3398 1429 3519 1467 om-

1936 1500 2021 1552 nis
2048 1497 2281 1553 l’acultas
2308 1507 2362 1552 et
2401 1500 2672 1567 possessio
2724 1507 2778 1553 et
2826 1499 2947 1553 lilii.
2994 1500 3133 1565 Quid
3177 1512 3357 1555 autem
3390 1506 3518 1571 quia

1932 1600 1989 1643 et
2039 1604 2170 1643 caro
2202 1588 2372 1658 ipsius
2411 1585 2512 1641 Job
2556 1588 2931 1659 expugnaturi
2957 1590 3023 1643 Et
3058 1592 3172 1645 haec
3203 1592 3385 1645 omnia
3418 1608 3519 1661 pu-

1932 1687 2046 1733 tata
2085 1690 2216 1734 sunt
2259 1696 2379 1736 esse
2414 1696 2443 1735 a
2469 1681 2599 1746 Deo,
2626 1693 2682 1735 et
2720 1695 2816 1749 per
2839 1682 2949 1735 ha‘c
2976 1682 3226 1735 universa
3254 1678 3355 1736 Job
3395 1699 3520 1750 gra-

1936 1772 2039 1826 tias
2074 1773 2183 1842 egit
2234 1772 2363 1827 Deo.
2406 1771 2520 1827 Non
2573 1773 2740 1843 igitur
2767 1782 2819 1825 te
2845 1780 3049 1826 terreat
3088 1771 3377 1827 diabolus:
3406 1790 3515 1828 non

1934 1865 2005 1917 sit
2031 1863 2227 1917 domus
2268 1878 2458 1927 vacua,
2492 1879 2667 1933 neque
2692 1863 2764 1917 illi
2787 1872 3003 1934 parata,
3036 1871 3089 1917 et
3113 1878 3216 1918 non
3252 1865 3415 1920 habet
3442 1863 3513 1917 lu-

222 1956 429 2023 capita
469 1956 732 2018 incidunt,
760 1956 1042 2025 quotiesin
1079 1957 1298 2013 llamma
1341 1969 1429 2014 est
1462 1963 1664 2017 missus
1696 1974 1825 2019 ante

1933 1968 2079 2006 cum.
2128 1953 2211 2007 Sit
2243 1955 2339 2008 tibi
2394 1954 2727 2021 comparatio
2777 1950 2880 2007 Job
2926 1955 2993 2007 ad
3030 1953 3309 2007 victoriam
3340 1969 3355 2008 :
3383 1968 3516 2008 con-

223 2046 550 2116 gehennam
607 2047 659 2100 in
697 2049 973 2117 gehenna!
1003 2050 1323 2121 Quicunque
1364 2052 1509 2105 enim
1547 2052 1672 2108 facti
1700 2065 1830 2111 sunt

227 2136 625 2192 holocaustum
654 2139 891 2202 Christo,
922 2140 1010 2195 isti
1060 2142 1330 2196 diabolum
1372 2157 1830 2213 consumpserunt

225 2226 381 2297 igni,
416 2236 469 2281 et
495 2229 587 2282 alii
613 2243 736 2283 eum
769 2232 1202 2301 praefocaverunt
1241 2234 1295 2287 in
1331 2236 1490 2299 mari,
1520 2238 1607 2291 alii
1640 2250 1823 2294 autem

229 2317 519 2371 dederunt
562 2320 679 2387 ejus
711 2335 908 2389 corpus
957 2325 1225 2379 meatibus
1270 2323 1577 2381 ﬂuviorum.
1627 2328 1823 2395 Quanti

225 2422 373 2462 eum
422 2412 740 2465 torserunt?
769 2412 945 2466 Etiam
980 2413 1015 2467 ii
1049 2416 1140 2484 qui
1176 2415 1278 2470 visi
1323 2428 1449 2471 sunt
1473 2422 1733 2488 superati.
1767 2422 1823 2477 Si

227 2498 395 2557 enim
422 2510 478 2555 et
500 2501 627 2554 vicit
652 2506 1010 2571 quorumdam
1054 2522 1303 2575 corpora,
1333 2510 1426 2564 sed
1455 2526 1559 2565 non
1588 2514 1825 2580 pruden-

232 2597 377 2649 tiam
412 2606 467 2650 et
489 2594 845 2652 intellectum.
886 2597 1150 2666 Malignus
1178 2600 1382 2653 athleta
1415 2610 1519 2667 est,
1546 2612 1600 2656 et
1635 2603 1817 2658 incon-

232 2688 515 2744 sideratus
548 2702 807 2745 certator.
836 2690 969 2745 Cum
997 2690 1141 2744 enim
1173 2693 1390 2746 videtur
1429 2691 1593 2749 ferire
1624 2695 1819 2761 alium,

237 2782 596 2852 semetipsum
652 2785 941 2852 percussit.
1002 2781 1153 2847 Quod
1211 2783 1380 2837 habes
1436 2786 1709 2856 negotium
1756 2787 1823 2841 ad

235 2869 365 2935 Job,
404 2887 438 2925 ο
464 2874 710 2928 diabole?
747 2873 814 2929 Ut
853 2875 979 2943 quid
1026 2882 1199 2929 VLClllS
1240 2875 1339 2927 es?
1364 2878 1624 2942 peccasti,
1656 2888 1819 2945 tace;

238 2962 422 3015 victus
454 2977 535 3025 es,
561 2964 803 3027 quiesce.
835 2964 941 3019 Sed
975 2963 1233 3027 secundo,
1265 2966 1463 3032 inquit,
1496 2979 1709 3036 oportet
1736 2984 1824 3026 me

240 3055 389 3108 vinci
426 3074 439 3109 :
473 3070 578 3108 non
612 3057 735 3123 quia
775 3058 889 3111 haec
922 3058 1110 3123 voluit,
1156 3058 1252 3112 sed
1291 3062 1419 3127 quia
1462 3060 1575 3114 haec
1626 3076 1821 3131 passus

243 3154 350 3197 est.
406 3144 544 3211 Quid
599 3148 967 3202 intreiniscis?
1016 3147 1155 3213 Quid
1209 3150 1411 3203 times?
1447 3147 1549 3209 Job
1600 3167 1704 3207 non
1739 3165 1825 3207 est

240 3237 497 3303 angelus,
531 3239 624 3293 sed
660 3240 822 3293 homo
872 3238 1135 3301 mortalis,
1165 3239 1252 3293 cui
1284 3240 1679 3296 colluctabatur
1705 3244 1820 3297 dia-

244 3327 403 3381 bolus
436 3328 799 3391 invisibiliter,
835 3330 1006 3383 victus
1049 3338 1226 3384 autem
1270 3341 1354 3385 est
1409 3332 1713 3386 visibiliter.
1747 3332 1817 3387 Et

242 3435 313 3472 ne
356 3420 521 3472 lateat
574 3430 623 3473 te
673 3420 815 3473 illius
857 3422 1143 3489 paiiditas.
1176 3422 1505 3477 Certabatur
1535 3424 1683 3476 enim
1717 3439 1821 3477 non

242 3524 514 3577 apparens
544 3528 556 3563 :
588 3519 643 3564 et
671 3525 775 3563 non
806 3513 948 3565 sicut
976 3513 1027 3565 in
1054 3513 1242 3568 stadiis
1267 3522 1321 3567 et
1350 3514 1825 3571 colluctationibus

244 3600 374 3653 nudi
413 3600 479 3653 ad
524 3602 695 3654 nudos
739 3612 1040 3667 certantur,
1079 3606 1172 3659 sed
1225 3605 1400 3659 latens
1451 3607 1728 3668 mittebat,
1769 3617 1825 3661 et

243 3705 353 3743 non
382 3704 651 3757 apparens
675 3690 924 3755 feriebat,
955 3701 1011 3746 et
1038 3694 1351 3761 percutiens
1382 3694 1557 3749 victus
1586 3708 1689 3751 est.
1720 3696 1823 3751 Job

241 3781 387 3834 enim
442 3782 707 3850 ignoravit
761 3786 881 3851 quis
930 3794 1076 3837 esset
1119 3785 1541 3853 quiluctaretur
1571 3788 1638 3841 ad
1671 3802 1815 3853 eum,

243 3871 339 3925 sed
382 3881 439 3925 et
482 3876 687 3941 putavit
719 3886 773 3927 et
808 3875 967 3941 dixit,
1000 3876 1126 3945 quia
1159 3891 1189 3930 a
1241 3876 1352 3930 Deo
1401 3876 1565 3931 habet
1615 3876 1821 3947 plagas.

242 3965 397 4019 Alius
449 3976 567 4018 erat
623 3968 714 4034 qui
768 3970 1059 4036 pugnabat,
1114 3977 1167 4023 et
1212 3968 1351 4022 alius
1384 3969 1473 4037 qui
1528 3969 1826 4037 putabatur

244 4056 554 4109 emendare.
586 4056 696 4110 Hoc
722 4058 923 4110 furtum
954 4059 1124 4127 magis
1157 4075 1315 4126 quant
1343 4059 1487 4113 lucta
1517 4068 1620 4113 est.
1648 4061 1820 4114 Adam

244 4146 455 4198 seducit
484 4161 498 4196 :
531 4148 597 4199 ab
629 4146 727 4200 Job
756 4149 1080 4202 occultatur.
1105 4148 1207 4204 Job
1238 4152 1383 4203 enim
1419 4152 1710 4205 admiratio
1736 4166 1821 4207 est

246 4238 372 4300 ista,
426 4240 551 4307 quia
603 4251 798 4308 putans
852 4258 880 4294 a
928 4242 1035 4295 Deo
1078 4244 1181 4297 sibi
1221 4245 1413 4297 venire
1466 4244 1673 4312 plagas,
1712 4261 1821 4299 non

247 4333 499 4385 conscius
530 4345 706 4386 autem
743 4334 843 4387 sibi
878 4348 1177 4402 peccatum,
1220 4336 1561 4390 coiivertitur
1597 4338 1664 4390 ad
1706 4337 1824 4390 dia-

248 4423 429 4476 bolum
473 4428 697 4493 sagittas
727 4441 847 4494 quae
886 4426 1053 4495 ipsius
1096 4436 1275 4481 erant.
1308 4426 1409 4481 Job
1448 4428 1593 4481 enim
1626 4438 1824 4496 putans

252 4514 418 4567 Deum
446 4530 567 4570 esse
594 4517 682 4586 qui
724 4516 933 4581 feriret,
963 4527 1017 4571 et
1068 4520 1374 4587 suspicatus
1400 4529 1484 4573 est
1517 4534 1637 4575 esse
1663 4536 1691 4573 a
1716 4520 1825 4573 Deo

251 4607 473 4677 plagas:
506 4619 560 4659 et
607 4620 801 4675 putans
855 4609 1021 4663 Deum
1068 4626 1185 4665 esse
1229 4613 1319 4681 qui
1368 4612 1578 4675 feriret,
1620 4613 1823 4682 gratias

248 4704 359 4770 egit
391 4703 442 4753 in
480 4702 663 4771 plagis.
708 4703 1019 4772 Magnitudo
1062 4716 1244 4757 autem
1300 4706 1651 4773 malignitatis
1713 4706 1825 4758 dia-

251 4791 358 4844 boli
382 4807 642 4846 conversa
667 4803 750 4846 est
787 4795 852 4847 ad
894 4796 1316 4863 magnitudinem
1345 4812 1673 4850 coronarum
1696 4796 1821 4852 Job.

254 4882 310 4937 Si
340 4885 481 4937 enim
517 4887 681 4939 sciret
704 4888 828 4955 quia
854 4886 1139 4940 adversum
1174 4887 1249 4957 (Si)
1285 4887 1527 4941 invidum
1559 4898 1614 4942 et
1649 4889 1829 4942 inimi-

253 4992 372 5031 cum
396 4977 643 5040 haberet,
670 4980 809 5033 forte
833 4980 1222 5034 contentiosius
1253 4981 1455 5050 egisset
1490 4990 1545 5033 et
1569 4981 1825 5046 alacrius,

251 5080 343 5122 aut
376 5079 429 5123 et
456 5072 938 5140 contemptibilius.
983 5071 1137 5125 Nunc
1168 5084 1345 5126 autem
1381 5073 1556 5127 malus
1589 5074 1741 5127 canis
1776 5082 1829 5127 et

253 5161 554 5215 inalitiosus
594 5163 746 5232 lupus
783 5166 1131 5233 semetipsum
1166 5166 1427 5229 occuitat,
1466 5176 1522 5221 et
1549 5179 1825 5235 pastorem

253 5256 519 5319 producit,
576 5264 631 5308 et
684 5254 783 5309 Job
829 5257 1246 5313 admirationem
1302 5259 1547 5313 adauxit.
1607 5260 1713 5314 Per
1763 5277 1827 5316 ea

250 5347 393 5397 enim
426 5363 545 5415 quae
580 5350 787 5416 putavit
813 5350 1045 5404 maxime
1070 5365 1127 5403 se
1153 5352 1435 5421 instigare,
1474 5366 1569 5421 per
1598 5357 1713 5405 haec
1740 5352 1825 5405 iii-

252 5438 478 5506 stigatus
498 5451 551 5493 et
583 5444 775 5506 victus,
807 5452 863 5497 et
896 5458 1060 5513 supra
1096 5458 1309 5498 omnem
1351 5460 1501 5513 spem
1536 5455 1825 5513 superatus

252 5537 487 5589 ostendit
518 5539 802 5590 victorem.
848 5536 979 5602 Quis
1028 5538 1171 5591 enim
1205 5546 1257 5590 et
1287 5536 1514 5593 suﬂerre
1558 5540 1824 5607 potuisset

202 5699 208 5704 _
255 5630 431 5683 sciens
463 5644 615 5681 suam
647 5630 810 5681 vitam
842 5629 1281 5683 immaculatam?
1312 5628 1501 5686 Sciens
1531 5632 1819 5687 conscien-

325 5742 366 5771 "
404 5740 483 5793 lsa
539 5756 629 5807 LII,
658 5743 741 5796 li.

327 5831 403 5899 (9)
432 5832 735 5887 Adversum.
768 5833 867 5888 Pro
900 5836 1277 5889 adversarium.

325 5904 433 5962 (ιυ)
470 5905 694 5958 Ι¹νοιιιὲι.
732 5906 891 5960 Forte
917 5909 1167 5959 vrodidit.

1933 2046 2085 2099 disce
2124 2062 2221 2115 per
2252 2060 2375 2099 eum
2410 2044 2616 2099 inimici
2647 2043 3040 2099 inﬁrmitatem.
3066 2044 3171 2100 Sed
3201 2046 3336 2099 dicis
3363 2064 3379 2099 :
3408 2060 3513 2099 non

1932 2139 2079 2190 enim
2110 2137 2331 2190 abducit
2358 2146 2413 2190 et
2444 2135 2825 2195 adducitloca.
2853 2146 3065 2206 gentes,
3096 2136 3325 2203 populos
3348 2150 3517 2205 quan-

1934 2238 2019 2283 tos
2058 2237 2114 2283 et
2163 2227 2451 2281 videmus?
2478 2227 2713 2281 Adducit
2743 2244 2758 2280 :
2790 2229 2882 2281 sed
2925 2234 2981 2280 et
3015 2236 3265 2295 apportat
3296 2240 3393 2280 eos
3419 2227 3511 2293 qui

1932 2318 2141 2382 volunt,
2176 2317 2314 2386 fugit
2355 2326 2539 2369 autem
2583 2330 2677 2369 eos
2707 2316 2797 2383 qui
2840 2315 3139 2382 increpant.
3190 2312 3327 2367 Cum
3362 2316 3510 2368 enim

1932 2409 2079 2463 dedit
2106 2408 2154 2462 ei
2196 2408 2374 2461 iocum
2418 2406 2614 2473 Judas,
2653 2407 2929 2473 ingressus
2975 2414 3059 2459 est
3094 2406 3147 2459 in
3175 2405 3294 2475 ejus
3323 2408 3509 2471 corde,

1931 2500 2142 2555 furatus
2170 2508 2274 2564 est,
2312 2500 2513 2567 prodiit
2542 2497 2674 2569 (l0).
2703 2494 2898 2550 Petrus
2930 2494 2978 2549 ei
3008 2496 3182 2550 lactus
3207 2505 3292 2550 est
3315 2505 3465 2564 petra
3498 2517 3509 2552 :

1929 2592 2104 2659 magis
2126 2592 2270 2643 enim
2306 2590 2537 2658 plagavit
2568 2602 2727 2656 quam
2760 2586 3005 2654 plagatus
3037 2594 3142 2641 est.
3186 2584 3293 2639 Sed
3328 2587 3465 2641 dicis
3493 2606 3507 2641 :

1927 2698 2033 2737 non
2057 2681 2269 2751 negavit
2296 2680 2514 2734 Petrus?
2534 2677 2737 2745 Quart?
2756 2687 2971 2745 quando
2996 2679 3222 2730 necdum
3243 2688 3362 2731 erat
3384 2693 3509 2730 cru-

1927 2772 2007 2826 cis
2050 2782 2306 2839 tropaeum
2347 2780 2609 2824 erectmn.
2646 2768 2826 2822 Nolite
2854 2782 2975 2821 esse
3013 2768 3205 2830 timidi,
3230 2768 3397 2822 nolite
3427 2768 3512 2820 in-

1926 2863 2074 2933 digni
2110 2878 2137 2915 a
2174 2867 2409 2929 proavis.
2446 2864 2649 2914 Aurum
2690 2857 2909 2928 quidem
2958 2857 3052 2911 Dei
3084 2869 3164 2912 est
3196 2873 3210 2910 :
3241 2857 3511 2923 dicamus,

1927 2955 2087 3008 aﬂ‘ers
2117 2954 2321 3025 ignem,
2354 2952 2515 3007 all'ers
2551 2952 2809 3022 gladium,
2840 2950 3121 3015 addentes,
3168 2951 3349 3004 omnia
3388 2967 3516 3020 pos-

1928 3059 2050 3101 sum
2108 3054 2330 3114 propter
2390 3058 2514 3097 eum
2552 3042 2645 3112 qui
2676 3042 2933 3095 misertus
2980 3049 3063 3094 est
3101 3040 3256 3093 mihi.
3288 3039 3514 3097 Gladius

1927 3138 2112 3192 Jesum
2150 3151 2255 3191 non
2296 3134 2508 3199 incidit,
2546 3148 2719 3203 neque
2750 3133 2892 3202 ignis
2932 3146 3055 3187 eum
3092 3134 3384 3197 consumit,
3416 3135 3512 3187 sed

1929 3230 2137 3283 incisus
2193 3227 2484 3296 aliquando
2533 3234 2617 3280 est
2656 3240 2763 3295 per
2808 3222 3042 3281 clavum.
3071 3223 3210 3291 Quid
3245 3236 3330 3279 est
3369 3227 3514 3293 quod

1929 3324 2159 3376 incisum
2208 3319 2334 3373 est?
2373 3317 2491 3373 Noli
2548 3317 2816 3385 ignorare,
2866 3317 2990 3386 quia
3025 3332 3125 3372 nec
3177 3318 3231 3373 in
3272 3318 3512 3373 animam

1929 3414 2229 3482 ingreditur
2262 3412 2467 3465 clavus.
2502 3409 2787 3464 Passiones
2835 3411 2979 3465 enim
3036 3410 3349 3479 corporales
3391 3426 3517 3466 cor-

1927 3506 2149 3574 poribus
2173 3512 2301 3558 sunt
2326 3502 2712 3557 conducibiles.
2734 3500 2944 3567 Corpus
2964 3516 2992 3552 a
3017 3515 3246 3568 corpore
3263 3500 3467 3569 patitur
3494 3517 3510 3555 :

1929 3594 2265 3664 incorporale
2312 3608 2416 3647 non
2462 3593 2634 3653 ardet,
2661 3607 2767 3645 non
2820 3590 3091 3644 inciditur.
3135 3586 3285 3645 Talis
3322 3600 3514 3648 natura

1932 3700 2041 3740 non
2079 3684 2357 3751 dividitur,
2390 3699 2494 3737 non
2542 3680 2887 3752 pra’l'ocatur.
2932 3679 2987 3735 Si
3019 3682 3161 3735 enim
3188 3681 3512 3736 translatum

1929 3777 2095 3832 fuerit
2122 3791 2342 3845 corpus,
2372 3791 2477 3829 non
2516 3785 2599 3829 est
2631 3774 2719 3827 ubi
2748 3776 2951 3843 capiat.
2996 3774 3103 3827 Sed
3155 3774 3281 3829 nolo
3331 3775 3514 3829 dicere

1928 3870 2071 3939 quod
2121 3870 2385 3937 sequitur,
2410 3866 2533 3936 quia
2595 3879 2694 3917 nec
2724 3865 2950 3917 rationis
2982 3875 3066 3917 est
3118 3862 3513 3933 blasphemiam

1928 3960 2073 4028 loqui
2106 3959 2157 4011 in
2186 3958 2450 4012 Ecclesia.
2492 3956 2565 4010 Ea
2594 3955 2762 4025 igitur
2792 3968 2911 4022 quas
2940 3954 3005 4008 de
3036 3954 3251 4010 diabolo
3279 3969 3385 4009 non
3410 3956 3513 4009 im-

1930 4088 2158 4150 portune
2212 4084 2592 4141 occurrerunt,
2622 4076 2694 4128 ita
2746 4072 3145 4141 quodammodo
3191 4072 3333 4128 facta
3386 4081 3517 4130 sunt

1932 4170 2241 4225 manifesta.
2296 4169 2405 4223 Nos
2468 4178 2649 4222 autem
2707 4166 3047 4219 coniidamus
3103 4166 3155 4218 in
3199 4165 3435 4227 Christo,
3460 4175 3515 4221 et

1930 4262 2268 4325 conﬁdentes
2289 4262 2633 4330 increpemus
2655 4265 2727 4326 ei,
2750 4272 2805 4317 et
2867 4262 3205 4329 increpantes
3250 4274 3516 4312 memores

1930 4356 2100 4409 simus
2130 4357 2247 4423 ejus
2302 4354 2393 4422 qui
2432 4354 2506 4407 ait
2538 4370 2553 4408 :
2586 4352 2742 4408 Exite
2777 4355 2841 4407 ab
2883 4356 2957 4406 eis
3007 4363 3053 4405 et
3095 4350 3437 4419 separamim’,
3465 4359 3515 4402 et

1930 4449 2257 4501 immundum
2300 4463 2361 4498 ne
2409 4447 2682 4516 tetigerttis
2704 4448 2771 4504 ³¹.
2809 4446 2944 4513 Quid
2985 4445 3129 4499 enim
3167 4444 3249 4499 eis
3292 4451 3345 4495 et
3375 4440 3513 4495 (ΙίΠί-

1932 4537 2062 4591 ciles
2086 4538 2308 4591 sumus?
2333 4538 2459 4606 quid
2488 4540 2566 4591 eis
2596 4548 2648 4591 et
2682 4535 3012 4591 irascimur?
3038 4550 3156 4604 quas
3182 4534 3325 4589 enim
3356 4547 3513 4603 poma

1857 4646 1900 4700 ι)
1933 4630 2037 4683 alia
2069 4631 2150 4685 eis
2180 4630 2522 4685 debetur?Si
2568 4631 2690 4699 quis
2724 4630 2804 4684 eis
2836 4631 3187 4692 irasceretur,
3216 4628 3402 4698 utique
3428 4628 3513 4683 di-

1932 4732 2080 4777 ceret
2122 4741 2134 4776 :
2170 4720 2415 4791 Spoliare
2440 4766 2453 4788 ,
2490 4724 2761 4776 denudare
2786 4761 2801 4783 ,
2831 4722 3137 4789 deturpare,
3176 4718 3515 4791 inirigidare.

1936 4818 2127 4870 Statue
2162 4832 2283 4871 eum
2316 4817 2516 4870 nudum
2567 4817 2620 4871 in
2678 4817 2901 4885 frigore,
2932 4816 3097 4870 facito
3142 4829 3265 4870 eum
3293 4830 3517 4869 currere

1937 4917 2061 4960 ante
2090 4923 2331 4961 currum.
2354 4906 2587 4961 Laboret
2622 4908 2909 4961 ambulans
2932 4948 2946 4969 ,
2992 4910 3306 4976 deturpetur
3348 4907 3518 4959 denu-

1938 4999 2114 5058 datus,
2141 5000 2285 5051 dicat
2321 4999 2515 5066 turpia.
2576 4998 2713 5063 Quid
2762 4998 2961 5066 quieris
3003 4998 3198 5065 punire
3241 5010 3363 5050 eum
3423 4996 3515 5064 qui

1934 5088 2282 5157 semetipsum
2321 5088 2577 5141 damnat?
2606 5087 2803 5142 sullicit
2843 5088 2923 5143 eis
2952 5090 3078 5157 quia
3125 5102 3232 5142 non
3275 5094 3401 5141 sunt
3426 5102 3519 5141 no-

1934 5180 2142 5234 biscum
2184 5198 2197 5236 :
2228 5179 2422 5235 suliicit
2462 5180 2617 5235 nobis
2651 5180 2775 5245 quia
2807 5193 2912 5233 non
2964 5192 3155 5232 sumus
3189 5192 3311 5231 cum
3362 5178 3515 5245 ipsis.

1936 5270 2184 5326 llabeant
2211 5275 2353 5340 quod
2382 5272 2604 5337 habent,
2637 5272 2762 5341 quia
2795 5283 2849 5326 et
2886 5270 3091 5325 volunt.
3125 5268 3243 5325 Non
3270 5268 3382 5341 (ll)
3419 5271 3517 5323 ha-

1933 5363 2123 5417 bemus
2153 5380 2314 5435 quem
2346 5367 2629 5428 habemus,
2654 5366 2780 5435 quia
2814 5373 2868 5418 et
2898 5363 3165 5419 volumus.
3213 5364 3321 5418 Sed
3352 5362 3517 5431 fugiat

1932 5463 1988 5507 et
2027 5470 2177 5509 mens
2204 5458 2445 5521 insanos,
2480 5467 2533 5511 et
2554 5457 2711 5512 sileat
2745 5456 2925 5525 lingua
2953 5474 2966 5523 ;
2996 5456 3119 5511 inde
3147 5465 3201 5510 et
3234 5465 3503 5510 converta-

1934 5552 2022 5598 tur
2046 5546 2111 5599 ad
2148 5560 2339 5613 purum
2367 5559 2418 5600 et
2468 5547 2865 5618 incorporalem
2905 5547 3097 5612 Deum,
3124 5547 3192 5600 ad
3242 5556 3516 5607 sanctum,

1932 5647 1985 5689 et
2013 5637 2167 5692 istius
2198 5639 2349 5693 chori
2388 5638 2698 5695 Dominum.
2731 5637 2849 5697 Non
2880 5654 3005 5696 eum
3054 5640 3368 5710 operiamus
3393 5650 3515 5691 cor-

2005 5836 2116 5908 (ll)
2151 5837 2293 5892 Non.
2329 5840 2403 5893 An
2439 5841 2579 5893 nos?
