4000 6476
1181 446 1449 524 EUSEBII
1485 463 1961 526 cessurusne
1994 464 2147 522 ora.
2187 463 2374 526 rans.
2407 458 2500 523 tv.
2538 494 2610 509 —
2646 459 3074 521 DOGIA'l'lCA.

406 640 415 647 λ
480 581 1135 655 pore.quianeepatitur_
1167 598 1185 637 :
1213 599 1320 639 non
1358 598 1491 639 eum
1539 581 1843 639 vestiamus
1901 583 2063 638 vesti-
2092 586 2138 643 Α
2167 590 2309 637 terra
2360 592 2417 637 ut
2475 578 2771 636 seabeilum
2833 586 3046 632 tactum
3091 574 3286 646 pedum
3340 584 3755 639 mensuram.

480 673 827 743 mento,quia
860 689 962 729 nec
987 675 1192 745 indiget
1230 691 1245 729 :
1279 690 1386 730 non
1408 675 1460 730 ei
1518 673 1817 731 oleramus
1841 675 2051 730 sacriﬁ-

479 764 587 828 cia,
607 764 730 833 quia
767 780 870 819 nec
900 766 1056 834 petit.
1084 764 1320 822 Estima
1352 767 1493 835 quid
1515 766 1670 821 dicis.
1720 764 1785 821 Si
1808 762 2046 821 dederis

478 852 525 906 ei
554 867 771 922 corpus,
797 853 1057 922 separasti
1081 855 1130 908 ei
1150 855 1362 921 locum;
1390 853 1739 925 composuisti
1756 853 2056 923 simplicem

476 950 752 1009 naturam,
804 943 1123 1013 placabilem
1160 942 1332 1001 fecisti
1398 944 1809 1017 implacabilem.
1842 944 1899 1000 in
1940 945 2059 1001 loco

476 1049 597 1088 eum
619 1034 709 1104 qui
735 1045 790 1089 et
835 1032 1021 1091 alneis
1052 1035 1189 1091 liber
1228 1047 1312 1092 est
1360 1037 1713 1092 constituisti.
1754 1036 1809 1091 Si
1852 1037 2058 1093 dixeris

475 1140 695 1195 corpus,
719 1124 874 1180 dabis
924 1125 1135 1190 oculos,
1183 1126 1336 1181 dabis
1388 1140 1551 1181 aures
1594 1127 1741 1182 circa
1776 1126 1967 1194 Deum,
1998 1138 2055 1183 et

477 1216 741 1287 linguam,
770 1225 826 1270 et
855 1231 1100 1281 sensum,
1128 1226 1181 1273 et
1206 1231 1349 1284 ossa,
1381 1226 1438 1273 et
1481 1218 1717 1281 viscera,
1743 1228 1796 1272 et
1834 1233 2053 1282 nervos,

472 1316 528 1361 et
548 1321 713 1364 venas
751 1323 765 1360 :
795 1317 850 1360 et
881 1308 1097 1377 ignoras
1124 1308 1195 1363 de
1226 1322 1333 1377 quo
1369 1306 1637 1377 loqueris.
1668 1306 1812 1378 Fuge
1834 1308 2056 1363 demen-

472 1398 625 1462 tiam,
665 1409 723 1452 ut
752 1398 1177 1469 comprehendas
1206 1416 1311 1454 non
1342 1411 1577 1469 quantus
1613 1409 1695 1455 est
1718 1410 1934 1463 natura,
1956 1401 2052 1457 sed

470 1499 732 1559 quantum
759 1491 852 1544 tibi
881 1488 1135 1558 possibile
1149 1500 1236 1546 est
1261 1504 1439 1561 nosse.
1462 1489 1521 1545 Si
1547 1504 1745 1560 corpus
1768 1502 1854 1545 est
1870 1491 2011 1545 Deus
2034 1508 2050 1545 :

472 1580 595 1644 quis
632 1590 715 1635 est
740 1581 831 1649 qui
873 1588 1170 1649 supportat,
1195 1580 1289 1649 qui
1309 1580 1620 1649 subbajulat
1663 1581 1861 1636 emtum
1888 1582 1910 1636 ἳ
1940 1585 2054 1638 An-

470 1680 688 1738 tequam
718 1659 848 1741 ergo
877 1670 1070 1726 solum
1101 1669 1279 1735 ﬁeret,
1314 1670 1405 1725 ubi
1432 1682 1551 1726 erat
1577 1672 1759 1727 Deus?
1790 1671 1957 1727 Terra
2001 1674 2050 1729 ei

468 1761 761 1819 scabellum
786 1772 870 1817 est
896 1780 907 1815 :
935 1770 1231 1831 antequam
1249 1773 1544 1817 crearetur
1563 1772 1727 1828 terra,
1778 1764 1867 1819 ubi
1896 1773 2051 1820 erant

467 1850 665 1929 pedes?
691 1848 797 1906 Sed
822 1851 1039 1921 quando
1084 1852 1287 1906 dictum
1347 1862 1431 1907 est
1474 1854 1620 1909 hoc:
1663 1854 1864 1911 Colunt
1917 1857 2047 1911 mihi

2161 674 2435 743 quomodo
2473 680 2659 743 potest
2686 669 2923 727 transire
2942 668 3239 725 scabellum
3264 667 3465 738 pedum
3495 666 3757 723 suumn!

2158 765 2435 835 quomodo
2461 762 2801 820 ambulavit?
2854 762 2954 819 sed
2989 761 3198 816 habitat
3239 759 3381 817 Deus
3422 760 3481 816 in
3525 758 3752 827 animis,

2159 854 2374 910 habitat
2404 865 2462 909 et
2490 852 2811 909 inambulat.
2835 850 3025 908 Latior
3050 849 3198 904 enim
3226 848 3381 905 sinus
3406 856 3499 903 est
3526 846 3753 917 anime,

2157 958 2319 1013 quam
2353 942 2554 998 calum
2582 958 2597 995 :
2626 953 2847 999 sanctus
2868 944 2924 998 in
2965 939 3170 997 sanctis
3207 940 3528 1011 requiescit.
3555 937 3752 993 Ind-i-

2158 1033 2311 1100 mitri,
2343 1034 2540 1104 inquit,
2594 1031 2870 1101 Christum.
2910 1029 3118 1095 Iesum,
3151 1030 3280 1087 dicit
3333 1031 3640 1102 Apostolus
3672 1030 3744 1083 “.

2157 1122 2351 1190 Quanti
2385 1125 2531 1180 enim
2582 1123 2926 1180 induuntur?
2969 1124 3156 1193 quanti
3191 1132 3247 1177 et
3279 1125 3459 1178 vocati
3515 1131 3675 1188 sunt,
3701 1134 3756 1178 et

2158 1224 2444 1281 vocantur,
2469 1225 2519 1269 et
2545 1214 2921 1271 vocabuntur?
2947 1223 3004 1270 et
3050 1214 3426 1285 unusquisque
3455 1222 3659 1279 totum,
3693 1224 3750 1267 et

2155 1318 2344 1359 omnes
2376 1313 2570 1369 totum,
2609 1312 2665 1359 et
2695 1316 2876 1373 neque
2910 1298 3174 1359 dividitur
3216 1303 3318 1366 eis,
3368 1315 3555 1370 neque
3614 1301 3753 1357 inci-

2161 1390 2330 1457 ditur,
2383 1407 2561 1462 neque
2618 1392 2907 1455 scinditur,
2957 1400 3013 1446 et
3062 1388 3317 1446 omnibus
3362 1390 3541 1457 adest,
3571 1399 3630 1444 et
3682 1393 3752 1444 ab

2156 1481 2413 1536 omnibus
2449 1490 2736 1550 separatus
2768 1488 2873 1544 est,
2898 1487 2955 1535 et
2977 1493 3166 1534 omnes
3203 1478 3378 1548 replet
3407 1494 3423 1530 :
3455 1478 3592 1547 quia
3644 1491 3750 1530 non

2156 1580 2245 1626 est
2278 1587 2480 1639 corpus
2509 1570 2677 1635 Deus,
2709 1585 2887 1640 neque
2913 1583 3112 1639 corpus
3134 1569 3282 1626 circa
3319 1570 3523 1638 ipsum,
3566 1581 3749 1636 neque

2157 1664 2504 1719 vestimenta.
2542 1661 2820 1733 Siquidem
2845 1670 2901 1718 et
2946 1676 3075 1717 cum
3136 1660 3191 1715 in
3246 1672 3483 1727 corpore
3544 1655 3749 1723 Filius,

2155 1770 2255 1810 nec
2282 1766 2411 1811 tunc
2456 1755 2605 1811 cadit
2660 1756 2713 1810 in
2748 1767 2987 1825 corpus:
3025 1751 3120 1808 sed
3155 1751 3325 1822 magis
3377 1749 3750 1821 incorporalis

2155 1858 2346 1900 natura
2406 1843 2726 1901 eiﬁcientias
2782 1842 2912 1899 fecit
2950 1857 3154 1913 corpus
3212 1841 3443 1897 suﬁ’erre
3475 1881 3494 1907 ,
3539 1855 3749 1911 corpus

466 1942 610 1994 sedes
632 1978 649 2004 ,
690 1951 829 1995 terra
889 1952 1062 1995 autem
1116 1942 1404 1997 scutellum
1467 1946 1657 2012 pedum
1703 1962 1939 2002 υιεοηιικ
1955 1947 2046 2003 σιτ
2080 1933 2121 1987 Β
2147 1936 2295 1991 enim
2321 1950 2487 2005 supra
2526 1934 2727 1991 ﬂuctus
2769 1950 2879 1991 non
2909 1934 3155 1991 ambulat
3185 1932 3233 1975 ⁸⁸
3268 1951 3284 1989 :
3321 1932 3635 1987 ambulavit
3656 1945 3748 1987 er-

462 2026 600 2091 Cum
624 2028 785 2085 israel
821 2047 1072 2101 magnum
1114 2032 1241 2101 quid
1263 2045 1481 2103 saperet
1512 2037 1579 2090 de
1611 2037 1831 2106 templo,
1886 2040 2042 2095 adin—

464 2122 690 2176 veniens
714 2122 817 2176 sibi
845 2122 1125 2193 templum.
1159 2124 1470 2193 Corripiens
1521 2128 1667 2181 enim
1718 2128 1950 2185 humiles
1988 2137 2044 2185 et

463 2210 782 2283 adunonens,
814 2204 939 2282 quia
968 2212 1109 2267 Deus
1132 2213 1330 2283 templo
1360 2231 1467 2275 non
1493 2218 1886 2285 circumdatur,
1916 2231 2043 2275 tunc

461 2302 593 2356 dicit
618 2319 632 2356 :
660 2300 857 2359 Caelum
877 2305 1007 2360 mihi
1033 2306 1178 2365 sedes
1205 2349 1221 2375 ,
1248 2318 1382 2361 terra
1424 2320 1598 2363 autem
1634 2312 1916 2366 scutellum
1949 2329 2043 2380 pe-

460 2390 587 2444 dum
611 2407 862 2447 meorum.
892 2390 1001 2449 Hoc
1028 2404 1085 2449 ut
1112 2397 1296 2463 parvis
1337 2396 1597 2466 loquitur.
1634 2400 1700 2455 Et
1725 2402 1854 2471 quid
1893 2404 2043 2458 addit

460 2478 822 2551 interpretans
844 2497 907 2537 ea
940 2499 1060 2553 qua:
1081 2485 1221 2540 dixit
1246 2504 1260 2541 :
1290 2486 1460 2553 Quam
1503 2490 1716 2545 domum
1752 2492 2041 2561 adiﬁcabi-

459 2572 527 2625 tis
547 2574 695 2634 mihi.
723 2584 771 2629 et
804 2576 919 2637 quis
954 2575 1097 2631 locus
1148 2580 1484 2649 requietiont's
1546 2598 1676 2637 mete
1696 2584 1781 2640 “2
1804 2586 1883 2639 Ad
1940 2585 2042 2642 hoc

458 2658 588 2713 illud
612 2662 743 2717 utile
770 2682 784 2716 :
812 2661 877 2717 ad
907 2675 1156 2720 naturam
1180 2679 1359 2724 autem
1388 2685 1456 2725 ne
1472 2672 1688 2742 quidem
1712 2673 1867 2730 illud.
1896 2675 2039 2733 Audi

457 2751 603 2805 enim
632 2750 774 2809 illius
809 2744 1104 2825 magniﬁcae
1133 2759 1279 2814 vocis
1307 2760 1714 2817 admirationem
1740 2778 1757 2819 :
1784 2763 1851 2819 In
1883 2781 2041 2819 mus-

460 2838 531 2893 do
565 2852 701 2909 erat,
734 2854 827 2909 et,
880 2849 1013 2901 renit
1057 2849 1127 2902 ad
1163 2850 1413 2905 "tundunt
1430 2844 1494 2905 “.
1549 2855 1849 2925 Antequam
1894 2856 2038 2912 enim

463 2942 745 3003 putaretur
790 2939 1005 3006 adesse,
1055 2941 1264 2998 aderat.
1302 2942 1418 3000 Non
1454 2955 1537 3001 est
1564 2948 1654 3002 ubi
1686 2964 1791 3004 non
1817 2958 1903 3005 est
1932 2966 1946 3003 :
1985 2958 2040 3007 et

454 3022 580 3093 quia
612 3026 815 3100 ubique
859 3040 961 3097 est,
991 3046 1097 3087 non
1130 3035 1498 3091 circumdatur
1525 3052 1555 3091 a
1591 3038 1730 3095 loco.
1788 3039 1845 3095 Si
1874 3042 2031 3097 enim

455 3117 514 3173 in
544 3117 665 3176 loco
690 3131 827 3184 erat.
846 3122 899 3178 in
928 3124 1038 3182 alio
1066 3124 1184 3182 loco
1207 3143 1314 3184 non
1339 3139 1478 3185 erat.
1504 3130 1641 3198 Quia
1678 3132 1822 3188 enim
1849 3137 2034 3192 omnia

452 3207 645 3284 implet
667 3211 783 3269 loca
804 3254 821 3280 ,
850 3225 905 3271 et
941 3218 1193 3275 omnibus
1251 3235 1538 3292 separatus
1563 3233 1666 3290 est,
1699 3228 1880 3291 adest,
1927 3244 2033 3284 non

2145 2044 2213 2101 go
2251 2027 2412 2085 Jesus
2433 2043 2532 2099 per
2561 2042 2781 2098 corpus.
2816 2027 2933 2085 Non
2957 2042 3090 2098 ergo
3123 2025 3298 2083 deitas
3325 2026 3560 2080 deducta
3592 2033 3679 2080 est
3713 2037 3746 2075 a

2144 2135 2396 2191 corpore,
2449 2120 2547 2175 sed
2576 2134 2778 2189 corpus
2812 2120 3083 2175 elevatum
3119 2127 3204 2173 est
3233 2133 3263 2172 a
3295 2118 3499 2172 deitate
3526 2132 3542 2169 :
3590 2115 3744 2184 spuit

2144 2228 2361 2283 corpus,
2388 2213 2509 2284 ejus
2536 2213 2683 2268 enim
2707 2219 2902 2266 natura
2941 2219 3049 2266 est.
3079 2207 3183 2278 Qui
3206 2219 3387 2264 autem
3413 2209 3469 2264 in
3500 2222 3744 2277 corpore

2143 2307 2331 2359 adesse
2361 2302 2613 2373 dignatus
2655 2312 2761 2369 est,
2789 2300 2949 2357 simul
2998 2315 3124 2356 cum
3146 2309 3305 2370 sputo
3338 2298 3524 2354 emisit
3552 2298 3741 2353 virtu-

2146 2403 2249 2448 tem
2276 2408 2379 2448 non
2411 2392 2657 2449 incidens
2684 2408 2713 2447 a
2744 2408 2828 2461 se,
2859 2402 2914 2449 et
2938 2392 3110 2447 lutum
3132 2392 3295 2447 ﬁebat
3318 2407 3387 2447 es
3417 2401 3587 2464 sputo
3619 2408 3639 2451 :
3668 2406 3741 2447 es

2142 2494 2301 2553 sputo
2335 2496 2519 2540 autem
2562 2495 2617 2541 et
2666 2483 2781 2540 luto
2831 2483 3020 2541 oculos
3076 2483 3171 2555 qui
3234 2493 3443 2539 natura:
3492 2483 3738 2538 deerant

2142 2576 2396 2646 ﬁguravit
2422 2591 2437 2629 :
2468 2585 2527 2631 ut
2554 2576 2622 2631 ab
2644 2576 2799 2631 initio
2828 2576 3062 2631 intueris
3097 2584 3267 2632 totum
3324 2575 3547 2647 quidem
3607 2590 3739 2631 cor-

2141 2683 2242 2740 pus
2266 2668 2599 2730 alleviatum.
2625 2677 2681 2723 et
2724 2669 3048 2725 vestimenta
3098 2669 3347 2739 corporis
3385 2668 3680 2724 obicientis
3715 2683 3733 2721 :

2139 2768 2197 2815 et
2241 2760 2309 2815 ad
2363 2760 2717 2827 vestimenta,
2754 2770 2815 2815 ut
2858 2761 3043 2817 videas
3058 2761 3188 2831 quia
3211 2760 3397 2817 divina
3426 2762 3609 2817 virtus
3630 2776 3734 2831 per

2140 2866 2334 2907 omnes
2387 2838 2641 2923 penetrat
2671 2853 2766 2923 qui
2827 2852 3144 2923 tetigerunt.
3202 2852 3359 2909 Sicut
3400 2852 3550 2907 enim
3585 2853 3734 2924 ignis

2138 2942 2392 3000 calefacit
2423 2942 2675 3014 proxima
2716 2944 2857 3007 sibi,
2906 2955 2962 2999 et
3001 2958 3099 3014 per
3146 2943 3405 3001 calefacta
3457 2943 3543 2999 his
3607 2958 3735 3016 qua

2138 3036 2507 3107 aqunguntur
2584 3034 2860 3095 calefactis
2938 3035 3175 3091 calorem
3253 3034 3493 3105 impertit
3558 3047 3577 3088 :
3652 3034 3731 3090 ita

2136 3126 2499 3183 sanctiﬁcavit
2533 3126 2796 3184 Dominus
2823 3141 3022 3199 corpus
3058 3128 3202 3199 quod
3259 3127 3492 3199 accepit,
3514 3135 3573 3183 et
3626 3142 3730 3198 per

2137 3233 2338 3288 corpus
2365 3227 2611 3289 sputum,
2640 3229 2700 3277 et
2728 3235 2825 3291 per
2846 3218 3049 3290 corpus
3076 3220 3419 3277 vestimenta.
3445 3219 3538 3275 illa
3571 3221 3725 3278 enim

454 3302 611 3358 adest
642 3320 658 3359 :
694 3320 801 3360 non
835 3314 989 3375 potes
1028 3287 1332 3380 intelligere
1366 3320 1444 3367 tu.
1476 3312 1589 3368 Hoe
1606 3287 1751 3370 enim
1779 3287 2030 3387 estquod

2146 3287 2343 3365 nmlier
2361 3287 2484 3380 qua
2510 3287 2880 3366 summitatem
2928 3287 3156 3367 ﬁmbria
3200 3312 3372 3384 tetigit
3428 3313 3724 3372 vestimen-

452 3394 719 3463 quaerltur
769 3412 783 3451 :
846 3397 984 3452 nihil
1032 3398 1477 3469 Samaritanum,
1532 3405 1663 3459 nihil
1727 3404 2029 3475 Judaicum,

452 3481 585 3536 nihil
614 3484 717 3538 tale
742 3492 800 3559 ut
828 3485 980 3541 dicas
1011 3505 1026 3542 :
1066 3488 1254 3545 Patres
1284 3494 1447 3547 nostri
1492 3495 1547 3547 in
1573 3504 1749 3550 monte
1770 3497 1868 3551 hoc
1898 3501 2029 3553 odo-

450 3584 699 3629 rasmutt
733 3564 808 3628 ’⁸⁹.
863 3573 978 3632 Hoc
1030 3579 1175 3634 enim
1239 3579 1701 3640 Samaritanorum
1736 3597 1870 3643 est:
1926 3586 2030 3643 Vos

451 3673 623 3717 autent
675 3665 852 3720 dicitis
906 3668 964 3721 in
1016 3667 1391 3743 Hierosolyma
1459 3691 1569 3730 esse
1613 3675 1863 3733 locum“.
1910 3678 2027 3736 Non

452 3751 585 3809 mihi
634 3766 867 3823 montes,
903 3773 1012 3813 non
1073 3762 1292 3831 templa,
1322 3780 1427 3820 non
1462 3767 1760 3835 civitatem,
1792 3784 1899 3825 non
1937 3785 2027 3827 re-

450 3846 688 3916 gionem,
740 3863 849 3904 non
912 3850 1113 3917 locum,
1174 3870 1274 3911 nec
1327 3868 1688 3925 terram,nec
1720 3875 1893 3929 mare,
1926 3878 2025 3921 nec

448 3952 675 4004 aerem;
719 3954 840 3995 cum
901 3942 1040 3999 caelo
1091 3945 1223 4000 nihil
1268 3939 1573 4006 Judaicum.
1604 3952 1750 4009 Bona
1777 3954 1863 4011 lex
1890 3966 2020 4013 est:

450 4027 538 4085 lac
564 4033 749 4101 parvis
770 4033 1035 4090 utileest.
1070 4036 1272 4094 Factus
1324 4054 1384 4095 es
1432 4042 1721 4114 perfectus,
1759 4045 2022 4103 formatus

444 4135 527 4191 es,
575 4138 775 4182 excusa
799 4126 950 4195 illud,
978 4131 1123 4199 quod
1154 4131 1450 4203 aliquando
1501 4134 1596 4191 tibi
1623 4137 1911 4195 videbatur
1941 4140 2020 4195 ci-

443 4217 586 4273 vitas
638 4218 755 4287 Dei,
813 4221 1071 4292 templum
1122 4222 1239 4292 Dei,
1295 4226 1551 4295 templum
1600 4228 1839 4287 Domini.
1876 4231 2019 4288 Dicit

440 4309 585 4362 euim
617 4306 916 4363 Jeremias:
968 4310 1243 4382 Temptant
1292 4312 1527 4382 Domini,
1578 4319 1624 4372 si
1670 4321 2012 4387 servaveritis,

440 4396 635 4467 inquit,
661 4400 910 4455 mandata
934 4400 1145 4456 Domini
1166 4402 1233 4455 ".
1283 4403 1489 4463 Decora
1528 4424 1629 4463 vox
1658 4411 1832 4479 primo
1869 4414 2012 4467 testi.

442 4482 693 4539 Salomon
747 4496 928 4543 autem
982 4490 1267 4545 aediﬁcavit
1300 4494 1402 4548 sibi
1444 4497 1685 4563 domum,
1737 4501 1815 4555 ait
1854 4516 1871 4556 :
1919 4504 2013 4558 sed

436 4565 759 4639 Altissimus,
789 4576 978 4646 inquit,
1008 4595 1110 4632 non
1141 4578 1344 4637 habitat
1372 4584 1427 4638 in
1476 4589 1797 4658 manu/actis
1830 4593 2007 4647 Itami-

438 4678 562 4717 uunt
581 4662 648 4718 ⁸⁸.
675 4665 986 4724 Altissimus
1016 4681 1071 4725 et
1100 4687 1204 4727 non
1236 4675 1287 4729 in
1311 4676 1536 4733 civitate
1565 4697 1578 4733 :
1608 4681 1923 4741 Altissimus
1954 4697 2006 4743 et

436 4768 541 4845 non
610 4756 664 4811 in
727 4762 944 4829 templo.
997 4762 1064 4817 Et
1126 4764 1262 4821 dicit
1308 4783 1404 4838 per
1436 4772 1603 4827 alium
1632 4778 2005 4845 prophetam:

434 4843 663 4901 Sanctus
694 4865 832 4916 sunt,
858 4861 909 4905 et
937 4869 1039 4907 non
1069 4856 1333 4924 ingrediar
1367 4863 1631 4919 civitatem
1646 4866 1711 4921 ³⁸.
1825 4882 2004 4928 autem

432 4935 807 5031 in_civitatem
873 4959 977 4999 non
1035 4947 1360 5016 ingreditur,
1406 4955 1459 5008 in
1492 4958 1692 5028 templo
1730 4966 2005 5031 quomodo

433 5022 675 5079 habitat?
697 5034 752 5080 ut
784 5027 995 5083 dicatur
1019 5033 1216 5087 omium
1240 5036 1420 5104 sedes,
1456 5050 1515 5093 ut
1536 5022 1643 5096 non
1670 5022 1866 5102 donius
1898 5064 2001 5119 pu-

430 5120 575 5200 tetur
602 5127 656 5170 et
687 5127 832 5173 terra
864 5123 1204 5179 scabellum?
1235 5126 1335 5193 Qui
1360 5139 1536 5185 autent
1579 5137 1731 5190 novit
1759 5154 1881 5192 eum
1908 5141 2000 5209 qui

428 5217 488 5257 se
519 5207 723 5273 genuit.
748 5209 865 5275 ipse
893 5214 999 5266 scit
1044 5225 1099 5267 et
1136 5218 1340 5272 revelat
1372 5222 1498 5289 quia
1551 5224 1729 5281 nullus
1766 5242 1890 5283 eum
1919 5207 2001 5284 vi-

428 5294 526 5353 dit.
562 5296 629 5351 Et
673 5310 822 5356 certe
855 5304 1001 5358 venit
1048 5305 1233 5373 Pater,
1262 5320 1317 5364 et
1352 5312 1555 5369 habitat
1589 5325 1643 5371 et
1676 5318 1996 5378 inambulat.

428 5386 783 5483 IEtAcerteilla
830 5402 1217 5466 consequentia
1255 5419 1363 5459 non
1391 5408 1634 5463 consedit
1663 5412 1777 5483 (12)
1809 5416 1997 5469 ambu-

426 5474 700 5538 lationem.
730 5482 789 5537 Si
819 5486 962 5540 enim
1002 5496 1170 5543 totum
1202 5492 1403 5547 castum
1436 5499 1591 5553 sedes
1620 5474 1770 5568 ejus,
1790 5512 1845 5558 et
1884 5514 1995 5561 tota

2142 3411 2340 3467 tarum,
2374 3401 2575 3459 fontem
2600 3400 2959 3467 insanabilem
2987 3404 3266 3474 sanguinis
3326 3404 3550 3466 habens.
3583 3405 3695 3461 hau

2140 3493 2230 3549 rit
2254 3507 2351 3564 per
2396 3493 2665 3550 ﬁmbriam
2697 3493 2953 3553 sanitatis
2991 3496 3257 3552 medelam
3286 3495 3332 3529 “
3373 3514 3389 3553 :
3425 3512 3459 3551 a
3511 3496 3723 3555 deitate

2136 3584 2345 3641 scilicet
2373 3600 2495 3658 quae
2531 3587 2718 3643 aderat
2751 3589 2804 3645 in
2826 3603 3055 3659 corpore
3086 3588 3217 3643 :sed
3250 3588 3575 3645 vestimenta
3600 3592 3724 3661 ejus

2134 3680 2504 3749 praesentiam.
2534 3678 2722 3749 Neque
2755 3680 2921 3753 igitur
2950 3681 3067 3752 ipse
3098 3695 3299 3752 corpus
3342 3683 3721 3739 necessarium

2135 3769 2364 3825 habuit:
2395 3772 2489 3826 sed
2510 3774 2710 3844 quibus
2746 3783 2866 3830 erat
2888 3774 3019 3830 utile
3046 3775 3361 3844 contingere
3381 3786 3437 3831 et
3469 3777 3717 3832 tunicam

2130 3868 2187 3915 et
2244 3874 2463 3931 corpus.
2491 3872 2547 3919 et
2603 3880 2701 3935 per
2752 3867 3007 3938 spiritum
3060 3867 3246 3925 videre
3312 3868 3718 3940 incorporalem

2130 3948 2322 4018 Deum,
2342 3952 2436 4021 qui
2470 3952 2774 4011 ministerio
2804 3956 3222 4026 incorporalium
3253 3958 3404 4014 dives
3435 3970 3577 4015 erat.
3609 3959 3712 4015 Ii-

2128 4041 2410 4097 nisterinm
2451 4053 2633 4101 autem
2656 4048 2885 4103 audiens
2918 4062 3025 4103 non
3079 4051 3461 4106 necessitatem
3516 4051 3714 4109 audire

2127 4133 2311 4200 debes,
2345 4134 2439 4191 sed
2476 4136 2803 4193 beneﬁcium
2846 4154 3035 4196 eorum
3070 4142 3165 4209 qui
3216 4142 3550 4211 ministrant,
3593 4160 3709 4202 non

2126 4240 2281 4280 usum
2332 4234 2515 4283 tamen
2568 4228 2686 4298 ejus
2737 4231 2832 4300 qui
2864 4233 3252 4289 ministratur:
3286 4233 3512 4289 multum
3549 4236 3699 4292 enim

2124 4336 2222 4376 nos
2259 4321 2373 4393 (15)
2399 4338 2683 4393 prosumus
2711 4325 2842 4389 Deo,
2866 4327 2995 4398 quia
3019 4328 3266 4383 videmur
3302 4342 3400 4397 pro
3433 4330 3543 4386 Deo
3568 4345 3705 4389 con-

2126 4412 2364 4468 tendere.
2394 4412 2562 4470 Nobis
2586 4415 2731 4470 enim
2759 4414 2969 4473 lucrum
2996 4427 3100 4483 est,
3131 4427 3193 4472 ut
3222 4418 3459 4490 religiosi
3478 4421 3652 4477 simus
3681 4440 3698 4479 :

2120 4503 2277 4559 nobis
2302 4503 2510 4559 lucrum
2544 4516 2629 4561 est
2661 4509 2707 4562 si
2750 4522 2857 4563 non
2888 4522 3173 4579 perversas
3226 4511 3576 4569 habuerimus
3630 4516 3701 4571 de

2121 4595 2230 4651 Deo
2256 4606 2483 4665 mentes,
2516 4613 2583 4654 ne
2603 4610 2659 4655 et
2685 4599 3003 4665 decidamus
3046 4616 3076 4655 a
3104 4601 3238 4658 Deo.
3272 4601 3480 4658 Decidit
3512 4615 3698 4660 autem

2114 4688 2297 4743 omnis
2328 4703 2358 4742 a
2389 4686 2523 4755 Deo,
2553 4692 2642 4761 qui
2680 4691 2856 4746 aliena
2894 4692 3055 4763 sapit.
3082 4695 3159 4748 De
3208 4708 3317 4765 quo
3353 4695 3398 4750 si
3438 4695 3697 4753 didiceris

2114 4778 2185 4831 ita
2220 4788 2279 4831 ut
2300 4788 2403 4844 est,
2440 4779 2607 4835 habes
2642 4795 2765 4845 cum
2800 4800 2816 4837 :
2854 4782 2903 4837 si
2934 4792 3114 4840 autem
3138 4784 3303 4838 alium
3337 4800 3435 4854 pro
3457 4785 3563 4842 alio
3592 4802 3693 4856 pu.

2112 4872 2331 4936 laveris,
2368 4886 2489 4927 eum
2516 4875 2608 4943 qui
2653 4883 2738 4929 est
2772 4891 2880 4930 non
2910 4875 3157 4931 habebis.
3202 4876 3338 4943 Quia
3388 4893 3494 4933 non
3524 4894 3693 4949 agno-

2109 4961 2236 5016 visti
2258 4977 2419 5031 quem
2450 4976 2627 5034 putas,
2664 4982 2770 5019 non
2799 4966 2964 5023 habes
2984 4982 3109 5023 eum
3138 4970 3300 5039 :quia
3343 4984 3449 5023 non
3486 4981 3571 5025 est
3607 4982 3691 5025 ta-

2107 5050 2175 5107 lis
2200 5053 2408 5121 qualem
2440 5064 2619 5125 putas.
2680 5056 2797 5111 Non
2850 5059 2916 5113 de
2956 5058 3198 5129 quolibet
3251 5070 3527 5116 certamen
3577 5073 3685 5116 est.

2106 5140 2399 5199 irridemus
2428 5160 2522 5201 eos
2568 5156 2623 5201 et
2648 5148 2773 5216 quia
2830 5149 2932 5204 ista
2994 5166 3163 5219 parva
3220 5146 3543 5221 delinquunt
3587 5154 3686 5223 qui

2106 5238 2356 5303 ignorant
2388 5248 2531 5292 artes
2561 5255 2575 5291 :
2603 5240 2694 5293 ubi
2725 5254 2820 5296 ars
2848 5250 2931 5296 est
2958 5244 3289 5307 necessaria,
3336 5257 3429 5297 eos
3450 5244 3541 5311 qui
3573 5259 3682 5299 non

2105 5338 2466 5397 assequuntur
2527 5346 2598 5415 ea
2656 5346 2775 5400 qua
2823 5336 3070 5398 audiunt,
3134 5335 3449 5405 frequenter
3492 5336 3681 5390 dicen-

2104 5428 2210 5473 tem
2236 5421 2347 5490 (M)
2378 5423 2547 5488 vides,
2579 5425 2832 5489 dicimus.
2868 5442 2971 5481 non
3010 5427 3191 5495 audis,
3236 5442 3340 5482 non
3396 5428 3675 5497 intelligis.

2103 5508 2268 5578 igitur
2292 5514 2358 5567 de
2387 5515 2472 5568 his
2504 5529 2623 5584 qua:
2654 5517 2932 5572 hominum
2964 5529 3111 5584 sunt,
3160 5518 3315 5589 culpa
3363 5530 3448 5575 est
3479 5521 3525 5573 si
3570 5536 3677 5573 non

516 5659 559 5690 η
591 5659 859 5780 iisab?“
896 5669 947 5723 l'
1022 5668 1068 5703 ⁸³
1102 5673 1231 5733 ίδίδ-
1294 5678 1341 5711 ³⁵
1360 5679 1515 5736 Joan.
1553 5683 1699 5750 t,l0.
1777 5686 2000 5747 "Joan:
2027 5708 2101 5754 tv,
2128 5694 2217 5749 20.
2296 5697 2339 5728 ³⁸
2380 5698 2509 5753 ibid.
2586 5699 2630 5733 "
2656 5700 2767 5754 Jer.
2801 5718 2910 5767 vn,
2942 5702 2997 5757 ι.
3074 5702 3243 5760 "Act.
3275 5718 3374 5773 vn,
3403 5702 3671 5780 ιὸςιτιιο

738 5752 785 5780 ρ,
825 5753 893 5780 η
924 5740 956 5780 9
1086 5742 1131 5773 ιο
1170 5748 1297 5780 nn...
1349 5766 1447 5780 ν...
1495 5752 1552 5780 η
1658 5756 1702 5780 ..ι
1742 5757 1864 5780 ι---
2054 5763 2116 5780 με.
2246 5769 2288 5780 η
2330 5768 2371 5780 ..
2419 5779 2423 5780 ν
2464 5771 2475 5780 .
2668 5771 2726 5780 ,η
2761 5772 2823 5780 --

425 5728 513 5783 24.
592 5732 634 5763 ³¹
665 5734 787 5791 Ose.
822 5728 897 5803 xi,
924 5740 977 5795 9.

495 5820 608 5955 ἒξ)
638 5821 902 5908 consedit.
925 5828 1081 5884 Forte
1108 5838 1363 5897 concedit.

587 5897 607 5955 )
640 5892 773 5949 nos.
812 5895 975 5953 Forte
1000 5916 1120 5954 non.

587 5897 607 5957 )
640 5892 773 5949 Nos.
812 5895 975 5953 Forte
1000 5916 1120 5954 non.

1086 5742 1131 5773 “
1168 5748 1321 5803 ltom.
1349 5766 1469 5819 xm,
1495 5742 1590 5809 li;
1658 5756 1702 5787 ⁸⁸
1732 5742 2005 5831 Joanavt’,
2027 5742 2138 5820 Y9.

2244 5769 2289 5798 “
2325 5768 2515 5823 Matth.
2550 5786 2628 5833 ts,
2659 5771 2852 5827 20-29.

2171 5855 2285 5925 (υ)
2312 5857 2600 5917 Dicentem.
2628 5860 2788 5919 Forte
2816 5864 3067 5923 dicentes.
