4000 6466
207 534 353 591 ὶὶὶδ

1190 524 1280 582 DE
1310 521 1782 583 INCORPORALI
1821 521 1910 577 ΕΤ
1946 521 2295 580 lNVlSlBlLl
2332 519 2492 581 DEO.

203 646 569 708 habuerimus
623 642 702 703 de
728 645 997 703 invisibili
1048 646 1183 703 Deo.
1208 646 1343 702 Cum
1370 656 1551 701 autem
1582 645 1707 716 quis
1733 652 1828 699 aut
1855 649 1903 705 Α
1931 643 2203 697 interiecta
2232 640 2716 713 conspiciuntur“.
2762 637 2905 709 Quid
2943 648 3053 707 est,
3083 638 3361 697 intellecta
3387 656 3527 697 con-

209 742 555 813 despexerit,
583 749 684 796 aut
740 741 931 797 audire
987 739 1245 806 noluerit,
1272 750 1367 795 aut
1388 739 1693 809 intelligere
1719 738 1823 793 mi-
1923 734 2269 801 spiciuntur?
2301 734 2467 799 Deus,
2518 733 2720 803 lnquit,
2778 731 3055 788 intellecta
3092 730 3351 789 visibilis.
3378 730 3529 789 Visi-

201 851 329 891 nus
376 832 638 907 potuerit,
666 834 797 903 quid
841 843 1001 904 putas
1026 832 1172 889 erit?
1224 831 1343 888 Noli
1379 847 1567 888 errare
1604 848 1635 886 a
1684 832 1816 886 Deo.

198 927 369 984 Laus
395 928 510 993 Dei,
534 926 743 997 agnitio
767 937 852 981 est
885 926 1011 983 Dei.
1032 924 1346 981 Secundum
1384 926 1530 994 quod
1553 934 1639 980 est
1662 918 1821 980 nobis

191 1018 484 1089 possibile
522 1018 781 1075 recedere
828 1033 859 1073 a
914 1016 1338 1073 consuetudine.
1384 1014 1502 1070 Non
1538 1015 1816 1071 hominem

194 1114 422 1181 quaeris
472 1121 533 1167 ut
562 1112 779 1181 aperias
824 1108 875 1166 ei
925 1109 1112 1166 oculos
1138 1108 1251 1181 (15)
1277 1118 1332 1163 et
1372 1123 1555 1181 aures,
1588 1120 1644 1163 et
1675 1122 1737 1163 os
1762 1116 1818 1163 et

185 1205 485 1275 linguam,
538 1216 594 1257 et
627 1216 843 1267 manus,
882 1211 935 1256 et
961 1211 1170 1271 pectus,
1202 1211 1258 1255 et
1304 1200 1493 1270 pedes,
1526 1208 1583 1255 et
1646 1214 1817 1269 ponas

185 1298 320 1351 sub
343 1310 407 1352 eo
434 1296 620 1349 sedem
644 1335 660 1361 ,
684 1288 749 1348 et
779 1294 1042 1364 subjicias
1071 1291 1390 1354 scabellum,
1422 1301 1477 1346 et
1537 1306 1815 1361 supponas

192 1398 453 1445 terram.
500 1384 619 1442 Non
674 1396 759 1441 est
807 1400 875 1441 ex
927 1384 1087 1439 nobis
1118 1383 1406 1448 Dominus,
1440 1383 1535 1439 sed
1582 1399 1682 1441 nos
1717 1398 1815 1454 per

181 1481 395 1551 ipsum
435 1495 646 1535 sumus.
676 1479 771 1533 Vis
810 1490 992 1532 autem
1041 1477 1287 1533 ediscere
1312 1477 1438 1546 quia
1486 1462 1593 1531 non
1630 1484 1812 1533 estex

178 1572 418 1628 nobis?
446 1572 521 1627 De
548 1570 685 1627 Filio
714 1571 833 1639 ejus
853 1585 977 1625 cum
1013 1570 1217 1625 dictum
1245 1578 1418 1633 esset,
1468 1567 1811 1633 Emmanuel,

176 1662 489 1718 nobiscum
549 1662 781 1729 Deus“;
833 1676 940 1717 non
984 1650 1329 1731 simpliciter
1386 1661 1667 1715 nobiscum
1725 1669 1812 1715 est

175 1754 442 1831 dictum,
471 1754 567 1809 sed
602 1769 725 1809 cum
768 1753 820 1807 in
877 1768 1109 1821 corpore
1158 1752 1311 1808 venit’
1352 1752 1645 1816 Dominus,
1681 1762 1810 1808 tunc

176 1848 498 1903 nobiscum
527 1864 541 1902 :
567 1863 691 1902 cum
720 1845 883 1917 Virgo
910 1847 964 1901 in
997 1856 1152 1901 utero
1202 1847 1457 1916 concepit
1490 1887 1505 1913 ,
1537 1856 1664 1900 tunc
1712 1861 1809 1901 no-

177 1944 430 1997 biscum
479 1941 643 1997 Deus.
682 1942 824 1996 Ante
870 1942 1030 1996 istam
1088 1950 1271 1995 autem
1319 1941 1805 2011 dispensationem,

178 2035 379 2089 etiam
415 2034 540 2088 dum
570 2044 718 2089 esset
747 2048 1005 2103 praesens,
1059 2048 1169 2088 non
1216 2042 1336 2087 erat
1387 2034 1693 2089 nobiscum.
1749 2032 1808 2089 Si

179 2124 360 2180 enim
388 2138 586 2191 corpus
620 2114 818 2178 feceris
850 2124 1014 2179 Deum
1041 2160 1057 2189 ,
1081 2134 1137 2177 et
1165 2138 1362 2192 corpus
1406 2124 1807 2194 plenitudinem

181 2202 341 2273 cali
369 2224 425 2272 et
456 2226 639 2281 terra,
672 2224 768 2270 aut
797 2217 943 2287 quod
981 2230 1206 2285 superat
1232 2232 1395 2287 supra
1422 2218 1568 2285 haec;
1599 2218 1652 2273 in
1689 2219 1809 2290 ipso

183 2322 383 2379 pones
411 2306 632 2375 omium,
657 2317 713 2362 et
741 2311 905 2365 terrae
930 2308 1161 2378 lapides,
1187 2319 1245 2363 et
1287 2312 1467 2365 omnia
1505 2325 1625 2380 qum
1658 2320 1804 2367 sunt.

184 2398 259 2453 Si
280 2399 431 2453 enim
461 2407 523 2454 ut
544 2414 743 2468 corpus
765 2408 1119 2455 coextensum
1150 2410 1235 2454 est
1256 2401 1605 2471 corporibus,
1630 2404 1808 2472 primo

184 2490 429 2558 quidem
450 2492 708 2547 abstrahe
745 2492 930 2549 omnia
957 2532 973 2557 ,
1015 2503 1074 2547 ut
1104 2492 1280 2548 locum
1312 2493 1511 2549 habeat
1542 2495 1708 2551 Deus.
1746 2495 1806 2551 Si

187 2583 355 2637 enim
404 2597 602 2655 corpus
640 2592 1051 2654 estmagnum:
1083 2593 1380 2652 egestatem
1438 2584 1561 2640 dico
1601 2600 1806 2656 paupe-

190 2691 360 2743 rum,
392 2690 498 2729 non
529 2676 721 2745 implet
739 2676 920 2730 omnia
956 2690 969 2726 :
998 2675 1180 2730 nullus
1204 2677 1343 2731 alius
1370 2677 1569 2732 habeat
1600 2677 1802 2733 locum.

193 2765 409 2822 Omnia
442 2766 589 2822 enim
618 2766 879 2836 praevenit
915 2764 1078 2823 Deus.
1111 2765 1178 2821 Et
1210 2766 1356 2822 sicut
1390 2768 1660 2837 repletum
1705 2784 1802 2826 vas

200 2858 401 2921 fuerit,
426 2872 493 2913 eo
519 2859 611 2928 qui
643 2867 1001 2927 praecesserat
1038 2858 1303 2927 replente,
1348 2876 1455 2915 non
1506 2872 1592 2916 est
1654 2860 1805 2917 locus

196 2962 264 3004 ut
288 2946 710 3021 supermittatur
749 2950 950 3021 aliquid
999 2950 1145 3005 aliud
1176 2969 1191 3005 :
1227 2951 1299 3006 ita
1346 2952 1392 3007 si
1427 2952 1570 3009 Deus
1605 2969 1805 3023 corpus

194 3050 308 3104 est.
354 3043 633 3111 praecessit
692 3053 873 3097 autem
930 3044 1155 3111 omnia,
1195 3060 1303 3099 non
1350 3044 1549 3101 habeat
1603 3048 1800 3104 caelum

198 3135 387 3190 locum
436 3146 497 3192 ut
550 3135 739 3203 iaciat,
801 3150 979 3206 neque
1040 3144 1183 3191 terra
1240 3136 1458 3203 locum;
1522 3142 1803 3208 praecessit

198 3229 353 3283 enim
378 3228 540 3285 Deus.
575 3228 630 3284 Si
672 3238 852 3283 autem
885 3238 967 3283 est
994 3228 1190 3282 coelum
1219 3239 1277 3284 et
1302 3237 1469 3293 terra,
1513 3239 1569 3286 et
1605 3246 1758 3287 mare
1782 3273 1800 3297 ,

206 3331 265 3377 et
304 3336 431 3387 aer,
464 3322 648 3375 nullus
671 3321 821 3377 locus
858 3332 945 3376 est
973 3335 1213 3377 vacuus:
1260 3336 1438 3392 neque
1487 3338 1555 3378 ex
1604 3336 1798 3378 natura
1826 3344 1871 3403 ρ

196 3428 395 3468 eorum
451 3428 743 3482 corporum
801 3429 923 3484 qua:
969 3413 1175 3479 insunt,
1210 3427 1389 3483 neque
1410 3428 1477 3469 ex
1508 3418 1799 3485 praesentia

204 3504 305 3562 Dei
335 3522 351 3572 ;
385 3508 511 3575 quia
546 3521 643 3574 per
670 3520 905 3576 corpora
925 3515 1222 3577 penetrans
1244 3506 1421 3572 adest,
1458 3521 1566 3562 non
1597 3522 1801 3579 corpus

199 3600 322 3668 ipse
348 3609 450 3655 est.
483 3596 764 3668 Siquidem
794 3614 893 3655 nec
940 3600 987 3654 si
1014 3600 1192 3654 anima
1240 3611 1424 3655 nostra
1475 3610 1625 3657 esset
1672 3616 1797 3657 cor-

201 3708 327 3762 pus,
357 3704 574 3763 poterat
608 3709 729 3748 esse
756 3694 809 3747 in
841 3708 1091 3764 corpore.
1111 3693 1269 3750 Sicut
1300 3696 1446 3750 enim
1487 3698 1797 3767 suscipiens

201 3802 398 3856 aquam
422 3802 531 3842 non
568 3798 749 3842 manet
780 3798 1043 3858 quantum
1071 3798 1213 3851 erat,
1245 3789 1340 3843 sed
1368 3790 1797 3848 additamentum

200 3889 367 3949 auget
408 3878 836 3950 magnitudinem
870 3892 1180 3941 mensurae:
1212 3879 1285 3934 ita
1339 3895 1537 3950 corpus
1571 3882 1793 3951 corpori

200 3973 587 4041 compositum.
615 3970 683 4025 Et
715 3972 855 4025 sicut
898 3971 1168 4038 adiﬁciis,
1198 3982 1253 4027 et
1284 3974 1536 4037 navibus,
1568 3984 1625 4028 et
1663 3975 1797 4029 cho-

200 4062 305 4128 ris,
334 4070 390 4117 et
423 4061 657 4132 populis,
682 4069 736 4115 et
756 4060 1087 4127 civitatibus,
1113 4070 1169 4117 et
1211 4063 1379 4131 agris,
1407 4070 1460 4116 et
1486 4060 1793 4127 arboribus,

198 4152 345 4208 aliud
367 4152 473 4209 alio
503 4153 747 4207 additum
794 4162 958 4222 auget
994 4152 1425 4222 magnitudinem
1454 4170 1469 4208 :
1519 4154 1564 4208 si
1611 4164 1793 4207 autem

199 4254 465 4314 angustus
494 4242 662 4298 fuerit
692 4242 863 4308 locus,
898 4256 1019 4312 quae
1062 4250 1500 4310 praecesserunt,
1532 4256 1655 4312 qua
1691 4256 1788 4296 au-

197 4348 308 4392 tem
361 4336 927 4401 subintroducuntur,
990 4351 1106 4390 non:
1143 4334 1422 4390 habebunt
1485 4334 1689 4391 locum.
1732 4336 1791 4391 Si

197 4426 363 4495 igitur
413 4439 643 4494 corpora
706 4425 983 4477 adduntur
1036 4425 1253 4495 corpori
1304 4427 1603 4481 constituto
1655 4426 1789 4496 Dee,

195 4517 511 4588 angelisque
542 4518 705 4581 Deus,
739 4526 897 4585 putas
920 4532 1025 4573 non
1048 4528 1169 4572 erat
1195 4516 1473 4588 perfectus
1492 4529 1789 4591 antequam

194 4612 488 4667 adderetur
516 4610 753 4666 caelum?
787 4609 843 4664 Si
876 4620 1057 4664 autem
1100 4610 1220 4680 ipse
1246 4622 1365 4665 erat
1400 4612 1677 4682 perlectus
1734 4626 1790 4669 et

1922 826 2049 882 bilis
2106 834 2286 881 autem
2334 826 2535 883 dicitur
2575 825 2652 881 ita
2693 824 2838 881 sicut
2862 824 3127 894 scriptum
3162 834 3268 893 est,
3318 822 3389 880 Et
3412 824 3526 881 vidi

1920 918 2188 974 visionem
2219 917 2313 975 Dei
2349 936 2365 973 :
2401 916 2702 982 intellecta,
2732 925 2924 986 utpote
2952 927 3285 989 suggerente
3320 916 3521 983 oculis,

1920 1024 2041 1079 quae
2061 1009 2195 1064 vidit
2218 1024 2341 1065 esse
2368 1010 2631 1079 inscripta
2657 1008 2709 1062 in
2736 1008 3001 1079 cperihus
3028 1006 3169 1077 ejus.
3204 1007 3338 1077 Quae
3374 1009 3523 1065 enim

1920 1099 2186 1178 inscripta
2214 1110 2363 1167 sunt,
2408 1100 2564 1155 nobis
2608 1099 2919 1156 necessaria
2955 1098 3232 1155 videntur.
3266 1099 3380 1156 Cur
3421 1115 3521 1155 au-

1919 1200 2028 1245 tem
2058 1190 2151 1245 illa
2178 1190 2336 1246 audis
2361 1205 2483 1261 quae
2512 1190 2803 1245 visibiliter
2826 1190 2973 1246 dicta
3019 1201 3168 1257 sunt,
3194 1203 3389 1247 natura
3420 1208 3521 1248 au-

1922 1294 2027 1339 tem
2079 1298 2211 1339 vere
2242 1294 2298 1339 et
2330 1283 2711 1355 principaliter
2758 1298 2867 1339 non
2906 1282 3189 1339 admittis?
3232 1282 3353 1339 Vidi
3406 1285 3517 1341 Do-

1918 1378 2149 1443 minum,
2182 1377 2382 1432 audisti
2415 1391 2431 1429 :
2471 1375 2769 1431 invisibilia
2794 1374 2912 1442 ejus
2934 1388 3042 1430 non
3065 1375 3318 1431 audisti?
3343 1375 3517 1430 Audi-

1916 1472 1984 1527 sti
2013 1472 2143 1542 quia
2173 1472 2265 1527 ille
2292 1472 2484 1528 nescio
2517 1472 2608 1543 qui
2632 1471 2773 1525 vidit
2806 1470 3124 1537 Dominum,
3161 1470 3335 1527 Deum
3358 1488 3519 1528 nemo

1915 1564 2051 1621 vidit
2088 1580 2326 1633 unquam
2360 1581 2467 1621 non
2494 1564 2742 1620 audisti?
2769 1563 2987 1619 Audisti
3019 1564 3147 1635 quia
3194 1566 3286 1622 ille
3339 1568 3517 1632 novit,

1915 1672 2093 1727 neque
2128 1657 2284 1721 vidit,
2312 1672 2496 1728 neque
2525 1657 2715 1713 videre
2740 1658 2945 1729 poterit
2973 1674 2987 1711 :
3023 1673 3131 1713 non
3168 1658 3391 1727 audisti,
3419 1658 3520 1715 sed

1913 1750 2123 1804 audivit
2158 1766 2282 1806 eum
2308 1749 2479 1806 Filius
2504 1765 2642 1806 suus
2671 1751 2892 1823 magis?
2933 1764 3199 1823 quantum
3227 1754 3343 1824 ipse
3366 1752 3517 1807 enim

1915 1844 2067 1898 novit
2109 1843 2327 1898 Patrem
2370 1850 2533 1900 suum
2582 1846 2674 1916 qui
2710 1846 2789 1899 ait
2819 1865 2832 1901 :
2869 1842 3057 1916 Neque
3078 1861 3252 1899 vocem
3281 1844 3397 1915 ejus
3422 1860 3521 1901 un-

1911 1953 2070 2005 quam
2092 1937 2343 2004 audistis,
2374 1954 2539 2009 neque
2582 1938 2777 2009 [aciem
2801 1936 2916 2008 ejus
2956 1939 3161 1993 uidistis
3186 1937 3256 1993 ⁸³.
3314 1936 3372 1993 Si
3418 1951 3520 1992 au-

1915 2042 2025 2086 tem
2050 2030 2290 2086 volueris
2317 2046 2386 2086 es
2416 2032 2525 2087 tuis
2551 2046 2853 2104 agnoscere
2883 2031 3079 2096 Deum,
3102 2042 3159 2088 et
3182 2043 3233 2087 te
3260 2040 3317 2086 et
3342 2030 3515 2087 Deum

1912 2122 2190 2193 ignorabis
2223 2138 2237 2175 :
2272 2122 2372 2180 sed
2410 2122 2643 2193 sequere
2678 2125 2922 2190 humilis,
2950 2126 3239 2181 considera
3276 2124 3373 2180 ubi
3412 2124 3510 2181 sis.

1912 2215 1958 2271 0
1997 2228 2259 2279 quantum
2300 2216 2446 2271 inter
2502 2225 2556 2273 te
2613 2224 2669 2272 et
2708 2217 2909 2274 calum
2967 2218 3231 2274 interest!
3274 2216 3514 2285 amplius

1911 2316 2092 2362 autem
2122 2308 2523 2379 derelinquitur
2553 2309 2751 2364 ctelum
2778 2325 2807 2364 a
2829 2309 2959 2365 Deo.
2981 2309 3096 2375 Non
3129 2310 3323 2381 spatiis
3347 2309 3509 2364 dico:

1911 2398 2046 2454 nihil
2079 2401 2226 2453 enim
2258 2400 2535 2455 desertum
2568 2400 2677 2455 Deo
2707 2409 2790 2456 est
2827 2420 2839 2455 :
2874 2402 2925 2455 in
2969 2400 3117 2455 nullo
3150 2410 3334 2457 autem
3374 2400 3509 2455 reti-

1909 2499 2071 2544 netur
2094 2488 2258 2545 Deus.
2295 2489 2459 2546 Forte
2497 2492 2587 2546 isti
2619 2506 2903 2548 sermones
2945 2493 3106 2547 aliam
3142 2492 3382 2563 linguam
3409 2507 3509 2547 ne—

1908 2582 2203 2636 cessariam
2242 2582 2468 2650 habent,
2490 2585 2618 2651 quia
2664 2584 2806 2639 etde
2831 2585 2938 2638 alia
2975 2594 3170 2637 natura
3233 2584 3507 2640 dicuntur.

1906 2672 2041 2728 Cum
2098 2673 2263 2743 igitur
2312 2689 2596 2730 sermones
2663 2675 2793 2731 moti
2874 2676 3079 2730 iuerint
3135 2676 3189 2729 in
3248 2674 3509 2740 ecclesia,

1906 2764 2175 2834 siquidem
2202 2765 2268 2819 de
2299 2766 2553 2821 humanis
2586 2768 2819 2837 negotiis
2845 2807 2861 2831 ,
2908 2768 3283 2839 unusquisque
3311 2778 3513 2825 acutus

1906 2865 1961 2912 et
1986 2871 2112 2911 acer
2141 2858 2377 2925 auditor,
2408 2870 2462 2913 et
2491 2876 2561 2915 ex
2605 2862 2807 2931 Quibus
2840 2861 3074 2930 patitur,
3118 2873 3174 2916 et
3210 2875 3278 2916 es
3307 2862 3510 2931 quibus

1876 2942 2143 3003 'admittit
2174 2951 2471 3019 respiciens
2502 2954 2570 3007 ad
2605 2953 2905 3018 dicentem,
2934 2962 2991 3008 et
3029 2968 3359 3023 comparans
3382 2970 3507 3025 qua

1905 3039 2158 3094 dicantur
2188 3041 2272 3095 his
2303 3056 2425 3112 qua:
2464 3046 2600 3115 agit,
2627 3054 2685 3099 et
2711 3062 2831 3115 qua
2857 3045 3216 3116 proferuntur
3265 3047 3350 3103 his
3386 3063 3511 3120 qua!

1904 3134 2142 3201 patitur;
2171 3136 2355 3189 statim
2406 3139 2647 3207 prudens
2689 3150 2745 3193 et
2787 3140 3146 3210 scrupulosus
3173 3142 3392 3197 auditor
3449 3153 3507 3197 et

1904 3230 2124 3296 agnovit
2152 3237 2206 3283 et
2233 3230 2533 3285 consensit.
2560 3230 2695 3286 Cum
2738 3245 2924 3289 autem
2951 3237 3508 3291 transmutaverimus

1905 3332 2235 3388 sermonem,
2268 3324 2409 3378 etab
2437 3323 2691 3379 humanis
2726 3327 3141 3393 recesserimus,
3166 3336 3222 3384 et
3246 3329 3315 3384 ad
3334 3328 3502 3385 Deum

1904 3418 2143 3465 mentem
2191 3414 2600 3470 ostenderimus
2636 3414 2752 3488 (l7)
2806 3428 3051 3473 nostram
3095 3436 3109 3474 :
3170 3418 3295 3476 istic
3344 3418 3503 3475 multi

1903 3502 2123 3572 quidem
2164 3504 2530 3570 suscitantur,
2577 3507 2798 3579 quidam
2854 3520 3155 3577 gravantur
3199 3524 3233 3567 a
3284 3524 3505 3577 somno,

1903 3593 1997 3648 alii
2018 3594 2253 3651 delirare
2294 3606 2493 3665 putant
2518 3598 2818 3654 dicentem.
2856 3599 2927 3657 Ut
2976 3612 3163 3658 autem
3211 3604 3503 3660 condiscas

1902 3683 2009 3741 hoc
2034 3686 2227 3742 vitium
2257 3688 2329 3742 ita
2363 3704 2507 3753 esse.
2549 3691 2752 3745 audeat
2802 3694 2929 3764 quis
2965 3695 3228 3750 honestus
3285 3696 3505 3767 ingres-

1901 3790 1997 3835 sus
2026 3778 2296 3836 theatrum
2323 3780 2507 3837 dicere
2536 3797 2664 3837 vera
2717 3786 2803 3841 bis
2843 3788 2935 3857 qui
2982 3789 3242 3845 mendose
3281 3791 3502 3847 conﬂu-

1899 3880 2054 3941 gunt,
2080 3881 2134 3927 et
2162 3888 2448 3931 assumere
2478 3879 2848 3933 constantiam
2876 3879 3170 3948 decoram;
3207 3883 3254 3937 si
3309 3893 3497 3941 autem

1898 3975 1954 4021 et
1984 3966 2037 4021 in
2063 3965 2156 4022 illo
2185 3968 2443 4023 decorum
2468 3981 2551 4025 est
2576 3971 2787 4043 ingredi
2816 3971 2973 4041 loco;
3005 3983 3061 4028 et
3092 3975 3319 4045 incipiat
3343 3977 3494 4034 dice-

1899 4071 1959 4115 re
1986 4076 2000 4111 :
2030 4058 2306 4125 Insanitis,
2329 4076 2363 4115 o
2386 4061 2639 4117 homines
2672 4079 2687 4120 :
2726 4080 2835 4120 non
2873 4066 3070 4121 videtis
3111 4066 3287 4122 oculis
3318 4086 3333 4123 :
3366 4083 3497 4123 sur-

1898 4152 1980 4207 da
2004 4152 2157 4207 vobis
2177 4164 2305 4210 sunt
2333 4170 2515 4211 aures.
2549 4156 2656 4213 lste
2698 4159 2845 4215 enim
2873 4159 2967 4229 qui
2998 4160 3184 4228 saltat,
3217 4161 3358 4216 ludit
3397 4177 3495 4217 ve-

1898 4260 2067 4303 stram
2085 4248 2401 4321 cultionem,
2424 4250 2767 4321 deturpatea
2812 4268 2933 4323 quae
2969 4252 3187 4321 colitis,
3224 4253 3493 4309 mentitur

1897 4344 2024 4409 iste,
2052 4352 2108 4398 et
2137 4358 2236 4399 vos
2259 4344 2604 4399 consentitis.
2635 4343 2805 4402 Putas
2832 4340 3114 4418 patientur
3134 4388 3150 4412 ,
3182 4357 3240 4402 ut
3274 4348 3499 4417 impleat

1896 4436 2305 4491 accusationem
2334 4447 2388 4492 et
2418 4438 2853 4505 convictionem,
2876 4449 2932 4494 et
2960 4456 3067 4495 non
3094 4440 3266 4511 ipsius
3292 4441 3497 4497 theatri

1896 4524 2231 4593 accipientes
2266 4524 2473 4595 lapides
2510 4528 2689 4583 mittet
2734 4537 2831 4583 aut
2866 4529 3051 4584 volvet
3091 4531 3496 4603 unusquisque,

1896 4624 1957 4669 ut
1986 4618 2032 4671 ei
2075 4615 2241 4671 fuerit
2265 4619 2463 4684 virtus,
2494 4630 2753 4691 tanquam
2806 4623 2874 4677 ad
2914 4624 3264 4695 deceptorem
3305 4636 3361 4681 et
3412 4628 3495 4682 in-

195 4712 535 4775 praevenerat
566 4702 770 4767 omnia,
795 4718 902 4756 non
936 4702 1211 4756 habebant
1237 4702 1417 4757 locum
1451 4720 1627 4771 mare,
1672 4715 1787 4760 ter-
1821 4692 1865 4749 Ῑ)
1896 4710 2256 4767 terlicientem
2298 4714 2389 4783 qui
2441 4714 2769 4771 beneﬁcium
2816 4692 3131 4773 tribuebat?
3192 4718 3248 4774 Si
3311 4731 3494 4775 autem

195 4812 255 4851 ra
277 4804 334 4851 et
364 4795 585 4851 emtum.
619 4794 677 4849 Si
714 4805 895 4849 autem
937 4795 1157 4864 quidem
1188 4796 1290 4849 ista
1322 4806 1471 4864 sunt,
1508 4797 1652 4855 Deus
1689 4814 1789 4853 au-

195 4898 303 4941 tem
328 4900 391 4941 ea
444 4886 594 4951 fecit,
625 4896 681 4940 et
714 4886 1001 4955 gubernat,
1026 4896 1083 4941 et
1122 4888 1299 4956 regit;
1359 4889 1650 4946 invisibilis
1703 4903 1789 4946 est

194 4989 375 5032 rector
409 4976 771 5032 invisibilihus
818 4976 974 5045 aquis
1020 4988 1361 5046 superstans.
1405 4978 1463 5033 Si
1496 4980 1640 5034 enim
1670 4981 1787 5051 ipse

192 5084 301 5123 non
374 5078 617 5136 regeret,
672 5084 947 5138 nunquam
990 5083 1150 5138 passa
1199 5072 1389 5125 fuisset
1436 5082 1579 5127 terra
1609 5089 1783 5140 mare,

191 5170 247 5213 et
272 5170 448 5228 neqmt
470 5174 620 5213 mare
644 5167 869 5227 terram,
916 5160 1144 5217 adversa
1197 5175 1253 5217 et
1296 5162 1523 5232 jurgans
1585 5176 1781 5221 natura

191 5264 246 5307 et
266 5253 483 5324 erigens
524 5256 619 5317 se",
648 5264 703 5307 et
753 5255 1043 5322 extollens,
1098 5266 1156 5311 et
1206 5257 1443 5324 minans,
1472 5258 1670 5314 indens
1723 5268 1780 5317 et

192 5347 526 5401 contendens
558 5344 668 5416 (16)
696 5361 711 5409 ;
741 5345 998 5401 invisibili
1028 5358 1210 5404 autem
1241 5364 1400 5405 manu
1425 5366 1523 5406 sua
1558 5354 1783 5409 statutis

193 5438 295 5493 sibi
323 5438 570 5517 terminis
596 5440 662 5493 lis
685 5454 789 5493 non
822 5440 1241 5509 transgreditur.
1290 5441 1433 5511 Ergo
1460 5457 1558 5514 per
1590 5445 1782 5501 visibi-

193 5531 261 5585 lia
302 5532 589 5587 invisibilis
655 5534 1015 5603 conspicitur,
1043 5535 1189 5589 sicut
1215 5537 1482 5607 scriptum
1509 5548 1593 5593 est
1625 5557 1640 5593 :
1676 5536 1779 5593 In-

195 5625 417 5681 tisibilia
439 5636 615 5680 autem
640 5628 755 5681 eius
788 5644 883 5698 per
908 5638 1210 5683 creaturam
1232 5631 1418 5685 mundi
1444 5647 1509 5686 ea:
1532 5633 1776 5703 operibus

260 5774 307 5813 “
334 5770 521 5838 Matth.
541 5796 582 5847 ι,
612 5781 703 5837 25.
780 5782 826 5813 ⁸⁸
850 5781 1007 5837 Rom.
1030 5798 1067 5849 l,
1097 5782 1189 5838 20.
1268 5785 1312 5815 ⁸⁸
1338 5783 1497 5841 Joan.
1524 5801 1579 5856 v,
1606 5787 1704 5844 37.

263 5942 371 6013 (l5)
396 5942 492 5997 Ms.
532 5941 603 5997 Ut
638 5961 869 6011 apponas
891 5945 939 5999 ei
960 5946 1159 6004 oculos.

268 6013 377 6071 (itii
401 6014 500 6072 Ms.
521 6014 588 6071 Et
624 6017 793 6071 minas
820 6019 1004 6074 iudens
1026 6027 1073 6074 et
1100 6016 1436 6076 contendens.

1896 4816 1952 4859 et
1979 4803 2267 4875 personam
2302 4809 2559 4872 comoedi,
2588 4809 2923 4865 autillorum
2949 4812 3043 4883 qui
3080 4811 3156 4867 illi
3195 4812 3493 4883 plurimum

1894 4898 2135 4954 clamore
2166 4911 2523 4964 consuerunt,
2578 4902 2845 4958 inducens
2887 4904 3012 4971 quis
3054 4903 3221 4960 fuerit
3284 4906 3493 4975 ingres-

1895 4975 2073 5046 sus'in
2114 4991 2298 5047 habitu
2334 4994 2554 5063 quidem
2596 4993 2729 5065 lupi,
2776 4997 3001 5066 incipiat
3045 5009 3227 5053 autem
3270 4999 3490 5054 dicere:

1894 5081 1992 5138 Est
2018 5081 2184 5149 Deus,
2218 5096 2274 5140 et
2305 5086 2408 5141 iste
2434 5103 2539 5142 non
2578 5088 2630 5143 in
2669 5088 2908 5157 templis,
2932 5106 3040 5145 non
3070 5092 3123 5146 in
3152 5092 3489 5159 simulacris,

1894 5192 2001 5231 non
2036 5178 2089 5231 in
2120 5179 2371 5248 picturis,
2399 5196 2508 5235 non
2529 5180 2583 5235 in
2615 5182 2870 5237 manibus
2912 5183 3228 5240 artiﬁcum:
3261 5186 3305 5241 si
3331 5185 3489 5241 dixe-

1891 5270 1965 5324 rit
1991 5286 2117 5326 vera
2149 5273 2290 5342 apud
2316 5287 2412 5328 eos
2439 5273 2530 5343 qtti
2563 5274 2897 5329 meditantur
2922 5278 3117 5332 menda
3146 5278 3287 5350 (l8),
3326 5289 3489 5350 putas

1888 5362 2195 5417 concedent
2243 5362 2468 5432 implere
2520 5364 2769 5419 veritatis
2831 5380 3139 5433 sermones,
3184 5385 3290 5423 nou
3359 5380 3487 5426 ante

1890 5468 2170 5511 sermones
2230 5456 2459 5511 obruent
2499 5472 2622 5512 eum
2668 5456 2938 5525 lapidibus
2985 5460 3302 5517 dicentem?
3350 5461 3485 5520 Nam

1889 5545 1993 5599 etsi
2020 5546 2145 5599 talia
2178 5562 2282 5602 non
2318 5548 2457 5603 llunt
2501 5551 2551 5604 in
2613 5552 2881 5617 ecclesiis,
2921 5562 3100 5609 tamen
3140 5569 3264 5610 cuin
3313 5570 3485 5627 supra

1889 5637 2304 5695 sensibilitatem
2370 5644 2707 5700 moverimus
2761 5661 3075 5703 sermonem
3110 5685 3129 5714 ,
3180 5647 3335 5705 multi
3380 5664 3484 5708 nos

1962 5948 2075 6024 (l7)
2117 5950 2514 6024 ostenderimus
2559 5953 2725 6011 Forte
2752 5957 3161 6019 estenderimus.

1958 6022 2072 6084 H8)
2110 6022 2325 6082 ﬂenda.
2352 6025 2517 6085 Forte
2550 6030 2852 6084 mendacis.
3150 6047 3166 6060 ·
