4000 6452
572 389 715 446 1127

1279 379 1546 438 EUSEBII
1583 377 1788 434 CIESA
1798 375 2069 432 RIENSIS
2106 373 2176 428 Oi

2254 417 2255 423 η
2301 372 2479 427 PARS
2518 369 2611 427 ιν.
2653 400 2722 415 --
2760 364 3180 426 ΒΟΕΠΑΤΙΟΑ.

3250 106 3975 377 1'

3390 278 3395 283 Δ
3888 312 3893 313 7
3902 294 3911 307 ³

574 503 995 570 derelinquunt:
1034 508 1090 553 et
1119 510 1344 566 corpore
1364 494 1577 563 quidem
1625 493 1952 546 erubescunt
1995 504 2143 544 rece-
2170 498 2215 554 Α
2243 502 2436 542 carnes
2476 484 2591 556 (20)
2637 485 2869 547 vivent;
2918 482 3012 538 sed
3066 481 3289 545 anima,
3340 488 3395 534 et
3439 441 3786 570 cogit“

574 597 725 655 dere.
752 599 935 645 mente
956 598 1143 641 autem
1169 586 1297 640 olim
1327 583 1732 651 dereliquerunt
1770 595 1786 633 :
1824 588 2143 649 reputantes

572 684 717 755 apud
743 697 825 745 se,
860 679 1031 749 magis
1057 689 1236 731 autem
1264 674 1579 728 iraudantes
1612 684 1665 726 et
1696 686 1803 726 non
1849 671 2143 724 admitten-

574 772 678 831 ωδ.
731 772 828 829 Est
874 786 1004 841 ergo
1056 766 1257 835 aliquid
1300 764 1443 832 quod
1476 778 1579 817 non
1619 772 1795 832 potest
1844 776 2033 815 manus
2074 770 2143 814 te-

574 879 706 921 nere
738 881 753 919 :
784 872 870 917 est
923 858 1121 928 aliquid
1150 854 1296 926 quod
1321 869 1428 917 non
1461 862 1639 923 potest
1679 852 1871 906 oculus
1915 850 2141 905 videre:

575 964 661 1013 est
692 954 892 1025 aliquid
925 949 1066 1021 quod
1128 963 1233 1002 non
1296 955 1381 1001 est
1420 944 1777 1000 sensibilitas.
1829 941 1946 996 Non
1979 941 2145 996 babes

577 1053 814 1107 animam
836 1047 859 1101 2
884 1044 1061 1100 vidisti
1096 1043 1193 1099 ista
1218 1040 1372 1113 (19)?
1398 1049 1558 1109 putas
1576 1052 1725 1107 ergo,
1754 1034 1878 1103 quia
1907 1034 2142 1091 animum

580 1159 683 1198 nou
714 1140 893 1194 vidisti
922 1148 1091 1198 tuam,
1122 1150 1226 1189 non
1254 1142 1339 1189 est
1371 1131 1512 1200 quod
1554 1128 1759 1183 habes?
1798 1137 1855 1181 et
1900 1140 2050 1180 certe
2078 1126 2143 1179 de

575 1235 755 1289 anima
788 1212 983 1287 dubius
1016 1243 1135 1282 esse
1161 1241 1265 1280 non
1294 1225 1457 1279 debes
1481 1223 1525 1277 si
1554 1230 1659 1285 est,
1684 1220 1776 1273 sed
1801 1220 1867 1273 de
1895 1232 2141 1287 corpore.

575 1322 801 1390 Corpori
840 1321 983 1375 enim
1020 1328 1082 1373 ot
1112 1318 1206 1381 sit,
1243 1315 1530 1384 praesentia
1558 1311 1688 1365 facit
1723 1310 1917 1363 anitum
1958 1328 1971 1363 :
2015 1323 2140 1361 nutu

576 1418 741 1471 debes
768 1411 1050 1468 dubitare?
1085 1411 1138 1463 Si
1174 1408 1322 1462 videt
1345 1406 1534 1461 oculus
1572 1413 1715 1468 tuus,
1740 1402 1784 1457 si
1827 1408 2007 1473 gustat
2043 1398 2144 1451 lin-

574 1523 677 1577 gua
708 1516 757 1561 et
806 1506 1062 1576 loquitur,
1090 1494 1145 1557 et
1187 1502 1229 1556 si
1272 1499 1445 1569 tangit
1502 1510 1732 1561 manus;
1763 1509 1861 1549 cur
1907 1493 2140 1554 dubitas,

576 1611 634 1654 et
666 1614 773 1654 non
806 1598 977 1665 magis
1010 1592 1292 1649 edoceris?
1346 1588 1587 1645 Ostendo
1630 1587 1727 1641 tibi
1767 1599 1963 1655 corpus
2009 1597 2145 1638 mor-

578 1692 697 1744 tui:
732 1688 916 1745 oculus
943 1687 990 1740 ei
1044 1701 1149 1739 non
1206 1684 1376 1746 deest,
1424 1689 1477 1735 et
1512 1696 1616 1735 non
1679 1677 1867 1742 videt;
1905 1675 2141 1744 linguam

577 1783 759 1845 habet,
812 1792 868 1834 et
931 1791 1234 1833 sermonem
1266 1790 1371 1830 non
1414 1772 1610 1837 habet;
1680 1782 1841 1823 aures
1868 1766 2048 1829 habet,
2091 1773 2145 1819 et

2242 591 2455 631 sensus.
2489 577 2547 632 Si
2584 585 2764 630 autem
2787 584 2843 629 et
2872 572 3202 631 contenditis
3230 585 3353 626 esse
3376 584 3611 641 corpora

2243 683 2339 723 nes
2376 667 2509 729 Deo,
2540 680 2645 719 non
2674 678 3016 736 opponamus
3052 662 3103 717 ei
3147 662 3240 731 qui
3287 676 3393 716 non
3424 660 3702 731 suscipit,
3741 662 3831 715 sed

2242 762 2313 814 sit
2338 768 2620 828 separatus
2647 766 2701 810 ut
2749 764 2855 822 est,
2902 755 2973 810 sit
3016 768 3202 824 purus,
3247 754 3320 807 sit
3362 752 3500 807 liber
3556 752 3831 820 corporali

2243 848 2436 904 ali‘ectu
2470 849 2538 902 ab
2571 848 2718 902 omni
2753 845 2893 912 loco,
2918 845 2990 900 ab
3012 843 3161 898 omni
3192 845 3430 912 regione,
3460 843 3531 898 ah
3560 844 3715 897 omni
3739 858 3830 896 na-

2245 950 2384 994 tura.
2415 938 2576 993 Solus
2601 940 2746 992 enim
2777 945 2866 992 est
2899 937 2951 991 iu
2995 935 3323 1004 semetipso,
3358 934 3507 989 solus
3556 933 3703 1002 apud
3744 947 3830 987 se-

2214 1031 2561 1111 'tnetipsutn,
2614 1028 2761 1083 solus
2812 1037 3089 1097 reparatus
3128 1028 3194 1082 ad
3235 1042 3324 1093 se,
3373 1035 3428 1081 et
3466 1040 3595 1079 cum
3635 1024 3711 1079 sit
3753 1039 3831 1079 re-

2245 1131 2465 1190 paratus
2493 1121 2557 1175 ad
2584 1135 2663 1184 se,
2696 1120 2927 1188 complet
2949 1120 3158 1187 omnia,
3192 1119 3288 1173 sed
3313 1132 3418 1171 non
3444 1116 3828 1185 corporaliter.

2245 1210 2395 1265 Tuba
2424 1225 2562 1281 opus
2586 1221 2699 1276 est;
2758 1225 2862 1263 vox
2891 1210 3126 1263 maxima
3160 1206 3470 1262 necessaria
3507 1216 3596 1261 est
3647 1221 3663 1257 :
3720 1221 3831 1259 ma-

2244 1306 2327 1374 gis
2354 1314 2536 1359 autem
2561 1318 2660 1359 nec
2704 1318 2828 1367 vox,
2867 1318 2965 1357 nec
3014 1302 3164 1365 tuba,
3219 1302 3315 1356 sed
3373 1313 3530 1354 mens
3579 1313 3744 1370 pura,
3776 1307 3833 1352 ut

2242 1397 2492 1451 videatur
2520 1396 2611 1465 qui
2647 1410 2753 1450 non
2782 1394 3017 1459 videtur,
3063 1403 3125 1449 ut
3149 1392 3400 1447 audiatur
3451 1391 3545 1461 qui
3593 1405 3705 1454 non
3745 1404 3833 1443 ao-

2247 1488 2414 1553 ditur,
2446 1496 2505 1541 ut
2546 1485 2876 1556 intelligatur
2902 1486 2993 1555 qui
3029 1500 3136 1540 non
3189 1484 3611 1554 interpretatur,
3661 1491 3719 1536 et
3745 1480 3831 1538 xii-

2245 1589 2397 1633 catur
2423 1578 2513 1647 qui
2545 1591 2650 1631 non
2680 1576 2911 1639 dicitur,
2939 1585 2998 1629 ut
3022 1586 3348 1645 agnoscatur
3386 1573 3479 1643 qui
3534 1588 3646 1629 non
3683 1588 3833 1629 eom—

2244 1670 2632 1741 prehenditur,
2690 1678 2747 1723 et
2814 1668 2887 1722 sit
2942 1667 3030 1722 isti
3089 1667 3182 1722 tali
3252 1667 3361 1721 Deo
3416 1680 3513 1735 per
3568 1679 3698 1720 eum
3738 1664 3832 1737 qui

2245 1762 2406 1816 talem
2436 1760 2592 1816 nobis
2640 1761 2919 1815 annuntiat
2962 1770 3014 1815 et
3040 1759 3455 1828 interpretatur
3492 1757 3673 1812 Deum
3722 1756 3833 1827 glo-

576 1872 816 1927 auditutn
852 1886 957 1925 non
984 1868 1144 1925 habet
1175 1884 1191 1933 ;
1229 1882 1336 1921 non
1363 1874 1550 1934 gustus
1582 1863 1655 1927 ei,
1691 1875 1795 1916 non
1837 1867 2033 1915 tactus.
2065 1856 2148 1909 ln-
2250 1854 2350 1919 ria,
2387 1853 2580 1916 honor,
2614 1852 2899 1921 imperium
2924 1890 2941 1916 ,
2974 1850 3230 1918 maiestas
3283 1850 3338 1905 in
3387 1849 3598 1919 Spiritu
3634 1861 3833 1905 sancto

574 1962 740 2017 tueris
776 1960 896 2030 quia
934 1958 1196 2014 abscessit
1228 1956 1422 2010 artifex
1472 1951 1761 2007 invisibilis
1784 1993 1799 2017 ,
1846 1958 1901 2004 et
1956 1961 2144 2002 cessa-
2245 1955 2301 2000 et
2331 1960 2471 1999 nunc
2504 1956 2560 1999 et
2587 1956 2834 2013 semper,
2859 1950 2914 1998 et
2944 1955 3039 2011 per
3056 1940 3238 1997 omnia
3256 1938 3453 1995 secula
3474 1940 3830 1997 seculorum.

577 2061 705 2107 runt
759 2050 991 2107 visibilis
1044 2045 1625 2119 operamentaiNunc
1680 2056 1875 2113 corpus
1925 2056 1940 2094 :

1994 2054 2138 2095 nunc
2241 2040 2433 2095 Amen.

709 2215 2650 2247 Μ’

1540 2428 2100 2548 EUSEBII
2176 2429 2866 2543 PAMPHILI

1401 2688 3026 2816 DEINCORPOBALg

1895 2909 2128 2971 LIBER
2172 2908 2490 2971 PRIMUS.

656 3321 936 3379 Multitudo
959 3319 1314 3391 quaestionum
1343 3320 1398 3375 in
1430 3320 1516 3375 bis
1541 3335 1661 3388 qua;
1690 3322 1825 3377 lecta
1874 3330 2000 3377 sunt
2034 3321 2150 3376 haec
2176 3328 2222 3392 ο
2252 3321 2432 3377 omnia
2460 3331 2747 3390 corporum
2784 3328 2911 3375 sunt
2940 3319 3070 3376 vitia
3095 3329 3152 3377 et
3182 3320 3491 3393 passiones,
3521 3333 3580 3377 et
3608 3317 3833 3379 divisio.

586 3416 913 3470 continetur.
953 3412 1017 3466 Et
1065 3410 1203 3467 forte
1251 3427 1372 3468 cum
1429 3412 1634 3482 jejunio
1685 3414 1931 3481 poteritis
1966 3413 2155 3468 audire

584 3520 635 3561 et
670 3522 788 3575 quae
820 3514 941 3559 sunt
967 3519 1087 3573 qua
1118 3515 1432 3573 quaeruntur
1456 3545 1471 3570 ,
1516 3514 1570 3558 et
1612 3520 1731 3574 qua:
1761 3520 1944 3559 eorum
1988 3506 2155 3559 inter-

586 3598 819 3670 pretatio
846 3596 1129 3650 habeatur.
1164 3595 1434 3662 Qumritur
1464 3597 1607 3650 enim
1642 3597 1693 3649 in
1738 3597 1821 3649 bis
1861 3610 1981 3664 qua:
2016 3596 2151 3651 lecta

585 3700 733 3756 sunt,
788 3674 1034 3744 siDens
1084 3690 1136 3743 in
1195 3698 1432 3743 montem
1477 3689 1755 3744 descendit
1789 3689 1941 3753 Sina,
2000 3697 2056 3741 et
2109 3689 2153 3743 si

586 3782 953 3847 circumdatur
999 3781 1139 3836 Deus
1199 3781 1251 3834 in
1301 3791 1484 3835 monte
1531 3791 1625 3835 aut
1688 3780 1827 3835 loco.
1880 3779 2155 3847 Quaeritur

586 3876 750 3930 etiam
780 3888 900 3943 qua:
948 3884 1065 3928 erat
1112 3875 1275 3941 tuba,
1322 3888 1444 3943 qua:
1488 3888 1581 3946 ore
1621 3873 1993 3943 proferebatur
2039 3873 2153 3928 Dei.

592 3963 885 4033 Quaeritur,
934 3979 1029 4018 cur
1075 3966 1568 4034 apprOpinquantes
1617 3965 1683 4019 ad
1734 3974 1940 4017 montes
1962 3964 2073 4035 (21)
2104 3965 2155 4019 in

592 4071 699 4127 quo
756 4067 874 4110 erat
924 4056 1084 4121 Deus,
1128 4056 1625 4121 interﬁciebantur,
1681 4065 1736 4111 et
1780 4056 2159 4126 prohibebatur

590 4149 818 4221 populus
849 4149 1296 4217 appropinquare.
1340 4146 1476 4215 Quid
1506 4146 1607 4201 sibi
1643 4147 1756 4202 vult
1786 4148 2037 4201 columna
2060 4164 2161 4201 nu-

591 4240 675 4296 bis
709 4239 797 4294 ubi
828 4250 909 4293 est
940 4238 1117 4293 Deus?
1152 4239 1281 4309 quid
1308 4238 1469 4293 etiam
1504 4251 1659 4293 mons
1694 4238 1951 4292 fumans?
1978 4239 2160 4294 Adda-

592 4344 679 4389 tur
712 4343 889 4387 autem
922 4331 1007 4387 bis
1069 4345 1167 4385 cur
1193 4331 1238 4385 si
1290 4331 1409 4401 quis
1436 4331 1659 4385 vidisset
1694 4332 1859 4385 Deum
1896 4331 2161 4385 morieba-

594 4434 705 4488 tur,
736 4434 919 4477 etnon
951 4424 1122 4495 magis
1167 4423 1402 4479 vivebat.
1450 4423 1559 4479 Has
1606 4438 1796 4479 omnes
1838 4424 2161 4493 quaestiones

592 4515 760 4569 ambit
776 4514 924 4569 locus
936 4514 1024 4583 qui
1051 4516 1225 4570 lectus
1239 4518 1578 4585 est.Drantes
1597 4515 1763 4585 igitur
1780 4517 1953 4585 ipsum
1974 4515 2161 4581 Deum,

591 4605 682 4675 qui
714 4604 861 4657 solus
889 4613 1067 4671 potest
1093 4619 1190 4659 sua
1217 4605 1447 4670 edicere,
1478 4606 1548 4659 ita
1577 4607 1641 4660 ad
1661 4606 1958 4659 solutiones
1984 4605 2164 4659 istius-

2256 3427 2353 3468 nes
2379 3421 2435 3467 et
2464 3414 2805 3475 partitiones.
2848 3410 2941 3466 illa
2976 3424 3157 3468 autem
3209 3425 3401 3469 natura
3451 3413 3625 3471 libera
3673 3426 3760 3471 est
3809 3432 3837 3469 a

2254 3504 2596 3569 corporibus,
2631 3518 2735 3557 non
2764 3504 2939 3559 solum
2976 3514 3035 3559 ut
3073 3518 3183 3559 non
3211 3506 3284 3559 sit
3311 3521 3509 3576 corpus
3531 3548 3547 3570 ,
3576 3509 3675 3563 sed
3700 3519 3753 3564 et
3785 3521 3842 3565 ut

2255 3613 2360 3652 non
2392 3597 2591 3652 habeat
2614 3611 2831 3666 corpus.
2866 3595 2977 3653 Nec
2998 3598 3144 3652 enim
3190 3606 3249 3650 ut
3296 3600 3475 3654 anima
3509 3599 3839 3671 incorpora-

2254 3690 2322 3743 lis
2369 3688 2588 3758 quidem
2640 3698 2744 3755 est,
2783 3689 2927 3743 circa
2969 3702 3164 3760 corpus
3211 3699 3389 3744 autem
3434 3692 3841 3761 quodammodo

2255 3788 2359 3843 est,
2401 3789 2494 3833 aut
2520 3792 2718 3848 corpus
2745 3779 2889 3835 circa
2918 3780 3089 3849 ipsam
3110 3819 3129 3848 ,
3156 3793 3250 3836 aut
3282 3785 3553 3853 quomodo
3584 3786 3710 3853 quis
3740 3802 3839 3841 vo-

2258 3870 2421 3924 luerit
2456 3870 2635 3925 dicere
2668 3885 2683 3922 :
2718 3886 2894 3938 neque
2938 3873 3040 3927 hoc
3072 3874 3440 3944 accipiendum
3483 3876 3550 3931 de
3587 3878 3700 3933 Deo
3728 3890 3838 3943 est,

2258 3965 2383 4032 quia
2414 3978 2591 4032 neque
2640 3979 2835 4035 corpus
2877 3974 2962 4019 est
3006 3965 3182 4031 Deus,
3232 3982 3406 4035 neque
3450 3984 3656 4037 corpus
3691 3973 3838 4027 circa

2260 4054 2459 4123 ipsum,
2484 4070 2657 4124 neque
2685 4056 2737 4110 in
2766 4071 2991 4126 corpore
3014 4066 3096 4110 est
3119 4057 3252 4126 ipse.
3286 4056 3355 4111 Et
3372 4059 3496 4128 quis
3517 4064 3841 4130 corporibus

2261 4145 2558 4201 innutritus
2606 4145 2745 4201 forte
2789 4146 3173 4215 suspicabitur,
3235 4148 3369 4203 nihil
3406 4164 3530 4207 esse
3571 4168 3724 4218 eum,
3749 4158 3840 4226 qui

2263 4250 2371 4289 non
2403 4245 2637 4302 tenetur,
2660 4251 2760 4290 nec
2786 4236 3017 4300 videtur,
3043 4250 3143 4291 nec
3166 4246 3545 4307 arctatur,nec
3578 4248 3837 4314 tangitur.

2263 4328 2369 4382 Sed
2424 4342 2719 4382 convenas
2767 4328 3053 4381 edoceatur
3101 4340 3351 4384 naturam
3413 4335 3653 4404 negotii,
3715 4339 3839 4405 quia

2262 4435 2383 4490 quae
2420 4421 2689 4482 videntur,
2722 4429 2777 4474 et
2808 4418 3041 4474 tactibus
3067 4419 3369 4485 incurrunt,
3409 4431 3465 4477 et
3512 4426 3841 4493 cogitatibus

2265 4510 2680 4579 amplectuntur,
2730 4527 2855 4566 vere
2912 4526 3189 4581 nunquam
3246 4524 3393 4571 sunt.
3442 4516 3502 4569 Si
3556 4527 3742 4574 autem
3791 4533 3840 4576 et

2266 4602 2593 4659 transfertur
2621 4613 2678 4659 et
2706 4614 3124 4669 transmutatur,
3156 4615 3211 4659 et
3239 4608 3526 4677 scinditur,
3558 4623 3617 4667 et
3644 4614 3840 4670 dividi-

593 4698 737 4754 modi
786 4697 1085 4749 veniemus.
1144 4694 1309 4748 Deum
1368 4698 1588 4765 quidem
1636 4698 1939 4751 circumdat
1996 4698 2160 4763 nihil;
2193 4689 2373 4757 Dtur,
2400 4703 2455 4749 et
2500 4697 2779 4764 putrescit,
2830 4707 2885 4751 et
2939 4711 3213 4767 nunquam
3264 4700 3437 4769 ipsum
3479 4701 3592 4773 (22)
3645 4707 3839 4777 accipit

592 4788 895 4845 circumdat
932 4797 1111 4843 autem
1149 4786 1291 4841 Deus
1333 4789 1515 4843 omnia
1541 4830 1559 4857 ,
1615 4804 1721 4844 non
1787 4790 2162 4861 corporaliter.

598 4878 806 4933 Virtute
851 4880 992 4933 enim
1044 4878 1368 4948 incorporali
1419 4880 1574 4935 adest
1637 4880 1926 4942 omnibus,
1968 4881 2165 4949 ubique

598 4986 835 5042 presens
860 4982 963 5038 est,
993 4980 1048 5027 et
1072 4972 1139 5025 ab
1165 4972 1416 5027 omnibus
1442 4982 1721 5042 separatus
1749 4984 1849 5028 est.
1878 4972 1991 5027 Non
2021 4974 2162 5028 enim

598 5073 657 5119 ut
685 5063 1073 5135 permisceatur
1102 5064 1275 5126 adest,
1304 5074 1397 5118 aut
1424 5074 1483 5119 ut
1511 5060 1813 5134 copuletur,
1851 5077 1942 5120 aut
1967 5076 2024 5120 ut
2047 5066 2168 5135 jun-

599 5166 782 5227 gatur;
832 5155 924 5211 sed
956 5154 1092 5210 liber
1126 5165 1182 5211 et
1224 5167 1505 5229 separatus
1546 5156 1717 5212 adest.
1770 5156 1937 5215 Adest
1984 5168 2162 5211 autem

601 5262 705 5303 non
728 5246 955 5311 divisus,
985 5258 1077 5303 aut
1103 5249 1326 5313 scissus,
1356 5258 1447 5305 aut
1473 5258 1803 5321 segregatus.
1832 5248 2017 5320 Neque
2041 5265 2165 5320 pars

602 5340 816 5411 quidem
850 5340 965 5408 ejus
1020 5341 1205 5405 adest,
1233 5355 1357 5410 pars
1410 5350 1586 5396 autem
1618 5342 1808 5408 abest;
1856 5358 2026 5412 neque
2077 5343 2165 5396 hic

604 5432 818 5502 quidem
848 5448 973 5505 pars
998 5432 1133 5497 alia,
1167 5431 1269 5486 alia
1296 5443 1474 5487 autem
1524 5446 1649 5502 pars
1685 5433 1833 5489 alibi.
1872 5434 1975 5489 ista
2019 5434 2163 5489 enim

678 5649 789 5717 (19)
820 5649 952 5705 Ista.
982 5649 1143 5707 Forte
1165 5650 1339 5705 istam.

678 5717 787 5789 (20)
822 5717 974 5775 Nunc
1000 5738 1203 5789 corpus,
1233 5737 1367 5775 nunc
1398 5736 1601 5777 carnes.
1624 5718 1803 5787 Forte,
1828 5736 1926 5776 nou
1960 5735 2169 5789 corpus,

610 5806 710 5843 non
737 5806 937 5845 εσηεδ.

2263 4796 2487 4840 statum.
2518 4786 2723 4852 Quibus
2762 4788 2908 4840 enim
2942 4788 3243 4857 proprietas
3267 4799 3389 4856 est,
3414 4792 3711 4852 minoratio
3743 4804 3838 4852 ista

2263 4876 2507 4931 videtur:
2527 4877 2652 4946 quid
2672 4877 2813 4931 enim
2843 4877 3118 4947 proprium
3139 4886 3223 4933 est
3248 4882 3571 4949 corporibus
3595 4886 3699 4941 nisi
3728 4888 3837 4961 (23)

2265 4971 2649 5027 veterascant?
2677 4971 2735 5026 Si
2761 4973 2905 5024 enim
2934 4979 3080 5025 esset
3104 4984 3392 5041 corporum
3430 4985 3622 5032 natura
3658 4982 3835 5050 perfe«

2267 5069 2387 5126 cta,
2422 5078 2527 5117 non
2578 5063 2845 5135 indigeret
2891 5063 3047 5118 istam
3100 5065 3457 5121 additameuti
3502 5084 3833 5128 mensuram.

2267 5154 2343 5208 ita
2370 5156 2511 5211 enim
2537 5171 2765 5227 corpora
2791 5155 3003 5211 infirma
3028 5166 3187 5226 sunt,
3224 5170 3280 5214 et
3312 5160 3399 5214 illa
3445 5164 3685 5219 maxime
3721 5184 3834 5236 quat

2272 5248 2520 5303 videntur
2555 5246 2850 5303 fortissima
2886 5265 3027 5313 esse,
3073 5253 3199 5321 quia
3222 5253 3476 5323 adjuvare
3499 5268 3559 5308 se
3582 5273 3691 5311 non
3719 5274 3835 5327 pos-

2269 5348 2411 5396 sunt.
2440 5340 2494 5393 Si
2531 5340 2675 5393 enim
2704 5341 2889 5408 pulsus
2912 5340 3074 5394 fuerit
3100 5343 3233 5409 lapis
3252 5384 3269 5409 ,
3296 5352 3349 5394 et
3377 5342 3544 5397 semei
3572 5350 3833 5417 acceperit

2270 5431 2479 5486 initium
2509 5431 2779 5498 utcadat,
2815 5442 2869 5487 et
2892 5434 3119 5501 coeperit
3142 5432 3471 5500 comminui,
3506 5450 3618 5491 non
3670 5452 3832 5507 potes.

2345 5648 2454 5717 (21)
2482 5648 2705 5702 Montes.
2734 5648 2835 5703 Pro
2862 5661 3105 5704 montem.

2347 5719 2456 5789 (22)
2487 5719 2693 5789 ipsum.
2712 5720 2900 5783 Αὐτόν,
2934 5723 3191 5778 eumdem.

2347 5786 2461 5856 (25⁷)
2496 5786 2632 5844 Nisi.
2656 5788 2835 5849 Forte.
2868 5791 2968 5846 nisi
2990 5801 3069 5847 ut.
