4000 6470
257 437 374 492 {lib

1594 425 1684 480 DE
1721 422 2208 481 INCORPORALI.

3425 422 3566 479 H30

268 560 503 605 revocare
553 549 733 597 suam
798 545 1057 610 ruinam;
1096 556 1149 599 et
1197 548 1241 602 si
1299 547 1503 603 scissus
1550 549 1714 602 fuerit
1753 565 1858 602 non
1889 553 1935 606 Α
1966 544 2044 614 git
2071 544 2215 597 enim
2250 542 2467 596 ﬂamma
2501 556 2650 597 eum.
2682 540 2737 596 Si
2769 552 2951 597 autem
2993 542 3135 612 ignis
3181 540 3563 602 confabulatus

266 640 618 711 coniungitur.
655 644 717 689 et
744 637 958 692 divisus
998 638 1168 693 distat
1195 654 1223 693 a
1257 641 1572 709 semetipso.
1604 638 1682 694 Ita
1711 652 1766 695 et
1793 642 1914 696 d6“
1964 636 2127 690 fuerit
2152 634 2340 705 lapidi,
2379 649 2477 705 per
2503 643 2673 689 totum
2724 632 2959 704 lapidem
3000 644 3266 706 penetrat.
3301 634 3379 690 ita
3423 646 3480 691 et
3514 635 3563 692 si

271 731 534 786 montibus
559 724 879 782 efﬁciuntur
905 729 1201 784 incisiones
1230 741 1283 783 et
1328 732 1527 796 ruinae;
1563 742 1616 787 et
1654 744 1857 801 quanto

266 822 473 890 majora
517 828 642 874 sunt
676 835 800 888 quae
827 821 1185 885 scinduntur,
1215 831 1367 877 tanto
1398 838 1605 893 magna:
1647 832 1777 883 sunt
1806 834 1861 879 et

266 913 460 965 ruinae.
495 910 560 964 Et
585 924 692 962 non
723 910 776 963 in
825 909 1190 965 crassitudine
1231 912 1408 965 virtus
1440 921 1544 965 est.
1567 910 1624 965 Si
1676 922 1857 967 autem

257 1010 479 1072 oportet
517 1012 574 1057 et
613 1002 852 1071 ipsorum
883 1016 1176 1071 corporum
1208 1003 1444 1057 scrutari
1477 1012 1699 1060 naturas
1720 1044 1735 1068 ,
1768 1019 1857 1060 se-

260 1093 503 1147 cundum
532 1094 862 1162 propositam
891 1094 1249 1162 quastionem
1280 1104 1682 1165 consequenter
1708 1097 1856 1152 vide-

254 1182 462 1244 bimus,
512 1184 638 1252 quia
674 1192 728 1239 et
781 1185 1022 1254 ipsorum
1078 1199 1368 1254 corporum
1421 1187 1695 1243 subtilitas
1736 1203 1857 1257 qua

255 1284 529 1342 putantur
549 1274 930 1339 esseinﬂrma,
976 1275 1206 1331 fortiora
1237 1278 1641 1346 quodammodo
1686 1294 1856 1350 appa-

252 1374 385 1417 rent
424 1378 439 1415 :
476 1373 533 1418 ut
563 1372 697 1431 puta
726 1362 868 1431 quod
897 1362 1055 1430 dico,
1086 1356 1230 1420 terra
1261 1368 1419 1436 aquis
1451 1379 1536 1423 est
1590 1372 1852 1436 crassior,

251 1468 422 1525 aqua
477 1470 507 1509 a
559 1465 702 1509 terra
756 1455 936 1510 minus
982 1470 1179 1511 crassae
1230 1458 1523 1514 habentur.
1577 1461 1682 1517 Sed
1727 1477 1851 1517 cum

253 1552 411 1600 terra
464 1544 752 1599 incurrerit
794 1558 1015 1614 aquam,
1076 1546 1443 1604 dissolvitur:
1492 1565 1613 1603 cum
1669 1561 1851 1607 autem

248 1648 406 1705 aqua
431 1635 849 1704 apprehenderit
882 1644 1107 1699 terram,
1136 1646 1385 1707 penetrat
1432 1654 1574 1695 eam.
1613 1640 1679 1695 Et
1708 1645 1852 1711 quod

247 1726 471 1795 patitur
516 1732 659 1779 terra
704 1725 773 1779 ah
826 1739 987 1794 aqua,
1021 1727 1122 1781 hoc
1182 1728 1388 1795 patitur
1431 1745 1571 1799 aqua
1608 1732 1677 1786 ab
1705 1746 1847 1785 aere.

248 1815 408 1884 Quid
458 1818 605 1873 enim
655 1819 1112 1888 improvectiones
1164 1820 1277 1892 (Ἡ)
1338 1824 1459 1878 ista:
1522 1826 1850 1880 ostendunt?

1960 735 2319 780 ammentum
2340 724 2641 779 immissum
2672 723 2835 779 fuerit
2856 725 2911 779 in
2938 726 3080 794 igne,
3106 736 3199 779 aut
3220 724 3454 791 ferrum,
3471 736 3567 779 aut

1961 815 2137 884 ipsum
2164 830 2353 869 aurum
2374 854 2389 877 ,
2425 815 2788 869 immutantur
2830 814 3045 870 colores
3073 815 3315 870 omnium
3339 856 3355 881 ,
3396 824 3452 870 et
3491 815 3561 870 ad

1963 906 2109 976 ignis
2167 904 2576 961 transferuntur
2632 906 2869 961 colorem
2920 916 2977 962 et
3029 906 3349 977 magistrum
3392 904 3557 977 (27):

1960 999 2215 1067 quodque
2242 1011 2434 1053 eorum
2464 996 2627 1069 ignis,
2655 1008 2751 1052 aut
2786 997 2890 1053 hoc
2919 1011 3027 1067 qua
3063 997 3265 1052 dicitur
3292 1006 3349 1053 et
3376 996 3560 1054 calore

1959 1097 2013 1143 et
2052 1087 2265 1159 fulgore
2303 1096 2361 1142 et
2410 1087 2668 1143 omnibus
2713 1089 3139 1159 proprietatibus
3195 1088 3360 1160 ignis.
3419 1086 3561 1157 Quia

1958 1188 2138 1233 autem
2164 1178 2305 1247 ignis
2334 1179 2403 1233 ad
2444 1193 2637 1233 aurum
2674 1195 2781 1234 non
2809 1180 2975 1248 cadit,
3005 1195 3196 1233 aurum
3234 1189 3417 1235 autem
3462 1196 3560 1235 ca-

1959 1268 2184 1335 lefacit;
2218 1269 2513 1327 manifesta
2542 1279 2628 1327 est
2659 1271 2976 1327 eminentia.
3021 1271 3088 1325 Et
3115 1272 3244 1341 quia
3281 1272 3421 1342 ignis
3446 1287 3555 1328 non

1957 1360 2277 1415 dissolvitur
2304 1376 2334 1415 a
2372 1360 2577 1429 petris,
2611 1362 2858 1418 dissolvit
2900 1372 3081 1418 autem
3109 1372 3329 1432 petras;
3364 1374 3555 1431 aperta

1956 1463 2043 1508 est
2094 1454 2294 1510 virtus.
2342 1454 2409 1508 Et
2446 1455 2574 1525 quia
2620 1454 2763 1525 ignis
2805 1470 2909 1510 non
2959 1456 3235 1511 detinetur
3284 1455 3353 1510 ab
3406 1470 3557 1523 aere,

1956 1546 2153 1601 scindit
2193 1554 2379 1603 autem
2416 1556 2472 1602 et
2497 1562 2713 1601 sursum
2742 1547 2955 1615 currit;
2982 1556 3228 1618 apertum
3265 1548 3555 1617 imperium

1955 1646 2061 1692 est.
2092 1636 2161 1691 Et
2185 1638 2311 1706 quia
2340 1648 2498 1707 urget
2531 1652 2748 1693 sursum
2792 1639 2934 1702 ﬂeri,
2969 1649 3026 1694 et
3076 1638 3345 1708 positione
3386 1646 3557 1694 estet

1956 1730 2159 1786 virtute
2180 1740 2236 1786 et
2269 1730 2453 1785 colore
2483 1729 2701 1786 fortior.
2742 1731 2850 1787 Sed
2883 1730 3027 1787 forte
3068 1734 3288 1802 quidam
3316 1732 3554 1804 jurgium

1964 1835 2228 1890 aquarum
2254 1822 2544 1877 adversum
2574 1824 2754 1893 ignem
2794 1823 2973 1889 videt,
3009 1825 3137 1893 quia
3167 1823 3237 1878 ab
3270 1824 3425 1893 aquis
3458 1838 3557 1879 ex-

246 1905 373 1962 hoe
397 1923 562 1963 unum
591 1910 827 1965 maxime
850 1950 865 1975 ,
900 1911 1029 1981 quia
1068 1913 1136 1967 ad
1168 1914 1667 1984 iucorporalitatem
1696 1928 1753 1973 et
1782 1922 1847 1975 ad
1880 1899 1923 1954 Β
1962 1912 2258 1981 stinguitur
2299 1912 2439 1983 ignis
2467 1929 2481 1965 :
2509 1914 2653 1984 quod
2685 1912 2906 1983 quidem
2942 1914 3177 1970 recessio
3204 1916 3376 1986 magis
3414 1915 3556 1987 ignis

248 1997 439 2054 levius
464 2014 682 2070 corpus,
713 2002 975 2071 majorem
1005 2004 1290 2073 imponunt
1316 2006 1569 2062 virtutem
1599 2010 1852 2067 subtilio-

248 2090 435 2145 ribus.
486 2092 592 2145 Aer
632 2093 774 2147 enim
806 2109 904 2164 per
940 2110 1111 2165 aquas
1150 2106 1441 2167 penetrat;
1474 2110 1722 2169 penetrat
1752 2118 1850 2157 au-

254 2189 376 2235 tem
409 2180 480 2234 ita
512 2190 570 2234 ut
610 2183 713 2236 vim
744 2182 913 2238 faciat
958 2201 1129 2256 aquas
1158 2189 1333 2243 emitti
1368 2204 1466 2259 per
1509 2206 1569 2247 se
1601 2194 1667 2247 ad
1694 2209 1850 2263 supe-

251 2272 439 2327 riores
467 2282 649 2343 partes
671 2314 685 2338 ,
718 2276 862 2345 quod
902 2277 1019 2345 ejus
1048 2294 1152 2335 non
1185 2290 1268 2335 est
1294 2292 1523 2339 naturae.
1558 2285 1623 2339 Et
1647 2288 1693 2341 si
1725 2289 1851 2356 quis

251 2364 495 2422 voluerit
526 2366 629 2423 hoc
661 2384 841 2436 nosse,
872 2370 997 2439 quia
1034 2385 1140 2425 non
1173 2372 1487 2429 detinentur
1518 2392 1752 2446 superna
1781 2381 1850 2436 ab

252 2457 349 2512 his
374 2474 494 2525 qua:
517 2459 764 2515 deorsum
787 2471 934 2526 sunt,
963 2460 1009 2516 si
1033 2463 1156 2531 quis
1180 2463 1468 2533 repleverit
1497 2482 1624 2522 aere
1650 2480 1845 2533 utrem,

254 2562 497 2619 eumque
540 2550 864 2604 demerserit
913 2553 967 2606 in
1014 2567 1245 2622 aquam;
1296 2565 1351 2608 et
1418 2568 1564 2613 certe
1608 2575 1731 2615 cum
1778 2563 1850 2615 sit

255 2640 481 2708 pellium
515 2649 707 2695 natura
736 2644 973 2697 crassior
1001 2654 1057 2698 et
1086 2646 1306 2715 gravior
1345 2648 1517 2717 magis
1553 2666 1718 2719 quam
1756 2667 1851 2708 aer

257 2730 515 2795 habetur,
546 2747 642 2787 aer
667 2747 918 2802 quau-ens
958 2749 1116 2790 suum
1152 2734 1388 2790 oﬂicium
1442 2748 1496 2794 et
1546 2744 1846 2811 regiOnem,

258 2835 440 2891 neque
467 2837 590 2875 cum
620 2824 955 2893 gravissimis
987 2828 1197 2883 utribus
1230 2831 1506 2884 detinetur
1526 2871 1542 2896 ,
1584 2833 1677 2886 sed
1707 2835 1849 2889 scin-

258 2913 397 2967 dens
435 2927 603 2982 aquas
628 2929 843 2969 sursum
869 2918 1121 2972 educitur
1144 2934 1264 2973 cum
1292 2922 1553 2989 gravibus
1574 2938 1671 2991 per
1693 2941 1845 2981 aera.

258 3002 426 3058 Istam
460 3006 625 3075 igitur
650 3008 954 3074 passionem
982 3025 1146 3079 quam
1181 3027 1337 3081 aqucc
1369 3014 1437 3067 ab
1466 3029 1591 3070 aere
1633 3020 1850 3085 patiun-

260 3103 371 3160 tur,
403 3104 460 3150 et
483 3112 578 3151 aer
606 3098 673 3153 ab
706 3100 828 3168 igne
860 3102 1129 3165 sustinet,
1152 3114 1207 3157 et
1236 3105 1387 3158 testis
1420 3104 1532 3175 (9.5)
1579 3110 1849 3163 sermonis

263 3185 495 3242 flammae
516 3197 642 3242 sunt
669 3198 723 3243 et
749 3190 1000 3247 lucernae.
1038 3190 1162 3248 Ideo
1191 3196 1335 3249 enim
1360 3206 1669 3253 attenuatur
1690 3196 1844 3253 ﬂam-

260 3294 364 3333 mm
392 3280 700 3344 summitas,
724 3282 851 3351 quia
883 3282 1071 3337 incidit
1097 3286 1259 3339 istum
1288 3289 1617 3344 ambientem
1637 3306 1839 3347 aerem.

261 3370 331 3424 Et
362 3371 575 3426 videtur
602 3373 817 3439 quidem
872 3374 1008 3444 ignis
1070 3391 1099 3429 a
1145 3378 1477 3443 videntibus,
1527 3383 1843 3448 agnoscitur

260 3473 440 3517 autem
476 3467 542 3519 ah
571 3465 654 3519 his
678 3466 768 3533 qui
804 3478 1029 3535 possunt
1054 3469 1171 3537 ejus
1194 3480 1442 3525 naturam
1467 3473 1649 3528 videre
1668 3514 1682 3538 ,
1716 3477 1841 3544 quia

260 3556 330 3609 ad
360 3570 514 3609 suam
563 3555 784 3612 festinat
820 3560 1092 3627 regionem
1121 3600 1135 3621 .
1185 3563 1252 3615 ad
1290 3562 1569 3631 superiora
1613 3564 1839 3620 scilicet.

262 3644 368 3699 lste
399 3645 561 3714 igitur
590 3644 972 3700 subtilissimus
1006 3646 1147 3713 ignis
1185 3663 1309 3702 eum
1359 3650 1430 3703 sit
1475 3665 1613 3725 unus
1663 3666 1693 3705 e
1719 3666 1842 3706 cor-

261 3736 503 3805 poribus,
534 3738 811 3807 proximus
840 3748 922 3792 est
957 3738 1408 3807 incorporalibus.
1448 3738 1665 3794 intuere
1694 3742 1840 3795 enim

260 3837 493 3896 quantas
523 3828 719 3884 habeat
744 3830 1105 3898 proprietates
1143 3830 1431 3884 adversum
1482 3841 1678 3887 caetera
1714 3847 1839 3887 cor-

260 3934 413 3988 pora.
450 3919 506 3972 ln
540 3921 706 3974 certis
744 3924 889 3974 enim
941 3920 1262 3990 corporibus
1304 3923 1689 3979 condiscamus
1738 3925 1840 3978 im-

260 4009 469 4079 perium
518 4024 640 4063 esse
690 4009 967 4064 subtilium
1022 4024 1092 4064 ne
1141 4024 1360 4066 crassus
1405 4010 1632 4067 effectus
1681 4014 1841 4068 cadat

259 4099 398 4154 sicut
423 4108 477 4154 et
501 4115 725 4168 corpora
757 4115 939 4156 crassa
976 4116 989 4151 :
1030 4101 1129 4156 sed
1173 4113 1407 4157 mentem
1453 4104 1521 4159 ad
1550 4103 1790 4161 laetitiam
1822 4123 1837 4160 :

257 4194 584 4261 corporibus
613 4196 831 4263 quidem
880 4194 956 4249 sis
987 4195 1123 4250 liber
1147 4234 1163 4260 ,
1198 4195 1266 4249 ad
1302 4195 1619 4265 incorporea
1655 4206 1837 4253 autem

257 4284 501 4339 festines.
555 4286 698 4356 ignis
750 4288 916 4355 igitur
962 4288 1137 4357 primo
1188 4288 1409 4357 quidem
1458 4290 1639 4345 dicam
1694 4290 1839 4345 idem

259 4373 443 4443 gloria:
466 4386 549 4429 est
572 4391 733 4445 supra
758 4378 938 4431 omnia
968 4392 1197 4447 corpora
1219 4417 1235 4443 ,
1266 4389 1323 4433 et
1364 4378 1641 4435 illuminat
1674 4380 1782 4435 alia
1821 4398 1836 4433 :

257 4482 322 4521 se
347 4477 523 4520 autem
559 4483 663 4521 non
692 4468 845 4523 facile
875 4470 943 4523 ad
972 4469 1074 4523 alia
1110 4468 1375 4524 tenebrat.
1407 4468 1668 4525 Penetrat
1688 4471 1835 4525 enim

1954 2012 2037 2057 est
2089 2017 2253 2072 quam
2304 2004 2636 2073 corruptela.
2687 2004 2842 2059 Sicut
2890 2004 3035 2059 enim
3080 2019 3112 2057 a
3166 2004 3405 2060 tenebris
3445 2019 3553 2059 non

1954 2094 2333 2159 consumitur,
2381 2097 2475 2149 sed
2540 2094 2855 2150 cohabitare
2912 2095 3104 2149 iisdem
3160 2109 3268 2149 non
3324 2095 3548 2165 patitur.

1952 2181 2308 2241 lmmutemus
2342 2193 2548 2250 autem,
2577 2195 2635 2241 et
2661 2186 2943 2241 videamus
2990 2199 3114 2240 cum
3145 2200 3287 2254 aqua
3345 2186 3400 2240 in
3451 2199 3555 2239 vas

1953 2273 2119 2328 fuerit
2174 2274 2445 2339 immissa,
2503 2286 2560 2331 et
2603 2276 2844 2331 oblatum
2874 2289 2967 2331 vas
3008 2274 3172 2329 fuerit
3200 2275 3332 2345 igni,
3362 2275 3487 2346 quis
3518 2290 3550 2329 a

1952 2380 2060 2434 quo
2088 2365 2209 2420 istic
2236 2367 2600 2431 consumitur,
2628 2366 2761 2437 quid
2806 2374 2986 2421 autem
3018 2365 3182 2421 veluti
3208 2380 3397 2436 poenas
3432 2380 3553 2422 sus-

1954 2457 2125 2522 tinet,
2168 2468 2225 2512 et
2263 2468 2423 2513 sonat
2471 2470 2528 2513 et
2569 2458 2744 2514 bullit.
2798 2458 2945 2527 ignis
2992 2456 3139 2513 enim
3193 2472 3471 2529 nunquam
3517 2474 3548 2514 a

1951 2547 2146 2618 frigida
2177 2562 2317 2617 aqua
2368 2549 2551 2604 factus
2585 2559 2669 2604 est
2707 2548 2937 2618 frigidus
2974 2568 2987 2605 :
3032 2562 3176 2619 aqua
3208 2556 3391 2604 autem
3442 2549 3556 2605 fre-

1950 2648 2182 2710 quenter
2202 2652 2255 2694 et
2282 2654 2517 2710 semper,
2552 2650 2611 2695 ut
2637 2642 2712 2696 ita
2738 2642 2939 2702 dicam,
2958 2640 3026 2695 ab
3048 2640 3173 2710 igne
3201 2639 3437 2695 efﬁcitur
3463 2655 3557 2697 ea.

1950 2732 2081 2790 lida.
2108 2731 2253 2799 Ergo
2294 2736 2350 2788 et
2399 2733 2559 2797 istic,
2608 2732 2735 2803 quia
2800 2745 2941 2801 aqua
2996 2730 3231 2785 assumit
3286 2730 3552 2797 calorem,

1952 2825 2095 2896 ignis
2132 2836 2314 2881 autem
2372 2824 2673 2896 frigdorem
2731 2835 2868 2880 non.
2891 2823 3128 2879 admittit
3162 2840 3177 2875 :
3210 2824 3553 2879 consumitur

1951 2927 2130 2972 autem
2161 2932 2301 2986 aqua
2330 2919 2568 2986 amplius
2611 2916 2911 2983 calefacta,
2942 2917 3011 2972 ab
3054 2916 3199 2986 igne,
3248 2924 3302 2971 et
3335 2915 3554 2971 fervens

1952 3017 2141 3078 utpote
2173 3016 2231 3063 et
2262 3009 2460 3064 emissa
2490 3017 2545 3065 et
2574 3008 2839 3065 ebulliens
2858 3048 2874 3075 ,
2910 3006 3049 3077 fugit
3076 3016 3262 3077 partes
3290 3022 3549 3063 vasorum

1953 3100 2018 3152 ad
2045 3113 2181 3167 quas
2209 3099 2659 3168 propinquaverit
2686 3098 2828 3168 ignis
2850 3137 2867 3165 ,
2889 3106 2946 3152 et
2989 3108 3215 3166 urgetur
3243 3096 3481 3169 effugere
3518 3114 3552 3153 e

1950 3190 2096 3243 vasis
2122 3198 2178 3243 et
2202 3186 2429 3244 eﬂ'undi.
2471 3188 2587 3243 Non
2612 3190 2756 3244 enim
2782 3197 2964 3258 potest
2991 3187 3131 3257 ignis
3169 3186 3401 3245 sufferre
3429 3204 3551 3246 cru-

1947 3283 2146 3335 ciatus.
2201 3279 2346 3351 Ergo
2397 3280 2451 3334 in
2500 3280 2626 3335 istis
2677 3279 2935 3335 omnibus
2978 3279 3265 3335 subtiliora
3317 3295 3550 3351 corpora

1949 3370 2172 3425 fortiora
2208 3381 2339 3425 sunt
2371 3370 2591 3425 caeteris
2623 3386 2635 3420 :
2680 3370 2919 3426 secunda
2949 3381 3131 3425 autem
3167 3385 3231 3425 ea
3272 3385 3393 3428 esse
3432 3372 3549 3425 vir-

1945 3476 2090 3531 tute,
2119 3481 2240 3535 qua:
2273 3467 2455 3521 minus
2481 3465 2751 3521 habentur
2794 3465 2849 3519 in
2878 3465 3182 3520 subtilitate
3206 3504 3223 3529 ,
3270 3474 3324 3520 et
3353 3479 3551 3520 secun-

1944 3559 2073 3613 dum
2105 3558 2524 3626 competentiam
2574 3556 3009 3626 uniuscujusque
3057 3570 3233 3626 usque
3282 3557 3351 3611 ad
3389 3570 3552 3626 quar-

1948 3656 2081 3701 tum.
2119 3646 2190 3703 Ut
2217 3657 2400 3699 autem
2427 3654 2482 3700 et
2512 3646 2613 3701 ista
2642 3646 2950 3711 addantur,
2990 3645 3210 3699 flamma
3234 3645 3407 3701 incisa
3437 3660 3546 3701 non

1947 3736 2222 3792 inciditur.
2262 3736 2368 3792 Sed
2396 3744 2451 3791 et
2476 3736 2523 3791 si
2563 3736 2804 3791 volueris
2838 3751 3128 3792 assumens
3173 3736 3380 3792 ferrum
3403 3776 3418 3800 ,
3449 3750 3547 3791 aut

1944 3828 2089 3884 aliud
2113 3829 2319 3899 aliquid
2345 3831 2491 3899 quod
2538 3829 2755 3883 videtur
2796 3828 3075 3893 incidere,
3101 3837 3157 3885 et
3194 3828 3266 3885 ad
3309 3828 3545 3888 alteram

1944 3922 2262 3993 perduxeris
2292 3930 2501 3990 partem
2528 3936 2623 3991 per
2649 3920 2950 3985 ﬂammam,
2976 3930 3163 3974 manet
3188 3929 3325 3987 tota,
3362 3928 3417 3975 et
3459 3920 3545 3975 in-

1946 4015 2208 4071 cisioneut
2238 4030 2350 4070 non
2400 4014 2654 4085 suscipit.
2714 4014 2771 4068 Si
2824 4016 3011 4067 autem
3053 4026 3163 4068 non
3196 4012 3547 4073 intellexistis

1944 4104 2086 4175 quod
2112 4105 2318 4161 dictum
2346 4115 2453 4170 est,
2486 4115 2830 4159 transeamus
2856 4103 2925 4159 ad
2970 4102 3157 4158 radios
3191 4102 3324 4158 solis
3363 4120 3379 4157 :
3409 4103 3544 4160 istos

1945 4194 2248 4252 sivoluerit
2276 4196 2399 4265 quis
2450 4196 2691 4250 incidere
2723 4194 2937 4264 gladio,
2982 4194 3036 4248 in
3090 4192 3338 4249 inferiori
3390 4204 3545 4265 parte

1946 4302 2052 4343 non
2086 4288 2433 4345 invenientur
2477 4306 2491 4342 :
2535 4302 2751 4342 sursum
2798 4286 2943 4341 enim
2982 4294 3269 4342 remanent
3311 4302 3417 4341 non
3458 4287 3544 4342 in-

1943 4382 2064 4437 cisi.
2094 4381 2174 4435 Ita
2214 4390 2268 4435 et
2303 4379 2544 4446 ﬂamma,
2578 4379 2667 4434 ubi
2690 4379 2813 4449 ejus
2852 4378 3015 4433 fuerit
3045 4378 3235 4443 radix,
3284 4377 3395 4433 illic
3430 4386 3540 4438 tota

1944 4471 2237 4541 colligitur.
2275 4469 2391 4525 Non
2420 4480 2506 4525 est
2536 4470 2680 4525 enim
2714 4470 2898 4523 videre
2942 4476 3155 4537 partem
3199 4465 3431 4522 ﬂamma
3456 4482 3542 4522 su-

258 4572 353 4627 per
381 4572 590 4621 omnes,
623 4570 677 4612 et
724 4560 969 4615 dissolvit
1007 4564 1187 4616 omnia
1230 4576 1480 4631 corpora.
1514 4561 1832 4631 Quanquam
1870 4587 1912 4641 ο
1945 4564 2132 4633 perius
2154 4563 2336 4633 gladio
2367 4563 2593 4617 incisam
2620 4573 2927 4623 remanere,
2962 4568 3174 4629 partem
3228 4570 3413 4613 autem
3458 4562 3541 4614 ln-

257 4648 403 4701 enim
436 4664 583 4716 petra
623 4652 696 4703 ita
734 4660 817 4704 est
842 4652 1006 4718 dura,
1042 4661 1137 4705 aut
1186 4666 1307 4724 qua
1339 4662 1518 4722 potest
1569 4652 1835 4708 confabu-

258 4739 366 4792 lata
415 4739 528 4809 (26)
572 4742 803 4795 ﬂammae
848 4758 955 4798 non
1031 4746 1321 4800 ostendere
1381 4743 1665 4799 fortiorem
1717 4760 1839 4801 esse

254 4830 485 4887 ﬂamma
515 4832 767 4887 virtutem
797 4851 827 4888 a
857 4837 940 4890 sui
990 4846 1184 4890 natura
1222 4852 1239 4890 :
1277 4836 1551 4891 emollitur
1592 4836 1737 4891 enim
1785 4849 1840 4891 et

255 4921 459 4976 ferrum
495 4937 591 4991 per
622 4924 818 4993 ignem.
852 4926 1111 4993 probatur
1154 4938 1209 4981 et
1239 4944 1453 4994 aurum,
1482 4929 1696 4984 colatur
1748 4946 1837 4983 ar-

255 5023 500 5081 gentum,
526 5012 793 5069 conﬂatur
816 5016 1113 5082 plumbum,
1144 5027 1199 5072 et
1220 5018 1403 5072 omnia
1436 5034 1555 5087 qua
1583 5028 1839 5087 putantur

254 5105 474 5161 fortiora
506 5120 625 5161 esse
650 5121 901 5175 corpora,
937 5109 1046 5177 igni
1088 5109 1286 5165 cedunt
1326 5120 1550 5181 pmpter
1582 5111 1835 5167 subtilem

256 5199 394 5267 ignis
446 5208 714 5253 naturam.
775 5200 1016 5268 Denique
1061 5202 1104 5255 si
1159 5204 1452 5273 proieceris
1501 5204 1732 5273 lapidem
1780 5206 1833 5259 in

253 5289 488 5355 ﬂamma,
524 5290 713 5345 transit
740 5291 977 5358 quidem,
1016 5294 1107 5346 sed
1136 5308 1238 5348 non
1268 5309 1362 5362 per
1391 5294 1685 5349 ﬂammam.
1725 5294 1834 5349 Fu-

326 5490 435 5563 (2‘)
467 5490 923 5563 Improvectionss.
978 5491 1135 5544 Forte
1170 5493 1222 5563 in
1257 5506 1385 5544 voce
1419 5494 1517 5544 hac
1543 5507 1827 5563 perperam

250 5564 501 5631 additum
521 5562 611 5622 im,
635 5562 985 5631 exavocabulo
1018 5562 1337 5630 praecedenti
1364 5562 1717 5631 geminatum.

322 5632 438 5697 (25)
464 5629 649 5684 Testis.
683 5629 863 5694 Forte,
891 5629 1064 5685 testes.

323 5702 433 5772 (26)
461 5705 703 5768 Autquw
736 5712 922 5772 potest.
969 5701 1129 5756 Forte
1177 5715 1273 5772 per
1318 5702 1826 5767 interrogationem,

251 5770 350 5824 Ακι
379 5770 495 5839 qua!
523 5781 685 5841 potest
720 5770 1054 5837 confabulatu
1073 5770 1401 5841 (ὁμιλήσασα
1431 5772 1827 5841 sociata)ﬂam-

252 5856 370 5911 tusc,
402 5840 636 5897 ethSic
666 5852 783 5907 post
814 5856 1001 5907 pauca,
1034 5840 1089 5894 si
1110 5842 1245 5910 ignis
1272 5842 1636 5913 confabulatu
1663 5840 1825 5914 fuerit

530 5936 802 6000 Panos.
840 5935 960 5997 Gn.
994 5936 1228 5999 XXIV.

1946 4655 2138 4719 ferius,
2162 4656 2257 4710 sed
2293 4663 2404 4707 tota
2439 4653 2505 4707 ad
2529 4650 2879 4721 setnetipsam
2908 4648 3278 4720 conjungitur.
3306 4648 3537 4721 Liguum

1938 4757 2117 4803 autem
2151 4757 2206 4800 et
2235 4754 2442 4800 terram
2468 4786 2483 4809 ,
2521 4752 2577 4798 et
2625 4758 2757 4799 saxa
2816 4742 3117 4797 incidentes
3167 4742 3463 4798 dividimus
3504 4756 3538 4798 a

1937 4839 2266 4907 semetipsis,
2318 4848 2375 4893 et
2431 4836 2794 4907 disjungimus
2834 4843 3044 4904 partem
3090 4848 3120 4886 a
3160 4844 3355 4903 parte:
3394 4833 3538 4889 forte

1939 4940 2121 4987 autem
2152 4930 2447 4984 incidimus
2485 4939 2540 4984 et
2572 4942 2781 4991 aerem,
2825 4926 2919 4981 sed
2953 4924 3134 4994 ejecto
3178 4938 3245 4982 eo
3268 4924 3411 4994 quod
3448 4925 3537 4981 in-

1937 5028 2086 5091 cidit,
2128 5028 2311 5083 statim
2358 5025 2431 5081 ob
2473 5025 2828 5081 subtilitatem
2882 5021 2964 5077 sui
3015 5020 3369 5091 semetipsum
3403 5030 3538 5073 con-

1941 5119 2137 5189 jungit.
2168 5116 2362 5173 Gladio
2396 5118 2564 5183 enim,
2593 5128 2686 5170 aut
2712 5115 2888 5188 ligno,
2916 5121 3011 5169 aut
3041 5114 3223 5185 lapide
3242 5153 3259 5179 ,
3287 5126 3386 5184 per
3412 5124 3534 5181 quas

1948 5209 2138 5263 incisio
2168 5207 2397 5263 eﬂicitur
2436 5208 2557 5277 (per
2588 5208 2753 5263 multa
2791 5209 2935 5262 enim
2971 5204 3209 5261 admittit
3244 5203 3382 5257 ratio
3413 5199 3533 5259 fieri

1946 5299 2571 5362 incisiouemisublato.
2625 5315 2719 5356 aer
2762 5309 2987 5371 propter
3034 5296 3395 5359 subtilitatem
3444 5294 3533 5352 sui

1936 5496 2125 5565 lapidi,
2157 5508 2209 5551 et
2238 5500 2377 5553 infra
2410 5501 2475 5554 de
2506 5502 2766 5567 iscorpor.
2797 5498 2893 5553 lib.
2913 5513 2952 5555 tt
2972 5498 3073 5555 sub
3090 5496 3185 5553 lin.
3212 5492 3533 5564 siconfoba—

1935 5568 2250 5641 ιαιιᾳ-ιιζςω
2289 5571 2472 5638 fuisset
2503 5571 2711 5641 (igtﬂs).

2007 5638 2119 5706 (27)
2146 5634 2210 5691 Et
2238 5634 2574 5713 magistrum:
2601 5634 2766 5713 Forte
2809 5638 2887 5693 sic
2925 5636 3210 5713 legendum
3229 5675 3254 5713 ε
3277 5646 3327 5689 et
3350 5636 3532 5713 anno?

1934 5705 2106 5760 urunt
2128 5705 2368 5779 quodque
2404 5725 2582 5764 eorum
2622 5709 2757 5779 ignis
2780 5719 2885 5765 etc.
2916 5705 3011 5762 καὶ
3051 5706 3315 5771 δέσποζον
3341 5705 3531 5775 (dems-

1937 5780 2088 5842 nans)
2112 5779 2170 5831 τὸ
2199 5778 2310 5850 πῦρ

3088 5936 3168 5997 36
