4000 6428
550 364 684 422 usi
1213 330 1478 415 unseen
1509 353 1994 415 cessamusis
2029 355 2179 414 opp.
2216 358 2400 415 pass
2434 356 2523 415 Iv.
2558 389 2630 400 —
2667 356 3097 416 DOGIATICA.
3679 356 3818 416 uss

549 481 827 556 coniungit
853 485 1033 550 partes
1057 477 1276 551 incisas.
1309 478 1367 533 Si
1414 488 1593 533 autem
1626 478 1731 534 hoc
1770 487 1990 549 propter
2037 478 2120 532 in-
2148 482 2196 539 Α
2219 493 2375 534 ramo
2400 477 2604 548 potitus
2633 477 2769 549 (30).
2793 476 3131 545 Quibusdam
3156 484 3342 531 autem
3368 471 3713 545 compa-illo
3736 481 3819 531 ut

549 573 916 631 visibilitatem
935 571 1128 626 minus
1166 571 1480 640 agnoscitur
1500 609 1517 636 ,
1545 571 1601 626 in
1632 572 1785 640 aquis
1806 572 2118 647 agnoscitur
2222 571 2275 625 in
2306 569 2633 625 butronibus
2665 570 2779 641 (51)
2803 568 3057 639 conjungi
3078 608 3095 636 ,
3128 577 3186 623 et
3216 567 3529 623 immutatio
3572 566 3817 624 enim.

548 665 690 736 quod
716 662 935 718 dicitur.
963 660 1098 718 Cum
1144 661 1313 717 incisa
1362 661 1530 716 fuerit
1586 676 1746 729 aqua,
1802 672 1897 717 aut
1945 663 2116 717 scissa
2221 664 2275 717 in
2305 663 2492 718 iisdem
2521 671 2627 729 est,
2679 673 2734 718 et
2759 662 2927 732 ipsius
2952 660 3067 731 (32)
3091 661 3347 731 generis,
3380 670 3438 715 et
3476 660 3661 729 ipsius
3703 674 3822 729 spe-

547 769 645 824 per
691 752 919 821 lignum,
968 760 1060 806 aut
1100 765 1196 820 per
1239 748 1387 804 aliud
1443 751 1660 819 aliquod
1718 752 2115 821 operimentum
2222 757 2373 812 eiei:
2422 757 2784 826 quorumdam
2834 752 3052 826 quidem
3095 754 3601 808 manducanturea
3632 767 3758 823 qua
3792 766 3820 805 a

548 822 685 915 (28),
719 853 843 915 post
873 852 1052 898 autem
1082 842 1128 897 si
1162 841 1455 897 abstuleris
1483 841 1537 897 id
1572 842 1713 911 quod
1760 841 1972 907 incidit,
2021 858 2115 896 ur-
2222 848 2356 904 foris
2402 822 2690 914 habentur,
2738 822 3098 918 quorumdam
3144 855 3330 901 autem
3385 846 3456 900 ab
3513 822 3671 900 intus
3704 852 3821 899 sunt

548 947 704 1009 grtur
735 950 875 1009 aqua
929 934 995 989 ad
1032 932 1466 1003 coniunctionem
1499 932 1584 987 sui
1622 946 1634 981 :
1677 940 1761 988 est
1790 934 1934 987 enim
1976 948 2110 1001 aqua

2220 957 2343 1013 qua
2371 942 2747 998 comeduntur.
2785 941 2851 995 Et
2881 941 3048 995 multa
3079 949 3166 994 est
3207 939 3448 994 varietas
3485 937 3821 993 annuntians

549 1049 580 1088 a
615 1041 756 1088 terra
785 1028 1056 1086 subtilior.
1094 1025 1265 1081 Terra
1307 1026 1451 1080 enim
1497 1023 1572 1079 ίιι
1612 1022 1717 1077 αἱδί
1750 1033 1809 1078 ιιι
1840 1027 2116 1094 aqua.ad-
2220 1050 2319 1105 per
2346 1036 2525 1089 omnia
2563 1034 2827 1103 sapientis
2851 1034 3199 1104 sapientiam,
3226 1042 3283 1086 et
3316 1032 3495 1102 ipsius
3517 1030 3718 1101 operis
3745 1029 3821 1083 di-

543 1126 735 1195 iu'arc
763 1136 871 1177 non
923 1129 1149 1191 Ροιθιῑε
1183 1127 1241 1173 ιιι
1272 1132 1338 1172 εἰ
1381 1116 1487 1171 hoc
1516 1124 1808 1185 ερρπεαιν
1838 1117 1962 1184 (illi:I
1997 1131 2118 1187 quas
2224 1126 2531 1197 sciplinam.
2568 1126 2776 1179 Tamen
2834 1125 2889 1179 in
2944 1124 3065 1179 istis
3091 1125 3411 1192 corporibus
3445 1121 3583 1192 quia
3647 1119 3821 1178 uncia

548 1220 802 1274 dicuntur
840 1212 1064 1269 fortiora
1114 1223 1367 1279 corpora,
1398 1207 1504 1262 ista
1557 1207 1728 1264 multo
1788 1207 1962 1277 magis
1992 1215 2119 1262 sunt
2224 1218 2469 1287 quidam
2500 1225 2556 1271 ει
2583 1216 2803 1271 ordines
2833 1215 3269 1284 conspiciamur,
3312 1223 3370 1268 ει
3428 1228 3740 1277 mensum,
3768 1223 3821 1268 οι

548 1310 870 1373 inﬁrmiora,
928 1315 1132 1361 etnon
1182 1303 1235 1357 in
1291 1298 1659 1370 magnitudine
1719 1307 1803 1354 est
1854 1297 2110 1368 pnteutia.

2224 1315 2486 1376 tempora,
2503 1315 2559 1360 et
2577 1304 2908 1376 agnitiones,
2932 1314 2991 1358 ut
3009 1303 3359 1360 emolliantur
3383 1318 3515 1359 cum
3542 1304 3820 1373 incipiunt

547 1400 687 1469 Quid
714 1399 860 1455 enim
890 1405 1095 1450 tantum
1125 1394 1287 1448 habet
1310 1406 1488 1473 mana.
1515 1400 1772 1461 quantum
1797 1390 1955 1445 habet
1975 1404 2118 1444 ωπ-
2222 1396 2461 1452 fructum
2502 1394 2738 1461 aﬁ'erre;
2770 1397 3065 1466 projiciunt
3096 1396 3242 1451 enim
3288 1395 3510 1451 etiamsi
3569 1396 3821 1450 floruerit

547 1494 721 1563 garita
766 1491 833 1546 ad
872 1484 1363 1560 pulchritudinem’
1390 1482 1725 1551 magnitudo
1763 1480 1909 1536 enim
1939 1480 2110 1534 calca-

2223 1489 2291 1544 ad
2317 1488 2573 1558 fructum,
2602 1488 3014 1553 et'educantur,
3049 1498 3106 1544 et
3137 1489 3342 1544 sensim
3381 1487 3709 1553 accedunt,
3766 1495 3820 1542 et

548 1597 658 1651 tur,
705 1585 758 1639 in
807 1581 955 1638 brevi
1002 1589 1179 1633 autem
1231 1575 1576 1646 pulchritudo
1627 1574 1942 1643 requiritur.
2010 1572 2117 1628 Sed
2224 1582 2291 1638 ad
2319 1590 2529 1650 tempus
2557 1591 2891 1645 occurrunt;
2923 1595 3203 1649 nunquam
3239 1590 3421 1636 autem
3466 1591 3671 1636 essent
3712 1580 3816 1635 ign

548 1687 885 1730 transeamus
904 1686 932 1724 a
954 1669 1143 1740 primis
1167 1684 1286 1732 qua:
1318 1670 1571 1723 dicuntur
1598 1669 1936 1739 corporibus,
1955 1679 2115 1724 teme
2221 1688 2342 1743 qua
2370 1682 2517 1741 sunt,
2540 1673 2656 1729 ‘nisi
2684 1689 2747 1728 ea
2777 1672 3141 1743 incorporalis
3172 1674 3424 1742 quaedam
3450 1672 3642 1728 virtus
3686 1672 3821 1743 ﬁgl-

547 1767 669 1822 dico
720 1776 775 1818 et
818 1762 953 1833 ignis
991 1770 1047 1817 et
1079 1775 1229 1831 aqua
1280 1771 1334 1815 et
1361 1763 1536 1825 aeris,
1572 1761 1638 1815 ad
1670 1775 1732 1815 ea
1756 1775 1877 1830 quae
1908 1776 1975 1815 ex
2029 1762 2114 1815 bis
2223 1776 2406 1821 raret:
2451 1765 2527 1819 ita
2560 1764 2699 1821 etin
2732 1764 3060 1821 animalibus
3101 1764 3251 1835 leges
3310 1774 3606 1835 precepts
3666 1774 3817 1830 sunt,

546 1865 672 1911 sunt
696 1853 991 1923 composita
1044 1862 1100 1907 et
1140 1844 1394 1907 videntur
1426 1850 1608 1905 omnia
1658 1866 1725 1906 ex
1771 1851 1855 1905 his
1896 1852 2117 1915 habere,
2152 1838 2195 1893 Β
2221 1865 2280 1913 ιιι
2311 1856 2380 1911 ab
2402 1858 2561 1929 equis
2581 1858 2731 1929 equi,
2757 1867 2816 1914 et
2861 1860 2929 1913 ab
2986 1870 3317 1927 unoquoque
3370 1869 3586 1927 genere
3648 1870 3819 1928 genus

2218 1949 2523 2018 proprium,
2575 1948 2777 2003 similia
2807 1964 2838 2003 a
2874 1949 3185 2016 similibus;
3238 1957 3296 2003 et
3339 1958 3677 2003 mensurata
3736 1956 3819 2004 est

2217 2040 2657 2114 concupiscentia
2681 2040 3031 2094 animalibus.
3058 2038 3175 2094 Non
3209 2039 3356 2094 enim
3403 2040 3457 2093 in
3488 2040 3649 2094 omni
3684 2050 3820 2094 tem-

2216 2152 2348 2207 pore
2380 2134 2706 2190 animalibus
2731 2141 2816 2187 est
2846 2131 3294 2195 communicatio,
3312 2132 3409 2186 sed
3448 2140 3680 2199 tempus
3711 2141 3821 2185 sta-

2219 2239 2392 2284 tutum
2443 2236 2529 2283 est
2572 2235 2629 2282 et
2659 2226 2997 2295 agnoscitur.
3051 2223 3116 2279 Et
3153 2223 3383 2283 masculi
3418 2230 3556 2277 tunc
3590 2238 3820 2279 moven-

544 1945 777 2003 calorem
801 1945 920 1998 dico
946 1952 1001 1998 et
1027 1942 1305 1998 humorem
1332 1952 1389 1997 et
1416 1943 1833 1998 crassitudinem
1866 1954 1920 1998 et
1945 1944 2118 1999 subti-

546 2039 750 2092 litatem
783 2045 837 2089 et
862 2035 1002 2100 alia;
1036 2044 1092 2088 et
1122 2035 1397 2088 videamus
1428 2036 1472 2088 si
1498 2044 1585 2087 est
1616 2035 1668 2089 in
1702 2035 1785 2089 his
1828 2036 2115 2101 stabilitas,

544 2132 590 2184 si
624 2138 707 2183 est
740 2127 967 2182 mansio.
1014 2126 1081 2181 Et
1135 2141 1203 2181 ne
1251 2127 1373 2196 quis
1426 2136 1578 2195 putet
1624 2128 1913 2181 materiam
1945 2128 2117 2183 intro-

542 2220 661 2274 duci
685 2233 954 2283 sermone,
978 2227 1070 2272 aut
1089 2219 1357 2288 quomodo
1380 2218 1803 2273 introducuntur
1822 2218 2115 2282 elementa,

540 2312 735 2380 quibus
757 2320 813 2364 et
843 2310 1185 2363 inducuntur.
1221 2308 1329 2363 Sed
1356 2310 1486 2363 illud
1513 2309 1657 2374 dico,
1686 2311 1812 2379 quia
1841 2311 1893 2364 in
1922 2326 2118 2381 corpo-

539 2405 695 2457 ribus
716 2418 834 2472 quae
860 2411 1145 2456 moventur
1175 2415 1191 2454 :
1232 2402 1522 2456 motionem
1557 2410 1737 2457 autem
1771 2402 1892 2458 dico
1921 2404 2109 2469 istam,

540 2510 660 2564 qua
682 2494 944 2550 naturalis
973 2502 1060 2549 est
1095 2509 1284 2549 eorum
1333 2494 1423 2563 qui
1479 2494 1683 2548 habent
1740 2500 1797 2546 ut
1843 2502 2115 2559 crescant,

541 2588 631 2655 qui
663 2587 861 2642 habent
890 2595 948 2640 ut
972 2586 1319 2650 minuantur;
1367 2600 1549 2639 eorum
1581 2585 1673 2655 qui
1708 2583 1941 2640 fructum
1982 2586 2115 2641 affe-

538 2688 688 2743 runt,
716 2693 899 2733 eorum
934 2678 1025 2746 qui
1054 2687 1339 2732 moventur
1365 2692 1394 2730 a
1427 2676 1561 2731 locis
1605 2677 1673 2731 ad
1724 2676 1858 2743 loca,
1904 2679 2116 2732 anima-

536 2769 665 2826 lium
692 2779 875 2839 utp0te
900 2780 955 2825 et
992 2768 1249 2823 arborum
1304 2778 1359 2821 et
1408 2768 1709 2822 hominum.
1758 2767 2111 2825 Variﬁcatum

534 2862 682 2916 enim
710 2871 794 2916 est
816 2874 1013 2929 corpus
1054 2868 1109 2914 et
1149 2859 1525 2928 compositum.
1566 2858 1936 2929 Compositum
1968 2863 2112 2917 enim

2222 2330 2337 2385 tur,
2369 2329 2425 2374 et
2450 2318 2663 2374 femina
2699 2326 2828 2371 tunc
2855 2317 3156 2385 patiuntur,
3195 2323 3251 2369 et
3295 2315 3520 2369 transiit
3569 2326 3815 2385 tempus,

2217 2418 2272 2464 et
2299 2416 2547 2465 emortua
2575 2418 2659 2463 est
2690 2405 2746 2460 in
2804 2404 3272 2461 irrationabilibus
3327 2404 3813 2474 concupiscentia.

2220 2502 2291 2557 Et
2309 2502 2398 2558 ubi
2428 2510 2576 2557 tanta
2600 2500 2837 2556 varietas
2859 2508 2966 2563 est,
2991 2512 3169 2553 nonne
3200 2497 3556 2553 confessibile
3586 2498 3711 2569 (33)
3735 2510 3816 2555 est

2222 2594 2463 2665 ignorari
2514 2592 2582 2648 ab
2632 2590 3100 2661 irrationabilibus
3164 2604 3290 2658 qua:
3368 2588 3544 2644 ﬁunt?
3604 2588 3813 2646 Tamen

2215 2694 2513 2758 agnoscunt
2532 2682 2805 2754 quomodo
2856 2689 3119 2751 reguntur
3144 2688 3201 2734 et
3225 2680 3605 2745 adducuntur,
3635 2691 3696 2737 et
3724 2681 3813 2736 ubi

2214 2785 2431 2848 oportet
2462 2772 2744 2839 seminari,
2776 2782 2834 2827 et
2859 2774 2953 2829 ubi
2977 2771 3270 2829 conveniat
3297 2771 3689 2827 commendari
3718 2789 3735 2828 :
3761 2780 3815 2828 et

2213 2871 2527 2941 ignorantes
2560 2868 2703 2937 quod
2743 2865 2981 2920 futurum
3050 2873 3155 2928 est,
3214 2865 3580 2921 nihilominus
3625 2876 3811 2922 tamen

535 2967 620 3011 est
643 2968 697 3010 et
729 2954 976 3009 Salvator
1009 2950 1121 3023 (29)
1164 2968 1259 3022 per
1308 2952 1677 3021 incorporales
1728 2953 1977 3008 virtutes.
2004 2953 2110 3007 Ne-

2215 2962 2421 3033 legibus
2445 2960 2767 3015 suadentur.
2804 2955 2863 3010 ln
2908 2957 3229 3011 matricibus
3268 2967 3449 3012 autem
3485 2972 3591 3013 nec
3636 2958 3810 3014 ratio-

536 3063 640 3115 que
666 3047 811 3102 enim
835 3045 1056 3101 arbores
1086 3045 1303 3100 sibimet
1330 3043 1455 3112 ipsa
1489 3049 1732 3099 statuunt
1791 3052 2005 3113 tempus
2052 3054 2110 3098 ut

2215 3054 2422 3109 nabiles
2450 3050 2703 3106 mulieres
2731 3057 2932 3103 norunt
2967 3047 3097 3118 quid
3125 3046 3423 3102 efﬁciatur.
3482 3046 3699 3104 Tamen
3755 3060 3811 3105 et

533 3138 784 3217 ﬂoreant,
813 3152 918 3191 non
972 3136 1393 3207 magnitudinem
1430 3135 1681 3190 foliorum
1707 3174 1721 3197 ,
1751 3150 1856 3189 non
1906 3146 2110 3203 tempus

2217 3142 2676 3199 irrationabilibus
2707 3139 3029 3210 ﬁgurantur,
3053 3148 3109 3193 et
3140 3139 3320 3195 nullus
3359 3150 3583 3195 emovet
3612 3152 3675 3196 ut
3699 3156 3809 3197 non

536 3229 770 3300 frugum,
802 3244 905 3283 non
934 3228 1377 3298 compositionem
1404 3241 1590 3279 eorum
1624 3240 1744 3294 quas
1788 3225 2111 3293 ﬁgurantur,

536 3338 643 3377 non
672 3338 733 3378 ea
762 3337 881 3391 quae
909 3322 1054 3378 intus
1087 3329 1214 3376 sunt
1239 3322 1308 3393 ad
1343 3320 1758 3375 custodiendum
1780 3359 1794 3383 ,
1836 3333 1943 3373 non
1995 3333 2115 3389 quae

537 3416 685 3470 foras
716 3424 843 3473 sunt
876 3415 943 3468 ad
976 3413 1212 3469 tutelam.
1258 3412 1374 3466 Non
1427 3412 1575 3466 enim
1625 3411 1678 3464 in
1725 3410 1977 3465 arborum
2030 3420 2114 3465 est

532 3517 818 3577 putestate,
850 3505 919 3561 de
948 3506 1031 3565 his
1059 3520 1179 3575 qua
1205 3513 1332 3559 sunt
1358 3504 1411 3557 in
1443 3501 1752 3556 arboribus.
1794 3499 1851 3554 Si
1881 3500 2024 3555 enim
2058 3511 2113 3555 et

534 3600 588 3654 in
612 3600 766 3653 nobis
796 3597 1207 3653 rationabilibus
1254 3611 1359 3650 non
1412 3603 1497 3650 est
1540 3602 1788 3664 potestas
1840 3607 2114 3648 mensura-

534 3706 676 3756 rum,
706 3704 813 3744 non
845 3699 1063 3744 aetatum
1083 3729 1098 3753 ,
1134 3702 1243 3743 non
1272 3687 1665 3752 membrorum,
1696 3698 1870 3753 neque
1895 3684 2111 3754 quando

534 3784 726 3838 debeat
778 3796 1084 3851 procreare,
1138 3789 1231 3835 aut
1276 3780 1445 3844 nasci,
1485 3787 1581 3833 aut
1624 3792 1903 3841 crescere,
1936 3790 2111 3846 neque

534 3891 705 3946 usque
738 3875 805 3929 ad
834 3874 1059 3943 capillos
1092 3891 1106 3924 :
1139 3887 1244 3927 non
1296 3872 1470 3926 solum
1519 3880 1581 3925 ut
1618 3869 1831 3938 quando
1861 3865 2107 3931 ﬁoreant,

533 3978 598 4023 et
632 3968 850 4038 quando
888 3968 1153 4031 debeant,
1197 3965 1286 4033 qui
1327 3963 1559 4019 necdum
1611 3968 1875 4016 venerunt
1903 3960 1970 4014 ad
2005 3957 2105 4013 ﬁo-

533 4075 685 4127 rem;
720 4060 814 4115 sed
867 4072 1041 4129 neque
1075 4059 1140 4112 de
1172 4072 1237 4112 eo
1283 4065 1340 4111 ut
1377 4053 1673 4110 transferat
1712 4052 1974 4115 colorem,
2000 4060 2052 4105 et
2079 4067 2108 4105 a

531 4154 690 4223 nigro
721 4150 905 4207 veniat
932 4150 999 4205 ad
1032 4150 1234 4213 album,
1262 4158 1345 4204 est
1378 4149 1433 4202 in
1465 4155 1652 4201 nostra
1682 4152 1980 4213 potestate,
2018 4142 2129 4211 qui~

532 4249 825 4316 cogitatum
854 4242 1190 4315 possidemus
1219 4253 1273 4295 et
1307 4254 1527 4296 sensum
1558 4257 1573 4295 :
1600 4238 1645 4291 si
1683 4236 1849 4307 igitur
1878 4243 1933 4291 et
1960 4251 2109 4303 qure-

531 4353 743 4406 cunque
776 4338 829 4391 in
867 4336 1024 4391 nobis
1052 4341 1179 4388 sunt
1220 4332 1487 4387 naturalia
1513 4372 1527 4397 ,
1587 4344 1693 4383 non
1745 4339 1872 4383 sunt
1916 4336 2111 4382 nostra:

529 4429 841 4497 potestatis,
869 4435 1071 4497 quanto
1102 4425 1275 4497 magis
1303 4426 1357 4478 in
1404 4420 1871 4477 irrationabilihus
1901 4420 2112 4474 anima-

2218 3243 2537 3291 moveantur
2557 3240 2715 3289 extra
2746 3245 3077 3295 mensuram,
3112 3245 3289 3298 neque
3316 3242 3375 3286 ut
3407 3232 3542 3286 illud
3569 3234 3808 3288 mandu-

2216 3339 2319 3393 cet,
2347 3335 2400 3383 et
2452 3326 2519 3380 ab
2566 3324 2660 3379 illo
2716 3336 2777 3377 se
2810 3321 3104 3377 abstineat.
3133 3319 3539 3393 Nonnunquam
3570 3324 3724 3378 enim
3756 3331 3810 3379 et

2214 3419 2487 3474 minantur
2525 3416 2840 3487 plurimum,
2866 3425 2922 3469 et
2949 3424 3183 3468 currunt
3231 3429 3353 3484 quae
3396 3428 3806 3485 conceperunt,

2212 3520 2268 3567 et
2300 3509 2545 3565 custodit
2568 3522 2632 3563 ea
2657 3522 2777 3578 qua
2799 3506 3058 3562 custodit.
3108 3507 3265 3574 Apud
3321 3521 3422 3560 nos
3478 3509 3634 3562 enim
3676 3509 3808 3581 quia

2213 3603 2431 3671 adjuvat
2464 3614 2554 3653 ars
2582 3609 2806 3663 natura,
2857 3598 3200 3651 immutatum
3232 3608 3317 3652 est
3342 3614 3371 3651 a
3417 3611 3623 3655 natura
3653 3600 3809 3668 adju-

2212 3702 2475 3749 mentum.
2494 3688 2595 3745 Ubi
2625 3699 2803 3743 autem
2836 3687 2967 3742 nihil
2993 3687 3228 3743 coefﬁcit
3252 3703 3342 3742 ars
3359 3698 3597 3753 naturae,
3623 3697 3803 3746 totum

2212 3783 2579 3853 adiumentum
2621 3778 2948 3834 custoditur.
2982 3775 3149 3831 Multa
3180 3777 3326 3831 enim
3355 3786 3487 3831 sunt
3539 3793 3671 3848 qua
3715 3782 3801 3835 vi.

2212 3874 2406 3928 dentur
2438 3872 2492 3925 in
2524 3869 2645 3925 aliis
2677 3868 3025 3932 animalibus,
3050 3882 3179 3937 quae
3213 3882 3313 3922 nos
3343 3883 3453 3921 non
3501 3868 3801 3927 habemus.

2211 3964 2377 4019 Nobis
2403 3964 2548 4017 enim
2584 3976 2765 4031 neque
2793 3960 2927 4015 tales
2952 3968 3139 4025 cutes,
3196 3973 3376 4027 neque
3434 3960 3577 4015 tanti
3615 3962 3803 4031 capilli

2212 4064 2358 4121 sunt,
2391 4054 2574 4125 quanti
2610 4064 2665 4107 et
2698 4052 2828 4107 illis.
2859 4052 2964 4109 Ars
2993 4052 3138 4107 enim
3176 4052 3419 4106 vestiens
3441 4067 3534 4117 ea,
3562 4056 3807 4123 complet

2212 4146 2354 4217 quod
2386 4147 2596 4201 videtur
2619 4144 2806 4199 deesse
2851 4154 3078 4197 natura.
3134 4141 3250 4197 Non
3285 4144 3635 4212 operimenta
3678 4160 3807 4202 sunt

2212 4238 2403 4292 iisdem
2434 4252 2448 4301 ;
2512 4234 2790 4290 sufﬁciunt
2822 4234 2965 4287 enim
2996 4233 3113 4301 pili.
3146 4232 3264 4286 Non
3294 4234 3576 4300 opertoria
3611 4251 3627 4300 ;
3664 4237 3805 4290 ami-

2211 4340 2300 4385 cta
2346 4338 2431 4383 est
2475 4328 2619 4382 enim
2676 4340 2803 4396 pars
2859 4340 2979 4393 qua
3028 4324 3114 4378 his
3144 4324 3437 4392 indigebat.
3496 4324 3807 4382 Sufﬁciunt

2213 4416 2411 4485 quippe
2444 4414 2549 4468 illis
2587 4413 2764 4480 capilli
2794 4422 2850 4465 et
2874 4427 2972 4481 pro
2999 4412 3253 4466 domibus
3283 4421 3339 4465 et
3367 4414 3546 4476 tectis,
3576 4426 3637 4468 et
3658 4416 3806 4469 tuni-

531 4522 694 4586 lihus,
723 4536 831 4575 non
856 4528 981 4575 sunt
1006 4518 1061 4574 in
1096 4518 1333 4588 ipsorum
1364 4522 1635 4584 potestate
1662 4525 1782 4581 qua
1818 4501 1913 4565 sua
1946 4509 2109 4564 sunt?
2139 4520 2184 4585 ι)
2213 4508 2291 4563 cis
2320 4516 2376 4560 et
2407 4504 2578 4574 palliis
2604 4512 2659 4559 et
2685 4505 3041 4574 operimentis
3073 4521 3087 4571 ;
3139 4512 3188 4559 et
3242 4506 3537 4573 unicuique
3571 4509 3803 4563 animali

530 4613 699 4683 Magis
722 4621 901 4667 autem
937 4612 1041 4665 hoc
1089 4610 1144 4665 iu
1176 4607 1465 4663 arboribus
1509 4620 1617 4661 non
1649 4612 1732 4659 est
1783 4612 1839 4657 et
1885 4602 2101 4672 plantis.
2212 4613 2311 4669 pro
2340 4598 2421 4652 sui
2462 4606 2651 4652 natura
2701 4604 2756 4650 et
2808 4596 3081 4664 opertoria
3127 4596 3250 4649 data
3311 4605 3455 4650 sunt.
3493 4597 3596 4651 liis
3651 4602 3801 4654 enim

530 4702 599 4761 Et
627 4704 884 4759 tamenin
915 4703 999 4757 bis
1035 4717 1156 4773 qua:
1185 4701 1306 4755 sine
1356 4700 1536 4754 anima
1581 4706 1730 4761 sunt,
1782 4696 1884 4750 hoc
1924 4704 2009 4751 est
2046 4695 2103 4749 in
2208 4689 2300 4759 qui
2343 4689 2519 4743 minus
2538 4696 2789 4759 poterant
2825 4690 3096 4742 sustinere
3128 4687 3443 4758 fridgorem,
3496 4688 3802 4758 spissiores

531 4797 817 4853 arboribus
845 4795 963 4850 istis
1001 4802 1055 4848 et
1100 4793 1318 4864 plantis,
1361 4806 1655 4853 mensura,
1702 4787 2101 4857 magnitudines
2206 4778 2298 4848 pili
2322 4788 2377 4833 et
2411 4778 2680 4848 longiores
2714 4777 2906 4833 indulti
2935 4788 3084 4839 sunt,
3122 4778 3245 4831 aliis
3275 4778 3452 4831 lanae:
3489 4790 3547 4834 et
3575 4782 3800 4837 unicui-

534 4889 796 4958 partibus,
830 4894 884 4940 et
907 4885 1007 4956 ipsi
1039 4885 1217 4939 omnia
1267 4882 1450 4937 arbori
1494 4890 1548 4937 et
1576 4882 1803 4949 planta,
1854 4888 1910 4932 et
1952 4876 2099 4931 foliis
2203 4884 2309 4939 que
2344 4883 2587 4941 separata
2640 4881 2724 4926 est
2762 4884 2885 4926 esca
2920 4880 2978 4924 et
3028 4870 3268 4923 immissa
3294 4910 3310 4935 ,
3346 4878 3402 4922 et
3434 4870 3587 4924 circa
3648 4871 3803 4926 illam"

531 4981 648 5050 ejus
699 4988 755 5033 et
803 4977 1097 5041 fructibus,
1151 4984 1208 5033 et
1268 4972 1749 5044 compositionibus
1807 4968 2099 5024 habentur.
2206 4978 2384 5019 escam
2416 4965 2505 5018 illa
2534 4964 2805 5019 alacritas.
2834 4962 2967 5029 Qua
2991 4963 3136 5017 enim
3160 4961 3534 5033 excusato“)
3568 4978 3798 5028 cervus,

532 5068 896 5138 Quarumdam
916 5068 1057 5123 enim
1080 5067 1289 5123 fructus
1319 5064 1492 5136 sparsi
1526 5073 1655 5119 sunt
1679 5103 1697 5131 ,
1742 5059 1883 5116 alius
1913 5061 1967 5117 in
1994 5056 2109 5113 alio
2210 5057 2325 5113 hac
2358 5058 2705 5127 persequitur
2728 5056 2811 5110 leo
2839 5072 2852 5107 :
2880 5063 2936 5110 et
2960 5056 3114 5109 varia
3146 5054 3426 5125 proposita
3462 5064 3552 5109 est
3607 5058 3796 5143 magni

2202 5235 2379 5307 βότρις
2426 5231 2876 5307 rat-emungens
2918 5233 3190 5307 sententia
3220 5232 3383 5307 huius
3414 5233 3520 5288 loci
3571 5235 3799 5291 videtur

2200 5302 2385 5373 eadem
2408 5319 2528 5359 esse
2550 5318 2667 5371 qua:
2697 5304 2837 5358 illius
2858 5306 2997 5370 apud
3016 5302 3272 5369 Plinium,
3301 5304 3395 5355 lib.
3422 5320 3514 5366 xv,
3541 5320 3667 5373 cap.
3688 5308 3793 5362 ‘28:

2201 5372 2501 5441 Dependent
2527 5375 2635 5426 alia
2662 5374 2935 5442 pediculia,
2974 5384 3029 5427 ut
3072 5374 3189 5435 pira
3209 5389 3228 5437 ;
3262 5372 3372 5425 alia
3415 5372 3643 5427 racemis
3672 5416 3689 5440 ,
3736 5388 3793 5431 ut

2199 5445 2609 5582 ’Ἕῦᾚῧῗῖι
2647 5510 2842 5576 Αὑτοῦ,
2868 5513 3123 5581 ejusdem.

2272 5584 2388 5654 (ὅὸ)
2422 5581 2785 5651 Confessibile.
2811 5582 3159 5654 Cunfrfssum,
3192 5591 3558 5651 compertum.
3591 5584 3663 5641 Ut
3696 5600 3792 5641 su-

598 5659 711 5727 (29)
739 5660 1003 5716 Salvator.
1047 5660 1226 5725 Forte,
1268 5660 1521 5714 soluatur.
2202 5653 2553 5728 μήπως-47,
2604 5654 2799 5728 inimici
2858 5653 3178 5728 confestim,
3215 5654 3405 5721 aperti,
3443 5654 3699 5728 professi.

598 5723 711 5798 (δυ)
738 5729 963 5799 femus.
1003 5730 1179 5793 Forte,
1205 5723 1420 5799 positus.
1907 5793 1936 5799 Δ

2215 5723 2383 5799 λβι)
2410 5725 2665 5799 Επιηρι.
2695 5724 2749 5781 ld
2795 5735 2878 5781 est
2912 5725 3103 5795 respuit
3134 5725 3276 5780 sicut
3323 5726 3643 5784 notavimus
3672 5723 3787 5783 cui.

598 5793 711 5874 (3t)
732 5797 1072 5857 Butronibus.
1110 5793 1345 5858 Deducta
1378 5815 1478 5857 vos
1508 5815 1572 5858 ea
1610 5802 1821 5860 videtur
1846 5808 1876 5850 a
1898 5793 2089 5854 Graeca

2215 5793 2329 5856 HM
2345 5793 2372 5864 ,’
2396 5804 2511 5853 not.
2548 5795 2636 5852 68.

605 5245 715 5313 (ἓὸ)
765 5243 1169 5313 Operiutentunt.
1195 5240 1333 5313 Lege
1379 5246 1797 5313 operameutunt,
1837 5248 1957 5313 qua
1988 5248 2095 5287 vox

534 5306 821 5381 interpreti
840 5323 1021 5381 nostro
1053 5306 1332 5364 familiaris
1360 5306 1458 5381 pro
1508 5306 1739 5381 (ξυμπροά
1775 5314 1859 5381 est
1891 5306 2097 5356 instrn—

530 5375 777 5438 mentum.
815 5379 905 5436 Sic
948 5398 1107 5449 supra
1168 5381 1273 5433 col.
1328 5375 1465 5433 4099
1511 5375 1891 5449 ΛῗεΡι-οωιιίι-
1914 5383 2093 5449 age-gr

529 5451 686 5521 istum
704 5463 907 5518 portare
922 5439 1251 5503 meilicimfia
1275 5458 1599 5521 operantenta
1611 5462 1631 5511 ;
1655 5454 1709 5499 et
1735 5442 2007 5521 θοι-1127
2028 5439 2089 5493 B:

528 5514 812 5601 gesserunt
838 5522 1064 5576 visibilia
1084 5514 1410 5587 operantenta
1432 5518 1703 5586 :‘idipsuut
1722 5514 1918 5583 passim
1955 5525 2101 5581 repe-

529 5604 658 5645 1⁸138.
