4000 6476
226 494 342 550 tua

1594 466 1683 522 DE
1716 462 2060 521 INCORPOR
2069 460 2208 517 Abl.

3388 459 3529 517 ll“

239 605 328 660 ω.
351 602 551 657 mensa,
586 590 767 661 piena
796 589 1019 661 quidem
1056 588 1332 653 omnibus,
1364 583 1699 641 conveniens
1731 598 1830 636 au-
1861 585 1910 640 Α
1939 577 2227 639 mamillss,
2254 572 2679 646 qnadripedibns
2708 579 2892 628 autem
2918 572 2973 627 in
3001 573 3126 630 aliis
3160 573 3338 630 infixit
3364 574 3524 633 locis.

245 702 351 748 tem
406 680 707 753 unicuique
768 693 993 737 naturae.
1033 678 1101 733 Et
1128 684 1213 732 est
1257 672 1568 730 admiratio.
1601 669 1821 724 Numeri

247 777 387 831 enim
418 768 694 827 mensium
729 769 1050 823 matricibus
1079 774 1136 820 et
1162 761 1634 820 irrationabilibus
1662 759 1824 830 positi

243 876 389 924 sunt.
422 864 488 918 Et
527 862 651 932 quis
687 877 793 915 non
834 867 1074 930 stupeat,
1133 858 1259 927 quia
1310 856 1366 912 in
1422 864 1666 924 tempore
1724 854 1830 907 isto

246 963 601 1018 concurrunt,
655 952 810 1022 cuius
842 952 1023 1006 exitus
1062 946 1302 1002 fructum
1354 955 1649 1017 apportat,
1703 959 1828 999 cum

239 1048 512 1120 asperitas
548 1045 757 1101 hiberni
811 1042 1127 1098 transierit?
1173 1048 1234 1094 ut
1270 1053 1377 1094 non
1428 1046 1618 1093 tenera
1653 1035 1830 1091 adhuc

241 1140 543 1197 constituta
570 1153 691 1207 quat
716 1146 842 1189 nata
862 1142 990 1189 sunt
1015 1134 1069 1187 in
1092 1132 1256 1187 domo
1280 1144 1387 1186 non
1403 1126 1644 1191 confota,
1672 1141 1831 1196 aspe-

236 1228 467 1288 ritatem
501 1239 681 1283 autem
714 1224 910 1281 hiemis
937 1223 1269 1278 incurrentia
1310 1220 1577 1290 perirent,
1608 1228 1662 1272 et
1697 1217 1831 1271 deli-

236 1327 399 1373 ceret
423 1332 613 1387 genus,
650 1315 694 1368 si
726 1315 798 1367 ita
838 1312 1089 1383 frigdore
1114 1311 1303 1381 gelida:
1330 1309 1524 1365 hiemis
1550 1306 1831 1362 interﬁce-

234 1415 416 1460 retur.
440 1404 546 1460 Sed
579 1403 724 1473 leges
750 1412 986 1466 statutas,
1012 1410 1067 1455 et
1096 1401 1233 1456 lines
1254 1408 1381 1455 sunt
1403 1399 1589 1469 positi,
1612 1396 1831 1467 quando

235 1497 523 1553 seminare
554 1497 836 1560 deberent,
866 1504 924 1550 et
956 1492 1174 1563 quando
1221 1491 1460 1546 fructum
1515 1486 1733 1544 all'erre.
1766 1489 1830 1542 Et

232 1602 425 1657 neque
460 1587 565 1642 illis
589 1601 727 1656 opus
779 1596 864 1641 est
912 1584 1231 1648 obstetrice,
1264 1596 1441 1652 neque
1472 1590 1591 1637 arte
1642 1580 1830 1635 istius-

236 1684 417 1747 modi,
450 1696 625 1751 neque
645 1692 703 1737 ut
731 1682 891 1737 cadat
912 1691 967 1733 et
993 1679 1172 1750 jaceat
1201 1695 1214 1730 :
1248 1677 1343 1732 sed
1376 1676 1558 1731 statim
1584 1682 1643 1729 ut
1670 1673 1830 1728 enixa

234 1773 414 1830 fuerit
438 1784 569 1839 stat,
602 1774 787 1829 statim
820 1781 878 1826 ut
906 1780 1094 1824 natum
1123 1768 1289 1823 fuerit
1343 1781 1512 1836 pecus
1563 1764 1828 1833 exsurgit,

232 1876 301 1922 ct
327 1868 571 1939 agnoscit
608 1864 982 1921 irrationabile
1026 1861 1228 1917 animal
1264 1860 1409 1930 quod
1460 1857 1624 1928 ejecit
1649 1874 1679 1913 e
1717 1872 1834 1910 ma-

1933 668 2072 735 Quid
2101 676 2281 722 autem
2307 666 2444 722 dicis
2468 665 2597 735 quia
2621 664 3041 735 unumquodque
3075 666 3302 732 animal,
3336 668 3528 724 statim

1932 771 1990 815 ut
2023 770 2208 817 natum
2232 758 2416 826 fuerit,
2451 766 2714 828 quantum
2748 768 2835 813 est
2861 768 3071 814 tantum
3108 769 3210 823 est,
3239 762 3520 832 magnitu-

1934 852 2061 907 dine
2086 852 2233 915 dico,
2266 852 2361 907 sed
2389 850 2537 921 quod
2566 850 2705 906 nihil
2739 852 2975 921 amplius
3007 852 3242 908 assumit
3272 854 3341 907 ad
3369 868 3526 910 men-

1933 953 2064 998 tem.
2094 942 2269 998 Habet
2288 942 2435 997 enim
2463 942 2857 998 sensibilitates
2889 958 3038 1009 snas,
3070 944 3235 1000 habet
3269 945 3523 1016 capillos;

1933 1046 1989 1091 et
2019 1036 2146 1104 quia
2186 1034 2321 1090 nihil
2352 1036 2495 1101 apud
2541 1049 2638 1090 eos
2689 1036 2990 1106 pretiosum
3026 1044 3133 1101 est,
3190 1037 3314 1092 ideo
3348 1046 3521 1093 totum

1933 1129 2119 1183 statim
2145 1128 2198 1181 in
2223 1127 2303 1183 eis
2324 1126 2554 1182 effusum
2585 1136 2714 1183 cst':
2746 1128 2891 1183 sicut
2945 1137 3001 1182 et
3049 1128 3406 1183 infructuosis
3429 1143 3526 1182 ar-

1933 1221 2158 1277 boribus
2191 1220 2375 1276 statim
2396 1221 2751 1278 concurritet
2777 1218 3075 1277 effunditur
3104 1221 3437 1293 magnitudo.
3466 1218 3527 1277 In

1934 1312 2234 1368 fructiferis
2259 1321 2443 1367 autem
2494 1312 2696 1369 sensim
2749 1312 2970 1383 prolicit
3023 1322 3397 1384 augmentum.
3442 1312 3525 1371 Ita

1933 1413 1991 1459 et
2029 1402 2466 1469 rationabilibus
2494 1416 2602 1459 non
2631 1405 2817 1457 statim
2845 1402 3086 1462 efficitur
3114 1414 3171 1459 ut
3225 1387 3521 1475 crescant,

1934 1508 2042 1550 non
2070 1495 2253 1549 statim
2277 1503 2483 1560 Status,
2528 1509 2635 1549 non
2673 1494 2860 1550 statim
2910 1509 3059 1555 esca.
3092 1495 3373 1566 Siquidem
3420 1510 3533 1555 nec

1934 1586 2246 1658 margarita
2269 1587 2321 1642 in
2355 1588 2496 1645 facie
2523 1589 2873 1659 reperiuntur
2897 1596 3097 1643 terra:
3130 1588 3226 1643 sed
3256 1596 3378 1657 post
3400 1598 3528 1643 tan-

1937 1689 2020 1734 tas
2044 1678 2400 1737 difficultates
2422 1680 2567 1749 quod
2609 1680 2915 1749 pretiosum
2959 1689 3044 1734 est
3088 1680 3387 1735 invenitur.
3415 1675 3531 1736 Ta-
3598 1668 3601 1671 λ

1936 1788 2059 1827 men
2091 1773 2233 1842 quod
2262 1781 2524 1843 properat
2552 1786 2737 1827 sermo
2762 1772 2828 1827 ad
2882 1771 3235 1844 semetipsum
3285 1771 3524 1830 dicimus

1937 1863 2061 1931 quia
2095 1878 2273 1932 neque
2297 1863 2786 1919 irrationabilibus.
2812 1860 2870 1919 Si
2909 1866 3055 1919 enim
3094 1875 3343 1930 nossent,
3380 1864 3525 1922 forte

236 1960 405 2024 trice,
435 1967 487 2013 et
508 1958 649 2028 quod
676 1972 779 2011 non
808 1956 1020 2009 viderat
1046 1963 1109 2007 ut
1141 1953 1322 2007 sciens
1352 1960 1527 2005 mater
1558 1948 1829 2020 agnoscit,
1864 1944 1908 1998 Β
1936 1955 2155 2024 quidam
2188 1969 2354 2009 ausus
2378 1954 2593 2020 fuisset,
2627 1965 2682 2009 ει
2703 1956 2912 2011 dicere;
2943 1955 3187 2025 ipsorum
3220 1970 3342 2013 esse
3362 1972 3519 2027 opus,

234 2062 302 2106 et
324 2052 607 2122 progenies
632 2050 697 2103 ad
731 2059 956 2102 matrem
975 2048 1315 2101 convertitur
1336 2058 1499 2113 quam
1529 2041 1826 2097 nesciebat.

234 2142 313 2197 Et
355 2158 475 2197 cum
500 2142 682 2197 adsint
713 2140 824 2213 ('55)
860 2140 1027 2209 ipsius
1061 2138 1277 2207 generis
1307 2138 1419 2203 alii,
1454 2151 1565 2191 non
1592 2142 1713 2190 erat
1752 2134 1829 2186 ir-

236 2235 586 2291 rationabilis
608 2236 673 2287 ad
700 2234 991 2299 modicum,
1014 2242 1067 2287 et
1092 2232 1275 2288 statim
1304 2230 1552 2303 agnoscit
1575 2237 1827 2282 matrem.

237 2327 509 2398 Agnoscit
537 2336 714 2380 autem
752 2336 805 2379 et
840 2325 921 2381 sui
956 2325 1172 2395 generis
1207 2343 1220 2378 :
1258 2338 1366 2379 non
1402 2323 1619 2393 ignorat
1663 2319 1829 2373 etiam

236 2425 304 2473 et
329 2432 449 2487 quac
479 2417 579 2471 sibi
613 2416 837 2470 adversa
872 2426 1019 2469 sunt.
1076 2414 1426 2484 Accipiamus
1471 2411 1619 2466 enim
1654 2408 1831 2476 gratia

238 2507 671 2578 comparationis
698 2521 862 2559 unum
888 2519 956 2558 et
989 2504 1095 2571 his,
1126 2514 1180 2558 et
1209 2504 1515 2559 videamus.
1551 2498 1710 2555 Cervi
1736 2512 1833 2553 ca-

242 2602 471 2672 preolus
505 2601 685 2655 statim
718 2609 775 2654 ut
808 2608 964 2653 natus
995 2598 1161 2653 fuerit
1187 2597 1361 2651 currit
1388 2594 1453 2650 ad
1490 2602 1744 2656 matrem,
1776 2599 1834 2645 et

246 2694 445 2762 quaerit
471 2707 575 2747 non
627 2692 765 2746 unde
788 2690 1137 2761 processerit,
1194 2688 1291 2743 sed
1349 2686 1493 2743 unde
1547 2693 1828 2755 pascatur.

244 2782 345 2836 llla
368 2791 551 2841 autem
593 2797 711 2849 qua:
742 2792 899 2836 antea
926 2795 1034 2834 non
1072 2774 1632 2841 dederatmamillam,
1663 2787 1830 2843 agno-

251 2875 361 2932 scit
387 2876 503 2943 ejus
526 2876 616 2944 qui
657 2885 818 2929 natus
850 2884 930 2929 est
958 2873 1336 2936 alacritatem,
1385 2879 1441 2924 et
1496 2875 1650 2939 aptat
1700 2873 1836 2920 nato

251 2978 561 3022 mensuram
584 2964 780 3019 volenti
806 2965 1122 3036 contingere
1146 2972 1204 3017 ut
1232 2962 1528 3031 pertingat,
1557 2959 1715 3013 matri
1736 2973 1834 3012 au-

253 3067 361 3112 tem
392 3072 512 3128 qua:
541 3057 742 3127 praebet
773 3066 830 3109 ut
858 3056 1119 3125 suscipiat
1148 3065 1203 3109 et
1238 3062 1445 3124 pascat.
1497 3052 1609 3108 Cur
1651 3061 1833 3106 autem

252 3162 361 3203 non
391 3147 521 3201 abiit
556 3147 621 3201 ad
661 3148 821 3200 aliam
853 3146 1121 3201 similem?
1146 3144 1258 3200 Cur
1293 3145 1464 3215 ipsius
1489 3156 1700 3198 natura:
1725 3143 1833 3196 alia

252 3253 362 3292 non
400 3237 669 3307 suscepit?
698 3237 807 3292 Cur
838 3254 944 3293 non
975 3240 1043 3293 ad
1068 3254 1131 3294 os
1166 3238 1339 3308 patris
1398 3236 1643 3307 perrexit
1670 3236 1694 3289 ?
1732 3250 1833 3289 cur

1938 2048 2071 2115 Quia
2094 2056 2273 2101 autem
2308 2047 2563 2117 ignorant
2592 2048 2833 2117 quidem,
2864 2046 3107 2103 efficitur
3138 2063 3305 2115 vero;
3337 2059 3521 2103 tamen

1938 2140 2062 2208 quia
2095 2138 2231 2192 fiunt
2255 2153 2508 2206 corpora,
2536 2145 2593 2193 et
2638 2137 2941 2209 ﬁgurantur
2993 2139 3051 2193 in
3085 2140 3432 2204 matricibus,
3467 2152 3524 2195 et

1938 2240 2192 2286 crescunt
2216 2241 2339 2302 post
2367 2232 2658 2297 matrices;
2712 2241 3025 2303 quaerentes
3057 2234 3367 2291 invenimus
3394 2236 3525 2306 quia

1939 2322 2228 2394 praesentia
2258 2322 2562 2394 corporalis
2587 2322 2784 2378 animae
2828 2338 2893 2379 ex
2946 2325 3266 2380 matricibus
3299 2335 3521 2394 exeunt,

1938 2426 1993 2469 et
2022 2421 2140 2482 post
2170 2428 2451 2483 egressum
2483 2424 2799 2485 pascuntur,
2839 2425 2895 2471 et
2931 2427 3187 2472 crescunt
3210 2426 3265 2473 et
3294 2432 3522 2473 movens

1942 2516 2049 2559 tur.
2078 2505 2135 2560 Si
2164 2515 2345 2561 autem
2374 2507 2499 2577 quis
2524 2506 2754 2572 dubitet,
2786 2508 3100 2564 consideret
3134 2522 3333 2578 corpus
3378 2510 3531 2567 unde

1940 2597 2171 2653 recessit
2206 2597 2410 2664 anima,
2438 2607 2494 2652 et
2516 2598 2655 2654 sciet
2692 2597 2844 2667 cujus
2888 2602 3173 2670 prasentia
3199 2610 3331 2656 sunt
3352 2616 3527 2671 opera

1940 2690 2060 2744 ista.
2087 2689 2228 2761 Ergo
2257 2699 2310 2745 et
2344 2691 2666 2761 corporibus
2700 2702 2762 2747 ut
2794 2692 2904 2747 sint
2930 2702 2985 2749 et
3018 2704 3295 2759 crescant,
3326 2703 3381 2750 et
3409 2710 3530 2749 ma-

1939 2792 2107 2837 neant
2135 2792 2313 2839 etnon
2340 2783 2732 2850 dissolvantur,
2757 2787 3040 2856 praesentia
3068 2787 3264 2844 anima:
3295 2788 3529 2857 praebet,

1940 2876 2257 2945 impertiens
2287 2891 2410 2946 quae
2438 2891 2546 2931 non
2574 2876 2742 2932 habet
2794 2893 3015 2949 corpus.
3045 2875 3181 2935 Cum
3234 2880 3379 2934 enim
3413 2892 3526 2935 non

1939 2976 2194 3037 pascatur
2221 2970 2434 3038 pascit;
2473 2983 2595 3023 cum
2628 2984 2736 3023 non
2778 2981 3012 3037 crescat,
3064 2970 3283 3039 corpori
3320 2969 3527 3042 praebet

1940 3066 1999 3111 ut
2023 3067 2274 3113 crescat:
2312 3072 2435 3112 cum
2457 3060 2694 3117 colorem
2728 3075 2839 3114 non
2895 3061 3114 3126 habeat,
3142 3061 3350 3131 praebet
3374 3062 3528 3118 colo-

1940 3163 2096 3203 rem:
2126 3163 2247 3204 cum
2282 3164 2389 3205 non
2422 3160 2664 3206 transeat
2693 3166 2724 3206 a
2766 3150 2887 3206 loco
2922 3152 2988 3205 ad
3044 3151 3246 3218 locum,
3281 3167 3347 3207 ex
3400 3152 3528 3209 loco

1942 3240 2009 3293 ad
2045 3239 2222 3295 locum
2258 3248 2609 3297 transmutat.
2641 3241 2709 3296 Et
2739 3241 2845 3297 hoc
2890 3242 3067 3312 ipsum
3112 3245 3255 3313 quod
3308 3244 3529 3300 videtur

256 3343 362 3383 non
391 3328 613 3384 offendit
667 3331 733 3386 ad
783 3330 950 3393 latus,
998 3331 1091 3385 sed
1132 3328 1424 3382 mamillam
1457 3326 1693 3397 quaerit?
1728 3340 1835 3394 quo
1862 3312 1906 3369 (ἶ
1938 3347 2058 3387 esse
2081 3349 2301 3403 corpus,
2325 3348 2423 3404 per
2463 3336 2702 3389 animam
2737 3344 2821 3389 est
2862 3334 3007 3405 quod
3057 3312 3159 3391 est.
3213 3336 3533 3392 Recedenta

253 3420 555 3477 edocente?
576 3436 682 3492 quo
714 3422 1081 3493 suggerente?
1115 3420 1264 3476 Unde
1296 3429 1476 3475 autem
1510 3428 1566 3475 et
1590 3418 1836 3489 agnoscit

254 3511 386 3582 quid
423 3512 621 3567 haheat
656 3514 939 3568 mamilla?
998 3513 1139 3568 unde
1185 3514 1343 3567 novit
1402 3512 1534 3581 quid
1571 3518 1831 3580 operetur

255 3606 381 3663 fons
406 3606 761 3662 mamillarum
786 3606 813 3660 ?
837 3606 961 3676 quis
998 3607 1047 3661 ei
1076 3605 1233 3671 dixit,
1258 3605 1387 3674 quia
1412 3604 1596 3658 fontes
1623 3600 1837 3657 mamil-

258 3700 324 3754 ιω
354 3699 515 3754 sunt?
541 3698 676 3753 Nam
732 3710 787 3753 et
833 3714 955 3753 cum
1005 3698 1272 3753 ceciderit
1322 3697 1375 3750 in
1420 3704 1587 3759 terra,
1646 3694 1835 3748 statim

262 3801 393 3856 stat,
418 3803 473 3846 et
502 3806 674 3863 neque
702 3805 904 3846 cornua
930 3789 1274 3861 pertimescit
1301 3802 1591 3843 cervorum
1627 3785 1758 3839 talia
1784 3796 1839 3839 et

257 3885 336 3938 ita
365 3884 646 3948 terribilia,
675 3895 851 3952 neque
876 3881 1163 3951 perturbat
1212 3894 1334 3935 eum
1364 3877 1676 3933 immutatio
1710 3891 1835 3947 gre-

258 3977 361 4049 gis.
392 3975 447 4031 Si
473 3987 651 4031 autem
684 3974 996 4045 apparuerit
1016 3972 1230 4029 catulus
1257 3972 1438 4037 canis,
1465 3971 1652 4025 statim
1686 3970 1755 4023 ab
1771 3982 1842 4024 eo

259 4070 352 4139 qui
388 4080 544 4123 natus
569 4077 653 4122 est
677 4068 1008 4138 agnoscitur,
1036 4065 1162 4135 quia
1196 4064 1551 4135 impugnator
1583 4072 1667 4117 est
1692 4061 1832 4130 ejus.

256 4162 327 4217 Et
356 4162 400 4217 si
427 4161 691 4217 simulans
735 4161 901 4214 homo
949 4158 1191 4213 imitatus
1224 4157 1390 4211 fuerit
1440 4170 1633 4211 vocem
1663 4158 1833 4221 canis,

256 4256 444 4310 statim
475 4263 529 4308 et
562 4266 849 4324 antequam
889 4255 1110 4319 videat,
1169 4252 1533 4308 imitationem
1566 4250 1794 4304 audiens
1822 4287 1839 4313 ,

256 4362 445 4400 vocem
471 4345 625 4416 fugit.
662 4346 792 4413 Quis
817 4359 945 4414 ergo
990 4346 1044 4399 in
1082 4342 1553 4399 irrationabilibus
1581 4338 1843 4410 sapiens?

256 4448 315 4494 et
338 4449 483 4493 certe
516 4454 614 4493 nos
644 4439 735 4507 qui
787 4438 1033 4491 videmur
1080 4447 1136 4491 et
1169 4451 1360 4491 sumus
1420 4431 1784 4488 rationabiles
1822 4471 1839 4498 ,

257 4534 440 4587 statim
473 4534 585 4587 nati
615 4532 747 4587 nihil
777 4533 970 4587 horum
998 4532 1285 4590 habemus.
1316 4528 1461 4597 quod
1484 4534 1568 4581 est
1592 4524 1839 4580 admira-

260 4628 409 4679 tione
438 4625 655 4695 dignunt
686 4642 703 4678 :
735 4639 832 4679 cur
856 4624 1032 4677 infans
1060 4632 1286 4675 matrem
1320 4620 1538 4690 ignorat
1568 4657 1584 4682 ,
1638 4627 1691 4671 et
1736 4632 1837 4687 pa-
1870 4650 1915 4706 Β

259 4727 398 4770 trem
431 4730 535 4769 non
570 4714 851 4785 agnoscit?
882 4711 1068 4782 Neque
1099 4727 1127 4765 a
1160 4726 1220 4766 se
1258 4711 1437 4780 pergit
1482 4709 1595 4781 (56)
1632 4708 1697 4763 ad
1724 4724 1840 4763 ma-

257 4806 485 4871 millam,
512 4822 684 4876 neque
713 4807 916 4875 aliquid
946 4802 1255 4859 istiusmodi
1285 4801 1445 4856 facit.
1492 4801 1631 4868 Quia
1686 4799 1833 4854 enim

255 4909 342 4955 est
370 4914 563 4954 sensus
594 4901 646 4953 in
676 4902 872 4963 matre,
905 4907 961 4952 et
995 4896 1161 4950 tutela
1198 4896 1249 4949 in
1293 4904 1449 4963 patre
1472 4933 1487 4959 ,
1528 4902 1583 4947 et
1634 4905 1723 4945 ars
1780 4890 1836 4944 in

255 4992 551 5047 obstetrice
579 5006 592 5043 ε
619 5001 675 5043 ut
701 4997 957 5059 appareat
978 4987 1328 5059 providentia:
1358 4983 1716 5054 dispensatio,
1745 4981 1839 5035 ubi

255 5083 364 5136 ista
391 5080 605 5143 desunt,
633 5089 826 5133 natura
852 5079 1088 5147 complet
1120 5094 1137 5133 :
1167 5078 1258 5132 ubi
1288 5087 1474 5130 autem
1508 5076 1611 5129 ista
1656 5074 1834 5127 abun-

257 5179 412 5239 dant,
445 5182 635 5226 natura
665 5171 827 5225 cedit.
856 5169 971 5225 Non
1004 5172 1148 5225 enim
1175 5171 1359 5225 statim
1398 5170 1571 5239 surgit
1601 5167 1785 5222 infans
1822 5185 1835 5220 :

260 5268 424 5321 habet
468 5266 610 5321 enim
645 5280 837 5319 manus
867 5278 989 5333 qua
1032 5270 1297 5334 portant:
1360 5262 1704 5317 necessarios
1744 5274 1838 5314 ca.

258 5358 418 5429 pillos
447 5373 552 5412 non
578 5356 765 5410 habuit
790 5372 803 5406 :
834 5355 929 5424 pili
954 5356 1098 5410 enim
1133 5355 1313 5411 ovium
1343 5353 1655 5409 necessaria
1683 5366 1835 5407 com-

258 5449 427 5519 plent.
467 5447 703 5515 Quaerito
752 5457 932 5502 autem
963 5455 1018 5501 et
1052 5446 1224 5515 ipsam
1279 5447 1610 5517 positionem
1669 5444 1840 5498 fontis

260 5556 508 5597 escarum
538 5539 713 5610 qualis
748 5538 890 5607 apud
921 5552 1042 5603 nos,
1082 5547 1137 5593 et
1174 5538 1354 5608 qualis
1382 5538 1522 5608 apud
1549 5536 1843 5590 irrationa-

258 5633 398 5690 biles
424 5634 705 5687 habeatur.
733 5630 869 5697 Quia
900 5634 1045 5685 enim
1068 5639 1285 5686 erectus
1314 5642 1502 5686 noster
1530 5640 1617 5684 est
1640 5638 1840 5693 status,

260 5725 389 5798 quia
410 5726 463 5781 in
495 5725 639 5779 inani
685 5739 745 5779 os
795 5735 1105 5792 portamus,
1140 5724 1392 5793 superius
1451 5723 1732 5780 constituit
1784 5730 1841 5777 et

333 5907 447 5982 (85)
480 5906 673 5981 Ipsius.
702 5907 897 5979 Αὑτοῦ,
927 5909 1188 5979 eiusdem.

1940 3433 2119 3478 autem
2152 3425 2353 3492 anima,
2390 3428 2575 3480 statim
2601 3425 2949 3480 convincitur
2969 3440 3188 3495 corpus,
3217 3429 3399 3483 statim
3418 3429 3527 3485 dis-

1940 3515 2191 3583 solvitur,
2215 3517 2398 3573 statim
2437 3518 2643 3584 defluit,
2670 3517 2963 3589 spargitur,
2986 3520 3344 3589 ohputrescit,
3373 3536 3530 3577 emo-

1943 3609 2099 3671 ritur,
2140 3607 2491 3680 infrigdatur,
2522 3610 2775 3665 immutat
2808 3610 3068 3665 colorem.
3110 3611 3229 3667 Non
3255 3614 3373 3682 ejus
3394 3629 3528 3670 ocu-

1943 3700 2027 3757 lus
2059 3703 2227 3767 videt,
2257 3710 2445 3757 etnon
2486 3713 2740 3757 movetur
2771 3718 2987 3769 manus,
3039 3720 3145 3758 non
3203 3721 3320 3775 pes,
3372 3707 3528 3763 auris

1941 3806 2048 3846 non
2076 3791 2245 3854 audit,
2272 3791 2452 3862 lingua
2482 3806 2589 3846 non
2616 3802 2797 3861 gustat
2829 3810 2845 3848 :
2875 3804 2931 3848 et
2955 3793 3002 3847 si
3027 3792 3321 3850 immiseris
3342 3810 3531 3851 escam

1940 3884 2050 3938 vim
2082 3882 2314 3951 faciens,
2349 3899 2457 3938 non
2514 3883 2761 3939 efficiunt
2808 3897 3157 3955 operamenta
3214 3903 3333 3958 quae
3382 3887 3534 3943 intus

1942 3989 2068 4033 sunt
2100 3995 2115 4035 :
2146 3980 2435 4033 recedente
2457 3980 2601 4032 enim
2630 3978 2844 4033 artifice
2870 3988 3037 4033 stant.
3058 3977 3126 4032 Et
3152 3978 3331 4048 capilli
3361 3980 3533 4035 etiam

1943 4083 2050 4123 non
2082 4069 2454 4134 adducuntur,
2487 4078 2542 4123 et
2585 4070 2918 4137 moriuntur,
2951 4078 3007 4125 et
3039 4085 3251 4141 ungues
3274 4070 3388 4139 jam
3418 4087 3530 4127 non

1943 4172 2276 4225 crescentes,
2315 4169 2369 4214 et
2397 4161 2579 4214 omnia
2628 4162 2802 4216 otiosa
2837 4171 3005 4217 sunt:
3068 4163 3211 4217 sicut
3256 4162 3397 4218 fabri
3437 4173 3535 4219 aut

1945 4254 2177 4310 alterius
2202 4253 2456 4316 artificis.
2482 4256 2528 4311 si
2566 4255 2861 4309 recesserit
2901 4255 3123 4319 artifex,
3171 4266 3530 4327 operamenta

1940 4348 2123 4418 jacent
2152 4347 2395 4417 quidem,
2430 4347 2678 4415 indigent
2722 4355 2905 4401 autem
2941 4346 3231 4403 habentem
3269 4347 3533 4403 animam.

1946 4434 2144 4490 Statim
2177 4434 2325 4488 enim
2364 4443 2447 4488 est
2496 4435 2682 4489 videre
2731 4434 2878 4489 foeda
2919 4450 3149 4505 corpora
3184 4436 3537 4493 morientium

1947 4525 2263 4579 animalium
2299 4525 2541 4596 putrida,
2574 4541 2752 4595 neque
2802 4536 2859 4581 ut
2915 4530 3305 4598 contingantur
3352 4535 3482 4598 apta
3515 4544 3534 4583 :

1947 4630 2045 4671 nec
2072 4616 2217 4670 enim
2248 4625 2302 4668 et
2335 4615 2402 4668 ad
2435 4630 2616 4669 escam
2651 4624 2779 4670 snnt
2799 4618 3164 4672 conducibilia
3201 4634 3215 4671 :
3247 4618 3319 4672 ita
3350 4618 3535 4672 anima

1950 4708 2238 4763 recedente
2270 4721 2377 4762 non
2416 4707 2528 4761 sint
2573 4708 2725 4761 utilia
2762 4709 2829 4763 ad
2880 4724 2943 4763 ea
2976 4725 3097 4779 qua
3152 4724 3265 4765 sum
3326 4718 3539 4765 natura

1947 4808 2092 4856 sunt.
2121 4799 2307 4854 Mirari
2335 4800 2480 4854 enim
2506 4810 2590 4854 est
2608 4801 2789 4867 etilla,
2808 4816 3037 4871 quorum
3066 4802 3243 4857 anima
3276 4802 3541 4873 languore

1949 4902 2041 4945 aut
2072 4889 2436 4945 dissolutione
2463 4890 2770 4947 istiusmodi
2805 4894 3033 4949 recedit.
3064 4893 3121 4947 Si
3149 4907 3330 4947 autem
3365 4902 3422 4947 et
3452 4908 3541 4948 re-

1946 4983 2143 5038 cedere
2167 4989 2385 5051 oportet
2414 4980 2521 5035 dici
2548 4984 2787 5037 animam
2819 4983 3304 5047 irrationabilium,
3338 4983 3537 5038 horum

1948 5072 2295 5128 mortificatio
2330 5073 2613 5127 immutata
2642 5082 2727 5129 est
2752 5090 2782 5129 a
2816 5082 2963 5129 statu
3000 5074 3217 5129 illorum
3246 5090 3366 5143 quae
3390 5074 3531 5129 occl-

1948 5163 2168 5216 duntnr.
2194 5162 2325 5228 Qua:
2342 5160 2674 5218 occiduntur
2699 5164 2843 5218 enim
2874 5162 2982 5217 alia
3036 5172 3164 5217 sunt
3192 5172 3249 5217 et
3302 5162 3490 5219 calore
3519 5206 3539 5231 ,

1944 5258 2047 5313 alia
2074 5272 2289 5328 sapore,
2324 5260 2427 5314 alia
2468 5268 2523 5315 et
2556 5258 2749 5323 odore,
2781 5257 2886 5312 alia
2935 5256 3386 5312 manducatione.
3439 5255 3537 5311 Ilia

1948 5362 2127 5407 autem
2152 5365 2273 5422 quae
2297 5352 2603 5409 moriuntur
2631 5360 2687 5406 et
2713 5367 2822 5407 non
2857 5350 3203 5417 occiduntur,
3246 5360 3301 5404 et
3333 5351 3387 5403 in
3419 5348 3539 5418 ipsa

1948 5454 2126 5500 morte
2150 5446 2354 5500 habent
2384 5445 2827 5501 immutationem
2877 5444 2985 5499 sui.
3040 5443 3096 5497 ln
3135 5452 3348 5498 tantum
3391 5442 3541 5498 enim

1950 5537 2361 5591 demonstratur
2395 5547 2659 5605 quantum
2719 5545 2900 5605 potest
2953 5538 3241 5607 praesentia
3292 5534 3490 5592 animat
3520 5576 3541 5602 ,

1950 5627 2077 5698 quia
2110 5637 2160 5682 et
2192 5642 2294 5681 vox
2351 5628 2533 5683 subito
2588 5629 2815 5693 recedit,
2848 5636 2905 5682 et
2951 5638 3217 5698 tanquam
3250 5627 3542 5698 vestigium

1953 5735 2073 5791 qua:
2099 5720 2156 5773 in
2189 5720 2380 5775 iisdem
2409 5730 2493 5774 est
2514 5720 2641 5773 vitae
2670 5719 2950 5791 relinquit.
2980 5719 3121 5787 Quid
3174 5729 3358 5776 autem
3387 5718 3545 5779 dicas

2024 5903 2137 5980 (36)
2169 5903 2213 5958 Α
2239 5919 2313 5961 se.
2346 5900 2613 5960 Δύτόθιν.
