4000 6414
522 428 662 486 H35

520 547 589 603 de
611 550 795 601 nostra
824 535 1044 593 anima?
1073 529 1167 589 sed
1192 546 1300 585 non
1333 536 1419 583 est
1446 522 1672 579 rationis

520 638 657 692 riam
690 632 869 687 facere
892 620 1141 698 pretiosas
1158 622 1372 676 animae.
1408 616 1465 671 Si
1493 614 1637 675 enim
1665 603 1997 667 voluerimus
2027 603 2080 658 iu

523 729 627 783 isto
648 722 796 780 brevi
829 718 1005 789 spatio
1036 718 1181 771 hora
1204 725 1425 767 movere
1456 708 1522 763 de
1568 720 1631 761 ea
1665 712 1998 760 sermonem,
2029 702 2083 749 et

522 814 836 874 transitorie
880 809 997 879 eius
1053 804 1370 860 memoriam
1416 800 1623 861 facere,
1668 790 1872 848 inimici
1913 784 2086 856 magis

524 905 828 962 videbimur
852 908 1051 956 nostra
1078 893 1274 950 anima:
1303 906 1467 961 quam
1501 884 1682 942 amici.
1710 880 1819 938 Sed
1866 879 1937 935 sit
1968 892 2081 933 ser-

523 997 669 1053 moni
716 994 932 1063 quidem
986 999 1266 1047 mensura,
1328 982 1521 1037 anima-
1551 987 1730 1030 autem
1768 968 2081 1025 rationabili

1187 408 1451 470 EUSEBH
1487 397 1965 462 CESABlENSIS
2002 394 2159 451 ΟΡΡ.
2203 389 2382 446 PARS
2420 385 2511 441 ιν.
2556 413 2618 423 —-
2656 373 3078 436 DOGMATICA.

1706 520 1778 574 ita
1807 530 1909 572 nos
1935 513 2079 583 inju-
2109 518 2157 573 Α
2183 509 2384 563 decens
2401 504 2596 558 honor.
2631 498 2692 553 Ei
2723 505 2901 550 autem
2928 489 3021 559 qui
3048 482 3251 539 creavit
3280 492 3521 547 corpora
3566 483 3626 529 et
3657 476 3778 527 ani-

3630 356 3775 414 MSS

2187 611 2326 659 mas,
2356 603 2412 649 et
2464 586 2819 646 rationabiles
2848 594 2904 637 et
2928 572 3356 635 irrationabiles,
3404 570 3477 623 ab
3510 565 3775 621 omnibus

2186 687 2367 751 simul,
2399 693 2454 738 et
2485 683 2575 752 qui
2601 695 2705 734 non
2727 679 3042 746 loquuntur,
3096 682 3193 738 per
3244 676 3439 730 unum,
3475 673 3577 728 per
3609 670 3778 726 quem

2187 791 2240 836 et
2265 778 2447 833 omnia
2474 748 2783 833 constituit,
2811 767 2881 823 sit
2923 761 3117 835 gloria,
3170 758 3370 819 honor,
3431 748 3733 819 imperium
3761 784 3783 808 ,

2192 871 2463 938 maiestas,
2496 879 2618 921 cum
2652 861 2858 931 Spiritu
2888 863 3097 917 sancto,
3122 858 3175 905 et
3200 860 3347 902 nunc
3365 852 3422 900 et
3444 852 3693 911 semper,
3724 850 3783 890 et

2191 978 2285 1033 per
2310 961 2485 1013 omnia
2519 952 2711 1010 s:ecula
2751 948 3091 1005 seculorum.
3121 940 3291 995 Anien

530 1078 3779 1171 ______________________________.______

1472 1294 2034 1424 EUSEBII
2122 1276 2808 1403 PAMPHILI

1341 1544 1489 1635 DE
1585 1521 2409 1630 INCORPORALI
2510 1509 2965 1608 ANIMA,

1803 1722 2034 1786 LIBER
2079 1711 2499 1779 SECUNDUS.

608 2049 885 2123 Reliquis,
910 2058 1028 2117 quat
1064 2041 1131 2097 de
1179 2032 1499 2105 incorporali
1527 2026 1823 2085 refectione
1852 2024 2105 2077 hesterno
2140 2026 2179 2080 Β

540 2143 697 2201 nobis
726 2119 1037 2198 resederant
1068 2131 1173 2197 die,
1201 2128 1361 2183 hodie
1408 2119 1703 2177 secundum
1757 2125 2100 2181 consequen-

543 2238 674 2289 tiam
702 2227 966 2288 sermonis
1024 2225 1119 2277 iter
1147 2219 1482 2289 perfruamur
1522 2209 1660 2284 (57).
1697 2206 1927 2263 Solitum
1959 2202 2101 2256 enim

545 2336 599 2382 et
627 2325 712 2380 liis
740 2330 844 2386 est,
872 2317 961 2389 qui
994 2326 1219 2385 corpora
1245 2315 1473 2379 pascunt
1501 2320 1623 2367 sua,
1658 2314 1777 2356 cum
1811 2310 1916 2350 non
1939 2290 2106 2347 suffe-

544 2412 717 2470 cerint
744 2410 811 2465 ad
840 2404 1159 2462 sumendum
1190 2397 1435 2471 plurimis
1459 2393 1525 2449 ad
1556 2390 1901 2447 refectionem
1936 2395 2105 2452 appo-

546 2510 709 2581 sitis:
746 2499 1183 2566 manducantque
1214 2494 1354 2548 diem
1390 2496 1650 2559 quantum
1694 2486 1919 2552 possunt
1964 2473 2103 2581 (3S),

548 2578 849 2654 recondunt
893 2565 1231 2643 autemisibi
1268 2579 1536 2652 superflua
1592 2575 1646 2629 in
1694 2573 1923 2627 alterum
1967 2565 2099 2622 refe-

547 2687 745 2744 ctionis
764 2684 927 2738 diem.
954 2679 1117 2734 Forte
1146 2687 1323 2731 autem
1352 2688 1453 2726 non
1485 2667 1673 2723 eadem
1710 2664 1892 2731 imago
1910 2672 2108 2713 conve-

550 2779 633 2834 nit
679 2775 858 2832 uobis.
900 2770 1015 2827 Non
1040 2769 1182 2825 enim
1230 2782 1295 2820 ea
1332 2777 1451 2833 qua:
1479 2757 1796 2815 resederant
1839 2748 2112 2822 proposita

551 2884 693 2926 nunc
725 2875 871 2931 sunt,
905 2863 997 2919 sed
1039 2862 1147 2917 sint
1174 2873 1236 2913 ea
1289 2857 1503 2924 quidem
1551 2864 1669 2919 qua:
1716 2850 2108 2916 praecesserunt

552 2976 659 3017 non
688 2955 945 3023 esca,sed
973 2964 1191 3024 gustus:
1216 2962 1354 3004 nunc
1369 2955 1568 3009 autem,
1593 2950 1649 2995 ut
1671 2939 1741 2993 ita
1766 2937 1960 2997 dicam,
1992 2933 2105 3001 ipsa

556 3051 803 3106 refectio.
840 3046 1016 3102 Motus
1074 3042 1218 3097 enim
1273 3038 1425 3092 nobis
1458 3044 1540 3090 est
1594 3044 1773 3086 sermo
1825 3028 1892 3082 de
1939 3032 2117 3079 monte

560 3142 713 3205 Sina,
756 3140 810 3193 in
843 3152 951 3207 quo
987 3133 1269 3190 dicebatur
1296 3130 1475 3183 fumus
1529 3124 1697 3177 luisse
1757 3128 1811 3175 et
1867 3117 2007 3186 ignis
2064 3122 2117 3167 et

558 3229 793 3302 procella
834 3206 888 3281 et
942 3228 1082 3280 tubae
1130 3235 1184 3276 et
1210 3234 1368 3274 voces
1412 3232 1440 3270 a
1496 3216 1604 3269 Deo
1632 3213 1677 3243 ⁸⁸
1715 3228 1729 3266 :
1779 3223 1897 3279 quae
1942 3206 2115 3261 omnia

561 3300 733 3391 magis
758 3316 1081 3388 qumstiones
1106 3310 1409 3366 movebant.
1436 3305 1697 3361 Videntur
1720 3303 1865 3357 enim
1896 3300 1994 3353 ista
2016 3312 2118 3351 non

2208 2015 2486 2083 agnoscat.
2530 2004 2893 2070 incongruum
2955 2006 3041 2051 est
3079 1993 3225 2055 enim
3249 2031 3267 2058 ,
3301 1999 3361 2046 ut
3392 1989 3463 2045 de
3494 1988 3626 2043 aliis
3672 1986 3793 2056 qui.

2204 2078 2322 2159 dem
2346 2096 2613 2155 curiosius
2640 2092 2898 2162 requirat,
2931 2086 3279 2155 semetipsam
3314 2090 3497 2136 autem
3522 2078 3793 2149 negligat.

2205 2195 2287 2251 cui
2314 2189 2592 2262 proprium
2628 2200 2827 2254 corpus
2860 2192 2965 2237 est.
3003 2179 3139 2246 Quia
3189 2178 3332 2233 enim
3364 2175 3542 2245 posita
3586 2183 3676 2227 est
3699 2187 3793 2227 re-

2206 2286 2283 2339 lut
2308 2283 2361 2338 in
2393 2279 2587 2335 mediis
2611 2274 2889 2347 gradibus,
2917 2271 3039 2324 aliis
3089 2266 3307 2338 quidem
3340 2262 3689 2333 pmcellens,
3725 2265 3792 2313 ab

2207 2376 2329 2431 aliis
2357 2382 2539 2428 autem
2576 2368 2857 2430 deﬁciens,
2896 2364 3037 2418 forte
3073 2372 3380 2431 agnoscens
3412 2356 3794 2425 semetipsam,

2211 2466 2474 2536 despiciet
2496 2460 2712 2532 quidem
2747 2458 2979 2517 minora,
3018 2451 3377 2523 protendetur
3414 2456 3602 2502 autem
3636 2445 3705 2498 ad
3726 2458 3791 2498 ea

2209 2575 2327 2630 qua
2358 2572 2522 2627 supra
2556 2570 2616 2612 se
2648 2560 2796 2607 sunt.
2827 2547 3175 2615 Accipiamus
3202 2543 3366 2614 igitur
3396 2540 3571 2611 ipsius
3599 2539 3796 2593 enim:

2214 2652 2559 2722 dignitatem,
2591 2654 2646 2701 et
2676 2640 2979 2699 efficientes
3000 2634 3138 2706 ejus,
3174 2651 3240 2690 ex
3265 2633 3458 2705 quibus
3492 2631 3703 2702 cogitat
3740 2638 3795 2686 et

2214 2750 2401 2817 agitat,
2428 2749 2685 2811 operatur
2735 2743 2792 2790 et
2833 2734 3002 2788 donat
3052 2728 3289 2798 corpori,
3327 2735 3381 2781 et
3406 2740 3473 2780 ex
3500 2725 3708 2795 quibus
3742 2722 3791 2775 ei

2215 2840 2536 2893 adversatur
2557 2831 2869 2891 utilissime,
2892 2836 2948 2883 et
2976 2842 3044 2883 ex
3068 2826 3264 2894 quibus
3296 2822 3363 2876 de
3418 2822 3531 2876 Deo
3588 2820 3792 2889 cogitat

2216 2942 2269 2987 et
2302 2929 2460 2999 sapit.
2512 2925 2854 2995 Accipiamus
2909 2929 3092 2974 autem
3140 2925 3196 2971 et
3250 2913 3562 2970 testimonia
3599 2926 3667 2965 ex
3708 2911 3793 2964 his

2218 3039 2337 3093 quae
2370 3024 2643 3085 videntur,
2665 3026 2722 3071 et
2751 3031 2782 3070 a
2806 3011 3129 3083 Scripturis.
3160 3006 3229 3062 Et
3262 3007 3459 3077 primo,
3493 3004 3624 3072 quia
3675 3002 3792 3071 qui-

2221 3118 2342 3171 dam
2360 3122 2548 3184 putant
2569 3109 2802 3164 animam
2827 3112 3062 3159 nostram
3086 3116 3191 3156 non
3214 3100 3386 3156 solum
3409 3112 3533 3152 cum
3565 3108 3797 3165 corpore

2223 3221 2364 3274 esse,
2394 3204 2487 3260 sed
2513 3212 2605 3257 aut
2628 3196 2986 3270 corporalem,
3013 3204 3107 3249 aut
3130 3206 3326 3264 corpus
3354 3210 3367 3245 :
3399 3189 3584 3244 multis
3607 3199 3791 3242 autem

2226 3298 2443 3367 sanguis
2477 3302 2697 3365 putatur
2732 3300 2786 3347 et
2812 3298 2995 3348 nostra
3022 3288 3203 3340 anima
3230 3300 3385 3349 esse;
3437 3283 3674 3346 dicimus
3728 3279 3795 3335 de

563 3364 733 3391 .....,.-
760 3364 1077 3388 ,ιη----πη
2330 3364 2353 3367 η
2479 3364 2489 3365 7

563 3410 876 3466 consentire
915 3401 1242 3472 incorporali
1293 3408 1517 3453 naturis.
1569 3394 1706 3463 Quia
1742 3392 1906 3463 igitur
1936 3389 2118 3443 dome-
2150 3364 2190 3423 (ἶ
2227 3391 2309 3445 his
2342 3388 2611 3459 primum;
2649 3393 2703 3437 et
2732 3382 2857 3452 quia
2898 3395 2964 3435 ex
3019 3380 3301 3447 Scriptura
3354 3375 3798 3429 circumveniunt

572 3502 711 3558 stica
743 3499 979 3554 efficitur
1038 3492 1370 3553 satisfactio,
1411 3504 1534 3543 cum
1576 3501 1604 3539 a
1637 3481 2017 3540 eommunibus
2073 3488 2126 3530 et

564 3592 764 3663 apertis
791 3590 952 3645 fuerit
979 3594 1142 3649 mota,
1177 3583 1298 3637 ideo
1326 3566 1692 3635 incommune
1726 3574 1792 3629 de
1816 3573 2127 3640 incorpora-
2156 3642 2163 3665 ι

566 3684 705 3738 libus
734 3680 996 3735 movimus
1026 3674 1397 3745 quaestionem.
1452 3668 1797 3736 Accipientes
1826 3664 1969 3718 enim
2000 3676 2125 3717 cor-

566 3789 759 3848 porum
818 3780 1039 3824 naturas
1088 3766 1473 3828 discrevimus,
1508 3770 1564 3815 et
1606 3758 1943 3815 ostendimus
2000 3755 2125 3822 quia

569 3883 673 3922 non
704 3875 762 3919 ut
791 3869 1011 3932 putatur
1039 3858 1308 3913 crassiora
1344 3853 1569 3909 fortiora
1592 3861 1738 3917 sunt,
1794 3849 1888 3905 sed
1934 3862 2127 3902 secun-

570 3960 694 4013 dum
727 3950 1143 4021 competentiam
1178 3944 1600 4014 uniuscujusque
1643 3940 1907 4009 corporis,
1964 3951 2128 4006 quan-

572 4055 682 4099 tum
711 4041 1129 4110 unumquodque
1149 4035 1397 4092 subtilius
1437 4043 1539 4098 est,
1582 4039 1789 4084 tantum
1825 4036 1879 4083 et
1914 4024 2125 4080 fortius.

571 4134 735 4190 Istinc
766 4138 1147 4203 promoventes
1173 4126 1415 4181 venimus
1459 4124 1525 4177 ad
1557 4132 1825 4185 naturam,
1863 4134 1892 4171 a
1934 4126 2125 4171 natura

572 4227 639 4282 ad
670 4221 1118 4281 irrationabilium
1180 4220 1437 4273 animam.
1485 4215 1541 4269 ln
1579 4228 1685 4281 quo
1721 4211 1840 4265 loco
1882 4223 2127 4277 compre-

578 4318 763 4373 hendit
790 4331 888 4371 nos
938 4328 1185 4382 vespera,
1237 4321 1293 4365 et
1336 4305 1721 4366 collocavimus
1773 4304 2128 4357 mansionem.

577 4409 711 4476 Quia
746 4422 874 4476 ergo
895 4403 1155 4460 successit
1179 4402 1289 4471 jam
1315 4401 1515 4464 lumen,
1559 4404 1913 4465 exsurgentes
1954 4402 2134 4448 tenea-

577 4512 697 4550 mus
723 4493 1159 4562 consequentiam
1192 4505 1373 4545 eorum
1402 4502 1521 4558 qua:
1552 4499 1764 4539 rursum
1790 4480 2135 4538 ambulantes

578 4585 946 4639 transivimus.
1005 4579 1309 4635 Secundum
1375 4576 1815 4644 consequentiam
1857 4572 2020 4644 igitur
2082 4581 2135 4626 et

579 4678 821 4731 ordinem
854 4671 1063 4727 initium
1097 4670 1168 4724 sit
1190 4668 1445 4733 sermoni,
1473 4682 1593 4737 quae
1624 4666 1783 4719 hodie
1819 4665 1885 4718 de
1936 4673 2133 4719 nostra

583 4769 775 4821 animae
800 4765 1056 4835 dignitate
1082 4763 1343 4815 dicemus.
1369 4759 1521 4813 Sicut
1553 4759 1695 4812 enim
1742 4773 1770 4809 a
1818 4754 2135 4824 corporibus

579 4862 643 4914 ad
670 4871 936 4920 naturam,
968 4870 997 4909 a
1041 4862 1231 4908 natura
1266 4863 1443 4906 autem
1473 4853 1540 4905 ad
1581 4848 2004 4904 irrationabilem
2027 4848 2135 4901 aui-

580 4950 793 5004 malium
816 4947 1059 5001 venimus
1088 4944 1345 5006 animam,
1371 4944 1439 4993 ita
1466 4951 1849 5009 promoventes
1889 4948 2139 4996 ettrans-

579 5041 905 5103 cendentes,
944 5039 1009 5092 ab
1031 5034 1478 5091 irrationabilium
1511 5033 1690 5084 anima
1723 5030 1788 5085 ad
1822 5027 2128 5085 rationabi-

580 5132 683 5184 lem
724 5130 1085 5199 pervenimus,
1111 5136 1169 5180 ut
1189 5125 1414 5179 exerciti
1444 5126 1494 5175 in
1522 5122 1834 5191 corporibus
1872 5120 2131 5187 primum,

582 5225 653 5276 ita
686 5222 965 5277 veniamus
990 5221 1055 5275 ad
1078 5219 1467 5286 incorporalem
1502 5216 1752 5268 animam:
1780 5223 1835 5268 et
1867 5214 1934 5267 ab
1958 5211 2137 5264 anima

583 5316 647 5368 ad
680 5313 1052 5381 incorporalia.
1083 5310 1147 5363 Et
1175 5312 1245 5362 ita
1277 5324 1381 5362 non
1408 5309 1585 5363 subito
1622 5308 1686 5360 ad
1718 5309 2009 5374 puritatem
2043 5302 2137 5356 Dei

586 5404 923 5464 accedentes,
958 5414 1022 5453 ex
1052 5398 1345 5467 lulgoribus
1370 5398 1462 5465 qui
1498 5398 1617 5450 inde
1657 5407 1784 5450 sunt
1815 5394 2139 5449 obtenebre-

587 5508 723 5543 mur.
755 5492 912 5543 Decet
935 5490 1075 5543 enim
1104 5489 1301 5551 taliter,
1334 5497 1391 5541 ut
1412 5488 1588 5540 anima
1613 5488 1761 5554 prius
1790 5487 2133 5555 semetipsam

658 5610 702 5641 “
725 5610 893 5663 Exod.
926 5625 1037 5672 XIX,
1062 5608 1146 5663 16.
1252 5609 1293 5637 ⁸⁷
1331 5607 1465 5661 Gen.
1498 5622 1533 5670 ι,
1558 5607 1647 5659 24.
1724 5606 1765 5635 ⁵⁵⁸
1792 5605 1925 5659 Ibid.
1964 5606 2050 5659 ΞΟ.

633 5723 771 5803 ’(57)
811 5724 921 5800 iter
942 5724 1290 5801 perfruamur.
1312 5720 1469 5772 Forte
1500 5723 1592 5773 iter
1617 5736 1715 5775 vox
1747 5719 1847 5772 fuit
1887 5735 2134 5789 compen-

592 5796 681 5849 dio
718 5796 915 5861 scripta
950 5796 1003 5845 in
1032 5807 1129 5843 ms.
1157 5806 1250 5859 pro
1283 5804 1482 5843 iterum.

2227 3482 2459 3535 animam
2492 3485 2747 3545 tanquam
2777 3471 3000 3542 sanguis
3036 3470 3325 3531 habeatur,
3354 3481 3419 3520 ex
3466 3465 3584 3534 ipsa
3647 3462 3799 3517 Scri-

2229 3586 2383 3644 ptura
2416 3571 2534 3640 ejus
2586 3579 2900 3637 separemus
2959 3562 3298 3632 dignitatem.
3335 3556 3799 3613 lrrationabilinm

2228 3666 2371 3719 enim
2394 3660 2713 3717 animalium
2749 3655 2944 3710 animae
2966 3667 3074 3707 uno
3101 3658 3368 3720 praecepto
3402 3664 3525 3701 cum
3554 3648 3805 3715 corpori-

2228 3758 2329 3812 bus
2355 3756 2594 3824 ﬁguratae
2619 3758 2764 3803 sunt.
2786 3746 2960 3809 Dixit,
2980 3744 3177 3814 inquit,
3201 3741 3638 3811 Deus,producat
3662 3751 3805 3793 terra

2229 3844 2485 3898 animalia
2538 3838 2881 3910 quadripedia
2941 3834 3012 3899 ⁸⁷,
3048 3842 3101 3887 et
3132 3849 3252 3901 qua:
3306 3840 3631 3900 sequuntur.
3687 3829 3809 3887 Uno

2230 3950 2482 3991 sermone
2517 3947 2713 4002 genera
2748 3927 3065 3983 animalium
3098 3928 3347 3980 universa
3388 3934 3442 3980 et
3483 3938 3717 3992 corpora
3756 3933 3810 3978 et

2231 4026 2439 4081 animas
2470 4023 2619 4089 fecit,
2644 4030 2699 4077 et
2728 4037 2833 4076 non
2866 4022 3147 4076 discrevit.
3184 4018 3249 4071 Et
3274 4019 3492 4081 iterum,
3531 4014 3807 4070 Producu
3856 4029 3874 4046 ·

2232 4133 2389 4187 aqua.
2454 4114 2627 4168 Etiam
2678 4114 2722 4168 si
2792 4114 2896 4168 hoc
2945 4112 3187 4182 primum
3258 4111 3492 4181 positum
3552 4119 3639 4164 est
3690 4109 3807 4164 ait:

2234 4208 2502 4261 Producat
2538 4222 2675 4275 aqua
2706 4206 2941 4258 natantia
2983 4221 3098 4273 qua:
3124 4205 3178 4257 in
3210 4203 3362 4272 aquis
3391 4211 3538 4264 sunt,
3569 4214 3618 4255 et
3656 4202 3812 4256 eola-

2235 4300 2351 4354 tilia
2375 4300 2491 4354 caeli
2528 4315 2643 4368 qua:
2668 4299 2721 4350 in
2754 4313 2874 4351 aere
2927 4298 2993 4352 “'.
3027 4296 3388 4366 Propinquior
3422 4295 3568 4349 enim
3616 4309 3812 4363 genere

2234 4406 2374 4460 aqua
2407 4390 2520 4445 aeri
2542 4399 2645 4445 est.
2676 4388 2935 4455 Repletur
2971 4388 3113 4443 enitn
3148 4402 3241 4441 aer
3265 4386 3421 4455 aquis
3458 4400 3554 4455 per
3611 4386 3808 4439 nubes.

2233 4484 2420 4539 Colata
2458 4492 2636 4537 autem
2667 4495 2806 4551 aqua
2843 4479 3234 4534 transmittitur
3264 4480 3331 4532 ad
3356 4493 3539 4533 aerem
3559 4487 3617 4530 et
3646 4478 3813 4533 nubes

2235 4576 2523 4640 adunat,et
2535 4572 2679 4629 velut
2696 4573 3001 4627 immutatio
3012 4571 3257 4639 quaedam
3276 4580 3358 4625 est
3372 4585 3528 4639 aqua
3544 4569 3609 4623 ad
3630 4585 3809 4625 aerem

2237 4678 2291 4723 et
2323 4670 2515 4722 iterum
2546 4666 2832 4722 restitutio.
2859 4665 3006 4720 Unde
3036 4675 3088 4718 et
3111 4680 3228 4733 quae
3254 4666 3392 4719 facta
3428 4672 3650 4718 suntex
3678 4678 3812 4733 aqua

2240 4758 2403 4812 veluti
2434 4774 2498 4812 ex
2545 4757 2803 4811 crassiori
2827 4766 3035 4819 natura,
3084 4757 3326 4826 quadam
3355 4754 3573 4824 quidem
3606 4768 3813 4808 reman-

2239 4858 2427 4904 serunt
2458 4851 2509 4902 in
2539 4848 2692 4918 aquis
2721 4887 2737 4913 ,
2795 4847 2896 4901 alia
2949 4847 3097 4901 velut
3134 4848 3199 4901 ad
3249 4860 3607 4917 congenercm
3639 4860 3816 4901 aerem

2242 4940 2555 4995 transmissa
2609 4950 2754 4994 sunt.
2792 4938 2901 4993 Sed
2947 4953 3053 4992 non
3085 4939 3151 4993 de
3197 4938 3282 4993 his
3328 4952 3469 4991 nunc
3506 4952 3690 4991 sermo
3736 4947 3816 4992 est

2240 5032 2417 5086 nobis.
2453 5033 2560 5087 Sed
2590 5033 2714 5101 quia
2746 5031 2975 5085 aliorum
3008 5032 3225 5101 quidem
3256 5030 3571 5083 animalium
3625 5032 3812 5085 animi:

2278 5124 2507 5177 niversae
2534 5139 2639 5177 uno
2669 5134 2937 5193 praecepto
2974 5138 3095 5176 cum
3125 5122 3444 5193 corporibus
3471 5119 3629 5173 facta
3658 5129 3809 5174 sunt:

2246 5215 2408 5269 homo
2458 5225 2636 5270 autem
2673 5232 2844 5285 neque
2889 5231 3009 5271 cum
3051 5216 3172 5270 aliis
3226 5215 3554 5269 animalibus
3584 5255 3597 5279 ,
3634 5230 3805 5285 neque

2247 5316 2371 5359 ante
2405 5307 2509 5361 alia
2562 5308 2734 5362 factus
2780 5309 2990 5363 videtur
3022 5327 3033 5361 :
3067 5318 3121 5361 et
3153 5324 3275 5362 cum
3317 5307 3437 5360 aliis
3466 5306 3686 5375 quidem
3717 5321 3811 5359 non

2246 5407 2329 5451 est
2383 5396 2556 5453 factus
2598 5410 2815 5468 propter
2870 5402 3303 5471 pretiositatem;
3340 5409 3464 5452 ante
3506 5399 3609 5449 alia
3642 5409 3809 5451 autem

2249 5504 2355 5544 non
2413 5500 2495 5545 est
2547 5501 2763 5547 creatus
2798 5502 3019 5562 propter
3066 5492 3286 5546 tutelam
3351 5490 3462 5543 Dei.
3502 5489 3635 5554 Quia
3678 5491 3809 5543 enim

2318 5720 2429 5789 (38)
2462 5719 2559 5774 ais.
2599 5720 2917 5775 manducaui
2954 5718 3159 5789 quidem
3190 5729 3437 5787 quantum
3466 5727 3707 5781 pusum.
