4000 6468
256 484 282 538 1
292 484 376 539 \‘5‘1

1513 486 1603 543 DE
1644 488 1849 546 ιΜΟΒ
1859 488 2111 545 PORALI
2150 492 2387 550 ΑΝΙΗΛ.

3431 506 3567 564 1138

274 594 604 665 incipiebant
648 594 710 649 ei
746 596 942 667 subjici
970 599 1153 654 omnia
1194 615 1316 671 qua:
1341 602 1485 658 facta
1518 618 1546 659 a
1572 606 1682 662 Deo
1711 617 1873 673 sunt;
1905 614 1951 667 Α
1978 623 2049 678 go
2081 619 2264 665 autem
2293 610 2524 667 necdum
2556 608 2750 666 vivens
2777 652 2794 678 ,
2848 619 2905 667 et
2946 612 3162 680 iacebat
3192 615 3333 685 quod
3364 615 3564 675 factum

273 695 335 739 ut
368 700 472 740 non
503 680 681 752 ipsius
711 698 1041 756 putarentur
1071 707 1233 761 opera
1266 709 1389 765 qua:
1420 695 1568 753 facta
1594 701 1867 767 videnlur,

273 778 607 832 novissimus
660 780 929 851 ﬁguratur
979 784 1187 851 homo,
1252 795 1307 842 et
1356 803 1462 843 non
1516 791 1747 860 primus.
1809 792 1866 848 Si

272 868 422 922 enim
453 878 510 923 et
537 870 611 923 ita
637 872 935 928 novissimo
970 875 1114 931 facto
1158 876 1398 941 homine,
1429 882 1550 935 ausi
1591 894 1719 937 sunt
1746 885 1868 955 qui-

271 954 402 1012 dam
454 974 551 1027 per
583 960 795 1019 fabulas
844 966 1226 1035 introducere;
1270 972 1398 1039 quid
1433 988 1539 1027 non
1576 975 1691 1030 ausi
1729 954 1864 1030 fuis-

264 1058 400 1104 sent
428 1050 473 1105 si
514 1039 626 1107 non
660 1053 759 1108 ista
797 1060 1167 1127 praecessisset
1206 1061 1370 1115 tutela
1404 1064 1428 1116 ‘.'
1480 1065 1653 1120 Aliter
1681 1076 1862 1121 autem

261 1148 332 1192 et
362 1138 595 1195 decebat
640 1154 931 1213 antequam
976 1157 1265 1205 crearetur
1307 1167 1401 1207 rex
1434 1168 1597 1224 super
1632 1166 1861 1220 terram,

260 1230 575 1298 preparari
613 1235 922 1288 necessaria
949 1236 1185 1304 primum
1211 1280 1229 1305 ,
1268 1250 1326 1295 ut
1362 1243 1433 1317 ita
1463 1244 1742 1300 adveniret
1769 1251 1861 1317 qui

254 1332 335 1374 ea
369 1320 575 1389 perfrui
623 1323 864 1379 deberet.
909 1326 1176 1385 Servatur
1211 1342 1407 1387 autem.
1447 1343 1504 1389 et
1558 1336 1611 1390 in
1646 1337 1863 1392 irratio-

256 1411 553 1468 nabilihus
608 1416 764 1481 ordo,
803 1419 1101 1475 secundum
1152 1421 1517 1495 Scripturam.
1551 1426 1668 1484 Non
1714 1433 1859 1487 enim

254 1503 428 1572 prius
452 1505 596 1561 facta
623 1519 756 1562 sunt
784 1512 1038 1568 animalia
1058 1556 1075 1580 ,
1116 1530 1278 1586 quam
1312 1516 1505 1574 fierent
1531 1537 1592 1576 ea
1628 1538 1748 1593 quae
1770 1541 1859 1595 pa-

252 1604 490 1651 scerent
538 1597 815 1654 animalia.
864 1600 999 1668 Quia
1052 1605 1198 1659 enim
1241 1605 1441 1663 factum
1471 1612 1690 1679 quidem
1745 1615 1858 1685 jam

245 1679 447 1739 fuerat
475 1686 692 1752 calum,
720 1687 938 1746 fundata
968 1702 1145 1749 autem
1166 1694 1279 1765 jam
1310 1709 1429 1753 erat
1461 1709 1626 1771 terra,
1660 1714 1715 1760 et
1745 1679 1859 1759 ma-

248 1787 331 1828 re
360 1771 539 1829 fuerat
560 1786 872 1845 separatam
898 1779 967 1835 ah
994 1783 1169 1849 arida,
1198 1782 1406 1842 eliusus
1432 1799 1615 1846 autem
1653 1804 1771 1848 erat
1803 1805 1858 1851 et

249 1877 385 1928 aer,
410 1877 671 1921 coronata
699 1878 878 1923 autem
915 1881 1072 1925 erant
1111 1886 1235 1942 quae
1278 1876 1421 1932 facta
1472 1890 1626 1949 sunt,
1660 1898 1857 1939 unum-

246 1956 522 2025 quodque
556 1957 610 2012 in
641 1970 963 2017 ornamento
996 1977 1096 2020 suo
1140 1983 1154 2021 :
1198 1974 1342 2021 terra
1379 1948 1615 2039 quidem
1652 1971 1852 2032 ﬂorens
1886 1948 1930 2006 Β

246 2045 552 2100 arboribus
595 2057 653 2101 et
700 2048 899 2118 plantis
935 2065 1073 2107 :aer
1121 2069 1221 2126 per
1273 2058 1454 2114 avium
1506 2060 1610 2116 iter
1660 2065 1853 2122 avibus

247 2135 512 2201 praebens
545 2154 559 2191 :
598 2153 750 2195 mare
792 2150 851 2197 et
889 2140 1109 2199 flumina
1139 2154 1195 2201 et
1236 2147 1412 2206 fontes
1440 2152 1679 2221 piscibus
1706 2155 1852 2211 laeta-

247 2223 487 2291 bantur,
516 2228 609 2296 qui
632 2230 687 2284 in
734 2245 794 2287 se
822 2232 1041 2290 fuerant
1071 2238 1205 2292 nati.
1253 2240 1462 2298 C(eium
1492 2255 1673 2299 autem
1708 2249 1853 2305 vari-

252 2326 450 2373 catum
497 2321 612 2393 (59)
646 2326 762 2381 suis
805 2326 1033 2385 ﬂoribus
1062 2342 1222 2398 erat,
1269 2343 1324 2390 et
1361 2344 1486 2392 tunc
1534 2336 1709 2396 factus
1763 2351 1850 2397 est

259 2408 459 2465 homo.
484 2411 716 2471 Creatus
746 2428 927 2473 autem
963 2430 1049 2476 est
1086 2421 1250 2480 homo
1286 2440 1391 2480 non
1421 2442 1527 2483 uno
1554 2442 1845 2503 praecepto,

251 2499 362 2554 sed
390 2515 588 2573 corpus
611 2506 827 2575 quidem
854 2510 1055 2567 dicitur
1110 2518 1360 2575 manibus
1396 2499 1707 2591 figuratum.
1733 2499 1845 2579 lix-

252 2589 394 2647 hinc
420 2602 602 2651 autem
644 2595 758 2665 jam
798 2614 1119 2672 argumenta
1162 2608 1273 2665 sint
1302 2611 1370 2666 de
1418 2589 1659 2669 incertis.
1698 2614 1845 2671 Scri-

258 2693 416 2752 ptum
439 2694 525 2741 est
552 2690 698 2744 enim
750 2691 816 2761 “,
849 2695 975 2764 quia
999 2698 1209 2768 accepit
1239 2700 1379 2758 Deus
1398 2712 1598 2760 eterra
1628 2706 1838 2765 limum.

253 2773 429 2833 Putas
456 2780 583 2848 quia
635 2784 877 2854 accepit,
909 2786 1087 2855 dixit,
1145 2792 1406 2851 addemus
1432 2796 1483 2852 ei
1517 2804 1573 2852 et
1598 2812 1787 2856 manus
1818 2802 1843 2855 2

259 2865 537 2939 Scriptum
559 2882 643 2930 est
672 2877 799 2945 quia
830 2887 886 2934 et
937 2881 1189 2952 figuravit
1213 2885 1515 2948 hominem.
1549 2889 1618 2946 Et
1639 2894 1840 2967 figura-

251 2958 337 3014 tio
366 2962 586 3029 quidem
620 2969 867 3037 corporis
897 2970 1136 3042 iacebat,
1168 2978 1349 3033 anima
1376 2990 1560 3037 autem
1590 2958 1705 3039 non
1718 2995 1839 3041 erat

250 3050 420 3106 simut
454 3066 661 3113 creata.
695 3058 801 3115 Sed
832 3062 1021 3119 volens
1050 3065 1191 3125 Deus
1237 3083 1336 3140 per
1365 3086 1529 3142 opera
1558 3085 1837 3146 separatas

258 3154 555 3212 segregare
583 3156 809 3205 naturas
838 3155 1133 3223 separatim
1167 3157 1419 3231 figuravit
1449 3178 1649 3234 corpus
1675 3205 1691 3230 ,
1748 3182 1835 3222 se-

248 3232 484 3299 paratim
513 3239 748 3294 animam
775 3240 926 3298 fecit.
954 3244 1021 3300 Et
1049 3246 1254 3304 factum
1283 3261 1370 3308 est
1398 3232 1831 3313 velut'taberna-

248 3323 437 3379 culum
463 3341 662 3398 corpus
694 3348 711 3386 :
744 3334 1053 3393 introducta
1083 3349 1169 3396 est
1210 3352 1391 3400 autem
1419 3347 1623 3413 anima,
1646 3357 1701 3404 et
1730 3351 1829 3405 ha-

256 3415 471 3471 bitavit.
518 3418 585 3474 Et
610 3435 677 3475 ne
703 3435 860 3491 putes
892 3428 1016 3496 quia
1046 3434 1323 3498 praecessit
1350 3450 1550 3508 corpus
1591 3441 1644 3495 in
1674 3457 1829 3496 crea-

254 3506 403 3561 tione
430 3548 447 3573 ,
482 3509 595 3579 jam
640 3513 697 3567 ei
748 3517 801 3570 in
849 3517 1056 3576 honore
1080 3525 1358 3592 praecellit.
1406 3506 1512 3584 Sed
1561 3542 1831 3588 memento

243 3780 302 3835 in
337 3785 652 3852 operatione
680 3828 695 3853 ,
722 3788 835 3857 jam
871 3801 926 3845 et
956 3793 1131 3861 prima
1170 3808 1298 3855 sunt
1338 3800 1393 3855 in
1424 3802 1648 3861 honore.
1680 3806 1829 3876 ipso-

246 3888 367 3927 rum
394 3883 574 3931 autem
608 3878 1061 3941 irrationabilium
1098 3902 1162 3943 ea
1187 3902 1309 3960 qua
1342 3893 1411 3949 ad
1439 3908 1621 3952 escam
1645 3912 1827 3955 neces-

241 3966 388 4020 saria
409 3974 556 4033 sunt,
586 3970 767 4039 priora
796 3984 978 4030 creata
1013 3988 1138 4034 sunt
1163 3999 1178 4035 :
1203 3990 1257 4036 et
1288 3998 1393 4039 non
1419 3988 1545 4056 quia
1580 4003 1700 4058 qua
1730 3992 1826 4046 uti-

242 4055 316 4108 n.
345 4065 471 4113 sunt
494 4058 846 4131 animalibus,
874 4074 931 4119 et
973 4066 1087 4134 jam
1117 4069 1231 4142 (ιο)
1258 4055 1663 4133 ιιοηοιέιωιίοὶε
1694 4093 1822 4137 sunt

237 4146 459 4202 iisdem.
492 4148 634 4219 Ergo
656 4166 764 4207 non
799 4168 830 4208 a
865 4159 1203 4226 temporibus
1226 4164 1578 4234 accipiamus,
1614 4173 1819 4239 pretio-

240 4237 387 4294 siora
417 4254 643 4300 ea'esse
671 4258 794 4314 quas
833 4250 1013 4319 priora
1048 4263 1214 4309 sunt:
1256 4258 1523 4327 siquidem
1576 4237 1631 4319 et
1675 4277 1817 4323 terra

235 4340 364 4386 ante
414 4331 576 4389 istum
628 4336 724 4406 qui
778 4339 1005 4397 videtur
1025 4345 1223 4401 cmlum
1264 4351 1544 4409 estfacta.
1599 4355 1657 4411 Si
1695 4359 1818 4429 quis

233 4421 385 4476 enim
417 4422 546 4493 legit
578 4427 944 4498 Scripturam,
968 4446 1061 4490 aut
1089 4437 1357 4509 legentem
1384 4446 1612 4510 audivit,
1666 4421 1815 4505 in-ve-

234 4514 351 4569 niet
373 4515 498 4584 quia
535 4520 794 4590 scriptum
821 4533 905 4578 est
936 4544 948 4579 :
980 4525 1045 4582 In
1069 4533 1329 4600 principio
1370 4536 1495 4604 fecit
1543 4537 1683 4595 Deus
1713 4560 1812 4597 cce-

229 4605 341 4659 laut
379 4616 428 4660 et
463 4618 656 4664 terram
691 4613 761 4668 '°.
806 4615 1019 4706 coelum
1068 4622 1212 4675 enim
1247 4639 1367 4680 cum
1420 4639 1560 4685 terra
1610 4632 1809 4699 factum
1846 4657 1890 4710 ι)
1923 4644 2057 4699 tiant
2086 4605 2425 4706 afﬁnitatem.

230 4696 405 4766 dicit,
443 4717 548 4755 non
582 4703 745 4759 istum
789 4698 880 4777 qui
932 4708 1165 4777 videtur,
1206 4715 1300 4770 sed
1350 4718 1515 4775 alium
1562 4727 1811 4794 superio-

229 4801 368 4843 rem.
401 4786 655 4849 Secundo
683 4797 827 4851 enim
877 4798 965 4855 die
1015 4801 1248 4859 efﬁcitur
1292 4806 1394 4865 iste
1440 4814 1531 4882 qui
1569 4786 1807 4888 videtur,

227 4890 286 4935 et
312 4884 629 4941 nominatur
662 4887 1081 4951 firmamentum.
1121 4895 1357 4956 Tantum
1402 4908 1545 4961 enim
1574 4884 1809 4968 honora;

223 4971 389 5027 biliur
413 4984 469 5030 et
518 4977 623 5033 iste
649 4995 677 5033 a
707 4990 849 5037 terra
890 4996 973 5040 est
997 5026 1013 5051 ,
1049 5002 1309 5057 quantum
1336 5005 1393 5051 et
1435 5002 1611 5068 spatio
1641 5004 1806 5060 distat

221 5068 618 5136 superpositus.
646 5072 711 5126 Et
738 5089 845 5129 non
876 5080 1000 5144 quia
1042 5091 1154 5138 toto
1197 5086 1284 5140 die
1314 5093 1598 5157 pr:ecessit
1655 5107 1801 5153 terra

221 5157 389 5213 istum
429 5162 521 5230 qui
552 5164 762 5220 videtur
785 5170 1005 5237 cmium,
1032 5174 1143 5242 jam
1172 5186 1227 5232 et
1267 5180 1470 5238 honore
1504 5187 1678 5253 prima
1706 5206 1803 5259 pu-

222 5252 446 5307 tabitur.
476 5254 553 5309 Ita
588 5257 851 5327 ﬁguretur
895 5264 1045 5329 prius
1079 5282 1299 5340 corpus,
1327 5283 1381 5329 et
1408 5289 1529 5345 post
1565 5282 1657 5335 iiat
1682 5252 1799 5339 ani-

219 5360 329 5411 ma,
361 5356 415 5399 et
443 5347 599 5403 nobis
631 5362 881 5406 servetur
905 5355 1163 5426 dignitas.
1199 5361 1399 5421 Factus
1428 5370 1594 5439 igitur
1636 5375 1799 5433 homo

215 5446 299 5490 est
323 5479 336 5501 ,
372 5437 449 5491 ita
481 5440 624 5494 enim
653 5443 895 5498 nominat
927 5444 1067 5504 Deus
1092 5451 1218 5506 dum
1254 5456 1403 5511 dicit.
1438 5437 1508 5512 Et
1550 5462 1797 5531 ﬁguravit

1974 712 2058 758 est
2087 713 2148 759 ut
2180 715 2591 773 operamentum
2631 725 2645 762 :
2691 707 3004 776 requirebat
3041 718 3223 765 autem
3272 711 3563 781 artificem,

1972 808 2079 848 non
2113 795 2390 851 intellectu
2422 807 2517 851 aut
2540 798 2737 853 eil‘ectu
2760 838 2777 863 ,
2808 799 2904 854 sed
2931 800 3257 858 necessitate
3282 804 3559 873 poscebat.

1970 883 2251 956 Scriptum
2306 888 2451 943 enim
2480 899 2604 955 est,
2642 890 2769 960 quia
2821 900 2944 961 post
2990 892 3091 948 hoc
3122 912 3135 947 :
3168 892 3458 965 [aspiravit
3500 900 3560 954 in

1971 992 2094 1029 eum
2126 976 2379 1032 Dominus
2416 980 2799 1048 spiramentum
2830 983 2952 1037 vim
2971 1001 2991 1048 ;
3024 994 3074 1038 et
3107 984 3279 1054 factus
3305 998 3381 1042 est
3403 990 3557 1045 homo

1969 1068 2026 1119 in
2057 1070 2293 1123 animum
2321 1071 2578 1126 viventem
2604 1060 2765 1127 ’πέει
2789 1074 3007 1141 iterum,
3035 1074 3097 1129 In
3125 1077 3371 1158 spiritum
3391 1080 3563 1149 uiaiﬁo

1969 1170 2176 1214 cantem
2208 1160 2278 1214 ³³.
2335 1160 2479 1233 Ergo
2526 1165 2594 1220 ab
2630 1164 2785 1220 initio
2831 1168 3124 1237 separatim
3173 1170 3393 1239 quidem
3437 1184 3556 1225 cor-

1965 1262 2067 1317 pus
2094 1287 2110 1315 ,
2139 1252 2443 1319 separatim
2478 1262 2660 1309 autem
2688 1256 2869 1310 anima
2919 1256 3064 1312 facta
3114 1267 3218 1313 est.
3260 1259 3329 1314 Et
3355 1275 3557 1332 corpus

1965 1338 2187 1409 quidem
2213 1341 2333 1397 sine
2362 1343 2547 1398 anima
2573 1360 2681 1400 non
2722 1346 2857 1401 vivit
2890 1363 2905 1400 :
2939 1362 3063 1403 cum
3100 1357 3280 1405 autem
3306 1350 3554 1420 ingressa

1964 1432 2134 1489 fuerit
2158 1434 2368 1501 anima,
2403 1444 2537 1491 tunc
2567 1435 2800 1493 eﬂicitur
2825 1440 2989 1496 homo
3022 1440 3075 1495 in
3109 1444 3348 1499 animam
3373 1447 3556 1503 viven-

1964 1532 2097 1579 tem.
2132 1522 2201 1580 Et
2237 1527 2361 1595 quis
2395 1530 2733 1599 comparabit
2756 1541 3063 1601 opportune
3107 1548 3304 1605 corpus
3332 1538 3553 1606 quidem

1961 1616 2116 1683 nubi,
2145 1616 2385 1673 animam
2421 1629 2605 1677 autem
2631 1621 2890 1682 immissis
2920 1641 2951 1681 a
2978 1625 3095 1683 sole
3124 1628 3554 1698 spiendoribusi

1962 1706 2216 1762 immutat
2243 1711 2387 1764 enim
2448 1711 2609 1767 nubis
2657 1714 2935 1783 colorem,
2971 1717 3222 1775 immutat
3272 1718 3391 1789 ejus
3441 1720 3553 1779 em-

1959 1798 2127 1868 giem,
2157 1800 2253 1855 sed
2286 1816 2394 1857 non
2418 1803 2685 1860 viviﬁcat.
2735 1805 2931 1875 Quaere
2957 1823 3089 1881 ergo
3132 1812 3409 1881 quomodo
3458 1829 3550 1871 ac-

1958 1891 2102 1962 cepit
2154 1893 2300 1949 Dens
2333 1894 2523 1951 limum
2578 1906 2738 1954 terra
2766 1940 2783 1969 ,
2832 1908 2888 1957 et
2933 1901 3209 1973 quomodo
3258 1904 3550 1977 inspiravit

1958 1983 2121 2039 Deus.
2154 1985 2370 2057 Accipit
2397 1987 2543 2042 enim
2578 1990 2696 2045 sine
2736 1992 2990 2050 manibus
3016 2034 3033 2060 ,
3063 2003 3120 2050 et
3157 1994 3390 2067 inspirat
3421 1997 3547 2055 sine

1953 2085 2071 2129 ore.
2104 2074 2220 2131 Cur
2251 2092 2382 2150 ergo
2413 2079 2681 2151 accepit?
2726 2090 2793 2138 ut
2833 2094 3118 2154 appareret
3144 2087 3273 2158 quia
3311 2104 3422 2145 non
3470 2088 3545 2147 ab

1953 2163 2057 2219 alia
2085 2176 2334 2224 creatura
2362 2179 2447 2225 est
2470 2171 2660 2238 homo,
2690 2174 2787 2229 sed
2820 2189 2851 2229 a
2879 2178 3270 2247 conspersioue
3304 2173 3542 2238 fermen-

1954 2266 2092 2313 tum.
2114 2257 2225 2316 Cur
2254 2268 2434 2317 autem
2458 2273 2515 2321 et
2542 2262 2829 2336 inspiravit
2854 2266 2880 2322 1
2908 2266 3016 2325 Pro
3036 2283 3104 2325 eo
3126 2278 3186 2326 ut
3205 2271 3375 2339 dicat,
3407 2262 3536 2345 quia

1952 2349 2202 2408 immisit.
2235 2352 2292 2409 Si
2320 2355 2466 2410 enim
2490 2356 2847 2427 corporaliter
2885 2363 3259 2429 acceperimus
3284 2366 3427 2435 quod
3453 2365 3540 2422 in-

1948 2443 2179 2523 spiravit
2231 2444 2396 2512 Deus,
2426 2457 2542 2503 uta
2578 2447 2691 2506 Deo
2719 2464 2848 2522 pars
2871 2451 3138 2511 ellicimur
3171 2455 3263 2511 Dei
3294 2456 3535 2529 inspira-

1950 2535 2095 2590 tione
2124 2519 2230 2592 ista
2256 2578 2273 2603 ,
2298 2547 2355 2594 et
2396 2539 2688 2599 dividimus
2717 2519 3033 2601 indivisum.
3073 2546 3139 2602 Et
3171 2519 3529 2618 quemadmo-

1946 2624 2075 2681 dum
2129 2628 2390 2698 possibile
2418 2640 2539 2686 erat
2559 2647 2791 2702 peccare
2817 2650 2933 2704 eos,
2961 2637 3055 2708 qui
3082 2654 3112 2693 a
3153 2637 3264 2696 Deo
3297 2651 3355 2695 ut
3388 2657 3518 2713 pars

1942 2715 2061 2782 ejus
2103 2730 2261 2773 erant
2290 2721 2575 2790 separati?
2624 2722 2705 2780 ita
2739 2739 2871 2799 ergo
2926 2742 2992 2785 ex
3025 2738 3278 2787 creatura
3307 2733 3526 2803 quidem

1941 2807 2054 2877 ipsa
2079 2814 2262 2865 statim
2287 2808 2601 2883 separatum
2630 2827 2715 2873 est
2748 2810 2995 2876 nostrum
3029 2837 3230 2893 corpus
3250 2825 3321 2879 ab
3342 2824 3528 2880 anima

1938 2909 2150 2955 nostra.
2179 2902 2377 2958 Anima
2413 2914 2599 2962 autem
2631 2911 2877 2966 omnium
2912 2914 3227 2969 animalium
3277 2930 3398 2985 qua:
3453 2916 3525 2973 ab

1938 2991 2250 3050 hominibus
2294 2998 2722 3066 manducantnr,
2772 3002 2953 3060 dictus
2991 3016 3075 3061 est
3110 3009 3334 3077 sanguis
3358 3052 3373 3074 ,
3415 3023 3526 3064 non

1936 3094 2121 3143 tamen
2154 3089 2415 3146 hominis.
2446 3091 2557 3148 Sed
2586 3108 2709 3150 cum
2758 3097 2966 3155 diceret
3014 3101 3220 3156 homini
3256 3103 3395 3158 Deus
3418 3143 3435 3169 ,
3465 3113 3527 3159 ut

1934 3178 2083 3247 prius
2128 3180 2430 3239 eﬂunderet
2476 3189 2845 3257 sanguinem,
2895 3201 2955 3247 et
3002 3193 3079 3247 ita
3131 3195 3522 3260 manducaret;

1860 3306 1904 3365 ο
1935 3267 2001 3323 de
2034 3271 2361 3331 animalibus
2386 3277 2491 3333 iste
2520 3279 2637 3347 eius
2668 3291 2790 3337 erat
2831 3297 3033 3340 sermo.
3077 3285 3160 3341 Ab
3192 3285 3349 3342 initio
3384 3302 3521 3358 ergo

1934 3371 2238 3432 creatum,
2262 3366 2337 3422 ita
2374 3369 2571 3425 melior
2608 3381 2693 3427 est
2737 3385 2924 3430 nostra
2973 3377 3154 3432 anima
3185 3394 3216 3433 a
3267 3382 3519 3450 cerpore,

1932 3462 1988 3509 et
2020 3467 2270 3526 separata
2301 3469 2405 3517 est.
2444 3462 2514 3519 Ut
2559 3474 2755 3540 autem,
2784 3468 3069 3524 veniamus
3097 3470 3165 3526 ad
3193 3470 3310 3539 ejus
3337 3472 3521 3544 digni-

1935 3552 2122 3610 tatem,
2148 3557 2455 3604 scrutantes
2485 3565 2795 3609 scrutemur
2827 3558 2953 3626 quia
2990 3573 3221 3630 corpora
3258 3578 3362 3617 non
3387 3580 3518 3635 ger-

1928 3833 2049 3888 quae
2071 3835 2199 3877 vere
2245 3834 2370 3879 sunt
2420 3841 2575 3883 saxa.
2605 3826 2928 3888 Germinare
2955 3832 3100 3889 enim
3130 3843 3184 3890 et
3218 3848 3469 3896 crescere
3494 3882 3513 3909 ,

1926 3920 1982 3966 et
2032 3911 2295 3970 imbribus
2327 3919 2525 3974 nutriri
2557 3935 2662 3976 non
2717 3920 2959 3992 habent,
3009 3928 3105 3984 sed
3137 3927 3256 3984 haec
3288 3945 3513 4003 accepe-

1928 4011 2054 4055 runt
2077 4003 2277 4074 planta
2305 4016 2360 4062 et
2383 4010 2626 4067 arbores.
2652 4010 2721 4068 Et
2744 4028 2813 4070 ne
2832 4014 2956 4086 quis
2994 4020 3262 4088 producat
3291 4032 3515 4080 centra-

1925 4092 2216 4153 dictionem
2239 4138 2256 4167 ,
2285 4100 2330 4153 si
2362 4100 2531 4172 aliqui
2576 4103 2785 4176 lapides
2828 4119 3085 4165 crescunt
3112 4112 3168 4167 in
3198 4115 3358 4182 mari,
3393 4117 3513 4175 sive

1924 4187 2104 4256 nigri,
2139 4188 2255 4244 sive
2306 4190 2455 4247 rubri
2484 4210 2500 4248 :
2528 4193 2605 4250 illi
2650 4196 2797 4251 enim
2849 4196 3048 4267 plantis
3079 4205 3252 4275 magis
3302 4205 3508 4264 similes

1919 4286 2047 4331 sunt
2070 4292 2231 4347 quam
2261 4281 2531 4351 lapidibus
2558 4304 2572 4339 :
2602 4286 2760 4342 incisi
2794 4289 2943 4344 enim
2969 4306 3093 4347 cum
3118 4292 3346 4362 fuerint,
3378 4307 3510 4353 tunc

1921 4365 2128 4436 lapides
2155 4367 2469 4428 efﬁciuntur
2498 4392 2514 4429 :
2541 4376 2595 4431 in
2626 4386 2888 4449 quantum
2928 4393 3108 4438 autem
3129 4393 3278 4440 stant
3298 4394 3506 4443 natura:

1918 4458 2145 4529 legibus,
2176 4470 2233 4516 et
2268 4464 2483 4521 radices
2514 4469 2804 4538 emittunt,
2837 4482 2892 4528 et
2934 4474 3343 4545 pullulationem
3373 4493 3507 4549 ope-

1918 4560 2127 4617 rantur,
2164 4562 2218 4607 et
2254 4555 2651 4615 incrementum
2678 4564 2977 4635 accipiunt,
3013 4577 3069 4622 et
3100 4570 3265 4625 ramis
3288 4585 3503 4627 annun-

2460 4652 2603 4724 Ergo
2632 4654 2835 4726 plantis
2872 4662 2928 4713 et
2955 4662 3245 4717 arboribus
3273 4664 3375 4718 ista
3398 4666 3501 4721 ado

1918 4735 2141 4804 duntur,
2177 4741 2301 4809 quia
2335 4742 2538 4799 habent
2580 4756 2640 4801 ut
2669 4749 3015 4819 germinent,
3053 4762 3111 4807 ut
3158 4755 3500 4825 procedant,

1918 4838 1977 4881 ut
2016 4841 2311 4898 crescant,
2362 4844 2422 4888 ut
2471 4849 2786 4904 pascantur.
2820 4840 3159 4901 Animalibus
3208 4854 3389 4910 autem
3446 4849 3503 4903 id

1913 4920 2222 4993 inestquod
2254 4927 2416 4991 inest,
2444 4928 2545 4985 hoc
2573 4942 2658 4986 est
2695 4944 2754 4988 ut
2802 4947 3111 5005 nascantur,
3142 4948 3196 4994 et
3220 4953 3495 5009 crescant,

1910 5026 1964 5071 et
1993 5028 2305 5086 pascantur.
2340 5020 2533 5078 Juncta
2560 5035 2739 5082 autem
2766 5028 2960 5085 iisdem
2986 5041 3072 5086 est
3104 5042 3156 5085 et
3190 5036 3495 5103 proprieta-

1912 5111 1981 5165 tis
2008 5110 2430 5171 additamentum
2453 5117 2800 5177 sensibiiitas.
2823 5120 2920 5177 Est
2938 5133 3117 5179 autem
3143 5126 3247 5181 hoc
3272 5126 3327 5181 in
3357 5127 3497 5199 iapi-

1910 5197 2066 5256 dibus
2110 5211 2169 5257 ut
2195 5207 2323 5272 sint,
2355 5208 2448 5261 sed
2482 5225 2584 5262 non
2624 5210 2765 5266 inest
2804 5212 2884 5267 eis
2912 5222 2972 5267 ut
3004 5226 3275 5284 crescant,
3312 5228 3367 5273 et
3397 5197 3495 5274 ad-

1910 5290 2207 5349 ditamenta
2242 5309 2482 5375 sumant,
2514 5303 2655 5369 quod
2679 5312 2760 5358 est
2793 5304 2844 5358 in
2869 5306 3193 5363 animalibus
3218 5311 3488 5367 omnibus.

1906 5380 2039 5439 Esse
2072 5394 2253 5441 autem
2291 5389 2435 5444 inest
2456 5394 2605 5448 saxis
2634 5403 2690 5449 et
2738 5405 2935 5451 terrai:
2973 5402 3279 5469 germinare
3302 5412 3483 5458 autem

1904 5480 1960 5526 et
1991 5488 2262 5543 crescere,
2302 5490 2356 5534 et
2387 5487 2596 5553 augeri,
2638 5488 2781 5556 quod
2808 5500 2927 5543 erat
2963 5492 3241 5557 arborum,
3276 5509 3379 5548 non
3404 5502 3489 5550 est

1592 5527 1608 5531 _
2007 5527 2015 5528 κ
2068 5527 2262 5543 ,θνν-ν,
2305 5527 2355 5534 ν-
2387 5527 2542 5553 ν--ον-
2561 5527 2596 5551 u,
2639 5527 2781 5556 Ὶιινυ
2809 5527 2927 5543 vanu
2963 5527 3115 5546 usuua
3132 5527 3241 5557 uul,
3276 5527 3379 5548 IIUII
3404 5527 3488 5550 ω,

216 5527 356 5584 De"
388 5532 675 5599 Ῐιοηιὲηεηι.
710 5536 898 5592 limum
926 5558 958 5594 α
993 5550 1135 5598 ιετνα
1157 5548 1416 5616 σεεὶρὶεηε
1440 5551 1505 5605 ⁸¹-
1557 5553 1794 5613 Necdum
1899 5563 1955 5618 in
1985 5565 2086 5621 eis.
2121 5568 2563 5629 Additamentum
2599 5589 2781 5632 autem
2822 5593 3011 5635 eorum
3040 5594 3346 5655 separatum
3403 5596 3488 5642 est

216 5628 331 5655 OM.
362 5629 503 5655 ΙΛΙη.
541 5625 699 5655 Ian-nn
730 5648 746 5655 -
779 5632 872 5655 ..ι-,Ι
909 5633 950 5655 -ζ
987 5633 1120 5655 I'__.-
1166 5638 1177 5647 ο
1376 5643 1386 5655 ι
1506 5646 1514 5655 .
1563 5647 1574 5655 ι
1660 5650 1670 5655 -

212 5628 333 5675 erat
362 5629 506 5679 totus
538 5625 700 5681 homo
730 5648 746 5682 :
779 5632 872 5686 sed
906 5633 950 5687 si
986 5633 1126 5701 forte
1165 5638 1343 5711 imago
1373 5643 1627 5715 hominis,
1660 5650 1793 5705 ima-

285 5734 330 5768 “
367 5736 505 5793 Gen.
560 5757 618 5805 ιι,
663 5742 712 5795 7.
790 5746 837 5776 ⁸⁸
883 5746 1021 5803 Gen.
1074 5767 1110 5817 ι,
1164 5754 1215 5807 1.

284 5891 393 5965 (39)
426 5895 607 5967 Forte,
640 5899 1004 5967 Variﬁcatum.
1031 5919 1082 5965 ut
1111 5928 1269 5982 supra
1304 5918 1405 5973 col.
1450 5918 1575 5980 1151
1617 5922 1679 5977 Β.

1904 5657 2240 5715 sensibilitas
2266 5702 2281 5728 ,
2307 5672 2491 5734 utpote
2539 5682 2659 5724 uua:
2692 5670 2745 5727 in
2775 5672 3101 5732 animalibus
3138 5675 3387 5733 habetur.
3425 5678 3489 5734 in

1295 5756 1337 5788 "
1368 5757 1504 5814 Gen.
1534 5777 1594 5828 ιι,
1624 5762 1675 5817 7.
1753 5767 1798 5798 ”
1826 5767 1956 5825 ibid.
2035 5772 2081 5804 ⁵³
2110 5775 2240 5830 ibid.

1975 5928 2089 6013 (40)
2118 5930 2182 5986 Et
2214 5934 2351 6003 jam.
2394 5935 2474 5992 An
2512 5941 2720 5995 etiam?
