4000 6436
555 407 696 466 H39

1225 404 1494 465 EUSEBII
1527 404 2003 464 CESARIENSIS
2038 403 2189 462 OPP.
2231 404 2411 462 PARS
2448 403 2535 461 iV.
2575 436 2644 447 —
2682 402 3109 462 DOGIIATICA.

556 523 715 580 nobis
762 529 936 578 autem
980 521 1161 575 omnia
1205 536 1328 593 quae
1371 523 1626 593 prodicta
1657 532 1784 579 sunt
1826 523 2114 579 habentur.
2148 524 2193 581 Α
2221 521 2461 591 perﬂuit;
2496 524 2590 577 sed
2618 530 2823 577 tantum
2844 522 3026 577 anima
3058 535 3286 591 corpore
3316 520 3515 577 fortior
3542 522 3795 593 est,”

555 614 809 671 Additum
862 620 1040 667 autem
1074 613 1229 667 nobis
1259 622 1342 668 est
1381 614 1524 683 quod
1572 625 1815 670 nostrum
1864 623 1947 670 est
1992 629 2119 684 pro.-

561 705 757 772 prium,
781 711 837 757 et
854 704 997 774 quod
1024 704 1177 760 nobis
1210 706 1458 771 provenit
1483 745 1501 771 ,
1545 714 1604 760 nt
1631 707 1878 761 deorsum
1901 706 2116 774 quidem

559 797 857 853 habeamus
884 795 1062 850 omnia
1095 810 1214 865 qum
1238 796 1435 852 habent
1460 811 1525 852 ea
1551 810 1671 866 quae
1700 796 1802 850 sub
1835 810 1932 851 nos
1953 806 2113 859 sunt;

557 887 895 943 extrinsecus
913 896 1086 943 autem
1110 895 1354 941 nostrum
1400 888 1540 957 quod
1573 898 1657 943 est
1687 886 1962 958 proprium
1987 927 2003 953 ,
2047 888 2120 944 sit

557 980 614 1033 in
650 977 803 1033 nobis
832 976 1096 1047 cogitatus
1140 985 1196 1029 et
1228 992 1442 1031 sensus.
1482 976 1681 1033 lterum
1732 992 1793 1033 ea
1829 992 1950 1047 qua
1998 986 2120 1047 post

556 1081 659 1123 nos
685 1075 841 1131 sunt,
881 1065 1061 1119 statim
1100 1066 1491 1124 irrationabilia
1521 1065 1774 1121 animalia
1818 1068 2053 1138 cogitatu
2085 1083 2115 1122 a

557 1160 713 1215 nobis
742 1159 1121 1227 relinquuntur
1146 1168 1201 1213 et
1242 1173 1427 1214 sensu.
1462 1156 1674 1213 Habent
1705 1165 1885 1213 autem
1912 1161 2113 1226 omnia,

556 1264 889 1321 quacunque
917 1250 1134 1318 habent,
1166 1252 1398 1304 minora.
1418 1249 1527 1304 illis
1548 1252 1689 1305 enim
1719 1258 1773 1306 et
1797 1251 1939 1319 quod
1961 1267 2114 1308 suum

557 1348 643 1400 est
679 1342 859 1408 inest,
894 1344 1227 1399 sensibilitas
1280 1342 1507 1398 scilicet.
1535 1340 1732 1396 lterum
1785 1342 2006 1399 arbores
2063 1350 2124 1399 et

554 1431 753 1499 planta:
780 1432 1158 1501 relinquuntur
1198 1433 1412 1502 quidem
1444 1448 1475 1487 a
1519 1433 1754 1503 cogitatu
1787 1442 1995 1498 nostro,
2030 1448 2116 1488 re,

554 1520 872 1591 linquuntur
916 1532 1093 1576 autem
1124 1531 1179 1577 et
1208 1538 1240 1577 a
1268 1522 1625 1578 sensibilitate
1651 1523 1981 1578 animalium.
2011 1522 2117 1578 Ha-

554 1612 687 1668 bent
729 1621 904 1669 autem
950 1628 1047 1669 sua
1103 1615 1490 1685 proprietatem
1538 1613 1823 1670 adversum
1880 1630 2011 1671 saxa
2062 1626 2117 1671 et

556 1710 780 1766 terram,
820 1701 1266 1771 germinationem
1311 1704 1525 1759 scilicet
1545 1714 1599 1760 et
1634 1711 1978 1775 augmentum
2009 1743 2025 1769 ,
2060 1713 2116 1759 et

555 1792 988 1855 crescibiijtatem
1030 1803 1086 1850 et
1118 1810 1321 1852 escam.
1365 1796 1476 1855 Fex
1514 1809 1716 1863 autem,
1752 1805 1808 1853 et
1846 1812 1965 1867 qua
2015 1813 2113 1867 pu-

2216 621 2272 667 et
2318 614 2531 683 corpori
2576 628 2865 670 mensuras
2914 615 2981 669 ad
3032 614 3260 671 salutem
3294 615 3465 685 ponit.
3506 614 3572 669 Et
3617 615 3799 682 primo

2216 702 2435 770 quidem
2465 704 2705 758 ostendit
2727 719 2848 773 qua:
2875 704 3070 761 debeat
3090 720 3323 771 sumere,
3348 714 3404 761 et
3432 721 3466 761 a
3507 706 3709 776 quibus
3736 720 3801 762 ae

2219 792 2516 855 abstinere,
2544 798 2599 847 et
2618 806 2680 846 ea
2702 808 2822 862 qua
2846 793 2990 849 licita
3013 803 3142 849 sunt
3172 795 3529 858 manducare,
3553 797 3798 866 quando,

2217 894 2273 942 et
2306 894 2564 957 quantum
2591 924 2607 948 ,
2632 892 2687 940 et
2711 884 2913 954 quibus
2958 883 3108 939 horis
3132 924 3148 949 ,
3178 895 3235 940 et
3280 884 3411 953 quid
3437 883 3642 939 debeat
3670 895 3801 939 ante

2218 992 2397 1034 escam
2429 977 2644 1047 operari
2674 1018 2692 1043 ,
2741 985 2797 1031 et
2844 974 3302 1046 quemadmodum
3340 975 3549 1031 moveri
3584 975 3803 1032 deside-

2216 1067 2354 1121 rium
2377 1081 2644 1129 escarum.
2666 1076 2723 1121 et
2760 1065 3214 1135 quemadmodum
3248 1080 3473 1121 servare
3493 1081 3681 1122 escam
3705 1067 3795 1122 in—

2217 1173 2454 1229 gressam
2473 1201 2487 1219 .
2516 1167 2571 1213 et
2594 1159 2866 1228 quomodo
2898 1158 3127 1213 reticere
3154 1166 3510 1226 operamenta
3541 1175 3555 1211 :
3590 1166 3653 1213 ut
3688 1172 3803 1213 non

2216 1263 2283 1303 ex
2323 1247 2621 1302 abundanti
2671 1247 2908 1302 motione
2939 1245 3185 1302 confusio
3214 1246 3306 1300 iiat
3332 1244 3450 1312 ejus
3473 1246 3566 1312 qui
3600 1248 3803 1316 pascit.

2216 1338 2285 1394 Et
2334 1340 2593 1408 potuisset
2632 1339 2818 1408 utique
2856 1352 3056 1408 corpus
3100 1338 3374 1407 corrumpi
3424 1337 3531 1391 nisi
3577 1338 3809 1393 adesset

2217 1432 2420 1497 anima,
2452 1433 2770 1502 permittens
2809 1439 3072 1500 quantum
3113 1430 3368 1494 deberet,
3399 1438 3454 1484 et
3503 1429 3809 1485 continens

2215 1526 2474 1589 quantum
2506 1527 2801 1589 oporteret,
2833 1530 2890 1574 et
2912 1532 3234 1574 mensurans
3256 1526 3312 1574 et
3353 1517 3720 1587 permiscens,
3744 1525 3806 1575 et

2214 1612 2465 1667 aetatibus
2512 1610 2860 1679 semetipsam
2910 1609 3235 1672 extendens,
3274 1617 3329 1662 et
3381 1608 3583 1662 iterum
3646 1606 3811 1663 colli-

2214 1716 2345 1772 gens
2380 1716 2486 1755 non
2520 1699 2894 1769 magnitudine
2916 1698 3039 1753 dico
3064 1738 3079 1765 ,
3102 1699 3197 1753 sed
3226 1699 3522 1753 mensuris.
3565 1698 3809 1765 Quoties

2217 1794 2361 1848 enim
2396 1793 2653 1848 irascitur
2673 1804 2874 1859 corpus
2895 1790 3019 1860 quia
3045 1789 3306 1844 derelicta
3340 1799 3424 1844 est
3451 1804 3580 1844 esca
3630 1805 3807 1860 quam

557 1892 742 1939 tantur
779 1884 1093 1951 fortissima,
1139 1896 1327 1957 petrae,
1374 1888 1621 1957 inquam,
1670 1900 1727 1944 et
1753 1865 1909 1944 terra:
1938 1929 1955 1953 ,
2010 1865 2114 1943 hoc
2145 1865 2187 1918 Β
2217 1882 2445 1937 libenter
2476 1880 2743 1944 sumebat,
2785 1887 2839 1933 et
2869 1878 3059 1933 iterum
3098 1877 3336 1943 volebat,
3372 1889 3425 1933 et
3460 1893 3569 1932 non
3602 1879 3810 1948 permiv

556 1976 731 2049 ipsum
754 1984 879 2032 sunt
899 1990 1128 2045 corpus;
1154 1992 1261 2033 non
1285 1978 1671 2049 producuntur,
1688 1994 1791 2033 non
1827 1986 2111 2034 crescunt:

556 2067 605 2127 si
627 2066 771 2127 enim
801 2077 855 2123 et
882 2078 1152 2132 crescunt,
1175 2070 1247 2122 ita
1274 2081 1522 2125 crescam
1549 2079 1606 2125 ut
1639 2084 1738 2125 nec
1765 2070 1967 2125 sciatur
1989 2068 2115 2139 quia

557 2166 828 2220 crescunt.
856 2156 950 2214 Bis
976 2158 1047 2213 ita
1073 2174 1103 2215 a
1134 2160 1380 2216 deorsum
1406 2174 1576 2228 usque
1602 2175 1836 2228 sursum,
1856 2170 1911 2217 et
1948 2176 1977 2214 a
2002 2175 2118 2215 sur-

556 2263 678 2308 sum
728 2262 897 2319 usque
928 2250 1177 2305 deorsum
1232 2252 1540 2319 separatis,
1584 2266 1940 2320 agnoscamus
1990 2250 2115 2321 quia

556 2352 659 2396 nos
681 2341 892 2409 quidem
925 2356 1109 2396 sumus
1146 2342 1201 2397 in
1235 2356 1519 2397 commune
1542 2382 1555 2407 .
1586 2342 1729 2397 sicut
1773 2352 1828 2397 et
1864 2350 2005 2397 terra
2062 2351 2119 2397 et

556 2430 759 2503 lapides
789 2434 1231 2489 :coextendimur
1277 2444 1456 2489 autem
1489 2442 1544 2489 et
1575 2433 1774 2504 plantis
1822 2442 1878 2487 et
1905 2433 2115 2489 arbori-

556 2525 679 2585 bus.
714 2525 983 2581 Habemus
1022 2525 1165 2580 enim
1208 2536 1267 2580 ut
1311 2535 1365 2580 et
1399 2540 1684 2580 nascamur
1712 2534 1767 2580 et
1808 2540 2115 2582 crescamus

560 2625 618 2670 et
662 2630 969 2686 pascamur.
1000 2615 1453 2673 Transeendimus
1476 2626 1654 2672 autem
1688 2625 1741 2671 et
1770 2615 2116 2671 irrationabi—

553 2707 628 2768 lia
660 2708 911 2762 animalia
956 2724 1078 2765 cum
1109 2707 1484 2763 sensibilitate.
1532 2706 1885 2762 Transilimus
1949 2706 2111 2761 etiam

554 2808 610 2856 et
638 2799 705 2853 ab
733 2799 819 2854 his
849 2816 864 2856 :
901 2800 1162 2855 habentes
1196 2798 1337 2869 quod
1379 2806 1463 2854 est
1495 2798 1844 2868 praecipuum,
1875 2798 2113 2852 rationa-

493 2896 498 2900 ’
552 2888 681 2948 bilis
704 2889 902 2963 quippe
926 2890 1049 2945 vita:
1079 2890 1390 2959 cogitatum.
1420 2888 1565 2948 Nihil
1599 2898 1776 2943 autem
1808 2886 2115 2957 praescribi-

554 2988 645 3036 tur
667 2994 699 3035 a
724 2980 1096 3037 communibus
1116 3020 1132 3044 ,
1162 2989 1220 3034 ut
1256 2989 1404 3049 puta,
1436 2980 1482 3035 si
1517 2980 1639 3048 quis
1682 2980 1910 3035 voluerit
1934 2977 2112 3034 homi-

554 3087 679 3128 nem
727 3072 956 3141 aliquem
994 3087 1248 3143 separare
1284 3075 1353 3127 ab
1385 3072 1559 3127 altero
1587 3111 1602 3136 ,
1647 3086 1749 3125 non
1780 3070 1937 3125 debet
1965 3070 2112 3127 dice-

556 3178 659 3219 re:
691 3163 783 3218 ille
814 3164 905 3232 qui
944 3164 1079 3218 duos
1104 3163 1289 3218 oculos
1316 3164 1478 3218 habet
1502 3171 1596 3216 aut
1620 3164 1753 3215 duas
1782 3176 1974 3225 aures;
2020 3178 2112 3217 ne-
2142 3195 2185 3253 ς

557 3269 662 3329 que
694 3254 784 3308 illa
814 3269 933 3324 quae
978 3255 1032 3308 in
1063 3268 1345 3309 commune
1373 3263 1500 3308 sunt
1541 3263 1592 3307 et
1638 3254 1760 3308 aliis
1785 3293 1800 3316 ,
1846 3255 1940 3309 sed
1973 3254 2114 3309 illius

556 3343 791 3398 hominis
830 3345 970 3413 quod
1009 3353 1090 3398 est
1120 3347 1445 3414 praecipuum
1481 3345 1548 3398 ad
1584 3345 1934 3412 agnitionem.
1983 3343 2117 3400 Esse

555 3435 701 3490 enim
728 3449 833 3489 non
864 3434 1017 3489 nobis
1044 3435 1171 3490 solis
1196 3444 1279 3490 est
1304 3474 1319 3499 ,
1369 3445 1425 3489 et
1461 3435 1765 3503 germinare
1794 3449 1897 3487 non
1937 3435 1990 3488 in
2018 3448 2117 3487 no-

555 3524 645 3581 bis
671 3535 752 3579 est
800 3533 1007 3577 tantum
1034 3564 1049 3587 ,
1083 3533 1137 3579 et
1189 3525 1517 3579 manducare
1563 3539 1667 3578 non
1709 3524 1987 3579 hominum
2029 3538 2118 3578 so-

556 3609 851 3675 lummodo,
896 3620 950 3665 et
978 3627 1227 3667 crescere
1253 3626 1357 3667 non
1388 3623 1634 3667 nostrum
1662 3622 1747 3669 est
1783 3622 2015 3677 tantum,
2063 3622 2119 3668 et

559 3699 1009 3755 sensibilitatibus
1049 3701 1124 3754 uti
1172 3716 1277 3755 non
1332 3709 1576 3755 nostrum
1626 3708 1711 3754 est
1760 3698 1966 3765 solum;
2020 3698 2117 3752 sed

562 3791 779 3863 quando
810 3807 905 3847 nos
937 3801 991 3847 et
1021 3790 1130 3856 ubi,
1167 3791 1223 3847 in
1253 3805 1521 3855 sermone,
1556 3790 1609 3845 in
1649 3791 1913 3859 cogitatu,
1940 3789 1992 3842 in
2023 3803 2114 3842 ra-

556 3880 802 3935 tionabili
832 3882 939 3934 vita
964 3920 982 3948 ,
1034 3883 1135 3937 hoc
1165 3881 1325 3941 homo
1353 3889 1456 3943 est,
1509 3882 1623 3935 haec
1649 3879 1827 3948 imago
1849 3918 1863 3943 ,
1892 3881 1993 3935 hoc
2037 3886 2119 3933 est

560 3971 858 4031 secundum
889 3970 1178 4042 imaginem
1202 4011 1218 4035 ,
1258 3972 1360 4027 hoc
1387 3981 1471 4026 est
1518 3970 1811 4041 pretiosum
1841 4009 1856 4034 ,
1889 3971 1995 4025 hoc
2026 3971 2122 4023 im-

562 4062 765 4137 periale
785 4101 803 4128 ,
829 4063 933 4118 hoc
956 4073 1040 4118 est
1070 4064 1211 4133 quod
1258 4072 1403 4119 tenet
1445 4076 1541 4127 per
1580 4062 1838 4115 animam.
1867 4059 1970 4115 Per
2013 4061 2125 4115 haec

564 4156 875 4226 agnoscitur
927 4167 980 4211 et
1028 4155 1300 4225 pudicitia:
1355 4156 1634 4211 honestas.
1688 4153 1754 4207 Et
1800 4162 1946 4209 certe
1997 4169 2126 4211 caro

561 4248 860 4305 contrarias
891 4247 1130 4317 suggerit
1180 4246 1448 4301 motiones
1488 4264 1501 4300 :
1540 4254 1734 4315 utpote
1780 4244 2127 4300 irrationabi-

567 4337 698 4400 iium
729 4339 795 4391 ad
840 4338 1356 4393 communicationes
1412 4354 1427 4391 :
1478 4336 1571 4391 sed
1621 4335 1816 4390 anima:
1866 4337 2128 4405 cogitatus

563 4428 867 4497 gubernans
898 4427 1169 4484 motiones
1198 4425 1764 4495 concupiscentiarum
1784 4464 1800 4488 ,
1840 4434 1895 4479 et
1922 4427 2127 4495 asperi-

2217 1973 2287 2027 sit
2314 1972 2508 2025 anima:
2538 1970 2855 2040 cogitatus?
2894 1969 3116 2034 Quoties
3148 1984 3376 2023 accensa
3405 1979 3492 2022 est
3520 1971 3799 2039 concupi-

2217 2062 2447 2124 scentia,
2470 2071 2525 2116 et
2550 2060 2717 2115 voluit
2742 2074 2862 2116 esse
2898 2075 2995 2114 sua
3028 2058 3232 2122 aliena.
3256 2069 3311 2113 et
3340 2075 3574 2115 accensa
3601 2072 3711 2125 est.
3745 2069 3811 2117 et

2218 2153 2348 2206 arsit
2379 2150 2647 2206 ﬂamma?
2691 2153 2785 2206 sed
2831 2165 3023 2208 sensus
3053 2165 3245 2209 rorans
3285 2152 3550 2207 exstinxit
3599 2154 3809 2208 motio-

2218 2260 2363 2308 nem,
2387 2253 2442 2299 et
2467 2246 2758 2299 marcidam
2794 2244 3063 2299 ﬂammam
3106 2242 3308 2308 eii‘ecit,
3336 2255 3390 2299 et
3415 2244 3660 2300 ostendit
3699 2246 3809 2301 ho-

2218 2337 2348 2390 mini
2394 2338 2604 2392 ratione
2650 2337 2778 2407 quia
2811 2337 2977 2392 homo
3007 2344 3113 2401 est,
3160 2345 3216 2391 et
3264 2351 3373 2391 nou
3410 2336 3808 2391 irrationabiie

2216 2442 2399 2497 pecus.
2422 2424 2541 2482 Non
2561 2442 2747 2483 sumus
2769 2428 2914 2484 inter
2934 2443 3127 2497 greges
3152 2427 3221 2482 ad
3245 2428 3805 2492 communicationes,

2217 2518 2311 2572 sed
2338 2517 2539 2585 nuptis:
2563 2517 2705 2586 apud
2751 2532 2869 2582 nos,
2906 2528 2962 2572 et
2995 2518 3047 2573 in
3071 2516 3324 2574 domibus
3351 2557 3367 2580 ,
3399 2528 3453 2571 et
3495 2517 3808 2572 successio-

2218 2622 2314 2663 nes
2335 2617 2389 2663 et
2409 2610 2756 2678 cognationes
2777 2609 3065 2664 habentur.
3089 2608 3463 2679 Compatimur
3482 2607 3636 2662 enim
3661 2607 3806 2663 alter

2222 2700 2399 2763 alteri,
2433 2710 2489 2754 et
2516 2701 2939 2771 congaudemus.
2981 2698 3260 2770 Cogitatus
3288 2700 3433 2755 enim
3487 2700 3803 2769 coniungit.

2217 2803 2271 2845 et
2300 2801 2565 2862 separata
2591 2792 2790 2859 nuptiae
2818 2792 2958 2861 apud
2987 2807 3085 2846 nos
3130 2800 3278 2847 sunt.
3325 2792 3619 2860 Separavit
3647 2794 3801 2847 enim

2218 2882 2321 2937 hoc
2348 2882 2490 2938 ratio
2518 2896 2713 2937 sensus
2738 2899 2752 2936 :
2784 2891 2840 2936 et
2870 2882 3010 2951 quod
3048 2890 3131 2937 est
3152 2882 3493 2948 admirabile,
3522 2898 3652 2953 qua:
3688 2896 3802 2938 non

2216 2982 2303 3028 est
2339 2972 2456 3029 visa
2488 2972 2539 3028 ei
2584 2974 2677 3043 qui
2719 2987 2827 3027 non
2872 2981 2959 3027 est
2986 2973 3137 3028 visus
3159 3011 3175 3036 ,
3206 2981 3297 3026 aut
3326 2972 3453 3027 alibi
3488 2973 3695 3027 nutrita
3746 2973 3802 3028 ei

2232 3065 2323 3134 qui
2356 3064 2481 3120 alibi
2504 3074 2588 3121 est
2610 3064 2892 3129 educatus,
2924 3063 3107 3119 subito
3138 3064 3333 3118 tradita
3365 3063 3664 3130 conjuncta
3711 3075 3803 3118 est

2220 3157 2434 3211 ratione
2462 3165 2517 3209 et
2566 3170 2726 3209 sensu
2758 3163 2813 3210 et
2862 3154 3121 3223 cogitatu,
3152 3161 3208 3208 et
3256 3153 3675 3222 praebonoratus
3714 3165 3806 3208 est

2218 3249 2312 3319 qui
2359 3247 2570 3318 accepit
2616 3256 2670 3303 et
2706 3248 2846 3316 patri
2898 3246 3135 3311 dilecto,
3184 3255 3238 3301 et
3300 3246 3457 3299 matri
3494 3246 3713 3311 amicae,
3742 3255 3803 3299 et

2217 3339 2366 3393 omni
2411 3336 2743 3407 cognationi.
2788 3336 2907 3392 Non
2960 3337 3104 3391 enim
3153 3335 3283 3391 mihi
3319 3350 3465 3390 nunc
3498 3336 3803 3391 inducatur

2219 3444 2404 3484 eorum
2452 3427 2546 3497 qui
2573 3428 2878 3483 adulterant
2919 3442 3201 3483 nummum
3246 3428 3401 3497 (il):
3440 3428 3571 3495 quia
3609 3443 3719 3483 nec
3770 3444 3805 3484 a

2218 3519 2377 3575 cacis
2397 3518 2713 3589 agnoscitur
2746 3517 2889 3572 oculi
2936 3518 3128 3584 virtus,
3156 3533 3331 3587 neque
3359 3532 3388 3570 a
3411 3518 3628 3574 claudis
3677 3528 3804 3573 am-

2218 3609 2427 3664 bulatio
2457 3618 2601 3664 recta
2630 3647 2645 3673 ,
2700 3622 2875 3677 neque
2906 3609 2974 3662 ab
3004 3608 3270 3663 adulteris
3302 3609 3507 3663 nummi
3538 3610 3805 3681 ﬁguratio

2218 3714 2365 3754 vera.
2398 3697 2503 3752 Sed
2536 3698 2737 3767 nuptis:
2766 3698 2875 3752 sint
2894 3699 3113 3766 nuptis,
3140 3714 3259 3767 quae
3283 3699 3533 3754 terminis
3564 3702 3807 3757 rationis

2222 3806 2250 3843 a
2301 3789 2537 3857 cogitatu
2598 3800 2728 3841 sunt
2767 3788 3065 3843 honoratae.
3097 3788 3214 3844 Duo
3258 3790 3401 3844 enim
3438 3790 3577 3843 liunt
3598 3807 3805 3855 unum,

2223 3880 2350 3949 quia
2377 3896 2440 3934 ex
2470 3893 2579 3932 uno
2606 3878 2732 3933 facti
2765 3887 2895 3933 sunt
2928 3879 2995 3935 ab
3018 3879 3175 3934 initio
3200 3880 3326 3935 duo.
3354 3879 3422 3933 Et
3442 3882 3570 3949 quis
3596 3883 3810 3951 poterit

2223 3971 2485 4025 exhibere
2507 3985 2694 4026 eorum
2724 3970 2817 4039 qui
2839 3970 3121 4025 salvantur
3149 3971 3399 4041 ﬁguram,
3424 3971 3807 4041 pulchritudi-

2225 4078 2349 4117 nem
2378 4102 2393 4128 ,
2443 4063 2879 4133 speciositatem,
2928 4063 3127 4134 quibus
3176 4066 3435 4121 tristities
3487 4067 3809 4126 consolatio

2226 4163 2310 4209 est
2337 4155 2361 4208 ἲ
2388 4155 2694 4223 partiuntur
2719 4156 2885 4218 enim,
2910 4165 2964 4210 et
3000 4156 3320 4211 alterutrum
3352 4172 3517 4212 onera
3554 4170 3805 4227 portant,

2226 4254 2282 4299 et
2304 4245 2441 4300 alius
2474 4260 2573 4315 pro
2604 4245 2707 4300 alio
2730 4246 2994 4302 sollicitus
3024 4257 3130 4310 est,
3177 4258 3238 4302 ut
3280 4263 3385 4303 non
3416 4249 3667 4304 tristetur
3702 4267 3809 4308 nec

2227 4337 2427 4403 doleat,
2469 4352 2556 4401 ne,
2590 4337 2635 4389 si
2682 4353 2788 4392 non
2820 4338 3001 4393 videat
3036 4340 3267 4405 tristem,
3296 4342 3491 4395 iterum
3528 4344 3805 4401 tristetur.

2233 4430 2338 4484 Aut
2363 4429 2507 4484 enim
2533 4429 2796 4498 ﬁguratur
2818 4431 3113 4499 tristitiam,
3145 4441 3238 4485 aut
3264 4432 3433 4502 pellit.
3449 4435 3587 4489 Cum
3619 4448 3807 4492 autem

563 4528 727 4572 tatem
782 4517 1062 4571 libidinum
1119 4530 1347 4587 regens,
1394 4516 1639 4570 ostendit
1683 4516 1809 4584 quia
1864 4516 2039 4571 anima
2091 4531 2119 4569 a
2154 4527 2197 4581 ι)
2231 4523 2522 4577 incurrerit
2570 4521 2783 4591 aliquod
2830 4523 3086 4592 gaudium
3132 4532 3227 4578 aut
3269 4524 3551 4591 laetitiam,
3592 4528 3812 4586 videbis

564 4623 788 4678 corpore
817 4617 1065 4677 separata
1096 4617 1198 4664 est.
1224 4606 1282 4661 Si
1313 4606 1455 4661 enim
1485 4620 1684 4676 corpus
1723 4605 1991 4670 turbatur,
2017 4622 2122 4662 mo-

565 4714 741 4764 vetur,
776 4697 1065 4752 ﬂuctuatur
1109 4712 1138 4750 a
1188 4697 1640 4765 concupiscentiis
1666 4736 1682 4761 ,
1718 4697 1896 4750 anima
1945 4708 2122 4752 autem

565 4792 826 4861 gubernat
858 4806 873 4843 :
902 4804 1096 4859 corpus
1129 4788 1367 4861 exsultat
1397 4790 1538 4843 escis
1567 4830 1582 4856 ,
1613 4790 1793 4844 anima
1824 4799 2001 4845 autem
2036 4807 2127 4846 co-

564 4882 733 4953 gitatu
768 4883 1005 4935 refrenat
1037 4895 1235 4949 corpus
1268 4899 1282 4934 :
1313 4895 1508 4951 corpus
1536 4882 1740 4952 expetit
1766 4896 1950 4938 escam
1972 4901 1987 4949 ;
2013 4899 2129 4939 eva-

566 4984 759 5028 cuatur
782 4975 949 5039 enim,
984 4984 1035 5028 et
1081 4974 1194 5027 vult
1227 4975 1419 5032 iterum
1454 4975 1727 5044 adimpleri
1760 4994 1773 5030 :
1810 4976 1990 5036 anima
2035 4994 2130 5032 au-

566 5074 674 5119 tem
699 5067 797 5119 sub
827 5080 920 5133 spe
967 5066 1333 5135 religiositatis
1364 5067 1561 5123 retinet
1606 5067 1933 5127 desiderium
1967 5087 1981 5123 :
2010 5086 2131 5124 cor-

572 5172 672 5223 pus
697 5156 849 5219 sitit;
876 5158 1052 5216 anima
1104 5168 1385 5217 mensurat
1420 5160 1561 5225 quod
1594 5160 1642 5212 ei
1679 5169 1762 5216 est
1790 5162 1919 5215 utile
1958 5180 1969 5214 :
2010 5178 2130 5216 cor-

576 5263 672 5315 pns
698 5257 876 5300 movet
909 5247 1124 5311 ﬂuctus,
1150 5248 1329 5307 anima
1360 5260 1538 5302 autem
1573 5252 2018 5319 tranquillitatem
2050 5255 2135 5305 ad-

575 5339 740 5399 ducit.
772 5337 978 5406 Corpus
1005 5340 1114 5391 sola
1140 5354 1258 5406 qua:
1287 5349 1413 5397 sunt
1447 5341 1661 5407 quaerit,
1690 5350 1741 5393 et
1769 5357 1873 5394 non
1901 5358 2018 5410 qua:
2040 5359 2132 5395 sua

574 5440 699 5489 sunt
726 5438 948 5487 tantum,
972 5432 1065 5483 sed
1101 5439 1155 5482 et
1184 5446 1342 5497 supra
1374 5445 1433 5483 ea
1464 5447 1582 5499 qua:
1614 5447 1708 5484 sua
1733 5444 1877 5487 sunt.
1909 5433 1964 5485 Si
1989 5435 2133 5487 enim

577 5536 683 5579 non
745 5523 954 5574 adesset
1009 5523 1184 5575 anima
1239 5537 1596 5585 mensurans,
1650 5534 1829 5593 posset
1884 5527 2138 5579 aviditate

572 5628 814 5667 CScarum
830 5628 1025 5680 corpus
1048 5615 1338 5683 corrumpi,
1362 5617 1415 5668 et
1437 5630 1464 5667 a
1499 5616 1772 5683 potatione
1797 5631 2017 5690 crepare
2041 5634 2131 5672 su-

645 5792 755 5863 (ii)
782 5790 879 5845 Ms.
910 5794 993 5862 qui
1020 5795 1316 5847 adulteram
1358 5811 1617 5853 nummus.

2230 4612 2333 4666 ista
2363 4612 2621 4681 duplicia.
2654 4612 2808 4668 Sicut
2840 4615 2983 4669 enim
3014 4617 3417 4683 compatiuntur
3445 4617 3550 4672 sibi
3582 4617 3640 4672 in
3664 4620 3809 4675 mni-

2233 4706 2301 4759 tis
2322 4745 2337 4770 ,
2370 4705 2441 4758 ita
2476 4712 2530 4758 et
2560 4703 2911 4759 colizetantur.
2948 4704 3227 4775 Cogitatus
3276 4707 3457 4777 itaque
3482 4709 3652 4764 etiam
3688 4709 3808 4766 for-

2234 4796 2444 4852 tissima
2479 4796 2635 4850 nobis
2666 4797 2917 4851 animalia
2943 4797 3187 4867 subjecit.
3207 4798 3633 4867 Comprehendit
3658 4806 3809 4861 enim

2232 4897 2287 4943 et
2311 4886 2539 4951 velocia,
2577 4896 2630 4940 et
2664 4893 2818 4942 tarda
2850 4890 3055 4943 domuit
3086 4898 3140 4943 et
3168 4890 3419 4957 subjecit.
3453 4891 3811 4950 Descendens

2235 4987 2414 5033 autem
2453 4978 2505 5031 in
2531 4992 2704 5043 mare,
2732 4980 3036 5033 necessaria
3064 4980 3219 5035 nobis
3257 4983 3323 5035 ad
3356 4997 3513 5037 usum
3562 4985 3760 5041 eduxit
3793 5003 3811 5051 ;

2235 5078 2291 5123 et
2324 5072 2391 5124 ad
2440 5084 2621 5124 aerem
2673 5072 2990 5138 perveniens
3018 5109 3033 5135 ,
3065 5072 3187 5126 inde
3221 5088 3282 5127 ea
3313 5088 3431 5141 quae
3459 5073 3710 5131 videmus
3757 5089 3815 5132 et

2238 5161 2627 5214 manducamus
2660 5160 2927 5231 deposuit.
2960 5162 3239 5233 Decerpsit
3269 5166 3431 5218 etiam
3478 5166 3545 5219 ab
3592 5168 3813 5224 arbori-

2236 5253 2337 5306 bus
2359 5263 2413 5307 et
2437 5252 2656 5321 plantis,
2684 5261 2738 5307 et
2757 5270 2786 5307 a
2807 5263 2946 5308 terra
2964 5265 3017 5308 et
3043 5255 3110 5309 ab
3136 5256 3458 5313 animalibus
3477 5262 3812 5325 necessaria,

2242 5354 2297 5397 et
2325 5345 2555 5413 partitus
2576 5356 2680 5411 est,
2700 5355 2753 5399 et
2779 5349 2954 5401 omnia
2976 5348 3130 5401 nobis
3153 5350 3221 5402 ob
3239 5365 3402 5403 unam
3427 5365 3623 5405 sensus
3640 5358 3812 5407 ratio-

2244 5452 2365 5491 nem
2386 5438 2611 5506 paravit.
2632 5438 2841 5493 Nullum
2867 5442 3009 5494 enim
3037 5443 3234 5495 animal
3263 5442 3335 5495 ita
3352 5442 3606 5506 estforte,
3636 5453 3697 5497 ut
3718 5460 3817 5499 co-

2249 5530 2439 5594 gitatui
2483 5532 2553 5583 sit
2581 5530 2807 5585 fortior:
2843 5532 3111 5601 siquidem
3160 5548 3259 5588 nec
3299 5549 3470 5603 penna
3507 5535 3635 5589 huic
3662 5538 3813 5590 velo—

2247 5620 2362 5675 cior
2408 5621 2678 5682 invenitur
2710 5642 2721 5679 :
2756 5624 2853 5681 sed
2904 5637 3103 5694 quanta
3139 5628 3285 5681 carni
3323 5636 3519 5682 nostrae
3557 5630 3628 5683 ob
3662 5628 3818 5684 iniit-
