4000 6468
257 462 396 527 ιω

1517 472 1609 529 DE
1645 473 2115 547 INCORPORALI
2151 476 2392 535 ANIMA.

3435 489 3577 548 ηις

279 578 525 636 nitatem
568 566 787 635 duass
822 579 1103 648 videntur,
1143 583 1259 641 liae
1304 586 1532 646 fortiora
1571 591 1878 651 emciuntur
1905 600 1953 658 Α
1982 597 2133 654 dives
2156 598 2250 671 qui
2278 597 2742 664 creavitbeus,et
2766 600 2856 670 qui
2884 600 3077 669 dignus
3105 611 3189 658 est
3210 602 3426 659 habitus
3445 620 3574 659 sen-

280 668 494 726 virtute
518 679 717 725 sensus
743 682 804 727 et
832 673 1122 742 cogitatus.
1155 676 1270 733 Non
1295 689 1477 749 potest
1518 687 1702 740 nostra
1730 689 1877 759 aspi-

288 762 442 816 ratio
466 762 758 831 plurimum
791 768 1036 822 contueri
1076 769 1130 824 in
1181 773 1340 826 mari.
1374 773 1513 840 Quid
1542 779 1719 846 ergo?
1748 795 1877 835 num

279 850 513 923 aufugit
533 868 630 909 nos
658 869 813 914 mare
838 857 861 910 l
905 856 1096 914 Nosne
1120 859 1171 914 ei
1206 860 1323 932 (42)
1350 865 1521 921 maris
1551 866 1877 937 profundum

284 944 575 1012 cogitatus
620 944 869 1014 invenit,
897 959 958 1005 ut
1013 967 1157 1008 nunc
1187 955 1405 1025 quidem
1444 955 1599 1014 funes
1649 960 1704 1015 in
1738 962 1875 1017 mari

287 1036 625 1106 deponeret,
660 1055 803 1097 nunc
835 1044 971 1098 retia
998 1050 1352 1115 expanderet,
1382 1050 1490 1106 alio
1511 1061 1690 1109 autem
1736 1064 1875 1111 tem-

278 1139 435 1195 pore
480 1127 588 1182 alia
638 1131 1072 1190 machinamenta
1112 1136 1472 1197 immitteret?
1521 1143 1786 1212 siquidem
1818 1154 1876 1200 et

270 1230 626 1287 percanuas
676 1223 745 1277 ad
776 1222 1103 1293 profundum
1153 1232 1446 1300 pervenit,
1494 1242 1551 1290 et
1597 1250 1697 1305 per
1725 1243 1873 1291 setas

271 1316 575 1376 operatur.
621 1306 742 1366 lam
776 1322 953 1369 autem
982 1324 1041 1371 et
1070 1321 1398 1385 margaritas
1423 1332 1677 1380 scrutans
1722 1326 1873 1381 inve-

273 1400 399 1465 lait,
422 1410 477 1456 et
509 1402 796 1471 spirationi
842 1416 1043 1462 nostra
1070 1400 1318 1478 deposuit
1348 1414 1622 1471 solatium.
1652 1415 1721 1471 Et
1755 1416 1870 1486 pri-

241 1495 247 1505 “
272 1503 388 1544 mo
415 1492 657 1560 quidem,
684 1496 957 1563 quomodo
992 1498 1258 1558 intellexit
1280 1519 1344 1559 ea
1383 1520 1500 1575 qua:
1525 1507 1578 1562 in
1602 1508 1869 1578 profundo

270 1581 461 1635 maris
490 1593 617 1637 sunt
649 1585 823 1655 posita
844 1587 869 1641 Υ
891 1596 946 1643 et
968 1588 1090 1644 dein
1116 1597 1389 1660 quomodo
1416 1600 1583 1668 cmpit
1611 1600 1747 1670 (ὁδὶ,
1772 1611 1870 1657 aut

274 1672 513 1738 agnovit
541 1688 697 1730 usum
730 1690 940 1745 eorum,
973 1693 1033 1737 ut
1061 1687 1307 1755 quaedam
1339 1690 1557 1759 quidem
1583 1704 1868 1763 separaret

270 1761 360 1816 ad
381 1776 588 1830 escam,
619 1770 866 1836 quaedam
896 1783 1076 1830 autem
1127 1783 1447 1837 reconderet
1479 1784 1545 1839 ad
1572 1761 1861 1851 medelam,

276 1852 398 1906 alia
426 1853 651 1926 eligeret
678 1860 746 1914 ad
784 1872 1034 1920 ornatum
1061 1867 1084 1920 τ
1123 1868 1337 1925 Invenit
1383 1883 1563 1929 autem
1592 1885 1647 1930 et
1675 1877 1779 1932 iter
1807 1878 1863 1932 in

1985 702 2078 743 sus
2123 688 2217 743 tali
2255 687 2473 754 divitia,
2536 697 2595 744 ut
2635 689 2752 745 haec
2794 690 2975 745 omnia
3026 699 3381 749 scrutaretur.
3432 693 3578 752 Vidit

1984 779 2128 834 enim
2161 779 2429 850 cogitatus
2457 779 2511 834 in
2540 779 2732 835 sabulo
2750 780 2968 836 vitrum.
2999 777 3214 838 intuere
3239 796 3371 852 ergo
3399 798 3577 853 quau-

1985 876 2099 923 tum
2128 869 2297 927 distat
2326 871 2597 940 cogitatus
2622 885 2656 926 a
2688 886 2937 943 corpore.
2977 872 3120 942 Quid
3150 873 3294 930 videt
3329 876 3522 932 oculus
3548 874 3577 933 τ

1980 959 2228 1017 sabulum
2258 976 2275 1016 :
2306 961 2437 1033 quid
2457 961 2603 1019 videt
2619 978 2813 1019 sensus
2837 963 3100 1019 l‘vitrum.
3130 963 3367 1030 intueris
3403 966 3573 1024 alium

1936 1084 1943 1085 κ
1980 1058 2036 1104 et
2062 1049 2226 1107 alium
2259 1050 2393 1108 :ill'e
2430 1054 2575 1108 enim
2601 1052 2750 1108 videt
2778 1053 3052 1120 sabulum,
3075 1054 3178 1111 iste
3212 1066 3391 1112 autem
3421 1057 3571 1143 videt

1979 1142 2203 1207 vitrum,
2236 1144 2380 1213 quod
2407 1145 2638 1200 necdum
2671 1154 2772 1201 est.
2810 1144 2953 1216 Ergo
2995 1160 3101 1202 non
3142 1147 3334 1205 oculus
3368 1148 3566 1219 corpo-

1980 1229 2108 1287 ralis
2135 1232 2395 1297 iutuetur,
2427 1233 2519 1303 qui
2548 1248 2647 1289 nec
2671 1234 2819 1291 videt
2844 1234 2945 1290 nisi
2967 1233 3206 1292 adfuerit
3227 1237 3431 1293 anima.
3457 1235 3569 1297 Sed

1976 1331 2033 1377 et
2061 1337 2185 1378 cum
2214 1322 2428 1379 videtur
2458 1323 2663 1391 videre,
2676 1323 2833 1381 aliter
2849 1325 2992 1381 videt
3032 1341 3231 1398 corpus
3260 1335 3317 1382 et
3340 1327 3567 1387 oculus:

1975 1422 2031 1466 et
2064 1420 2216 1468 certe
2248 1413 2431 1468 anima
2455 1413 2602 1469 videt
2650 1429 2748 1484 per
2783 1431 2909 1471 eum
2937 1432 2958 1470 τ
2993 1416 3151 1473 aliter
3188 1418 3432 1474 intuetur
3470 1434 3568 1477 co-

1975 1505 2231 1575 gitatus-a
2266 1506 2580 1575 semetipso.
2622 1504 2741 1562 Non
2774 1506 3147 1579 vidit’corpus
3184 1520 3561 1578 aerameutum,

1976 1611 2079 1651 non
2100 1591 2235 1651 vidit
2262 1611 2460 1667 corpus
2484 1598 2721 1662 ferrum,
2750 1596 3010 1669 sudiapis
3047 1608 3169 1656 erat
3196 1609 3251 1656 et
3271 1610 3437 1658 terra.
3457 1602 3563 1659 Co-

1971 1688 2172 1758 gitatus
2213 1696 2393 1745 autem
2429 1687 2618 1745 videns
2654 1704 2777 1760 qua
2799 1704 2905 1745 non
2934 1689 3564 1757 videbanturmstimans

1970 1780 2100 1850 quid
2139 1778 2383 1836 facturus
2408 1790 2557 1837 esset
2583 1781 2745 1854 ignis,
2760 1782 2805 1838 si
2828 1782 3206 1839 confabulatus
3237 1793 3397 1840 terra:
3425 1783 3565 1842 luis-

1970 1880 2055 1927 set
2085 1870 2189 1926 isle
2214 1871 2350 1942 (44),
2373 1887 2479 1927 non
2507 1882 2687 1927 tamen
2715 1874 2864 1929 omni
2881 1889 2905 1940 ;'
2927 1880 2981 1930 et
3024 1872 3099 1927 illi
3138 1873 3322 1944 lapidi,
3366 1883 3422 1930 et
3456 1890 3563 1932 non

273 1946 450 1999 mari.
479 1948 765 2019 Accipiens
797 1956 943 2009 enim
975 1972 1007 2012 e
1041 1968 1182 2014 terra
1228 1963 1757 2032 arbores..vehicula
1808 1968 1863 2024 in
1896 1952 1943 2008 Β
1967 1961 2137 2018 οωηίο
2170 1961 2431 2029 Qualem
2458 1964 2603 2019 enim
2643 1974 2997 2020 πηωεηιυω
3027 1974 3228 2021 ιθτινιιω
3258 1968 3564 2037 “mpii.”

275 2034 540 2094 dorsibus
567 2053 827 2110 Operatus
854 2056 937 2100 est
967 2050 1155 2106 maris.
1189 2051 1470 2110 Generans
1518 2057 1662 2112 enim
1715 2068 1862 2115 artes

274 2134 381 2179 aut
414 2127 716 2197 suscipiens
741 2171 755 2194 ,
788 2134 854 2187 ad
886 2150 949 2190 ea
986 2150 1119 2193 usus
1149 2151 1372 2210 estquae
1410 2147 1641 2214 accepit,
1679 2157 1738 2203 et
1786 2157 1863 2204 te-

276 2226 463 2271 statur
507 2229 754 2276 creatura
798 2226 1061 2293 sapientis
1082 2245 1179 2299 per
1211 2234 1389 2288 omnia
1420 2234 1538 2290 Dei.
1567 2237 1862 2310 Accipiens

270 2306 431 2362 enim
478 2324 669 2379 aquam
694 2322 749 2367 et
779 2315 956 2384 ignem
983 2328 1039 2374 et
1072 2329 1273 2377 terram
1312 2334 1369 2379 et
1398 2341 1579 2382 aerem
1610 2340 1665 2384 et
1696 2306 1861 2389 arbo-

275 2412 375 2452 res
424 2408 481 2455 et
524 2417 674 2457 mare
724 2414 778 2459 et
809 2406 987 2465 fontes
1010 2421 1067 2465 et
1100 2422 1311 2471 montes
1333 2426 1387 2472 et
1424 2434 1684 2490 campos,
1722 2425 1860 2480 nihil

274 2489 476 2545 horum
516 2492 591 2548 ita
618 2507 673 2550 ut
698 2501 906 2569 accepit
931 2503 1165 2559 otiosum
1211 2521 1335 2563 esse
1373 2489 1641 2579 permisit.
1685 2515 1856 2572 Coac-

270 2592 501 2648 ceperat
532 2586 673 2641 enim
706 2590 972 2647 virtutem
1016 2592 1283 2665 cogitatus
1334 2610 1391 2655 et
1440 2605 1741 2673 sapientiae.
1790 2608 1859 2665 Et

276 2672 405 2727 ideo
430 2677 782 2736 considerans
812 2698 872 2738 ea
910 2700 1029 2754 qua:
1060 2688 1259 2745 iuidem
1292 2704 1451 2749 erant
1475 2672 1686 2753 occulta
1708 2742 1725 2767 ,
1754 2702 1855 2756 ba-

273 2764 397 2819 buit
425 2782 667 2837 sensum,
696 2783 755 2827 ut
774 2774 823 2829 ei
862 2776 1141 2834 adveniret
1164 2790 1220 2836 et
1251 2797 1572 2852 operaretur
1592 2801 1647 2845 et
1674 2764 1855 2849 utere-

275 2863 387 2908 tur.
422 2857 647 2931 Accepit
677 2866 823 2921 enim
851 2869 1061 2940 ignem,
1096 2884 1151 2930 et
1184 2877 1391 2934 invenit
1418 2882 1675 2940 solatium
1703 2896 1855 2945 tene-

274 2945 394 3002 bris
415 2958 468 3005 et
489 2955 663 3009 noctis
690 2958 955 3016 obscurae.
985 2963 1197 3023 Invenit
1224 2972 1498 3039 quomodo
1541 2991 1610 3031 ex
1656 2977 1851 3049 lapidi-

273 3038 380 3095 bus
411 3040 640 3100 efﬁcitur
670 3048 872 3107 ferrum
907 3072 921 3107 :
960 3054 1165 3113 invenit
1210 3038 1480 3130 quomodo
1523 3079 1668 3125 esset
1710 3038 1851 3127 iera-

276 3142 519 3188 mentum
547 3146 764 3197 eterra.
790 3142 999 3201 luveuit
1029 3157 1302 3220 quomodo
1329 3170 1523 3212 aurum
1568 3172 1847 3232 purgatur,

272 3226 545 3316 quomodo
610 3245 893 3300 argentum
947 3240 1183 3309 colatur,
1239 3249 1511 3316 quomodo

272 3313 539 3373 coriﬂatur
568 3330 624 3375 et
674 3324 894 3393 ferrum,
926 3340 981 3385 et
1007 3313 1277 3401 quomodo
1300 3352 1367 3393 ex
1419 3342 1505 3396 bis
1535 3313 1662 3399 vasa
1706 3333 1849 3417 ligu?

272 3415 484 3473 rantur,
520 3420 574 3464 et
620 3425 869 3472 vasorum
924 3422 1201 3489 varietas,
1245 3438 1299 3483 et
1339 3446 1458 3501 qua:
1503 3435 1571 3489 ad
1603 3415 1846 3506 tutelam,

272 3508 395 3601 quae
419 3500 485 3551 ad
514 3503 801 3572 medelam,
850 3524 971 3579 qua:
1019 3514 1087 3569 ad
1114 3500 1485 3587 operationem
1517 3534 1696 3594 terra,
1727 3500 1849 3601 qum

272 3588 343 3639 ad
373 3592 792 3666 navigationem,
830 3616 950 3670 quae
994 3607 1060 3661 ad
1094 3618 1317 3678 terram,
1342 3629 1461 3684 qua
1486 3619 1555 3673 ad
1585 3588 1845 3688 lapidem,

270 3692 392 3744 qua
422 3683 488 3735 ad
541 3684 705 3754 ligna,
747 3705 865 3759 qua
905 3694 970 3748 ad
1017 3712 1213 3766 aquam
1263 3683 1390 3758 sunt
1440 3683 1766 3777 necessaria,
1791 3683 1847 3768 et

268 3784 391 3873 qua
424 3779 677 3873 materies
706 3783 878 3853 magis
917 3791 1187 3855 quomodo
1210 3794 1490 3865 conﬂatur,
1514 3811 1570 3855 et
1594 3804 1725 3873 quid
1754 3807 1847 3861 de-

264 3857 392 3915 beat
422 3865 690 3934 accipere,
722 3881 775 3925 et
816 3879 1083 3942 quomodo
1120 3895 1369 3951 oporteat
1416 3857 1697 3949 coellicere
1728 3898 1842 3966 spi-

265 3948 427 4003 ritum
460 3950 686 4013 ﬂamma:
707 3975 772 4013 ex
807 3962 928 4031 igne
960 3982 975 4020 :
1011 3948 1173 4026 tanta—
1190 3985 1316 4029 sunt
1339 3977 1501 4044 bona,
1534 3982 1713 4039 lumen
1742 3948 1842 4041 rio-

260 4039 457 4107 ctibus,
492 4047 695 4103 medela
718 4058 1121 4128 aegrotantibus,
1159 4078 1568 4133 operamentum
1609 4077 1839 4145 artibus,

260 4141 317 4229 et
346 4136 593 4203 agricolis
624 4147 985 4211 pugnantibus
1005 4152 1308 4224 tuitionem,
1332 4162 1572 4229 paciﬁcis
1597 4136 1839 4225 tutelam;

261 4218 461 4279 lterum
482 4240 660 4284 autem
682 4239 975 4294 secundum
999 4249 1417 4317 unumquodque
1432 4266 1839 4322 cperamentum

258 4320 317 4365 et
364 4328 476 4380 vas,
514 4332 711 4387 quanta
754 4327 893 4395 ignis
936 4342 1188 4399 operatur
1226 4342 1656 4402 consideremus.
1687 4348 1841 4406 Fecit

258 4417 471 4471 aurum,
495 4421 550 4463 et
579 4428 643 4466 ex
671 4432 805 4471 auro
844 4427 991 4479 tanta
1016 4441 1031 4491 ;
1060 4441 1340 4498 argentum
1362 4474 1377 4500 ,
1412 4445 1466 4490 et
1500 4453 1567 4491 ex
1613 4452 1838 4509 argento

258 4505 368 4549 tam
416 4500 623 4566 multa;
663 4517 717 4559 et
754 4506 1128 4583 aeranientum,
1165 4529 1219 4574 et
1266 4537 1334 4577 ex
1392 4526 1508 4594 ipso
1539 4530 1592 4583 in
1648 4534 1838 4601 primis

254 4589 581 4654 necessaria;
605 4604 659 4647 et
688 4605 1105 4673 unumquodque
1135 4612 1275 4677 quod
1313 4589 1545 4671 colatum
1580 4589 1674 4676 aut
1701 4638 1833 4679 cou-

253 4675 437 4736 ﬂatum
479 4692 579 4751 est,
632 4692 807 4757 primo
854 4698 1068 4764 quidem
1112 4675 1388 4764 inventum
1424 4723 1528 4779 est,
1561 4714 1682 4771 dein
1714 4720 1826 4775 dis-

251 4782 498 4840 cretum,
549 4789 603 4833 et
639 4794 754 4850 post
804 4789 1127 4856 conlectum.
1180 4806 1233 4851 et
1274 4800 1343 4853 ita
1400 4819 1575 4860 usum.
1633 4809 1829 4867 Didicit

246 5237 358 5281 tum
387 5232 530 5290 enim
566 5235 715 5290 dives
747 5250 828 5293 est
853 5246 944 5311 qui
971 5248 1181 5314 tribuit,
1208 5262 1261 5306 et
1292 5232 1496 5310 tantum
1520 5261 1719 5317 ditatus
1738 5278 1823 5321 cst

243 5320 334 5389 qui
362 5327 594 5393 suscepit
619 5346 632 5393 ;
664 5330 809 5396 quia,
840 5334 882 5385 si
916 5337 1240 5397 voluerimus
1259 5350 1603 5419 contendere,
1623 5364 1678 5408 et
1705 5367 1821 5411 tan-

247 5421 353 5463 tum
399 5427 467 5466 ex
492 5417 721 5483 Opiﬁciis
752 5421 927 5491 ignem
965 5441 1254 5499 exponere,
1297 5446 1350 5489 et
1386 5439 1537 5495 utilia
1585 5461 1703 5513 quae
1748 5465 1812 5502 ex

245 5501 362 5569 igne
398 5516 524 5559 sunt
554 5511 918 5579 manifestare,
966 5524 1191 5577 transiet
1236 5543 1337 5583 nox
1375 5533 1658 5599 conjuncta
1689 5538 1814 5605 diei,

239 5600 295 5646 et
320 5597 612 5653 manebunt
641 5603 778 5672 ignis
808 5607 973 5665 solius
1006 5627 1111 5669 non
1147 5616 1327 5687 plena.
1371 5597 1609 5695 Apparet
1634 5597 1813 5685 autem

307 5811 422 5886 (te)
455 5814 539 5886 Ei.
580 5818 760 5886 Forte,
791 5834 857 5878 et.

308 5880 420 5956 (43)
451 5884 629 5956 Carpit.
668 5880 848 5963 Forte,
888 5899 1040 5968 cepit.

1966 2066 2213 2122 quaerens
2249 2053 2454 2109 ferrum
2497 2054 2728 2125 lapidem
2777 2056 3047 2127 sumpsit;
3077 2064 3133 2113 et
3175 2073 3281 2113 non
3331 2061 3559 2128 erravit,

1964 2144 2059 2199 sed
2091 2146 2312 2215 agnovit
2349 2145 2403 2199 in
2432 2155 2696 2215 quantum
2726 2146 2951 2203 deberet
2989 2148 3098 2219 igni
3133 2150 3466 2219 permittere.
3500 2151 3560 2206 Si

1962 2233 2106 2288 enim
2138 2235 2417 2290 transierit
2447 2250 2757 2292 mensuram
2783 2252 2813 2292 a
2838 2237 2947 2293 Deo
2978 2250 3277 2309 acceptam,
3309 2241 3447 2313 ignis
3463 2244 3559 2313 qui

1961 2332 2155 2395 purgat
2185 2328 2480 2386 consumit.
2510 2329 2592 2382 Ita
2629 2327 2684 2383 in
2716 2327 3022 2386 istiusmodi
3051 2332 3297 2389 materiis
3331 2334 3558 2393 immisit

1961 2414 2231 2483 cogitatus
2260 2428 2417 2471 suam
2448 2417 2892 2485 admirationem,
2926 2420 2981 2475 in
3023 2421 3171 2477 vasis
3200 2437 3353 2479 suam
3379 2425 3559 2481 varie-

1961 2509 2147 2569 tatem,
2170 2489 2223 2557 in
2244 2505 2650 2572 operationibus
2671 2523 2824 2563 suam
2849 2509 3125 2575 virtutem,
3158 2511 3209 2564 in
3233 2527 3558 2582 operameu-

1961 2593 2029 2647 tis
2052 2609 2203 2648 suam
2230 2596 2579 2665 sapientiam.
2614 2598 2917 2656 Procreans
2948 2601 3091 2657 enim
3134 2604 3330 2658 artium
3363 2614 3555 2675 gentes

1958 2694 2012 2739 et
2037 2685 2443 2756 disciplinarum
2468 2690 2722 2759 populos,
2757 2692 2813 2746 et
2858 2694 3109 2752 nationes
3144 2706 3199 2751 et
3241 2712 3466 2768 genera.
3498 2708 3556 2757 et

1957 2790 2217 2845 separans
2246 2778 2350 2833 alia
2388 2779 2570 2845 aliter,
2614 2789 2670 2837 et
2690 2783 2743 2837 in
2772 2784 2877 2840 alio
2906 2800 3070 2856 opere
3109 2787 3269 2843 aliter
3294 2797 3555 2859 operatus

1956 2877 2041 2921 est
2062 2870 2353 2941 unicuique
2378 2885 2727 2945 operamenta
2753 2887 3023 2946 separata,
3047 2889 3101 2937 et
3129 2884 3402 2953 suggessit
3428 2899 3548 2941 ma-

1955 2960 2157 3027 terias;
2202 2972 2257 3017 et
2292 2962 2437 3019 illam
2465 2965 2684 3035 quidem
2712 2968 2894 3039 posuit
2919 2985 3073 3038 auro,
3094 2972 3256 3028 aliam
3277 2978 3553 3047 separavit

1952 3074 2021 3129 ad
2051 3088 2359 3146 argentum,
2378 3080 2609 3137 alteram
2644 3084 2709 3139 ad
2737 3097 3197 3156 mramentum,.et
3222 3092 3339 3151 alite
3361 3102 3548 3151 osten-

1955 3164 2037 3219 dit
2063 3163 2291 3234 lerrum,
2320 3171 2439 3226 alia:
2463 3173 2855 3233 demonstravit
2876 3179 3148 3249 sabulum,
3177 3190 3231 3238 et
3260 3198 3328 3238 ex
3354 3184 3547 3243 sabulo

1570 3253 1851 3340 plumbum
1875 3282 1922 3344 ρ
1952 3254 2190 3312 fructum
2223 3260 2369 3316 vitri.
2404 3263 2540 3320 Aliae
2563 3268 2716 3323 dedit
2744 3269 2990 3327 invenire
3016 3281 3260 3328 naturam
3287 3277 3547 3333 arborum

1953 3356 2007 3400 et
2028 3350 2397 3417 operationem
2419 3364 2472 3409 et
2500 3371 2657 3412 usum
2690 3368 2746 3415 et
2778 3369 3041 3431 tempora.
3066 3362 3197 3418 Aliae
3223 3363 3433 3421 fructus
3452 3380 3548 3421 eo-

1953 3449 2095 3503 rum,
2118 3436 2242 3494 aliar
2262 3440 2527 3498 culturam
2558 3461 2773 3517 eorum,
2810 3449 2931 3506 alia:
2983 3453 3413 3511 adinveutionem
3448 3471 3545 3511 eo-

1952 3542 2095 3594 rum,
2126 3530 2247 3587 alite
2273 3536 2535 3590 medelam
2564 3553 2633 3593 ex
2659 3539 2809 3610 ipsis,
2828 3551 2883 3596 et
2910 3543 3009 3612 ipsi
3045 3544 3328 3601 medicina:
3354 3557 3543 3605 nostra

1950 3633 2176 3688 corpora
2201 3622 2364 3692 :quid
2396 3626 2619 3685 deberet
2643 3631 2953 3698 amburere,
2981 3636 3109 3705 quid
3136 3648 3415 3706 oporteret
3436 3653 3539 3695 co-

1950 3725 2137 3779 quere,
2162 3728 2285 3769 cum
2312 3730 2421 3787 quo
2450 3719 2671 3776 deberet
2698 3723 2960 3793 miscere;
2982 3727 3110 3796 quid
3132 3726 3354 3784 deberet
3380 3744 3542 3801 sepa-

1948 3804 2110 3859 ratim
2168 3805 2389 3876 oﬂ‘erre,
2420 3810 2550 3883 quid
2596 3817 2916 3872 conveniret
2944 3834 3068 3874 cum
3108 3819 3381 3890 plurimis,
3406 3822 3540 3893 quid

1947 3896 2196 3964 crudum,
2230 3900 2358 3969 quid
2389 3902 2776 3972 incipientibus
2804 3908 3091 3965 morbiset
3142 3911 3217 3966 illi
3269 3912 3536 3984 passioni,

1946 3989 2074 4056 quid
2100 3999 2277 4044 autem
2301 3999 2637 4063 promoventi
2670 4010 2725 4052 et
2753 3998 2863 4067 jam
2895 4000 3073 4070 posito
3106 4002 3161 4058 in
3200 4006 3535 4073 cessatione,

1944 4079 2071 4147 quid
2101 4081 2263 4136 etiam
2314 4084 2369 4138 in
2402 4086 2688 4143 insistendi
2718 4092 2893 4157 initio,
2922 4094 3052 4164 quid
3081 4109 3213 4151 vero
3253 4098 3535 4167 reddenti,

1943 4178 1999 4222 et
2031 4172 2304 4239 credenti,
2335 4186 2389 4231 et
2420 4180 2713 4235 recedenti.
2745 4181 2863 4237 Non
2897 4186 3143 4255 despexit
3178 4201 3279 4244 nec
3316 4190 3533 4247 anima-

1944 4260 2070 4315 lium
2101 4260 2329 4328 fructus,
2351 4270 2443 4322 sed
2478 4272 2705 4329 totondit
2723 4275 2875 4329 nobis
2891 4275 3204 4332 indumenta
3227 4293 3296 4335 ex
3316 4280 3533 4350 ovibus,

1943 4352 2176 4430 totondit
2207 4366 2262 4409 et
2292 4370 2323 4410 e
2353 4360 2534 4426 capris
2565 4361 2826 4430 plurimos
2852 4380 3001 4420 usus.
3032 4365 3098 4420 Et
3135 4383 3239 4422 non
3267 4380 3351 4425 est
3381 4370 3533 4429 diuu-

1940 4420 2154 4499 me‘rare
2170 4433 2379 4515 ~quanta
2407 4464 2474 4505 ex
2510 4452 2835 4511 animalibus
2863 4466 2919 4511 et
2947 4456 3221 4515 alimoniis
3254 4461 3411 4518 nobis
3433 4462 3531 4521 de-

1939 4536 2081 4592 derit
2108 4539 2173 4592 ad
2198 4542 2559 4608 operimenta,
2588 4546 2653 4599 ad
2692 4561 2867 4610 usum,
2907 4550 2975 4602 ad
2997 4551 3373 4616 medelam,ad
3397 4568 3531 4625 ope-

1862 4619 1912 4677 D
1938 4642 1996 4680 ra
2026 4643 2043 4681 :
2071 4640 2275 4697 quanta
2313 4647 2379 4686 ex
2404 4634 2929 4708 arboribus,.quanta
2957 4655 2989 4694 e
3028 4643 3192 4705 saxis,
3222 4655 3423 4714 quanta
3456 4662 3527 4704 ex

1937 4718 2113 4789 aquis,
2155 4732 2354 4792 quanta
2396 4741 2464 4783 ex
2496 4731 2803 4785 natantibus
2836 4742 2891 4787 et
2932 4732 3243 4791 volantibus
3270 4775 3286 4804 ,
3316 4748 3527 4806 quanta

1935 4825 2003 4865 ex
2028 4826 2161 4866 auro
2187 4824 2242 4867 et
2282 4827 2525 4887 argento,
2560 4832 2613 4875 et
2660 4821 2839 4893 lignis,
2873 4836 2927 4880 et
2967 4824 3257 4897 lapidibus,
3292 4838 3347 4885 et
3384 4845 3524 4888 aera-

1936 4910 2137 4967 mento,
2164 4915 2218 4959 et
2248 4905 2413 4972 ferro,
2440 4920 2493 4964 et
2525 4911 2762 4978 plumbo,
2792 4924 2847 4971 et
2877 4932 2996 4986 quae.
3050 4919 3415 4979 amburuntur
3465 4931 3523 4979 et

1936 5003 2041 5042 non
2071 4992 2448 5064 amburuntur,
2479 5010 2533 5054 et
2564 5012 2937 5072 attenuamur,
2967 5017 3020 5063 et
3046 5021 3432 5069 contexuntur.
3453 5014 3525 5072 Et

1935 5080 2064 5135 mihi
2094 5084 2308 5150 quidem
2338 5087 2552 5144 videtur
2584 5095 2852 5163 cogitatus
2878 5098 2950 5152 ita
2978 5114 3098 5156 esse
3123 5103 3265 5157 sicut
3286 5105 3370 5159 vir
3397 5107 3520 5176 qui-

1928 5173 2055 5226 dam
2089 5176 2258 5241 dives,
2283 5197 2377 5235 sua
2402 5186 2627 5253 cupiens
2653 5188 3011 5256 dinumerare,
3036 5204 3091 5249 et
3114 5199 3347 5252 scrutari
3373 5216 3385 5263 ;
3407 5214 3516 5255 non

1930 5265 2148 5332 sufﬁcit,
2176 5270 2269 5324 sed
2320 5273 2390 5341 ob
2424 5277 2821 5335 multitudinem
2852 5285 3258 5352 possessionum
3285 5298 3340 5343 et
3386 5291 3515 5346 sub-

1929 5360 2163 5425 stantiae,
2193 5378 2368 5433 neque
2422 5370 2727 5427 rationibus
2776 5385 2870 5428 aut
2910 5377 3159 5433 sensibus
3188 5394 3384 5436 vacare
3412 5397 3513 5453 po-

1926 5459 2065 5515 tens,
2089 5454 2183 5508 sed
2200 5468 2484 5524 Superatus
2515 5464 2582 5516 ab
2601 5464 2684 5518 bis
2706 5480 2824 5533 qua:
2842 5468 3025 5533 habet,
3045 5480 3225 5526 manet
3243 5472 3510 5531 incertus.

1925 5542 2057 5597 Tale
2084 5549 2267 5602 nescio
2284 5550 2410 5618 quid
2428 5563 2483 5605 et
2505 5571 2646 5609 nunc
2668 5572 2859 5626 passus
2879 5569 2961 5615 est
2988 5564 3280 5632 cogitatus.
3306 5563 3514 5625 Similis

1924 5634 2069 5688 enim
2099 5646 2185 5692 est
2210 5639 2260 5694 ei
2292 5642 2381 5710 qui
2418 5643 2611 5701 ﬂuctus
2647 5651 2975 5708 dinumerat.
3010 5652 3068 5709 in
3098 5671 3164 5711 eo
3208 5658 3352 5712 enim
3382 5661 3512 5718 dum

1917 5852 2273 5986 “Easdem.
2308 5865 2492 5936 Forte,
2522 5872 2629 5929 isti.
2652 5905 2678 5917 -
2707 5907 2720 5916 -
2745 5876 3145 5947 Confabulatum
3186 5880 3308 5938 Vid.
3355 5899 3503 5959 supr.
