4000 6414
539 413 677 469 ωδ

1181 410 1451 467 ευδεθη
1486 397 1965 465 CESARIENSIS
2004 407 2151 463 OPP.
2202 406 2375 464 PARS
2415 406 2502 461 iV.
2544 436 2615 449 -
2654 405 3073 462 DOGMATICA.

3657 406 3787 459 il“

537 538 785 591 volumus
836 535 1219 605 proprietatem
1265 533 1383 599 ejus
1434 532 1487 585 in
1528 532 1639 602 igni
1677 532 1895 597 videre,
1928 546 2113 587 exsur—
2139 535 2186 593 Α
2214 544 2281 584 ex
2311 530 2465 584 bonis
2501 529 2781 602 angustari
2809 527 2924 601 (ιε)
2958 542 3055 581 nos
3096 539 3202 580 non
3234 526 3436 595 pigeat,
3466 525 3563 581 sed
3587 537 3795 595 quanto

538 627 678 680 rexit
697 640 763 679 ex
791 636 939 678 mare
966 623 1069 676 alia
1106 623 1273 682 unda,
1303 631 1359 677 et
1387 618 1525 673 alius
1552 630 1763 677 meatus
1790 634 1823 675 a
1864 618 2106 685 ﬂumine,

537 728 645 783 etIa
674 698 926 780 fontibus,
960 725 1016 770 et
1045 714 1113 768 ab
1140 712 1242 767 illis
1273 712 1637 783 irrigationes,
1662 722 1716 765 et
1761 725 1890 766 usus
1914 726 1979 765 ex
2015 726 2107 765 ar-

537 806 778 871 boribus,
811 822 843 859 a
894 805 1180 869 fructibus,
1230 820 1259 857 a
1313 805 1612 869 radicibus,
1645 818 1676 858 a
1709 802 1870 863 foliis,
1903 802 1973 856 ab
2022 802 2109 857 his

535 913 653 967 qua:
680 913 709 950 a
763 896 896 954 foris
919 899 1065 951 etab
1102 897 1245 952 intus
1271 896 1562 961 habemur,
1596 906 1652 950 et
1693 895 1745 950 in
1786 894 2107 969 animalibus

536 1002 655 1057 qua
682 1003 711 1041 a
735 988 867 1043 foris
893 997 946 1043 et
970 988 1038 1041 ab
1064 987 1208 1041 intus
1227 996 1372 1049 sunt,
1393 995 1445 1041 et
1468 986 1631 1055 pelles
1652 985 1719 1039 ad
1739 983 1900 1039 alium
1925 999 2105 1049 usum,

536 1090 589 1134 et
606 1093 727 1135 ossa
754 1080 819 1133 ad
833 1080 1053 1133 alteram
1076 1080 1470 1134 necessitatem.
1488 1077 1553 1132 Et
1576 1091 1644 1131 ne
1664 1077 1877 1147 quidem
1895 1086 2107 1139 stercus

537 1171 724 1226 inutile
752 1171 983 1235 exstitit,
1020 1169 1350 1240 pretiositate
1408 1168 1675 1238 cogitatus
1722 1168 2103 1237 appretiatum.

538 1261 641 1317 Sed
669 1278 1051 1331 nonnunquam
1081 1272 1134 1315 et
1159 1278 1190 1316 e
1212 1262 1497 1319 messibus.
1515 1261 1638 1329 quia
1675 1260 1899 1315 multum
1924 1260 2105 1315 attulit

536 1362 702 1419 terra,
716 1353 943 1422 plurima
970 1355 1357 1422 relinquuntur.
1376 1354 1500 1424 quia
1515 1368 1618 1408 non
1634 1363 1811 1423 potest
1823 1367 2105 1422 possessor

534 1440 788 1512 colligere
818 1452 1015 1511 quanta
1041 1452 1095 1495 et
1119 1442 1436 1507 seminavit,
1468 1453 1522 1497 et
1567 1455 1707 1497 terra
1736 1444 2103 1511 multiplicans

534 1531 784 1599 prazbuit.
803 1530 1051 1585 Maneant
1072 1531 1232 1600 igitur
1251 1530 1442 1586 ﬂuctus
1462 1544 1514 1585 et
1536 1533 1799 1585 undarum
1832 1531 2099 1599 procella,

533 1631 591 1675 et
629 1636 838 1677 meatus
882 1622 1163 1677 ﬂuviorum
1191 1632 1245 1677 et
1273 1624 1469 1689 fontes,
1498 1633 1553 1679 et
1583 1639 1916 1694 quacunque
1951 1625 2102 1679 dere-

534 1712 659 1767 licta
704 1723 829 1768 sunt
870 1715 935 1768 de
976 1714 1263 1778 fructibus,
1308 1716 1579 1786 c0gitatus
1615 1727 1671 1771 et
1717 1718 1999 1786 progenies
2044 1725 2100 1769 et

534 1818 695 1873 opera
730 1822 744 1858 :
774 1814 1096 1875 etputantes
1120 1822 1221 1861 nos
1251 1808 1408 1861 hodie
1431 1808 1654 1875 implere
1686 1823 1844 1876 posse
1876 1822 1940 1862 ea
1975 1822 2097 1875 qua

2208 619 2545 689 potuerimus
2592 618 2957 673 scrutabimur
2998 631 3267 681 coronas,
3301 626 3485 686 utpote
3538 626 3794 673 sereutu

2206 711 2501 771 Altissimo,
2526 725 2592 764 ex
2624 710 2820 779 quibus
2848 710 2904 765 in
2949 716 3090 763 terra
3124 718 3179 762 et
3208 708 3346 762 mari
3390 717 3475 762 est
3503 718 3789 776 operatus.

2206 793 2549 871 Quaecunque
2595 810 2776 856 autem
2814 814 2914 854 nos
2966 799 3377 863 transcendunt,
3405 807 3460 854 et
3502 807 3793 867 superant,

2206 894 2261 946 in
2302 907 2367 948 eo
2393 892 2511 962 ipso
2553 892 2697 960 quod
2728 892 3017 957 vincimur,
3043 890 3239 945 victori
3277 890 3381 959 ipsi
3410 905 3480 945 ex
3529 892 3791 959 cperibus

2205 985 2317 1039 suis
2340 985 2449 1039 sint
2483 993 2540 1038 et
2566 984 2684 1038 ist:
2712 998 2945 1038 coronze.
2966 982 3283 1037 Betinentes
3307 984 3469 1050 igitur
3500 997 3795 1053 quousqu

2204 1090 2260 1132 et
2287 1078 2535 1147 pervenit
2561 1090 2767 1139 sermo,
2797 1076 3155 1130 recondamus
3192 1076 3462 1129 sermonis
3490 1076 3788 1143 reliquias;

2205 1179 2266 1223 ut
2293 1170 2487 1223 iterum
2512 1169 2578 1221 ad
2608 1168 2777 1235 ipsam
2798 1178 3037 1220 mensam
3060 1166 3334 1231 sedentes,
3367 1165 3569 1221 imrum
3594 1167 3790 1221 iisdem

2206 1260 2336 1330 ipsis
2373 1259 2620 1314 fruamur
2654 1258 2825 1313 bonis.
2863 1258 3036 1314 Unum
3064 1266 3241 1311 autem
3268 1267 3352 1311 est
3372 1257 3517 1327 quod
3547 1259 3707 1312 decet
3733 1265 3795 1312 et

2205 1367 2368 1417 nunc,
2406 1360 2466 1406 ut
2506 1350 2763 1407 reddatur
2786 1352 2837 1407 ei
2864 1352 2949 1405 cui
2982 1364 3197 1420 semper
3227 1352 3468 1406 redditur
3488 1365 3548 1405 et
3575 1366 3796 1421 semper

2204 1445 2451 1509 debetur,
2484 1443 2537 1497 in
2576 1444 2662 1499 his
2692 1458 2813 1513 qua
2844 1452 3234 1511 praeesserunt
3279 1442 3577 1512 gratiarum
3623 1442 3793 1506 actio,

2202 1544 2258 1589 et
2284 1534 2336 1587 in
2370 1534 2456 1589 bis
2487 1548 2610 1602 qua:
2647 1533 2907 1603 incipient
2932 1534 3101 1604 gloria
3129 1534 3241 1588 Deo
3260 1544 3447 1586 sancto
3472 1534 3565 1601 qui
3604 1534 3795 1588 omnia

2202 1626 2362 1680 nobis
2384 1625 2637 1695 subjecit,
2679 1639 2775 1696 per
2798 1623 3057 1694 Spiritum
3103 1626 3335 1695 cogitatu
3367 1640 3468 1679 nos
3501 1626 3799 1695 przhono-

2201 1718 2374 1770 ravit:
2391 1718 2473 1769 cui
2498 1724 2579 1770 est
2598 1732 2693 1785 per
2707 1717 3035 1787 unigenitum
3058 1732 3211 1769 suum
3231 1714 3426 1771 Filium
3440 1731 3567 1769 cum
3586 1715 3797 1783 Spiritu

2202 1817 2410 1869 sancto,
2451 1807 2644 1877 gloria,
2681 1809 2888 1876 honor,
2917 1809 3221 1878 imperium,
3253 1809 3530 1879 majestas,
3566 1816 3623 1863 et
3647 1822 3794 1861 nunc

535 1895 867 1963 resederant,
902 1897 1057 1965 plura
1093 1899 1352 1954 habentes
1384 1900 1683 1955 recedimus
1708 1909 1763 1955 et
1796 1901 1955 1956 hodie
1983 1917 1997 1954 :
2024 1903 2098 1957 ita
2128 1886 2172 1941 Β
2200 1910 2256 1956 et
2286 1915 2518 1968 semper,
2548 1910 2603 1957 et
2627 1914 2722 1972 per
2747 1903 2927 1957 omnia
2961 1902 3153 1956 mula
3200 1902 3541 1957 seculorum.
3590 1904 3795 1962 Amen.

1492 2290 2052 2405 EUSEBll
2142 2292 2828 2406 PAMPHILI

1060 2528 1209 2615 DE
1282 2525 1893 2616 SPlBITALI
1976 2522 2593 2617 COGITATU
2668 2526 3252 2643 HOMINIS,

1848 2718 2084 2780 LIBER
2125 2718 2485 2781 TERTIUS.

600 3066 717 3136 Ipse
740 3063 1085 3132 semetipsum
1109 3060 1373 3131 cogitatus
1399 3059 1597 3130 reiicit,
1619 3062 1732 3130 ipse
1753 3062 2103 3130 semetipsum
2132 3066 2176 3124 c
2209 3063 2385 3118 obfuit
2416 3062 2825 3124 festinantibus.
2869 3066 3205 3139 Frequenter
3235 3070 3378 3125 enim
3418 3074 3798 3143 tranquillitas

529 3158 737 3231 pascit,
764 3158 880 3225 ipse
907 3152 1250 3223 semetipsum
1285 3151 1567 3219 fortitlcat,
1613 3152 1725 3223 ipse
1756 3152 2110 3221 semetipsum

528 3249 853 3311 considerat.
870 3244 987 3316 Ipse
1003 3246 1145 3300 enim
1173 3245 1239 3299 ad
1256 3244 1597 3313 semetipsum
1618 3259 1675 3299 se
1690 3244 1919 3314 colligit,
1942 3252 1998 3298 et
2026 3257 2112 3299 se-

529 3341 815 3409 metipsum
865 3338 1133 3398 intuetur,
1166 3345 1219 3389 et
1270 3345 1509 3389 arctatur
1544 3335 1598 3390 in
1642 3334 1776 3391 suis.
1807 3333 1929 3389 Non
1966 3334 2109 3390 enim

531 3434 674 3487 sicut
712 3429 901 3485 oculus
949 3428 1051 3481 alia
1095 3426 1305 3495 quidem
1343 3427 1507 3492 videt,
1546 3426 1900 3497 semetipsum
1931 3433 2110 3480 autem

529 3522 728 3579 intueri
751 3536 855 3576 non
880 3529 1094 3591 potest;
1123 3520 1247 3588 quia
1278 3534 1377 3575 nec
1395 3534 1504 3574 suae
1535 3530 1744 3575 natura:
1768 3527 1851 3575 est
1878 3529 2013 3574 utse
2035 3534 2113 3574 re-

529 3614 746 3685 spiciat.
770 3611 886 3667 Non
914 3612 985 3665 ita
1018 3621 1069 3665 et
1100 3614 1385 3681 cogitatus.
1413 3611 1593 3681 Neque
1625 3614 1770 3666 enim
1819 3614 1968 3668 sicut
1996 3611 2112 3667 vul-

529 3714 617 3759 tus
653 3705 705 3759 in
740 3704 995 3773 speculo,
1026 3704 1077 3757 in
1113 3704 1218 3759 alio
1275 3704 1493 3773 quidem
1535 3705 1777 3771 videtur,
1809 3706 1876 3760 ad
1909 3714 2112 3760 semet-

528 3800 702 3867 ipsum
736 3806 915 3852 autem
950 3799 1189 3861 converti
1227 3814 1332 3853 non
1376 3808 1569 3868 potest.
1611 3798 1727 3853 Non
1761 3800 1832 3854 ita
1874 3808 1935 3855 et
1961 3799 2110 3869 cogi-

530 3893 673 3944 tatus
704 3889 961 3955 habetur;
1001 3891 1092 3943 sed
1120 3890 1463 3959 semetipsum
1502 3890 1668 3953 videt,
1694 3900 1749 3945 et
1780 3891 1895 3958 ipse
1926 3891 1991 3945 ad
2022 3904 2109 3944 se-

528 3982 815 4049 metipsum
841 3980 1175 4035 convertitur
1196 3991 1250 4035 et
1287 3996 1345 4034 se
1381 3982 1639 4047 intuetur,
1666 3991 1721 4036 et
1760 3983 1865 4037 alia
1911 3982 2103 4036 inulta.

528 4070 597 4125 Et
620 4086 726 4125 non
772 4071 911 4125 sicut
942 4086 1041 4125 vos
1080 4071 1287 4126 levibus
1326 4072 1644 4140 quibusdam
1667 4072 1781 4143 (ιθ)
1824 4071 2109 4128 oﬂ‘eradens

530 4170 767 4222 resonat,
796 4163 867 4215 ita
906 4171 960 4215 et
989 4162 1255 4233 cogitatus
1302 4165 1367 4217 ad
1402 4165 1748 4229 semetipsum
1795 4174 2021 4220 resonat
2050 4177 2107 4218 ut

528 4256 683 4311 echo.
723 4256 837 4310 Vox
866 4258 1007 4309 enim
1037 4254 1318 4310 oﬂ'endens
1345 4256 1562 4311 aliunde
1603 4258 1912 4327 respondet.
1938 4256 2103 4328 Ungi-

532 4357 675 4403 tatus
702 4358 879 4403 autem
917 4348 1032 4418 ipse
1083 4348 1429 4417 semetipsum
1482 4358 1777 4415 scrutatur,
1803 4357 1857 4403 et
1891 4342 2010 4418 ipse
2039 4349 2103 4401 ad

530 4437 877 4506 semetipsum
916 4447 1169 4504 tauquam
1203 4447 1494 4503 penetrans
1546 4438 1799 4501 recurrit,
1832 4448 1889 4493 et
1920 4437 2103 4493 revel-
2136 4400 2181 4455 Β

528 4531 673 4586 vitnr
701 4531 753 4584 in
794 4532 1102 4598 semetipso.
1134 4529 1411 4583 Diversum
1440 4540 1618 4583 autem
1658 4530 1761 4583 scit
1792 4545 1805 4581 :
1843 4544 1984 4584 nunc
2010 4538 2110 4583 .aut

530 4622 825 4691 desurgunt
876 4621 1158 4686 libidines,
1194 4630 1244 4676 et
1294 4622 1503 4691 spirant
1558 4623 2027 4692 concupiscentiae,
2053 4631 2111 4677 et

529 4711 798 4779 pelluntur
842 4726 1037 4771 metus.
1070 4725 1124 4766 et
1153 4729 1254 4768 non
1306 4716 1542 4769 salvatur
1575 4718 1717 4785 quod
1748 4718 1908 4785 sapit.
1946 4717 2110 4772 Inﬁt"

530 4820 706 4863 matur
733 4810 874 4863 enim
897 4820 947 4863 et
980 4808 1308 4863 fortissimus
1336 4809 1621 4877 cogitatus.
1644 4807 1778 4863 Cum
1806 4817 1983 4862 autem
2003 4825 2069 4877 pu
2090 4836 2111 4849 ο

529 4904 707 4957 dicitis
740 4903 901 4957 fuerit
947 4906 1192 4973 ingressa
1223 4912 1313 4957 aut
1336 4906 1592 4967 excitata,
1622 4906 1803 4957 statim
1846 4905 2104 4973 concupi-

528 4997 748 5049 scentiae
779 5004 835 5049 et
860 4995 1128 5058 libidines,
1177 5006 1235 5049 ut
1262 4996 1469 5051 ancillae
1502 5013 1620 5065 quae
1646 5007 1772 5051 ante
1806 4999 2098 5052 surrectio—

528 5102 649 5141 nem
676 5088 905 5142 dominas
936 5090 1283 5142 turbaverant
1313 5090 1551 5157 domum,
1570 5106 1689 5143 mox
1716 5102 1770 5143 ut
1804 5091 1913 5145 visa
1939 5090 2099 5145 fuerit

530 5180 767 5241 domina,
805 5182 909 5234 alia
956 5182 1081 5235 alibi
1131 5183 1517 5247 absconditur,
1550 5184 1653 5236 alia
1698 5184 1821 5238 alibi
1858 5184 2011 5253 fugit,
2045 5198 2100 5238 et

532 5272 851 5338 negantjarn
884 5274 1167 5340 motiones,
1197 5287 1252 5330 ct
1284 5278 1542 5344 colligunt
1573 5279 1835 5343 luxurias,
1862 5293 1917 5336 et
1939 5296 2097 5335 revo—

529 5372 657 5417 cant
702 5377 910 5428 ventos,
936 5375 989 5419 et
1038 5368 1323 5435 quiescunt
1354 5369 1549 5425 fluctus
1569 5412 1583 5435 ,
1608 5384 1662 5427 et
1704 5371 1931 5428 eﬂicitur
1951 5384 2097 5427 tran-

530 5452 769 5519 quillum.
802 5455 915 5511 Hoc
944 5460 1084 5512 enim
1114 5471 1198 5515 est
1218 5464 1468 5529 pudicitia
1503 5466 1555 5519 in
1591 5467 1790 5520 anima.
1822 5468 1959 5534 Quid
1993 5468 2097 5521 tale

527 5549 731 5613 praebet
761 5553 1120 5619 tranquillitas
1150 5556 1200 5609 in
1240 5559 1371 5611 rnari
1417 5558 1440 5611 ?
1473 5573 1592 5628 quae
1632 5576 2012 5633 nonnunquam
2043 5570 2098 5615 et

750 5728 1045 5799 duguslari.
1088 5730 1281 5788 Forte.
1300 5736 1608 5799 anqustian’.

618 5794 735 5861 (46)
774 5796 867 5850 Ms.
904 5816 997 5852 rex
1016 5802 1213 5854 lembus
1236 5794 1563 5871 quitiusdam.

2213 3169 2269 3215 et
2293 3172 2627 3231 opportunos
2652 3172 2842 3220 ventos
2873 3175 3255 3235 exspectantes
3281 3165 3552 3225 fraudavit
3578 3180 3636 3226 et
3658 3188 3798 3229 non-

2213 3268 2498 3337 nunquam
2525 3266 2581 3311 et
2608 3257 2695 3312 siti
2742 3258 3014 3314 interemit
3040 3260 3298 3329 graviori,
3324 3274 3510 3331 utpote
3544 3280 3573 3318 a
3612 3274 3798 3321 tenta-

2216 3349 2455 3405 tionibus
2508 3359 2688 3406 motae.
2743 3350 2847 3406 Sed
2905 3367 3011 3407 non
3066 3354 3191 3408 talis
3243 3354 3514 3423 pudicitia:
3558 3340 3796 3413 habetur

2215 3442 2602 3509 tranquillitas,
2630 3444 2723 3499 sed
2744 3459 2862 3513 qua
2892 3446 3224 3515 compescuit
3256 3456 3465 3511 ventos,
3500 3456 3554 3501 et
3581 3450 3797 3504 confre-

2212 3535 2290 3603 git
2330 3533 2546 3601 luctus,
2586 3546 2658 3591 et-
2692 3538 2877 3590 statim
2923 3536 3151 3591 adduxit
3186 3538 3252 3591 ad
3287 3547 3529 3607 portum,
3560 3549 3616 3595 et
3666 3557 3792 3596 mox

2210 3628 2386 3682 erexit
2412 3643 2481 3683 ex
2524 3628 2777 3698 pudicitia
2829 3628 3061 3684 fructus.
3104 3629 3409 3697 Cogitatum
3443 3632 3665 3701 quippe,
3699 3634 3797 3701 qui

2211 3719 2385 3786 sapiat
2429 3719 2622 3775 animae
2674 3719 3016 3790 dignitatem,
3072 3722 3420 3777 sanctimonii
3485 3724 3795 3792 honorem,

2208 3812 2500 3880 puritatem
2534 3812 2856 3872 honestatis.
2876 3824 3005 3867 tunc
3027 3812 3173 3865 videt
3205 3812 3394 3867 oculus
3428 3815 3644 3875 animae,
3665 3816 3797 3883 quia

2210 3903 2453 3956 excussit
2482 3901 2549 3957 ab
2578 3916 2643 3956 eo
2690 3900 2946 3971 pudicitia
2996 3901 3266 3970 pulverem
3319 3902 3794 3970 concupiscentia-

2210 4008 2360 4057 rum,
2417 3992 2769 4062 procellarum
2814 3978 3110 4046 libidinem.
3150 3991 3207 4045 Si
3244 3992 3367 4060 quis
3397 4001 3657 4061 expertus
3706 4000 3796 4045 est

2208 4092 2555 4151 tempestates
2576 4082 3427 4151 concupiscentiamm,expertus
3454 4090 3615 4134 estet
3645 4092 3799 4134 tran-

2208 4176 2431 4243 quillum
2471 4174 2788 4243 pudicitiae;
2835 4187 2902 4227 ex
2950 4173 3033 4227 his
3074 4186 3193 4241 qua:
3226 4186 3421 4239 passus
3470 4180 3592 4232 est,
3629 4180 3687 4224 et
3724 4186 3796 4224 ea

2210 4263 2294 4315 his
2326 4277 2353 4312 a
2384 4263 2584 4328 quibus
2623 4261 2863 4315 salvatus
2907 4270 3025 4323 est,
3058 4260 3301 4330 agnoscit
3344 4274 3463 4328 qua:
3513 4260 3796 4313 dicuntur.

2211 4354 2489 4423 Cogitatus
2519 4352 2662 4407 enim
2687 4352 3253 4420 concupiscentiarum
3278 4350 3575 4409 dormiunt,
3603 4352 3797 4405 motio-

2217 4464 2332 4510 nes,
2368 4445 2580 4509 ﬂuctus,
2609 4445 2995 4507 immissiones,
3039 4443 3261 4497 turbela:
3287 4440 3417 4513 (ΓΙ).
3444 4440 3629 4511 Neque
3676 4441 3797 4495 dorJ

2217 4540 2509 4593 mientibus
2531 4538 2767 4592 dormire
2777 4538 3056 4607 permittit.
3070 4537 3451 4590 Accenduutur
3467 4537 3608 4588 enim
3628 4543 3681 4588 et
3700 4548 3801 4601 per

2216 4631 2561 4693 ambitiones,
2591 4638 2645 4683 et
2664 4629 2906 4698 jacentes
2930 4630 3269 4697 perturbant.
3290 4638 3345 4679 et
3371 4642 3494 4681 cum
3527 4626 3795 4680 dormien-

2216 4724 2359 4777 tibus
2382 4737 2485 4775 non
2514 4721 2809 4786 dormiunt,
2838 4721 2932 4775 sed
2960 4734 3171 4787 semper
3194 4728 3320 4771 sunt
3352 4718 3627 4785 inquietzr.
3656 4717 3792 4772 Cum

2216 4825 2395 4869 autem
2429 4812 2689 4883 pudicitia
2727 4810 2891 4865 fuerit
2931 4808 3300 4880 subingressa,
3333 4823 3450 4861 cum
3497 4808 3586 4862 illa
3639 4808 3794 4862 habi—

2215 4910 2411 4964 taverit
2442 4917 2500 4961 ut
2552 4906 2769 4961 domina
2793 4946 2808 4969 ,
2837 4921 2959 4960 cum
3006 4905 3255 4959 detinens
3288 4902 3468 4965 fuerit,
3502 4916 3626 4955 cum
3680 4907 3796 4956 suis

2217 4999 2535 5056 retinaculis
2568 4998 2825 5052 tutaverit
2853 4998 3108 5057 domum;
3145 5005 3274 5049 tunc
3319 4995 3459 5048 sicut
3490 4993 3793 5061 praedomiti

2214 5093 2366 5163 equi,
2390 5100 2446 5145 et
2471 5090 2536 5143 ad
2565 5090 2827 5159 praesepia
2859 5088 3024 5155 quieti
3055 5098 3199 5151 sunt,
3231 5096 3284 5139 et
3311 5086 3363 5139 in
3396 5084 3684 5139 itineribus
3706 5099 3794 5136 re-

2213 5200 2363 5243 ctum
2401 5191 2703 5255 agnoscunt
2745 5184 2871 5248 iter,
2908 5181 3129 5235 nutibus
3166 5188 3353 5249 utpote
3382 5178 3672 5247 digitorum
3701 5178 3796 5229 ad-

2206 5280 2361 5334 .ducti
2398 5296 2412 5330 :
2443 5278 2522 5332 ita
2552 5291 2674 5330 cum
2723 5275 2889 5329 semel
2918 5284 3078 5328 tenax
3110 5272 3275 5327 fuerit
3307 5270 3594 5340 pudicitia,
3618 5279 3673 5323 et
3702 5270 3794 5324 do-

2213 5374 2420 5431 muerit
2473 5371 2976 5439 concupiscentias,
3028 5378 3084 5422 et
3129 5366 3454 5434 mitigaverit
3507 5364 3793 5425 libidines,

2205 5467 2613 5523 manducamus
2650 5465 2896 5529 honeste,
2917 5473 2971 5517 et
3006 5461 3240 5515 bibimus
3270 5465 3577 5511 mensurate
3603 5474 3615 5508 :
3645 5469 3793 5508 men-

2205 5570 2372 5617 surat
2400 5560 2544 5615 enim
2582 5573 2703 5629 qua:
2738 5559 2889 5613 adest
2918 5554 3200 5623 pudicitia.
3225 5551 3466 5619 Denique
3494 5558 3549 5603 et
3572 5548 3794 5601 honeste

2284 5740 2401 5813 (ιγ)
2440 5739 2539 5795 Ms.
2572 5738 3107 5813 roncupisggntiarum
3154 5741 3420 5799 molibus,
3453 5736 3669 5800 ﬂuctus,

2196 5808 2503 5875 mit-Bion“,
2536 5814 2784 5863 turbelas.
2815 5808 3010 5877 Neque.
