4000 6458
222 472 369 530 ηιξ

1217 464 1308 520 DE
1350 463 1747 521 SPIRITUALI
1790 463 2147 521 COGITATU
2189 462 2495 519 HOMIMS.

3387 458 3523 512 1H6

217 588 547 645 dormimus,
569 590 621 639 et
641 582 824 638 sobrii
851 580 1179 647 excitamur,
1198 593 1251 637 et
1282 584 1532 637 videmus
1577 582 1815 650 pulcltri-
1852 603 1901 658 Α
1930 583 2076 636 enim
2134 581 2310 635 adhuc
2342 578 2718 633 adolescentes
2751 585 2910 640 sunt,
2960 583 3014 629 et
3068 572 3296 628 necdum
3354 590 3521 641 opera

216 678 479 733 tudinem
501 674 693 739 vultus,
728 688 788 730 et
830 672 1308 745 pulchritudinem,
1342 684 1398 729 et
1427 690 1530 727 non
1561 684 1617 727 ut
1651 672 1823 727 oﬂen-

209 771 467 826 sionem.
502 770 677 823 Aures
711 783 933 838 quoque
968 776 1182 822 nostras
1230 782 1336 821 non
1381 766 1621 835 perforat
1653 765 1824 820 melo-

207 860 342 915 dia.
367 860 483 915 Scit
506 861 649 915 enim
678 862 937 929 pudicitia
959 869 1014 914 et
1044 859 1256 914 solvere
1282 873 1464 914 ceram
1497 859 1549 912 in
1574 861 1821 921 auribus,

208 962 412 1019 neque
450 960 645 1005 noceat
683 950 953 1004 audientis
995 948 1131 1020 (48).
1163 946 1358 1003 Nostra
1400 948 1546 1001 enim
1580 945 1823 1001 membra

202 1050 587 1110 operamenta
618 1043 891 1112 pudicitiae
921 1042 1078 1097 tiuut.
1115 1038 1319 1096 Oculus
1340 1040 1485 1094 videt
1513 1040 1709 1093 bonam
1744 1038 1825 1091 ia-

202 1135 395 1201 ciem,
422 1143 478 1190 et
507 1150 631 1191 cum
665 1135 951 1190 honestate
971 1149 1090 1189 eam
1126 1134 1393 1187 intuetur.
1421 1131 1539 1187 Non
1576 1140 1825 1185 movetur

198 1228 287 1281 ad
345 1228 876 1297 concupiscentiam,
910 1227 1005 1283 sed
1050 1227 1198 1281 videt
1243 1228 1297 1280 in
1345 1226 1481 1279 facie
1521 1224 1825 1293 pulchritu-

198 1315 439 1382 dinem,
474 1328 529 1374 et
556 1320 760 1388 cogitat
792 1319 971 1387 qualis
1010 1318 1080 1373 sit
1126 1302 1476 1389 pulchritudo
1504 1317 1558 1370 in
1603 1316 1819 1379 anirna;

195 1418 271 1462 et
324 1423 447 1479 qua
476 1424 506 1463 a
542 1408 673 1462 foris
704 1418 831 1463 sunt
864 1408 1004 1463 bona
1034 1408 1100 1463 ad
1128 1409 1479 1476 semetipsum
1521 1408 1820 1472 adducens,

194 1510 275 1551 et
336 1514 366 1553 a
405 1500 561 1554 bonis
608 1501 745 1555 bona
783 1502 1058 1570 decerpit,
1107 1508 1163 1554 et
1212 1517 1319 1553 non
1360 1501 1412 1552 in
1460 1498 1619 1553 malis
1655 1497 1823 1552 οπεο-

196 1589 330 1645 dit.
363 1585 525 1645 Sicut
550 1606 777 1659 corpora
817 1591 1107 1645 incolumia
1142 1591 1211 1645 ab
1237 1589 1487 1643 onmibus
1534 1586 1819 1641 utilitatem

198 1682 529 1749 accipiunt,
556 1694 610 1736 et
636 1698 664 1736 a
698 1693 870 1743 motu,
902 1691 957 1736 et
1006 1683 1074 1736 ab
1119 1682 1472 1747 esercitio,et
1496 1698 1524 1735 a
1547 1696 1732 1742 cursu,
1766 1690 1821 1735 et

198 1770 300 1823 ab
334 1772 611 1833 unctione,
643 1780 699 1827 et
744 1788 772 1825 a
803 1786 992 1825 somno
1014 1812 1028 1833 ,
1064 1783 1119 1824 et
1143 1774 1210 1825 ab
1247 1787 1395 1833 esca,
1425 1783 1480 1827 et
1505 1786 1533 1825 a
1562 1782 1724 1841 potu:
1748 1772 1818 1824 ita

196 1872 479 1927 econtra,
503 1878 623 1933 qua
663 1874 935 1933 aegrotant
963 1864 1030 1917 ab
1068 1866 1323 1918 Omnibus
1374 1875 1659 1918 uocentur.
1696 1865 1814 1919 Vini

1932 672 2057 728 belli
2082 673 2408 737 didicerunt,
2424 685 2523 724 nec
2541 669 2607 722 ad
2631 669 2811 739 pralia
2831 677 3113 729 vocantur,
3136 680 3522 733 nonnunquam

1930 765 2201 835 pudicitia
2236 762 2337 817 sibi
2368 762 2676 829 imposuere
2710 774 2969 813 coronas:
2996 757 3090 811 sed
3118 766 3174 812 et
3200 756 3269 810 ob
3293 754 3523 809 iniirmi-

1930 866 2093 910 tatem
2133 854 2381 925 plurimis
2409 853 2591 922 quiem
2628 852 2847 906 donatis
2868 848 3128 920 pudicitia
3164 847 3342 902 adhuc
3374 846 3524 903 utilis

1930 950 2222 1007 invenitur.
2246 945 2381 1001 Nam
2409 948 2509 1001 etsi
2543 945 2695 1000 senio
2730 946 3076 1015 deponuntur
3112 941 3389 1004 libidines,
3424 942 3522 997 sed

1928 1044 2108 1097 adhuc
2163 1056 2341 1110 usque
2377 1040 2648 1095 motiones
2699 1035 3268 1105 concupiscentiarum
3291 1075 3306 1096 ,
3344 1031 3524 1087 intus-

1930 1151 2035 1206 que
2062 1146 2114 1190 et
2146 1134 2537 1189 fornicatiOnes
2577 1140 2844 1200 agrotant
2870 1138 2927 1184 et
2956 1124 3368 1197 occiduut(51),
3401 1142 3523 1194 qua

1930 1228 2216 1282 libidinem
2249 1226 2533 1281 continere
2578 1238 2684 1282 non
2728 1230 2990 1291 possunt,
3036 1230 3092 1273 et
3142 1228 3326 1287 patres
3355 1217 3523 1271 deho-

1927 1330 2147 1373 nestant
2169 1360 2185 1385 ,
2214 1333 2335 1386 qua
2371 1315 2700 1370 monitiones
2721 1313 2993 1383 pudicitia
3023 1326 3126 1366 non
3165 1310 3398 1365 libenter
3432 1325 3523 1363 ac-

1926 1410 2152 1479 cipiunt.
2196 1408 2254 1463 Si
2282 1408 2429 1462 enim
2461 1406 2678 1459 adesset
2707 1404 2969 1473 pudicitia
2990 1442 3005 1466 ,
3043 1416 3219 1470 neque
3248 1400 3524 1454 iuraretur

1924 1502 2047 1571 quis
2071 1544 2087 1568 ,
2114 1514 2296 1569 neque
2319 1496 2591 1553 occideret
2635 1496 2831 1567 aliquis
2852 1535 2869 1561 ,
2902 1502 3113 1548 amaret
3143 1502 3325 1546 autem
3347 1500 3401 1544 et
3422 1504 3522 1560 pa-

1926 1593 2029 1646 tris
2056 1590 2256 1644 monita
2286 1588 2445 1642 ﬁlius.
2483 1586 2675 1641 Divina
2716 1584 2989 1655 possessio
3019 1582 3122 1637 ista
3143 1624 3159 1647 ,
3186 1580 3281 1636 sed
3307 1578 3525 1634 difﬁcile

1923 1684 2226 1739 invenitur.
2261 1681 2366 1749 Qui
2403 1689 2584 1734 autem
2612 1677 2724 1747 jam
2768 1675 2972 1732 habent
3019 1674 3196 1736 illam,
3229 1686 3350 1743 qua
3400 1680 3527 1742 post

1925 1775 2379 1831 resurrectionem
2411 1771 2594 1826 futura
2640 1780 2724 1825 est
2759 1766 3146 1825 conversatio?
3202 1764 3345 1821 Dicit
3375 1764 3524 1821 enim

1928 1870 2097 1938 ipsius
2130 1868 2280 1937 regni
2318 1868 2581 1922 Dominus
2615 1876 2671 1919 et
2707 1872 3069 1933 apportator:
3108 1862 3418 1931 Quicunque
3442 1875 3526 1913 re-

199 1953 375 2007 enim
406 1953 570 2006 etiam
617 1954 840 2007 odorem
874 1962 1141 2008 excusant
1170 1963 1225 2008 et
1268 1954 1523 2019 unguenti
1548 1954 1816 2020 nidorem,
1850 1956 1893 2010 Β
1928 1964 2272 2017 surrectionis
2315 1968 2641 2014 mortuorum
2685 1956 2830 2027 digni
2860 1956 3093 2028 fuerint,
3132 1970 3241 2008 non
3280 1955 3524 2017 nubunt.

198 2052 277 2097 et
324 2044 543 2100 itineris
596 2054 821 2109 motum,
852 2053 907 2099 et
951 2059 1159 2111 escam,
1189 2052 1244 2099 et
1277 2044 1589 2114 iridgorem,
1612 2042 1826 2101 etcalo—

202 2149 371 2190 rem.
398 2134 591 2191 Omnia
621 2137 765 2189 enim
812 2136 893 2190 eis
931 2144 1128 2195 nocent
1187 2136 1280 2205 qui
1336 2136 1477 2190 male
1504 2151 1564 2189 se
1599 2134 1821 2191 habent.

203 2228 422 2285 Omnia
452 2238 631 2283 autem
650 2229 972 2298 prosuntliis
987 2230 1078 2299 qui
1111 2229 1413 2284 incolumes
1432 2229 1723 2284 habentur.
1745 2227 1823 2283 ita

204 2333 279 2376 et
327 2320 672 2377 libidinosum
705 2322 889 2377 omnia
926 2331 1149 2377 movent
1185 2322 1253 2377 ad
1280 2336 1505 2386 noxam,
1540 2328 1596 2377 et
1622 2321 1821 2390 vultus,

208 2425 280 2468 et
310 2412 682 2483 pulchritudo,
715 2425 771 2469 et
819 2415 1147 2482 compositio
1203 2414 1472 2480 melodia,
1511 2424 1567 2470 et
1588 2415 1823 2470 vestium

213 2509 487 2585 varietas,
516 2517 571 2563 et
617 2509 793 2563 honor
816 2509 1137 2577 quidam,et
1176 2506 1316 2562 bona
1351 2523 1515 2577 opera
1559 2507 1627 2562 ad
1683 2506 1824 2562 mala

217 2600 632 2656 transferuntur
654 2601 724 2655 ei.
748 2600 849 2666 Qui
885 2609 1066 2654 autem
1100 2601 1313 2656 sobrius
1338 2609 1443 2666 est,
1467 2615 1530 2655 ex
1561 2602 1819 2666 adverso;

215 2693 357 2764 quia
387 2702 443 2748 et
493 2695 766 2747 contraria
810 2693 883 2746 illi
916 2702 1063 2757 sunt,
1092 2707 1122 2746 a
1170 2694 1327 2748 bouis
1366 2695 1511 2748 enim
1559 2694 1697 2748 bona
1731 2693 1825 2749 de-

221 2799 480 2856 cerpens,
504 2786 654 2841 dives
686 2786 738 2839 in
764 2784 919 2840 bonis
948 2796 1049 2840 est.
1081 2784 1160 2841 lta
1189 2802 1319 2857 ergo
1346 2787 1584 2856 pretiosa
1610 2794 1697 2840 est
1726 2801 1823 2855 pu—

224 2878 441 2943 dicitia,
463 2878 612 2950 quia,
632 2880 758 2932 dum
791 2878 964 2943 adest,
992 2888 1046 2933 et
1063 2879 1290 2949 justitia
1316 2889 1588 2950 praparat
1615 2878 1818 2946 locum,

226 2969 327 3025 dat
354 2969 517 3025 etiam
533 2972 764 3039 spatium
796 2982 850 3024 et
875 2972 1060 3025 virtuti
1084 2990 1096 3026 :
1121 2972 1457 3027 intellectum
1474 2983 1655 3026 autem
1672 2972 1818 3044 ’(49),

225 3070 293 3114 ut
341 3061 727 3132 interpretetur
751 3078 971 3132 nomen,
1006 3064 1199 3119 salvat.
1228 3065 1370 3135 Ergo
1394 3066 1743 3137 amplectitur
1769 3078 1823 3123 et

225 3155 534 3209 circumdat
561 3156 919 3223 virtutem,ct
943 3159 1087 3214 sicut
1118 3168 1291 3214 mater
1327 3160 1573 3230 quadam
1605 3162 1823 3232 pietatis

228 3245 465 3302 et'ilcitur
520 3248 803 3305 fratribus.
846 3249 996 3305 Bona
1037 3252 1256 3322 quidem
1303 3261 1389 3308 est
1425 3252 1643 3309 virtutis
1672 3253 1823 3311 forti-

231 3339 382 3405 tudo,
418 3341 512 3396 sed
550 3357 659 3396 non
694 3357 908 3411 semper
935 3356 1056 3397 eam
1100 3346 1466 3399 necessariam
1513 3345 1820 3412 habemus;

228 3426 375 3487 forte
397 3438 577 3486 autem
615 3432 825 3487 audebo
847 3443 903 3488 et
926 3434 1109 3489 dicere
1139 3454 1151 3490 :
1180 3434 1400 3492 Utinam
1426 3452 1533 3492 non
1571 3441 1822 3501 eam,sed

228 3536 389 3593 opus.
420 3522 477 3576 Si
512 3524 637 3593 quis
672 3524 817 3578 enim
847 3540 969 3579 eam
1001 3528 1296 3596 acceperit,
1330 3537 1538 3582 tantum
1585 3530 1639 3585 in
1664 3529 1823 3585 bellis

227 3620 317 3666 est
345 3611 511 3667 utilis.
541 3609 598 3665 Si
624 3623 803 3666 autem
830 3622 886 3667 et
919 3613 972 3667 in
1006 3628 1139 3682 pace
1162 3617 1470 3670 necessaria
1503 3627 1590 3673 est
1626 3618 1821 3685 virtus,

231 3702 373 3757 forte
392 3713 450 3756 ut
473 3702 742 3759 coeliiciat
772 3704 1047 3774 pudicitia
1072 3722 1085 3758 :
1112 3704 1253 3762 forte
1280 3708 1423 3761 enim
1450 3724 1572 3762 cum
1598 3708 1823 3778 iurgan-

230 3804 323 3851 tur
360 3798 849 3868 concupiscentia,
887 3808 942 3854 et
992 3801 1206 3856 illarum
1256 3802 1453 3859 ﬂuctus
1501 3805 1819 3875 eriguntur,

229 3901 370 3955 opus
391 3899 474 3945 est
510 3900 569 3944 ut
592 3891 825 3947 viriliter
855 3894 1079 3949 resistat
1114 3895 1395 3962 pudicitia.
1435 3896 1493 3951 Si
1524 3897 1691 3967 igitur
1722 3900 1821 3952 ad-

229 3980 455 4034 veniens
494 3982 615 4037 istic
642 3982 882 4051 juverit,
918 3996 1048 4039 tunc
1088 3988 1194 4039 erit
1228 3990 1461 4057 pretiosa
1490 3998 1547 4043 et
1591 3989 1643 4043 in
1693 4005 1824 4061 pace

233 4069 426 4125 virtus.
458 4069 573 4126 Non
613 4075 811 4144 quippe
836 4076 1181 4146 semetipsam
1208 4078 1511 4146 vindicans,
1544 4080 1640 4135 sed
1664 4081 1822 4151 pudi-

233 4162 760 4234 citia‘coadjuvans.
796 4167 852 4223 Si
887 4179 1067 4237 autem
1099 4169 1228 4224 etin
1262 4170 1401 4225 bello
1446 4172 1620 4227 virtus
1653 4188 1825 4242 pona-

230 4266 343 4319 tur,
376 4256 717 4310 medietatem
754 4261 968 4327 generis
1017 4262 1267 4330 despicit.
1298 4260 1555 4318 Mulieres
1586 4265 1729 4318 enim
1756 4266 1822 4320 ad

230 4345 584 4417 praliandum
635 4365 909 4406 armemus
966 4352 1079 4423 (50)
1108 4371 1124 4419 ;
1158 4354 1417 4422 pudicitia
1473 4367 1654 4411 autem
1681 4367 1735 4412 et
1768 4359 1820 4412 in

229 4438 368 4493 viris
411 4443 645 4508 pretiosa
673 4452 775 4508 est,
803 4444 987 4497 utilior
1012 4455 1192 4497 autem
1234 4442 1290 4499 et
1322 4447 1660 4503 mulieribus.
1712 4449 1825 4504 Cur

229 4540 416 4585 autem
453 4547 559 4586 non
589 4534 820 4599 dicatur,
859 4536 1002 4603 quod
1031 4552 1217 4593 verum
1242 4548 1346 4603 est,
1369 4542 1493 4608 quia
1530 4549 1585 4596 et
1606 4542 1821 4598 virtutis

1928 2071 2090 2125 neque
2126 2055 2417 2119 nubentur,
2447 2053 2537 2107 sed
2560 2062 2615 2106 ut
2650 2050 2827 2121 angeli
2861 2058 3015 2105 erant
3048 2047 3143 2103 Dei
3170 2046 3240 2112 “,
3266 2045 3395 2117 quia
3420 2058 3526 2101 nec

1929 2149 2070 2203 mori
2095 2148 2207 2219 jam
2233 2153 2483 2216 possunt.
2512 2144 2558 2203 Ο
2588 2144 2972 2201 immortalitas
3003 2142 3279 2214 pudicitia
3295 2139 3521 2209 juncta!

1927 2238 2032 2307 Qui
2064 2239 2117 2294 in
2151 2239 2304 2293 bellis
2340 2238 2565 2293 vincunt
2586 2252 2691 2291 non
2726 2235 3035 2292 eihciuntur
3072 2246 3131 2288 ut
3173 2233 3392 2305 angeli,
3426 2232 3524 2287 sed

1926 2330 2017 2398 qui
2050 2342 2223 2397 neque
2252 2326 2462 2383 nubunt
2506 2341 2683 2397 neque
2703 2325 3131 2382 nubentur.lioc
3152 2324 3415 2395 judicium
3441 2331 3527 2379 est

1937 2418 2055 2487 ejus
2082 2421 2175 2489 qui
2229 2419 2359 2475 fecit
2414 2430 2687 2474 naturam.
2731 2417 2867 2473 Nam
2909 2426 2963 2473 et
2991 2418 3120 2473 alibi
3156 2418 3220 2472 ad
3269 2424 3523 2472 ornatum

1928 2508 2099 2578 ipsius
2134 2508 2412 2579 pudicitia
2440 2508 2653 2564 lecutus
2675 2520 2762 2564 est
2794 2508 3057 2564 Dominus
3087 2524 3103 2561 :
3144 2508 3266 2562 Non
3303 2523 3484 2561 omnes
3503 2546 3523 2574 ,

1929 2600 2143 2669 inquit,
2180 2610 2301 2654 sunt
2330 2600 2516 2671 digni,
2557 2603 2650 2654 sed
2698 2599 2889 2671 quibus
2940 2593 3125 2655 datum
3160 2608 3234 2652 est
3262 2599 3332 2654 ".
3368 2596 3523 2664 Quod

1927 2692 2075 2748 enim
2111 2694 2274 2747 homo
2294 2708 2357 2748 ex
2386 2700 2582 2747 natura
2610 2707 2716 2747 non
2748 2692 2975 2758 habuit,
3017 2690 3121 2746 hoc
3167 2691 3240 2744 sit
3291 2690 3525 2758 desuper

1930 2787 2132 2841 donum
2173 2803 2187 2839 :
2220 2785 2317 2841 sed
2350 2785 2482 2840 mihi
2514 2785 2733 2855 quidem
2767 2783 3026 2854 pudicitia
3068 2783 3170 2838 ista
3212 2797 3367 2837 suam
3403 2779 3525 2850 pul-

1926 2879 2293 2935 cbritudinem
2320 2877 2601 2944 ostendat,
2664 2886 2718 2931 et
2773 2876 2975 2932 sensim
3014 2876 3228 2938 trahat,
3253 2882 3309 2927 et
3358 2871 3525 2926 relinv

1926 2984 2125 3047 quatttr
2158 2990 2267 3031 non
2288 2974 2513 3040 cedens,
2549 2986 2725 3042 neque
2750 2971 2952 3043 repleta
2982 2980 3038 3049 et
3066 2978 3221 3039 capta
3254 2968 3385 3023 :sed
3416 2966 3524 3021 sic-

1925 3083 1986 3129 ut
2039 3073 2158 3128 avis
2222 3072 2469 3143 quadam
2530 3069 2827 3133 adornata,
2884 3076 3275 3132 nonnunquam
3327 3058 3524 3115 ludere

1925 3163 2251 3219 desiderans
2279 3163 2484 3217 sensim
2534 3160 2744 3214 recedit
2765 3198 2781 3225 ,
2807 3167 2864 3214 et
2910 3158 2964 3212 in
3009 3172 3076 3214 eo
3102 3156 3231 3212 dum
3264 3153 3483 3209 videtur
3502 3189 3521 3217 ,

1927 3264 2109 3312 movet
2132 3254 2465 3311 desiderium
2490 3272 2505 3319 ;
2534 3253 2738 3308 sensim
2770 3262 2954 3308 autem
2997 3250 3124 3308 dum
3166 3258 3438 3312 movetur,
3458 3244 3523 3301 il-

1926 3348 2045 3406 licit
2088 3358 2147 3404 ut
2180 3362 2299 3403 eam
2330 3347 2454 3418 quis
2495 3346 2853 3414 insequatur;
2912 3358 3018 3399 non
3059 3342 3275 3413 capitur
3302 3348 3521 3405 autem,

1926 3442 2051 3513 quia
2087 3440 2255 3511 ipsius
2279 3448 2365 3495 est
2396 3448 2456 3493 ut
2482 3435 3027 3509 eiiugiat:protendit
3056 3444 3237 3490 autem
3276 3444 3526 3499 cursum,

1924 3544 1981 3590 et
2013 3549 2138 3589 cum
2166 3533 2289 3602 quis
2319 3532 2557 3588 maxime
2588 3529 2861 3602 putaverit
2903 3542 2965 3602 se
3008 3524 3522 3598 comprehendisse.

1927 3636 2108 3680 movet
2140 3638 2372 3691 pennam
2400 3631 2455 3677 et
2483 3621 2630 3677 volat
2656 3641 2670 3675 :
2700 3622 2773 3675 ita
2800 3628 2857 3676 et
2882 3618 3140 3691 pudicitia
3166 3632 3321 3673 suam
3343 3615 3525 3670 varie-

1931 3728 2095 3772 tatem
2131 3717 2184 3773 in
2213 3718 2495 3772 honestate
2517 3714 2837 3785 proferens,
2868 3713 3073 3770 sensim
3106 3719 3289 3765 autem
3319 3724 3379 3767 se
3411 3724 3524 3764 rno-

1927 3827 2059 3867 vens
2082 3820 2135 3866 et
2184 3824 2571 3875 commovens,
2618 3808 2671 3862 in
2705 3815 2911 3861 tantum
2948 3819 3046 3859 me.
3074 3803 3239 3858 traxit
3267 3810 3328 3857 ut
3376 3802 3524 3856 inse-

1928 3918 2127 3974 querer
2159 3917 2174 3956 :
2208 3917 2331 3957 cum
2357 3912 2537 3955 autem
2564 3898 2677 3967 jam
2714 3905 2962 3968 putarem
2993 3911 3081 3951 me
3106 3908 3269 3964 posse
3298 3905 3525 3947 manuni
3625 3960 3634 3968 .

1926 3994 2219 4049 extendere
2244 4007 2475 4062 eamque
2515 3988 2978 4059 comprehendere
3002 4029 3019 4055 ,
3045 4000 3268 4041 movens
3315 3996 3525 4055 pennas

1926 4087 2179 4155 superius
2209 4099 2270 4139 se
2295 4083 2438 4140 calo
2473 4081 2785 4150 coniungit,
2822 4080 2890 4135 ad
2914 4078 3137 4150 angelos
3168 4076 3403 4141 scilicet,
3430 4075 3522 4130 ubi

1928 4178 2044 4244 ejus
2078 4185 2266 4229 natura
2300 4184 2466 4230 estut
2496 4182 2736 4229 maneat.
2760 4174 2824 4227 Et
2851 4172 2965 4242 ipsa
2992 4170 3209 4240 quidem
3243 4184 3349 4224 non
3372 4181 3525 4222 com-

1929 4268 2196 4338 prehensa
2226 4267 2459 4332 mansit,
2497 4282 2582 4321 me
2621 4277 2802 4320 autem
2853 4262 3075 4334 reliquit
3125 4268 3433 4331 stupentem
3468 4268 3528 4313 et

1927 4361 2329 4417 desiderantem
2358 4360 2935 4432 comprehensionem,
2976 4370 3138 4425 quam
3190 4365 3528 4424 persequens

1929 4472 2035 4509 non
2074 4452 2433 4523 apprehendi.
2461 4452 2637 4507 Etiam
2682 4453 2903 4521 quidem
2956 4448 3275 4517 colligamus
3313 4457 3525 4500 sermo—

1930 4565 2086 4614 nem;
2118 4557 2173 4603 et
2194 4547 2320 4616 quia
2351 4545 2609 4614 pudicitia
2638 4544 2804 4598 multa
2836 4556 3103 4612 superans
3130 4550 3184 4595 et
3210 4551 3524 4593 sermonem

229 4620 403 4692 ipsius
436 4622 647 4679 {ructus
673 4636 728 4679 et
766 4626 818 4679 in
847 4627 1003 4683 bellis
1030 4629 1100 4683 ob
1138 4631 1452 4699 pudicitiam
1484 4636 1826 4690 necessarius
1855 4636 1903 4692 υ
1934 4644 2112 4710 ipsum
2139 4641 2231 4703 qui
2265 4640 2335 4693 de
2360 4638 2549 4693 eadem
2591 4648 2673 4692 est
2700 4633 3187 4705 iuinterpretabilis
3207 4671 3223 4694 ,
3259 4629 3521 4695 recessit,

228 4712 356 4765 est?
390 4710 513 4766 ideo
539 4715 682 4768 enim
713 4717 1036 4787 suscipimus
1064 4721 1273 4789 pralia,
1292 4732 1353 4775 ut
1383 4738 1487 4777 non
1526 4726 1821 4781 adversarii

230 4814 577 4871 superantes,
614 4807 870 4863 mulieres
923 4821 1080 4864 extra
1136 4812 1310 4882 legem
1373 4816 1654 4884 pudicitia
1699 4833 1823 4873 cor-

232 4904 509 4963 rumpant.
550 4895 605 4949 Si
636 4898 780 4951 enim
821 4898 891 4953 ob
920 4899 1021 4955 hoc
1046 4918 1371 4970 pugnamus,
1397 4916 1452 4957 et
1489 4921 1685 4976 pugnae
1726 4917 1825 4961 ter-

231 4999 385 5040 rores
418 4988 763 5055 suscipimus,
812 4992 984 5045 virtus
1018 4994 1085 5048 ob
1142 4995 1459 5063 pudicitiam
1486 5008 1543 5051 et
1572 5000 1624 5053 in
1667 5000 1825 5055 bellis

232 5085 491 5132 certatur.
523 5078 675 5133 Sicut
701 5082 846 5135 enim
896 5085 1157 5155 naupegia
1195 5101 1287 5139 ars
1317 5090 1686 5155 gubernatrici
1721 5094 1823 5146 mi-

232 5170 451 5230 nistrat.
486 5171 557 5224 ita
583 5183 639 5227 et
670 5175 842 5229 virtus
869 5176 1142 5243 pudicitia
1169 5192 1430 5248 praparat
1457 5184 1822 5253 tranquillita-

237 5269 365 5314 tem.
408 5260 585 5317 Divisa
630 5266 911 5336 estigitur
956 5268 1131 5322 virtus
1156 5286 1221 5324 ex
1262 5282 1414 5340 parte
1456 5277 1688 5329 maxima
1726 5291 1821 5347 ge-

235 5351 349 5405 neri
387 5362 572 5407 nostro
597 5357 720 5409 :sed
749 5373 849 5412 nec
876 5361 1007 5415 viris
1057 5360 1313 5419 omnibus
1348 5365 1495 5419 utilis
1526 5369 1817 5423 invenitur.

237 5442 503 5499 Pravenit
545 5449 688 5502 enim
735 5468 853 5506 eam
902 5465 956 5510 et
1010 5460 1347 5527 temporibus
1400 5461 1684 5528 pudicitia.
1717 5462 1817 5529 Qui

1936 4736 2249 4790 universam
2301 4734 2595 4788 humanam
2651 4728 3040 4785 transcendens
3082 4733 3328 4780 naturam
3358 4738 3375 4776 :
3402 4736 3523 4776 ser-

1933 4843 2021 4881 mo
2049 4834 2232 4880 autem
2268 4824 2549 4880 inveniens
2577 4838 2698 4893 qua
2730 4823 2869 4879 Deus
2904 4818 3214 4875 hominibus
3255 4814 3519 4879 donavit,

1931 4930 1985 4973 et
2013 4919 2118 4974 hoc
2148 4917 2493 4983 mortalibus,
2514 4933 2612 4988 per
2634 4931 2757 4985 qua
2797 4906 3259 4971 immortalitatem
3288 4910 3370 4965 eis
3396 4924 3523 4979 pro-

1929 5010 2175 5075 curavit,
2218 5010 2284 5065 ad
2318 5009 2619 5080 gratiarum
2657 5008 2930 5063 actionem
2962 5006 3162 5059 iterum
3199 5017 3257 5057 se
3282 5014 3519 5057 conver-

1930 5111 2007 5156 tat
2025 5141 2039 5166 ,
2069 5109 2123 5155 et
2148 5102 2214 5156 de
2250 5111 2439 5156 sancto
2462 5110 2515 5154 et
2539 5098 2913 5155 sanctiﬁcante
2929 5137 2945 5162 ,
2968 5111 3067 5166 per
3086 5109 3246 5164 quem
3272 5100 3519 5147 sanctum

1931 5188 2033 5242 hoc
2068 5188 2273 5242 donum
2301 5188 2612 5243 hominibus
2649 5187 2838 5251 misit,
2883 5200 2978 5254 per
3011 5184 3347 5255 unigenitum
3374 5181 3522 5235 scilio

1932 5288 2016 5333 cet
2040 5295 2196 5333 suum
2223 5277 2442 5343 Filium,
2478 5280 2550 5335 sit
2572 5279 2618 5333 ei
2646 5278 2821 5349 gloria
2856 5288 2911 5332 et
2957 5279 3163 5340 honor,
3196 5273 3517 5345 imperimn,

1933 5372 2189 5440 maiestas
2223 5390 2346 5428 cum
2381 5375 2585 5443 Spiritu
2613 5385 2806 5428 sancto
2839 5384 2893 5427 et
2925 5390 3066 5427 nunc
3097 5382 3151 5427 et
3186 5384 3436 5439 semper,
3466 5383 3523 5421 et

1928 5482 2022 5535 per
2046 5468 2223 5520 omnia
2256 5468 2450 5521 saecula
2487 5469 2831 5522 saeculorum.
2860 5467 3055 5521 Amen.

305 5601 351 5634 “
381 5602 571 5659 Matth.
616 5623 725 5661 uti
752 5650 766 5671 ,
801 5609 887 5663 30.
917 5609 1081 5665 Marc.
1122 5630 1223 5677 xu,
1258 5615 1349 5668 9.5.
1384 5614 1514 5671 Luc.
1548 5634 1612 5670 xv
1689 5618 1776 5672 '55.
1820 5623 1864 5653 ⁸⁸
1909 5622 2098 5675 Matth.
2131 5638 2244 5686 XIX,
2296 5624 2378 5676 ii.

310 5765 425 5838 (ᾧὸ)
462 5760 561 5838 με.
598 5760 841 5838 auribus,
873 5791 934 5827 ne
962 5788 1144 5830 nocent
1176 5779 1465 5832 nudimtia.

308 5836 420 5893 (49)
459 5835 789 5923 Intellectum
804 5835 995 5923 nutent.
1022 5850 1222 5923 Auctor
1242 5848 1591 5921 Etymalngirt
1628 5854 1825 5923 ntngni,

242 5907 571 5979 Σωφρθσύνη
602 5913 747 5983 παρὰ
776 5913 836 5968 τὸ
871 5914 1064 5981 σώζων
1094 5919 1152 5972 τὸ
1194 5907 1428 5991 φρηῖεϊν.

2008 5786 2124 5854 (50)
2168 5786 2247 5837 Ad
2304 5785 2672 5855 pra'liandttm.
2711 5770 2825 5838 Ms.
2873 5787 2941 5835 ad
2995 5784 3177 5850 ιινωίὶη
3223 5794 3517 5841 armum").

1941 5852 2101 5909 Forte.
2137 5852 2440 5921 legendum,
2470 5858 2537 5906 ad
2564 5858 2748 5921 pra'liu
2782 5875 2883 5909 non
2915 5871 3203 5907 urmmnus.

2012 5927 2124 5996 (δι)
2161 5927 2255 5981 Ms.
2297 5927 2673 5992 fornicationes
2697 5936 2911 5992 eragaut
2944 5934 2988 5977 et
3025 5926 3295 5980 occulunt.
