4000 6476
528 385 669 450 ιιι-ι

1162 380 1427 438 EUSEBII
1466 376 1946 436 C£SARIENSlS
1981 375 2133 435 OPP.
2172 369 2357 433 PARS
2392 369 2486 430 Π.
2524 400 2595 413 -
2630 362 3052 426 DOGIATICA.

554 518 3766 559 _____________________________________

1486 690 2050 807 EUSEBII
2129 683 2811 800 PAMPHILI

752 939 899 1025 DE
948 932 1104 1027 EO
1156 930 1492 1041 QUOD
1545 929 1850 1020 DEUS
1904 925 2294 1015 PATER
2348 915 3234 1013 INCOBPOBALIS
3282 914 3557 1023 EST,

1814 1118 2048 1180 LIBER
2090 1112 2479 1189 QUARTUS.

600 1425 682 1479 Ad
732 1424 905 1494 ipsum
953 1420 1118 1475 Deum
1168 1429 1413 1485 nostrum
1464 1418 1737 1486 erigamus
1764 1416 2056 1487 cogitatum
2081 1453 2098 1478 ,
2126 1416 2175 1474 Α
2202 1412 2323 1467 dem
2352 1419 2409 1466 et
2434 1408 2641 1479 lapides
2675 1406 2779 1462 boc
2809 1405 2982 1473 ipsum
3018 1410 3078 1457 ut
3106 1410 3290 1458 essent
3340 1401 3551 1456 habent
3580 1417 3596 1454 :
3627 1394 3787 1454 arbo-

524 1515 639 1587 jatu
691 1531 797 1571 non
841 1514 1197 1570 concedentes
1244 1512 1498 1581 cogitatui
1556 1508 1742 1577 fugere
1776 1519 1831 1564 et
1885 1509 2094 1561 vitare:

531 1607 802 1677 parcimus
832 1606 973 1661 enim
1008 1604 1217 1660 timenti
1244 1622 1259 1659 :
1298 1618 1549 1672 urgemus
1579 1609 1757 1655 autem
1796 1616 1901 1655 non
1926 1614 2097 1668 quan-

535 1707 623 1755 tus
646 1708 727 1753 est
751 1696 891 1754 Deus
914 1712 1037 1751 eum
1069 1710 1311 1765 quaerere
1328 1736 1345 1761 ,
1368 1694 1462 1749 sed
1491 1703 1747 1763 quantum
1778 1692 1877 1760 ipsi
1900 1690 2103 1759 cogita-

534 1793 609 1844 tui
646 1790 899 1859 possibile
946 1798 1030 1845 est
1065 1790 1351 1845 estimare.
1396 1786 1590 1840 Multas
1629 1786 1772 1839 enim
1827 1783 2102 1838 adinvenit

531 1882 633 1938 sibi
664 1879 1013 1951 contagiones
1034 1922 1050 1948 ,
1080 1889 1135 1936 et
1163 1880 1447 1935 dilationes
1468 1919 1486 1944 ,
1514 1886 1567 1931 et
1591 1876 1972 1941 clrcuitiones,
2000 1876 2099 1930 bo-

534 1988 659 2028 num
696 1982 878 2041 utpote
913 1974 1298 2042 pertimescens
1332 1974 1605 2026 timorem.
1650 1969 1755 2024 Sed
1792 1969 1931 2023 sicut
1962 1982 2101 2035 equo

532 2078 915 2132 nonnunquam
938 2064 1157 2129 territo,
1180 2074 1234 2119 et
1258 2063 1473 2119 nolente
1506 2072 1708 2117 rectum
1752 2062 1853 2116 iter
1886 2069 2098 2130 petere,

532 2168 589 2212 et
624 2156 772 2212 freno
800 2158 904 2210 vim
930 2157 1156 2214 facimus
1182 2200 1197 2225 ,
1223 2168 1278 2214 et
1304 2158 1572 2214 calcaneis
1602 2165 1895 2226 pungentes
1924 2154 2101 2210 corri—

534 2249 825 2317 gimus.ct
858 2251 1129 2305 refrenare
1181 2259 1453 2305 tentamus
1499 2250 1567 2303 ab
1616 2248 1698 2302 bis
1726 2262 1845 2311 qua:
1892 2246 1940 2301 ei
1995 2260 2099 2299 non

534 2340 889 2394 concedimus
922 2360 935 2395 :
970 2341 1043 2394 ita
1085 2350 1140 2395 et
1178 2357 1321 2397 nunc
1355 2340 1610 2396 extollere
1640 2340 1705 2393 ad
1752 2339 1916 2391 Deum
1952 2335 2100 2405 cogi-

535 2438 705 2483 tutum
733 2429 1026 2495 debemus,
1058 2442 1363 2499 querentes
1394 2432 1482 2486 illa
1519 2444 1640 2499 qua:
1660 2438 1713 2483 et
1736 2428 2017 2497 Scriptura
2037 2428 2103 2481 de

536 2518 649 2572 Deo
686 2519 852 2586 quari
879 2521 1143 2587 permittit
1173 2538 1186 2573 :
1216 2522 1339 2590 quia
1393 2535 1568 2589 neque
1614 2519 1666 2573 in
1722 2518 1883 2573 domo
1923 2517 2097 2576 Deus.

536 2622 714 2679 neque
742 2611 795 2664 in
846 2610 1168 2677 simulacro;
1196 2626 1300 2665 non
1334 2610 1387 2665 in
1422 2619 1603 2664 monte
1640 2618 1732 2663 aut
1776 2617 1955 2672 terra;
1993 2622 2099 2661 non

538 2700 593 2755 in
630 2716 755 2755 aere
784 2701 917 2771 (52),
950 2716 1048 2757 nec
1074 2703 1125 2755 in
1157 2704 1274 2772 ipso
1296 2712 1406 2757 toto
1438 2703 1611 2766 casio;
1652 2718 1827 2771 neque
1860 2702 2101 2758 reclusus

536 2800 618 2846 est
640 2831 657 2856 ,
686 2806 859 2860 neque
884 2794 1185 2859 retinetur,
1216 2809 1387 2863 neque
1422 2794 1668 2848 conﬁxus
1709 2804 1793 2849 est
1821 2809 1836 2847 :
1866 2807 1958 2848 sed
1983 2811 2102 2849 om-

536 2882 624 2937 nia
655 2886 869 2951 quidem
894 2884 1303 2951 incorporaliter
1327 2886 1561 2956 complet
1585 2926 1600 2949 ,
1628 2887 1695 2940 ab
1719 2887 1970 2941 omnibus
2001 2902 2103 2939 au-

540 2980 645 3026 tem
670 2973 1105 3027 inenarrabiliter
1129 2985 1213 3029 est
1234 2984 1536 3044 separatus.
1572 2974 1681 3030 Nos
1704 2985 1885 3032 autem
1918 2986 1973 3031 et
1996 2977 2104 3032 late

540 3062 827 3117 lrridemus
852 3079 984 3127 eos,
1024 3065 1112 3133 qui
1158 3075 1345 3133 putant
1396 3080 1517 3121 esse
1548 3065 1743 3132 Deum,
1798 3075 1891 3121 aut
1938 3068 2102 3131 deos,

543 3160 799 3220 tanquam
833 3168 1049 3222 gregem
1102 3155 1384 3223 quemdam
1434 3154 1701 3210 reclusum
1744 3157 1796 3209 in
1834 3158 2054 3210 mandra
2088 3174 2103 3209 :

542 3242 740 3309 quippe
768 3242 919 3294 valde
959 3251 1014 3295 et
1060 3244 1505 3309 reprehendimus
1548 3258 1676 3310 eos,
1716 3246 1806 3313 qui
1836 3246 2018 3299 volunt
2054 3245 2108 3298 in

544 3328 855 3384 simulacris
893 3328 1120 3382 virtutes
1159 3331 1369 3383 divinas
1416 3329 1655 3383 reclusas
1693 3329 1878 3385 haberi
1902 3370 1915 3393 ,
1958 3345 2025 3385 ex
2058 3329 2109 3382 vi

548 3418 752 3475 scilicet
795 3419 1067 3473 hominum
1094 3420 1471 3486 malignorum.
1516 3417 1805 3475 lrridemus
1832 3421 1974 3474 enim
2018 3433 2111 3473 eos

548 3525 669 3565 cum
700 3510 912 3563 habitus
939 3511 1165 3579 appositi
1200 3511 1404 3563 fuerint
1438 3511 1491 3565 in
1533 3511 1866 3574 simulacris,
1899 3510 2111 3578 quidam

547 3601 763 3669 quidem
802 3601 1155 3665 feminarum,
1216 3602 1433 3669 quidam
1482 3612 1659 3656 autem
1713 3603 2114 3666 masculorum,

543 3702 600 3744 \J
626 3691 1064 3759 quadrupedum.
1092 3702 1146 3745 et
1187 3693 1540 3760 serpentium.
1576 3692 1805 3745 Tantum
1848 3693 1993 3745 enim
2032 3692 2115 3745 lu-

547 3795 697 3834 crum
721 3780 961 3847 capimus
994 3796 1056 3835 ex
1092 3782 1300 3845 iisdem,
1320 3782 1441 3848 quia
1471 3796 1536 3835 ex
1570 3782 1653 3834 his
1683 3796 1803 3849 quae
1834 3780 1920 3833 alii
1961 3780 2120 3835 aliter

2203 1516 2290 1557 res
2321 1510 2502 1555 autem
2538 1508 2592 1554 et
2620 1497 2814 1567 planta
2840 1496 2908 1549 ad
2944 1494 2995 1548 id
3029 1494 3172 1562 quod
3214 1500 3340 1545 sunt
3368 1494 3786 1558 assumpserunt

2203 1602 2260 1649 ut
2305 1601 2361 1647 et
2388 1598 2771 1659 exsurgerent,
2808 1598 2865 1643 et
2908 1587 3310 1656 germinarent,
3340 1595 3394 1637 et
3427 1590 3783 1643 crescerent,

2201 1695 2256 1740 et
2307 1693 2706 1754 pascerentur:
2742 1678 2997 1733 animalia
3043 1687 3224 1731 autem
3280 1674 3679 1727 irrationabilia
3724 1674 3784 1725 ad

2201 1792 2264 1832 ea
2290 1790 2411 1844 qua!
2438 1775 2581 1828 dicta
2612 1782 2737 1827 sunt
2768 1771 2930 1825 etiam
2966 1771 3065 1823 hoc
3096 1777 3503 1835 assumpserunt
3528 1808 3540 1827 ,
3572 1774 3629 1815 ut
3664 1780 3787 1817 sen-

2202 1866 2432 1923 sibilitas
2458 1865 2673 1920 essetin
2708 1864 2808 1918 eis.
2841 1860 2950 1917 Nos
2984 1876 3113 1914 vero
3136 1875 3257 1915 cum
3291 1860 3373 1911 his
3405 1860 3673 1909 munibus
3700 1870 3789 1907 ac-

2202 1958 2441 2027 cepimus
2496 1955 2790 2023 cogitatum
2829 1962 2886 2007 et
2938 1967 3202 2015 sensum,
3237 1960 3291 2003 et
3349 1950 3411 2001 ad
3466 1965 3566 2001 nos
3621 1959 3795 2014 usque

2202 2063 2414 2118 semper
2434 2046 2586 2117 quod
2614 2055 2735 2100 erat
2769 2046 3086 2099 honoratius
3106 2084 3122 2108 ,
3167 2044 3539 2097 additamento
3591 2040 3791 2091 elficie-

2201 2138 2397 2192 bantur
2431 2135 2805 2190 honoratiora.
2839 2132 3007 2188 Nobis
3050 2143 3227 2186 autem
3263 2132 3327 2185 ad
3360 2134 3645 2199 snperiora
3680 2132 3792 2195 jam

2201 2241 2304 2279 non
2331 2240 2398 2277 ex
2434 2222 2816 2278 additameutis
2840 2222 3155 2292 agnoscitur
3175 2222 3406 2289 dignitas
3428 2260 3443 2280 ,
3474 2222 3569 2273 sed
3609 2222 3651 2271 si
3682 2224 3795 2271 tor-

2204 2327 2253 2372 te
2280 2334 2309 2369 a
2356 2316 2785 2371 detractionibus
2818 2332 2833 2370 :
2866 2314 3256 2368 detractionem
3295 2323 3476 2365 autem
3509 2314 3632 2365 dico
3683 2329 3789 2364 nun

2200 2426 2263 2464 ex
2297 2410 2381 2463 his
2404 2422 2524 2477 quae
2548 2407 2658 2477 jam
2689 2413 2815 2459 sunt
2850 2415 2906 2460 et
2939 2406 3240 2469 habentur,
3269 2404 3604 2458 ablationem
3631 2442 3644 2465 ,
3693 2404 3789 2456 sed

2208 2501 2379 2569 ipsam
2414 2506 2664 2551 naturam
2688 2511 2810 2566 qua:
2842 2510 2949 2549 non
2984 2495 3213 2564 indiguit
3244 2495 3397 2548 istis:
3433 2503 3492 2547 ut
3521 2504 3649 2562 puta
3681 2478 3790 2549 non

2200 2588 2362 2643 habet
2429 2600 2648 2642 necesse
2703 2584 3016 2655 angelorum
3082 2599 3327 2640 crescere
3360 2596 3553 2639 natura
3598 2602 3613 2638 :
3668 2602 3792 2653 quae

2202 2680 2345 2732 enim
2376 2691 2481 2731 non
2518 2684 2815 2746 augentur,
2847 2682 2903 2729 et
2938 2690 3043 2729 non
3074 2676 3419 2729 minuuntur.
3458 2673 3602 2740 Quid
3654 2689 3791 2745 ergo

2132 2756 2174 2811 Β
2204 2768 2432 2824 inferior
2465 2779 2550 2824 est
2580 2776 2774 2823 natura
2824 2766 3174 2837 angelorum,
3211 2767 3337 2836 quia
3388 2766 3618 2821 arbores
3668 2768 3794 2833 qui-

2203 2860 2323 2914 dem
2352 2867 2407 2913 et
2446 2857 2643 2928 planus
2671 2868 3008 2927 pascuntur,
3042 2866 3096 2910 et
3140 2865 3424 2921 crescunt,
3476 2866 3529 2909 et
3583 2858 3793 2912 addita-

2206 2958 2389 3005 menta
2422 2948 2733 3018 aceipiunt;
2776 2948 3088 3015 angelorum
3136 2956 3316 3002 autem
3368 2958 3561 3002 natura
3612 2963 3793 3019 neque

2207 3042 2511 3113 germinat,
2544 3055 2718 3109 neque
2751 3038 3159 3108 pullulationem
3210 3038 3477 3109 suscipit,
3514 3054 3693 3107 neque
3733 3049 3796 3093 ut

2211 3141 2469 3203 pascatur
2503 3141 2595 3186 aut
2626 3131 2857 3185 addatur
2880 3131 2903 3185 2
2924 3131 3021 3185 Cui
3055 3129 3197 3185 enim
3233 3128 3433 3184 ablatio
3467 3129 3795 3184 incrementi

2210 3234 2295 3279 est
2320 3232 2373 3279 et
2403 3222 2634 3277 aliorum
2664 3235 2785 3290 quae
2835 3219 3105 3285 diximus,
3139 3234 3246 3275 non
3285 3229 3368 3275 est
3409 3220 3664 3274 damnum
3709 3220 3799 3275 bis

2212 3316 2302 3383 qui
2341 3315 2622 3384 possident
2651 3314 2768 3371 sine
2795 3312 2917 3368 istis
2945 3312 2997 3366 id
3023 3313 3168 3383 quod
3197 3322 3360 3378 sunt,
3392 3314 3485 3367 sed
3511 3312 3800 3381 dignitatis

2211 3406 2503 3460 eminentia
2539 3423 2554 3458 :
2588 3406 2753 3460 multa
2788 3405 2933 3460 enim
2972 3418 3077 3459 non
3126 3405 3310 3458 insunt
3347 3405 3583 3474 angelis,
3619 3422 3801 3476 neque

2214 3500 2409 3551 adsunt
2452 3514 2571 3567 qua:
2598 3500 2648 3553 in
2686 3496 2839 3551 nobis
2867 3500 3151 3553 habentur.
3187 3498 3254 3553 Et
3308 3513 3412 3551 non
3459 3500 3586 3567 quia
3642 3499 3801 3555 deest

2216 3591 2322 3643 illis
2344 3606 2462 3659 quae
2492 3607 2596 3645 non
2635 3591 2871 3653 habent,
2909 3590 3003 3644 sed
3033 3590 3157 3658 quia
3195 3605 3293 3644 nos
3332 3591 3638 3659 indigemus
3669 3592 3763 3647 his
3783 3634 3800 3655 ,

2220 3683 2337 3735 ideo
2365 3684 2517 3735 nobis
2548 3685 2699 3736 adest
2726 3684 2790 3735 ad
2823 3681 3073 3736 solatium
3102 3682 3153 3735 id
3192 3682 3333 3750 quod
3370 3685 3435 3735 ab
3469 3683 3659 3737 iisdem
3703 3684 3801 3739 do—

2221 3775 2449 3827 liuimus.
2484 3772 2601 3826 Non
2642 3782 2767 3826 sunt
2802 3774 3001 3841 nuptiae
3030 3774 3170 3843 apud
3203 3772 3439 3843 angelos.
3478 3774 3613 3827 Data
3647 3776 3799 3829 enim

548 3881 602 3924 et
631 3872 817 3926 dicunt
839 3883 892 3926 et
913 3882 1110 3941 agunt,
1137 3881 1190 3925 et
1222 3872 1455 3924 conflant
1491 3880 1545 3927 et
1590 3872 1947 3934 dissentiunt,
1992 3887 2121 3926 con-
2221 3875 2302 3919 est
2342 3867 2459 3918 viru
2514 3866 2705 3918 mulier
2738 3866 2800 3919 ad
2852 3866 3176 3929 adiutorium
3217 3884 3230 3919 :
3265 3866 3578 3935 angelorum
3616 3875 3799 3920 autem

551 3960 772 4013 fitentur
809 3961 935 4029 quia
983 3975 1105 4014 eum
1159 3961 1246 4028 qui
1303 3960 1561 4027 quaeritur
1619 3959 1884 4027 ignorant.
1939 3955 2123 4025 Neque

2226 3959 2592 4026 unusquisque
2619 3958 2837 4027 propria
2866 3968 3053 4011 natura
3092 3955 3288 4011 sufficit
3323 3958 3446 4011 sibi.
3496 3956 3614 4012 Non
3661 3972 3800 4013 con-

547 4051 690 4105 enim
722 4068 918 4120 corpus
942 4063 1023 4105 est
1056 4053 1197 4105 Deus
1220 4092 1235 4115 ,
1266 4065 1443 4119 neque
1476 4051 1718 4116 corporis
1759 4050 1956 4118 aliquid
1977 4090 1991 4113 ,
2024 4047 2120 4100 ali-
2144 4080 2190 4142 ε
2228 4048 2481 4101 ficiuntur
2512 4048 2716 4117 angelis
2747 4051 3088 4115 indumenta,
3121 4058 3181 4102 ut
3223 4058 3520 4102 contexant
3544 4049 3660 4119 (55)
3679 4065 3803 4119 qua:

548 4138 669 4206 quis
692 4148 748 4189 ut
774 4149 899 4207 puta
931 4139 1113 4203 color;
1148 4154 1320 4209 neque
1350 4138 1403 4190 in
1438 4152 1682 4205 corpore.
1708 4138 1877 4206 qualis
1900 4146 2116 4206 putatur

549 4241 668 4280 esse
700 4228 907 4290 anima;
935 4241 1105 4296 neque
1131 4229 1274 4281 circa
1303 4243 1500 4295 corpus
1525 4269 1539 4293 ,
1575 4228 1714 4281 sicut
1753 4237 1970 4294 putatur
2002 4240 2117 4279 sen-

550 4331 671 4381 sus;
721 4317 815 4369 sed
855 4316 987 4370 liber
1011 4328 1093 4371 est
1125 4328 1179 4370 et
1218 4332 1246 4370 a
1306 4330 1498 4371 natura
1529 4318 1774 4387 corporis
1809 4326 1864 4370 et
1908 4317 2112 4370 habitu.

550 4406 806 4473 Corporis
832 4407 972 4458 enim
1008 4418 1203 4459 natura
1236 4409 1285 4459 in
1314 4409 1705 4474 compositione
1731 4408 1973 4460 habetur.
1990 4407 2118 4473 Quae

552 4507 730 4553 autent
758 4508 1186 4566 componuntur,
1217 4501 1395 4552 omnia
1417 4514 1480 4553 ea
1512 4514 1633 4569 qua:
1666 4510 1791 4553 ante
1819 4498 1930 4566 jam
1975 4499 2117 4553 facta

549 4599 697 4649 sunt,
732 4589 1173 4658 compositionem
1212 4592 1479 4658 accipiunt
1516 4610 1528 4645 :
1565 4600 1623 4644 ut
1655 4604 1779 4660 puta
1802 4592 1943 4659 quod
1974 4592 2117 4658 dico,

551 4677 756 4745 lapides
801 4686 952 4730 erant
988 4680 1183 4745 creati,
1218 4681 1539 4747 compositio
1582 4680 1821 4747 lapidum
1854 4678 1978 4733 fecit
2018 4681 2116 4734 do-

552 4784 718 4822 mum.
744 4768 881 4823 Deus
912 4782 1085 4825 autem
1121 4774 1231 4841 ipse
1257 4783 1442 4826 auctor
1467 4782 1521 4826 et
1562 4772 1772 4826 initium
1802 4782 1907 4835 est,
1937 4783 1990 4826 et
2013 4788 2115 4826 non

552 4864 619 4915 ab
650 4863 730 4915 his
769 4878 886 4929 quae
916 4874 1074 4916 erant
1106 4864 1277 4928 facta,
1314 4865 1429 4934 ipse
1466 4866 1791 4932 compositus
1825 4865 2112 4919 invenitur.

556 4950 790 5018 Simplex
821 4954 962 5006 enim
993 4964 1045 5007 et
1076 4956 1363 5010 uniformis
1390 4965 1473 5009 est
1503 4957 1641 5010 Deus
1680 4956 1799 5026 (55)
1820 4998 1835 5023 ,
1871 4967 1922 5011 et
1969 4972 2119 5011 com-

553 5044 760 5110 positus
785 5043 917 5112 (δι),
945 5044 1141 5113 quippe
1190 5048 1377 5099 vivens
1412 5046 1527 5113 ipsa
1572 5061 1690 5114 qua:
1745 5058 1847 5101 est.
1878 5048 2115 5115 Corpora

554 5135 695 5185 enim
730 5147 848 5201 qum
880 5136 1151 5204 accipiunt
1178 5136 1342 5189 vitam
1364 5177 1380 5201 ,
1407 5137 1517 5204 ipsa
1544 5146 1598 5190 et
1634 5136 1950 5191 fraudantur
1984 5138 2113 5191 vita.

556 5226 655 5292 Qui
686 5236 860 5280 autem
894 5243 991 5282 nec
1019 5229 1227 5282 initium
1256 5231 1463 5299 accepit
1504 5229 1675 5299 (Deus
1706 5232 1847 5284 enim
1904 5220 2116 5285 initium

556 5334 661 5371 nou
691 5320 896 5386 accepit
936 5342 948 5375 ;
983 5321 1101 5389 quis
1132 5324 1269 5375 enim
1304 5332 1356 5375 et
1384 5322 1615 5393 daret?)
1641 5339 1744 5376 non
1779 5326 1886 5377 vita
1921 5325 1972 5377 in
1998 5339 2121 5379 cor-

2218 4139 2551 4193 cohabitant.
2580 4139 2691 4193 Non
2717 4140 2905 4194 domus
2926 4140 3358 4206 iisdem;suﬂicit
3384 4141 3528 4194 enim
3551 4141 3754 4197 omium
3785 4162 3797 4195 :

2219 4247 2321 4283 non
2359 4231 2510 4287 lectis
2555 4233 2758 4303 indiget
2802 4234 2919 4289 sine
2959 4249 3166 4288 sommo
3194 4243 3407 4287 natura.
3451 4233 3566 4287 Non
3607 4248 3797 4290 mensa

2218 4323 2355 4389 apud
2380 4336 2475 4376 eos
2510 4338 2523 4375 :
2558 4321 2699 4378 forte
2728 4334 2911 4377 autem
2953 4339 3053 4379 nec
3083 4334 3384 4392 pascuntur
3417 4341 3430 4377 :
3472 4341 3667 4377 aurqu
3700 4340 3799 4382 auo

2222 4423 2324 4466 tem
2348 4422 2400 4466 et
2424 4424 2706 4481 argentum
2744 4424 2799 4469 et
2833 4427 3188 4469 :eramentum
3231 4425 3286 4469 et
3329 4415 3529 4469 ferrum
3552 4455 3567 4479 ,
3596 4426 3653 4471 et
3681 4432 3801 4472 om.

2219 4506 2305 4558 nia
2338 4522 2456 4574 qua:
2499 4508 2761 4561 miramur
2794 4518 2975 4562 creata
3033 4518 3088 4560 et
3140 4507 3355 4561 inventa
3379 4548 3394 4573 ,
3427 4510 3564 4577 apud
3620 4526 3717 4566 nos
3746 4519 3800 4567 et

2220 4612 2351 4651 usus
2378 4596 2606 4665 habetur
2630 4640 2644 4662 ,
2686 4599 2791 4651 illic
2844 4608 3021 4652 autem
3051 4613 3150 4651 nec
3181 4600 3510 4669 nuncupatio
3549 4601 3800 4657 nomina—

2221 4697 2335 4753 tur,
2376 4703 2477 4742 nec
2505 4689 2796 4742 invenitur.
2830 4689 2966 4754 Quid
2998 4691 3165 4759 ergo?
3195 4707 3319 4745 num
3346 4708 3411 4746 ex
3466 4692 3633 4747 tantis
3680 4708 3798 4764 qua

2218 4788 2469 4847 putamus
2492 4794 2518 4833 a
2547 4780 2699 4832 nobis
2741 4782 2897 4833 bonis
2927 4796 3247 4849 superamus
3288 4786 3602 4855 angelorum
3637 4794 3793 4842 uatu-

2220 4872 2382 4924 ram?
2421 4871 2530 4925 Nos
2559 4874 2702 4925 enim
2741 4873 2937 4928 divites
2973 4889 3105 4928 auro
3127 4890 3345 4940 sumus,
3377 4879 3552 4947 angeli
3593 4895 3787 4935 aurum

2222 4978 2325 5016 non
2358 4962 2552 5017 habent
2584 4981 2600 5017 :
2646 4975 2754 5016 non
2795 4964 2914 5019 ideo
2943 4981 3205 5036 pauperes
3256 4968 3640 5037 inveniuntur,
3670 4974 3791 5041 quia

2220 5072 2409 5109 aurum
2442 5058 2580 5126 apud
2610 5058 2729 5110 illos
2759 5074 2863 5112 non
2888 5068 3004 5123 est;
3038 5060 3129 5113 sed
3168 5061 3341 5130 magis
3368 5061 3440 5114 illi
3468 5061 3795 5134 divites,qui

2220 5160 2318 5199 nec
2346 5161 2477 5199 auro
2510 5145 2752 5214 indigent
2781 5156 2963 5202 nostro
2991 5163 3088 5204 nec
3114 5162 3356 5217 argento.
3389 5151 3526 5215 Quid
3557 5166 3697 5221 opus
3716 5164 3797 5225 est

2220 5236 2420 5291 ferrum
2454 5238 2507 5290 in
2538 5239 2735 5291 caelis?
2765 5247 2944 5293 utrum
2982 5240 3048 5294 ad
3077 5239 3345 5295 culturam
3366 5282 3381 5305 ,
3422 5251 3513 5296 aut
3545 5246 3613 5297 ad
3642 5247 3796 5299 navi-

2220 5328 2485 5397 gationem
2512 5373 2527 5396 ,
2559 5343 2647 5382 aut
2678 5330 2742 5382 ad
2780 5331 2975 5383 bellum
3003 5372 3018 5397 ,
3049 5344 3140 5385 aut
3175 5332 3243 5386 ad
3268 5334 3637 5388 medicinam?
3664 5335 3794 5403 Quid

560 5422 688 5475 pore
717 5419 795 5462 est
832 5412 971 5465 Deus
995 5454 1007 5473 ,
1040 5416 1130 5467 sed
1161 5416 1287 5468 vita.
1316 5415 1369 5467 lu
1405 5425 1611 5469 tantum
1643 5416 1785 5469 enim
1822 5418 2011 5484 repetit
2033 5432 2123 5470 co-
2153 5418 2198 5477 D
2225 5436 2357 5489 opus
2388 5429 2471 5474 est
2498 5422 2844 5489 permistione
2880 5422 3021 5488 illis,
3070 5425 3158 5479 ubi
3194 5440 3297 5477 nou
3340 5435 3466 5479 sunt
3496 5439 3789 5481 commuta-

560 5500 757 5566 gitatus
790 5508 927 5569 quod
977 5506 1077 5557 sibi
1110 5508 1241 5560 utile
1292 5508 1563 5563 invenitur
1596 5523 1610 5559 :
1639 5508 1760 5577 quia
1802 5519 1965 5577 petrae
1994 5510 2117 5578 qui-

635 5638 743 5705 (52)
785 5639 875 5693 Ms.
924 5655 1015 5695 aut
1086 5646 1138 5697 in
1204 5657 1362 5710 terra,
1411 5664 1511 5701 non
1576 5650 1631 5701 in
1684 5648 1853 5712 mari,
1916 5664 2016 5701 non
2065 5650 2119 5704 in

559 5722 694 5759 σεῖε.

636 5777 751 5844 (53)
811 5778 901 5834 διε.
974 5782 1201 5852 Simplex
1259 5788 1393 5844 enim
1428 5797 1473 5843 et
1500 5786 1734 5857 informis
1766 5798 1836 5844 est
1868 5786 2025 5844 Deus.

2228 5513 2445 5568 tiones?
2470 5512 2574 5567 Sed
2611 5530 2709 5567 nec
2744 5515 2918 5570 servis
2949 5530 3085 5587 opus
3134 5525 3218 5570 est
3250 5518 3327 5571 eis
3354 5536 3368 5572 :
3400 5517 3597 5573 suflicit
3653 5520 3789 5575 enim

2297 5653 2408 5723 (δι)
2443 5653 2794 5723 Compositus.
2825 5652 2987 5709 Forte
3006 5693 3020 5719 ,
3050 5655 3437 5721 incompositus.

2300 5722 2421 5795 (55')
2465 5722 2775 5780 Contemni.
2812 5724 2967 5779 Forte
2990 5768 3003 5793 ,
3040 5735 3332 5798 contegunt.
