4000 6462
210 453 354 514 1169
1003 453 1096 510 DE
1145 454 1237 511 EO
1276 452 1467 523 QUOD
1503 450 1690 511 DEUS
1725 451 1961 509 PATER
1994 447 2504 510 INCORPORALIS
2540 446 2693 504 EST.
3361 441 3500 498 “50

216 565 586 636 unusquisque
634 563 769 620 sibi.
799 566 867 621 Et
895 580 1017 636 qua
1045 576 1299 639 putamus
1340 565 1496 621 nobis
1528 579 1652 620 esse
1694 578 1811 617 ma-
1844 563 1891 620 Α
1918 572 2171 634 pratum;
2205 571 2262 619 et
2286 563 2607 617 assistentes
2633 559 2806 629 pratis
2827 597 2843 623 ,
2884 558 3167 615 videamus
3208 574 3312 612 non
3354 574 3499 613 nunc

211 673 329 730 grta
350 699 368 727 ,
394 666 449 713 et
470 659 609 713 bona
632 696 649 721 ,
676 665 734 713 et
766 660 1077 715 necessaria
1102 672 1328 728 quaque
1364 665 1492 712 sunt
1519 656 1709 722 nobis;
1733 654 1809 709 illi
1915 654 2080 711 ﬂores
2105 664 2370 709 exeuntes
2390 691 2408 718 ,
2443 666 2617 721 neque
2639 650 2913 706 coloribus
2938 649 3121 705 varios
3140 691 3157 716 ,
3213 663 3390 713 neque
3444 649 3499 701 in

214 757 433 805 natura
452 748 633 804 omnia
654 759 782 805 sunt
802 750 983 803 otiosa
1019 768 1034 804 :
1069 760 1125 804 et
1148 762 1485 819 quacunque
1512 762 1579 802 ex
1604 746 1810 799 anima-
1913 748 2178 804 odoribus
2206 747 2487 810 diversos;
2519 744 2615 799 sed
2636 742 2918 797 videamus
2939 741 3047 796 illic
3076 740 3215 796 casio
3248 740 3498 809 superius

208 839 369 895 libus
418 840 577 895 nobis
603 849 725 894 sunt
766 839 922 893 utilia
944 880 961 907 ,
1012 839 1120 895 illis
1148 847 1279 894 sunt
1324 854 1433 893 non
1475 835 1804 892 necessaria.
1927 844 2106 897 locum
2135 879 2150 901 ,
2184 855 2281 909 per
2315 838 2536 908 angelos
2561 847 2743 892 autem
2773 834 3167 907 splendentem.
3204 832 3497 888 Multitudo

210 930 439 986 Tauros
462 932 609 986 enim
638 933 704 986 ad
729 931 996 986 culturam
1047 946 1157 985 non
1205 931 1404 986 habent
1430 944 1602 1000 Opus,
1633 942 1810 997 neque
1919 936 2063 991 enim
2097 935 2209 990 illic
2242 949 2348 989 non
2387 940 2535 987 tanta
2559 941 2762 1002 quanta
2789 938 2874 985 est
2898 930 3201 985 stellarum.
3237 927 3296 984 Si
3346 926 3492 982 enim

201 1036 397 1092 equos
425 1022 493 1077 ad
518 1022 716 1079 bellum
745 1042 760 1078 :
788 1038 897 1078 non
925 1022 1169 1093 indigent
1207 1022 1332 1091 igne
1366 1021 1433 1075 ad
1480 1019 1764 1074 luminaria
1788 1058 1805 1083 .
1912 1034 1969 1080 et
2004 1024 2189 1078 multa:
2225 1032 2354 1076 sunt
2381 1021 2570 1086 stellae,
2604 1021 2699 1075 sed
2727 1020 2781 1074 in
2815 1019 3280 1086 magnitudinibus
3302 1027 3357 1071 et
3379 1030 3499 1071 cor-

202 1127 400 1181 neque
426 1127 490 1167 ea
526 1128 647 1183 qua:
669 1129 768 1184 per
798 1114 978 1185 ignem
1018 1115 1086 1168 ad
1131 1128 1342 1168 curam.
1387 1111 1506 1167 Non
1555 1126 1694 1182 aqua
1725 1118 1810 1165 est
1914 1116 2138 1185 poribus
2167 1113 2480 1168 constituta
2500 1152 2516 1178 ,
2559 1112 2695 1166 locis
2725 1112 2963 1179 indigent
2984 1151 2999 1175 ,
3026 1119 3081 1165 et
3106 1124 3173 1164 ex
3224 1110 3497 1177 magnitu-

197 1202 303 1257 είε
326 1203 634 1259 necessaria
659 1244 674 1269 ς
702 1219 808 1259 non
834 1219 900 1260 οι
932 1204 1091 1268 mari.
1116 1219 1223 1258 non
1257 1219 1325 1258 el
1354 1212 1497 1258 terra
1529 1218 1544 1257 ε
1576 1217 1683 1257 "On
1716 1198 1805 1255 illa
1917 1208 2044 1263 dine
2074 1207 2200 1263 coeli
2234 1205 2520 1261 multitudo
2543 1212 2893 1259 ntensuratur
2910 1218 3122 1258 earum.
3144 1200 3329 1254 Tantae
3348 1198 3497 1256 enim

198 1306 342 1361 φα)
368 1306 435 1347 εἰ
462 1292 725 1350 imbribus
747 1304 1089 1365 ιρροτιειιυτο
1120 1293 1238 1349 Non
1283 1308 1538 1348 somnum
1571 1293 1637 1346 ad
1668 1292 1807 1347 τοτε·
1910 1311 2076 1363 sunt,
2120 1306 2352 1365 quantas
2382 1296 2530 1365 capit
2575 1305 2632 1349 et
2676 1295 2897 1350 caelum.
2947 1293 3134 1361 Angeli
3172 1300 3349 1345 autem
3387 1303 3494 1343 non

195 1384 460 1438 ctionem
492 1386 858 1440 necessarium
888 1385 1114 1450 habent,
1142 1400 1248 1439 non
1282 1399 1436 1440 escas
1456 1384 1524 1437 ad
1548 1382 1775 1439 salutem

1918 1392 2167 1462 indigent
2192 1390 2309 1445 loco
2331 1430 2348 1453 ,
2384 1390 2477 1443 sed
2510 1388 2663 1443 liberi
2695 1404 2725 1441 a
2781 1387 2913 1441 locis
2942 1387 3185 1439 viventes
3224 1396 3390 1448 sunt,
3440 1392 3498 1439 et

196 1470 393 1529 Ῠοΐίο
437 1483 618 1529 ποιοίη
646 1475 862 1542 quidem
911 1483 968 1530 ει
1022 1474 1293 1529 miramur
1344 1473 1667 1538 “diem”,
1710 1469 1803 1539 Qui
1909 1482 1964 1537 itt
2000 1481 2324 1545 alterutrum
2362 1489 2609 1549 agentes.
2645 1476 2766 1531 Non
2807 1478 2861 1532 in
2902 1475 3222 1531 confusione
3265 1476 3495 1544 quippe,

200 1574 410 1622 mente
435 1567 503 1621 ad
531 1566 846 1637 angelorum
870 1568 1069 1623 choros
1110 1582 1217 1622 non
1252 1573 1636 1635 pervenerunt.
1677 1562 1780 1631 Qui

1919 1589 2012 1629 nec
2038 1571 2407 1627 exsultatione
2455 1584 2718 1640 corporea
2745 1609 2761 1634 ,
2801 1568 2895 1623 sed
2949 1582 3162 1636 semper
3206 1567 3260 1620 in
3294 1566 3499 1621 lumine

194 1655 322 1713 bus
348 1656 497 1713 enim
536 1657 820 1713 beatitudo
840 1667 926 1713 est
953 1659 998 1713 si
1025 1658 1352 1712 manducent
1394 1666 1450 1711 et
1495 1655 1716 1720 bibant.
1749 1662 1805 1709 et
1908 1673 2078 1720 sunt:
2114 1666 2214 1734 ipsi
2242 1662 2423 1716 lumen
2459 1660 2603 1726 tale,
2642 1661 2831 1729 quales
2863 1668 2918 1713 et
2974 1667 3121 1712 sunt.
3171 1657 3327 1727 Apud
3378 1657 3500 1713 illos

202 1749 435 1819 nuptiis
460 1757 703 1815 utantur,
734 1757 790 1804 et
816 1748 1192 1818 possessiones
1219 1746 1488 1812 habeant,
1510 1756 1565 1801 et
1588 1747 1782 1800 thesau

1916 1756 2053 1811 enim
2077 1771 2182 1810 non
2209 1770 2316 1808 nox
2351 1754 2418 1808 ad
2462 1752 2826 1808 refectionem
2860 1752 3092 1805 habetur
3115 1791 3130 1814 ,
3157 1766 3262 1804 non
3291 1749 3407 1804 dies
3430 1748 3496 1801 ad

198 1855 313 1895 ros
332 1839 663 1903 recondam,
698 1848 753 1894 et
775 1837 1083 1907 iudiciariis
1122 1837 1481 1908 dignitatibus
1516 1835 1778 1907 perfruan

1921 1848 2398 1905 exsurrectionem.
2428 1844 2656 1914 Semper
2686 1843 2832 1896 enim
2856 1842 3060 1896 habent
3090 1840 3267 1894 lumen
3291 1882 3307 1906 ,
3339 1849 3393 1893 et
3417 1840 3501 1892 lu.

200 1939 346 1994 tur;
375 1928 461 1985 itis
488 1929 650 1983 etiam
681 1943 744 1983 ea
773 1943 895 1998 qua:
920 1943 1082 1997 supra
1115 1928 1219 1983 ista
1258 1936 1421 1991 sunt,
1448 1927 1660 1980 minora
1703 1940 1780 1994 put

1921 1955 2040 1995 men
2082 1954 2187 1993 nou
2217 1939 2321 1992 hoc
2353 1936 2497 2005 quod
2550 1935 2689 2004 apud
2720 1948 2818 1987 nos
2859 1941 2959 1987 est.
2994 1932 3107 1986 Hoc
3151 1932 3296 1985 enim
3325 1931 3501 1985 sensi-

201 2030 435 2076 ιεηιιπο
467 2019 574 2077 Sed
608 2035 717 2075 non
766 2019 1204 2075 εοηιεωίηεωυε
1236 2027 1483 2073 sanctum
1512 2016 1661 2070 illum
1704 2030 1803 2070 ³η-
1911 2032 2221 2089 bilitatibus
2251 2037 2625 2083 mensuratum
2654 2037 2775 2091 est,
2803 2024 2933 2080 illud
2975 2033 3156 2077 autem
3195 2022 3337 2075 aliud
3396 2021 3501 2075 ali-

197 2114 466 2185 gelorum
489 2114 713 2168 chorum
740 2128 755 2178 ;
794 2100 903 2167 non
936 2111 1010 2166 sit
1044 2111 1115 2166 ibi
1142 2110 1343 2165 femina
1366 2148 1382 2174 ,
1414 2109 1503 2163 ubi
1531 2107 1777 2163 ωεεθδδίε

1918 2125 2063 2196 quid.
2087 2121 2233 2176 Nihil
2255 2137 2387 2176 sane
2408 2135 2507 2174 nos
2532 2118 2787 2189 prohibet
2811 2118 2862 2170 in
2896 2115 3088 2171 iisdem
3113 2115 3247 2183 ipsis
3274 2127 3498 2182 compa-

205 2205 538 2262 necessaria
577 2219 684 2260 non
732 2211 837 2259 est.
870 2200 987 2257 Non
1030 2202 1157 2271 quia
1198 2208 1506 2256 creaturam
1548 2214 1748 2254 accuso

1923 2216 2217 2273 rationibus
2252 2212 2517 2277 volutari,
2556 2211 2681 2281 quia
2706 2218 2761 2263 et
2789 2207 3029 2277 piscibus
3053 2206 3235 2260 lumen
3268 2205 3503 2259 habetur

198 2295 645 2366 unumquodque
672 2296 818 2349 enim
845 2291 1079 2349 οωείυω
1134 2294 1189 2347 in
1240 2305 1337 2347 sua
1392 2298 1584 2346 nam"
1626 2289 1801 2359 luci;
1910 2324 2017 2364 non
2043 2317 2249 2362 tantum
2278 2312 2541 2374 quantum
2570 2310 2623 2357 et
2649 2300 2791 2370 apud
2822 2314 2939 2354 nos.
2968 2295 3321 2352 Conunistum
3350 2292 3500 2348 enim

205 2384 360 2442 bene
384 2386 708 2440 translatum
745 2394 927 2440 autem
955 2399 984 2438 a
1028 2385 1144 2439 suis
1169 2383 1340 2450 locis,
1385 2391 1442 2437 et
1489 2384 1804 2453 regionibus
1910 2400 2042 2455 ίιιυά
2079 2407 2163 2453 εει
2196 2397 2373 2451 lumen
2397 2434 2412 2460 ,
2445 2393 2589 2463 quod
2617 2391 2758 2463 apud
2809 2391 2989 2460 pisces
3024 2388 3255 2443 habetur
3295 2385 3498 2454 aquis;

209 2486 272 2534 et
304 2486 500 2533 natura
524 2479 592 2533 ad
622 2491 783 2547 quam
811 2476 1104 2532 constituta
1132 2485 1217 2532 est
1238 2515 1255 2541 ,
1296 2487 1521 2532 revocat
1544 2476 1613 2531 ad
1646 2489 1707 2530 se
1729 2475 1805 2530 le-
1911 2501 1967 2546 ει
1995 2490 2117 2545 ideo
2146 2503 2251 2543 ηοη
2293 2488 2365 2540 ita
2413 2486 2553 2539 sicut
2605 2483 2744 2552 apud
2798 2496 2898 2535 nos
2930 2488 3216 2550 permanet
3263 2492 3461 2545 purum
3482 2514 3502 2542 ,

205 2572 306 2642 gis
336 2569 536 2625 divina
560 2568 841 2622 virtutem.
868 2567 1150 2634 Quomodo
1178 2567 1324 2622 enim
1365 2565 1549 2622 decori
1579 2567 1634 2621 in
1666 2581 1784 2621 mar

1925 2582 2010 2637 ted
2041 2581 2221 2635 lumen
2270 2588 2324 2633 et
2364 2565 2475 2631 illic
2526 2584 2613 2631 est
2645 2592 2660 2627 :
2692 2575 2942 2643 perlucet
2989 2572 3135 2625 enim
3185 2579 3241 2623 et
3293 2569 3368 2622 ibi
3404 2582 3505 2637 per

212 2668 350 2717 sunt
380 2662 608 2731 piscium
659 2660 893 2730 greges?
941 2660 1213 2729 quomodo
1259 2659 1471 2714 decora)
1509 2670 1636 2714 sunt
1681 2659 1792 2713 illo-

1923 2687 2086 2742 aquas
2119 2710 2135 2735 ,
2170 2670 2262 2724 sed
2289 2682 2396 2722 non
2424 2676 2506 2722 est
2527 2667 2599 2720 ita
2632 2680 2826 2735 purum
2851 2672 2909 2718 ut
2955 2661 3134 2716 nobis.
3183 2659 3252 2713 Et
3302 2659 3346 2713 si
3378 2658 3503 2726 quis

210 2768 345 2809 rum
376 2765 430 2807 tn
459 2753 728 2807 meatibus
753 2749 1032 2805 ﬂuminum
1056 2750 1493 2807 exsultationes?
1533 2752 1805 2821 quomodo
1911 2764 2204 2835 aliquando
2233 2762 2283 2815 vi
2313 2762 2503 2815 mersit
2532 2759 2587 2813 in
2614 2771 2784 2827 aquas
2805 2796 2821 2821 ,
2854 2764 2911 2810 et
2938 2755 2992 2809 in
3023 2754 3181 2823 aquis
3221 2766 3351 2805 suos
3374 2766 3504 2819 ape-

217 2845 405 2901 nitent
438 2845 491 2898 in
521 2845 701 2899 exitus
730 2843 1000 2898 fontium?
1043 2841 1102 2897 Si
1145 2853 1329 2898 autem
1356 2842 1591 2898 volueris
1632 2843 1803 2907 istos,
1914 2857 2022 2911 ι-υίι
2045 2854 2268 2916 oculos,
2304 2853 2436 2907 vidi:
2458 2852 2659 2921 quippe
2681 2850 2825 2919 quod
2849 2847 2991 2918 apud
3040 2860 3143 2900 nos
3170 2851 3253 2899 est
3280 2844 3501 2909 lumen;

214 2945 283 2994 ut
306 2938 443 2993 dans
463 2936 810 3003 beneficium,
835 2951 903 2991 ex
929 2935 1086 3004 aquis
1114 2934 1179 2989 ad
1206 2936 1499 3005 puritatem
1516 2936 1660 2990 aeris
1681 2934 1794 2989 edu-

1921 2949 2092 3014 videt,
2128 2948 2349 3016 inquam
2372 2984 2387 3009 ,
2424 2943 2528 2997 hoc
2562 2943 2773 2997 clarum
2805 2941 2859 2996 in
2910 2939 3068 3008 aquis
3117 2937 3501 3006 caliginosum.

213 3040 380 3096 cere,
402 3027 469 3082 ad
496 3028 851 3097 perditionem
882 3027 1111 3097 piscium
1146 3025 1469 3080 beneficium
1502 3024 1594 3081 flet
1622 3033 1793 3079 tuum.

1922 3039 2147 3096 Utamur
2170 3044 2351 3090 autem
2392 3044 2447 3088 et
2469 3033 2575 3087 alia
2608 3030 3041 3099 comparatione.
3075 3027 3324 3082 Praesens
3352 3024 3502 3078 enim

222 3118 369 3191 Ergo
396 3119 561 3189 piscis
591 3118 810 3188 quidem
860 3119 932 3173 sit
986 3116 1075 3171 ubi
1124 3125 1239 3182 est;
1283 3116 1500 3185 quidam
1552 3116 1695 3171 enim
1750 3116 1802 3171 in

1925 3130 2073 3185 istius
2108 3130 2255 3182 horae
2284 3125 2603 3181 constitutio
2626 3124 3003 3177 testimonium
3028 3117 3267 3174 sermoni
3300 3118 3505 3183 imper-

227 3212 365 3265 ntari
404 3219 531 3265 sunt
557 3210 751 3280 positi;
780 3218 835 3265 et
863 3210 974 3265 sint
1002 3208 1092 3264 ubi
1137 3209 1217 3263 eis
1256 3219 1340 3262 est
1368 3210 1550 3262 datum
1582 3224 1599 3263 :
1630 3208 1719 3262 alii
1752 3208 1805 3262 in
1839 3266 1878 3285 Π
1917 3222 2032 3275 uel,
2089 3217 2201 3271 Hoc
2232 3216 2377 3285 quod
2424 3214 2566 3283 apud
2623 3228 2725 3267 nos
2758 3226 2953 3280 purum
2986 3219 3073 3264 est
3123 3209 3303 3263 lumen
3330 3224 3343 3259 ε
3374 3204 3503 3273 quia

218 3301 538 3355 (luminibus
557 3266 619 3356 let
648 3301 703 3354 in
732 3300 969 3356 fontibus
1008 3310 1237 3364 natant,
1271 3300 1399 3369 quia
1423 3314 1532 3354 non
1568 3298 1798 3367 indigent

1924 3309 2059 3363 enim
2091 3308 2262 3361 nubes
2285 3304 2580 3359 adveniens
2614 3302 2864 3356 constitit
2889 3315 3053 3369 super
3082 3314 3206 3360 nos,
3239 3298 3394 3367 aquis
3416 3306 3504 3350 ut-

221 3395 335 3446 tuis
368 3392 646 3446 beneficiis
671 3393 738 3445 ad
770 3391 1269 3459 interemptionem.
1319 3389 1457 3457 Quid
1484 3390 1658 3460 ergo?
1681 3392 1801 3460 quia

1925 3411 2039 3471 pote
2057 3399 2241 3468 plena;
2267 3412 2372 3451 non
2405 3393 2653 3465 permisit
2672 3402 2854 3447 autem
2880 3393 2986 3445 tale
3008 3390 3075 3444 ad
3095 3405 3193 3444 nos
3213 3389 3393 3442 lumen
3415 3402 3505 3441 ve-

221 3483 366 3535 bona
393 3491 475 3535 est
499 3496 636 3550 aqua
664 3482 902 3551 piscibus
928 3521 945 3547 ,
972 3481 1309 3551 deponamus
1333 3481 1443 3535 illic
1467 3482 1807 3537 exsultantes
1919 3496 2057 3558 nire,
2079 3491 2241 3561 quale
2260 3490 2374 3544 heri
2394 3498 2448 3543 et
2474 3488 2685 3558 pridem
2708 3486 3045 3539 habebamus
3063 3483 3115 3535 in
3141 3477 3506 3535 oculis.Aeri8

224 3584 281 3627 et
318 3572 582 3626 homines.
610 3571 919 3626 Secumlum
954 3573 1120 3625 istum
1149 3572 1314 3643 igitur
1341 3574 1804 3640 sermonem,sint

1923 3582 2063 3638 enim
2083 3580 2300 3635 tristitia
2316 3579 2525 3648 pervisa
2544 3576 2992 3642 ostenditquanta
3011 3567 3503 3625 immutatioeidem

226 3665 505 3720 masculus
529 3676 584 3720 ει
608 3664 807 3720 femina
839 3665 998 3719 “illi”
1054 3665 1196 3733 apud
1248 3679 1347 3719 “05
1379 3674 1434 3719 ει
1476 3665 1770 3719 necessarii
1790 3706 1806 3732 ι
1919 3676 2019 3745 ipsi
2050 3673 2238 3727 lumini
2267 3674 2333 3725 ab
2361 3668 2659 3736 iuterjectis
2691 3666 2924 3721 nubibus
2948 3662 3253 3733 perficitur,
3282 3674 3339 3714 ut
3364 3661 3506 3724 apud

227 3756 513 3808 hominum
543 3768 722 3808 autem
760 3764 1010 3808 naturam
1040 3765 1232 3809 contra
1272 3765 1522 3809 naturam
1552 3769 1664 3809 non
1716 3756 1810 3810 de-
1920 3782 2040 3822 nos.
2068 3765 2125 3819 Si
2159 3776 2344 3819 autem
2380 3771 2651 3832 praecepto
2685 3760 2779 3815 Dei
2814 3758 3091 3813 evacuatis
3121 3754 3276 3823 aquis
3310 3753 3507 3821 fugata

227 3862 515 3916 ponamus.
556 3846 612 3901 Si
645 3849 790 3902 enim
821 3847 1114 3902 ascendere
1135 3861 1243 3900 non
1278 3856 1454 3916 patest
1485 3855 1677 3900 natura
1728 3848 1807 3917 pi-

1929 3860 2120 3913 fuerint
2142 3860 2333 3919 nubes,
2352 3865 2406 3909 et
2427 3866 2621 3907 natura
2641 3852 2759 3921 ejus
2781 3860 2882 3914 est,
2904 3852 3095 3904 iterum
3118 3849 3270 3902 nobis
3288 3846 3509 3900 advenit

227 3941 403 3995 scium
442 3954 605 4010 supra
630 3948 877 3993 naturam
898 3978 914 4004 ,
945 3940 1215 4009 quomodo
1240 3953 1349 3992 non
1387 3938 1561 4008 magis
1597 3939 1807 3993 timebi-

1927 3952 2125 4014 lumen,
2153 3964 2261 4003 non
2286 3947 2428 4000 aliud
2461 3949 2659 4013 quippe
2681 3944 2902 4006 factum,
2924 3946 3017 3996 sed
3038 3941 3325 3994 liberatum
3360 3953 3387 3989 a
3408 3951 3507 3990 nu-

229 4048 387 4100 ³³11³⁸,
420 4033 464 4087 εί
517 4033 844 4103 δηεθιοτυιη
882 4041 1132 4086 mnum“
1182 4032 1348 4085 νθτῧο
1405 4031 1519 4085 ausi
1549 4027 1809 4084 fuerimus
1917 4038 2467 4109 biuntpcrtuistioue,
2490 4037 2647 4089 istam
2668 4052 2828 4106 quam
2850 4034 3042 4089 videtis
3063 4030 3506 4086 constitutionem

229 4128 504 4196 ἀεροηετε
526 4164 541 4189 ν
563 4140 684 4196 quae
709 4140 816 4179 ηοη
851 4122 1173 4180 descendit?
1200 4122 1350 4177 Ali“
1375 4132 1555 4175 allle
1595 4132 1653 4175 θι
1675 4121 1811 4174 nillil
1920 4132 2267 4199 prmbentem.
2312 4129 2454 4198 Ergo
2488 4138 2541 4181 et
2568 4128 2619 4181 in
2664 4127 2823 4191 mari,
2853 4136 2907 4180 et
2942 4126 2994 4178 in
3023 4125 3181 4192 aquis
3205 4131 3323 4176 erat
3362 4121 3510 4175 aliud

230 4219 467 4289 amplius
493 4218 583 4273 flet
628 4233 659 4272 a
700 4218 891 4282 nobis,
948 4218 1052 4271 nisi
1092 4226 1154 4287 ut
1190 4215 1648 4284 blasphememus.
1700 4212 1810 4270 Nec

1929 4224 2138 4287 lumen;
2189 4236 2295 4275 non
2330 4220 2558 4274 alterum
2592 4220 2791 4289 quippe
2820 4227 3038 4282 natura,
3076 4216 3170 4270 sed
3206 4217 3306 4268 sub
3335 4214 3509 4267 intro-

228 4310 377 4364 Oﬂim
407 4311 507 4365 elSi
537 4309 865 4365 νοιυοτῖῐηιιε
890 4309 999 4364 Vim
1029 4310 1210 4364 facere
1239 4308 1313 4361 illi
1337 4317 1574 4373 “animi
1616 4320 1808 4376 Pcw"
1920 4316 2172 4370 ductione
2205 4314 2433 4367 aliorum
2469 4312 2847 4382 caliginosum.
2904 4312 2979 4364 lta
3009 4318 3063 4364 et
3112 4307 3253 4378 apud
3300 4320 3398 4360 nos
3442 4319 3511 4359 ex

229 4396 448 4470 ﬁebilur
483 4417 498 4455 ε
530 4402 623 4455 sed
654 4401 731 4455 illi
763 4401 983 4471 quidem
1008 4408 1227 4456 manem
1247 4399 1401 4453 liberi
1448 4400 1517 4453 ab
1562 4400 1670 4454 i8l0
1713 4398 1812 4451 ha-
1921 4418 2190 4461 conventu
2222 4404 2443 4458 nubium
2477 4413 2533 4457 et
2575 4418 2837 4471 aquarum
2871 4403 2971 4455 hoc
3002 4400 3203 4455 factum
3232 4408 3335 4462 est,
3367 4399 3511 4467 quod

230 4494 352 4548 bitu
378 4494 675 4564 corporali.
708 4492 896 4564 Neque
918 4494 1063 4547 enim
1096 4492 1371 4563 masculus
1398 4506 1572 4561 neque
1608 4491 1807 4545 femina
1920 4498 2115 4553 videtis
2154 4513 2251 4567 per
2294 4496 2486 4553 nubes.
2540 4495 2845 4550 Secundum
2888 4496 3048 4548 istum
3098 4495 3262 4562 igitur
3302 4506 3513 4545 sermo-

234 4584 377 4653 apud
407 4599 501 4639 eos
525 4594 643 4649 est,
672 4598 726 4639 et
759 4601 867 4639 non
909 4586 976 4640 de
1007 4594 1172 4639 terra.
1215 4585 1281 4638 Et
1312 4586 1453 4649 hoc,
1495 4584 1633 4639 forte
1664 4584 1808 4638 enim
1846 4622 1890 4676 Β
1924 4602 2068 4651 nem,
2102 4597 2155 4641 et
2217 4602 2314 4656 per
2360 4602 2540 4641 aerem
2574 4595 2867 4655 penetrans
2902 4586 3080 4639 lumen
3126 4601 3230 4638 non
3275 4594 3357 4637 est
3407 4583 3513 4637 tale

231 4676 437 4731 audisti
472 4678 724 4731 mirabile
747 4677 879 4732 illud
907 4677 1147 4747 Apostoli
1174 4678 1415 4741 dictum,
1443 4678 1567 4747 quia
1598 4686 1654 4732 et
1676 4676 1815 4745 apud
1922 4678 2080 4748 quale
2113 4695 2142 4733 a
2180 4680 2290 4734 sole
2338 4679 2623 4734 emittitur.
2676 4678 2731 4733 Si
2774 4679 2921 4733 enim
2974 4678 3211 4731 maxime
3258 4691 3323 4729 eo
3366 4677 3511 4743 quod

231 4784 372 4838 quos
401 4777 594 4824 natura
647 4771 839 4825 statuit
881 4771 1179 4825 masculum
1232 4785 1355 4824 esse
1402 4779 1458 4824 et
1520 4768 1811 4837 feminam,
1925 4772 2241 4842 perspicuus
2272 4786 2365 4825 aer
2395 4773 2642 4835 habetur,
2677 4771 2808 4825 latet
2832 4771 3113 4839 permistio
3142 4792 3152 4824 :
3184 4771 3277 4823 sed
3308 4769 3352 4823 si
3387 4770 3512 4837 quis

236 4862 382 4931 apud
414 4863 553 4916 istos
585 4863 728 4929 ipsos
752 4863 919 4929 fides,
948 4872 1004 4917 et
1030 4877 1126 4930 per
1179 4864 1338 4918 fidem
1384 4862 1694 4931 coniunctio
1735 4863 1817 4916 in—
1925 4863 2156 4917 voluerit
2187 4864 2422 4933 cogitatu
2454 4864 2688 4929 evolare,
2729 4874 2784 4918 et
2816 4865 2961 4918 velut
3001 4864 3052 4915 in
3100 4864 3256 4931 aquis
3288 4862 3511 4914 nubium

236 4950 476 5003 venitur.
506 4951 560 5004 In
592 4950 809 5005 Christo
830 4953 974 5007 enim
996 4993 1011 5017 ,
1042 4953 1251 5021 inquit,
1282 4968 1385 5007 non
1414 4964 1499 5008 est
1524 4953 1815 5017 masculus,
1926 4970 1984 5009 se
2018 4969 2264 5022 mergere
2285 4995 2301 5019 ,
2341 4965 2395 5009 et
2426 4956 2594 5010 nubes
2635 4955 2864 5010 transire
2884 4995 2897 5018 ,
2928 4965 2983 5009 et
3016 4956 3158 5008 aeris
3205 4952 3513 5023 permistio-

237 5055 415 5111 neque
445 5042 645 5096 femina
681 5045 747 5098 ³⁸.
780 5044 836 5098 Si
875 5046 1039 5114 igitur
1069 5047 1158 5100 ubi
1221 5063 1285 5101 ex
1330 5055 1518 5100 natura
1564 5055 1648 5102 est
1695 5062 1813 5101 ma~
1926 5062 2046 5099 nem
2096 5047 2498 5111 transcendere,
2554 5046 2854 5115 pervidebit
2910 5048 3257 5115 purissimum
3308 5046 3510 5099 lumen.

246 5132 431 5187 sculus
466 5141 522 5186 et
555 5131 754 5187 femina
775 5173 791 5198 ,
823 5135 876 5188 in
905 5135 1123 5190 Christo
1155 5136 1391 5191 efficitur
1420 5152 1593 5204 neque
1612 5152 1824 5191 niascu-
1927 5138 2081 5192 Sicut
2108 5140 2252 5192 enim
2295 5139 2398 5194 hoc
2429 5140 2570 5208 quod
2597 5140 2736 5209 apud
2774 5154 2872 5193 nos
2904 5150 2987 5193 est
3018 5139 3218 5201 lumen,
3276 5138 3513 5203 regioni-

238 5223 326 5277 lus
364 5237 542 5292 neque
569 5222 792 5288 femina,
821 5228 913 5280 sed
948 5227 1180 5281 imitatio
1213 5227 1529 5298 angelorum
1553 5244 1568 5281 z
1596 5243 1692 5281 cur
1716 5242 1821 5281 nun
1928 5230 2026 5283 bus
2050 5239 2104 5283 et
2126 5229 2315 5298 spatiis
2342 5239 2397 5284 et
2438 5230 2825 5284 offensionibus
2859 5244 3072 5297 semper
3098 5231 3358 5283 minuitur
3387 5242 3402 5281 :
3439 5230 3513 5283 ita

242 5314 414 5383 magis
439 5314 764 5383 suscipimus
795 5317 1023 5384 gratiam
1083 5327 1139 5369 ut
1201 5333 1577 5384 assumantur,
1624 5327 1718 5370 aut
1764 5328 1823 5371 ut
1928 5321 2165 5387 rediens,
2198 5334 2251 5376 et
2298 5323 2365 5378 ab
2412 5324 2567 5392 aquis
2616 5322 2795 5376 lumen
2830 5323 3164 5392 abstergens,
3198 5332 3250 5376 et
3285 5336 3314 5374 a
3359 5322 3516 5374 nubi-

242 5418 492 5460 naturam
527 5408 841 5478 angelomm
888 5409 1219 5478 deponamus
1277 5411 1345 5465 ad
1390 5410 1673 5464 nostram?
1712 5407 1818 5465 Sed
1926 5414 2024 5467 bus
2062 5425 2113 5468 te
2169 5430 2453 5484 separans,
2490 5427 2543 5468 et
2604 5432 2630 5468 a
2680 5417 3033 5484 pertnistione
3081 5415 3221 5468 aeris
3256 5415 3514 5480 liberans,

246 5514 349 5553 nos
376 5500 654 5569 erigamus
688 5503 1077 5572 nosmetipsos,
1127 5514 1182 5558 et
1234 5504 1299 5557 ad
1336 5503 1613 5573 superiora
1669 5503 1817 5570 cogi-
1931 5509 2323 5560 transcendens
2379 5515 2556 5559 autem
2618 5518 2672 5560 et
2727 5508 2883 5561 iSliitS
2933 5508 3147 5561 luminis
3200 5508 3515 5577 puritatem,

244 5602 415 5653 tatum
440 5595 799 5663 perducamus
824 5606 1069 5651 nostrum
1096 5638 1111 5663 ,
1154 5598 1218 5649 ad
1268 5596 1581 5667 angelorum
1614 5594 1824 5651 scilicet
1931 5595 2190 5667 relinquis
2242 5608 2295 5655 et
2346 5599 2517 5667 ipsum
2569 5601 2739 5656 solum
2792 5602 3018 5657 inferius
3051 5600 3185 5671 (56).
3223 5600 3517 5657 Transiens

316 5747 363 5782 ³⁸
396 5745 512 5802 Gal.
542 5763 598 5803 ιιι
626 5787 639 5811 ,
673 5746 765 5805 28.

325 5884 439 5956 (bii)
482 5883 577 5940 Ms.
615 5885 779 5954 ipsum
813 5884 970 5939 solem
1005 5885 1245 5954 inferius.
