4000 6480
514 400 643 456 1151

511 516 707 583 quippe
737 521 790 565 et
836 509 1034 565 coelum
1081 509 1349 576 superius,
1393 520 1649 559 occurres
1693 504 1877 558 lumini
1922 523 1934 557 :

510 604 587 658 illi
616 604 707 673 qui
738 618 765 655 a
794 603 909 657 sole
938 612 1039 664 est,
1072 616 1169 655 nec
1196 600 1270 653 illi
1307 599 1392 654 cui
1424 598 1697 652 successio
1728 612 1832 650 nox
1857 606 1961 656 est,
2007 612 2096 649 ne-

510 710 615 765 que
653 694 729 747 illi
755 695 847 764 qui
894 709 922 748 a
968 691 1267 763 parietibus
1292 689 1632 760 prohibetur,
1671 704 1772 744 nec
1797 688 1873 743 illi
1900 690 1984 745 cui
2013 690 2093 745 ol-

510 782 737 839 fendunt
770 782 998 851 umbrae,
1036 797 1209 852 neque
1238 782 1313 835 illi
1347 781 1437 851 qui
1464 780 1855 850 permisceatur
1884 779 1996 833 aeri
2040 789 2091 831 et

508 874 689 943 aquis,
722 874 838 930 sive
870 890 967 945 per
999 873 1170 928 nubes
1220 873 1335 937 sive
1389 881 1485 939 per
1540 885 1711 935 mare,
1761 869 1854 925 sed
1907 869 2092 923 lumini

510 978 666 1035 puro.
718 962 786 1019 Et
814 977 882 1027 ne
910 973 1064 1034 putes
1092 972 1177 1017 me
1222 977 1366 1016 nunc
1395 958 1614 1030 angelos
1649 960 1832 1015 dicere
1870 959 2051 1014 lumen
2080 978 2092 1013 :

509 1063 597 1110 est
623 1055 765 1110 enim
791 1059 843 1108 et
869 1068 1032 1124 super
1065 1054 1169 1108 hoc
1190 1053 1393 1108 clarum
1420 1051 1603 1106 lumen
1632 1042 1854 1107 clarius.
1900 1049 1959 1105 in
1992 1053 2097 1107 isto

512 1147 679 1216 igitur
714 1146 920 1202 lumine
945 1149 1299 1215 sempiterno,
1332 1145 1385 1198 in
1437 1145 1540 1198 isto
1576 1143 1668 1213 qu’i
1716 1156 1823 1197 non
1867 1140 1923 1195 in
1973 1156 2091 1197 suc-

512 1227 850 1295 cessioni'bus
889 1239 1139 1300 habetur,
1179 1237 1270 1305 qui
1296 1250 1401 1291 non
1431 1235 1721 1306 aliquando
1743 1233 1958 1304 quidem
1990 1244 2094 1301 est,

515 1329 807 1401 aliquando
840 1340 1017 1387 autem
1042 1347 1144 1386 non
1176 1338 1257 1384 est
1291 1348 1302 1383 :
1333 1329 1385 1382 in
1426 1328 1532 1382 isto
1556 1326 1649 1398 qui
1672 1314 1813 1383 coelo
1844 1326 2096 1397 superius

514 1431 619 1488 est,
669 1431 723 1478 et
763 1438 871 1479 non
890 1439 930 1477 .a
962 1423 1102 1478 caelo
1152 1421 1277 1476 istic
1306 1439 1319 1474 :
1348 1420 1439 1474 cui
1466 1418 1548 1475 soi
1592 1433 1699 1474 non
1739 1427 1825 1474 est
1861 1419 2094 1487 genitor,

517 1528 625 1569 non
656 1512 778 1568 luna
807 1524 980 1569 mater
1001 1552 1017 1574 .
1048 1528 1153 1567 non
1183 1511 1379 1568 omium
1416 1524 1447 1564 a
1474 1509 1664 1575 stellis,
1700 1523 1808 1564 non
1848 1507 2097 1562 lucerna-

519 1620 637 1658 rum
668 1604 1000 1675 splendores,
1036 1601 1129 1659 sed
1162 1603 1339 1657 lumen
1377 1598 1526 1656 illud.
1553 1597 1633 1655 Tu
1665 1600 1809 1657 enim
1840 1598 1959 1654 sine
1983 1597 2097 1652 sole

518 1695 697 1750 iumen
730 1696 912 1749 videre
945 1710 1048 1747 unn
1101 1704 1277 1761 potes,
1335 1708 1434 1747 nec
1479 1707 1541 1746 ea
1586 1706 1705 1761 qua:
1748 1687 1888 1745 infra
1928 1688 2095 1745 solem

520 1788 807 1848 habentur.
838 1798 892 1842 et
920 1802 981 1840 ea
1009 1803 1127 1857 qua:
1166 1797 1482 1855 qumuntur
1505 1793 1565 1839 ut
1596 1792 1884 1838 teneantur
1912 1798 2094 1836 manu.

519 1881 635 1937 Non
686 1897 870 1937 eorum
924 1885 1013 1951 qui
1065 1891 1315 1953 quaerunt
1353 1882 1483 1949 quid
1528 1890 1768 1949 gustent,
1812 1885 1904 1932 aut
1931 1879 2099 1933 odore

519 1982 840 2037 assumant;
892 1989 996 2027 non
1046 1988 1231 2027 eorum
1286 1972 1375 2039 qui
1428 1967 1651 2023 auribus
1675 1968 1993 2029 edocenter,
2042 1977 2101 2023 et

519 2064 691 2119 oculis
715 2064 918 2127 vident,
956 2065 1093 2117 sicut
1125 2065 1177 2116 in
1211 2064 1384 2131 aquis.
1425 2060 1537 2117 Illic
1561 2061 1707 2116 enim
1732 2059 1836 2115 alia
1866 2072 2098 2115 conver-

516 2152 660 2205 satio
687 2160 793 2213 est,
819 2164 874 2207 et
904 2153 1005 2205 alia
1034 2154 1088 2206 in
1121 2163 1286 2216 terra,
1320 2162 1375 2207 et
1405 2150 1459 2206 in
1493 2165 1621 2225 aere
1652 2165 1759 2206 non
1793 2149 2004 2213 eadem,
2046 2157 2103 2204 et

519 2240 714 2295 ctelum
767 2241 926 2295 aliam
973 2241 1136 2298 habet
1187 2241 1651 2297 conatitutiouem.
1709 2239 1784 2295 Ita
1845 2250 2102 2295 maneant

520 2332 622 2388 ista
654 2334 795 2398 istic,
828 2334 914 2388 illa
954 2343 1134 2389 autem
1169 2346 1289 2403 quae
1331 2335 1457 2390 inde
1499 2343 1625 2390 sunt
1666 2334 1777 2390 sint
1821 2329 1949 2395 alia.
1992 2348 2099 2387 non

520 2424 713 2480 borum
764 2440 1115 2494 congeneres.
1171 2424 1227 2480 Si
1275 2427 1419 2481 enim
1475 2424 1671 2481 clarior
1715 2423 1871 2481 stella
1928 2425 2102 2496 magis

517 2530 679 2589 quam
709 2516 944 2573 lucernae
991 2517 1168 2572 lumen
1203 2527 1305 2583 est,
1358 2532 1461 2571 non
1498 2525 1551 2573 te
1576 2516 1817 2580 seducat,
1860 2515 1986 2587 quia
2018 2513 2100 2569 lu-

521 2620 684 2661 cerna
709 2608 926 2677 quidem
957 2598 1263 2663 illuminare
1295 2609 1541 2672 videtur,
1572 2616 1626 2662 et
1656 2596 1994 2678 unaquaeque
2021 2616 2102 2661 to-

522 2711 632 2757 tam
658 2700 873 2755 domum
912 2719 926 2754 :
971 2700 1137 2755 stella:
1163 2710 1340 2754 autem
1369 2708 1530 2754 tanta:
1562 2708 1775 2755 noctem
1812 2712 1920 2757 non
1943 2691 2099 2755 aufe-

522 2800 649 2844 runt
667 2805 847 2843 unam.
870 2786 925 2844 Si
945 2790 1066 2858 quis
1092 2791 1234 2843 enim
1261 2789 1647 2845 volueritscire
1678 2789 2100 2845 lueernaimbe-

520 2880 798 2936 cillitatem
818 2880 882 2935 ad
905 2881 1181 2935 stellarum
1203 2881 1427 2947 lumina,
1454 2881 1712 2937 abstrahe
1738 2881 2012 2937 lucernam
2031 2880 2100 2935 ab

519 2973 716 3030 oculo:
746 2989 850 3029 non
903 2986 1161 3045 quantum
1198 2975 1366 3029 distat
1395 2973 1589 3029 ctelum
1618 2983 1782 3040 terra,
1826 2973 1954 3045 quia
1990 2986 2099 3027 non

519 3076 606 3124 est
642 3066 744 3122 hoc
778 3068 869 3124 tibi
907 3068 1206 3136 possibile;
1242 3077 1423 3124 tamen
1450 3076 1712 3138 quantum
1747 3076 1901 3137 potes
1923 3064 2099 3121 lucer-

1195 385 1458 447 EUSEBll
1499 382 1983 444 CESSARIENSIS
2024 384 2174 442 OPP.
2219 383 2397 440 PARS
2437 382 2524 439 IV.
2566 413 2635 427 -—-
2673 376 3095 436 DOGMATICA.

1981 518 2086 556 non
2123 510 2163 561 Α
2195 502 2526 555 contendens
2564 500 2824 555 exhibere
2863 497 2930 551 de
2979 493 3334 548 inenarrabili
3363 490 3476 545 Deo
3526 487 3790 558 loquitur,

3664 372 3793 430 HS!

2196 593 2375 647 lumen
2417 590 2667 645 habitans
2699 585 3072 644 inaccessibile
3092 585 3170 651 ";
3203 583 3591 639 inaccessibile
3617 582 3789 635 nomi-

2196 700 2356 747 nans,
2407 683 2463 737 id
2507 680 2641 737 dicit
2674 680 2819 748 quod
2850 677 3048 744 suscipi
3078 690 3184 731 non
3214 684 3412 745 potest.
3446 672 3664 727 Lumen
3698 670 3793 739 igi-

2197 782 2286 827 tur
2310 771 2519 843 angelis
2545 770 2673 824 illud
2702 777 2809 834 est,
2832 766 2990 836 cujus
3020 779 3196 834 neque
3218 774 3411 835 gustus
3437 775 3621 830 neque
3650 776 3795 816 com-

2195 866 2409 935 paratio
2441 861 2582 937 apud
2616 878 2719 918 nos
2752 861 3047 916 invenitur.
3079 857 3249 929 Regio
3272 866 3455 912 autem
3478 856 3605 926 ejus
3626 869 3793 924 supra

2196 960 2417 1015 dorsum
2467 964 2551 1012 est
2590 955 2735 1015 coeli.
2778 952 3057 1024 possessio
3096 966 3237 1016 vero,
3272 960 3329 1004 et
3370 949 3584 1003 divitia:
3614 948 3789 1018 ipsis:

2196 1069 2302 1107 non
2336 1052 2480 1107 enim
2512 1050 2655 1106 lecto
2686 1058 2741 1103 et
2774 1047 3041 1103 medicina
3088 1054 3146 1099 et
3186 1059 3398 1109 mensa,
3445 1053 3502 1097 et
3560 1058 3628 1097 ea
3675 1056 3795 1112 qua

2198 1144 2339 1215 apud
2372 1158 2475 1198 nos
2502 1157 2703 1209 magna
2736 1147 2995 1208 putantur
3018 1178 3033 1200 ,
3082 1137 3415 1207 sempiterna
3452 1135 3545 1189 illa
3586 1134 3795 1204 indiget

2196 1250 2248 1295 et
2284 1244 2472 1313 sancta
2513 1245 2705 1290 natura
2740 1252 2755 1289 :
2799 1233 2904 1287 illis
2938 1232 3083 1287 enim
3124 1245 3347 1284 somnus
3383 1245 3489 1283 non
3539 1238 3651 1293 est,
3688 1243 3796 1283 non

2196 1331 2377 1397 dolor,
2429 1343 2536 1383 non
2577 1325 2753 1383 labor.
2794 1325 2932 1393 Quid
2980 1324 3153 1392 ergo?
3194 1323 3330 1379 Num
3373 1323 3553 1377 otiosa
3600 1337 3794 1376 eorum

2197 1434 2394 1479 natura
2431 1420 2561 1475 est?
2606 1418 2816 1474 Habent
2849 1424 2986 1488 opus
3018 1417 3235 1486 dignum
3280 1430 3393 1469 suae
3424 1412 3791 1468 substantia:

2200 1516 2370 1572 Deum
2414 1513 2643 1569 laudant
2686 1526 2792 1566 non
2833 1509 3061 1565 vocibus
3105 1523 3281 1579 neque
3321 1506 3587 1562 clamore.
3643 1504 3791 1570 Que-

2202 1609 2364 1664 modo
2396 1621 2530 1677 ergo
2568 1604 2699 1659 dicit
2729 1602 3011 1671 Scriptura
3051 1614 3231 1662 voces,
3269 1608 3341 1659 et,
3377 1598 3423 1653 si
3476 1596 3795 1667 permiserit

2202 1712 2434 1769 tempus,
2478 1699 2856 1768 contingemus
2884 1693 3188 1757 audientes,
3223 1702 3278 1746 et
3312 1692 3415 1746 ista
3440 1687 3666 1743 interim
3696 1701 3794 1740 an-

2203 1804 2307 1849 tem
2336 1802 2531 1847 natura
2564 1797 2913 1861 agnoscatur.
2966 1785 3023 1842 Si
3055 1796 3236 1841 autem
3274 1794 3330 1839 et
3369 1782 3530 1838 aliter
3552 1794 3795 1849 appara-

2131 1863 2172 1917 Β
2204 1886 2338 1941 verit
2371 1882 2653 1949 Scriptura
2688 1882 2898 1947 dicens,
2934 1879 3115 1948 agnita
3140 1887 3334 1932 natura
3371 1881 3713 1944 agnoscetur
3744 1882 3798 1927 et

2202 1975 2401 2044 quibus
2466 1972 2747 2042 Scriptura
2801 1970 3121 2040 alloquitur.
3181 1968 3429 2037 Denique
3479 1976 3538 2019 et
3603 1974 3798 2020 orator

2200 2060 2385 2137 parvis
2423 2070 2519 2114 aut
2558 2074 2665 2113 non
2709 2057 2970 2128 loquitur,
3006 2067 3103 2112 aut
3151 2057 3233 2112 sic
3276 2056 3517 2123 loquitur
3547 2064 3609 2109 nt
3638 2053 3796 2123 parvi

2204 2163 2431 2219 possunt
2460 2151 2689 2219 audire;
2740 2159 2795 2206 et
2847 2149 3134 2222 Scriptura
3166 2150 3350 2205 divina
3388 2145 3709 2201 hominibus
3737 2155 3796 2197 ut

2201 2244 2437 2300 humane
2480 2245 2749 2311 loquatur,
2791 2224 3140 2295 ant-silentio
3189 2240 3509 2296 honoretnr.
3564 2236 3688 2291 Non
3728 2252 3793 2290 ex

2203 2336 2286 2391 his
2312 2336 2479 2404 igitur
2507 2350 2575 2390 ex
2604 2333 2804 2403 quibus
2828 2331 3272 2388 condescendens
3299 2330 3585 2400 Scriptura
3620 2330 3797 2399 loqui-

2203 2438 2294 2483 tur
2324 2429 2499 2490 nobis,
2548 2426 2805 2483 debemus
2836 2423 3005 2481 verbo
3045 2424 3314 2481 deducere
3358 2431 3414 2477 et
3446 2431 3709 2479 naturas.
3744 2434 3797 2474 et

2203 2521 2309 2575 vim
2368 2520 2553 2576 facere
2596 2518 3030 2588 nobismetipsis,
3072 2527 3129 2571 et
3178 2526 3239 2571 ut
3275 2514 3451 2586 pisces
3494 2512 3726 2569 exsilire
3764 2528 3795 2566 e

2202 2612 2359 2666 mari.
2391 2609 2564 2686 Erunt
2598 2610 2741 2664 enim
2773 2609 2931 2665 nobis
2960 2608 3309 2677 jactationes,
3340 2622 3448 2663 non
3488 2606 3561 2662 ad
3605 2606 3793 2678 perdi-

2204 2706 2405 2757 tionem
2459 2711 2519 2756 ut
2570 2702 2856 2772 piscibus:
2900 2701 2997 2757 sed
3041 2698 3310 2770 quomodo
3339 2713 3400 2753 ea
3434 2698 3645 2763 dicam,
3695 2712 3795 2767 ego

2199 2786 2418 2866 quidem
2458 2810 2565 2850 non
2595 2808 2837 2864 possunt.
2884 2793 3053 2848 Decet
3083 2802 3261 2847 autem
3289 2799 3600 2861 opportune
3632 2804 3788 2859 repe-

2203 2896 2319 2943 tere
2364 2902 2471 2942 non
2514 2885 2724 2941 Domini
2769 2900 2981 2952 vocem,
3010 2884 3101 2955 qui
3140 2884 3441 2953 piscatores
3470 2899 3501 2935 a
3552 2882 3696 2936 mari
3739 2894 3792 2937 et

2200 2978 2409 3051 stagnis
2436 2988 2489 3031 et
2517 2976 2693 3033 ﬂuviis
2721 2978 3065 3043 abstraltens,
3096 2977 3174 3030 ait
3210 2995 3224 3032 :
3267 2977 3313 3009 "
3347 2973 3549 3042 Venite,
3594 2975 3789 3044 faciam

2199 3090 2290 3128 nos
2323 3072 2613 3142 piscatores
2646 3071 2940 3127 hominum.
2979 3071 3144 3126 Decet
3180 3070 3345 3135 enim,
3379 3070 3581 3139 inquit,
3616 3068 3790 3123 homi-

521 3173 649 3214 nam
675 3158 742 3215 ab
771 3160 932 3214 oculo
954 3175 1165 3228 separa,
1197 3160 1489 3214 intueberis
1514 3160 1640 3229 quia
1670 3158 1860 3228 spatiis
1900 3157 2099 3214 minui-
2123 3190 2168 3253 α
2202 3181 2299 3221 nes
2328 3163 2636 3235 piscaniini,
2667 3162 2732 3217 Et,
2766 3179 2875 3218 non
2912 3163 3099 3229 tacuit,
3130 3177 3197 3215 ne
3222 3160 3457 3229 suspicio
3487 3159 3651 3214 ﬂeret
3679 3174 3792 3228 per.

523 3262 633 3315 tur,
666 3259 720 3305 et
760 3250 1106 3323 caliginatur,
1151 3262 1204 3305 et
1256 3252 1522 3307 inlirmior
1553 3250 1799 3322 arguitur
1839 3249 2096 3306 lucerna-

523 3361 644 3401 rum
686 3346 887 3401 lumen.
945 3346 1001 3401 Si
1053 3360 1233 3401 antem
1278 3356 1424 3403 esset
1472 3346 1649 3415 aliqua
1681 3346 2014 3413 adinventio,
2044 3354 2103 3401 ut

522 3453 628 3494 non
658 3439 830 3493 solum
855 3439 1015 3493 unius
1040 3439 1273 3495 lucerna!
1298 3481 1311 3502 .
1360 3440 1452 3495 sed
1480 3440 1723 3496 omnium
1753 3438 2099 3496 lucernarum

520 3530 814 3598 ﬂammam,
854 3538 909 3586 et
954 3532 1194 3587 omnium
1234 3547 1357 3603 quae
1405 3532 1805 3599 accenduntur;
1857 3531 1904 3587 si
1956 3534 2099 3587 esset

521 3625 768 3678 machina
801 3621 1042 3689 quietiam
1068 3664 1084 3689 ,
1114 3635 1169 3677 ut
1206 3638 1421 3679 omnem
1458 3623 1615 3676 istam
1659 3620 1931 3676 ﬂammam
1972 3623 2100 3694 quis

520 3723 705 3784 posset
748 3714 1024 3785 colligere,
1073 3723 1129 3769 et
1172 3718 1227 3771 in
1260 3714 1398 3770 ctelo
1436 3713 1786 3777 constituere,
1821 3711 1914 3766 ubi
1942 3710 2098 3779 stella

522 3808 845 3883 parvissima
889 3819 974 3860 est
1027 3808 1224 3874 posita,
1271 3822 1371 3862 nec
1426 3820 1645 3876 prorsus
1679 3804 1858 3873 agnita
1907 3801 2099 3859 luisset

522 3888 761 3962 ﬂamma,
827 3899 915 3954 ubi
974 3898 1147 3967 posita
1207 3898 1514 3953 haberetur.
1578 3895 1689 3951 Cur
1741 3909 1871 3966 ergo
1905 3908 2098 3951 omnes

522 3990 694 4047 stella:
719 4007 823 4045 non
849 3990 1055 4059 pellunt
1079 3983 1331 4046 noctem?
1359 3989 1487 4058 quia
1514 3987 1701 4043 multis
1723 3986 1915 4057 spatiis
1939 4000 1971 4041 a
2003 4000 2098 4041 no-

521 4083 608 4138 bis
651 4084 887 4143 distant,
953 4092 1134 4140 tamen
1184 4098 1288 4137 non
1337 4080 1634 4151 quamlibet
1691 4077 2095 4149 permistionem

517 4175 741 4238 luminis
769 4175 822 4229 in
857 4184 1017 4230 nocte
1073 4173 1469 4243 transmittunt.
1504 4169 1561 4226 Si
1612 4172 1734 4241 quis
1776 4178 1957 4225 autem
1999 4183 2096 4225 vo—

520 4268 687 4325 luerit
710 4268 924 4333 intueri,
956 4276 1010 4323 et
1037 4272 1351 4335 comparare
1375 4263 1608 4319 nubibus
1638 4273 1873 4323 noctem.
1910 4262 2097 4337 pervi-

522 4359 673 4415 debit
696 4361 821 4429 quia
845 4358 1038 4419 nubes.
1069 4358 1196 4413 licet
1228 4375 1331 4412 non
1359 4372 1458 4428 per
1476 4357 1678 4417 omnia,
1708 4365 1886 4410 tamen
1913 4355 2093 4427 splen-

517 4450 704 4504 dorem
737 4450 1014 4505 stellarum
1056 4449 1359 4518 prohibent.
1391 4448 1460 4504 Et
1486 4464 1610 4503 cum
1642 4448 1745 4503 hoc
1777 4449 1849 4502 ita
1875 4450 1978 4513 sit,
2007 4447 2092 4502 in-

2201 3258 2444 3320 ditionis.
2475 3257 2569 3313 sed
2592 3257 2863 3321 homines,
2887 3256 3081 3324 inquit,
3119 3252 3398 3325 piscamini
3433 3252 3499 3313 ad
3531 3252 3789 3307 salutem.

2200 3348 2491 3418 Erigamus
2535 3348 2700 3419 igitur
2744 3349 3126 3417 nosmetipsos,
3158 3346 3471 3401 easiliamus
3498 3359 3532 3400 e
3566 3344 3706 3399 mari
3735 3354 3791 3398 et

2200 3454 2231 3500 a
2272 3448 2416 3494 terra
2450 3440 2504 3493 iu
2535 3455 2640 3509 qua
2672 3450 2900 3501 stamus,
2933 3447 2988 3495 et
3030 3438 3300 3493 incidatur
3328 3449 3360 3491 a
3390 3436 3551 3491 nobis
3579 3451 3701 3500 aer,
3738 3447 3792 3490 et

2202 3532 2483 3588 scindatur
2512 3532 2666 3586 nobis
2694 3543 2748 3586 et
2771 3530 2990 3585 caelum.
3019 3530 3297 3601 Cogitatus
3321 3529 3467 3583 enim
3506 3542 3619 3583 non
3653 3528 3791 3584 deti-

2200 3627 2381 3685 netur,
2438 3632 2493 3676 et
2545 3623 2738 3693 pennis
2779 3621 3033 3676 desiderii
3073 3620 3215 3676 cmio
3261 3618 3513 3688 superius
3565 3621 3792 3675 aceeda.

2200 3729 2343 3779 mus,
2375 3727 2575 3783 corpus
2626 3714 2745 3768 istic
2780 3713 2847 3767 ad
2897 3727 3230 3783 congeneres
3280 3710 3684 3780 relinquentes,
3739 3721 3793 3765 et

2199 3807 2365 3877 pedes
2404 3806 2459 3859 in
2497 3814 2662 3870 terra,
2697 3806 2821 3875 quia
2848 3806 2914 3859 ad
2937 3806 3133 3862 caelum
3166 3820 3272 3859 non
3299 3812 3549 3870 currunt,
3582 3813 3639 3859 et
3675 3818 3793 3857 ma-

2199 3914 2302 3954 nus
2335 3898 2457 3953 istic
2486 3898 2579 3953 ubi
2615 3907 2837 3969 possunt
2870 3907 2925 3954 et
2972 3908 3216 3966 tangere,
3259 3906 3315 3950 et
3358 3910 3519 3948 aures
3561 3894 3657 3949 hic
3705 3911 3795 3947 an-

2199 3990 2352 4047 diant
2378 4003 2561 4055 voces,
2590 4000 2648 4045 et
2683 3989 2932 4045 odoratio
2980 3987 3069 4043 ubi
3112 3988 3277 4043 habet
3302 3988 3791 4051 necessitatem,et

2197 4093 2390 4154 gustus
2418 4083 2559 4152 apud
2594 4097 2689 4141 eos
2723 4083 3159 4152 qui.paseuntur.
3188 4092 3243 4137 et
3270 4081 3408 4135 visio
3444 4096 3570 4134 cum
3606 4080 3792 4135 visibi-

2196 4175 2342 4231 libus
2378 4184 2615 4229 maneat.
2660 4173 2940 4244 Cogitatus
2983 4183 3163 4229 autem
3212 4182 3360 4229 veste
3409 4188 3469 4227 se
3519 4173 3787 4239 Spoliaus.

2196 4266 2444 4335 corporis
2472 4266 2625 4321 istius
2659 4267 2870 4338 pondus
2903 4266 3159 4335 deponat,
3188 4275 3241 4321 et
3274 4280 3401 4321 suas
3427 4280 3640 4333 pennas
3672 4279 3788 4319 mo-

2199 4366 2345 4421 veat,
2393 4364 2449 4411 et
2490 4370 2828 4425 quaecunque
2861 4357 3203 4413 deducuntur
3247 4357 3511 4422 abscidat,
3562 4367 3620 4411 et
3664 4372 3787 4427 qua

2200 4456 2329 4502 sunt
2373 4448 2557 4518 gravia
2590 4458 2645 4503 et
2674 4449 2921 4505 detinere
2969 4458 3205 4515 tentant,
3240 4450 3502 4517 deponat;
3535 4457 3594 4503 et
3624 4448 3698 4503 sit
3728 4450 3778 4502 iu

517 4540 713 4611 spleiet
743 4540 869 4610 quid
904 4548 1202 4608 operantur
1231 4538 1431 4601 stellae,
1466 4547 1521 4593 et
1548 4547 1815 4604 quantum
1847 4536 2096 4606 splendo-
2128 4533 2173 4591 D
2199 4540 2451 4594 dorsibus
2479 4539 2623 4604 creli,
2658 4550 2713 4595 et
2743 4540 2851 4595 illic
2892 4540 3075 4595 lat-tus
3112 4554 3234 4594 cum
3280 4540 3487 4609 angelis
3520 4549 3579 4595 et
3617 4557 3785 4611 ange-

519 4647 633 4687 rent
671 4632 891 4687 mittunt
920 4632 972 4687 in
1008 4642 1165 4685 nocte
1195 4649 1209 4684 :
1240 4640 1292 4685 et
1324 4641 1502 4685 tamen
1542 4629 1713 4685 stella
1747 4645 1937 4687 omnes
1966 4645 2087 4685 cum

520 4722 790 4776 universis
820 4720 1054 4775 lucernis
1080 4720 1281 4774 habent
1322 4721 1538 4791 quidem
1576 4718 1914 4785 aliinitatem,
1965 4720 2091 4789 quia

518 4812 783 4867 luminosa
808 4810 1259 4880 qualitercunque
1288 4821 1512 4877 utraque
1540 4818 1686 4863 sunt.
1728 4808 1832 4864 Sed
1859 4824 1965 4865 non
1999 4824 2091 4865 so-

518 4903 632 4973 lum
668 4920 697 4958 δ
736 4904 968 4957 lucernis
1002 4902 1170 4956 stellae
1203 4902 1478 4966 dill‘erunt,
1514 4902 1607 4956 sed
1643 4912 1696 4955 et
1725 4900 1880 4955 stella
1924 4902 2093 4957 stella!

519 4994 697 5050 diﬂ'ert
730 4995 781 5047 in
810 4993 1054 5048 claritate
1076 4994 1145 5049 ".
1197 4992 1379 5046 Stellis
1419 5002 1593 5048 autem
1645 4992 1802 5047 simul
1838 4994 2090 5048 omnibus

519 5086 789 5150 adunatis,
816 5085 1071 5155 splendor
1098 5086 1237 5139 luna:
1276 5084 1590 5155 praefulget;
1628 5094 1685 5141 et
1724 5087 1881 5140 istam
1912 5086 2090 5141 lunam

520 5178 769 5232 omnibus
802 5177 974 5247 stellis
1003 5178 1285 5239 addentes,
1328 5178 1615 5231 vincuntur
1642 5193 1829 5232 eorum
1857 5178 2091 5248 fulgores

520 5288 547 5323 a
584 5271 765 5335 radiis.
790 5270 937 5325 solis.
997 5270 1149 5323 Sicut
1182 5271 1322 5323 enim
1365 5270 1531 5324 stella:
1561 5271 1775 5339 quidem
1822 5271 2090 5333 lucernas,

521 5359 645 5414 luna
679 5372 858 5417 autem
892 5362 1097 5427 stellas,
1133 5371 1187 5416 et
1228 5364 1307 5416 sol
1344 5363 1596 5416 universa
1630 5362 1746 5418 haec
1781 5364 2087 5430 luminaria,

518 5462 572 5505 et
613 5453 778 5519 ipsius
821 5454 995 5508 noctis
1034 5464 1252 5522 superat
1290 5455 1540 5509 tenebras
1575 5469 1590 5507 :
1628 5456 1699 5509 ita
1746 5464 1800 5511 et
1842 5456 1920 5510 sol
1965 5472 2086 5510 cum

520 5544 770 5599 omnibus
802 5561 921 5614 qua:
952 5546 1201 5614 praedicta
1230 5558 1360 5601 sunt
1379 5547 1612 5601 vincitur
1644 5564 1671 5601 a
1712 5548 1913 5601 lumine
1943 5548 2085 5619 quod

520 5634 658 5687 ctelo
702 5639 944 5706 superius
978 5638 1227 5694 habetur.
1272 5638 1339 5693 Et
1360 5639 1629 5708 quomodo
1660 5640 1846 5695 eadem
1891 5640 2086 5695 Paulus

588 5810 634 5846 "
670 5813 1056 5881 lCor.xr,vil.

1134 5820 1178 5852 δ’
1213 5817 1389 5875 i'i'im.
1422 5836 1492 5885 γι,
1533 5820 1613 5876 l6.
1693 5822 1737 5854 "
1776 5820 1964 5877 Matth.
2000 5838 2073 5890 tv,
2102 5823 2183 5878 l9.

2190 4631 2372 4703 lorum
2393 4632 2586 4695 decies
2626 4633 2894 4696 millibus,
2939 4642 2995 4687 et
3047 4632 3499 4702 arcbangelorum
3543 4632 3783 4688 millibus

2196 4725 2251 4779 in
2284 4726 2388 4779 alia
2421 4724 2530 4784 vita
2562 4735 2618 4779 et
2666 4725 3055 4779 constitutione
3094 4734 3147 4781 et
3178 4726 3593 4781 conversatione
3636 4727 3785 4795 posi-

2199 4816 2706 4882 tus,'obliviscatur
2739 4816 2918 4870 omnia
2962 4831 3083 4885 quae
3110 4815 3337 4879 dimisit,
3380 4831 3481 4871 nec
3511 4816 3781 4871 alienetur

2195 4908 2325 4962 illic.
2371 4904 2488 4961 Non
2514 4907 2844 4967 rnlienabitur
2885 4916 3067 4960 autem
3110 4910 3154 4963 si
3194 4907 3283 4962 hic
3313 4914 3511 4977 putans
3547 4921 3609 4961 se
3636 4922 3779 4973 esse,

2195 4999 2430 5053 voluerit
2462 4999 2659 5066 saepius
2688 5014 2876 5053 eorum
2922 5013 3041 5068 qum
3075 5000 3164 5053 hic
3207 5008 3335 5054 sunt
3381 4998 3775 5071 ignobilitatem

2195 5092 2399 5156 videre,
2428 5103 2482 5144 et
2520 5092 2836 5156 motionem,
2868 5102 2923 5145 et
2973 5093 3404 5157 instabilitatem,
3434 5102 3490 5147 et
3518 5092 3777 5149 deﬂuxio-

2194 5198 2339 5247 nem,
2378 5195 2431 5237 et
2470 5181 2825 5237 deiectionem
2853 5224 2868 5247 ,
2913 5194 2969 5239 et
3011 5185 3423 5239 diminutionem
3455 5202 3471 5239 :
3506 5188 3637 5253 quia
3683 5190 3779 5243 ob-

2194 5277 2503 5331 scurabitur
2546 5284 2602 5329 et
2650 5291 2756 5332 non
2802 5277 3006 5340 stabit;
3048 5278 3173 5345 quia
3205 5288 3263 5331 et
3297 5279 3521 5347 quando
3564 5279 3779 5332 videtnr

2196 5382 2540 5435 promovere,
2587 5382 2681 5435 per
2727 5368 2924 5423 multos
2972 5384 3135 5424 casus
3163 5370 3315 5423 venit
3351 5370 3420 5423 ad
3470 5370 3775 5425 incremen-

2197 5468 2331 5513 tum.
2372 5460 2507 5514 Cum
2542 5460 2655 5513 haec
2688 5461 2869 5514 omnia
2909 5464 3320 5532 contempserit,
3352 5460 3438 5515 illa
3467 5472 3653 5517 autem
3683 5467 3773 5517 de-

2204 5550 2569 5616 sideraverit;
2604 5561 2658 5606 et
2686 5551 2811 5607 hinc
2841 5550 2955 5621 jam
2998 5554 3101 5608 ista
3123 5555 3339 5623 quidem
3365 5555 3653 5624 despiciet,
3688 5555 3772 5609 illa

2197 5653 2373 5698 autem
2407 5643 2791 5712 considerabit,
2841 5657 2895 5701 et
2935 5646 3153 5704 evolans
3196 5646 3518 5717 pcrvidebit.
3577 5644 3771 5703 Factus
