4000 6466
192 434 313 488 “’53

990 420 1080 477 DE
1119 420 1209 475 ΕΟ
1247 418 1438 487 QUOD
1478 419 1660 476 DEUS
1700 420 1933 476 PATER
1973 416 2491 474 INCORPORALIS
2533 415 2681 471 EST.

3361 423 3503 480 “5‘

212 551 356 616 igitur
388 560 507 600 cum
538 535 641 593 bis
688 542 767 597 ad
799 555 863 596 ea
905 555 1027 610 qua
1057 540 1353 604 desiderat,
1400 541 1542 596 sciet
1576 556 1695 607 quae
1726 551 1807 595 est
1836 548 1882 604 Α
1911 541 2039 610 quia
2094 538 2532 591 transcendimus
2568 544 2816 590 naturam
2856 553 2870 588 :
2916 535 3182 604 spiritalis
3212 536 3379 607 igitur
3407 543 3508 609 qui.

208 642 437 710 dignitas
456 635 753 705 cogitatus.
778 634 915 689 Cum
947 633 1155 705 angelis
1191 635 1442 689 homines
1476 635 1618 688 casio
1646 651 1803 704 snpe-

213 732 321 786 rius
348 729 657 799 terrenique
685 729 941 783 machina
984 728 1106 796 quis
1133 726 1236 781 erit
1266 727 1397 791 dux,
1426 726 1549 795 quis
1583 741 1799 780 sursum

203 823 466 884 adducet,
502 818 597 872 sed
633 832 744 871 non
774 817 1036 872 concedet
1066 824 1281 869 natura.
1333 814 1626 869 Descendit
1657 812 1802 869 Deus

205 912 301 967 Dei
328 912 495 967 Filius
519 910 666 975 inde,
700 919 756 965 et
780 908 1139 971 descendens,
1176 907 1303 978 quia
1333 906 1652 961 incredibile
1682 915 1801 960 erat

194 1006 455 1057 homines
492 1001 614 1065 illic.
634 1001 953 1065 ascendere,
995 1000 1289 1067 assumpsit
1325 1000 1427 1053 hoc
1461 999 1799 1062 incredibile,

194 1094 313 1149 hoc
348 1102 433 1147 est
460 1104 705 1148 nostrum
728 1106 947 1161 corpus,
978 1104 1010 1145 ο
1052 1104 1266 1143 summo
1310 1090 1646 1144 descendens
1692 1104 1799 1144 non

187 1186 267 1239 ad
301 1183 682 1240 confusionem
708 1223 723 1249 ,
756 1184 852 1238 sed
885 1183 952 1236 ad
1004 1181 1235 1237 salutem
1275 1185 1395 1251 ejus
1427 1180 1517 1250 qui
1549 1197 1799 1236 assume-

187 1275 390 1329 batur.
428 1273 487 1330 Si
518 1276 683 1347 igitur
713 1274 855 1329 Deus
884 1288 987 1326 non
1017 1272 1337 1342 assumpsit,
1368 1272 1459 1341 qui
1486 1286 1591 1327 non
1620 1274 1801 1326 credis

180 1368 236 1420 si
276 1366 485 1423 calum
516 1366 764 1420 concedit
792 1366 900 1426 his,
929 1365 1073 1433 quod
1121 1364 1343 1419 adducit
1382 1378 1600 1419 sursum
1630 1363 1676 1417 is
1703 1366 1797 1433 qui

180 1460 265 1513 de
307 1459 451 1513 cmlo
472 1456 786 1519 descendit,
810 1457 905 1510 sed
934 1456 1167 1509 nondum
1196 1470 1257 1508 ea
1287 1470 1405 1523 quae
1436 1454 1613 1508 futura
1647 1466 1797 1518 sunt,

176 1550 297 1602 sed
336 1550 558 1602 interim
595 1562 658 1603 ea
701 1563 823 1617 qua:
873 1557 1053 1615 potest
1086 1547 1383 1617 cogitatus,
1415 1547 1684 1615 siquidem
1714 1556 1800 1600 est

174 1653 246 1695 et
282 1642 599 1705 admiratio,
648 1642 774 1710 quia
808 1642 861 1693 in
894 1654 1123 1708 corpore
1167 1640 1517 1701 constitutus,
1566 1651 1621 1693 et
1653 1641 1797 1694 circa

176 1744 409 1799 corpus
436 1739 615 1797 potest
654 1733 929 1798 deponere
959 1742 973 1780 :
1007 1744 1110 1782 non
1148 1736 1206 1783 ut
1238 1744 1342 1783 nou
1385 1732 1673 1794 moriatur,
1704 1732 1800 1785 sed

177 1828 253 1871 ut
310 1834 434 1871 eam
476 1834 597 1886 quis
645 1833 771 1873 vere
821 1820 927 1871 vita
971 1830 1053 1872 est
1095 1819 1262 1872 vivat.
1318 1819 1480 1874 Forte
1523 1831 1706 1875 autem
1745 1832 1801 1875 et

1908 631 2136 692 dicitur,
2167 629 2398 696 angelus
2449 624 2795 695 appelletur;
2838 639 2945 680 non
2980 625 3106 696 quia
3142 626 3213 680 ita
3253 627 3373 696 ejus
3401 644 3503 682 na-

1908 733 2028 776 tura
2060 730 2165 783 est,
2196 720 2291 774 sed
2327 718 2502 787 magis
2534 733 2641 772 non
2674 714 2974 771 efficiamur
3007 732 3157 771 caro.
3205 717 3315 773 Nec
3344 719 3502 775 valde

1903 809 2244 865 confidamus
2275 808 2474 861 animm
2503 824 2515 859 :
2552 804 2745 863 oculus
2785 804 2931 860 enim
2968 805 3087 861 sine
3115 804 3321 859 lumine
3353 816 3501 860 tene-

1902 902 2099 957 brosus
2130 908 2237 962 est,
2268 910 2321 952 et
2355 899 2631 966 cogitatus
2659 897 2779 951 sine
2804 893 3096 950 efficientia
3129 910 3361 965 superna
3387 897 3503 952 vult

1902 993 2109 1058 videre,
2133 993 2278 1047 sicut
2309 991 2500 1047 oculus
2538 990 2591 1044 in
2642 999 2827 1053 nocte,
2867 994 2924 1042 et
2959 986 3257 1052 desiderat,
3299 998 3354 1043 et
3397 972 3502 1042 illi?

1901 1088 2079 1153 citur;
2118 1084 2335 1139 laborat
2379 1092 2583 1143 autem,
2631 1081 2757 1149 quia
2794 1095 2902 1135 non
2936 1079 3080 1135 valet
3111 1095 3127 1133 :
3160 1094 3284 1133 cum
3316 1087 3500 1134 autem

1903 1176 2188 1232 advenerit
2233 1174 2441 1239 lumen,
2482 1172 2715 1227 efficitur
2765 1171 2975 1227 oculus.
3030 1170 3109 1224 fta
3144 1180 3199 1225 et
3230 1170 3508 1240 cogitatus

1900 1268 2019 1322 sine
2063 1266 2382 1338 operatione
2418 1264 2659 1334 Spiritus
2703 1262 2882 1317 sancti
2939 1261 3154 1332 palpat,
3207 1262 3502 1331 contingit,

1894 1366 2208 1429 promovet,
2241 1356 2469 1420 crescit,
2504 1362 2657 1423 putat
2684 1354 2812 1422 quia
2855 1354 2959 1407 iste
2999 1352 3138 1423 lapis
3178 1352 3319 1407 forte
3360 1354 3503 1408 Deus

1900 1458 2005 1511 est,
2038 1449 2181 1505 istud
2226 1463 2419 1502 aurum
2467 1445 2609 1502 forte
2639 1444 2803 1507 Deus,
2844 1452 2900 1499 et
2932 1444 3036 1499 hoc
3080 1443 3303 1513 lignum.
3363 1443 3505 1499 Dicit

1900 1541 2049 1596 enim
2077 1541 2219 1611 apud
2247 1554 2343 1595 se:
2375 1538 2542 1593 Putas
2584 1550 2735 1590 mare
2758 1534 2904 1589 Deus
2948 1543 3031 1589 est
3056 1533 3080 1587 ἲ
3109 1546 3271 1603 putas
3308 1541 3453 1587 terra
3479 1533 3503 1586 τ

1900 1646 2059 1703 putas
2081 1649 2175 1687 aer
2200 1632 2223 1687 τ
2251 1631 2407 1689 Unde
2437 1639 2493 1686 et
2520 1640 2792 1685 creatura
2830 1625 3229 1682 transtulerunt
3257 1626 3500 1686 nomina,

1901 1736 1958 1779 ut
1993 1741 2096 1780 non
2147 1725 2235 1779 bis
2268 1739 2391 1795 qua
2435 1723 2491 1777 in
2540 1723 2937 1777 consuetudine
2977 1730 3109 1775 sunt
3148 1719 3499 1789 appellantes,

1901 1817 1996 1869 sed
2048 1830 2111 1869 ea
2157 1829 2279 1881 quae
2326 1812 2584 1867 colebant
2632 1811 3005 1876 nominantes,
3046 1810 3504 1865 convincerentur

175 1910 430 1975 quidam
466 1910 748 1965 audientes
776 1917 917 1964 nunc
945 1911 1075 1964 istos
1106 1926 1409 1976 sermones,
1434 1926 1558 1966 cum
1587 1927 1794 1967 sermo-
1832 1901 1871 1954 Β
1898 1909 2023 1976 quia
2046 1909 2156 1961 vim
2191 1907 2468 1963 faciebant
2493 1905 2753 1976 opificiis.
2804 1905 2908 1972 Qui
2936 1914 3117 1960 autem
3152 1905 3308 1960 valde
3340 1916 3502 1975 puta—

178 2000 372 2053 mbus
426 2000 641 2055 accensi
680 2000 807 2052 illud
844 2000 1060 2069 quidem
1114 2001 1254 2068 quod
1309 2011 1466 2055 erant
1532 2004 1797 2072 deposueo

180 2098 357 2155 runt,
386 2090 529 2156 quod
565 2102 747 2146 autem
778 2106 884 2145 non
920 2102 1077 2145 erant
1110 2091 1287 2146 effecti
1313 2102 1613 2147 noscuntur
1640 2110 1653 2147 :
1684 2095 1797 2149 sic-

183 2189 260 2234 ut.
322 2178 529 2234 ferrum
562 2180 832 2249 quoddam
860 2181 911 2234 in
944 2182 1065 2251 igne
1096 2182 1357 2248 furatum,
1392 2194 1551 2251 negat
1576 2184 1795 2252 quidem

183 2272 448 2341 nigrum,
478 2282 638 2342 negat
663 2272 843 2326 album
874 2273 1135 2335 colorem,
1156 2286 1210 2327 et
1240 2284 1381 2329 totus
1407 2274 1635 2329 efficitur
1658 2276 1797 2344 ignis

185 2377 255 2419 et
288 2366 474 2419 calore
505 2374 557 2419 et
584 2366 868 2432 incendio;
919 2366 991 2419 ita
1026 2364 1163 2419 forte
1193 2367 1411 2435 quidam
1450 2366 1562 2438 (57)
1591 2381 1798 2422 sermo-

189 2457 371 2512 nibus
410 2458 527 2511 istis
552 2459 787 2525 accensi,
818 2474 1011 2528 corpus
1055 2460 1272 2528 quidem
1307 2470 1361 2512 et
1390 2460 1636 2525 corporis
1668 2476 1795 2530 gra-

194 2549 479 2615 vedinem,
525 2560 579 2603 et
624 2551 776 2616 vitia,
808 2560 863 2603 et
900 2552 1272 2618 prometioues
1313 2549 1622 2605 incidentes
1672 2567 1797 2620 pro-

188 2640 476 2705 iecerunt,
518 2640 616 2708 ipsi
654 2649 837 2694 autem
863 2642 1206 2695 sermonibus
1249 2640 1367 2694 istis
1392 2640 1674 2696 evolantes
1700 2643 1794 2695 de-

200 2744 424 2784 sursum
458 2745 555 2785 nos
585 2732 916 2801 respiciunt;
954 2732 997 2785 si
1028 2740 1204 2785 tamen
1238 2731 1345 2786 illic
1376 2730 1555 2787 eﬂ'ecti
1584 2735 1799 2803 patimi-

202 2831 301 2875 tur
340 2822 613 2891 respicere
648 2822 793 2888 istic,
831 2834 886 2877 et
922 2838 1030 2876 non
1070 2824 1162 2877 ιοιὶ
1200 2823 1311 2877 illic
1355 2824 1637 2878 constituti
1676 2839 1797 2893 pce—

207 2914 455 2966 nitentur
494 2914 618 2981 quia
657 2914 734 2969 ita
762 2916 915 2968 tarde
949 2924 1003 2969 et
1038 2930 1143 2969 non
1173 2923 1300 2970 ante
1330 2915 1452 2970 hoc.
1500 2915 1665 2972 Forte
1698 2932 1798 2971 au-

206 3014 322 3059 tem
354 3020 454 3060 nec
478 3007 726 3075 pteniteri
760 3005 867 3061 illis
898 3006 1008 3073 jam
1039 3017 1215 3071 vacat,
1249 3008 1341 3075 qui
1380 3009 1452 3061 ita
1498 3008 1635 3062 laetis
1678 3022 1800 3077 quae

208 3098 325 3152 illic
351 3108 477 3153 sunt
505 3098 666 3153 factis
689 3109 1011 3163 noscuntur,
1042 3114 1149 3154 non
1178 3102 1258 3154 eis
1281 3109 1366 3155 est
1398 3101 1566 3155 otium
1601 3101 1653 3154 in
1687 3115 1801 3155 me-

210 3190 444 3245 moriam
492 3192 739 3262 redigere
793 3206 879 3255 ea,
932 3207 962 3246 a
1017 3194 1212 3262 quibus
1254 3193 1465 3248 liberati
1521 3194 1797 3248 videntur.

212 3284 517 3340 Istiusmodi
559 3286 703 3340 enim
750 3285 1009 3340 homines
1055 3285 1165 3341 illic
1203 3301 1307 3339 non
1368 3294 1495 3340 sunt
1530 3285 1799 3341 homines.

213 3376 325 3431 Sed
354 3378 492 3432 sicut
526 3378 742 3433 domum
792 3379 1007 3446 plenam
1060 3379 1415 3447 thymiamate
1454 3379 1706 3449 ingressi,
1748 3391 1803 3433 et

207 3470 323 3539 jam
369 3471 640 3525 sensimus
664 3470 807 3538 quod
844 3483 1053 3532 sumus,
1088 3470 1447 3525 nihilominus
1503 3482 1685 3524 tamen
1718 3484 1801 3524 re-

214 3562 483 3627 dolemus,
536 3573 597 3616 ut
654 3563 948 3634 thymiama
986 3561 1115 3617 facti
1154 3580 1166 3615 :
1202 3564 1274 3616 ita
1316 3572 1369 3618 et
1412 3563 1504 3631 qui
1537 3561 1647 3616 illic
1688 3562 1807 3631 jam

217 3654 342 3709 facti
382 3662 509 3708 sunt
559 3656 800 3719 accensi,
849 3654 1018 3709 veluti
1072 3671 1101 3709 a
1157 3664 1348 3708 natura
1381 3656 1625 3724 egressi:
1656 3656 1803 3725 quod

214 3756 395 3799 autem
430 3747 667 3815 sapiunt,
696 3744 871 3799 effecti
904 3754 1031 3800 sunt
1056 3746 1166 3799 lllic
1192 3746 1392 3817 angeli.
1419 3745 1629 3812 Quibus
1656 3746 1802 3799 enim

217 3838 525 3891 intellectus
552 3855 616 3891 cx
651 3838 965 3891 imitatione
1004 3851 1188 3905 equus
1215 3836 1420 3905 angelis
1452 3836 1685 3889 habetur
1710 3844 1804 3888 aut

216 3928 428 3993 similis,
475 3929 589 3981 istis
626 3944 731 3983 non
785 3929 1039 3997 prohibet
1080 3940 1274 3981 natura
1312 3928 1801 3982 conversationem.

216 4020 335 4086 Qua
364 4025 505 4076 enim
536 4020 601 4075 de
627 4038 789 4075 causa
819 4024 1068 4077 carnales
1103 4038 1198 4075 nos
1246 4033 1404 4075 vocat
1435 4021 1654 4085 Paulus,
1695 4036 1801 4074 nou

217 4113 481 4166 seducens
508 4124 724 4167 nostras
768 4114 1002 4178 animas,
1038 4115 1211 4183 magis
1249 4125 1430 4167 autem
1472 4113 1799 4167 subducens.

216 4204 348 4271 Quis
374 4207 516 4258 enim
556 4217 799 4259 mortuus
845 4205 1066 4261 effectus
1106 4207 1412 4261 fornicatur
1450 4216 1545 4259 aut
1596 4205 1802 4260 adulte-

219 4296 343 4349 rat?
390 4296 528 4349 Dicit
580 4299 721 4350 enim
780 4298 895 4365 ipse
920 4297 1232 4366 Apostolus,
1283 4297 1637 4351 manifestans
1688 4295 1801 4368 (58)

215 4397 380 4450 opera
422 4383 603 4437 carnis
653 4399 770 4453 qua:
823 4394 951 4438 sunt
998 4386 1368 4449 adulterium,
1424 4385 1710 4441 fornicatio
1732 4386 1799 4441 ⁸⁸.

214 4473 411 4530 Carnis
447 4490 611 4544 opera
646 4477 749 4531 ista
785 4488 952 4531 sunt:
993 4478 1118 4545 quis
1154 4478 1299 4531 enim
1333 4486 1579 4533 mortuus
1608 4478 1691 4533 his
1716 4478 1801 4533 in-

1901 2009 2095 2055 verunt
2148 2014 2207 2055 se
2254 1999 2574 2064 ascendere,
2628 2013 2847 2053 sursum
2909 1998 3291 2067 pervenientes
3326 2012 3502 2067 usque

1902 2094 1969 2147 ad
2024 2092 2229 2156 stellas,
2285 2099 2651 2145 occurrerunt
2700 2089 2842 2143 luna:
2896 2100 2952 2143 et
3009 2088 3265 2141 viderunt
3304 2088 3499 2155 solem,

1902 2184 2042 2239 forte
2081 2198 2263 2237 autem
2311 2194 2365 2238 et
2411 2182 2635 2245 cmlum,
2691 2192 2746 2236 et
2802 2190 3230 2250 permanserunt
3274 2179 3401 2245 illic,
3447 2189 3505 2235 et

1902 2278 2047 2346 passi
2087 2286 2214 2330 sunt
2258 2275 2449 2328 vitium
2498 2273 2823 2330 sceleratum
2859 2290 2874 2326 :
2914 2272 3058 2326 sicut
3091 2272 3185 2341 qui
3219 2270 3289 2325 ad
3318 2285 3500 2340 regem

1902 2370 2139 2431 festinat,
2174 2368 2240 2421 ad
2284 2366 2432 2437 regia
2467 2365 2658 2435 palatii
2699 2366 2987 2428 accedens,
3026 2378 3222 2434 magna
3264 2372 3321 2419 et
3355 2364 3500 2419 clara

1901 2469 1957 2512 et
1984 2459 2095 2527 regi
2129 2458 2290 2529 digna
2321 2458 2664 2525 conspiciat;
2718 2466 2771 2509 et
2800 2471 2922 2509 cum
2968 2454 3161 2509 debeat
3207 2455 3381 2524 magis
3409 2455 3502 2511 de-

1900 2549 2156 2604 siderium
2186 2565 2343 2603 suum
2369 2549 2437 2603 ad
2467 2563 2589 2603 eum
2625 2548 2715 2616 qui
2752 2547 3015 2617 queritur
3046 2546 3351 2616 propalare,
3386 2556 3503 2600 stu-

1902 2657 2037 2710 pens
2065 2641 2249 2696 valvas
2300 2641 2499 2708 regias,
2548 2650 2603 2694 et
2653 2649 2851 2709 putans
2909 2638 3046 2694 nihil
3095 2637 3331 2708 amplius
3378 2654 3503 2694 esse

1904 2748 2086 2804 regem
2142 2750 2172 2787 a
2226 2733 2361 2796 suis,
2410 2732 2643 2787 resideat
2682 2734 2750 2787 ad
2777 2747 2841 2787 ea
2871 2747 2992 2801 quze
3022 2732 3198 2801 prima
3242 2746 3502 2787 occurre-

1904 2834 2049 2891 rant,
2085 2823 2374 2877 fraudatur
2421 2824 2563 2893 regis
2616 2823 2827 2880 visione
2867 2835 2922 2879 et
2964 2834 3181 2878 natura.
3236 2822 3346 2881 Sed
3391 2837 3497 2881 nos

1904 2931 2011 2973 non
2046 2917 2281 2970 retineat
2328 2926 2493 2980 terra,
2526 2929 2631 2971 non
2664 2917 2924 2986 praefocet
2953 2930 3140 2982 mare;
3174 2931 3282 2971 non
3320 2914 3499 2971 offen-

1903 3009 2098 3063 damus
2132 3007 2185 3061 in
2214 3007 2407 3072 stellis,
2443 3022 2547 3062 non
2578 3009 3006 3062 obteuebremur
3051 3024 3081 3062 a
3121 3007 3273 3072 luna,
3323 3022 3501 3075 neque

1904 3113 2004 3154 nos
2037 3098 2295 3171 caliginet
2345 3099 2465 3165 sol;
2517 3116 2625 3154 non
2669 3100 2912 3154 detineat
2953 3099 3149 3155 malum
3182 3118 3197 3153 :
3238 3100 3501 3157 Dominus

1902 3191 2048 3245 enim
2078 3200 2131 3246 et
2159 3190 2343 3261 opifex
2380 3202 2437 3246 et
2466 3201 2682 3246 creator
2715 3193 2961 3247 omnium
2989 3206 3177 3247 eorum
3201 3209 3323 3265 qua:
3350 3194 3498 3250 dicta

1905 3290 2030 3335 sunt
2063 3293 2119 3337 et
2153 3298 2259 3337 non
2312 3292 2439 3337 sunt
2469 3284 2610 3336 dicta
2637 3323 2655 3346 ,
2696 3293 2783 3337 est
2827 3282 2915 3336 ille
2952 3284 3045 3351 qui
3085 3285 3368 3351 quaeritur.
3417 3285 3498 3337 Ad

1905 3371 2072 3427 Deum
2110 3374 2293 3443 igitur,
2351 3389 2385 3428 ο
2438 3376 2622 3439 homo,
2674 3375 2740 3429 ad
2788 3376 2953 3430 Deum
2998 3377 3196 3429 horum
3254 3376 3498 3433 omnium

1906 3480 2026 3533 qua:
2056 3467 2194 3521 bona
2222 3475 2276 3521 et
2314 3466 2461 3520 clara
2498 3482 2647 3523 sunt.
2686 3466 2830 3521 Nihil
2870 3468 3123 3523 miserius
3146 3478 3413 3539 estquam
3440 3480 3501 3522 ut

1904 3558 2027 3626 quis
2068 3559 2119 3612 in
2156 3559 2357 3614 lumine
2399 3559 2638 3615 offendat
2671 3578 2687 3617 :
2724 3561 2816 3615 sed
2853 3576 3121 3616 cecorum
3164 3563 3266 3616 hoc
3307 3561 3498 3617 vitium

1904 3660 2007 3704 est.
2038 3650 2151 3704 Non
2176 3654 2597 3708 obteuebremur
2617 3668 2645 3707 a
2667 3654 2813 3709 sole:
2845 3655 2997 3709 vides
3017 3669 3137 3709 eum
3155 3653 3425 3709 orientem
3448 3664 3505 3711 et

1908 3744 2273 3809 occidentem,
2316 3756 2372 3800 et
2402 3746 2685 3801 cedentem
2718 3748 3009 3803 mensuris.
3042 3746 3147 3801 Sed
3182 3747 3296 3817 ipse
3324 3761 3503 3816 praeco

1904 3847 1991 3891 est
2036 3838 2103 3890 ab
2139 3838 2349 3893 oriente
2396 3853 2568 3907 usque
2621 3838 2685 3891 ad
2730 3854 3010 3905 occasum,
3069 3840 3329 3907 praedicat
3376 3854 3502 3893 eum

1905 3926 1996 3994 qui
2028 3942 2085 3980 se
2112 3927 2241 3981 fecit
2268 3938 2320 3982 et
2349 3930 2502 3992 dicit,
2533 3932 2579 3985 si
2613 3939 2790 3984 tamen
2830 3939 2885 3983 tu
2910 3931 3090 3995 audis,
3125 3933 3299 4003 magis
3321 3940 3501 3986 autem

1904 4020 1949 4072 si
1982 4019 2131 4074 vides
2160 4037 2172 4072 :
2205 4019 2321 4075 Non
2352 4037 2470 4075 sum
2505 4037 2605 4091 ego
2636 4021 2800 4084 Deus,
2830 4023 2924 4077 sed
2959 4024 3049 4078 ille
3094 4021 3250 4090 cujus
3300 4038 3416 4081 sum
3449 4032 3505 4078 et

1904 4123 2004 4177 ego
2034 4111 2334 4179 opilicium.
2380 4111 2463 4166 Me
2493 4113 2665 4177 vides,
2701 4112 2789 4167 ille
2822 4112 3117 4167 invisibilis
3144 4123 3244 4167 est.
3280 4110 3506 4167 visibile

1906 4204 1973 4255 ad
2022 4202 2298 4257 invisibile
2346 4205 2619 4257 contraria
2653 4214 2738 4259 est
2771 4215 3009 4259 natura:
3049 4220 3171 4257 nam
3221 4204 3327 4259 etsi
3382 4219 3503 4261 sum

1907 4295 2088 4349 clarus
2124 4296 2263 4349 sicut
2287 4312 2428 4361 sum,
2469 4298 2559 4351 sed
2592 4296 2772 4351 clarus
2801 4303 2891 4366 qui
2925 4298 3114 4353 videor
3147 4313 3162 4348 :
3200 4296 3290 4351 ille
3319 4308 3501 4353 autem

1906 4388 2279 4443 iuvisibilitate
2313 4390 2653 4443 transcendit
2680 4388 2983 4461 fulgoribus
3016 4389 3221 4443 omnia.
3264 4388 3382 4442 Non
3418 4403 3504 4442 me

1907 4480 2183 4533 honorans
2216 4479 2560 4534 dehonestes.
2612 4478 2725 4533 Non
2756 4496 2878 4534 sum
2912 4481 3161 4548 ingratus
3192 4481 3259 4533 ad
3300 4479 3502 4533 Condi-

219 4568 491 4622 volvitur?
524 4566 647 4621 Hac
670 4584 800 4637 ergo
826 4572 1073 4623 viventes
1103 4569 1304 4622 animis
1327 4583 1448 4623 cum
1476 4570 1798 4638 corporibus
1832 4582 1874 4635 ι)
1908 4580 2076 4623 torem
2106 4588 2118 4623 :
2163 4567 2436 4623 sufficiunt
2469 4571 2597 4624 mihi
2650 4570 2917 4626 beneficia
2951 4586 3069 4638 qua:
3122 4571 3307 4641 accepi
3340 4588 3356 4626 :
3394 4569 3501 4625 noli

214 4674 337 4713 cum
370 4659 605 4714 declives
652 4660 912 4714 fuerimus
944 4661 1008 4713 ad
1043 4675 1258 4722 carnes,
1285 4675 1417 4715 caro
1450 4670 1659 4715 tantum
1697 4677 1794 4717 vo-

213 4768 443 4817 cantur;
477 4767 597 4813 cum
628 4762 811 4807 autem
848 4753 1277 4820 promovetimus
1302 4756 1366 4806 ad
1395 4754 1657 4819 animam,
1681 4754 1799 4807 ani-

214 4844 371 4899 malis
399 4846 559 4901 homo
585 4845 815 4899 dicimur
854 4863 866 4897 :
906 4860 1028 4897 cum
1064 4856 1245 4898 autem
1300 4846 1799 4901 transcenderimus

215 4949 488 5000 naturam,
524 4939 785 5006 spiritalis
820 4939 979 4990 homo
1013 4939 1369 5007 appellamur.
1445 4939 1508 4992 Et
1550 4954 1655 4992 non
1686 4938 1797 5005 jam

213 5030 342 5097 quia
366 5030 601 5083 carnalis
630 5040 851 5083 vocatus
876 5039 979 5090 est,
1018 5029 1299 5085 fraudatus
1336 5042 1416 5083 est
1446 5030 1629 5084 anima
1663 5046 1675 5083 :
1716 5041 1803 5081 ne-

212 5136 321 5189 que
343 5121 474 5189 quia
500 5121 749 5175 animalis
773 5122 950 5176 dictus
975 5134 1077 5188 est,
1106 5124 1217 5191 jam
1245 5139 1348 5176 non
1380 5122 1541 5180 habet
1567 5134 1799 5190 corpus;

214 5213 490 5281 siquidem
513 5223 568 5266 et
602 5214 833 5282 spiritali
881 5215 1086 5268 homini
1118 5227 1173 5270 et
1199 5231 1398 5285 corpus
1442 5216 1582 5271 inest
1610 5226 1669 5269 ut
1704 5215 1802 5267 bo-

214 5301 371 5354 rnini
396 5310 449 5355 et
478 5303 655 5355 anima
691 5312 747 5355 ut
777 5304 990 5358 animzc.
1037 5306 1093 5357 Si
1126 5313 1303 5358 autem
1338 5315 1396 5359 et
1440 5304 1564 5357 istic
1596 5302 1803 5357 consti-

216 5391 339 5452 tuti,
366 5390 583 5458 quidam
608 5391 827 5461 quidem
852 5408 981 5446 caro
1015 5405 1221 5447 tantum
1251 5408 1460 5457 sumus,
1491 5392 1622 5465 quia
1645 5394 1801 5449 decli-

215 5496 311 5535 ves
346 5480 546 5537 fuimus
576 5484 644 5537 ad
677 5493 914 5549 terram;
950 5486 1039 5538 alii
1081 5488 1264 5539 anima
1294 5494 1525 5551 tantum,
1559 5486 1688 5555 quia
1720 5486 1801 5538 in-

217 5583 302 5627 ter
347 5584 635 5643 utrumque
702 5585 951 5641 stamus;
1019 5577 1109 5631 alii
1175 5577 1449 5647 spiritales
1513 5590 1773 5634 vocamur

289 5689 333 5719 ιο
363 5688 478 5742 Gal.
519 5706 570 5754 v,
614 5692 666 5745 9.

286 5809 397 5876 (57)
436 5810 679 5877 Quidem.
714 5808 895 5873 Forte,
936 5810 1173 5877 quidam.

288 5878 397 5950 (58)
437 5878 531 5931 Ms.
574 5876 851 5948 Manifesta
893 5876 1010 5935 sunt
1052 5896 1228 5950 opera.

1906 4660 2105 4713 addere
2140 4662 2282 4729 quod
2337 4678 2441 4714 non
2493 4662 2758 4731 suscipio.
2812 4662 3076 4717 Creatura
3126 4676 3275 4726 sum,
3308 4672 3361 4717 et
3395 4678 3502 4717 non

1906 4749 2174 4816 Creator;
2228 4751 2503 4819 opificium
2551 4764 2605 4807 et
2636 4769 2740 4806 non
2771 4754 2990 4823 opifex;
3048 4754 3227 4807 factus
3270 4768 3415 4817 sum,
3449 4763 3505 4807 et

1907 4858 2013 4895 non
2050 4844 2095 4895 is
2127 4846 2217 4909 qui
2254 4844 2416 4908 fecit;
2458 4845 2615 4899 istinc
2653 4860 2773 4899 sum
2798 4846 2959 4910 casio,
2996 4854 3051 4900 et
3080 4845 3207 4900 inde
3234 4846 3405 4900 oculis
3431 4846 3504 4899 vi-

1910 4937 2079 4988 deor:
2114 4935 2204 4989 ille
2256 4937 2541 4991 invisibilis
2591 4946 2692 4991 est.
2734 4938 2847 5008 Ego
2882 4938 2934 4991 in
2986 4936 3108 4991 loco
3148 4936 3505 4992 confirmatus

1910 5044 2027 5082 sum
2060 5046 2074 5083 :
2108 5029 2195 5083 ille
2225 5029 2360 5084 liber
2395 5033 2461 5085 ab
2488 5031 2637 5084 omni
2670 5042 2757 5085 est
2787 5032 2923 5086 loco.
2951 5030 3064 5101 Ego
3092 5032 3357 5100 parietem
3380 5030 3502 5083 caeli

1911 5130 2067 5174 teneo
2120 5123 2172 5176 in
2214 5138 2317 5191 qua
2376 5140 2496 5175 sum
2542 5134 2597 5177 et
2646 5125 2905 5194 positus:
2942 5123 3032 5179 ille
3083 5132 3267 5177 autem
3316 5121 3505 5190 implet

1910 5214 2113 5268 omnia.
2165 5213 2275 5284 Ego
2312 5231 2373 5269 ex
2407 5216 2523 5269 loco
2555 5216 2623 5270 ad
2656 5216 2835 5270 locum
2869 5219 3112 5271 accedo:
3159 5215 3260 5275 ille-
3280 5224 3335 5267 et
3369 5214 3501 5267 mihi

1908 5306 2183 5371 separavit
2211 5304 2409 5359 locum.
2452 5304 2583 5360 Vide
2606 5322 2716 5373 me,
2744 5318 2798 5360 et
2824 5306 2933 5362 noli
2961 5319 3355 5360 connumerare
3383 5319 3504 5374 quat

1911 5410 2018 5448 non
2046 5408 2534 5451 connumerantnr.
2574 5397 2869 5455 Invisibilis
2899 5408 2953 5453 et
2978 5397 3209 5452 visibilis
3231 5396 3503 5465 Quomodo

1910 5493 2427 5544 eoonumerantur?
2462 5492 2561 5560 Qui
2596 5493 2647 5545 in
2682 5492 2786 5547 loci
2826 5491 2966 5562 (59),
3010 5499 3065 5545 et
3106 5494 3196 5559 qui
3236 5490 3350 5543 sine
3383 5486 3503 5544 loco

1907 5594 2069 5649 quam
2109 5583 2310 5637 habent
2340 5587 2783 5639 communionem
2833 5585 3080 5639 naturae?
3122 5583 3232 5654 Ego
3272 5582 3419 5640 orior
3446 5590 3503 5641 et

1983 5810 2094 5881 (59)
2137 5810 2279 5866 Loci.
2317 5810 2500 5875 Forte,
2538 5812 2653 5865 loco
2694 5808 2775 5866 vel
2812 5809 2961 5865 locis.
