4000 6406
616 376 757 434 1155

1278 369 1548 429 EUSEBII
1584 369 2059 427 CESARIENSIS
2096 368 2244 425 OPP.
2288 369 2468 425 PARS
2505 370 2595 427 iV.
2626 400 2695 413 —
2734 366 3151 427 DOGMATICA.

3735 370 3861 425 H56

615 494 821 555 occido,
850 491 971 560 quia
1002 496 1057 545 et
1086 502 1301 559 possum
1337 498 1568 558 utraque
1591 487 1659 543 ad
1687 487 1838 556 jussa
1864 492 2132 557 complere
2158 505 2172 541 :
2204 493 2251 550 Α
2281 490 2495 556 generis
2524 488 2669 544 enim
2698 489 3020 545 miseremur
3042 487 3229 544 nostri.
3277 486 3381 542 Illis
3407 488 3615 559 quippe
3654 490 3746 558 qui
3776 504 3859 541 ve-

615 583 707 639 ille
729 578 1129 650 supereminet;
1181 591 1285 631 non
1340 576 1544 647 indiget
1574 586 1635 630 ut
1659 578 1888 640 oriatur,
1938 592 2045 631 non
2076 577 2177 631 im-

614 681 790 730 mutat
833 673 1030 737 locum,
1055 686 1267 741 semper
1310 672 1363 724 in
1407 685 1475 726 eo
1524 671 1642 739 ipso
1669 670 1809 740 quod
1839 681 1923 724 est
1949 682 2175 735 manet;

613 778 825 834 semper
851 765 963 833 ipse
990 771 1073 818 est
1096 766 1186 832 qui
1221 771 1338 827 est;
1373 762 1441 817 ab
1467 761 1558 817 illo
1588 772 1645 816 et
1668 760 1821 816 calor
1843 768 1929 815 est
1952 800 1968 825 ,
1997 764 2065 815 ab
2088 762 2177 815 illo

610 855 813 911 dantur
836 867 891 911 et
915 870 1103 911 cursus
1128 869 1415 919 mensurae,
1448 854 1517 907 ab
1568 851 1660 908 illo
1689 860 2059 907 mensuratum
2094 862 2178 906 est

611 946 833 1001 calum.
892 945 1026 1001 Nam
1068 944 1168 1001 etsi
1214 947 1389 1015 spatio
1421 944 1578 1013 longe
1605 958 1745 1007 sum,
1783 952 1957 997 tamen
1995 943 2176 997 calore

611 1036 871 1092 conllteor
892 1045 1139 1091 naturam
1160 1049 1177 1089 :
1204 1036 1295 1091 ille
1321 1034 1606 1090 invisibilis
1621 1042 1723 1089 est.
1750 1033 1925 1088 Meum
1944 1035 2174 1090 intueris

610 1129 874 1194 habitum,
910 1128 999 1183 ille
1024 1130 1140 1184 sine
1171 1127 1357 1182 habitu
1388 1135 1489 1181 est.
1533 1123 1706 1180 Tanta
1762 1126 1891 1181 mihi
1940 1136 2067 1180 sunt
2119 1136 2174 1181 et

610 1220 735 1284 alla,
768 1234 835 1274 ex
886 1220 1081 1289 quibus
1122 1218 1253 1273 nihil
1303 1218 1369 1273 ad
1412 1216 1561 1271 illum
1608 1219 1879 1287 pertinere
1910 1218 2168 1273 videtur:

611 1326 721 1366 non
760 1320 961 1366 tactum
998 1313 1243 1378 incurrit,
1287 1326 1394 1365 non
1444 1312 1562 1365 loco
1596 1310 1853 1372 ambitur,
1897 1325 2003 1365 non
2054 1310 2169 1365 loca

606 1400 937 1467 circumdat,
971 1416 1075 1457 non
1106 1401 1321 1457 habitus
1348 1402 1491 1456 circa
1544 1402 1744 1471 ipsum,
1796 1415 1905 1455 non
1953 1417 2169 1470 compo-

607 1492 732 1549 sitio
763 1494 830 1547 ad
856 1494 1096 1563 gloriam.
1125 1489 1219 1547 Ille
1245 1502 1406 1547 natus
1456 1500 1655 1546 annato
1681 1502 1765 1546 est
1798 1491 1932 1563 (60),
1975 1507 2069 1561 per
2099 1494 2167 1545 il-

608 1588 719 1639 lum
761 1594 817 1639 et
855 1599 954 1653 ego
978 1592 1033 1638 et
1051 1583 1231 1638 omnia
1275 1582 1416 1639 facta
1440 1594 1580 1640 sunt.
1617 1582 1791 1639 Nollte
1822 1600 1907 1641 me
1934 1596 2167 1641 conver-

611 1684 725 1729 tere
767 1674 833 1728 ad
885 1674 1307 1744 blasphemiam,
1363 1690 1458 1744 per
1512 1690 1598 1730 me
1640 1676 2019 1745 blasphemare
2072 1692 2166 1731 no-

607 1765 719 1821 lite.
752 1764 949 1820 Littera
982 1780 1100 1819 sum
1122 1766 1187 1820 ad
1212 1766 1433 1837 gloriam
1462 1768 1581 1837 ejus
1607 1768 1698 1838 qui
1736 1782 1821 1823 me
1848 1769 1975 1822 fecit
2006 1786 2020 1823 :
2052 1785 2165 1824 cte-

606 1856 713 1912 lum
760 1857 900 1911 enim
938 1856 1075 1911 liber
1111 1865 1195 1911 est.
1226 1872 1486 1924 magnus;
1534 1872 1633 1927 ego
1666 1868 1844 1912 autem
1889 1874 2009 1911 cum
2053 1860 2169 1933 alli-

607 1943 762 1999 nlbus
808 1946 943 1999 meis
977 1959 1158 1998 sumus
1206 1943 1397 1999 littera
1429 1946 1813 2015 religiositatis.
1859 1946 2041 2017 [Agite
2090 1947 2172 2001 lu-

603 2049 687 2089 ιιι
731 2035 1023 2089 virtutem:
1064 2035 1256 2089 crescit
1312 2044 1364 2087 et
1397 2036 1673 2101 minuitur,
1720 2044 1776 2090 et
1824 2050 2035 2105 semper
2066 2036 2170 2090 im-

603 2135 863 2188 mutatur,
897 2136 951 2179 et
980 2125 1258 2178 annuntiat
1298 2125 1723 2180 immutabilem:
1752 2134 1806 2181 et
1849 2128 1900 2181 in
1934 2128 2020 2181 illa
2064 2129 2167 2183 ite-

605 2230 723 2269 rum
750 2216 965 2271 habitus
1000 2217 1291 2281 invenitur,
1337 2218 1601 2288 siquidem
1622 2219 1841 2273 etillam
1875 2220 2021 2273 videt
2045 2234 2169 2273 ocu-

602 2306 706 2371 lus,
753 2316 806 2361 et
846 2321 1119 2376 nunquam
1176 2308 1229 2361 in
1280 2322 1345 2364 eo
1382 2308 1499 2377 ipso
1525 2310 1664 2377 quod
1708 2319 1790 2363 est
1820 2320 2017 2364 manet.
2059 2309 2165 2363 No-

601 2397 695 2451 lite
733 2413 831 2452 nec
879 2398 1036 2451 istam
1083 2412 1288 2452 mecum
1344 2400 1547 2468 pariter
1588 2399 1980 2467 blasphemare.
2029 2401 2167 2466 Quid

601 2502 700 2543 nos
727 2488 1162 2543 calumniamini?
1191 2489 1348 2543 modo
1383 2490 1596 2557 quidem
1639 2505 1725 2544 me
1789 2491 2030 2545 dicentes
2058 2491 2169 2545 for-

600 2580 837 2635 nicatum
875 2595 1013 2643 esse,
1046 2579 1204 2635 modo
1239 2588 1418 2634 autem
1446 2580 1648 2644 lunam,
1690 2583 1815 2649 quia
1843 2582 2164 2638 adulterium

601 2672 836 2727 admisit.
878 2668 1051 2724 Nolite
1091 2671 1356 2738 deponere
1388 2684 1483 2724 nos
1521 2681 1705 2725 contra
1745 2680 2019 2736 naturam,
2070 2690 2165 2728 ne-

598 2776 704 2831 que
737 2762 927 2816 iterum
970 2761 1227 2815 extollere
1264 2774 1428 2829 supra
1464 2769 1732 2815 naturam.
1796 2763 1983 2818 Dicitis
2036 2766 2163 2832 quia

598 2868 698 2923 ego
730 2852 939 2906 mulieri
961 2850 1341 2907 confabulatus
1365 2867 1482 2906 sum
1513 2870 1526 2905 :
1551 2853 1742 2923 quibus
1764 2859 2165 2925 operamentis?

597 2943 793 3011 quibus
813 2942 1068 2997 membris
1086 2941 1112 2994 ?
1139 2956 1244 3008 quo
1264 2941 1487 2995 habitu?
1510 2944 1960 3013 quemadmodum
1986 2962 2161 3001 meam

596 3032 861 3088 ﬂammam
915 3032 1080 3101 potuit
1122 3031 1373 3087 snﬂ'erre?
1416 3034 1861 3100 quemadmodum
1911 3037 2161 3104 splendo—

595 3123 717 3177 res?
749 3122 803 3177 Si
826 3124 968 3177 enim
1002 3131 1148 3176 tanto
1182 3123 1354 3189 spatio
1376 3108 1487 3194 (6i)
1521 3140 1696 3178 meum
1724 3126 1932 3180 radium
1965 3128 2159 3182 suffer-

596 3229 655 3268 re
687 3229 789 3267 non
821 3221 1015 3281 potest,
1042 3212 1096 3266 in
1128 3213 1333 3268 sinibus
1361 3224 1581 3284 portare
1606 3230 1778 3269 meam
1824 3216 2157 3283 conjunctio-

594 3315 716 3356 nem
752 3300 961 3369 potuit?
980 3299 1153 3354 Nolite
1190 3303 1259 3354 ita
1290 3316 1377 3355 me
1408 3304 1634 3371 turpiter
1655 3306 1995 3371 calumniari,
2029 3311 2158 3364 noli-

595 3404 648 3446 te
678 3395 750 3445 ita
791 3392 1102 3459 insipienter
1128 3392 1388 3447 extollere
1420 3410 1433 3447 :
1463 3410 1565 3447 non
1602 3396 1771 3449 solum
1814 3400 1956 3451 enim
1991 3399 2155 3455 Deum

594 3483 877 3551 ignoratis,
905 3483 995 3535 sed
1024 3492 1072 3535 et
1105 3483 1319 3550 opificia
1347 3484 1513 3552 ipsius
1546 3485 1635 3538 Dei
1664 3489 1899 3543 nescitis.
1934 3491 2158 3545 Dimitti-

593 3585 644 3629 te
678 3590 761 3627 me
791 3578 911 3643 quia
953 3574 1088 3627 fixus
1121 3588 1262 3636 sum,
1301 3590 1523 3629 cursum
1565 3577 1685 3631 caeli
1712 3580 1956 3635 conficio.
1982 3580 2156 3638 Nolite

590 3684 677 3721 me
704 3666 769 3720 ad
806 3676 1003 3719 terram
1037 3666 1304 3734 deponere
1349 3668 1551 3732 verbis,
1578 3682 1751 3737 neque
1785 3671 2049 3727 deducere
2075 3674 2155 3727 fa-

587 3756 746 3811 bulis.
777 3756 890 3810 Non
918 3758 1207 3827 pravarico
1246 3756 1418 3826 legem
1454 3777 1466 3812 :
1509 3774 1721 3814 sursum
1754 3776 1872 3815 sum
1912 3765 2150 3833 positus;

587 3863 693 3900 non
724 3848 945 3901 immuto
977 3863 1191 3901 cursum
1218 3850 1565 3903 constitutum
1611 3851 1775 3915 mihi;
1812 3868 1917 3907 non
1959 3857 2152 3909 recedo

587 3939 655 3990 ab
696 3937 900 4001 oﬂicio;
957 3937 1125 4004 legem
1172 3938 1349 3991 datam
1393 3938 1665 4005 custodio;
1699 3955 1931 4007 agnosco
1975 3947 2149 4013 spatia

585 4026 861 4093 cmii,qua:
886 4036 937 4079 et
960 4026 1109 4095 jussa
1138 4042 1415 4094 percurro.
1449 4027 1670 4082 Terram
1695 4030 1905 4085 calcare
1934 4049 2037 4086 non
2070 4044 2151 4088 est

585 4127 787 4171 natura:
810 4132 941 4171 mete
968 4135 979 4170 :
1011 4119 1223 4186 quando
1251 4134 1357 4173 nox
1385 4119 1525 4173 facta
1555 4130 1640 4174 est
1667 4121 1996 4190 importuna,
2026 4126 2147 4195 quia

583 4222 682 4277 ego
710 4207 956 4260 descendi
986 4210 1050 4260 ad
1082 4207 1319 4262 mulieris
1348 4210 1888 4266 communicationem
1908 4215 2150 4271 ?cessate

583 4299 813 4364 turpiter
846 4298 1188 4363 honorantes,
1244 4299 1391 4354 finde
1430 4302 1759 4357 deducentes
1798 4321 1813 4356 :
1850 4307 2017 4362 nolite
2053 4324 2145 4363 cra

583 4402 761 4443 vestra
787 4390 838 4441 in
876 4390 1030 4443 bonis
1050 4391 1292 4443 versibus
1320 4392 1475 4445 malis
1504 4394 1730 4461 negotiis
1754 4398 1984 4463 aperire.
2011 4397 2146 4464 Quid

2280 578 2455 633 stibus
2480 580 2695 649 quidem
2733 594 2793 634 se
2817 581 3040 645 nudant,
3085 594 3243 634 emno
3264 589 3444 633 autem
3489 594 3553 634 se
3584 581 3858 649 operiunt,

2279 670 2369 738 qui
2401 670 2606 739 lapides
2637 682 2878 740 portant,
2911 672 3003 742 qui
3029 671 3281 725 damnum
3326 671 3526 739 duplex
3556 672 3852 741 accipiunt,

2277 768 2408 814 utet
2439 774 2628 814 aurum
2655 760 2950 829 proferant,
2979 771 3036 815 et
3069 775 3099 813 a
3130 760 3243 815 Deo
3280 761 3553 815 decidant.
3584 758 3711 815 Non
3746 774 3859 817 ces-

2276 860 2361 906 sat
2387 850 2466 906 sol
2499 866 2598 906 nec
2632 852 2760 906 illud
2789 853 2841 906 in
2871 852 3107 907 medium
3135 851 3408 921 proferre,
3431 853 3563 923 quia
3610 860 3859 921 putantes

2275 957 2397 995 eum
2427 942 2704 1010 deillcare,
2734 946 2788 998 in
2816 944 2901 999 his
2930 943 3165 997 maxime
3189 943 3243 997 in
3278 943 3478 1012 quibus
3520 944 3857 1015 indignatur.

2272 1034 2560 1089 Adducunt
2586 1036 2730 1091 enim
2762 1036 2830 1091 ad
2859 1048 3077 1090 omnem
3119 1035 3511 1105 malignitatem
3575 1036 3861 1091 hominum

2273 1140 2459 1195 opera,
2498 1135 2553 1182 et
2605 1125 2842 1182 malitias
2889 1127 2988 1182 soli
3035 1136 3091 1182 et
3120 1126 3283 1187 lunae.
3320 1136 3375 1181 et
3408 1141 3539 1182 suas
3580 1127 3660 1181 illi
3685 1129 3854 1181 ascri-

2272 1232 2432 1287 psere
2449 1218 2712 1274 luxurias.
2740 1217 2856 1273 Non
2884 1220 3007 1285 iste,
3057 1219 3252 1289 inquit,
3300 1219 3463 1274 homo
3504 1219 3728 1273 adulter
3755 1227 3857 1284 est,

2271 1306 2365 1359 sed
2394 1306 2494 1362 sol.
2518 1307 2757 1363 Veniunt
2783 1310 2927 1363 enim
2954 1314 3021 1364 ad
3045 1309 3194 1363 illum
3230 1309 3430 1374 locum,
3473 1318 3531 1364 et
3579 1310 3725 1364 mala
3762 1311 3856 1364 ho-

2272 1397 2475 1451 minum
2504 1398 2604 1453 soli
2627 1399 2925 1457 ascribunt.
2948 1400 3014 1455 Et
3036 1402 3343 1457 hominibus
3368 1402 3589 1471 quidem
3616 1401 3753 1457 nihil
3777 1417 3855 1455 re-

2270 1486 2518 1556 linquunt
2550 1489 2712 1557 mali,
2750 1505 2855 1544 non
2888 1490 3127 1545 luxurias
3174 1492 3499 1558 luxuriosis;
3535 1508 3646 1546 non
3681 1493 3852 1547 homi-

2269 1576 2408 1632 cidia
2469 1578 2797 1647 homicidis;
2843 1596 2947 1635 non
3002 1580 3322 1636 adulterium
3379 1581 3697 1646 adulttris;
3750 1597 3853 1636 non

2270 1666 2544 1721 mendacia
2581 1669 2959 1735 mendacibus;
2998 1686 3102 1725 non
3127 1654 3269 1725 furta
3301 1671 3556 1736 furibus;
3589 1673 3689 1727 sed
3720 1672 3854 1726 obli-

2271 1758 2310 1810 ti
2363 1772 2546 1811 eorutn
2586 1772 2707 1827 qua
2766 1759 3212 1830 blasphemabaut
3267 1760 3516 1817 dicentes
3571 1764 3732 1827 deos,
3802 1772 3853 1817 et

2272 1852 2580 1906 omittentes
2609 1853 2855 1908 homines
2893 1853 2985 1920 qui
3018 1851 3353 1922 delinquunt,
3387 1866 3481 1907 eos
3522 1868 3667 1922 quos
3695 1867 3855 1906 voca-

2271 1944 2400 1998 bant
2452 1944 2581 1998 deos
2638 1958 2781 1998 nunc
2825 1944 3103 1997 hominum
3170 1943 3443 2007 latrones,
3508 1943 3853 2007 homicidas,

2271 2034 2581 2100 mendaces,
2618 2034 2899 2104 malignus,
2938 2036 3232 2099 adulteros,
3267 2035 3416 2091 fures
3453 2051 3555 2104 pro
3609 2036 3851 2091 homini-

2269 2128 2367 2183 bus
2395 2143 2516 2184 esse
2548 2114 2753 2183 volunt.
2808 2127 2915 2183 Sed
2970 2128 3109 2199 apud
3164 2144 3262 2183 nos
3312 2129 3582 2184 homicida
3634 2131 3680 2184 si
3716 2129 3857 2183 forts

2270 2236 2432 2274 unum
2469 2222 2689 2284 occidit,
2730 2230 2785 2275 et
2826 2222 2962 2275 forte
2994 2222 3240 2275 tristatus
3271 2231 3363 2275 aut
3393 2220 3617 2275 infamis
3651 2222 3848 2283 factus,

2267 2320 2321 2363 et
2374 2319 2632 2373 tremens.
2680 2320 2735 2363 et
2780 2310 3088 2379 compulsus
3135 2312 3205 2366 ob
3235 2321 3549 2381 egestatem,
3585 2323 3686 2366 aut
3714 2312 3845 2365 iram

2267 2411 2360 2455 aut
2407 2400 2752 2463 inimicitias,
2805 2402 2883 2454 sol
2937 2401 3135 2455 occidit
3181 2406 3303 2455 cum
3351 2401 3440 2470 qui
3496 2402 3847 2458 interﬁcitur.

2266 2490 2479 2555 Quare?
2506 2506 2624 2558 quae
2652 2491 2886 2544 vicinia?
2913 2506 3029 2559 qua:
3058 2490 3448 2545 cohereditas?
3484 2507 3608 2559 qua:
3656 2492 3846 2546 condi-

2266 2583 2442 2637 visio?
2467 2581 2593 2651 quid
2626 2584 2861 2651 passus?
2888 2584 3015 2650 quid
3044 2583 3378 2636 admittens?
3402 2583 3531 2653 quid
3562 2583 3847 2651 indigens?

2264 2675 2391 2742 quid
2425 2677 2690 2729 commodi
2722 2675 2943 2729 sumus?
2977 2674 3092 2729 Non
3131 2690 3317 2731 sumus
3354 2689 3543 2728 cannae
3591 2675 3847 2729 manibus

2262 2765 2535 2821 stellarum
2579 2776 2737 2819 molae
2785 2766 2848 2820 ad
2886 2767 3111 2821 litteras.
3144 2765 3280 2829 Tua,
3310 2776 3397 2819 tua
3425 2776 3571 2830 suut,
3629 2768 3841 2822 etiamsi

2263 2855 2608 2909 calumnieris
2636 2857 2825 2911 solem.
2861 2857 3011 2912 Luna
3048 2869 3226 2913 autem
3279 2876 3382 2915 nun
3429 2871 3697 2929 operatur
3723 2876 3848 2932 qut

2262 2948 2614 3001 calumniaris
2647 2966 2661 3001 :
2695 2964 2801 3002 non
2861 2960 2913 3004 te
2964 2949 3158 3006 liberat
3190 2951 3456 3006 calumnia
3504 2968 3531 3006 a
3571 2966 3835 3023 pecunia:

2262 3039 2501 3107 acquiris
2523 3040 2615 3093 tibi
2639 3052 2693 3093 et
2715 3040 3102 3109 blasphemiam
3139 3060 3152 3095 :
3179 3043 3229 3095 in
3252 3058 3317 3097 eo
3343 3045 3484 3097 enim
3511 3045 3639 3098 dum
3666 3045 3835 3099 dicis:

2186 3163 2227 3220 ο
2264 3128 2377 3183 Non
2408 3146 2508 3200 ego
2543 3132 2789 3199 admitto,
2819 3133 2913 3187 sed
2964 3134 3055 3187 Dei
3100 3134 3335 3204 opificia.
3378 3136 3532 3201 Quod
3562 3137 3711 3191 enim
3738 3152 3837 3202 ego

2262 3236 2366 3274 non
2397 3236 2515 3289 ego,
2550 3224 2804 3292 relinquit
2836 3224 2964 3279 illud
2998 3226 3046 3280 ei
3076 3226 3228 3293 cujus
3251 3228 3477 3296 opificiis
3502 3238 3557 3282 et
3582 3227 3838 3298 blasphe-

2257 3311 2420 3362 miam
2467 3311 2632 3364 addit.
2680 3310 2740 3365 Si
2776 3313 2920 3365 enim
2972 3328 3077 3366 non
3109 3323 3235 3366 sunt
3277 3330 3438 3380 opera
3488 3324 3679 3369 nostra
3718 3330 3845 3382 qua:

2257 3400 2613 3469 admittimus,
2648 3402 2742 3456 sed
2771 3402 2849 3457 sol
2888 3414 2941 3455 et
2972 3403 3092 3456 luna
3135 3414 3190 3459 et
3223 3405 3390 3458 stellae
3439 3418 3537 3474 per
3568 3419 3671 3459 nos
3705 3419 3838 3472 ape-

2256 3499 2475 3556 rantur;
2507 3493 2577 3546 ita
2633 3508 2808 3562 neque
2857 3494 3070 3549 illorum
3122 3506 3245 3549 sunt
3276 3510 3439 3565 opera
3480 3510 3497 3550 :
3548 3498 3843 3567 equaliter

2254 3582 2398 3635 enim
2444 3582 2585 3637 Deus
2618 3586 2914 3641 constituit.
2961 3585 3093 3638 Vide
3123 3589 3262 3655 quod
3306 3588 3440 3642 dicis
3472 3609 3487 3641 :
3524 3589 3695 3643 Deum
3734 3604 3837 3644 no-

2256 3674 2432 3728 minas
2463 3690 2622 3744 quem
2668 3676 2813 3745 piget
2859 3691 3016 3730 nosse
3066 3678 3249 3743 Deum,
3284 3679 3374 3733 sed
3418 3679 3511 3733 tibi
3552 3678 3715 3735 facile
3752 3693 3835 3735 est

2254 3767 2393 3833 apud
2429 3782 2591 3835 quem
2611 3776 2735 3820 sunt
2774 3768 2998 3821 dicere:
3036 3767 3345 3823 Coufundor
3394 3780 3447 3824 et
3502 3771 3657 3840 piger
3710 3788 3830 3825 sum

2260 3856 2639 3911 contaminare
2670 3872 2839 3911 meam
2879 3859 3134 3929 linguam,
3174 3869 3228 3915 et
3258 3861 3489 3913 maxime
3516 3864 3728 3917 caelesti
3755 3866 3839 3913 vi—

2250 3950 2401 4003 sione
2437 3950 2790 4004 descendens.
2836 3949 2971 4016 Quid
3017 3967 3167 4022 ergo,
3221 3967 3254 4006 o
3304 3953 3557 4019 sapiens?
3609 3954 3835 4023 Cygnus

2251 4041 2381 4095 deus
2408 4051 2492 4093 est
2533 4041 2619 4109 qni
2660 4042 2941 4096 adversum
2970 4043 3231 4113 virginem
3264 4044 3449 4097 calet?
3472 4042 3833 4099 Coufundan-

2252 4139 2335 4182 tur
2356 4129 2447 4197 qui
2476 4128 2759 4196 aliquoties
2788 4129 3006 4199 quidem
3031 4141 3242 4184 taurum
3267 4133 3513 4198 adurant,
3538 4135 3835 4204 aliquaties

2251 4217 2361 4288 (6'5)
2392 4229 2567 4272 autem
2602 4228 2761 4272 tauro
2805 4220 2962 4273 deum
2991 4222 3429 4291 transfiguratum
3457 4224 3686 4291 lingunt.
3711 4226 3827 4281 Sed

2249 4310 2413 4363 dicite
2452 4310 2607 4364 nobis
2654 4326 2751 4365 cur
2787 4314 3103 4367 immutatus
3131 4324 3215 4367 est
3267 4323 3327 4368 ut
3371 4316 3634 4386 virginem
3670 4320 3830 4375 vide-

2248 4401 2371 4453 ret?
2401 4399 2512 4453 Non
2539 4401 2681 4455 enim
2710 4402 2939 4457 habebat
2964 4402 3192 4459 feminas
3215 4405 3347 4460 deus
3376 4408 3673 4463 secundum
3702 4425 3824 4468 vos.

580 4495 665 4532 me
696 4480 996 4532 deducitis?
1038 4482 1163 4548 quid
1203 4496 1286 4535 me
1316 4484 1603 4538 extollitis?
1633 4485 1746 4540 Non
1779 4488 2049 4543 descendo
2076 4492 2141 4545 ad
2172 4501 2221 4561 ι)
2247 4491 2435 4547 Nonne
2482 4508 2719 4547 sororem
2760 4497 3184 4563 cooperatricem
3231 4496 3439 4564 habuit,
3493 4510 3555 4553 ut
3586 4502 3824 4557 aliorum

581 4570 879 4630 mulierem.
912 4586 1013 4623 non
1055 4574 1285 4625 ascendo
1336 4576 1557 4644 aqualis
1606 4578 1733 4631 Deo.
1768 4578 1919 4645 Quod
1959 4592 2142 4635 autem

578 4669 695 4713 erat
725 4661 850 4713 mihi
878 4671 931 4714 et
964 4664 1130 4715 otium
1170 4664 1471 4733 relinquere
1499 4684 1714 4723 cursum
1740 4682 2003 4727 statutum
2037 4675 2141 4727 mi-

577 4747 669 4800 hi?
702 4750 913 4815 quando
960 4751 1286 4819 interruptus
1319 4762 1401 4807 est
1455 4756 1606 4810 dies?
1652 4767 1745 4811 aut
1784 4763 2003 4829 quando
2031 4780 2136 4818 non

577 4839 764 4894 adveni
790 4856 1013 4895 currens
1036 4844 1099 4895 ad
1126 4856 1396 4909 ornatum,
1421 4859 1711 4918 occupatus
1732 4853 1797 4905 ad
1824 4853 2134 4909 mulierem?

574 4930 641 4985 Et
670 4932 792 4984 luna
831 4932 1021 4987 fabulis
1044 4935 1377 5005 deturpatur,
1434 4942 1526 4992 sed
1575 4946 1749 5010 arguit
1782 4943 1975 4999 fabulis
2022 4946 2132 5017 (62)

572 5036 669 5076 sua
701 5035 910 5077 natura.
962 5024 1121 5079 Forte
1164 5037 1341 5081 autem
1392 5044 1490 5082 nec
1532 5029 1658 5085 illud
1705 5034 1902 5087 tacebit
1946 5036 2046 5087 sol.
2076 5036 2132 5089 Si

574 5127 749 5169 autem
780 5115 894 5184 ejus
928 5133 1031 5171 non
1066 5128 1147 5173 est
1172 5130 1364 5173 natura
1407 5135 1463 5174 ut
1492 5122 1757 5191 loquatur,
1808 5141 1906 5180 nos
1946 5141 2044 5194 pro
2068 5144 2133 5183 eo

572 5206 875 5275 loquemur,
910 5210 953 5263 si
984 5218 1156 5264 tamen
1209 5226 1305 5281 pro
1342 5214 1456 5267 sole
1494 5226 1547 5266 et
1578 5230 1679 5268 non
1714 5232 1808 5287 pro
1839 5218 1983 5282 Deo;
2023 5235 2127 5273 non

571 5303 694 5368 quia
746 5303 887 5356 Deus
925 5303 1124 5372 indiget
1170 5305 1437 5372 adjutorio
1481 5316 1665 5360 nostro
1712 5317 1763 5360 et
1793 5309 2125 5374 defensione,

572 5392 662 5444 sed
690 5394 932 5449 homines
962 5396 1237 5450 constituti
1264 5397 1571 5451 hominibus
1605 5400 1981 5468 cempatimur.
2032 5402 2125 5456 Vi-

570 5484 755 5539 dentes
780 5487 921 5540 enim
942 5486 1182 5542 volumus
1212 5490 1313 5543 iter
1335 5490 1621 5545 ostendere
1650 5506 1751 5545 nun
1783 5492 2126 5558 videntibus;

662 5620 749 5690 60)
781 5622 877 5675 Ms.
912 5622 1010 5678 ωε
1039 5637 1191 5679 natus
1212 5643 1274 5681 ex
1295 5630 1475 5681 innato
1500 5638 1595 5680 est.

793 5693 889 5762 Ms.
917 5693 973 5747 Si
992 5696 1124 5746 enim
1146 5697 1199 5748 in
1228 5707 1371 5750 tanta
1394 5699 1580 5762 spatio.

665 5760 751 5829 62)
788 5758 1023 5817 Fabam.
1042 5765 1200 5819 Forte
1224 5758 1451 5835 tubulus.

2249 4584 2515 4639 connubia
2540 4586 2853 4640 iuraretur?
2877 4586 2991 4641 Non
3018 4586 3107 4641 isti
3137 4602 3416 4644 sermones
3454 4602 3579 4645 sunt
3619 4598 3818 4661 nostri,

2246 4676 2338 4729 sed
2370 4688 2561 4731 vestrae
2595 4677 2788 4732 fabulae
2819 4678 3030 4746 scriptae
3069 4679 3127 4731 in
3154 4679 3304 4733 libris
3334 4680 3466 4753 (64),
3510 4682 3561 4735 in
3589 4684 3821 4738 simula-

2246 4769 2372 4836 cris,
2419 4769 2469 4822 in
2496 4769 2809 4837 parietibus,
2847 4771 2897 4822 in
2924 4770 3301 4826 saltationibus
3333 4774 3697 4831 theatrorum.
3736 4778 3819 4833 lu-

2244 4862 2482 4929 dignaris
2514 4862 2633 4929 quia
2660 4863 2780 4916 dico
2802 4877 2865 4915 ea
2894 4876 3013 4929 quae
3037 4873 3089 4916 tu
3122 4866 3303 4932 legens
3339 4868 3594 4921 miraris:
3620 4870 3821 4925 irasce—

2242 4951 2317 5005 rls
2345 4953 2467 5019 quia
2504 4952 2693 5022 loquor
2739 4954 2805 5005 de
2834 4955 2915 5009 his
2948 4968 3065 5023 quae
3094 4956 3283 5010 videns
3315 4966 3369 5009 tu
3398 4960 3616 5014 adoras.
3672 4961 3815 5017 indi-

2240 5044 2419 5113 gnaris
2445 5046 2570 5113 quia
2605 5045 2725 5099 dico
2767 5061 2886 5116 quae
2936 5056 2988 5100 tu
3022 5047 3074 5100 in
3110 5047 3489 5103 saltationibus
3527 5051 3720 5107 videns
3761 5067 3813 5109 et

2238 5134 2459 5189 audiens
2489 5135 2792 5191 delectaris.
2830 5138 2953 5192 Dele
2974 5153 3036 5192 ea
3061 5155 3127 5193 ex
3158 5142 3380 5208 poeticis
3408 5142 3581 5207 libris,
3617 5149 3812 5201 recede

2238 5239 2267 5277 a
2301 5227 2547 5291 theatris,
2586 5239 2641 5283 et
2669 5230 2966 5284 extermiua
3002 5246 3064 5285 ea
3094 5247 3123 5285 a
3156 5234 3483 5305 parietibus;
3521 5241 3697 5292 canna
3723 5256 3807 5304 ea,

2236 5332 2264 5369 a
2295 5319 2601 5375 simulacris
2627 5321 2837 5388 recede,
2866 5332 2921 5377 et
2946 5328 3273 5393 congaudeo.
3297 5326 3351 5379 Si
3389 5336 3569 5383 autem
3593 5346 3807 5399 perma-

2235 5422 2331 5461 nes
2358 5410 2411 5463 in
2440 5412 2705 5475 ca'citate,
2732 5413 2836 5467 noli
2862 5416 3132 5485 indignari
3158 5420 3205 5472 si
3234 5422 3605 5489 convinceris;
3640 5424 3809 5479 dicito

2235 5499 2279 5553 si
2304 5502 2431 5569 quid
2457 5503 2655 5558 addidi.
2689 5504 2746 5559 Si
2777 5515 2953 5561 autem
2988 5510 3127 5578 apud
3170 5520 3223 5565 te
3260 5521 3384 5565 sunt
3418 5514 3639 5584 scripta
3672 5530 3806 5572 auro

2295 5640 2406 5714 (83)
2560 5642 2835 5714 aliquoties
2858 5658 3028 5701 autem
3056 5653 3109 5703 in
3132 5660 3306 5706 tauro.

2295 5712 2404 5779 ‘64)
2438 5710 2532 5765 Ms.
2566 5710 2655 5767 sed
2686 5727 2862 5771 nostris
2885 5718 3081 5785 (nbula
3105 5721 3159 5773 in
3182 5721 3355 5783 libris.
