4000 6460
187 420 309 479 “51

1000 415 1088 471 DE
1125 415 1216 473 ΕΟ
1253 416 1445 485 QUOD
1482 416 1661 476 DEUS
1701 419 1937 479 PATER
1976 420 2494 480 INCORPORMJS
2532 425 2687 485 EST.

3362 418 3504 477 H58

199 544 257 588 et
287 542 497 604 argento
521 527 580 579 αὶ
609 527 913 601 lapidibus
943 540 999 587 et
1029 532 1331 601 parietibus
1366 542 1422 588 et
1449 534 1717 602 theatris;
1753 538 1799 592 si
1831 544 1877 602 Α
1905 554 2012 608 que
2042 548 2190 594 terra
2215 539 2440 611 iurgans
2468 547 2676 594 natura:
2704 544 2989 592 alacritate
3006 534 3268 607 iurgavit,
3298 539 3394 611 sed
3417 538 3501 593 lea

199 640 306 696 ego
331 628 385 681 in
409 635 566 695 parva
583 617 736 677 hora
774 635 829 677 et
854 623 959 678 hoc
1000 626 1191 694 pigens
1218 625 1432 694 loquor,
1456 636 1678 696 propter
1701 628 1803 682 mi-

204 718 533 771 serationem
590 725 782 771 autem
811 731 1131 771 commoneo
1163 734 1176 771 :
1210 718 1337 786 quia
1387 733 1509 788 quae
1561 720 1733 788 vides,
1767 736 1802 777 o

202 810 399 873 homo,
430 818 483 862 et
515 807 692 863 oculis
750 818 807 863 et
856 823 1020 863 sensu
1074 822 1183 863 non
1246 810 1500 876 intueris,
1562 812 1631 866 ad
1686 813 1803 869 hac

197 899 486 955 irasceris.
515 897 571 955 Si
606 899 691 953 dei
718 908 865 966 sunt,
896 900 1125 956 adulteri
1152 915 1261 955 non
1280 911 1440 969 sunt;
1474 904 1521 959 si
1546 904 1801 973 adulteri,

194 1006 318 1054 non
362 998 490 1047 sunt
514 991 608 1046 dii.
626 990 683 1046 Si
710 1001 893 1048 autem
918 992 1106 1047 volunt
1133 992 1337 1048 habere
1354 995 1629 1053 adulteros
1645 998 1799 1064 deos,

191 1096 311 1137 nos
340 1080 563 1155 quidem
599 1083 681 1137 eis
710 1097 818 1138 non
856 1082 1262 1149 maledicimus;
1297 1086 1407 1140 sint
1437 1095 1618 1144 autem
1653 1099 1714 1145 ut
1747 1092 1803 1147 hi

182 1173 300 1243 qui
325 1172 624 1228 adorantur
648 1174 867 1230 abillis.
914 1173 1128 1231 Primus
1154 1176 1368 1232 illorum
1399 1178 1544 1236 deus
1576 1197 1683 1238 non
1717 1192 1804 1240 est

179 1262 439 1319 satiatus
457 1264 701 1331 libidine,
727 1266 779 1320 in
807 1265 964 1335 caelo,
987 1275 1047 1322 ut
1067 1267 1169 1338 ipsi
1194 1268 1380 1325 volunt
1400 1286 1543 1343 sape
1564 1289 1687 1330 cum
1704 1291 1802 1332 sua

178 1353 440 1426 coniuge
465 1371 631 1428 agens
667 1374 681 1410 :
719 1358 893 1414 sicubi
918 1360 1064 1415 enim
1087 1375 1216 1416 cum
1263 1362 1367 1418 alia
1406 1364 1663 1430 inventus
1694 1377 1800 1437 est,

173 1448 395 1503 statim
421 1464 452 1503 a
479 1464 576 1503 sua
600 1449 750 1505 zelus
780 1464 1043 1508 accensus
1072 1462 1157 1508 est
1184 1472 1199 1509 :
1224 1470 1335 1510 non
1356 1458 1501 1513 enim
1542 1461 1800 1516 credebat

177 1542 308 1606 deo
338 1544 438 1599 dea
480 1544 622 1599 male
640 1544 797 1601 deeo
825 1556 1099 1616 suspecta.
1132 1547 1189 1603 Si
1217 1552 1363 1605 enim
1400 1563 1457 1608 et
1497 1569 1527 1608 a
1552 1558 1801 1612 mortali-

172 1631 304 1688 bus
334 1648 397 1689 se
425 1650 531 1689 non
566 1636 904 1702 continebat,
957 1640 1232 1708 quomodo
1284 1642 1387 1697 iste
1420 1659 1450 1698 a
1487 1647 1804 1705 caelestibus

173 1729 258 1776 ut
291 1723 487 1777 volunt
512 1723 783 1779 cessavit?
806 1724 910 1780 Sed
933 1727 1212 1782 concedite
1234 1728 1430 1798 linguae
1456 1750 1468 1785 :
1492 1746 1635 1787 nunc
1654 1735 1800 1790 enim

174 1830 401 1872 aurum
431 1825 515 1871 est
563 1817 616 1871 in
664 1817 817 1872 sinus
866 1818 1133 1886 virginum
1185 1820 1421 1890 liquens,
1478 1833 1540 1877 ut
1582 1824 1793 1880 furetur

1908 606 2226 685 communis
2247 606 2460 685 Do-mini
2491 639 2575 686 est
2610 628 2785 699 posita
2811 627 2948 683 ﬁnes
2971 606 3186 692 uterni,
3216 638 3272 683 et
3294 606 3352 683 in
3379 639 3504 684 tan-

1907 722 1976 777 tis
1998 722 2212 778 szeculis
2239 722 2440 791 digitus
2463 722 2680 777 additus
2702 735 2809 777 non
2839 730 2945 787 est,
2978 719 3302 793 ﬂuminibus
3331 721 3504 776 tantis

1904 820 1960 865 et
1989 809 2231 867 fontibus
2278 812 2333 866 in
2367 800 2533 867 maris
2577 809 2789 867 sinibus
2821 810 3255 868 incurrentibus.
3310 810 3506 868 Flante

1904 911 2066 959 vento
2112 912 2411 973 pascuntur
2468 903 2691 959 ﬂatibus
2742 917 2931 971 naves,
2976 902 3044 958 ad
3075 902 3277 957 cmlum
3328 916 3505 973 usque

1908 993 2189 1050 tolluntur.
2226 994 2295 1049 Et
2323 995 2448 1066 quis
2470 1008 2863 1065 nonnunquam
2888 994 3263 1065 pertransiens
3294 994 3501 1058 timuit,

1905 1101 1976 1142 ne
1996 1098 2054 1142 ut
2084 1087 2348 1152 minatur,
2384 1088 2459 1142 ita
2481 1085 2711 1143 eﬂ‘usum
2742 1085 3171 1158 comprehendat
3191 1084 3504 1143 astantem?

1905 1176 2305 1248 Nonnunquam
2341 1179 2486 1235 enim
2516 1188 2584 1234 et
2621 1177 2919 1233 declinavit
2946 1191 3117 1241 mare,
3149 1177 3297 1232 venit
3332 1175 3422 1230 ubi
3449 1176 3501 1231 ei

1904 1278 2168 1326 statutum
2201 1279 2308 1336 est,
2370 1270 2729 1343 legislatorem
2781 1280 2838 1326 et
2886 1277 3212 1325 statutorem
3252 1268 3379 1324 ﬂnis
3427 1267 3501 1324 ti-

1904 1376 2093 1429 mens;
2121 1372 2175 1417 et
2198 1360 2455 1431 frangens
2483 1362 2679 1419 ﬂuctus
2700 1361 2769 1417 sd
2790 1361 2965 1428 littus,
2990 1361 3233 1418 ostendit
3256 1359 3503 1416 invisibi-

1905 1453 2016 1529 lem_
2039 1468 2135 1523 per
2160 1468 2225 1509 ea
2251 1470 2371 1524 qua:
2396 1454 2669 1511 videntur.
2701 1454 2811 1509 Ista
2845 1455 3003 1510 decet
3028 1454 3078 1508 ei
3107 1454 3347 1518 cithara,
3378 1464 3503 1522 qua

1909 1539 1967 1593 in
1990 1536 2259 1593 frontibus
2293 1537 2573 1593 hominum
2606 1536 2924 1593 barmonias
2953 1537 3236 1603 describit,
3280 1536 3372 1591 ubi
3401 1535 3501 1592 de-

1909 1625 2075 1683 beant
2103 1641 2226 1683 esse
2246 1628 2409 1694 oculi,
2440 1637 2497 1684 et
2525 1627 2654 1697 quid
2691 1627 2836 1683 circa
2872 1629 3053 1699 ipsos;
3089 1627 3176 1683 ubi
3209 1628 3421 1693 dentes,
3445 1632 3503 1681 et

1911 1720 2134 1790 quanti;
2183 1718 2271 1775 ubi
2303 1733 2491 1787 aures,
2535 1730 2590 1773 et
2625 1729 2758 1789 quot
2787 1728 2843 1775 et
2870 1720 2939 1793 ad
2966 1720 3133 1791 quid;
3166 1719 3256 1774 ubi
3290 1719 3499 1791 lingua,

1910 1822 1967 1866 et
1998 1813 2065 1867 ad
2092 1812 2255 1882 quid;
2287 1811 2412 1882 quis
2442 1827 2571 1866 usus
2596 1818 2681 1867 est
2713 1810 2997 1867 oculorum
3023 1827 3039 1877 ;
3072 1811 3162 1865 ubi
3191 1827 3422 1882 ungues,
3445 1824 3503 1868 et

172 1907 322 1979 eius
345 1907 716 1977 virginitatem
755 1929 767 1963 ε
801 1908 942 1962 forte
970 1916 1147 1963 autem
1184 1920 1239 1965 et
1274 1912 1411 1967 bene
1448 1911 1700 1983 liquescit
1728 1915 1795 1969 li-
1828 1891 1873 1946 Β
1900 1904 1969 1959 ad
2004 1914 2308 1975 quantum;
2342 1905 2432 1958 ubi
2458 1903 2662 1971 capilli.
2691 1913 2748 1959 et
2769 1903 2857 1959 ubi
2879 1918 2983 1957 non
3011 1902 3188 1971 capilli
3213 1920 3229 1967 ς
3256 1904 3386 1973 quid
3417 1904 3502 1958 ln-

172 1996 331 2055 bido
365 1999 741 2067 dissoluta,-si
778 2008 963 2057 taurus
1006 2003 1139 2057 deus
1175 2002 1412 2069 illorum,
1446 2006 1539 2075 qui
1574 2021 1680 2061 non
1706 2016 1792 2063 est

175 2090 283 2144 dei
308 2091 619 2162 progenies,
647 2090 844 2146 fabulae
888 2107 954 2147 ex
986 2093 1149 2148 corde
1198 2094 1511 2164 ﬁgmentum
1559 2099 1788 2154 mendax

178 2188 399 2235 natura
430 2189 617 2235 taurus
639 2190 757 2247 est;
784 2190 841 2236 et
890 2182 1018 2251 quid
1050 2193 1208 2250 putas
1237 2185 1321 2238 vir
1360 2196 1414 2240 et
1445 2195 1636 2242 taurus
1664 2188 1789 2258 p‘or‘-

177 2279 326 2326 uns
351 2272 613 2341 virginem
643 2271 884 2328 libidinis
909 2288 1120 2337 servus,
1148 2278 1605 2345 concupiscentiae
1632 2280 1789 2334 mini-

178 2369 338 2428 ster,
390 2364 443 2417 in
478 2363 618 2418 collo
670 2364 822 2433 virgo
878 2378 1003 2419 cum
1061 2366 1286 2421 libidine
1330 2367 1787 2437 dominaiQuam

179 2455 347 2510 enim
377 2454 601 2522 figuram
655 2455 986 2520 intermisit,
1044 2462 1260 2526 quando
1309 2460 1515 2529 quievit
1567 2479 1638 2518 ne
1688 2464 1790 2518 im-

181 2554 508 2598 mutaretur
544 2559 769 2616 cygnus,
801 2554 1009 2610 taurus,
1040 2547 1244 2617 aquila,
1273 2551 1502 2603 aurum?
1536 2561 1630 2605 aut
1657 2568 1789 2608 con-

185 2631 381 2687 tinens
420 2632 595 2687 factus
620 2643 705 2688 est
750 2634 933 2689 nunc?
966 2634 1147 2691 Multis
1173 2639 1317 2690 enim
1344 2636 1457 2703 iam
1493 2641 1652 2695 annis
1682 2656 1786 2696 non

183 2732 283 2777 est
311 2721 488 2778 factus
510 2722 711 2793 aquila,
739 2732 793 2779 et
813 2734 962 2780 certe
1002 2740 1107 2780 non
1134 2726 1291 2796 pauci
1320 2727 1412 2781 lilii
1439 2739 1491 2783 et
1518 2730 1642 2785 boni
1673 2732 1786 2786 nati

187 2822 329 2869 sunt
362 2816 414 2868 in
449 2816 688 2869 deserto.
722 2813 887 2870 Putas
918 2817 1100 2870 senuit
1123 2826 1179 2871 et
1204 2819 1637 2887 concupiscentia
1670 2838 1787 2878 ces-

188 2904 360 2970 savit,
387 2914 481 2959 aut
512 2907 883 2975 pmnitentiam
912 2906 1148 2963 libidinis
1186 2906 1397 2974 habuit,
1441 2919 1497 2965 et
1546 2929 1689 2967 nunc
1727 2929 1787 2970 se

182 2995 309 3066 jam
335 2998 614 3053 continet?
635 2996 753 3053 Jam
781 2999 924 3053 enim
956 3015 1063 3054 non
1094 3001 1235 3071 rapit
1260 2982 1510 3069 puerum.
1543 3003 1785 3060 Confun-

190 3088 301 3144 dor
337 3098 394 3143 et
426 3090 606 3145 dicere
638 3091 740 3145 sub
768 3104 871 3160 qua
900 3093 1187 3147 occasione
1222 3108 1327 3147 non
1357 3094 1649 3151 suﬂecerat
1695 3115 1784 3154 so-

194 3196 292 3235 ror
314 3181 533 3252 cqniux,
574 3184 945 3252 cooperatrix,
978 3199 1043 3239 ex
1088 3200 1195 3254 qua
1229 3188 1339 3242 nati
1374 3199 1498 3242 sunt
1535 3190 1780 3259 plurimi,

1899 1993 2190 2058 trinsecus,
2228 1994 2356 2063 quid
2389 1994 2788 2062 constringere,
2839 1991 2966 2061 quid
3019 1992 3318 2056 involvere,
3363 1994 3495 2064 quid

1897 2084 2101 2149 velare,
2127 2084 2253 2154 quid
2277 2083 2486 2152 jacere,
2526 2093 2581 2138 et
2609 2085 2672 2138 ad
2704 2083 2835 2153 quid
2868 2082 3033 2149 utile;
3065 2084 3188 2153 quis
3218 2084 3499 2157 suscipere

1897 2188 2055 2229 escas
2090 2186 2145 2229 et
2174 2174 2452 2240 dividere;
2483 2182 2713 2241 quantas
2740 2187 3026 2228 mensuras
3062 2173 3259 2228 debeat
3294 2176 3499 2229 habere

1897 2266 2071 2330 cibus,
2103 2274 2157 2320 et
2180 2274 2441 2335 quantum
2474 2265 2621 2319 intus
2643 2264 2837 2319 debeat
2866 2279 3213 2334 permanere,
3240 2274 3294 2320 et
3320 2280 3501 2336 quan-

1897 2356 1966 2409 do
1996 2354 2192 2409 debeat
2220 2370 2474 2425 purgare,
2501 2364 2555 2408 et
2598 2354 2644 2408 si
2676 2352 2961 2410 transierit
3013 2355 3227 2420 horam,
3258 2356 3500 2412 ostendit

1900 2460 2125 2500 noxam.
2179 2444 2288 2499 lsta
2344 2445 2461 2516 lyra
2513 2444 2671 2499 decet
2722 2444 2833 2500 Deo
2891 2446 3193 2514 composita
3249 2444 3499 2502 melodils

1898 2534 2265 2588 membrorum
2296 2548 2310 2584 :
2343 2534 2507 2588 habet
2530 2533 2675 2589 enim
2699 2547 2895 2589 nervos
2922 2543 2976 2589 et
3001 2536 3197 2590 eordas
3221 2535 3276 2590 in
3297 2536 3497 2606 quibus

1894 2636 1952 2681 et
1979 2639 2042 2680 os
2073 2627 2140 2680 ad
2175 2640 2360 2681 ossum
2386 2634 2497 2689 est,
2527 2634 2583 2680 et
2610 2626 2822 2681 viscera
2864 2627 2932 2681 ad
2962 2625 3196 2691 viscera,
3241 2638 3298 2683 et
3330 2642 3497 2692 mem-

1895 2719 1991 2775 bra
2029 2720 2098 2773 ad
2128 2719 2399 2795 membra,
2430 2734 2526 2788 per
2555 2733 2675 2789 qua:
2709 2718 3059 2789 deponuntur
3095 2731 3150 2776 et
3172 2721 3496 2791 aperiuntur

1895 2828 2089 2866 manus
2120 2830 2132 2865 :
2172 2826 2269 2881 per
2306 2827 2426 2886 qum
2464 2810 2779 2875 ﬂectuntur,
2822 2821 2879 2866 et
2913 2812 3111 2867 iterum
3141 2815 3373 2868 redeunt
3399 2829 3495 2884 pe-

1893 2903 2022 2968 des;
2049 2903 2379 2958 clauduntur
2406 2904 2552 2959 oculi
2581 2904 2648 2957 ad
2684 2904 3061 2969 refectionem,
3088 2916 3144 2960 et
3180 2907 3376 2962 iterum
3407 2920 3493 2962 re-

1892 3004 2155 3050 vocantur
2180 2996 2247 3050 ad
2265 3011 2420 3066 opus.
2456 2996 2523 3051 Et
2552 2998 2674 3067 quis
2699 2998 2899 3067 poterit
2931 2997 3284 3054 dinumerare
3312 3014 3491 3070 quan-

1894 3094 1963 3139 ta:
1987 3084 2289 3141 istiusmodi
2316 3101 2536 3155 semper
2558 3086 2938 3155 percutiuntur
2973 3088 3127 3159 lyrae,
3163 3104 3273 3144 non
3304 3090 3358 3145 in
3382 3106 3493 3145 uno

1894 3186 2103 3231 tantum
2136 3176 2380 3241 homine,
2423 3192 2526 3231 nec
2556 3178 2609 3231 in
2641 3177 2954 3233 hominibus
2993 3178 3145 3245 solis,
3192 3181 3287 3235 sed
3330 3190 3386 3236 et
3433 3185 3488 3237 in

192 3274 291 3328 sed
320 3272 432 3342 iam
464 3288 608 3328 nunc
638 3290 745 3327 non
779 3286 1097 3329 nascuntur.
1124 3275 1423 3335 Consenuit
1449 3292 1630 3336 autem
1654 3297 1780 3337 con-
1812 3269 1856 3326 C
1886 3269 2034 3324 Ollllli
2067 3268 2332 3322 “lima”?
2360 3268 2615 3323 omnibus
2646 3270 2793 3324 enim
2824 3285 3115 3335 mensum.
3140 3281 3351 3342 ἔωθε,
3382 3288 3495 3327 mar

186 3363 424 3433 jugium,
454 3364 686 3431 curiam
712 3380 816 3419 non
852 3365 1109 3433 pariunt?
1138 3367 1245 3421 Sed
1289 3383 1395 3422 non
1433 3369 1648 3426 suﬂ'ecit
1670 3371 1782 3437 illa,

194 3454 331 3510 abiit
357 3456 424 3509 ad
455 3455 711 3510 mortales
744 3474 757 3510 :
790 3454 1003 3511 suffecit
1032 3472 1136 3511 non
1163 3462 1401 3515 secunda
1446 3462 1634 3515 eodem
1672 3478 1786 3517 mo-

198 3560 294 3612 re;
328 3544 657 3600 multiforme
686 3550 832 3600 enim
886 3557 971 3602 est
1023 3547 1246 3604 malum.
1295 3548 1412 3603 Non
1463 3551 1787 3607 suffecerant

194 3635 455 3689 mortales
485 3649 500 3686 :
530 3635 596 3689 ad
627 3637 897 3691 masculos
920 3639 1188 3692 convertit
1220 3638 1515 3694 libidinem.
1543 3641 1781 3710 Opoeta,

192 3739 333 3795 quos
364 3724 738 3780 irridebimus?
765 3727 935 3797 magis
962 3737 1141 3782 autem
1167 3744 1305 3798 quos
1333 3730 1784 3788 lamentabimus?

191 3831 288 3872 eos
345 3818 437 3887 qui
468 3818 825 3886 scripserunt,
854 3829 947 3873 aut
971 3834 1068 3873 eos
1107 3822 1197 3889 qui
1234 3837 1378 3877 nunc
1408 3837 1582 3893 usque
1632 3824 1783 3879 illum

191 3909 286 3979 qui
332 3909 386 3963 in
425 3909 643 3964 dextera
682 3918 859 3978 portat
896 3910 1154 3980 aquilam,
1188 3913 1475 3969 adorantes
1515 3927 1568 3969 et
1612 3916 1787 3984 respi-

192 4001 421 4067 cientes,
451 4010 544 4056 aut
569 4000 810 4056 colentes
841 4002 1001 4056 sunt?
1024 4001 1131 4057 Sed
1164 4012 1320 4071 putas
1352 4006 1478 4075 quia
1508 4007 1609 4061 iste
1635 4008 1780 4062 solus

192 4093 398 4147 exstitit
420 4094 542 4148 talis
564 4093 587 4146 3
616 4108 794 4147 nonne
816 4102 872 4147 et
900 4094 1187 4149 citharista
1226 4097 1315 4150 ille
1340 4096 1641 4152 honestus?
1673 4099 1779 4169 pri-

193 4197 283 4238 mo
314 4184 532 4253 quidem
564 4200 661 4239 cur
689 4184 999 4239 citharistas
1027 4186 1159 4240 deos
1186 4202 1474 4256 ponamus,
1506 4188 1632 4257 quia
1677 4189 1778 4242 ista

191 4273 345 4329 decet
376 4276 655 4329 harmonia
688 4276 928 4331 decora?
966 4278 1069 4331 ista
1117 4279 1262 4333 enim
1300 4289 1384 4333 est
1434 4280 1525 4335 illa
1569 4280 1623 4335 in
1669 4296 1775 4352 qua

190 4365 458 4436 Olympias
485 4382 499 4419 :
527 4365 810 4420 harmonia
834 4376 1014 4422 autem
1042 4368 1127 4421 illa
1158 4378 1242 4423 est
1269 4384 1413 4433 vera,
1448 4372 1503 4425 in
1533 4386 1639 4441 qua
1669 4386 1778 4427 cte-

190 4457 304 4513 lum
342 4466 446 4522 est,
489 4466 543 4513 et
580 4467 723 4512 terra
759 4468 841 4513 est
874 4460 1069 4527 posita,
1113 4476 1266 4516 mare
1298 4463 1532 4532 adiacet,
1582 4472 1638 4519 et
1683 4478 1779 4520 aer

190 4558 276 4605 est
300 4550 658 4620 compositus,
688 4560 742 4605 et
780 4554 1084 4621 percutitur
1121 4556 1434 4610 consensio.
1482 4554 1602 4611 Non
1629 4557 1774 4613 enim

189 4639 341 4713 pellit
367 4656 519 4696 mare
552 4651 753 4696 terram
800 4652 1023 4712 propter
1053 4644 1398 4699 harmoniam
1444 4663 1458 4698 :
1505 4662 1614 4701 non
1663 4663 1772 4705 nos

190 4738 297 4792 diei
325 4736 453 4791 facit
473 4738 601 4801 vim,
624 4752 732 4792 non
758 4737 1077 4806 permittunt
1096 4740 1241 4792 enim
1274 4738 1417 4795 illius
1450 4740 1769 4796 harmonim.

191 4830 401 4895 Dicitis,
427 4830 620 4884 caelum
644 4829 911 4884 mnsentit
934 4831 1019 4885 his
1038 4846 1158 4901 qua
1174 4831 1425 4895 deorsum
1456 4842 1603 4889 sunt.
1630 4835 1774 4889 Tan-

190 4930 303 4976 tum
334 4919 477 4975 enim
506 4919 732 4987 praebuit
762 4919 814 4974 in
840 4933 905 4975 eo
938 4919 1017 4975 sol
1049 4921 1279 4989 positus,
1322 4932 1586 4991 quantum
1626 4933 1773 4980 esset

191 5012 321 5067 utile
342 5012 555 5080 parari;
581 5022 637 5065 et
664 5020 871 5064 tantum
901 5012 1167 5079 accendit,
1194 5024 1458 5082 quantum
1485 5024 1604 5071 erat
1636 5031 1769 5072 con-

189 5104 450 5169 veniens;
483 5113 538 5159 et
567 5104 741 5173 pergit
772 5111 828 5157 et
861 5103 1020 5167 redit,
1066 5114 1126 5159 ut
1154 5120 1331 5175 neque
1366 5106 1652 5163 abundans
1682 5109 1770 5163 in-

190 5196 441 5251 cendium
460 5202 712 5249 exureret
744 5194 961 5261 omnia;
992 5208 1164 5263 neque
1195 5197 1388 5251 iterum
1414 5198 1460 5252 si
1488 5208 1772 5255 transcen-

190 5287 362 5349 deret,
401 5283 600 5355 frigore
638 5285 879 5354 perirent
922 5284 1199 5341 universa.
1235 5286 1340 5341 Sed
1365 5298 1421 5343 et
1451 5304 1773 5347 communes

192 5374 489 5429 harmonia:
521 5383 577 5429 et
600 5374 848 5444 partibus
877 5376 1085 5441 divisa,
1115 5377 1257 5431 sicut
1282 5378 1431 5433 brevi
1463 5378 1633 5433 silura
1657 5395 1773 5434 ma-

190 5463 305 5535 iora
351 5465 587 5532 cuidam,
636 5466 755 5520 alia:
802 5466 951 5521 siluri
983 5481 1185 5521 canore
1213 5468 1583 5524 consentiens.
1626 5468 1773 5524 Istud

193 5570 343 5611 mare
371 5570 625 5627 magnum
671 5567 727 5613 et
781 5559 1100 5627 spatiosum,
1143 5559 1295 5628 cujus
1336 5556 1528 5613 ﬂuctus
1564 5559 1769 5613 ecelum

192 5647 428 5717 pulsant,
469 5657 630 5703 terra
656 5648 917 5703 terminos
944 5661 1053 5701 non
1084 5649 1494 5703 transcendunt.
1536 5647 1643 5712 Sed
1678 5662 1765 5702 ne-

194 5865 245 5923 p‘
263 5782 376 5855 (65)
407 5782 503 5842 Ms.
534 5781 762 5839 Oranss.
795 5780 905 5839 Vos
931 5781 1115 5842 Graeca
1142 5786 1390 5857 οὐρανός,
1414 5784 1607 5841 Latine
1631 5786 1766 5841 scri-

248 5873 304 5908 {l-

248 5873 304 5908 {l-

1890 3356 2221 3426 gnitudines,
2270 3358 2541 3423 dentium,
2580 3373 2869 3425 cornuum,
2916 3360 3246 3430 quibusdam
3291 3371 3347 3417 et
3380 3377 3489 3419 non

1889 3457 2015 3502 sunt
2042 3462 2265 3502 cornua.
2300 3447 2436 3501 Aliis
2484 3448 2583 3516 pili
2622 3458 2771 3515 sunt,
2815 3457 2869 3504 et
2925 3449 3227 3517 cujusmodi
3281 3450 3487 3521 capilli,

1889 3555 2097 3609 ungues
2129 3551 2185 3595 et
2215 3540 2522 3610 cuiusmodi
2564 3556 2796 3611 ungues,
2842 3557 3035 3612 pennae
3066 3552 3121 3598 et
3150 3544 3347 3599 iterum
3379 3560 3489 3601 non

1896 3647 2107 3702 penum,
2139 3644 2196 3688 et
2233 3634 2287 3687 in
2322 3634 2501 3702 aquis,
2522 3642 2578 3688 et
2604 3634 2657 3688 in
2691 3649 2837 3700 aere,
2866 3645 2921 3690 et
2951 3638 3004 3689 in
3041 3636 3203 3702 mari,
3226 3646 3282 3690 et
3306 3638 3359 3691 in
3386 3638 3490 3693 ﬂu-

1889 3724 2019 3788 viis,
2072 3731 2127 3777 et
2164 3723 2217 3777 in
2257 3715 2522 3787 fontibus,
2578 3732 2634 3779 et
2670 3724 3087 3781 innumerabilia
3138 3742 3259 3796 qua;
3292 3740 3489 3784 exsur-

1886 3822 2038 3892 gunt,
2070 3828 2175 3867 una
2206 3822 2387 3868 tamen
2416 3822 2500 3868 est
2528 3814 2832 3869 harmonia.
2855 3812 2991 3869 Cum
3022 3814 3170 3869 enim
3208 3830 3364 3871 suam
3392 3832 3488 3875 ac-

1885 3906 2130 3960 cenderit
2164 3905 2467 3970 lucernam,
2514 3921 2639 3961 cum
2688 3922 2845 3961 suum
2874 3907 3083 3963 scilicet
3126 3909 3333 3966 oraviis
3364 3909 3487 3983 (οδ)

1885 3996 2047 4051 fuerit
2082 3997 2278 4065 solem,
2312 4014 2435 4053 cum
2466 4014 2495 4051 a
2527 4000 2723 4055 finibus
2746 4000 2977 4056 orientis
3004 4001 3167 4057 simul
3214 4002 3285 4059 ad
3323 4018 3476 4062 ocea-

1884 4102 2005 4142 sum
2056 4092 2425 4146 transmiserit
2472 4090 2691 4159 lumen;
2752 4107 2915 4147 omne
2962 4104 3212 4150 movetur
3255 4095 3482 4165 animal,

1883 4181 2305 4250 unumquodque
2348 4182 2412 4234 ad
2442 4183 2587 4252 quod
2617 4183 2665 4237 ei
2695 4192 2890 4238 natura
2916 4193 3024 4239 est.
3058 4185 3125 4239 Et
3148 4201 3331 4243 mensa
3358 4189 3484 4259 qui-

1883 4268 2004 4321 dem
2036 4270 2341 4323 communis
2368 4282 2452 4325 est
2483 4271 2661 4339 plena,
2706 4282 2761 4325 et
2799 4272 2946 4326 aliud
2973 4272 3176 4327 animal
3214 4274 3283 4328 ad
3316 4273 3484 4331 aliaut

1881 4368 2135 4429 properat
2161 4375 2364 4424 escam,
2391 4360 2537 4416 aliud
2567 4362 2697 4418 alibi
2724 4363 2963 4427 devitat;
2993 4375 3047 4420 et
3076 4380 3198 4433 quae
3225 4365 3335 4421 illis
3371 4366 3483 4422 uti-

1881 4450 1952 4506 lia
1990 4468 2095 4506 non
2118 4460 2266 4518 sunt,
2306 4452 2428 4509 aliis
2485 4454 2866 4509 convenientia
2922 4454 3214 4510 habentur.
3261 4454 3485 4512 Eiciuttt

1881 4542 1993 4614 (66)
2017 4544 2409 4600 irrationabilia
2450 4561 2550 4616 per
2594 4548 2897 4602 istiusmodi
2930 4548 3272 4602 harmoniam
3307 4548 3481 4604 addu-

1879 4649 1989 4705 cta,
2029 4640 2154 4709 quis
2188 4639 2304 4711 (67)
2333 4640 2530 4695 debeat
2558 4648 2800 4709 gustare,
2829 4650 2884 4695 et
2908 4654 3030 4709 qua
3063 4638 3255 4695 debeat
3278 4639 3472 4707 vitare,

1879 4743 1933 4789 et
1963 4748 2085 4788 cum
2126 4732 2321 4802 quibus
2350 4732 2688 4787 conversari.
2716 4729 2825 4785 Ista
2857 4730 3060 4786 decens
3104 4730 3215 4787 Deo
3260 4732 3478 4789 harmo-

1882 4834 1970 4889 nia
2000 4842 2107 4895 est,
2136 4845 2230 4901 per
2257 4845 2419 4900 quam
2449 4828 2532 4884 sel
2566 4837 2802 4883 statutus
2826 4829 2894 4883 ad
2925 4842 3145 4883 cursum
3174 4837 3282 4895 est,
3310 4838 3366 4884 et
3389 4828 3476 4885 lu-

1882 4940 1952 4980 na
1987 4926 2054 4979 ad
2079 4924 2457 4986 crescendum,
2484 4932 2541 4978 et
2565 4921 2737 4976 stellae
2766 4925 2834 4975 ad
2856 4922 3058 4990 spatia.
3094 4918 3258 4975 Istam
3281 4936 3477 4989 percu-

1880 5020 1947 5071 tit
1978 5031 2075 5085 per
2095 5015 2211 5069 dies
2238 5024 2293 5075 et
2322 5026 2527 5076 noctes,
2559 5011 2829 5083 siquidem
2856 5020 2912 5066 et
2935 5009 3269 5067 dormientes
3291 5022 3475 5082 auget,

1877 5114 1934 5159 et
1987 5102 2347 5159 elﬁcientibus
2381 5104 2590 5159 otiosus
2643 5116 2751 5157 non
2794 5109 2902 5157 est.
2957 5100 3025 5156 Et
3069 5101 3215 5177 Deus
3252 5094 3472 5173 quidem

1877 5196 2037 5251 istam
2063 5195 2179 5250 sine
2204 5196 2388 5265 digitis
2408 5203 2464 5250 et
2487 5194 2675 5250 labore
2704 5192 2941 5267 percutit
2965 5193 3307 5249 harmoniam
3336 5213 3350 5250 :
3378 5194 3471 5253 ille

1877 5298 2056 5342 autem
2107 5287 2199 5357 qui
2228 5287 2387 5342 ﬂetus
2417 5294 2473 5342 et
2499 5299 2609 5341 non
2642 5286 2779 5341 deus
2802 5294 2909 5352 est,
2939 5286 3139 5356 accipit
3179 5287 3469 5358 virginem.

1876 5376 1921 5433 Ο
1952 5375 2234 5446 iniuriam!
2272 5375 2439 5447 Virgo
2464 5379 2534 5432 ob
2566 5376 2882 5447 pudicitiam
2910 5375 3048 5447 fugit
3077 5387 3094 5431 :
3122 5377 3254 5433 deus
3284 5388 3470 5434 autem

1877 5468 1969 5537 qui
1998 5468 2220 5533 dicitur,
2253 5468 2325 5523 ob
2352 5452 2594 5523 amorem
2633 5467 2872 5524 libidinis
2901 5467 3231 5539 insequitur,
3272 5478 3327 5523 et
3360 5485 3467 5525 non

1878 5562 2309 5629 comprehendit.
2342 5560 2653 5616 Velociores
2679 5562 2827 5617 enim
2866 5560 3031 5630 pedes
3061 5558 3215 5616 fuere
3240 5562 3472 5632 virginis

1881 5649 2156 5719 pudicitia
2196 5664 2293 5718 per
2322 5648 2679 5715 voluntatem,
2706 5664 2871 5720 quam
2909 5648 3000 5706 ille
3039 5650 3130 5721 qui
3167 5664 3198 5705 a
3245 5649 3471 5709 libidine

1948 5756 2062 5857 (ὀρ)
2097 5785 2329 5857 ξὶεὶιηιι,
2357 5786 2538 5848 Forte.
2556 5795 2605 5840 et
2626 5786 2819 5841 sciunt.

1947 5854 2061 5931 (07)
2093 5854 2249 5925 Quis.
2286 5856 2449 5916 Forte
2474 5874 2614 5930 qua,
2645 5857 2727 5913 vel
2751 5856 2900 5929 quid.
