4000 6406
568 390 703 446 “59

1242 374 1506 429 EUSEBII
1544 364 2019 426 CACSARIENSIS
2058 361 2207 416 OPP.
2244 356 2422 413 PARS
2460 355 2636 410 iV.-——
2666 349 3087 407 DOGMATICA.

3693 340 3823 397 {160

566 506 856 563 dissolutus
882 510 983 557 est.
1052 500 1151 566 Qui
1177 497 1414 555 ambulat
1446 495 1669 554 sensim,
1698 489 1786 559 qui
1819 501 2009 557 passus
2037 499 2125 539 εει
2162 495 2203 549 Α
2238 479 2647 535 fornicationem
2688 472 2799 566 (68)
2829 473 3127 526 insecutam
3162 466 3403 566 quidem,
3438 480 3549 519 non
3577 478 3825 566 compr

562 598 757 667 jungit,
797 598 899 649 iste
934 606 1074 647 nunc
1105 589 1364 645 festinans
1397 602 1499 643 non
1533 580 1939 650 comprehendit
1969 577 2132 646 virgi-

568 703 687 743 nem
718 701 733 741 :
760 684 921 753 pedes
951 682 1095 735 enim
1137 694 1166 733 a
1222 678 1443 732 libidine
1492 672 1756 733 dissoluti,
1791 685 1890 725 nec
1949 668 2135 722 molles

566 777 791 846 virginis
823 788 1015 843 passus
1051 768 1511 838 comprehendere
1557 770 1869 847 potuerunt,
1902 760 1996 812 sed
2039 772 2132 827 pa-

567 885 686 923 rum
737 867 864 936 quid
909 874 961 919 et
1007 864 1293 933 pervenit:
1326 860 1445 914 talis
1484 872 1670 912 eorum
1711 856 1865 917 deus,
1908 862 1961 906 et
2002 856 2137 906 bene

570 957 1029 1023 comprehendens
1067 964 1152 1010 est
1196 953 1445 1009 columba
1489 952 1557 1006 ab
1598 948 1855 1017 accipitre
1884 946 2133 1000 musico:

570 1051 664 1107 sed
698 1059 863 1111 terra,
888 1048 1084 1116 inquit,
1117 1046 1359 1109 miserta,
1392 1041 1675 1098 humanior
1704 1040 1795 1093 tali
1823 1052 2009 1091 eorum
2038 1038 2140 1091 deo

569 1146 710 1208 visa,
742 1140 1021 1196 transtulit
1041 1152 1161 1191 eam
1200 1134 1265 1190 ad
1296 1135 1527 1187 laurum.
1561 1130 1626 1185 Et
1650 1129 1790 1184 forte
1818 1127 2007 1182 maluit
2035 1126 2143 1179 vir-

569 1252 639 1304 go
669 1236 873 1305 lignum
912 1233 1051 1294 lieri,
1087 1246 1247 1304 quam
1286 1245 1316 1282 a
1364 1228 1457 1283 tali
1487 1240 1676 1282 eorum
1706 1223 1807 1278 deo
1844 1221 2139 1288 corrumpi.

571 1329 664 1383 Ille
693 1335 875 1381 autem
907 1325 1000 1395 qui
1031 1329 1224 1392 praeter
1257 1334 1405 1388 spem
1434 1334 1462 1371 a
1500 1317 1592 1370 tali
1621 1314 1905 1369 venatione
1935 1312 2145 1366 decide-

573 1428 679 1483 rat,
706 1416 893 1471 videns
927 1414 1187 1484 virginem
1214 1411 1271 1465 in
1300 1410 1550 1463 arborem
1576 1419 1921 1468 conversam,
1972 1416 2145 1469 neque

573 1511 927 1565 conversione
977 1504 1235 1560 confusus
1271 1511 1374 1567 est,
1428 1513 1603 1569 neque
1637 1498 1897 1552 translata
1950 1508 2147 1551 natura

575 1598 846 1652 transtulit
875 1606 923 1651 et
950 1610 1188 1650 amorem
1220 1613 1233 1649 :
1261 1594 1354 1648 sed
1379 1591 1553 1646 adhuc
1584 1589 1797 1644 fervens
1818 1602 2021 1651 amore,
2052 1586 2147 1640 ad-

575 1689 682 1744 huc
706 1688 899 1742 ardens
925 1684 1389 1754 concupiscentia,
1418 1681 1762 1751 amplectitur
1788 1680 2059 1742 arborem,
2097 1688 2150 1733 et

2241 572 2463 626 hcnsam
2485 578 2689 626 autem.
2719 565 2893 617 adhuc
2926 574 3096 629 usque
3123 556 3512 619 accusabilem,
3534 564 3595 609 et
3624 554 3828 622 ﬁngunt

2241 665 2294 717 in
2326 660 2651 721 simulacris,
2710 666 2765 710 et
2813 656 3042 724 pingunt
3088 652 3138 704 in
3188 651 3514 721 parietibus.
3562 647 3675 702 Sed
3706 646 3830 713 quid

2241 754 2370 809 mihi
2395 761 2451 805 et
2479 752 2596 805 istis
2620 751 2740 804 est?
2766 746 3365 815 Revertere,lingua,et
3385 740 3517 796 audi
3536 739 3830 810 psalmum.

2240 863 2273 902 ο
2301 847 2478 901 anima
2501 863 2513 899 :
2534 840 3058 907 Convertere,anima
3088 837 3312 900 mea,ad
3339 836 3569 903 quietem
3600 842 3752 883 tuam
3769 828 3834 879 “.

2241 939 2382 1006 Quid
2431 936 2563 992 mihi
2600 946 2684 990 est
2711 950 2808 991 eos
2845 933 2937 1002 qui
2968 932 3102 989 foris
3133 937 3261 986 sunt
3295 926 3589 996 judicare?
3629 921 3839 979 Sullicit

2242 1032 2321 1089 eis
2354 1031 2478 1101 quia
2510 1030 2563 1083 in
2596 1029 2682 1084 his
2709 1028 3045 1081 volutantur.
3084 1023 3312 1081 Cessent
3349 1020 3417 1077 de
3458 1019 3700 1093 opificiis
3733 1032 3837 1071 non

2247 1125 2383 1179 bene
2448 1120 2687 1183 sentire;
2745 1117 2991 1173 fruentes
3044 1116 3189 1172 enim
3247 1113 3503 1182 opificia,
3562 1109 3709 1165 male
3776 1109 3839 1163 de

2244 1212 2479 1285 Opiﬂciis
2544 1211 2808 1273 sentiunt,
2858 1218 2915 1264 et
2945 1210 3184 1278 ipsorum
3241 1205 3560 1260 Creatorem
3620 1202 3841 1272 injuriis

2252 1315 2460 1377 petunt.
2519 1302 2645 1359 Sint
2703 1312 2761 1355 ut
2818 1301 3023 1365 volunt,
3081 1309 3137 1355 et
3193 1308 3339 1354 certe
3406 1296 3531 1355 nolo
3595 1307 3842 1351 eosesse

2246 1406 2307 1453 ut
2367 1396 2577 1450 volunt.
2613 1393 2807 1449 Noster
2867 1403 3048 1447 autem
3103 1406 3285 1447 sermo
3343 1390 3515 1460 fugiat
3568 1396 3839 1459 quantum

2252 1496 2431 1558 potest
2478 1486 2691 1540 illorum
2743 1484 2993 1547 fetorem,
3036 1484 3161 1552 quia
3209 1482 3350 1552 apud
3401 1482 3549 1550 ipsos
3595 1487 3731 1534 sunt
3782 1478 3845 1531 I-

2248 1590 2488 1650 gmenta,
2522 1578 2735 1643 fabulae,
2762 1576 3075 1639 simulacra,
3100 1574 3391 1636 adulteria,
3420 1572 3841 1633 fornicationes,

2250 1672 2488 1743 sanguis,
2518 1670 2746 1740 lapides,
2782 1668 2954 1740 ligna,
2987 1668 3280 1732 damones,
3316 1666 3618 1728 nuditales,
3664 1663 3844 1731 turpi-

576 1779 816 1848 decerpit
849 1792 915 1831 es
950 1777 1037 1830 illa
1065 1752 1184 1846 qua:
1233 1776 1345 1847 jam
1395 1790 1499 1829 non
1541 1782 1663 1829 erat
1692 1775 1866 1843 virgo.
1914 1772 2059 1833 folia,
2094 1779 2150 1825 et
2254 1765 2483 1826 tudines,
2513 1760 2740 1816 dicenda
2783 1768 2839 1815 et
2889 1773 2996 1813 non
3057 1756 3282 1848 dicenda
3307 1754 3572 1848 occulta.
3605 1752 3848 1848 Fugiens

577 1844 857 1921 confessus
885 1844 1171 1920 victoriam
1204 1844 1404 1920 victum
1437 1880 1590 1920 suum
1615 1872 1840 1919 coronat
1866 1875 2043 1931 caput,
2080 1864 2139 1917 ti-

2266 1862 2432 1908 tutem
2487 1850 2634 1915 inde,
2677 1858 2805 1922 agat
2850 1850 3055 1920 gratias
3106 1847 3180 1915 ei,
3226 1846 3318 1918 qui
3366 1860 3426 1901 se
3472 1844 3737 1899 liberavit
3779 1845 3850 1897 ab

580 1959 746 2020 tulum
795 1966 981 2025 utpote
1037 1958 1092 2011 in
1149 1971 1345 2011 corona
1392 1950 1599 2011 libidini
1640 1970 1753 2010 sua:
1791 1958 2147 2009 constituens.
2253 1940 2583 1996 i$|i05m0di-
2620 1939 2738 1994 Ετίι
2782 1941 2929 1993 enim
2988 1939 3161 2008 Emia
3214 1936 3434 2005 “Pl”:
3495 1934 3629 2004 ειυίτι
3671 1942 3731 1987 εί
3784 1932 3849 1985 ιδ’

580 2045 689 2100 Sed
716 2046 856 2105 forte
882 2048 1125 2117 quaedam
1162 2058 1316 2115 poeta
1344 2047 1521 2102 facilis
1559 2057 1613 2102 et
1646 2046 2041 2102 inconsiderate
2073 2046 2153 2101 lo-

2266 2037 2465 2088 beravit
2509 2046 2539 2086 a
2565 2031 2729 2095 falsis,
2781 2039 2837 2086 et
2861 2031 2927 2085 ad
2964 2046 3088 2085 vera
3121 2030 3365 2085 adduxit.
3399 2028 3650 2083 Liberali
3684 2026 3849 2117 igitur

580 2157 753 2211 quens
798 2115 1059 2196 mentitus
1094 2141 1160 2198 de
1175 2142 1276 2196 diis
1302 2152 1384 2196 est
1400 2141 1545 2208 talia,
1568 2150 1740 2196 etnon
1766 2148 1851 2193 est
1880 2140 2154 2195 insecutus

2266 2124 2324 2178 Ib
2352 2123 2459 2187 his,
2493 2131 2549 2176 et
2576 2121 2720 2193 digni
2752 2120 2979 2189 iudicati
3019 2121 3171 2175 estis.
3235 2119 3346 2174 Deo
3376 2133 3487 2173 non
3529 2127 3667 2173 nato
3701 2115 3850 2171 Patri

582 2209 841 2302 virginem
866 2232 1166 2290 citharista.
1194 2230 1332 2300 Quid
1362 2230 1537 2287 adhuc
1566 2246 1736 2300 usque
1768 2233 1819 2285 in
1843 2231 2149 2290 simulacris

2266 2228 2351 2286 per
2395 2230 2559 2268 unum
2612 2212 2951 2284 unigenitum
3001 2227 3157 2268 suum
3207 2209 3403 2265 Filium
3459 2225 3591 2265 cum
3640 2209 3851 2279 Spiritu

580 2337 645 2375 es
687 2324 785 2375 ista
821 2324 1010 2377 arbore
1034 2334 1345 2389 coronatur,
1386 2330 1445 2376 ut
1473 2331 1663 2391 putant
1701 2321 1917 2392 quidem
1958 2323 2027 2375 ob
2063 2323 2155 2376 ho.

2267 2314 2455 2359 sancto
2481 2305 2751 2372 sitgloria,
2772 2304 2961 2366 honor,
2985 2303 3290 2373 imperium,
3306 2302 3589 2369 maiestas.
3609 2311 3670 2357 et
3684 2316 3850 2363 nunc.

584 2413 802 2472 norem?
850 2414 908 2471 Si
942 2425 1122 2474 autem
1153 2415 1325 2471 honor
1363 2423 1451 2473 est
1487 2414 1897 2469 fornicationem
1947 2413 2151 2469 laudari
2260 2407 2315 2452 ει
2342 2412 2574 2467 θθηῬθτν
2618 2406 2673 2451 εί
2702 2412 2796 2467 Per
2823 2398 3002 2450 omnia
3030 2395 3223 2453 mu"
3266 2394 3615 2450 ηενιοΐυω·
3648 2396 3850 2449 Amen-

594 2640 806 2653 ψ-

1547 2806 2109 2923 EUSEBII
2191 2810 2884 2929 PAMPHILI

643 3039 931 3131 ITEM
980 3041 1128 3128 DE
1172 3037 1328 3133 EO
1372 3040 1709 3147 QUOD
1764 3043 2072 3133 DEUS
2122 3044 2511 3135 PATER
2575 3046 3475 3141 lNCORPORALIS
3544 3052 3808 3178 EST,

1894 3233 2130 3295 LIBER
2170 3233 2512 3306 QUINTUS

663 3552 1005 3623 Quaecunque
1035 3568 1099 3607 es
1130 3552 1363 3622 cogitatu
1398 3553 1595 3606 debent
1626 3552 1803 3621 colligi
1859 3562 1914 3607 et
1964 3556 2162 3623 requiri
2193 3566 2235 3623 ο
2273 3556 2504 3625 lingunt,
2551 3567 2606 3611 et
2651 3572 2754 3611 non
2806 3558 2976 3612 solum
3030 3560 3082 3615 in
3118 3562 3332 3639 templis
3362 3571 3419 3618 et
3443 3565 3766 3624 simulacris
3811 3566 3863 3628 ei

595 3646 681 3703 vel
721 3646 1002 3710 exhiberi,
1038 3644 1164 3713 quia
1208 3644 1565 3711 incorporalis
1596 3653 1676 3698 est
1724 3645 1817 3699 Dei
1858 3655 2076 3709 natura,
2113 3655 2167 3699 et
2274 3649 2595 3719 imaginibus
2617 3652 2985 3721 depinguntet
3010 3653 3260 3722 ﬁgurant,
3292 3656 3385 3710 sed
3409 3665 3464 3710 et
3487 3659 3671 3725 ipsum
3702 3676 3860 3731 quem

592 3737 705 3807 iam
729 3739 774 3793 si
809 3751 913 3792 non
942 3746 1206 3805 quantum
1254 3750 1339 3790 res
1390 3736 1505 3803 ipsa
1538 3737 1782 3804 deposcit
1808 3735 1942 3809 (69),
1984 3747 2166 3792 tamen

597 3838 860 3900 quantum
894 3827 959 3881 ad
993 3835 1229 3880 nostram
1259 3826 1509 3893 pervenit
1558 3827 1838 3893 virtutem,
1868 3830 2040 3897 magis
2073 3845 2170 3882 an-

600 3932 709 3977 tem
739 3928 999 3989 quantum
1052 3916 1401 3971 imbecillitati
1460 3915 1631 3986 gratia
1663 3919 2037 3983 donavit,'ista
2077 3936 2173 3990 per

603 4012 797 4066 multos
826 4010 1127 4078 praeteritos
1156 4018 1209 4061 et
1233 4009 1590 4061 adunavimus
1618 4009 1755 4073 dies,
1809 4019 1865 4063 et
1922 4012 2174 4065 tractavi-

601 4118 723 4158 mus
746 4104 797 4157 in
828 4117 1132 4157 commune.
1172 4099 1237 4153 Et
1266 4100 1311 4153 si
1343 4101 1463 4169 quis
1493 4102 1731 4171 pervidit
1779 4112 1871 4155 aut
1912 4102 2177 4157 intellexit

598 4203 695 4248 aut
728 4195 992 4258 meminit,
1039 4193 1237 4246 nullam
1287 4192 1398 4261 jam
1444 4193 1609 4247 habet
1659 4192 2052 4249 dubitationem
2110 4195 2177 4247 de

606 4286 693 4339 illa
724 4296 913 4339 natura
946 4300 1050 4354 qua
1079 4284 1402 4351 incurporali
1437 4284 1716 4338 decretum
1759 4294 1840 4338 est
1868 4299 1881 4334 :
1916 4287 2009 4339 sed
2041 4284 2180 4338 forte

604 4376 772 4433 multa
804 4375 892 4429 illa
944 4376 1250 4429 sollicitudo
1282 4390 1401 4442 quae
1438 4388 1535 4444 per
1566 4374 1850 4444 cogitatus-
1888 4376 2175 4444 processit,

604 4470 671 4525 ad
703 4470 860 4522 aliam
886 4470 1171 4538 quamdam
1208 4468 1569 4535 suSpicionem
1605 4467 1891 4522 nonnullos
1926 4468 2174 4521 adducet.

606 4560 856 4616 Dicentes
883 4560 1023 4612 enim
1051 4560 1138 4626 qui
1168 4559 1355 4611 volunt
1383 4568 1693 4626 pervertere
1724 4565 1896 4623 recta,
1931 4558 2055 4627 quia
2089 4572 2180 4611 co—

604 4657 805 4723 gitatus
832 4653 1043 4721 quidem
1078 4652 1203 4705 boni
1252 4658 1307 4704 et
1343 4653 1495 4713 veri,
1542 4660 1597 4704 et
1638 4651 1821 4705 decori
1854 4660 1909 4704 et
1948 4651 2081 4705 recti
2115 4652 2180 4704 de

608 4748 715 4801 Deo
740 4755 866 4800 sunt
902 4756 956 4797 et
979 4745 1278 4808 habentur;
1312 4742 1607 4812 Scriptura:
1637 4756 1815 4797 autem
1842 4744 1925 4797 his
1950 4745 2106 4799 bonis
2128 4754 2183 4798 et

2273 3743 2523 3795 videntur
2561 3745 2957 3815 incorporalem
3001 3746 3181 3799 dicere
3230 3746 3421 3807 Deum.
3453 3762 3523 3803 ex
3559 3752 3737 3807 corde
3772 3755 3863 3809 liu-

2274 3845 2460 3902 gentes
2497 3836 2827 3904 producunt.
2878 3834 3033 3893 Unde
3078 3848 3133 3893 et
3166 3839 3212 3892 is
3251 3840 3342 3908 qui
3382 3844 3526 3910 apud
3565 3858 3668 3899 eos
3716 3858 3865 3902 actor

2275 3936 2514 3994 putatur,
2554 3929 2693 3997 apud
2722 3929 2861 3983 alios
2897 3932 3180 3985 creditur:
3206 3932 3334 4002 quia
3365 3934 3513 3987 enim
3543 3935 3592 3991 is
3635 3940 3733 4006 qui
3765 3951 3865 4004 est,

2278 4024 2493 4089 agnitus
2529 4037 2632 4075 non
2665 4032 2747 4077 est
2776 4024 2843 4077 ab
2876 4022 3103 4089 iisdem,
3145 4024 3285 4079 fama
3339 4036 3519 4081 autem
3563 4028 3634 4082 ad
3681 4045 3786 4086 eos
3819 4033 3863 4086 in

2279 4116 2586 4170 novissimis
2622 4118 2867 4186 pervenit
2894 4120 3226 4189 temporibus
3253 4130 3467 4186 ;tamen
3489 4137 3556 4177 ex
3588 4126 3866 4183 auditione

2280 4204 2471 4277 Moysi,
2500 4208 2625 4277 quia
2656 4208 2855 4264 famam
2874 4211 2941 4265 de
2969 4227 3076 4266 uno
3112 4213 3241 4277 Deo,
3267 4223 3320 4268 et
3340 4215 3456 4283 ipso
3479 4214 3753 4274 Creatore
3776 4237 3867 4276 au-

2280 4300 2517 4365 dierant,
2559 4304 2650 4371 qui
2690 4304 2741 4357 in
2792 4305 2976 4359 multis
3015 4307 3227 4362 saeculis
3279 4308 3491 4377 opiﬁcia
3550 4310 3868 4370 intermisso

2280 4391 2539 4447 Creatore
2590 4394 2995 4463 adoraverunt;
3061 4398 3202 4451 alius
3256 4399 3402 4453 aliud
3454 4405 3864 4470 nuncupatione

2281 4483 2552 4553 suggessit
2578 4484 2643 4538 de
2669 4498 2735 4538 eo
2758 4500 2918 4559 quem
2946 4489 3267 4552 audierant;
3302 4490 3373 4543 ita
3400 4499 3457 4544 ut
3483 4491 3711 4559 quidam
3733 4498 3865 4551 scri-

2283 4575 2470 4627 bentes
2507 4577 2759 4645 praecepti
2803 4579 2913 4632 sint
2939 4593 3004 4633 ex
3033 4582 3254 4635 nomine
3286 4582 3401 4639 solo
3437 4584 3738 4653 imaginem
3787 4590 3866 4645 de-

2283 4664 2542 4729 scribere,
2567 4682 2671 4720 non
2700 4669 2957 4733 hominis,
2991 4670 3235 4740 inquam,
3272 4683 3368 4728 aut
3424 4674 3658 4732 alterius
3684 4681 3867 4748 cujuk

2283 4770 2496 4824 cunque
2520 4767 2691 4812 status
2719 4759 2858 4829 (70),
2903 4763 2995 4816 sed
3046 4763 3367 4832 simpliciter
3400 4770 3862 4837 nuncupationem

608 4838 766 4891 70¢"?!
789 4836 1112 4904 εοείιιιιίιιιιδ
1139 4850 1243 4888 ηοη
1271 4834 1633 4933 οουδεηιξυηῑν
1662 4836 1755 4888 sed
1788 4834 1962 4904 magis
1991 4850 2085 4904 Per
2115 4849 2176 4889 ea
2214 4919 2255 4933 Ἀ
2286 4863 2348 4899 ex
2371 4847 2530 4905 fama.
2550 4849 2778 4906 Necesse
2796 4853 2938 4907 enim
2957 4855 3219 4910 eratistos
3243 4858 3334 4925 qui
3358 4834 3704 4926 Scripturam
3730 4865 3865 4933 igno-

606 4944 731 4999 quas
758 4930 895 4983 dicta
936 4936 1060 4981 sunt
1106 4934 1367 4982 accusant
1406 4925 1677 4995 cogitatus
1717 4940 1878 4993 quam
1910 4942 2156 4981 common

2289 4938 2498 5000 rabant,
2528 4951 2729 4997 natura
2769 4954 2949 4997 autem
2982 4947 3268 5001 audierant
3308 4919 3782 5019 nuncupationem
3806 4958 3866 5007 de

606 5020 757 5074 dant.
784 5018 915 5072 Bm
936 5029 1111 5072 autem
1148 5017 1483 5087 prapositum
1516 5031 1620 5069 non
1655 5016 1780 5083 quid
1812 5017 2041 5073 dicimus
2069 5032 2174 5071 non

610 5110 930 5179 simpliciser
964 5113 1030 5163 de
1071 5112 1175 5162 Deo
1210 5124 1223 5159 :
1260 5113 1386 5176 quia
1447 5122 1547 5162 nec
1599 5108 1757 5163 nobis
1803 5117 1885 5162 est
1938 5119 2178 5173 potestas

611 5204 745 5256 sicut
771 5203 1059 5273 gentilibus
1086 5216 1150 5256 ex
1190 5200 1441 5255 cordede
1483 5202 1589 5255 Deo
1627 5200 1791 5269 loqui,
1837 5198 1931 5256 sed
1958 5201 2173 5271 qualem

611 5310 731 5350 cum
760 5296 1049 5363 Scriptura:
1074 5296 1439 5358 introducunt,
1462 5304 1518 5348 et
1538 5292 1750 5361 qualem
1788 5308 1846 5349 se
1878 5296 1992 5364 ipse
2019 5296 2177 5349 inter-

613 5396 873 5454 pretatur,
904 5385 1060 5438 talem
1092 5394 1308 5454 oportet
1337 5385 1536 5455 suscipi
1571 5394 1625 5437 et
1656 5384 1889 5437 adorari.
1938 5383 2177 5439 Gentiles

614 5476 753 5528 enim
778 5476 864 5543 qui
894 5476 1070 5529 omnia
1109 5480 1223 5529 ausi
1253 5488 1399 5530 sunt.
1454 5475 1637 5529 omnia
1694 5475 2083 5544 transilgurant
2119 5485 2176 5529 et

687 5590 726 5619 "
760 5591 902 5645 Psal.
938 5606 1081 5655 cstv,
1114 5592 1163 5643 7.

691 5732 797 5798 (68)
838 5732 930 5784 Ms.
964 5733 1171 5785 laudari
1204 5734 1618 5800 fornicationem.

691 5805 795 5873 (b9)
830 5803 922 5855 )ls.
960 5800 1133 5859 Euam
1166 5803 1208 5857 si
1240 5820 1335 5856 non
1366 5818 1615 5871 quantum
1643 5822 1719 5858 res
1746 5821 1856 5858 tnta
1883 5804 2130 5873 deposcit.

2287 5028 2573 5098 incognito,
2618 5032 2775 5087 aliter
2812 5045 2995 5088 autem
3036 5046 3089 5091 et
3121 5038 3348 5093 alterum
3385 5040 3550 5096 aliter
3582 5058 3652 5099 ex
3705 5046 3867 5099 corde

2286 5120 2506 5189 lingere,
2529 5126 2887 5182 aestimatione
2919 5132 3119 5200 quippe
3145 5132 3210 5187 de
3236 5148 3301 5187 eo
3322 5149 3485 5205 Quem
3521 5137 3860 5204 ignorabant.

2284 5214 2475 5268 etideo
2493 5232 2587 5286 per
2616 5221 2796 5275 omnia
2821 5234 3164 5279 erraverunt.
3198 5224 3325 5280 Inde
3356 5237 3437 5281 est
3464 5236 3521 5281 ut
3556 5245 3663 5283 non
3693 5230 3863 5285 solum

2288 5306 2389 5360 sibi
2414 5306 2764 5365 dissentirent
2789 5313 2854 5367 de
2887 5312 3017 5381 Deo,
3046 5317 3137 5370 sed
3166 5328 3221 5370 et
3246 5319 3697 5375 adversarentur.
3742 5322 3868 5390 Qui.

2288 5399 2410 5483 dam
2448 5400 2591 5453 enim
2621 5402 2751 5456 dicit
2793 5403 2919 5472 quia
2968 5409 3237 5474 providet.
3270 5408 3405 5463 alius
3426 5413 3568 5480 quod
3598 5429 3707 5468 non
3745 5431 3863 5483 pro-

2288 5480 2449 5546 videt,
2480 5492 2534 5539 et
2572 5482 2710 5540 alius
2740 5489 2865 5556 quia
2899 5504 3066 5559 usque
3088 5493 3153 5546 ad
3180 5494 3359 5548 lunam
3391 5497 3693 5565 prurideat,
3728 5480 3862 5557 alius

2364 5735 2467 5805 (70)
2500 5736 2593 5791 Ms.
2626 5739 2931 5805 cujusquam
2960 5749 3147 5794 status.
