4000 6456
241 392 269 450 ι
282 393 379 451 iSl

1051 396 1143 454 DE
1179 399 1273 458 EO
1309 399 1503 470 QUOD
1542 402 1727 461 οευε
1764 404 2000 464 PATER
2037 406 2557 472 INCORPORALIS
2593 414 2747 476 EST.

244 513 387 585 quis
417 514 478 572 in
497 509 770 573 omnibus
795 516 1071 588 providet.
1104 518 1175 576 Et
1194 521 1421 591 quidam
1455 522 1591 580 dicit
1616 525 1744 596 quia
1775 526 1863 583 in-
1886 535 1936 593 Α
1962 544 2234 601 quemque
2254 532 2585 604 prophetam
2612 536 2922 597 invenimus
2941 541 3168 609 dictum,
3187 542 3560 606 DieitDouri-

242 604 564 677 corporalis
591 613 699 673 est,
746 608 890 665 alius
912 609 1039 680 quia
1071 625 1272 683 corpus
1297 621 1404 670 est.
1438 614 1547 671 ista
1576 630 1857 673 commen-

242 696 415 754 datio
446 695 895 770 (7i)ignorantia
931 712 1019 758 est
1046 717 1261 768 eorum.
1295 706 1389 775 qui
1433 708 1685 763 nesciunt
1723 710 1855 780 quid

241 782 585 858 loquuntur.
626 787 735 845 Sed
765 790 840 846 illi
886 793 1108 862 quidem
1163 796 1451 863 audentes,
1480 809 1575 853 aut
1601 799 1765 857 aliter
1786 803 1855 858 de

241 878 373 936 Deo
392 883 710 950 sentientes,
724 899 917 943 omnes
930 899 1276 945 erraverunt.
1304 889 1416 947 Nec
1433 894 1585 952 enim
1600 911 1670 952 ex
1690 898 1855 956 corde

232 971 500 1032 humano
526 976 671 1033 Deus
695 980 925 1050 produci
953 979 1163 1049 debuit,
1205 984 1303 1039 sed
1333 999 1365 1039 a
1398 984 1510 1042 Deo
1537 988 1754 1045 edoceri
1784 993 1854 1049 de

235 1062 393 1120 Deo.
439 1061 611 1122 Nobis
634 1076 816 1124 autem
849 1084 1078 1129 necesse
1121 1081 1209 1130 est
1253 1087 1319 1130 ea
1358 1091 1586 1149 surgere
1626 1078 1745 1154 (72)
1795 1091 1855 1139 et

228 1164 519 1224 tractare,
544 1171 667 1229 qua
695 1174 763 1215 ex
802 1160 1101 1233 Scripturis
1128 1164 1425 1224 didicimus
1466 1172 1696 1240 sanctis,
1720 1174 1850 1245 quia

233 1244 619 1319 incorporalis
650 1258 732 1305 est
758 1249 920 1307 Dens.
947 1252 1057 1309 Sed
1080 1268 1189 1311 non
1230 1255 1431 1316 sumcit
1468 1244 1847 1333 pronuntiare,

226 1349 438 1408 neque
465 1340 734 1395 rationem
759 1342 1030 1412 cogitatus
1056 1343 1231 1413 adire,
1272 1347 1371 1403 sed
1395 1352 1688 1408 «undere
1714 1355 1846 1425 quia

227 1434 312 1481 et
346 1426 472 1498 ipsi,
514 1438 571 1484 et
608 1431 700 1500 qui
748 1431 803 1487 in
856 1432 1049 1489 iisdem
1095 1436 1370 1507 cogitatus
1417 1440 1709 1513 habentur,
1748 1460 1849 1517 per

220 1520 434 1575 omnia
483 1523 833 1579 wnsentiunt
872 1524 959 1581 bis
1003 1538 1127 1595 quae
1169 1525 1472 1601 Scriptura
1520 1531 1739 1594 Veteris
1790 1547 1849 1596 et

224 1607 387 1666 Novi
408 1609 753 1671 Testamenti
788 1616 855 1672 de
885 1617 995 1676 Deo
1028 1623 1386 1691 pronuntiant
1414 1641 1431 1680 :
1471 1624 1615 1685 iorte
1659 1639 1844 1687 autem

220 1709 306 1757 et
345 1710 518 1757 totum
553 1705 926 1775 suspicabitur
952 1710 1198 1780 quidam,
1234 1722 1293 1769 et
1351 1717 1720 1783 corporaliter
1784 1720 1841 1777 in

226 1794 547 1865 Scripturis
597 1797 832 1869 proferri
864 1799 1029 1857 Deum
1082 1805 1327 1875 putabit;
1383 1808 1531 1865 torte
1578 1811 1746 1867 etiam
1786 1822 1844 1869 et

1956 636 2059 676 nus
2104 622 2175 676 ad
2216 639 2315 681 me.
2375 622 2433 680 in
2473 626 2767 701 Evangelio
2816 640 2980 689 etiam
3036 652 3055 691 :
3116 634 3407 697 Desursunr
3454 658 3560 702 vos

1956 711 2102 780 facta
2130 723 2207 768 est
2220 714 2309 782 ";
2337 727 2553 788 oportet
2588 722 2732 778 enim
2758 722 3143 786 immisceriea
3169 745 3291 800 qua
3304 746 3372 789 ex
3399 732 3558 795 Novo

1955 812 2085 859 sunt
2122 803 2494 875 Testamento,
2525 808 2743 882 Veteri,
2777 830 2847 871 ne
2886 816 3084 876 iterum
3124 822 3527 899 hmreticisepa

1956 904 2099 962 rent,
2138 904 2195 953 et
2229 897 2398 955 alium
2436 901 2790 963 introducant
2839 908 3033 967 Deum.
3068 913 3337 986 Adiuncta
3366 897 3556 980 aulam

1953 987 2067 1043 sint
2099 988 2202 1045 ista
2244 1006 2312 1047 ex
2344 990 2651 1065 Scriptura,
2683 1000 2836 1057 unde
2878 1011 2936 1058 et
2978 1007 3162 1062 omnia
3197 1020 3345 1067 mota
3377 1022 3550 1071 sunt:

1952 1076 2186 1136 Factum
2210 1094 2288 1138 est
2318 1094 2499 1141 autem
2515 1088 2606 1144 die
2639 1092 2814 1159 tertio,
2850 1110 2973 1151 cuiu
2998 1113 3155 1153 mane
3176 1099 3380 1171 factum
3412 1105 3554 1177 [uis-

1950 1179 2051 1239 set,
2076 1185 2125 1228 et
2162 1174 2325 1244 facta
2351 1187 2475 1233 sunt
2499 1194 2650 1236 uoces
2673 1191 2724 1238 et
2753 1183 2994 1256 fulgura,
3035 1199 3086 1245 et
3121 1191 3280 1249 nubis
3313 1174 3548 1263 niuibus.

1947 1274 1999 1319 et
2044 1280 2204 1334 super
2246 1277 2479 1324 montem
2531 1267 2669 1327 Sina
2703 1290 2804 1330 eos:
2840 1280 2982 1335 tuba
3024 1282 3248 1340 canebat
3294 1286 3450 1345 ualde
3474 1289 3548 1349 ⁷⁵.

1951 1351 2095 1424 Ergo
2116 1362 2173 1409 et
2205 1358 2336 1413 tuba
2365 1358 2598 1417 sonabat
2622 1377 2843 1435 magna,
2881 1378 2932 1423 et
2973 1378 3220 1430 turbatus
3246 1385 3325 1431 est
3374 1380 3551 1435 omnis

1946 1446 2174 1515 populus
2194 1447 2251 1502 in
2282 1452 2498 1519 castris,
2550 1461 2604 1508 et
2649 1457 2907 1524 produxit
2954 1461 3165 1534 Moyses
3195 1467 3450 1538 populuus
3490 1473 3551 1527 in

1945 1533 2154 1592 obuiam
2179 1537 2293 1596 Deo
2332 1542 2400 1597 de
2438 1547 2657 1613 castris,
2690 1559 2949 1621 tanquam
2987 1533 3109 1625 μὴ
3134 1533 3394 1627 prasente
3432 1562 3549 1619 illic

1947 1625 2081 1695 Deo,
2106 1639 2165 1691 et
2190 1636 2464 1691 constituit
2493 1654 2582 1693 eos
2607 1641 2705 1696 sub
2734 1653 2988 1703 montem.
3020 1625 3177 1706 Mons
3206 1662 3384 1710 autent
3407 1651 3546 1714 Sina

1945 1716 2189 1807 [uetabat
2211 1734 2377 1796 totus,
2412 1744 2627 1802 propter
2647 1738 2791 1807 quod
2818 1739 3174 1799 descendisset
3196 1744 3342 1803 Deus
3382 1763 3547 1819 super

1945 1825 2067 1866 eum
2095 1806 2153 1869 in
2168 1814 2367 1887 igne”.
2395 1821 2454 1878 Si
2488 1806 2777 1885 descendit
2801 1838 2857 1885 et
2886 1831 2942 1888 in
2966 1844 3206 1892 montem
3230 1806 3541 1911 descendit,

219 1888 491 1957 parum;
514 1890 875 1961 compositum
903 1907 970 1949 ex
989 1894 1291 1967 Scripturis
1318 1901 1554 1970 putabit,
1576 1904 1838 1977 colligens
1875 1879 1919 1937 Β
1946 1908 2002 1955 et
2033 1879 2366 1966 ωοαῖἀθιηι
2415 1879 2914 1989 fumus—tanquam
2970 1922 3155 1981 fumus
3187 1924 3430 1985 fornacis
3482 1884 3541 1988 οἱ

226 1978 491 2035 membra
518 1994 641 2051 qua:
668 1980 810 2037 dicta
849 1992 996 2040 sunt.
1030 1985 1263 2058 Oportet
1290 1991 1457 2063 igitur
1480 1995 1717 2064 primum
1744 2013 1837 2054 su-

223 2069 579 2140 upicionem,
608 2087 713 2143 qua
749 2073 938 2130 dicunt
988 2076 1042 2132 in
1088 2093 1318 2151 corpore
1359 2099 1483 2140 esse
1506 2085 1700 2153 Deum,
1744 2098 1840 2145 aut

219 2172 444 2229 corpus
474 2175 619 2228 esse,
653 2162 820 2220 diseri
858 2164 996 2238 (73),
1045 2178 1107 2224 ut
1159 2176 1556 2245 apparentibus
1602 2179 1837 2238 vinculis

221 2264 569 2325 agnoscatur
610 2255 900 2314 solutionis
931 2263 1355 2333 magnificentia.
1412 2267 1608 2326 Totum
1652 2274 1836 2344 itaque

226 2343 456 2401 videtur
476 2361 673 2417 corpus
686 2347 1034 2408 introducere
1053 2352 1335 2427 Scriptura
1352 2375 1472 2430 qua:
1492 2362 1629 2419 dicit
1649 2383 1663 2419 :
1690 2343 1833 2432 Quia

222 2434 474 2490 ambulat
512 2438 567 2492 in
593 2440 845 2507 paradiso
865 2440 910 2473 “
940 2461 953 2497 :
987 2452 1083 2499 aut
1110 2460 1232 2516 qua:
1256 2450 1453 2509 iterum
1475 2456 1608 2512 dicit
1632 2475 1652 2513 :
1697 2460 1831 2525 Quis

220 2534 313 2581 est
342 2527 435 2597 qui
463 2529 596 2583 venit
627 2546 694 2587 es;
717 2530 891 2588 Edam
910 2533 956 2566 "
971 2534 996 2590 ἲ
1010 2545 1065 2591 et
1089 2551 1208 2607 qua:
1222 2539 1355 2596 dicit
1379 2540 1661 2616 Scriptura
1678 2566 1691 2604 :
1707 2547 1831 2604 Vidi

219 2616 497 2671 «dentem
522 2635 684 2689 supra
704 2625 876 2675 sedem
892 2622 1186 2693 majestatis
1206 2644 1318 2685 sua
1340 2631 1390 2662 “
1422 2649 1438 2687 :
1474 2643 1531 2689 et
1557 2635 1663 2691 alia
1706 2653 1830 2709 qua

219 2704 313 2760 ait
333 2722 353 2761 :
390 2705 554 2764 Sedes
577 2721 702 2766 sunt
722 2712 932 2781 posita’,
976 2726 1024 2769 et
1067 2714 1308 2776 Vetustus
1342 2724 1549 2779 dierum
1583 2704 1822 2787 sedit".

222 2796 498 2866 Quienim
520 2802 574 2857 in
602 2808 859 2874 paradiso
887 2809 1151 2878 ambulat,
1181 2822 1235 2869 et
1255 2816 1346 2885 qui
1371 2819 1519 2874 venit
1543 2836 1609 2876 ex
1628 2821 1824 2889 Edom,

222 2898 289 2945 et
321 2890 416 2961 qui
468 2904 694 2963 apparet
736 2906 796 2953 ut
832 2902 1083 2971 apparuit
1117 2902 1390 2973 Ezechiel,
1435 2918 1493 2965 et
1539 2912 1635 2981 qui
1686 2914 1827 2972 sedit

217 2979 529 3037 secundum
565 2982 861 3053 Danieiem,
893 2999 951 3046 et
976 2992 1071 3062 qui
1110 2995 1253 3050 sedit
1276 2979 1572 3056 secundum
1599 3002 1819 3077 Isaiam,

224 3073 566 3141 corporalem
598 3078 889 3146 quamdam
923 3084 1276 3144 ambitionem
1304 3095 1545 3164 suggerit
1580 3096 1716 3170 (π).
1752 3073 1832 3156 Et-

1934 1990 2221 2064 obstupuit
2272 2007 2421 2058 totus
2455 2005 2687 2077 populus
2717 2010 2894 2077 valde,
2949 2013 3154 2072 fiebant
3181 2018 3330 2075 enim
3371 2036 3539 2081 voces

1939 2083 2081 2141 tuba
2104 2088 2441 2156 prodeuntes
2474 2093 2807 2167 fortissime;
2848 2104 3004 2162 valde
3026 2106 3245 2181 Moyses
3273 2111 3539 2184 loqueba-

1938 2183 2043 2241 tur,
2078 2187 2135 2233 et
2159 2180 2302 2238 Deus
2328 2188 2695 2258 respondebat
2718 2193 2770 2249 ei
2812 2209 2974 2251 voce:
3003 2209 3061 2255 et
3089 2180 3375 2261 descendit
3434 2205 3537 2266 Do-

1936 2268 2117 2326 minus
2168 2271 2225 2327 in
2262 2287 2447 2336 monte
2479 2280 2611 2337 Sina
2666 2298 2836 2356 super
2890 2304 3156 2350 cacumen
3193 2298 3432 2367 montis,
3477 2311 3538 2361 et

1935 2362 2149 2418 vocavit
2195 2364 2458 2426 Dominus
2508 2370 2727 2446 Iloysen
2774 2379 2828 2435 in
2876 2384 3163 2441 cacumine
3207 2390 3433 2459 montis,
3477 2403 3538 2451 et

1931 2454 2175 2511 ascendit
2202 2454 2437 2531 Moyses,
2465 2471 2523 2519 et
2544 2464 2683 2522 dixit
2705 2467 2845 2527 Deus
2881 2474 2950 2529 ad
2987 2473 3232 2549 Moysen.
3260 2480 3389 2541 Haec
3410 2454 3534 2560 qni-

1932 2544 2052 2600 dem
2086 2546 2154 2604 de
2190 2564 2256 2607 eo
2283 2552 2329 2607 si
2360 2553 2663 2626 descendit,
2692 2571 2744 2617 et
2777 2563 2824 2617 si
2846 2544 3093 2638 videtur,
3115 2581 3172 2628 et
3219 2573 3267 2631 si
3304 2544 3536 2638 vocibus

1929 2635 2172 2708 loquitur
2204 2641 2367 2711 Deus,
2404 2656 2461 2704 et
2494 2648 2540 2705 si
2574 2654 2719 2709 tuba:
2757 2656 3025 2727 aderant,
3066 2635 3132 2719 et
3171 2665 3222 2722 si
3258 2667 3315 2723 in
3343 2635 3529 2742 ignem

1928 2730 2235 2802 descendit,
2274 2739 2408 2809 quid
2445 2740 2554 2799 sibi
2616 2745 2733 2801 vult
2776 2745 3000 2809 fumus?
3029 2752 3172 2813 Sunt
3217 2730 3402 2819 autem

1927 2827 2440 2896 sequentibusalia
2471 2837 2802 2906 quaestiones
2838 2857 2855 2896 :
2895 2846 2993 2901 sed
3030 2846 3172 2908 bene
3206 2864 3290 2909 est
3320 2860 3531 2919 sensim

1926 2914 2191 2974 accedere
2221 2919 2292 2977 ad
2321 2925 2627 2995 proposita.
2660 2926 2730 2984 Et
2755 2930 2898 2988 sicut
2919 2934 2976 2991 hi
3003 2938 3097 3009 qui
3138 2942 3417 3003 adiﬁcare

1922 3006 2192 3076 siderant,
2221 3021 2279 3069 et
2320 3014 2533 3086 lapides
2564 3024 2866 3083 transferre
2904 3006 3167 3103 cupiunt,
3193 3037 3242 3092 si
3276 3037 3530 3111 singulos

1924 3100 2333 3175 transtulerint,
2380 3109 2584 3169 multos
2634 3124 2895 3186 poterunt
2920 3100 3167 3182 adunare
3199 3129 3287 3185 :si
3332 3100 3523 3191 autem

2317 3160 2332 3175 υ
2386 3160 2429 3163 ..Ὗ
2444 3160 2583 3169 --νν-
2634 3160 2895 3186 ’νη-1....
2920 3160 3167 3182 -υυιιαιυ
3200 3169 3215 3183 ο
3239 3160 3287 3185 ,Ι

224 3160 333 3217 hoc
355 3165 572 3234 quidem
604 3169 769 3228 veluti
792 3173 861 3229 de
881 3178 1028 3233 omni
1055 3160 1729 3261 parentibus'autem‘U'S)
1760 3200 1820 3250 ut
1844 3226 1890 3289 α
1925 3189 2126 3249 multos
2150 3194 2313 3289 simul
2343 3196 2684 3274 levaverint,
2721 3222 2825 3265 nec
2862 3212 3085 3283 quidem
3124 3232 3293 3276 unum
3335 3220 3527 3283 levare

224 3254 514 3289 .‘t'nnnnau-
545 3270 598 3289 Δ.
630 3263 919 3289 λ..-χ--..-.--
958 3287 968 3289 μ
1003 3268 1158 3289 Πλυίε
1206 3271 1243 3289 λ
1340 3276 1352 3287 ⁶
1399 3277 1411 3288 ⁸
1632 3281 1645 3289 ⁸
2002 3288 2005 3289 ν

222 3254 514 3314 videamur
543 3270 602 3315 et
628 3263 923 3337 depingere
952 3287 970 3325 ς
1001 3268 1158 3325 Oculi
1193 3271 1411 3330 Dontini
1435 3294 1593 3349 super
1611 3254 1812 3353 iustos,

219 3355 272 3398 et
290 3362 448 3402 aures
466 3348 582 3420 ejus
605 3355 676 3408 ad
705 3372 883 3423 preces
919 3376 1099 3417 eorum
1120 3362 1185 3418 “.
1228 3363 1303 3421 0s
1334 3348 1555 3428 Domini
1577 3348 1815 3434 subactis

219 3436 457 3493 locutum
486 3453 561 3496 est
592 3444 696 3499 ista
719 3446 786 3513 ⁸⁷,
818 3448 1029 3507 iaciens
1061 3452 1175 3526 (76)
1207 3455 1375 3513 Deum
1406 3461 1524 3535 (77)
1558 3474 1613 3521 et
1643 3482 1816 3525 mem-

220 3524 445 3596 bratim,
481 3542 541 3589 et
571 3542 687 3592 tota
727 3536 898 3597 facies
948 3524 1079 3601 istic
1115 3524 1389 3621 descripta
1417 3524 1547 3621 ‘es't,
1590 3568 1648 3614 et
1691 3571 1815 3629 post

218 3615 338 3673 hac
377 3634 500 3691 quae
545 3623 925 3697 insequuntur.
968 3634 1112 3692 Dicit
1138 3615 1637 3715 enirn-Scriptura:

225 3715 347 3763 tera
383 3710 600 3770 Domini
622 3719 753 3789 [scit
775 3724 1019 3781 virtutem
1046 3728 1134 3786 “:
1166 3738 1225 3787 et
1264 3728 1401 3793 Sede
1433 3710 1503 3791 ad
1532 3739 1812 3799 dexteram

216 3814 390 3857 suam
414 3804 482 3871 ι’,
506 3822 669 3879 quam
694 3827 810 3869 rem
840 3816 1152 3890 insequitur
1176 3838 1231 3880 et
1252 3840 1284 3880 a
1310 3827 1533 3885 sinistra
1572 3846 1712 3889 esse.
1742 3836 1809 3893 Et

218 3892 413 3950 herum
434 3916 448 3952 :
470 3897 669 3957 Caium
688 3906 836 3962 sedes
854 3919 935 3965 est
965 3913 1117 3979 milii,
1143 3926 1294 3972 terra
1315 3932 1493 3978 autent
1520 3892 1809 3984 scabelluni

212 3984 405 4050 pedum
431 4004 665 4046 nieorum
681 3993 752 4051 ⁷⁸.
780 3994 887 4054 Per
930 4000 1035 4057 ista
1085 4003 1272 4075 itaque
1307 4014 1492 4068 omnia
1539 4030 1570 4068 a
1623 4019 1806 4089 capite

214 4087 387 4144 usque
418 4079 486 4133 ad
508 4082 673 4151 pedes
699 4084 916 4144 videtur
942 4094 1285 4153 membratim
1315 4100 1432 4158 fieri
1457 4079 1803 4181 compositio,

210 4176 475 4235 quantum
498 4172 566 4226 ad
590 4188 899 4235 sermonem
930 4194 1164 4252 spectat.
1204 4190 1481 4250 Addemus
1514 4172 1693 4255 autem
1718 4172 1804 4257 in;

209 4260 377 4316 certis
404 4260 513 4330 his,
549 4267 732 4338 capilli
760 4274 947 4343 capitis
970 4278 1087 4347 ejus
1107 4279 1178 4337 ".
1225 4282 1372 4356 Ergo
1403 4298 1458 4343 et
1500 4291 1704 4362 capilli,
1743 4305 1803 4351 et

206 4357 540 4425 eaputcujus
561 4368 617 4413 et
636 4364 914 4432 capilli,et
932 4370 1109 4428 adhuc
1152 4376 1385 4445 amplius
1430 4357 1695 4450 quantum
1729 4386 1799 4442 ad

204 4443 532 4503 exteriorem
579 4464 789 4523 partem
846 4462 1123 4520 invenitur

204 4626 589 4688 vestimentum
614 4636 763 4695 circa
810 4641 1011 4712 ipsum,
1056 4651 1289 4719 quastio
1316 4661 1400 4709 est
1445 4664 1506 4711 et
1536 4626 1604 4713 αἱ
1632 4658 1792 4716 indu-

204 4726 408 4783 mento,
451 4728 629 4779 utrum
654 4728 845 4787 vivens
888 4737 1137 4805 quaedam
1184 4752 1379 4802 natura
1420 4755 1505 4803 est
1531 4759 1587 4804 et
1618 4752 1788 4808 vesti-

202 4817 465 4880 mentum,
502 4825 597 4871 aut
619 4823 893 4888 quomodo
941 4826 1052 4884 illic
1102 4833 1483 4893 vestimentum
1515 4840 1783 4912 habetur;

199 4906 257 4953 et
275 4914 606 4976 quaecunque
629 4918 1067 4987 convenerimus,
1099 4933 1158 4978 ut
1190 4926 1259 4980 de
1288 4926 1609 4988 indumento
1632 4906 1786 4991 dies;

265 5333 477 5425 ξξςιθιι.
504 5357 589 5407 Ill,
618 5345 720 5425 8._
771 5348 824 5382 ⁸⁸
841 5349 947 5425 lsa.
984 5372 1138 5425 ιχιιι,
1174 5362 1228 5417 l.

1335 5364 1381 5397 “
1414 5366 1515 5424 lsa.
1541 5372 1695 5437 v1.1.

197 5403 242 5497 ⁵³
269 5406 417 5497 εεντ
442 5403 740 5497 “maie-
781 5403 1268 5497 istam.

1360 5437 1539 5511 _"_lsa.
1575 5455 1729 5511 uri,
1756 5446 1808 5502 ι.

194 5473 240 5507 ’δ
267 5475 435 5533 Exod.
469 5473 708 5551 xu,'ts.
780 5491 827 5524 η
849 5473 1268 5568 ίιιῑαῖᾞῖῖὲῗ
1324 5507 1370 5538 τι
1392 5473 1808 5581 Εἶὲἇῖὲῖξῗῦξ

1928 5473 1942 5483 -
1967 5473 2103 5510 uan.
2128 5473 2222 5525 vn,
2252 5473 2308 5515 υ.
2398 5473 2444 5495 ⁷·
2466 5473 2609 5523 Psal.
2652 5486 2743 5527 XI!

1942 5520 2116 5581 Exod.
2152 5546 2249 5597 xx,
2280 5529 2373 5588 22.
2452 5535 2497 5570 ’⁸
2525 5538 2659 5596 ibid.
2686 5545 2743 5601 ι.

408 5638 825 5730 gemmantia:
852 5654 1035 5726 Forte,
1066 5670 1461 5730 commentatio.

404 5710 488 5804 Et:
514 5730 747 5804 surgere.
777 5705 961 5804 non},
994 5705 1295 5804 sparge-nr:

285 5711 351 5762 72
404 5711 488 5767 Ea
514 5730 747 5789 surgere.
777 5711 1371 5804 Forte,”¢'x£&¥§2}}'.""'

256 5711 373 5923 Ξζὸξ
408 5781 599 5841 Disesi.
632 5787 818 5857 Forte,
841 5796 1033 5880 disseri
1060 5804 1140 5857 vel
1179 5808 1371 5869 deseri.

313 5846 348 5906 ι
386 5850 1060 5923 Περιγραφήνωηιωικιι.

313 5846 369 5923 6)
386 5850 768 5933 Περιγραφήν,
784 5846 1060 5931 iniiinii.

500 5950 777 6019 Panos.
826 5958 947 6028 Gn.
995 5964 1228 6035 XXIV.

1172 4469 1583 4541 vestimentum,
1635 4479 1799 4534 modo
1900 4484 2159 4557 populum
2208 4490 2385 4550 dicit:
2428 4494 2536 4554 Vos

205 4532 423 4602 quidem
458 4543 704 4614 rubrum,
736 4550 895 4607 modo
944 4564 1128 4611 autem
1176 4558 1379 4618 album.
1435 4563 1494 4619 Si
1544 4532 1713 4638 igitur
1819 4575 1876 4639 ι)
1897 4532 2183 4635 3;an

1804 5375 1851 5409 ⁸⁸
1888 5378 2023 5437 Dan.
2065 5400 2159 5449 vit,
2202 5388 2258 5445 9.

1919 3288 2178 3351 poterunt
2215 3303 2231 3343 :
2270 3288 2344 3344 ita
2400 3301 2457 3348 et
2496 3310 2599 3352 nos
2647 3298 2908 3371 interim;
2966 3306 3147 3375 prima
3183 3324 3332 3368 enim
3371 3315 3523 3375 dicta

1917 3372 2247 3448 intercipere
2288 3381 2451 3443 facile
2500 3388 2716 3447 videtur
2767 3372 3127 3469 audentibus;
3157 3372 3389 3464 timidis,

1919 3474 2027 3521 tem
2066 3467 2304 3541 diﬂicile.
2356 3474 2415 3532 Si
2462 3479 2611 3535 enim
2669 3484 2903 3544 voluerit
2946 3491 3073 3561 quis
3103 3467 3307 3563 dicere,
3362 3498 3520 3560 locu-

1915 3564 2004 3614 tus
2032 3570 2145 3625 est,
2192 3579 2301 3620 non
2353 3576 2440 3623 est
2482 3568 2745 3630 locutus:
2776 3591 2903 3644 vox,
2961 3596 3069 3637 non
3122 3598 3270 3654 vox;
3305 3587 3515 3663 facies,

1912 3663 2021 3705 non
2074 3651 2241 3712 facies
2277 3674 2295 3722 ;
2341 3662 2665 3731 simpliciter
2716 3667 2937 3727 videtur
2982 3672 3143 3733 facile
3184 3651 3316 3750 quid
3376 3651 3513 3757 ope;

1912 3742 2047 3812 ruri,
2081 3746 2350 3807 audenter
2409 3766 2592 3813 autem
2642 3772 2925 3829 operatur.
2982 3767 3092 3824 Sed
3120 3742 3333 3843 oportet
3364 3742 3515 3840 nunc

1910 3834 1980 3889 ab
2027 3836 2141 3907 ipsa
2200 3840 2489 3914 Scriptura
2527 3852 2781 3922 accipere
2841 3834 3193 3931 solutiones,
3243 3875 3301 3923 et
3323 3880 3514 3928 osten-

1914 3926 2046 3984 dere
2097 3932 2225 4001 quia
2273 3935 2392 3993 istae
2447 3955 2611 3998 voces
2668 3945 2745 4001 ita
2784 3951 3003 4019 quidem
3061 3926 3353 4025 dicuntur.
3395 3980 3508 4022 non

1907 4015 1984 4072 ita
2019 4030 2200 4076 autem
2224 4024 2425 4085 debent
2453 4029 2707 4107 intelligi,
2747 4015 2820 4093 ln_
2846 4040 2983 4112 ipsis
3022 4045 3168 4102 enim
3201 4015 3508 4126 iisdemque

1905 4114 2257 4173 sermonibus
2305 4122 2485 4190 primo
2511 4126 2741 4186 exhibet
2772 4137 3183 4209 necessitatem,
3232 4144 3302 4200 ob
3336 4114 3504 4217 quam

1906 4201 1979 4258 ita
2012 4210 2265 4278 apparuit
2288 4210 2450 4271 Deus.
2478 4216 2619 4276 Dicit
2639 4224 2785 4280 enim
2808 4225 2980 4284 :Ecce
3000 4249 3094 4303 ego
3123 4201 3271 4291 uenio
3285 4201 3505 4297 ad|tsiu

1903 4294 2151 4355 columna
2178 4306 2355 4373 nubis,
2383 4318 2442 4363 ut
2472 4314 2660 4369 audiat
2691 4321 2922 4388 populus
2959 4294 3256 4396 loquentem
3301 4294 3503 4391 me};

1903 4399 1973 4454 te,
2015 4400 2066 4445 et
2092 4396 2313 4452 credant
2343 4402 2441 4456 tibi
2482 4404 2542 4461 in
2586 4412 2964 4480 sempiternum
2989 4418 3055 4472 “.
3090 4419 3160 4475 Et
3206 4422 3405 4482 iterum
3433 4430 3503 4483 ad

2577 4501 2805 4571 uidistis,
2835 4508 2961 4579 quia
2994 4512 3061 4567 de
3116 4514 3245 4570 calo
3289 4517 3502 4579 locutus

2262 4620 2278 4636 .
2303 4583 2370 4639 Et
2400 4597 2555 4644 certe
2584 4606 2652 4647 ex
2686 4606 2869 4652 monte
2887 4598 3041 4656 Sina.
3061 4601 3344 4671 Quomodo
3363 4626 3505 4683 ergo

1899 4678 2085 4736 potest
2104 4666 2223 4727 ﬂeri
2254 4672 2323 4729 de
2347 4678 2491 4733 caelo
2533 4690 2588 4736 et
2636 4683 2704 4739 de
2733 4699 2920 4744 monte
2949 4666 3321 4754 Sina'simul?
3348 4666 3501 4761 Vidi-

1896 4761 2015 4826 stis,
2047 4760 2243 4846 inquit,
2278 4770 2403 4839 quia
2446 4772 2513 4827 de
2549 4775 2680 4830 ctelo
2713 4778 2921 4836 locutus
2949 4801 3070 4841 sum
3118 4792 3281 4848 nobis.
3311 4760 3499 4853 Nolite

1896 4853 2040 4906 nobis
2093 4856 2268 4924 Iacere
2324 4863 2727 4924 similitudinem
2787 4876 3022 4933 omnium
3078 4897 3199 4952 qua:
3251 4898 3375 4943 sunt
3436 4891 3498 4947 in

1893 4953 2036 4997 terra
2058 4944 2128 5005 ".
2163 4947 2233 5004 Et
2264 4962 2414 5008 certe
2446 4956 2489 5010 si
2516 4958 2823 5022 similitudo
2864 4979 2986 5023 erat
3025 4944 3116 5043 qui
3167 4963 3491 5049 apparebat.

201 5003 322 5046 mus
346 5007 561 5065 oportet
589 5006 818 5064 moveri.
846 5008 914 5063 Et
941 5015 1140 5069 iterum
1170 5031 1187 5069 :
1217 5019 1264 5073 si
1290 5030 1409 5075 “nos:
1446 5021 1667 5080 Domini
1689 5027 1778 5094 fs-
1890 5032 2155 5092 deberent
2179 5042 2426 5099 videntes
2456 5050 2642 5115 magis
2659 5054 2856 5113 adduci

201 5078 270 5115 ρει
317 5082 361 5115 ὀί
393 5100 493 5115 ...-
524 5087 729 5115 ιι-..ι..ε
770 5098 799 5115 ,ν
887 5101 899 5111 .
940 5114 945 5115 ,
1065 5106 1109 5115 __
1416 5111 1440 5115 _

2890 5060 2959 5116 ad
2982 5062 3157 5134 ipsius
3183 5068 3494 5131 similitudi-

2363 5392 2576 5470 “__P§al.
2620 5415 2814 5470 χχχιιι,
2861 5404 2950 5461 16.

3074 5410 3121 5442 ⁸⁷
3156 5410 3260 5470 lsa.
3307 5431 3345 5481 l.
3384 5417 3479 5476 20.

1896 5451 2103 5541 Ἄρη..
2128 5473 2222 5525 νη,
2252 5460 2349 5541 ΘλΑ
2398 5451 2845 5541 "fsalfxxvn’t,
2881 5478 2936 5532 4.

3042 5481 3090 5514 ’⁸
3115 5481 3247 5540 an.
3273 5504 3356 5552 lli,
3384 5490 3478 5547 8.

1951 5682 2065 5784 £75)
2097 5686 2261 5747 Forte
2292 5695 2373 5751 sic
2402 5696 2690 5771 legendum
2713 5746 2729 5773 ,
2767 5708 2833 5762 de
2870 5713 3017 5765 omni
3046 5728 3065 5766 :
3097 5717 3342 5784 partibus
3375 5736 3479 5776 au-

1867 5762 2001 5807 λιιι..

1948 5823 2065 5967 ἵῖϐ)
2094 5828 2194 5885 Ms.
2235 5844 2343 5891 est.
2386 5836 2501 5896 Ista
2530 5842 2696 5911 facies
2728 5846 2941 5905 Doinini
2964 5862 3014 5908 et
3045 5860 3398 5917 memorotint.

1978 5893 2070 5967 77)
2096 5898 2287 5961 Deum.
2311 5906 2411 5964 Is.
2448 5911 2679 5967 Dos-ini.

1978 5893 2070 5968 77)
2096 5898 2287 5961 Deum.
2311 5893 2432 5964 Is.

3076 6020 3147 6080 37
