4000 6480
595 428 731 483 1163

1260 415 1528 477 EUSEBII
1564 412 2041 473 GESARIENSIS
2079 412 2159 469 ΟΡ

2272 411 2450 468 PARS
2486 410 2580 468 Π.
2619 441 2690 452 -
2723 408 3149 469 ΒαὲΜΑΤκΪ-Δ.

3726 410 3853 472 ll“

590 540 938 597 ambitionem
975 537 1086 610 (78)
1133 536 1438 607 praesentiae
1462 550 1574 591 suae
1601 534 1842 592 ostendit
1872 534 1923 589 in
1956 543 2157 598 monte,
2188 540 2233 597 Α
2262 532 2560 603 prophetiae
2593 529 2757 586 facta:
2804 539 2933 586 sunt
2958 544 2988 583 a
3017 529 3127 584 Deo
3151 525 3590 598 praenuntiantes
3628 528 3853 598 captivi-

589 633 705 703 ipse
727 641 907 685 autem
940 631 992 683 in
1017 645 1111 685 sua
1144 629 1397 683 manebat
1437 631 1738 699 majestate.
1764 625 1873 681 Cur
1902 635 2083 681 autem
2110 636 2165 680 et

587 743 617 781 a
649 737 831 781 monte
866 725 992 779 Sina
1021 733 1242 795 apparet
1296 723 1387 791 qui
1443 722 1511 775 de
1542 720 1682 776 cmlo
1705 761 1721 785 ,
1749 718 1832 773 Ne
1861 717 2159 784 timueritis,

588 819 784 888 inquit,
821 819 943 889 quia
984 826 1184 870 tentare
1220 830 1305 868 vos
1331 813 1465 867 venit
1489 813 1647 874 Deus,
1670 821 1725 865 ut
1750 811 1817 865 sit
1851 811 2008 863 timor
2047 809 2162 878 ejus

588 908 642 961 in
668 907 807 961 vobis
827 907 919 961 "’?
947 906 1062 960 Non
1086 919 1217 973 ergo
1250 913 1441 958 natura
1469 911 1553 958 est
1579 916 1698 970 quae
1726 901 2045 969 apparebat,
2068 898 2163 951 sed

588 997 921 1070 dispensatio
955 1012 1073 1064 quas
1102 996 1432 1050 adducebat.
1485 992 1619 1061 Quia
1666 992 1808 1046 enim
1863 988 2163 1044 audacissi-

587 1107 709 1148 mus
731 1099 847 1147 erat
871 1089 1123 1160 populus,
1152 1089 1279 1158 quia
1314 1101 1528 1156 semper
1557 1084 1782 1138 declivis
1823 1082 1889 1135 ad
1934 1079 2162 1136 idolola-

586 1183 746 1237 triam
765 1182 1092 1247 habebatur;
1123 1181 1249 1251 quia
1266 1182 1409 1236 enim
1426 1179 1647 1234 humilis
1663 1187 1801 1241 erat,
1818 1186 1872 1231 et
1888 1177 2162 1231 desidera-

582 1274 987 1343 batpermanus
1000 1275 1312 1341 contingere
1330 1274 1521 1335 Deum,
1548 1281 1601 1326 et
1618 1286 1712 1341 per
1725 1270 1909 1325 oculos
1930 1271 2114 1325 videre
2142 1288 2155 1323 :

583 1364 711 1434 quia
735 1364 880 1418 enim
910 1364 1033 1421 talis
1051 1371 1170 1418 erat
1186 1362 1431 1431 populus,
1464 1361 1771 1416 misericors
1801 1370 1983 1414 autem
2020 1359 2159 1414 Deus

581 1464 639 1511 et
653 1456 825 1511 bonus
840 1455 967 1510 facit
980 1456 1057 1511 eis
1069 1456 1334 1518 timorem,
1349 1454 1438 1523 qui
1454 1468 1555 1507 nec
1570 1462 1689 1524 post
1701 1452 1945 1507 timorem
1971 1452 2161 1506 timue-

581 1555 731 1605 runt.
744 1546 971 1601 etdicit:
992 1544 1127 1611 Quia
1143 1544 1190 1598 si
1203 1544 1319 1612 quis
1336 1542 1849 1613 appropinquarerit,
1872 1550 2036 1595 morte
2050 1558 2161 1595 mo-

581 1636 753 1693 rietur
776 1637 843 1693 “.
878 1636 943 1692 Et
971 1647 1117 1691 certe
1141 1651 1272 1691 oves
1316 1644 1473 1690 erant
1512 1635 1624 1690 illic
1657 1645 1783 1689 ante
1809 1636 1930 1697 hoc,
1962 1644 2016 1689 et
2049 1650 2155 1691 non

582 1740 707 1786 sont
741 1739 986 1786 mortuae.
1022 1729 1235 1800 Moyses
1276 1728 1419 1782 enim
1453 1728 1561 1783 illic
1587 1728 1757 1798 pavit,
1792 1726 2006 1797 Moyses
2040 1736 2157 1781 erat

578 1819 693 1875 illic
717 1830 774 1875 ut
802 1828 1004 1890 pastor,
1050 1833 1147 1875 nec
1192 1818 1322 1873 dum
1358 1827 1441 1873 est
1498 1817 1778 1886 propheta,
1816 1827 1870 1871 et
1916 1834 2019 1872 non
2069 1829 2154 1873 est

2267 634 2433 679 tatem
2456 623 2634 692 populi
2666 639 2787 695 qua:
2818 638 2914 693 per
2947 638 3070 678 eum
3115 621 3258 677 facta
3306 621 3569 689 videtur,
3612 634 3748 677 vasa
3775 635 3858 677 sa-

2263 716 2559 771 cerdotalia
2593 716 2892 785 accipiens,
2928 724 2983 771 et
3017 717 3119 770 hoc
3145 717 3417 785 superbus
3453 723 3511 769 et
3530 722 3782 777 erectus,
3808 722 3859 767 et

2263 806 2369 861 alta
2394 807 2659 877 cogitans,
2691 817 2752 862 ut
2778 808 3039 877 propheta
3064 807 3132 861 de
3161 820 3228 860 eo
3257 806 3470 860 diceret
3507 823 3521 860 :
3568 803 3651 859 Tu
3674 804 3857 858 dixiin

2261 899 2315 953 in
2343 900 2496 953 corde
2529 911 2643 962 tuo,
2672 902 2751 953 Ad
2773 899 2926 953 calas
2956 900 3265 961 ascendam,
3284 914 3447 966 supra
3480 897 3649 951 nubes
3665 904 3857 964 ponant

2264 992 2434 1045 sedem
2468 1006 2658 1055 meam,
2694 1004 2741 1045 et
2773 990 2959 1044 sedebo
2988 1006 3152 1058 supra
3187 998 3389 1041 montes
3436 989 3740 1042 altissimos
3792 990 3855 1038 ad

2262 1084 2581 1153 aquilonem,
2613 1092 2659 1137 et
2687 1100 2775 1138 ero
2801 1084 2990 1137 similis
3008 1083 3285 1136 Altissimo
3314 1081 3361 1114 ⁸⁸
3388 1096 3403 1134 :
3433 1083 3567 1151 quia
3609 1082 3743 1135 talia
3783 1096 3859 1135 sa-

2262 1177 2463 1245 piebat,
2498 1186 2550 1231 et
2586 1176 2712 1229 talia
2746 1175 3091 1244 loquebatur,
3144 1184 3200 1229 et
3233 1174 3363 1228 talia
3397 1174 3707 1243 cngitabat,
3759 1174 3858 1227 iSte

2261 1268 2535 1337 accipiens
2567 1268 2925 1323 sacerdotalia
2946 1282 3073 1322 vasa
3101 1282 3205 1321 non
3235 1278 3317 1321 est
3344 1281 3511 1321 ausus
3530 1267 3609 1321 uti
3635 1266 3854 1329 iisdem,

2260 1359 2355 1414 sed
2386 1371 2643 1429 tanquam
2695 1361 2748 1414 iu
2794 1360 3004 1414 ratione
3055 1360 3279 1414 honoris
3313 1360 3496 1426 posuit
3525 1360 3581 1412 in
3611 1358 3852 1426 templis,

2259 1466 2365 1507 non
2382 1466 2713 1506 consecrans
2740 1451 2916 1516 idolis,
2938 1452 3080 1505 sicut
3103 1467 3223 1520 qua!
3245 1450 3614 1518 insequuntur
3631 1450 3856 1503 demon~

2258 1551 2455 1604 strant.
2487 1545 2581 1599 sed
2618 1558 2877 1598 recusans
2901 1543 3045 1596 vasis
3074 1544 3148 1595 uti
3183 1542 3512 1595 divinis.lsti
3545 1543 3856 1596 succedens

2256 1634 2399 1691 [ilius
2425 1636 2543 1703 ejus
2570 1636 2621 1689 in
2658 1650 2845 1705 regno,
2894 1652 2999 1691 non
3042 1636 3091 1689 ei
3144 1635 3412 1689 successit
3457 1644 3513 1687 et
3540 1634 3852 1688 secundum

2256 1728 2416 1783 istum
2452 1729 2740 1794 honorem,
2772 1728 2867 1783 sed
2896 1729 3163 1783 innovans
3196 1735 3521 1797 potestatem
3560 1727 3723 1795 regni
3747 1726 3851 1789 sui,

2254 1820 2462 1891 profert
2494 1836 2619 1875 vasa
2641 1821 3024 1885 sacerdotalia,
3048 1828 3104 1875 et
3133 1819 3271 1874 bibit
3319 1818 3373 1871 in
3412 1818 3570 1888 ipsis.
3613 1819 3683 1872 Et
3726 1818 3853 1891 quia

578 1921 847 1967 mortuus.
877 1911 1073 1981 Utique
1102 1919 1157 1966 et
1201 1910 1290 1965 Ilii
1338 1918 1463 1963 ante
1506 1908 1726 1979 Moysen
1754 1925 1768 1973 ;
1804 1909 1898 1964 sed
1927 1920 2147 1980 propter
2180 1905 2220 1960 Β
2247 1914 2360 1983 ipse
2386 1923 2439 1968 et
2470 1914 2552 1968 sui
2584 1913 2723 1968 male
2751 1916 3117 1968 extenderunt
3152 1929 3347 1967 manus
3382 1928 3512 1967 suas
3551 1912 3623 1965 ad
3685 1927 3851 1976 vasa,

577 2009 887 2071 adventum,
914 2007 1037 2076 quis
1060 2005 1212 2072 dicit,
1242 2003 1332 2058 Dei
1366 2003 1522 2069 dixit,
1564 2003 1691 2073 quia
1720 2002 1767 2057 si
1797 2005 1919 2073 quis
1955 2019 2153 2073 appro-
2253 2004 2375 2073 quia
2408 2004 2549 2057 enim
2584 2006 2837 2058 manibus
2871 2005 3169 2073 tetigerunt
3202 2018 3264 2058 ea
3290 2019 3411 2072 qua:
3458 2003 3543 2057 eis
3574 2019 3687 2058 non
3721 2018 3854 2057 con-

577 2100 925 2169 pinquaverit
951 2099 1233 2154 morietur.
1274 2098 1463 2153 Nonne
1517 2099 1689 2166 magis
1718 2098 1940 2153 deberet
1968 2099 2152 2152 vivere
2251 2094 2560 2163 tiugebant;
2598 2110 2794 2149 manus
2846 2111 2943 2164 pro
3000 2111 3167 2149 manu
3213 2097 3400 2151 exiens
3440 2098 3667 2166 scripsit
3693 2099 3850 2167 juxta

576 2192 669 2261 qui
706 2192 1097 2261 appropinquat
1129 2190 1378 2246 adventui
1426 2190 1519 2245 Dei
1557 2190 1581 2243 ?
1612 2191 1717 2244 Sed
1771 2200 1981 2246 terrere
2037 2191 2151 2247 vult
2248 2185 2545 2255 lucernam,
2576 2197 2634 2240 ut
2655 2188 2746 2257 qui
2785 2187 3017 2242 aderant
3050 2189 3303 2242 homines
3324 2189 3575 2243 viderent
3616 2200 3850 2245 senten-

570 2282 827 2352 populum
886 2283 1185 2346 audacem;
1231 2282 1368 2336 unde
1412 2291 1467 2336 et
1519 2281 1657 2337 tuba;
1716 2294 1906 2338 sonam
1952 2298 2149 2337 canen.
2249 2278 2397 2329 tiam.
2430 2277 2560 2343 Quae
2590 2292 2720 2347 ergo
2750 2288 2834 2332 est
2864 2293 3057 2333 manus
3084 2279 3210 2333 illa?
3240 2278 3356 2334 Non
3390 2294 3624 2349 corpus,
3667 2297 3853 2351 neque

575 2374 728 2427 tium.
778 2371 915 2438 Quid
979 2373 1123 2426 enim
1178 2388 1429 2444 magnum
1491 2384 1573 2429 est
1630 2376 1739 2431 Deo
1796 2386 2147 2444 Operamenla
2244 2382 2308 2421 ex
2341 2382 2568 2436 corpore
2606 2370 2823 2434 incisio,
2868 2372 2962 2425 sed
3004 2370 3292 2425 ellicieutia
3336 2374 3401 2426 ad
3434 2373 3716 2429 visionem
3752 2389 3847 2431 ve-

574 2477 761 2518 creare
796 2464 861 2517 ad
893 2463 1197 2519 istiusmodi
1240 2464 1644 2531 necessitatem,
1681 2475 1773 2518 aut
1821 2466 1940 2520 sine
2000 2467 2142 2522 tubis
2246 2459 2423 2524 "iens.
2451 2470 2511 2513 ιιι
2539 2472 2923 2530 agnosceretur
2952 2464 3222 2517 sententia
3273 2465 3612 2522 invisibibis.
3662 2465 3848 2521 Soﬂe~

510 2606 511 2611 η
573 2570 763 2610 sonum
789 2557 946 2609 talem
980 2556 1265 2611 emittere?
1301 2555 1412 2610 Non
1444 2556 1511 2611 ab
1541 2570 1601 2610 re
1648 2566 1829 2610 autem
1882 2566 1965 2610 est
1994 2573 2143 2627 quae-
2243 2562 2391 2605 cerat
2417 2561 2596 2607 autem
2638 2563 2692 2607 et
2721 2569 2912 2609 manus
2934 2556 3225 2612 ostendere
3258 2560 3538 2624 virtutem,
3570 2568 3629 2613 et
3664 2560 3845 2613 inter-

573 2649 697 2701 dam
733 2662 797 2703 ex
827 2647 1046 2702 Daniele
1071 2664 1362 2719 apponere,
1392 2650 1483 2703 sed
1517 2658 1573 2703 et
1604 2650 2139 2718 opportunissimum
2245 2644 2445 2713 pretari
2479 2645 2866 2711 obscuritates,
2912 2647 3126 2702 solvere
3159 2648 3557 2714 dubitationes,
3596 2653 3699 2707 sed
3732 2668 3841 2707 non

572 2741 707 2810 Quia
740 2744 885 2798 enim
915 2743 1153 2797 diximus
1194 2742 1320 2811 quia
1356 2755 1461 2794 non
1495 2750 1618 2794 erat
1665 2742 2004 2809 impossibile
2032 2744 2142 2798 Deo
2242 2746 2323 2789 est
2368 2752 2570 2807 egenus
2631 2737 2805 2796 dives.
2856 2739 3167 2801 Invenimus
3215 2742 3359 2795 enim
3415 2744 3471 2796 in
3523 2742 3838 2814 Scripturis

570 2834 729 2889 tubas
756 2848 963 2897 creare,
987 2843 1079 2887 aut
1103 2834 1220 2890 siue
1245 2832 1387 2888 tubis
1402 2847 1591 2887 sOnum
1626 2833 1803 2887 audiri
1832 2855 1843 2887 :
1880 2834 2140 2902 scriptum
2241 2836 2296 2887 et
2328 2828 2468 2883 forte
2494 2828 2685 2892 multa,
2723 2844 2846 2899 qua:
2876 2843 2934 2885 ut
2959 2832 3291 2900 quaestiones
3324 2842 3484 2888 motae
3516 2847 3679 2903 sunt,
3714 2852 3841 2907 pos-

566 2926 710 2996 apud
743 2926 1019 2982 Danielem
1052 2936 1157 2991 est,
1196 2926 1344 2995 quia,
1371 2925 1564 2979 Manus
1594 2926 1833 2996 ingressa
1870 2925 1983 2980 sola
2008 2927 2139 2981 scri-
2240 2930 2365 2974 sunt
2395 2921 2551 2976 nobis
2574 2922 2639 2975 ad
2658 2921 2983 2990 solutionem
3009 2924 3288 2994 prodesse.
3318 2926 3587 2985 Novimus
3613 2932 3836 2988 enimet

568 3019 719 3073 bebat
744 3019 799 3071 in
832 3018 1026 3087 pariete
1048 3019 1115 3074 ".
1154 3018 1258 3073 Ista
1286 3032 1477 3073 manus
1506 3017 1649 3073 Deus
1675 3027 1778 3083 est,
1818 3028 1913 3073 aut
1960 3018 2139 3089 angeli
2240 3010 2307 3065 de
2340 3011 2583 3079 Daniele,
2626 3013 2753 3084 quia
2783 3014 2925 3068 vidit
2960 3015 3121 3069 sedes
3165 3017 3389 3085 positas,
3430 3030 3486 3075 et
3528 3021 3830 3078 Vetustum

567 3109 759 3167 incisio
782 3110 900 3166 est?
953 3108 1059 3165 sed
1106 3110 1232 3179 quia
1284 3109 1505 3165 deberet
1560 3109 1733 3164 videri
1770 3125 1874 3165 non
1922 3120 2135 3176 tenens,
2240 3100 2450 3157 dierum
2482 3104 2832 3173 insidentem,
2874 3100 3026 3177 cujus
3062 3110 3169 3165 albi
3210 3121 3369 3166 erant
3397 3113 3608 3182 capilli,
3656 3127 3715 3170 et
3744 3132 3835 3172 ve-

568 3202 706 3274 iorte
758 3212 935 3259 autem
980 3216 1081 3256 nec
1107 3211 1468 3256 atramentum
1511 3202 1776 3269 bajulans,
1808 3218 1985 3273 neque
2029 3203 2138 3259 alio
2168 3264 2205 3278 Α
2240 3195 2497 3251 Elimeam
2523 3197 2749 3253 candida
2782 3199 2848 3253 ⁸⁸.
2892 3200 2960 3255 Et
2986 3214 3136 3258 certe
3183 3212 3238 3257 et
3290 3205 3395 3260 hoc
3453 3208 3836 3278 accipiebatur

567 3271 747 3365 aliquo
798 3302 1143 3364 Operamento
1172 3294 1363 3357 abusa,
1416 3304 1503 3347 aut
1562 3264 1675 3362 ipsa
1732 3264 1860 3360 usa,
1899 3264 2129 3349 addatur
2164 3264 2207 3322 θ
2242 3296 2464 3356 Propter
2517 3293 2933 3358 contumaciam.
2980 3306 3073 3349 aut
3126 3307 3350 3366 propter
3410 3264 3828 3372 negligentiam.

565 3396 622 3442 et
656 3400 851 3451 canna,
888 3394 942 3439 et
983 3392 1346 3439 atramentum
1372 3394 1635 3440 creatum.
1673 3387 1780 3441 Ant
1801 3388 1847 3441 si
1880 3390 1980 3441 hoc
2014 3388 2137 3457 quis
2238 3377 2319 3433 Αά
2371 3382 2783 3438 οειθηῑθῑῖοηθιη
2836 3386 3049 3456 (Ιυίρρθι
3077 3388 3205 3456 (ιυία
3255 3405 3454 3461 corpus
3503 3404 3593 3449 θεῖ
3641 3395 3831 3465 Deus;

567 3476 795 3533 voluerit
828 3477 1091 3546 accipere,
1123 3476 1341 3546 scripsit
1371 3491 1585 3542 manus,
1626 3487 1681 3533 et
1725 3477 1851 3531 dum
1873 3479 2136 3548 "scripsis-
2237 3475 2501 3528 sententia
2540 3483 2720 3530 autem
2767 3476 3020 3533 virtutem
3054 3495 3366 3537 sermonum
3404 3486 3657 3553 exhibet,
3699 3491 3830 3559 quia

564 3584 668 3641 set,
699 3574 941 3628 recessit.
985 3570 1126 3638 Quid
1171 3583 1364 3627 manus
1420 3572 1518 3626 ista
1547 3572 1785 3638 dicebat,
1829 3574 1988 3643 cujus
2038 3573 2129 3628 Dei
2237 3565 2472 3621 maiime
2501 3567 2697 3626 θιιιίηε
2736 3568 3090 3640 incorporalis
3126 3576 3429 3630 οδῑθηιίίιυΐ
3468 3577 3637 3636 Deus-
3695 3582 3832 3649 Ουίε

561 3666 675 3720 sola
710 3680 923 3728 manu,
969 3674 1022 3719 et
1068 3660 1159 3718 ubi
1193 3675 1278 3718 est
1323 3664 1531 3717 totum?
1572 3673 1664 3717 aut
1704 3664 1905 3735 angeli,
1955 3676 2008 3719 et
2040 3664 2129 3720 ubi
2232 3658 2377 3712 enim
2410 3659 2622 3728 ignorat
2653 3676 2866 3716 onmem
2904 3666 2994 3733 qui
3036 3666 3211 3723 oculis
3260 3669 3453 3737 utitur,
3488 3674 3621 3741 quia
3666 3675 3830 3730 oculo

559 3766 644 3811 est
676 3755 890 3813 totum?
931 3755 1123 3809 incisio
1171 3765 1291 3809 erat
1340 3755 1636 3825 passibilis.
1672 3754 1816 3826 Ergo
1862 3771 1969 3826 quo
2025 3757 2127 3817 ista
2232 3754 2497 3824 contingit
2548 3769 2613 3808 ea
2658 3756 2841 3811 videre
2893 3770 3014 3824 qua:
3068 3759 3305 3814 adsunt?
3353 3778 3475 3831 qua:
3531 3775 3725 3821 autem
3772 3769 3825 3821 in

560 3849 901 3906 incisitrest‘t
933 3848 1070 3915 Quid
1105 3863 1236 3919 ergo
1270 3859 1355 3903 est
1387 3849 1663 3904 sententia
1691 3850 1859 3905 visa?
1887 3850 1955 3906 Ut
1979 3852 2126 3906 enim
2231 3848 2524 3901 crastinum
2557 3856 2650 3901 aut
2689 3859 2812 3918 post
2844 3864 3066 3916 parvam
3113 3853 3324 3921 horam,
3366 3864 3463 3908 aut
3521 3869 3649 3926 post
3708 3877 3823 3916 mo-

560 3943 727 3997 sciret
759 3957 851 3995 rex
877 3941 969 4010 qui
1003 3956 1169 3996 ausus
1195 3950 1303 4003 est,
1341 3941 1459 3994 ideo
1512 3957 1705 3995 manus
1744 3941 1810 3995 ad
1851 3941 2125 3997 lucernam
2230 3950 2470 3993 mentum
2506 3940 2656 4005 ﬂent,
2708 3959 2811 3997 non
2869 3946 3016 4002 videt
3068 3946 3300 4019 oculus;
3338 3948 3580 4007 Dauielis
3636 3965 3821 4013 autem

557 4030 824 4103 indigens,
848 4047 967 4101 qua:
1001 4047 1099 4087 nec
1124 4032 1293 4087 oculis
1319 4033 1429 4087 visa
1458 4043 1603 4086 sum.
1640 4033 1705 4087 Et
1734 4045 1883 4089 certe
1910 4046 1969 4088 ut
1991 4036 2127 4090 scri-
2226 4032 2385 4098 visio,
2426 4034 2636 4089 initium
2664 4036 2879 4105 quidem
2915 4039 3075 4095 habet
3101 4054 3131 4093 a
3170 4040 3275 4102 lea,
3306 4052 3428 4111 post
3459 4042 3601 4099 leam
3635 4058 3821 4103 autem

550 4122 811 4196 batquis,
842 4124 993 4180 valde
1024 4126 1250 4180 intentio
1290 4128 1595 4182 necessaria
1627 4128 2124 4195 est,etvidentium
2227 4123 2527 4181 introducit
2581 4143 2808 4195 ursum,
2891 4133 3110 4186 tertium
3167 4134 3372 4189 animal
3432 4146 3490 4190 ut
3548 4142 3818 4207 pardum,

562 4218 869 4282 oculorum,
896 4227 952 4271 et
990 4228 1147 4272 acute
1176 4219 1493 4273 videntium.
1523 4217 1677 4274 Nunc
1721 4230 1897 4274 autent
1936 4221 2125 4275 scribit
2224 4226 2475 4300 quartum
2502 4218 2607 4273 tale
2637 4220 2790 4287 cuius
2825 4232 3014 4276 natura
3055 4225 3196 4293 apud
3236 4241 3337 4281 nos
3376 4241 3480 4281 non
3512 4228 3816 4289 invenitur.

551 4310 673 4365 sine
704 4308 897 4376 oculis,
925 4309 1043 4363 sine
1076 4314 1312 4375 tenente,
1357 4308 1471 4365 sive
1495 4325 1615 4363 cum
1653 4321 1983 4375 atramento,
2008 4313 2123 4367 sive
2222 4303 2572 4379 Interrogabo
2606 4312 2868 4367 volentem
2896 4316 3245 4380 contendere,
3296 4317 3380 4373 lea
3424 4333 3654 4389 regnum
3695 4327 3820 4381 esi?

551 4402 669 4457 sine
690 4409 1014 4466 atramento,
1034 4400 1146 4456 sive
1166 4402 1287 4455 sine
1307 4401 1429 4457 aliis
1448 4402 1832 4471 operamentis,
1861 4404 1974 4457 sive
1997 4419 2119 4458 cum
2223 4399 2279 4454 Si
2306 4402 2451 4455 enim
2494 4404 2633 4471 quod
2661 4405 2791 4459 vidit
2820 4406 3008 4462 Daniel
3035 4418 3152 4469 erat
3180 4410 3409 4478 visibile,
3460 4412 3600 4468 leam
3630 4430 3815 4473 autem

548 4492 689 4555 aliis,
712 4491 998 4549 admiratio
1015 4502 1097 4548 est
1120 4510 1135 4559 ;
1160 4493 1251 4562 qui
1286 4492 1439 4547 valde
1459 4506 1649 4547 carnes
1670 4496 2119 4564 sunt,quicorpo—
2220 4492 2392 4555 vidit;
2424 4509 2529 4549 non
2570 4496 2702 4550 vidit
2730 4513 2975 4569 regnum,
3004 4506 3098 4555 sed
3126 4500 3289 4556 leam.
3322 4502 3401 4559 Ne
3432 4504 3601 4577 igitur
3634 4525 3815 4565 remo-

548 4583 721 4653 rales,
754 4584 846 4655 qui
901 4584 1085 4639 volunt
1130 4583 1238 4639 Deo
1289 4597 1488 4653 corpus
1523 4584 1690 4648 dare,
1752 4587 2113 4653 respondeant
2144 4622 2190 4679 Β
2220 4598 2442 4640 veamus
2494 4586 2719 4650 dictum,
2778 4590 3117 4658 Scripturam
3178 4594 3486 4651 videamus.
3544 4598 3605 4653 Si
3665 4604 3809 4657 enim

547 4672 725 4742 nobis,
770 4676 863 4732 illa
907 4690 1096 4731 manus
1122 4689 1323 4745 corpus
1355 4685 1473 4730 erat
1522 4683 1616 4728 aut
1647 4690 1750 4729 non
1785 4677 2024 4745 corpus?
2052 4676 2110 4731 Si
2145 4672 2179 4679 ⁷
2219 4673 2333 4744 ipse
2387 4673 2574 4730 Daniel
2642 4678 3010 4747 interpretans
3037 4720 3053 4747 ,
3123 4694 3217 4737 aut
3271 4685 3692 4757 interpretatam
3748 4698 3810 4749 ιι,

545 4772 777 4839 corpus;
812 4768 930 4824 sine
966 4766 1209 4821 humeris
1236 4782 1339 4819 non
1372 4778 1678 4832 moveatur,
1714 4766 1829 4819 siue
1852 4776 1965 4820 toto
1996 4784 2116 4823 cor—
2218 4765 2410 4850 angelo
2461 4765 2719 4823 visionem
2748 4772 2919 4837 audit,
2988 4775 3114 4843 quia
3169 4777 3403 4845 primum
3449 4796 3681 4852 regnum
3730 4798 3808 4842 est

541 4874 677 4928 pore
707 4875 812 4915 non
852 4860 924 4915 sit
955 4872 1167 4913 manus.
1198 4856 1257 4913 Si
1286 4869 1466 4913 autem
1497 4866 1725 4928 apparet
1774 4872 1963 4913 manus
1990 4899 2005 4923 ,
2056 4868 2111 4915 et
2215 4856 2614 4924 Chaldaeorum,
2672 4861 2902 4919 intueris
2941 4866 3068 4935 quia
3104 4869 3248 4937 quod
3296 4870 3471 4925 visum
3526 4884 3657 4941 est,
3727 4877 3804 4933 lea

542 4949 732 5005 scribit
762 4966 974 5016 manus,
1008 4959 1063 5004 et
1090 4948 1293 5005 recedit
1340 4964 1567 5014 manus;
1620 4962 1949 5019 agnoscatur
1992 4954 2111 5021 quae
2214 4943 2369 5013 erat;
2402 4950 2545 5015 quod
2575 4960 2754 5008 autem
2787 4954 3195 5025 interpretatur,
3228 4976 3475 5030 regnum.
3522 4968 3635 5020 Aut
3665 4970 3806 5024 dicat

539 5050 627 5098 est
664 5050 855 5097 natura
904 5040 1129 5096 visionis
1178 5040 1474 5110 praesentis.
1509 5040 1881 5111 importunum
1925 5053 2106 5098 autem
2214 5037 2305 5125 qui
2336 5038 2587 5106 voluerit,
2614 5054 2774 5113 putas
2803 5044 2913 5121 fera
2944 5048 3121 5121 aliqua
3160 5062 3311 5117 erat,
3349 5064 3403 5109 et
3444 5057 3705 5128 vivebat;
3756 5072 3804 5118 et

538 5146 647 5187 non
672 5138 756 5187 est
781 5130 1093 5201 adiungere,
1128 5146 1223 5185 cur
1253 5139 1309 5185 et
1346 5143 1558 5185 manus.
1608 5128 1667 5185 Si
1704 5130 1849 5184 enim
1873 5130 1987 5200 jam
2028 5130 2110 5185 di-
2220 5130 2343 5185 talis
2371 5132 2579 5202 qualem
2612 5137 2745 5190 vidit
2790 5138 3025 5195 Daniel?
3082 5142 3139 5198 Si
3176 5153 3355 5200 autem
3393 5147 3629 5219 insignia
3674 5155 3803 5210 vidit

537 5232 683 5279 ctum
707 5231 811 5289 est,
837 5224 1261 5293 quiaoportebat
1289 5224 1614 5278 sententiam
1646 5222 2109 5288 scribi,sedforte
2218 5226 2403 5294 regni,
2473 5227 2973 5298 interpretationem
3025 5245 3204 5291 autem
3258 5242 3499 5310 agnovit,
3562 5246 3800 5303 visiones

532 5315 661 5372 ideo
682 5329 777 5386 per
798 5330 1036 5379 manum,
1069 5313 1196 5383 quia
1220 5322 1274 5367 et
1286 5321 1444 5383 pater
1459 5312 1621 5405 hujus
1646 5314 1794 5381 regis
1818 5314 2106 5368 adversum
2214 5328 2503 5384 corporeas
2530 5318 2709 5375 lacene
2739 5338 2843 5376 non
2874 5325 3151 5383 debemus.
3195 5327 3368 5383 Ursus
3405 5341 3588 5385 autem
3634 5349 3799 5405 appa.

539 5424 696 5479 quem
731 5408 832 5463 ista
878 5408 1147 5464 sententia
1182 5407 1383 5475 scripta
1409 5416 1527 5469 est,
1562 5398 1633 5462 ob
1675 5406 1858 5477 populi
1910 5406 2106 5462 delicta
2215 5408 2661 5467 rebatsecundus
2692 5426 2807 5483 post
2833 5415 2992 5484 leam,
3020 5429 3073 5473 et
3110 5422 3215 5473 tria
3244 5420 3413 5475 latera
3440 5436 3601 5481 erant
3628 5398 3687 5481 in
3707 5398 3797 5484 ore

538 5503 712 5570 potuit
740 5511 793 5555 et
822 5500 1075 5571 populum
1125 5510 1309 5555 tenere
1335 5509 1392 5554 et
1440 5500 1719 5567 templum.
1756 5500 1822 5553 Et
1847 5500 2102 5568 populum
2212 5494 2360 5564 ejus.‘
2389 5496 2555 5555 Putas
2590 5503 2714 5572 quia
2756 5514 2809 5560 et
2856 5505 3024 5561 latera
3062 5510 3187 5564 viva
3228 5520 3402 5578 erant,
3439 5523 3496 5571 et
3538 5517 3687 5571 unde
3738 5534 3792 5573 ea

536 5589 751 5661 quidem
784 5590 1009 5645 adduxit
1055 5592 1350 5661 captivum.
1404 5588 1708 5644 Condicens
1752 5598 1930 5643 autem
1976 5589 2100 5659 quia
2210 5591 2407 5659 accipit
2450 5594 2653 5648 ursus?
2708 5595 2872 5653 Putas
2916 5600 3135 5671 aliquod
3203 5604 3405 5658 animal
3476 5622 3794 5681 expugnans

606 5726 652 5758 "
679 5726 829 5781 Dent.
871 5743 964 5793 vit,
994 5727 1044 5781 '5.
1122 5726 1169 5759 ⁸⁸
1198 5726 1368 5782 Exod.
1409 5741 1524 5790 xix,
1556 5725 1641 5781 12.
1714 5725 1757 5759 ⁸⁸
1793 5724 1923 5785 Dan.
1950 5740 2001 5793 ν,
2028 5724 2083 5781 5.
2157 5742 2159 5754 ί

2260 5743 2331 5785 sa.
2359 5745 2469 5797 le,
2500 5732 2582 5788 l3.
2672 5734 2717 5767 ⁸³
2746 5737 2877 5791 Dan.
2912 5752 3005 5807 vn,
3038 5738 3092 5795 9.

605 5863 717 5937 (78)
752 5867 1115 5925 Ambitionem.
1139 5866 1192 5925 Id
1215 5877 1319 5935 est,
1352 5866 1622 5925 ambitum.
