4000 6466
179 494 292 548 ’Δὶιὸ

980 476 1069 530 DE
1108 475 1196 531 ΕΟ
1234 472 1424 542 QUOD
1457 469 1641 531 DEUS
1679 467 1911 525 PATER
1949 463 2458 522 lNCOliPORALlS
2495 463 2647 520 EST.
2748 522 2749 525 η

3347 462 3485 517 H66

195 607 324 675 quod
342 604 407 657 ‘m
425 594 851 656 consuetudine
890 602 975 649 est
1018 592 1161 663 apud
1202 604 1334 654 nos;
1371 597 1463 642 aut
1498 587 1789 656 signiﬁcat,
1818 592 1867 649 Α
1898 582 2081 637 futura
2098 590 2300 675 erant;
2354 578 2482 675 quia
2524 592 2646 675 qua:
2698 575 2889 645 incipit
2935 575 3138 675 videre,
3186 588 3295 630 non
3344 576 3491 675 videt

192 691 308 765 qtiia
344 708 435 764 per
473 685 584 744 tria
636 688 822 744 latera
910 694 1022 740 tres
1082 683 1335 751 regiones
1387 680 1607 735 habebit
1661 677 1793 732 illud

196 790 483 843 secundum
530 796 789 853 regnum.
845 779 1067 836 Tertius
1118 786 1299 832 autem
1332 776 1534 843 pardus
1572 772 1789 842 quidem

188 888 311 935 erat
337 886 601 947 quantum
655 874 722 929 ad
751 874 1039 937 visionem,
1092 878 1327 939 quatuor
1374 876 1555 920 autem
1612 864 1789 931 capita

188 970 449 1026 habebat.
509 967 721 1036 Siquis
782 976 960 1022 autem
1013 973 1253 1018 vestrum
1303 961 1441 1015 vidit
1485 959 1539 1013 in
1596 968 1789 1011 natura

181 1072 429 1133 quatuor
479 1058 659 1129 capita
720 1057 948 1127 pardum
1008 1053 1325 1118 habentem,
1373 1052 1445 1105 sit
1495 1046 1708 1103 visibile
1734 1056 1790 1103 et

179 1154 392 1209 animal
415 1152 582 1208 istud.
630 1150 687 1205 Si
729 1158 908 1203 autem
942 1156 1195 1201 naturam
1227 1143 1516 1209 convertit,
1547 1140 1788 1195 formau-

175 1258 277 1303 tur
296 1256 480 1302 autem
507 1258 673 1314 regna
699 1258 795 1309 per
821 1238 1129 1295 istiusmodi
1160 1237 1425 1299 visiones,
1457 1235 1526 1289 ad
1559 1247 1786 1302 corpora

175 1350 297 1391 non
332 1333 741 1404 compellamus.
798 1330 991 1397 Quarti
1022 1338 1206 1382 autem
1245 1325 1497 1381 animalis
1530 1325 1582 1378 in
1611 1328 1786 1379 totum

171 1444 291 1485 nec
333 1430 585 1500 ﬁguratio
622 1437 703 1481 est
752 1426 953 1496 posita,
1014 1437 1080 1479 eo
1143 1421 1287 1492 quod
1336 1421 1681 1475 immutatum
1733 1426 1788 1474 et

170 1536 391 1575 novum
418 1535 451 1574 a
481 1519 693 1574 caeteris
725 1518 1035 1579 videbatur,
1062 1523 1119 1569 ut
1152 1529 1221 1569 ne
1245 1514 1462 1583 quidem
1490 1512 1786 1569 similitudo

164 1614 237 1668 in
268 1626 340 1670 eo
369 1609 596 1679 alicujus
621 1610 871 1666 animalis
902 1608 1211 1663 inveniatur
1240 1626 1252 1661 :
1280 1608 1396 1662 haec
1422 1606 1553 1659 vidit
1573 1603 1781 1658 Daniel.

167 1703 256 1758 Et
315 1712 444 1757 ante
501 1703 615 1757 hac
647 1717 661 1755 :
694 1698 843 1765 Vidi,
888 1698 1088 1767 inquit,
1149 1708 1387 1766 quatuor
1442 1705 1623 1751 ventos
1669 1692 1785 1747 caeli

163 1792 524 1847 imminentes
549 1792 605 1845 in
631 1792 768 1844 mari
799 1805 991 1859 magno
1046 1787 1113 1842 “.
1164 1786 1330 1842 Putas
1369 1797 1424 1841 et
1469 1787 1613 1840 venti
1651 1785 1781 1838 visi-

165 1885 331 1941 biles
378 1884 567 1940 l'uere?
600 1884 843 1949 Quatuor
885 1890 1065 1936 autem
1121 1879 1282 1935 simul
1330 1878 1698 1933 immittuntur
1728 1876 1780 1931 in

1903 689 2024 744 quat
2058 672 2331 734 videntur,
2383 670 2478 725 sed
2525 668 2673 724 videt
2716 684 2835 738 qua:
2880 683 2988 723 non
3034 668 3308 723 videntur.
3365 666 3495 723 Ideo

1894 775 2081 819 autem
2145 773 2201 818 et
2244 761 2585 830 nuncupatio
2639 771 2758 815 erat
2807 761 3197 830 prophetarum
3247 760 3374 826 ista,
3432 768 3494 813 ut

1892 859 2203 912 dicerentur
2242 856 2335 925 qui
2372 854 2557 909 vident
2588 870 2600 906 :
2634 853 2761 921 quia
2802 853 2945 906 enim
2987 862 3041 906 et
3071 849 3210 921 apud
3247 866 3346 907 nos
3370 852 3494 921 qni-

1892 949 2015 1005 dam
2047 949 2265 1016 vident,
2318 947 2542 1016 quidam
2578 960 2685 1000 non
2716 944 2920 1009 vident,
2952 953 3007 999 et
3040 945 3108 999 ad
3139 959 3316 1000 caecos
3341 960 3496 1000 com-

1890 1042 2103 1113 paratio
2131 1050 2214 1095 est
2240 1053 2431 1095 eorum
2455 1036 2549 1108 qui
2578 1036 2785 1099 vident.
2818 1046 2872 1091 et
2896 1037 3188 1092 diversitas
3212 1047 3267 1092 et
3288 1038 3492 1093 discre-

1891 1135 1967 1189 tio
1987 1141 2089 1188 est.
2130 1131 2330 1189 Sumus
2364 1143 2544 1188 autem
2588 1141 2853 1203 quantum
2882 1131 2947 1184 ad
2994 1128 3492 1185 considerationem

1890 1227 2160 1280 visionum
2213 1241 2318 1281 non
2369 1225 2636 1281 videntes.
2702 1223 2900 1279 Vident
2952 1231 3134 1275 autem
3184 1222 3486 1292 prophetae.

1890 1333 2010 1389 quze
2052 1333 2151 1373 nos
2198 1332 2305 1372 non
2364 1316 2634 1371 videmus.
2692 1315 2772 1369 Ex
2840 1315 2955 1383 ipsa
3008 1327 3138 1382 ergo
3195 1310 3490 1368 eﬂicientia

1889 1419 2220 1481 acceperunt
2259 1420 2317 1464 et
2359 1408 2816 1477 nuncupationem
2859 1407 2952 1476 qui
3000 1406 3335 1460 vocabantur
3360 1419 3489 1475 pro-

1886 1505 2063 1573 phetaa
2112 1503 2412 1558 secundum
2482 1512 2729 1557 veterem
2792 1514 3013 1565 vocem,
3071 1513 3195 1554 cum
3253 1498 3493 1552 maxime

1886 1603 2217 1666 exceperunt
2268 1595 2354 1649 bis
2395 1595 2486 1665 qui
2532 1593 2735 1649 vident.
2788 1591 2943 1648 Unde
2987 1600 3043 1646 et
3080 1592 3262 1647 multa:
3294 1591 3491 1647 inscri-

1884 1690 2097 1758 ptiones
2133 1685 2268 1741 tales
2314 1688 2685 1749 inveniuntur,
2740 1684 2866 1738 dum
2920 1685 3097 1738 dicit:
3144 1682 3290 1738 Visio
3327 1701 3488 1754 quam

1885 1783 2012 1836 vidit
2068 1780 2249 1836 Isaias
2312 1781 2561 1834 adversus
2622 1777 2964 1848 JEgyptum:
3006 1773 3149 1830 Visio
3204 1775 3490 1835 adversum

1885 1873 2239 1945 Babyloniam
2281 1874 2350 1927 ⁸⁸.
2384 1872 2521 1940 Quia
2569 1872 2732 1943 igitur
2770 1874 3048 1935 videbant,
3098 1880 3158 1925 ut
3206 1870 3490 1936 videbant,

165 1975 350 2029 mari.
392 1974 460 2029 Et
503 1988 655 2028 mare
692 1972 850 2036 vidit,
890 1972 981 2025 ubi
1024 1985 1192 2041 agens
1218 1983 1458 2039 praesens
1486 1982 1656 2035 mare,
1693 1975 1787 2022 aut
1815 1959 1862 2020 Β
1889 1967 2151 2022 videbant
2190 1970 2371 2021 autem
2406 1981 2512 2020 non
2541 1974 2602 2019 ut
2633 1964 2903 2019 homines.
2956 1962 3087 2030 Quae
3144 1977 3274 2034 ergo
3314 1964 3490 2020 oculis

167 2080 300 2120 non
330 2078 569 2137 praesens
598 2064 908 2134 conspexit.
966 2060 1036 2115 Et
1066 2072 1314 2132 quatuor,
1362 2058 1559 2129 inquit,
1602 2073 1787 2112 ascen-

167 2160 385 2212 debant
412 2157 541 2227 forte
577 2159 642 2210 de
686 2157 826 2210 mari
857 2155 903 2188 ⁸³
935 2174 947 2209 :
981 2155 1065 2209 lea
1104 2168 1175 2208 ex
1218 2152 1375 2219 mari,
1406 2161 1463 2205 et
1511 2166 1672 2207 ursus
1716 2165 1782 2205 ex

171 2251 356 2317 mari,
388 2258 441 2304 et
464 2250 666 2319 pardus
687 2264 755 2302 ex
782 2247 942 2302 mari.
971 2245 1201 2301 Intueris
1219 2244 1346 2314 quia
1364 2245 1479 2314 ipsa
1502 2242 1783 2313 Scriptura

172 2356 289 2409 per
335 2356 399 2396 ea
431 2355 553 2411 qua:
583 2341 802 2396 videtur
854 2339 1061 2409 ligare,
1122 2351 1221 2407 per
1267 2336 1459 2392 eadem
1505 2345 1560 2391 et
1600 2335 1781 2391 solvit.

176 2432 343 2490 Mare
381 2433 434 2487 in
468 2432 573 2487 illis
604 2447 710 2487 non
745 2441 864 2486 erat
892 2430 1051 2497 locis,
1102 2430 1192 2484 ubi
1224 2438 1344 2486 erat
1392 2428 1601 2485 Daniel.
1648 2428 1783 2485 Puta

174 2526 321 2595 quia
357 2533 477 2580 erat
523 2525 626 2589 lea,
668 2532 724 2578 et
748 2538 909 2577 ursus
950 2531 1007 2578 et
1050 2521 1255 2591 pardus
1283 2529 1338 2578 et
1391 2536 1590 2575 novum
1648 2522 1776 2575 illud

176 2618 397 2673 animal
427 2636 442 2674 :
471 2633 537 2674 ex
569 2617 708 2673 mari
730 2614 1008 2688 quomodo
1031 2614 1381 2670 ascendunt?
1414 2612 1572 2671 Venti
1604 2626 1782 2668 autem

180 2710 467 2782 quomodo
522 2711 816 2766 videntur?
882 2710 1021 2766 Puta
1085 2709 1211 2779 quia
1288 2708 1403 2763 visa
1468 2716 1597 2761 sunt
1656 2706 1780 2762 ista.

181 2803 456 2860 Ascendit
482 2803 567 2859 lea
592 2819 661 2859 ex
687 2805 848 2871 mari,
887 2805 1159 2875 quomodo
1185 2817 1411 2872 regnum
1441 2802 1495 2857 in
1527 2811 1692 2857 terra.
1724 2801 1784 2856 Si

182 2906 373 2950 autem
399 2911 621 2965 regnum
649 2896 702 2951 in
732 2906 877 2951 terra
914 2905 1019 2959 est,
1056 2911 1161 2950 non
1204 2904 1287 2949 est
1325 2894 1438 2964 jam
1485 2893 1567 2948 lea
1597 2916 1606 2947 :
1640 2894 1787 2961 quod

183 2987 341 3040 enim
367 2985 539 3041 visum
563 2993 648 3040 est
679 2984 822 3040 aliud
852 2994 994 3050 erat,
1045 2985 1189 3054 quod
1226 2993 1407 3037 autem
1462 2983 1785 3053 interpreta-

188 3088 311 3133 tum
354 3079 518 3135 aliud.
575 3078 682 3132 Sed
736 3087 863 3148 puta
927 3077 1055 3149 quia
1105 3076 1363 3132 transfert
1400 3085 1456 3131 et
1515 3074 1653 3131 leam
1715 3076 1783 3130 ad

188 3182 420 3240 regnum
451 3187 465 3225 :
498 3171 891 3239 interpretatur
932 3171 1076 3225 enim
1112 3168 1338 3239 angelus
1364 3168 1413 3223 ei
1440 3169 1532 3239 qui
1576 3169 1786 3223 viderat

188 3274 248 3322 et
281 3266 519 3336 reliquas
548 3264 693 3319 feras
717 3264 1140 3335 unumquodque
1167 3264 1223 3318 in
1251 3278 1347 3318 sua
1371 3262 1779 3319 constitutione.

192 3355 257 3414 Si
284 3356 385 3413 ista
421 3357 566 3411 enim
598 3371 718 3426 qua:
748 3358 889 3426 apud
933 3370 1032 3410 nos
1071 3365 1198 3410 sunt
1230 3364 1286 3411 et
1313 3355 1546 3411 visibilia
1575 3355 1780 3411 haben-

196 3457 309 3513 tur,
354 3448 746 3503 transferamus
775 3448 844 3501 ad
892 3446 1208 3513 invisibilia,
1262 3456 1318 3503 et
1363 3448 1609 3505 dicamus
1654 3449 1782 3518 quia

192 3556 302 3597 non
348 3541 591 3605 aderant,
642 3541 736 3596 sed
772 3542 887 3597 visa
939 3550 1101 3607 sunt;
1130 3551 1186 3596 et
1224 3542 1362 3597 visio
1396 3551 1519 3609 est,
1561 3553 1619 3598 et
1676 3559 1781 3597 non

194 3633 404 3687 natura:
434 3631 737 3701 progenies.
778 3630 1149 3688 Transeamus
1181 3634 1247 3688 ad
1281 3633 1475 3699 Deum,
1506 3633 1595 3689 ubi
1628 3635 1784 3689 sedes

193 3732 324 3779 sunt
374 3723 595 3792 positae;
657 3732 712 3779 et
774 3725 884 3796 jam
954 3739 1059 3780 non
1120 3725 1365 3781 dicamus
1429 3726 1585 3781 sedes
1636 3725 1783 3780 aliud

194 3814 425 3885 aliquid,
476 3818 569 3872 sed
611 3818 757 3888 ipsas
796 3820 954 3874 sedes
985 3836 998 3872 :
1024 3828 1078 3875 et
1106 3833 1209 3873 non
1241 3818 1351 3888 jam
1382 3819 1627 3875 dicamus
1656 3818 1782 3888 quia

196 3908 349 3964 visus
374 3918 455 3963 est
478 3908 570 3977 qui
603 3918 815 3965 nonest
844 3910 1097 3977 visibilis,
1125 3911 1220 3967 sed
1241 3912 1378 3967 visio
1397 3921 1500 3966 est.
1534 3909 1783 3965 Judicem

198 3998 541 4054 introducere
558 3999 757 4055 audeat
771 4000 863 4071 qui
885 4001 1015 4068 vult,
1041 4002 1121 4057 sic
1136 4001 1383 4057 concedit
1410 4002 1458 4057 ei
1482 4002 1781 4072 Scriptura.

200 4092 509 4148 Meminisse
560 4102 739 4147 autem
792 4102 1005 4164 oportet
1046 4094 1171 4163 quia
1226 4096 1594 4165 suggessimus
1640 4096 1784 4164 quod

198 4185 441 4255 suggerit
475 4193 531 4239 et
562 4194 779 4250 natura,
826 4186 951 4254 quia
996 4186 1138 4243 oculi
1192 4184 1374 4241 futura
1423 4202 1530 4241 non
1574 4186 1782 4241 vident.

197 4272 387 4343 Neque
441 4283 565 4345 post
623 4275 902 4346 quodlibet
982 4287 1319 4333 momentum
1396 4276 1478 4333 lea
1546 4277 1783 4348 primum

201 4382 424 4435 regnum
460 4378 587 4424 tunc
623 4368 723 4424 sub
767 4368 991 4426 Daniele
1042 4380 1180 4439 erat,
1209 4384 1475 4440 ursusque
1517 4368 1632 4439 ejus
1656 4385 1785 4425 suc-

200 4463 367 4517 cessit
417 4464 582 4531 re‘gno
619 4464 863 4532 :pardus
898 4462 1122 4518 tertium
1168 4478 1413 4533 regnum.
1470 4463 1585 4519 Non
1638 4466 1783 4520 enim

199 4567 528 4623 unoquoque
569 4553 791 4608 animali
829 4568 1078 4623 regnum,
1134 4557 1231 4609 sed
1275 4570 1613 4627 unaquaeque
1667 4558 1782 4614 fera

1889 2057 2170 2113 hominum
2206 2071 2310 2110 non
2340 2056 2617 2121 videntur,
2653 2070 2761 2110 non
2793 2063 2923 2109 sunt
2958 2056 3287 2124 corporalia.
3338 2052 3491 2111 Vidit

1888 2148 2078 2204 Daniel
2110 2167 2123 2203 :
2152 2148 2282 2219 quid
2308 2147 2479 2202 vidit?
2502 2149 2627 2218 quia
2658 2150 2805 2202 sedes
2829 2159 2952 2201 sunt
2970 2146 3179 2214 positor.
3216 2143 3488 2213 Quando?

1889 2238 1947 2295 Si
1991 2239 2137 2293 enim
2181 2237 2449 2309 judicium
2497 2239 2673 2305 vidit,
2716 2247 2844 2293 tunc
2887 2238 3075 2309 utique
3124 2254 3249 2294 cum
3302 2237 3484 2309 quarti

1890 2332 2039 2401 regni
2102 2332 2454 2402 interemptio
2502 2330 2685 2386 futura
2731 2340 2843 2388 est.
2892 2331 3091 2387 Iterum
3136 2342 3315 2387 tamen
3359 2346 3488 2387 cum

1887 2425 2005 2479 haec
2054 2425 2292 2489 videret,
2352 2438 2459 2479 non
2506 2424 2711 2479 ﬁebant
2750 2439 2815 2480 ea
2870 2438 2993 2494 qua:
3059 2424 3300 2480 videbat.
3376 2423 3489 2479 Cur

1887 2526 2068 2573 autem
2108 2528 2163 2573 et
2194 2518 2354 2573 sedes
2389 2516 2557 2583 videt,
2591 2518 2868 2571 Iudicium
2912 2517 3072 2579 redit,
3103 2514 3240 2571 visio
3265 2514 3333 2570 ad
3368 2512 3487 2570 elli-

1887 2610 2145 2666 cientiam
2172 2611 2317 2666 facta
2355 2619 2440 2667 est
2471 2612 2569 2667 rei.
2627 2608 2763 2677 Quia
2797 2610 2941 2665 enim
2968 2608 3109 2680 apud
3139 2623 3239 2664 nos
3273 2607 3487 2678 iudices

1888 2704 1941 2758 in
1973 2704 2102 2760 sede
2125 2705 2378 2760 sedentes
2410 2704 2658 2761 subditos
2687 2703 2790 2759 sibi
2818 2702 3093 2772 iudicant,
3132 2700 3285 2767 dicit,
3319 2699 3485 2755 Sedes

1887 2807 2006 2851 sunt
2041 2799 2249 2867 νοείτω.
2288 2798 2353 2853 Ει
2406 2809 2556 2854 certe
2603 2798 2649 2852 si
2705 2797 2827 2853 talis
2873 2808 3022 2854 esset
3061 2798 3204 2853 Deus
3258 2806 3482 2858 natura,

1889 2906 1996 2944 non
2031 2890 2221 2946 debuit
2252 2892 2460 2956 dicere,
2512 2892 2700 2961 posita:
2744 2898 2872 2947 sunt
2914 2890 3096 2957 sedes,
3144 2889 3264 2956 sed,
3301 2899 3482 2946 erant.

1888 2981 1945 3037 Si
1969 2992 2152 3037 autem
2171 2984 2359 3054 posita:
2387 2996 2657 3054 suntquae
2682 3000 2788 3038 non
2813 2992 2965 3039 erant
2993 2994 3155 3038 antea
3180 2982 3482 3047 collocatae,

1888 3082 1941 3129 et
1974 3075 2117 3129 sedit
2146 3075 2238 3145 qui
2272 3085 2400 3133 ante
2438 3092 2544 3131 non
2579 3077 2836 3143 sedebat;
2859 3093 2991 3149 ergo
3014 3090 3114 3132 nec
3141 3084 3273 3131 tunc
3295 3074 3489 3147 posita:

1887 3175 2036 3233 sunt,
2064 3182 2165 3223 nec
2195 3178 2322 3225 tunc
2349 3172 2490 3226 sedit
2513 3188 2526 3223 :
2548 3173 2643 3227 sed
2669 3172 3023 3241 ostenditper
3041 3185 3107 3225 ea
3128 3184 3247 3240 quae
3266 3168 3488 3239 cognita

1890 3269 2017 3314 sunt
2072 3260 2229 3315 nobis
2294 3262 2459 3317 verba
2513 3262 2861 3318 elﬁcientiam
2914 3262 3010 3317 Dei
3076 3262 3145 3317 ad
3197 3260 3486 3331 judicium.

1890 3353 2131 3423 Denique
2156 3364 2213 3408 et
2243 3356 2531 3425 descripsit
2565 3356 2675 3410 illic
2706 3357 2858 3411 albos
2903 3355 3149 3423 capillos,
3195 3355 3486 3410 candidam

1887 3454 2115 3513 vestem,
2158 3446 2336 3515 ignem
2382 3458 2513 3502 ante
2542 3448 2804 3518 judicem,
2865 3456 2922 3503 et
2968 3446 3192 3501 lluvium
3240 3448 3482 3518 igneum.

1891 3540 2033 3595 Dicit
2053 3542 2196 3596 enim
2220 3543 2348 3611 quia
2384 3541 2639 3598 Vetustus
2666 3545 2872 3605 dierum
2904 3544 3062 3597 sedit.
3095 3542 3205 3599 Cur
3229 3553 3479 3598 vetustus

1889 3633 2140 3687 dierum?
2190 3633 2257 3687 Et
2304 3643 2453 3689 certe
2482 3649 2553 3689 ne
2581 3634 2798 3703 quidem
2835 3636 2950 3691 dies
2982 3650 3119 3701 opus
3150 3645 3280 3691 sunt
3315 3636 3428 3691 Deo
3467 3655 3481 3689 :

1888 3724 1979 3778 sed
2010 3726 2137 3794 quia
2181 3726 2508 3781 resurrectio
2539 3726 2703 3782 [iebat
2738 3727 2790 3781 in
2822 3728 2969 3783 exitu
3006 3737 3227 3783 aetatum
3262 3745 3444 3799 regum
3468 3768 3485 3791 ,

1890 3816 2118 3871 multum
2157 3828 2369 3888 tempus
2399 3820 2771 3874 necessarium
2804 3821 3129 3876 habebatur.
3174 3821 3310 3888 Quia
3337 3823 3487 3876 enim

1888 3924 1983 3979 per
2013 3909 2210 3965 multos
2244 3912 2362 3967 dies
2405 3912 2799 3981 expediebatur
2844 3914 3011 3979 istud,
3043 3912 3329 3970 Vetustum
3370 3915 3488 3969 die-

1889 4016 2009 4055 rum
2042 4004 2294 4057 nominat
2326 4002 2591 4072 judicem.
2635 4002 2699 4057 Et
2728 4005 2855 4073 quia
2892 4006 3155 4061 mundum
3186 4014 3305 4061 erat
3336 4005 3489 4075 judi-

1887 4095 2031 4151 cium
2094 4104 2152 4150 et
2201 4097 2557 4165 purissimum
2592 4138 2607 4163 ,
2668 4108 2721 4151 et
2780 4096 3107 4165 inﬂexibile;
3144 4099 3254 4155 albi
3306 4100 3488 4171 capilli

1888 4190 2075 4244 mundi
2094 4189 2313 4259 judicis,
2350 4198 2407 4245 et
2436 4190 2668 4245 candida
2704 4191 2823 4261 ejus
2856 4192 3179 4249 vestimenta
3210 4201 3265 4249 et
3288 4194 3488 4249 imma-

1886 4280 2065 4334 culata
2100 4280 2359 4336 dicuntur
2390 4297 2403 4333 :
2439 4281 2561 4336 ideo
2587 4289 2644 4336 et
2676 4280 2855 4351 capilli
2883 4281 3029 4348 albi,
3071 4283 3187 4339 sive
3235 4292 3485 4339 vetusta-

1890 4379 1995 4423 tem
2043 4372 2430 4428 annuntiantes
2482 4381 2543 4427 et
2582 4372 2722 4442 ipsi,
2770 4373 2885 4428 sive
2935 4374 3123 4443 judicii
3165 4376 3485 4444 puritatem.

1887 4461 2001 4531 Ego
2023 4472 2205 4517 autem
2236 4472 2291 4518 et
2324 4465 2641 4537 contingere
2677 4465 2992 4521 istiusmodi
3032 4466 3275 4522 habitum
3314 4467 3485 4537 perti«

1889 4568 2092 4608 mesco.
2146 4553 2204 4608 Si
2265 4564 2447 4609 autem
2498 4572 2605 4612 non
2663 4566 2784 4612 erat
2832 4558 2974 4627 quod
3015 4557 3307 4624 diceretur,
3338 4559 3487 4629 quod

200 4659 426 4716 regnum
459 4653 545 4699 est
593 4644 799 4701 habens
841 4646 1039 4701 multos
1080 4661 1256 4717 reges.
1310 4647 1452 4719 Ergo
1496 4664 1666 4719 usque
1717 4650 1785 4705 ad
1818 4678 1860 4733 υ
1891 4652 2074 4715 posset
2098 4646 2353 4701 omnibus
2380 4647 2552 4701 videri
2584 4650 2844 4703 recedere
2885 4647 2955 4702 ab
2980 4648 3282 4703 istiusmodi
3319 4663 3487 4706 sensu

198 4746 456 4805 quartum
480 4749 706 4805 regnum
746 4736 900 4790 multi
934 4750 1107 4807 reges.
1145 4734 1276 4792 Post
1317 4748 1569 4807 quartum
1601 4749 1780 4794 autem

197 4841 425 4896 regnum
473 4825 734 4894 judicium
786 4827 1072 4882 adversum
1134 4840 1389 4898 quatuor,
1455 4836 1511 4885 et
1553 4839 1785 4899 quatuor

195 4930 309 4975 Ion
343 4916 629 4982 adversum
663 4918 918 4987 primum.
958 4918 1146 4973 Daniel
1175 4930 1356 4974 autem
1396 4929 1452 4975 et
1490 4920 1690 4989 primo,
1730 4932 1785 4977 et

195 5008 460 5071 secundo,
511 5016 565 5062 et
610 5008 792 5076 tertio,
827 5016 881 5063 et
921 5018 1118 5079 quarto
1153 5024 1322 5080 regno
1352 5009 1617 5079 judicium
1657 5025 1781 5083 post

196 5100 555 5157 novissimum
577 5110 827 5169 quartum
851 5141 866 5167 ,
897 5101 949 5154 in
988 5116 1095 5157 uno
1129 5112 1404 5157 momento
1436 5104 1593 5158 vidit.
1633 5103 1782 5159 Nun-

195 5191 329 5264 quid
368 5199 592 5261 possunt
620 5191 848 5247 adunari
871 5206 933 5247 ea
964 5208 1085 5262 qua
1115 5194 1275 5249 hodie
1305 5193 1447 5250 facta
1475 5205 1620 5264 sunt,
1654 5202 1779 5253 cum

195 5284 285 5340 his
304 5296 426 5354 quae
460 5284 699 5340 crastino
735 5283 886 5349 ﬁent,
931 5294 989 5339 et
1033 5288 1195 5341 tertio
1232 5296 1291 5341 et
1327 5298 1525 5357 quarto
1553 5289 1677 5356 die,
1722 5298 1783 5345 ut

197 5373 522 5429 vidcantur?
553 5371 611 5429 Si
637 5373 803 5445 igitur
822 5388 887 5429 ea
914 5389 1035 5445 qua:
1059 5376 1112 5430 in
1146 5385 1376 5447 quatuor
1399 5378 1600 5435 .diehus
1622 5379 1779 5448 liunt,

196 5468 266 5522 ad
305 5478 474 5521 unum
515 5468 849 5521 momentum
879 5468 1175 5523 convenire
1203 5483 1311 5524 non
1340 5478 1567 5540 possunt
1602 5486 1617 5523 :
1648 5485 1784 5541 quo-

196 5559 447 5617 modoea
471 5573 593 5630 qua
621 5558 679 5614 in
710 5569 945 5629 quatuor
974 5560 1155 5633 regnis
1191 5561 1331 5617 facta
1369 5570 1516 5629 sunt,
1556 5572 1611 5619 et
1650 5563 1784 5619 ﬂent

196 5654 254 5709 in
284 5650 451 5707 tantis
489 5650 703 5707 seculis
749 5661 804 5707 et
840 5653 1202 5724 temporibus,
1258 5654 1311 5709 in
1353 5669 1463 5710 uno
1505 5664 1783 5712 momento

195 5741 375 5799 oculis
427 5741 595 5796 videri
650 5744 987 5813 potuerunt?
1040 5743 1184 5815 Ergo
1233 5761 1357 5817 quae
1394 5746 1529 5802 vidit
1580 5745 1778 5803 Daniel

268 5946 319 5980 “
358 5946 494 6006 Dan.
538 5964 633 6015 vu,
673 5949 729 6005 2.
802 5952 847 5983 ⁸³
880 5950 1010 6007 ibid.
1085 5952 1132 5984 "
1171 5952 1276 6008 lsa.
1317 5967 1429 6020 six,
1469 5954 1531 6021 l;
1573 5968 1697 6022 xm,
1742 5952 1795 6009 l.

1893 4746 2151 4792 tacerem.
2192 4734 2298 4791 Sed
2345 4737 2584 4805 timidos,
2614 4739 2810 4808 inquit,
2843 4739 3024 4795 facitis
3050 4740 3190 4796 lilios
3223 4740 3386 4809 Israel
3412 4740 3485 4797 ’το

1889 4827 2004 4882 Cur
2029 4835 2209 4881 autem
2239 4836 2293 4881 et
2318 4824 2517 4881 ﬂuvius
2556 4827 2665 4883 illic
2708 4829 2898 4899 igneus
2939 4828 3150 4895 currit,
3188 4830 3317 4885 dicit
3355 4832 3486 4903 quia

1882 4918 2178 4975 interfecta
2215 4930 2299 4975 est
2325 4920 2523 4987 bestia,
2563 4929 2619 4975 et
2648 4936 2845 4990 corpus
2878 4920 2996 4989 ejus
3028 4921 3213 4977 datum
3252 4932 3338 4977 est
3374 4924 3485 4995 igni

1892 5011 1957 5065 ad
1985 5014 2348 5067 exurendum.
2382 5010 2497 5082 Qua
2540 5014 2685 5067 enim
2721 5013 2991 5069 sententia
3026 5015 3255 5071 bestiam
3297 5017 3487 5071 mitte-

1889 5103 1981 5158 bat
2030 5104 2085 5158 in
2125 5104 2329 5173 ignem,
2368 5107 2521 5176 prius
2557 5108 2883 5178 praeparavit
2932 5118 3340 5177 operamentum
3384 5124 3487 5179 per

1888 5195 2033 5264 quod
2068 5196 2313 5251 futurum
2342 5207 2461 5252 erat
2495 5197 2784 5267 judicium.
2844 5200 2921 5255 De
2961 5200 3048 5255 his
3088 5200 3254 5271 igitur
3277 5215 3397 5269 qua:
3426 5201 3484 5258 iu

1888 5286 2112 5343 Daniele
2148 5300 2277 5346 sunt
2310 5292 2484 5360 posita
2513 5332 2529 5357 ,
2571 5306 2639 5346 ex
2686 5292 2879 5348 bestiis
2932 5294 3038 5350 illis
3095 5306 3318 5349 manent
3361 5310 3485 5365 qua

1890 5380 2024 5435 visre
2068 5391 2195 5435 sunt
2246 5380 2414 5448 ferae,
2462 5398 2573 5439 non
2627 5395 2807 5439 autem
2853 5401 2975 5456 quae
3018 5386 3486 5444 annuntiabantur

1890 5485 2057 5543 regna
2086 5512 2104 5539 ,
2134 5484 2190 5527 et
2218 5488 2284 5529 ex
2322 5476 2659 5545 temporibus
2686 5492 2809 5547 qua:
2841 5478 3047 5533 habent
3086 5478 3261 5548 spatia
3302 5492 3485 5533 saucu-

1888 5563 2091 5633 lorum,
2126 5581 2250 5637 qua:
2280 5566 2572 5637 conjuncta
2612 5581 2740 5624 sunt
2786 5586 2881 5642 per
2929 5571 3195 5626 visionem
3224 5570 3289 5625 ad
3314 5586 3486 5638 unum

1887 5669 2246 5724 momentum,
2279 5668 2337 5715 et
2360 5674 2429 5716 ex
2468 5675 2537 5717 eo
2572 5663 2715 5732 quod
2764 5663 3028 5741 judicium
3077 5678 3185 5720 non
3232 5671 3359 5719 tunc
3397 5673 3486 5721 est

1885 5747 2114 5819 factum,
2144 5751 2363 5823 quando
2390 5765 2449 5811 et
2473 5756 2649 5813 visum
2692 5766 2811 5826 est;
2858 5772 2965 5815 non
2996 5755 3170 5814 solum
3202 5756 3270 5813 ad
3298 5758 3483 5831 suspi-

1874 5954 1918 5988 "
1975 5954 2153 6013 Lavit.
2206 5972 2302 6018 xv.
2351 5957 2445 6013 δι.
