4000 6434
593 413 725 473 HO?

1255 406 1526 466 EUSEBII
1561 402 2035 463 CESARIENSIS
2072 399 2221 459 OPP.
2262 400 2441 457 PARS
2474 398 2566 458 Π.
2604 430 2675 443 ——
2711 395 3130 459 DOGIIATlCA.

3712 396 3843 454 H68

593 535 817 593 tandum
852 531 1022 593 Deum
1050 546 1244 601 corpus
1287 544 1408 584 esse
1454 542 1560 581 non
1596 525 1777 582 debuit
1810 539 1916 582 non
1950 526 2151 590 sinere,
2181 527 2228 586 Α
2255 522 2425 576 medio
2454 537 2660 590 campo,
2705 531 2753 577 et
2787 520 3017 575 surrexit
3043 536 3189 576 meus
3211 521 3513 590 manipulus
3534 560 3554 588 ,
3590 527 3643 574 et
3680 530 3844 573 rectas

591 628 681 691 scd
714 628 894 704 potius
934 626 999 686 ad
1032 622 1457 680 satisfactionem
1504 618 1715 683 venire,
1743 616 1868 685 quia
1907 614 2156 685 incorpo-

591 725 719 782 ralis
750 733 833 778 est
858 720 1020 774 Deus.
1071 716 1163 771 Est
1212 725 1389 768 autem
1440 710 1667 766 rationis
1708 718 1764 764 et
1815 707 1900 763 his
1955 704 2154 763 similia

589 816 809 871 addere.
850 812 966 882 ipsa
1014 810 1158 866 enim
1191 806 1330 861 visio
1361 802 1596 858 Danielis
1639 816 1759 872 quae
1805 812 1903 870 per
1952 798 2157 854 bestias

587 907 727 963 facta
758 911 862 968 est,
902 916 1052 957 soror
1097 907 1180 955 est
1220 898 1336 966 ejus
1359 910 1523 965 quam
1558 893 1696 948 vidit
1732 905 1831 963 per
1863 890 2153 961 imaginem

589 993 1104 1056 Nabuchodonosor,
1144 1000 1199 1043 et
1242 988 1485 1043 salvatur
1526 1000 1646 1039 cum
1685 981 2003 1052 pmnitentia
2040 979 2153 1049 (79)

589 1093 983 1157 comparantur,
1013 1090 1068 1136 et
1098 1095 1130 1136 e
1156 1088 1345 1135 contra
1381 1084 1657 1147 ponuntur
1679 1087 1743 1128 ea
1776 1085 1896 1143 quae
1935 1070 1986 1125 in
2022 1071 2153 1123 ima—

586 1179 707 1250 gine
727 1178 839 1233 visa
863 1185 1007 1240 sunt,
1039 1182 1093 1228 et
1114 1187 1175 1228 ea
1194 1186 1314 1241 qua:
1334 1184 1430 1239 per
1452 1168 1713 1224 visionem
1734 1166 1891 1220 istam
1916 1162 2153 1218 ferarum

585 1278 801 1327 ostensa
858 1273 1175 1321 noscuntur.
1222 1262 1464 1329 Quatuor
1515 1258 1661 1314 enim
1710 1264 1868 1312 erant
1924 1263 1980 1309 et
2032 1254 2155 1309 istic

585 1363 713 1419 fera
734 1361 947 1416 diversa
982 1366 1215 1421 natura;
1261 1362 1495 1425 quatuor
1530 1358 1710 1406 autem
1740 1359 1796 1405 et
1827 1349 1936 1405 illic
1982 1355 2153 1404 mato-

584 1455 680 1511 ria:
706 1459 1039 1509 concurrunt
1068 1449 1137 1503 ad
1178 1443 1625 1515 compositionem
1669 1441 1828 1497 unius
1873 1438 2151 1511 imaginis,

581 1556 639 1603 et
676 1545 809 1605 nihil
838 1558 935 1598 nos
962 1539 1208 1612 prohibet
1239 1552 1404 1591 unum
1427 1538 1495 1590 ad
1522 1549 1689 1591 unum
1719 1534 2055 1603 interrogare
2096 1538 2151 1585 et

581 1639 786 1695 videre.
814 1635 921 1691 Lea
946 1646 1173 1704 regnans
1210 1630 1441 1686 habetur
1475 1628 1528 1682 in
1558 1626 1687 1682 feris
1712 1642 1727 1680 :
1753 1639 1941 1679 aurum
1968 1632 2150 1677 autem

580 1728 892 1801 praecedens
936 1726 988 1780 in
1027 1721 1328 1779 istiusmodi
1373 1718 1617 1776 materiis
1646 1736 1660 1773 :
1686 1716 1849 1787 fulget
1896 1716 2062 1779 enim,
2096 1721 2152 1768 et

580 1825 722 1881 sicut
750 1819 886 1891 ignis
929 1834 983 1873 tn
1024 1824 1218 1883 nocte,
1262 1815 1335 1869 ita
1377 1826 1568 1867 aurum
1616 1811 1758 1865 inter
1796 1816 1987 1863 cetera
2031 1820 2151 1876 qua

581 1874 942 1985 possidentur.
991 1874 1337 1977 Accipiamus
1378 1903 1541 1972 igitur
1568 1901 1638 1957 ab
1669 1899 1901 1970 imagine
1931 1874 2150 1969 quidem
2181 1874 2225 1931 Β

580 2015 740 2075 caput
786 2016 1044 2067 aureum;
1096 2014 1125 2053 a
1166 1998 1373 2053 visione
1425 2006 1606 2051 autem
1650 1993 1810 2048 istam
1860 1990 2024 2048 leam.
2083 1989 2154 2045 Et

578 2095 723 2153 forte
743 2094 865 2151 i'deo
892 2102 1124 2161 utraque
1156 2088 1385 2146 femineo
1429 2086 1667 2151 nomine,
1714 2085 1841 2156 quia
1877 2092 1933 2138 et
1962 2097 2151 2153 regna.

582 2183 713 2242 Inde
763 2184 1093 2240 acciniamus
1141 2188 1459 2251 argenteum
1513 2186 1727 2247 pectus,
1775 2184 1832 2232 et
1876 2174 2149 2230 brachia:

581 2284 702 2347 post
738 2287 950 2336 aurum,
974 2278 1259 2341 argentum
1284 2310 1299 2335 ,
1336 2276 1464 2338 post
1488 2265 1652 2329 leam,
1674 2279 1859 2321 ursum
1894 2279 1910 2318 :
1946 2272 2001 2319 et
2027 2262 2151 2327 tria,

581 2365 693 2421 illic
730 2370 1102 2425 atramentum,
1147 2358 1271 2415 istic
1316 2355 1589 2428 pardum;
1637 2352 1959 2410 subducitur
2007 2350 2150 2407 enim

579 2456 872 2515 secundum
906 2451 1283 2527 ptenitentiam
1311 2447 1433 2521 .(80)
1474 2446 1827 2518 comparatio.
1878 2445 2007 2500 Inde
2039 2448 2150 2514 jam

582 2548 901 2621 permiatum
950 2546 1150 2601 ferrum
1194 2558 1319 2599 cum
1359 2549 1541 2606 testa;
1600 2540 1727 2595 istic
1776 2538 1950 2594 bestia
1998 2537 2154 2607 cujus

582 2642 812 2713 iiguram
863 2648 1087 2710 propter
1123 2634 1440 2690 varietatem
1489 2648 1595 2689 non
1647 2629 2031 2686 manifestavit.
2086 2629 2155 2684 Et

581 2732 695 2789 illic
731 2730 869 2801 lapis
891 2728 1209 2787 comminuit
1248 2726 1578 2795 imaginem;
1609 2722 1730 2778 istic
1754 2722 1920 2791 judex
1945 2720 2153 2791 judicat

582 2824 805 2880 bestias.
850 2821 909 2877 Si
953 2820 1073 2891 quis
1122 2820 1287 2890 igitur
1336 2815 1711 2871 contentiosus
1753 2812 1988 2868 voluerit
2036 2812 2151 2867 hac

580 2912 808 2971 visibilis
837 2926 988 2979 esse,
1025 2911 1169 2966 dicat
1200 2907 1355 2963 nobis
1384 2915 1562 2962 utrum
1602 2912 1766 2975 caput
1801 2912 1885 2960 est
1924 2916 2149 2958 aureum

581 3007 666 3062 lea
706 3024 719 3059 :
754 3015 981 3073 utraque
1030 3002 1174 3056 enim
1228 2999 1297 3055 ad
1354 2999 1458 3054 hoc
1503 2997 1677 3067 ipsum
1708 3001 2060 3061 concurrunt,
2093 3003 2151 3050 et

581 3105 811 3165 utraque
854 3090 955 3148 sibi
996 3105 1101 3145 non
1152 3088 1375 3155 similia,
1425 3100 1601 3156 neque
1633 3087 1744 3157 qui'
1771 3086 2145 3140 annuntiatur.

2256 613 2418 676 stetit,
2451 621 2500 666 et
2529 613 2759 667 conversi
2792 610 3050 680 manipuli
3086 612 3239 666 vestri
3271 612 3636 666 adoramut
3677 624 3845 661 meum

2255 703 2585 771 manipulum
2628 701 2699 759 ⁸⁸.
2736 702 2802 757 Et
2835 702 3226 770 interpretatur
3255 711 3408 771 pater
3428 742 3445 767 ,
3471 708 3528 755 et
3554 698 3845 769 suspican-

2260 804 2346 850 tur
2388 792 2609 857 fratres,
2657 794 2787 865 quia
2843 792 3068 863 incipiet
3130 807 3362 864 regnare
3424 806 3601 862 super
3654 789 3846 846 fratres

2256 903 2403 944 suos.
2429 886 2496 942 Et
2523 902 2667 941 nunc
2691 885 2911 956 quidem
2952 883 3209 955 manipuli
3238 900 3254 939 :
3285 886 3485 939 iterum
3509 892 3701 938 autem
3734 883 3847 951 ipse

2256 979 2421 1034 solem
2453 989 2508 1034 et
2548 977 2729 1032 lunam
2769 976 2917 1031 videt
2953 986 3013 1032 et
3050 975 3295 1031 undecim
3328 974 3534 1031 stellas.
3572 972 3771 1030 [ἥσει-ι
3794 974 3845 1027 ln

2256 1071 2421 1144 gloria
2453 1069 2631 1137 stella,
2675 1068 2984 1137 manipulus
3030 1083 3138 1122 non
3186 1064 3387 1122 diﬂ'ert.
3453 1066 3569 1121 Sed
3623 1073 3849 1136 apparet

2254 1164 2380 1233 quia
2415 1162 2569 1218 stella
2610 1161 2886 1233 manipulo
2930 1162 2998 1216 ad
3035 1159 3178 1230 quod
3216 1169 3444 1231 accepta
3480 1167 3594 1225 est,
3626 1173 3738 1214 non
3767 1168 3847 1213 est

2254 1257 2465 1313 melior.
2498 1255 2636 1312 Cum
2674 1255 2821 1311 enim
2882 1262 3038 1325 pater
3071 1254 3284 1323 positus
3324 1260 3409 1307 est
3445 1252 3501 1306 in
3527 1250 3658 1307 loco
3693 1249 3849 1315 solis,

2252 1359 2428 1406 mater
2465 1356 2644 1404 autem
2690 1348 2747 1403 in
2798 1345 2918 1402 loco
2966 1345 3143 1408 lunae,
3204 1345 3398 1399 fratres
3439 1355 3848 1413 consequenter

2252 1439 2623 1497 efﬁciebantur
2646 1440 2701 1495 in
2729 1439 2849 1496 loco
2874 1438 3154 1494 stellarum
3190 1455 3203 1491 :
3235 1436 3373 1493 forte
3394 1451 3583 1492 autem
3618 1452 3723 1491 nec
3745 1437 3847 1491 ista

2252 1531 2577 1604 simpliciter
2636 1532 2897 1587 debemus
2953 1529 3194 1585 transire
3240 1547 3254 1585 :
3294 1530 3389 1585 sed
3432 1530 3571 1598 quia
3634 1530 3853 1584 occasio

2253 1624 2593 1680 adorationis
2620 1623 2759 1677 facta
2781 1631 2868 1678 est
2894 1622 3164 1677 fructuum
3200 1621 3560 1687 abundantia,
3590 1620 3723 1676 ideo
3750 1634 3854 1675 non

2253 1716 2323 1771 ab
2356 1717 2461 1770 alia
2486 1714 2777 1771 occasione
2822 1713 2962 1769 vidit
2994 1714 3287 1769 adorantes
3323 1726 3386 1767 se
3427 1710 3663 1776 fratres,
3687 1725 3855 1779 quam

2255 1826 2284 1864 a
2324 1807 2616 1879 manipulis
2648 1806 2934 1862 messium.
3004 1804 3061 1860 Si
3108 1803 3231 1873 quis
3284 1814 3465 1860 autem
3507 1802 3756 1859 voluerit
3800 1811 3859 1859 α

2255 1901 2460 1967 stellas,
2490 1909 2549 1954 et
2571 1899 2779 1964 lunam,
2816 1906 2869 1953 et
2898 1897 3071 1953 solem
3105 1897 3407 1967 requirere,
3440 1899 3509 1952 ad
3536 1897 3708 1951 istum
3733 1911 3856 1952 ser-

2256 2006 2470 2049 monem
2502 1990 2741 2046 inveniet
2776 2004 3131 2046 concurrere.
3173 1990 3305 2057 Quis
3346 1989 3494 2043 enim
3528 1988 3757 2060 ignorat
3788 2000 3856 2043 ex

2254 2086 2505 2141 omnibus
2527 2083 2697 2155 Moysi
2730 2097 2919 2138 vocem
2941 2124 2956 2149 ,
2983 2082 3110 2151 quia
3137 2097 3206 2137 ex
3233 2079 3478 2152 frugibus
3502 2096 3647 2151 quos
3680 2081 3857 2136 nutrit

2254 2177 2333 2234 sol
2373 2186 2427 2231 et
2459 2175 2586 2231 luna
2612 2216 2627 2241 ,
2668 2175 2811 2231 facta
2839 2176 3055 2231 occasio
3097 2183 3182 2230 est
3212 2174 3480 2229 visionis?
3532 2174 3686 2244 Ergo
3722 2174 3857 2243 quia

2254 2270 2525 2325 fructuum
2556 2278 2680 2324 erat
2703 2269 2943 2333 occasio,
2965 2282 3065 2338 per
3084 2281 3147 2322 ea
3174 2281 3295 2338 qua:
3322 2266 3506 2338 fruges
3533 2269 3854 2336 enutriunt,

2255 2361 2399 2417 facta
2425 2371 2510 2417 est
2536 2370 2591 2416 et
2616 2359 2757 2417 visio
2789 2359 3008 2429 duplex.
3037 2358 3367 2431 Putas-ergo
3393 2361 3518 2431 quia
3544 2360 3755 2430 aliquis
3784 2377 3857 2417 ex

2256 2455 2340 2510 his
2360 2454 2455 2525 qui
2479 2454 2699 2519 adsunt,
2730 2453 3022 2525 invigilans
3048 2463 3106 2508 et
3132 2453 3367 2516 sobrius,
3403 2455 3671 2525 cogitavit
3700 2460 3851 2525 apud

2254 2562 2315 2601 se
2343 2555 2403 2601 ut
2436 2546 2674 2612 sobrius,
2707 2545 2835 2616 quia
2864 2546 2984 2602 ista:
3014 2545 3257 2603 visiones
3286 2558 3383 2615 per
3405 2546 3682 2602 insomnia
3711 2556 3843 2602 sunt

2254 2638 2430 2702 factae,
2474 2646 2530 2693 et
2575 2638 2714 2694 forte
2758 2638 3127 2708 suspicabitur
3160 2638 3269 2694 vim
3309 2638 3491 2694 facere
3525 2655 3629 2695 nos
3677 2648 3738 2695 et
3766 2640 3854 2695 his

2252 2728 2553 2785 visionibus
2588 2744 2711 2800 qua
2758 2744 2857 2798 per
2901 2729 3174 2785 insomnia
3218 2731 3373 2785 factas
3421 2742 3756 2798 noscuntur,
3792 2741 3852 2787 et

2254 2820 2320 2875 ad
2351 2819 2677 2876 minutionem
2699 2834 2793 2876 eas
2813 2821 3082 2890 accipere,
3103 2836 3226 2892 qua
3257 2821 3510 2877 videntur
3536 2836 3634 2891 per
3656 2821 3856 2878 oculos

2253 2910 2383 2965 visa:
2415 2908 2484 2965 ab
2508 2907 2936 2980 invigilantibus.
2976 2908 3033 2966 Si
3060 2912 3209 2966 enim
3240 2911 3313 2966 ita
3351 2922 3520 2976 esset,
3555 2915 3852 2982 subripere

2252 2998 2531 3065 deberem,
2580 3006 2636 3053 et
2675 2998 2781 3054 hoc
2828 2997 3007 3069 ipsum
3060 2999 3294 3055 suadere
3334 3009 3388 3055 et
3426 3001 3617 3056 ludere
3651 3017 3666 3052 :
3704 3002 3852 3060 forte

2255 3100 2434 3146 autem
2461 3099 2517 3145 et
2543 3089 2590 3143 si
2627 3091 2938 3158 tacuissem,
2965 3090 3092 3161 quia
3124 3106 3224 3160 per
3252 3091 3517 3147 insomnia
3545 3092 3731 3149 factus
3762 3104 3854 3150 est

581 3186 719 3256 Quid
748 3184 893 3240 enim
916 3184 983 3237 ad
1017 3182 1156 3237 leam
1186 3180 1418 3280 aurum?
1448 3178 1590 3247 Quid
1620 3189 1801 3234 autem
1828 3188 2060 3280 utraque
2082 3178 2150 3234 ad
2179 3218 2225 3280 ϐ
2256 3180 2391 3236 mihi
2416 3195 2620 3248 sermo,
2653 3179 2869 3235 viderer
2899 3181 2983 3236 bis
3020 3182 3113 3252 qui
3148 3182 3327 3238 adhuc
3364 3184 3735 3251 somniantur,
3781 3196 3842 3242 et

583 3274 847 3348 regnum!
869 3286 924 3328 et
951 3274 1024 3327 ita
1060 3286 1125 3327 ea
1153 3286 1275 3341 qua:
1302 3270 1682 3340 insequuntur,
1700 3284 1820 3339 quae
1846 3279 1901 3324 et
1921 3270 1992 3324 ab
2018 3270 2153 3323 ima-

582 3368 708 3439 gine
738 3365 1109 3436 proferuntur,
1135 3373 1188 3418 et
1216 3376 1335 3433 qua:
1362 3376 1393 3415 a
1425 3361 1613 3416 bestiis
1657 3361 2058 3416 discernuntur.
2090 3360 2156 3416 Et

583 3461 693 3516 illic
729 3458 866 3528 lapis
892 3458 1012 3512 sine
1038 3456 1306 3521 manibus,
1339 3464 1399 3508 ut
1433 3467 1537 3507 non
1575 3452 1808 3508 hominis
1861 3452 1935 3506 sit
1978 3466 2151 3522 opus;

584 3552 705 3609 istic
748 3551 931 3622 judex.
980 3548 1046 3603 Et
1089 3548 1195 3603 illic
1217 3548 1342 3617 quia
1385 3544 1625 3600 materia:
1675 3552 1867 3612 erant,
1920 3545 2147 3600 commi-

582 3653 853 3708 nuuntur;
889 3641 1010 3696 istic
1044 3639 1169 3710 quia
1214 3637 1383 3693 bestia
1427 3645 1562 3703 erat,
1599 3636 1652 3689 in
1685 3635 1861 3706 ignem
1894 3636 2151 3693 mittitur.

582 3733 662 3789 lta
691 3734 951 3789 habemus
978 3742 1033 3788 et
1058 3730 1357 3786 Pharaonis
1386 3728 1565 3797 spicas
1588 3767 1606 3794 ,
1641 3736 1697 3782 et
1727 3728 1893 3783 boves
1924 3736 2153 3797 septem,

584 3834 639 3879 et
672 3824 895 3894 pingues
933 3832 988 3877 et
1025 3820 1363 3877 macilentas.
1398 3817 1467 3873 Et
1508 3828 1770 3890 quantum
1799 3820 1866 3875 ad
1902 3829 2153 3874 naturam

582 3925 832 3984 spectat,
880 3914 1048 3969 boves
1096 3912 1310 3983 quidem
1353 3912 1532 3981 spicas
1583 3913 1943 3978 manducant,
1992 3913 2159 3982 spica:

584 4017 764 4061 autem
794 4022 824 4059 a
865 4006 1035 4061 bubus
1082 4006 1461 4061 comeduntur.
1511 4003 1663 4071 Quod
1715 4014 1894 4059 autem
1947 4004 2159 4076 signifi-

584 4108 740 4153 catur
792 4106 846 4152 et
893 4097 961 4152 ab
1015 4097 1099 4151 his
1126 4096 1215 4165 qui
1253 4095 1667 4159 manducantur,
1722 4105 1777 4151 et
1829 4098 1897 4151 ab
1943 4097 2032 4152 his
2064 4096 2158 4168 qui

586 4190 946 4254 manducant,
1004 4188 1174 4259 ipsam
1226 4186 1580 4255 eamdemque
1632 4187 1830 4242 habent
1873 4187 2156 4243 virtutem.

584 4282 665 4335 Ad
691 4280 833 4351 quod
858 4280 999 4334 enim
1038 4279 1213 4332 fuerat
1251 4288 1530 4347 acceptum
1575 4292 1680 4333 non
1729 4278 2012 4347 dissentit,
2062 4279 2158 4335 sed

586 4385 643 4431 et
666 4373 975 4429 necessaria
1001 4370 1137 4426 visio
1160 4378 1266 4426 est.
1298 4368 1437 4437 Quia
1472 4370 1615 4425 enim
1636 4370 1705 4424 de
1734 4370 1911 4435 annis,
1935 4381 1990 4426 et
2020 4370 2163 4425 nati-

588 4467 781 4533 vitate,
809 4472 865 4520 et
897 4462 1165 4518 fructibus
1190 4471 1330 4525 erat,
1366 4461 1531 4531 spicae
1572 4471 1756 4516 autem
1799 4462 1994 4516 horum
2038 4469 2163 4529 sunt

2258 3271 2563 3327 inauditum
2613 3269 2827 3326 edicere
2861 3271 2993 3341 quid
3036 3280 3095 3327 et
3136 3272 3419 3328 exhibere.
3475 3273 3617 3337 Quia
3659 3285 3855 3332 autem

2258 3362 2508 3419 veritatis
2530 3370 2614 3418 est
2646 3362 2822 3430 locus,
2881 3372 2937 3419 et
2984 3378 3092 3419 non
3142 3380 3243 3421 nos
3293 3366 3557 3423 seducere
3604 3377 3856 3437 oportet,

2258 3472 2436 3528 neque
2488 3456 2730 3513 suasioni
2789 3466 3038 3529 captare,
3101 3460 3340 3515 sciamus
3383 3461 3511 3530 quia
3566 3460 3687 3516 hac
3728 3476 3859 3533 qua

2256 3548 2401 3605 dicta
2428 3558 2555 3604 sunt
2578 3547 2760 3604 omnia
2788 3563 2886 3620 per
2922 3548 3194 3605 insomnia
3218 3550 3336 3605 visa
3370 3560 3497 3606 sunt
3522 3566 3536 3603 :
3574 3551 3857 3621 siquidem

2256 3649 2312 3695 et
2350 3639 2851 3695 Nabuchodonosor
2895 3640 3165 3695 somnium
3207 3641 3364 3710 vidit,
3407 3652 3464 3697 et
3492 3642 3683 3699 Daniel
3721 3644 3858 3702 illud

2257 3732 2403 3802 quod
2448 3731 2683 3787 diximus
2720 3744 2819 3800 per
2871 3732 3144 3787 somnium
3195 3733 3355 3797 vidit,
3400 3744 3454 3788 et
3501 3733 3762 3801 Pharao,
3801 3747 3862 3793 et

2267 3823 2592 3894 Joseph-per
2617 3823 2889 3879 insomnia
2914 3824 3226 3881 habuerunt
3254 3825 3390 3881 istas
3417 3827 3683 3884 visiones.
3708 3828 3860 3886 Nihil

2257 3930 2389 3988 ergo
2423 3916 2622 3971 mirum
2677 3915 2723 3969 si
2773 3926 2828 3969 et
2877 3916 3036 3972 nobis
3084 3932 3182 3988 per
3226 3918 3497 3974 insomnia
3547 3933 3859 3992 appareant

2259 4010 2382 4079 qua}
2415 4008 2691 4062 videntur.
2741 4007 2861 4062 Alia
2892 4008 3039 4064 enim
3080 4010 3147 4065 de
3174 4008 3299 4067 aliis
3340 4010 3662 4081 frequenter
3707 4016 3859 4072 vide-

2259 4115 2403 4167 mus,
2431 4108 2523 4153 ant
2569 4107 2943 4168 tempestatem
2970 4094 3162 4167 maris,
3192 4110 3288 4155 aut
3315 4104 3685 4175 nosmetipsos
3719 4107 3857 4162 trahi

2261 4207 2292 4246 a
2324 4190 2523 4257 ﬂuviis,
2550 4199 2847 4260 autprata,
2883 4201 2978 4247 aut
3007 4190 3253 4260 fructus;
3297 4203 3392 4249 aut
3430 4196 3559 4265 quia
3591 4199 3663 4253 de
3703 4200 3861 4255 tectis

2261 4283 2574 4353 dejicimur,
2601 4292 2699 4337 aut
2723 4283 2851 4353 quia
2882 4284 3167 4341 thesauros
3200 4284 3535 4353 invenimus,
3588 4300 3690 4344 aut
3731 4292 3855 4363 quia

2262 4374 2544 4429 amisimus
2561 4374 2786 4445 aliquid,
2810 4383 2903 4429 aut
2931 4375 3059 4446 quia
3083 4376 3473 4447 subingressus
3497 4389 3586 4435 est
3608 4383 3857 4452 quidam,

2264 4473 2358 4518 aut
2388 4464 2517 4534 quia
2560 4464 2701 4522 alius
2733 4468 2921 4532 exivit,
2960 4475 3054 4521 aut
3095 4467 3225 4538 quia
3274 4468 3490 4525 locutus
3538 4482 3627 4526 est
3674 4477 3862 4530 nescio

590 4555 910 4626 genitrices;
957 4566 1054 4622 per
1095 4550 1272 4620 spicas
1311 4551 1528 4619 quidem
1580 4550 1704 4604 anni
1747 4552 2156 4606 aununtiantur.
2192 4568 2239 4624 ι)
2266 4557 2411 4625 quis,
2447 4566 2540 4611 aut
2583 4557 2710 4627 quia
2740 4558 2892 4613 dedit
2938 4558 3157 4628 aliquis.
3211 4557 3383 4614 Erant
3431 4571 3621 4617 autem
3666 4578 3861 4621 omnes

590 4648 722 4714 Quia
758 4655 1057 4713 autemper
1085 4656 1248 4712 opera
1274 4643 1435 4697 boum
1460 4653 1760 4696 nascuntur
1784 4642 1969 4712 spicae.
1994 4641 2160 4698 b0ves
2267 4647 2385 4703 ista:
2418 4648 2762 4714 ambitiones,
2812 4650 2960 4706 sicut
2991 4649 3123 4705 dicit
3169 4648 3339 4706 Isaias
3370 4666 3387 4704 :
3418 4648 3574 4707 Sicut
3604 4656 3703 4725 qui
3735 4658 3861 4712 sidit

588 4754 822 4812 quorum
842 4736 1087 4807 operatio
1109 4734 1297 4806 fruges
1323 4742 1470 4803 sunt,
1506 4742 1561 4789 et
1588 4734 1754 4804 spica:
1779 4734 1940 4791 boum
1966 4737 2161 4791 nativi-
2267 4741 2600 4809 semetipsum
2640 4742 3048 4796 manducantem
3072 4759 3164 4811 per
3184 4760 3424 4798 somnum
3445 4756 3536 4799 aut
3570 4746 3858 4815 bibentem,

592 4844 766 4898 tates;
825 4838 1043 4897 accepta
1099 4827 1316 4898 quidem
1365 4835 1492 4882 sunt
1536 4828 1721 4895 varie,
1772 4830 2163 4885 annuntiarunt
2269 4830 2522 4900 euigilans
2555 4841 2729 4886 autem
2774 4834 2949 4887 adhuc
2991 4834 3155 4887 esurit
3182 4844 3275 4888 aut
3305 4836 3417 4889 sitit
3449 4835 3519 4890 ”.
3558 4836 3706 4894 Cum
3746 4856 3862 4896 ma-

591 4934 772 4979 autem
810 4921 1025 4976 eﬂ'ecttt.
1073 4918 1241 4975 Putas
1274 4934 1403 4989 ergo
1456 4918 1665 4975 fructus
1712 4920 1867 4976 bovis
1916 4929 2033 4988 est,
2070 4931 2165 4976 aut
2273 4920 2420 4976 xime
2452 4922 2552 4976 visi
2585 4938 2773 4979 sumus
2800 4924 3104 4979 exsolvisse
3131 4933 3186 4980 et
3216 4925 3355 4992 ista,
3386 4937 3441 4981 et
3480 4930 3864 5003 unusquisque

593 5016 755 5086 spica:
804 5012 1011 5066 annus?
1047 5009 1150 5063 Sed
1184 5010 1285 5063 alia
1330 5010 1546 5078 quidem
1584 5021 1708 5065 sunt
1739 5026 1858 5081 qua:
1890 5010 2163 5077 videntur,

598 5105 702 5160 alia
739 5112 920 5159 autem
951 5117 1069 5172 qua:
1095 5100 1511 5154 aununtiantur.
1539 5096 1739 5165 Joseph
1772 5108 1954 5153 autem
1991 5100 2166 5154 mani-

596 5195 751 5265 pulos
794 5194 921 5248 vidit
960 5211 974 5247 :
1012 5207 1190 5246 nonne
1242 5190 1502 5245 deberent
1543 5199 1600 5243 et
1658 5189 1780 5244 istic
1819 5189 1947 5244 anni
2008 5190 2168 5246 esse?

600 5288 707 5341 Sed
738 5285 813 5341 ait
847 5304 861 5338 :
892 5283 1181 5339 Somniauit
1217 5291 1391 5334 autem
1420 5280 1677 5333 somnium
1702 5276 1917 5349 Ioseph,
1944 5288 1990 5333 et
2024 5289 2167 5333 retu-

601 5377 662 5429 lit
687 5378 937 5448 fratribus
976 5375 1107 5439 suis,
1152 5383 1199 5427 et
1225 5372 1359 5425 dixit
1386 5372 1459 5425 eis
1509 5371 1735 5424 :Audite
1765 5372 2028 5425 somnium
2070 5371 2167 5425 hoc

603 5468 738 5535 quod
770 5466 1046 5521 somniavi.
1090 5460 1356 5516 Putabam
1391 5476 1484 5514 nos
1520 5460 1739 5529 alligare
1776 5461 2069 5530 manipulos
2113 5462 2169 5515 in

674 5584 718 5616 ⁸⁸
743 5584 874 5639 Gen.
908 5599 1115 5643 ηιμ-ιι,
1146 5580 1197 5635 5.
1274 5578 1319 5611 "
1350 5578 1448 5634 isa.
1478 5594 1628 5642 xxix,
1663 5579 1715 5632 8.

676 5704 787 5776 (79)
818 5704 945 5758 Cum
983 5702 1302 5776 penitentia.
1328 5699 1604 5776 interpres
1636 5698 1847 5776 videtur
1883 5699 2169 5769 μετάνοιαν

605 5769 959 5843 paenitentiam
984 5773 1177 5841 legisse
1200 5786 1294 5843 pro
1322 5770 1561 5824 διάνοιαν
1588 5769 1972 5843 cogitationem.

682 5844 791 5916 (80)
824 5838 1213 5898 Pwnitsntiam.
1249 5839 1344 5897 Hic
1375 5855 1587 5912 quoque
1622 5838 1855 5895 διάνοιαν
1899 5841 2171 5911 rogitatio-

2276 5014 2610 5069 audientium
2632 5017 2746 5086 jam
2783 5032 2937 5073 suam
2971 5018 3240 5075 refecerat
3280 5030 3517 5076 mentem
3540 5062 3558 5089 ,
3600 5031 3859 5095 tanquam

2278 5103 2551 5161 solutione
2580 5105 2803 5163 inventa
2831 5108 3268 5167 etsoliicitudine
3294 5110 3502 5179 soluta;
3528 5113 3718 5171 subito
3746 5132 3864 5187 qua

2278 5204 2475 5266 putata
2503 5208 2631 5254 sunt
2654 5201 2891 5258 visiones
2924 5203 3153 5259 somniis
3184 5202 3453 5270 revelata,
3478 5204 3686 5261 iterum
3709 5208 3863 5264 nobis

2276 5290 2722 5346 constrinxerunt
2790 5292 3007 5349 vincula
3063 5297 3420 5364 quaestionum
3452 5335 3471 5361 ,
3544 5306 3604 5353 et
3652 5309 3864 5371 tempus

2278 5380 2633 5447 apprehendit
2658 5383 3069 5465 tpciturnitatis.
3120 5384 3285 5441 Forte
3328 5401 3433 5441 non
3482 5388 3862 5460 importunum

2282 5478 2494 5539 tempus
2529 5487 2703 5543 neque
2734 5475 2924 5530 inutile
2953 5484 3059 5531 est.
3102 5474 3158 5531 Si
3190 5475 3334 5531 enim
3378 5490 3435 5534 et
3460 5480 3691 5549 quidam
3725 5498 3861 5553 prte-

2278 5720 2394 5785 nem
2432 5704 2611 5785 potius
2640 5719 2801 5773 quam
2846 5708 3137 5779 μετάνοιαν
3170 5709 3525 5780 panitentiam
3573 5709 3861 5782 legendum

2277 5774 2444 5832 fuisse
2479 5774 2709 5833 videtur.
