  <div class='ocr_page' id='page_1' title='image "/cluster/home/n/w/nwhite01/storage/ocr_20150623/24/ien.35556001660497/596.png"; bbox 0 0 4000 6456; ppageno 0'>
   <div class='ocr_carea' id='block_1_1' title="bbox 210 434 345 492">
    <p class='ocr_par' dir='ltr' id='par_1_1' title="bbox 210 434 345 492">
     <span class='ocr_line' id='line_1_1' title="bbox 210 434 345 492; baseline 0.007 -1"><span class='ocrx_word' id='word_1_1' title='bbox 210 434 345 492; x_wconf 72' lang='lat' dir='ltr'><strong>H69</strong></span> 
     </span>
    </p>
   </div>
   <div class='ocr_carea' id='block_1_2' title="bbox 1574 421 2178 492">
    <p class='ocr_par' dir='ltr' id='par_1_2' title="bbox 1574 421 2178 492">
     <span class='ocr_line' id='line_1_2' title="bbox 1574 421 2178 492; baseline 0.002 -11"><span class='ocrx_word' id='word_1_2' title='bbox 1574 422 1645 481; x_wconf 75' lang='lat' dir='ltr'><strong>IN</strong></span> <span class='ocrx_word' id='word_1_3' title='bbox 1686 421 1949 481; x_wconf 75' lang='grc' dir='ltr'><strong>ιιΑττη.</strong></span> <span class='ocrx_word' id='word_1_4' title='bbox 1984 422 2055 492; x_wconf 71' lang='grc' dir='ltr'><strong>Χ,</strong></span> <span class='ocrx_word' id='word_1_5' title='bbox 2088 422 2178 482; x_wconf 66' lang='grc'><strong>54.</strong></span> 
     </span>
    </p>
   </div>
   <div class='ocr_carea' id='block_1_3' title="bbox 3359 413 3519 470">
    <p class='ocr_par' dir='ltr' id='par_1_3' title="bbox 3359 413 3519 470">
     <span class='ocr_line' id='line_1_3' title="bbox 3359 413 3519 470; baseline 0.006 -1"><span class='ocrx_word' id='word_1_6' title='bbox 3359 413 3519 470; x_wconf 65' lang='grc'><strong>1170</strong></span> 
     </span>
    </p>
   </div>
   <div class='ocr_carea' id='block_1_4' title="bbox 219 534 3522 619">
    <p class='ocr_par' dir='ltr' id='par_1_4' title="bbox 219 534 3522 619">
     <span class='ocr_line' id='line_1_4' title="bbox 219 534 3522 619; baseline -0.004 -15"><span class='ocrx_word' id='word_1_7' title='bbox 219 550 447 605; x_wconf 69' lang='lat' dir='ltr'><strong>sontium</strong></span> <span class='ocrx_word' id='word_1_8' title='bbox 468 555 571 611; x_wconf 84' lang='lat' dir='ltr'><strong>est,</strong></span> <span class='ocrx_word' id='word_1_9' title='bbox 602 548 706 618; x_wconf 79' lang='lat' dir='ltr'><strong>qni</strong></span> <span class='ocrx_word' id='word_1_10' title='bbox 749 549 951 605; x_wconf 87' lang='lat' dir='ltr'><strong>horum</strong></span> <span class='ocrx_word' id='word_1_11' title='bbox 982 547 1267 605; x_wconf 87' lang='lat' dir='ltr'><strong>scientiam</strong></span> <span class='ocrx_word' id='word_1_12' title='bbox 1298 559 1399 616; x_wconf 86' lang='lat' dir='ltr'><strong>per</strong></span> <span class='ocrx_word' id='word_1_13' title='bbox 1421 552 1639 601; x_wconf 86' lang='lat' dir='ltr'><strong>noctem</strong></span> <span class='ocrx_word' id='word_1_14' title='bbox 1677 543 1824 601; x_wconf 83' lang='lat' dir='ltr'><strong>acci-</strong></span> <span class='ocrx_word' id='word_1_15' title='bbox 1850 553 1899 610; x_wconf 75' lang='grc' dir='ltr'><strong>Α</strong></span> <span class='ocrx_word' id='word_1_16' title='bbox 1926 546 2043 605; x_wconf 89' lang='lat' dir='ltr'><strong>sive</strong></span> <span class='ocrx_word' id='word_1_17' title='bbox 2082 546 2229 603; x_wconf 88' lang='lat' dir='ltr'><strong>enim</strong></span> <span class='ocrx_word' id='word_1_18' title='bbox 2258 546 2385 619; x_wconf 88' lang='lat' dir='ltr'><strong>quis</strong></span> <span class='ocrx_word' id='word_1_19' title='bbox 2429 546 2654 616; x_wconf 86' lang='lat' dir='ltr'><strong>cogitat,</strong></span> <span class='ocrx_word' id='word_1_20' title='bbox 2687 542 2804 597; x_wconf 82' lang='lat' dir='ltr'><strong>sive</strong></span> <span class='ocrx_word' id='word_1_21' title='bbox 2825 539 2951 610; x_wconf 91' lang='lat' dir='ltr'><strong>quis</strong></span> <span class='ocrx_word' id='word_1_22' title='bbox 2985 538 3226 594; x_wconf 87' lang='lat' dir='ltr'><strong>intentus</strong></span> <span class='ocrx_word' id='word_1_23' title='bbox 3257 544 3363 602; x_wconf 88' lang='lat' dir='ltr'><strong>est,</strong></span> <span class='ocrx_word' id='word_1_24' title='bbox 3402 534 3522 592; x_wconf 86' lang='lat' dir='ltr'><strong>sive</strong></span> 
     </span>
    </p>
   </div>
   <div class='ocr_carea' id='block_1_5' title="bbox 216 637 1821 713">
    <p class='ocr_par' dir='ltr' id='par_1_5' title="bbox 216 637 1821 713">
     <span class='ocr_line' id='line_1_5' title="bbox 216 637 1821 713; baseline -0.004 -15"><span class='ocrx_word' id='word_1_25' title='bbox 216 656 350 712; x_wconf 83' lang='lat' dir='ltr'><strong>pere</strong></span> <span class='ocrx_word' id='word_1_26' title='bbox 386 642 602 713; x_wconf 90' lang='lat' dir='ltr'><strong>incipiet</strong></span> <span class='ocrx_word' id='word_1_27' title='bbox 628 650 880 700; x_wconf 81' lang='lat' dir='ltr'><strong>tractans</strong></span> <span class='ocrx_word' id='word_1_28' title='bbox 906 652 963 699; x_wconf 87' lang='lat' dir='ltr'><strong>et</strong></span> <span class='ocrx_word' id='word_1_29' title='bbox 1007 639 1385 713; x_wconf 76' lang='lat' dir='ltr'><strong>repercutiens</strong></span> <span class='ocrx_word' id='word_1_30' title='bbox 1430 637 1735 703; x_wconf 88' lang='lat' dir='ltr'><strong>insomnis,</strong></span> <span class='ocrx_word' id='word_1_31' title='bbox 1764 646 1821 692; x_wconf 89' lang='lat' dir='ltr'><strong>et</strong></span> 
     </span>
    </p>
   </div>
   <div class='ocr_carea' id='block_1_6' title="bbox 217 728 1821 813">
    <p class='ocr_par' dir='ltr' id='par_1_6' title="bbox 217 728 1821 813">
     <span class='ocr_line' id='line_1_6' title="bbox 217 728 1821 813; baseline -0.004 -24"><span class='ocrx_word' id='word_1_32' title='bbox 217 748 290 789; x_wconf 90' lang='lat' dir='ltr'><strong>ne</strong></span> <span class='ocrx_word' id='word_1_33' title='bbox 334 734 557 813; x_wconf 82' lang='lat' dir='ltr'><strong>quidem</strong></span> <span class='ocrx_word' id='word_1_34' title='bbox 598 732 709 806; x_wconf 91' lang='lat' dir='ltr'><strong>ipsi</strong></span> <span class='ocrx_word' id='word_1_35' title='bbox 759 748 957 792; x_wconf 93' lang='lat' dir='ltr'><strong>somno</strong></span> <span class='ocrx_word' id='word_1_36' title='bbox 994 732 1325 797; x_wconf 76' lang='lat' dir='ltr'><strong>concedens,</strong></span> <span class='ocrx_word' id='word_1_37' title='bbox 1374 728 1517 786; x_wconf 84' lang='lat' dir='ltr'><strong>forte</strong></span> <span class='ocrx_word' id='word_1_38' title='bbox 1568 736 1821 785; x_wconf 87' lang='lat' dir='ltr'><strong>scrutans</strong></span> 
     </span>
    </p>
   </div>
   <div class='ocr_carea' id='block_1_7' title="bbox 212 821 1821 899">
    <p class='ocr_par' dir='ltr' id='par_1_7' title="bbox 212 821 1821 899">
     <span class='ocr_line' id='line_1_7' title="bbox 212 821 1821 899; baseline -0.004 -16"><span class='ocrx_word' id='word_1_39' title='bbox 212 841 317 899; x_wconf 81' lang='lat' dir='ltr'><strong>per</strong></span> <span class='ocrx_word' id='word_1_40' title='bbox 343 837 559 884; x_wconf 81' lang='lat' dir='ltr'><strong>noctem</strong></span> <span class='ocrx_word' id='word_1_41' title='bbox 586 843 711 884; x_wconf 91' lang='lat' dir='ltr'><strong>cum</strong></span> <span class='ocrx_word' id='word_1_42' title='bbox 739 829 873 895; x_wconf 89' lang='lat' dir='ltr'><strong>otio,</strong></span> <span class='ocrx_word' id='word_1_43' title='bbox 904 835 961 883; x_wconf 88' lang='lat' dir='ltr'><strong>et</strong></span> <span class='ocrx_word' id='word_1_44' title='bbox 988 840 1019 880; x_wconf 87' lang='lat' dir='ltr'><strong>a</strong></span> <span class='ocrx_word' id='word_1_45' title='bbox 1050 823 1256 879; x_wconf 88' lang='lat' dir='ltr'><strong>lumine</strong></span> <span class='ocrx_word' id='word_1_46' title='bbox 1285 832 1553 880; x_wconf 91' lang='lat' dir='ltr'><strong>nocturno</strong></span> <span class='ocrx_word' id='word_1_47' title='bbox 1576 821 1821 887; x_wconf 75' lang='lat' dir='ltr'><strong>fulgores</strong></span> 
     </span>
    </p>
   </div>
   <div class='ocr_carea' id='block_1_8' title="bbox 210 912 1816 991">
    <p class='ocr_par' dir='ltr' id='par_1_8' title="bbox 210 912 1816 991">
     <span class='ocr_line' id='line_1_8' title="bbox 210 912 1816 991; baseline -0.002 -18"><span class='ocrx_word' id='word_1_48' title='bbox 210 918 522 991; x_wconf 86' lang='lat' dir='ltr'><strong>accipiens,</strong></span> <span class='ocrx_word' id='word_1_49' title='bbox 570 927 779 991; x_wconf 79' lang='lat' dir='ltr'><strong>qna-ret</strong></span> <span class='ocrx_word' id='word_1_50' title='bbox 822 916 1167 974; x_wconf 67' lang='lat' dir='ltr'><strong>vinculorum</strong></span> <span class='ocrx_word' id='word_1_51' title='bbox 1212 914 1410 971; x_wconf 85' lang='lat' dir='ltr'><strong>horum</strong></span> <span class='ocrx_word' id='word_1_52' title='bbox 1470 912 1816 971; x_wconf 70' lang='lat' dir='ltr'><strong>solutiones:</strong></span> 
     </span>
    </p>
   </div>
   <div class='ocr_carea' id='block_1_9' title="bbox 204 1005 1822 1082">
    <p class='ocr_par' dir='ltr' id='par_1_9' title="bbox 204 1005 1822 1082">
     <span class='ocr_line' id='line_1_9' title="bbox 204 1005 1822 1082; baseline -0.004 -14"><span class='ocrx_word' id='word_1_53' title='bbox 204 1020 272 1068; x_wconf 89' lang='lat' dir='ltr'><strong>et</strong></span> <span class='ocrx_word' id='word_1_54' title='bbox 305 1011 357 1067; x_wconf 88' lang='lat' dir='ltr'><strong>si</strong></span> <span class='ocrx_word' id='word_1_55' title='bbox 400 1010 618 1082; x_wconf 84' lang='lat' dir='ltr'><strong>quidem</strong></span> <span class='ocrx_word' id='word_1_56' title='bbox 652 1010 923 1069; x_wconf 87' lang='lat' dir='ltr'><strong>invenerit</strong></span> <span class='ocrx_word' id='word_1_57' title='bbox 953 1005 1200 1066; x_wconf 79' lang='lat' dir='ltr'><strong>lucratus</strong></span> <span class='ocrx_word' id='word_1_58' title='bbox 1235 1016 1356 1074; x_wconf 86' lang='lat' dir='ltr'><strong>est,</strong></span> <span class='ocrx_word' id='word_1_59' title='bbox 1405 1015 1464 1063; x_wconf 91' lang='lat' dir='ltr'><strong>et</strong></span> <span class='ocrx_word' id='word_1_60' title='bbox 1499 1020 1717 1063; x_wconf 83' lang='lat' dir='ltr'><strong>sursum</strong></span> <span class='ocrx_word' id='word_1_61' title='bbox 1763 1012 1822 1062; x_wconf 91' lang='lat' dir='ltr'><strong>et</strong></span> 
     </span>
    </p>
   </div>
   <div class='ocr_carea' id='block_1_10' title="bbox 204 1098 1821 1172">
    <p class='ocr_par' dir='ltr' id='par_1_10' title="bbox 204 1098 1821 1172">
     <span class='ocr_line' id='line_1_10' title="bbox 204 1098 1821 1172; baseline -0.004 -12"><span class='ocrx_word' id='word_1_62' title='bbox 204 1104 480 1162; x_wconf 75' lang='lat' dir='ltr'><strong>deorsum</strong></span> <span class='ocrx_word' id='word_1_63' title='bbox 514 1114 860 1171; x_wconf 85' lang='lat' dir='ltr'><strong>convertens,</strong></span> <span class='ocrx_word' id='word_1_64' title='bbox 895 1112 955 1159; x_wconf 87' lang='lat' dir='ltr'><strong>et</strong></span> <span class='ocrx_word' id='word_1_65' title='bbox 990 1115 1242 1172; x_wconf 60' lang='lat' dir='ltr'><strong>quarens</strong></span> <span class='ocrx_word' id='word_1_66' title='bbox 1279 1108 1339 1156; x_wconf 89' lang='lat' dir='ltr'><strong>et</strong></span> <span class='ocrx_word' id='word_1_67' title='bbox 1389 1098 1663 1165; x_wconf 84' lang='lat' dir='ltr'><strong>volutans,</strong></span> <span class='ocrx_word' id='word_1_68' title='bbox 1694 1112 1821 1171; x_wconf 85' lang='lat' dir='ltr'><strong>per-</strong></span> 
     </span>
    </p>
   </div>
   <div class='ocr_carea' id='block_1_11' title="bbox 195 1190 1817 1262">
    <p class='ocr_par' dir='ltr' id='par_1_11' title="bbox 195 1190 1817 1262">
     <span class='ocr_line' id='line_1_11' title="bbox 195 1190 1817 1262; baseline -0.006 -8"><span class='ocrx_word' id='word_1_69' title='bbox 195 1194 371 1254; x_wconf 77' lang='lat' dir='ltr'><strong>sistit</strong></span> <span class='ocrx_word' id='word_1_70' title='bbox 413 1198 469 1253; x_wconf 92' lang='lat' dir='ltr'><strong>in</strong></span> <span class='ocrx_word' id='word_1_71' title='bbox 508 1197 747 1262; x_wconf 86' lang='lat' dir='ltr'><strong>incerto,</strong></span> <span class='ocrx_word' id='word_1_72' title='bbox 795 1194 1085 1252; x_wconf 75' lang='lat' dir='ltr'><strong>sollicitior</strong></span> <span class='ocrx_word' id='word_1_73' title='bbox 1129 1192 1279 1249; x_wconf 90' lang='lat' dir='ltr'><strong>venit</strong></span> <span class='ocrx_word' id='word_1_74' title='bbox 1322 1191 1391 1248; x_wconf 85' lang='lat' dir='ltr'><strong>ad</strong></span> <span class='ocrx_word' id='word_1_75' title='bbox 1446 1190 1817 1248; x_wconf 78' lang='lat' dir='ltr'><strong>inventionem</strong></span> 
     </span>
    </p>
   </div>
   <div class='ocr_carea' id='block_1_12' title="bbox 201 1279 1820 1358">
    <p class='ocr_par' dir='ltr' id='par_1_12' title="bbox 201 1279 1820 1358">
     <span class='ocr_line' id='line_1_12' title="bbox 201 1279 1820 1358; baseline -0.006 -12"><span class='ocrx_word' id='word_1_76' title='bbox 201 1286 540 1346; x_wconf 69' lang='lat' dir='ltr'><strong>solutionis.</strong></span> <span class='ocrx_word' id='word_1_77' title='bbox 596 1288 724 1344; x_wconf 87' lang='lat' dir='ltr'><strong>Scio</strong></span> <span class='ocrx_word' id='word_1_78' title='bbox 771 1295 954 1343; x_wconf 87' lang='lat' dir='ltr'><strong>autem</strong></span> <span class='ocrx_word' id='word_1_79' title='bbox 993 1284 1122 1358; x_wconf 89' lang='lat' dir='ltr'><strong>quia</strong></span> <span class='ocrx_word' id='word_1_80' title='bbox 1176 1282 1554 1354; x_wconf 83' lang='lat' dir='ltr'><strong>unusquisque</strong></span> <span class='ocrx_word' id='word_1_81' title='bbox 1596 1280 1690 1353; x_wconf 89' lang='lat' dir='ltr'><strong>qni</strong></span> <span class='ocrx_word' id='word_1_82' title='bbox 1731 1279 1820 1336; x_wconf 89' lang='lat' dir='ltr'><strong>hic</strong></span> 
     </span>
    </p>
   </div>
   <div class='ocr_carea' id='block_1_13' title="bbox 196 1373 1816 1449">
    <p class='ocr_par' dir='ltr' id='par_1_13' title="bbox 196 1373 1816 1449">
     <span class='ocr_line' id='line_1_13' title="bbox 196 1373 1816 1449; baseline -0.006 -14"><span class='ocrx_word' id='word_1_83' title='bbox 196 1380 458 1449; x_wconf 86' lang='lat' dir='ltr'><strong>assistit,</strong></span> <span class='ocrx_word' id='word_1_84' title='bbox 490 1380 685 1436; x_wconf 74' lang='lat' dir='ltr'><strong>exiens</strong></span> <span class='ocrx_word' id='word_1_85' title='bbox 714 1378 784 1435; x_wconf 90' lang='lat' dir='ltr'><strong>de</strong></span> <span class='ocrx_word' id='word_1_86' title='bbox 813 1378 900 1435; x_wconf 85' lang='lat' dir='ltr'><strong>his</strong></span> <span class='ocrx_word' id='word_1_87' title='bbox 924 1376 1145 1448; x_wconf 81' lang='lat' dir='ltr'><strong>quidem</strong></span> <span class='ocrx_word' id='word_1_88' title='bbox 1172 1376 1281 1433; x_wconf 92' lang='lat' dir='ltr'><strong>erit</strong></span> <span class='ocrx_word' id='word_1_89' title='bbox 1310 1373 1602 1440; x_wconf 86' lang='lat' dir='ltr'><strong>sollicitus,</strong></span> <span class='ocrx_word' id='word_1_90' title='bbox 1626 1386 1816 1429; x_wconf 89' lang='lat' dir='ltr'><strong>curam</strong></span> 
     </span>
    </p>
   </div>
   <div class='ocr_carea' id='block_1_14' title="bbox 194 1463 1819 1538">
    <p class='ocr_par' dir='ltr' id='par_1_14' title="bbox 194 1463 1819 1538">
     <span class='ocr_line' id='line_1_14' title="bbox 194 1463 1819 1538; baseline -0.003 -13"><span class='ocrx_word' id='word_1_91' title='bbox 194 1472 430 1529; x_wconf 74' lang='lat' dir='ltr'><strong>ventris</strong></span> <span class='ocrx_word' id='word_1_92' title='bbox 474 1486 577 1529; x_wconf 86' lang='lat' dir='ltr'><strong>non</strong></span> <span class='ocrx_word' id='word_1_93' title='bbox 607 1471 813 1527; x_wconf 84' lang='lat' dir='ltr'><strong>faciens</strong></span> <span class='ocrx_word' id='word_1_94' title='bbox 848 1484 867 1525; x_wconf 90' lang='lat'><strong>:</strong></span> <span class='ocrx_word' id='word_1_95' title='bbox 903 1469 1045 1526; x_wconf 81' lang='lat' dir='ltr'><strong>forte</strong></span> <span class='ocrx_word' id='word_1_96' title='bbox 1088 1478 1273 1527; x_wconf 88' lang='lat' dir='ltr'><strong>autem</strong></span> <span class='ocrx_word' id='word_1_97' title='bbox 1315 1466 1541 1538; x_wconf 87' lang='lat' dir='ltr'><strong>quidam</strong></span> <span class='ocrx_word' id='word_1_98' title='bbox 1582 1475 1640 1522; x_wconf 86' lang='lat' dir='ltr'><strong>et</strong></span> <span class='ocrx_word' id='word_1_99' title='bbox 1676 1463 1819 1521; x_wconf 91' lang='lat' dir='ltr'><strong>indi-</strong></span> 
     </span>
    </p>
   </div>
   <div class='ocr_carea' id='block_1_15' title="bbox 190 1559 1816 1638">
    <p class='ocr_par' dir='ltr' id='par_1_15' title="bbox 190 1559 1816 1638">
     <span class='ocr_line' id='line_1_15' title="bbox 190 1559 1816 1638; baseline -0.004 -17"><span class='ocrx_word' id='word_1_100' title='bbox 190 1575 502 1638; x_wconf 81' lang='lat' dir='ltr'><strong>gnantur,</strong></span> <span class='ocrx_word' id='word_1_101' title='bbox 554 1566 682 1635; x_wconf 86' lang='lat' dir='ltr'><strong>quia</strong></span> <span class='ocrx_word' id='word_1_102' title='bbox 738 1564 1125 1637; x_wconf 90' lang='lat' dir='ltr'><strong>protendimus</strong></span> <span class='ocrx_word' id='word_1_103' title='bbox 1183 1576 1539 1628; x_wconf 84' lang='lat' dir='ltr'><strong>sermonem;</strong></span> <span class='ocrx_word' id='word_1_104' title='bbox 1596 1559 1816 1632; x_wconf 86' lang='lat' dir='ltr'><strong>plurimi</strong></span> 
     </span>
    </p>
   </div>
   <div class='ocr_carea' id='block_1_16' title="bbox 190 1652 1815 1716">
    <p class='ocr_par' dir='ltr' id='par_1_16' title="bbox 190 1652 1815 1716">
     <span class='ocr_line' id='line_1_16' title="bbox 190 1652 1815 1716; baseline -0.005 -1"><span class='ocrx_word' id='word_1_105' title='bbox 190 1658 366 1715; x_wconf 75' lang='lat' dir='ltr'><strong>enim</strong></span> <span class='ocrx_word' id='word_1_106' title='bbox 397 1659 809 1716; x_wconf 88' lang='lat' dir='ltr'><strong>obdormientes</strong></span> <span class='ocrx_word' id='word_1_107' title='bbox 852 1670 909 1715; x_wconf 89' lang='lat' dir='ltr'><strong>et</strong></span> <span class='ocrx_word' id='word_1_108' title='bbox 949 1660 1004 1715; x_wconf 91' lang='lat' dir='ltr'><strong>in</strong></span> <span class='ocrx_word' id='word_1_109' title='bbox 1059 1657 1202 1716; x_wconf 78' lang='lat' dir='ltr'><strong>facie</strong></span> <span class='ocrx_word' id='word_1_110' title='bbox 1240 1655 1431 1713; x_wconf 85' lang='lat' dir='ltr'><strong>volunt</strong></span> <span class='ocrx_word' id='word_1_111' title='bbox 1473 1669 1543 1711; x_wconf 77' lang='lat' dir='ltr'><strong>es</strong></span> <span class='ocrx_word' id='word_1_112' title='bbox 1587 1652 1815 1709; x_wconf 86' lang='lat' dir='ltr'><strong>aliorum</strong></span> 
     </span>
    </p>
   </div>
   <div class='ocr_carea' id='block_1_17' title="bbox 191 1746 1813 1820">
    <p class='ocr_par' dir='ltr' id='par_1_17' title="bbox 191 1746 1813 1820">
     <span class='ocr_line' id='line_1_17' title="bbox 191 1746 1813 1820; baseline -0.002 -14"><span class='ocrx_word' id='word_1_113' title='bbox 191 1748 498 1808; x_wconf 71' lang='lat' dir='ltr'><strong>laboribus</strong></span> <span class='ocrx_word' id='word_1_114' title='bbox 522 1759 578 1807; x_wconf 90' lang='lat' dir='ltr'><strong>et</strong></span> <span class='ocrx_word' id='word_1_115' title='bbox 605 1751 896 1808; x_wconf 80' lang='lat' dir='ltr'><strong>sudoribus</strong></span> <span class='ocrx_word' id='word_1_116' title='bbox 918 1751 1038 1807; x_wconf 88' lang='lat' dir='ltr'><strong>sine</strong></span> <span class='ocrx_word' id='word_1_117' title='bbox 1066 1750 1257 1806; x_wconf 86' lang='lat' dir='ltr'><strong>labore</strong></span> <span class='ocrx_word' id='word_1_118' title='bbox 1281 1756 1472 1820; x_wconf 83' lang='lat' dir='ltr'><strong>parata</strong></span> <span class='ocrx_word' id='word_1_119' title='bbox 1498 1746 1813 1815; x_wconf 82' lang='lat' dir='ltr'><strong>suscipere;</strong></span> 
     </span>
    </p>
   </div>
   <div class='ocr_carea' id='block_1_18' title="bbox 192 1838 1815 1915">
    <p class='ocr_par' dir='ltr' id='par_1_18' title="bbox 192 1838 1815 1915">
     <span class='ocr_line' id='line_1_18' title="bbox 192 1838 1815 1915; baseline -0.004 -16"><span class='ocrx_word' id='word_1_120' title='bbox 192 1842 252 1899; x_wconf 81' lang='lat' dir='ltr'><strong>si</strong></span> <span class='ocrx_word' id='word_1_121' title='bbox 283 1851 473 1900; x_wconf 86' lang='lat' dir='ltr'><strong>autem</strong></span> <span class='ocrx_word' id='word_1_122' title='bbox 500 1849 555 1899; x_wconf 87' lang='lat' dir='ltr'><strong>et</strong></span> <span class='ocrx_word' id='word_1_123' title='bbox 579 1843 942 1915; x_wconf 83' lang='lat' dir='ltr'><strong>susceperint,</strong></span> <span class='ocrx_word' id='word_1_124' title='bbox 971 1842 1065 1913; x_wconf 87' lang='lat' dir='ltr'><strong>qui</strong></span> <span class='ocrx_word' id='word_1_125' title='bbox 1109 1850 1294 1898; x_wconf 89' lang='lat' dir='ltr'><strong>autem</strong></span> <span class='ocrx_word' id='word_1_126' title='bbox 1327 1838 1670 1897; x_wconf 86' lang='lat' dir='ltr'><strong>adinveniant</strong></span> <span class='ocrx_word' id='word_1_127' title='bbox 1706 1852 1815 1894; x_wconf 92' lang='lat' dir='ltr'><strong>non</strong></span> 
     </span>
    </p>
   </div>
   <div class='ocr_carea' id='block_1_19' title="bbox 1923 628 3522 710">
    <p class='ocr_par' dir='ltr' id='par_1_19' title="bbox 1923 628 3522 710">
     <span class='ocr_line' id='line_1_19' title="bbox 1923 628 3522 710; baseline -0.008 -14"><span class='ocrx_word' id='word_1_128' title='bbox 1923 643 2047 710; x_wconf 83' lang='lat' dir='ltr'><strong>quis</strong></span> <span class='ocrx_word' id='word_1_129' title='bbox 2077 640 2425 698; x_wconf 89' lang='lat' dir='ltr'><strong>commodum</strong></span> <span class='ocrx_word' id='word_1_130' title='bbox 2460 635 2692 706; x_wconf 88' lang='lat' dir='ltr'><strong>accepit,</strong></span> <span class='ocrx_word' id='word_1_131' title='bbox 2722 634 2840 691; x_wconf 86' lang='lat' dir='ltr'><strong>sive</strong></span> <span class='ocrx_word' id='word_1_132' title='bbox 2870 631 2995 705; x_wconf 88' lang='lat' dir='ltr'><strong>quis</strong></span> <span class='ocrx_word' id='word_1_133' title='bbox 3017 628 3291 686; x_wconf 83' lang='lat' dir='ltr'><strong>convertit</strong></span> <span class='ocrx_word' id='word_1_134' title='bbox 3316 641 3522 700; x_wconf 84' lang='lat' dir='ltr'><strong>oppro—</strong></span> 
     </span>
    </p>
   </div>
   <div class='ocr_carea' id='block_1_20' title="bbox 1922 718 3523 802">
    <p class='ocr_par' dir='ltr' id='par_1_20' title="bbox 1922 718 3523 802">
     <span class='ocr_line' id='line_1_20' title="bbox 1922 718 3523 802; baseline -0.008 -14"><span class='ocrx_word' id='word_1_135' title='bbox 1922 730 2124 798; x_wconf 84' lang='lat' dir='ltr'><strong>brium,</strong></span> <span class='ocrx_word' id='word_1_136' title='bbox 2155 730 2393 802; x_wconf 88' lang='lat' dir='ltr'><strong>gaudeo.</strong></span> <span class='ocrx_word' id='word_1_137' title='bbox 2430 725 2491 783; x_wconf 91' lang='lat' dir='ltr'><strong>Si</strong></span> <span class='ocrx_word' id='word_1_138' title='bbox 2534 736 2719 782; x_wconf 88' lang='lat' dir='ltr'><strong>autem</strong></span> <span class='ocrx_word' id='word_1_139' title='bbox 2745 722 3027 795; x_wconf 78' lang='lat' dir='ltr'><strong>negligant</strong></span> <span class='ocrx_word' id='word_1_140' title='bbox 3053 720 3149 793; x_wconf 90' lang='lat' dir='ltr'><strong>qui</strong></span> <span class='ocrx_word' id='word_1_141' title='bbox 3178 718 3430 788; x_wconf 87' lang='lat' dir='ltr'><strong>audiunt,</strong></span> <span class='ocrx_word' id='word_1_142' title='bbox 3461 725 3523 775; x_wconf 78' lang='lat' dir='ltr'><strong>et</strong></span> 
     </span>
    </p>
   </div>
   <div class='ocr_carea' id='block_1_21' title="bbox 1920 810 3517 895">
    <p class='ocr_par' dir='ltr' id='par_1_21' title="bbox 1920 810 3517 895">
     <span class='ocr_line' id='line_1_21' title="bbox 1920 810 3517 895; baseline -0.011 -12"><span class='ocrx_word' id='word_1_143' title='bbox 1920 822 2274 883; x_wconf 75' lang='lat' dir='ltr'><strong>dissimulant</strong></span> <span class='ocrx_word' id='word_1_144' title='bbox 2304 822 2397 895; x_wconf 90' lang='lat' dir='ltr'><strong>qui</strong></span> <span class='ocrx_word' id='word_1_145' title='bbox 2430 821 2720 886; x_wconf 87' lang='lat' dir='ltr'><strong>docentur,</strong></span> <span class='ocrx_word' id='word_1_146' title='bbox 2750 831 2915 889; x_wconf 90' lang='lat' dir='ltr'><strong>quam</strong></span> <span class='ocrx_word' id='word_1_147' title='bbox 2952 815 3220 871; x_wconf 88' lang='lat' dir='ltr'><strong>rationem</strong></span> <span class='ocrx_word' id='word_1_148' title='bbox 3244 812 3398 869; x_wconf 90' lang='lat' dir='ltr'><strong>dabit</strong></span> <span class='ocrx_word' id='word_1_149' title='bbox 3424 810 3517 883; x_wconf 85' lang='lat' dir='ltr'><strong>qui</strong></span> 
     </span>
    </p>
   </div>
   <div class='ocr_carea' id='block_1_22' title="bbox 1921 903 3518 985">
    <p class='ocr_par' dir='ltr' id='par_1_22' title="bbox 1921 903 3518 985">
     <span class='ocr_line' id='line_1_22' title="bbox 1921 903 3518 985; baseline -0.011 -9"><span class='ocrx_word' id='word_1_150' title='bbox 1921 916 2251 976; x_wconf 85' lang='lat' dir='ltr'><strong>constitutus</strong></span> <span class='ocrx_word' id='word_1_151' title='bbox 2283 922 2371 972; x_wconf 89' lang='lat' dir='ltr'><strong>est</strong></span> <span class='ocrx_word' id='word_1_152' title='bbox 2405 914 2689 985; x_wconf 84' lang='lat' dir='ltr'><strong>magister,</strong></span> <span class='ocrx_word' id='word_1_153' title='bbox 2734 917 2792 966; x_wconf 91' lang='lat' dir='ltr'><strong>et</strong></span> <span class='ocrx_word' id='word_1_154' title='bbox 2837 922 2945 965; x_wconf 92' lang='lat' dir='ltr'><strong>non</strong></span> <span class='ocrx_word' id='word_1_155' title='bbox 2974 905 3330 978; x_wconf 69' lang='lat' dir='ltr'><strong>quastiosum</strong></span> <span class='ocrx_word' id='word_1_156' title='bbox 3362 903 3518 968; x_wconf 87' lang='lat' dir='ltr'><strong>dicit,</strong></span> 
     </span>
    </p>
   </div>
   <div class='ocr_carea' id='block_1_23' title="bbox 1920 993 3520 1080">
    <p class='ocr_par' dir='ltr' id='par_1_23' title="bbox 1920 993 3520 1080">
     <span class='ocr_line' id='line_1_23' title="bbox 1920 993 3520 1080; baseline -0.011 -13"><span class='ocrx_word' id='word_1_157' title='bbox 1920 1008 2017 1066; x_wconf 90' lang='lat' dir='ltr'><strong>sed</strong></span> <span class='ocrx_word' id='word_1_158' title='bbox 2043 1022 2167 1080; x_wconf 68' lang='lat' dir='ltr'><strong>qua</strong></span> <span class='ocrx_word' id='word_1_159' title='bbox 2204 1004 2449 1077; x_wconf 87' lang='lat' dir='ltr'><strong>impertit</strong></span> <span class='ocrx_word' id='word_1_160' title='bbox 2473 1001 2624 1077; x_wconf 87' lang='lat' dir='ltr'><strong>gregi</strong></span> <span class='ocrx_word' id='word_1_161' title='bbox 2660 999 2913 1057; x_wconf 79' lang='lat' dir='ltr'><strong>Domini?</strong></span> <span class='ocrx_word' id='word_1_162' title='bbox 2933 998 3274 1071; x_wconf 77' lang='lat' dir='ltr'><strong>imprecatur</strong></span> <span class='ocrx_word' id='word_1_163' title='bbox 3294 993 3520 1067; x_wconf 79' lang='lat' dir='ltr'><strong>quidem</strong></span> 
     </span>
    </p>
   </div>
   <div class='ocr_carea' id='block_1_24' title="bbox 1921 1090 3517 1160">
    <p class='ocr_par' dir='ltr' id='par_1_24' title="bbox 1921 1090 3517 1160">
     <span class='ocr_line' id='line_1_24' title="bbox 1921 1090 3517 1160; baseline -0.009 -2"><span class='ocrx_word' id='word_1_164' title='bbox 1921 1100 1992 1157; x_wconf 87' lang='lat' dir='ltr'><strong>ab</strong></span> <span class='ocrx_word' id='word_1_165' title='bbox 2015 1115 2083 1158; x_wconf 91' lang='lat' dir='ltr'><strong>eo</strong></span> <span class='ocrx_word' id='word_1_166' title='bbox 2104 1113 2299 1157; x_wconf 89' lang='lat' dir='ltr'><strong>omnes</strong></span> <span class='ocrx_word' id='word_1_167' title='bbox 2322 1096 2587 1155; x_wconf 87' lang='lat' dir='ltr'><strong>sollicitos</strong></span> <span class='ocrx_word' id='word_1_168' title='bbox 2612 1108 2760 1159; x_wconf 86' lang='lat' dir='ltr'><strong>esse.</strong></span> <span class='ocrx_word' id='word_1_169' title='bbox 2797 1102 2853 1148; x_wconf 83' lang='lat' dir='ltr'><strong>et</strong></span> <span class='ocrx_word' id='word_1_170' title='bbox 2874 1090 3132 1157; x_wconf 86' lang='lat' dir='ltr'><strong>scrutari,</strong></span> <span class='ocrx_word' id='word_1_171' title='bbox 3160 1097 3216 1145; x_wconf 89' lang='lat' dir='ltr'><strong>et</strong></span> <span class='ocrx_word' id='word_1_172' title='bbox 3245 1098 3517 1160; x_wconf 60' lang='lat' dir='ltr'><strong>quarens.</strong></span> 
     </span>
    </p>
   </div>
   <div class='ocr_carea' id='block_1_25' title="bbox 1921 1181 3523 1259">
    <p class='ocr_par' dir='ltr' id='par_1_25' title="bbox 1921 1181 3523 1259">
     <span class='ocr_line' id='line_1_25' title="bbox 1921 1181 3523 1259; baseline -0.011 -8"><span class='ocrx_word' id='word_1_173' title='bbox 1921 1201 1978 1252; x_wconf 90' lang='lat' dir='ltr'><strong>et</strong></span> <span class='ocrx_word' id='word_1_174' title='bbox 2007 1202 2216 1259; x_wconf 87' lang='lat' dir='ltr'><strong>tenere,</strong></span> <span class='ocrx_word' id='word_1_175' title='bbox 2261 1198 2320 1249; x_wconf 90' lang='lat' dir='ltr'><strong>et</strong></span> <span class='ocrx_word' id='word_1_176' title='bbox 2358 1189 2591 1252; x_wconf 85' lang='lat' dir='ltr'><strong>discere,</strong></span> <span class='ocrx_word' id='word_1_177' title='bbox 2638 1195 2695 1245; x_wconf 90' lang='lat' dir='ltr'><strong>et</strong></span> <span class='ocrx_word' id='word_1_178' title='bbox 2726 1183 3085 1242; x_wconf 78' lang='lat' dir='ltr'><strong>fructiﬁcare.</strong></span> <span class='ocrx_word' id='word_1_179' title='bbox 3114 1181 3175 1238; x_wconf 81' lang='lat' dir='ltr'><strong>Si</strong></span> <span class='ocrx_word' id='word_1_180' title='bbox 3225 1187 3411 1235; x_wconf 89' lang='lat' dir='ltr'><strong>autem</strong></span> <span class='ocrx_word' id='word_1_181' title='bbox 3461 1181 3523 1235; x_wconf 87' lang='lat' dir='ltr'><strong>et</strong></span> 
     </span>
    </p>
   </div>
   <div class='ocr_carea' id='block_1_26' title="bbox 1920 1266 3522 1359">
    <p class='ocr_par' dir='ltr' id='par_1_26' title="bbox 1920 1266 3522 1359">
     <span class='ocr_line' id='line_1_26' title="bbox 1920 1266 3522 1359; baseline -0.012 -17"><span class='ocrx_word' id='word_1_182' title='bbox 1920 1285 2141 1359; x_wconf 90' lang='lat' dir='ltr'><strong>quidam</strong></span> <span class='ocrx_word' id='word_1_183' title='bbox 2181 1283 2487 1357; x_wconf 80' lang='lat' dir='ltr'><strong>negligant,</strong></span> <span class='ocrx_word' id='word_1_184' title='bbox 2512 1278 2715 1353; x_wconf 88' lang='lat' dir='ltr'><strong>quibus</strong></span> <span class='ocrx_word' id='word_1_185' title='bbox 2740 1290 2843 1332; x_wconf 92' lang='lat' dir='ltr'><strong>nec</strong></span> <span class='ocrx_word' id='word_1_186' title='bbox 2878 1271 3177 1331; x_wconf 81' lang='lat' dir='ltr'><strong>convenire</strong></span> <span class='ocrx_word' id='word_1_187' title='bbox 3204 1266 3522 1359; x_wconf 86' lang='lat' dir='ltr'><strong>sollicitudo</strong></span> 
     </span>
    </p>
   </div>
   <div class='ocr_carea' id='block_1_27' title="bbox 1919 1358 3520 1447">
    <p class='ocr_par' dir='ltr' id='par_1_27' title="bbox 1919 1358 3520 1447">
     <span class='ocr_line' id='line_1_27' title="bbox 1919 1358 3520 1447; baseline -0.012 -11"><span class='ocrx_word' id='word_1_188' title='bbox 1919 1386 2029 1447; x_wconf 86' lang='lat' dir='ltr'><strong>est,</strong></span> <span class='ocrx_word' id='word_1_189' title='bbox 2062 1376 2199 1435; x_wconf 84' lang='lat' dir='ltr'><strong>nihil</strong></span> <span class='ocrx_word' id='word_1_190' title='bbox 2241 1377 2347 1432; x_wconf 87' lang='lat' dir='ltr'><strong>hoc</strong></span> <span class='ocrx_word' id='word_1_191' title='bbox 2380 1375 2448 1430; x_wconf 90' lang='lat' dir='ltr'><strong>ad</strong></span> <span class='ocrx_word' id='word_1_192' title='bbox 2478 1387 2566 1429; x_wconf 89' lang='lat' dir='ltr'><strong>me</strong></span> <span class='ocrx_word' id='word_1_193' title='bbox 2596 1389 2611 1426; x_wconf 89' lang='lat'><strong>:</strong></span> <span class='ocrx_word' id='word_1_194' title='bbox 2642 1381 2699 1428; x_wconf 88' lang='lat' dir='ltr'><strong>et</strong></span> <span class='ocrx_word' id='word_1_195' title='bbox 2734 1380 2886 1425; x_wconf 87' lang='lat' dir='ltr'><strong>certe</strong></span> <span class='ocrx_word' id='word_1_196' title='bbox 2913 1366 2981 1423; x_wconf 88' lang='lat' dir='ltr'><strong>ad</strong></span> <span class='ocrx_word' id='word_1_197' title='bbox 3011 1380 3129 1432; x_wconf 90' lang='lat' dir='ltr'><strong>me;</strong></span> <span class='ocrx_word' id='word_1_198' title='bbox 3170 1363 3344 1435; x_wconf 88' lang='lat' dir='ltr'><strong>tangit</strong></span> <span class='ocrx_word' id='word_1_199' title='bbox 3369 1358 3520 1419; x_wconf 78' lang='lat' dir='ltr'><strong>enim</strong></span> 
     </span>
    </p>
   </div>
   <div class='ocr_carea' id='block_1_28' title="bbox 1922 1456 3522 1535">
    <p class='ocr_par' dir='ltr' id='par_1_28' title="bbox 1922 1456 3522 1535">
     <span class='ocr_line' id='line_1_28' title="bbox 1922 1456 3522 1535; baseline -0.012 -7"><span class='ocrx_word' id='word_1_200' title='bbox 1922 1485 2010 1527; x_wconf 90' lang='lat' dir='ltr'><strong>me</strong></span> <span class='ocrx_word' id='word_1_201' title='bbox 2038 1478 2093 1526; x_wconf 92' lang='lat' dir='ltr'><strong>et</strong></span> <span class='ocrx_word' id='word_1_202' title='bbox 2123 1469 2451 1535; x_wconf 88' lang='lat' dir='ltr'><strong>contristat;</strong></span> <span class='ocrx_word' id='word_1_203' title='bbox 2484 1476 2667 1521; x_wconf 86' lang='lat' dir='ltr'><strong>tamen</strong></span> <span class='ocrx_word' id='word_1_204' title='bbox 2701 1462 2821 1520; x_wconf 88' lang='lat' dir='ltr'><strong>sive</strong></span> <span class='ocrx_word' id='word_1_205' title='bbox 2854 1459 3048 1533; x_wconf 81' lang='lat' dir='ltr'><strong>paucis</strong></span> <span class='ocrx_word' id='word_1_206' title='bbox 3077 1456 3316 1514; x_wconf 85' lang='lat' dir='ltr'><strong>eliicitnr</strong></span> <span class='ocrx_word' id='word_1_207' title='bbox 3337 1467 3522 1512; x_wconf 88' lang='lat' dir='ltr'><strong>sermo</strong></span> 
     </span>
    </p>
   </div>
   <div class='ocr_carea' id='block_1_29' title="bbox 1918 1548 3520 1631">
    <p class='ocr_par' dir='ltr' id='par_1_29' title="bbox 1918 1548 3520 1631">
     <span class='ocr_line' id='line_1_29' title="bbox 1918 1548 3520 1631; baseline -0.013 -9"><span class='ocrx_word' id='word_1_208' title='bbox 1918 1564 2039 1622; x_wconf 81' lang='lat' dir='ltr'><strong>sive</strong></span> <span class='ocrx_word' id='word_1_209' title='bbox 2067 1561 2279 1629; x_wconf 90' lang='lat' dir='ltr'><strong>multis,</strong></span> <span class='ocrx_word' id='word_1_210' title='bbox 2306 1560 2424 1617; x_wconf 88' lang='lat' dir='ltr'><strong>sive</strong></span> <span class='ocrx_word' id='word_1_211' title='bbox 2448 1554 2785 1631; x_wconf 87' lang='lat' dir='ltr'><strong>negligentes</strong></span> <span class='ocrx_word' id='word_1_212' title='bbox 2825 1560 2955 1609; x_wconf 92' lang='lat' dir='ltr'><strong>sunt</strong></span> <span class='ocrx_word' id='word_1_213' title='bbox 2991 1551 3109 1609; x_wconf 88' lang='lat' dir='ltr'><strong>sive</strong></span> <span class='ocrx_word' id='word_1_214' title='bbox 3128 1548 3376 1613; x_wconf 86' lang='lat' dir='ltr'><strong>solliciti,</strong></span> <span class='ocrx_word' id='word_1_215' title='bbox 3409 1558 3520 1602; x_wconf 84' lang='lat' dir='ltr'><strong>non</strong></span> 
     </span>
    </p>
   </div>
   <div class='ocr_carea' id='block_1_30' title="bbox 1920 1640 3521 1725">
    <p class='ocr_par' dir='ltr' id='par_1_30' title="bbox 1920 1640 3521 1725">
     <span class='ocr_line' id='line_1_30' title="bbox 1920 1640 3521 1725; baseline -0.012 -11"><span class='ocrx_word' id='word_1_216' title='bbox 1920 1655 2092 1713; x_wconf 84' lang='lat' dir='ltr'><strong>debeo</strong></span> <span class='ocrx_word' id='word_1_217' title='bbox 2118 1662 2341 1725; x_wconf 87' lang='lat' dir='ltr'><strong>propter</strong></span> <span class='ocrx_word' id='word_1_218' title='bbox 2368 1648 2755 1723; x_wconf 85' lang='lat' dir='ltr'><strong>negligentiam</strong></span> <span class='ocrx_word' id='word_1_219' title='bbox 2799 1656 2855 1703; x_wconf 91' lang='lat' dir='ltr'><strong>et</strong></span> <span class='ocrx_word' id='word_1_220' title='bbox 2893 1646 3014 1712; x_wconf 81' lang='lat' dir='ltr'><strong>ipse</strong></span> <span class='ocrx_word' id='word_1_221' title='bbox 3048 1642 3330 1715; x_wconf 84' lang='lat' dir='ltr'><strong>negligens</strong></span> <span class='ocrx_word' id='word_1_222' title='bbox 3365 1640 3521 1696; x_wconf 82' lang='lat' dir='ltr'><strong>inve-</strong></span> 
     </span>
    </p>
   </div>
   <div class='ocr_carea' id='block_1_31' title="bbox 1920 1734 3516 1812">
    <p class='ocr_par' dir='ltr' id='par_1_31' title="bbox 1920 1734 3516 1812">
     <span class='ocr_line' id='line_1_31' title="bbox 1920 1734 3516 1812; baseline -0.013 -7"><span class='ocrx_word' id='word_1_223' title='bbox 1920 1748 2048 1805; x_wconf 89' lang='lat' dir='ltr'><strong>niri.</strong></span> <span class='ocrx_word' id='word_1_224' title='bbox 2096 1745 2265 1803; x_wconf 78' lang='lat' dir='ltr'><strong>Forte</strong></span> <span class='ocrx_word' id='word_1_225' title='bbox 2318 1753 2504 1800; x_wconf 87' lang='lat' dir='ltr'><strong>autem</strong></span> <span class='ocrx_word' id='word_1_226' title='bbox 2553 1739 2775 1812; x_wconf 88' lang='lat' dir='ltr'><strong>quidam</strong></span> <span class='ocrx_word' id='word_1_227' title='bbox 2812 1746 2869 1796; x_wconf 91' lang='lat' dir='ltr'><strong>et</strong></span> <span class='ocrx_word' id='word_1_228' title='bbox 2921 1734 3253 1795; x_wconf 89' lang='lat' dir='ltr'><strong>contendent</strong></span> <span class='ocrx_word' id='word_1_229' title='bbox 3314 1744 3516 1803; x_wconf 75' lang='lat' dir='ltr'><strong>expro-</strong></span> 
     </span>
    </p>
   </div>
   <div class='ocr_carea' id='block_1_32' title="bbox 1920 1822 3522 1904">
    <p class='ocr_par' dir='ltr' id='par_1_32' title="bbox 1920 1822 3522 1904">
     <span class='ocr_line' id='line_1_32' title="bbox 1920 1822 3522 1904; baseline -0.014 -5"><span class='ocrx_word' id='word_1_230' title='bbox 1920 1841 2061 1900; x_wconf 90' lang='lat' dir='ltr'><strong>brati</strong></span> <span class='ocrx_word' id='word_1_231' title='bbox 2106 1860 2120 1896; x_wconf 91' lang='lat'><strong>:</strong></span> <span class='ocrx_word' id='word_1_232' title='bbox 2163 1847 2220 1894; x_wconf 93' lang='lat' dir='ltr'><strong>et</strong></span> <span class='ocrx_word' id='word_1_233' title='bbox 2278 1837 2329 1894; x_wconf 92' lang='lat' dir='ltr'><strong>si</strong></span> <span class='ocrx_word' id='word_1_234' title='bbox 2378 1848 2488 1891; x_wconf 88' lang='lat' dir='ltr'><strong>non</strong></span> <span class='ocrx_word' id='word_1_235' title='bbox 2539 1840 2768 1904; x_wconf 81' lang='lat' dir='ltr'><strong>propter</strong></span> <span class='ocrx_word' id='word_1_236' title='bbox 2831 1842 3077 1886; x_wconf 87' lang='lat' dir='ltr'><strong>amorem</strong></span> <span class='ocrx_word' id='word_1_237' title='bbox 3144 1822 3408 1881; x_wconf 66' lang='lat' dir='ltr'><strong>doctrina:</strong></span> <span class='ocrx_word' id='word_1_238' title='bbox 3461 1828 3522 1877; x_wconf 90' lang='lat' dir='ltr'><strong>et</strong></span> 
     </span>
    </p>
   </div>
   <div class='ocr_carea' id='block_1_33' title="bbox 192 1914 3519 2005">
    <p class='ocr_par' dir='ltr' id='par_1_33' title="bbox 192 1914 3519 2005">
     <span class='ocr_line' id='line_1_33' title="bbox 192 1914 3519 2005; baseline -0.006 -15"><span class='ocrx_word' id='word_1_239' title='bbox 192 1933 497 1992; x_wconf 84' lang='lat' dir='ltr'><strong>laborant.</strong></span> <span class='ocrx_word' id='word_1_240' title='bbox 546 1933 603 1990; x_wconf 91' lang='lat' dir='ltr'><strong>Si</strong></span> <span class='ocrx_word' id='word_1_241' title='bbox 625 1914 826 1991; x_wconf 78' lang='lat' dir='ltr'><strong>-autt:m</strong></span> <span class='ocrx_word' id='word_1_242' title='bbox 860 1944 917 1991; x_wconf 88' lang='lat' dir='ltr'><strong>et</strong></span> <span class='ocrx_word' id='word_1_243' title='bbox 959 1933 1321 2005; x_wconf 85' lang='lat' dir='ltr'><strong>suscipientes</strong></span> <span class='ocrx_word' id='word_1_244' title='bbox 1368 1931 1665 1988; x_wconf 82' lang='lat' dir='ltr'><strong>servabunt</strong></span> <span class='ocrx_word' id='word_1_245' title='bbox 1717 1929 1813 2001; x_wconf 90' lang='lat' dir='ltr'><strong>qui</strong></span> <span class='ocrx_word' id='word_1_246' title='bbox 1842 1924 1889 1987; x_wconf 78' lang='grc' dir='ltr'><strong>Β</strong></span> <span class='ocrx_word' id='word_1_247' title='bbox 1916 1930 2179 1998; x_wconf 87' lang='lat' dir='ltr'><strong>studium,</strong></span> <span class='ocrx_word' id='word_1_248' title='bbox 2197 1929 2393 1986; x_wconf 88' lang='lat' dir='ltr'><strong>saltem</strong></span> <span class='ocrx_word' id='word_1_249' title='bbox 2412 1933 2635 1997; x_wconf 82' lang='lat' dir='ltr'><strong>propter</strong></span> <span class='ocrx_word' id='word_1_250' title='bbox 2660 1922 2914 1978; x_wconf 88' lang='lat' dir='ltr'><strong>ruborem</strong></span> <span class='ocrx_word' id='word_1_251' title='bbox 2932 1928 2988 1977; x_wconf 92' lang='lat' dir='ltr'><strong>et</strong></span> <span class='ocrx_word' id='word_1_252' title='bbox 3005 1914 3382 1989; x_wconf 86' lang='lat' dir='ltr'><strong>opprobrium,</strong></span> <span class='ocrx_word' id='word_1_253' title='bbox 3402 1920 3519 1974; x_wconf 87' lang='lat' dir='ltr'><strong>etc.</strong></span> 
     </span>
    </p>
   </div>
   <div class='ocr_carea' id='block_1_34' title="bbox 195 2020 1806 2094">
    <p class='ocr_par' dir='ltr' id='par_1_34' title="bbox 195 2020 1806 2094">
     <span class='ocr_line' id='line_1_34' title="bbox 195 2020 1806 2094; baseline -0.004 -12"><span class='ocrx_word' id='word_1_254' title='bbox 195 2038 328 2082; x_wconf 74' lang='lat' dir='ltr'><strong>non</strong></span> <span class='ocrx_word' id='word_1_255' title='bbox 373 2025 728 2094; x_wconf 84' lang='lat' dir='ltr'><strong>sudaverunt,</strong></span> <span class='ocrx_word' id='word_1_256' title='bbox 779 2026 915 2082; x_wconf 89' lang='lat' dir='ltr'><strong>nihil</strong></span> <span class='ocrx_word' id='word_1_257' title='bbox 967 2036 1148 2082; x_wconf 87' lang='lat' dir='ltr'><strong>autem</strong></span> <span class='ocrx_word' id='word_1_258' title='bbox 1194 2024 1388 2081; x_wconf 91' lang='lat' dir='ltr'><strong>horum</strong></span> <span class='ocrx_word' id='word_1_259' title='bbox 1437 2020 1806 2094; x_wconf 87' lang='lat' dir='ltr'><strong>requirentes;</strong></span> 
     </span>
    </p>
   </div>
   <div class='ocr_carea' id='block_1_35' title="bbox 201 2159 3510 2200">
    <p class='ocr_par' dir='ltr' id='par_1_35' title="bbox 201 2159 3510 2200">
     <span class='ocr_line' id='line_1_35' title="bbox 201 2159 3510 2200; baseline -0.002 -14"><span class='ocrx_word' id='word_1_260' title='bbox 201 2159 3510 2200; x_wconf 81' lang='lat'><strong>________________________________________________.</strong></span> 
     </span>
    </p>
   </div>
   <div class='ocr_carea' id='block_1_36' title="bbox 1196 2338 2551 2461">
    <p class='ocr_par' dir='ltr' id='par_1_36' title="bbox 1196 2338 2551 2461">
     <span class='ocr_line' id='line_1_36' title="bbox 1196 2338 2551 2461; baseline -0.005 -2"><span class='ocrx_word' id='word_1_261' title='bbox 1196 2340 1769 2461; x_wconf 63' lang='lat' dir='ltr'><strong>EUSEBI‘I</strong></span> <span class='ocrx_word' id='word_1_262' title='bbox 1852 2340 2022 2456; x_wconf 91' lang='lat' dir='ltr'><strong>PA</strong></span> <span class='ocrx_word' id='word_1_263' title='bbox 2042 2338 2551 2453; x_wconf 88' lang='lat' dir='ltr'><strong>MPHlLI</strong></span> 
     </span>
    </p>
   </div>
   <div class='ocr_carea' id='block_1_37' title="bbox 968 2580 2773 2693">
    <p class='ocr_par' dir='ltr' id='par_1_37' title="bbox 968 2580 2773 2693">
     <span class='ocr_line' id='line_1_37' title="bbox 968 2580 2773 2693; baseline -0.003 -18"><span class='ocrx_word' id='word_1_264' title='bbox 968 2586 1117 2677; x_wconf 89' lang='lat' dir='ltr'><strong>DE</strong></span> <span class='ocrx_word' id='word_1_265' title='bbox 1191 2583 1351 2678; x_wconf 89' lang='grc' dir='ltr'><strong>ΕΟ</strong></span> <span class='ocrx_word' id='word_1_266' title='bbox 1425 2582 1763 2693; x_wconf 85' lang='lat' dir='ltr'><strong>QUOD</strong></span> <span class='ocrx_word' id='word_1_267' title='bbox 1839 2584 2049 2674; x_wconf 83' lang='lat' dir='ltr'><strong>AIT</strong></span> <span class='ocrx_word' id='word_1_268' title='bbox 2122 2580 2773 2677; x_wconf 78' lang='lat' dir='ltr'><strong>DOMINUS:</strong></span> 
     </span>
    </p>
   </div>
   <div class='ocr_carea' id='block_1_38' title="bbox 1216 2733 2507 2815">
    <p class='ocr_par' dir='ltr' id='par_1_38' title="bbox 1216 2733 2507 2815">
     <span class='ocr_line' id='line_1_38' title="bbox 1216 2733 2507 2815; baseline -0.002 -16"><span class='ocrx_word' id='word_1_269' title='bbox 1216 2735 1363 2799; x_wconf 75' lang='lat' dir='ltr'><strong>Non</strong></span> <span class='ocrx_word' id='word_1_270' title='bbox 1401 2735 1546 2798; x_wconf 78' lang='lat' dir='ltr'><strong>ueni</strong></span> <span class='ocrx_word' id='word_1_271' title='bbox 1577 2751 1801 2815; x_wconf 86' lang='lat' dir='ltr'><strong>pacem</strong></span> <span class='ocrx_word' id='word_1_272' title='bbox 1841 2733 2096 2796; x_wconf 86' lang='lat' dir='ltr'><strong>mittere</strong></span> <span class='ocrx_word' id='word_1_273' title='bbox 2137 2733 2208 2793; x_wconf 73' lang='lat' dir='ltr'><strong>in</strong></span> <span class='ocrx_word' id='word_1_274' title='bbox 2249 2743 2507 2798; x_wconf 76' lang='lat' dir='ltr'><strong>terram.</strong></span> 
     </span>
    </p>
   </div>
   <div class='ocr_carea' id='block_1_39' title="bbox 1547 2858 2159 2922">
    <p class='ocr_par' dir='ltr' id='par_1_39' title="bbox 1547 2858 2159 2922">
     <span class='ocr_line' id='line_1_39' title="bbox 1547 2858 2159 2922; baseline 0 -1"><span class='ocrx_word' id='word_1_275' title='bbox 1547 2859 1785 2921; x_wconf 78' lang='lat' dir='ltr'><strong>LIBER</strong></span> <span class='ocrx_word' id='word_1_276' title='bbox 1825 2858 2159 2922; x_wconf 80' lang='lat' dir='ltr'><strong>SEXTUS.</strong></span> 
     </span>
    </p>
   </div>
   <div class='ocr_carea' id='block_1_40' title="bbox 283 3162 3519 3237">
    <p class='ocr_par' dir='ltr' id='par_1_40' title="bbox 283 3162 3519 3237">
     <span class='ocr_line' id='line_1_40' title="bbox 283 3162 3519 3237; baseline -0.003 -14"><span class='ocrx_word' id='word_1_277' title='bbox 283 3165 353 3223; x_wconf 78' lang='lat' dir='ltr'><strong>Et</strong></span> <span class='ocrx_word' id='word_1_278' title='bbox 380 3179 611 3237; x_wconf 88' lang='lat' dir='ltr'><strong>sponsos</strong></span> <span class='ocrx_word' id='word_1_279' title='bbox 636 3166 727 3236; x_wconf 90' lang='lat' dir='ltr'><strong>qui</strong></span> <span class='ocrx_word' id='word_1_280' title='bbox 759 3180 902 3222; x_wconf 91' lang='lat' dir='ltr'><strong>nunc</strong></span> <span class='ocrx_word' id='word_1_281' title='bbox 939 3164 1034 3221; x_wconf 78' lang='lat' dir='ltr'><strong>lilii</strong></span> <span class='ocrx_word' id='word_1_282' title='bbox 1061 3164 1357 3235; x_wconf 81' lang='lat' dir='ltr'><strong>habentur,</strong></span> <span class='ocrx_word' id='word_1_283' title='bbox 1382 3174 1673 3236; x_wconf 89' lang='lat' dir='ltr'><strong>parentum</strong></span> <span class='ocrx_word' id='word_1_284' title='bbox 1709 3165 1810 3221; x_wconf 88' lang='lat' dir='ltr'><strong>de-</strong></span> <span class='ocrx_word' id='word_1_285' title='bbox 1840 3174 1887 3237; x_wconf 73' lang='grc' dir='ltr'>ο</span> <span class='ocrx_word' id='word_1_286' title='bbox 1920 3164 2149 3237; x_wconf 88' lang='lat' dir='ltr'><strong>ﬁguram</strong></span> <span class='ocrx_word' id='word_1_287' title='bbox 2199 3163 2401 3219; x_wconf 89' lang='lat' dir='ltr'><strong>debent</strong></span> <span class='ocrx_word' id='word_1_288' title='bbox 2454 3162 2779 3219; x_wconf 82' lang='lat' dir='ltr'><strong>assumere?</strong></span> <span class='ocrx_word' id='word_1_289' title='bbox 2826 3163 3072 3217; x_wconf 84' lang='lat' dir='ltr'><strong>Sustinet</strong></span> <span class='ocrx_word' id='word_1_290' title='bbox 3119 3174 3255 3217; x_wconf 84' lang='lat' dir='ltr'><strong>sane</strong></span> <span class='ocrx_word' id='word_1_291' title='bbox 3284 3172 3519 3232; x_wconf 89' lang='lat' dir='ltr'><strong>sponsus</strong></span> 
     </span>
    </p>
   </div>
   <div class='ocr_carea' id='block_1_41' title="bbox 210 3256 1814 3329">
    <p class='ocr_par' dir='ltr' id='par_1_41' title="bbox 210 3256 1814 3329">
     <span class='ocr_line' id='line_1_41' title="bbox 210 3256 1814 3329; baseline -0.002 -14"><span class='ocrx_word' id='word_1_292' title='bbox 210 3256 474 3315; x_wconf 85' lang='lat' dir='ltr'><strong>siderium</strong></span> <span class='ocrx_word' id='word_1_293' title='bbox 520 3257 704 3323; x_wconf 82' lang='lat' dir='ltr'><strong>trahit,</strong></span> <span class='ocrx_word' id='word_1_294' title='bbox 764 3266 820 3314; x_wconf 92' lang='lat' dir='ltr'><strong>et</strong></span> <span class='ocrx_word' id='word_1_295' title='bbox 870 3266 1167 3329; x_wconf 81' lang='lat' dir='ltr'><strong>properant</strong></span> <span class='ocrx_word' id='word_1_296' title='bbox 1203 3258 1269 3312; x_wconf 88' lang='lat' dir='ltr'><strong>ad</strong></span> <span class='ocrx_word' id='word_1_297' title='bbox 1301 3258 1575 3329; x_wconf 88' lang='lat' dir='ltr'><strong>genitores</strong></span> <span class='ocrx_word' id='word_1_298' title='bbox 1601 3272 1814 3313; x_wconf 88' lang='lat' dir='ltr'><strong>annun-</strong></span> 
     </span>
    </p>
   </div>
   <div class='ocr_carea' id='block_1_42' title="bbox 215 3350 1811 3422">
    <p class='ocr_par' dir='ltr' id='par_1_42' title="bbox 215 3350 1811 3422">
     <span class='ocr_line' id='line_1_42' title="bbox 215 3350 1811 3422; baseline 0 -18"><span class='ocrx_word' id='word_1_299' title='bbox 215 3351 354 3406; x_wconf 87' lang='lat' dir='ltr'><strong>tlare</strong></span> <span class='ocrx_word' id='word_1_300' title='bbox 374 3364 585 3420; x_wconf 67' lang='lat' dir='ltr'><strong>sponsa</strong></span> <span class='ocrx_word' id='word_1_301' title='bbox 614 3350 953 3405; x_wconf 82' lang='lat' dir='ltr'><strong>honestatem</strong></span> <span class='ocrx_word' id='word_1_302' title='bbox 982 3359 1038 3404; x_wconf 86' lang='lat' dir='ltr'><strong>et</strong></span> <span class='ocrx_word' id='word_1_303' title='bbox 1063 3350 1353 3421; x_wconf 87' lang='lat' dir='ltr'><strong>colloquia.</strong></span> <span class='ocrx_word' id='word_1_304' title='bbox 1399 3351 1602 3422; x_wconf 91' lang='lat' dir='ltr'><strong>quique</strong></span> <span class='ocrx_word' id='word_1_305' title='bbox 1627 3360 1684 3408; x_wconf 91' lang='lat' dir='ltr'><strong>et</strong></span> <span class='ocrx_word' id='word_1_306' title='bbox 1709 3366 1811 3422; x_wconf 88' lang='lat' dir='ltr'><strong>pa-</strong></span> 
     </span>
    </p>
   </div>
   <div class='ocr_carea' id='block_1_43' title="bbox 214 3439 1814 3509">
    <p class='ocr_par' dir='ltr' id='par_1_43' title="bbox 214 3439 1814 3509">
     <span class='ocr_line' id='line_1_43' title="bbox 214 3439 1814 3509; baseline -0.001 -10"><span class='ocrx_word' id='word_1_307' title='bbox 214 3441 464 3499; x_wconf 80' lang='lat' dir='ltr'><strong>rentibus</strong></span> <span class='ocrx_word' id='word_1_308' title='bbox 491 3439 809 3497; x_wconf 81' lang='lat' dir='ltr'><strong>manifestus</strong></span> <span class='ocrx_word' id='word_1_309' title='bbox 832 3451 917 3496; x_wconf 91' lang='lat' dir='ltr'><strong>est</strong></span> <span class='ocrx_word' id='word_1_310' title='bbox 940 3456 1057 3496; x_wconf 89' lang='lat' dir='ltr'><strong>mos</strong></span> <span class='ocrx_word' id='word_1_311' title='bbox 1091 3439 1238 3509; x_wconf 80' lang='lat' dir='ltr'><strong>ejus,</strong></span> <span class='ocrx_word' id='word_1_312' title='bbox 1265 3453 1321 3496; x_wconf 92' lang='lat' dir='ltr'><strong>et</strong></span> <span class='ocrx_word' id='word_1_313' title='bbox 1350 3442 1589 3509; x_wconf 87' lang='lat' dir='ltr'><strong>habitus,</strong></span> <span class='ocrx_word' id='word_1_314' title='bbox 1608 3454 1664 3499; x_wconf 90' lang='lat' dir='ltr'><strong>et</strong></span> <span class='ocrx_word' id='word_1_315' title='bbox 1689 3441 1814 3499; x_wconf 86' lang='lat' dir='ltr'><strong>aﬁ‘e-</strong></span> 
     </span>
    </p>
   </div>
   <div class='ocr_carea' id='block_1_44' title="bbox 215 3531 1813 3602">
    <p class='ocr_par' dir='ltr' id='par_1_44' title="bbox 215 3531 1813 3602">
     <span class='ocr_line' id='line_1_44' title="bbox 215 3531 1813 3602; baseline -0.001 -13"><span class='ocrx_word' id='word_1_316' title='bbox 215 3540 354 3589; x_wconf 87' lang='lat' dir='ltr'><strong>ctus.</strong></span> <span class='ocrx_word' id='word_1_317' title='bbox 388 3532 673 3588; x_wconf 82' lang='lat' dir='ltr'><strong>Festinant</strong></span> <span class='ocrx_word' id='word_1_318' title='bbox 723 3542 904 3586; x_wconf 90' lang='lat' dir='ltr'><strong>autem</strong></span> <span class='ocrx_word' id='word_1_319' title='bbox 954 3531 1148 3585; x_wconf 89' lang='lat' dir='ltr'><strong>iterum</strong></span> <span class='ocrx_word' id='word_1_320' title='bbox 1186 3539 1242 3585; x_wconf 89' lang='lat' dir='ltr'><strong>et</strong></span> <span class='ocrx_word' id='word_1_321' title='bbox 1276 3531 1343 3585; x_wconf 88' lang='lat' dir='ltr'><strong>ad</strong></span> <span class='ocrx_word' id='word_1_322' title='bbox 1394 3547 1670 3602; x_wconf 83' lang='lat' dir='ltr'><strong>sponsam,</strong></span> <span class='ocrx_word' id='word_1_323' title='bbox 1701 3548 1813 3588; x_wconf 83' lang='lat' dir='ltr'><strong>me-</strong></span> 
     </span>
    </p>
   </div>
   <div class='ocr_carea' id='block_1_45' title="bbox 216 3623 1810 3697">
    <p class='ocr_par' dir='ltr' id='par_1_45' title="bbox 216 3623 1810 3697">
     <span class='ocr_line' id='line_1_45' title="bbox 216 3623 1810 3697; baseline 0.001 -18"><span class='ocrx_word' id='word_1_324' title='bbox 216 3638 400 3680; x_wconf 83' lang='lat' dir='ltr'><strong>mores</strong></span> <span class='ocrx_word' id='word_1_325' title='bbox 450 3623 592 3679; x_wconf 82' lang='lat' dir='ltr'><strong>illius</strong></span> <span class='ocrx_word' id='word_1_326' title='bbox 632 3625 700 3679; x_wconf 88' lang='lat' dir='ltr'><strong>ab</strong></span> <span class='ocrx_word' id='word_1_327' title='bbox 742 3624 898 3679; x_wconf 90' lang='lat' dir='ltr'><strong>initio</strong></span> <span class='ocrx_word' id='word_1_328' title='bbox 929 3625 1195 3688; x_wconf 83' lang='lat' dir='ltr'><strong>mandati,</strong></span> <span class='ocrx_word' id='word_1_329' title='bbox 1239 3625 1333 3693; x_wconf 90' lang='lat' dir='ltr'><strong>qui</strong></span> <span class='ocrx_word' id='word_1_330' title='bbox 1368 3625 1490 3679; x_wconf 89' lang='lat' dir='ltr'><strong>ait:</strong></span> <span class='ocrx_word' id='word_1_331' title='bbox 1532 3623 1810 3697; x_wconf 69' lang='lat' dir='ltr'><strong>Relinquat</strong></span> 
     </span>
    </p>
   </div>
   <div class='ocr_carea' id='block_1_46' title="bbox 215 3718 1811 3788">
    <p class='ocr_par' dir='ltr' id='par_1_46' title="bbox 215 3718 1811 3788">
     <span class='ocr_line' id='line_1_46' title="bbox 215 3718 1811 3788; baseline 0.001 -15"><span class='ocrx_word' id='word_1_332' title='bbox 215 3718 372 3773; x_wconf 64' lang='lat' dir='ltr'><strong>homo</strong></span> <span class='ocrx_word' id='word_1_333' title='bbox 410 3727 613 3782; x_wconf 86' lang='lat' dir='ltr'><strong>patrem</strong></span> <span class='ocrx_word' id='word_1_334' title='bbox 647 3726 697 3772; x_wconf 86' lang='lat' dir='ltr'><strong>et</strong></span> <span class='ocrx_word' id='word_1_335' title='bbox 742 3728 984 3783; x_wconf 77' lang='lat' dir='ltr'><strong>matrem,</strong></span> <span class='ocrx_word' id='word_1_336' title='bbox 1026 3726 1076 3770; x_wconf 86' lang='lat' dir='ltr'><strong>et</strong></span> <span class='ocrx_word' id='word_1_337' title='bbox 1111 3718 1462 3788; x_wconf 75' lang='lat' dir='ltr'><strong>conjungetur</strong></span> <span class='ocrx_word' id='word_1_338' title='bbox 1494 3719 1732 3783; x_wconf 75' lang='lat' dir='ltr'><strong>mulieri,</strong></span> <span class='ocrx_word' id='word_1_339' title='bbox 1762 3728 1811 3774; x_wconf 85' lang='lat' dir='ltr'><strong>et</strong></span> 
     </span>
    </p>
   </div>
   <div class='ocr_carea' id='block_1_47' title="bbox 213 3810 1813 3882">
    <p class='ocr_par' dir='ltr' id='par_1_47' title="bbox 213 3810 1813 3882">
     <span class='ocr_line' id='line_1_47' title="bbox 213 3810 1813 3882; baseline 0.001 -16"><span class='ocrx_word' id='word_1_340' title='bbox 213 3820 367 3866; x_wconf 70' lang='lat' dir='ltr'><strong>erant</strong></span> <span class='ocrx_word' id='word_1_341' title='bbox 392 3811 546 3864; x_wconf 84' lang='lat' dir='ltr'><strong>ambo</strong></span> <span class='ocrx_word' id='word_1_342' title='bbox 582 3811 636 3865; x_wconf 88' lang='lat' dir='ltr'><strong>in</strong></span> <span class='ocrx_word' id='word_1_343' title='bbox 668 3826 827 3865; x_wconf 85' lang='lat' dir='ltr'><strong>carne</strong></span> <span class='ocrx_word' id='word_1_344' title='bbox 858 3827 966 3866; x_wconf 79' lang='lat' dir='ltr'><strong>una</strong></span> <span class='ocrx_word' id='word_1_345' title='bbox 1005 3813 1077 3867; x_wconf 81' lang='lat'><strong>’°.</strong></span> <span class='ocrx_word' id='word_1_346' title='bbox 1098 3810 1379 3866; x_wconf 61' lang='lat' dir='ltr'><strong>Laetamur</strong></span> <span class='ocrx_word' id='word_1_347' title='bbox 1412 3821 1597 3868; x_wconf 90' lang='lat' dir='ltr'><strong>autem</strong></span> <span class='ocrx_word' id='word_1_348' title='bbox 1620 3820 1677 3867; x_wconf 87' lang='lat' dir='ltr'><strong>et</strong></span> <span class='ocrx_word' id='word_1_349' title='bbox 1713 3825 1813 3882; x_wconf 87' lang='lat' dir='ltr'><strong>pa-</strong></span> 
     </span>
    </p>
   </div>
   <div class='ocr_carea' id='block_1_48' title="bbox 215 3900 1811 3971">
    <p class='ocr_par' dir='ltr' id='par_1_48' title="bbox 215 3900 1811 3971">
     <span class='ocr_line' id='line_1_48' title="bbox 215 3900 1811 3971; baseline 0.002 -14"><span class='ocrx_word' id='word_1_350' title='bbox 215 3908 401 3957; x_wconf 83' lang='lat' dir='ltr'><strong>rentes</strong></span> <span class='ocrx_word' id='word_1_351' title='bbox 448 3901 697 3956; x_wconf 87' lang='lat' dir='ltr'><strong>videntes</strong></span> <span class='ocrx_word' id='word_1_352' title='bbox 758 3900 900 3958; x_wconf 90' lang='lat' dir='ltr'><strong>ﬁlios</strong></span> <span class='ocrx_word' id='word_1_353' title='bbox 936 3910 1141 3971; x_wconf 82' lang='lat' dir='ltr'><strong>patres.</strong></span> <span class='ocrx_word' id='word_1_354' title='bbox 1199 3900 1267 3956; x_wconf 90' lang='lat' dir='ltr'><strong>Et</strong></span> <span class='ocrx_word' id='word_1_355' title='bbox 1306 3903 1511 3959; x_wconf 89' lang='lat' dir='ltr'><strong>scimus</strong></span> <span class='ocrx_word' id='word_1_356' title='bbox 1550 3917 1811 3971; x_wconf 89' lang='lat' dir='ltr'><strong>sponsum</strong></span> 
     </span>
    </p>
   </div>
   <div class='ocr_carea' id='block_1_49' title="bbox 214 3993 1814 4064">
    <p class='ocr_par' dir='ltr' id='par_1_49' title="bbox 214 3993 1814 4064">
     <span class='ocr_line' id='line_1_49' title="bbox 214 3993 1814 4064; baseline 0.004 -18"><span class='ocrx_word' id='word_1_357' title='bbox 214 4004 402 4047; x_wconf 84' lang='lat' dir='ltr'><strong>verum</strong></span> <span class='ocrx_word' id='word_1_358' title='bbox 441 3993 696 4049; x_wconf 70' lang='lat' dir='ltr'><strong>Ecclesiae</strong></span> <span class='ocrx_word' id='word_1_359' title='bbox 711 3993 1022 4049; x_wconf 90' lang='lat' dir='ltr'><strong>Dominum.</strong></span> <span class='ocrx_word' id='word_1_360' title='bbox 1058 3993 1164 4050; x_wconf 88' lang='lat' dir='ltr'><strong>Sed</strong></span> <span class='ocrx_word' id='word_1_361' title='bbox 1196 3995 1322 4064; x_wconf 90' lang='lat' dir='ltr'><strong>quia</strong></span> <span class='ocrx_word' id='word_1_362' title='bbox 1354 3994 1534 4051; x_wconf 90' lang='lat' dir='ltr'><strong>lumen</strong></span> <span class='ocrx_word' id='word_1_363' title='bbox 1568 3995 1697 4052; x_wconf 91' lang='lat' dir='ltr'><strong>illud</strong></span> <span class='ocrx_word' id='word_1_364' title='bbox 1722 4012 1814 4052; x_wconf 89' lang='lat' dir='ltr'><strong>ve-</strong></span> 
     </span>
    </p>
   </div>
   <div class='ocr_carea' id='block_1_50' title="bbox 216 4084 1810 4158">
    <p class='ocr_par' dir='ltr' id='par_1_50' title="bbox 216 4084 1810 4158">
     <span class='ocr_line' id='line_1_50' title="bbox 216 4084 1810 4158; baseline 0.004 -18"><span class='ocrx_word' id='word_1_365' title='bbox 216 4099 336 4140; x_wconf 91' lang='lat' dir='ltr'><strong>rum</strong></span> <span class='ocrx_word' id='word_1_366' title='bbox 374 4084 663 4140; x_wconf 84' lang='lat' dir='ltr'><strong>luminaria</strong></span> <span class='ocrx_word' id='word_1_367' title='bbox 696 4086 850 4152; x_wconf 76' lang='lat' dir='ltr'><strong>facit,</strong></span> <span class='ocrx_word' id='word_1_368' title='bbox 897 4095 953 4142; x_wconf 92' lang='lat' dir='ltr'><strong>et</strong></span> <span class='ocrx_word' id='word_1_369' title='bbox 1003 4090 1262 4158; x_wconf 84' lang='lat' dir='ltr'><strong>magister</strong></span> <span class='ocrx_word' id='word_1_370' title='bbox 1290 4087 1408 4158; x_wconf 88' lang='lat' dir='ltr'><strong>ipse</strong></span> <span class='ocrx_word' id='word_1_371' title='bbox 1434 4089 1582 4145; x_wconf 91' lang='lat' dir='ltr'><strong>solus</strong></span> <span class='ocrx_word' id='word_1_372' title='bbox 1616 4090 1669 4145; x_wconf 91' lang='lat' dir='ltr'><strong>in</strong></span> <span class='ocrx_word' id='word_1_373' title='bbox 1702 4090 1810 4146; x_wconf 87' lang='lat' dir='ltr'><strong>Ec-</strong></span> 
     </span>
    </p>
   </div>
   <div class='ocr_carea' id='block_1_51' title="bbox 211 4175 1811 4253">
    <p class='ocr_par' dir='ltr' id='par_1_51' title="bbox 211 4175 1811 4253">
     <span class='ocr_line' id='line_1_51' title="bbox 211 4175 1811 4253; baseline 0.003 -21"><span class='ocrx_word' id='word_1_374' title='bbox 211 4175 380 4232; x_wconf 89' lang='lat' dir='ltr'><strong>clesia</strong></span> <span class='ocrx_word' id='word_1_375' title='bbox 413 4178 593 4246; x_wconf 87' lang='lat' dir='ltr'><strong>posuit</strong></span> <span class='ocrx_word' id='word_1_376' title='bbox 622 4187 678 4233; x_wconf 91' lang='lat' dir='ltr'><strong>et</strong></span> <span class='ocrx_word' id='word_1_377' title='bbox 710 4179 1020 4249; x_wconf 86' lang='lat' dir='ltr'><strong>magistros.</strong></span> <span class='ocrx_word' id='word_1_378' title='bbox 1054 4188 1106 4235; x_wconf 91' lang='lat' dir='ltr'><strong>et</strong></span> <span class='ocrx_word' id='word_1_379' title='bbox 1134 4190 1323 4249; x_wconf 84' lang='lat' dir='ltr'><strong>pastor</strong></span> <span class='ocrx_word' id='word_1_380' title='bbox 1362 4181 1476 4251; x_wconf 89' lang='lat' dir='ltr'><strong>ipse</strong></span> <span class='ocrx_word' id='word_1_381' title='bbox 1508 4182 1684 4239; x_wconf 85' lang='lat' dir='ltr'><strong>bonus</strong></span> <span class='ocrx_word' id='word_1_382' title='bbox 1709 4198 1811 4253; x_wconf 89' lang='lat' dir='ltr'><strong>pa-</strong></span> 
     </span>
    </p>
   </div>
   <div class='ocr_carea' id='block_1_52' title="bbox 212 4258 1812 4341">
    <p class='ocr_par' dir='ltr' id='par_1_52' title="bbox 212 4258 1812 4341">
     <span class='ocr_line' id='line_1_52' title="bbox 212 4258 1812 4341; baseline 0.003 -18"><span class='ocrx_word' id='word_1_383' title='bbox 212 4275 392 4324; x_wconf 88' lang='lat' dir='ltr'><strong>stores</strong></span> <span class='ocrx_word' id='word_1_384' title='bbox 417 4269 723 4332; x_wconf 87' lang='lat' dir='ltr'><strong>constituit,</strong></span> <span class='ocrx_word' id='word_1_385' title='bbox 752 4284 985 4341; x_wconf 87' lang='lat' dir='ltr'><strong>sponsus</strong></span> <span class='ocrx_word' id='word_1_386' title='bbox 1031 4258 1251 4339; x_wconf 88' lang='lat' dir='ltr'><strong>quidem</strong></span> <span class='ocrx_word' id='word_1_387' title='bbox 1289 4271 1403 4339; x_wconf 89' lang='lat' dir='ltr'><strong>ipse</strong></span> <span class='ocrx_word' id='word_1_388' title='bbox 1435 4286 1595 4327; x_wconf 79' lang='lat' dir='ltr'><strong>verus</strong></span> <span class='ocrx_word' id='word_1_389' title='bbox 1611 4282 1717 4339; x_wconf 79' lang='lat' dir='ltr'><strong>eat,</strong></span> <span class='ocrx_word' id='word_1_390' title='bbox 1753 4281 1812 4328; x_wconf 87' lang='lat' dir='ltr'><strong>ut</strong></span> 
     </span>
    </p>
   </div>
   <div class='ocr_carea' id='block_1_53' title="bbox 211 4359 1808 4436">
    <p class='ocr_par' dir='ltr' id='par_1_53' title="bbox 211 4359 1808 4436">
     <span class='ocr_line' id='line_1_53' title="bbox 211 4359 1808 4436; baseline 0.003 -21"><span class='ocrx_word' id='word_1_391' title='bbox 211 4367 300 4415; x_wconf 84' lang='lat' dir='ltr'><strong>est</strong></span> <span class='ocrx_word' id='word_1_392' title='bbox 330 4374 582 4429; x_wconf 81' lang='lat' dir='ltr'><strong>sponsus.</strong></span> <span class='ocrx_word' id='word_1_393' title='bbox 604 4359 741 4427; x_wconf 86' lang='lat' dir='ltr'><strong>Quia</strong></span> <span class='ocrx_word' id='word_1_394' title='bbox 772 4371 951 4416; x_wconf 90' lang='lat' dir='ltr'><strong>autem</strong></span> <span class='ocrx_word' id='word_1_395' title='bbox 988 4362 1320 4433; x_wconf 85' lang='lat' dir='ltr'><strong>mysterialis</strong></span> <span class='ocrx_word' id='word_1_396' title='bbox 1359 4373 1462 4429; x_wconf 90' lang='lat' dir='ltr'><strong>est,</strong></span> <span class='ocrx_word' id='word_1_397' title='bbox 1515 4365 1808 4436; x_wconf 84' lang='lat' dir='ltr'><strong>mysteria-</strong></span> 
     </span>
    </p>
   </div>
   <div class='ocr_carea' id='block_1_54' title="bbox 212 4448 1810 4523">
    <p class='ocr_par' dir='ltr' id='par_1_54' title="bbox 212 4448 1810 4523">
     <span class='ocr_line' id='line_1_54' title="bbox 212 4448 1810 4523; baseline 0.005 -18"><span class='ocrx_word' id='word_1_398' title='bbox 212 4448 342 4507; x_wconf 88' lang='lat' dir='ltr'><strong>litas</strong></span> <span class='ocrx_word' id='word_1_399' title='bbox 372 4451 472 4507; x_wconf 89' lang='lat' dir='ltr'><strong>ista</strong></span> <span class='ocrx_word' id='word_1_400' title='bbox 498 4467 605 4506; x_wconf 91' lang='lat' dir='ltr'><strong>non</strong></span> <span class='ocrx_word' id='word_1_401' title='bbox 655 4452 958 4508; x_wconf 84' lang='lat' dir='ltr'><strong>maculatur</strong></span> <span class='ocrx_word' id='word_1_402' title='bbox 996 4468 1216 4523; x_wconf 85' lang='lat' dir='ltr'><strong>sponsa,</strong></span> <span class='ocrx_word' id='word_1_403' title='bbox 1246 4453 1291 4509; x_wconf 92' lang='lat' dir='ltr'><strong>si</strong></span> <span class='ocrx_word' id='word_1_404' title='bbox 1319 4463 1372 4509; x_wconf 92' lang='lat' dir='ltr'><strong>et</strong></span> <span class='ocrx_word' id='word_1_405' title='bbox 1412 4469 1601 4512; x_wconf 79' lang='lat' dir='ltr'><strong>servos</strong></span> <span class='ocrx_word' id='word_1_406' title='bbox 1630 4457 1685 4511; x_wconf 91' lang='lat' dir='ltr'><strong>in</strong></span> <span class='ocrx_word' id='word_1_407' title='bbox 1711 4456 1810 4513; x_wconf 87' lang='lat' dir='ltr'><strong>ho-</strong></span> 
     </span>
    </p>
   </div>
   <div class='ocr_carea' id='block_1_55' title="bbox 213 4528 1889 4618">
    <p class='ocr_par' dir='ltr' id='par_1_55' title="bbox 213 4528 1889 4618">
     <span class='ocr_line' id='line_1_55' title="bbox 213 4528 1889 4618; baseline 0 -16"><span class='ocrx_word' id='word_1_408' title='bbox 213 4562 347 4602; x_wconf 89' lang='lat' dir='ltr'><strong>nore</strong></span> <span class='ocrx_word' id='word_1_409' title='bbox 380 4547 643 4618; x_wconf 83' lang='lat' dir='ltr'><strong>suscipiat</strong></span> <span class='ocrx_word' id='word_1_410' title='bbox 670 4548 874 4616; x_wconf 90' lang='lat' dir='ltr'><strong>sponsi.</strong></span> <span class='ocrx_word' id='word_1_411' title='bbox 916 4547 1137 4603; x_wconf 80' lang='lat' dir='ltr'><strong>Dicebat</strong></span> <span class='ocrx_word' id='word_1_412' title='bbox 1179 4549 1323 4603; x_wconf 90' lang='lat' dir='ltr'><strong>enim</strong></span> <span class='ocrx_word' id='word_1_413' title='bbox 1355 4563 1589 4617; x_wconf 89' lang='lat' dir='ltr'><strong>sponsus</strong></span> <span class='ocrx_word' id='word_1_414' title='bbox 1622 4546 1817 4605; x_wconf 55' lang='lat' dir='ltr'><strong>Domi-9</strong></span> <span class='ocrx_word' id='word_1_415' title='bbox 1841 4528 1889 4587; x_wconf 75' lang='grc' dir='ltr'><strong>ί)</strong></span> 
     </span>
    </p>
   </div>
   <div class='ocr_carea' id='block_1_56' title="bbox 213 4640 1810 4714">
    <p class='ocr_par' dir='ltr' id='par_1_56' title="bbox 213 4640 1810 4714">
     <span class='ocr_line' id='line_1_56' title="bbox 213 4640 1810 4714; baseline 0.003 -21"><span class='ocrx_word' id='word_1_416' title='bbox 213 4653 340 4704; x_wconf 89' lang='lat' dir='ltr'><strong>nus,</strong></span> <span class='ocrx_word' id='word_1_417' title='bbox 384 4648 444 4694; x_wconf 92' lang='lat' dir='ltr'><strong>ut</strong></span> <span class='ocrx_word' id='word_1_418' title='bbox 478 4640 750 4697; x_wconf 88' lang='lat' dir='ltr'><strong>audistis:</strong></span> <span class='ocrx_word' id='word_1_419' title='bbox 794 4641 899 4708; x_wconf 83' lang='lat' dir='ltr'><strong>Qui</strong></span> <span class='ocrx_word' id='word_1_420' title='bbox 941 4658 1028 4696; x_wconf 79' lang='lat' dir='ltr'><strong>vos</strong></span> <span class='ocrx_word' id='word_1_421' title='bbox 1070 4642 1309 4709; x_wconf 76' lang='lat' dir='ltr'><strong>suscipit,</strong></span> <span class='ocrx_word' id='word_1_422' title='bbox 1359 4659 1441 4697; x_wconf 84' lang='lat' dir='ltr'><strong>me</strong></span> <span class='ocrx_word' id='word_1_423' title='bbox 1492 4642 1810 4714; x_wconf 78' lang='lat' dir='ltr'><strong>suscipit&quot;.</strong></span> 
     </span>
    </p>
   </div>
   <div class='ocr_carea' id='block_1_57' title="bbox 214 4731 1812 4805">
    <p class='ocr_par' dir='ltr' id='par_1_57' title="bbox 214 4731 1812 4805">
     <span class='ocr_line' id='line_1_57' title="bbox 214 4731 1812 4805; baseline 0.001 -18"><span class='ocrx_word' id='word_1_424' title='bbox 214 4731 456 4803; x_wconf 78' lang='lat' dir='ltr'><strong>Apparet</strong></span> <span class='ocrx_word' id='word_1_425' title='bbox 484 4743 665 4787; x_wconf 89' lang='lat' dir='ltr'><strong>autem</strong></span> <span class='ocrx_word' id='word_1_426' title='bbox 721 4744 983 4804; x_wconf 82' lang='lat' dir='ltr'><strong>quantum</strong></span> <span class='ocrx_word' id='word_1_427' title='bbox 1034 4733 1364 4802; x_wconf 87' lang='lat' dir='ltr'><strong>sponsalitas</strong></span> <span class='ocrx_word' id='word_1_428' title='bbox 1394 4734 1509 4805; x_wconf 88' lang='lat' dir='ltr'><strong>ipsa</strong></span> <span class='ocrx_word' id='word_1_429' title='bbox 1548 4735 1812 4800; x_wconf 83' lang='lat' dir='ltr'><strong>emineat,</strong></span> 
     </span>
    </p>
   </div>
   <div class='ocr_carea' id='block_1_58' title="bbox 215 4823 1812 4897">
    <p class='ocr_par' dir='ltr' id='par_1_58' title="bbox 215 4823 1812 4897">
     <span class='ocr_line' id='line_1_58' title="bbox 215 4823 1812 4897; baseline 0.003 -17"><span class='ocrx_word' id='word_1_430' title='bbox 215 4823 286 4880; x_wconf 90' lang='lat' dir='ltr'><strong>ab</strong></span> <span class='ocrx_word' id='word_1_431' title='bbox 311 4838 373 4878; x_wconf 89' lang='lat' dir='ltr'><strong>ea</strong></span> <span class='ocrx_word' id='word_1_432' title='bbox 407 4840 527 4894; x_wconf 67' lang='lat' dir='ltr'><strong>quae</strong></span> <span class='ocrx_word' id='word_1_433' title='bbox 554 4824 608 4880; x_wconf 92' lang='lat' dir='ltr'><strong>in</strong></span> <span class='ocrx_word' id='word_1_434' title='bbox 638 4826 837 4882; x_wconf 89' lang='lat' dir='ltr'><strong>mundo</strong></span> <span class='ocrx_word' id='word_1_435' title='bbox 872 4836 956 4883; x_wconf 90' lang='lat' dir='ltr'><strong>est</strong></span> <span class='ocrx_word' id='word_1_436' title='bbox 976 4827 1315 4897; x_wconf 87' lang='lat' dir='ltr'><strong>periculosa;</strong></span> <span class='ocrx_word' id='word_1_437' title='bbox 1350 4843 1454 4885; x_wconf 91' lang='lat' dir='ltr'><strong>non</strong></span> <span class='ocrx_word' id='word_1_438' title='bbox 1480 4828 1625 4884; x_wconf 90' lang='lat' dir='ltr'><strong>enim</strong></span> <span class='ocrx_word' id='word_1_439' title='bbox 1650 4829 1812 4885; x_wconf 84' lang='lat' dir='ltr'><strong>istinc</strong></span> 
     </span>
    </p>
   </div>
   <div class='ocr_carea' id='block_1_59' title="bbox 216 4914 1811 4991">
    <p class='ocr_par' dir='ltr' id='par_1_59' title="bbox 216 4914 1811 4991">
     <span class='ocr_line' id='line_1_59' title="bbox 216 4914 1811 4991; baseline 0.004 -20"><span class='ocrx_word' id='word_1_440' title='bbox 216 4914 414 4971; x_wconf 86' lang='lat' dir='ltr'><strong>mulier</strong></span> <span class='ocrx_word' id='word_1_441' title='bbox 469 4915 690 4984; x_wconf 83' lang='lat' dir='ltr'><strong>adjuvat</strong></span> <span class='ocrx_word' id='word_1_442' title='bbox 718 4919 919 4984; x_wconf 89' lang='lat' dir='ltr'><strong>virum,</strong></span> <span class='ocrx_word' id='word_1_443' title='bbox 950 4921 1044 4975; x_wconf 90' lang='lat' dir='ltr'><strong>sed</strong></span> <span class='ocrx_word' id='word_1_444' title='bbox 1084 4937 1317 4990; x_wconf 84' lang='lat' dir='ltr'><strong>sponsus</strong></span> <span class='ocrx_word' id='word_1_445' title='bbox 1352 4936 1609 4991; x_wconf 87' lang='lat' dir='ltr'><strong>sponsam</strong></span> <span class='ocrx_word' id='word_1_446' title='bbox 1647 4939 1662 4979; x_wconf 90' lang='lat'><strong>:</strong></span> <span class='ocrx_word' id='word_1_447' title='bbox 1704 4937 1811 4978; x_wconf 92' lang='lat' dir='ltr'><strong>non</strong></span> 
     </span>
    </p>
   </div>
   <div class='ocr_carea' id='block_1_60' title="bbox 213 5010 1809 5087">
    <p class='ocr_par' dir='ltr' id='par_1_60' title="bbox 213 5010 1809 5087">
     <span class='ocr_line' id='line_1_60' title="bbox 213 5010 1809 5087; baseline 0.004 -23"><span class='ocrx_word' id='word_1_448' title='bbox 213 5023 411 5079; x_wconf 89' lang='lat' dir='ltr'><strong>sponsa</strong></span> <span class='ocrx_word' id='word_1_449' title='bbox 444 5011 615 5065; x_wconf 87' lang='lat' dir='ltr'><strong>servit</strong></span> <span class='ocrx_word' id='word_1_450' title='bbox 638 5010 776 5077; x_wconf 89' lang='lat' dir='ltr'><strong>viro,</strong></span> <span class='ocrx_word' id='word_1_451' title='bbox 808 5012 901 5066; x_wconf 89' lang='lat' dir='ltr'><strong>sed</strong></span> <span class='ocrx_word' id='word_1_452' title='bbox 936 5027 1171 5082; x_wconf 89' lang='lat' dir='ltr'><strong>sponsus</strong></span> <span class='ocrx_word' id='word_1_453' title='bbox 1213 5015 1380 5069; x_wconf 85' lang='lat' dir='ltr'><strong>servit</strong></span> <span class='ocrx_word' id='word_1_454' title='bbox 1406 5024 1460 5069; x_wconf 88' lang='lat' dir='ltr'><strong>et</strong></span> <span class='ocrx_word' id='word_1_455' title='bbox 1492 5014 1659 5070; x_wconf 88' lang='lat' dir='ltr'><strong>dicit:</strong></span> <span class='ocrx_word' id='word_1_456' title='bbox 1694 5014 1809 5087; x_wconf 87' lang='lat' dir='ltr'><strong>Ego</strong></span> 
     </span>
    </p>
   </div>
   <div class='ocr_carea' id='block_1_61' title="bbox 215 5099 1809 5178">
    <p class='ocr_par' dir='ltr' id='par_1_61' title="bbox 215 5099 1809 5178">
     <span class='ocr_line' id='line_1_61' title="bbox 215 5099 1809 5178; baseline 0.005 -24"><span class='ocrx_word' id='word_1_457' title='bbox 215 5099 448 5155; x_wconf 86' lang='lat' dir='ltr'><strong>libenter</strong></span> <span class='ocrx_word' id='word_1_458' title='bbox 478 5114 576 5169; x_wconf 89' lang='lat' dir='ltr'><strong>pro</strong></span> <span class='ocrx_word' id='word_1_459' title='bbox 608 5101 805 5155; x_wconf 86' lang='lat' dir='ltr'><strong>animis</strong></span> <span class='ocrx_word' id='word_1_460' title='bbox 823 5103 1017 5156; x_wconf 86' lang='lat' dir='ltr'><strong>vestris</strong></span> <span class='ocrx_word' id='word_1_461' title='bbox 1038 5104 1325 5173; x_wconf 83' lang='lat' dir='ltr'><strong>erogabor,</strong></span> <span class='ocrx_word' id='word_1_462' title='bbox 1346 5114 1402 5159; x_wconf 89' lang='lat' dir='ltr'><strong>et</strong></span> <span class='ocrx_word' id='word_1_463' title='bbox 1429 5107 1809 5178; x_wconf 83' lang='lat' dir='ltr'><strong>metnetipsum</strong></span> 
     </span>
    </p>
   </div>
   <div class='ocr_carea' id='block_1_62' title="bbox 223 5191 1805 5270">
    <p class='ocr_par' dir='ltr' id='par_1_62' title="bbox 223 5191 1805 5270">
     <span class='ocr_line' id='line_1_62' title="bbox 223 5191 1805 5270; baseline 0.004 -22"><span class='ocrx_word' id='word_1_464' title='bbox 223 5191 454 5248; x_wconf 87' lang='lat' dir='ltr'><strong>tradam.</strong></span> <span class='ocrx_word' id='word_1_465' title='bbox 486 5191 553 5247; x_wconf 85' lang='lat' dir='ltr'><strong>Et</strong></span> <span class='ocrx_word' id='word_1_466' title='bbox 574 5192 775 5249; x_wconf 81' lang='lat' dir='ltr'><strong>borum</strong></span> <span class='ocrx_word' id='word_1_467' title='bbox 802 5193 927 5262; x_wconf 88' lang='lat' dir='ltr'><strong>quis</strong></span> <span class='ocrx_word' id='word_1_468' title='bbox 955 5204 1038 5249; x_wconf 89' lang='lat' dir='ltr'><strong>est</strong></span> <span class='ocrx_word' id='word_1_469' title='bbox 1079 5196 1309 5266; x_wconf 79' lang='lat' dir='ltr'><strong>dignus?</strong></span> <span class='ocrx_word' id='word_1_470' title='bbox 1338 5197 1396 5253; x_wconf 84' lang='lat' dir='ltr'><strong>Si</strong></span> <span class='ocrx_word' id='word_1_471' title='bbox 1424 5198 1571 5253; x_wconf 87' lang='lat' dir='ltr'><strong>enim</strong></span> <span class='ocrx_word' id='word_1_472' title='bbox 1599 5198 1689 5255; x_wconf 90' lang='lat' dir='ltr'><strong>ille</strong></span> <span class='ocrx_word' id='word_1_473' title='bbox 1712 5202 1805 5270; x_wconf 86' lang='lat' dir='ltr'><strong>qui</strong></span> 
     </span>
    </p>
   </div>
   <div class='ocr_carea' id='block_1_63' title="bbox 218 5286 1812 5356">
    <p class='ocr_par' dir='ltr' id='par_1_63' title="bbox 218 5286 1812 5356">
     <span class='ocr_line' id='line_1_63' title="bbox 218 5286 1812 5356; baseline 0.003 -15"><span class='ocrx_word' id='word_1_474' title='bbox 218 5299 349 5343; x_wconf 88' lang='lat' dir='ltr'><strong>vere</strong></span> <span class='ocrx_word' id='word_1_475' title='bbox 398 5296 485 5343; x_wconf 80' lang='lat' dir='ltr'><strong>est</strong></span> <span class='ocrx_word' id='word_1_476' title='bbox 534 5288 769 5356; x_wconf 86' lang='lat' dir='ltr'><strong>sponsus</strong></span> <span class='ocrx_word' id='word_1_477' title='bbox 802 5286 1063 5343; x_wconf 85' lang='lat' dir='ltr'><strong>Dominus</strong></span> <span class='ocrx_word' id='word_1_478' title='bbox 1118 5299 1175 5343; x_wconf 93' lang='lat' dir='ltr'><strong>et</strong></span> <span class='ocrx_word' id='word_1_479' title='bbox 1223 5289 1367 5345; x_wconf 88' lang='lat' dir='ltr'><strong>Deus</strong></span> <span class='ocrx_word' id='word_1_480' title='bbox 1414 5289 1508 5345; x_wconf 89' lang='lat' dir='ltr'><strong>Dei</strong></span> <span class='ocrx_word' id='word_1_481' title='bbox 1542 5305 1649 5346; x_wconf 89' lang='lat' dir='ltr'><strong>non</strong></span> <span class='ocrx_word' id='word_1_482' title='bbox 1700 5293 1812 5347; x_wconf 90' lang='lat' dir='ltr'><strong>nati</strong></span> 
     </span>
    </p>
   </div>
   <div class='ocr_carea' id='block_1_64' title="bbox 219 5377 1810 5455">
    <p class='ocr_par' dir='ltr' id='par_1_64' title="bbox 219 5377 1810 5455">
     <span class='ocr_line' id='line_1_64' title="bbox 219 5377 1810 5455; baseline 0.005 -24"><span class='ocrx_word' id='word_1_483' title='bbox 219 5377 532 5448; x_wconf 83' lang='lat' dir='ltr'><strong>unigenitus</strong></span> <span class='ocrx_word' id='word_1_484' title='bbox 550 5377 744 5442; x_wconf 87' lang='lat' dir='ltr'><strong>Filius,</strong></span> <span class='ocrx_word' id='word_1_485' title='bbox 769 5379 859 5447; x_wconf 91' lang='lat' dir='ltr'><strong>qui</strong></span> <span class='ocrx_word' id='word_1_486' title='bbox 892 5378 947 5433; x_wconf 91' lang='lat' dir='ltr'><strong>in</strong></span> <span class='ocrx_word' id='word_1_487' title='bbox 983 5378 1153 5450; x_wconf 83' lang='lat' dir='ltr'><strong>ﬁgura</strong></span> <span class='ocrx_word' id='word_1_488' title='bbox 1190 5380 1285 5436; x_wconf 90' lang='lat' dir='ltr'><strong>Dei</strong></span> <span class='ocrx_word' id='word_1_489' title='bbox 1303 5383 1658 5449; x_wconf 88' lang='lat' dir='ltr'><strong>constitutus,</strong></span> <span class='ocrx_word' id='word_1_490' title='bbox 1684 5401 1810 5455; x_wconf 91' lang='lat' dir='ltr'><strong>pro-</strong></span> 
     </span>
    </p>
   </div>
   <div class='ocr_carea' id='block_1_65' title="bbox 220 5471 1811 5547">
    <p class='ocr_par' dir='ltr' id='par_1_65' title="bbox 220 5471 1811 5547">
     <span class='ocr_line' id='line_1_65' title="bbox 220 5471 1811 5547; baseline 0.004 -24"><span class='ocrx_word' id='word_1_491' title='bbox 220 5480 341 5541; x_wconf 91' lang='lat' dir='ltr'><strong>pter</strong></span> <span class='ocrx_word' id='word_1_492' title='bbox 364 5471 690 5527; x_wconf 85' lang='lat' dir='ltr'><strong>charitatem</strong></span> <span class='ocrx_word' id='word_1_493' title='bbox 725 5486 955 5541; x_wconf 65' lang='lat' dir='ltr'><strong>sponsae,</strong></span> <span class='ocrx_word' id='word_1_494' title='bbox 1006 5472 1235 5528; x_wconf 74' lang='lat' dir='ltr'><strong>formam</strong></span> <span class='ocrx_word' id='word_1_495' title='bbox 1279 5476 1421 5530; x_wconf 88' lang='lat' dir='ltr'><strong>servi</strong></span> <span class='ocrx_word' id='word_1_496' title='bbox 1448 5478 1658 5547; x_wconf 90' lang='lat' dir='ltr'><strong>accepit</strong></span> <span class='ocrx_word' id='word_1_497' title='bbox 1694 5494 1707 5530; x_wconf 89' lang='lat'><strong>:</strong></span> <span class='ocrx_word' id='word_1_498' title='bbox 1767 5476 1811 5532; x_wconf 87' lang='lat' dir='ltr'><strong>si</strong></span> 
     </span>
    </p>
   </div>
   <div class='ocr_carea' id='block_1_66' title="bbox 220 5561 1812 5641">
    <p class='ocr_par' dir='ltr' id='par_1_66' title="bbox 220 5561 1812 5641">
     <span class='ocr_line' id='line_1_66' title="bbox 220 5561 1812 5641; baseline 0.003 -22"><span class='ocrx_word' id='word_1_499' title='bbox 220 5561 481 5619; x_wconf 88' lang='lat' dir='ltr'><strong>Dominus</strong></span> <span class='ocrx_word' id='word_1_500' title='bbox 533 5562 586 5618; x_wconf 88' lang='lat' dir='ltr'><strong>in</strong></span> <span class='ocrx_word' id='word_1_501' title='bbox 631 5565 797 5635; x_wconf 84' lang='lat' dir='ltr'><strong>ﬁgura</strong></span> <span class='ocrx_word' id='word_1_502' title='bbox 820 5566 964 5620; x_wconf 89' lang='lat' dir='ltr'><strong>servi</strong></span> <span class='ocrx_word' id='word_1_503' title='bbox 1004 5576 1227 5637; x_wconf 88' lang='lat' dir='ltr'><strong>propter</strong></span> <span class='ocrx_word' id='word_1_504' title='bbox 1258 5567 1609 5624; x_wconf 87' lang='lat' dir='ltr'><strong>dilectionem</strong></span> <span class='ocrx_word' id='word_1_505' title='bbox 1641 5584 1812 5641; x_wconf 85' lang='lat' dir='ltr'><strong>spon-</strong></span> 
     </span>
    </p>
   </div>
   <div class='ocr_carea' id='block_1_67' title="bbox 220 5652 1810 5729">
    <p class='ocr_par' dir='ltr' id='par_1_67' title="bbox 220 5652 1810 5729">
     <span class='ocr_line' id='line_1_67' title="bbox 220 5652 1810 5729; baseline 0.003 -21"><span class='ocrx_word' id='word_1_506' title='bbox 220 5666 333 5717; x_wconf 67' lang='lat' dir='ltr'><strong>sa;</strong></span> <span class='ocrx_word' id='word_1_507' title='bbox 395 5652 488 5722; x_wconf 89' lang='lat' dir='ltr'><strong>qui</strong></span> <span class='ocrx_word' id='word_1_508' title='bbox 540 5662 734 5707; x_wconf 89' lang='lat' dir='ltr'><strong>natura</strong></span> <span class='ocrx_word' id='word_1_509' title='bbox 820 5655 965 5710; x_wconf 88' lang='lat' dir='ltr'><strong>servi</strong></span> <span class='ocrx_word' id='word_1_510' title='bbox 1027 5666 1189 5722; x_wconf 91' lang='lat' dir='ltr'><strong>sunt,</strong></span> <span class='ocrx_word' id='word_1_511' title='bbox 1254 5657 1381 5726; x_wconf 92' lang='lat' dir='ltr'><strong>quid</strong></span> <span class='ocrx_word' id='word_1_512' title='bbox 1442 5668 1599 5728; x_wconf 84' lang='lat' dir='ltr'><strong>putas</strong></span> <span class='ocrx_word' id='word_1_513' title='bbox 1648 5674 1810 5729; x_wconf 84' lang='lat' dir='ltr'><strong>quam</strong></span> 
     </span>
    </p>
   </div>
   <div class='ocr_carea' id='block_1_68' title="bbox 288 5745 1285 5817">
    <p class='ocr_par' dir='ltr' id='par_1_68' title="bbox 288 5745 1285 5817">
     <span class='ocr_line' id='line_1_68' title="bbox 288 5745 1285 5817; baseline 0.003 -13"><span class='ocrx_word' id='word_1_514' title='bbox 288 5746 338 5781; x_wconf 79' lang='grc'><strong>⁸⁸</strong></span> <span class='ocrx_word' id='word_1_515' title='bbox 369 5745 508 5805; x_wconf 83' lang='lat' dir='ltr'><strong>Gen.</strong></span> <span class='ocrx_word' id='word_1_516' title='bbox 548 5764 609 5816; x_wconf 88' lang='lat' dir='ltr'><strong>tt,</strong></span> <span class='ocrx_word' id='word_1_517' title='bbox 635 5748 725 5804; x_wconf 72' lang='grc'><strong>24.</strong></span> <span class='ocrx_word' id='word_1_518' title='bbox 802 5749 845 5781; x_wconf 78' lang='grc' dir='ltr'><strong>’ί</strong></span> <span class='ocrx_word' id='word_1_519' title='bbox 878 5749 1065 5806; x_wconf 81' lang='lat' dir='ltr'><strong>Matth.</strong></span> <span class='ocrx_word' id='word_1_520' title='bbox 1099 5765 1154 5817; x_wconf 76' lang='grc' dir='ltr'><strong>ι,</strong></span> <span class='ocrx_word' id='word_1_521' title='bbox 1195 5752 1285 5807; x_wconf 73' lang='grc'><strong>40.</strong></span> 
     </span>
    </p>
   </div>
   <div class='ocr_carea' id='block_1_69' title="bbox 294 5866 1248 5941">
    <p class='ocr_par' dir='ltr' id='par_1_69' title="bbox 294 5866 1248 5941">
     <span class='ocr_line' id='line_1_69' title="bbox 294 5866 1248 5941; baseline 0.005 -20"><span class='ocrx_word' id='word_1_522' title='bbox 294 5866 407 5941; x_wconf 79' lang='lat'><strong>(8|)</strong></span> <span class='ocrx_word' id='word_1_523' title='bbox 428 5867 731 5938; x_wconf 81' lang='lat' dir='ltr'><strong>Suscipitis.</strong></span> <span class='ocrx_word' id='word_1_524' title='bbox 754 5868 935 5933; x_wconf 78' lang='lat' dir='ltr'><strong>Forte,</strong></span> <span class='ocrx_word' id='word_1_525' title='bbox 956 5870 1248 5941; x_wconf 77' lang='lat' dir='ltr'><strong>suscipiens</strong></span> 
     </span>
    </p>
   </div>
   <div class='ocr_carea' id='block_1_70' title="bbox 1914 3254 3516 3330">
    <p class='ocr_par' dir='ltr' id='par_1_70' title="bbox 1914 3254 3516 3330">
     <span class='ocr_line' id='line_1_70' title="bbox 1914 3254 3516 3330; baseline -0.003 -17"><span class='ocrx_word' id='word_1_526' title='bbox 1914 3262 2122 3330; x_wconf 85' lang='lat' dir='ltr'><strong>quanta</strong></span> <span class='ocrx_word' id='word_1_527' title='bbox 2152 3257 2220 3312; x_wconf 89' lang='lat' dir='ltr'><strong>ad</strong></span> <span class='ocrx_word' id='word_1_528' title='bbox 2242 3254 2644 3313; x_wconf 88' lang='lat' dir='ltr'><strong>correctionem</strong></span> <span class='ocrx_word' id='word_1_529' title='bbox 2674 3263 2803 3310; x_wconf 92' lang='lat' dir='ltr'><strong>sunt</strong></span> <span class='ocrx_word' id='word_1_530' title='bbox 2837 3254 3147 3311; x_wconf 88' lang='lat' dir='ltr'><strong>necessaria</strong></span> <span class='ocrx_word' id='word_1_531' title='bbox 3177 3262 3235 3312; x_wconf 91' lang='lat' dir='ltr'><strong>et</strong></span> <span class='ocrx_word' id='word_1_532' title='bbox 3258 3263 3516 3311; x_wconf 79' lang='lat' dir='ltr'><strong>ornatum</strong></span> 
     </span>
    </p>
   </div>
   <div class='ocr_carea' id='block_1_71' title="bbox 1913 3345 3519 3420">
    <p class='ocr_par' dir='ltr' id='par_1_71' title="bbox 1913 3345 3519 3420">
     <span class='ocr_line' id='line_1_71' title="bbox 1913 3345 3519 3420; baseline -0.005 -14"><span class='ocrx_word' id='word_1_533' title='bbox 1913 3363 2148 3420; x_wconf 69' lang='lat' dir='ltr'><strong>sponsae,</strong></span> <span class='ocrx_word' id='word_1_534' title='bbox 2203 3348 2411 3419; x_wconf 87' lang='lat' dir='ltr'><strong>patitur</strong></span> <span class='ocrx_word' id='word_1_535' title='bbox 2450 3356 2506 3404; x_wconf 89' lang='lat' dir='ltr'><strong>et</strong></span> <span class='ocrx_word' id='word_1_536' title='bbox 2551 3347 2769 3404; x_wconf 86' lang='lat' dir='ltr'><strong>labores</strong></span> <span class='ocrx_word' id='word_1_537' title='bbox 2816 3356 2872 3404; x_wconf 90' lang='lat' dir='ltr'><strong>et</strong></span> <span class='ocrx_word' id='word_1_538' title='bbox 2902 3347 3115 3419; x_wconf 87' lang='lat' dir='ltr'><strong>vigilias</strong></span> <span class='ocrx_word' id='word_1_539' title='bbox 3157 3355 3215 3402; x_wconf 90' lang='lat' dir='ltr'><strong>et</strong></span> <span class='ocrx_word' id='word_1_540' title='bbox 3248 3345 3519 3401; x_wconf 81' lang='lat' dir='ltr'><strong>adiuven-</strong></span> 
     </span>
    </p>
   </div>
   <div class='ocr_carea' id='block_1_72' title="bbox 1914 3436 3523 3512">
    <p class='ocr_par' dir='ltr' id='par_1_72' title="bbox 1914 3436 3523 3512">
     <span class='ocr_line' id='line_1_72' title="bbox 1914 3436 3523 3512; baseline -0.002 -15"><span class='ocrx_word' id='word_1_541' title='bbox 1914 3442 2093 3500; x_wconf 87' lang='lat' dir='ltr'><strong>tioues</strong></span> <span class='ocrx_word' id='word_1_542' title='bbox 2118 3457 2133 3497; x_wconf 88' lang='lat'><strong>:</strong></span> <span class='ocrx_word' id='word_1_543' title='bbox 2158 3441 2514 3512; x_wconf 87' lang='lat' dir='ltr'><strong>vigilatenim</strong></span> <span class='ocrx_word' id='word_1_544' title='bbox 2545 3452 2606 3496; x_wconf 92' lang='lat' dir='ltr'><strong>ut</strong></span> <span class='ocrx_word' id='word_1_545' title='bbox 2647 3440 2926 3496; x_wconf 82' lang='lat' dir='ltr'><strong>reﬁciatur</strong></span> <span class='ocrx_word' id='word_1_546' title='bbox 2959 3453 3182 3509; x_wconf 87' lang='lat' dir='ltr'><strong>sponsa,</strong></span> <span class='ocrx_word' id='word_1_547' title='bbox 3221 3446 3278 3495; x_wconf 90' lang='lat' dir='ltr'><strong>et</strong></span> <span class='ocrx_word' id='word_1_548' title='bbox 3306 3436 3523 3494; x_wconf 80' lang='lat' dir='ltr'><strong>laborat</strong></span> 
     </span>
    </p>
   </div>
   <div class='ocr_carea' id='block_1_73' title="bbox 1914 3526 3521 3602">
    <p class='ocr_par' dir='ltr' id='par_1_73' title="bbox 1914 3526 3521 3602">
     <span class='ocr_line' id='line_1_73' title="bbox 1914 3526 3521 3602; baseline -0.004 -13"><span class='ocrx_word' id='word_1_549' title='bbox 1914 3543 1974 3589; x_wconf 94' lang='lat' dir='ltr'><strong>ut</strong></span> <span class='ocrx_word' id='word_1_550' title='bbox 2011 3536 2332 3601; x_wconf 87' lang='lat' dir='ltr'><strong>adornetur,</strong></span> <span class='ocrx_word' id='word_1_551' title='bbox 2356 3544 2413 3590; x_wconf 92' lang='lat' dir='ltr'><strong>et</strong></span> <span class='ocrx_word' id='word_1_552' title='bbox 2440 3533 2648 3589; x_wconf 90' lang='lat' dir='ltr'><strong>invenit</strong></span> <span class='ocrx_word' id='word_1_553' title='bbox 2687 3544 2744 3587; x_wconf 90' lang='lat' dir='ltr'><strong>ut</strong></span> <span class='ocrx_word' id='word_1_554' title='bbox 2768 3540 3047 3602; x_wconf 88' lang='lat' dir='ltr'><strong>pascatur.</strong></span> <span class='ocrx_word' id='word_1_555' title='bbox 3080 3529 3254 3587; x_wconf 78' lang='lat' dir='ltr'><strong>Natus</strong></span> <span class='ocrx_word' id='word_1_556' title='bbox 3280 3528 3428 3585; x_wconf 89' lang='lat' dir='ltr'><strong>enim</strong></span> <span class='ocrx_word' id='word_1_557' title='bbox 3451 3526 3521 3584; x_wconf 82' lang='lat' dir='ltr'><strong>il-</strong></span> 
     </span>
    </p>
   </div>
   <div class='ocr_carea' id='block_1_74' title="bbox 1912 3621 3522 3699">
    <p class='ocr_par' dir='ltr' id='par_1_74' title="bbox 1912 3621 3522 3699">
     <span class='ocr_line' id='line_1_74' title="bbox 1912 3621 3522 3699; baseline -0.001 -17"><span class='ocrx_word' id='word_1_558' title='bbox 1912 3628 2019 3685; x_wconf 90' lang='lat' dir='ltr'><strong>lius</strong></span> <span class='ocrx_word' id='word_1_559' title='bbox 2078 3626 2309 3686; x_wconf 77' lang='lat' dir='ltr'><strong>eﬂicitur</strong></span> <span class='ocrx_word' id='word_1_560' title='bbox 2352 3642 2565 3699; x_wconf 72' lang='lat' dir='ltr'><strong>sponsae</strong></span> <span class='ocrx_word' id='word_1_561' title='bbox 2606 3638 2849 3683; x_wconf 85' lang='lat' dir='ltr'><strong>ornatus.</strong></span> <span class='ocrx_word' id='word_1_562' title='bbox 2884 3625 3025 3695; x_wconf 86' lang='lat' dir='ltr'><strong>Quid</strong></span> <span class='ocrx_word' id='word_1_563' title='bbox 3074 3635 3255 3680; x_wconf 86' lang='lat' dir='ltr'><strong>autem</strong></span> <span class='ocrx_word' id='word_1_564' title='bbox 3286 3624 3410 3680; x_wconf 91' lang='lat' dir='ltr'><strong>dico</strong></span> <span class='ocrx_word' id='word_1_565' title='bbox 3451 3621 3522 3681; x_wconf 85' lang='lat' dir='ltr'><strong>de</strong></span> 
     </span>
    </p>
   </div>
   <div class='ocr_carea' id='block_1_75' title="bbox 1914 3714 3521 3791">
    <p class='ocr_par' dir='ltr' id='par_1_75' title="bbox 1914 3714 3521 3791">
     <span class='ocr_line' id='line_1_75' title="bbox 1914 3714 3521 3791; baseline -0.002 -15"><span class='ocrx_word' id='word_1_566' title='bbox 1914 3720 2054 3777; x_wconf 82' lang='lat' dir='ltr'><strong>Filio</strong></span> <span class='ocrx_word' id='word_1_567' title='bbox 2093 3720 2187 3791; x_wconf 91' lang='lat' dir='ltr'><strong>qui</strong></span> <span class='ocrx_word' id='word_1_568' title='bbox 2216 3721 2284 3776; x_wconf 88' lang='lat' dir='ltr'><strong>de</strong></span> <span class='ocrx_word' id='word_1_569' title='bbox 2316 3722 2456 3777; x_wconf 67' lang='lat' dir='ltr'><strong>caelo</strong></span> <span class='ocrx_word' id='word_1_570' title='bbox 2486 3719 2790 3785; x_wconf 85' lang='lat' dir='ltr'><strong>descendit,</strong></span> <span class='ocrx_word' id='word_1_571' title='bbox 2820 3728 2878 3773; x_wconf 92' lang='lat' dir='ltr'><strong>ut</strong></span> <span class='ocrx_word' id='word_1_572' title='bbox 2911 3717 3181 3788; x_wconf 85' lang='lat' dir='ltr'><strong>captivam</strong></span> <span class='ocrx_word' id='word_1_573' title='bbox 3213 3716 3316 3773; x_wconf 87' lang='lat' dir='ltr'><strong>sibi</strong></span> <span class='ocrx_word' id='word_1_574' title='bbox 3366 3714 3521 3773; x_wconf 88' lang='lat' dir='ltr'><strong>acci-</strong></span> 
     </span>
    </p>
   </div>
   <div class='ocr_carea' id='block_1_76' title="bbox 1915 3807 3523 3885">
    <p class='ocr_par' dir='ltr' id='par_1_76' title="bbox 1915 3807 3523 3885">
     <span class='ocr_line' id='line_1_76' title="bbox 1915 3807 3523 3885; baseline -0.002 -17"><span class='ocrx_word' id='word_1_575' title='bbox 1915 3822 2069 3885; x_wconf 89' lang='lat' dir='ltr'><strong>peret</strong></span> <span class='ocrx_word' id='word_1_576' title='bbox 2088 3827 2368 3884; x_wconf 90' lang='lat' dir='ltr'><strong>sponsam,</strong></span> <span class='ocrx_word' id='word_1_577' title='bbox 2395 3811 2541 3866; x_wconf 89' lang='lat' dir='ltr'><strong>illam</strong></span> <span class='ocrx_word' id='word_1_578' title='bbox 2563 3826 2684 3883; x_wconf 81' lang='lat' dir='ltr'><strong>quae</strong></span> <span class='ocrx_word' id='word_1_579' title='bbox 2709 3820 2836 3865; x_wconf 89' lang='lat' dir='ltr'><strong>ante</strong></span> <span class='ocrx_word' id='word_1_580' title='bbox 2855 3819 2973 3864; x_wconf 90' lang='lat' dir='ltr'><strong>erat</strong></span> <span class='ocrx_word' id='word_1_581' title='bbox 2998 3808 3237 3873; x_wconf 86' lang='lat' dir='ltr'><strong>sordida.</strong></span> <span class='ocrx_word' id='word_1_582' title='bbox 3263 3824 3385 3880; x_wconf 72' lang='lat' dir='ltr'><strong>qua:</strong></span> <span class='ocrx_word' id='word_1_583' title='bbox 3400 3807 3523 3866; x_wconf 79' lang='lat' dir='ltr'><strong>fue-</strong></span> 
     </span>
    </p>
   </div>
   <div class='ocr_carea' id='block_1_77' title="bbox 1913 3904 3522 3974">
    <p class='ocr_par' dir='ltr' id='par_1_77' title="bbox 1913 3904 3522 3974">
     <span class='ocr_line' id='line_1_77' title="bbox 1913 3904 3522 3974; baseline -0.001 -13"><span class='ocrx_word' id='word_1_584' title='bbox 1913 3915 1998 3961; x_wconf 88' lang='lat' dir='ltr'><strong>rat</strong></span> <span class='ocrx_word' id='word_1_585' title='bbox 2028 3904 2315 3968; x_wconf 80' lang='lat' dir='ltr'><strong>fornicata,</strong></span> <span class='ocrx_word' id='word_1_586' title='bbox 2341 3918 2463 3973; x_wconf 73' lang='lat' dir='ltr'><strong>qute</strong></span> <span class='ocrx_word' id='word_1_587' title='bbox 2496 3918 2686 3959; x_wconf 88' lang='lat' dir='ltr'><strong>comas</strong></span> <span class='ocrx_word' id='word_1_588' title='bbox 2738 3904 2973 3958; x_wconf 86' lang='lat' dir='ltr'><strong>habebat</strong></span> <span class='ocrx_word' id='word_1_589' title='bbox 3002 3904 3267 3974; x_wconf 88' lang='lat' dir='ltr'><strong>impuras,</strong></span> <span class='ocrx_word' id='word_1_590' title='bbox 3312 3915 3435 3973; x_wconf 65' lang='lat' dir='ltr'><strong>qua</strong></span> <span class='ocrx_word' id='word_1_591' title='bbox 3465 3909 3522 3959; x_wconf 84' lang='lat' dir='ltr'><strong>et</strong></span> 
     </span>
    </p>
   </div>
   <div class='ocr_carea' id='block_1_78' title="bbox 1914 3993 3520 4066">
    <p class='ocr_par' dir='ltr' id='par_1_78' title="bbox 1914 3993 3520 4066">
     <span class='ocr_line' id='line_1_78' title="bbox 1914 3993 3520 4066; baseline -0.001 -14"><span class='ocrx_word' id='word_1_592' title='bbox 1914 3998 1984 4053; x_wconf 92' lang='lat' dir='ltr'><strong>ab</strong></span> <span class='ocrx_word' id='word_1_593' title='bbox 2018 3998 2163 4053; x_wconf 91' lang='lat' dir='ltr'><strong>intus</strong></span> <span class='ocrx_word' id='word_1_594' title='bbox 2194 4007 2250 4054; x_wconf 90' lang='lat' dir='ltr'><strong>et</strong></span> <span class='ocrx_word' id='word_1_595' title='bbox 2283 4012 2312 4051; x_wconf 90' lang='lat' dir='ltr'><strong>a</strong></span> <span class='ocrx_word' id='word_1_596' title='bbox 2350 3995 2482 4054; x_wconf 81' lang='lat' dir='ltr'><strong>foris</strong></span> <span class='ocrx_word' id='word_1_597' title='bbox 2530 4012 2637 4053; x_wconf 92' lang='lat' dir='ltr'><strong>non</strong></span> <span class='ocrx_word' id='word_1_598' title='bbox 2676 4006 2795 4053; x_wconf 87' lang='lat' dir='ltr'><strong>erat</strong></span> <span class='ocrx_word' id='word_1_599' title='bbox 2833 3998 2996 4063; x_wconf 89' lang='lat' dir='ltr'><strong>bona,</strong></span> <span class='ocrx_word' id='word_1_600' title='bbox 3037 3998 3089 4053; x_wconf 91' lang='lat' dir='ltr'><strong>in</strong></span> <span class='ocrx_word' id='word_1_601' title='bbox 3125 4010 3289 4066; x_wconf 87' lang='lat' dir='ltr'><strong>quam</strong></span> <span class='ocrx_word' id='word_1_602' title='bbox 3331 3993 3520 4050; x_wconf 89' lang='lat' dir='ltr'><strong>illuse-</strong></span> 
     </span>
    </p>
   </div>
   <div class='ocr_carea' id='block_1_79' title="bbox 1915 4088 3522 4162">
    <p class='ocr_par' dir='ltr' id='par_1_79' title="bbox 1915 4088 3522 4162">
     <span class='ocr_line' id='line_1_79' title="bbox 1915 4088 3522 4162; baseline -0.001 -17"><span class='ocrx_word' id='word_1_603' title='bbox 1915 4102 2044 4147; x_wconf 90' lang='lat' dir='ltr'><strong>runt</strong></span> <span class='ocrx_word' id='word_1_604' title='bbox 2098 4091 2395 4158; x_wconf 64' lang='lat' dir='ltr'><strong>damones,</strong></span> <span class='ocrx_word' id='word_1_605' title='bbox 2442 4106 2563 4162; x_wconf 75' lang='lat' dir='ltr'><strong>quae</strong></span> <span class='ocrx_word' id='word_1_606' title='bbox 2592 4090 2901 4147; x_wconf 75' lang='lat' dir='ltr'><strong>fmdabatur</strong></span> <span class='ocrx_word' id='word_1_607' title='bbox 2934 4091 2987 4146; x_wconf 92' lang='lat' dir='ltr'><strong>in</strong></span> <span class='ocrx_word' id='word_1_608' title='bbox 3034 4088 3333 4152; x_wconf 89' lang='lat' dir='ltr'><strong>montibus,</strong></span> <span class='ocrx_word' id='word_1_609' title='bbox 3399 4101 3522 4158; x_wconf 74' lang='lat' dir='ltr'><strong>qua</strong></span> 
     </span>
    </p>
   </div>
   <div class='ocr_carea' id='block_1_80' title="bbox 1915 4179 3520 4256">
    <p class='ocr_par' dir='ltr' id='par_1_80' title="bbox 1915 4179 3520 4256">
     <span class='ocr_line' id='line_1_80' title="bbox 1915 4179 3520 4256; baseline -0.002 -17"><span class='ocrx_word' id='word_1_610' title='bbox 1915 4185 2058 4241; x_wconf 89' lang='lat' dir='ltr'><strong>nuda</strong></span> <span class='ocrx_word' id='word_1_611' title='bbox 2085 4187 2360 4253; x_wconf 88' lang='lat' dir='ltr'><strong>currebat,</strong></span> <span class='ocrx_word' id='word_1_612' title='bbox 2391 4201 2514 4256; x_wconf 65' lang='lat' dir='ltr'><strong>qua!</strong></span> <span class='ocrx_word' id='word_1_613' title='bbox 2542 4186 2802 4241; x_wconf 85' lang='lat' dir='ltr'><strong>lectiones</strong></span> <span class='ocrx_word' id='word_1_614' title='bbox 2832 4183 3224 4239; x_wconf 73' lang='lat' dir='ltr'><strong>dannoniorutn</strong></span> <span class='ocrx_word' id='word_1_615' title='bbox 3256 4179 3520 4247; x_wconf 78' lang='lat' dir='ltr'><strong>habebat,</strong></span> 
     </span>
    </p>
   </div>
   <div class='ocr_carea' id='block_1_81' title="bbox 1914 4274 3525 4349">
    <p class='ocr_par' dir='ltr' id='par_1_81' title="bbox 1914 4274 3525 4349">
     <span class='ocr_line' id='line_1_81' title="bbox 1914 4274 3525 4349; baseline -0.001 -19"><span class='ocrx_word' id='word_1_616' title='bbox 1914 4291 2035 4347; x_wconf 60' lang='lat' dir='ltr'><strong>quae</strong></span> <span class='ocrx_word' id='word_1_617' title='bbox 2061 4277 2236 4346; x_wconf 85' lang='lat' dir='ltr'><strong>turpia</strong></span> <span class='ocrx_word' id='word_1_618' title='bbox 2258 4277 2537 4345; x_wconf 85' lang='lat' dir='ltr'><strong>cantabat,</strong></span> <span class='ocrx_word' id='word_1_619' title='bbox 2581 4278 2761 4349; x_wconf 81' lang='lat' dir='ltr'><strong>turpia</strong></span> <span class='ocrx_word' id='word_1_620' title='bbox 2780 4276 3021 4343; x_wconf 91' lang='lat' dir='ltr'><strong>ludebat,</strong></span> <span class='ocrx_word' id='word_1_621' title='bbox 3042 4276 3221 4346; x_wconf 89' lang='lat' dir='ltr'><strong>turpia</strong></span> <span class='ocrx_word' id='word_1_622' title='bbox 3260 4274 3525 4347; x_wconf 76' lang='lat' dir='ltr'><strong>loqueba-</strong></span> 
     </span>
    </p>
   </div>
   <div class='ocr_carea' id='block_1_82' title="bbox 1916 4366 3521 4439">
    <p class='ocr_par' dir='ltr' id='par_1_82' title="bbox 1916 4366 3521 4439">
     <span class='ocr_line' id='line_1_82' title="bbox 1916 4366 3521 4439; baseline 0.002 -19"><span class='ocrx_word' id='word_1_623' title='bbox 1916 4375 2005 4421; x_wconf 91' lang='lat' dir='ltr'><strong>tur</strong></span> <span class='ocrx_word' id='word_1_624' title='bbox 2037 4382 2050 4419; x_wconf 88' lang='lat'><strong>:</strong></span> <span class='ocrx_word' id='word_1_625' title='bbox 2084 4382 2205 4439; x_wconf 73' lang='lat' dir='ltr'><strong>qua:</strong></span> <span class='ocrx_word' id='word_1_626' title='bbox 2228 4382 2299 4423; x_wconf 85' lang='lat' dir='ltr'><strong>ne</strong></span> <span class='ocrx_word' id='word_1_627' title='bbox 2333 4367 2552 4439; x_wconf 90' lang='lat' dir='ltr'><strong>quidem</strong></span> <span class='ocrx_word' id='word_1_628' title='bbox 2595 4368 2649 4421; x_wconf 91' lang='lat' dir='ltr'><strong>in</strong></span> <span class='ocrx_word' id='word_1_629' title='bbox 2689 4368 2883 4422; x_wconf 89' lang='lat' dir='ltr'><strong>itinere</strong></span> <span class='ocrx_word' id='word_1_630' title='bbox 2908 4366 3219 4423; x_wconf 88' lang='lat' dir='ltr'><strong>hominibus</strong></span> <span class='ocrx_word' id='word_1_631' title='bbox 3249 4366 3521 4423; x_wconf 82' lang='lat' dir='ltr'><strong>concede-</strong></span> 
     </span>
    </p>
   </div>
   <div class='ocr_carea' id='block_1_83' title="bbox 1912 4457 3519 4531">
    <p class='ocr_par' dir='ltr' id='par_1_83' title="bbox 1912 4457 3519 4531">
     <span class='ocr_line' id='line_1_83' title="bbox 1912 4457 3519 4531; baseline -0.001 -17"><span class='ocrx_word' id='word_1_632' title='bbox 1912 4457 2027 4524; x_wconf 85' lang='lat' dir='ltr'><strong>bat,</strong></span> <span class='ocrx_word' id='word_1_633' title='bbox 2067 4474 2188 4529; x_wconf 76' lang='lat' dir='ltr'><strong>qute</strong></span> <span class='ocrx_word' id='word_1_634' title='bbox 2221 4460 2473 4529; x_wconf 85' lang='lat' dir='ltr'><strong>portabat</strong></span> <span class='ocrx_word' id='word_1_635' title='bbox 2501 4460 2725 4531; x_wconf 86' lang='lat' dir='ltr'><strong>lapides,</strong></span> <span class='ocrx_word' id='word_1_636' title='bbox 2754 4472 2807 4516; x_wconf 91' lang='lat' dir='ltr'><strong>et</strong></span> <span class='ocrx_word' id='word_1_637' title='bbox 2839 4458 3213 4516; x_wconf 82' lang='lat' dir='ltr'><strong>fornicabatur</strong></span> <span class='ocrx_word' id='word_1_638' title='bbox 3245 4460 3313 4514; x_wconf 90' lang='lat' dir='ltr'><strong>ad</strong></span> <span class='ocrx_word' id='word_1_639' title='bbox 3350 4459 3519 4531; x_wconf 85' lang='lat' dir='ltr'><strong>ligna,</strong></span> 
     </span>
    </p>
   </div>
   <div class='ocr_carea' id='block_1_84' title="bbox 1915 4551 3519 4624">
    <p class='ocr_par' dir='ltr' id='par_1_84' title="bbox 1915 4551 3519 4624">
     <span class='ocr_line' id='line_1_84' title="bbox 1915 4551 3519 4624; baseline 0.002 -19"><span class='ocrx_word' id='word_1_640' title='bbox 1915 4566 2039 4621; x_wconf 83' lang='lat' dir='ltr'><strong>quae</strong></span> <span class='ocrx_word' id='word_1_641' title='bbox 2085 4551 2347 4624; x_wconf 81' lang='lat' dir='ltr'><strong>iumigata</strong></span> <span class='ocrx_word' id='word_1_642' title='bbox 2388 4563 2528 4617; x_wconf 86' lang='lat' dir='ltr'><strong>erat,</strong></span> <span class='ocrx_word' id='word_1_643' title='bbox 2574 4569 2696 4624; x_wconf 60' lang='lat' dir='ltr'><strong>quae</strong></span> <span class='ocrx_word' id='word_1_644' title='bbox 2753 4553 3034 4610; x_wconf 88' lang='lat' dir='ltr'><strong>redolebat</strong></span> <span class='ocrx_word' id='word_1_645' title='bbox 3071 4554 3262 4609; x_wconf 92' lang='lat' dir='ltr'><strong>nidore</strong></span> <span class='ocrx_word' id='word_1_646' title='bbox 3304 4552 3519 4620; x_wconf 62' lang='lat' dir='ltr'><strong>foetida,</strong></span> 
     </span>
    </p>
   </div>
   <div class='ocr_carea' id='block_1_85' title="bbox 1916 4644 3523 4714">
    <p class='ocr_par' dir='ltr' id='par_1_85' title="bbox 1916 4644 3523 4714">
     <span class='ocr_line' id='line_1_85' title="bbox 1916 4644 3523 4714; baseline 0.003 -17"><span class='ocrx_word' id='word_1_647' title='bbox 1916 4658 2037 4713; x_wconf 73' lang='lat' dir='ltr'><strong>quae</strong></span> <span class='ocrx_word' id='word_1_648' title='bbox 2059 4644 2189 4714; x_wconf 88' lang='lat' dir='ltr'><strong>quid</strong></span> <span class='ocrx_word' id='word_1_649' title='bbox 2227 4661 2333 4701; x_wconf 91' lang='lat' dir='ltr'><strong>non</strong></span> <span class='ocrx_word' id='word_1_650' title='bbox 2366 4646 2493 4701; x_wconf 89' lang='lat' dir='ltr'><strong>mali</strong></span> <span class='ocrx_word' id='word_1_651' title='bbox 2534 4647 2810 4702; x_wconf 83' lang='lat' dir='ltr'><strong>habebat?</strong></span> <span class='ocrx_word' id='word_1_652' title='bbox 2838 4646 2937 4703; x_wconf 91' lang='lat' dir='ltr'><strong>Cui</strong></span> <span class='ocrx_word' id='word_1_653' title='bbox 2968 4647 3115 4703; x_wconf 88' lang='lat' dir='ltr'><strong>enim</strong></span> <span class='ocrx_word' id='word_1_654' title='bbox 3147 4654 3203 4702; x_wconf 88' lang='lat' dir='ltr'><strong>et</strong></span> <span class='ocrx_word' id='word_1_655' title='bbox 3229 4644 3337 4701; x_wconf 83' lang='lat' dir='ltr'><strong>alio</strong></span> <span class='ocrx_word' id='word_1_656' title='bbox 3359 4644 3523 4702; x_wconf 83' lang='lat' dir='ltr'><strong>dece-</strong></span> 
     </span>
    </p>
   </div>
   <div class='ocr_carea' id='block_1_86' title="bbox 1915 4736 3522 4811">
    <p class='ocr_par' dir='ltr' id='par_1_86' title="bbox 1915 4736 3522 4811">
     <span class='ocr_line' id='line_1_86' title="bbox 1915 4736 3522 4811; baseline 0.001 -19"><span class='ocrx_word' id='word_1_657' title='bbox 1915 4737 2010 4793; x_wconf 86' lang='lat' dir='ltr'><strong>bat</strong></span> <span class='ocrx_word' id='word_1_658' title='bbox 2054 4736 2213 4793; x_wconf 87' lang='lat' dir='ltr'><strong>talem</strong></span> <span class='ocrx_word' id='word_1_659' title='bbox 2251 4739 2353 4794; x_wconf 89' lang='lat' dir='ltr'><strong>sibi</strong></span> <span class='ocrx_word' id='word_1_660' title='bbox 2383 4738 2584 4811; x_wconf 81' lang='lat' dir='ltr'><strong>eligere</strong></span> <span class='ocrx_word' id='word_1_661' title='bbox 2629 4755 2909 4811; x_wconf 86' lang='lat' dir='ltr'><strong>sponsam,</strong></span> <span class='ocrx_word' id='word_1_662' title='bbox 2954 4755 3117 4810; x_wconf 87' lang='lat' dir='ltr'><strong>quam</strong></span> <span class='ocrx_word' id='word_1_663' title='bbox 3152 4738 3229 4795; x_wconf 91' lang='lat' dir='ltr'><strong>illi</strong></span> <span class='ocrx_word' id='word_1_664' title='bbox 3259 4738 3351 4809; x_wconf 91' lang='lat' dir='ltr'><strong>qui</strong></span> <span class='ocrx_word' id='word_1_665' title='bbox 3398 4747 3522 4794; x_wconf 88' lang='lat' dir='ltr'><strong>erat</strong></span> 
     </span>
    </p>
   </div>
   <div class='ocr_carea' id='block_1_87' title="bbox 1917 4828 3519 4900">
    <p class='ocr_par' dir='ltr' id='par_1_87' title="bbox 1917 4828 3519 4900">
     <span class='ocr_line' id='line_1_87' title="bbox 1917 4828 3519 4900; baseline 0.001 -17"><span class='ocrx_word' id='word_1_666' title='bbox 1917 4828 2233 4887; x_wconf 88' lang='lat' dir='ltr'><strong>misericors</strong></span> <span class='ocrx_word' id='word_1_667' title='bbox 2265 4830 2540 4900; x_wconf 86' lang='lat' dir='ltr'><strong>sponsus?</strong></span> <span class='ocrx_word' id='word_1_668' title='bbox 2579 4830 2714 4885; x_wconf 90' lang='lat' dir='ltr'><strong>nihil</strong></span> <span class='ocrx_word' id='word_1_669' title='bbox 2747 4833 2894 4888; x_wconf 88' lang='lat' dir='ltr'><strong>enim</strong></span> <span class='ocrx_word' id='word_1_670' title='bbox 2925 4831 3163 4887; x_wconf 88' lang='lat' dir='ltr'><strong>habebat</strong></span> <span class='ocrx_word' id='word_1_671' title='bbox 3190 4830 3519 4886; x_wconf 82' lang='lat' dir='ltr'><strong>hortamenti</strong></span> 
     </span>
    </p>
   </div>
   <div class='ocr_carea' id='block_1_88' title="bbox 1915 4920 3521 4993">
    <p class='ocr_par' dir='ltr' id='par_1_88' title="bbox 1915 4920 3521 4993">
     <span class='ocr_line' id='line_1_88' title="bbox 1915 4920 3521 4993; baseline -0.001 -16"><span class='ocrx_word' id='word_1_672' title='bbox 1915 4922 1986 4977; x_wconf 89' lang='lat' dir='ltr'><strong>ad</strong></span> <span class='ocrx_word' id='word_1_673' title='bbox 2024 4921 2373 4980; x_wconf 86' lang='lat' dir='ltr'><strong>dilectionem</strong></span> <span class='ocrx_word' id='word_1_674' title='bbox 2408 4940 2527 4993; x_wconf 69' lang='lat' dir='ltr'><strong>qua:</strong></span> <span class='ocrx_word' id='word_1_675' title='bbox 2562 4934 2843 4993; x_wconf 89' lang='lat' dir='ltr'><strong>assumpta</strong></span> <span class='ocrx_word' id='word_1_676' title='bbox 2879 4934 2985 4981; x_wconf 89' lang='lat' dir='ltr'><strong>est.</strong></span> <span class='ocrx_word' id='word_1_677' title='bbox 3041 4923 3177 4992; x_wconf 89' lang='lat' dir='ltr'><strong>Quia</strong></span> <span class='ocrx_word' id='word_1_678' title='bbox 3218 4938 3349 4993; x_wconf 81' lang='lat' dir='ltr'><strong>ergo</strong></span> <span class='ocrx_word' id='word_1_679' title='bbox 3386 4920 3521 4977; x_wconf 90' lang='lat' dir='ltr'><strong>nihil</strong></span> 
     </span>
    </p>
   </div>
   <div class='ocr_carea' id='block_1_89' title="bbox 1914 5013 3519 5085">
    <p class='ocr_par' dir='ltr' id='par_1_89' title="bbox 1914 5013 3519 5085">
     <span class='ocr_line' id='line_1_89' title="bbox 1914 5013 3519 5085; baseline 0.001 -20"><span class='ocrx_word' id='word_1_680' title='bbox 1914 5023 2038 5068; x_wconf 78' lang='lat' dir='ltr'><strong>erat</strong></span> <span class='ocrx_word' id='word_1_681' title='bbox 2072 5016 2140 5068; x_wconf 89' lang='lat' dir='ltr'><strong>ab</strong></span> <span class='ocrx_word' id='word_1_682' title='bbox 2171 5015 2271 5070; x_wconf 90' lang='lat' dir='ltr'><strong>ista</strong></span> <span class='ocrx_word' id='word_1_683' title='bbox 2308 5015 2805 5080; x_wconf 87' lang='lat' dir='ltr'><strong>adhortamentum,</strong></span> <span class='ocrx_word' id='word_1_684' title='bbox 2855 5017 2977 5071; x_wconf 88' lang='lat' dir='ltr'><strong>ideo</strong></span> <span class='ocrx_word' id='word_1_685' title='bbox 3027 5016 3168 5071; x_wconf 77' lang='lat' dir='ltr'><strong>facta</strong></span> <span class='ocrx_word' id='word_1_686' title='bbox 3209 5023 3294 5071; x_wconf 90' lang='lat' dir='ltr'><strong>est</strong></span> <span class='ocrx_word' id='word_1_687' title='bbox 3345 5013 3519 5085; x_wconf 79' lang='lat' dir='ltr'><strong>gratia</strong></span> 
     </span>
    </p>
   </div>
   <div class='ocr_carea' id='block_1_90' title="bbox 1918 5104 3518 5178">
    <p class='ocr_par' dir='ltr' id='par_1_90' title="bbox 1918 5104 3518 5178">
     <span class='ocr_line' id='line_1_90' title="bbox 1918 5104 3518 5178; baseline 0 -19"><span class='ocrx_word' id='word_1_688' title='bbox 1918 5104 2036 5174; x_wconf 84' lang='lat' dir='ltr'><strong>ejus</strong></span> <span class='ocrx_word' id='word_1_689' title='bbox 2064 5107 2155 5178; x_wconf 92' lang='lat' dir='ltr'><strong>qui</strong></span> <span class='ocrx_word' id='word_1_690' title='bbox 2188 5111 2403 5174; x_wconf 87' lang='lat' dir='ltr'><strong>accepit</strong></span> <span class='ocrx_word' id='word_1_691' title='bbox 2440 5108 2601 5165; x_wconf 89' lang='lat' dir='ltr'><strong>talem</strong></span> <span class='ocrx_word' id='word_1_692' title='bbox 2632 5126 2646 5162; x_wconf 94' lang='lat'>:</span> <span class='ocrx_word' id='word_1_693' title='bbox 2678 5124 2778 5178; x_wconf 90' lang='lat' dir='ltr'><strong>pro</strong></span> <span class='ocrx_word' id='word_1_694' title='bbox 2818 5107 2945 5165; x_wconf 90' lang='lat' dir='ltr'><strong>odio</strong></span> <span class='ocrx_word' id='word_1_695' title='bbox 2971 5108 3116 5163; x_wconf 89' lang='lat' dir='ltr'><strong>enim</strong></span> <span class='ocrx_word' id='word_1_696' title='bbox 3152 5123 3259 5177; x_wconf 87' lang='lat' dir='ltr'><strong>quo</strong></span> <span class='ocrx_word' id='word_1_697' title='bbox 3283 5116 3402 5163; x_wconf 89' lang='lat' dir='ltr'><strong>erat</strong></span> <span class='ocrx_word' id='word_1_698' title='bbox 3441 5106 3518 5161; x_wconf 80' lang='lat' dir='ltr'><strong>di~</strong></span> 
     </span>
    </p>
   </div>
   <div class='ocr_carea' id='block_1_91' title="bbox 1916 5198 3519 5271">
    <p class='ocr_par' dir='ltr' id='par_1_91' title="bbox 1916 5198 3519 5271">
     <span class='ocr_line' id='line_1_91' title="bbox 1916 5198 3519 5271; baseline -0.001 -18"><span class='ocrx_word' id='word_1_699' title='bbox 1916 5214 2044 5268; x_wconf 81' lang='lat' dir='ltr'><strong>gna,</strong></span> <span class='ocrx_word' id='word_1_700' title='bbox 2083 5199 2269 5255; x_wconf 79' lang='lat' dir='ltr'><strong>dilexit</strong></span> <span class='ocrx_word' id='word_1_701' title='bbox 2297 5214 2452 5264; x_wconf 89' lang='lat' dir='ltr'><strong>eam;</strong></span> <span class='ocrx_word' id='word_1_702' title='bbox 2486 5216 2583 5271; x_wconf 81' lang='lat' dir='ltr'><strong>pro</strong></span> <span class='ocrx_word' id='word_1_703' title='bbox 2624 5214 2787 5270; x_wconf 70' lang='lat' dir='ltr'><strong>poena</strong></span> <span class='ocrx_word' id='word_1_704' title='bbox 2821 5200 3129 5265; x_wconf 88' lang='lat' dir='ltr'><strong>honoravit,</strong></span> <span class='ocrx_word' id='word_1_705' title='bbox 3170 5214 3271 5271; x_wconf 90' lang='lat' dir='ltr'><strong>pro</strong></span> <span class='ocrx_word' id='word_1_706' title='bbox 3299 5198 3519 5255; x_wconf 86' lang='lat' dir='ltr'><strong>mortali</strong></span> 
     </span>
    </p>
   </div>
   <div class='ocr_carea' id='block_1_92' title="bbox 1920 5291 3523 5362">
    <p class='ocr_par' dir='ltr' id='par_1_92' title="bbox 1920 5291 3523 5362">
     <span class='ocr_line' id='line_1_92' title="bbox 1920 5291 3523 5362; baseline -0.001 -19"><span class='ocrx_word' id='word_1_707' title='bbox 1920 5299 2166 5348; x_wconf 87' lang='lat' dir='ltr'><strong>mortuus</strong></span> <span class='ocrx_word' id='word_1_708' title='bbox 2187 5301 2295 5357; x_wconf 87' lang='lat' dir='ltr'><strong>est,</strong></span> <span class='ocrx_word' id='word_1_709' title='bbox 2329 5307 2427 5362; x_wconf 92' lang='lat' dir='ltr'><strong>pro</strong></span> <span class='ocrx_word' id='word_1_710' title='bbox 2458 5292 2819 5349; x_wconf 86' lang='lat' dir='ltr'><strong>condemnata</strong></span> <span class='ocrx_word' id='word_1_711' title='bbox 2860 5291 3255 5349; x_wconf 87' lang='lat' dir='ltr'><strong>condemnatus</strong></span> <span class='ocrx_word' id='word_1_712' title='bbox 3280 5297 3385 5354; x_wconf 86' lang='lat' dir='ltr'><strong>est,</strong></span> <span class='ocrx_word' id='word_1_713' title='bbox 3421 5302 3523 5359; x_wconf 90' lang='lat' dir='ltr'><strong>pro</strong></span> 
     </span>
    </p>
   </div>
   <div class='ocr_carea' id='block_1_93' title="bbox 1918 5382 3523 5457">
    <p class='ocr_par' dir='ltr' id='par_1_93' title="bbox 1918 5382 3523 5457">
     <span class='ocr_line' id='line_1_93' title="bbox 1918 5382 3523 5457; baseline 0 -20"><span class='ocrx_word' id='word_1_714' title='bbox 1918 5382 2175 5455; x_wconf 76' lang='lat' dir='ltr'><strong>iniuriosa</strong></span> <span class='ocrx_word' id='word_1_715' title='bbox 2197 5385 2314 5457; x_wconf 89' lang='lat' dir='ltr'><strong>ipse</strong></span> <span class='ocrx_word' id='word_1_716' title='bbox 2348 5401 2541 5456; x_wconf 86' lang='lat' dir='ltr'><strong>passus</strong></span> <span class='ocrx_word' id='word_1_717' title='bbox 2577 5386 2831 5455; x_wconf 71' lang='lat' dir='ltr'><strong>iniuriam</strong></span> <span class='ocrx_word' id='word_1_718' title='bbox 2857 5395 2913 5443; x_wconf 91' lang='lat' dir='ltr'><strong>et</strong></span> <span class='ocrx_word' id='word_1_719' title='bbox 2949 5385 3225 5455; x_wconf 88' lang='lat' dir='ltr'><strong>accipiens</strong></span> <span class='ocrx_word' id='word_1_720' title='bbox 3255 5382 3523 5453; x_wconf 87' lang='lat' dir='ltr'><strong>sputami-</strong></span> 
     </span>
    </p>
   </div>
   <div class='ocr_carea' id='block_1_94' title="bbox 1918 5478 3520 5549">
    <p class='ocr_par' dir='ltr' id='par_1_94' title="bbox 1918 5478 3520 5549">
     <span class='ocr_line' id='line_1_94' title="bbox 1918 5478 3520 5549; baseline 0.001 -19"><span class='ocrx_word' id='word_1_721' title='bbox 1918 5491 1988 5531; x_wconf 91' lang='lat' dir='ltr'><strong>na</strong></span> <span class='ocrx_word' id='word_1_722' title='bbox 2019 5478 2071 5532; x_wconf 93' lang='lat' dir='ltr'><strong>in</strong></span> <span class='ocrx_word' id='word_1_723' title='bbox 2105 5488 2350 5534; x_wconf 85' lang='lat' dir='ltr'><strong>sanetam</strong></span> <span class='ocrx_word' id='word_1_724' title='bbox 2378 5479 2596 5547; x_wconf 87' lang='lat' dir='ltr'><strong>laciem,</strong></span> <span class='ocrx_word' id='word_1_725' title='bbox 2646 5490 2705 5537; x_wconf 91' lang='lat' dir='ltr'><strong>et</strong></span> <span class='ocrx_word' id='word_1_726' title='bbox 2735 5489 2863 5536; x_wconf 88' lang='lat' dir='ltr'><strong>ante</strong></span> <span class='ocrx_word' id='word_1_727' title='bbox 2894 5479 3203 5549; x_wconf 89' lang='lat' dir='ltr'><strong>sputamina</strong></span> <span class='ocrx_word' id='word_1_728' title='bbox 3229 5491 3349 5533; x_wconf 87' lang='lat' dir='ltr'><strong>eam</strong></span> <span class='ocrx_word' id='word_1_729' title='bbox 3388 5489 3520 5532; x_wconf 80' lang='lat' dir='ltr'><strong>sus-</strong></span> 
     </span>
    </p>
   </div>
   <div class='ocr_carea' id='block_1_95' title="bbox 1916 5567 3518 5642">
    <p class='ocr_par' dir='ltr' id='par_1_95' title="bbox 1916 5567 3518 5642">
     <span class='ocr_line' id='line_1_95' title="bbox 1916 5567 3518 5642; baseline 0 -20"><span class='ocrx_word' id='word_1_730' title='bbox 1916 5567 2100 5637; x_wconf 90' lang='lat' dir='ltr'><strong>cipitis</strong></span> <span class='ocrx_word' id='word_1_731' title='bbox 2116 5569 2252 5640; x_wconf 86' lang='lat' dir='ltr'><strong>(8i).</strong></span> <span class='ocrx_word' id='word_1_732' title='bbox 2278 5570 2385 5628; x_wconf 81' lang='lat' dir='ltr'><strong>ista</strong></span> <span class='ocrx_word' id='word_1_733' title='bbox 2410 5572 2557 5627; x_wconf 90' lang='lat' dir='ltr'><strong>enim</strong></span> <span class='ocrx_word' id='word_1_734' title='bbox 2584 5586 2807 5642; x_wconf 83' lang='lat' dir='ltr'><strong>sponsa,</strong></span> <span class='ocrx_word' id='word_1_735' title='bbox 2840 5572 3036 5628; x_wconf 87' lang='lat' dir='ltr'><strong>ancilla</strong></span> <span class='ocrx_word' id='word_1_736' title='bbox 3063 5586 3133 5627; x_wconf 76' lang='lat' dir='ltr'><strong>ex</strong></span> <span class='ocrx_word' id='word_1_737' title='bbox 3154 5570 3332 5631; x_wconf 81' lang='lat' dir='ltr'><strong>servis</strong></span> <span class='ocrx_word' id='word_1_738' title='bbox 3374 5577 3518 5633; x_wconf 90' lang='lat' dir='ltr'><strong>erat,</strong></span> 
     </span>
    </p>
   </div>
   <div class='ocr_carea' id='block_1_96' title="bbox 1917 5664 3522 5739">
    <p class='ocr_par' dir='ltr' id='par_1_96' title="bbox 1917 5664 3522 5739">
     <span class='ocr_line' id='line_1_96' title="bbox 1917 5664 3522 5739; baseline 0.004 -25"><span class='ocrx_word' id='word_1_739' title='bbox 1917 5676 1946 5714; x_wconf 88' lang='lat' dir='ltr'><strong>a</strong></span> <span class='ocrx_word' id='word_1_740' title='bbox 1973 5674 2125 5731; x_wconf 85' lang='lat' dir='ltr'><strong>patre</strong></span> <span class='ocrx_word' id='word_1_741' title='bbox 2165 5681 2273 5723; x_wconf 92' lang='lat' dir='ltr'><strong>non</strong></span> <span class='ocrx_word' id='word_1_742' title='bbox 2322 5664 2485 5735; x_wconf 89' lang='lat' dir='ltr'><strong>bono,</strong></span> <span class='ocrx_word' id='word_1_743' title='bbox 2521 5675 2577 5722; x_wconf 93' lang='lat' dir='ltr'><strong>et</strong></span> <span class='ocrx_word' id='word_1_744' title='bbox 2611 5670 2787 5723; x_wconf 90' lang='lat' dir='ltr'><strong>matre</strong></span> <span class='ocrx_word' id='word_1_745' title='bbox 2817 5679 2939 5739; x_wconf 66' lang='lat' dir='ltr'><strong>qua</strong></span> <span class='ocrx_word' id='word_1_746' title='bbox 2981 5674 3283 5733; x_wconf 83' lang='lat' dir='ltr'><strong>erraverat,</strong></span> <span class='ocrx_word' id='word_1_747' title='bbox 3327 5671 3522 5721; x_wconf 84' lang='lat' dir='ltr'><strong>contu-</strong></span> 
     </span>
    </p>
   </div>
  </div>
