4000 6422
555 350 687 407 1171

1220 348 1491 405 EUSEBll
1529 348 2013 407 CESARIENSIS
2052 348 2201 406 OPP.
2244 348 2425 404 PARS
2466 348 2551 402 Π.
2592 376 2662 390 -
2699 341 3116 400 DOGMATICA.

3681 333 3806 387 ΗΠ

553 481 675 519 max
716 483 744 518 a
795 465 1225 528 contumacibus,
1282 466 1335 523 in
1390 464 1556 520 multo
1606 474 1845 534 tempore
1894 465 2115 534 capillos
2144 469 2191 526 Α
2220 466 2272 520 in
2338 474 2477 518 terra
2511 479 2538 517 a
2570 460 2907 516 mortalibus.
2936 456 3075 523 Quia
3098 466 3225 522 ergo
3251 466 3358 506 non
3384 460 3465 505 est
3489 449 3686 503 idonea
3718 468 3806 504 nu-

558 555 762 609 habens
784 554 1025 622 captivos
1075 560 1127 607 et
1170 568 1395 622 ungues,
1426 564 1480 607 et
1515 556 1566 607 in
1604 556 1850 609 omnibus
1883 555 2117 609 sordida.

556 644 621 698 Et
648 644 787 712 quod
822 652 907 697 est
950 644 1201 697 maximat
1230 645 1619 707 admirationis,
1648 644 1733 699 ille
1755 657 1873 698 erat
1907 656 2124 700 sanctus

554 735 608 787 'ru
641 732 843 787 sanctis
862 733 1129 796 habitans,
1156 735 1350 789 sedens
1375 735 1439 788 ad
1459 736 1729 789 dexteram
1752 734 1947 797 Patris,
1971 750 2149 791 mun-.

554 827 653 879 dus
691 840 719 877 a
745 825 943 879 mundo
979 824 1294 892 procedens,
1328 826 1503 880 lumen
1542 842 1752 889 verum,
1780 826 2122 895 soljustitite;

554 916 641 969 ille
674 916 763 984 qui
795 916 861 969 ab
891 915 1096 983 angelis
1126 918 1465 979 adorabatur,
1498 931 1685 983 passus
1716 926 1797 971 est
1828 926 1884 969 ut
1914 918 1980 969 ab
2022 916 2125 970 ho-

556 1007 789 1061 minibus
845 1006 1176 1059 illuderetur.
1231 1005 1295 1059 Et
1326 1020 1424 1075 ego
1478 1008 1686 1075 quidem
1731 1008 1895 1059 miror
1944 1022 2043 1061 nos
2074 1016 2127 1060 et

554 1114 831 1167 sponsam,
868 1099 992 1166 quia
1022 1114 1125 1152 non
1158 1100 1461 1168 stupuimus
1491 1100 1629 1153 illius
1657 1101 1747 1168 qui
1776 1100 2127 1167 advenitgra-

558 1191 708 1252 tiam,
740 1200 793 1243 et
822 1189 964 1243 illius
996 1190 1086 1259 qui
1116 1190 1260 1243 misit
1289 1190 1507 1253 donum,
1549 1198 1602 1243 et
1631 1205 1734 1243 non
1771 1192 1975 1253 statim,
2020 1205 2127 1243 non

556 1279 762 1332 insania
804 1280 1056 1347 quadam,
1095 1280 1187 1334 sed
1220 1280 1469 1349 religiosa
1514 1290 1690 1334 mente
1717 1288 1769 1334 et
1803 1281 2009 1334 tervido
2034 1282 2126 1335 de-

556 1371 755 1425 siderio
778 1371 1013 1440 spoliati,
1034 1385 1228 1441 corpus
1254 1380 1306 1425 et
1332 1370 1588 1434 animam,
1626 1381 1685 1424 ut
1714 1372 1786 1424 ita
1823 1371 2020 1437 dicam,
2047 1387 2129 1427 re-

558 1461 846 1517 tribuimus
896 1463 1003 1517 Deo
1051 1478 1147 1533 pro
1189 1465 1439 1520 omnibus
1482 1465 1811 1534 quanobis
1857 1466 2125 1521 retribuit.

557 1551 698 1617 Quid
726 1563 905 1607 autem
934 1562 987 1607 et
1031 1554 1079 1607 ei
1119 1569 1407 1623 possumus
1449 1555 1787 1609 retribuere?
1840 1554 2130 1611 Moriemur

559 1659 657 1711 pro
700 1647 832 1715 ipso,
866 1647 957 1700 sed
986 1647 1102 1716 ipse
1128 1648 1331 1714 primus
1357 1661 1456 1717 pro
1479 1649 1633 1704 nobis
1667 1658 1912 1703 mortuus
1936 1657 2033 1701 est.
2066 1646 2129 1700 Et

560 1752 661 1792 nos
709 1738 922 1806 quidem
978 1738 1021 1791 si
1053 1740 1367 1804 moriamur,
1430 1738 1754 1793 naturaliter
1805 1738 2127 1806 suscipimus

2230 568 2341 611 stra
2396 566 2583 610 natura
2637 552 2817 607 verbis
2858 549 3059 604 assumi
3106 548 3170 601 ad
3217 554 3425 599 tantum
3466 541 3562 596 Dei
3613 541 3805 597 Filium

2227 650 2418 714 Deum,
2447 648 2537 716 qui
2568 657 2625 701 ut
2653 661 2756 699 non
2782 643 2955 698 solum
2974 639 3157 693 verbis
3179 638 3453 698 edoceret,
3487 632 3583 687 sed
3609 642 3662 687 et
3690 646 3809 700 ope.

2226 740 2377 794 ribus
2412 738 2753 799 informaret,
2784 736 2927 789 venit
2959 732 3215 791 visibilis,
3252 736 3385 783 utet
3408 728 3536 781 dum
3570 726 3806 784 videtur,

2228 830 2536 885 ostemleret
2565 826 2905 880 invisibilem.
2923 824 2985 877 Et
3012 824 3142 875 mihi
3169 820 3387 889 quidem
3420 820 3537 887 ipse
3557 828 3629 871 sn
3652 816 3801 869 testis

2229 922 2514 977 sermonis.
2558 922 2691 972 Cum
2722 919 2865 972 enim
2902 918 3104 969 lavaret
3139 913 3399 967 Dominus
3434 912 3601 978 pedes
3632 921 3811 962 servo-

2230 1030 2370 1080 rum,
2402 1014 2659 1083 magister
2686 1010 3093 1079 discipulorum,
3128 1015 3182 1060 et
3212 1014 3512 1060 excusante
3544 1003 3708 1055 Petro
3730 1000 3810 1053 di-

2228 1107 2384 1162 cebat
2428 1105 2669 1159 formans
2698 1118 2791 1158 eos
2822 1110 2875 1157 et
2912 1103 3096 1156 dicens
3130 1121 3141 1151 :
3178 1098 3307 1152 llaec
3351 1114 3440 1166 ego
3488 1096 3605 1148 ideo
3651 1094 3809 1162 facio,

2229 1204 2286 1249 ut
2316 1206 2361 1249 et
2396 1211 2480 1249 vos
2504 1194 2826 1246 edoceamiui
2860 1193 3075 1244 invicem
3114 1190 3293 1243 eadem
3342 1188 3516 1255 facere
3544 1184 3613 1237 ".
3658 1183 3812 1237 Sicut

2230 1287 2393 1356 igitur
2425 1287 2475 1339 in
2507 1284 2596 1338 illo
2639 1294 2762 1337 actu
2810 1282 3015 1336 dictum
3065 1292 3148 1335 est
3190 1279 3332 1348 quod
3370 1276 3685 1330 mandatum
3706 1285 3811 1335 est,

2230 1380 2354 1447 quia
2386 1378 2507 1433 ideo
2540 1377 2673 1430 facit
2709 1384 2767 1428 ttt
2790 1375 3104 1429 ostenderet
3137 1382 3339 1435 totum;
3388 1370 3458 1421 ita
3501 1368 3628 1421 audi
3690 1364 3811 1435 quia

2228 1470 2628 1525 venitformare
2658 1469 2724 1522 ad
2752 1468 3009 1521 deitatem
3048 1464 3314 1518 homines.
3344 1459 3689 1515 Miserabiles
3715 1473 3813 1511 au-

2230 1570 2336 1613 tem
2369 1568 2494 1614 sunt
2515 1558 2607 1626 qui
2643 1572 2747 1610 non
2778 1552 3268 1624 inspiciunt;beati
3298 1566 3427 1605 vero
3453 1550 3595 1603 oculi
3622 1562 3814 1602 eorum

2234 1651 2324 1718 qui
2352 1649 2559 1705 vident.
2602 1650 2825 1703 Videtur
2849 1649 2994 1704 enim
3018 1658 3071 1702 et
3107 1662 3251 1701 nunc
3286 1646 3544 1700 Dominus
3581 1644 3664 1700 :si
3693 1642 3816 1711 quis

2229 1747 2373 1798 enim
2400 1732 2562 1798 habet
2588 1743 2775 1798 oculos
2804 1742 2951 1795 videt
2977 1761 2989 1795 :
3022 1756 3295 1809 nunquam
3342 1739 3487 1793 enim
3518 1736 3609 1789 ille
3640 1735 3815 1790 disce-

561 1839 816 1894 utortem;
846 1829 932 1883 ille
971 1839 1149 1884 autem
1176 1839 1363 1885 contra
1400 1840 1644 1883 naturam
1689 1830 1901 1899 patiens
1932 1828 2029 1882 fuit
2058 1829 2125 1881 ad

2234 1840 2326 1901 dit,
2353 1838 2492 1891 sicut
2514 1837 2626 1906 ipse
2657 1836 2785 1890 dicit
2816 1852 2828 1886 :
2866 1833 3000 1887 Ecce
3043 1850 3134 1901 ego
3164 1832 3427 1885 vobiscum
3464 1844 3603 1893 sum,
3650 1840 3814 1896 usque

561 1929 811 1975 mortem.
849 1920 913 1973 Et
952 1936 1051 1976 nos
1084 1920 1298 1989 quidem
1327 1920 1369 1974 si
1409 1918 1673 1974 fuerimus
1703 1917 1925 1981 mortui,
1950 1917 2126 1971 lucra-

560 2012 739 2066 bimur
771 2013 1126 2080 nosmetipsos
1164 2030 1177 2066 :
1216 2011 1303 2066 ille
1331 2020 1507 2066 autem
1548 2018 1792 2066 mortuus
1816 2017 2027 2065 estnon
2061 2010 2128 2064 ad

562 2102 845 2156 utilitatem
878 2102 1171 2170 propriam,
1200 2102 1293 2155 sed
1324 2110 1383 2155 ut
1418 2115 1515 2155 nos
1562 2100 1883 2155 lucraretur.
1917 2098 1983 2154 Et
2032 2113 2129 2154 nos

562 2194 823 2249 morimur
848 2198 913 2248 ad
943 2209 1093 2263 spem
1128 2192 1251 2247 vitae
1284 2211 1299 2248 :
1336 2194 1424 2248 ille
1460 2202 1636 2247 autem
1666 2193 1775 2248 vita
1814 2200 1897 2247 est
1921 2190 2127 2245 vivens.

562 2285 627 2338 Et
652 2300 749 2339 nos
770 2286 820 2339 in
848 2286 1105 2356 martyrio
1124 2286 1382 2356 patimur,
1416 2296 1475 2339 ut
1498 2300 1600 2339 non
1629 2299 1749 2339 cum
1778 2284 1979 2338 mundo
1998 2299 2131 2339 con-

560 2377 897 2443 demnemur,
928 2377 1193 2447 fugientes
1230 2392 1325 2448 per
1364 2388 1590 2432 mortem
1628 2379 1952 2448 gehennam,
1984 2386 2037 2431 et
2078 2376 2131 2431 in

562 2468 871 2523 hmreditate
904 2469 1229 2540 accipientes
1260 2484 1421 2540 regna
1446 2470 1727 2524 calorum.
1762 2466 1870 2522 Nos
1898 2468 1965 2523 ad
1994 2483 2133 2521 mer-

562 2558 779 2623 cedem;
812 2559 897 2613 ille
932 2570 1149 2628 propter
1179 2559 1520 2614 charitatem.
1556 2560 1612 2614 Si
1644 2564 1774 2637 quis
1796 2571 1974 2615 autem
2007 2576 2135 2615 con-

560 2650 682 2704 silio
710 2650 936 2703 asscntit
966 2666 1105 2717 meo,
1154 2652 1223 2705 sit
1257 2651 1467 2719 quidem
1501 2665 1705 2707 merces
1754 2653 1821 2707 ab
1856 2653 1993 2722 ipso,
2029 2669 2132 2707 non

561 2744 632 2797 sit
680 2751 855 2797 autem
918 2743 1071 2797 nobis
1127 2758 1315 2797 cursus
1363 2744 1427 2798 ad
1462 2747 1809 2798 mercedem:
1852 2760 1957 2799 non
1990 2747 2131 2799 enim

562 2836 684 2903 quia
704 2836 965 2903 promittit
998 2836 1116 2889 ideo
1150 2836 1308 2891 debet
1335 2846 1388 2891 et
1411 2836 1579 2905 diligi,
1614 2836 1706 2891 sed
1739 2837 1862 2905 quia
1890 2838 2013 2891 talis
2035 2838 2133 2892 ha-

562 2924 741 2989 betur,
768 2934 819 2978 et
856 2925 977 2980 talis
997 2934 1079 2979 cst
1106 2924 1276 2980 Filius
1308 2942 1445 2981 :non
1468 2929 1665 2997 quippe
1694 2928 1952 2998 diligatur
1979 2932 2047 2985 ob
2070 2944 2133 2985 ea

562 3031 681 3082 quae
708 3018 893 3079 donat,
926 3020 1017 3072 sed
1049 3028 1264 3087 propter
1318 3030 1567 3072 naturam
1593 3021 1675 3073 sui
1720 3028 1773 3073 et
1807 3029 1929 3073 ante
1960 3021 2134 3075 dona-

563 3111 755 3163 tiones.
796 3108 1070 3177 Siquidem
1106 3120 1159 3164 et
1192 3111 1293 3165 hoc
1322 3111 1499 3164 lumen
1546 3112 1825 3175 sensibile,
1856 3127 1962 3166 non
2010 3113 2133 3181 quia

560 3200 734 3266 pascit
761 3200 943 3254 oculos
975 3213 1205 3265 amatur,
1234 3202 1324 3256 sed
1357 3202 1480 3270 quia
1495 3202 1855 3257 clarissimum
1888 3203 2131 3258 habetur.

562 3289 958 3361 Nonnunquam
994 3292 1137 3345 enim
1163 3302 1217 3344 et
1251 3292 1426 3346 fontes
1458 3292 1707 3346 videntes
1745 3294 2058 3363 perspicuos
2084 3303 2139 3348 et

565 3400 748 3449 puros,
802 3394 855 3437 et
912 3385 955 3437 si
1000 3400 1102 3437 non
1157 3385 1393 3439 admittit
1437 3393 1649 3451 tempus
1690 3386 1926 3448 bibendi,
1962 3397 2137 3439 tamen

567 3476 828 3529 miramur
854 3475 1328 3543 pulchritudinem,
1350 3478 1511 3531 etiam
1537 3492 1640 3529 non
1675 3478 1996 3531 adveniente
2016 3493 2134 3532 usu.

566 3568 631 3621 Et
682 3570 750 3621 ad
806 3568 1002 3622 caelum
1060 3569 1412 3637 respicientes
1449 3569 1803 3632 delectamur,
1862 3586 1966 3624 non
2006 3573 2132 3639 quia

566 3658 970 3711 manducamus.
1002 3656 1056 3710 Si
1086 3657 1249 3725 igitur
1279 3673 1440 3725 opera
1476 3658 1592 3727 ejus
1619 3660 1690 3713 ita
1730 3669 1855 3713 sunt
1894 3662 2052 3725 bona,
2084 3672 2137 3716 et

566 3758 694 3803 ante
717 3757 929 3816 gustum
962 3757 1015 3802 et
1045 3763 1223 3801 escam
1276 3750 1547 3803 delectant
1592 3767 1714 3805 cum
1769 3752 2038 3816 videntur,
2084 3762 2138 3807 et

565 3836 876 3893 coaﬂectari
903 3838 1103 3892 faciunt
1126 3857 1138 3900 ;
1175 3842 1288 3907 ipse
1311 3841 1399 3909 qui
1432 3855 1555 3895 vere
1579 3858 1741 3911 supra
1765 3859 1980 3898 omnem
2015 3845 2135 3914 pul-

568 3930 927 3983 chritudinem
989 3930 1237 3992 habetur,
1290 3942 1344 3983 et
1371 3946 1499 3986 vere
1550 3942 1633 3986 est
1686 3936 1880 3999 bonus,
1917 3952 2022 3991 non
2070 3952 2133 3991 ex

568 4024 814 4078 mercede
835 4024 1029 4077 habeat
1058 4024 1415 4086 dilectionem,
1446 4029 1537 4081 sed
1556 4044 1621 4081 ex
1654 4038 1844 4081 natura
1876 4044 2133 4087 amorem.

567 4112 680 4180 Ego
714 4128 845 4166 sane
886 4128 1268 4183 nonnunquam
1303 4116 1354 4169 in
1391 4119 1628 4186 cogitatu
1649 4120 1769 4175 .isto
1792 4120 2013 4184 adveni;
2047 4134 2138 4174 ve-

570 4204 679 4259 nite
732 4214 786 4258 et
816 4220 910 4259 vos
964 4206 1032 4258 ad
1071 4206 1432 4273 suspicionem
1470 4208 1661 4262 bonam
1700 4225 1713 4261 :
1752 4225 1891 4277 stepe
1916 4212 2057 4265 enim
2107 4226 2137 4265 a

568 4298 769 4351 sanctis
798 4296 1100 4367 Evangeliis
1151 4309 1204 4351 et
1241 4314 1365 4353 vere
1413 4299 1611 4354 divinis
1652 4303 1717 4356 de
1750 4303 1973 4357 Domino
2012 4303 2135 4358 Jesu

568 4389 810 4446 audiens.
844 4388 1081 4441 auditum
1105 4390 1169 4441 ad
1205 4388 1377 4443 visum
1405 4393 1646 4445 converti
1682 4412 1692 4445 :
1721 4394 1967 4447 videbam
1994 4397 2135 4449 enim

567 4478 973 4532 admirationem
1026 4495 1215 4533 novam
1268 4481 1381 4546 Dei,
1435 4481 1626 4536 Filium
1681 4485 1848 4538 Deum
1898 4486 1951 4539 in
1997 4496 2135 4541 terra

566 4583 759 4638 corpus
791 4570 1076 4623 habentem
1114 4588 1127 4624 :
1160 4580 1213 4625 et
1251 4581 1447 4639 putans
1473 4576 1662 4629 adesse
1684 4577 2046 4646 spectaculum
2064 4594 2131 4633 ex

567 4659 858 4729 Scripturis
888 4675 1022 4731 pene
1062 4672 1115 4716 et
1146 4672 1391 4731 porrecta
1442 4682 1600 4718 manu
1639 4668 1971 4736 apprehendi
2009 4668 2129 4722 lim-

564 4749 737 4805 briam
770 4753 1067 4808 vestimenti
1097 4755 1230 4824 ejus,
1273 4770 1338 4809 ne
1364 4756 1501 4811 forte
1535 4768 1588 4811 et
1610 4774 1640 4812 a
1670 4762 1907 4828 peccatis
1938 4761 2134 4817 libera—

564 4858 676 4897 rer.
726 4842 843 4898 Non
890 4845 1053 4913 igitur
1096 4846 1405 4902 fraudemus
1462 4852 1819 4918 nosmetipsos
1856 4868 1885 4904 a
1928 4853 2135 4909 visione

567 4935 661 4989 Dei
692 4936 974 5006 unigeniti,
1005 4940 1091 5003 qui
1126 4955 1219 5007 pro
1253 4941 1405 4994 nobis
1434 4941 1500 4993 ad
1530 4957 1628 4996 nos
1659 4945 1804 4997 venit
1836 4962 1849 4996 :
1880 4960 2001 4998 nam
2032 4946 2134 5001 etsi

566 5028 619 5080 in
649 5040 873 5094 corpore
901 5028 1136 5090 advenit,
1168 5039 1345 5085 tamen
1379 5048 1481 5085 non
1513 5032 1669 5087 latuit
1697 5021 1836 5090 Deus
1860 5039 1999 5091 nube
2029 5037 2138 5093 cir-

565 5118 943 5173 cumamictus.
972 5118 1027 5172 Si
1052 5121 1193 5173 enim
1224 5132 1277 5174 et
1313 5124 1453 5192 apud
1496 5140 1593 5179 nos
1619 5126 1813 5180 animae
1846 5138 2019 5183 status
2044 5130 2137 5184 da-

568 5220 654 5263 tur
673 5211 741 5265 ad
764 5212 938 5267 visum
964 5228 1059 5282 per
1102 5215 1308 5279 oculos,
1342 5230 1436 5285 per
1470 5217 1689 5281 faciem,
1726 5234 1821 5289 per
1857 5221 2133 5285 maxillas;

564 5297 776 5371 qualem
811 5311 964 5366 putas
992 5315 1112 5356 esse
1151 5303 1298 5356 illam
1328 5304 1541 5369 faciem,
1573 5306 1782 5375 qualem
1826 5310 1969 5363 illam
2000 5312 2133 5366 divi-

565 5400 689 5441 nam
728 5392 1193 5459 constitutionem,
1236 5395 1385 5449 illum
1418 5398 1763 5465 tranquillum
1800 5404 2036 5470 oculum,
2071 5404 2131 5458 il-

562 5477 672 5534 lam
720 5482 1000 5539 honestam
1042 5486 1278 5553 linguam
1313 5499 1369 5545 et
1397 5494 1637 5546 motum?
1664 5492 1840 5548 Unum
1877 5506 1959 5549 est
1988 5498 2130 5562 quod

563 5572 779 5629 confert
806 5575 921 5645 ejus
952 5579 1233 5647 adventus,
1285 5593 1345 5639 ut
1389 5584 1715 5654 suscipiatur
1749 5589 1868 5643 talis
1902 5590 2121 5643 habitus

2233 1928 2300 1979 ad
2327 1928 2821 1979 consummationem
2850 1924 3030 1979 amuli
3055 1923 3120 1975 ".
3149 1922 3312 1975 Adest
3345 1920 3607 1974 Dominus
3646 1917 3691 1971 si
3721 1916 3817 1969 ha-

2233 2024 2325 2077 bes
2352 2021 2555 2084 oculos,
2584 2030 2637 2074 et
2663 2028 2953 2086 antequam
2992 2014 3181 2069 audias
3212 2013 3378 2065 vides.
3408 2010 3462 2064 Si
3495 2017 3679 2061 autem
3704 2019 3815 2061 non

2234 2114 2379 2167 vides
2407 2126 2435 2165 a
2478 2111 2783 2178 temetipso,
2836 2121 3055 2162 movere
3075 2119 3197 2159 cum
3229 2118 3293 2157 eo
3337 2100 3428 2171 qui
3463 2098 3729 2160 ostendit,
3762 2106 3818 2151 et

2232 2202 2457 2256 videbis.
2493 2199 2548 2254 Si
2582 2209 2761 2253 autem
2789 2207 2845 2253 et
2876 2212 2997 2250 cunt
3029 2205 3307 2250 ostensum
3344 2191 3435 2245 tibi
3476 2186 3649 2243 fuerit
3700 2200 3813 2239 non

2232 2294 2403 2358 vides,
2470 2293 2766 2347 lamentare
2815 2288 3116 2343 caecitatem
3166 2294 3311 2338 tuam
3364 2280 3609 2337 debebis.
3659 2276 3819 2331 Sicut

2233 2384 2373 2438 enim
2404 2397 2511 2437 non
2538 2389 2713 2451 potest
2735 2378 2923 2436 oculus
2960 2378 3077 2432 sine
3109 2375 3313 2429 lumine
3341 2373 3542 2434 videre,
3576 2372 3654 2425 ita
3708 2382 3822 2422 non

2234 2486 2412 2546 potest
2444 2489 2543 2530 nec
2598 2488 2751 2528 mens
2780 2471 2896 2525 sine
2947 2470 3054 2524 Deo
3083 2470 3302 2522 vivere:
3339 2464 3572 2519 celerius
3618 2460 3819 2531 quippe

2236 2568 2537 2623 salvabitur
2568 2566 2736 2637 piscis
2766 2563 2883 2617 sine
2909 2576 3069 2631 aqua,
3100 2575 3261 2628 quam
3298 2558 3473 2611 anima
3504 2554 3625 2609 sine
3657 2551 3817 2607 Chri-

2236 2670 2335 2712 sto.
2357 2658 2495 2723 Quid
2525 2656 2698 2725 ergo?
2727 2653 2863 2708 Num
2892 2667 2994 2706 non
3045 2650 3232 2704 vivunt
3254 2648 3498 2719 gentiles,
3531 2655 3587 2699 et
3619 2642 3817 2705 Judaei,

2235 2762 2286 2805 et
2314 2749 2591 2804 haeretici?
2622 2747 2894 2812 Permitte,
2922 2746 3119 2816 inquit,
3170 2750 3405 2795 mortuos
3435 2738 3658 2807 sepelire
3695 2750 3817 2788 suos

2235 2854 2466 2895 mortuos
2492 2844 2561 2892 ν’.
2597 2840 2753 2894 Venit
2786 2838 2924 2893 Deus
2949 2844 3244 2905 apportans
3283 2831 3617 2893 hominibus,
3680 2826 3817 2896 quod

2237 2935 2413 2989 nullus
2442 2934 2722 2988 hominum
2756 2929 2978 2984 adduxit
3005 2945 3017 2980 :
3050 2942 3155 2982 non
3196 2924 3337 2980 enim
3384 2929 3501 2977 erat
3532 2932 3815 2975 servorum

2237 3043 2431 3098 magna
2464 3030 2687 3088 donare,
2719 3024 2812 3079 sed
2844 3036 3122 3077 servorum
3172 3027 3292 3073 erat
3324 3016 3485 3086 Regis
3522 3014 3814 3069 adventum

2240 3120 2607 3174 annuntiare:
2640 3117 2842 3171 donare
2870 3122 3053 3168 autem
3092 3111 3260 3182 ipsius
3306 3118 3423 3165 erat
3451 3106 3652 3177 Regis;
3698 3104 3815 3159 ideo

2238 3217 2292 3262 et
2320 3220 2685 3277 prmcursores
2712 3204 2964 3259 dicebant
2992 3219 3005 3257 :
3038 3202 3256 3256 Veniet.
3279 3199 3391 3270 Ipse
3418 3206 3597 3253 autem
3618 3194 3713 3266 qui
3739 3194 3817 3249 lo-

2238 3300 2502 3368 quebatur
2559 3296 2853 3350 adveniens
2912 3294 3176 3349 donavit:
3235 3307 3333 3362 per
3399 3288 3621 3358 Moysen
3670 3285 3814 3342 enim

2237 3390 2358 3443 data
2382 3399 2464 3444 est
2496 3392 2601 3453 lex,
2632 3387 2725 3441 sed
2768 3386 2901 3442 nihil
2947 3386 3149 3441 factum
3187 3396 3307 3450 est;
3342 3382 3515 3453 gratia
3544 3387 3731 3434 autem
3763 3386 3817 3432 et

2238 3484 2437 3537 veritas
2462 3497 2564 3535 non
2593 3481 2713 3535 data
2746 3488 2849 3544 est,
2873 3478 2966 3534 sed
2993 3477 3133 3532 facta
3160 3484 3261 3540 est,
3290 3482 3344 3529 et
3372 3472 3634 3529 correxit.
3664 3469 3817 3525 Sicut

2238 3576 2379 3630 enim
2416 3573 2607 3627 mulier
2638 3572 2722 3626 illa
2750 3586 2869 3640 quae
2910 3568 3113 3624 fontem
3170 3565 3448 3636 sanguinis
3497 3571 3692 3619 contra
3722 3574 3818 3614 na-

2239 3678 2412 3720 turam
2435 3666 2689 3730 habebat,
2707 3663 2929 3734 fatigata
2954 3673 3039 3716 est
3072 3660 3309 3716 medelas
3331 3657 3616 3712 hominum
3652 3654 3818 3709 sussi-

2240 3771 2404 3819 nens;
2440 3755 2643 3825 profuit
2671 3764 2854 3809 autem
2887 3753 2937 3807 ei
2965 3750 3123 3817 nihil,
3151 3749 3242 3805 sed
3290 3744 3669 3802 tantummodo
3690 3758 3819 3800 con-

2238 3859 2552 3901 sumebatur
2578 3857 2631 3900 et
2655 3858 2883 3916 corpore
2922 3852 2978 3900 et
3006 3839 3351 3897 facultatibus
3380 3858 3393 3892 :
3424 3838 3496 3891 ita
3514 3835 3816 3892 secundum

2238 3938 2468 3993 formam
2510 3938 2667 3993 istam
2698 3938 2933 3991 humana
2963 3943 3156 3989 natura
3186 3929 3459 3999 accipiens
3486 3924 3761 3982 medelam
3788 3936 3817 3976 a

2237 4030 2515 4101 pr0phetis
2540 4028 2981 4084 etsacerdotibus
3005 4033 3059 4080 et
3098 4040 3129 4079 a
3160 4022 3274 4093 lege
3308 4023 3445 4091 ipsa,
3482 4033 3587 4074 non
3613 4028 3699 4074 est
3722 4032 3819 4072 cn-

2238 4134 2392 4185 rata;
2426 4123 2520 4177 sed
2572 4122 2618 4175 is
2641 4122 2731 4190 qui
2764 4120 2879 4174 sine
2907 4119 3023 4189 lege
3056 4125 3177 4172 erat
3202 4116 3583 4184 subingressus
3609 4121 3717 4175 est,
3760 4118 3820 4165 ut

2238 4213 2540 4268 abundaret
2574 4221 2875 4280 peccatum.
2910 4208 3045 4275 Quia
3098 4207 3261 4278 igitur
3290 4219 3395 4259 non
3434 4213 3553 4259 erat
3580 4201 3820 4257 hominis

2239 4305 2508 4373 corrigere
2542 4302 2815 4356 hominum
2872 4300 3149 4368 passiones
3176 4305 3232 4352 et
3258 4295 3407 4358 vitia,
3438 4296 3579 4349 Deus
3607 4292 3820 4362 accepit

2240 4396 2451 4448 infirme
2481 4397 2578 4447 hoc
2615 4394 2785 4462 ipsum
2812 4392 2955 4460 quod
2979 4392 3090 4460 jam
3114 4396 3233 4444 erat
3251 4397 3580 4449 emortuum,
3613 4395 3669 4439 et
3693 4385 3822 4438 sub-

2169 4488 2489 4574 Dingressa
2532 4494 2617 4539 est
2648 4485 2776 4549 vita,
2818 4493 2875 4536 ut
2917 4480 3202 4551 prmsentia
3256 4479 3468 4533 virtutis
3506 4484 3823 4545 repercute-

2244 4588 2393 4632 retur
2426 4574 2577 4630 virus
2612 4577 2903 4646 serpentis,
2950 4576 3081 4642 Quis
3111 4591 3216 4629 non
3246 4572 3482 4628 movebit
3512 4572 3577 4624 ad
3608 4570 3823 4625 deside-

2242 4671 2379 4722 rium
2413 4667 2652 4723 Christi?
2677 4667 2956 4736 Siquidem
2993 4667 3193 4721 Christi
3236 4664 3415 4719 Pater.
3440 4663 3518 4717 llli
3551 4663 3702 4717 enim
3728 4662 3822 4716 de-

2241 4772 2325 4816 cet
2351 4761 2471 4814 talis
2495 4772 2548 4813 et
2577 4770 2722 4813 tanta
2748 4759 2966 4829 largitio
2997 4777 3012 4814 ;
3038 4758 3207 4812 Nemo
3244 4758 3401 4819 enim,
3425 4755 3622 4823 inquit,
3652 4764 3821 4823 potest

2240 4854 2414 4907 venire
2440 4854 2508 4904 ad
2541 4869 2642 4915 me,
2669 4853 2768 4906 nisi
2813 4851 2972 4905 Pater
2996 4867 3139 4905 meus
3183 4848 3459 4902 attraxerit
3484 4862 3605 4899 eum
3636 4845 3822 4914 quiest

2242 4947 2298 4999 in
2326 4945 2469 4999 cmlis
2499 4945 2567 4996 ".
2594 4942 2849 5014 Nonquia
2871 4944 2974 4997 vim
3007 4942 3137 4997 facit
3160 4943 3320 5007 Deus,
3356 4940 3449 4994 sed
3479 4939 3604 5007 quia
3634 4939 3823 4991 domat

2241 5037 2487 5091 homines
2523 5036 2795 5099 mortales,
2834 5050 2931 5104 pro
2977 5036 3174 5105 quibus
3220 5042 3448 5088 mortem
3494 5027 3822 5084 immortalis

2240 5131 2495 5201 gustavit.
2537 5128 2710 5183 Nolite
2743 5131 2792 5183 in
2828 5144 3049 5183 vacuum
3090 5128 3318 5197 gratiam
3350 5138 3571 5193 ponere,
3613 5138 3723 5177 non
3766 5123 3820 5177 in

2236 5237 2428 5277 somno
2452 5219 2800 5291 Evangelimn
2833 5238 2847 5273 :
2882 5220 2977 5274 sed
3002 5218 3323 5289 evigilantes
3340 5222 3654 5284 computate
3686 5212 3817 5281 quid

2238 5312 2437 5365 factum
2472 5320 2575 5375 est,
2636 5312 2761 5381 quid
2799 5322 2984 5365 natum
3037 5320 3141 5373 est,
3177 5309 3307 5379 quid
3340 5307 3620 5361 donatum.
3676 5306 3819 5359 Deus

2237 5403 2431 5457 Filium
2468 5418 2621 5457 suum
2656 5403 2800 5455 misit
2829 5418 2842 5454 :
2884 5402 2975 5470 qui
3026 5417 3130 5455 non
3159 5400 3341 5455 obedit
3374 5397 3446 5461 ei,
3477 5394 3643 5449 habet
3677 5394 3820 5463 imii-

2238 5495 2401 5549 cium.
2425 5494 2587 5559 Misit,
2619 5494 2857 5563 inquam,
2880 5492 3075 5546 Filium
3093 5508 3246 5547 suum
3273 5490 3431 5551 Deus,
3453 5488 3723 5557 justitiam
3754 5489 3820 5541 ad

2239 5589 2469 5656 iniquos,
2497 5602 2618 5642 eum
2658 5590 2747 5656 qui
2796 5588 2913 5641 sine
2960 5596 3179 5654 peccato
3208 5585 3272 5637 ad
3312 5590 3655 5651 peccatores,
3680 5582 3819 5637 obe-

636 5757 681 5788 "
713 5753 866 5813 Joau.
905 5774 1021 5826 xm,
1059 5762 1143 5818 l5.
1219 5765 1262 5798 ”
1298 5764 1487 5823 lllatth.
1526 5783 1716 5836 xxvttt,
1748 5768 1839 5825 20.
1931 5770 1975 5802 ’³
2002 5768 2192 5828 Matth.
2220 5786 2335 5839 vut,
2365 5770 2455 5827 '22.
2534 5772 2577 5803 "'
2604 5769 2760 5827 Joatt.
2792 5785 2868 5837 Vl.
2904 5769 2989 5824 N-
