4000 6468
233 453 377 507 H73

1611 439 1681 496 IN
1719 437 1984 494 HATTH.
2027 438 2100 505 Χ,
2133 439 2221 494 54.

3398 445 3538 502 HN

248 567 489 618 dientem
539 553 610 612 ad
673 569 1060 624 contumaces,
1116 560 1414 632 gloriosum
1469 558 1536 613 ad
1569 559 1852 630 ignobiles,
1882 562 1928 617 Α
1957 557 2100 612 enim
2142 556 2429 626 imaginem
2461 561 2639 626 videt;
2686 576 2782 630 per
2813 561 3132 630 imaginem,
3183 562 3536 632 principalem

245 670 384 723 eum
413 653 500 723 qui
531 649 595 705 ad
625 650 914 708 dexteram
946 653 1122 708 Patris
1161 655 1225 707 ad
1252 669 1346 709 eos
1377 653 1467 722 qni
1499 653 1549 706 in
1579 663 1721 707 terra
1758 652 1844 721 ja-

245 747 480 808 cebant,
515 744 714 799 Filium
746 747 814 800 ad
869 761 1079 809 servos,
1101 747 1338 815 judicent
1370 745 1840 800 condemnandum

245 852 360 902 pro
413 838 496 889 his
536 837 626 904 qui
671 846 827 891 erant
871 838 1235 892 condemnati.
1267 837 1397 903 Quis
1430 852 1534 893 non
1583 839 1840 892 accenda-

246 929 385 981 tur?
423 928 552 994 Quis
602 945 706 984 non
738 933 987 994 stupent?
1014 932 1144 997 Quis
1177 946 1280 983 non
1314 946 1344 985 e
1385 930 1596 984 ﬂamma
1621 933 1720 984 ista
1755 933 1835 985 vi-

243 1034 420 1074 seera
449 1023 709 1075 accendat
754 1024 888 1076 sua?
921 1023 978 1078 Si
1008 1039 1110 1076 non
1142 1039 1330 1077 sumus
1364 1023 1578 1092 lapidei.
1633 1034 1689 1077 et
1713 1034 1837 1077 ante

239 1123 543 1166 sermones
585 1128 688 1166 non
733 1127 976 1178 movent,
1007 1114 1211 1168 deflere
1259 1130 1354 1169 nos
1379 1115 1652 1178 convenit,
1705 1116 1834 1184 quia

235 1211 510 1265 putantes
556 1217 656 1256 nos
697 1205 900 1267 vivere,
947 1207 1141 1258 mortui
1187 1221 1393 1259 sumus.
1434 1205 1636 1272 Quibus
1679 1204 1833 1261 Jcsns

235 1305 363 1344 non
389 1291 563 1360 placet
595 1294 757 1358 Deus,
792 1295 886 1350 hos
923 1309 1079 1363 putas
1101 1300 1228 1366 quid
1285 1298 1609 1353 delectabit?
1645 1299 1700 1352 Si
1732 1317 1829 1352 att-

230 1391 363 1436 tem
396 1386 740 1452 pulchritudo
773 1389 825 1441 in
861 1404 1025 1443 carne
1060 1403 1326 1456 emortua,
1359 1401 1414 1447 et
1465 1394 1670 1462 lapides
1714 1409 1830 1462 pre-

231 1477 402 1540 tiosi,
431 1485 483 1529 et
530 1479 830 1549 margaritae
860 1481 1104 1544 claritas,
1139 1494 1316 1539 movet
1360 1483 1694 1540 alacritatem
1735 1488 1830 1541 ho-

228 1566 442 1631 minis;
473 1582 593 1621 cum
629 1572 766 1625 Deus
796 1572 965 1628 Filius
1005 1575 1164 1630 fuerit
1199 1578 1370 1642 visus,
1402 1594 1430 1662 ξι
1462 1594 1569 1646 quo
1601 1589 1656 1632 et
1687 1579 1825 1632 bona

228 1658 350 1710 ista
383 1668 507 1711 sunt
532 1659 697 1723 facta,
736 1669 1005 1731 quomodo
1026 1684 1131 1721 non
1161 1678 1287 1722 vere
1325 1658 1503 1723 veniet
1538 1672 1822 1738 paz-sioilla

229 1747 303 1797 in
356 1747 594 1812 homine,
627 1751 694 1804 de
730 1768 833 1821 qua
885 1756 1086 1810 dictum
1125 1767 1244 1812 est:
1295 1759 1494 1830 Diliges
1545 1761 1823 1815 Dominum

224 1834 414 1889 Deum
462 1848 607 1892 tuum
659 1859 723 1896 ea:
763 1846 904 1898 omni
933 1850 1109 1900 auium
1141 1860 1250 1914 tua,
1285 1862 1331 1904 et
1374 1869 1438 1905 ea:
1462 1856 1603 1906 enini
1636 1857 1822 1908 virtute

1951 647 2216 718 agnoscit.
2245 647 2418 703 Filius
2455 649 2620 729 igitur
2653 652 2718 705 ad
2753 667 2854 706 nos
2885 653 3050 716 venit,
3083 667 3188 706 non
3223 662 3403 708 tamen
3436 668 3538 709 nos

1952 739 2018 794 ad
2063 740 2277 809 ipsum;
2319 739 2401 795 vel
2437 756 2578 795 nunc
2623 753 2802 796 autem
2846 759 2944 797 nos
2977 744 3045 799 ad
3093 744 3268 814 ipsum
3308 745 3482 802 simus
3516 761 3534 800 :

1952 829 2092 885 Dens
2119 841 2307 896 vocat;
2337 841 2391 886 et
2421 833 2506 887 his
2536 833 2626 902 qui
2661 850 2764 887 non
2800 834 3115 900 adveniunt,
3145 835 3341 891 sufficit
3371 852 3534 907 ptena

1946 923 2068 990 quia
2104 937 2209 976 non
2233 923 2508 978 obcdiunt.
2538 925 2706 979 Vocat
2735 928 2899 980 Dens.
2923 927 3004 979 Ad
3033 928 3186 996 quae?
3215 929 3294 981 Ad
3324 944 3384 983 ea
3411 943 3534 999 qua

1945 1015 2136 1067 decent
2173 1015 2358 1068 Deum.
2408 1015 2474 1069 Et
2511 1028 2659 1070 certe
2703 1017 2979 1071 Abraham
3011 1021 3227 1073 vocavit
3268 1019 3428 1084 Deus,
3475 1031 3533 1075 et

1945 1106 2203 1172 prmcepit
2235 1107 2568 1176 unigenitum
2620 1108 2811 1162 Filium
2858 1126 3014 1164 suum
3055 1109 3255 1166 offerre
3294 1111 3419 1168 sibi.
3462 1111 3530 1166 Et

1945 1199 2156 1250 videtur
2189 1199 2554 1267 perniciosum
2613 1202 2714 1256 hoc
2750 1218 2895 1266 esse,
2949 1204 3086 1259 forte
3120 1205 3254 1270 tibi,
3294 1221 3409 1260 non
3445 1215 3527 1260 ta-

1942 1300 2061 1338 men
2103 1285 2366 1353 Abrahae;
2404 1287 2674 1343 Abraham
2706 1292 2849 1344 enim
2902 1292 3110 1346 lucrum
3146 1294 3299 1348 duxit
3329 1318 3340 1350 :
3375 1295 3527 1350 vide-

1939 1379 2137 1431 bantur
2198 1378 2342 1433 enim
2389 1377 2596 1449 iurgari
2650 1383 2859 1435 viscera
2907 1392 2962 1437 et
3016 1383 3367 1453 religiositas.
3413 1383 3522 1440 Sed

1937 1469 2114 1520 adhuc
2139 1469 2300 1536 ~apud
2335 1483 2432 1524 nos
2459 1470 2666 1539 jurgari
2704 1481 2965 1539 possunt;
3017 1473 3292 1528 Abraham
3339 1484 3520 1531 autem

1937 1572 2002 1609 ne
2033 1556 2251 1625 quidem
2288 1557 2554 1612 dubitatio
2604 1560 2732 1622 fuit,
2783 1575 2881 1615 nec
2928 1563 3219 1629 cogitatus,
3254 1579 3355 1621 nec
3388 1565 3522 1622 dila-

1937 1648 2052 1702 tio:
2090 1649 2183 1703 sed
2238 1649 2523 1704 laetabatur
2569 1649 2887 1715 Abraham,
2933 1654 3059 1721 quia
3108 1656 3354 1711 victurus
3401 1667 3522 1713 erat

1934 1739 2076 1793 filius
2103 1740 2218 1807 ejus
2255 1741 2471 1796 oblatus
2501 1759 2514 1795 :
2547 1757 2701 1796 amor
2738 1755 2820 1799 est
2863 1746 3007 1798 enim
3060 1747 3416 1816 religiositas,
3463 1749 3517 1804 in

1931 1847 2035 1901 qua
2082 1843 2136 1888 et
2170 1835 2412 1888 charitas
2444 1828 2817 1901 mensuratur,
2845 1845 2903 1891 et
2943 1836 3173 1893 affectus
3219 1839 3515 1909 impletur:

219 1939 357 1991 tua.
392 1940 442 1983 et
463 1948 528 1985 ea:
555 1936 696 1986 omni
717 1940 946 2003 potentia
972 1950 1083 1996 tua.
1106 1953 1152 1994 ct
1186 1955 1352 1998 mente
1377 1955 1422 1998 et
1451 1961 1603 1998 sensu
1635 1949 1820 2001 tuo“?
1855 1915 1896 1972 Β
1925 1924 1968 1978 Si
2020 1940 2163 1979 emm
2217 1925 2463 1981 Chamas
2512 1942 2618 1981 non
2660 1927 2824 1984 mem
2877 1937 3051 1984 ouosa
3073 1971 3087 1997 ’
3133 1945 3316 1984 omnia
3357 1941 3519 1987 erum

216 2019 550 2086 Apparente
581 2024 722 2077 enim
779 2025 1005 2080 Domino
1057 2028 1206 2095 Jesu,
1264 2048 1370 2088 non
1425 2034 1816 2105 derclinquitur

219 2121 365 2175 pars
395 2109 574 2180 aliqua
601 2115 904 2171 dilectionis
931 2118 1043 2182 ulli,
1087 2124 1211 2188 quia
1255 2139 1358 2176 non
1401 2125 1658 2181 dividitur
1685 2130 1815 2183 cha-

221 2198 372 2253 ritas
400 2201 467 2258 ad
498 2201 661 2256 Deum
693 2215 747 2257 et
781 2207 845 2259 ad
900 2209 1167 2274 ltOmincs,
1202 2222 1252 2266 ct
1287 2216 1352 2266 ad
1384 2228 1629 2271 emortua
1695 2235 1813 2287 qua:

217 2289 288 2342 in
326 2297 468 2343 terra
508 2305 634 2345 sunt
675 2313 686 2346 :
717 2297 808 2349 sed
841 2299 979 2352 sicut
1011 2311 1298 2370 antequam
1337 2317 1595 2374 appareat
1621 2310 1724 2374 sol,
1757 2323 1812 2366 et

218 2378 478 2436 lucernis
522 2383 772 2449 fruimur,
815 2399 866 2442 et
906 2393 1089 2445 stellas
1123 2397 1378 2465 patimur,
1412 2409 1463 2452 cl
1503 2400 1625 2453 luna
1662 2401 1808 2458 dele-

213 2480 476 2541 ctamur;
509 2492 629 2532 cum
676 2492 855 2534 autent
895 2484 973 2536 sol
1009 2484 1169 2538 fuerit
1213 2489 1381 2552 visus,
1418 2492 1662 2559 qnzedam
1689 2495 1810 2564 qui-

220 2563 354 2615 tlem
392 2581 493 2619 non
539 2581 748 2635 parent,
799 2574 1043 2639 quaedam
1089 2589 1267 2630 autem
1321 2589 1375 2632 et
1442 2583 1805 2653 occultantur,

216 2669 421 2708 omnes
449 2667 627 2710 autem
660 2673 984 2716 convertunt
1017 2666 1183 2721 facies
1227 2684 1354 2724 suas
1385 2672 1450 2726 ad
1498 2673 1699 2744 solem;
1753 2689 1806 2733 et

217 2759 350 2799 cum
374 2749 540 2803 multa
559 2751 669 2805 sint
699 2755 860 2820 bona,
888 2758 1072 2812 omnia
1102 2761 1246 2814 enim
1289 2764 1428 2818 bona
1459 2766 1654 2823 valde:
1682 2787 1803 2824 cum

215 2847 407 2891 autem
438 2847 746 2909 apparuerit
767 2847 812 2900 is
841 2863 937 2917 per
955 2865 1113 2919 quem
1141 2852 1241 2906 ista
1272 2853 1436 2918 bona,
1468 2861 1640 2928 bona;
1671 2863 1803 2917 nihil

215 2942 413 2984 eorum
450 2934 590 3002 quod
640 2937 839 2992 bonum
890 2952 973 2996 est
1013 2944 1124 3014 jam
1161 2946 1431 3003 videbitur
1471 2951 1690 3008 bonum.
1745 2956 1799 3012 Si

217 3021 349 3087 quis
379 3023 513 3078 vidit
547 3025 772 3098 efﬁgiem
820 3034 990 3097 audit,
1027 3037 1071 3090 si
1114 3039 1236 3105 quis
1268 3056 1374 3095 non
1403 3043 1616 3100 videtur
1642 3055 1697 3101 et
1746 3058 1803 3103 ut

216 3111 426 3182 videat,
482 3130 536 3171 et
589 3123 892 3177 consentiat
929 3126 1014 3180 his
1064 3143 1183 3197 qua:
1238 3131 1532 3188 dicuntur:
1586 3152 1801 3195 amores

216 3202 365 3258 enim
401 3207 560 3262 clarae
577 3211 960 3278 pulchritudini
997 3222 1358 3287 contendunt;
1379 3235 1636 3293 quantum
1656 3231 1797 3282 enim

218 3292 424 3348 bonum
448 3308 532 3353 est
560 3304 702 3368 quod
736 3303 999 3376 diligitur,
1035 3318 1180 3364 tanta
1198 3323 1252 3365 et
1282 3292 1532 3370 mensura
1563 3327 1645 3372 est
1671 3322 1799 3374 cha-

221 3383 420 3442 ritatis.
475 3388 530 3442 Si
585 3393 727 3447 enim
761 3397 901 3450 oculi
943 3398 1145 3454 fuerint
1197 3410 1248 3457 in
1285 3404 1425 3460 facie
1473 3409 1620 3472 boni.
1651 3420 1797 3466 tanta

221 3479 390 3532 motio
414 3480 666 3551 eflicitur,
684 3498 942 3555 quantum
966 3500 1017 3544 et
1037 3493 1179 3546 oculi
1206 3494 1404 3550 fuerint
1429 3499 1558 3553 moti
1581 3517 1593 3551 :
1615 3503 1661 3555 ei
1685 3502 1797 3574 (82)

220 3580 400 3626 autem
436 3575 579 3630 aliud
622 3579 824 3648 aliquid
857 3584 908 3636 in
955 3586 1148 3652 oculis,
1191 3589 1496 3656 duplicatur
1523 3609 1674 3649 amor
1706 3615 1719 3649 :
1751 3599 1794 3650 si

218 3672 328 3716 tnta
356 3663 520 3722 facies
560 3667 723 3725 fuerit
746 3672 908 3738 bona,
935 3677 1098 3731 totius
1115 3677 1293 3733 vultus
1316 3680 1555 3738 charitas
1573 3701 1794 3740 mensu-

216 3763 368 3807 ratnr
400 3776 414 3808 :
451 3759 495 3810 si
521 3770 699 3814 autem
727 3772 779 3816 et
805 3764 906 3817 alia
930 3769 1168 3821 membra
1209 3769 1412 3825 fuerint
1441 3774 1600 3834 bona.
1640 3779 1794 3832 addi-

216 3851 269 3892 ta
288 3843 708 3913 pulchritudine,
741 3854 938 3907 crescit
961 3864 1014 3908 et
1045 3856 1390 3914 desiderium.
1417 3859 1576 3918 Jcsus
1614 3878 1792 3923 autem

216 3943 364 3987 totus
414 3946 498 3990 est
525 3939 720 4003 bonus,
767 3951 819 3995 et
870 3959 997 3999 vere
1027 3946 1220 4012 bonus,
1260 3950 1386 4004 boni
1427 3955 1569 4009 enim
1616 3955 1794 4012 Patris

212 4024 500 4091 progenies
530 4037 614 4080 est
649 4028 824 4094 bona;
881 4034 1034 4100 cuius
1081 4037 1539 4104 pulchritudinem
1591 4045 1791 4102 clamat

212 4111 419 4166 malum
449 4129 546 4183 per
569 4131 722 4171 suam
744 4122 1166 4189 speciositatem.
1216 4125 1380 4185 Istum
1422 4133 1694 4189 collaudat
1739 4152 1790 4193 et

212 4200 344 4254 solis
367 4203 639 4272 splendor,
668 4207 828 4262 istum
884 4215 1138 4279 praidicat
1185 4216 1310 4272 luna
1340 4230 1395 4273 et
1421 4223 1706 4292 incipiens,
1735 4241 1789 4282 et

206 4294 389 4362 plena,
421 4307 474 4352 et
496 4298 770 4355 deficiens.
795 4303 1081 4360 Stellarum
1112 4321 1290 4365 autem
1319 4315 1468 4368 chori
1500 4318 1658 4372 istum
1693 4337 1783 4376 co-

210 4397 427 4454 ronant,
485 4391 577 4444 sed
614 4408 718 4446 non
763 4409 926 4463 opera
985 4401 1035 4450 in
1068 4399 1250 4464 istum,
1289 4413 1380 4457 aut
1412 4408 1479 4459 ab
1527 4411 1786 4477 operibus

204 4477 374 4547 gloria
397 4481 532 4550 ejus,
561 4483 653 4537 sed
692 4499 755 4538 ex
801 4488 882 4539 sui
927 4497 1136 4545 natura.
1170 4492 1317 4548 Marc
1343 4496 1504 4552 istum
1533 4500 1784 4560 fluctibus

203 4571 445 4638 praefert,
474 4582 753 4632 terraenm
779 4577 1042 4636 fructibus
1059 4595 1286 4639 coronat
1319 4598 1371 4643 et
1395 4588 1638 4658 ﬂoribus,
1661 4597 1784 4650 cho-
1818 4618 1860 4673 ι)
1891 4593 2012 4647 dam
2061 4599 2507 4656 constitutionem
2551 4606 2631 4659 sui
2668 4606 2994 4666 invisibilem
3033 4615 3149 4671 fieri

202 4679 293 4718 ros
317 4669 560 4721 autemei
589 4672 909 4725 etauinialia
931 4675 1054 4728 dum
1081 4680 1370 4747 exsultant,
1402 4683 1627 4741 faciunt.
1648 4687 1780 4742 Cum

201 4765 381 4810 autem
434 4762 589 4816 audis
637 4766 762 4833 quia
797 4767 1133 4835 glorificatur
1171 4771 1342 4828 Filius
1398 4778 1466 4830 ab
1506 4781 1780 4847 omnilms,

199 4849 308 4903 noli
334 4851 574 4907 oblivisci
597 4853 771 4916 Patris
787 4872 944 4926 quem
971 4861 1239 4928 glorificat
1266 4865 1456 4922 Filius.
1481 4867 1586 4922 Sed
1614 4873 1678 4926 de
1697 4875 1779 4927 in?

195 4944 489 4998 enarrabili
516 4955 569 4998 et
593 4963 698 5002 non
732 4961 854 5003 nata
889 4963 1078 5008 natura
1104 4955 1281 5012 Patris
1319 4960 1369 5012 iu
1399 4966 1659 5019 memoria
1691 4983 1780 5022 ve-

195 5036 315 5086 nire
334 5034 494 5090 timor
526 5046 630 5091 est.
663 5039 797 5105 Quia
820 5057 951 5112 ergo
980 5045 1066 5099 ille
1101 5049 1422 5105 timorabilis
1446 5064 1528 5107 est
1560 5067 1778 5125 propter

193 5126 493 5181 bonitatem
514 5138 569 5181 et
592 5133 1090 5198 supereminentem
1129 5140 1537 5210 benignitatem.
1569 5158 1622 5200 et
1651 5150 1775 5218 quia

195 5232 298 5272 nos
317 5235 422 5274 non
447 5236 734 5290 possumus
749 5226 814 5280 ad
831 5227 978 5281 illum
1004 5245 1100 5285 nec
1117 5243 1295 5288 mente
1321 5237 1622 5304 respicere;
1644 5241 1778 5294 ima-

192 5309 370 5379 ginem
398 5311 516 5379 ejus
537 5315 943 5372 considerantes
979 5321 1241 5377 miramur
1279 5327 1605 5384 indicibilem
1627 5331 1772 5387 illam

195 5403 444 5457 virtutem
477 5403 902 5464 Patriszetideo
944 5429 1062 5465 etim
1089 5417 1178 5484 qui
1219 5419 1283 5470 ad
1325 5433 1423 5473 nos
1456 5422 1599 5476 venit
1645 5438 1775 5477 con-

193 5494 528 5562 sideremus,
570 5509 625 5553 et
671 5501 988 5560 habebimus
1038 5509 1291 5564 fructum.
1342 5509 1483 5566 Dicit
1531 5516 1676 5570 enim
1717 5526 1772 5572 et

1922 2018 2138 2072 etiamsi
2175 2019 2524 2075 coaflcctatus
2556 2019 2757 2088 fueris;
2811 2033 3035 2092 propter
3084 2024 3333 2079 timorem
3367 2028 3515 2082 enim

1922 2109 1966 2162 si
2014 2111 2308 2176 obcdieris,
2344 2114 2620 2182 perfectus
2667 2129 2772 2170 non
2819 2114 2962 2178 eris;
3015 2127 3236 2186 propter
3285 2121 3516 2173 commi-

1922 2201 2196 2256 nationem
2250 2216 2432 2259 autem
2480 2209 2766 2275 gehennze,
2799 2209 2925 2264 tuali
2959 2213 3100 2265 servi
3150 2211 3350 2264 malum
3382 2226 3512 2281 pro-

1920 2294 2154 2360 positum
2206 2294 2433 2352 habebis
2477 2316 2490 2351 :
2544 2309 2768 2369 propter
2811 2310 2990 2356 autem
3036 2318 3198 2374 regna
3246 2305 3511 2364 caelorum

1920 2390 2170 2447 voluntas
2219 2403 2305 2448 est
2358 2399 2702 2452 mercenarii.
2760 2400 2893 2466 Quae
2945 2415 3126 2457 autem
3172 2404 3370 2460 decora
3425 2415 3512 2461 est

1919 2482 2046 2536 via?
2079 2495 2298 2554 stupere
2355 2487 2592 2553 bonum,
2646 2492 2836 2545 mirari
2898 2493 3260 2563 immensum,
3321 2514 3510 2555 amare

1921 2576 2108 2631 Deum.
2143 2577 2199 2631 Si
2242 2581 2385 2633 enim
2431 2584 2561 2647 scis,
2593 2599 2696 2637 non
2733 2598 2884 2655 potes
2921 2605 3026 2643 non
3057 2589 3312 2658 diligere;
3345 2593 3390 2646 si
3421 2594 3508 2647 vi-

1915 2669 2078 2735 disti,
2123 2686 2228 2723 non
2280 2683 2433 2740 potes
2480 2667 2583 2729 non
2646 2679 2982 2736 coall'ectari.
3047 2681 3194 2737 Nihil
3243 2685 3390 2738 enim
3437 2701 3506 2740 ex

1913 2764 2167 2817 Omnibus
2209 2779 2328 2831 quae
2373 2776 2530 2831 sunt,
2591 2784 2767 2836 neque
2818 2773 2999 2827 omnia
3050 2774 3244 2842 simul,
3291 2785 3504 2831 tantum

1916 2852 2167 2916 illicinnt,
2199 2866 2464 2924 quantum
2498 2858 2732 2915 deleCtat
2764 2878 2904 2919 unus
2939 2867 3182 2921 omnium
3216 2868 3502 2925 Dominus.

1911 2944 1987 2998 lta
2028 2946 2184 3001 illicit
2223 2958 2277 3002 et
2324 2949 2486 3005 Pater
2523 2953 2565 3006 si
2608 2951 2773 3008 fuerit
2804 2956 2990 3012 visus:
3027 2967 3237 3014 tantum
3271 2962 3416 3017 enim
3453 2965 3502 3019 si

1911 3039 2257 3106 apparuerit,
2312 3042 2446 3096 nihil
2497 3042 2609 3110 jam
2663 3048 2785 3116 quis
2855 3049 3165 3106 sustinebit.
3218 3053 3502 3109 Videbitur

1912 3138 2091 3183 autem
2121 3131 2187 3184 ab
2218 3131 2300 3186 his
2333 3133 2422 3202 qtti
2464 3138 2663 3192 mundo
2700 3150 2822 3194 sunt
2852 3142 3046 3205 corde;
3083 3144 3129 3198 si
3160 3145 3305 3198 enim
3337 3162 3498 3201 mun-

1909 3215 2036 3270 dum
2083 3217 2247 3272 fuerit
2288 3236 2402 3288 cor,
2446 3222 2665 3296 effulget
2697 3228 2822 3284 inde
2872 3231 3092 3296 lumen,
3138 3245 3192 3288 et
3225 3236 3499 3293 videbitur

1906 3308 2046 3375 quod
2079 3307 2319 3380 effulget,
2349 3324 2403 3367 et
2435 3316 2620 3370 statim
2657 3331 2949 3391 martyres,
2982 3325 3347 3395 confessores,
3377 3344 3499 3383 san-

1906 3399 2260 3469 etimouium,
2313 3405 2633 3474 virginitas.
2689 3419 2882 3465 natura
2937 3424 3193 3480 morttta,
3242 3421 3486 3476 membra

1902 3489 2162 3546 crucifixa
2208 3510 2221 3546 :
2258 3495 2584 3552 desiderium
2651 3502 2793 3554 enim
2837 3501 3008 3560 fervet
3069 3508 3122 3561 in
3172 3510 3398 3578 animis,
3440 3523 3499 3568 et

1903 3585 2250 3654 conjungitur
2302 3588 2369 3640 ad
2419 3590 2786 3647 desideratum
2839 3615 2853 3650 :
2897 3612 3019 3652 cum
3078 3601 3223 3656 enim
3283 3604 3496 3660 aduna-

1903 3677 2042 3730 verit
2095 3680 2222 3748 quis
2276 3682 2540 3737 bonorum
2593 3697 2927 3755 conventus,
2976 3693 3099 3746 caeli
3155 3698 3489 3763 magnitudi-

1903 3784 2050 3833 nem,
2092 3783 2145 3824 et
2173 3787 2235 3826 ea
2268 3788 2388 3842 qua:
2421 3775 2472 3829 in
2509 3776 2629 3846 ipso
2668 3790 2795 3832 sunt
2828 3791 2907 3836 est
2951 3783 3319 3853 pulchritudo,
3361 3791 3492 3845 solis

1900 3862 2209 3928 prtudictatu
2245 3866 2571 3932 claritatem,
2598 3878 2652 3924 et
2683 3871 2910 3927 aliorum
2942 3877 3186 3930 omnium
3221 3893 3343 3948 qua:
3376 3883 3489 3938 illic

1897 3965 2024 4007 sunt
2057 3955 2234 4021 bona;
2270 3973 2370 4012 nec
2411 3976 2514 4014 non
2545 3971 2599 4016 et
2633 3978 2695 4016 ea
2727 3980 2849 4033 qua:
2881 3967 2933 4020 in
2973 3978 3117 4024 terra
3153 3975 3484 4044 germinant,

1897 4043 2111 4111 florent,
2153 4052 2553 4118 expaudnutnr,
2589 4060 2909 4124 procedunt,
2956 4076 3294 4134 nascuntur;
3340 4078 3393 4122 et
3420 4085 3485 4125 ea

1895 4152 2013 4204 qua:
2054 4141 2106 4193 in
2150 4156 2273 4196 aere
2311 4144 2512 4209 volant,
2557 4160 2612 4201 et
2648 4150 2698 4202 in
2733 4153 2890 4220 aquis
2933 4164 3160 4212 natant:
3195 4175 3317 4213 cum
3368 4162 3485 4220 hare

1893 4231 2070 4283 omnia
2105 4234 2423 4288 adunaverit
2452 4247 2508 4290 ut
2553 4255 2886 4308 componens
2926 4245 2980 4299 in
3018 4263 3216 4314 unum,
3264 4269 3329 4308 ne
3363 4257 3484 4325 qui-

1892 4321 2014 4375 dem
2064 4334 2213 4390 gutta
2269 4334 2328 4378 ttt
2379 4329 2446 4382 ad
2489 4328 2630 4383 illam
2683 4335 3139 4401 pulchritudinem
3187 4321 3394 4411 erum,-
3425 4359 3496 4402 ut

1891 4411 2215 4468 desiderium
2247 4425 2470 4488 stupore
2504 4424 2675 4491 magis
2704 4426 2794 4491 sit,
2836 4438 2890 4482 et
2923 4430 3187 4501 charitas,
3220 4445 3275 4490 et
3310 4438 3481 4494 admi-

1889 4506 2049 4569 ratio,
2097 4517 2154 4559 ut
2208 4509 2327 4563 talis
2367 4511 2480 4581 jam
2532 4513 2694 4571 homo
2740 4519 3014 4578 desideret
3049 4541 3245 4582 novam
3286 4544 3482 4599 quam-

3189 4634 3204 4671 :
3249 4619 3476 4677 allectus

1890 4685 2034 4737 enim
2076 4687 2142 4739 ad
2199 4689 2528 4747 invisibilem
2565 4696 2856 4753 invisibilis
2897 4701 3149 4772 habetur,
3192 4719 3248 4763 et
3281 4711 3476 4768 solitu-

1891 4777 2067 4830 dinem
2113 4785 2327 4848 quterit.
2369 4786 2469 4852 Qui
2513 4798 2692 4842 autem
2725 4793 2791 4846 ad
2827 4795 2986 4850 istam
3031 4801 3473 4861 constitutionem

1887 4873 2208 4938 occurrerit,
2241 4879 2416 4931 nescit
2446 4880 2569 4948 quia
2613 4892 2668 4935 et
2706 4885 2904 4940 coelum
2929 4897 2982 4944 et
3021 4900 3216 4948 terran:
3244 4912 3350 4951 non
3395 4899 3475 4954 vi-

1889 4963 2008 5024 det,
2051 4981 2152 5018 nec
2187 4970 2337 5022 novit
2378 4971 2428 5024 in
2461 4988 2565 5041 quo
2594 4976 2643 5029 in
2692 4986 2834 5034 terra
2866 4993 2943 5036 est
2987 4988 3145 5041 loco:
3180 4992 3346 5046 maris
3377 5008 3474 5048 au-

1888 5063 1994 5108 tem
2042 5073 2109 5111 ne
2149 5061 2361 5127 quidem
2409 5082 2616 5121 memor
2665 5082 2783 5138 est,
2831 5085 2887 5129 et
2923 5075 3144 5134 flumina
3191 5085 3470 5154 despicit:

1887 5149 2053 5202 solem
2089 5167 2194 5206 non
2231 5156 2409 5223 videt,
2454 5159 2636 5214 lunam
2673 5181 2777 5218 non
2811 5171 3139 5235 considerat,
3187 5178 3468 5235 stellarqu

1884 5255 2094 5296 memor
2131 5261 2236 5301 non
2279 5259 2394 5315 est;
2430 5253 2657 5323 despicit
2691 5269 2871 5314 autem
2900 5273 2955 5317 et
2989 5267 3304 5334 angelorum
3336 5274 3467 5328 cho-

1879 5349 2008 5388 ros:
2046 5353 2183 5393 unus
2225 5341 2368 5395 enim
2407 5343 2494 5398 ille
2541 5363 2647 5402 nun
2697 5354 2958 5417 permittit
2993 5358 3159 5414 dividi
3203 5363 3466 5420 visionem

1877 5429 1943 5481 ad
1978 5430 2166 5487 multa.
2207 5431 2308 5500 Qui
2355 5436 2498 5489 enim
2535 5441 2586 5492 iu
2640 5443 2730 5496 tali
2780 5449 3170 5507 consmutione
3209 5454 3462 5521 habetur,

1874 5519 2047 5574 ucscit
2076 5523 2199 5591 quia
2224 5535 2278 5579 et
2299 5541 2517 5582 carnem
2552 5531 2734 5601 habet,
2761 5547 2815 5591 et
2848 5543 2989 5608 quod
3025 5553 3109 5597 est
3143 5549 3460 5613 maximum,

2093 5586 2108 5591 _
2767 5586 2815 5591 _-
2853 5586 2988 5608 τη..
3027 5586 3109 5597 ν-.
3143 5586 3460 5613 .....η.......,.,

193 5589 306 5654 ipse
348 5605 360 5640 :
393 5586 450 5642 Si
487 5592 604 5657 quis
659 5610 736 5647 me
790 5596 953 5664 videt,
1003 5600 1137 5653 ridet
1181 5613 1226 5655 ct
1278 5602 1487 5658 Patrem
1528 5607 1570 5638 ’7
1611 5626 1624 5663 :
1675 5609 1766 5677 qni
1872 5626 1970 5667 nec
2005 5615 2196 5672 animae
2225 5634 2336 5675 sua:
2377 5637 2584 5678 memor
2616 5637 2699 5682 est
2744 5648 2755 5683 :
2795 5638 2942 5687 totus
2984 5634 3127 5688 enim
3165 5650 3460 5701 evacuatus

261 5697 307 5728 "
335 5697 487 5754 Deut.
510 5717 583 5765 vr,
745 5707 788 5737 ³⁷
829 5707 983 5765 Joan.
1018 5729 1123 5780 xiv,
1151 5715 1202 5769 9.

262 5861 376 5927 (δε)
406 5859 493 5918 Ei.
524 5865 706 5928 Fut‘lt’.
742 5876 806 5925 at.
