4000 6454
214 486 359 543 H77

1596 484 1665 541 iN
1708 482 1973 540 IATTH.
2015 483 2085 549 Χ.
2121 483 2213 542 34.

3382 487 3523 545 1178

220 610 338 656 est.
370 594 651 669 Quomodo
678 613 815 669 ergo
845 598 1084 655 istasibi
1114 570 1499 657 consemient?
1530 599 1689 657 Jesns
1729 616 1830 670 pax
1860 607 1909 665 Α
1937 601 1990 656 in
2043 601 2183 657 rosis
2220 599 2453 657 habetur
2502 599 2828 666 diversitas,
2871 599 2928 656 lu
2979 599 3166 656 colore
3210 599 3419 657 scilicet
3464 607 3526 660 et

224 701 347 758 est,
372 702 429 748 et
467 691 580 754 ipse
619 690 755 747 dicit
793 707 809 746 :
848 689 1029 745 Nolite
1084 703 1273 762 putere
1310 694 1441 764 quia
1491 710 1673 763 pacem
1714 694 1828 748 veni

220 787 445 839 mittere
486 784 541 837 in
582 791 797 838 terram.
830 781 1040 837 Dictum
1090 793 1270 838 autem
1316 784 1471 840 deeo
1512 793 1635 839 est-:
1673 781 1826 837 Venit

219 876 521 946 paciﬁcate
560 891 623 930 ea
670 891 789 946 qua:
839 877 895 930 in
948 878 1090 931 caelis
1123 887 1243 931 sunt
1280 887 1329 932 et
1373 878 1430 932 in
1482 886 1643 932 terra.
1678 876 1824 943 Quo-

214 971 404 1024 modo
432 982 567 1038 ergo
597 982 705 1023 non
733 969 880 1022 venit
914 983 1102 1036 pacem
1137 969 1190 1022 in
1228 978 1427 1024 terram
1468 969 1703 1033 mittere,
1734 968 1825 1036 qui

214 1056 367 1115 Ideo
406 1058 575 1125 venit,
601 1066 661 1112 ut
698 1068 752 1113 et
781 1072 844 1111 ea
885 1072 1007 1127 qua
1056 1058 1111 1111 in
1158 1056 1316 1113 cmlis
1341 1066 1396 1112 et
1428 1057 1481 1112 in
1518 1068 1659 1112 terra
1704 1066 1831 1112 sunt

212 1149 573 1220 paciﬁcareI,
602 1158 657 1205 et
685 1148 752 1203 ad
780 1163 909 1205 oves
952 1149 1190 1218 perditas
1223 1149 1416 1204 domus
1444 1147 1616 1205 lsrael
1651 1149 1821 1215 venit,

210 1249 295 1295 et
329 1240 559 1295 inventa
595 1250 723 1294 sunt
772 1241 1097 1308 pereuntes?
1146 1239 1261 1295 Non
1308 1248 1396 1296 est
1442 1241 1641 1295 missus
1676 1240 1825 1311 judi-

213 1346 389 1396 care,
433 1341 490 1387 et
536 1331 812 1387 invenitur
850 1331 1235 1387 condemnare.
1283 1329 1341 1387 Si
1383 1331 1507 1402 quis
1550 1331 1830 1387 desiderat

212 1435 307 1478 ea
347 1436 469 1492 qua:
517 1431 645 1479 sunt
689 1422 903 1477 Domini
952 1423 1206 1487 edoceri,
1244 1422 1500 1493 projiciat
1544 1422 1725 1476 omnia
1758 1436 1826 1477 ex

214 1515 408 1571 corde
440 1530 561 1579 suo,
587 1523 644 1572 et
672 1516 876 1571 mundo
914 1515 1073 1571 oculo
1105 1517 1301 1571 mentis
1335 1517 1599 1571 intendat.
1627 1514 1829 1585 Propo-

212 1607 405 1664 situm
436 1607 654 1678 quidem
685 1608 777 1664 Dei
801 1609 892 1678 qui
940 1608 1088 1662 misit
1117 1606 1311 1663 Filium
1346 1624 1503 1663 suum
1538 1607 1647 1663 tale
1675 1616 1827 1673 erat,

214 1707 303 1755 ut
350 1697 692 1754 salvarentur
734 1699 1002 1755 homines.
1024 1696 1343 1755 Obedieutia
1390 1710 1572 1756 autem
1593 1698 1712 1769 ejus
1733 1700 1824 1771 qui

220 1789 447 1845 missus
484 1799 568 1845 est
609 1804 707 1855 ea,
750 1801 811 1845 ut
844 1805 945 1860 pax
976 1801 1125 1847 esset
1169 1791 1223 1846 in
1272 1790 1427 1847 ctelis
1466 1800 1521 1847 et
1558 1792 1612 1846 in
1657 1800 1824 1846 terra.

225 1880 401 1937 Unde
429 1895 561 1952 ergo
591 1896 697 1935 non
733 1880 873 1949 pax?
899 1882 981 1936 Ab
1015 1880 1329 1935 inﬁrmitate
1367 1880 1567 1951 quippe
1611 1894 1824 1946 eorum,

1929 694 2139 749 odore:
2181 702 2239 748 et
2280 692 2335 747 in
2372 690 2641 747 fructibus
2681 698 2771 748 est
2802 690 3063 757 varietas,
3106 697 3165 745 et
3195 689 3524 761 magnitudi-

1931 784 2037 851 nis,
2062 791 2119 838 et
2155 782 2378 848 coloris,
2407 788 2464 839 et
2511 790 2727 853 gustus,
2767 790 2827 837 et
2854 788 3074 837 tactus:
3109 787 3171 837 et
3213 780 3403 835 vinum
3451 796 3521 837 ex

1926 878 2040 931 vite
2069 882 2153 930 est
2195 887 2375 941 omne,
2415 873 2513 929 sed
2546 879 2737 943 gustus
2762 871 2965 928 diversi
2997 888 3013 926 :
3050 880 3106 927 et
3136 870 3270 929 olea
3306 872 3517 928 fructus

1926 965 2301 1022 variiicantur.
2329 963 2437 1021 Sed
2461 964 2655 1019 borum
2672 961 2914 1019 omnium
2940 962 3199 1031 varietas,
3224 972 3281 1018 et
3312 964 3524 1018 anima-

1927 1056 2082 1125 lium,
2107 1065 2162 1112 et
2184 1070 2371 1113 eorum
2398 1055 2491 1127 qui
2518 1070 2589 1110 ex
2618 1054 2734 1126 ipsa
2759 1063 2887 1109 sunt
2914 1056 3136 1127 specie:
3168 1070 3342 1125 equus
3369 1054 3517 1112 enim

1926 1163 2070 1220 equo
2101 1148 2361 1213 velocior,
2398 1156 2455 1203 et
2490 1161 2596 1202 non
2635 1154 2871 1211 tantum,
2911 1153 3178 1215 quantum
3214 1146 3378 1202 homo
3421 1146 3523 1202 bo-

1930 1241 2059 1297 mini
2096 1262 2110 1297 :
2144 1240 2323 1296 nullus
2368 1240 2513 1295 enim
2560 1253 2738 1311 equus
2787 1239 2964 1301 currit
3016 1248 3322 1295 retrorsum
3362 1255 3380 1294 :
3420 1238 3524 1295 bo-

1928 1334 2104 1389 mines
2142 1342 2323 1391 autem
2352 1331 2575 1403 quidam
2604 1340 2737 1388 sunt
2774 1329 3041 1401 religiosi,
3073 1330 3296 1400 quidam
3339 1329 3523 1388 sacri-

1926 1425 2055 1497 legi,
2087 1424 2177 1481 alii
2212 1425 2416 1495 pudici,
2446 1424 2536 1480 alii
2566 1424 2861 1489 luxuriosi,
2892 1424 2985 1480 alii
3015 1423 3280 1494 diripiunt
3309 1423 3518 1494 aliena,

1926 1518 2018 1574 alii
2062 1525 2323 1588 spargunt
2370 1531 2503 1580 sua,
2552 1515 2646 1571 alii
2689 1523 3012 1586 stuprantur
3047 1528 3155 1569 non
3208 1527 3344 1570 suas
3394 1502 3522 1568 tuu-

1925 1610 2111 1677 lieres,
2138 1610 2227 1665 alii
2270 1624 2351 1665 ne.
2380 1608 2598 1678 quidem
2648 1622 2778 1663 suas
2811 1606 3159 1676 contingunt.
3212 1603 3335 1661 Non
3370 1603 3519 1661 enim

1928 1712 2076 1758 tanta
2116 1703 2413 1758 diversitas
2456 1708 2543 1755 est
2576 1710 2753 1763 terra,
2795 1707 2997 1769 quanta
3035 1700 3275 1753 varietas
3313 1698 3523 1752 anima-

1928 1810 2047 1849 rum
2076 1813 2090 1850 :
2125 1794 2213 1849 ille
2244 1793 2391 1849 enim
2424 1800 2634 1863 martyr
2662 1794 2897 1857 exsistit,
2937 1792 3078 1847 alius
3126 1790 3518 1861 persequitur;

1928 1895 1983 1941 et
2022 1896 2213 1949 natura
2259 1883 2478 1955 quidem
2529 1882 2648 1954 ipsa
2693 1891 2811 1949 est,
2862 1882 3119 1937 voluntas
3174 1889 3357 1935 autem
3422 1879 3523 1936 ad-

216 1973 333 2043 qui
381 1987 487 2028 non
536 1982 827 2042 potuerunt
872 1974 1153 2042 suscipere
1214 1972 1559 2042 splendorem
1608 1970 1828 2027 luminis
1859 1962 1901 2019 Β
1933 1993 2087 2033 versa
2125 1977 2259 2049 (84).
2304 1975 2434 2032 inde
2464 1984 2551 2031 est
2590 1984 2649 2030 ut
2693 1975 2783 2031 ille
2831 1974 3052 2043 quidem
3100 1973 3169 2029 ad
3220 1971 3523 2029 Ecclesistn

218 2064 379 2119 veri.
411 2063 529 2131 Ipse
574 2065 719 2118 enim
757 2077 945 2131 pacem
995 2062 1289 2133 praedicat.
1332 2072 1389 2117 et
1419 2061 1542 2117 ideo
1574 2063 1826 2117 hortatur
1930 2078 2115 2124 currat
2148 2069 2447 2133 manicans,
2492 2066 2635 2123 alius
2680 2068 2747 2121 ad
2799 2066 3010 2137 lapides
3050 2062 3293 2121 oﬂ'endat
3328 2078 3525 2120 exsur-

221 2153 346 2209 ltoc
391 2152 592 2210 Paulus
638 2154 931 2223 apostolus,
969 2164 1025 2209 et
1070 2154 1240 2209 dicit:
1274 2152 1395 2223 Ipse
1426 2162 1503 2207 ut
1543 2153 1682 2207 enim
1720 2167 1828 2222 pas:
1931 2174 2063 2230 gens
2101 2159 2167 2214 ad
2212 2158 2413 2213 iumen.
2456 2156 2584 2212 lude
2620 2166 2707 2213 est
2754 2168 2813 2211 ut
2861 2156 2950 2211 ille
2997 2157 3212 2211 laetetur
3248 2156 3393 2226 quod
3436 2163 3525 2210 est

221 2258 422 2303 nostra
448 2248 489 2300 '.
530 2246 731 2301 Eorum
763 2245 972 2302 scilicet
997 2246 1089 2316 qui
1136 2246 1370 2301 credunt
1400 2254 1457 2300 et
1498 2244 1824 2315 suscipiunt,

220 2351 343 2409 pax
390 2346 498 2395 est.
541 2336 822 2404 Quomodo
857 2351 988 2408 ergo
1035 2352 1141 2391 non
1188 2350 1374 2406 parem
1419 2337 1586 2391 mittit
1622 2337 1674 2391 in
1720 2345 1827 2391 ter-

224 2427 546 2483 ramlFilia
576 2429 828 2495 credidit,
858 2438 1022 2500 pater
1041 2428 1352 2484 incredulus
1380 2429 1661 2484 remansit.
1690 2429 1824 2494 Qui:

222 2522 644 2575 communicatio
675 2531 753 2577 est
796 2522 942 2589 ﬁdeli
971 2520 1042 2575 ad
1082 2519 1429 2589 inﬁdelem'l
1486 2524 1636 2591 pacis
1679 2522 1825 2576 enim

222 2611 548 2682 pradicatio
578 2612 896 2667 divisionem
927 2620 1203 2681 operatur.
1236 2610 1406 2667 Filius
1432 2610 1634 2675 lldeiis.
1666 2621 1824 2681 pater

228 2702 549 2759 incredulus
588 2722 601 2758 :
632 2718 699 2759 ex
739 2703 1068 2759 necessitate
1104 2704 1171 2757 lis
1203 2712 1324 2768 est;
1366 2712 1423 2758 et
1468 2719 1590 2774 qua:
1623 2704 1825 2774 praedi-

226 2804 394 2850 catur
420 2812 546 2867 pax,
577 2805 798 2866 operata
830 2806 916 2851 est
940 2797 1282 2860 divisionem,
1305 2808 1361 2851 et
1384 2798 1581 2853 bonam
1603 2798 1825 2853 divisio-

230 2901 393 2954 nem;
436 2887 488 2941 in
522 2902 654 2958 pace
680 2880 861 2943 autem
902 2889 1093 2942 salvati
1137 2903 1344 2943 sumus.
1383 2886 1452 2943 Ut
1481 2904 1589 2944 non
1638 2902 1820 2945 autem

227 2990 337 3046 ego
364 2975 507 3033 illius
536 2978 895 3048 interpreter;
929 2979 1060 3034 nihil
1092 2979 1237 3033 enim
1268 2988 1353 3034 est
1380 2980 1524 3049 quod
1554 2995 1665 3035 non
1701 2980 1821 3049 ejus

231 3067 529 3123 debeamus
556 3068 784 3125 audire:
817 3069 930 3137 ipse
976 3068 1147 3124 dicit:
1192 3065 1276 3124 Ne
1309 3072 1503 3139 putetis
1546 3072 1675 3141 quia
1704 3070 1820 3125 ueni

230 3176 416 3229 pacem
468 3160 676 3216 mittere
724 3161 779 3217 in
829 3170 1046 3216 terram.
1094 3160 1163 3216 Et
1213 3162 1393 3218 adhuc
1444 3164 1819 3218 vehementius

229 3249 385 3305 addit
409 3267 421 3304 :
452 3247 575 3304 Non
603 3252 714 3305 veni
736 3267 918 3320 pacem
942 3253 1166 3317 mittere,
1189 3254 1280 3305 sed
1304 3250 1541 3322 gladia-nt
1559 3253 1599 3307 ’.
1626 3253 1819 3319 Quem-

232 3342 522 3397 admodum
553 3358 659 3397 non
703 3318 916 3412 pacem,
957 3353 1013 3397 et
1042 3318 1497 3412 quemadmodum
1547 3318 1821 3413 gladium?
1850 3318 1895 3379 c

245 3426 375 3484 Ven:
437 3432 577 3485 enim
650 3430 883 3485 incidere
955 3434 1218 3486 hominem
1303 3436 1553 3489 adversus
1617 3444 1821 3504 patrem

228 3515 500 3571 suum“:
548 3517 753 3586 accipio
788 3516 933 3571 enim
999 3517 1165 3570 lilium
1217 3518 1367 3589 ejus,
1412 3531 1466 3573 et
1514 3536 1621 3575 non
1674 3521 1820 3573 dele-

226 3614 417 3663 ctatur
442 3616 616 3678 pater.
654 3610 889 3663 Advorte
919 3619 1096 3664 autem
1125 3620 1180 3665 et
1209 3610 1443 3681 ipsorum
1474 3610 1819 3666 ellicientiatn

229 3711 581 3763 sermonum;
611 3700 737 3769 quia
779 3701 923 3754 enim
974 3704 1113 3755 dixit
1157 3701 1391 3772 gladium
1434 3702 1695 3768 incidere,
1726 3706 1821 3757 ad-

230 3789 344 3845 dit:
368 3787 544 3843 Nolite
575 3802 760 3858 putare
786 3793 909 3859 quia
944 3794 1057 3846 ueni
1084 3809 1264 3863 pacem
1294 3794 1497 3847 mittere
1522 3795 1574 3847 in
1600 3804 1817 3848 terram.

230 3880 349 3936 Non
385 3883 617 3951 suscipit
652 3895 822 3937 terra.
866 3883 983 3938 Non
1035 3887 1156 3939 veni
1194 3900 1382 3955 pacem
1419 3887 1636 3940 mittere
1666 3906 1679 3940 :
1720 3886 1822 3940 ite-

235 3990 356 4029 rum
391 3976 513 4028 audi
549 3976 600 4029 in
634 3986 832 4029 terram
861 3994 874 4030 :
906 3975 1016 4044 Ego
1045 3978 1214 4043 enim,
1242 3979 1433 4047 inquit,
1470 3994 1655 4048 pacem
1689 3995 1820 4048 pra:-

231 4068 372 4130 tﬁco,
406 4068 498 4121 sed
549 4078 690 4137 terra
725 4084 829 4121 non
871 4068 1119 4138 suscipit.
1162 4069 1275 4125 Non
1323 4087 1453 4140 ergo
1500 4072 1818 4127 seminantis

230 4161 566 4228 propositum
596 4176 608 4211 :
642 4159 760 4228 ipse
788 4161 933 4214 enim
965 4161 1229 4215 sustinuit
1263 4174 1320 4215 ut
1350 4162 1593 4217 facerent
1628 4180 1811 4225 uvam,

226 4250 475 4307 fecerunt
516 4262 699 4305 autem
734 4254 936 4321 spinas.
984 4253 1166 4322 Neque
1204 4256 1249 4309 is
1286 4256 1339 4308 in
1377 4272 1541 4310 causa
1578 4268 1686 4323 est,
1720 4258 1809 4327 qui

223 4342 498 4399 benel'ecit
529 4345 701 4398 vinea:
729 4363 741 4399 :
791 4343 911 4397 Veni
944 4347 1110 4413 enim,
1144 4347 1340 4416 inquit,
1387 4348 1615 4401 incidere
1648 4350 1819 4402 homi-

228 4450 347 4489 nem
387 4435 637 4489 adoersus
671 4448 875 4505 patrem
904 4454 1087 4503 suum,
1130 4448 1179 4492 et
1217 4456 1407 4493 nurum
1438 4442 1689 4496 adversus
1732 4458 1818 4495 so-

225 4544 376 4582 crum
413 4544 589 4583 suam.
644 4528 734 4582 isti
786 4545 1065 4585 sermones
1110 4533 1271 4586 rebus
1319 4534 1449 4601 ipsis
1503 4535 1809 4590 ﬁrmantur.

1930 2249 2183 2319 pudicus,
2212 2246 2353 2303 alius
2402 2247 2637 2317 gaudeat
2679 2246 2825 2317 quod
2862 2246 2915 2300 in
2963 2244 3278 2301 libidinibus
3307 2243 3525 2300 voluta-

1931 2350 2037 2395 tur.
2078 2339 2321 2412 lndeest
2355 2341 2414 2392 ut
2448 2336 2536 2392 ille
2578 2337 2631 2391 iu
2676 2336 2792 2392 foro
2823 2337 3023 2391 vendat
3059 2347 3117 2391 et
3150 2334 3521 2402 distrahatur,

1928 2432 2069 2490 alius
2106 2433 2174 2487 ad
2219 2430 2518 2487 Ecclesiam
2566 2429 2795 2486 veniens
2841 2430 3193 2499 semetipsum
3251 2428 3521 2484 lucretur.

1926 2525 2058 2582 inde
2086 2535 2169 2583 est
2199 2534 2259 2579 ut
2292 2524 2381 2580 ille
2410 2523 2583 2579 aliena
2614 2522 2778 2589 colat,
2824 2523 2963 2579 alius
3004 2523 3109 2579 sibi
3143 2532 3349 2592 parcat.
3379 2521 3514 2576 inde

1928 2626 2017 2673 est
2048 2627 2107 2672 ut
2145 2615 2235 2670 ille
2284 2614 2492 2685 lapides
2536 2612 2794 2677 aediﬁcet,
2823 2613 2961 2667 alius
2991 2612 3220 2667 virtutes
3256 2623 3524 2681 superpo-

1929 2715 2042 2761 nat.
2070 2704 2200 2761 Inde
2234 2714 2316 2761 est
2355 2712 2412 2759 ut
2440 2704 2528 2759 ille
2563 2718 2762 2774 corpus
2795 2704 3063 2775 detergat,
3101 2703 3242 2758 alius
3276 2702 3519 2758 animum

1927 2798 2137 2867 perdat.
2170 2797 2270 2852 Ista
2300 2809 2386 2853 est
2420 2813 2525 2852 non
2560 2793 2686 2869 pax,
2732 2797 2829 2853 sed
2871 2796 3179 2863 dissensio;
3215 2796 3344 2867 quia
3383 2795 3525 2852 alius

1926 2885 2088 2941 aliter
2121 2888 2309 2951 sentit,
2350 2897 2406 2943 et
2444 2886 2589 2941 alius
2623 2886 2785 2941 aliter
2833 2886 2997 2957 sapit.
3040 2886 3153 2942 Nec
3201 2888 3349 2943 enim
3392 2901 3523 2941 cuin

1924 2991 2103 3033 ortum
2134 2979 2239 3034 hoc
2278 2978 2536 3034 sensibile
2576 2978 2740 3034 fuerit
2772 2979 2982 3043 lumen,
3026 2994 3221 3036 omnes
3270 2979 3525 3035 similiter

1925 3071 2247 3141 suscipiunt.
2278 3070 2386 3126 Sed
2430 3070 2504 3125 illi
2538 3071 2756 3138 quidem
2798 3070 2893 3142 qui
2934 3085 3100 3127 sanos
3136 3070 3343 3127 habent
3388 3085 3523 3126 ocu-

1926 3162 2027 3227 los,
2062 3171 2121 3217 et
2163 3170 2489 3227 occurrunt,
2539 3170 2595 3216 et
2642 3164 2966 3227 attendunt,
3009 3171 3065 3217 et
3098 3161 3394 3217 fruuntur:
3425 3161 3520 3233 qui

1926 3264 2105 3309 autem
2157 3254 2501 3311 iniirmantur
2544 3253 2742 3321 oculis,
2775 3254 3061 3326 corrigunt
3096 3269 3178 3320 se,
3225 3263 3280 3310 et
3312 3254 3518 3318 vitant,

1928 3356 1983 3403 et
2023 3346 2259 3417 fugiunt.
2305 3345 2439 3399 Nam
2487 3354 2545 3400 et
2600 3344 2907 3401 latronibus
2954 3361 3249 3402 onerosum
3298 3355 3384 3402 est
3432 3346 3521 3401 lu-

1929 3454 2073 3502 men,
2121 3449 2177 3494 et
2207 3435 2420 3493 furibus
2470 3454 2580 3496 non
2615 3439 2896 3504 dilectum,
2945 3446 3001 3493 et
3053 3438 3322 3493 adulteris
3364 3436 3520 3495 odio—

1926 3547 2069 3585 sum.
2098 3531 2336 3599 Denique
2364 3539 2420 3585 et
2458 3544 2523 3583 ea
2553 3545 2675 3599 quae
2720 3538 2913 3599 repunt
2943 3528 3187 3599 fugiunt;
3215 3539 3397 3584 ortum
3432 3538 3522 3584 est

1924 3623 2071 3678 enim
2116 3621 2331 3688 lumen;
2373 3631 2431 3677 et
2470 3623 2562 3692 qui
2608 3632 2735 3676 sunt
2778 3621 2917 3677 ebrii
2950 3636 3057 3676 non
3102 3620 3337 3677 libenter
3374 3639 3518 3676 acci-

1924 3713 2098 3782 piunt,
2125 3713 2253 3782 quia
2292 3721 2448 3779 urget
2470 3725 2565 3765 eos
2595 3711 2775 3766 lumen
2798 3725 3115 3781 exsurgere.
3144 3711 3286 3767 Sunt
3311 3725 3444 3766 sane
3465 3721 3520 3767 et

1923 3802 2169 3872 quzedam
2210 3802 2463 3858 animalia
2502 3800 2911 3872 versipelliones
2939 3810 2995 3857 et
3025 3800 3243 3868 bellum,
3273 3810 3329 3857 et
3362 3816 3517 3872 quam

1924 3909 2139 3963 cunque
2174 3894 2331 3949 istius
2362 3894 2580 3959 generis
2621 3893 2913 3955 habentur,
2952 3907 3073 3963 qua:
3108 3892 3161 3948 in
3194 3900 3367 3948 totum
3409 3906 3516 3946 ηοω

1924 3987 2199 4041 sustinent
2252 3987 2474 4042 luminis
2508 3986 2711 4042 radios.
2756 3984 2895 4039 Sunt
2936 3993 3117 4039 autem
3153 3994 3209 4040 et
3236 3983 3517 4040 hominem

1924 4078 2078 4132 multi
2114 4079 2549 4147 versipelliones,
2579 4089 2633 4131 et
2656 4077 3133 4149 versipellionibus
3163 4077 3401 4146 pejores,
3436 4077 3517 4132 vi-

1922 4185 2065 4241 perte
2093 4171 2268 4241 magis
2288 4186 2449 4243 quam
2482 4172 2759 4235 homines,
2787 4171 2985 4234 amari,
3004 4169 3197 4236 invidi,
3232 4169 3513 4235 malitiosi,

1922 4278 2059 4333 quos
2090 4276 2283 4317 omnes
2320 4263 2468 4329 fugat
2502 4262 2681 4316 iumen
2710 4276 2833 4315 cum
2869 4260 3033 4315 fuerit
3074 4271 3279 4316 ortum.
3309 4260 3511 4317 [terunt

1920 4366 2105 4410 autem
2139 4368 2323 4408 sermo
2365 4354 2601 4408 recurrit
2629 4354 2693 4404 ad
2723 4354 2898 4423 ipsum
2924 4362 3230 4417 certamen,
3258 4352 3343 4407 bis
3393 4367 3514 4421 quae

1923 4450 2037 4503 heri
2073 4459 2203 4501 sunt
2239 4447 2406 4501 dicta.
2445 4447 2645 4499 lterum
2682 4446 2826 4499 enim
2857 4445 3171 4515 propositus
3193 4454 3278 4499 est
3329 4444 3514 4499 Domi-

1922 4558 2024 4597 nus
2052 4540 2236 4601 .lesus,
2270 4549 2323 4593 et
2353 4537 2631 4608 preposita
2664 4546 2790 4591 sunt
2828 4536 2930 4589 alia
2972 4534 3163 4589 multa.
3199 4534 3363 4590 Pater
3396 4534 3510 4589 liti--

225 4618 425 4687 Quanti
448 4622 590 4675 enim
615 4638 680 4675 ex
702 4623 784 4675 his
801 4622 889 4690 qui
914 4624 998 4676 hic
1023 4639 1164 4677 nunc
1196 4635 1581 4689 convenerunt,
1617 4626 1813 4682 habent
1846 4658 1889 4712 ο
1922 4650 2078 4705 gans,
2111 4641 2290 4687 mater
2338 4630 2743 4693 contradicens,
2772 4642 2929 4684 soror
2968 4628 3283 4699 increpans.
3339 4626 3513 4684 frater

225 4725 415 4766 eorum
483 4728 602 4782 quae
662 4715 915 4768 dicuntur
974 4716 1464 4784 experimentum?
1514 4719 1611 4772 Est
1664 4721 1809 4773 enim

224 4811 381 4871 pater
418 4802 703 4873 increpans
740 4804 880 4857 ﬁlios
916 4805 985 4859 ob
1028 4806 1427 4872 credulitatem,
1454 4816 1509 4862 et
1557 4810 1651 4863 lilii
1696 4825 1811 4865 mo-

222 4904 416 4949 nentes
454 4906 637 4963 patres
682 4897 746 4950 ad
799 4897 992 4960 tidem,
1037 4906 1093 4950 et
1136 4898 1257 4952 ﬁliae
1290 4899 1548 4955 docentes
1582 4913 1805 4958 matres.

226 4988 283 5041 Si
318 4989 463 5041 enim
507 4998 571 5043 et
599 5004 667 5042 ex
717 4992 831 5057 ipsa
867 4998 1057 5043 natura
1088 5004 1299 5055 omnes,
1345 4994 1437 5047 sed
1481 5009 1585 5047 non
1617 5010 1682 5047 ex
1715 5010 1808 5050 eo-

224 5080 347 5136 dem
400 5084 697 5151 proposito.
764 5083 1004 5151 Denique
1048 5092 1105 5138 et
1143 5101 1207 5139 ex
1261 5086 1648 5154 conspersione
1699 5104 1805 5142 una

221 5169 481 5243 pollinis,
529 5170 775 5239 quaedam
817 5172 1035 5239 quidem
1099 5188 1222 5241 qua:
1276 5175 1327 5228 in
1376 5174 1641 5231 fermento
1681 5189 1807 5233 sunt

223 5261 613 5329 dissolvuntur,
651 5264 893 5332 quaedam
939 5273 1119 5317 autem
1149 5280 1269 5333 qua:
1306 5265 1633 5321 fermentata
1678 5280 1807 5325 sunt

223 5354 565 5408 continentur
603 5371 617 5407 :
651 5365 706 5408 et
739 5369 931 5409 carnes
977 5355 1137 5410 aliter
1174 5367 1423 5411 tenentur
1469 5375 1591 5429 qua:
1636 5362 1801 5417 salem

225 5444 457 5510 habent,
500 5447 656 5499 aliter
700 5461 820 5515 qua:
849 5447 965 5500 sine
1015 5446 1127 5501 sale
1172 5461 1614 5518 corrumpuntur.
1665 5452 1799 5507 Nam

221 5537 324 5592 etsi
342 5536 454 5607 ipsa
484 5547 675 5591 natura
700 5539 771 5591 sit
791 5540 995 5605 carnis,
1025 5553 1130 5591 non
1158 5548 1336 5594 tamen
1362 5542 1473 5610 ipsa
1498 5544 1798 5610 permistio.

225 5628 378 5683 Aliud
408 5630 593 5683 vinum
628 5638 713 5684 est
745 5629 863 5684 sine
896 5646 1053 5701 aqua,
1083 5641 1137 5686 et
1178 5631 1322 5687 aliud
1361 5650 1485 5689 cum
1540 5650 1701 5704 aqua.
1738 5637 1803 5691 Et

226 5720 508 5792 ﬂgulorum
543 5722 609 5776 ad
658 5725 1038 5792 permistiones
1102 5727 1391 5790 diversitas
1439 5729 1713 5789 habetur:
1749 5744 1803 5788 et

299 5838 318 5863 '
358 5837 557 5907 Ephes.
584 5855 647 5903 ll,
678 5839 767 5893 i4.
842 5840 864 5873 ⁸
902 5838 921 5893 l
950 5840 1076 5895 Cur.
1107 5858 1179 5911 vt,
1213 5845 1296 5900 i5.
1374 5848 1395 5878 '
1436 5847 1626 5905 Matth.
1658 5866 1711 5917 x,
1743 5852 1831 5907 33.

302 5931 411 6003 (ει)
450 5933 703 5992 Adverso.
738 5934 819 5989 An
847 5936 1096 5991 diversa?

1918 4727 2281 4798 exprobrans,
2304 4724 2445 4779 servi
2466 4732 2840 4792 exsurgentes,
2861 4721 3071 4777 ancilla:
3091 4729 3509 4793 exaggerantes.

1920 4819 2307 4889 Unusquisque
2353 4817 2497 4871 enim
2529 4830 2683 4871 suam
2720 4815 3056 4870 voluntatem
3094 4824 3220 4870 ante
3274 4814 3507 4871 salutem

1918 4909 2153 4963 llliorum
2191 4921 2536 4977 praeponens,
2602 4904 2775 4961 trahit
2835 4907 2901 4960 ad
2959 4921 3117 4961 suum
3166 4905 3505 4977 prOpositutu

1917 5004 2176 5073 ignorans
2206 5001 2599 5071 proditionem.
2631 4999 2946 5056 Certamina
2997 5014 3129 5071 ergo
3158 5014 3258 5069 pro
3287 4999 3507 5056 Christo

1917 5094 2072 5148 nobis
2104 5102 2237 5148 sunt
2271 5111 2285 5147 :
2318 5092 2569 5148 Christus
2603 5100 2813 5147 tantum
2843 5092 3053 5145 lucrum
3080 5100 3203 5146 est:
3235 5091 3325 5145 ille
3356 5092 3505 5145 enim

1912 5187 2060 5239 venit
2089 5185 2156 5240 ad
2182 5184 2503 5249 Ecclesiam,
2530 5182 2671 5237 alius
2726 5182 2985 5238 distrahit
3032 5192 3088 5237 et
3132 5183 3266 5238 emit
3302 5184 3506 5239 oblitus

1913 5276 2118 5331 Christi
2157 5291 2171 5329 :
2206 5276 2299 5330 ille
2321 5276 2474 5331 audit
2504 5276 2782 5333 Christum
2808 5292 2908 5345 per
2940 5276 3233 5346 Evangelia
3269 5276 3503 5345 loquen-

1914 5379 2045 5437 tem,
2073 5370 2211 5424 alius
2249 5380 2303 5424 et
2332 5370 2749 5439 adestpedibus,
2785 5380 2841 5425 et
2866 5379 3045 5425 mente
3078 5369 3226 5425 foras
3253 5379 3499 5441 vagatur.

1912 5461 2003 5515 Ille
2036 5463 2177 5527 patri
2213 5461 2379 5516 donat
2412 5462 2770 5531 perditionem
2796 5478 2971 5525 suam,
3000 5462 3138 5517 alius
3173 5462 3335 5516 matri
3364 5477 3500 5517 con-

1911 5555 2081 5608 sentit
2114 5564 2171 5607 ut
2203 5568 2309 5609 non
2351 5552 2462 5610 Deo
2492 5555 2634 5623 quod
2660 5555 2917 5611 convenit
2946 5557 3219 5612 restituat.
3252 5556 3335 5611 Ad
3362 5555 3503 5610 mul-

1913 5654 1996 5700 tos
2034 5646 2204 5715 igitur
2228 5646 2480 5701 convenit
2501 5646 2742 5719 .jurgari,
2782 5655 2842 5704 ut
2872 5648 3056 5703 multa
3082 5646 3501 5705 elliciauturco-

1914 5752 2083 5793 ronac.
2120 5738 2202 5792 Ad
2233 5738 2504 5796 diabolum
2549 5740 2749 5811 quippe
2794 5748 2849 5796 et
2879 5738 3082 5798 milites
3136 5739 3292 5811 ejus:
3344 5740 3500 5798 multi

1911 5854 1955 5887 "
1990 5854 2121 5913 ibid.
2155 5855 2243 5913 53.
