4000 6428
592 397 729 453 H79

1257 393 1525 448 EUSEBll
1562 393 2041 449 CxESAMENSlS‘
2074 393 2222 449 ΟΡΡ.
2266 389 2444 445 PARS
2485 390 2574 444 iV.
2614 420 2683 430 —
2722 389 3121 445 DOGMATICA

3705 395 3827 451 “80

593 524 770 564 autem
801 520 925 563 sunt
954 517 1009 562 et
1045 510 1152 562 isti.
1181 507 1408 577 Urgetur
1431 523 1560 561 Sane
1591 518 1645 562 et
1670 520 1842 576 pater,
1876 518 1929 562 et
1958 518 2149 571 mater,
2180 516 2227 571 Α
2256 506 2331 559 dit
2358 522 2371 558 :
2412 516 2656 559 mortuus
2688 506 2832 560 enim
2864 515 2968 559 est.
2992 504 3166 561 Timet
3198 516 3376 562 autem
3401 524 3469 564 ne
3490 512 3619 579 quis
3644 512 3827 565 malam

593 614 645 657 et
666 600 881 663 fratres,
906 610 960 653 et
988 600 1223 669 cognati,
1251 610 1304 652 et
1330 600 1510 662 amici,
1541 609 1595 652 et
1626 603 1790 665 servi,
1823 612 1874 655 et
1912 601 2150 667 ancilia;

591 708 657 746 ex
695 694 878 746 multis
904 692 1045 745 enim
1074 692 1288 743 tristitia
1311 702 1413 753 est,
1458 692 1579 745 ideo
1610 700 1667 745 ut
1692 702 1747 745 et
1774 703 1917 746 tanta
1950 692 2150 746 habea-

594 797 679 838 tu‘r
714 786 919 849 iil'liliil,
967 792 1022 838 et
1070 784 1339 837 addantur
1388 786 1609 851 nuptiae,
1665 795 1722 838 et
1766 786 2153 853 promissiones

590 894 749 944 opum
783 877 1055 939 mortales,
1082 876 1176 929 sed
1202 888 1299 928 nec
1322 888 1548 930 mortuae
1580 895 1591 931 :
1640 891 1758 945 quas
1818 878 1960 931 enim
2008 895 2150 931 nun-

591 982 748 1032 quam
785 969 1053 1028 vixerunt,
1092 979 1158 1018 ne
1188 967 1407 1033 quidem
1460 979 1667 1019 mortua
1719 978 2003 1033 vocentur,
2054 970 2151 1025 sed

591 1058 690 1109 alia
722 1059 884 1124 pejori
918 1060 1331 1125 nuncupatione.
1366 1063 1468 1113 Sed
1492 1064 1542 1112 in
1570 1062 1648 1114 Itis
1674 1061 1935 1127 omnibus,
1976 1064 2149 1131 inquit

586 1148 894 1215 Apostolus,
940 1151 1352 1212 superriucimus
1402 1150 1612 1217 propter
1643 1168 1758 1203 eum
1795 1153 1883 1217 qui
1929 1169 2022 1205 nos
2056 1169 2148 1206 su—

588 1239 869 1305 perdilexit
907 1240 969 1294 “.
996 1240 1060 1293 Et
1085 1241 1127 1293 si
1178 1242 1295 1309 quis
1329 1240 1563 1310 Apostoli
1610 1243 1850 1296 imitator
1879 1253 1958 1297 est
1989 1261 2004 1309 ;
2057 1247 2145 1313 qui

585 1329 729 1381 enim
765 1329 1003 1382 imitatur
1036 1345 1180 1393 eum,
1225 1331 1463 1383 imitatur
1501 1332 1775 1387 Christum
1809 1351 1823 1399 ;
1860 1336 2051 1388 transit
2081 1335 2148 1388 ab

588 1418 890 1472 imitatione
950 1419 1015 1472 ad
1072 1420 1439 1488 principalem.
1492 1423 1784 1490 Jurgentur
1852 1427 2029 1479 omnia
2089 1438 2146 1483 ut

586 1526 945 1577 coronemur;
983 1514 1033 1565 in
1068 1515 1314 1567 omnibus
1348 1515 1418 1567 sit
1454 1515 1688 1583 jurgium
1734 1519 1799 1570 ad
1849 1519 2146 1586 pulchritu-

585 1603 786 1668 dinem,
820 1606 884 1656 ad
912 1606 1304 1673 possessiones,
1334 1609 1399 1660 ad
1427 1610 1665 1673 divitias,
1721 1611 1787 1662 ad
1844 1622 2101 1681 cognatos
2125 1652 2142 1679 ,

584 1696 651 1746 ad
686 1706 913 1763 patrem,
945 1697 1009 1749 ad
1047 1701 1379 1759 matrem,ad
1410 1702 1601 1754 fratres
1624 1741 1638 1762 ,
1672 1703 1738 1753 ad
1786 1717 1972 1758 servos
2013 1721 2027 1769 ;
2090 1713 2145 1759 et

586 1786 745 1839 vicini
776 1788 1176 1855 impugnatores
1210 1792 1471 1843 exsistant
1502 1810 1516 1845 :
1552 1792 1747 1846 suilicit
1770 1795 1917 1848 enim
1964 1797 2146 1851 chari-

585 1886 666 1931 tas
713 1879 871 1932 unius
918 1890 975 1932 ut
1023 1883 1451 1949 superetomnia.
1487 1883 1595 1949 Ego
1622 1896 1799 1939 autem
1837 1895 1891 1939 et
1922 1888 2135 1941 misera-

581 1965 714 2020 biles
738 1976 883 2035 puto,
914 1970 1001 2036 qui
1036 1985 1138 2023 non
1170 1981 1293 2023 sunt
1346 1975 1552 2040 experti
1606 1976 1906 2030 istiusmodi
1961 1980 2145 2033 turbe-

583 2058 660 2112 las
691 2070 906 2128 propter
940 2061 1224 2115 Dominum
1252 2062 1455 2116 Jesum.
1486 2064 1593 2119 Illis
1638 2076 1818 2119 autem
1854 2078 2142 2135 congratu-

579 2147 664 2202 lor
695 2152 782 2217 qui
817 2151 1007 2206 habent
1033 2153 1086 2205 in
1132 2164 1309 2206 mente
1360 2165 1413 2206 et
1445 2157 1781 2208 conscientia
1807 2173 1902 2210 sua
1934 2158 2136 2215 dicere.

580 2239 721 2293 Ecce
754 2240 1031 2295 Dominum
1073 2244 1147 2296 tui
1183 2256 1404 2313 propter
1444 2245 1553 2316 (85)
1590 2248 1841 2303 inimicus
1877 2262 1959 2305 est
2013 2253 2141 2306 mihi

580 2336 732 2397 pater
758 2346 927 2397 meus,
955 2337 1310 2403 expugnatrix
1328 2348 1521 2401 mater,
1554 2337 1723 2395 frater
1754 2341 1979 2406 insistit,
2000 2344 2141 2397 servi

578 2423 944 2486 contristant.
1012 2425 1221 2480 ancilla:
1254 2426 1565 2496 jurgantur,
1623 2441 1677 2484 et
1736 2433 1913 2487 nullus
1950 2434 2141 2487 horum

586 2514 717 2568 mihi
753 2524 809 2568 nt
837 2498 1085 2571 inimicus
1116 2526 1198 2571 est
1229 2529 1447 2587 prepter
1475 2531 1618 2573 tuam
1647 2522 2016 2577 dilectionem.
2056 2523 2144 2578 Si-

582 2607 799 2675 quidem
830 2618 883 2662 et
912 2609 963 2662 in
999 2608 1154 2664 bellis
1188 2610 1386 2665 milites
1413 2624 1644 2679 quantas
1676 2614 1860 2684 plagas
1888 2616 1958 2670 ob
1986 2632 2137 2670 amo-

580 2710 695 2749 rem
728 2699 869 2763 regis
901 2701 1206 2767 accipiunt?
1231 2716 1612 2770 nonnunquam
1650 2706 1791 2758 enim
1820 2717 1873 2760 et
1904 2708 2139 2777 gauden-

578 2797 658 2842 tes
686 2789 973 2843 ostendunt
1011 2800 1067 2846 et
1118 2793 1432 2863 sanguiuum
1476 2794 1687 2859 ﬂuxus,
1745 2808 1801 2853 et
1862 2799 2137 2869 plagarum

575 2879 878 2946 cicatrices,
908 2898 1005 2951 per
1028 2897 1146 2950 qua;
1169 2886 1532 2951 experimenta
1563 2887 1769 2956 fulgent
1803 2905 2017 2945 amores
2041 2895 2134 2958 qui

575 2971 641 3024 ad
679 2986 855 3041 regem
878 2983 1001 3026 sunt
1025 2972 1216 3026 habiti.
1241 2973 1306 3027 Et
1334 2986 1480 3029 certe
1504 2988 1713 3044 quaerat
1746 2982 2133 3049 unusquisque,

573 3073 629 3116 et
660 3064 837 3134 pigeat
874 3081 1333 3135 unumquemque,
1372 3076 1433 3120 ut
1465 3070 1601 3124 alius
1635 3082 1891 3141 acceptus
1916 3074 2007 3130 sit.
2045 3073 2136 3128 Ille

2255 596 2420 650 vitam
2448 599 2596 650 vivat
2624 614 2638 651 :
2669 598 2866 651 mortui
2896 598 3037 651 enim
3068 613 3279 653 sumus.
3313 598 3449 653 Nam
3481 611 3539 655 et
3569 603 3664 671 qui
3696 618 3828 655 mor-

2256 690 2360 741 tuis
2384 689 2608 756 sepultis
2631 704 2847 744 mensas
2876 700 3151 759 apponunt
3185 700 3239 744 et
3271 707 3451 754 escas,
3484 694 3743 749 delirant.
3775 694 3824 749 Si

2253 777 2415 846 igitur
2440 792 2658 833 mensas
2690 794 2961 848 apponere
2988 781 3219 835 mortuis
3268 782 3693 839 deliramentum
3732 796 3823 850 est,

2251 876 2305 920 et
2328 868 2642 921 comminari
2666 870 2891 924 mortuis
2914 870 3095 926 irrisio
3117 883 3201 926 est
3228 889 3242 927 :
3274 884 3328 926 et
3355 886 3509 929 certe
3541 878 3827 932 adveniant

2251 964 2300 1008 et
2335 957 2513 1019 mium,
2546 970 2815 1011 acuantnr
2849 961 3033 1027 gladii,
3058 972 3112 1015 et
3148 965 3446 1029 exercitus,
3476 974 3535 1019 et
3588 967 3758 1035 leges,
3782 977 3828 1021 et

2250 1046 2561 1100 civitatibus
2594 1059 2853 1116 appareat
2890 1048 3017 1104 Jesu
3047 1051 3252 1107 Christi
3305 1055 3520 1109 Domini
3556 1058 3753 1121 virtus,
3779 1070 3828 1113 et

2251 1153 2404 1191 amor
2455 1149 2509 1192 et
2561 1140 2797 1195 ﬂamma.
2846 1143 3044 1198 Audite
3102 1145 3266 1213 igitur
3315 1146 3409 1215 qui
3452 1147 3671 1203 Domini
3704 1148 3825 1205 Jesu

2250 1231 2537 1298 participes
2567 1233 2945 1300 mysteriorum
2974 1246 3106 1289 estis
3138 1238 3353 1291 :audite
3376 1238 3681 1306 Christum,
3714 1242 3826 1296 cul-

2251 1330 2395 1374 tores
2419 1322 2553 1387 ejus.
2583 1324 2721 1387 Quid
2746 1325 2875 1379 dicit
2916 1327 3094 1380 lnmen
3143 1330 3371 1383 verum?
3394 1331 3527 1398 quid
3589 1332 3828 1403 loquitur

2248 1412 2375 1464 via?
2405 1415 2534 1483 quid
2562 1415 2937 1485 cla'matjanua
2964 1419 2986 1470 ?
3015 1421 3142 1488 quid
3170 1420 3502 1476 vociferatur
3540 1425 3699 1478 vita?
3730 1426 3827 1490 Qui

2246 1506 2439 1573 diligit,
2474 1506 2669 1576 inquit,
2696 1519 2894 1573 patrem
2925 1520 3014 1562 aut
3044 1522 3264 1565 matrem
3292 1529 3448 1582 super
3479 1532 3584 1579 me,
3628 1530 3733 1568 non
3755 1527 3827 1569 est

2246 1610 2328 1647 me
2354 1597 2540 1665 dignus
2566 1598 2630 1649 ¹¹.
2662 1600 2726 1652 Et
2760 1616 2867 1654 non
2894 1599 3086 1658 suﬂicit
3108 1602 3235 1657 hoc.
3261 1603 3457 1658 lterum
3491 1607 3641 1659 enim
3667 1606 3825 1660 dicit:

2248 1686 2317 1739 Et
2343 1691 2432 1757 qui
2456 1706 2561 1742 non
2600 1692 2786 1757 accipit
2821 1709 3027 1746 crucem
3051 1710 3225 1760 suam,
3263 1706 3311 1749 et
3330 1697 3569 1761 sequitur
3592 1713 3695 1763 me,
3726 1715 3829 1752 non

2246 1789 2319 1831 est
2355 1796 2435 1832 me
2468 1782 2658 1850 dignus
2691 1782 2757 1835 ".
2791 1784 2892 1837 Ista
2921 1795 3007 1839 est
3038 1790 3247 1840 vocatio
3290 1801 3481 1841 eorum
3541 1790 3640 1857 qui
3689 1790 3832 1843 mili-

2254 1878 2367 1923 tare
2407 1873 2720 1927 desideraut
2758 1874 3000 1931 Christo.
3038 1875 3094 1930 Si
3127 1878 3248 1944 quis
3290 1879 3453 1948 igitur
3483 1890 3718 1949 paratus
3750 1893 3833 1935 est

2248 1960 2510 2027 crucitigi,
2542 1962 2759 2015 veniat:
2800 1963 2843 2017 si
2869 1967 2990 2033 quis
3018 1966 3200 2020 alacer
3239 1979 3329 2020 est
3370 1970 3434 2022 ad
3465 1978 3731 2035 mortem,
3784 1973 3826 2025 si

2246 2049 2366 2116 quis
2395 2062 2571 2118 potest
2596 2054 2661 2105 ad
2690 2054 2948 2122 gladium,
2977 2057 3022 2110 si
3058 2060 3182 2126 quis
3213 2059 3280 2112 ad
3312 2058 3608 2125 ﬂammam,
3638 2063 3683 2115 si
3706 2063 3831 2131 quis

2246 2143 2311 2194 ad
2342 2144 2540 2210 ignem,
2569 2146 2615 2198 si
2647 2147 2768 2213 quis
2812 2148 2878 2200 ad
2909 2151 3204 2214 exercitus,
3232 2151 3275 2204 si
3304 2152 3427 2219 quis
3456 2153 3523 2203 ad
3566 2154 3828 2223 concupi-

2246 2234 2504 2301 scentias,
2538 2237 2583 2289 si
2617 2239 2738 2307 quis
2766 2239 2831 2291 ad
2885 2240 3159 2306 libidines,
3212 2244 3254 2296 si
3286 2246 3406 2313 quis
3450 2245 3520 2296 ad
3568 2246 3739 2311 iram,
3782 2246 3831 2301 si

2245 2324 2366 2391 quis
2390 2328 2455 2377 ad
2482 2328 2930 2397 indignationem,
2962 2333 3006 2386 si
3041 2335 3255 2401 quisad
3286 2350 3415 2403 opes
3463 2346 3520 2390 et
3558 2338 3788 2392 divitias
3811 2377 3829 2403 ,

2248 2424 2299 2466 et
2332 2419 2720 2484 possessiones,
2762 2432 2815 2475 et
2847 2424 3099 2485 :edilicia,
3145 2434 3197 2477 et
3222 2438 3581 2492 mercaturas,
3650 2438 3708 2482 et
3762 2430 3828 2481 ad

2254 2507 2587 2575 principatus
2619 2520 2669 2563 et
2698 2522 3017 2579 potestates,
3059 2516 3124 2567 ad
3157 2516 3398 2570 visibiles
3431 2528 3487 2570 et
3520 2519 3831 2575 invisibiles

2241 2598 2513 2660 inimicos,
2544 2602 2610 2653 ad
2639 2603 2863 2670 spiritus
2904 2618 3165 2672 nequam,
3193 2607 3261 2660 ad
3300 2620 3546 2673 carnem,
3582 2613 3651 2663 ad
3678 2614 3825 2679 cogi-

2244 2694 2413 2739 tatum
2451 2690 2666 2753 animae,
2699 2693 2764 2744 ad
2793 2702 3092 2746 nocturnas
3127 2695 3479 2760 ambitiones,
3520 2700 3591 2751 ad
3641 2713 3826 2756 motus

2242 2778 2591 2845 meridianos,
2627 2781 2692 2834 ad
2742 2782 3046 2849 juventntis
3074 2783 3369 2853 fervorem,
3408 2789 3475 2841 ad
3508 2788 3780 2857 impetum
3805 2833 3821 2857 ,

2244 2867 2533 2923 adfataem
2570 2882 2623 2925 et
2652 2874 2825 2938 sitim,
2859 2875 2927 2928 ad
2960 2876 3235 2943 homines,
3269 2879 3335 2932 ad
3358 2879 3663 2949 languores
3689 2924 3705 2948 ,
3757 2883 3825 2936 sd

2239 2961 2527 3025 sanitates,
2561 2966 2627 3017 ad
2654 2965 2888 3019 divitias.
2924 2966 3026 3021 Per
3054 2969 3167 3023 haec
3188 2970 3330 3023 enim
3361 2973 3547 3026 omnia
3580 2976 3824 3028 vincitur

2241 3049 2569 3107 desiderium
2603 3072 2616 3108 :
2662 3058 2832 3126 magis
2858 3066 3037 3112 autem
3067 3060 3399 3117 desiderium
3430 3080 3615 3133 neque
3650 3069 3820 3122 vinci-

573 3155 791 3222 quidem
817 3156 889 3209 ita
937 3160 1234 3224 proposuit,
1288 3158 1427 3213 alius
1454 3160 1611 3215 aliter
1665 3163 1847 3218 alacer
1899 3164 2015 3218 fuit.
2065 3164 2135 3219 Ut
2162 3186 2204 3242 ο
2241 3174 2349 3231 tur,
2382 3180 2577 3235 neque»
2594 3167 2920 3233 deﬂectitur,
2962 3172 3055 3225 sed
3087 3187 3185 3241 per
3223 3173 3327 3227 ista
3380 3177 3565 3229 omnia
3604 3179 3815 3243 vincit,

574 3245 911 3297 dinumerem
945 3246 1176 3314 singula,
1212 3247 1339 3315 quid
1387 3250 1531 3302 enim
1585 3259 1639 3303 et
1672 3251 1845 3307 habeo
1880 3254 2131 3307 dinume-

574 3350 697 3389 rare
725 3347 946 3405 propter
979 3351 1099 3390 eum
1124 3340 1147 3392 ?
1177 3338 1309 3405 Quis
1362 3342 1505 3393 enim
1555 3357 1639 3395 me
1674 3358 1896 3398 exosum
1948 3345 2136 3399 habuit

571 3439 794 3498 propter
818 3428 1128 3483 Christum?
1156 3429 1284 3495 Quis
1319 3447 1402 3485 me
1433 3434 1718 3499 castigavit
1745 3443 1962 3504 propter
1987 3434 2136 3488 eum?

570 3522 703 3587 Quis
736 3536 823 3575 me
853 3533 1007 3591 pater
1062 3522 1363 3577 abdicavit?
1388 3524 1518 3589 Quae
1549 3534 1722 3579 mater
1773 3528 1999 3580 adversa
2046 3540 2132 3579 me

569 3614 700 3669 est?
736 3614 866 3680 Quis
909 3614 1078 3668 frater
1112 3615 1398 3669 adversum
1433 3628 1517 3668 me
1556 3615 1912 3668 exsurrexit?
1954 3614 1997 3670 Ο
2026 3615 2128 3668 mi-

564 3705 871 3761 serabilitas
899 3720 1083 3758 eorum
1118 3706 1209 3774 qui
1241 3722 1344 3760 non
1376 3705 1573 3759 habent
1602 3706 1735 3759 ista!
1770 3706 1919 3760 Alius
1949 3714 2127 3760 autem

567 3798 717 3851 dives
746 3804 800 3851 et
826 3797 1031 3866 spissus
1065 3797 1116 3849 in
1143 3796 1356 3865 opibus,
1393 3797 1547 3850 laetus
1582 3806 1666 3850 est
1695 3808 1896 3861 mente,
1935 3798 2060 3866 quia
2096 3812 2127 3851 a

564 3889 877 3943 civitatibus
903 3897 956 3941 et
988 3888 1293 3941 nationibus
1330 3888 1673 3952 decantatur,
1706 3889 1829 3956 quia
1857 3888 2125 3942 theatrum

565 3987 649 4032 est
679 3978 854 4033 factus
872 3987 927 4031 et
956 3978 1162 4047 angelis
1184 3987 1238 4030 et
1275 3978 1601 4032 hominibus.
1629 3978 2011 4045 Dignus-enim
2044 3990 2127 4034 est

563 4072 653 4139 qui
678 4071 1033 4135 desideratur,
1068 4081 1122 4124 et
1154 4070 1277 4138 quia
1334 4070 1643 4139 increpatur
1670 4079 1723 4125 et
1758 4070 1960 4137 oditur,
2001 4072 2123 4140 quia

559 4162 766 4217 inimici
793 4162 1026 4217 hominis
1052 4162 1332 4216 domestici
1379 4161 1515 4229 ejus,
1539 4170 1593 4215 et
1617 4162 1742 4230 quia
1775 4161 2017 4219 abscisus
2042 4172 2126 4219 est

560 4254 629 4309 ab
656 4268 722 4308 eo
744 4262 919 4323 pater,
950 4262 1006 4308 et
1038 4270 1142 4307 non
1166 4258 1441 4310 consentit
1476 4264 1665 4320 mater,
1694 4255 1822 4324 quia
1874 4258 2123 4312 noctibus

556 4356 916 4416 expugnatur,
952 4355 1003 4400 et
1028 4361 1123 4416 per
1146 4346 1259 4401 dies
1307 4356 1621 4409 coronatur,
1654 4351 1784 4406 mihi
1807 4360 1861 4406 et
1887 4352 2019 4407 meis
2040 4352 2123 4406 vi-

558 4438 800 4493 sceribus
854 4446 908 4492 et
959 4438 1099 4492 ossis
1130 4438 1265 4493 bella
1317 4453 1435 4506 quas
1473 4453 1568 4506 pro
1599 4440 1817 4502 Christo
1857 4452 2000 4498 sunt.
2054 4444 2120 4497 Et

2237 3264 2291 3308 et
2317 3256 2509 3307 iterum
2537 3256 2825 3310 abundans
2854 3259 2904 3310 in
2932 3261 3314 3328 prmdicatione
3355 3274 3458 3317 est.
3511 3264 3635 3320 Non
3666 3270 3810 3321 enim

2238 3354 2377 3398 tacet
2409 3344 2665 3411 Verbum,
2701 3345 2934 3402 Verbum
2959 3350 3133 3416 Dens;
3164 3368 3268 3406 non
3308 3365 3487 3409 tamen
3544 3373 3651 3412 vox
3685 3360 3818 3414 Ver-

2234 3436 2383 3502 bum,
2414 3438 2540 3505 quia
2580 3454 2677 3508 uec
2707 3436 2946 3497 Joannes
2975 3445 3066 3513 qui
3105 3457 3330 3500 vocatus
3378 3459 3463 3501 est
3524 3465 3654 3517 vox,
3715 3468 3817 3508 vox

2232 3538 2375 3591 erat,
2411 3530 2505 3582 sed
2538 3530 2793 3586 Joannes.
2837 3533 2977 3600 Quid
3007 3550 3186 3590 autem
3222 3540 3347 3593 dicit
3378 3545 3467 3609 qui
3510 3546 3660 3597 venit
3710 3547 3818 3598 sal-

2232 3622 2403 3675 vare?
2435 3624 2537 3687 Qui
2561 3625 2749 3677 invenit
2774 3628 3004 3680 animum
3027 3644 3197 3695 suout,
3217 3634 3396 3699 perdet
3424 3650 3545 3687 eam
3568 3636 3632 3693 “.
3650 3636 3818 3692 Forte

2230 3714 2518 3769 obscurum
2554 3718 2647 3771 tibi
2680 3718 2893 3773 videtur
2928 3721 3079 3789 quod
3107 3722 3309 3777 dictqu
3336 3736 3417 3780 est
3448 3743 3465 3779 :
3500 3730 3632 3797 quia
3666 3732 3814 3784 enim

2232 3820 2336 3859 non
2370 3807 2538 3861 babes
2564 3820 2985 3879 sacramentum,
3018 3829 3191 3884 neque
3213 3831 3400 3873 omnes
3434 3823 3619 3876 omnia
3655 3824 3817 3878 intel.

2233 3897 2476 3968 ligimus,
2514 3916 2691 3970 neque
2718 3919 2908 3960 omnes
2938 3906 3006 3961 ab
3039 3908 3290 3964 omnibus
3323 3926 3631 3979 movemur,
3688 3918 3814 3973 ideo

2227 4000 2382 4057 putas
2398 3994 2559 4045 obscu
2570 4009 2623 4047 ra
2645 3994 2767 4058 :Qui
2782 3996 2969 4051 invenit
2988 4002 3217 4053 animam
3234 4018 3403 4069 suam,
3423 4008 3602 4074 perdet
3619 4012 3811 4077 eam",

2227 4080 2329 4135 hoc
2357 4093 2461 4145 est,
2498 4087 2589 4154 qui
2617 4087 2723 4140 vult
2764 4089 3008 4160 invenire
3060 4096 3265 4161 perdet.
3320 4096 3648 4162 Quomodo?
3678 4103 3811 4169 Qua

2227 4172 2464 4229 inventio
2480 4187 2582 4243 est,
2607 4192 2660 4233 et
2682 4195 2800 4249 quae
2826 4184 3088 4238 amissio?
3117 4185 3191 4239 De
3214 4190 3328 4255 ipsa
3353 4190 3654 4260 eademque
3684 4196 3807 4249 ani-

2225 4282 2309 4320 ma
2347 4268 2438 4336 qui
2468 4274 2785 4342 martyrium
2819 4278 3043 4343 patitur,
3104 4279 3247 4332 tollit
3304 4280 3639 4349 hominibus,
3696 4289 3809 4342 Deo

2222 4370 2402 4414 autem
2439 4362 2660 4416 invenit.
2696 4364 2800 4429 Qui
2841 4368 3125 4433 perdiderit
3153 4371 3385 4423 animum
3416 4388 3567 4426 suam
3591 4391 3810 4446 propter

2225 4467 2328 4517 me,
2386 4454 2611 4508 inveniet
2657 4474 2772 4510 eam
2802 4459 2865 4511 ’³.
2929 4460 3385 4529 lnterprctatioue
3443 4481 3549 4521 non
3597 4469 3807 4543 indiget

557 4528 700 4581 unde
733 4526 863 4581 mihi
900 4528 999 4583 hoc
1025 4546 1186 4599 supra
1214 4530 1531 4597 dignitatem
1570 4540 1651 4585 est
1708 4547 1903 4600 meam,
1948 4545 2006 4589 ut
2036 4536 2116 4591 vel
2152 4516 2195 4571 D
2228 4516 2447 4611 sermo;
2478 4547 2566 4614 qui
2591 4547 2861 4604 desiderat
2887 4551 2999 4618 jam
3033 4516 3260 4607 audivit.
3302 4555 3411 4625 Ego
3436 4569 3621 4614 autem
3647 4516 3804 4617 coin-

559 4618 811 4688 iujuriam
842 4636 940 4690 pro
976 4620 1194 4677 Christo
1225 4622 1520 4675 sustineam
1548 4623 1570 4675 ?
1617 4622 1775 4678 Cruci
1810 4633 1990 4680 autem
2020 4627 2113 4698 figi

555 4718 612 4764 et
636 4711 853 4766 inverso
882 4714 1075 4781 capite,
1094 4712 1237 4768 Petri
1259 4714 1427 4782 magis
1453 4726 1535 4770 est
1562 4731 1722 4784 quam
1755 4717 1979 4775 aliorum
2023 4721 2117 4775 ho-

556 4802 785 4856 minum.
822 4803 1091 4860 Ebrietate
1119 4820 1252 4875 opus
1276 4815 1359 4862 est
1383 4816 1435 4861 et
1457 4808 1692 4871 fervore,
1723 4808 1983 4865 ebrietate
2009 4829 2114 4868 non

554 4909 588 4948 ιι
615 4895 758 4959 vino,
785 4898 877 4949 sed
911 4912 971 4951 ea
1000 4913 1118 4966 quae
1144 4898 1210 4952 ob
1228 4913 1461 4953 amorem
1484 4911 1567 4953 est
1589 4898 1808 4956 Christi.
1836 4902 1935 4968 Qui
1968 4906 2112 4958 enim

555 4998 757 5049 amant,
783 4987 912 5042 nihil
933 4990 1115 5043 vident
1143 4990 1383 5045 nisieum
1417 5007 1575 5060 quem
1596 4992 1842 5061 diligunt.
1863 4993 2118 5051 Nesciunt

554 5078 680 5148 quia
711 5087 793 5133 est
819 5079 955 5135 alius
991 5082 1042 5135 in
1076 5090 1267 5137 terra-:
1303 5083 1391 5136 ubi
1420 5084 1563 5137 enim
1614 5085 1902 5141 thesaurus
1953 5086 2115 5141 fuerit

556 5170 772 5233 mentis,
810 5169 919 5224 illic
949 5181 1004 5225 et
1034 5174 1212 5226 anima
1245 5173 1508 5241 habetur;
1542 5175 1644 5229 alia
1693 5183 1871 5230 autem
1910 5186 2113 5231 mortua

554 5268 675 5311 sunt
690 5260 758 5313 ei.
780 5258 834 5314 Si
866 5263 1128 5332 inerepas,
1148 5280 1325 5319 nonne
1340 5282 1458 5321 eum
1474 5268 1561 5336 qui
1587 5267 1763 5321 audit?
1784 5268 1839 5324 Si
1861 5271 2106 5341 castigas,

555 5362 729 5405 nonne
745 5366 865 5405 eum
894 5357 980 5423 qui
1009 5358 1204 5412 sentit?
1221 5357 1525 5425 QuiChl‘iSti
1545 5363 1685 5417 enim
1705 5374 1850 5429 sunt,
1867 5368 2106 5422 crucifixi

556 5438 836 5495 habentur.
871 5443 1008 5509 Quid
1038 5446 1153 5500 sine
1180 5463 1341 5503 causa
1374 5450 1622 5505 laboras?
1659 5466 1903 5511 mortuus
1931 5457 1973 5510 si
2001 5468 2109 5513 tor-

554 5543 779 5598 queatur
808 5550 910 5590 nou
944 5539 1127 5605 sentit,
1165 5540 1327 5593 etiam
1377 5541 1421 5595 si
1472 5542 1837 5613 increpaveris
1872 5562 1975 5602 non
2004 5565 2097 5601 au-

629 5625 665 5654 "
695 5624 844 5682 Rom.
878 5646 993 5695 VIII,
1020 5633 1109 5686 57.
1190 5635 1231 5665 ¹¹
1254 5634 1441 5689 Matth.
1494 5652 1546 5703 x,
1607 5639 1692 5696 57.
1772 5642 1815 5672 “
1848 5642 1976 5698 ibid.
2004 5646 2091 5700 58.

2225 4638 2402 4717 patior
2436 4648 2633 4699 nestrte
2669 4651 2898 4707 natum,
2935 4645 3026 4713 qui
3060 4644 3131 4698 ita
3170 4662 3357 4703 sumus
3389 4651 3569 4720 egeni,
3606 4665 3666 4707 ut
3693 4672 3799 4711 non

2224 4716 2498 4795 possimus
2527 4731 2756 4787 invicem
2795 4744 2987 4790 nostro
3018 4736 3204 4794 debito
3232 4743 3363 4796 dare
3401 4716 3625 4814 aliquid.
3657 4749 3798 4816 Quid

2225 4829 2403 4872 autem
2463 4832 2519 4875 et
2566 4837 2850 4890 possumus
2894 4827 3191 4883 retribuere
3238 4830 3457 4888 ChriSto
3512 4837 3793 4894 Domino?

2222 4910 2469 4963 Animam
2494 4927 2656 4981 quam
2697 4916 2922 4981 creavit,
2957 4932 3153 4987 corpus
3180 4924 3325 4989 quod
3380 4924 3661 4994 figuravit,
3696 4947 3796 5000 pu-

2224 5002 2460 5056 dicitiam
2500 5019 2594 5071 per
2623 5023 2786 5075 quam
2832 5009 3153 5065 beneﬁcium
3204 5016 3412 5083 tribuit,
3469 5025 3795 5093 martyrium

2223 5109 2320 5162 per
2348 5097 2487 5164 qttod
2512 5099 2836 5165 sanctificat,
2874 5101 3143 5169 justitiam
3193 5123 3289 5175 per
3336 5124 3498 5177 quam
3537 5113 3793 5171 honorat.

2219 5188 2349 5255 Quae
2376 5191 2617 5247 videmur
2639 5196 2686 5248 ei
2712 5198 2957 5262 reddere,
2988 5202 3159 5268 magis
3178 5206 3494 5271 accipimus.
3523 5209 3795 5267 Adveuiat

2218 5281 2379 5351 igitur
2404 5283 2613 5341 ﬂamma
2631 5292 2695 5341 ad
2724 5291 3005 5354 medullas,
3031 5303 3275 5361 penetret
3292 5298 3429 5367 ignis
3454 5303 3523 5354 ad
3551 5305 3789 5372 viscera,

2215 5383 2267 5426 et
2293 5377 2617 5431 accendatur
2633 5382 2813 5435 anima
2834 5382 2898 5435 ad
2920 5384 3261 5452 martyrium,
3278 5386 3343 5439 ad
3362 5388 3792 5462 confessionem,

2218 5465 2282 5517 ad
2310 5468 2645 5537 pudicitiam,
2678 5478 2745 5527 ad
2772 5474 3061 5540 justitiam,
3107 5477 3173 5528 ad
3210 5479 3667 5548 misericordiam,
3716 5488 3783 5542 ad

2213 5558 2414 5626 jejunia
2446 5577 2461 5624 ;
2506 5574 2562 5615 ut
2592 5575 2644 5617 et
2678 5566 2921 5620 diabolus
2945 5580 3249 5637 superetur,
3279 5580 3332 5623 et
3380 5571 3655 5630 daemones
3687 5581 3781 5631 de-

2173 5651 2215 5679 ”
2244 5651 2372 5706 ibid.
2410 5655 2497 5708 δυ.

2596 5658 2637 5687 ’⁸
2669 5660 2796 5711 ihid.

931 5724 1207 5832 [liminum
1237 5729 1311 5786 ttti
1344 5741 1571 5800 propter,
1608 5742 1709 5792 etc.
1748 5734 1968 5795 Videtur
2004 5742 2138 5797 verti
2176 5745 2424 5805 debuisse
2475 5748 2637 5817 Ecce,
2684 5750 2925 5821 Domine,
2956 5767 3164 5824 propter
3222 5766 3289 5821 te,
3324 5769 3453 5825 etc.,
3508 5765 3652 5832 quod
3698 5774 3775 5819 est

548 5789 733 5844 διξερε
760 5791 783 5843 ε
802 5808 916 5845 taxat
946 5795 1056 5848 σοῦ.
