4000 6476
206 480 329 533 1181

201 603 503 661 struantur,
542 603 597 650 et
634 595 800 650 homo
825 609 925 665 pro
957 595 1179 652 Christo
1211 594 1492 660 salvetur;
1533 605 1589 651 et
1638 612 1781 652 sem—

200 706 297 756 per
319 690 529 761 gratias
558 698 684 760 agat
716 688 828 743 Deo
856 688 1002 743 Patri
1040 706 1135 761 per
1164 690 1511 760 unigenitum
1559 689 1675 758 ejus
1698 687 1788 743 Fi-

197 780 349 846 lium,
378 793 475 850 per
502 793 663 850 quem
692 789 774 835 est
805 780 853 835 ei
878 780 1071 850 gloria,
1096 780 1290 846 honor,
1324 782 1632 851 imperium,
1663 798 1783 837 ma-
1843 857 1847 861 _

1545 476 1614 531 ΙΝ
1650 476 1909 533 MATTH.
1958 477 2021 545 Χ,
2062 480 2155 534 2⁸1.

3350 483 3487 537 Hd!

1909 600 2095 669 festas,
2125 615 2245 655 cum
2282 598 2484 671 Spiritu
2515 610 2724 667 sancto,
2754 609 2811 657 et
2848 617 3016 669 nunc,
3050 611 3105 660 et
3138 617 3379 674 semper,
3436 614 3487 658 et

1898 707 1997 762 per
2027 693 2209 747 omnia
2240 693 2439 748 saecula
2467 694 2811 750 steculorum.
2838 695 3034 750 Amen.

1178 1081 1741 1198 EUSEBII
1823 1083 2513 1196 PAMPHILI

753 1326 900 1411 DE
974 1318 1560 1412 MANDATO
1642 1318 2154 1443 DOMINI,
2232 1319 2569 1426 QUOD
2645 1321 2929 1411 AIT:

945 1509 1133 1585 Quod
1174 1511 1315 1573 dico
1363 1509 1540 1571 vobis
1584 1508 1651 1569 in
1687 1526 1877 1583 aure,
1922 1526 2121 1587 supra
2164 1519 2328 1572 tecta
2362 1512 2745 1589 pradicate,

1503 1672 1741 1735 LIBER
1784 1672 2202 1736 SEPTIMUS.

264 1998 449 2054 Verba
485 2000 603 2054 lucc
634 2013 753 2069 quae
784 1998 920 2053 lecta
946 2006 1098 2061 sunt,
1137 1997 1354 2051 Domini
1381 2006 1653 2069 martyres
1676 2012 1803 2064 pro-
1836 2001 1879 2059 Β
1915 2000 2030 2069 ipse
2066 2001 2286 2068 quidem
2318 2011 2628 2071 opportune
2658 2012 2820 2069 tacet,
2844 2002 3125 2072 discipulis
3147 2014 3330 2060 autem
3352 2004 3501 2077 loqui

191 2094 483 2149 duxerunt
521 2096 588 2147 ad
628 2095 980 2164 passionem;
1046 2108 1145 2163 per
1187 2096 1286 2149 hos
1336 2094 1479 2148 enim
1514 2107 1797 2148 sermones

194 2186 482 2242 ﬂammam
525 2189 578 2241 in
619 2204 808 2242 eorum
865 2187 1185 2257 praecordiis
1237 2187 1630 2240 accenderunt.
1695 2185 1798 2239 Per

202 2280 369 2335 istam
396 2282 705 2335 doctrinam
730 2280 905 2333 erexit
962 2295 1075 2344 eos,
1110 2290 1168 2333 ut
1214 2288 1629 2334 contemnerent
1664 2292 1804 2347 prae-

203 2372 407 2437 sentia,
443 2380 831 2441 exspectarent
864 2381 1040 2425 autem
1062 2370 1263 2425 futura.
1287 2370 1392 2424 Per
1432 2371 1589 2425 istam
1622 2370 1804 2425 erudi-

200 2464 410 2518 tionem
438 2466 675 2519 armavit
704 2480 798 2519 eos
824 2465 891 2518 ad
918 2474 1171 2519 mortem.
1200 2462 1381 2519 Utitur
1408 2473 1592 2519 autem
1620 2476 1674 2518 et
1697 2463 1802 2516 hoc

208 2554 409 2610 ordine
439 2571 669 2611 servans
687 2556 957 2610 ullicium:
992 2554 1248 2624 praecedit
1275 2564 1455 2607 autem
1494 2554 1800 2622 passionem

204 2658 521 2721 martyrum
559 2648 861 2703 constantia
889 2664 904 2701 :
934 2648 1025 2717 qui
1065 2647 1209 2702 enim
1240 2662 1345 2700 non
1390 2647 1672 2715 praedicat,
1702 2660 1805 2700 nec

205 2743 532 2809 tenebitur;
570 2743 659 2812 qui
689 2759 795 2795 non
822 2758 949 2796 cum
985 2741 1177 2795 ﬁducia
1212 2739 1373 2795 fuerit
1420 2740 1656 2803 locutus,
1704 2753 1805 2793 nec

207 2836 478 2900 tristabit,
505 2836 597 2890 sed
634 2835 888 2901 prmcedit
916 2833 1245 2890 constantia-
1280 2833 1613 2901 passionem.
1667 2830 1804 2885 Cum

205 2926 356 2981 enim
384 2926 567 2979 anima
599 2924 665 2979 de
692 2925 929 2978 adventu
990 2922 1084 2977 Dei
1141 2932 1226 2977 sat
1281 2922 1573 2987 habuerit,
1628 2921 1807 2974 aderit

209 3019 359 3074 enim
391 3018 612 3073 Deusiu
638 2999 989 3084 animmque
1040 3016 1169 3069 dum
1198 3015 1378 3080 capiet
1429 3014 1639 3077 omnia,
1698 3028 1804 3067 non

209 3118 399 3180 potest
429 3110 760 3165 desiderium
787 3117 969 3164 tacere
1001 3123 1181 3174 suum,
1214 3107 1307 3162 sed
1338 3107 1502 3161 sentit
1527 3106 1673 3177 quod
1704 3106 1804 3159 ha—

210 3203 326 3267 bet,
357 3203 615 3273 quodque
670 3216 778 3254 non
812 3200 998 3261 habet,
1047 3200 1139 3269 qui
1184 3212 1305 3254 sese
1346 3198 1747 3252 iraudaverunt
1776 3211 1805 3249 a

214 3296 386 3353 bono.
413 3295 505 3350 Ille
538 3303 721 3348 autem
743 3292 834 3363 qui
862 3302 1075 3346 amator
1106 3291 1198 3346 Dei
1223 3300 1307 3345 est
1355 3292 1703 3353 constitutus,
1755 3296 1809 3342 et

215 3386 619 3441 hutnanitatem
654 3390 857 3445 servat,
891 3381 1072 3436 statim
1098 3392 1320 3450 propter
1366 3379 1535 3433 Deum
1584 3377 1805 3448 quidem

212 3477 462 3541 laetatur,
487 3486 708 3545 propter
731 3474 1121 3529 humanitatem
1151 3482 1331 3526 autem
1363 3487 1466 3526 non
1494 3480 1637 3524 tacet
1670 3487 1684 3523 :
1713 3470 1810 3525 ho-

214 3572 397 3627 mines
433 3579 612 3624 autem
631 3568 951 3623 beneﬁcium
979 3581 1085 3621 non
1112 3565 1371 3631 ferentes,
1399 3565 1650 3636 ignorant
1682 3565 1809 3635 quis

216 3665 494 3719 inhabitat
541 3663 595 3715 in
642 3662 920 3729 loquente,
984 3675 1091 3713 non
1128 3658 1313 3713 ferunt
1361 3673 1494 3714 sane
1539 3674 1642 3713 nec
1670 3674 1805 3714 cun-

213 3757 500 3812 stantiam.
531 3754 638 3809 Sed
662 3755 803 3809 sicut
831 3750 1002 3806 Judazi
1032 3751 1308 3823 Stephano
1334 3752 1511 3820 primo
1539 3751 1683 3805 inter
1708 3750 1807 3807 ho-

216 3851 401 3904 mines
425 3856 665 3916 martyre
693 3843 893 3899 Christi
927 3844 1183 3913 loquente
1208 3845 1601 3897 obstruxertmt
1640 3858 1805 3898 aures

218 3956 375 4005 suas,
403 3954 469 3993 ne
500 3938 877 4007 ingrederetur
908 3937 1088 4001 Deus;
1144 3936 1216 3990 ita
1246 3944 1300 3989 et
1335 3935 1584 3989 nonnulli
1626 3935 1806 3990 homi-

218 4050 356 4089 num
384 4051 398 4086 :
428 4034 556 4103 quia
582 4031 727 4085 enim
753 4031 1061 4086 constantia
1126 4030 1403 4085 antecedit
1454 4030 1763 4100 passionem
1794 4070 1810 4096 ,

219 4128 372 4183 unde
402 4126 627 4180 deberet
655 4124 817 4179 istinc
843 4132 900 4178 et
939 4124 1131 4194 incipit
1183 4124 1464 4189 Dominus,
1490 4124 1582 4189 qui
1614 4124 1817 4193 produ-

218 4222 301 4276 cit
333 4229 607 4290 martyres
630 4220 696 4272 ad
728 4220 1055 4287 passionem.
1104 4217 1245 4271 Dicit
1276 4218 1420 4270 enim
1449 4234 1462 4270 :
1490 4216 1645 4283 Quod
1694 4218 1813 4270 dico

220 4313 374 4368 vobis
397 4312 449 4365 in
480 4311 731 4373 tenebris,
766 4313 823 4364 in
860 4311 1060 4364 lumine
1088 4309 1248 4363 dicite
1272 4349 1286 4373 ,
1325 4318 1369 4362 et
1418 4309 1557 4378 quod
1602 4311 1655 4363 in
1688 4325 1816 4363 aure

223 4406 483 4469 audistis,
510 4406 567 4458 in
602 4407 748 4458 tectis
775 4406 1061 4473 prtcdicute
1094 4404 1156 4459 ¹⁶.
1212 4406 1489 4458 Assumite
1519 4447 1534 4472 ,
1596 4405 1773 4474 inquit
1798 4445 1815 4471 ,

219 4499 616 4563 constantiam,
641 4507 837 4550 exeant
858 4496 1023 4550 verba
1048 4507 1229 4551 vestra
1259 4512 1430 4564 usque
1462 4497 1527 4550 ad
1552 4499 1816 4553 terminos

221 4599 432 4645 terrae:
468 4604 535 4644 ne
572 4590 797 4644 taceatis
828 4589 879 4643 id
912 4590 977 4643 de
1008 4604 1113 4659 quo
1145 4589 1242 4659 ipsi
1268 4588 1405 4646 certi
1432 4591 1565 4646 estis
1595 4588 1811 4645 echcti:

1904 2106 1968 2146 ea
2000 2102 2060 2145 et
2086 2092 2331 2147 clamare
2358 2093 2655 2161 praecepit;
2688 2109 2796 2149 non
2852 2095 3050 2158 timens
3101 2096 3339 2166 quippe;
3399 2099 3502 2155 hoc

1906 2184 2057 2237 enim
2095 2183 2465 2254 ignorantium
2501 2184 2783 2239 hominum
2822 2194 2902 2241 est
2931 2187 3253 2255 dignitatem
3281 2190 3497 2246 Domini

1903 2274 2028 2331 Jesu
2055 2314 2071 2342 ,
2115 2275 2210 2331 sed
2238 2278 2583 2345 dispensans,
2605 2287 2664 2330 ut
2691 2277 2808 2346 ipse
2838 2278 3053 2347 quidem
3085 2289 3264 2335 taceat
3294 2281 3347 2335 in
3366 2292 3503 2337 tem-

1907 2384 2062 2438 pore,
2101 2368 2358 2437 loquatur
2391 2380 2573 2423 autem
2604 2370 2656 2424 in
2684 2380 2950 2439 tempore.
2991 2369 3179 2440 Neque
3203 2372 3352 2427 enim
3405 2388 3504 2442 per

1905 2459 2088 2514 omnia
2117 2463 2285 2513 tacuit
2319 2459 2583 2515 Dominus
2609 2475 2624 2524 ;
2662 2477 2728 2514 ne
2752 2471 3077 2529 putarentur
3103 2462 3278 2519 aliena
3312 2464 3496 2533 aliqua

1918 2566 1947 2605 a
1974 2565 2034 2604 se
2066 2550 2278 2605 discere
2311 2551 2606 2621 discipuli;
2642 2567 2818 2621 neque
2865 2568 3086 2624 semper
3129 2554 3343 2613 locutus
3388 2568 3498 2626 est,

1907 2656 1975 2697 ne
2003 2652 2287 2711 putaretur
2318 2644 2460 2712 quod
2505 2643 2575 2699 de
2628 2659 2686 2699 se
2734 2646 2851 2714 ipse
2879 2654 3127 2700 testatur.
3181 2638 3320 2714 Quid
3353 2650 3504 2707 enim

1912 2741 2035 2790 erat
2067 2749 2291 2789 necesse
2318 2746 2371 2790 et
2399 2734 2611 2791 Joanne
2642 2738 3031 2805 praecursore?
3074 2738 3189 2810 Ego
3217 2781 3233 2808 ,
3284 2742 3459 2810 inquit
3484 2780 3503 2808 ,

1908 2843 2011 2880 non
2042 2827 2106 2880 ab
2142 2827 2350 2881 homine
2390 2828 2594 2896 accipio
2646 2830 3011 2895 testimonium
3042 2848 3241 2896 meum,
3273 2835 3361 2887 sed
3398 2834 3505 2889 Ita-

1908 2922 1999 2975 beo
2022 2921 2380 2975 testimonium
2404 2922 2578 2991 majus
2604 2939 2635 2976 a
2653 2922 2865 2977 Joanne
2896 2924 2958 2979 ¹⁸.
2979 2922 3097 2979 Non
3128 2928 3271 2979 enim
3295 2941 3503 2996 quaero,

1908 3014 2105 3083 inquit,
2135 3014 2595 3083 quemadmodum
2629 3030 2729 3085 ego
2759 3016 3023 3081 suadear,
3074 3018 3170 3071 sed
3228 3018 3505 3085 quomodo

1906 3121 2005 3160 vos
2037 3123 2143 3161 non
2175 3106 2299 3161 sitis
2328 3106 2606 3177 religiosi;
2646 3109 2917 3176 siquidem
2972 3124 3079 3163 non
3141 3109 3365 3165 lucerna
3410 3111 3506 3167 doc

1910 3198 2001 3252 bet
2032 3196 2221 3251 testari
2257 3198 2322 3252 de
2360 3197 2495 3262 sole,
2526 3198 2620 3252 sed
2651 3198 2727 3251 sol
2754 3197 2976 3254 ﬁrmare
3004 3200 3305 3256 lucernam.
3339 3201 3407 3256 Et
3435 3216 3506 3258 ne

1918 3290 2041 3357 quis
2070 3289 2316 3353 miretur,
2352 3300 2513 3359 putas
2568 3291 2915 3347 obscuriores
2945 3292 3085 3348 eiiici
3141 3294 3391 3350 lucernas
3437 3312 3507 3351 ex

1913 3380 2145 3433 adventu
2172 3380 2349 3435 solis?
2378 3379 2497 3435 Non
2529 3382 2675 3435 enim
2707 3385 2849 3453 quod
2875 3392 3131 3453 putamus
3162 3385 3263 3440 hoc
3289 3397 3344 3441 et
3380 3401 3508 3457 pro-

1913 3474 2083 3537 venit,
2118 3473 2213 3528 sed
2246 3474 2348 3528 hoc
2378 3474 2520 3543 quod
2553 3489 2659 3528 non
2698 3473 2976 3529 intuemur
3008 3486 3275 3545 superat:
3323 3477 3505 3532 lumen

1911 3566 2062 3619 enim
2102 3564 2337 3620 minusa
2366 3564 2557 3633 majori
2608 3566 2833 3631 lumine,
2870 3581 2977 3620 non
3028 3570 3207 3624 minus
3256 3568 3509 3625 dulcibus

1915 3657 2221 3711 immissum
2254 3657 2451 3710 minuit
2489 3657 2835 3715 dulcedinem
2872 3675 3109 3715 eorum:
3158 3675 3336 3730 neque
3378 3677 3506 3717 cum

1914 3748 2084 3804 Stellae
2123 3762 2229 3801 non
2259 3758 2471 3818 parent,
2500 3759 2756 3819 tauquam
2781 3752 3087 3806 obscuratae
3120 3768 3150 3807 a
3178 3752 3382 3807 lumine
3400 3767 3510 3809 non

1915 3842 2208 3907 videntur;
2256 3842 2352 3896 sed
2386 3843 2438 3896 in
2478 3841 2671 3912 pelago
2697 3842 2923 3898 luminis
2970 3846 3179 3914 positae,
3216 3845 3512 3901 discretio-

1915 3948 2039 3987 nem
2064 3947 2169 3988 non
2195 3934 2455 4003 praebent.
2482 3934 2599 3989 Non
2636 3936 2916 4006 indigebat
2965 3937 3133 4007 igitur
3160 3937 3241 3994 sol
3278 3938 3509 4007 iustitia!

1916 4027 2137 4083 lucerna
2170 4030 2237 4085 ad
2279 4029 2685 4097 testimonium;
2740 4032 2871 4085 dicit
2892 4032 3037 4086 enim
3078 4030 3359 4088 Joannes:
3396 4030 3513 4101 Ego

1918 4140 1949 4176 a
1976 4132 2026 4177 te
2054 4122 2223 4176 debeo
2254 4121 2557 4191 baptizari;
2584 4123 2676 4177 sed
2710 4124 2989 4191 indigebat
3033 4126 3254 4195 quidem
3287 4124 3379 4180 ille
3417 4125 3513 4195 qui

1918 4214 2140 4270 lucerna
2171 4225 2290 4269 erat
2314 4218 2514 4271 ardens
2545 4234 2559 4270 :
2612 4216 2835 4273 lucerna
2886 4218 3192 4273 immissum
3226 4218 3391 4273 habet
3427 4217 3514 4271 lu-

1920 4324 2075 4375 men;
2110 4325 2216 4363 non
2251 4318 2428 4365 tamen
2457 4310 2525 4365 ab
2564 4310 2709 4365 intus
2752 4310 3096 4366 eliicientiam
3124 4312 3264 4367 sicut
3308 4310 3391 4366 sol
3441 4312 3508 4366 ".

1926 4402 2052 4466 Vos,
2093 4403 2289 4473 inquit,
2315 4405 2528 4459 modice
2558 4405 2807 4462 voluistis
2852 4405 3077 4477 gloriari
3103 4405 3156 4461 in
3191 4404 3399 4461 lumine
3425 4405 3514 4460 lu-

1920 4506 2120 4559 cernae,
2147 4492 2301 4547 vobis
2330 4493 2552 4548 lucerna
2579 4504 2663 4550 est
2688 4496 2841 4550 utilis
2875 4514 2890 4551 :
2928 4495 3005 4550 illi
3038 4506 3219 4552 autem
3252 4497 3328 4552 ita
3356 4504 3516 4553 erant

1920 4584 2074 4649 caeci,
2104 4595 2161 4639 ut
2184 4599 2251 4639 ne
2282 4585 2501 4655 quidem
2522 4586 2755 4642 lucernae
2786 4588 3031 4643 viderent
3055 4588 3221 4657 viam,
3247 4603 3426 4660 neque
3456 4589 3512 4645 in

220 4679 400 4736 nolite
452 4682 786 4735 abscondere
844 4681 1144 4747 talentum;
1204 4682 1403 4736 mittite
1448 4684 1709 4752 pecunias
1762 4684 1809 4738 in

1922 4676 2130 4731 lumine
2185 4678 2527 4733 ambularent
2574 4690 2725 4736 recte
2751 4682 2839 4735 ὀε
2893 4683 3048 4749 Quod
3112 4683 3231 4737 dico
3260 4683 3405 4738 vobis
3455 4683 3512 4737 in

225 4773 439 4829 mensis
470 4790 483 4826 :
519 4774 733 4843 exigam
768 4774 912 4828 enim
949 4788 1067 4827 mea
1100 4774 1165 4827 ad
1191 4773 1426 4827 salutem
1470 4772 1688 4829 illorum
1723 4774 1816 4843 qui

222 4863 441 4919 fuerint
467 4862 698 4930 Operati.
735 4860 841 4916 Sed
868 4862 1014 4915 dicet
1041 4863 1164 4930 quis
1196 4878 1211 4916 :
1242 4862 1285 4915 si
1313 4862 1511 4916 bonum
1536 4870 1622 4916 est
1652 4862 1704 4915 in
1740 4861 1821 4914 lu-

229 4957 386 5012 mine
411 4954 617 5019 dicere,
653 4969 751 5008 cur
780 4954 895 5024 ipse
926 4954 978 5007 in
1014 4953 1258 5007 tenebris
1292 4961 1375 5007 est
1396 4953 1647 5007 locutus?
1697 4959 1752 5007 et
1774 4952 1819 5007 si

226 5057 438 5112 bonum
462 5064 546 5109 est
568 5068 731 5123 supra
764 5062 903 5107 tecta
950 5053 1267 5121 praedicare,
1311 5068 1409 5106 cur
1441 5052 1553 5121 ipse
1602 5052 1653 5105 in
1691 5067 1821 5107 aure

228 5152 451 5204 locutus
476 5148 603 5202 est?
626 5146 681 5201 Si
705 5147 849 5201 enim
873 5147 989 5214 ipse
1014 5147 1079 5200 de
1106 5146 1401 5216 semetipso
1422 5146 1603 5200 dicere
1624 5147 1812 5200 irau...

227 5246 280 5297 is
313 5242 502 5310 utique
533 5239 646 5310 (86)
674 5254 795 5308 qua:
825 5239 939 5306 jam
965 5240 1151 5293 dixere
1176 5240 1387 5307 Judaei,
1409 5236 1487 5292 Tu
1534 5240 1597 5293 de
1633 5250 1818 5293 tentet-

228 5340 349 5404 ipso
373 5334 696 5403 testiﬁcaris,
716 5342 765 5387 et
789 5333 1141 5386 testimonium
1159 5343 1307 5386 tuum
1336 5349 1438 5386 non
1460 5343 1533 5387 est
1558 5349 1734 5387 verum
1755 5333 1820 5385 ιτ.

230 5428 316 5483 Ne
339 5429 503 5498 igitur
534 5428 648 5495 ipse
689 5425 968 5480 videretur
998 5425 1256 5478 honorem
1291 5424 1392 5478 sibi
1427 5424 1716 5478 vendicare
1767 5432 1823 5478 et

230 5534 346 5574 non
379 5519 627 5574 veritatis
660 5531 821 5572 causa
858 5516 1046 5585 loqui.
1090 5527 1147 5571 et
1182 5532 1248 5570 ne
1301 5516 1664 5585 praevenirent
1710 5526 1821 5569 sta-

232 5618 408 5667 tutam
433 5626 464 5666 a
494 5610 656 5667 Patre
677 5610 983 5681 passionem
1006 5607 1176 5664 Judaei
1206 5609 1297 5679 qui
1324 5610 1502 5663 omnia
1523 5609 1818 5675 suutausi;

1926 4770 2174 4832 tenebris,
2209 4771 2366 4824 dicite
2416 4776 2471 4825 in
2514 4773 2753 4839 lumine;
2787 4774 2890 4829 hoc
2932 4782 3038 4841 est,
3091 4774 3360 4830 absconsa
3393 4790 3517 4845 qua:

1923 4864 2179 4917 dicuntur
2209 4863 2443 4918 clamate
2474 4882 2488 4919 :
2531 4862 2597 4917 Et
2627 4866 2840 4935 quodin
2872 4883 3000 4920 aure
3034 4869 3282 4931 audistis,
3319 4869 3518 4937 prtedi-

1926 4969 2041 5010 cate
2071 4959 2125 5011 in
2150 4958 2342 5023 tectis;
2383 4960 2648 5014 assumite
2687 4961 3011 5015 constantia
3045 4961 3320 5015 ﬁduciam.
3347 4962 3518 5017 Assu-

1943 5064 2155 5101 mamus
2185 5059 2240 5102 et
2271 5064 2369 5103 nos
2398 5051 2785 5104 constantiam.
2817 5051 2922 5105 Sed
2975 5052 3105 5121 quid
3149 5060 3233 5105 est
3259 5052 3402 5120 quod
3435 5052 3519 5106 in-

1928 5140 2219 5209 sequitur?
2279 5139 2560 5195 Timemus
2588 5140 2653 5195 ad
2692 5140 3073 5208 insequentem
3126 5141 3518 5211 suspicionem.

1928 5232 2037 5287 Sed
2074 5234 2153 5287 ait
2196 5233 2457 5287 Dominus
2485 5274 2501 5300 ,
2542 5232 2727 5287 Nolite
2773 5233 2958 5286 timere
2992 5232 3059 5286 “.
3097 5230 3214 5286 Non
3246 5232 3412 5303 igitur
3455 5231 3519 5285 ti-

1931 5341 2176 5380 meamus
2200 5341 2325 5380 cum
2360 5325 2721 5380 interiicimur
2755 5342 2769 5379 :
2799 5326 2913 5395 ipse
2946 5326 3090 5380 enim
3143 5324 3405 5378 Dominus
3433 5324 3519 5377 di-

1931 5418 2005 5472 cit
2045 5438 2057 5471 :
2099 5415 2285 5471 Nolite
2313 5418 2498 5471 timere
2526 5434 2611 5472 eos
2637 5417 2730 5487 qui
2756 5418 2997 5472 occidunt
3030 5434 3243 5486 corpus,
3285 5420 3521 5471 animum

1930 5523 2102 5565 autem
2124 5528 2227 5565 non
2248 5522 2466 5580 possunt
2490 5513 2724 5567 occidere
2741 5514 2808 5568 “.
2831 5512 3023 5567 Divisit
3051 5513 3333 5575 timorem;
3354 5520 3409 5565 et
3435 5514 3520 5566 ho-

1933 5607 2168 5661 minibus
2198 5607 2417 5677 quidem
2447 5606 2940 5676 deditpotestatem
2975 5606 3261 5661 adversum
3299 5620 3520 5675 corpus,

311 5728 356 5759 ¹⁶
386 5726 573 5782 Matth.
609 5744 665 5793 ι,
696 5727 785 5781 27.
849 5726 890 5757 "-'
917 5724 1076 5781 Joan.
1112 5726 1341 5797 vttt,13.
1405 5727 1444 5758 "
1478 5724 1631 5783 Joan.
1662 5740 1715 5794 v,
1745 5724 1833 5791 34,
1860 5724 1950 5781 56.
1998 5724 2040 5755 "
2068 5724 2255 5780 Matth.
2299 5740 2384 5793 ttt,
2419 5714 2504 5781 14.
2555 5722 2600 5754 ⁸⁸
2635 5721 2788 5780 Joan.
2811 5721 2974 5789 v,35.
3047 5724 3091 5755 ²¹
3122 5720 3312 5778 hiauit.
3344 5737 3398 5790 ι,
3427 5718 3518 5775 ετ.

237 5799 290 5830 ⁸⁸
333 5798 465 5853 ibid.
500 5798 593 5853 28.

314 5916 428 5989 (86)
455 5917 553 5974 Ms.
585 5920 735 5988 Iruus
757 5929 885 5976 esset
921 5920 1119 5989 utique.
