4000 6432
565 393 709 452 1185

1238 396 1508 457 ευδειιιι
1546 400 2028 461 CESARIENSIS
2064 400 2124 460 01

2257 403 2441 463 PARS
2480 406 2569 464 iV.
2607 439 2677 451 —
2715 407 3140 470 DOGIIATICA.

570 512 769 571 nubem
798 518 983 571 enim:
1034 515 1147 582 Deo
1195 528 1376 575 autem
1426 520 1710 590 conjunxit
1737 500 2019 591 virtutem,
2066 526 2135 581 ti-
2161 528 2212 588 Δ
2240 540 2451 596 passer,
2485 541 2547 586 ut
2580 534 2723 601 quod
2766 532 2948 590 minus
2989 542 3110 600 est,
3156 550 3222 592 ex
3260 538 3438 608 pretio
3483 540 3821 600 ostenderet.

569 619 722 661 more
766 605 1011 672 timorem
1031 607 1279 680 ejiciens,
1316 621 1373 667 et
1404 611 1595 681 maiori
1628 623 1775 671 metu
1825 616 1973 687 quod
2016 626 2135 674 erat

567 698 745 755 minus
774 702 1123 771 repercussit.
1154 702 1213 758 Si
1241 705 1414 772 enim,
1447 707 1644 775 inquit,
1676 708 1867 765 timere
1893 718 2132 781 oportet,

565 802 670 845 non
704 789 1016 859 hominem;
1043 792 1219 862 major
1244 796 1390 851 enim
1417 806 1501 853 est
1525 797 1667 853 Deus
1700 815 1716 852 :
1760 799 1859 855 sed
1914 813 2134 869 poenam

563 878 755 935 mortis
774 879 1060 936 advenam
1090 898 1291 955 corpus
1343 887 1504 944 times
1533 905 1549 945 :
1588 887 1789 945 Timete
1814 892 2008 963 magis,
2048 894 2134 949 in-

562 970 702 1041 quit,
739 987 859 1027 euut
884 974 979 1041 qui
1008 985 1176 1046 potest
1201 986 1252 1032 et
1280 980 1511 1036 animant
1533 990 1584 1036 et
1608 998 1799 1051 corpus
1828 986 2046 1054 perdere
2075 985 2135 1044 itt

562 1063 851 1133 gehennam
886 1064 971 1119 ":
1022 1067 1333 1127 hominibus
1361 1073 1505 1127 enim
1549 1084 1792 1144 potestas
1838 1078 2130 1136 adversum

562 1167 782 1226 corpus,
814 1166 867 1211 et
896 1156 1000 1213 hoc
1022 1161 1207 1227 semel,
1236 1171 1320 1217 est
1351 1163 1471 1219 data
1497 1179 1515 1219 :
1546 1164 1655 1223 Deo
1676 1179 1858 1225 autem
1895 1181 2134 1240 potestas

559 1254 647 1300 est
670 1254 725 1299 et
750 1248 1036 1305 adversum
1065 1266 1262 1323 corpus
1287 1255 1429 1324 quod
1455 1256 1727 1328 ﬁguravit,
1758 1270 1816 1316 et
1840 1260 2130 1321 adversum

560 1336 799 1392 animam
834 1356 996 1409 quam
1022 1344 1200 1399 creavi
1221 1353 1263 1410 t.
1297 1356 1355 1401 et
1396 1348 1624 1419 perdere
1651 1366 1758 1406 non
1785 1351 2127 1424 simpliciter,

559 1427 655 1482 sed
686 1428 739 1483 in
767 1431 1031 1499 gehenna.
1088 1432 1261 1504 Major
1299 1438 1442 1493 enim
1478 1440 1641 1496 timor
1692 1451 1779 1498 est
1827 1448 2087 1515 gehennaé
2110 1488 2127 1514 ,

560 1533 724 1588 quam
756 1524 963 1579 mortis.
997 1525 1107 1581 Cur
1134 1529 1350 1597 majori
1385 1532 1510 1603 quia
1542 1534 1735 1604 duplex
1769 1546 1852 1592 est
1874 1540 2128 1609 perditio,

552 1608 755 1665 animae
790 1622 846 1667 et
878 1616 1119 1683 corporis
1148 1636 1161 1673 :
1193 1620 1425 1691 simplex
1449 1633 1630 1679 autem
1686 1636 1741 1682 et
1786 1608 2083 1696 corporalis
2109 1672 2125 1697 ,

559 1717 683 1771 qum
713 1704 765 1757 in
794 1715 966 1762 morte
990 1707 1239 1767 habetur.
1268 1711 1454 1770 Primo
1484 1717 1629 1772 enim
1659 1728 1718 1774 et
1766 1721 1813 1775 si
1854 1723 2129 1781 dividatur

561 1792 885 1861 periculum,
921 1806 976 1853 et
1013 1799 1263 1859 homines
1288 1804 1507 1876 quidem
1546 1824 1773 1879 corpus,
1830 1812 1974 1871 Deus
2029 1831 2127 1870 au-

2237 615 2371 686 Qua:
2408 619 2555 675 enim
2587 621 2827 691 pretiosa
2870 633 3039 692 sunt,
3069 625 3126 681 in
3164 626 3520 685 distractione
3568 645 3742 688 unu-
3769 643 3821 690 et

2236 722 2405 764 unum
2443 711 2717 777 venditur,
2770 722 2826 770 et
2877 713 3145 785 ampliore
3195 718 3369 790 pretio
3412 734 3431 775 :
3477 733 3821 792 quacunque

2233 807 2414 855 autem
2446 800 2637 863 frivola
2665 814 2761 859 aut
2788 804 2903 876 (87)
2940 805 3087 862 olera
3120 807 3387 866 habentur
3414 849 3434 878 ,
3458 812 3633 867 multa
3665 812 3818 870 simul

2241 890 2449 945 assario
2478 893 2886 952 venundantur.
2921 894 3119 954 Veiens
3151 912 3283 971 ergo
3310 898 3537 959 frivolos
3568 917 3818 972 passeres

2234 980 2541 1048 ostendere,
2580 983 2826 1051 Assario.
2856 988 3051 1060 inquit,
3075 1004 3184 1046 uno
3205 992 3312 1047 duo
3338 1006 3598 1064 passeres
3622 995 3820 1050 distra-

2236 1070 2464 1129 huntur.
2494 1075 2720 1148 Accepit
2748 1079 2892 1149 quod
2923 1090 3042 1136 erat
3071 1081 3378 1149 minimum,
3410 1094 3472 1139 ut
3502 1085 3821 1141 hortaretur

2235 1164 2454 1233 eosqni
2498 1165 2553 1221 in
2590 1166 2797 1224 honore
2839 1169 3174 1227 habebantur
3220 1190 3234 1228 :
3270 1170 3336 1227 Et
3377 1190 3515 1229 unus
3563 1191 3635 1230 ea:
3671 1177 3817 1246 ipsis,

2232 1256 2306 1311 ait
2324 1298 2341 1322 ,
2378 1273 2483 1312 non
2511 1260 2651 1314 cadit
2678 1259 2735 1316 in
2767 1270 2964 1317 terram
2993 1264 3108 1320 sine
3132 1262 3298 1321 Patre
3321 1275 3494 1322 uestra
3522 1266 3621 1338 qui
3644 1277 3725 1323 est
3765 1269 3817 1323 iu

2232 1347 2375 1402 eisiis
2400 1349 2469 1405 ".
2506 1348 2564 1405 Si
2598 1350 2763 1422 igitur
2790 1368 3043 1423 passeres
3077 1358 3169 1428 qui
3199 1371 3369 1428 parvo
3394 1360 3577 1429 pretio
3621 1358 3819 1416 distra-

2232 1439 2454 1505 huntur,
2496 1444 2721 1513 umbrae,
2768 1455 2828 1500 ut
2854 1445 2933 1501 ita
2970 1447 3170 1513 dicam,
3202 1459 3259 1505 et
3303 1465 3405 1506 nec
3454 1450 3588 1508 dum
3622 1466 3819 1507 carnes

2233 1547 2340 1587 non
2384 1534 2677 1605 capiuntur
2724 1552 2902 1608 neque
2938 1540 3300 1611 accipiuntur,
3354 1558 3462 1599 non
3515 1545 3664 1601 dixit
3698 1546 3819 1605 sine

2232 1622 2363 1688 Deo,
2387 1625 2481 1679 sed
2510 1624 2627 1681 sine
2650 1624 3044 1705 Patrevestro,
3074 1631 3268 1701 inquit,
3299 1641 3359 1687 ut
3391 1635 3703 1705 propositio
3725 1651 3819 1707 pu-

2233 1721 2399 1768 terna
2425 1714 2730 1771 dilectionis
2762 1719 3113 1788 protenderet
3146 1720 3542 1788 defensionem,
3575 1734 3634 1780 et
3670 1727 3817 1781 radio

2231 1815 2383 1860 caret
2411 1805 2868 1864 adhortationem.
2908 1809 2984 1865 ita
3027 1821 3085 1867 et
3113 1812 3168 1867 in
3204 1813 3311 1869 alio
3343 1813 3464 1870 loco
3507 1817 3817 1875 adhortans

562 1886 667 1935 tem
700 1892 755 1938 et
781 1886 1058 1953 animam;
1090 1906 1265 1962 neque
1309 1875 1391 1950 fit.
1438 1875 1662 1968 aqua";
1688 1875 1773 1958 ρει
1812 1905 1995 1973 umor,
2029 1910 2124 1963 sed
2162 1875 2203 1931 Β
2232 1894 2620 1967 frugalitatem,
2652 1910 2708 1956 et
2736 1901 2966 1971 cupiens
3000 1906 3303 1975 superﬂuas
3340 1907 3634 1965 sublevare
3662 1910 3814 1968 solli-

554 1982 820 2055 quantum
859 1976 1040 2035 anima
1069 1980 1439 2041 honorabilior
1495 1997 1599 2058 est,
1638 2000 1847 2048 tantum
1902 2005 1961 2051 et
2011 2013 2127 2053 ma-

550 2050 640 2131 jor
665 2064 828 2121 timor
859 2078 941 2123 est
984 2084 1014 2124 a
1050 2071 1265 2132 timore.
1296 2050 1602 2143 Quia‘enim
1658 2090 1715 2137 et
1766 2098 1985 2156 corpus.
2030 2088 2128 2143 ad-

556 2168 772 2211 versum
811 2160 953 2229 quod
984 2162 1230 2222 homines
1292 2168 1494 2225 habent
1546 2183 1869 2243 potestatem
1897 2218 1915 2243 ,
1975 2194 2127 2236 com-

554 2248 879 2315 prehensum
907 2260 1023 2321 est;
1048 2263 1102 2311 et
1124 2256 1229 2314 hoc
1254 2259 1307 2314 in
1335 2262 1582 2320 manibus
1605 2264 1698 2320 Dei
1733 2278 1839 2333 est.
1869 2279 1923 2325 et
1946 2271 2126 2328 anima

553 2353 715 2408 quam
765 2341 1013 2402 homines
1056 2348 1270 2406 etiamsi
1315 2351 1511 2409 vellent
1551 2358 1806 2415 occidere
1844 2376 1950 2417 non
1998 2378 2124 2433 pos-

550 2440 694 2499 sent,
721 2442 776 2489 et
803 2444 1032 2507 utraque
1061 2439 1177 2496 hac
1208 2456 1315 2499 non
1336 2444 1405 2499 ad
1432 2457 1685 2515 mortem,
1709 2451 1804 2507 sed
1829 2452 1897 2507 ad
1918 2454 2125 2525 gehen-

553 2536 677 2577 nam
716 2524 972 2583 dicuntur
1002 2530 1174 2590 abire.
1210 2532 1591 2606 Ilultiplicatus
1622 2540 1786 2610 igitur
1821 2524 1984 2602 timor
2005 2558 2125 2614 est.

550 2621 607 2667 et
640 2614 985 2675 multitudine
1023 2628 1081 2676 et
1110 2626 1513 2695 magnitudine,
1549 2630 1673 2689 ideo
1707 2649 1839 2707 ergo
1864 2638 2028 2696 timor
2060 2641 2128 2697 ti-

549 2718 755 2761 morem
785 2708 973 2766 vincit.
1005 2708 1112 2769 Sed
1142 2714 1293 2772 dices
1324 2734 1340 2775 :
1375 2718 1839 2788 Quemadmodum
1867 2731 2127 2800 possibile

547 2809 632 2857 est
654 2802 832 2872 perire
870 2806 1105 2863 animam
1133 2809 1186 2866 in
1229 2813 1520 2883 gehenna‘l
1546 2818 1608 2875 Si
1634 2820 1777 2878 enim
1809 2826 1969 2894 perit,
2005 2841 2126 2882 cor-

547 2894 816 2966 rumpitur
854 2898 971 2969 ejus
1006 2900 1405 2963 immortalitas.
1438 2908 1906 2979 Quemadmodum
1941 2928 2122 2975 autem

546 2991 603 3039 et
627 2988 860 3058 corpus?
888 2988 945 3045 Si
987 2994 1133 3051 enim
1162 3011 1373 3056 verruca
1401 3000 1512 3058 illic
1544 3012 1602 3059 et
1643 3007 1847 3065 stridor
1880 3008 2121 3066 dentium

550 3075 810 3147 habetur;
844 3096 949 3137 non
990 3084 1164 3141 solum
1214 3090 1393 3146 anima
1436 3093 1759 3155 immortalis
1807 3116 1913 3157 non
1959 3105 2121 3173 perit.

547 3169 643 3225 sed
681 3186 781 3228 nec
818 3188 1048 3246 corpus;
1090 3178 1331 3239 induitur
1371 3188 1515 3243 enim
1562 3169 2023 3253 immortalitatem
2067 3207 2121 3254 et
2147 3215 2190 3273 ρ

546 3276 768 3331 corpus.
813 3264 872 3321 Si
907 3266 1022 3324 haec
1059 3272 1277 3340 quidem
1316 3289 1601 3347 quaerunt,
1631 3282 1824 3340 intenti
1866 3302 1990 3343 esse
2027 3287 2120 3343 de-

550 3351 678 3408 bent
703 3354 771 3409 ad
801 3360 1066 3415 sermonis
1090 3362 1360 3428 virtutem,
1392 3367 1516 3436 quia
1545 3370 1688 3440 quod
1710 3387 1854 3429 nunc
1892 3375 1970 3428 ait
2000 3389 2122 3445 per-

547 3442 697 3510 dere,
726 3460 825 3516 pro
854 3463 919 3504 eo
948 3459 1006 3505 ut
1033 3452 1177 3507 dicat
1199 3458 1414 3526 punire,
1446 3471 1726 3531 acceptum
1757 3474 1877 3531 est;
1905 3465 1951 3520 si
1976 3442 2119 3521 enim

547 3538 769 3606 periret,
819 3555 924 3594 non
958 3552 1104 3598 esset
1152 3545 1207 3600 in
1250 3549 1518 3618 gehenna.
1556 3553 1816 3611 Gebenna
1852 3558 1997 3614 enim
2038 3561 2119 3615 vi-

546 3626 786 3681 ventium
816 3644 974 3698 paena
1004 3642 1106 3698 est,
1131 3650 1237 3691 non
1276 3648 1455 3693 tamen
1488 3641 1833 3714 interemptio
1875 3648 2119 3717 perdito-

550 3729 688 3769 rum.
730 3715 863 3784 Quia
897 3722 1040 3775 enim
1081 3725 1438 3792 perditionem
1473 3730 1735 3789 timebant
1766 3737 1857 3806 qui
1877 3715 2118 3794 mortem

548 3804 824 3863 hominum
854 3812 1328 3885 pertimescebant,
1356 3821 1476 3876 ideo
1499 3823 1613 3892 ipso
1638 3804 1847 3881 timoris
1870 3844 2121 3887 sermone

550 3897 721 3956 utitur
752 3899 1028 3967 Dominus,
1064 3914 1119 3960 et
1161 3908 1337 3966 dicit:
1395 3910 1591 3975 Timete
1645 3925 1821 3971 autem
1869 3935 1984 3974 eum
2031 3923 2121 3990 qui

549 3994 718 4053 potest
753 3995 807 4042 et
845 3992 1078 4047 animant
1108 4006 1158 4049 et
1202 4013 1390 4068 corpus
1428 4002 1644 4067 perdere
1689 4006 1747 4061 in
1792 4009 2022 4077 geltenna
2050 4012 2118 4071 “.

549 4071 736 4143 Neque
756 4077 897 4132 enim
921 4084 1252 4139 convertitur
1272 4089 1448 4143 anima
1471 4093 1538 4146 ad
1559 4071 1937 4153 mortalitatem
1964 4115 1981 4166 ;
2004 4102 2123 4157 sine

550 4164 871 4233 poenitentia
904 4170 1047 4224 enim
1091 4184 1218 4230 sunt
1261 4176 1352 4233 Dei
1385 4180 1546 4239 dona.
1587 4182 1773 4255 Neque
1807 4164 1999 4245 iterum
2036 4206 2120 4247 re-

551 4260 904 4316 surrectionis
942 4266 1301 4334 promissione
1349 4271 1683 4345 infringitur,
1721 4281 1817 4335 sed
1850 4282 1991 4337 sicut
2024 4299 2122 4355 per

547 4348 725 4429 Adam
744 4366 935 4409 omnes
957 4358 1243 4425 morimur,
1271 4362 1341 4415 ila
1364 4373 1419 4418 et
1443 4380 1538 4433 per
1560 4366 1845 4427 Dominum
1877 4348 2119 4433 nostrum

550 4439 823 4498 Christum
842 4459 1030 4501 omnes
1052 4452 1401 4523 resurgimus.
1420 4456 1769 4516 Communem
1794 4464 1935 4519 enim
1961 4465 2119 4522 istam

2230 1988 2521 2056 citudines,
2569 1989 2693 2046 ait:
2732 1991 2796 2048 Si
2831 1991 3012 2062 {suum
3055 1998 3174 2068 agri
3222 1998 3366 2069 quod
3407 2000 3571 2056 hodie
3613 2012 3720 2068 est,
3766 2015 3814 2059 et

2227 2079 2456 2135 crastino
2490 2081 2547 2135 in
2574 2081 2838 2137 clibanum
2867 2087 3116 2153 mittitur,
3142 2086 3282 2145 Deus
3308 2090 3384 2145 ita
3411 2094 3590 2158 vestit,
3614 2106 3815 2163 qucum

2227 2175 2395 2244 magis
2416 2191 2535 2243 nos,
2564 2175 2786 2233 modica
2806 2176 2931 2246 ﬁdei
2952 2178 3041 2235 "2
3064 2178 3111 2235 Δ
3140 2180 3379 2238 minimis
3405 2183 3667 2242 admouet
3697 2200 3815 2255 eos,

2226 2266 2318 2336 qui
2352 2267 2561 2323 meliori
2589 2278 2718 2324 sunt
2745 2270 3011 2340 dignitate
3037 2285 3055 2326 :
3087 2271 3160 2327 ita
3192 2282 3250 2330 et
3277 2290 3422 2332 nunc
3452 2277 3582 2346 quia
3611 2278 3818 2336 nullius

2226 2358 2383 2428 pretii
2426 2369 2553 2416 sunt
2582 2375 2856 2431 passeres,
2904 2373 3171 2433 quantum
3221 2365 3291 2421 ad
3342 2370 3815 2438 comparationem

2225 2449 2541 2515 hominum;
2595 2465 2763 2521 parvo
2814 2460 2999 2508 autem
3043 2454 3255 2523 pretio.
3285 2464 3346 2512 ut
3393 2457 3602 2514 nullius
3654 2460 3815 2529 pretii

2223 2538 2632 2608 distrahuntur;
2675 2542 2900 2614 cupiens
2946 2557 3045 2599 nos
3073 2543 3369 2601 admonere
3393 2544 3686 2616 dignitatis
3716 2564 3815 2604 no-

2223 2638 2376 2690 stras.
2408 2631 2658 2700 producit
2677 2641 2995 2689 constantes
3022 2633 3139 2690 fieri
3184 2634 3405 2693 debere.
3440 2636 3641 2694 Nouus
3682 2642 3812 2707 duo,

2225 2721 2429 2791 inquit,
2472 2739 2707 2792 passeres
2748 2726 2955 2780 assario
2995 2726 3391 2796 distrahuntur,
3435 2739 3487 2783 et
3525 2745 3703 2786 uuuus
3749 2748 3814 2788 es

2223 2813 2350 2882 ipsis
2369 2854 2386 2879 ,
2415 2830 2521 2868 non
2556 2817 2662 2871 duo
2691 2816 2876 2885 simul,
2909 2817 3006 2873 sed
3031 2834 3197 2874 unum
3226 2834 3295 2875 ex
3328 2819 3488 2890 ipsis,
3517 2838 3627 2877 non
3664 2824 3812 2879 edit

2224 2906 2281 2959 in
2313 2906 2551 2961 terram!
2577 2906 2807 2978 Propter
2833 2908 3071 2965 volatum
3108 2910 3206 2976 ait,
3233 2926 3333 2980 pro
3364 2926 3431 2967 eo
3476 2922 3537 2968 ut
3578 2913 3810 2980 diceret.

2225 3013 2330 3054 non
2363 2999 2605 3069 capietur
2659 3001 2777 3056 sine
2827 3000 2989 3056 Patre
3027 3012 3230 3058 vestro.
3268 3002 3325 3059 Si
3363 3003 3530 3075 igitur
3571 3020 3805 3075 quorum

2223 3107 2332 3148 non
2375 3102 2461 3148 est
2496 3092 2681 3159 Pater,
2726 3109 2829 3148 nec
2862 3094 3146 3149 minimum
3193 3095 3444 3166 proditur
3483 3097 3608 3153 sine
3648 3099 3804 3169 ipso;

2224 3183 2395 3239 multo
2432 3185 2602 3255 magis
2628 3184 2779 3240 vobis
2808 3200 3039 3255 quorum
3082 3194 3168 3241 est
3191 3186 3377 3252 Pater,
3416 3189 3689 3257 prabebit
3713 3192 3807 3246 de-

2222 3275 2543 3332 fensionem.
2600 3276 2767 3332 Vestri
2815 3289 3023 3346 autem,
3074 3278 3283 3350 inquit,
3315 3290 3369 3335 et
3396 3280 3581 3347 capilli
3615 3283 3809 3353 cupitis

2222 3369 2487 3423 numerati
2522 3380 2642 3425 sunt
2661 3371 2726 3425 ’⁸.
2764 3370 2952 3427 Timor
2971 3372 3038 3427 de
3061 3373 3237 3428 anima
3271 3383 3423 3439 erat,
3450 3382 3547 3429 aut
3576 3377 3646 3432 de
3687 3389 3808 3433 eor-

2221 3460 2396 3529 porel
2444 3459 2550 3517 Sed
2593 3462 2660 3516 de
2699 3464 2899 3527 aitima,
2946 3463 3143 3534 inquit,
3185 3465 3352 3521 nolite
3390 3466 3586 3522 timere
3634 3483 3652 3522 :
3702 3481 3809 3523 non

2224 3561 2477 3621 poterunt
2508 3554 2678 3621 enim,
2713 3556 2811 3619 ait,
2842 3571 2912 3612 ne
2938 3556 3157 3626 quidem
3186 3556 3279 3627 qui
3313 3556 3621 3625 voluerint,
3659 3563 3806 3616 occi-

2222 3642 2351 3697 dere
2396 3643 2655 3700 animam.
2692 3645 2797 3701 Sed
2835 3646 2905 3703 de
2932 3662 3160 3717 corpore
3192 3648 3433 3705 timetis?
3460 3649 3572 3706 Nec
3608 3652 3680 3708 de
3716 3669 3810 3709 ca-

2224 3735 2369 3803 pillis
2409 3738 2604 3807 capitis
2632 3740 2795 3793 vestri
2842 3741 3034 3796 timere
3073 3740 3309 3809 debetis;
3342 3743 3611 3798 numerati
3654 3754 3804 3802 sunt.

2230 3825 2286 3883 Si
2312 3829 2479 3899 igitur
2500 3845 2676 3901 neque
2701 3831 2768 3886 de
2795 3833 2998 3898 anima,
3044 3847 3221 3904 neque
3250 3835 3315 3890 de
3343 3849 3578 3905 corpore
3605 3838 3806 3894 timere

2225 3932 2472 3992 oportet;
2515 3934 2778 3992 quantum
2827 3927 2893 3979 ad
2938 3939 3038 3981 nos
3082 3934 3309 3995 spectat,
3345 3925 3560 3983 ablatus
3604 3938 3695 3984 est
3736 3929 3805 3984 ti-

2230 4027 2352 4067 mor
2384 4031 2401 4071 :
2436 4010 2606 4068 Vestri
2626 4015 2786 4079 enim,
2821 4016 3015 4086 inquit,
3042 4027 3093 4072 et
3120 4017 3302 4083 capilli
3321 4019 3509 4085 capitis
3540 4024 3806 4076 numerati

2222 4116 2368 4161 sunt.
2424 4104 2562 4160 Num
2614 4110 2787 4163 nostri
2833 4118 3040 4164 tantum
3086 4111 3301 4181 capilli?
3348 4111 3609 4168 Sabulum
3656 4115 3805 4170 enim

2228 4196 2398 4252 maris
2437 4196 2569 4253 latet
2600 4198 2885 4255 scientiam
2915 4199 3055 4256 Dei?
3086 4213 3182 4258 aut
3223 4204 3367 4259 enim
3414 4206 3626 4262 semina
3670 4206 3805 4275 feni,

2229 4297 2323 4342 aut
2351 4303 2545 4358 penum
2568 4305 2849 4360 passerum
2879 4294 3236 4364 ignorantur?
3263 4298 3535 4364 Quantum
3559 4303 3710 4357 enim
3737 4304 3804 4358 ad

2225 4395 2531 4437 sermonem
2583 4394 2823 4455 spectat,
2869 4386 3083 4443 videtur
3135 4388 3345 4455 dicere,
3397 4392 3528 4461 quia
3586 4403 3807 4451 vestros

2222 4471 2391 4525 etiam
2416 4472 2640 4540 capillos
2667 4476 2814 4530 novit
2844 4476 3009 4532 Deus.
3035 4477 3157 4533 Alia
3188 4488 3367 4535 autem
3396 4495 3515 4551 qua:
3538 4492 3807 4553 putantur

553 4545 783 4587 mortem
807 4535 977 4591 Adam
1007 4540 1302 4599 introduxit
1343 4548 1412 4603 ob
1436 4547 1722 4618 peccatum
1763 4572 1777 4609 :
1816 4558 1993 4613 erexit
2022 4576 2119 4615 au-
2152 4554 2197 4610 ι)
2228 4535 2654 4634 contemptibilia
2682 4582 2805 4624 esse
2829 4584 2936 4625 non
2969 4572 3289 4638 contemnit,
3315 4573 3410 4628 sed
3435 4574 3603 4630 habet
3622 4576 3807 4633 scien-

551 4628 659 4677 tem
688 4621 734 4678 is
761 4624 852 4695 qui
878 4630 1167 4700 assumpsit
1193 4633 1365 4689 Adam
1406 4638 1473 4692 ad
1504 4644 1977 4702 resurrectionem.
2023 4647 2117 4706 ille

548 4712 692 4769 enim
720 4716 811 4785 qui
844 4717 909 4804 de
945 4728 1089 4775 terra
1118 4734 1234 4789 est,
1266 4726 1565 4785 introduxit
1598 4742 1861 4803 mortem;
1894 4739 1985 4809 qui
2022 4756 2119 4794 au-

551 4812 660 4858 tem
690 4800 972 4863 desursum
1007 4814 1178 4878 venit,
1210 4816 1511 4876 introduxit
1543 4800 2017 4887 resurrectionem.
2051 4833 2120 4889 Et

548 4899 875 4953 resurrectio
918 4902 1129 4971 quidem
1182 4913 1482 4967 communis
1514 4923 1600 4969 est
1632 4918 1914 4987 omnibus;
1949 4924 2118 4981 hare-

550 4986 691 5043 ditas
735 5000 926 5086 autem
968 5010 1153 5051 eorum
1193 5001 1283 5068 qui
1329 5016 1393 5058 ex
1433 5006 1648 5065 viaticis
1694 5010 1897 5082 aliquid
1930 5018 2115 5086 profe-

547 5088 674 5135 runt
722 5082 853 5149 suis.
894 5081 1253 5145 Prmcesserat
1286 5093 1447 5162 igitur
1484 5081 1903 5169 adventuspsed
1930 5081 2116 5179 reper-

547 5172 717 5227 cussit
760 5189 881 5231 eum
917 5178 1111 5247 timor;
1143 5183 1357 5241 solutus
1387 5184 1471 5243 est
1507 5192 1667 5248 timor
1697 5209 1726 5248 a
1764 5172 2117 5258 timore.'Ne-

546 5264 781 5319 cessaris
821 5279 999 5324 autem
1036 5286 1152 5329 erat
1207 5287 1260 5331 et
1311 5274 1632 5343 adhortatio.
1670 5286 1800 5356 Quae
1857 5294 2112 5349 adhorta-

551 5353 660 5408 tio?
690 5355 831 5412 Dicit
869 5362 1126 5421 Dominus
1174 5387 1185 5421 :
1238 5368 1431 5428 Nonne
1456 5375 1569 5430 duo
1595 5353 1872 5448 passeres;
1920 5387 2027 5442 duo
2060 5397 2116 5443 et

548 5458 653 5501 non
688 5450 838 5505 multi
876 5472 891 5507 :
923 5463 976 5509 et
1006 5473 1275 5526 passeres.
1306 5475 1362 5520 et
1397 5482 1502 5522 non
1541 5472 1773 5542 majores
1808 5491 1973 5545 aves;
2008 5496 2113 5535 uno

548 5540 751 5593 essurio
805 5544 1175 5604 distrahuntur
1202 5552 1294 5607 ﬂ?
1332 5571 1507 5629 neque
1554 5540 1660 5618 uno
1704 5567 1915 5623 assario
1968 5586 2105 5626 unus
2214 5592 2402 5649 apum,
2427 5540 2758 5652 divitia;um,

2224 4656 2354 4710 tiam
2380 4657 2643 4713 omnium.
2680 4659 2815 4715 Nam
2845 4671 2902 4716 et
2933 4661 3061 4718 illud
3085 4666 3227 4735 quod
3254 4664 3452 4721 dicitur
3480 4668 3535 4722 in
3560 4667 3811 4740 Scriptu-

2225 4751 2324 4817 ris,
2353 4750 2546 4805 Omnia
2572 4756 2621 4807 ei
2654 4765 2778 4809 nota
2806 4767 2926 4810 sunt
2954 4771 2972 4812 :
3009 4772 3117 4811 non
3154 4758 3343 4815 frivole
3374 4761 3594 4831 quippe,
3626 4779 3805 4834 neque

2226 4854 2352 4896 cum
2401 4842 2605 4909 labore,
2646 4856 2742 4899 aut
2794 4862 2919 4901 cum
2970 4849 3177 4916 dolore,
3228 4853 3324 4907 sed
3360 4852 3804 4915 inenarrabiliter

2222 4933 2405 4986 omnia
2440 4939 2697 5003 praevenit
2738 4938 2987 4994 scientia.
3030 4940 3167 5008 Quid
3200 4958 3330 5015 ergo
3364 4954 3450 5000 est
3474 4949 3618 5016 quod
3643 4965 3805 5007 acce-

2228 5023 2304 5092 pit
2331 5024 2517 5080 dicens
2548 5044 2562 5080 :
2606 5027 2771 5082 Vestri
2800 5041 2973 5085 autem
3008 5044 3055 5086 et
3090 5035 3267 5104 capilli
3312 5039 3501 5107 capitis
3531 5045 3803 5099 numerati

2224 5118 2386 5171 sunt?
2413 5119 2536 5187 quia
2575 5123 2818 5189 provisor
2848 5136 2930 5180 est
2950 5128 3120 5182 vestri
3148 5144 3321 5201 usque
3366 5132 3434 5188 ad
3464 5136 3716 5205 capillos.
3744 5137 3805 5195 Si

2223 5206 2388 5277 igitur
2422 5212 2655 5267 animam
2682 5215 2793 5283 jam
2839 5220 3069 5274 armavit
3108 5219 3535 5295 immortalitate,
3577 5244 3804 5287 carnem

2222 5312 2402 5356 autem
2442 5320 2507 5359 ex
2545 5321 2610 5359 eo
2652 5311 2795 5377 quod
2840 5312 3123 5381 provideat
3147 5324 3203 5369 et
3238 5317 3492 5373 defendat
3521 5335 3703 5393 usque
3734 5326 3804 5381 ad

2220 5394 2477 5463 capillos;
2508 5399 2638 5467 quid
2680 5401 3001 5473 relinquitur
3034 5407 3102 5461 ad
3134 5408 3427 5465 timorem?
3457 5413 3592 5483 quid
3630 5419 3704 5473 ad
3737 5419 3805 5473 ti-

2220 5502 2427 5543 morem
2483 5490 2822 5564 relinquitur,
2879 5504 2935 5550 ut
2990 5496 3299 5556 hominibus
3352 5516 3550 5572 casus,
3610 5518 3805 5580 utpote

2781 5588 3103 5656 amicorum,
3130 5602 3439 5664 parentum,
3463 5598 3801 5671 propinquo-

1748 5741 1762 5757 .
1840 5708 1885 5739 “
1914 5707 2044 5764 ibid.
2123 5712 2168 5744 ⁸⁷
2196 5711 2465 5783 Matthm,
2487 5715 2575 5772 50.
2656 5719 2699 5752 “
2720 5719 2910 5779 Matth.
2937 5724 3099 5790 x,30.
