4000 6456
186 417 336 473 H85

1601 427 1664 479 IN
1710 427 1975 488 MATTH.
2012 431 2079 497 Σ,
2115 435 2206 489 27.

2456 316 2477 355 ‘y

3410 442 3550 498 “86

180 546 313 588 rum
337 574 355 598 ,
398 536 615 607 patriai
644 538 773 610 ipse
810 539 1072 597 aliectus?
1100 542 1227 598 lude
1266 552 1351 599 est
1393 553 1453 597 ut
1491 544 1639 600 dicat
1672 556 1703 601 :‘
1741 546 1818 614 Qa

1953 565 2082 611 ante
2108 558 2214 614 sibi
2252 572 2481 628 parcere
2524 558 2835 616 uoluerunt.
2865 558 3007 627 Quid
3036 558 3186 616 enim
3222 559 3398 617 defuit
3438 563 3552 620 illic

178 624 377 695 diligit
406 637 638 695 patrem
670 646 770 685 aut
804 645 1027 688 matrem
1058 652 1221 704 supra
1260 652 1364 702 me,
1392 653 1498 692 non
1526 650 1607 694 est
1640 656 1725 695 nte
1752 642 1839 695 di-

181 735 330 786 anus
347 722 425 779 ”.
461 721 610 779 Tria
644 728 802 782 enim
851 728 952 784 ista
994 740 1123 784 sunt
1166 744 1288 801 qua:
1328 731 1475 785 circa
1522 746 1645 797 nos,
1691 742 1747 788 et
1786 734 1840 788 in

182 811 357 870 nobis
381 823 443 869 et
479 827 693 872 nostra
722 831 895 875 sunt:
927 822 1071 891 quod
1105 822 1250 877 enim
1278 837 1490 892 sumus,
1521 823 1705 879 anima
1743 840 1827 879 stt-

182 922 346 964 mus.
383 907 449 963 Si
494 910 638 979 quis
667 922 856 968 autem
886 927 941 969 et
972 914 1327 985 semetipsum
1367 916 1619 984 agnoscit
1658 917 1839 971 inten-

183 999 328 1067 tius,
360 1009 425 1057 et
456 1001 650 1059 veluti
693 1006 750 1060 in
792 1008 1034 1063 secundo
1054 1006 1201 1073 loco,
1248 1021 1348 1062 nos
1380 1022 1581 1079 corpus
1612 1022 1839 1075 sumus;

186 1092 303 1149 tria
331 1107 482 1165 ergo
513 1107 659 1152 sunt
696 1112 819 1168 quae
849 1099 903 1153 iu
939 1100 1095 1155 nobis
1121 1108 1247 1155 sunt
1280 1117 1295 1155 :
1325 1115 1449 1171 quae
1474 1110 1656 1156 autem
1691 1101 1839 1157 circa

183 1198 320 1250 nos,
345 1190 787 1260 possessiones,
813 1192 1000 1257 amici,
1032 1202 1285 1263 parentes
1314 1203 1372 1249 et
1403 1195 1603 1265 patria.
1633 1193 1741 1250 Sed
1773 1196 1841 1250 de

185 1276 386 1334 anima
442 1281 648 1340 nullus
702 1285 867 1340 timor
907 1294 1023 1351 est,
1064 1286 1191 1354 quia
1240 1286 1569 1347 immortalis
1599 1296 1709 1343 est.
1758 1287 1835 1343 De

134 1368 137 1371 “
185 1386 448 1440 corpore
480 1375 723 1431 ablatus
758 1384 845 1432 est
872 1377 1058 1443 timor,
1086 1378 1219 1448 quia
1247 1389 1303 1432 et
1348 1378 1528 1447 capilli
1567 1379 1838 1433 numerati

187 1473 351 1521 sunt.
389 1465 476 1522 De
513 1468 610 1525 bis
653 1478 839 1525 autem
863 1484 984 1539 quae
1004 1479 1162 1526 extra
1190 1480 1338 1537 sunt,
1366 1471 1498 1526 dicit
1521 1469 1789 1525 Dominus
1815 1489 1828 1526 :

188 1555 260 1613 Si
289 1562 423 1629 quis
457 1560 750 1633 reliquerit
790 1572 1000 1633 propter
1033 1579 1116 1618 me
1147 1573 1196 1619 et
1239 1580 1399 1635 regna
1428 1563 1679 1618 calorum
1699 1602 1715 1629 ,
1742 1578 1840 1631 pa-

188 1658 359 1715 trem,
402 1662 506 1704 aut
558 1665 812 1719 matrem,
837 1663 930 1708 aut
970 1653 1186 1721 fratres,
1215 1665 1309 1709 aut
1345 1655 1517 1725 'fitios,
1565 1663 1660 1709 aut
1701 1671 1836 1709 uxo-

187 1756 337 1810 rem,
390 1752 498 1797 aut
553 1756 841 1816 cognatos,
889 1755 984 1800 aut
1031 1746 1272 1813 domum,
1306 1748 1516 1801 habebit
1552 1757 1600 1801 et
1634 1747 1691 1800 in
1740 1746 1838 1801 Itoc

188 1835 411 1889 mundo
474 1836 832 1905 centuplum;
880 1839 938 1893 in
1003 1839 1179 1910 futuro
1244 1850 1423 1893 autem
1474 1841 1636 1894 vitam
1686 1849 1838 1895 teter-

1940 649 2008 705 ad
2055 650 2375 710 patientiam
2420 649 2556 707 Dei?
2599 649 2795 707 Nonne
2847 666 3158 722 praconem
3204 654 3549 725 poenitentia:

1940 741 2229 798 constituit
2258 742 2341 800 eis
2375 741 2490 801 Noe
2530 758 2630 813 per
2656 758 2833 800 annos
2862 756 3108 811 centum,
3133 757 3402 817 quantum
3442 762 3545 804 au-

1943 844 2050 889 tem
2086 834 2156 889 ad
2186 849 2341 890 suam
2395 836 2814 906 promissionem
2865 850 2965 907 per
3006 835 3151 893 cxx?
3189 837 3382 895 Nonne
3412 854 3541 897 arca

1941 925 2127 991 ﬁebat,
2151 926 2272 996 ipso
2296 941 2470 997 opere
2492 925 2561 983 ad
2589 928 2976 997 pteniteutiam
3002 929 3233 986 hortans
3252 930 3547 997 homines!

1940 1025 2035 1072 aut
2084 1018 2359 1073 modicum
2418 1027 2540 1074 erat
2593 1034 2726 1086 vas,
2783 1021 2932 1092 quod
2984 1032 3170 1091 posset
3216 1025 3384 1079 etiam
3440 1026 3546 1081 sub

1942 1118 2089 1165 tecto
2126 1107 2429 1165 fabricari?
2486 1109 2683 1168 Nonne
2729 1123 2897 1169 tanta;
2942 1114 3163 1179 quidem
3213 1115 3543 1185 altitudinis,

1942 1209 2110 1256 tanta
2142 1206 2326 1257 autem
2378 1202 2739 1274 longitudinis
2772 1213 2827 1261 et
2874 1204 3184 1263 latitudinis
3234 1209 3544 1265 secundum

1941 1292 2293 1347 mensuram?
2364 1292 2769 1351 Fabricabatur
2844 1305 3027 1351 autem
3100 1311 3229 1351 arca
3290 1306 3352 1353 ut
3411 1304 3545 1355 tuba

1942 1383 2176 1437 maxima
2200 1424 2216 1447 ,
2239 1384 2353 1454 jam
2378 1384 2643 1440 diluvium
2682 1386 2990 1455 praedicans
3035 1385 3310 1453 futurum,
3336 1398 3391 1443 et
3415 1397 3546 1444 ante

1940 1476 2199 1532 diluvium
2229 1478 2607 1548 pceuiteutiam
2636 1479 2906 1536 clamans.
2938 1480 2998 1535 Si
3034 1480 3200 1550 igitur
3224 1496 3329 1537 cxx
3384 1484 3545 1537 annis

1940 1570 2183 1625 revocati
2208 1585 2239 1625 a
2270 1572 2498 1628 malitiis
2530 1587 2638 1628 non
2664 1573 2984 1640 suntsuasi,
3020 1575 3123 1643 ipsi
3157 1575 3266 1629 vim
3296 1574 3543 1629 fecerunt

1941 1672 2003 1717 ut
2033 1678 2197 1733 supra
2220 1678 2317 1721 eos
2343 1664 2609 1720 diluvium
2634 1664 2943 1734 adveniret,
2978 1669 3071 1738 qui
3104 1668 3323 1723 suaderi
3354 1667 3543 1723 uolue-

1940 1754 2069 1811 rint.
2101 1754 2207 1811 Sed
2242 1754 2539 1811 Sodomam
2568 1757 2767 1812 evertit
2788 1756 2933 1813 Deus
2957 1800 2971 1825 ,
3000 1758 3131 1828 quia
3172 1758 3326 1829 prius
3372 1758 3541 1815 Sodov

1941 1848 2087 1900 mitte
2117 1856 2371 1902 naturam
2401 1864 2557 1905 suam
2602 1860 2987 1921 corruperant.
3034 1849 3105 1905 Et
3135 1862 3289 1908 certe
3319 1867 3387 1907 ne
3419 1853 3541 1924 qui.

190 1942 328 1980 nam
353 1927 427 1981 ".
464 1927 626 1998 Ergo
653 1929 798 1984 nulla
831 1933 1052 1985 occasio
1078 1931 1339 1987 derelicta
1382 1942 1468 1986 est
1514 1933 1720 1986 timori.
1759 1932 1835 1986 De
1869 1910 1912 1966 Β
1940 1937 2061 1992 dem
2104 1938 2227 1993 istic
2258 1939 2508 2011 despexit
2554 1941 2736 2009 Deus,
2770 1910 2864 1998 sed
2914 1958 3109 2013 passus
3148 1953 3238 1999 est
3280 1910 3543 1999 Loth'ob

190 2019 390 2074 anima
418 2020 583 2076 enim
616 2023 813 2077 timere
838 2038 945 2079 non
974 2022 1142 2079 debes
1177 2023 1433 2077 timorem
1472 2023 1833 2088 inseusatum,

192 2125 269 2168 ne
323 2115 559 2182 puteris
608 2114 896 2171 mortalem
948 2113 1136 2170 dicere
1175 2114 1568 2170 immortalem.
1613 2114 1721 2169 Sed
1765 2114 1834 2170 de

190 2215 449 2271 corpore
486 2201 661 2258 times
708 2221 722 2258 :
767 2213 1000 2273 possunt
1043 2203 1190 2259 enim
1219 2204 1473 2259 occidere
1520 2218 1535 2257 ;
1586 2202 1832 2258 defendit

195 2308 385 2363 usque
416 2293 493 2348 ad
528 2293 759 2364 capillos
794 2295 888 2365 qui
930 2294 1164 2350 creavit.
1209 2292 1316 2349 Sed
1348 2293 1647 2349 amicitiam
1676 2309 1829 2365 quae-

193 2388 303 2455 ris,
333 2396 396 2442 et
437 2396 697 2457 patrem,
736 2396 791 2440 et
822 2398 1053 2441 matrem
1086 2402 1101 2440 :
1147 2395 1265 2441 esto
1310 2399 1522 2441 memor
1576 2386 1693 2456 ejus
1734 2386 1828 2456 qui

196 2478 283 2534 ait
316 2495 331 2533 :
371 2476 489 2544 Qui
531 2479 709 2549 diligit
751 2488 956 2541 patrem
994 2487 1085 2531 aut
1124 2486 1347 2531 matrem
1378 2492 1546 2555 supra
1575 2493 1677 2542 me,
1722 2493 1829 2533 non

195 2581 281 2625 est
309 2586 399 2625 me
433 2571 637 2642 dignus
660 2570 729 2624 ³¹.
759 2569 867 2625 Sed
897 2570 1138 2632 divitias,
1171 2578 1226 2625 et
1252 2584 1373 2639 qua:
1397 2570 1480 2625 his
1514 2580 1643 2625 sunt
1668 2570 1823 2624 simi-

200 2660 275 2716 lia
308 2662 990 2734 desideraernicuuque
1028 2660 1313 2731 reliquerit
1344 2670 1555 2732 patrem
1585 2671 1681 2717 aut
1707 2676 1825 2716 ma-

201 2762 376 2819 trem,
411 2763 514 2808 aut
537 2756 783 2822 domum,
816 2763 911 2808 aut
951 2768 1291 2824 quaecunque
1335 2761 1466 2809 sunt
1511 2767 1677 2823 supra
1712 2762 1823 2809 ter-

201 2859 329 2901 ram
378 2854 615 2917 propter
640 2858 728 2900 me
761 2854 817 2901 et
860 2858 1027 2915 regna
1058 2843 1346 2913 calorum,
1375 2845 1689 2915 centuplum
1722 2844 1822 2900 ha-

200 2933 364 2990 bebit
393 2951 410 2989 :
445 2936 595 2989 sicut
632 2934 689 2990 hi
730 2935 823 3003 qui
865 2934 1143 2989 seminant
1178 2934 1230 2988 iu
1263 2933 1462 2989 bonam
1491 2944 1712 3000 terram,
1766 2935 1819 2991 in

203 3028 316 3083 isto
347 3027 577 3097 quidem
620 3026 824 3083 saeculo
853 3026 1188 3097 centuplum,
1218 3026 1272 3081 iu
1315 3026 1501 3082 futuro
1528 3037 1710 3082 autem
1739 3028 1820 3083 vi-

203 3128 321 3173 tam
371 3128 667 3174 mteruam.
721 3117 901 3173 Nolite
942 3132 1073 3186 ergo
1116 3117 1330 3173 timere.
1378 3117 1435 3173 Si
1478 3119 1628 3173 enim
1676 3134 1818 3175 unus

201 3226 409 3281 passer
440 3226 552 3268 non
578 3210 725 3266 cadit
753 3211 807 3265 iu
835 3220 1037 3266 terram
1066 3209 1186 3265 sine
1216 3218 1375 3279 patre
1405 3220 1591 3267 vestro
1613 3212 1707 3281 qui
1734 3220 1819 3268 est

203 3303 261 3359 in
300 3303 493 3369 ctelis,
530 3301 824 3357 multorum
870 3308 1055 3356 autem
1100 3313 1385 3369 passerum
1429 3313 1526 3353 vos
1564 3299 1819 3358 meliores

201 3396 383 3464 estis;
425 3410 538 3451 non
573 3395 740 3450 habet
782 3394 967 3449 locum
999 3392 1187 3447 timor.
1231 3390 1369 3459 Quia
1417 3391 1583 3461 igitur
1610 3392 1817 3449 intere-

206 3489 311 3545 mit
344 3489 626 3554 timorem,
650 3486 857 3557 reperit
889 3484 1004 3557 (88)
1033 3484 1359 3540 constantiae
1393 3482 1651 3539 ﬁduciam
1691 3499 1816 3539 cum

202 3578 586 3647 confessione,
622 3587 680 3635 ει
710 3578 842 3635 dicit
887 3595 903 3634 :
936 3576 1122 3632 Omnis
1147 3576 1447 3647 quicunque
1486 3592 1570 3630 me
1602 3576 1812 3646 confes-

204 3689 299 3728 sus
332 3674 497 3745 fuerit
527 3682 652 3727 ante
689 3672 963 3738 homines,
994 3670 1086 3727 isti
1131 3671 1277 3725 enim
1315 3679 1445 3744 sunt
1478 3670 1571 3740 qui
1612 3684 1811 3740 perse-

205 3775 476 3834 quuntur,
510 3766 797 3835 conﬁtebor
824 3774 873 3819 et
911 3780 1005 3835 ego
1039 3779 1159 3817 eum
1204 3772 1326 3817 ante
1365 3759 1587 3815 Patrem
1630 3778 1809 3817 meum

205 3856 299 3926 qui
324 3868 402 3913 est
434 3857 493 3912 in
514 3858 658 3911 caelis
690 3855 755 3910 ³³.
788 3856 851 3913 Et
880 3858 1057 3928 primo
1084 3854 1307 3926 quidem
1337 3854 1615 3925 intercipit
1650 3856 1816 3912 timo.

208 3963 354 4016 rem,
390 3950 631 4010 secundo
659 3957 841 4005 autem
870 3949 1118 4004 immittit
1149 3962 1299 4019 spem
1329 3966 1342 4002 :
1374 3948 1697 4019 Quicunque
1726 3963 1814 4005 me

209 4041 502 4099 confessus
541 4042 707 4098 fuerit
753 4052 883 4098 ante
928 4042 1197 4108 homines,
1244 4041 1553 4097 conﬁtebor
1601 4052 1657 4097 et
1710 4057 1811 4115 ego

207 4146 336 4189 eum
370 4154 384 4190 :
435 4144 566 4203 puta
612 4134 738 4205 quia
766 4133 1081 4190 hominibus
1121 4134 1453 4190 conveniens
1494 4146 1581 4190 est
1632 4135 1805 4191 Deum

208 4227 486 4293 conﬁteri,
521 4227 690 4283 Deum
724 4227 976 4283 homines
1020 4228 1301 4298 quomodo
1339 4230 1597 4284 convenit
1640 4228 1811 4284 conﬂ-

212 4318 357 4373 teri?
384 4316 461 4372 De
488 4318 803 4374 hominibus
833 4330 892 4373 ut
916 4333 1024 4375 non
1054 4321 1201 4375 dicat
1231 4320 1301 4376 ad
1326 4336 1423 4378 eos
1457 4341 1473 4377 :
1504 4321 1753 4379 Recedite
1777 4342 1809 4379 a

209 4422 312 4474 me,
345 4411 521 4465 nescio
561 4426 649 4465 vos
671 4411 749 4479 ⁸³;
782 4412 878 4466 sed
918 4422 980 4467 ut
1017 4413 1195 4482 magis
1224 4413 1372 4469 dicat
1402 4418 1468 4470 ad
1502 4430 1596 4472 eos
1632 4435 1645 4470 :
1693 4414 1797 4472 Ve-

210 4501 340 4567 rtite,
374 4501 632 4557 benedicti
664 4502 984 4559 Patrismei
1009 4503 1073 4559 “.
1116 4504 1349 4564 Intueris
1390 4510 1805 4580 abnegatiouem

1939 2030 2352 2087 contentionem
2425 2044 2705 2102 pastorum
2783 2035 2853 2089 ab
2933 2035 3214 2089 Abraham
3271 2035 3542 2105 separari.

1938 2120 2100 2177 Forte
2150 2131 2333 2178 autem
2381 2134 2436 2180 et
2475 2126 2829 2182 continentia:
2868 2126 3011 2182 sales
3062 2128 3215 2182 misit
3257 2128 3327 2182 ad
3369 2126 3542 2183 Sodo-

1934 2226 2081 2265 mam
2126 2211 2268 2269 Loth
2290 2214 2358 2281 ³⁸,
2407 2225 2469 2271 ut
2511 2215 2632 2285 ejus
2660 2205 2872 2287 justitia
2925 2217 3368 2275 continerentur.
3400 2228 3459 2273 ut
3505 2232 3539 2273 a

1931 2303 2066 2371 sale,
2114 2315 2171 2359 et
2216 2321 2324 2362 non
2371 2320 2882 2379 corrumperentur.
2924 2310 3005 2365 Illi
3056 2319 3241 2367 autem
3294 2321 3350 2366 et
3395 2310 3541 2367 sales

1932 2396 2306 2467 calcaverunt,
2338 2408 2397 2457 et
2420 2400 2681 2458 dixerunt
2708 2407 2777 2459 ad
2816 2418 2948 2458 eum
2976 2405 3071 2474 qui
3104 2404 3396 2469 iusalabat,
3426 2406 3537 2459 lla-

1930 2488 2106 2544 bitare
2137 2492 2363 2557 venisti,
2402 2509 2510 2549 non
2548 2503 2821 2552 tamenet
2858 2497 3130 2568 judicium
3159 2497 3433 2566 judicare.
3468 2498 3539 2555 Et

1930 2582 2048 2638 haec
2074 2585 2323 2641 dicentes
2349 2585 2557 2653 justum
2594 2588 2887 2643 adversum
2920 2604 2979 2643 se
3003 2589 3275 2658 judicium
3320 2591 3533 2646 excita-

1927 2685 2080 2743 runt,
2106 2677 2201 2747 qui
2242 2692 2349 2732 non
2383 2676 2537 2734 fuere
2577 2680 2824 2735 contenti
2864 2681 3134 2736 adversus
3160 2681 3413 2737 homines
3446 2682 3534 2737 itt-

1925 2768 2109 2839 digua,
2149 2771 2246 2826 sed
2291 2779 2347 2825 et
2395 2769 2745 2827 insanierunt
2787 2772 3055 2828 adversus
3108 2774 3258 2845 ipsus
3310 2786 3538 2833 sanctos

1923 2862 2168 2931 angelos,
2204 2862 2296 2932 qui
2338 2874 2603 2919 venerant
2634 2865 2918 2921 vindicare
2955 2865 3212 2933 injuriam
3245 2868 3532 2923 hominum

1923 2955 1992 3011 ab
2019 2955 2228 3011 eisdem
2263 2956 2588 3012 admissam.
2624 2956 2733 3012 Sed
2761 2971 2943 3029 neque
2966 2958 3079 3013 Noe
3104 2959 3355 3029 deepcxit
3384 2960 3535 3018 Deus

1922 3048 1978 3104 in
2020 3046 2261 3114 diluvio;
2310 3050 2581 3104 numerati
2620 3050 2771 3104 enim
2807 3059 2968 3105 erant
3011 3050 3133 3118 ejus
3163 3051 3391 3121 capilli:
3437 3066 3536 3109 ne-

1922 3149 2028 3211 que
2067 3140 2209 3197 Loth
2256 3141 2397 3212 apud
2450 3140 2770 3200 Sodomam.
2816 3142 2925 3200 Alii
2974 3152 3158 3200 autem
3202 3146 3374 3201 Deum
3415 3160 3529 3203 non

1844 3254 1889 3313 α
1922 3242 2108 3290 tamen
2136 3234 2390 3291 homines
2421 3233 2768 3291 oﬂ'enderuut
2791 3276 2809 3305 ,
2840 3236 2932 3306 qui
2968 3237 3399 3294 immutaverunt
3430 3238 3533 3294 hu-

1924 3338 2146 3379 manam
2189 3337 2467 3381 naturam.
2508 3324 2627 3381 Non
2662 3336 2749 3382 est
2777 3341 2909 3398 ergo
2956 3327 3356 3398 increpandum
3389 3328 3527 3394 Deo,

1923 3416 2051 3488 quia
2092 3431 2194 3473 nec
2228 3417 2274 3472 si
2307 3415 2449 3472 tauri
2494 3416 2824 3473 occiduntur
2862 3418 2930 3473 ad
2962 3432 3153 3485 usum,
3186 3433 3365 3490 neque
3400 3421 3531 3490 quia

1922 3526 2051 3567 oves
2078 3520 2135 3566 et
2162 3509 2466 3577 columbas;
2504 3509 2853 3566 varillcatum
2888 3512 3037 3567 enim
3070 3522 3155 3567 est
3200 3526 3364 3569 omne
3400 3512 3527 3581 hoc,

1919 3612 1977 3659 et
2020 3602 2357 3658 abundantia
2405 3612 2493 3665 est
2539 3602 2748 3668 multa,
2794 3611 2849 3657 et
2893 3602 2998 3658 alia
3042 3603 3167 3658 aliis
3210 3606 3527 3662 necessaria

1920 3704 2075 3763 sunt,
2125 3703 2181 3749 et
2214 3694 2319 3750 alia
2355 3694 2520 3750 aliter
2571 3706 2757 3750 creata
2805 3705 2954 3751 sunt.
3004 3695 3158 3751 Sicut
3202 3696 3371 3768 igitur
3424 3714 3528 3769 pro

1921 3788 2092 3844 tauris
2113 3788 2207 3859 qui
2230 3787 2561 3844 occiduntur
2590 3789 2657 3843 ad
2685 3803 2845 3843 usum
2869 3803 2975 3845 non
3000 3791 3319 3859 increpatur
3342 3789 3523 3860 Deus;

1918 3884 1972 3929 et
2006 3885 2154 3930 certe
2184 3877 2324 3929 tauri
2356 3890 2464 3931 non
2498 3885 2729 3947 peccant
2752 3918 2766 3941 ,
2799 3892 2984 3948 neque
3015 3889 3102 3935 est
3132 3880 3520 3953 irreligiositas

1916 3965 1971 4019 in
2004 3966 2210 4031 tauris;
2242 3980 2351 4021 non
2393 3968 2570 4021 solum
2604 3982 2715 4022 non
2742 3977 2825 4023 est
2863 3969 3258 4039 increpandum
3290 3971 3358 4025 de
3389 3987 3521 4043 per-

1914 4057 2189 4127 emptione
2227 4057 2696 4129 irreligiosorum,
2730 4061 2827 4116 sed
2862 4073 2915 4115 et
2950 4062 3286 4117 mirandum.
3344 4063 3522 4121 Debet

1914 4144 2059 4201 enim
2107 4146 2315 4203 laudari
2371 4149 2537 4216 Deus,
2596 4151 2728 4222 quia
2793 4164 2996 4208 terram
3055 4154 3215 4225 aquis
3268 4154 3441 4210 abluit
3490 4171 3524 4212 a

1914 4240 2195 4310 spurcitiis
2246 4240 2615 4298 habitantium
2676 4263 2690 4300 :
2746 4246 2909 4301 debet
2951 4248 3197 4317 probari.
3246 4247 3525 4320 quia‘per

1914 4333 2094 4404 ignem
2144 4332 2403 4390 conﬂavit
2456 4346 2706 4392 nostram
2756 4350 3010 4393 naturam
3039 4381 3054 4406 ,
3103 4351 3160 4394 ut
3196 4352 3522 4399 evocaretur

1914 4434 2101 4481 nostra
2157 4427 2426 4498 legitima.
2480 4429 2560 4484 lta
2617 4431 2795 4487 nescit
2850 4432 2994 4489 Deus
3046 4450 3185 4505 quos
3235 4451 3347 4492 non
3402 4439 3523 4494 vult

1914 4532 2109 4584 nosse,
2148 4519 2219 4573 ita
2263 4518 2541 4588 ignoravit
2571 4535 2668 4577 eos
2696 4523 2791 4594 qui
2824 4525 2930 4581 sub
2965 4525 3110 4593 Noe;
3166 4528 3239 4583 ita
3284 4531 3519 4587 nescivit

209 4589 333 4692 ‘Filii
357 4593 431 4692 de
452 4586 785 4667 hominibus,
825 4608 882 4653 et
913 4597 1317 4692 coniessionem
1347 4602 1438 4657 Dei
1469 4604 1536 4659 de
1574 4604 1809 4660 homini-
1837 4635 1883 4692 υ
1912 4622 2006 4661 eos
2035 4609 2125 4677 qui
2165 4608 2267 4665 sub
2297 4586 2467 4679 Loth,
2505 4621 2563 4667 et
2593 4626 2690 4669 eos
2714 4586 2816 4685 qui
2848 4586 3189 4686 negaverunt
3218 4635 3344 4675 eum
3388 4586 3518 4678 ante

209 4683 353 4741 bus?
390 4686 531 4742 Num
573 4689 833 4758 possibile
859 4698 944 4746 est
980 4690 1032 4746 ei
1074 4690 1289 4759 dicere,
1321 4697 1507 4750 nescio
1536 4693 1803 4752 Patrem?

211 4774 329 4833 Scit
350 4780 551 4849 quippe
584 4788 639 4836 et
672 4780 945 4849 homines,
973 4793 1028 4837 et
1062 4784 1163 4839 hos
1194 4795 1512 4855 peccatores
1539 4789 1753 4857 ignorat
1787 4810 1799 4844 :

207 4869 642 4927 additamentum
708 4873 855 4927 enim
914 4875 1018 4930 hoc
1085 4876 1413 4933 solutionem
1477 4880 1801 4951 quaestionis

207 4958 446 5028 prabet;
472 4961 600 5031 quia
632 4963 778 5018 enim
808 4974 1128 5033 peccatores
1154 4969 1323 5038 ignoti
1352 4981 1501 5039 sunt,
1534 4987 1641 5027 non
1672 4971 1799 5041 quia

208 5051 550 5121 ignorantur,
596 5055 691 5109 sed
719 5057 847 5127 quia
889 5073 996 5113 non
1042 5060 1110 5114 ab
1153 5075 1218 5116 eo
1260 5065 1597 5122 conlitentur
1645 5086 1659 5122 :
1701 5083 1798 5126 eos

207 5148 348 5202 enim
402 5147 494 5216 qui
542 5149 702 5206 malae
747 5160 876 5207 sunt
928 5153 1052 5210 vita:
1101 5156 1282 5211 nescit
1337 5157 1517 5214 sciens
1565 5175 1661 5217 eos
1704 5164 1796 5232 qui

208 5241 336 5295 sint.
379 5240 435 5295 Si
480 5242 625 5296 enim
653 5254 1104 5312 computareutur
1154 5248 1298 5303 inter
1320 5251 1473 5305 vivos
1502 5253 1655 5318 mali,
1687 5270 1793 5309 non

209 5331 439 5387 venisset
465 5331 727 5388 diluvium
760 5338 860 5389 sub
896 5335 1011 5392 Noe
1047 5358 1059 5392 :
1092 5349 1146 5393 et
1175 5340 1311 5395 alios
1338 5342 1555 5411 quidem
1588 5359 1796 5400 connu-

210 5422 437 5478 meravit
478 5439 615 5493 quos
643 5427 841 5493 salvat,
874 5445 1012 5499 quos
1046 5442 1229 5487 autem
1270 5435 1469 5500 nescit,
1512 5436 1689 5504 perdit
1734 5448 1795 5493 ut

210 5524 399 5585 purget
443 5523 666 5572 terram.
707 5516 825 5573 Non
876 5536 1005 5591 ergo
1051 5523 1240 5579 debuit
1284 5527 1365 5581 eis
1410 5540 1661 5596 parcere,
1695 5528 1789 5601 qui

277 5656 531 5753 :Ablattbn.
558 5660 762 5753 x357.“
786 5662 1177 5753 :fqll‘latthxnt',
1204 5666 1295 5724 29.
1372 5668 1414 5701 ⁸¹
1453 5667 1641 5725 Matth.
1675 5684 1768 5739 xv,
1792 5672 1881 5728 37.
1960 5673 2005 5707 “
2040 5674 2235 5736 Matth.
2259 5681 2427 5749 x,52.
2506 5682 2552 5715 ³³
2580 5682 2771 5743 Matth.
2808 5702 2939 5753 xxv,
2974 5685 3062 5743 i2.

211 5726 251 5759 "
277 5726 412 5784 Gen.
444 5745 558 5795 six,
587 5731 641 5787 9.
718 5733 763 5764 ³⁸
782 5733 969 5789 Matth.
1014 5752 1070 5801 χ,
1104 5738 1191 5793 33.

277 5864 387 5935 (88)
415 5837 637 5928 ﬂeverit.
662 5870 844 5937 Forte,
878 5873 1085 5939 repetit.

1912 4700 2187 4770 homines,
2215 4703 2282 4759 de
2315 4704 2514 4772 quibus
2544 4718 2599 4761 et
2629 4705 2762 4762 dicit
2794 4724 2808 4762 :
2844 4707 3161 4782 Quicunque
3188 4727 3267 4768 me
3296 4730 3521 4785 negare-

1902 4794 1971 4846 rit
1998 4810 2175 4847 coram
2196 4795 2519 4861 hominibus,
2545 4798 2745 4867 negabo
2781 4807 2832 4853 et
2857 4816 2950 4871 ego
2979 4819 3096 4857 eum
3120 4821 3301 4859 coram
3342 4803 3508 4861 Patre

1902 4901 2017 4939 meo
2041 4888 2133 4957 qui
2159 4896 2236 4941 est
2269 4889 2325 4943 in
2357 4890 2499 4945 caelis
2527 4891 2597 4945 ".
2629 4892 2842 4963 Negant
2875 4907 3056 4951 autem
3088 4897 3368 4953 Christum
3401 4914 3510 4956 non

1901 4976 2077 5031 solum
2113 4978 2165 5032 hi
2203 4981 2295 5050 qui
2330 4982 2383 5035 in
2419 4985 2806 5053 persecutione
2839 4997 3062 5061 negant,
3101 4990 3373 5060 siquidem
3405 5008 3509 5049 nec

1907 5069 1997 5139 qui
2021 5070 2354 5128 conﬁtentur
2378 5075 2432 5129 in
2466 5080 2966 5148 persecutionibus,
3004 5082 3106 5153 ipsi
3132 5083 3229 5139 soli
3262 5094 3389 5140 sunt
3414 5088 3508 5155 qui

1907 5161 2282 5221 conlitentur:
2333 5168 2428 5222 sed
2473 5170 2871 5249 descendamus
2912 5174 2981 5229 ad
3027 5178 3269 5247 negotia,
3310 5188 3368 5231 et
3419 5178 3510 5232 fu-

1905 5255 2118 5323 giamus
2148 5258 2633 5330 irreligiositatem.
2672 5266 2774 5333 Qui
2824 5277 2953 5323 sunt
2995 5282 3128 5339 ergo
3174 5273 3267 5340 qui
3304 5282 3511 5341 negant

1904 5346 2122 5415 Filium,
2155 5361 2212 5406 et
2242 5353 2357 5419 ubi,
2385 5365 2439 5410 et
2474 5357 2528 5411 in
2558 5358 2781 5428 quibus,
2807 5360 3182 5419 advertamus.
3215 5361 3351 5421 Cum
3383 5364 3508 5434 quis

1905 5439 2210 5509 ingreditur
2247 5444 2522 5503 civitatem
2561 5452 2846 5521 gentilium
2870 5493 2888 5519 ,
2937 5464 2993 5511 et
3020 5455 3287 5527 religione
3331 5470 3503 5525 espo-

1904 5540 2091 5589 scente
2135 5528 2299 5593 fronti
2330 5538 2613 5611 imponere
2654 5546 2995 5619 signaculum
3027 5549 3208 5604 crucis
3240 5546 3504 5604 confusus

3162 5684 3209 5720 “
3233 5685 3366 5743 ibitl.
3404 5685 3499 5742 54.
