4000 6476
191 484 329 541 1189

1262 473 1352 530 DE
1390 468 1735 528 OPERIBUS
1774 465 1976 522 BONIS
2015 465 2103 520 ET
2143 464 2374 524 MALlS.

3346 469 3489 525 1190

186 601 485 673 aliquando
506 598 736 656 inferior
760 596 931 666 iacet,
957 605 1011 650 et
1041 595 1094 649 in
1122 593 1238 664 ipsa
1267 590 1661 649 colluctatione
1684 586 1795 643 fre-
1824 592 1870 647 Α
1899 586 1987 639 nia
2055 583 2393 673 dispendium
2441 579 2846 637 obumbratum.
2904 579 3005 636 Ubi
3060 589 3145 638 est
3194 582 3493 640 hesternus

185 703 416 765 quenter
462 692 759 748 conversio
814 698 898 744 est
942 687 1114 752 facta;
1168 688 1240 740 ita
1271 692 1326 739 et
1361 697 1558 739 sensus
1592 680 1789 749 saepius

178 800 307 842 cum
339 783 795 851 concupiscentia
824 780 1062 835 luctatus
1098 785 1185 831 est
1213 775 1269 830 in
1295 774 1528 838 lectulis,
1561 772 1615 826 in
1649 770 1788 836 foro,

181 875 235 929 in
265 875 457 941 domo,
494 874 551 927 in
588 873 844 936 theatris,
878 872 932 926 in
977 867 1351 939 lupanaribus.
1396 865 1461 920 Et
1489 865 1605 920 ham
1656 861 1792 917 facit

178 980 306 1036 qua:
352 974 410 1020 et
452 963 640 1019 oculis
676 964 921 1018 videmus
956 960 1244 1015 visibiliter
1273 977 1286 1011 :
1324 958 1495 1011 tenuit
1526 953 1788 1023 concupi-

175 1058 419 1121 scentia,
458 1064 519 1109 et
556 1052 767 1126 pepulit
798 1070 1039 1117 sensum,
1073 1061 1128 1105 et
1164 1049 1364 1105 occidit
1405 1046 1700 1117 cogitatus,
1736 1052 1792 1098 et

174 1148 544 1220 superposuit
604 1163 667 1204 se
706 1146 1163 1215 concupiscentia.
1214 1145 1409 1198 lterum
1456 1150 1639 1194 autem
1685 1138 1789 1190 vim

172 1240 394 1295 faciens
442 1252 657 1292 sensus
702 1244 982 1291 correctus
1036 1242 1137 1291 est.
1200 1242 1251 1286 et
1298 1229 1581 1299 superbior
1616 1226 1792 1279 factus

170 1339 284 1396 est,
319 1330 618 1401 superavit
651 1325 976 1383 desiderium
1020 1323 1365 1379 libidinosum
1398 1334 1413 1373 :
1449 1320 1640 1373 horum
1674 1330 1793 1369 om-

168 1425 329 1478 nium
360 1422 815 1491 experimentum
845 1417 983 1485 apud
1012 1430 1110 1470 vos
1141 1421 1249 1469 est.
1281 1413 1447 1467 Scitis
1476 1411 1619 1465 enim
1651 1423 1791 1476 quo-

172 1512 282 1568 ties
335 1513 407 1566 ad
455 1509 993 1580 concupiscentiam,
1024 1506 1237 1576 quoties
1278 1504 1345 1557 ad
1374 1502 1648 1557 libidinem
1675 1499 1793 1552 ille-

168 1606 245 1661 cti
282 1606 453 1667 estis,
483 1604 710 1673 quoties
740 1600 806 1653 ad
835 1598 1146 1663 avaritiam,
1176 1595 1394 1666 quoties
1418 1594 1485 1648 ad
1517 1592 1787 1657 fraudem,

169 1698 402 1767 quOties
432 1696 506 1749 ad
546 1696 712 1759 iram,
747 1693 958 1761 quoties
994 1690 1061 1744 ad
1109 1686 1533 1755 indignationem
1571 1701 1585 1738 :
1622 1683 1791 1737 decli-

168 1790 262 1844 vis
282 1789 442 1844 enim
469 1802 610 1843 caro
643 1786 709 1840 ad
743 1787 843 1838 ista
869 1792 952 1838 est
981 1782 1132 1846 vitia,
1157 1791 1209 1835 et
1243 1781 1409 1850 ipsius
1430 1778 1614 1832 carnis
1644 1790 1792 1831 mea-

173 1889 288 1936 tus.
320 1879 519 1934 Vincit
563 1887 744 1933 autem
774 1877 889 1930 hac
917 1875 1187 1945 cogitatus
1213 1873 1517 1927 coltuctans
1550 1885 1646 1939 per
1678 1868 1791 1938 spi-

1896 674 2033 741 dies,
2090 686 2147 729 ut
2177 676 2252 729 sis
2292 672 2556 729 sollicitus
2602 673 2669 727 de
2722 673 3027 728 hodierno?
3061 674 3149 729 ubi
3206 687 3333 732 sunt
3369 692 3495 747 quae

1896 764 2013 819 heri
2064 764 2115 818 in
2169 772 2412 818 ventrem
2448 762 2613 816 missa
2664 772 2811 831 sunt,
2858 772 2917 817 ut
2971 765 3165 819 iterum
3218 782 3493 837 prmpares

1896 856 2104 911 multa?
2128 854 2321 924 Figura
2354 862 2437 909 est
2462 868 2702 923 praesens
2731 855 3011 921 saeculum,
3043 866 3098 910 et
3124 872 3229 911 non
3254 860 3487 917 veritas:

1898 949 2105 1002 umbra:
2149 947 2393 1001 volantes
2438 956 2585 1001 sunt.
2628 945 2766 1012 Quid
2829 946 3070 1003 velocius
3121 950 3235 1004 sole
3292 952 3345 1006 in
3383 967 3491 1023 quo

1899 1048 2245 1094 mensuratur
2276 1038 2383 1091 vita
2408 1037 2431 1091 ἳ
2460 1038 2743 1107 Evigilate,
2779 1038 2921 1106 iusti.
2949 1047 3005 1093 et
3044 1040 3210 1094 nolite
3237 1056 3485 1109 peccare.

1898 1132 2184 1186 Peccatum
2239 1138 2424 1184 autem
2471 1130 2701 1185 efﬁcitur
2741 1130 2811 1184 ob
2857 1133 3221 1201 ignorantiam
3257 1132 3372 1188 Dei.
3430 1134 3487 1188 Si

1897 1220 2044 1275 enim
2102 1220 2319 1290 agnitus
2351 1220 2520 1274 fuerit
2571 1220 2712 1276 Deus
2746 1223 2838 1291 qui
2873 1222 3054 1275 omnia
3100 1224 3361 1289 intuetur,
3401 1240 3489 1281 re-

1898 1312 2203 1380 percutitur
2233 1326 2397 1367 omne
2440 1321 2748 1380 peccatum.
2808 1315 2915 1367 Deo
2944 1314 3091 1367 enim
3129 1326 3396 1382 praesente
3437 1327 3490 1373 et

1898 1404 2119 1458 vidente
2148 1405 2271 1473 quis
2295 1404 2427 1459 velit
2474 1403 2687 1459 furari?
2712 1403 2813 1471 Qui
2844 1414 3027 1461 autem
3059 1408 3303 1476 furatur,
3340 1411 3491 1479 prius

1901 1495 2369 1567 irreligiositatem
2404 1497 2663 1563 admittit,
2695 1505 2750 1551 ct
2792 1498 2866 1552 ita
2918 1510 3097 1554 nocet.
3138 1500 3196 1555 Si
3228 1502 3373 1556 enim
3403 1518 3491 1560 co-

1898 1589 2126 1659 gitasset
2173 1588 2306 1645 Cain
2350 1590 2477 1659 quia
2508 1591 2657 1645 videt
2684 1592 2850 1655 Deus,
2895 1608 3171 1663 nunquam
3200 1594 3491 1649 occidisset

1897 1678 2053 1744 Abel,
2085 1694 2248 1749 quem
2293 1690 2349 1735 et
2381 1681 2674 1749 abnegavit
2721 1682 2968 1739 fratrem.
2995 1682 3053 1737 Si
3082 1683 3346 1740 vidissent
3379 1685 3491 1740 Eva

1899 1780 1955 1825 et
1998 1771 2170 1825 Adam
2201 1772 2392 1835 Dettm,
2444 1787 2550 1829 non
2596 1774 2863 1828 vidissent
2924 1776 3197 1831 arborem.
3239 1766 3491 1845 Nunquid

1903 1877 2193 1932 possumus
2239 1864 2293 1919 in
2316 1866 2457 1920 .duas
2480 1865 2647 1920 facies
2682 1868 3054 1922 simul‘visum
3082 1870 3363 1924 intendere
3395 1884 3495 1923 no.

175 1974 378 2029 ritum.
412 1970 497 2025 Ita
541 1981 930 2037 nonnunquam
964 1967 1213 2019 videmus
1241 1976 1531 2036 pauperem
1563 1980 1575 2014 :
1612 1968 1669 2015 et
1696 1960 1793 2013 mi-
1829 1954 1871 2008 Β
1897 1957 2117 2011 stram?
2146 1957 2253 2012 Sed
2281 1974 2386 2014 non
2410 1959 2636 2028 suscipit
2658 1958 2865 2014 oculus.
2900 1958 3018 2014 Non
3058 1975 3339 2028 possumus
3362 1976 3494 2030 ergo

175 2061 495 2118 sericordia
535 2060 753 2129 quidem
801 2056 994 2120 ﬂectit,
1026 2055 1251 2110 avaritia
1302 2064 1482 2108 autem
1535 2060 1792 2116 revocat;

177 2156 236 2204 et
264 2148 535 2204 volumus
552 2156 908 2215 agnoscentes
933 2159 1055 2198 cum
1079 2157 1247 2213 gener
1264 2152 1349 2197 est
1369 2142 1617 2197 misereri
1642 2140 1791 2213 (90);

181 2241 238 2295 id
270 2249 473 2297 autem
513 2238 662 2307 quod
709 2237 944 2291 alienum
975 2246 1060 2290 est
1092 2250 1199 2289 non
1228 2236 1378 2289 sinit.
1411 2234 1487 2288 lta
1513 2243 1795 2289 certamen

1900 2048 1955 2102 in
1987 2048 2155 2103 Deum
2185 2057 2240 2104 et
2272 2050 2326 2103 in
2367 2050 2651 2105 mulierem
2690 2051 2851 2105 simul
2895 2052 3124 2107 videre:
3158 2054 3300 2107 sicut
3345 2054 3491 2108 enim

1900 2154 2061 2195 nemo
2087 2148 2266 2211 potest
2295 2142 2508 2198 duobus
2544 2144 2783 2200 dominis
2823 2145 3054 2209 servire,
3097 2146 3171 2199 ita
3203 2161 3363 2201 nemo
3397 2162 3495 2215 po.

1900 2240 2007 2286 test
2042 2234 2174 2288 duos
2202 2234 2383 2287 vultus
2421 2233 2581 2289 simul
2622 2235 2912 2304 inspicere.
2942 2226 3178 2291 Tantum
3221 2252 3511 2307 proponat

181 2338 271 2386 est
304 2329 618 2383 maximum
644 2328 694 2380 in
726 2326 1027 2381 istiusmodi
1052 2324 1298 2390 actibus;
1332 2323 1398 2377 de
1428 2324 1539 2377 Deo
1567 2322 1712 2377 enim
1741 2330 1797 2377 et
1896 2332 1987 2378 tur
2006 2331 2134 2378 ante
2155 2324 2345 2393 oculos
2370 2324 2531 2391 Deus,
2558 2334 2613 2380 et
2630 2326 2810 2380 omnia
2838 2328 2888 2380 in
2920 2327 3312 2397 tranquillitate
3328 2338 3487 2395 sunt;

184 2422 257 2477 de
291 2434 620 2477 mammona
675 2427 947 2472 certamen
986 2416 1238 2478 habetur,
1272 2414 1398 2482 quia
1438 2421 1494 2466 et
1537 2410 1799 2465 Dominus

186 2514 313 2584 ipse
344 2512 491 2567 dicit
524 2533 536 2566 :
581 2508 751 2563 Nemo
786 2518 947 2575 potest
994 2509 1195 2585 duobus
1239 2507 1469 2559 dominis
1501 2505 1692 2559 servire
1716 2502 1796 2570 ἐς

187 2613 247 2661 et
280 2602 527 2674 opponit
561 2616 925 2672 mammonam
959 2600 1153 2653 animae
1182 2598 1237 2651 in
1277 2596 1389 2650 Deo
1418 2597 1657 2661 viventi;
1691 2611 1797 2652 non

189 2697 326 2767 quia
356 2693 792 2749 commutatione
822 2690 1021 2760 aliqua,
1054 2689 1151 2745 sed
1181 2690 1304 2757 quia
1329 2688 1558 2743 eﬂlcitur
1579 2688 1633 2742 id
1655 2690 1797 2759 quod

191 2788 317 2844 ﬁeri
351 2801 469 2841 non
497 2785 737 2839 deberet.
770 2783 910 2854 Ergo
941 2791 1207 2853 martyres
1248 2780 1550 2835 elliciamur
1588 2780 1704 2847 Dei,
1744 2789 1799 2835 et

195 2892 309 2932 non
344 2889 543 2946 parum
576 2886 825 2942 putemus
846 2876 987 2943 quod
1012 2874 1089 2926 ait
1118 2889 1131 2926 :
1157 2872 1459 2940 Conﬁtebar
1482 2879 1533 2925 et
1557 2887 1649 2941 ego
1680 2886 1799 2925 eum

196 2982 388 3021 coram
422 2965 587 3019 Patre
616 2980 728 3018 meo
758 2966 848 3034 qui
885 2977 961 3019 est
989 2964 1040 3018 in
1072 2963 1215 3017 cistis
1239 2964 1305 3017 ".
1358 2962 1463 3017 lsta
1502 2964 1646 3018 enim
1681 2977 1801 3031 quas

196 3060 296 3115 hic
337 3069 495 3121 sunt,
522 3059 802 3117 nobiscum
850 3073 956 3113 non
979 3066 1239 3126 pergent;
1282 3057 1329 3111 si
1360 3066 1541 3111 autem
1575 3056 1799 3122 vadunt,

195 3151 577 3211 convincatur
603 3164 819 3215 sermo;
862 3165 1050 3204 verum
1082 3149 1244 3205 isthic
1278 3157 1527 3217 manent;
1558 3164 1677 3219 qua:
1701 3163 1800 3202 au-

196 3252 320 3299 tem
369 3257 443 3296 ex
491 3241 622 3309 ipsis
670 3250 798 3296 sunt
840 3252 1087 3311 peccata,
1138 3241 1497 3296 nobiscumet
1549 3251 1677 3295 ante
1703 3256 1802 3296 nos

1900 2417 1994 2472 sed
2036 2432 2138 2471 nec
2199 2416 2387 2472 labore
2428 2426 2514 2471 est
2547 2430 2705 2487 opus,
2745 2416 2941 2473 subicit
2986 2420 3129 2472 enim
3175 2420 3267 2489 qui
3311 2421 3489 2475 adest.

1900 2505 2003 2572 Qui
2036 2506 2262 2575 respicit
2297 2506 2365 2561 ad
2392 2506 2583 2573 Deum,
2629 2509 2863 2577 primum
2897 2508 3115 2576 quidem
3146 2509 3310 2563 habet
3337 2510 3492 2579 adju-

1901 2596 2099 2651 torium
2146 2610 2175 2647 a
2213 2604 2515 2664 praesente;
2568 2598 2808 2667 posthaec
2850 2610 3033 2653 autem
3068 2610 3124 2655 et
3169 2601 3491 2671 possibilem

1900 2688 2004 2745 sibi
2035 2688 2395 2743 imitationem
2426 2698 2484 2744 et
2510 2689 2760 2744 timorem
2811 2678 2975 2759 boni;
3008 2703 3066 2746 et
3106 2693 3158 2747 in
3190 2694 3355 2749 tutela
3382 2703 3489 2758 est,

1901 2789 1956 2836 et
1984 2796 2102 2837 non-
2126 2780 2340 2835 accedit
2372 2791 2655 2851 peccatum
2693 2785 2746 2839 in
2776 2785 2900 2841 isto.
2948 2783 3122 2840 Unum
3152 2798 3223 2841 ex
3246 2787 3332 2841 his
3356 2800 3497 2857 opus

1901 2881 2003 2937 est,
2048 2881 2105 2925 ut
2134 2881 2391 2926 credatur
2434 2875 2560 2944 quia
2590 2884 2675 2932 est
2727 2874 2888 2944 Deus,
2918 2890 2973 2933 et
2993 2879 3159 2933 adest
3186 2885 3239 2932 et
3259 2878 3407 2933 videt
3439 2886 3498 2937 et

1901 2973 2178 3020 scrutatur
2204 2981 2267 3020 et
2316 2962 2448 3017 nihil
2476 2973 2560 3018 est
2590 2965 2742 3033 quod
2789 2980 2913 3019 eum
2962 2965 3134 3034 possit
3186 2965 3395 3033 latere;
3439 2974 3496 3020 et

1901 3054 2085 3108 omnia
2130 3053 2312 3110 facula
2349 3062 2531 3110 erunt.
2574 3053 2633 3109 Si
2685 3065 2867 3111 autem
2918 3056 3246 3113 subduxeris
3297 3056 3495 3112 funda-

1905 3155 2169 3213 mentum,
2213 3147 2351 3201 nihil
2393 3146 2557 3202 stabit
2598 3162 2667 3203 ex
2701 3148 2785 3203 his
2822 3162 2943 3218 qua:
2975 3149 3315 3219 superposita
3345 3160 3493 3206 sunt.

1906 3235 1964 3291 Si
1995 3237 2121 3306 quis
2153 3252 2291 3307 ergo
2318 3236 2623 3308 irreligioso
2649 3239 2931 3307 pr0posito
2960 3240 3279 3297 subduxerit
3300 3241 3497 3309 Deum,

192 3344 471 3407 pergunt.
513 3333 653 3400 Quid
685 3335 753 3387 ad
785 3333 982 3387 damna
1020 3332 1420 3403 properamus?
1455 3331 1715 3395 Venimus
1744 3331 1799 3387 in
1899 3326 2009 3398 jam
2040 3336 2099 3383 ut
2125 3331 2243 3383 sine
2281 3329 2486 3383 lumine
2524 3344 2689 3399 agens
2721 3330 2923 3399 unique
2962 3330 3206 3386 offendit.
3242 3331 3350 3387 Sed
3372 3348 3495 3401 nos,

204 3434 353 3484 hanc
388 3426 593 3490 vitam;
649 3434 859 3480 utamur
919 3424 1139 3479 lumine.
1176 3424 1315 3491 Quid
1374 3434 1554 3478 autem
1599 3424 1804 3491 praebet

203 3519 398 3575 lumen
433 3518 518 3572 his
555 3518 649 3587 qui
685 3518 887 3572 habent
914 3514 1145 3571 oculos?
1195 3514 1584 3570 Discretionem
1618 3515 1804 3583 utique

205 3609 581 3681 negotiorum.
623 3607 678 3661 Si
707 3608 837 3677 quid
883 3607 1047 3677 igitur
1091 3608 1377 3662 honestum
1416 3616 1522 3671 est,
1568 3598 1690 3661 cum
1724 3607 1804 3663 fe-

203 3700 514 3760 stinatione
564 3706 815 3769 petatur;
864 3714 971 3754 non
1006 3699 1151 3754 enim
1200 3707 1261 3752 ut
1303 3696 1639 3765 decipiamus
1682 3712 1801 3762 vos,

206 3792 601 3866 pmidemus;
653 3806 760 3846 non
790 3796 849 3845 ut
884 3804 1149 3860 pauperes
1182 3803 1276 3843 vos
1304 3787 1588 3852 faciamus,
1615 3801 1802 3841 mone-

206 3896 359 3947 mus,
395 3881 493 3935 sed
522 3881 714 3935 divites
749 3879 930 3949 potius
978 3879 1032 3933 in
1060 3890 1227 3948 regno
1274 3876 1553 3932 calorum.
1589 3874 1706 3930 Non
1744 3882 1805 3929 ut

207 3974 540 4043 dejiciamus
565 3986 762 4042 corpus
788 3979 1023 4027 vestrum
1047 3970 1290 4040 jejuniis,
1313 3970 1409 4024 sed
1437 3977 1499 4024 ut
1516 3967 1805 4023 induamus
1845 3970 1849 3974 ’

207 4079 314 4121 vos
345 4062 796 4130 iuunortalitate;
832 4076 940 4117 non
975 4070 1034 4115 ut
1064 4061 1381 4124 occidainus
1423 4059 1479 4113 in
1512 4057 1802 4128 martyrio,

207 4148 333 4213 sed
368 4165 430 4210 ut
478 4169 585 4209 non
628 4155 767 4209 eatis
804 4154 858 4209 in
895 4156 1195 4224 gehennam
1243 4166 1471 4222 corpore
1499 4160 1557 4206 et
1599 4152 1804 4204 anima.

211 4247 336 4304 Non
364 4260 555 4300 sumus
589 4229 755 4315 igitur
781 4245 986 4299 inimici
1022 4244 1221 4309 vestri;
1255 4258 1359 4297 non
1386 4244 1530 4298 enim
1562 4251 1623 4296 ut
1655 4241 1808 4296 frau-

212 4341 420 4395 demus
449 4351 545 4391 vos
572 4338 815 4405 patribus
847 4346 904 4390 et
932 4335 1121 4389 amicis
1159 4337 1273 4390 hazc
1302 4334 1593 4403 loquimur,
1626 4336 1722 4390 sed
1748 4344 1806 4389 ut

213 4446 330 4487 non
362 4428 671 4484 excidatisa
701 4428 809 4483 Deo
830 4426 1011 4489 Patre,
1044 4427 1328 4482 lucremini
1360 4435 1542 4482 autem
1568 4435 1806 4481 vosmet-

216 4524 374 4595 ipsos
403 4539 417 4575 :
450 4521 555 4575 hoc
593 4521 737 4575 enim
760 4522 931 4575 solum
967 4529 1050 4575 est
1079 4520 1314 4586 lucrum,
1338 4519 1445 4574 alia
1471 4529 1652 4575 autem
1682 4534 1803 4575 oin-

1903 3419 2123 3486 fratres,
2159 3419 2227 3475 ad
2261 3422 2433 3475 Deum
2460 3421 2754 3487 viventem,
2778 3422 2846 3475 ad
2875 3436 3000 3477 eum
3031 3422 3124 3492 qui
3162 3433 3266 3487 est,
3300 3426 3391 3495 qui
3416 3424 3500 3481 fe-

1905 3512 1980 3566 cit
2018 3513 2226 3575 omnia,
2270 3512 2363 3580 qui
2397 3510 2576 3566 salvat
2617 3512 2891 3577 universa,
2937 3526 3356 3584 convertamur;
3390 3518 3497 3576 alia

1903 3601 2048 3656 enim
2076 3602 2254 3655 omnia
2275 3602 2484 3655 uanitas
2517 3603 2806 3656 vanitatem
2827 3615 2950 3658 sunt
2980 3602 3028 3637 “
3056 3622 3072 3659 :
3101 3607 3321 3676 sapiens
3349 3610 3495 3666 enim

1910 3702 2045 3757 erat,
2090 3694 2183 3763 qui
2206 3694 2320 3749 hac
2353 3694 2784 3763 proclamaverat
2816 3715 2831 3751 :
2863 3696 2933 3750 Et
2958 3704 3135 3753 omnia
3166 3703 3393 3771 vanitas,
3441 3716 3499 3759 et

1910 3798 2083 3838 unum
2115 3793 2199 3839 est
2230 3797 2444 3840 Verum.
2498 3783 2613 3838 Non
2642 3786 2810 3854 igitur
2853 3788 2976 3843 sine
3013 3803 3175 3844 causa
3206 3806 3499 3862 erogemus

1910 3884 2153 3932 nostram
2184 3878 2349 3930 vitam
2382 3894 2396 3931 :
2449 3876 2553 3932 erit
2583 3877 2726 3933 enim
2776 3888 2991 3948 tempus
3031 3896 3155 3936 cum
3188 3898 3500 3953 quaeremus

1912 3967 2031 4023 dies
2070 3967 2194 4035 hos,
2226 3968 2283 4023 in
2314 3967 2514 4039 quibus
2544 3968 2653 4024 Deo
2688 3969 2970 4027 debuimus
3004 3974 3210 4028 vivere.
3253 3975 3369 4045 lpse
3402 3992 3499 4034 au-

1915 4069 2022 4114 tem
2068 4061 2164 4131 qui
2206 4060 2381 4117 bonus
2413 4072 2499 4118 est
2543 4061 2710 4126 Deus,
2757 4064 2997 4119 omnium
3032 4077 3271 4122 vestrum
3324 4071 3501 4140 erigat

1911 4156 2125 4210 animas
2162 4155 2230 4211 ad
2266 4155 2601 4225 agnitionem
2644 4172 2835 4223 suam;
2875 4160 2961 4218 cui
3007 4170 3092 4215 est
3128 4177 3227 4231 per
3255 4161 3502 4233 unigeni-

1911 4255 2024 4299 tum
2052 4260 2213 4301 suum
2243 4245 2461 4311 Filium,
2506 4246 2701 4317 gloria,
2744 4250 2939 4317 honor,
2978 4251 3287 4321 imperium,
3328 4256 3502 4326 maje-

1908 4347 2023 4393 stas
2047 4353 2169 4395 cum
2199 4337 2407 4407 Spiritu
2438 4348 2652 4405 sancto,
2683 4350 2739 4396 et
2768 4357 2932 4411 nunc,
2963 4352 3018 4398 et
3050 4358 3286 4416 semper,
3315 4356 3370 4401 et
3401 4362 3502 4417 per

1911 4430 2093 4485 omnia
2114 4428 2314 4485 saecula
2345 4430 2693 4488 saeculorum.
2724 4432 2921 4489 Amen.

226 4676 3464 4705 W—W

1199 4848 1770 4964 EUSEBII
1854 4847 2543 4962 PAMPHILI

871 5093 1020 5183 DE
1095 5087 2139 5190 OPERIBUSBONIS
2208 5092 2361 5205 ET
2433 5090 2850 5228 MALIS,

1522 5281 1759 5343 LIBER
1802 5281 2192 5346 OCTAVUS.

300 5586 590 5653 Iuliorum
624 5583 905 5641 hominum
927 5586 1039 5639 vita
1070 5583 1123 5638 in
1158 5592 1305 5638 terra
1337 5591 1421 5638 est
1443 5583 1655 5653 posita;
1682 5582 1812 5639 eda-

225 5681 491 5738 citatibus
517 5678 660 5745 enim
684 5687 745 5734 et
764 5677 1078 5733 libidinibus
1110 5684 1166 5731 et
1196 5676 1653 5747 concupiscentiis
1684 5691 1810 5747 gra-

308 5793 351 5827 ³⁸
380 5790 776 5857 blatth.vr,!$.
850 5791 895 5823 ³⁹
920 5789 1111 5845 Matth.
1140 5805 1198 5854 χ,
1230 5787 1319 5844 32.
1396 5788 1443 5821 ⁸⁸
1472 5789 1648 5845 Eccle.
1685 5805 1725 5857 ι,
1762 5790 1817 5847 1.

304 5907 421 5982 (90)
449 5908 573 5972 διδ..
611 5917 973 5979 cognoscentes
1010 5921 1349 5974 eongenerent
1374 5905 1635 5962 misereri.

1922 5586 2053 5651 vati,
2090 5564 2265 5656 neque
2293 5586 2568 5659 respicere
2594 5600 2810 5659 sursum
2834 5588 2903 5641 ad
2928 5583 3097 5642 Deum
3125 5594 3349 5655 possunt
3376 5586 3499 5655 quia

1918 5677 2127 5747 uolunt,
2166 5678 2529 5753 neque'Opera
2572 5677 2691 5749 ejus
2715 5679 2920 5746 videre,
2954 5692 3133 5751 neque
3153 5692 3220 5735 ex
3246 5680 3504 5749 operibus
