4000 6426
1243 349 1515 410 ευεεωι
1550 350 2027 410 CESARIENSIS
2057 346 2148 409 0P

2250 312 2433 411 rans
2464 351 2557 413 tv.
2597 383 2668 399 -
2705 355 3129 416 poenarias.

573 463 826 535 opiﬁcem
850 473 1145 532 agnoscere
1168 479 1183 516 :
1205 461 1295 517 ubi
1325 463 1469 517 enim
1495 462 1723 519 declivis
1751 462 1917 519 fuerit
1945 463 2149 526 anima,
2178 468 2228 525 Α
2251 464 2502 522 diabolus
2527 479 2634 522 non
2677 483 2802 523 cum
2852 475 3013 525 nocet
3057 479 3185 524 tunc
3219 466 3394 527 solum
3430 477 3492 528 et
3531 470 3719 531 mai.
3746 485 3847 533 estw

576 554 727 619 illuc,
758 564 819 609 ut
847 552 921 608 ita
956 552 1151 615 dicam,
1180 560 1238 607 et
1260 550 1495 608 edicitur
1516 554 1662 625 quod
1687 553 1983 610 desiderat.
2006 553 2160 610 Sicut

573 644 721 702 enim
746 656 812 699 ea
838 656 960 713 qua
987 640 1056 696 ab
1089 641 1214 710 igne
1240 640 1517 708 caleilunt,
1545 639 1870 707 eﬂlciuntur,
1895 654 1955 696 ut
1980 642 2052 696 ita
2077 643 2159 697 di-

575 750 721 801 cam,
753 734 927 805 ignis;
956 742 1012 789 et
1037 747 1158 803 qua:
1185 732 1430 787 edentis
1448 732 1639 801 juncta
1669 731 1889 797 fuerint,
1913 732 2159 790 efficiun-

576 836 688 892 tur,
715 826 974 891 odorata;
1015 833 1073 879 et
1103 839 1228 893 qum
1276 823 1591 889 contrariis,
1631 824 1905 879 contraria
1948 843 1963 879 :
2001 825 2075 879 ita
2103 834 2159 879 et

574 920 758 975 anima
787 918 878 974 ubi
920 916 1144 973 declivis
1184 915 1481 981 exstiterit,
1532 914 1599 968 ad
1652 914 1755 970 hoc
1785 914 2069 970 deducitur
2101 925 2159 971 et

534 1062 538 1065 .
575 1021 791 1068 natura.
819 1008 1066 1081 Tingitur
1117 1008 1261 1063 enim
1291 1006 1687 1071 alacritatibus,
1718 1014 1775 1061 ct
1814 1005 2007 1062 similis
2038 1021 2155 1061 mo-

577 1102 815 1158 tionibus
840 1101 1068 1156 eliicitur
1117 1100 1252 1167 suis,
1284 1107 1340 1155 et
1373 1098 1692 1169 dignitatem
1733 1108 1919 1167 utpote
1949 1107 2156 1154 natura

574 1208 685 1251 non
716 1192 953 1257 salvans,
981 1193 1036 1247 in
1070 1192 1229 1247 malis
1263 1190 1497 1246 eﬂlcitur
1551 1189 1718 1246 mala.
1756 1190 1812 1246 Si
1858 1200 2039 1245 autem
2085 1188 2153 1245 ad

573 1299 638 1343 ea
692 1300 816 1356 qua
858 1298 1022 1356 supra
1066 1291 1277 1339 sesunt
1321 1283 1643 1351 respexerit,
1691 1296 1905 1337 sursum
1937 1278 2150 1344 eﬂecta,

572 1378 931 1436 constituitur
981 1376 1049 1431 ad
1080 1390 1143 1431 ea
1177 1389 1296 1445 quae
1330 1384 1387 1430 et
1429 1374 1759 1431 desideravit
1796 1391 1809 1427 :
1859 1373 2149 1427 multorum

574 1474 719 1528 enim
748 1471 1090 1529 conversatio
1135 1486 1244 1526 non
1273 1470 1576 1535 hominum,
1617 1469 1713 1525 sed
1751 1483 2005 1539 pecorum
2045 1475 2147 1521 est.

574 1562 721 1620 Nihil
753 1564 897 1619 enim
940 1562 1082 1618 aliud
1129 1564 1392 1633 cogitant,
1441 1560 1544 1616 nisi
1579 1570 1639 1615 ut
1669 1560 2018 1622 manducent,
2054 1568 2149 1614 aut

573 1654 786 1722 bibant,
815 1660 906 1710 aut
930 1653 1167 1723 rapiant,
1204 1662 1296 1707 aut
1324 1652 1682 1718 fraudantur;
1728 1652 1780 1706 in
1813 1652 1897 1706 liis
1925 1651 2071 1706 enim
2094 1659 2150 1706 et

574 1748 782 1809 vivunt.
808 1747 853 1802 si
903 1752 1082 1801 tamen
1132 1753 1189 1800 et
1218 1746 1381 1799 vitam
1418 1746 1577 1800 istam
1616 1753 1829 1814 oportet
1848 1743 1962 1813 jam
1987 1744 2091 1799 dici
2128 1762 2141 1797 :

2258 554 2353 611 aed
2380 556 2506 618 quia
2537 559 2821 627 proposuit
2857 574 3074 628 nocere,
3116 560 3281 617 habet
3307 561 3581 620 malitiam
3609 576 3675 623 es
3698 575 3847 625 alte-

2258 660 2422 717 quam
2459 644 2677 702 emciat.
2725 647 2795 704 Et
2840 649 3078 720 maligno
3122 647 3324 707 suﬂlcit
3350 651 3565 710 malitia
3600 668 3734 712 sua.
3763 654 3845 715 8|-

2255 738 2472 809 quidem
2501 749 2559 795 et
2605 753 2886 812 agrotans,
2916 742 3132 797 etiamsi
3166 756 3274 798 non
3311 745 3637 816 castigetur,
3666 756 3847 807 tam.

2258 830 2421 886 habet
2444 830 2646 886 malum
2677 832 2994 903 languorem
3019 851 3035 889 :
3067 833 3141 889 ita
3170 844 3225 890 et
3249 836 3341 906 qui
3374 838 3601 907 languet
3623 837 3845 906 anima,

2254 920 2468 976 etiamsi
2504 936 2613 976 non
2645 923 2845 980 missus
2868 924 3035 981 fuerit
3062 925 3118 982 in
3156 927 3487 998 gehennam,
3514 941 3845 1003 tamenpro-

2254 1021 2410 1067 curat
2435 1011 2538 1067 sibi
2564 1013 2790 1069 malum.
2822 1013 2959 1082 Quis
3003 1025 3185 1072 autem
3219 1025 3277 1072 et
3312 1018 3683 1075 exhortatur?
3706 1018 3847 1077 τυ-

2257 1109 2366 1156 tum
2388 1109 2472 1157 est
2497 1103 2644 1159 enim
2686 1104 2890 1160 malum
2919 1106 3145 1174 malum,
3192 1109 3347 1180 cujus
3381 1117 3727 1167 tentamenta
3758 1125 3847 1182 ge-

2254 1193 2488 1249 hennam
2525 1204 2745 1266 parant.
2771 1195 2985 1254 Etcum
3010 1199 3126 1256 hac
3165 1201 3242 1256 ita
3276 1202 3411 1269 sint,
3440 1216 3543 1259 nos
3575 1212 3849 1260 tamea'ut

2253 1286 2459 1341 inimici
2494 1288 2723 1357 proprii,
2767 1288 2838 1343 ita
2878 1290 3130 1346 videmur
3151 1291 3355 1348 vivere.
3395 1292 3490 1348 ille
3519 1295 3676 1349 enim
3702 1290 3850 1350 itte-

2252 1384 2362 1441 tur,
2390 1376 2517 1446 quia
2552 1379 2809 1434 mentitus
2841 1379 3027 1445 latuit;
3070 1382 3209 1437 alius
3248 1383 3466 1454 gaudet,
3492 1385 3628 1453 quia
3650 1394 3847 1454 prove-

2251 1470 2333 1525 nit
2359 1471 2413 1528 ei
2448 1472 2726 1543 decipere.
2774 1472 2842 1527 Et
2879 1475 3105 1530 avaritia
3130 1474 3340 1531 lucrum
3374 1485 3565 1547 putata
3596 1484 3688 1533 est
3721 1490 3844 1532 eum

2248 1563 2322 1617 sit
2347 1563 2639 1631 damnum;
2669 1572 2725 1619 et
2764 1562 2931 1619 libido
2960 1566 3229 1636 voluptas,
3265 1581 3387 1622 cum
3437 1567 3509 1622 sit
3545 1566 3737 1623 luctus
3763 1566 3848 1622 his

2246 1654 2342 1724 qui
2392 1656 2613 1724 sapiunt
2644 1656 2800 1712 bene.
2857 1656 2925 1711 Et
2955 1670 3218 1713 conversa
3270 1666 3397 1714 sunt
3440 1659 3605 1715 nobis
3630 1662 3843 1726 omnia,

2248 1746 2373 1815 quia
2403 1744 2848 1817 circumscriptus
2893 1762 2923 1802 a
2954 1748 3116 1804 nobis
3140 1756 3225 1805 est
3247 1750 3538 1821 cogitatus.
3595 1751 3669 1806 Et
3698 1762 3848 1809 certa

574 1853 684 1896 non
706 1836 1035 1893 suﬁicientes
1074 1836 1222 1891 enim
1268 1836 1425 1891 malis
1476 1838 1560 1891 his
1594 1852 1715 1906 quae
1762 1851 1790 1889 a
1836 1834 1970 1891 foris
1997 1845 2148 1903 sunt,
2180 1822 2223 1877 Β
2252 1836 2395 1907 cogit
2420 1846 2476 1892 et
2498 1839 2777 1895 contendit
2797 1853 3016 1908 sensus,
3057 1850 3116 1896 ut
3142 1855 3250 1896 non
3272 1840 3525 1910 ejiciatur
3550 1856 3585 1898 a
3616 1858 3846 1914 posses-

571 1927 680 1999 jam
708 1937 765 1984 et
791 1942 1009 1983 carnem
1041 1942 1195 1983 suam
1228 1928 1602 1983 contaminare
1631 1927 1880 1996 student;
1912 1927 1994 1984 sic
2019 1942 2152 2000 gan—

572 2019 700 2073 deat
730 2016 878 2072 enim
912 2016 965 2071 in
1002 2015 1181 2083 malis,
1210 2024 1270 2070 ut
1324 2016 1526 2071 inimici
1572 2016 1717 2082 sibi;
1751 2026 1953 2071 etcum
1981 2017 2151 2073 debe-

573 2115 697 2162 rent
722 2104 929 2177 lugere,
964 2105 1091 2176 quia
1122 2119 1231 2160 non
1261 2105 1397 2160 bene
1421 2106 1633 2172 vivunt,
1669 2105 1920 2162 letantur
1952 2108 2006 2182 in
2032 2120 2151 2163 ma-

572 2194 641 2253 lis
668 2205 725 2251 et
758 2197 1043 2252 tristantur
1072 2196 1129 2252 in
1167 2196 1325 2253 bonis
1351 2214 1368 2253 :
1398 2197 1664 2269 duplicem
1701 2208 1885 2268 utpote
1926 2200 2148 2256 occlta—

573 2295 683 2342 tem
721 2288 1005 2353 habentes,
1053 2296 1111 2343 et
1161 2287 1303 2358 quod
1350 2289 1621 2344 malorum
1677 2304 1786 2344 non
1840 2289 2149 2361 intelligunt

573 2375 857 2442 malitiam,
886 2386 943 2432 et
982 2377 1128 2448 quod
1163 2377 1430 2433 bonorum
1470 2393 1577 2433 non
1622 2388 1907 2432 assumunt
1932 2376 2149 2434 fruitio-

572 2482 735 2533 item;
764 2478 1102 2524 concurrunt
1124 2470 1269 2523 enim
1294 2468 1585 2527 adversum
1608 2484 1693 2537 se,
1718 2479 1771 2524 et
1799 2469 1900 2525 sibi
1930 2482 2149 2528 contra-

572 2559 655 2615 ria
695 2567 1008 2629 operantur.
1050 2559 1279 2615 Plurimi
1326 2559 1472 2615 enim
1528 2574 1912 2630 nonnunquam
1964 2577 2149 2633 proce-

570 2651 711 2706 dunt
735 2649 869 2719 leti,
908 2651 1035 2721 quia
1060 2658 1308 2707 ventrem
1346 2647 1624 2719 replerunt
1664 2665 1841 2715 suum,
1874 2663 1930 2707 et
1967 2662 2148 2709 mente

569 2741 824 2797 exierunt
849 2754 948 2796 sua
987 2740 1101 2814 (9t)
1139 2751 1236 2797 :et
1267 2742 1484 2797 beatum
1529 2740 1671 2798 diem
1718 2744 1906 2800 dicunt
1946 2745 2002 2801 in
2035 2760 2148 2817 quo

571 2846 681 2888 non
713 2832 987 2888 vixerunt.
1039 2830 1158 2887 Vita
1187 2833 1333 2889 enim
1386 2832 1669 2889 hominum
1699 2834 1803 2890 ista
1832 2846 1918 2891 est
1957 2845 2017 2892 ut
2058 2853 2148 2893 ra-

572 2925 721 2981 tione
765 2933 1013 2991 utantur,
1057 2925 1183 2996 quia
1224 2935 1281 2981 et
1306 2925 1656 2983 rationabiles
1694 2926 1977 2985 habentur.
2009 2929 2145 2986 Cum

571 3024 752 3072 autem
783 3016 1013 3073 obrutus
1063 3015 1228 3073 fuerit
1271 3030 1488 3083 sensus,
1537 3019 1756 3075 transiit
1808 3020 1931 3077 sine
1979 3035 2144 3078 causa

571 3107 708 3174 dies,
736 3115 793 3165 et
815 3122 922 3165 non
949 3108 1111 3166 debet
1137 3110 1440 3181 computari
1471 3111 1525 3166 in
1553 3110 1684 3180 vita,
1736 3112 1793 3167 in
1815 3124 1924 3184 quo
1953 3127 2145 3170 sensus

571 3213 681 3255 non
712 3201 953 3271 respexit
990 3200 1059 3256 ad
1108 3215 1367 3272 superna.
1398 3200 1617 3258 Utinam
1669 3212 1851 3259 autem
1880 3219 2054 3276 neque
2077 3207 2145 3261 ad

570 3289 766 3356 vitam,
788 3305 965 3359 neque
986 3291 1052 3346 ad
1085 3290 1287 3346 tnalam
1316 3291 1530 3347 videret
1558 3291 1698 3365 (99).
1723 3293 1882 3349 Aliud
1897 3304 1979 3349 est
2001 3295 2145 3350 enim

572 3380 809 3436 otiosum
839 3392 962 3435 esse
989 3394 1020 3434 a
1042 3379 1190 3435 male
1212 3389 1268 3435 et
1295 3380 1459 3448 bono,
1495 3392 1550 3437 et
1574 3397 1694 3437 esse
1728 3391 1984 3453 tanquam
2015 3384 2147 3440 dor-

574 3471 830 3526 mientem
854 3479 951 3525 aut
969 3480 1280 3541 mortuum;
1313 3482 1369 3529 et
1397 3474 1545 3530 aliud
1574 3475 1710 3533 bons
1748 3478 1958 3549 quidem
1984 3480 2142 3548 mori,

573 3561 717 3617 sitan
744 3570 922 3618 autem
954 3562 1155 3618 vivere.
1194 3563 1260 3618 Et
1288 3579 1464 3636 neque
1509 3576 1702 3623 natura
1748 3570 1982 3629 hominis
2019 3586 2145 3628 sua-

571 3656 662 3711 det
684 3668 798 3717 eos,
829 3668 1005 3725 neque
1038 3654 1356 3726 Scriptura:
1387 3668 1442 3713 et
1466 3670 1688 3729 errant;
1714 3677 1889 3734 neque
1910 3680 2145 3735 prasen-

573 3748 670 3812 tla,
696 3761 869 3818 neque
893 3746 1072 3802 futura
1101 3750 1345 3806 suadent.
1376 3748 1630 3819 Quadam
1670 3755 1810 3810 enim
1852 3759 2145 3829 reprehen-

572 3843 782 3898 sionem
818 3842 1077 3912 praabent,
1107 3845 1354 3912 quaedam
1384 3852 1564 3900 autem
1600 3857 1819 3916 propter
1846 3864 1994 3920 spem
2023 3867 2145 3907 sur-

572 3946 690 3989 sum
729 3932 1027 3989 adducunt.
1083 3931 1336 3990 Videmus
1363 3936 1506 3990 enim
1533 3945 1588 3991 et
1627 3942 1953 4008 morientes;
1997 3945 2149 4001 vide-

574 4038 695 4079 mus
731 4033 787 4079 et
809 4024 1050 4095 sepultos
1076 4036 1132 4079 et
1160 4038 1267 4081 non
1298 4030 1558 4100 sepultos,
1585 4044 1640 4087 et
1678 4047 1771 4088 eos
1799 4034 1889 4103 qui
1922 4034 2144 4104 deﬂent,

572 4124 630 4173 et
653 4115 860 4182 dolent,
888 4126 944 4172 et
970 4117 1338 4175 lamentantur
1356 4138 1371 4175 :
1388 4135 1515 4178 vere
1542 4122 1615 4177 ita
1636 4138 1822 4180 sumus
1844 4136 1902 4181 ut
1929 4143 2035 4184 non
2066 4129 2147 4184 vi~

571 4207 765 4265 dentes
794 4223 911 4263 eos.
942 4206 1020 4263 lta
1062 4210 1205 4264 enim
1228 4220 1479 4282 putamus
1501 4214 1665 4269 vitam
1704 4230 1825 4273 esse
1850 4232 1993 4286 eam,
2026 4234 2148 4291 qua:

572 4312 681 4355 non
711 4308 796 4355 est
814 4300 923 4353 vita
952 4316 967 4355 :
1002 4315 1124 4355 nam
1162 4311 1218 4356 et
1250 4304 1636 4361 manducautes
1664 4305 1926 4379 lazdimur,
1960 4320 2016 4366 et
2044 4312 2149 4368 ite-

574 4407 696 4449 rum
728 4393 1120 4449 desideramus.
1172 4394 1273 4463 Qui
1303 4396 1612 4455 libidinibus
1639 4415 1838 4473 corpus
1878 4407 2149 4463 maculant

2251 1931 2403 1985 sione
2433 1944 2552 1986 sua.
2590 1930 2725 1986 Nam
2755 1932 2857 1987 etsi
2894 1933 3264 2004 unusquisque
3308 1943 3558 1990 nostrum
3586 1935 3848 1990 obruitur

2251 2036 2281 2076 a
2308 2021 2655 2092 passionibus
2681 2023 2960 2090 vitiorum,
2988 2034 3165 2079 tamen
3194 2025 3263 2081 ad
3309 2025 3414 2081 alia
3441 2039 3643 2082 sensus
3667 2026 3849 2095 digni-

2254 2122 2417 2168 tatem
2454 2126 2612 2169 suam
2643 2113 2925 2170 vindicans
2955 2126 3180 2185 apparet
3210 2137 3223 2172 :
3261 2126 3318 2171 ut
3339 2126 3494 2187 puta,
3541 2132 3655 2173 nou
3682 2117 3848 2174 video

2251 2218 2369 2257 mea
2410 2203 2578 2268 mala,
2616 2206 2711 2258 sed
2741 2203 2919 2259 aliena
2958 2204 3098 2260 mala
3149 2207 3389 2263 irascens
3420 2206 3717 2263 consentio
3763 2208 3846 2263 iu-

2252 2296 2437 2351 teriori
2474 2295 2701 2363 homini,
2748 2297 2849 2367 legi
2876 2308 3062 2367 utpote
3106 2298 3220 2354 Dei.
3257 2298 3322 2354 Et
3348 2298 3477 2368 quia
3529 2300 3720 2353 anima
3747 2313 3846 2355 na-

2250 2398 2370 2443 tura
2393 2388 2565 2458 magis
2596 2388 2782 2459 juncta
2810 2397 2894 2444 est
2923 2390 3101 2457 bonis,
3133 2391 3260 2461 quia
3287 2391 3402 2446 odit
3432 2390 3611 2447 malos
3630 2402 3694 2446 et
3721 2390 3844 2448 lau-

2248 2483 2339 2536 dat
2379 2480 2575 2546 bonos,
2618 2481 2811 2553 duplex
2840 2482 3211 2539 testimonium
3251 2486 3414 2542 habet
3441 2486 3509 2541 ad
3539 2498 3845 2559 utrumque

2246 2584 2302 2628 et
2361 2573 2625 2629 malorum
2675 2582 2729 2628 et
2776 2573 3063 2630 bonorum.
3109 2575 3316 2646 Duplex
3367 2576 3489 2632 ideo
3539 2578 3673 2647 quia
3704 2578 3842 2647 odit,

2246 2664 2456 2720 etiamsi
2490 2665 2606 2735 ipsa
2635 2678 2743 2722 non
2777 2665 3119 2721 commodum
3142 2681 3300 2722 suum
3325 2675 3510 2736 amat;
3539 2677 3598 2724 et
3621 2683 3698 2725 ex
3738 2670 3841 2726 hoc

2244 2757 2481 2812 ostendit
2513 2757 2642 2827 quia
2670 2771 2776 2813 non
2804 2757 3111 2814 delectatur
3138 2768 3333 2815 natura
3356 2757 3477 2830 ejus
3502 2761 3575 2816 ad
3608 2760 3838 2820 malum.

2246 2845 2305 2903 Si
2332 2848 2495 2918 igitur
2536 2847 2741 2915 anima,
2786 2857 2847 2903 ut
2880 2857 3167 2904 ostensum
3194 2857 3301 2915 est,
3350 2848 3420 2905 ad
3466 2847 3678 2905 bonum
3715 2866 3839 2923 pro-

2245 2938 2440 2994 clivior
2463 2947 2568 3005 est,
2599 2952 2697 2994 cur
2730 2952 2837 2994 non
2875 2938 2930 2994 in
2969 2940 3086 2996 suis
3114 2941 3335 2996 manet?
3356 2951 3582 3013 propter
3611 2944 3839 3014 placibi-

2245 3031 2452 3087 litatem
2483 3032 2684 3102 quippe
2704 3032 2788 3087 sui
2820 3048 2836 3086 :
2871 3030 2972 3087 sibi
3004 3032 3151 3088 enim
3178 3033 3417 3104 placere,
3450 3036 3697 3094 tenebrae
3714 3049 3840 3094 suat

2246 3124 2475 3190 animat;
2513 3125 2608 3180 sed
2654 3136 2776 3195 qua
2824 3125 2966 3195 apud
2993 3124 3245 3182 homines
3287 3126 3554 3197 putantur
3600 3130 3835 3199 placida,

2249 3214 2581 3271 contrariam
2636 3212 2839 3272 habent
2867 3215 3160 3281 virtutem;
3204 3216 3389 3273 odium
3434 3219 3586 3276 enim
3614 3228 3678 3277 et
3732 3237 3836 3279 non

2250 3307 2577 3379 placibilitas
2601 3320 2705 3365 est.
2740 3305 2800 3363 Si
2831 3308 2981 3365 enim
3014 3318 3144 3365 Vere
3174 3324 3442 3378 amemus,
3475 3326 3587 3367 non
3614 3324 3838 3370 eontra-

2252 3401 2332 3455 ria
2359 3415 2480 3471 qua:
2502 3415 2645 3456 nunc
2670 3401 2829 3457 nobis
2852 3400 3120 3457 donamus
3140 3402 3486 3460 donaremus.
3514 3402 3639 3462 Non
3668 3408 3843 3466 ebrie-

2252 3500 2416 3547 tatem
2443 3492 2664 3562 quippe,
2704 3492 2799 3548 sed
2832 3490 3101 3564 jejunium
3144 3511 3159 3548 :
3192 3508 3298 3549 non
3335 3495 3573 3564 theatra,
3609 3500 3713 3556 sed
3744 3515 3838 3559 ec-

2250 3584 2473 3641 clesiam
2521 3602 2536 3639 :
2585 3598 2694 3639 non
2738 3585 2963 3654 lapides,
2996 3586 3093 3641 sed
3128 3586 3294 3642 Deum
3347 3606 3367 3644 :
3414 3604 3522 3645 non
3558 3589 3709 3663 lites,
3745 3597 3841 3652 sed

2251 3693 2440 3750 pacem
2478 3696 2492 3733 :
2527 3691 2634 3733 non
2668 3674 3041 3745 homicidium,
3073 3678 3169 3734 sed
3199 3679 3419 3735 tutelam
3450 3681 3651 3740 salutis
3686 3703 3703 3741 :
3733 3701 3838 3743 non

2251 3769 2692 3836 fornicationem,
2723 3769 2819 3826 sed
2842 3764 3181 3841 pudicitiam.
3209 3767 3268 3827 Si
3299 3772 3443 3827 enim
3470 3778 3840 3849 nosmetipsos

2250 3876 2587 3927 amaremus,
2611 3878 2740 3919 vere
2769 3864 3098 3919 donaremus
3120 3864 3279 3922 nobis
3305 3865 3471 3922 bona.
3520 3866 3665 3934 Quia
3692 3869 3837 3926 enim

2250 3954 2487 4020 odimus,
2517 3956 2779 4009 donamus
2828 3961 2884 4009 et
2928 3969 3283 4024 procuramus
3332 3958 3491 4012 nobis
3530 3957 3702 4014 mala.
3732 3957 3836 4015 Sed

2252 4048 2397 4102 sicut
2423 4054 2646 4112 matres,
2679 4048 2750 4099 ita
2774 4055 2830 4102 et
2862 4061 3017 4103 mens
3032 4048 3278 4104 habetur.
3311 4048 3667 4120 Qumcunque
3693 4053 3837 4108 enim

2252 4148 2461 4193 matres
2491 4147 2716 4206 parcent
2748 4137 2862 4194 suis
2895 4137 3041 4207 iiliis,
3065 4154 3171 4195 non
3205 4140 3484 4197 mittentes
3507 4157 3605 4198 eos
3630 4143 3702 4199 ad
3725 4157 3837 4201 sta-

2254 4232 2377 4293 dia;
2428 4231 2496 4286 ad
2549 4230 2841 4287 utilitatem
2886 4232 3086 4303 quippe
3132 4234 3258 4287 dum
3292 4232 3552 4290 videntur
3607 4238 3836 4307 donare,

2254 4331 2455 4378 nocent
2494 4344 2506 4379 :
2546 4322 2619 4379 ita
2654 4332 2708 4378 et
2738 4337 2838 4380 nos
2867 4338 2963 4394 per
2988 4325 3289 4380 caecitatem
3340 4327 3540 4382 mentis
3578 4341 3837 4399 putantes

2258 4415 2463 4486 aliquid
2510 4413 2665 4468 nobis
2708 4414 2933 4478 donare,
2979 4415 3280 4485 decipimus
3321 4430 3422 4472 nos
3455 4427 3511 4472 et
3547 4434 3835 4477 uocemus.

570 4494 630 4540 οι
660 4485 853 4541 illlam
884 4494 1101 4550 υοεθηιν
1138 4500 1243 4541 που
1279 4490 1537 4546 necdum
1562 4505 1595 4546 ι
1628 4508 1803 4561 "om;
1848 4497 1943 4551 sed
1972 4507 2029 4553 et
2051 4513 2144 4555 sc-
2175 4513 2225 4575 ι)
2251 4508 2320 4563 Et
2347 4485 2497 4561 certe
2522 4506 2806 4561 incurrunt
2836 4506 2995 4561 nobis
3019 4514 3075 4561 et
3108 4506 3404 4563 adveniunt
3435 4525 3833 4585 nonnunquam

571 4578 795 4645 cedunt,
846 4586 908 4633 ut
959 4593 1195 4649 aucupes
1233 4580 1521 4650 malorum,
1575 4586 1802 4641 multum
1860 4588 2149 4658 vigilantes

574 4681 671 4739 per
720 4678 934 4724 noctem
965 4668 1105 4725 male
1157 4688 1171 4723 :
1204 4682 1297 4725 aut
1335 4675 1477 4727 enim
1509 4675 1890 4735 ambitionibus
1939 4682 2150 4751 inquie-

576 4769 780 4826 tantur,
825 4771 918 4815 aut
956 4776 987 4815 a
1023 4762 1471 4833 concupiscentiis
1504 4765 1822 4836 illiciuutur,
1864 4780 1958 4827 aut
1983 4790 2012 4830 a
2050 4788 2147 4831 co-

574 4853 925 4922 gitationibus
955 4853 1113 4909 malls
1149 4856 1479 4912 excitantur.
1519 4857 1575 4912 Si
1602 4870 1781 4916 autem
1826 4874 1881 4919 et
1934 4876 2150 4936 oportet

575 4944 847 5013 cogitatus
876 4946 1082 5013 vocari,
1113 4952 1168 4999 et
1206 4946 1462 5000 meditata
1513 4959 1609 5016 per
1638 4961 1849 5006 noctem
1890 4953 2148 5011 festinant

575 5035 891 5106 procedere,
926 5046 983 5090 ut
1015 5050 1078 5092 ea
1102 5051 1221 5107 qua:
1243 5051 1340 5107 per
1367 5048 1581 5097 noctem
1607 5044 1911 5113 cogitarunt
1941 5047 2143 5102 admit-

578 5134 693 5181 tant
724 5135 978 5195 tanquam
1033 5128 1346 5199 ignorantes
1383 5152 1397 5187 :
1436 5134 1573 5203 quia
1615 5137 1705 5203 qui
1739 5134 1868 5190 facit
1915 5137 2141 5205 malum,

575 5215 806 5284 amplius
836 5216 996 5273 habet
1046 5219 1265 5285 malum,
1306 5236 1471 5291 quam
1515 5225 1562 5278 ia
1613 5226 1706 5295 qui
1761 5240 1789 5279 a
1826 5242 1887 5283 se
1938 5230 2144 5300 patitur

578 5306 797 5365 malum.
840 5307 993 5363 Sicut
1040 5312 1183 5365 enim
1220 5313 1360 5381 ignis
1388 5315 1493 5369 alia
1524 5316 1736 5386 quidem
1767 5320 2055 5386 comburit,
2088 5322 2143 5378 in

576 5397 867 5467 semetipso
920 5408 1096 5454 autem
1143 5403 1391 5458 ardorem
1445 5405 1681 5459 incendii
1719 5409 1927 5477 primus
1956 5411 2137 5480 habet,

579 5485 653 5541 ita
676 5495 732 5543 et
751 5488 953 5544 malitia
981 5490 1212 5561 primum
1243 5496 1579 5564 possidentes
1600 5509 1779 5552 nocet.
1822 5500 2063 5575 Denique
2085 5516 2140 5560 et

644 5710 758 5849 Σοί)
788 5712 886 5769 Ms.
913 5726 1077 5770 ments
1102 5718 1407 5775 exstiterunt
1430 5739 1548 5779 sua.

670 5782 762 5849 9!)
791 5782 886 5839 Its.
919 5788 988 5839 ad
1034 5792 1228 5842 malum
1271 5792 1449 5848 vitam.
1484 5792 1548 5849 Fc

745 5782 886 5849 )Hs.
919 5788 988 5839 ad
1034 5792 1228 5842 Italam
1271 5792 1449 5848 vitam.
1484 5792 1645 5851 Forte
1690 5793 1975 5867 legendum
2018 5806 2129 5866 est,

522 6360 583 6367 7L;
616 6360 653 6367 »κ
670 6362 713 6369 ,νς
734 6360 1043 6367 πιμμ-,ᾼ-ν-νμι-ομ
1056 6358 1079 6363 ν-οτ
1098 6356 1641 6369 -ιι-υ-ο-μι-ιμκ-ΞΠ--μ-Ῐν
1927 6362 1998 6366 -

2252 4607 2309 4656 et
2340 4598 2569 4668 vestigia
2606 4597 2896 4663 bonorum,
2923 4607 2979 4652 et
3019 4606 3303 4668 gustamus
3330 4599 3620 4671 aliquoties
3650 4616 3710 4661 et
3740 4623 3835 4662 nos

2249 4691 2661 4747 delectationem
2685 4702 2755 4745 es
2785 4688 3066 4760 pudicitia.
3112 4688 3171 4745 Si
3202 4701 3384 4747 autem
3413 4703 3469 4750 et
3496 4695 3834 4755 voluerimus

2246 4794 2598 4853 perseverare
2623 4780 2675 4834 in
2706 4788 2889 4852 gustu,
2916 4790 2972 4835 et
2994 4794 3331 4852 comparare,
3363 4795 3629 4855 quantum
3672 4790 3833 4847 vehe-

2250 4873 2484 4927 mentior
2504 4881 2590 4926 est
2609 4874 2850 4929 suavitas
2877 4888 2944 4929 ex
2968 4876 3251 4947 pudicitia,
3275 4892 3434 4948 quam
3462 4894 3526 4935 ea
3556 4896 3682 4950 qua
3708 4898 3740 4937 a
3775 4880 3830 4939 li-

2247 4964 2440 5019 bidine
2474 4964 2641 5019 venit.
2674 4964 2929 5022 Suavitas
2953 4969 3100 5024 enim
3126 4982 3197 5029 es
3223 4971 3479 5039 pudicitia
3507 4972 3629 5029 sine
3658 4977 3832 5046 pani-

2247 5054 2416 5109 tentia
2434 5064 2542 5119 est,
2557 5054 2901 5112 immaculata
2919 5070 3022 5127 est,
3040 5060 3414 5131 immutabilis,
3433 5067 3659 5133 munda,
3677 5082 3833 5138 pura,

2245 5152 2456 5211 sancta,
2474 5156 2528 5199 et
2552 5150 2772 5202 nomine
2795 5160 2849 5203 et
2875 5165 3040 5220 opere
3060 5162 3117 5209 et
3136 5155 3371 5211 actibus.
3394 5156 3472 5211 Es
3488 5156 3719 5217 libidine
3739 5177 3826 5217 au-

2252 5244 2357 5291 tem
2384 5251 2571 5302 suave,
2600 5246 2774 5309 turpe,
2803 5243 3202 5312 absconditum,
3239 5247 3358 5302 sine
3387 5247 3607 5317 ﬁducia,
3642 5265 3830 5308 conta-

2253 5329 2538 5393 minatum,
2564 5332 2835 5386 turbidum
2855 5344 2907 5388 et
2925 5350 3153 5405 corpore
3173 5347 3225 5393 ei
3244 5340 3446 5403 anima,
3468 5356 3594 5397 cum
3618 5345 3831 5410 timore.

2248 5432 2371 5473 cum
2400 5422 2629 5489 turbela,
2661 5440 2781 5478 cum
2812 5428 3099 5496 sanguine,
3124 5444 3246 5483 cum
3272 5442 3504 5487 tremore
3535 5450 3707 5492 suave
3732 5448 3817 5493 est

2247 5507 2708 5573 Quemadmodum
2730 5532 2857 5587 ergo
2870 5520 3071 5575 suave?
3087 5520 3146 5577 Si
3162 5524 3285 5592 quis
3297 5534 3479 5579 autem
3496 5528 3739 5584 suaviter
3754 5539 3820 5585 de

2243 5740 2441 5852 altaria
2477 5742 2650 5787 autent
2688 5748 2852 5806 neque
2889 5748 2957 5788 aa
2985 5745 3188 5805 mttunt,
3223 5754 3385 5809 neque
3417 5741 3487 5793 ad
3525 5745 3733 5799 malum
3762 5746 3827 5801 rio

2243 5813 2354 5852 nr:
2378 5838 2390 5852 .

2237 5813 2390 5854 reret.
