4000 6458
216 449 348 509 “93

1325 445 1414 501 DE
1450 443 1791 502 OPEBIBUS
1830 443 2029 500 BONIS
2067 443 2156 499 ET
2192 443 2423 501 κΑιιδ.

3339 444 3479 505 MM

227 569 411 627 lactari
437 564 611 638 cupit,
649 582 786 626 vere
813 570 1121 625 secundum
1175 568 1423 641 Apostoli
1462 583 1650 626 vocem
1710 570 1807 624 ba-
1836 572 1882 630 Α
1911 583 2040 622 num
2069 566 2338 632 mulieris.
2369 576 2425 623 et
2451 564 2719 636 decerpsit
2766 566 2835 623 de
2886 568 3081 624 arbore
3125 565 3386 630 fructum,
3420 577 3477 621 et

226 660 322 715 bet
351 662 511 714 viam.
541 656 727 713 Suave
748 653 850 719 est
880 660 1027 714 enim
1053 660 1101 717 si
1132 658 1402 715 liberetur
1440 660 1566 730 quis
1600 675 1630 715 a
1664 674 1802 715 con-

226 749 464 815 fusione,
494 764 526 804 a
555 750 792 814 turbela,
832 766 862 804 a
896 752 1226 821 suspicione.
1284 752 1379 807 Isti
1424 756 1572 808 enim
1608 755 1805 810 oculus

220 856 339 897 non
367 841 522 901 latus
544 850 649 906 est,
685 844 784 897 sed
815 844 1086 912 sapientia
1143 842 1410 913 gaudens,
1457 853 1515 899 et
1565 845 1713 899 visus
1750 854 1806 900 et

219 946 399 1000 purus
446 939 503 986 et
541 932 797 996 mundus.
856 933 958 990 Ubi
1000 941 1179 988 autem
1219 934 1560 991 conscientia
1610 936 1800 1003 tuerit,

214 1021 608 1088 circumspicit
638 1025 826 1079 oculus
876 1038 947 1079 ne
982 1024 1103 1093 quis
1146 1024 1325 1079 vidit:
1372 1025 1493 1081 sitit
1525 1041 1645 1093 cor,
1674 1043 1801 1097 pro-

213 1116 350 1179 pter
399 1107 514 1180 (93)
558 1123 631 1165 ea
678 1125 802 1182 qua
843 1112 1175 1181 suspicatur,
1214 1125 1270 1169 et
1318 1116 1371 1169 in
1418 1116 1672 1185 plurimis
1714 1127 1801 1173 tu-

212 1198 336 1255 tela
372 1198 488 1272 (9‘)
522 1214 631 1269 est,
680 1212 738 1259 et
784 1218 893 1259 non
944 1216 1032 1259 est
1080 1206 1185 1261 istc
1241 1208 1533 1262 suavitatis
1582 1221 1798 1278 gustus.

208 1287 370 1357 Quid
398 1293 546 1347 enim
575 1307 741 1349 suave
770 1304 856 1350 est
882 1295 937 1349 in
962 1295 1042 1349 ira
1071 1296 1095 1350 τ
1138 1308 1195 1351 et
1230 1310 1380 1355 certe
1417 1300 1802 1356 contendimus

206 1390 283 1437 et
316 1383 411 1439 ira:
446 1385 732 1441 adversum
758 1400 861 1442 nos
886 1388 1114 1444 donare.
1149 1388 1291 1456 Quid
1325 1406 1493 1447 suave
1522 1401 1609 1448 est
1642 1395 1694 1448 in
1723 1394 1802 1448 in-

144 1474 147 1475 ⁷
208 1474 372 1530 vidis
407 1474 899 1546 (95)?Tabescant
948 1478 1094 1535 enim
1133 1492 1190 1537 et
1238 1497 1386 1547 ossa,
1437 1494 1494 1538 et
1529 1500 1704 1550 mens,
1745 1493 1802 1539 et

206 1564 461 1620 medulla
502 1568 885 1626 invidentium.
915 1570 1025 1626 Sed
1064 1573 1111 1627 si
1155 1583 1485 1643 apparerent
1511 1578 1797 1645 passiones

204 1671 347 1714 cum
382 1657 597 1727 ﬂerent,
625 1676 736 1717 non
762 1671 951 1718 essent
980 1666 1288 1735 passiones.
1314 1666 1479 1722 Sicut
1498 1669 1645 1723 enim
1691 1671 1797 1723 do—

204 1748 345 1804 lens
380 1750 568 1807 oculos
600 1767 705 1808 non
741 1754 907 1819 videt,
950 1767 1007 1811 et
1041 1758 1093 1811 in
1128 1768 1396 1827 quantum
1446 1758 1616 1824 dolet,
1671 1769 1797 1813 tan-

203 1853 338 1898 tum
366 1854 421 1900 et
454 1859 486 1900 a
511 1845 719 1901 visione
748 1847 1048 1916 impeditur
1072 1866 1085 1903 :
1112 1848 1194 1902 ita
1222 1858 1278 1903 et
1307 1848 1491 1903 anima
1520 1864 1644 1920 qua
1676 1864 1799 1918 pas-

203 1935 407 1992 siones
448 1937 705 2002 incurrit,
750 1951 863 1992 non
893 1938 1139 1995 intuetur
1184 1938 1535 2009 ignominiam
1589 1955 1794 1996 suam:

202 2028 495 2097 siquidem
531 2044 630 2084 nec
654 2028 840 2085 ebrius
867 2030 1035 2085 sentit
1060 2046 1183 2085 cum
1220 2032 1500 2088 irridetur.
1537 2032 1799 2104 Evigilate

204 2118 389 2188 igitur
437 2126 493 2172 et
546 2118 891 2187 resipiscite;
937 2120 1335 2175 confundimini
1384 2122 1510 2189 quia
1560 2124 1627 2177 ab
1675 2123 1798 2177 aliis

205 2207 484 2267 ettiscitis.
525 2208 845 2279 Quicunque
870 2211 1017 2267 enim
1045 2221 1178 2282 post
1210 2212 1522 2282 passionem
1565 2226 1795 2280 percus-

206 2308 413 2355 serunt
445 2315 539 2356 cor
561 2303 915 2371 pmniteutes,
944 2303 1158 2358 liberati
1189 2313 1340 2359 sunt.
1383 2304 1442 2358 Si
1474 2314 1655 2358 autem
1690 2319 1796 2357 non

208 2400 630 2459 percusserunt.
678 2394 907 2446 necdum
960 2393 1177 2448 liberati
1224 2396 1294 2449 ab
1346 2394 1614 2448 ebrietate
1646 2403 1793 2449 sunt.

208 2480 331 2535 Sed
355 2480 613 2537 illicimur.
639 2483 757 2537 visu
783 2483 851 2537 ad
885 2483 1342 2552 pulchritudinm
1363 2484 1632 2547 vultuum.
1653 2483 1797 2551 Quid

209 2572 361 2629 colo
390 2584 476 2628 est
505 2573 721 2640 melius,
748 2574 923 2645 quid?
968 2574 1162 2631 Melius
1191 2584 1275 2631 est
1303 2577 1532 2631 credere
1568 2576 1678 2631 Deo
1712 2577 1796 2630 di-

209 2665 363 2720 centi
400 2682 417 2721 :
449 2663 703 2735 Respicite
734 2668 790 2721 in
818 2666 985 2721 altum
1008 2668 1183 2723 Deum
1210 2668 1384 2725 oculis
1408 2670 1612 2734 castris,
1636 2679 1691 2723 et
1723 2670 1798 2723 ui-

208 2755 337 2811 dete
362 2756 483 2825 quis
516 2757 755 2812 condidit
789 2760 970 2813 omnia
1000 2760 1105 2814 ista
1136 2760 1204 2813 “.
1230 2759 1370 2827 Quid
1405 2758 1476 2813 ita
1510 2759 1797 2829 pulchrum

211 2846 274 2900 in
301 2848 460 2903 oculo
480 2856 566 2902 est
596 2849 859 2912 mulieris,
890 2859 1153 2919 quantum
1183 2850 1264 2905 sol
1295 2850 1460 2907 habet
1486 2851 1539 2905 in
1574 2849 1796 2921 fulgori-

211 2940 503 2996 bussuis?
536 2940 674 3008 Quid
710 2942 782 2995 ita
822 2942 980 2997 ﬂoret
1006 2944 1056 2997 in
1088 2942 1272 2999 fronte
1321 2943 1565 3008 mortali,
1621 2958 1796 3013 quan-

218 3040 336 3085 tum
378 3033 431 3087 in
474 3034 620 3087 omni
667 3033 807 3088 caelo
844 3033 1092 3103 splendet
1127 3035 1275 3103 quod
1301 3034 1554 3089 videtur?
1584 3034 1709 3103 quia
1742 3042 1799 3089 et

218 3121 346 3177 aliis
376 3122 616 3178 varietas
645 3122 934 3192 vestigium
981 3122 1140 3178 illicit
1190 3132 1250 3177 ut
1281 3122 1471 3176 stella).
1523 3120 1629 3177 Sed
1658 3121 1797 3178 forte

1909 662 1961 713 vi
1988 661 2047 715 in
2078 659 2196 727 eius
2216 673 2315 717 ore
2336 658 2633 728 imposuit:
2663 658 2757 717 sed
2784 659 3045 728 scriptum
3072 669 3177 723 est,
3203 659 3326 727 quia
3358 672 3477 712 mn-

1906 751 2007 805 lier
2050 764 2212 807 suasa
2262 748 2537 817 protendit
2579 762 2802 805 manum
2850 751 2918 803 ad
2971 751 3241 814 arborem.
3297 758 3355 805 et
3408 762 3476 805 os

1905 838 2159 906 aperiens
2204 853 2384 903 suum,
2427 839 2656 895 immisit
2707 837 2964 899 fructum.
3023 839 3239 895 Utinam
3286 851 3470 897 autem

1905 930 2095 987 fuisset
2116 931 2233 986 vis!
2276 932 2358 985 vis
2407 931 2549 985 enim
2606 945 2715 987 non
2761 940 3020 1001 procurat
3065 941 3319 999 mortem,
3374 932 3469 987 sed

1906 1024 2001 1077 dat
2030 1035 2088 1081 ut
2113 1025 2444 1095 ignoscatur.
2478 1023 2585 1083 Sed
2616 1024 3068 1094 quemadmodum
3099 1023 3360 1093 scriptum
3382 1030 3476 1083 est

1903 1115 2199 1183 videamus,
2258 1125 2319 1171 ut
2381 1116 2597 1175 edoceri
2658 1116 2931 1185 possimus
2975 1122 3238 1185 quantum
3292 1121 3471 1185 potest

1903 1207 2167 1264 diabolus.
2188 1209 2500 1268 Amicitiam
2528 1206 2705 1272 tinuit,
2730 1207 2969 1265 ostendit
2987 1207 3466 1277 pulchritudinem,

1902 1299 2091 1363 suasit,
2117 1300 2387 1368 promisit,
2421 1299 2541 1355 ideo
2574 1298 2698 1369 quia
2727 1300 2835 1354 vim
2859 1298 3044 1354 facere
3074 1312 3185 1353 non
3232 1294 3467 1356 valebat.

1900 1386 1969 1441 Et
1994 1403 2140 1441 nunc
2166 1387 2322 1442 multi
2358 1390 2588 1445 suadent
2612 1388 2739 1452 sibi,
2772 1388 2899 1457 quia
2952 1378 3253 1441 tr'abuntttr
3275 1400 3309 1442 ι
3342 1384 3467 1454 qui-

1899 1477 2145 1535 busdam.
2182 1477 2262 1533 Ilii
2290 1479 2437 1535 enim
2460 1481 2556 1549 qui
2582 1479 2718 1534 {oris
2742 1488 2891 1544 sunt,
2940 1477 3079 1533 forte
3130 1486 3307 1533 autem
3361 1477 3466 1531 ali-

1900 1571 1992 1640 qui
2021 1578 2080 1625 et
2103 1584 2176 1626 es
2204 1570 2294 1626 bis
2317 1570 2411 1637 qui
2447 1571 2590 1625 intus
2617 1579 2764 1637 sunt,
2786 1580 2982 1637 putant
3002 1586 3062 1625 se
3107 1585 3135 1624 s
3181 1569 3355 1627 stellis
3388 1578 3470 1624 at-

1901 1659 2067 1725 trahi,
2090 1658 2290 1714 malum
2316 1656 2460 1712 malo
2484 1666 2740 1714 curantes
2763 1673 2779 1723 ;
2806 1667 3000 1713 etcum
3028 1659 3290 1715 deberent
3314 1674 3467 1717 suam

1903 1752 2162 1807 malitiam
2187 1750 2459 1815 conﬁteri,
2496 1746 2645 1807 albi!
2680 1752 2855 1821 majus
2904 1750 3107 1813 malum
3136 1748 3465 1820 praecedenti

1902 1842 2046 1899 malo
2073 1854 2469 1913 supraponunt.
2493 1842 2816 1899 Creaturam
2845 1844 3045 1912 quippe
3084 1842 3321 1912 propriis
3354 1856 3472 1898 ma-

1899 1931 1965 1986 lis
1993 1933 2447 1996 contaminantes,
2467 1932 2619 1989 aliud
2656 1941 2837 1989 autem
2864 1945 2988 1987 cum
3016 1931 3258 2001 superati
3281 1946 3311 1986 a
3338 1944 3470 1985 con-

1900 2024 2249 2093 cupiscentiis
2281 2024 2506 2091 iuerint,
2536 2024 2852 2081 retniserint
2879 2034 3058 2083 autem
3095 2021 3276 2082 fenum
3308 2023 3461 2092 ciui-

1902 2126 2047 2173 tatus
2070 2117 2177 2182 sui,
2202 2125 2397 2186 putant
2426 2114 2748 2172 inﬁrmitate
2772 2114 3089 2184 frequenter
3113 2129 3175 2170 se
3206 2115 3371 2180 vinci,
3414 2123 3473 2174 et

1900 2224 2005 2263 non
2046 2224 2145 2264 suo
2194 2209 2471 2279 proposito
2523 2207 2845 2278 negligenti.
2895 2206 3104 2276 Siquis
3131 2215 3312 2261 autem
3346 2205 3467 2262 vult

1899 2306 2148 2353 naturam
2176 2312 2491 2368 agnoscere,
2528 2314 2633 2354 non
2668 2298 2753 2354 his
2785 2314 2906 2369 qum
2940 2298 3247 2369 praescribit
3298 2314 3469 2369 agno-

1900 2396 2057 2454 scat;
2099 2388 2222 2457 quia
2261 2404 2360 2444 nec
2387 2388 2551 2445 debet
2599 2390 2841 2445 accusari
2876 2389 3071 2462 regalis
3107 2406 3359 2448 nummus
3398 2390 3471 2448 ab

1900 2480 2164 2535 adultero.
2220 2480 2372 2535 Illam
2413 2479 2791 2536 fortitudinem
2825 2492 3035 2538 natura
3072 2492 3126 2539 et
3168 2484 3463 2554 cogitatum

1898 2571 2102 2636 videat,
2138 2586 2262 2625 cum
2307 2572 2752 2642 concupiscentia
2805 2572 3079 2642 hortatur,
3125 2589 3249 2629 cum
3303 2575 3469 2630 libido

1900 2674 2075 2732 rogat,
2110 2671 2164 2717 et
2198 2677 2304 2723 nox
2334 2664 2679 2723 occasionem
2706 2664 2952 2734 praebet:
2999 2665 3274 2734 quomodo
3315 2666 3463 2735 cogi-

1900 2764 2049 2810 tatus
2079 2770 2109 2809 e
2133 2764 2322 2810 contra
2348 2755 2617 2811 obstruit:
2648 2754 2777 2824 quia
2802 2756 2928 2809 etin
2957 2756 3299 2824 passionibus
3328 2771 3468 2811 mar-

1901 2856 2102 2916 tyrum,
2136 2860 2328 2901 manus
2352 2845 2566 2915 quidem
2600 2846 2828 2912 radunt,
2862 2847 3005 2902 oculi
3036 2855 3219 2902 autem
3251 2848 3467 2902 minan-

1898 2945 2006 3004 tur,
2038 2946 2093 2992 et
2125 2938 2316 2993 dentes
2346 2940 2472 2992 dum
2504 2937 2742 2994 strident
2785 2949 3010 3005 terrent,
3049 2948 3107 2995 et
3152 2941 3389 3011 tyranni,
3418 2954 3467 2997 et

1897 3030 2080 3101 gladii,
2109 3038 2164 3085 et
2196 3030 2356 3099 ignis,
2380 3040 2435 3086 et
2464 3030 2611 3086 mille
2635 3033 2847 3102 species
2873 3033 3067 3087 mortis
3102 3042 3468 3102 apponuntur.

1896 3132 1953 3178 et
1977 3121 2249 3190 cogitatus
2274 3136 2381 3175 non
2421 3120 2681 3179 ﬂectitur.
2712 3122 2819 3180 Sed
2846 3123 2984 3179 alius
3021 3124 3199 3180 victus
3223 3134 3309 3181 est
3334 3143 3349 3179 :
3375 3126 3469 3180 sed

217 3213 267 3268 si
292 3222 482 3269 essent
510 3213 565 3267 in
593 3213 793 3278 medio,
820 3222 878 3267 ut
907 3212 973 3266 ad
1002 3212 1465 3281 comparationem
1504 3211 1646 3277 dico,
1699 3212 1798 3266 ali-
1824 3235 1868 3293 ρ
1900 3227 2009 3267 non
2041 3227 2072 3267 a
2105 3213 2264 3268 victis
2301 3213 2499 3270 debent
2533 3215 2749 3283 agmina
2784 3215 3044 3271 militaria
3080 3216 3337 3286 iudicari.
3380 3216 3474 3273 Ille

219 3306 415 3360 muttis:
441 3305 707 3371 diversae;
736 3314 789 3359 et
824 3304 869 3359 si
906 3304 1167 3374 possibile
1194 3311 1417 3359 essetet
1453 3304 1651 3357 artium
1678 3304 1797 3372 pul-

218 3395 560 3452 chritudines
590 3396 1140 3466 poni,1adunarentur
1168 3403 1348 3448 autem
1377 3402 1433 3448 et
1456 3394 1643 3448 omnia
1676 3398 1796 3448 ani-

221 3487 406 3553 malia,
436 3496 490 3543 et
516 3498 915 3557 proponeretur
946 3487 1109 3543 lectio
1135 3485 1248 3558 (96)
1279 3503 1295 3542 :
1331 3485 1517 3542 statim
1545 3489 1695 3556 porci
1730 3486 1797 3541 ad

218 3591 430 3635 stercus
456 3588 764 3645 currerent,
793 3593 981 3633 mures
1007 3578 1073 3632 ad
1098 3577 1203 3632 alia
1236 3577 1542 3632 istiusmodi
1595 3591 1796 3632 conve-

219 3673 426 3728 nientia
454 3673 554 3727 sibi
585 3682 641 3728 et
664 3672 841 3727 amica
874 3688 889 3726 :
923 3671 1061 3726 asini
1110 3680 1314 3737 autem,
1350 3679 1405 3724 et
1436 3669 1540 3723 alia
1576 3685 1695 3737 quae
1724 3671 1795 3724 ita

219 3773 349 3820 sunt
376 3764 527 3819 tarda
558 3764 839 3830 animalia,
896 3763 987 3817 illa
1034 3764 1255 3833 quidem
1301 3761 1486 3816 fenum
1524 3770 1794 3831 peterent,

218 3857 325 3911 alia
351 3858 419 3911 ad
452 3871 517 3913 ea
553 3871 675 3928 qua:
712 3865 1042 3911 consuerunt
1074 3869 1135 3909 se
1155 3852 1464 3923 iungerent.
1496 3851 1669 3907 Homo
1699 3869 1795 3905 au-

218 3957 327 4005 tem
362 3947 678 4019 dignitatem
719 3948 958 4003 hominis
978 3947 1207 4002 salvans
1236 3944 1305 4001 ad
1333 3955 1480 4001 artes
1525 3956 1793 4007 curreret,

215 4052 272 4097 et
300 4043 367 4096 ad
395 4037 706 4109 spectacula
734 4038 933 4093 artium
961 4045 1301 4107 properaret.
1354 4033 1413 4090 Si
1464 4035 1585 4104 quis
1612 4045 1795 4088 autem

218 4143 364 4189 esset
409 4135 573 4188 homo
613 4146 743 4186 vere
790 4141 845 4185 et
892 4132 1131 4186 hominis
1156 4129 1377 4185 salvans
1408 4144 1667 4195 sensum;
1699 4132 1794 4182 de-

219 4227 452 4296 spiciens
484 4237 538 4279 et
554 4225 820 4281 deridens
849 4224 1189 4293 relinqueret
1227 4223 1417 4292 utique
1467 4220 1793 4276 sollicitudi-

216 4332 340 4373 nem
364 4318 737 4386 pmpositam;
773 4314 1074 4382 respiceret
1112 4320 1296 4366 autem
1327 4326 1547 4365 sursum
1584 4310 1651 4365 ad
1676 4323 1794 4364 coe-

220 4410 352 4472 lum,
377 4416 433 4460 et
461 4405 668 4460 videret
694 4420 815 4474 quae
846 4404 899 4459 in
928 4402 1073 4459 cmlo
1113 4411 1167 4457 et
1219 4403 1476 4471 superius
1514 4402 1656 4457 cmlo
1698 4402 1795 4455 lia-

216 4500 435 4562 bentur,
488 4512 599 4552 non
651 4496 823 4551 oculis
866 4496 959 4553 sed
1014 4504 1218 4560 mente,
1265 4502 1321 4548 et
1362 4508 1468 4547 non
1519 4502 1795 4560 pateretur

1902 3305 2046 3359 enim
2081 3305 2172 3374 qui
2207 3305 2382 3361 victus
2412 3315 2513 3372 est,
2542 3307 2751 3363 ordinis
2776 3309 2948 3363 aciem
2998 3309 3247 3373 dimisit;
3289 3310 3359 3365 ab
3388 3310 3473 3365 his

1902 3406 2083 3451 autem
2113 3395 2203 3463 qui
2244 3405 2521 3465 superant,
2554 3396 2751 3455 debent
2794 3398 3016 3466 agnosci
3052 3402 3294 3468 agmines
3328 3400 3470 3454 milt-

1903 3497 2065 3542 lares.
2093 3487 2228 3555 Quia
2261 3502 2437 3558 neque
2461 3503 2491 3543 a
2526 3488 2686 3545 caecis
2714 3488 2906 3546 oculus
2942 3490 3250 3559 iudicatur,
3298 3506 3472 3563 neque

1900 3592 1929 3631 a
1963 3578 2143 3635 surdis
2176 3578 2348 3644 auris,
2378 3590 2556 3652 neque
2586 3580 2655 3636 ab
2681 3582 3073 3652 aegrotantibus
3119 3590 3335 3649 natura,
3371 3600 3473 3639 nec

1901 3670 1970 3725 ab
1995 3670 2355 3728 infructuosis
2398 3672 2685 3732 arboribus
2727 3674 2883 3744 culpa
2917 3684 3125 3731 natura:
3173 3675 3334 3731 debe't
3378 3692 3467 3731 as-

1900 3761 2034 3816 cribi
2065 3780 2080 3815 :
2114 3764 2242 3833 quia
2276 3778 2379 3818 nec
2409 3764 2608 3819 mortui
2636 3765 2883 3821 homines
2909 3765 3159 3821 homines
3186 3774 3338 3830 sunt,
3372 3781 3471 3821 nec

1900 3852 1953 3907 in
1992 3854 2129 3909 vivis
2158 3855 2446 3925 irreligiosi
2475 3866 2531 3910 et
2556 3857 2728 3926 impii,
2758 3872 2934 3927 neque
2970 3868 3253 3929 assumpta
3320 3858 3470 3915 deleo

1900 3946 2066 4001 ctatio
2110 3946 2416 4003 libidinosis
2462 3958 2766 4018 reputatur.
2817 3947 2943 4005 Hinc
2983 3950 3126 4003 enim
3179 3959 3263 4007 est
3306 3966 3469 4006 noxa.

1898 4032 1965 4091 Et
1996 4038 2199 4093 utinam
2223 4039 2502 4110 expediret
2530 4039 2729 4110 aliquid
2755 4054 2954 4104 sermo,
2990 4051 3050 4096 ut
3068 4051 3123 4096 et
3155 4043 3350 4097 iterum
3375 4044 3472 4098 ﬂe-

1898 4139 2001 4185 ret.
2055 4128 2194 4197 Quia
2246 4132 2391 4187 enim
2449 4146 2835 4201 nonnunquam
2883 4141 3145 4201 putantur
3195 4147 3474 4190 sermones

1899 4222 2204 4276 contrarios
2259 4222 2329 4277 ob
2390 4224 2782 4293 Spectationem
2830 4223 2945 4295 (97)
2996 4213 3203 4280 fructus
3251 4226 3473 4290 aﬂ'erre.

1900 4314 2040 4368 sicut
2087 4313 2230 4369 Deus
2271 4314 2439 4369 Israel
2464 4315 2687 4385 enipeus
2726 4315 2897 4369 dicit:
2931 4314 3173 4371 Sustinui
3197 4326 3253 4371 ut
3282 4318 3474 4386 faceret

1898 4420 2074 4471 uvam,
2133 4405 2253 4473 fecit
2302 4414 2481 4461 autem
2513 4408 2692 4473 spinas
2734 4407 2821 4471 ἠς
2862 4409 3172 4463 exhortatio
3227 4411 3472 4479 qumdam

1898 4496 2134 4552 eﬂicitur
2176 4498 2241 4550 ad
2300 4497 2627 4563 docendum,
2678 4513 2743 4552 eo
2794 4500 2940 4567 quod
2994 4516 3099 4555 non
3146 4500 3476 4556 fructiﬁcant

218 4596 472 4648 deorsum
529 4591 581 4645 in
626 4603 787 4644 coeno
833 4587 1090 4643 volutari.
1129 4585 1237 4641 Sed
1290 4584 1418 4654 quid
1477 4585 1739 4639 iaciemus
1771 4582 1794 4637 ’ἰ
1826 4569 1870 4624 Ῑ)
1900 4590 2084 4644 verba.
2121 4588 2400 4659 Siquidem
2420 4598 2477 4643 et
2500 4588 2612 4643 illic
2638 4590 2767 4647 dicit
2799 4591 2938 4644 Deus
2966 4607 2981 4645 :
3010 4591 3203 4645 Omnia
3229 4608 3476 4661 quaest...

218 4686 361 4741 Deus
390 4683 635 4753 superius
661 4681 802 4737 cmlo
828 4690 911 4735 est
956 4689 1010 4735 et
1058 4676 1281 4747 ubique.
1317 4677 1567 4733 Mortalia
1615 4687 1794 4729 autem

216 4778 362 4832 circa
396 4774 537 4829 latus
567 4773 823 4839 illiciunt,
856 4782 911 4826 et
940 4785 1115 4841 neque
1148 4771 1414 4831 dicentes,
1470 4781 1647 4836 neque
1698 4782 1795 4819 au-

214 4870 433 4925 dientes
476 4866 782 4922 excitamur
827 4880 856 4918 a
902 4877 1095 4918 somno
1136 4879 1154 4928 ;
1209 4862 1303 4916 sed
1348 4859 1489 4915 sicut
1537 4874 1660 4912 cera
1706 4867 1800 4911 aut

214 4962 497 5034 plumbum
528 4958 764 5014 infusum
794 4958 1018 5012 auribus
1055 4954 1256 5010 nostris
1281 4952 1501 5007 obturat
1528 4952 1801 5006 aerumnis

217 5059 549 5124 ingressum,
572 5061 627 5105 et
656 5051 959 5106 clamamus
998 5049 1119 5102 sine
1152 5060 1315 5101 causa
1347 5063 1361 5099 :
1396 5044 1618 5098 trahunt
1652 5044 1795 5097 enim

218 5162 341 5216 qua:
372 5149 656 5200 attrahunt
683 5158 787 5199 non
820 5157 944 5197 cum
976 5142 1049 5205 vi,
1082 5138 1352 5207 siquidem
1408 5151 1508 5190 nec
1565 5138 1739 5205 pisces
1766 5151 1794 5188 a

217 5239 429 5311 laqueis
474 5252 598 5292 cum
634 5236 685 5291 vi
720 5236 1015 5291 trahuntur
1066 5232 1306 5301 quandiu
1355 5238 1411 5284 et
1456 5229 1794 5295 capiuntur:

215 5346 393 5399 neque
421 5329 666 5386 diabolus
700 5334 807 5383 vim
838 5330 969 5382 facit
999 5323 1333 5387 hominibus,
1371 5320 1464 5375 sed
1522 5321 1792 5373 hortatur.

214 5421 333 5479 Non
359 5425 503 5478 enim
530 5424 791 5491 scriptum
827 5429 931 5483 est,
983 5422 1105 5486 quia
1140 5415 1351 5483 accepit
1388 5411 1632 5471 diabolus
1674 5425 1793 5465 ma—

287 5543 331 5575 “
360 5542 464 5599 in.
490 5560 579 5608 ιι,
604 5544 693 5597 26.
772 5542 816 5572 δ’
842 5542 943 5595 lsa.
972 5556 1027 5603 v,
1062 5539 1116 5591 4.
1196 5535 1241 5566 ⁸³
1267 5533 1398 5589 ibid.

290 5636 401 5707 (9'5)
424 5637 549 5707 bis,
582 5637 708 5707 salit
730 5654 820 5691 cor
850 5648 1085 5707 propter.

291 5704 400 5774 (96)
433 5706 638 5761 Tutela.
664 5706 845 5770 Forte,
878 5704 1119 5774 turbela.
1160 5762 1168 5771 ,

289 5769 401 5849 (95)
429 5776 558 5839 Με..
586 5779 712 5842 quid
740 5769 897 5829 suave
923 5785 997 5828 est
1022 5777 1078 5827 in
1104 5769 1299 5826 invidis
1323 5769 1347 5824 2

540 5874 813 5932 ιἈτιιοι..
864 5870 980 5931 (in.
1031 5867 1261 5931 XXIV.

1901 4696 1999 4751 que
2028 4680 2180 4733 debui
2204 4680 2375 4749 facere
2403 4680 2505 4749 feci
2540 4681 2702 4733 vineae
2736 4696 2865 4734 meae
2894 4678 2961 4734 ".
2998 4680 3132 4748 Quia
3171 4682 3317 4735 enim
3345 4698 3477 4736 con-

1904 4774 2099 4827 trarius
2127 4773 2517 4841 exspectationi
2549 4774 2727 4827 attulit
2756 4773 2986 4838 fructus,
3018 4774 3114 4839 ait,
3161 4772 3473 4828 Subducam

1901 4864 2127 4919 imbrem
2159 4865 2227 4917 ab
2242 4878 2307 4918 ea
2334 4881 2348 4918 :
2380 4864 2565 4932 utquid
2598 4863 2741 4917 enim
2762 4862 2972 4933 pluvias
3002 4863 3052 4918 ei
3079 4864 3247 4917 vineae
3287 4863 3338 4917 in
3367 4878 3473 4933 qua

1905 4970 2010 5009 non
2042 4964 2343 5025 exsurgunt
2366 4954 2612 5009 fructus?
2642 4954 2710 5009 Et
2734 4954 2862 5019 alia,
2896 4956 3091 5026 inquit,
3120 4956 3303 5009 omnia
3333 4970 3481 5024 quaet

1904 5060 2117 5115 cunque
2145 5044 2246 5100 feci
2279 5046 2345 5099 ad
2373 5045 2849 5101 fructiﬁcationem
2880 5044 3017 5112 ejus,
3051 5048 3299 5116 quaedam
3346 5048 3471 5115 qui-

1905 5138 2025 5192 dem
2062 5136 2325 5203 auferam,
2358 5137 2602 5206 qumdam
2638 5146 2817 5191 autem
2851 5145 3125 5199 evertam;
3150 5146 3208 5189 ut
3248 5150 3351 5191 non
3377 5152 3468 5190 eu-

1903 5226 2117 5281 stoditaa
2164 5228 2332 5296 spinae
2374 5236 2428 5280 et
2473 5226 2643 5280 imbre
2676 5226 2863 5297 rigata:
2912 5225 3199 5281 ﬂorescant
3236 5243 3252 5281 :
3285 5236 3379 5281 aut
3407 5240 3477 5280 ex

1905 5319 2139 5389 negotiis
2170 5331 2262 5373 aut
2289 5334 2356 5373 ex
2388 5313 2688 5386 Scripturis
2736 5319 3116 5374 condiscamus
3152 5318 3474 5388 religiosita-

1904 5421 2033 5466 tem.
2070 5412 2115 5465 Α
2157 5412 2388 5481 negotiis
2420 5411 2637 5480 quidem
2665 5413 2943 5467 videamus
2966 5412 3213 5466 mortalia
3248 5422 3304 5465 ut
3335 5425 3478 5467 mor-

1974 5617 2088 5687 (96)
2120 5615 2309 5671 Lectio.
2379 5616 2538 5687 Forte
2567 5617 2765 5670 electio-

1975 5682 2090 5757 (97)
2147 5687 2333 5741 Grzcce
2381 5686 2545 5742 fuisse
2615 5688 2845 5751 videtur,
2908 5685 3059 5756 παρὰ
3124 5682 3482 5756 προσδοκίαν,

1902 5768 2091 5831 prater
2115 5761 2574 5827 exspectationem.
