4000 6406
558 415 698 472 «11οὸ

1212 411 1492 473 russea
1527 412 2005 493 CESARIENSIS-
2039 413 2124 471 op

2233 414 2415 471 PARS
2452 414 2540 471 ιγ.
2573 447 2642 460 -
2679 413 3101 475 ΒΟΟΜΑΊἸΟΛ.

3686 417 3826 475 ωε

557 532 708 597 talia,
744 528 1081 587 transeuntia
1104 538 1165 587 ut
1185 534 1517 590 transeuntis
1564 554 1576 589 :
1626 550 1731 590 non
1768 535 1920 592 vides
1954 536 2123 593 hone-
2149 546 2198 604 Α
2225 538 2403 594 visio!
2439 538 2530 594 ubi
2582 546 2710 594 sunt
2746 538 2937 594 oculi?
2971 552 3006 593 o
3049 538 3207 593 bona:
3259 535 3672 594 adhortationis
3703 552 3830 593 saa-

554 634 639 679 sta
685 632 780 677 aut
831 620 1139 689 inhonesta,
1174 623 1256 679 vel
1287 639 1319 680 a
1352 628 1580 695 negotiis
1624 638 1681 682 et
1714 626 1977 694 alitteris
2009 627 2124 699 (98)

555 713 873 779 vide.,Deus
906 723 1129 783 propter
1159 717 1587 773 misericordiam
1618 719 1701 773 sui
1731 719 1923 775 scribit
1948 720 2126 776 homi-

555 819 656 859 nes
684 804 1056 860 lnobedientes
1078 818 1203 861 esse
1232 822 1338 862 non
1368 809 1590 863 debere.
1631 806 1798 863 Putas
1827 806 2126 879 fatigantur

556 895 777 964 quidam
807 910 929 951 esse
948 897 1173 965 pudici?
1204 897 1321 954 Non
1351 900 1544 955 mirum
1569 910 1749 953 autem
1780 899 1825 954 si
1850 898 2125 955 libidinosi

559 1003 669 1045 non
701 989 886 1045 satiati
912 992 1025 1059 jam
1062 1004 1301 1050 cessant.
1340 993 1399 1049 Si
1434 994 1579 1049 enim
1603 994 1686 1047 bis
1709 994 1802 1062 qui
1835 994 1971 1050 bene
1996 1009 2126 1050 cur-

556 1094 689 1139 runt
731 1085 885 1139 labor
926 1094 1032 1150 est,
1082 1087 1166 1143 his
1200 1088 1291 1157 qui
1329 1086 1469 1140 male
1498 1096 1726 1142 currunt
1772 1101 1870 1141 cur
1899 1086 2127 1141 satietas

557 1190 664 1230 non
714 1176 992 1232 habetur?
1038 1176 1318 1250 Fatigatur
1349 1176 1472 1246 quis
1520 1174 1729 1232 faciens
1759 1178 1938 1244 bene;
1985 1176 2127 1232 male

555 1276 735 1320 autem
765 1264 975 1321 faciens
1015 1282 1121 1322 non
1144 1265 1419 1320 satiatur?
1472 1265 1657 1334 Equus
1692 1267 1745 1320 in
1786 1281 1953 1321 cursu
2006 1264 2123 1321 em-

555 1354 698 1408 citur
728 1355 930 1411 sudans
956 1372 973 1423 ;
1004 1365 1059 1411 et
1079 1354 1253 1409 malus
1286 1369 1515 1410 currens
1544 1363 1703 1425 putas
1729 1370 1834 1410 non
1866 1354 2128 1426 fatigatur

556 1445 613 1499 in
634 1446 829 1501 sudore
844 1447 868 1501 τ
884 1446 999 1501 Non
1022 1447 1165 1502 enim
1191 1454 1397 1499 tantum
1415 1446 1881 1515 exprimitcursus
1902 1460 2125 1515 equum,

555 1546 817 1605 quantum
844 1551 937 1592 eos
970 1536 1060 1604 qui
1110 1534 1317 1589 malitia
1365 1544 1615 1590 utuntur.
1660 1535 1881 1592 Cessate
1910 1551 1941 1590 a
1973 1536 2129 1590 mali-

555 1627 648 1681 tiis
692 1627 911 1691 vestris,
967 1633 1021 1678 et
1072 1626 1269 1680 iterum
1315 1626 1565 1682 odientcs
1610 1626 1811 1681 malum
1834 1624 2126 1697 jungimini

552 1718 718 1771 bono.
759 1713 875 1769 Non
907 1713 1126 1783 prodest
1159 1714 1369 1771 malitia
1395 1717 1577 1781 malo;
1612 1716 1813 1771 malum
1838 1716 1982 1771 enim
2017 1728 2123 1779 est,

554 1807 765 1863 etiamsi
794 1807 1093 1862 sentiamus
1130 1816 1225 1861 aut
1252 1822 1359 1863 non
1391 1810 1715 1863 sentiamus.
1748 1808 1919 1879 Magis
1943 1816 2121 1863 autem

2227 632 2357 686 sust
2392 630 2486 685 ubi
2510 645 2705 686 sensus
2726 631 2751 685 τ
2775 630 2867 685 ubi
2902 630 3172 700 cogitatus
3192 621 3243 681 Υ
3267 626 3411 695 Quid
3450 626 3831 697 reprehendi-

2231 722 2303 777 sti
2336 720 2424 775 illa
2453 720 2478 775 i
2506 722 2637 790 quid
2674 720 2941 791 agnovisti
2979 718 3174 773 in-lstis
3199 718 3224 771 τ
3258 718 3347 773 ubi
3370 718 3680 773 annotinos
3696 732 3828 774 clr-

2227 826 2343 876 sus,
2372 821 2434 867 ut
2464 821 2521 867 et
2542 826 2857 882 perseveres
2889 811 2943 866 in
2987 810 3241 879 presenti
3286 824 3433 864 anno
3469 810 3528 864 in
3567 823 3742 864 cono
3771 818 3827 865 ts

2226 904 2450 959 volvens
2495 902 2521 959 3
2575 904 2665 959 ubi
2715 913 2843 958 sunt
2895 917 3018 973 qua
3071 901 3408 958 manducasti
3469 910 3605 956 ante
3658 901 3826 955 istum

2225 994 2392 1059 diem,
2427 1002 2487 1051 ut
2537 992 2763 1050 festines
2808 992 2923 1066 (99)
2974 1003 3031 1047 et
3068 992 3277 1047 hodie?
3305 1006 3468 1062 quem
3500 991 3754 1047 fructum
3792 1004 3827 1046 ι

2228 1084 2457 1139 libidine
2509 1086 2793 1157 accepisti,
2849 1094 2909 1140 ut
2966 1084 3166 1139 iterum
3218 1083 3287 1137 ad
3341 1083 3517 1151 ipsam
3557 1080 3829 1149 iniuriam

2229 1175 2463 1231 curras?
2513 1175 2571 1230 Si
2626 1187 2805 1231 autem
2864 1190 2964 1231 nos
3014 1174 3226 1229 hortari
3275 1183 3457 1229 vestra
3505 1173 3828 1227 obedieaitia

2227 1266 2414 1334 vultis,
2444 1266 2736 1321 ostendere
2765 1266 2843 1338 (l)
2873 1268 2989 1336 ipso
3030 1279 3197 1334 apere
3252 1262 3463 1318 fructus
3518 1262 3826 1316 sermonis.

2228 1355 2380 1412 Nunc
2410 1369 2591 1410 autem
2630 1365 2687 1411 et
2716 1371 2812 1410 vos
2855 1354 3217 1409 adhortamini
3264 1370 3279 1408 :
3310 1353 3407 1408 sed
3456 1363 3682 1421 tempus
3719 1364 3827 1405 non

2229 1448 2517 1519 permittit.
2566 1445 2710 1502 Deus
2737 1456 2918 1501 autem
2964 1446 3158 1501 liberet
3181 1459 3276 1499 vos
3303 1444 3371 1499 ab
3401 1444 3555 1497 omni
3592 1443 3825 1507 malitia,

2229 1546 2284 1591 et
2331 1536 2538 1606 repleat
2588 1549 2687 1590 vos
2740 1535 2853 1590 suis
2899 1534 3082 1598 bonis,
3117 1545 3175 1589 ut
3207 1531 3449 1589 aﬂeratis
3494 1530 3827 1589 fruetumin

2227 1628 2527 1683 centesimo
2557 1634 2613 1681 et
2640 1624 2978 1695 sexagesimo
3012 1633 3069 1680 et
3103 1625 3380 1680 tricesimo
3408 1638 3672 1685 numero.
3728 1636 3827 1693 per

2227 1718 2507 1774 Christum
2566 1715 2707 1785 ejus,
2760 1728 2858 1785 per
2907 1727 3069 1783 quem
3116 1722 3204 1768 est
3249 1713 3363 1769 Deo
3405 1711 3564 1767 Patri
3615 1713 3818 1784 gloria,

2228 1812 2424 1875 honor,
2476 1808 2787 1877 imperium,
2842 1806 3127 1876 maiestas,
3175 1820 3299 1861 cum
3344 1803 3557 1873 Spiritu
3599 1815 3824 1871 saneto,

556 1898 918 1953 sentientibus
958 1899 1189 1969 simplex
1234 1907 1338 1963 est,
1392 1912 1498 1953 non
1534 1899 1896 1953 sentientibus
1943 1907 2123 1953 autem
2157 1880 2197 1935 Β
2230 1910 2285 1956 et
2318 1914 2464 1954 nunc
2508 1907 2564 1954 et
2603 1910 2839 1967 semper,
2877 1908 2933 1954 et
2973 1913 3068 1968 per
3111 1897 3296 1953 omnia
3350 1894 3553 1952 secula
3588 1894 3828 1952 saculo-

553 1989 771 2058 duplex.
808 1986 1066 2059 Respicite
1107 1992 1162 2043 in
1202 1989 1371 2043 altum
1411 1989 1583 2043 oculis
1623 1989 1828 2054 uestris,
1857 1998 1907 2043 et
1952 1989 2124 2043 videte

550 2080 669 2148 quis
707 2081 977 2134 constituit
1006 2081 1181 2134 omnia
1216 2081 1319 2133 ista
1354 2079 1418 2134 δ”.
1445 2080 1490 2136 0
1528 2081 1683 2136 bona
1721 2079 2115 2136 adhortationis

2231 2005 2372 2047 rum.
2398 1990 2592 2043 Amen.

584 2220 3818 2260 Μ

1528 2428 2085 2545 EUSEBII
2162 2426 2855 2542 PAMPHILI

1337 2666 1516 2753 DE
1621 2664 2440 2756 OPERIBUS
2544 2664 3035 2759 BONIS

1436 2854 1546 2921 Ex
1574 2852 1867 2934 Epistola
1897 2851 2089 2915 Pauli
2115 2854 2197 2915 ad
2224 2853 2592 2917 Corinthios
2619 2854 2919 2930 secunda,

1899 3020 2137 3083 LIBER
2180 3020 2464 3082 NONUS.

616 3315 1095 3375 Resurrectionem
1151 3315 1365 3371 Domini
1416 3324 1473 3371 et
1516 3326 1825 3385 regressum
1874 3314 1992 3382 ejus
2050 3314 2117 3370 ad
2146 3320 2188 3379 c
2225 3323 2391 3369 tutem
2422 3324 2688 3385 quantum
2721 3316 2787 3371 ad
2816 3330 2939 3372 eum
2978 3315 3070 3388 qui
3107 3316 3415 3372 videbatur.
3451 3314 3519 3372 Et
3550 3332 3667 3373 xxx
3694 3317 3822 3375 totis

544 3409 713 3464 caelos
746 3408 878 3477 ipsis
907 3404 1078 3461 oculis
1133 3404 1381 3459 videntes
1426 3402 1680 3473 apostoli,
1726 3403 2119 3459 dubitationem

545 3514 707 3572 quam
763 3498 1244 3568 ante-passionem
1297 3498 1572 3551 habebant
1628 3496 2018 3564 deposuerunt,
2068 3502 2122 3548 et

544 3605 760 3646 omnem
799 3588 1242 3644 incredulitatem
1279 3602 1308 3640 a
1343 3602 1404 3641 se
1431 3587 1775 3656 pepulerunt.
1815 3583 1937 3655 Ipso
1974 3586 2121 3641 enim

544 3685 664 3737 visu
699 3682 801 3736 sibi
833 3680 967 3735 satis
1003 3679 1268 3734 facientes
1305 3678 1429 3746 quia
1455 3678 1756 3733 resurrexit
1806 3688 1864 3732 et
1911 3693 2124 3732 assum-

542 3784 668 3844 plus
693 3773 760 3827 ad
794 3771 961 3826 caelos
987 3779 1071 3825 est
1110 3770 1391 3835 Dominus,
1424 3768 1513 3822 alii
1542 3783 1641 3837 pro
1665 3768 1786 3822 aliis
1812 3766 1990 3824 eﬂ'ecti
2017 3784 2121 3823 no-

544 3872 790 3917 scuntur.
823 3861 1017 3916 Petrus
1038 3858 1184 3914 enim
1219 3874 1316 3929 pro
1338 3860 1670 3926 juramentis
1712 3869 1769 3913 et
1800 3859 2120 3930 abnegatio-

545 3955 726 4015 nibus,
766 3966 946 4021 praeco
998 3949 1181 4005 mundi
1232 3948 1455 4003 etiectus
1481 3958 1583 4005 est.
1636 3947 1786 4004 Visio
1817 3949 1960 4003 enim
1996 3964 2121 4003 eum

547 4045 915 4100 ﬁrmissimam
948 4053 1158 4112 petram
1186 4039 1386 4107 eil’ecit,
1423 4041 1494 4094 ita
1530 4049 1590 4095 ut
1618 4041 1671 4093 in
1699 4055 1820 4095 eum
1851 4053 1905 4095 et
1931 4041 2122 4096 Eccle-

552 4139 630 4191 sia
663 4136 1046 4198 aediﬁcaretur,
1076 4144 1129 4189 et
1157 4134 1273 4204 ipse
1300 4141 1508 4203 martyr
1554 4133 1845 4187 exsisteret
1887 4130 2116 4188 Christi.

554 4227 794 4282 Thomas
832 4240 1067 4295 quoque,
1104 4226 1192 4293 qui
1229 4232 1285 4277 et
1334 4234 1457 4291 post
1506 4225 1989 4291 resurrectionem,
2020 4238 2120 4276 an-

550 4332 764 4389 tequam
796 4320 1225 4387 experimentum
1262 4317 1554 4383 acciperet,
1589 4314 1786 4370 dubius
1822 4325 1964 4385 erat,
1996 4314 2121 4386 quia

551 4410 701 4465 misit
731 4409 926 4480 digitos
956 4422 1083 4463 suos
1116 4408 1167 4459 in
1216 4405 1574 4461 foraminibus
1605 4405 1911 4469 clavorum,
1946 4415 2003 4460 et
2040 4406 2120 4460 si-

540 4502 708 4556 bimet
743 4500 844 4571 ipsi
880 4498 1192 4564 satisfecit,
1225 4498 1510 4550 Dominum
1538 4511 1662 4549 eum
1692 4504 1747 4550 et
1781 4495 1948 4550 Deum
1985 4510 2121 4551 con-

542 4593 723 4649 fessus
777 4600 879 4646 est.
932 4591 1063 4645 Erat
1112 4590 1258 4644 enim
1302 4587 1618 4643 incredibile
1643 4588 1809 4641 Deum
1839 4588 2124 4645 advenisse

541 4688 592 4739 in
622 4698 870 4756 corpore,
902 4693 955 4739 et
978 4685 1253 4739 hominem
1285 4682 1453 4736 videri
1489 4681 1769 4737 caelestem
1800 4698 1815 4733 :
1842 4690 1959 4735 erat
2013 4696 2119 4736 non
2155 4675 2198 4729 D

540 4780 894 4842 credendum,
927 4778 1053 4847 quia
1080 4794 1145 4831 ex
1176 4777 1387 4847 virgine
1434 4784 1553 4829 erat
1592 4772 1847 4828 natlvitas
1878 4772 1996 4841 ejus
2034 4788 2122 4830 se-

537 4875 772 4928 cundum
794 4887 1035 4927 carnem.
1051 4873 1145 4927 isti
1166 4874 1311 4926 enim
1330 4868 1677 4925 conscientia
1696 4866 2120 4923 satisfactionem

540 4963 653 5018 sola
704 4962 942 5017 habebat
967 4977 1087 5031 qua:
1118 4960 1600 5031 pepereratvirgo.
1646 4957 1889 5013 Necdum
1942 4967 2121 5013 autem

541 5066 737 5110 natura
784 5052 1109 5116 testabatur,
1165 5066 1341 5120 neque
1392 5060 1568 5104 mater
1622 5050 1861 5104 habebat
1916 5045 2120 5117 aliquid

538 5146 644 5200 tale
693 5144 1005 5213 semetipsa,
1056 5158 1230 5211 neque
1277 5143 1343 5195 de
1389 5142 1473 5199 his
1512 5156 1634 5210 qua:
1682 5142 1960 5203 deorsum,
2025 5139 2120 5195 sed

536 5239 723 5293 omnia
754 5246 910 5292 erant
938 5236 1301 5291 incredibilia.
1334 5235 1524 5290 Gratia
1550 5235 1695 5290 enim
1728 5244 1848 5289 erat
1898 5235 2121 5289 inenar-

536 5328 747 5391 rabilis,
778 5337 832 5380 et
864 5326 1198 5396 indulgentia
1231 5323 1590 5379 incredibilis.
1636 5322 1755 5377 Alia
1786 5323 1930 5377 enim
1960 5330 2123 5377 erant

535 5436 657 5490 quae
682 5419 1047 5474 videbantur:
1097 5417 1189 5489 qui
1239 5418 1383 5471 enim
1436 5416 1742 5483 videbatur,
1777 5430 1904 5470 vere
1934 5424 1987 5468 et
2018 5415 2118 5470 ho-

536 5514 740 5569 minem
796 5512 1139 5568 ostendebat.
1191 5510 1335 5565 Nihil
1384 5513 1529 5567 enim
1584 5509 1871 5567 dili‘erebat
1917 5510 1983 5565 ab
2013 5508 2120 5562 alio

529 5606 759 5662 homine
794 5616 1059 5675 quantum
1090 5605 1155 5657 ad
1184 5606 1356 5659 visum
1384 5624 1396 5658 :
1430 5606 1555 5675 quia
1594 5602 1914 5660 continebat
1947 5603 2122 5657 virtu-

605 5699 652 5730 ⁸⁵
690 5700 789 5753 lsa.
822 5716 913 5762 ιι..
954 5698 1043 5753 26.

605 5791 719 5864 (98)
748 5793 1002 5864 Γραφῶν,
1036 5792 1349 5864 δεῖὶριιιζξε.

607 5861 717 5931 (99)
748 5861 803 5917 Id
841 5875 945 5927 est,
976 5863 1221 5931 epulrris.
1260 5861 1370 5917 Vox
1400 5863 1653 5918 barbara.

2225 3402 2383 3457 annis
2414 3417 2524 3458 non
2561 3401 2767 3459 fecerat
2799 3405 3035 3475 signum,
3080 3415 3141 3460 ut
3189 3405 3367 3476 primo
3413 3405 3680 3463 suaderet
3708 3423 3810 3463 no-

2225 3493 2472 3563 bisquia
2524 3508 2751 3551 carnem
2813 3498 3129 3568 assumpsit,
3178 3506 3235 3552 et
3280 3498 3611 3553 concederet
3660 3500 3812 3555 carni

2224 3585 2485 3654 proiicere
2514 3587 2568 3640 in
2600 3597 2782 3652 aetate,
2812 3596 2996 3642 etnon
3040 3590 3107 3643 de
3154 3602 3215 3643 se
3266 3589 3533 3658 suspicari
3567 3590 3718 3659 quod
3758 3600 3813 3645 et

2224 3678 2569 3745 suspicavere
2595 3679 2811 3749 quidam
2845 3680 3088 3735 haeretici
3119 3696 3135 3735 :
3162 3690 3217 3735 et
3258 3682 3362 3736 ista
3388 3680 3809 3750 dispensatione

2225 3770 2365 3825 facta
2404 3772 2677 3840 prabebat
2705 3784 2760 3827 et
2807 3774 2911 3828 hoc
2956 3773 3418 3829 incredulitatem.
3458 3772 3613 3829 Nihil
3660 3776 3812 3831 enim

2228 3864 2459 3934 amplius
2508 3865 2802 3932 putabatur
2836 3880 2977 3931 esse,
3030 3881 3196 3936 quam
3251 3866 3299 3921 is
3343 3865 3439 3935 qui
3497 3866 3809 3922 videbatur.

2223 3956 2362 4011 Nam
2414 3964 2469 4010 et
2532 3957 2601 4012 ad
2652 3958 2981 4026 baptismum
3027 3955 3254 4012 Joannis
3298 3957 3555 4011 veniebat
3587 3976 3601 4011 :
3631 3958 3817 4026 bapti-

2225 4063 2399 4105 smum
2438 4056 2619 4103 autem
2655 4062 2760 4101 non
2805 4058 2926 4103 erat
2963 4047 3191 4118 simplex
3232 4066 3246 4101 :
3286 4048 3623 4119 ptenitentiaa
3668 4048 3813 4103 enim

2226 4148 2346 4195 erat
2365 4140 2715 4208 baptismum,
2738 4139 2993 4209 quodque
3019 4138 3197 4193 adhuc
3222 4139 3394 4208 magis
3414 4137 3699 4193 hominem
3725 4153 3816 4193 os-

2226 4234 2499 4294 tendebat,
2536 4247 2700 4303 quam
2738 4246 2862 4285 eum
2895 4231 2989 4299 qui
3021 4229 3407 4285 occultabatur
3455 4229 3510 4283 in
3560 4229 3808 4284 homine.

2229 4328 2398 4382 Erant
2432 4327 2598 4397 igitur
2626 4329 2728 4382 ista
2773 4328 3167 4399 impedimenta
3200 4326 3348 4391 ﬁdei,
3379 4340 3501 4394 qua
3541 4325 3809 4380 videban-

2229 4429 2337 4483 tur,
2372 4434 2491 4488 quae
2522 4420 2746 4483 ﬁebant,
2774 4434 2924 4487 esca,
2973 4432 3222 4484 somnus,
3275 4418 3561 4487 provectio
3609 4418 3809 4481 aetatis,

2226 4510 2280 4565 in
2316 4520 2457 4564 terra
2486 4510 2873 4566 deambulatio.
2920 4510 2977 4566 Si
3018 4520 3199 4566 autem
3224 4510 3386 4564 vellet
3414 4518 3470 4564 et
3496 4506 3673 4563 Mater
3727 4511 3809 4562 di-

2227 4615 2370 4666 cere,
2403 4601 2539 4669 Quia
2568 4604 2721 4670 virgo
2755 4618 2983 4658 manens
3030 4617 3155 4657 eum
3204 4602 3367 4656 enixa
3425 4616 3546 4656 sum
3582 4619 3597 4667 ;
3644 4602 3807 4655 unius

2233 4694 2478 4749 mulieris
2510 4705 2699 4749 contra
2730 4706 2985 4753 naturam
3037 4694 3407 4749 testimonium
3438 4693 3623 4748 minus
3669 4694 3815 4747 vale-

2231 4795 2335 4851 ret,
2361 4796 2417 4839 et
2443 4787 2678 4839 maxime
2713 4788 2854 4856 apud
2890 4785 3127 4842 ludas-os.
3174 4784 3271 4841 His
3300 4785 3467 4855 igitur
3505 4784 3678 4839 tantis
3716 4786 3814 4839 im-

2231 4876 2561 4944 pedimentis
2592 4877 2905 4932 constitutis
2944 4877 3010 4931 ad
3042 4877 3224 4942 tidem,
3254 4877 3495 4930 arduum
3555 4884 3679 4928 erat
3728 4890 3814 4928 su.

2230 4968 2363 5035 scipi
2392 4968 2829 5035 praedicationem
2858 4986 2872 5024 :
2903 4976 2957 5022 et
2989 4967 3226 5021 maxime
3255 4966 3382 5037 quia
3400 4967 3491 5034 qui
3526 4966 3815 5019 videbatur

2230 5072 2336 5111 non
2366 5067 2480 5111 erat
2511 5058 2605 5127 qui
2642 5067 2697 5113 et
2722 5058 3037 5113 dicebatur:
3066 5059 3512 5129 praedicationem
3538 5057 3816 5126 prmbebat

2230 5150 2367 5203 nihil
2401 5152 2597 5222 suscipi
2637 5151 2835 5206 debere
2864 5168 2987 5223 quae
3033 5151 3360 5207 videbantur
3400 5168 3413 5204 :
3454 5149 3683 5204 credere
3721 5164 3815 5202 au-

2233 5252 2340 5295 tem
2391 5242 2516 5311 quia
2570 5242 2622 5295 in
2674 5242 2943 5312 principio
3001 5251 3120 5296 erat
3162 5238 3429 5303 Verbum,
3475 5249 3529 5293 et
3574 5237 3813 5294 Verbum

2229 5342 2349 5386 erat
2393 5333 2609 5395 vivens.
2663 5344 2719 5389 et
2767 5333 2910 5388 Deus
2959 5343 3077 5389 erat
3124 5330 3413 5397 Verbum;
3447 5330 3565 5385 hac
3612 5329 3683 5385 ad
3729 5330 3813 5383 illa

2227 5438 2347 5492 quae
2375 5423 2827 5491 inspiciebantur,
2863 5422 3065 5477 nullam
3098 5420 3422 5477 videbantur
3447 5421 3656 5474 habere
3684 5434 3811 5474 coa-

2228 5515 2560 5569 sensionem.
2612 5514 3083 5581 Quemadmodum
3117 5526 3254 5587 ergo
3294 5514 3347 5567 id
3393 5512 3540 5581 quod
3574 5512 3808 5567 incredi-

2230 5606 2336 5660 bile
2376 5616 2458 5661 est
2487 5604 2719 5661 edicitur
2747 5604 3032 5676 credibile,
3078 5603 3196 5679 ipse
3241 5605 3375 5662 dicit
3416 5604 3682 5661 Dominus
3714 5601 3810 5660 ε.ἵὸ

2304 5791 2381 5861 μ)
2412 5789 2622 5857 Melius,
2647 5792 2921 5845 ostendite.
