4000 6410
598 422 736 478 Im
1255 409 1525 469 EUSEBII
1566 407 2044 465 CESARIENSIS
2077 407 2227 465 OPP.
2269 406 2451 462 PARS
2489 407 2575 462 IV.
2615 434 2680 446 —
2720 407 3137 463 DOGMA'HCA.
3734 414 3865 468 1240

590 551 651 594 ut
688 498 1077 607 prcfocaretur
1113 547 1130 586 :
1175 522 1252 595 ita
1290 537 1347 585 et
1403 544 1499 598 per
1528 528 1805 597 apostolos
1836 525 2005 629 Judaei
2065 542 2161 582 suo
2263 523 2379 629 Ilion
2402 526 2547 579 enim
2583 525 2851 629 ius-omnia
2882 536 3039 628 erant
3073 524 3225 595 regni
3256 539 3381 629 spes
3415 544 3429 580 :
3472 527 3574 582 sed
3606 540 3865 629 suspecta

588 627 960 700 gustiabantui:
1015 638 1121 679 non
1170 621 1480 684 credentes,
1535 628 1592 676 et
1647 618 1989 675 admirabilia
2026 620 2164 674 iudi-
2266 614 2462 671 fuisset
2511 616 2850 683 praedicatio,
2904 617 2949 671 si
3001 629 3165 685 regna
3224 616 3443 685 quidem
3492 619 3865 687 praedicarent

586 683 853 791 Errantes:
886 683 1131 771 videntes
1157 714 1300 769 enim
1342 714 1431 769 isti
1456 683 1525 769 ne
1547 712 1625 784 (4)
1652 712 1871 784 quidem
1920 720 2161 767 mortuos
2264 709 2524 774 cmlestia,
2549 709 2615 765 de
2662 711 2746 766 liis
2785 719 2964 765 autem
3010 683 3193 766 essent
3241 683 3461 767 solliciti
3492 683 3636 779 ique
3672 716 3732 769 in
3765 716 3863 771 hac

584 809 877 867 suscitatus
938 808 1008 863 ab
1062 806 1324 877 Apostolo
1378 815 1765 877 exsurgentes,
1825 820 1925 877 per
1996 806 2159 861 alium
2261 804 2369 857 vita
2402 803 2675 859 habentur
2710 820 2735 859 .:
2773 806 2866 861 sed
2898 805 3085 860 statim
3135 807 3389 875 operibus
3434 808 3760 867 formantes
3785 811 3860 880 (ο)

582 898 808 958 claudos
845 896 1205 963 ambulantes,
1246 910 1344 968 per
1386 895 1615 953 alterum
1648 896 1752 951 alia
1802 896 1952 965 signa
2008 911 2160 952 com-
2260 896 2594 960 suasionem,
2625 897 2864 964 undique
2902 897 2969 951 ad
3010 913 3172 952 unam
3201 900 3558 957 concordiam
3606 900 3863 956 conlise-

583 989 757 1063 pleta,
787 998 844 1047 et
864 1004 965 1061 per
995 989 1159 1044 alium
1194 986 1411 1059 linguas
1446 989 1727 1044 audientes
1762 987 2161 1058 pluriinas;ar-
2259 986 2413 1043 bant.
2446 986 2689 1055 Apostoli
2721 987 2940 1056 quidem
2967 1003 3063 1058 per
3097 989 3367 1072 mirabilia
3396 992 3705 1048 ﬁrmabant
3722 1009 3861 1062 pra-

581 1085 715 1138 ctati
745 1084 1012 1140 meatibus
1036 1082 1342 1139 istiusmodi
1373 1082 1812 1153 signorumque
1848 1082 1914 1137 de
1943 1097 2156 1138 sursum
2258 1078 2583 1134 dicationetu
2614 1079 2938 1136 :credentes
2960 1089 3167 1147 autem,
3215 1097 3283 1137 ex
3306 1098 3375 1140 eo
3402 1085 3551 1153 quod
3584 1084 3860 1141 distrahe-

582 1175 847 1246 apostolis
868 1174 1085 1230 fuerant
1103 1175 1326 1240 donata,
1353 1174 1541 1229 eadem
1566 1188 1686 1244 qua
1709 1174 1762 1228 in
1792 1183 1936 1229 terra
1968 1174 2158 1228 viden-
2255 1168 2386 1223 bant
2411 1184 2505 1223 sua
2531 1210 2547 1236 ,
2578 1183 2644 1225 ex
2688 1184 2754 1225 eo
2792 1171 2937 1241 quod
2963 1173 3147 1227 omnia
3180 1172 3382 1245 dabant
3417 1176 3756 1243 presentia,
3787 1193 3856 1231 es

582 1278 664 1322 tes
697 1265 985 1333 mirabilia,
1035 1266 1125 1335 qui
1159 1263 1273 1319 ausi
1318 1262 1537 1318 fuerant
1579 1263 1895 1335 magistrum
1941 1262 2157 1335 aﬂigere
2256 1275 2321 1316 eo
2361 1264 2505 1331 quod
2553 1265 2734 1320 omnia
2770 1265 2837 1319 ad
2878 1279 3043 1336 regna
3095 1265 3364 1321 emlorum
3397 1267 3851 1335 transferebant;

579 1359 752 1424 cruci,
790 1358 985 1413 incerti
1016 1367 1171 1414 erant
1214 1357 1344 1427 quid
1384 1355 1630 1412 facerent
1684 1356 1965 1426 discipulis
2006 1358 2151 1426 ejus.
2255 1362 2383 1407 tmte
2412 1354 2704 1410 adventum
2736 1356 2905 1424 ipsius
2934 1356 3084 1426 regni
3115 1356 3479 1421 testabantur.
3514 1357 3617 1415 His
3660 1360 3853 1431 itaque

579 1453 693 1521 Qua
721 1453 891 1523 igitur
924 1451 991 1508 de
1017 1449 1201 1511 caua.
1231 1450 1331 1506 sub
1355 1449 1646 1520 praemia
1670 1446 1885 1517 quidem
1916 1446 2150 1514 Domini,
2252 1443 2423 1512 gestis
2469 1454 2779 1515 repetamus
2835 1460 3078 1514 sensum,
3123 1457 3182 1503 et
3235 1448 3519 1506 videamus
3574 1454 3674 1522 qui
3728 1464 3853 1509 erat

574 1554 631 1599 et
661 1543 893 1616 apostoli
924 1543 1235 1598 dubitantes
1256 1540 1461 1597 fuerint
1487 1540 1778 1609 aliquoties
1800 1540 2015 1595 oblatos
2040 1538 2145 1593 sibi
2252 1546 2383 1647 tunc
2408 1537 2549 1640 apud
2579 1533 3014 1647 Hierosolymam
3047 1546 3259 1603 status,
3420 1539 3853 1647 lturbelgnquis

576 1650 682 1690 non
737 1635 977 1705 potuisse
1020 1646 1245 1697 curare;
1294 1640 1418 1702 post
1461 1630 1919 1687 resurrectionem
1969 1638 2148 1683 autem
2251 1626 2433 1681 fervor
2464 1627 2845 1682 insanientium
2869 1626 3179 1683 Iudaeorum
3208 1648 3223 1684 :
3256 1630 3527 1701 siquidem
3576 1642 3635 1687 et
3681 1633 3780 1689 lilii
3815 1649 3850 1689 a

574 1738 632 1781 et
688 1726 896 1797 majora
947 1739 1108 1796 quam
1170 1724 1430 1780 Dominus
1465 1722 1613 1779 ,fecit
1658 1722 1810 1791 signa
1863 1719 2043 1775 facere
2070 1719 2149 1791 (5)
2249 1720 2495 1787 patribus
2542 1718 2858 1774 recedentes
2920 1720 3141 1775 sibilant
3193 1722 3259 1776 ad
3312 1722 3498 1789 fidem,
3538 1732 3599 1779 et
3646 1724 3777 1781 filiai
3815 1741 3848 1782 e

575 1819 865 1890 discipuli?
894 1819 995 1875 sub
1027 1817 1142 1888 ejus
1158 1822 1303 1873 enim
1331 1816 1625 1887 praesentia
1654 1816 1774 1869 ideo
1806 1813 1939 1869 nihil
1968 1812 2149 1869 facere
2254 1810 2465 1864 sinibus
2494 1819 2728 1865 matrum
2764 1811 2830 1865 ad
2862 1810 3022 1866 fidem
3053 1812 3349 1868 currebant
3377 1812 3611 1877 Christi,
3639 1826 3703 1872 et
3726 1826 3846 1871 tur-

572 1919 887 1982 potuerunt,
924 1911 1050 1981 quia
1076 1912 1366 1983 oportebat
1390 1907 1648 1979 ampliora
1692 1908 1847 1977 signa
1876 1906 1943 1961 ad
1980 1907 2146 1961 satis-
2171 1929 2219 1985 B
2247 1900 2364 1955 bela
2388 1908 2509 1955 erat
2534 1902 2675 1972 apud
2698 1902 2947 1958 infideles
2976 1902 3198 1974 ubique.
3239 1903 3335 1960 ille
3380 1907 3529 1961 enim
3556 1908 3847 1965 irascebao

567 1979 862 2058 factionem
917 1979 1333 2064 resurrewonis
1377 1999 1603 2054 servari.
1659 1997 1715 2052 Si
1753 1998 1898 2051 enirn
1950 1996 2144 2052 antici—
2176 1979 2214 1985 ⁷
2250 2003 2337 2046 tur
2375 1992 2505 2054 lilio,
2549 1993 2673 2061 quia
2732 1993 3030 2065 sapientior
3079 1997 3222 2065 patri
3271 2012 3371 2053 suo
3411 2001 3671 2070 apparuit
3698 2016 3717 2053 :
3751 2002 3845 2057 illa

566 2070 762 2167 parites
787 2094 890 2149 sub
929 2093 1214 2163 praesentia
1265 2090 1476 2146 Domini
1520 2089 1814 2157 fecissent;
1857 2104 1978 2157 qua
2020 2100 2144 2161 post
2245 2096 2423 2140 autem
2466 2085 2755 2151 abjiciebat
2806 2085 2996 2153 lilium,
3047 2088 3175 2157 quia
3224 2090 3417 2146 matris
3469 2092 3844 2149 incredulitas

570 2185 1021 2243 resurrectionem
1073 2184 1189 2251 ejus
1234 2182 1429 2239 fecisse
1476 2182 1753 2249 videntur,
1792 2180 2143 2239 habebantet
2244 2191 2350 2231 non
2403 2178 2778 2233 conscntiebat
2829 2177 2989 2245 fidei;
3059 2190 3117 2237 et
3146 2181 3316 2237 frater
3347 2184 3670 2241 minabatur
3721 2186 3841 2242 fra-

568 2278 674 2335 ista
711 2278 991 2333 destruere
1020 2275 1213 2340 Judaei,
1255 2284 1514 2345 quantum
1540 2274 1606 2330 ad
1638 2275 1782 2345 ipsos
1823 2285 1879 2330 et
1911 2274 2029 2329 aliis
2074 2291 2138 2330 ea
2243 2270 2486 2338 tri;jam
2536 2282 2805 2327 autemet
2833 2272 3086 2330 dominus
3141 2289 3322 2329 servo.
3357 2274 3501 2346 ignis
3545 2279 3699 2332 enim
3749 2278 3841 2335 ille

563 2369 749 2425 Valere
778 2368 1196 2439 suspicionibus.
1228 2367 1385 2423 Nunc
1407 2378 1587 2423 autem
1619 2383 1725 2423 non
1756 2378 2001 2437 possunt.
2025 2367 2140 2423 Sub
2240 2378 2399 2432 quem
2428 2363 2579 2418 misit
2600 2364 2862 2421 Dominus
2882 2365 3068 2434 Iesus,
3114 2368 3327 2438 aliquos
3368 2369 3593 2439 quidem
3627 2372 3839 2441 tetigit,

561 2462 848 2532 prasentia
880 2461 1023 2515 enim
1051 2459 1264 2515 Domini
1290 2475 1456 2514 unum
1483 2461 1780 2515 demonem
1808 2460 2006 2529 ejicere
2030 2475 2136 2515 non

2252 2453 2451 2524 aliquos
2485 2464 2665 2509 autem
2694 2456 2963 2526 despexit,
2990 2469 3048 2515 et
3072 2459 3320 2529 implevit
3355 2461 3570 2517 turbela
3624 2464 3832 2520 civita-

562 2564 814 2625 poterant
846 2553 1072 2621 apostoli
1111 2570 1127 2608 :
1158 2562 1279 2623 post
1311 2553 1749 2609 resurrectioneu
1779 2561 1958 2608 autem
1993 2551 2134 2622 ejus,
2243 2557 2370 2612 tem.
2403 2546 2576 2613 Vicos.
2604 2549 2855 2620 regiones
2887 2560 2943 2605 et
2975 2551 3185 2608 domos.
3217 2551 3350 2607 Erat
3390 2562 3574 2610 autem
3616 2557 3835 2613 turbela

560 2661 671 2702 non
698 2644 986 2710 solumilli,
1011 2645 1103 2699 sed
1133 2644 1260 2698 ethi
1285 2646 1377 2715 qui
1408 2645 1476 2699 ab
1504 2644 1611 2700 illis
1633 2644 1788 2700 istius
1812 2646 2025 2701 virtutis
2050 2661 2136 2701 se-
2235 2636 2554 2705 quibusdam
2589 2640 2806 2707 quidem
2839 2639 2907 2696 ad
2933 2642 3157 2707 bonum.
3184 2644 3511 2714 quibusdam
3545 2656 3740 2703 autem
3760 2651 3834 2725 ,ad

558 2752 684 2807 mei;
716 2746 1057 2807 “ceparum,
1077 2735 1391 2805 ejicium.3i
1415 2737 1561 2791 eum
1582 2737 1815 2792 “dum.
1840 2746 2000 2794 οηηι
2015 2753 2134 2807 (ποτε
2234 2729 2432 2796 duplex
2456 2729 2678 2785 malum.
2713 2729 2791 2785 illi
2812 2734 2957 2787 enim
2994 2734 3087 2803 qui
3129 2734 3523 2803 figurabautur,
3563 2745 3619 2793 et
3638 2752 3834 2802 perse-

554 2804 687 2887 ante
748 2804 1055 2900 passionem
1090 2804 1547 2899 pmdlcahantur,
1610 2804 2130 2903 protensionemiﬁ)
2233 2823 2501 2877 cntionem
2526 2823 2886 2889 sustinebant,
2912 2834 3102 2882 etcum
3148 2826 3332 2883 laetitia
3370 2830 3555 2883 omnia
3576 2831 3652 2887 ob
3674 2846 3829 2902 spem

553 2919 747 2974 nabuit
779 2919 1126 2976 incredulitas
1155 2917 1416 2987 majorem
1439 2929 1560 2987 post
1581 2922 1914 2991 passionem.
1947 2922 2129 2978 lncre—
2231 2914 2382 2984 νομί
2412 2914 2653 2972 οωίθιιίδ
2678 2916 3056 2985 Ρθιίθιηηῑυτς
3082 2918 3219 2973 mala
3248 2934 3368 2989 (Ιυε
3383 2921 3747 2991 Ροιιίηηιιιΐν
3776 2925 3828 2979 in

558 3013 867 3070 dihilissimi
893 3014 1037 3072 enim
1065 3013 1262 3079 Judaei,
1285 3024 1547 3083 ponentes
1582 3015 1683 3070 sibi
1720 3016 2033 3071 scandalum
2068 3018 2123 3071 in
2227 3003 2389 3113 bonis
2434 3006 2536 3065 sibi
2575 3006 2847 3113 thesauris
2890 3009 3271 3113 recondebam.
3303 3008 3645 3113 Quicunque
3680 3014 3826 3069 enim

554 3105 673 3175 ipsa
700 3106 949 3176 passione
973 3105 1205 3170 Domini,
1233 3106 1488 3162 dicebant
1520 3124 1535 3160 :
1580 3105 1643 3163 Si
1677 3104 1855 3162 Fitiss
1890 3106 1988 3162 Dei
2026 3118 2125 3175 est,

2249 3096 2551 3153 ridebantur
2577 3097 2747 3170 legem
2791 3099 3071 3155 vindicare
3114 3099 3342 3171 loysei,
3371 3101 3504 3172 legis
3537 3117 3829 3159 sermones

554 3198 833 3252 descendat
866 3213 1003 3252 κκηε
1021 3197 1085 3251 de
1106 3213 1257 3253 cruce
1279 3198 1347 3252 ιτ.
1384 3198 1442 3255 Si
1466 3199 1740 3254 enimnon
1763 3198 2123 3269 descenderit,
2228 3186 2547 3258 isnnmles
2577 3191 2851 3245 contraria
2892 3190 2993 3262 lesi
3024 3191 3405 3260 operabanwr.
3439 3192 3547 3249 Per
3566 3210 3635 3250 ea
3675 3196 3822 3250 enim

560 3288 654 3342 sed
683 3296 927 3341 mortuus
956 3285 1136 3351 fuerit,
1164 3287 1434 3357 inquiunt,
1459 3298 1669 3344 mortua
1708 3287 1817 3344 erit
1836 3296 1893 3343 et
1918 3290 2118 3345 virtus.

2239 3296 2347 3349 qua:
2374 3280 2760 3352 gloriabantur,
2776 3299 2871 3355 per
2892 3285 3005 3355 ipsa
3028 3291 3479 3359 etarguebantur.
3500 3290 3635 3343 Erat
3656 3291 3819 3363 igitur

552 3378 694 3447 Quia
727 3392 859 3449 ergo
889 3379 1070 3447 passio
1103 3379 1369 3448 protendit
1412 3379 1490 3450 (7)
1527 3394 1712 3434 eorum
1765 3381 2121 3445 incredulita-

2243 3369 2425 3427 ludais
2460 3373 2573 3442 ipsa
2612 3375 2815 3430 veritas
2866 3390 2994 3431 nox.
3041 3375 3438 3435 interfecerunt
3457 3382 3608 3436 enim
3630 3394 3692 3439 et
3726 3384 3823 3441 ob-

557 3481 689 3534 tcm,
716 3470 927 3539 majora
962 3478 1140 3523 autem
1174 3469 1328 3540 signa
1364 3469 1671 3526 efﬁciuntur
1695 3486 1793 3540 per
1830 3472 2124 3547 discipulos

2247 3473 2530 3535 urgarunt,
2562 3472 2616 3520 et
2642 3465 2992 3522 descendenti
3014 3466 3081 3523 de
3107 3483 3273 3524 cruce
3299 3470 3559 3526 dixerunt
3585 3474 3661 3532 ei.
3715 3489 3822 3530 non

554 3562 622 3631 ad
656 3561 1120 3617 conﬁrmationem
1148 3563 1411 3618 adventus
1446 3563 1608 3631 ejus;
1635 3565 1808 3635 magis
1843 3575 2022 3622 autem
2055 3570 2123 3624 ad

2240 3558 2526 3613 lescendit.
2569 3559 2859 3614 Descendit
2904 3569 3086 3617 autem
3119 3562 3188 3617 ad
3232 3560 3461 3631 inferos,
3496 3575 3558 3619 et
3607 3569 3820 3638 majora

554 3629 1017 3708 conﬁrmationem
1083 3649 1419 3710 incredibilis
1466 3629 1928 3726 resurrectionis,
1982 3660 2125 3715 acci-
2222 3659 2309 3706 est
2359 3660 2637 3721 operatus.
2718 3650 2775 3706 Si
2841 3653 2989 3709 enim
3051 3654 3431 3713 descendisset
3494 3659 3565 3712 de
3630 3675 3818 3725 cruce,

554 3744 765 3813 pientes
798 3742 1222 3799 satisfactionem
1268 3758 1333 3799 es
1384 3745 1619 3802 adventu
1656 3741 1899 3819 Spiritus
1922 3751 2121 3815 sancti,
2222 3752 2482 3812 poteram
2509 3744 2691 3798 dicere
2715 3744 2841 3813 quia
2873 3745 3173 3801 moriturus
3203 3759 3294 3803 est
3332 3749 3384 3803 in
3426 3764 3492 3803 eo
3515 3748 3659 3821 (l0).
3692 3767 3816 3805 cum

552 3846 610 3890 et
646 3834 871 3905 apostoli
916 3834 1123 3889 fuerant
1182 3838 1382 3900 vocati.
1433 3840 1621 3893 statim
1664 3840 1921 3909 operibus
1981 3843 2120 3911 ipsis
2223 3849 2330 3890 non
2365 3840 2511 3891 esset
2549 3847 2817 3893 mortuus.
2858 3837 3122 3895 Maiitiose
3140 3842 3286 3897 enim
3322 3850 3376 3896 et
3411 3841 3661 3900 iudaice
3705 3861 3817 3899 ma-

552 3927 909 3981 ostendebant
963 3936 1223 3996 quantum
1283 3938 1467 3999 posset
1523 3934 1813 4000 praemia
1888 3934 2124 4004 Spiritus
2225 3928 2558 3983 chinationis
2583 3941 2701 3985 erat
2730 3930 3023 4002 suspicari,
3056 3942 3115 3987 ut
3141 3933 3306 3988 etiam
3333 3934 3815 4005 haectingerentet

550 4016 755 4070 sancti.
787 4014 971 4071 Primo
989 4017 1207 4084 quidem
1230 4020 1356 4088 quia
1378 4016 1515 4073 dum
1535 4029 1724 4075 essent
1756 4021 1934 4089 multi,
1958 4040 2121 4079 unum

2231 4020 2493 4074 audirent.
2525 4018 2677 4074 Nunc
2704 4031 2886 4077 autem
2929 4022 3059 4092 quia
3104 4037 3284 4093 neque
3323 4024 3545 4080 diabolo
3603 4042 3811 4099 propo-

546 4114 706 4159 erant
735 4105 926 4175 spiritu
976 4115 1033 4182 et
1068 4107 1257 4161 anima
1299 4124 1311 4158 :
1358 4109 1487 4178 quia
1534 4124 1674 4165 unus
1711 4119 1767 4165 et
1818 4112 1980 4167 idem-
2008 4125 2124 4170 erat
2224 4110 2373 4164 uenti
2422 4112 2699 4179 possibilia
2741 4113 3024 4177 obedient,
3072 4128 3249 4186 neque
3274 4114 3391 4184 ejus
3433 4116 3562 4171 filiis
3602 4122 3697 4189 qui
3728 4135 3814 4175 vo-

550 4196 807 4265 Spiritus,
838 4196 927 4267 qui
965 4198 1062 4252 has
1086 4197 1406 4255 eliicientias
1446 4201 1747 4257 dividebat.
1783 4201 1937 4258 Sicut
1978 4208 2121 4261 enini

2229 4200 2430 4255 Iuntate
2460 4201 2580 4271 ejus
2610 4202 2704 4257 filii
2761 4204 3125 4273 habebantur,
3175 4207 3407 4277 praebuit
3441 4211 3589 4281 quod
3642 4212 3809 4268 locuti

550 4286 755 4352 lapides
789 4295 845 4340 et
889 4288 1086 4343 lateres
1115 4286 1265 4343 multi
1313 4290 1587 4357 conjuncti
1638 4300 1693 4346 et
1737 4296 2019 4365 compositi
2068 4298 2121 4352 in
2222 4304 2370 4349 sunt.
2402 4292 2537 4347 Cum
2570 4296 2713 4350 enim
2744 4307 2929 4366 posset
2964 4299 3320 4383 descendere,
3362 4317 3471 4358 non
3503 4303 3809 4373 descendit,

549 4372 847 4429 aediﬁcatus
882 4373 960 4445 (8)
997 4392 1162 4430 unum
1198 4388 1252 4431 et
1304 4380 1545 4434 membra
1614 4381 1771 4451 plura
1852 4397 2121 4457 praecepto
2223 4402 2293 4439 ne
2332 4387 2677 4444 intercideret
2727 4391 3152 4460 dispensationis
3204 4380 3413 4464 curam,
3454 4411 3633 4468 neque
3675 4416 3811 4470 pra:-

552 4466 870 4522 9dillcantis
899 4469 1134 4523 inunam
1170 4472 1542 4542 compaginem
1580 4475 1897 4531 adunantur
1931 4480 2124 4535 :itaet
2222 4477 2379 4534 heret
2428 4479 2628 4535 Iudaeis
2683 4492 2740 4536 ut
2775 4482 2963 4538 iisdem
3017 4486 3268 4541 obedisse
3316 4466 3611 4545 videretur.
3669 4466 3809 4560 Quid

551 4558 781 4625 apostoli
821 4573 929 4611 uno
975 4561 1231 4626 baptizati
1270 4558 1473 4630 Spiritu
1514 4566 1907 4632 separationem
1936 4569 2119 4625 multi-
2150 4628 2187 4651 ,ᾳ
2225 4572 2371 4624 enim
2402 4582 2521 4626 erat
2558 4572 2825 4629 diliicilius
2852 4590 2884 4631 e
2926 4590 3089 4632 cruce
3128 4578 3457 4637 descendere
3482 4558 3802 4651 Deum,_aut

547 4649 756 4704 tudinis
792 4650 1174 4718 deposuerunt.
1223 4651 1621 4721 Conjunctione
1663 4669 1842 4713 autem
1897 4662 2117 4729 spiritus
2153 4640 2194 4695 ί)
2221 4662 2290 4717 ab
2333 4665 2525 4720 inferis
2574 4669 2867 4725 ascendere
2912 4671 3224 4727 viventem?
3255 4673 3397 4742 Ergo
3446 4690 3555 4731 non
3587 4640 3807 4749 propter

547 4738 767 4805 arctati,
806 4754 970 4793 unum
1014 4750 1171 4796 erant
1204 4757 1395 4801 omnes
1422 4753 1480 4799 et
1513 4747 1711 4815 spiritu
1748 4759 1804 4804 et
1852 4753 2036 4805 anima
2064 4762 2119 4807 et
2219 4757 2715 4826 impossibilitatem
2748 4764 3030 4819 excusatio
3056 4766 3284 4830 exstitit,
3444 4738 3668 4839 propter
3692 4738 3806 4827 dis-

546 4830 906 4886 consensione
942 4841 997 4887 et
1042 4836 1357 4905 concordia.
1413 4836 1481 4891 Et
1534 4853 1641 4894 non
1704 4840 1877 4896 solum
1929 4844 1985 4897 in
2035 4844 2119 4900 his
2220 4850 2598 4918 pensationem
2624 4856 2913 4923 permissio
2950 4858 3111 4911 morti
3134 4858 3256 4922 fuit,
3290 4868 3350 4913 ut
3378 4862 3587 4931 majora
3617 4874 3802 4919 osten-

547 4936 669 4986 qua:
695 4919 764 4977 ab
791 4923 935 4979 intus
950 4933 1078 4980 sunt
1104 4941 1295 4995 unum,
1324 4930 1419 4985 sed
1444 4930 1607 4985 etiam
1638 4934 1789 5014 etab
1816 4934 1903 4988 his
1932 4950 2052 5004 quae
2084 4951 2115 4991 a
2221 4943 2374 4998 deret
2400 4959 2564 5014 quam
2597 4919 2669 5001 illi
2714 4950 2919 5018 precati
2967 4959 3114 5007 sunt.
3179 4919 3292 5024 Ego
3340 4919 3522 5009 autem
3569 4956 3803 5015 libenter

547 5014 684 5069 t‘oris
708 5024 858 5079 sunt,
890 5016 1285 5085 pmdiubatur
1304 5034 1492 5077 eorum
1521 5024 1703 5078 anima
1724 5034 1777 5080 et
1798 5029 2115 5099 concordia,
2221 5045 2406 5091 mente
2456 5051 2679 5095 recurro
2715 5014 2795 5095 ad
2844 5040 2997 5110 illud,
3045 5059 3168 5099 cum
3208 5014 3385 5102 adhuc
3435 5062 3629 5107 recens
3689 5065 3801 5108 erat

546 5107 867 5201 Quicunque
886 5110 1054 5176 enim,
1080 5110 1283 5181 inquit,
1330 5128 1492 5189 agros
1528 5116 1823 5173 habebant
1855 5130 1951 5175 aut
1982 5121 2116 5179 alias
2220 5128 2406 5197 passio
2431 5128 2661 5195 Christi,
2693 5148 2888 5190 recens
2918 5107 3080 5191 etiam
3120 5146 3177 5193 et
3200 5135 3507 5197 Iudaeorum
3548 5146 3795 5201 audacia.

542 5199 829 5267 opes,_jam
855 5216 961 5257 non
1004 5216 1103 5259 sua
1144 5206 1418 5303 putabagit.
1438 5216 1572 5281 qua!
1620 5209 1908 5303 aliquando
1958 5222 2114 5268 erant
2220 5218 2418 5277 Petrus
2442 5222 2587 5277 enim
2616 5224 2937 5295 loquebatur
2966 5243 3071 5285 non
3103 5244 3167 5285 ea
3192 5245 3311 5300 quis
3334 5242 3464 5287 ante
3488 5199 3796 5303 passionem

545 5305 673 5357 sua;
702 5292 795 5347 sed
823 5293 878 5346 in
908 5306 1196 5348 commune
1221 5295 1583 5364 pro‘ferentes,
1608 5310 1663 5354 et
1696 5301 1827 5371 ipsis
1856 5304 2112 5373 operibus
2222 5312 2461 5378 dicebat,
2502 5323 2557 5368 et
2590 5292 2819 5385 apostoli
2854 5292 3225 5387 testabantur,
3248 5333 3303 5377 et
3323 5292 3504 5379 Judaei.
3522 5328 3796 5395 dolebant,

545 5394 692 5448 spem
743 5383 1147 5449 coniirmantes,
1206 5388 1578 5443 distrahebant
1616 5406 1799 5461 agros,
1836 5397 2115 5451 venunda-
2220 5412 2276 5456 et
2310 5403 2421 5472 jam
2471 5420 2579 5461 non
2626 5383 2901 5463 habebant
2951 5412 3040 5465 cui
3089 5383 3380 5483 erogat-ent
3425 5383 3801 5485 pecuniaspui

545 5473 675 5529 bant
720 5488 871 5543 opes,
926 5477 1298 5532 distrahebant
1340 5482 1519 5535 omnia
1566 5496 1686 5552 qua:
1741 5486 2111 5555 possidebant.
2228 5495 2558 5551 resurrectio
2580 5499 2993 5557 occultaretur:
3031 5473 3229 5562 milites
3255 5506 3397 5561 enim
3425 5473 3797 5569 custodientes

615 5568 660 5599 "
693 5568 879 5624 Matth.
920 5586 1090 5637 xxvii,
1127 5573 1217 5626 ιο.

719 5657 821 5750 ἔα.
858 5657 1019 5750 Pori:
1036 5681 1219 5750 nunc.‘
2289 5681 2364 5750 (8‘,-
2396 5678 2521 5750 Μς..
2540 5682 2800 5750 adiﬁciis.

638 5727 691 5785 li)
726 5727 943 5786 Facere.
975 5731 1157 5803 Forte,
1190 5737 1383 5807 facere.
2394 5727 2521 5809 ii;

632 5797 689 5865 0)
725 5800 1021 5857 Ἐπίτασιν.
2284 5821 2395 5891 (l0)
2428 5820 2526 5875 Eo.
2566 5822 2723 5879 Forte
2750 5842 2832 5881 ea.

596 5730 689 5949 ⁴Ξῖ)
733 5866 1037 5927 Ἐπιταινιι.

674 5801 689 5891 ξ
725 5800 1021 5891 ζξτξζξᾳςιγ-
1144 5800 1153 5803 ⁷
1190 5800 1202 5807 ’
2284 5800 2832 5891 cognition};

646 5866 689 5937 ἴ)
733 5866 1037 5927 Ἐπιταινιι.
