4000 6424
181 397 320 452 ἱίὲΉ

1554 394 1642 448 DE
1680 390 2028 449 OPERIBUS
2068 388 2291 445 BONIS.

3373 391 3516 449 ηας

177 516 538 581 acceperant
578 526 713 583 ista,
752 515 895 569 sicut
934 524 987 568 et
1035 509 1276 585 proditor
1325 514 1514 570 Judas.
1550 513 1813 569 Sciebant
1838 516 1894 578 Α
1918 514 2178 572 cedonas.
2210 508 2342 577 Quae
2385 518 2569 565 autem
2597 508 2883 579 precatio?
2913 509 3039 580 quia
3096 509 3340 565 tribuisti
3391 524 3501 564 non

172 606 335 662 enim
382 603 572 661 «ιιιάίεί
597 608 895 663 adversum
921 621 980 661 se
1016 606 1207 676 duplas
1242 608 1371 661 dare
1400 606 1677 677 pecunias.
1707 605 1809 661 De-

168 696 392 752 derunt
422 704 486 751 et
509 698 607 751 ad-
622 697 928 768 negandam
958 697 1376 753 resurrectionis
1402 696 1561 752 iidem
1588 715 1602 751 :
1631 696 1809 753 sciunt

166 789 390 860 quippe
420 798 483 845 et
522 791 672 845 dare
720 789 886 855 male,
922 798 976 846 et
1005 790 1258 858 accipere
1292 805 1397 844 non
1428 790 1589 846 bene.
1624 789 1807 858 Siqui-

165 881 302 937 dem
338 891 403 937 et
438 880 665 952 Ioseph
720 882 1087 937 distrahentes
1131 890 1460 952 acceperunt
1504 896 1611 936 non
1647 880 1805 947 bene,

154 983 219 1029 et
278 974 612 1029 Dominum
660 989 824 1030 causa
863 975 1188 1046 proditionis
1242 984 1513 1039 emerunt,
1545 984 1604 1030 et
1640 975 1809 1030 abne-

156 1068 406 1135 gatione
461 1067 910 1123 resurrectionis
962 1068 1253 1122 adversum
1293 1080 1353 1121 se
1396 1075 1803 1135 compararunt.

148 1153 215 1211 In
252 1158 416 1213 mala
453 1161 622 1215 enim
652 1159 974 1215 mercatoria
999 1160 1265 1224 meditati,
1302 1160 1663 1229 perditionem
1700 1158 1806 1215 sibi

150 1261 577 1321 procurarunt
610 1262 949 1322 perpetuam.
980 1252 1087 1308 Sed
1113 1254 1181 1307 ad
1205 1251 1402 1307 Judam
1450 1253 1669 1324 quidem
1720 1254 1808 1307 fu-

150 1358 285 1398 rem
332 1343 461 1398 vim
530 1344 817 1400 habebant
866 1343 1144 1415 pecuniae;
1200 1345 1268 1398 ad
1320 1358 1444 1399 eum
1499 1352 1677 1398 autem
1712 1345 1805 1411 qui

150 1435 419 1496 dicebat.
475 1435 738 1492 Pecunia
781 1446 837 1491 et
883 1450 1074 1490 aurum
1120 1450 1227 1489 non
1276 1443 1362 1490 est
1410 1435 1563 1500 mihi,
1601 1435 1803 1490 nullam

153 1527 431 1581 habebat
475 1526 700 1581 malitia
729 1527 1029 1592 virtutem,
1086 1529 1183 1581 sed
1245 1528 1679 1599 angnstabantur
1710 1542 1801 1583 sa-

152 1618 449 1673 cerdotes
471 1618 813 1687 et-populus.
840 1625 896 1671 et
921 1616 1129 1670 turbela
1156 1626 1276 1671 erat
1298 1617 1585 1671 bonorum.
1616 1615 1805 1687 Neque

152 1709 321 1764 enim
357 1722 549 1778 quem
592 1706 1119 1776 comprehenderunt
1141 1709 1255 1775 jam
1286 1708 1587 1775 habebant,
1624 1723 1804 1780 neque

150 1814 337 1871 quem
361 1801 745 1856 detinuerunt
763 1816 777 1853 :
797 1800 1034 1868 undique
1066 1801 1212 1855 enim
1237 1800 1464 1871 spiritus
1493 1802 1802 1855 scaturiens

1910 614 2202 667 cessemnt
2237 600 2519 660 charitati.
2565 599 2666 668 Qui
2720 602 2869 656 enim
2916 615 3025 657 non
3081 600 3431 667 tribulatur,-
3460 603 3510 660 si

1913 696 2436 759 subministraverit,
2486 694 2683 765 similis
2722 705 2811 749 est
2837 691 2915 749 illi
2958 694 3055 764 qui
3091 694 3220 750 dum
3273 694 3512 751 mandu-

1909 802 2025 858 cat,
2054 806 2118 846 ea
2151 802 2271 860 quae
2313 785 2656 857 superaverit
2701 785 2887 841 donat.
2937 786 3041 855 Qui
3094 796 3278 843 autem
3333 787 3515 844 adhuc

1909 882 2083 941 esurit
2138 888 2196 936 et
2246 876 2576 948 compatitur
2613 891 2657 931 ei
2696 889 2838 946 pane
2882 890 3003 944 suo,
3054 875 3147 932 ille
3190 884 3276 933 est
3320 874 3512 932 fratris

1857 993 1871 1007 ι
1909 982 2121 1032 amator
2153 991 2166 1028 :
2191 970 2458 1040 siquidem
2483 977 2539 1025 et
2566 967 2670 1023 sub
2702 967 2931 1024 Domino
2952 965 3107 1037 Iesu,
3136 984 3261 1025 cum
3286 968 3509 1040 quidam

1906 1068 2199 1124 'tnitterent
2231 1062 2399 1119 multa
2441 1062 2497 1117 in
2543 1062 2746 1133 templo
2792 1076 2860 1118 ex
2908 1062 2994 1118 his
3029 1076 3152 1133 quae
3203 1062 3508 1129 habebant,

1912 1161 2073 1216 vidua
2111 1158 2230 1215 duo
2252 1157 2476 1212 mittens
2514 1154 2725 1209 minuta
2761 1168 2955 1210 omnes
2996 1155 3280 1225 superavit
3312 1154 3367 1209 in
3406 1153 3509 1210 do-

1910 1254 2016 1309 nis.
2052 1252 2118 1307 Et
2146 1258 2295 1306 certe
2329 1247 2458 1319 quid
2482 1256 2639 1303 erant
2670 1246 2761 1302 illa
2800 1247 2908 1302 duo
2936 1246 3144 1302 minuta
3186 1261 3310 1317 qua:
3342 1244 3509 1301 vidua

1909 1342 2104 1400 misit?
2131 1340 2403 1408 Quantum
2434 1337 2501 1393 ad
2531 1352 2645 1392 rem
2676 1335 2900 1409 quidem
2932 1339 3069 1395 satis
3098 1353 3266 1410 parva
3295 1356 3311 1393 :
3342 1352 3513 1408 quan-

1910 1446 2024 1492 tum
2062 1434 2127 1490 ad
2160 1433 2497 1487 alacritatem
2538 1438 2723 1485 autem
2767 1430 2926 1486 valde
2955 1446 3172 1501 magna.
3202 1431 3325 1487 Non
3356 1430 3507 1485 enim

1908 1527 1975 1582 ad
2017 1526 2071 1581 id
2133 1525 2404 1594 inspicere
2454 1522 2718 1577 debemus
2763 1522 2910 1593 quod
2961 1521 3149 1577 datum
3184 1532 3291 1589 est,
3328 1524 3421 1580 sed
3459 1525 3508 1580 si

1909 1618 2038 1690 quid
2066 1618 2245 1673 eidem
2294 1617 2611 1671 derelictum
2654 1624 2757 1671 est.
2804 1615 2872 1671 Et
2902 1614 2981 1669 ita
3023 1615 3364 1689 admirabilis
3418 1615 3510 1673 ille

1908 1710 1999 1780 qui
2031 1717 2274 1779 superat.
2302 1707 2423 1762 Non
2448 1707 2647 1777 quippe
2669 1705 3024 1777 qua‘reudum
3049 1716 3133 1761 est
3157 1707 3203 1762 si
3228 1707 3507 1763 modicum

1908 1810 1991 1858 est
2021 1802 2164 1872 quod
2194 1815 2225 1854 a
2262 1800 2427 1855 vidua
2456 1802 2640 1862 datur,
2673 1799 2769 1854 sed
2801 1799 2845 1853 si
2894 1798 3100 1868 aliquid
3140 1800 3191 1855 ei
3250 1800 3504 1856 relictum

152 1891 528 1947 fonticabat.
567 1889 633 1943 Et
656 1887 850 1944 Petrus
875 1890 1095 1959 quidem
1115 1890 1280 1945 istinc
1312 1890 1533 1945 aliunde
1558 1890 1720 1955 alius,
1746 1901 1801 1947 et
1834 1888 1877 1944 Β
1907 1901 2010 1947 est.
2054 1890 2113 1947 Si
2140 1890 2289 1946 enim
2323 1888 2465 1945 facta
2498 1890 2670 1943 fuerit
2695 1889 3039 1957 comparatio
3065 1890 3134 1944 de
3161 1889 3241 1944 eis
3261 1904 3383 1959 quae
3411 1904 3504 1943 re-

154 1984 319 2040 aiter
354 1999 434 2039 ex
466 1982 567 2037 illa
598 1990 775 2051 parte,
798 1991 850 2037 et
895 1982 986 2050 qui
1015 1986 1243 2036 necdum
1284 1982 1593 2037 crediderat
1618 1983 1800 2038 initia-

156 2076 266 2131 bat
294 2076 592 2132 clamare.
627 2077 696 2131 Et
715 2074 857 2130 illius
881 2074 1098 2143 quidem
1123 2072 1284 2137 filius,
1316 2072 1693 2137 alteriussiilia,
1726 2073 1802 2127 al-

160 2167 360 2225 terius
406 2168 660 2237 conjux;
703 2177 751 2222 et
781 2166 926 2221 illius
960 2166 1153 2219 domus
1182 2165 1296 2233 ipse
1325 2165 1717 2231 paterfamilias
1748 2175 1803 2220 et

161 2272 385 2315 servus
467 2271 529 2315 et
570 2258 772 2313 famula
832 2258 982 2328 (ll);
1024 2257 1262 2325 undique
1302 2254 1537 2325 Spiritus
1588 2256 1802 2311 fructus

162 2350 545 2407 scaturiebat
599 2367 751 2407 suus.
810 2349 928 2404 Non
989 2358 1199 2404 tantum
1253 2348 1398 2402 enim
1451 2351 1804 2418 permittebat

164 2440 399 2499 Iudaeis
439 2443 741 2507 visionem,
770 2452 1038 2513 quantum
1077 2441 1439 2511 perditionem
1480 2456 1797 2510 agnoscere.

167 2530 314 2590 Hec
342 2548 486 2589 cum
534 2535 609 2588 ita
656 2533 850 2589 fierent
897 2535 1040 2602 apud
1078 2533 1353 2597 Judzeam;
1397 2541 1618 2602 oportet
1653 2533 1799 2588 enim

167 2626 498 2682 ostendere
527 2640 627 2681 nos
666 2626 809 2679 unde
836 2626 905 2680 ad
943 2625 1046 2681 hos
1074 2640 1263 2681 sumus
1300 2626 1551 2680 conversi
1586 2640 1800 2681 sermo-

172 2732 319 2785 nes;
370 2718 495 2789 jam
546 2734 655 2774 non
701 2727 821 2772 erat
860 2718 1121 2788 possibile
1170 2718 1255 2773 his
1304 2719 1395 2788 qui
1452 2720 1800 2775 crediderant

172 2808 455 2872 Christo,
518 2809 659 2879 apud
712 2808 954 2864 Judaeam
1010 2810 1156 2879 pasci
1191 2831 1203 2864 :
1235 2810 1502 2879 siquidem
1558 2811 1603 2864 si
1654 2818 1801 2866 esset

177 2902 317 2971 quis
349 2901 527 2966 filius,
557 2900 884 2966 ejiciebatur
924 2915 955 2955 e
1000 2902 1163 2956 domo
1214 2902 1342 2971 quia
1389 2902 1564 2957 iactus
1623 2902 1801 2958 fuerat

179 2991 379 3049 [idolis
425 2995 517 3049 :si
542 2994 735 3058 frater,
779 3009 889 3049 non
942 2994 1178 3050 habebat
1223 2997 1529 3065 portionem
1564 2994 1798 3050 hmredi-

186 3084 357 3149 tatis,
422 3085 550 3155 quia
602 3084 714 3153 jam
764 3086 1002 3141 habebat
1052 3097 1263 3157 partem
1310 3088 1463 3158 regni
1508 3088 1796 3143 celestis:

179 3182 243 3230 et
314 3173 454 3230 filias
508 3174 942 3241 abdicabantur,
996 3186 1053 3232 et
1116 3176 1261 3232 servi
1329 3179 1796 3245 emendabantur,

1911 1985 2039 2039 ficta
2065 1992 2215 2051 sunt,
2256 1982 2505 2038 invenies
2553 1981 2750 2037 divites
2795 1982 3018 2053 quidem
3069 1982 3204 2037 nihil
3246 1983 3503 2049 dedisse;

1905 2077 2064 2143 plura
2100 2080 2246 2133 enim
2290 2085 2419 2133 sunt
2446 2090 2569 2146 qute
2604 2075 2798 2131 relicta
2828 2083 2959 2130 sunt
3004 2075 3115 2141 eis;
3155 2076 3374 2130 viduam
3406 2090 3508 2130 au-

1908 2180 2016 2226 tem
2075 2179 2248 2225 totam
2306 2169 2633 2225 substantia:
2684 2167 3004 2224 facultatem
3061 2168 3300 2226 dedisse.
3360 2168 3505 2240 Ergo

1907 2261 2043 2318 nihil
2082 2263 2257 2334 magis
2290 2271 2396 2327 est,
2430 2264 2475 2317 si
2512 2262 2635 2332 quis
2662 2262 2874 2317 habens
2907 2262 3072 2318 donat
3104 2280 3122 2321 :
3160 2264 3255 2319 sed
3287 2263 3333 2319 si
3378 2263 3507 2334 quis

1907 2370 2013 2411 non
2064 2356 2251 2421 habet,
2292 2363 2451 2422 urget
2502 2355 2831 2411 cbaritatem
2880 2364 2939 2410 ut
2991 2356 3175 2410 faciat.
3219 2354 3296 2409 ita
3322 2367 3381 2411 et
3410 2354 3502 2409 illa

1903 2448 2089 2513 vidua,
2133 2460 2255 2515 quae
2287 2443 2528 2513 suscepit
2561 2444 2731 2499 Eliam
2761 2444 3017 2499 infamem
3059 2444 3199 2518 (15),
3236 2461 3266 2498 a
3298 2444 3504 2517 pugillo

1905 2541 2126 2615 pollinis
2158 2540 2432 2611 primitias
2469 2539 2705 2595 offerens
2741 2541 3045 2609 prophetae,
3088 2548 3143 2595 et
3189 2542 3307 2611 ipsa
3347 2550 3503 2612 pasta

1903 2643 1984 2689 est
2012 2642 2067 2688 et
2098 2631 2218 2703 plus
2247 2630 2461 2685 caeteris
2488 2630 2697 2685 habuit.
2724 2630 2800 2685 Ita
2836 2639 2893 2686 et
2926 2629 3275 2697 Macedones,
3308 2632 3403 2701 qui
3441 2630 3499 2686 in

1902 2723 2074 2778 multo
2116 2723 2490 2789 experimento
2527 2721 2897 2777 tribulationis
2928 2720 3097 2791 :quia
3139 2722 3290 2777 enim
3327 2721 3503 2779 multa

1903 2822 2023 2870 erat
2044 2814 2184 2885 apud
2212 2814 2330 2869 illos
2354 2813 2635 2869 tribulatio
2667 2813 2974 2868 inediarum
2998 2830 3013 2879 ;
3040 2812 3330 2868 incurrunt
3349 2813 3498 2868 enim

1902 2919 2295 2975 nonnunquam
2344 2904 2478 2958 tales
2518 2903 2832 2957 hominibus
2874 2900 3293 2967 tribulationes;
3341 2900 3500 2956 altis-

1901 2998 2039 3053 sima
2061 2996 2341 3052 tribulatio
2374 3010 2645 3051 summam
2677 2994 3003 3050 cbaritatem
3036 2992 3278 3050 ost'eudit
3305 3014 3322 3050 :
3368 2995 3500 3063 quia

1900 3088 1958 3141 iu
1987 3085 2154 3141 multo
2179 3086 2560 3155 experimento,
2594 3085 2799 3154 inquit,
2827 3084 3202 3139 tribulationis
3218 3084 3505 3141 abandon-—

1904 3181 1978 3233 tia
1995 3178 2180 3249 gaudii
2201 3194 2383 3232 eorum
2402 3178 2471 3231 δ’.
2512 3175 2789 3244 Quantum
2824 3176 2972 3233 enim
3000 3177 3071 3232 ad
3105 3190 3241 3247 opes
3263 3185 3500 3247 spectat,

183 3266 540 3323 sustinentes
618 3280 809 3337 poenas
870 3267 999 3337 quia
1066 3267 1275 3323 fideles.
1338 3267 1464 3324 Haec
1524 3284 1648 3323 cum
1714 3271 1792 3325 ita
1822 3266 1867 3325 C
1905 3268 2184 3325 tribulatio
2216 3270 2438 3325 erateis
2476 3287 2489 3322 :
2521 3278 2789 3338 quantum
2819 3278 3015 3329 autem
3043 3270 3112 3324 ad
3142 3269 3509 3335 cbaritatem,

182 3367 519 3425 agerentur,
554 3368 609 3413 et
630 3356 745 3426 jam
775 3373 883 3413 non
923 3356 1239 3414 suﬁicerent
1276 3359 1463 3416 lideies
1509 3361 1652 3431 apud
1692 3359 1791 3416 .lu-

184 3450 374 3503 dteam
430 3462 656 3517 pascere
708 3447 1113 3504 multitudinem
1162 3450 1502 3504 credentium
1537 3450 1789 3515 Christo;

186 3538 431 3609 apostoli
466 3540 825 3609 praedicantes
844 3542 1090 3611 gentium
1121 3541 1573 3611 complacuerunt
1598 3552 1655 3597 et
1688 3544 1795 3599 hoc

192 3631 414 3686 donare
448 3632 696 3688 ﬁdelibus
713 3633 807 3702 qui
838 3633 891 3687 in
914 3632 1168 3705 gentibus
1198 3634 1569 3701 habebantur,
1598 3644 1658 3690 ut
1682 3636 1794 3692 col-

192 3722 437 3795 ligerent
472 3725 739 3793 quasdam
772 3726 1030 3796 pecunias
1055 3734 1112 3781 et
1153 3739 1305 3795 opes,
1328 3736 1385 3782 et
1410 3728 1691 3782 mitterent
1725 3729 1794 3784 ad

187 3813 444 3870 Judaeum
492 3816 848 3873 credentibus
878 3816 1100 3874 Christo
1130 3837 1146 3872 :
1178 3828 1238 3873 ut
1271 3834 1366 3874 eos
1406 3834 1544 3890 quos
1568 3820 1793 3875 abdica-

190 3917 397 3963 verant
430 3918 687 3977 parentes
717 3908 789 3963 ob
812 3907 995 3975 ﬁdem,
1033 3925 1129 3965 eos
1167 3922 1457 3979 poscerent
1483 3921 1671 3981 gentes
1699 3927 1797 3968 ne-

189 3998 445 4055 cessaria
465 3999 827 4058 destinantes.
852 4000 920 4055 Et
946 4001 1277 4073 colligebant
1310 4006 1575 4073 pecunias
1599 4006 1695 4076 qui
1722 4021 1793 4061 ex

192 4092 455 4160 gentibus
478 4092 548 4149 ob
577 4092 870 4148 alimonias
898 4094 1107 4148 scilicet
1144 4105 1463 4150 sanctorum
1513 4098 1610 4166 qui
1647 4097 1794 4168 apud

190 4181 636 4255 Hierosolymam
662 4185 1038 4239 morabantur.
1083 4185 1154 4241 Et
1190 4187 1295 4242 ista
1337 4200 1485 4243 nunc
1530 4203 1656 4258 pars
1708 4197 1794 4244 est

191 4289 321 4343 quae
368 4276 529 4331 hodie
582 4276 721 4330 lecta
766 4275 821 4331 in
873 4276 1117 4347 Epistula
1165 4276 1343 4345 Pauli,
1388 4281 1645 4335 videtur:
1681 4296 1792 4336 non

190 4367 356 4422 valde
410 4382 539 4423 cara
604 4367 761 4439 (12),
824 4370 968 4424 sicut
1050 4370 1196 4426 facta
1272 4382 1403 4428 sunt
1468 4390 1590 4445 quae
1665 4384 1793 4431 ante

191 4459 487 4527 predieata
536 4470 683 4513 sunt.
739 4460 1135 4531 Evangeiizans
1164 4462 1330 4533 igitur
1359 4465 1655 4535 Apostolus
1686 4467 1793 4523 Co-

196 4554 430 4608 :inthios
487 4570 583 4623 per
650 4554 880 4609 aliorum
956 4554 1414 4620 sollicitudinem,
1473 4571 1678 4627 eosque
1722 4558 1791 4613 ad

191 4641 432 4695 similem
487 4620 848 4696 imitationem
898 4642 1219 4711 adhortans,
1284 4654 1343 4699 ut
1387 4620 1643 4701 alacriter
1682 4648 1789 4703 im-
1821 4620 1869 4677 θ

192 4736 468 4801 pertirent
541 4734 795 4790 fidelibus
872 4736 963 4805 qui
1036 4737 1178 4804 apud
1258 4734 1505 4793 Judmam
1590 4750 1788 4810 erant,

193 4826 398 4895 quique
469 4826 704 4881 abdicati
772 4841 804 4881 a
869 4828 986 4881 suis
1049 4830 1376 4885 necessariis
1448 4829 1787 4904 indigebant,
1842 4898 1845 4901 γ

191 4933 296 4973 nec
347 4917 485 4972 ullas
544 4919 940 4987 promissiones
983 4918 1239 4975 Juduicas
1285 4933 1379 4977 aut
1411 4924 1789 4984 'hzereditates

193 5008 469 5064 habebant
508 5028 521 5062 :
562 5009 683 5063 ideo
715 5010 965 5065 scribens
995 5011 1063 5065 ad
1100 5026 1194 5066 eos
1239 5010 1439 5067 Paulus
1476 5016 1546 5068 ita
1597 5018 1727 5071 dicit
1766 5036 1779 5072 :

194 5100 396 5157 Notam
423 5112 599 5155 autem
634 5102 775 5155 vobis
816 5103 977 5172 facio,
1013 5104 1229 5172 fratres,
1263 5107 1491 5174 gratiam
1530 5106 1628 5161 Dei
1668 5126 1786 5179 qua:

190 5197 320 5249 data
348 5204 424 5249 est
457 5198 511 5249 in
544 5194 797 5249 Ecclesiis
831 5193 1183 5262 Macedonirc,
1228 5198 1354 5267 quia
1397 5199 1452 5252 in
1488 5200 1651 5253 multo
1694 5217 1785 5255 ea:-

190 5292 481 5354 perimento
512 5288 868 5341 tribulationis
898 5288 1229 5344 abundantia
1263 5292 1447 5361 gaudii
1492 5307 1697 5358 eorum,
1733 5301 1783 5346 et

191 5380 458 5433 altissima
482 5390 764 5449 paupertas
799 5395 982 5432 eorum
1015 5380 1303 5437 abundavit
1332 5385 1388 5437 in
1416 5382 1630 5438 divitias
1656 5387 1785 5438 sim-

190 5470 443 5539 plicitatis
478 5488 659 5527 eorum
686 5472 754 5529 “'.
791 5471 1050 5530 Scribens
1090 5475 1385 5563 Corinthiis
1426 5478 1619 5545 probat
1665 5477 1782 5533 Ma-

264 5610 310 5643 “
333 5609 373 5663 ll
400 5610 527 5666 Cor.
563 5627 682 5677 vm,
708 5614 820 5680 1,2.
898 5615 943 5648 ”
975 5615 1103 5673 ibid.
1132 5617 1185 5671 2.
1262 5617 1308 5649 ⁸⁸
1336 5617 1467 5674 ibid.
1545 5620 1586 5650 ⁸⁸
1618 5618 1743 5677 ibid.
1775 5619 1826 5677 4.

263 5752 311 5824 (Ι
330 5753 377 5805 Ii
404 5752 530 5815 “5.,
568 5757 793 5823 familia.

267 5824 572 5893 (12)Cut'n.
611 5827 790 5891 Filii",
828 5830 993 5882 dum.

1896 3364 2176 3435 gaudium.
2213 3362 2354 3418 Dare
2395 3364 2542 3419 enim
2572 3379 2641 3419 ex
2673 3363 2759 3419 his
2787 3379 2910 3435 qua
2938 3364 3057 3433 ipse
3086 3378 3193 3419 non
3224 3364 3409 3427 habet,
3442 3376 3498 3419 et

1898 3472 2021 3512 cum
2045 3458 2242 3528 gaudio
2266 3458 2420 3525 dare,
2449 3460 2564 3515 haec
2602 3467 2686 3515 est
2708 3474 2923 3515 summa
2961 3459 3260 3516 credulitas
3287 3460 3355 3515 de
3378 3473 3495 3517 co-

1898 3545 2130 3604 iestibns
2167 3549 2373 3619 regnis.
2424 3548 2664 3621 Cupiens
2693 3565 2826 3623 ergo
2861 3552 3155 3607 ostendere
3200 3551 3501 3621 Apostolus

1896 3648 2102 3708 quanta
2150 3640 2231 3695 eis
2270 3648 2390 3695 erat
2440 3642 2731 3711 angustia,
2784 3649 2840 3696 et
2886 3651 3151 3713 quantum
3186 3641 3499 3712 gaudebant

1897 3732 2092 3787 dantes
2141 3746 2209 3787 ex
2243 3745 2309 3787 eo
2337 3732 2481 3800 quod
2534 3747 2642 3787 non
2670 3730 2989 3799 habebant;
3042 3733 3098 3787 in
3146 3734 3317 3788 multo
3362 3734 3498 3789 dicit

1896 3825 2272 3895 experimento
2304 3825 2676 3881 tribulationis
2705 3825 3044 3881 abundantia
3068 3827 3252 3898 gaudii
3277 3840 3495 3890 eorum,

1898 3925 1955 3971 et
1984 3916 2251 3972 altissima
2300 3926 2597 3987 paupertas
2624 3932 2846 3974 eorum.
2883 3918 3165 3974 Altissima
3200 3930 3499 3990 paupertas

1899 4009 2162 4065 radicitus
2193 4024 2289 4065 eos
2322 4009 2456 4064 nihil
2480 4010 2687 4067 habere
2711 4010 3009 4080 signiﬁcat.
3055 4011 3383 4076 Abundaait,
3409 4012 3498 4066 in-

1899 4102 2041 4172 quit,
2074 4104 2128 4155 in
2156 4103 2357 4158 diuitiis
2394 4104 2761 4174 simplicitatis
2808 4121 3011 4160 eorum.
3040 4104 3209 4160 Multa
3246 4104 3499 4175 probatio

1900 4194 2267 4251 tribulationis
2298 4213 2312 4248 :
2344 4196 2440 4251 sed
2491 4198 2778 4253 abundans
2800 4237 2816 4262 .
2858 4197 3058 4268 inquit,
3089 4198 3348 4269 gaudium
3400 4212 3498 4254 eo-

1899 4296 2114 4352 rum,et
2142 4286 2409 4343 altissima
2446 4297 2741 4361 paupertas
2771 4304 2963 4343 eorum
2998 4307 3013 4343 :
3046 4298 3104 4344 et
3133 4288 3496 4355 abundantia,

1898 4379 2112 4450 inquit,
2150 4380 2468 4435 divitiarum
2500 4381 2873 4451 simplicitatis
2904 4395 3115 4437 eorum.
3141 4381 3223 4437 Ab
3250 4383 3500 4438 adversis

1898 4473 2109 4542 accepit
2152 4473 2637 4541 comparationem,
2686 4473 2983 4529 ostendens
3012 4474 3139 4543 quia
3174 4474 3340 4528 multa
3374 4475 3500 4543 qni-

1899 4562 2020 4618 dem
2050 4563 2335 4619 tribulatio
2358 4573 2481 4620 erat
2509 4565 2655 4635 apud
2696 4580 2794 4621 eos
2826 4565 3154 4629 inediarum,
3198 4580 3306 4620 non
3344 4575 3497 4619 tanta

1898 4665 2078 4710 autem
2111 4666 2378 4724 quantum
2428 4666 2485 4712 et
2531 4656 2813 4728 gaudium.
2865 4656 2933 4712 Et
2977 4655 3245 4712 altissima
3274 4657 3496 4726 quidem

1896 4761 2225 4819 paupertas,
2274 4750 2369 4806 sed
2398 4750 2602 4806 divitia
2629 4749 3023 4819 simplicitatis,
3051 4752 3179 4817 quia
3203 4750 3497 4803 secundum

1896 4842 2145 4896 virtutem
2177 4842 2548 4896 testimonium
2574 4843 2844 4913 perhibeo,
2874 4850 2924 4895 et
2955 4857 3115 4909 super
3136 4842 3270 4895 vires
3295 4841 3363 4895 ⁸⁸.
3386 4842 3499 4896 lion

1896 4936 2044 4989 enim
2094 4944 2217 5000 est,
2267 4944 2322 4990 et
2348 4934 2705 4991 tribulatione
2744 4934 3037 4991 voluntarii
3087 4934 3354 4988 fuerunt:
3392 4948 3497 4988 non

1894 5028 2004 5079 vim
2053 5027 2244 5095 passi,
2281 5027 2375 5081 sed
2406 5042 2529 5081 cum
2575 5025 2744 5080 multa
2778 5025 3171 5080 exhortatione
3199 5025 3501 5079 obsecran-

1894 5126 2000 5171 tes.
2032 5117 2149 5171 Non
2188 5118 2362 5173 solum
2396 5118 2546 5173 enim
2588 5132 2620 5172 a
2673 5117 2835 5173 nobis
2870 5132 2977 5172 non
3008 5125 3134 5172 sunt
3181 5114 3498 5178 obsecrati,

1896 5211 1990 5263 sed
2022 5219 2077 5265 et
2110 5212 2211 5281 ipsi
2238 5214 2623 5265 obsecraruut.
2664 5209 2774 5265 Sed
2806 5226 2927 5262 cum
2959 5210 3151 5273 multa,
3176 5209 3373 5278 inquit,
3406 5223 3501 5261 ex-

1895 5301 2200 5355 hortatione
2246 5302 2579 5355 obsecrantes
2630 5312 2879 5372 rogantes
2912 5318 3006 5355 nos
3028 5301 3097 5354 ⁵¹.
3154 5298 3292 5367 Quia
3349 5300 3499 5353 enim

1894 5408 2020 5447 cum
2074 5393 2241 5448 multa
2285 5394 2666 5449 obsecratione
2702 5394 2953 5459 dictum,
2988 5393 3213 5446 dubium
3268 5390 3497 5444 videba-

1897 5495 2007 5552 tur,
2044 5494 2229 5540 utrum
2261 5484 2583 5540 Macedones
2615 5496 2903 5555 rogassent
2939 5485 3219 5555 apostolos
3246 5482 3511 5553 suscipa—

1972 5764 2084 5835 (15)
2116 5763 2402 5831 Infamem.
2436 5764 2621 5835 Forte,
2656 5767 2706 5822 in
2738 5766 2899 5836 (ante.
