4000 6414
544 369 685 429 1203
1211 366 1476 424 EUSEBII
1518 365 1988 424 CESARIENSIS
2028 364 2126 423 ΟΡ]

2227 364 2400 423 PARS
2439 364 2529 423 Π.
2568 396 2641 407 -
2678 363 3099 423 ΒΟΟΜΔΤΙΟΔ.
3675 367 3817 426 ηοι

541 504 607 548 re
633 489 701 545 ab
729 486 859 559 ipsis
891 498 1011 558 quae
1030 483 1352 550 offerebant,
1388 491 1481 538 aut
1513 482 1741 554 apostoli
1766 480 2115 546 Macedonas,
2152 485 2202 545 Α
2230 484 2588 549 manducans,
2608 482 2891 539 nobiseum
2910 482 3206 538 dormiens.
3224 482 3302 538 Ex
3342 484 3507 540 nobis
3534 496 3814 556 sputatus,

542 591 605 638 ut
624 594 745 637 sese
760 564 1061 649 panderent
1091 576 1159 630 ad
1192 568 1589 641 dandum,ideo
1605 574 1764 629 dicit:
1791 573 1925 627 Cum
1947 572 2114 627 multa
2218 593 2249 631 a
2290 575 2447 632 nobis
2467 582 2553 630 est
2583 584 2786 638 tentus,
2828 588 2857 628 a
2888 572 3046 628 nobis
3089 574 3510 639 condemnatus,
3540 589 3813 645 quantum

541 670 907 728 exhortatione
950 669 1279 732 obsecrantes
1305 682 1421 729 nos,
1469 666 1745 734 offerentes
1770 664 2026 735 gaudium
2065 671 2114 716 et
2213 667 2281 721 ad
2314 674 2565 719 naturam
2613 663 2934 718 humanam.
2977 658 3236 716 Protlciat
3284 673 3469 717 autem
3525 678 3720 721 sermo
3746 668 3815 722 ad

539 760 961 815 communionem
1012 756 1291 810 ministerii
1323 756 1462 826 quod
1492 755 1551 824 ﬁt
1601 756 1657 809 in
1702 766 1934 809 sanctos.
1995 753 2113 807 Non
2215 766 2434 812 cetera.
2466 752 2724 824 lnjuriam
2749 767 2945 823 passus
2971 761 3075 818 est,
3122 767 3299 808 casus
3322 764 3425 817 est,
3452 765 3686 825 sputum
3721 772 3816 813 ac-

539 850 684 905 enim
710 850 885 920 rogari
910 848 1034 918 quis
1064 847 1222 903 debet
1253 850 1321 902 ad
1354 846 1814 909 misericordiam,
1837 846 1931 901 sed
1958 860 2118 916 roga-
2216 849 2599 921 cepit,-i|lusus
2623 857 2729 912 est,
2755 845 2947 902 aﬂixus
2968 855 3052 901 est
3077 847 3251 911 cruci,
3282 847 3351 902 l'el
3384 858 3437 902 et
3469 860 3699 904 acetum
3733 850 3819 905 bi-

542 956 604 996 re
631 940 811 1011 potius
840 947 899 994 ιιι
928 938 1295 995 communicet
1328 937 1451 992 aliis
1490 956 1503 991 :
1535 945 1588 991 et
1618 954 1723 991 non
1768 940 1903 993 sicut
1934 954 2117 1008 spera-
2168 956 2173 963 δ
2216 943 2318 997 bit.
2350 942 2487 1008 Quid
2506 941 2811 995 invenietur
2839 939 2893 994 in
2917 941 3344 995 commutatione
3374 951 3544 994 tanta
3572 940 3816 1012 gratia?

541 1036 707 1087 nimus
730 1033 814 1097 ἐς
853 1038 1176 1100 superarunt
1212 1030 1359 1083 enim
1390 1038 1445 1084 et
1474 1038 1717 1084 nostram
1748 1030 2117 1099 exspectatio-
2216 1031 2381 1087 lstam
2410 1031 2576 1102 igitur
2604 1029 2837 1100 gratiam
2878 1043 2980 1084 nos
3003 1030 3302 1084 admonens
3331 1031 3666 1100 Apostolus,
3687 1034 3819 1087 hor-

542 1137 688 1178 nem.
724 1121 861 1190 Quid
888 1136 1017 1193 ergo
1040 1121 1065 1176 τ
1092 1121 1394 1178 Senserunt
1425 1121 1655 1192 apostoli
1684 1120 1920 1191 inopiam
1938 1120 2118 1177 Mace—
2217 1132 2365 1178 tatur
2409 1122 2477 1177 ad
2509 1135 2671 1192 opera
2718 1120 2883 1176 bona.
2920 1120 3084 1176 Scitis
3112 1122 3275 1185 enim,
3316 1122 3515 1192 inquit,
3571 1126 3816 1193 gratiam

545 1214 763 1281 donum,
804 1223 857 1269 et
884 1214 1102 1284 pigebat
1132 1228 1226 1270 eos
1253 1214 1434 1269 dicere
1460 1212 1661 1284 aliquid
1686 1231 1701 1280 ;
1729 1212 1992 1282 apostolis
2015 1228 2116 1267 au-
2216 1212 2429 1268 Domini
2455 1213 2630 1267 nostri
2648 1210 2781 1266 .Iesu
2810 1209 3035 1280 Christi,
3065 1214 3188 1282 quia
3229 1225 3445 1282 propter
3481 1231 3595 1280 nos,
3623 1226 3682 1271 et
3708 1234 3817 1273 non

548 1314 653 1359 tem
693 1304 995 1359 tacentibus
1016 1318 1119 1359 non
1148 1303 1517 1372 tacebantqui
1542 1303 1994 1369 obsecrabantur,
2025 1304 2118 1358 sed
2207 1316 2439 1375 propter
2469 1319 2549 1370 se,
2582 1305 2732 1371 inops
2780 1302 2957 1373 factus
3003 1314 3077 1358 est
3113 1321 3233 1359 cum
3258 1317 3390 1360 esset
3427 1308 3601 1373 dives,
3641 1318 3699 1361 ut
3726 1326 3819 1364 eos

2215 1396 2360 1451 illius
2392 1397 2575 1466 inopia
2600 1398 2788 1451 diuites
2813 1397 2997 1450 essetis
3028 1397 3096 1451 ⁸⁷.
3117 1395 3175 1453 Si
3208 1398 3328 1453 haec
3358 1398 3486 1453 fecit
3521 1403 3818 1469 magister,

544 1497 593 1540 at
621 1488 765 1540 nobis
812 1502 905 1556 per
930 1486 1247 1540 voluntatem
1292 1484 1433 1540 Dei:
1466 1486 1572 1540 hoc
1618 1494 1739 1549 est,
1772 1488 1976 1541 donum
2020 1485 2116 1541 Dei
2218 1489 2321 1545 ista
2369 1489 2688 1543 condiscant
2725 1488 3018 1557 discipuli,
3058 1499 3105 1543 et
3150 1490 3454 1555 consilium,
3490 1492 3697 1561 inquit,
3764 1496 3821 1548 in

542 1578 694 1632 venit
721 1579 787 1633 ad
819 1592 931 1643 eos,
960 1579 1183 1632 hortans
1225 1592 1322 1633 eos
1342 1578 1408 1632 ad
1439 1592 1604 1648 opera
1639 1579 1802 1645 bona,
1832 1588 1891 1633 ut
1923 1579 2117 1634 eanor-
2218 1578 2317 1633 isto
2345 1578 2412 1631 do
2441 1577 2494 1611 ⁵⁸
2526 1596 2539 1633 :
2571 1577 2675 1632 hoc
2699 1587 2803 1641 est,
2837 1577 2904 1630 ad
2924 1577 3286 1631 imitationem
3310 1578 3522 1633 Christi
3550 1594 3817 1649 provoco.

544 1678 715 1721 temur
740 1665 935 1731 Titum,
964 1678 1020 1721 ut
1050 1669 1491 1738 quemadmodum
1509 1671 1686 1740 carpit,
1709 1671 1785 1724 ita
1807 1678 1858 1723 et
1878 1670 2118 1738 perficiat
2220 1673 2336 1729 Hoc
2364 1674 2504 1728 enim
2544 1673 2687 1727 vobis
2724 1681 2799 1726 est
2844 1671 2996 1725 utile.
3050 1670 3183 1723 Illud
3232 1673 3377 1724 enim
3424 1686 3535 1724 non
3592 1670 3820 1728 Christo

542 1760 598 1810 in
618 1775 705 1813 vos
744 1759 970 1827 gratiam
991 1760 1145 1813 istam
1170 1759 1236 1811 ⁵³.
1267 1759 1404 1825 Quid
1420 1759 1522 1815 sibi
1552 1761 1669 1815 vult
1698 1768 1755 1815 ut
1787 1761 2121 1815 exhortamur
2220 1776 2339 1821 erat
2391 1764 2543 1828 utile,
2582 1765 2774 1834 quique
2808 1780 2913 1818 non
2967 1764 3139 1817 solum
3181 1761 3357 1830 facere
3380 1804 3397 1824 ,
3452 1768 3546 1817 sed
3585 1773 3640 1816 et
3689 1764 3823 1818 ulle

546 1848 722 1904 Titum
753 1850 778 1903 .’
823 1850 956 1917 Quia
995 1852 1139 1907 enim
1169 1892 1183 1917 ,
1229 1854 1439 1921 inquit,
1483 1852 1719 1909 vidimus
1769 1852 2118 1908 Macedonum
2150 1842 2194 1899 Β
2222 1858 2447 1925 capiatis
2492 1857 2557 1909 ab
2594 1872 2737 1909 anno
2761 1855 2957 1925 priore.
3011 1854 3217 1909 Facere
3256 1869 3360 1908 non
3394 1864 3479 1908 est
3515 1854 3702 1925 majus
3724 1867 3822 1909 ant

546 1940 759 1996 divitias
792 1941 1193 2010 simplicitatis;
1228 1953 1286 1997 ut
1320 1958 1426 1998 non
1457 1944 1805 2000 vinceremini
1857 1944 1909 1999 in
1939 1942 2117 2008 bonis,

2227 1951 2357 2007 velle
2389 1950 2499 2023 (l8)
2531 1950 2666 2005 ?Ille
2690 1958 2872 2003 autem
2898 1948 3071 2016 majus
3104 1962 3227 2004 esse
3254 1948 3439 2002 dicens
3463 1948 3610 2003 velle
3647 1964 3818 2017 quam

546 2033 855 2103 rogavimus
893 2032 1074 2088 Titum
1103 2035 1287 2089 venire
1337 2036 1404 2090 ad
1436 2050 1532 2090 vos
1555 2074 1571 2100 ,
1611 2045 1667 2092 et
1696 2051 1855 2105 pares
1880 2050 1975 2091 vos
2005 2033 2120 2090 elli-

2227 2043 2419 2103 lacere,
2460 2043 2535 2103 ita
2562 2057 2687 2098 cum
2746 2040 2828 2097 eis
2882 2040 3126 2109 loquitur
3156 2055 3256 2108 per
3303 2039 3621 2109 epistolam.
3678 2041 3820 2107 Quid

546 2141 671 2182 cere
704 2126 767 2181 ad
801 2125 1148 2191 Macedonas,
1181 2136 1235 2180 et
1268 2128 1545 2182 exhortari
1579 2142 1647 2181 ne
1678 2128 2062 2197 relinquamini
2089 2143 2119 2181 a
2217 2138 2300 2186 est
2322 2146 2451 2200 ergo
2478 2130 2623 2199 quod
2649 2128 2846 2183 dicitur
2867 2127 2934 2181 ad
2963 2143 3081 2192 eos,
3113 2144 3249 2196 quos
3270 2128 3524 2183 hortatur
3548 2131 3619 2182 ad
3651 2145 3821 2198 opera

544 2218 965 2289 divitiisgratite
1016 2219 1175 2288 huius
1200 2232 1215 2271 :
1245 2217 1318 2271 Et
1358 2219 1497 2273 sicut
1544 2222 1598 2273 in
1643 2221 1786 2273 omni
1835 2221 2120 2275 abundatis
2180 2221 2400 2290 ,bona?
2446 2222 2587 2289 Quia
2628 2220 2773 2274 enim
2802 2218 3080 2274 faciebant
3113 2221 3357 2289 quidem,
3391 2236 3497 2275 non
3530 2220 3823 2277 habebant

542 2310 672 2379 ﬁde,
696 2322 743 2363 et
766 2325 1023 2375 sermone,
1041 2321 1095 2363 et
1119 2310 1370 2378 scientia,
1398 2321 1445 2365 et
1470 2313 1613 2364 omni
1639 2311 1995 2365 sollicitudine
2020 2354 2035 2378 ,
2072 2324 2119 2365 et
2219 2322 2398 2367 autem
2422 2327 2453 2366 e
2493 2327 2588 2366 sua
2641 2311 2907 2368 electione
2936 2323 2996 2368 ut
3046 2313 3187 2369 ultro
3224 2312 3501 2379 facerent;
3557 2315 3821 2368 hortatur

542 2404 759 2471 insuper
782 2410 953 2456 vestra
986 2403 1042 2455 in
1085 2419 1179 2457 nos
1208 2401 1483 2466 charitate,
1536 2413 1591 2455 ut
1616 2413 1665 2456 et
1719 2404 1773 2455 in
1813 2405 1914 2457 hac
1949 2405 2120 2474 gratia
2218 2418 2311 2459 eos
2345 2413 2403 2457 ut
2437 2403 2581 2459 ultro
2628 2414 3018 2474 proponerent,
3053 2405 3155 2461 hoc
3196 2417 3280 2461 est
3314 2416 3374 2460 ut
3406 2422 3515 2462 non
3547 2408 3823 2463 admone-

546 2492 824 2548 abundetis
853 2493 922 2547 “.
953 2492 1009 2546 In
1040 2493 1183 2557 aliis,
1226 2495 1423 2562 inquit,
1463 2495 1718 2549 omnibus
1759 2494 2121 2550 circumveni-
2219 2505 2425 2562 rentur,
2458 2498 2551 2551 sed
2582 2506 2641 2551 ut
2661 2496 2809 2553 ultro
2858 2498 3223 2566 complerent.
3251 2498 3357 2564 Qui
3387 2515 3493 2553 non
3526 2500 3707 2553 solum
3735 2501 3819 2568 {a-

548 2584 659 2640 tis:
694 2594 754 2639 ut
791 2600 898 2639 non
933 2592 1114 2639 autem
1147 2585 1636 2640 circumvenientes
1688 2585 1742 2638 iu
1782 2586 1927 2649 aliis.
1963 2587 2120 2641 dere-
2218 2604 2349 2652 cere,
2377 2588 2570 2658 inquit,
2598 2590 2689 2642 sed
2714 2599 2762 2642 et
2787 2588 2915 2643 uelle
2956 2591 3191 2658 carpistt's
3226 2591 3291 2644 ab
3336 2607 3475 2646 anno
3507 2593 3696 2661 priore
3721 2592 3777 2623 ’τ’
3799 2606 3821 2643 τ

546 2676 864 2746 linquamini
900 2675 954 2730 in
990 2675 1741 2743 quibusdam,etexuamini,
1786 2677 1971 2745 rogavi
2023 2678 2119 2732 'l‘i-
2222 2679 2379 2734 Nunc
2426 2696 2550 2733 vero
2603 2690 2653 2733 et
2704 2680 2848 2749 facto
2884 2682 3118 2749 per/icite
3170 2699 3190 2736 :
3247 2693 3305 2735 ut
3358 2685 3817 2753 quemadmodum

550 2779 684 2833 tum,
717 2768 854 2823 utin
886 2767 1142 2823 omnibus
1186 2767 1478 2836 primatum
1513 2770 1742 2824 teneatis
1772 2788 1786 2824 :
1825 2768 1946 2823 Non
1967 2771 2119 2839 quasi
2219 2779 2490 2838 promptus
2518 2772 2727 2825 animus
2756 2782 2833 2826 est
2860 2773 3145 2828 uoluntatis
3172 2814 3188 2838 ,
3236 2776 3314 2827 ita
3340 2786 3388 2828 et
3416 2774 3692 2843 perﬁciati
3754 2790 3818 2829 xl:

546 2862 810 2927 imperans
835 2860 975 2925 dico,
1002 2860 1093 2914 sed
1118 2871 1328 2928 propter
1359 2860 1589 2913 aliorum
1615 2860 2031 2916 sollicitudinem
2047 2863 2118 2927 ",
2220 2876 2280 2914 eo
2322 2861 2462 2929 quod
2487 2861 2687 2915 habetis
2717 2862 2787 2915 ⁸ο.
2817 2862 3093 2918 Prmcedit
3112 2874 3397 2936 promptus
3424 2867 3652 2921 animus
3688 2881 3815 2937 per-

550 2952 653 3007 hoc
681 2961 763 3006 est
800 2949 1153 3006 Macedonum
1200 2952 1434 3006 alienum
1466 2967 1481 3005 :
1514 2953 1559 3007 si
1607 2954 1903 3008 secundum
1946 2954 2119 3023 impe-
2222 2954 2535 3009 rectionem.
2567 2954 2670 3021 Qui
2719 2956 2864 3011 enim
2897 2956 3115 3011 nolebat
3154 2957 3287 3012 dare
3334 2971 3431 3011 sua
3463 2998 3475 3017 ,
3507 2958 3816 3012 necessita-

549 3041 689 3098 rium
721 3040 875 3112 ﬁunt,
906 3042 1230 3098 videbuntur
1263 3057 1327 3097 ex
1381 3043 1703 3097 necessitate
1732 3042 1847 3098 ﬁeri
1871 3084 1887 3107 ,
1916 3053 1968 3098 ct
2013 3059 2118 3098 non
2226 3058 2332 3103 tem
2374 3063 2479 3102 non
2510 3048 2746 3103 habebat
2799 3050 3191 3119 compulsionis
3221 3050 3533 3119 :siquidem
3570 3066 3683 3105 non
3717 3066 3813 3105 ex-

552 3134 755 3190 babent
794 3135 1028 3191 fructum
1080 3153 1092 3188 :
1140 3135 1232 3189 sed
1264 3145 1481 3204 propter
1530 3134 1754 3189 aliorum
1794 3136 2119 3192 sollicitudi-
2147 3182 2191 3239 ς
2225 3141 2367 3194 actio
2391 3140 2486 3195 sed
2521 3141 2820 3196 admonitio
2852 3151 2991 3204 erat,
3021 3151 3081 3196 ut
3106 3130 3567 3213 quemadmodum
3624 3158 3810 3212 prom-

548 3242 671 3283 nem
701 3268 716 3293 ,
742 3237 789 3282 et
820 3236 1004 3281 vestrm
1031 3226 1305 3281 cltaritatis
1349 3227 1617 3295 ingenium
1656 3228 1937 3297 probamus
1973 3242 1990 3279 :
2019 3229 2121 3282 hoc
2152 3226 2191 3239 “’
2224 3244 2348 3303 ptus
2381 3235 2593 3289 animus
2628 3244 2713 3289 est
2742 3234 3063 3298 voluntatis,
3116 3235 3189 3289 ita
3217 3245 3272 3290 et
3305 3235 3605 3305 perficiatis
3638 3248 3706 3290 ea
3748 3252 3814 3293 eo

546 3326 665 3380 est,
698 3318 1049 3372 admonemus
1082 3331 1179 3371 vos
1230 3317 1582 3372 Macedonum
1633 3320 1937 3374 claritatem
1981 3317 2119 3389 (l4),
2223 3324 2364 3393 quod
2397 3325 2629 3379 habetis.
2671 3324 2825 3392 Quod
2854 3326 2997 3381 enim
3038 3327 3085 3381 si
3117 3336 3399 3396 promptus
3442 3338 3527 3381 est
3554 3328 3810 3396 quidem,

552 3416 612 3463 ut
637 3408 917 3463 audientes
946 3409 1013 3462 ad
1040 3408 1281 3463 similem
1330 3410 1563 3463 veniatis
1591 3409 1787 3465 zelum.
1822 3409 1958 3476 Quia
1990 3424 2119 3481 ergo
2223 3430 2326 3469 non
2360 3415 2559 3471 habeat
2590 3426 2798 3483 autem,
2822 3426 2878 3472 et
2912 3416 3087 3472 defuit
3113 3428 3172 3472 ut
3209 3418 3534 3487 perﬁceret;
3571 3434 3679 3473 non
3712 3420 3808 3475 de-

553 3498 618 3552 do
648 3498 889 3567 pecuniis
918 3493 1215 3567 propositio
1257 3508 1413 3561 erat.
1449 3509 1503 3552 el
1534 3500 1601 3553 de
1644 3500 1898 3569 operibus
1925 3501 2116 3565 bonis;
2222 3509 2411 3564 relicta
2458 3520 2543 3565 est
2585 3511 2702 3581 ejus
2732 3512 3007 3565 voluntas.
3062 3511 3339 3579 Quaeritur
3375 3512 3524 3565 enim
3557 3527 3667 3565 non
3691 3512 3814 3581 quis

551 3590 776 3658 cupiens
817 3603 911 3644 eos
949 3589 1145 3645 docere
1172 3590 1462 3659 Apostolus
1509 3592 1635 3662 quia
1670 3592 1801 3647 nihil
1836 3592 1981 3661 digni
2035 3602 2119 3645 ιιι-
2222 3602 2351 3671 quid
2385 3602 2606 3669 habeat,
2637 3602 2732 3657 sed
2760 3605 2884 3673 quis
2913 3602 3040 3671 quid
3068 3602 3219 3657 velit.
3252 3602 3389 3669 Quid
3413 3612 3598 3657 autem
3627 3604 3675 3658 si
3705 3620 3808 3658 non

548 3694 655 3747 que
683 3678 795 3750 (l5)
835 3681 1103 3750 recepturi
1156 3682 1327 3749 estis,
1365 3692 1419 3736 et
1468 3684 1591 3751 quia
1640 3684 1692 3737 in
1742 3683 1828 3738 his
1865 3683 2121 3739 Dominus

2227 3694 2382 3749 habet
2410 3694 2556 3762 quis,
2580 3694 2924 3764 descripserit
2949 3704 3128 3750 autem
3172 3696 3275 3750 sibi
3303 3705 3356 3749 et
3400 3696 3624 3761 dixerit,
3663 3698 3810 3767 qia,

547 3771 695 3838 prior
725 3771 890 3840 cmpit
914 3811 929 3835 .
958 3780 1013 3826 el
1044 3771 1285 3828 debitum
1331 3774 1604 3861 reddimus
1656 3784 1711 3829 el
1748 3790 1850 3830 non
1887 3775 2118 3847 gratiam
2223 3787 2267 3843 si
2293 3787 2625 3856 possiderem
2662 3795 2871 3841 tantum
2897 3827 2913 3851 ,
2948 3794 3123 3841 totum
3176 3787 3363 3844 darem
3420 3790 3756 3861 pauperibus
3789 3790 3819 3843 ?

547 3862 1017 3930 praesentiamus,
1045 3862 1178 3918 dicit
1211 3880 1224 3915 :
1257 3863 1423 3919 Scitis
1462 3859 1601 3919 enim
1626 3867 1859 3935 gratiam
1904 3866 2118 3922 Domini
2224 3886 2486 3948 quantum
2517 3879 2586 3933 ad
2615 3876 2953 3934 alacritatem
2997 3878 3215 3946 quidem
3245 3890 3454 3949 spectat
3482 3924 3498 3949 ,
3533 3859 3602 3937 et
3634 3884 3811 3952 possi-

550 3954 715 4008 nestri
756 3952 886 4008 Iesu
931 3952 1127 4009 Christi
1152 3994 1166 4020 ,
1198 3956 1325 4025 quia
1374 3967 1591 4026 propter
1638 3974 1733 4013 nos
1762 3960 1911 4027 inops
1948 3958 2121 4029 factus

547 4052 647 4109 est,
671 4059 787 4097 cum
816 4043 958 4099 dives
984 4054 1112 4099 esset
1145 4045 1212 4102 “.
1238 4045 1374 4112 Quia
1401 4049 1543 4103 enim
1568 4050 1634 4105 de
1662 4053 1909 4120 pecuniis
1932 4053 2122 4109 dandis

545 4144 667 4190 erat
696 4135 746 4190 ei
781 4150 960 4191 sermo
984 4176 999 4201 ,
1033 4137 1249 4207 pigebat
1284 4149 1460 4196 autem
1502 4141 1698 4198 divites
1744 4141 1862 4214 (l6)
1888 4144 2119 4213 aperiri;

545 4227 794 4294 opposuit
821 4226 1132 4294 Dominum,
1159 4230 1251 4298 qui
1283 4245 1413 4286 vero
1445 4232 1613 4295 dives,
1649 4234 1804 4303 inops
1831 4250 1930 4305 pro
1963 4237 2121 4292 nobis

544 1397 845 1466 semetipsos
868 1437 883 1459 ,
915 1396 1089 1465 inquit
1131 1436 1148 1461 ,
1190 1396 1448 1449 dederunt
1481 1396 1652 1465 primo
1708 1394 1965 1461 Domino,
1998 1396 2117 1450 dein

2224 3970 2315 4023 det
2340 3977 2396 4023 et
2445 3969 2612 4026 dedit.
2664 3967 2855 4025 Omnis
2886 3970 3030 4025 enim
3057 3971 3266 4027 fructus
3296 3972 3349 4026 in
3382 3972 3671 4029 alacritate
3732 3985 3811 4029 est

2223 4061 2453 4130 positus.
2490 4060 2885 4133 Nonnunquam
2943 4063 3088 4118 enim
3142 4066 3234 4135 qui
3268 4063 3443 4132 dant,
3496 4067 3814 4121 mercedem

2226 4165 2332 4205 non
2363 4151 2565 4206 habent
2590 4191 2608 4219 ,
2660 4160 2915 4223 tauquam
2947 4154 3196 4209 dederint
3229 4176 3240 4210 :
3272 4157 3367 4229 qui
3396 4168 3573 4210 autem
3609 4172 3810 4225 propo-

547 4316 726 4374 lactus
762 4330 867 4386 est,
892 4330 953 4375 ut
986 4322 1052 4376 ad
1085 4322 1441 4378 imitationem
1496 4324 1587 4379 Dei
1622 4329 1913 4383 suscitaret
1943 4330 2120 4384 homi-

548 4427 667 4466 nes.
691 4411 856 4469 Scitis
879 4416 1035 4482 enim,
1063 4416 1258 4487 inquit,
1295 4419 1528 4488 gratiam
1562 4418 1777 4474 Domini
1802 4423 1968 4475 nostri
1995 4421 2124 4477 Iesu

2224 4251 2477 4308 suerunt,
2507 4258 2670 4312 super
2697 4245 2906 4300 dantes.
2938 4244 3081 4313 Quid
3107 4247 3252 4301 enim
3296 4247 3342 4301 si
3393 4248 3485 4302 dat
3508 4249 3711 4319 aliquis
3761 4262 3809 4304 et

2226 4334 2584 4388 murmurat?
2619 4336 2747 4404 quid
2823 4336 2867 4390 si
2918 4338 3162 4405 praebet,
3212 4338 3413 4411 pigrior
3446 4350 3629 4393 autem
3682 4349 3766 4393 est
3791 4340 3816 4391 ?

2225 4423 2363 4489 Quid
2401 4435 2581 4479 autem
2614 4428 2657 4481 si
2714 4442 2822 4482 non
2883 4428 3051 4483 habet
3102 4428 3266 4497 quis,
3319 4429 3432 4483 vult
3485 4432 3717 4485 tamen?
3758 4443 3811 4485 ut

548 4502 766 4570 Christi,
787 4508 915 4575 quia
956 4518 1167 4575 propter
1196 4525 1289 4564 nos
1315 4510 1463 4579 inaps
1497 4510 1667 4579 factus
1704 4520 1779 4565 est
1813 4529 1930 4566 cum
1982 4524 2119 4568 esset
2155 4538 2199 4593 υ
2225 4517 2685 4584 quemadmodum
2723 4530 3007 4589 promptus
3055 4529 3139 4574 est
3163 4562 3179 4586 ,
3216 4520 3389 4591 inquit
3417 4562 3431 4586 ,
3465 4523 3687 4577 animus
3717 4538 3813 4577 vo-

551 4597 710 4661 dioes,
743 4606 800 4648 ut
830 4596 1178 4667 illiusinopia
1200 4616 1286 4655 vos
1308 4601 1493 4655 divites
1513 4602 1709 4656 essetis.
1744 4601 1799 4657 Si
1839 4605 1953 4659 haec
1987 4605 2126 4662 Deus

549 4698 769 4755 propter
798 4688 1067 4757 homines,
1094 4705 1196 4746 nec
1221 4691 1477 4760 aequalia;
1521 4693 1565 4746 si
1596 4704 1773 4749 tamen
1811 4706 1898 4750 est
1926 4697 2129 4765 aliquid

548 4780 777 4847 aequale.
814 4779 947 4847 Quis
972 4784 1115 4836 enim
1146 4792 1388 4837 nostrum
1419 4794 1595 4856 potest
1628 4802 1655 4839 a
1682 4786 1791 4842 Deo
1826 4788 1871 4854 (i
1887 4789 1939 4859 7)
1969 4792 2129 4846 homo

548 4872 664 4925 ﬁeri
693 4871 718 4926 ἲ
750 4871 826 4927 ita
856 4873 999 4927 enim
1029 4872 1185 4929 ﬁeret
1223 4875 1447 4943 aequale,
1499 4880 1542 4931 si
1583 4888 1761 4935 tamen
1792 4890 1846 4935 et
1876 4896 2010 4936 crux
2042 4898 2129 4938 se-

548 4972 808 5029 queretur
866 4964 956 5019 tali
1000 4974 1213 5021 natura.
1267 4966 1335 5021 Et
1384 4970 1557 5024 teneri
1588 4972 1730 5025 enim
1762 5012 1778 5037 ,
1808 4982 1863 5027 et
1910 4983 2125 5043 sputum

549 5052 819 5121 accipere,
843 5064 899 5107 et
930 5054 1102 5121 illudi,
1134 5066 1189 5110 et
1218 5058 1593 5127 condemnari,
1619 5071 1675 5116 et
1693 5065 1853 5127 mori,
1885 5065 2127 5119 debitum

547 5144 769 5211 quidem
806 5154 1015 5201 tantum
1068 5156 1284 5217 poterat
1339 5161 1512 5207 esse:
1555 5152 1670 5209 hzec
1723 5163 1904 5210 autem
1950 5157 2131 5211 dimit-

551 5246 692 5299 tens,
722 5244 780 5291 ει
829 5246 985 5293 suam
1016 5238 1242 5310 gloriam
1284 5242 1621 5299 abscondens
1648 5286 1663 5309 ,
1690 5250 1987 5319 assumpsit
2031 5266 2131 5305 no-

551 5334 718 5381 stram
750 5328 1173 5400 ignobilitatem,
1203 5333 1487 5390 nobiscum
1520 5336 1820 5407 ambulans,
1850 5343 2131 5398 nobiscum

692 5512 875 5587 “Cor.
908 5531 1023 5583 vui,
1044 5517 1098 5571 5.
1163 5518 1210 5551 ³³
1252 5520 1384 5576 ibid.
1411 5520 1463 5576 6.
1539 5524 1587 5555 “
1612 5524 1741 5583 ibid.
1762 5528 1813 5583 7.
1879 5530 1923 5563 ⁸⁸
1946 5530 2071 5586 ibid.
2093 5532 2146 5587 8.

553 5577 596 5610 "
631 5581 762 5638 ibid.
800 5584 887 5639 12.

649 5673 736 5737 Ν)
767 5672 1091 5731 Claritatent.
1121 5680 1287 5738 Forte
1307 5684 1639 5739 charitatem.

648 5742 736 5807 l5)
765 5745 947 5812 Atque.
980 5747 1141 5804 Forte
1170 5752 1237 5804 ad
1264 5769 1325 5807 ea
1350 5770 1490 5812 Μ.

657 5770 736 5807 tu;
765 5770 947 5812 atque.
984 5770 1141 5804 rorte
1170 5770 1236 5804 aa
1264 5770 1325 5807 ea
1475 5796 1490 5807 .

657 5813 1105 5888 16)Δνοίγεσθα“ι,
1137 5822 1189 5878 id
1220 5832 1322 5891 cst,
1350 5770 1554 5882 mlas
1586 5827 1815 5897 aperire.

2230 4600 2492 4675 luntatis,
2542 4610 2615 4664 ita
2651 4619 2708 4665 et
2739 4611 3041 4681 perﬁciatis
3072 4626 3139 4666 ex
3178 4627 3245 4667 eo
3294 4616 3435 4682 quod
3485 4615 3722 4669 habetis.
3757 4613 3815 4670 Si

2228 4701 2366 4754 cnim
2416 4700 2668 4756 alacritas
2697 4705 2969 4773 proposita
3001 4712 3117 4770 est;
3168 4715 3223 4757 ut
3273 4722 3339 4759 ea:
3377 4722 3435 4760 eo
3482 4710 3625 4776 quod
3661 4709 3812 4764 habet

2232 4792 2341 4858 det,
2368 4805 2581 4864 accepta
2608 4805 2683 4849 est
2710 4796 2755 4827 “
2785 4814 2800 4850 :
2829 4807 3038 4851 tantum
3087 4808 3365 4867 promptus
3396 4802 3611 4856 animus
3631 4802 3728 4865 sit,
3762 4812 3816 4859 et

2232 4892 2426 4939 cetera
2459 4896 2759 4955 sequuntur
2786 4902 2893 4940 non
2920 4902 2987 4942 ex
3016 4904 3081 4943 eo
3113 4894 3253 4959 quod
3289 4905 3394 4943 non
3427 4892 3609 4947 habet.
3646 4894 3815 4949 Nemo

2234 4976 2398 5045 enim,
2456 4978 2653 5049 inquit,
2688 4980 2885 5049 quarit
2915 4981 3057 5049 quod
3105 4998 3209 5037 non
3258 4984 3427 5037 babes
3450 5025 3467 5049 ,
3528 4985 3623 5039 sed
3652 5001 3720 5040 ex
3752 5002 3815 5043 eo

2236 5072 2376 5138 quod
2406 5071 2598 5129 habes.
2630 5071 2746 5127 Non
2781 5075 2924 5129 enim
2948 5073 3051 5130 hoc
3071 5086 3177 5140 est,
3213 5076 3409 5146 inquit,
3439 5078 3584 5146 quod
3615 5082 3813 5149 quaeri-

2212 5170 2325 5240 thr
2346 5178 2376 5217 a
2416 5164 2592 5231 nobis,
2624 5176 2685 5218 ut
2712 5180 2812 5221 vos
2850 5166 3067 5236 quidem
3096 5169 3457 5233 evacuemini,
3492 5170 3583 5223 alii
3636 5184 3813 5227 autem

2236 5252 2499 5309 ditentur.
2526 5254 2652 5309 Non
2670 5257 2814 5312 enim
2841 5270 2897 5312 ut
2931 5260 3053 5315 aliis
3083 5262 3456 5331 refrigerium,
3472 5262 3614 5315 vobis
3643 5275 3813 5317 autem

2238 5345 2510 5401 tribulatio
2544 5346 2611 5401 sit
2640 5362 2659 5400 :
2687 5350 2781 5403 sed
2814 5351 3103 5406 secundum
3126 5352 3509 5422 «qualitatem,
3544 5353 3742 5421 inquit,
3764 5358 3815 5408 in

2221 5534 2267 5569 ιι
2300 5530 2431 5585 ibid.
2461 5530 2515 5585 9.
2591 5528 2636 5561 ιτ
2668 5530 2797 5586 ibid.
2858 5532 2905 5563 ι·
2935 5530 3064 5584 ibid.
3096 5530 3179 5585 ιο.
3234 5528 3279 5561 δ’
3315 5528 3444 5583 ibid.
3491 5531 3537 5562 ιο
3572 5532 3701 5586 ibid.
3732 5530 3813 5587 tt.

2318 5691 2431 5763 (l7)
2464 5690 2519 5746 ld
2541 5700 2643 5755 est,
2664 5705 2734 5763 ex
2773 5693 2904 5757 Deo,
2937 5693 3047 5763 διπρ
3083 5693 3240 5748 Θεοῦ.

2318 5762 2429 5834 (18)
2466 5763 2569 5818 Aut
2595 5761 2741 5820 velle.
2773 5763 2937 5821 Forte
2969 5761 3127 5831 quam
3155 5764 3303 5835 rellc,
3334 5764 3367 5835 ἦ
3394 5764 3593 5822 Θὲλιιν.
