4000 6428
174 472 329 531 12ὓὸ
1484 468 1576 523 DE
1614 466 1854 525 OPERIE

1961 494 1964 510 ι
2000 464 2225 524 BONiS.
3393 460 3534 521 1206

171 586 447 658 presenti
479 598 740 657 tempore
771 589 838 643 “.
880 585 993 641 Non
1024 626 1039 651 ,
1092 584 1271 653 inquit
1301 623 1316 649 ,
1349 583 1455 639 hoc
1491 582 1615 639 dico
1639 623 1657 649 ,
1690 584 1830 637 Date
1862 586 1907 642 Δ
1937 580 2117 634 dinem
2147 590 2389 635 nostram
2414 578 2481 633 ατ.
2506 577 2563 632 lu
2608 590 2724 646 qua'
2744 591 2805 632 re
2829 576 2911 632 sic
2937 590 3037 633 nos
3063 576 3418 642 arctavimus,
3451 594 3525 633 ne

172 682 379 737 omnia
409 695 548 749 qua
584 683 814 737 habetis
841 720 858 747 ,
903 690 958 735 et
985 694 1083 734 vos
1114 678 1388 735 eilicimini
1427 692 1698 748 pauperes
1724 718 1740 739 ,
1780 686 1836 731 et
1941 671 2071 740 quis
2104 685 2205 726 nos
2236 671 2513 736 vituperet
2545 668 2598 723 in
2643 669 2747 723 hac
2790 667 3150 739 amplitudine
3198 682 3321 737 quae
3370 668 3537 721 mini-

176 774 332 829 alios
360 776 574 830 ditate.
621 774 739 831 Sed
779 777 910 845 quid
943 775 1076 833 aio?
1107 774 1205 840 Qui
1236 772 1401 826 habet
1433 773 1567 825 duas
1600 769 1833 835 tunicas,
1939 770 2149 816 stratur
2200 776 2299 832 per
2348 776 2472 817 nos.
2513 753 2657 828 Quia
2694 759 2843 813 enim
2903 758 3157 828 colligere
3207 757 3472 826 pecunias
3506 774 3540 813 ιι

178 871 400 926 lube“
455 886 643 926 “nam
676 913 693 939 ν
721 871 814 925 ἀει
847 880 1027 923 autem
1062 884 1168 922 non
1205 866 1428 921 habenti
1475 879 1662 925 unam,
1697 874 1747 917 et
1778 861 1837 915 ῆι
1938 850 2203 907 fratribus
2224 862 2479 924 acceptas
2507 851 2799 906 videbatur
2815 848 2972 904 malis
2998 848 3368 919 suspicionem
3384 848 3536 912 dare,

179 964 521 1032 cqualitas.
592 938 708 1018 Sed
740 979 804 1016 ex
843 962 1169 1030 aequalitate.
1212 958 1427 1027 inquit,
1480 958 1535 1009 in
1588 954 1836 1023 praesenti

1961 939 2075 999 licit
2099 941 2222 995 ideo
2261 942 2385 1009 quia
2417 939 2766 996 sollicitiores
2795 938 3060 1007 eligentes
3090 939 3339 993 misimus
3365 955 3378 991 :
3410 939 3538 1007 quia

183 1030 466 1122 mimum
529 1052 595 1108 ιη
668 1053 946 1122 praemi.
1006 1052 1198 1119 inquit.
1233 1051 1339 1104 γεω
1380 1058 1558 1102 "mm
1595 1046 1839 1100 abundat
1886 1057 1893 1063 -
1938 1032 2324 1101 circumspecti
2353 1032 2557 1087 luimus
2595 1047 2661 1086 ne
2698 1030 2823 1101 quis
2849 1030 3277 1098 reprehenderet
3308 1030 3362 1083 id
3392 1031 3540 1099 quod

182 1146 260 1201 ad
296 1147 538 1201 illorum
577 1147 850 1216 inopiam.
877 1144 979 1212 Qui
1014 1143 1198 1207 habet,
1250 1142 1466 1213 inquit,
1516 1141 1650 1194 duas
1682 1138 1834 1192 tuni-

1961 1128 2145 1191 iebat;
2186 1140 2257 1180 ne
2282 1126 2406 1195 quis
2429 1123 2598 1180 ludas
2623 1125 2882 1179 inventus
2906 1122 3207 1189 iuraretur,
3236 1131 3293 1176 et
3325 1124 3540 1192 vitupe-

186 1255 316 1308 cu,
344 1258 531 1297 “nam
585 1242 922 1313 superﬂuam
946 1282 961 1307 ν
1006 1240 1056 1295 ξε
1084 1241 1176 1309 qui
1212 1253 1505 1307 necum.“
1536 1237 1699 1317 hat!“
1728 1253 1835 1291 mm
1939 1228 2089 1275 raret
2137 1219 2500 1273 ministerium
2544 1227 2814 1277 nostrum.
2863 1215 3211 1271 Pratidemus
3246 1215 3385 1267 enim
3419 1229 3539 1284 qua

190 1307 471 1396 frandet;
506 1347 573 1388 ut
610 1307 720 1389 una
761 1345 848 1389 tua
899 1307 1170 1403 superﬂua
1224 1348 1327 1385 non
1368 1331 1441 1386 sit
1470 1330 1565 1384 tibi
1611 1307 1835 1393 inutilis,

1961 1326 2079 1366 tona
2107 1322 2253 1377 sunt,
2296 1328 2401 1365 non
2445 1323 2653 1365 tantum
2688 1327 2868 1365 coram
2924 1310 3033 1364 Deo
3082 1307 3171 1377 qui
3202 1307 3354 1361 novit
3406 1321 3541 1361 con-

190 1423 297 1479 sed
340 1424 441 1479 ﬂat
476 1425 601 1479 alio
638 1423 925 1480 ntilis.Sea
951 1400 1015 1479 ξω
1032 1424 1332 1494 ωςααιξιαιε
1364 1424 1419 1475 in
1440 1423 1685 1491 presenti
1715 1432 1841 1475 tem-
1941 1409 2249 1471 scientiam.
2291 1406 2385 1460 sed
2425 1415 2474 1459 ει
2500 1421 2684 1458 coram
2737 1404 3038 1458 hominibus
3070 1403 3115 1434 "
3149 1408 3258 1494 ειη
3294 1414 3361 1494 {te
3392 1400 3539 1467 quis.

192 1531 336 1585 pore
362 1525 560 1570 vestra
612 1517 942 1570 abundantia
964 1489 1202 1585 suppleat
1243 1489 1457 1567 illorum
1494 1514 1724 1582 inopiam
1759 1514 1843 1565 υς

1965 1497 2139 1567 nqnit,
2170 1500 2515 1551 occasionem
2559 1496 2839 1563 acciperet
2868 1492 3243 1561 vituperandi.
3289 1489 3541 1544 Hisimus

196 1584 316 1661 hoc
349 1618 445 1661 est
473 1647 490 1671 ,
534 1610 785 1661 abundat
831 1608 915 1662 his
948 1609 1038 1676 qui
1070 1622 1135 1660 ex
1167 1607 1419 1677 gentibus
1446 1616 1573 1661 sunt
1609 1625 1622 1660 :
1659 1606 1842 1659 mitta-

1961 1600 2118 1643 tutem
2161 1603 2281 1641 cum
2316 1587 2424 1641 illis
2456 1594 2504 1639 et
2540 1584 2765 1653 fratrem
2798 1596 3066 1647 nostrum,
3098 1600 3258 1654 quem
3292 1584 3545 1653 probaui-

198 1709 300 1754 tur
336 1699 435 1755 bis
462 1701 567 1769 qui
614 1709 742 1755 sunt
786 1699 928 1769 apud
959 1676 1203 1753 Judaeum
1230 1740 1246 1763 ,
1278 1700 1369 1769 qui
1418 1710 1645 1770 propter
1670 1698 1834 1755 Chri-

1961 1700 2060 1737 nus
2088 1684 2142 1736 in
2174 1682 2357 1736 multis
2407 1698 2545 1751 sirpe
2591 1680 2883 1736 sollicitum
2916 1695 3029 1733 esse
3060 1679 3127 1732 ⁸⁸.
3160 1676 3355 1732 Statim
3393 1677 3541 1732 enim

200 1800 359 1847 stum
398 1768 855 1863 persecutionem
886 1791 1157 1846 sustinent
1186 1813 1197 1845 :
1233 1768 1311 1844 uti
1336 1803 1385 1846 et
1421 1768 1638 1846 illorum
1673 1792 1842 1845 abun-

1961 1774 2037 1841 ιιιὶ
2083 1772 2321 1827 dedisset
2350 1772 2614 1841 pecunias
2652 1779 2868 1842 poterat
2927 1785 3048 1824 esse
3094 1778 3380 1838 suspectus
3412 1768 3543 1838 quia

202 1860 438 1949 dantia,
474 1885 716 1954 spiritus
750 1894 939 1952 utpote
969 1884 1163 1955 gratia,
1196 1884 1267 1937 sit
1289 1885 1355 1939 ad
1385 1895 1579 1938 vestrae
1602 1883 1838 1951 inopiam

1961 1866 2039 1934 iui
2073 1864 2273 1934 accipit
2306 1864 2572 1924 lucratur.
2602 1873 2657 1919 et
2684 1878 2790 1918 non
2827 1860 3036 1934 perfert
3068 1864 3134 1916 ad
3178 1876 3291 1917 rem
3324 1860 3391 1915 ad
3419 1876 3545 1931 quae

204 1975 372 2042 ﬁdei,
404 1986 472 2031 ut
501 1976 605 2031 ﬁat
642 1976 927 2046 aequalitas
954 1994 966 2029 :
989 1990 1093 2031 .vos
1122 1991 1188 2030 ex
1217 1976 1304 2030 his
1334 1991 1454 2044 quae
1487 1975 1701 2054 habetis
1743 1988 1832 2043 pe-
1874 1964 1917 2023 Β
1948 1959 2115 2054 dedit}
2139 1972 2195 2013 θι
2222 1958 2429 2054 νίετίογ
2460 1956 2799 2054 efﬁciebatur
2820 1956 2886 2010 ad
2921 1956 3157 2054 dandum
3189 1973 3204 2009 ³
3237 1955 3359 2009 ideo
3392 1970 3545 2054 συξη·

208 2072 431 2138 cuniis,
460 2072 546 2126 illi
579 2085 645 2125 ex
672 2071 874 2141 quibus
895 2069 1095 2125 habent
1125 2071 1304 2125 donis.
1330 2068 1626 2145 Et'illorum
1658 2068 1839 2140 inopia

208 2164 551 2233 replebitur
591 2171 775 2217 vestra
802 2163 1180 2229 abundantia;
1213 2173 1391 2217 vestra
1439 2172 1620 2219 autem
1657 2164 1840 2235 inopia

214 2251 582 2307 abundantia
625 2251 696 2307 sit
721 2252 963 2318 illorum,
998 2264 1056 2305 ut
1092 2253 1184 2306 llat
1210 2251 1530 2322 antistitas;
1584 2256 1843 2325 pecunia-

213 2360 352 2401 rum
389 2344 625 2415 quidem
655 2359 683 2398 a
724 2346 879 2399 vobis
907 2345 962 2399 in
991 2345 1130 2411 illos,
1164 2346 1521 2401 donationnm
1564 2358 1743 2403 autem
1774 2350 1843 2403 ab

216 2432 338 2489 illis
375 2434 436 2489 in
476 2449 578 2488 vos
603 2475 619 2499 ,
657 2436 791 2488 sicut
846 2437 1100 2502 scriptum
1134 2446 1210 2490 est
1252 2451 1271 2491 :
1306 2435 1410 2503 Qui
1448 2439 1709 2505 multum,
1741 2456 1844 2495 non

222 2527 581 2588 abundauit;
620 2534 668 2579 et
698 2525 788 2595 qui
825 2527 1114 2590 modicum,
1146 2544 1251 2581 non
1282 2527 1453 2595 defuit
1478 2530 1559 2582 illi
1591 2530 1659 2583 “.
1696 2529 1845 2585 Scri-

222 2625 390 2687 ptum
428 2626 544 2680 est,
572 2619 695 2687 quia
734 2617 988 2686 populus,
1024 2618 1152 2671 dum
1194 2620 1478 2673 transisset
1508 2635 1680 2684 mare,
1704 2631 1849 2677 esset

225 2705 289 2761 in
328 2708 607 2771 deserto,
655 2716 712 2761 et
762 2722 937 2776 neque
992 2708 1289 2761 seminaret
1347 2724 1526 2778 neque
1578 2720 1843 2776 meteret;

228 2797 393 2853 Deus
445 2800 683 2855 reddens
728 2801 897 2854 vicem
951 2799 1092 2868 patri
1140 2815 1328 2855 eorum
1361 2801 1641 2857 Abraham
1675 2843 1691 2869 ,
1747 2819 1847 2874 pro

232 2904 438 2945 mensa
474 2892 682 2946 scilicet
714 2891 803 2946 illa
844 2907 964 2961 qua:
993 2902 1278 2964 susceptos
1304 2893 1529 2965 angelos
1555 2896 1719 2964 pavit,
1748 2911 1849 2967 pro

233 2996 389 3053 pane
436 2983 585 3052 quod
612 2984 818 3055 angelis
841 2984 1112 3054 apposuit,
1144 2998 1340 3054 panem
1373 2987 1688 3054 angelorum
1708 3004 1847 3059 prte-

239 3075 370 3129 buit
403 3075 533 3131 aliis
556 3077 793 3131 Abrahae
819 3118 835 3144 ,
872 3092 971 3147 pro
999 3091 1065 3131 eo
1094 3081 1237 3149 quod
1272 3081 1385 3149 ipse
1416 3080 1624 3151 angelis
1655 3097 1849 3151 panem

239 3169 540 3225 hominum
587 3170 642 3224 in
700 3174 1047 3241 susceptione
1109 3184 1464 3243 apposuerat.
1526 3174 1632 3229 Isto
1686 3177 1853 3247 igitur

241 3260 439 3317 fructu
488 3276 699 3321 manna:
748 3263 1059 3319 advenienti
1107 3264 1175 3318 de
1212 3264 1353 3319 cmlo
1400 3266 1586 3320 exibat
1621 3266 1850 3338 populus

1946 2050 2167 2104 mendat
2198 2064 2297 2105 eos
2320 2048 2413 2117 qui
2447 2049 2599 2104 missi
2624 2057 2772 2111 sunt,
2810 2056 2869 2101 ut
2903 2061 3009 2101 non
3035 2046 3413 2101 destrueretur
3442 2045 3545 2101 do-

1944 2141 2191 2197 nantium
2237 2141 2518 2197 alacritas.
2562 2140 2815 2195 Misimus
2866 2150 3085 2201 autem,
3130 2138 3251 2203 ait,
3281 2154 3401 2191 cum
3434 2138 3545 2193 illis

1945 2238 2163 2308 fratrem
2210 2246 2448 2289 nostrum
2488 2249 2643 2303 quem
2687 2232 3025 2301 probavimus
3080 2231 3135 2283 in
3188 2230 3368 2282 multis
3407 2244 3547 2295 saepe

1945 2326 2237 2380 sollicitum
2262 2342 2409 2389 esse,
2444 2340 2587 2377 nunc
2622 2334 2798 2376 autem
2826 2319 3195 2374 sollicitiorem
3225 2317 3547 2386 conﬁdentia

1947 2421 2113 2474 multa
2142 2420 2197 2473 in
2230 2436 2341 2483 vos,
2367 2418 2474 2473 sise
2497 2432 2591 2486 pro
2625 2414 2747 2469 Tito
2778 2415 2870 2478 qui
2893 2421 2972 2468 est
3008 2412 3187 2467 socius
3217 2427 3364 2465 meus
3412 2419 3461 2463 et
3493 2409 3548 2462 iu

1948 2516 2089 2570 vobis
2121 2514 2337 2585 adjutor
2380 2514 2445 2567 ad
2487 2525 2727 2580 pmsens
2756 2511 3120 2565 ministerium
3148 2549 3163 2573 ,
3190 2509 3297 2564 sive
3352 2508 3549 2575 fratres

1949 2605 2117 2659 nostri
2148 2603 2371 2671 apostoli
2403 2601 2767 2655 Ecclesiarum
2794 2599 2981 2670 gloriae
3017 2596 3241 2655 Christi.
3271 2597 3413 2666 Ergo
3438 2613 3547 2651 non

1950 2715 2049 2755 vos
2075 2700 2254 2771 pigeat
2288 2699 2354 2753 ad
2380 2697 2828 2759 ostentationem,
2856 2709 2978 2764 qua:
2997 2695 3069 2747 sit
3094 2692 3339 2748 cbaritas
3368 2700 3549 2746 vestra

1949 2800 2004 2847 et
2034 2800 2216 2845 nostra
2248 2789 2420 2859 gloria
2450 2805 2547 2858 pro
2594 2789 2771 2844 vobis.
2806 2786 3219 2841 Praevenientes
3252 2784 3424 2852 enim,
3466 2782 3552 2840 in—

1951 2884 2094 2953 quit,
2130 2882 2347 2953 gloriati
2397 2896 2589 2937 sumus
2624 2883 2676 2935 in
2711 2881 2833 2937 illos
2859 2881 3216 2936 ostendentes
3267 2879 3319 2932 in
3355 2876 3552 2931 faciem

1952 2975 2325 3048 Ecclesiarum
2370 2998 2380 3031 :
2407 2984 2463 3029 et
2493 2974 2742 3029 homines
2765 2973 2984 3044 quidem
3012 2971 3442 3027 commendavit.
3479 2968 3557 3024 De

1958 3068 2077 3136 ipso
2132 3075 2315 3121 autem
2371 3066 2589 3133 negotio
2618 3064 2917 3118 exhortans
2959 3076 3055 3116 eos
3082 3062 3258 3117 dicit:
3296 3060 3439 3116 Nam
3491 3060 3560 3115 de

1954 3157 2250 3210 ministerio
2280 3156 2421 3225 quod
2452 3156 2511 3223 fit
2544 3155 2601 3208 in
2644 3163 2859 3208 sanctos
2896 3154 3047 3221 ipsos
3082 3152 3175 3221 qui
3228 3159 3386 3205 erant
3414 3149 3557 3219 apud

1955 3247 2391 3317 Hierosolymam
2416 3287 2433 3313 ,
2464 3261 2530 3299 ea:
2559 3244 2858 3298 abundanti
2905 3254 2981 3296 est
3029 3243 3159 3296 mihi
3206 3243 3436 3297 scribere
3466 3257 3563 3295 vo-

243 3353 520 3424 colligens
541 3365 734 3424 parata
779 3370 877 3424 pro
910 3369 1072 3409 cursu
1097 3355 1333 3409 Abrahae
1362 3367 1417 3410 et
1435 3318 1651 3412 sudore:
1688 3318 1851 3413 1301ιί-

1961 3343 2037 3394 bis
2067 3338 2134 3394 ⁷⁸.
2157 3338 2270 3395 Cur
2297 3354 2362 3392 ex
2399 3336 2746 3392 abundanti?
2780 3335 2907 3391 Scio
2944 3338 3083 3390 enim
3118 3346 3417 3402 promptum
3435 3337 3559 3388 ani-

245 3457 450 3516 gcntes
480 3457 660 3501 autem
705 3456 763 3500 nt
789 3446 960 3502 Judaei
992 3461 1097 3501 non
1135 3445 1478 3502 sufﬁciebant
1510 3449 1563 3503 in
1597 3465 1851 3505 mensura

247 3549 380 3604 qua
434 3534 653 3591 fuerant
686 3549 958 3607 pra-cepta
986 3539 1247 3609 colligere
1275 3580 1289 3603 ,
1332 3541 1428 3593 sed
1482 3540 1704 3609 quidam
1732 3556 1851 3594 am-

252 3628 431 3698 plius,
457 3627 548 3681 alii
591 3630 772 3683 minus
797 3630 1128 3696 colligebant
1155 3645 1393 3699 manna;
1440 3632 1725 3687 venientes
1751 3648 1851 3686 au-

252 3728 368 3772 tem
393 3729 452 3773 ut
478 3732 881 3788 meusnrarent,
915 3725 981 3777 ad
1015 3723 1389 3792 aequalitatem
1436 3726 1855 3779 adducebantur

251 3809 440 3866 inviti.
474 3810 576 3879 Qui
611 3812 757 3866 enim
788 3817 942 3883 plura
976 3815 1271 3887 collegerat
1316 3817 1369 3871 in
1413 3833 1686 3880 mensura,
1732 3833 1854 3870 am-

254 3902 404 3972 plius
428 3918 533 3958 non
565 3905 800 3961 habebat
828 3923 843 3971 ;
873 3911 964 3977 qui
1011 3919 1193 3962 autem
1242 3910 1444 3974 minus,
1479 3909 1614 3963 nihil
1644 3909 1855 3963 minue.

244 3994 425 4051 batur
454 4012 575 4050 cum
614 4008 1018 4054 mensurarent.
1066 4000 1187 4054 «ista
1241 4000 1407 4071 igitur
1442 4000 1857 4070 comparatione

255 4096 565 4158 opportune
594 4103 724 4143 usus
754 4100 839 4144 est
868 4090 1163 4161 Apostolus
1192 4091 1407 4157 dicens,
1436 4092 1572 4146 sicut
1601 4092 1859 4160 scriptum

257 4189 339 4237 est
370 4195 389 4234 :
425 4178 531 4245 Qui
570 4180 818 4245 multum,
856 4200 959 4237 non
1008 4185 1336 4249 abundavit;
1379 4196 1431 4239 et
1454 4186 1544 4255 qui
1568 4184 1856 4248 modicum,

259 4288 371 4327 non
411 4273 579 4342 defuit
614 4274 716 4328 illi.
748 4275 850 4341 Qui
902 4277 1047 4329 enim
1100 4277 1328 4331 multum
1382 4276 1601 4346 collegit
1637 4291 1857 4341 manna,

260 4379 374 4420 non
411 4365 744 4431 abundavit;
781 4370 1148 4424 mensurando
1178 4371 1323 4424 enim
1378 4369 1446 4424 ad
1495 4367 1858 4438 aequalitatem

262 4458 418 4512 venit
451 4469 545 4513 :et
575 4460 668 4529 qui
719 4462 993 4515 modicum
1050 4461 1313 4532 collegit,
1362 4476 1467 4516 non
1506 4459 1679 4515 deluit
1727 4459 1805 4514 illi
1840 4476 1857 4528 ;

264 4552 393 4607 dum
423 4564 838 4608 mensuraretur
863 4554 1031 4617 enim,
1056 4554 1370 4625 replebatur
1399 4556 1447 4609 ei
1478 4556 1623 4625 quod
1653 4554 1858 4609 deerat.

1955 3448 2099 3485 mum
2127 3443 2374 3486 vestrum.
2408 3429 2580 3497 Quem
2612 3444 2717 3483 non
2753 3426 2930 3483 solum
2959 3428 3093 3492 scio,
3128 3430 3221 3481 sed
3261 3438 3310 3482 et
3357 3430 3422 3481 de
3456 3441 3561 3496 quo

1954 3523 2157 3594 glorior
2174 3524 2238 3575 de
2256 3522 2397 3576 vobis
2421 3528 2563 3589 apud
2593 3518 2940 3583 Macedonas,
2962 3519 3091 3589 quia
3111 3517 3316 3571 Achaia
3342 3533 3562 3587 prwpa-

1958 3626 2079 3669 rata
2103 3626 2178 3669 est
2209 3614 2272 3667 ab
2301 3630 2441 3667 anno
2471 3613 2669 3682 priore.
2706 3612 2775 3666 Et
2808 3625 2914 3664 non
2940 3610 3065 3665 dico
3095 3626 3223 3680 quia
3256 3608 3562 3663 secundum

1957 3708 2359 3763 aemulationem
2412 3704 2771 3759 Macedonum
2827 3704 3040 3759 debetis
3077 3718 3177 3755 vos
3226 3702 3562 3767 adhortari;

1960 3802 2055 3856 sed
2090 3799 2366 3855 wmulatio
2401 3810 2574 3853 uestra
2619 3806 2869 3865 prouocat
2897 3797 3182 3865 plurimos.
3222 3793 3367 3861 Ergo
3394 3793 3567 3849 nolite

1962 3894 2077 3948 tieri
2112 3891 2341 3949 secundi
2371 3891 2465 3947 sed
2501 3889 2663 3959 primi
2696 3930 2712 3955 ,
2764 3889 3031 3943 habentes
3071 3885 3451 3942 secundarios.
3505 3884 3566 3939 Si

1961 3988 2131 4057 igitur
2166 4000 2273 4040 non
2315 3992 2402 4039 est
2430 3997 2658 4038 necesse
2703 3983 2974 4046 scribere,
3009 3980 3141 4049 quid
3177 3978 3352 4033 mittis
3385 3977 3410 4032 ἳ
3441 3977 3569 4032 Misi

1964 4091 2140 4134 autem
2166 4078 2400 4147 fratres,
2430 4092 2494 4129 ne
2523 4076 2578 4129 in
2601 4091 2662 4129 eo
2684 4077 2825 4145 quod
2852 4073 3152 4144 gloriamur
3172 4072 3237 4124 de
3265 4070 3572 4132 nubigena—

1961 4183 2147 4226 cuetur
2171 4173 2226 4224 in
2256 4154 2355 4222 hac
2378 4175 2528 4237 parte
2550 4182 2572 4233 ;
2603 4176 2682 4230 ut,
2706 4164 3156 4237 quemadmodum
3182 4163 3447 4229 dixeram,
3473 4178 3571 4232 pa-

1962 4267 2067 4321 rati
2092 4266 2207 4320 sitis
2227 4264 2295 4316 “.
2326 4262 2583 4316 Dubietas
2631 4260 2776 4315 enim
2810 4276 2825 4313 :
2856 4257 2960 4324 Ne,
2998 4259 3042 4311 si
3066 4258 3303 4311 uenerint
3327 4294 3343 4320 ,
3371 4256 3570 4324 inquit,

1963 4376 2167 4415 mecum
2192 4355 2532 4419 Macedones,
2560 4366 2607 4409 et
2642 4355 2934 4408 inuenerint
2967 4367 3059 4405 vos
3092 4352 3409 4419 imparatos,
3434 4365 3535 4403 con
3554 4379 3570 4391 -

1968 4451 2258 4522 fundamur
2304 4464 2443 4511 nos;
2477 4447 2751 4516 quomodo
2786 4459 2885 4499 nos
2916 4445 3008 4514 qui
3066 4444 3234 4497 fuerit
3279 4441 3569 4511 gloriatus,

1965 4557 2058 4600 aut
2087 4545 2301 4601 dicatur
2329 4544 2403 4597 ita
2432 4552 2486 4596 ut
2515 4557 2619 4595 non
2646 4542 2889 4593 dicamus
2918 4555 3006 4592 vos
3043 4539 3098 4591 in
3131 4537 3431 4591 substantia
3463 4536 3572 4590 ista

264 4643 345 4700 lla
384 4652 441 4699 et
488 4659 633 4699 nunc
661 4645 757 4699 ﬁat
805 4646 1087 4716 aequalitas
1126 4662 1193 4701 ex
1225 4662 1422 4701 manna
1452 4647 1555 4702 isto
1594 4647 1717 4701 ﬁdei
1755 4666 1767 4701 :
1805 4654 1862 4702 et
1892 4668 1938 4724 Β
1967 4637 2383 4710 gloriﬁcationis
2440 4634 2587 4689 dico.
2646 4630 3026 4686 Necessarium
3079 4645 3203 4697 ergo
3271 4628 3572 4683 existimari

267 4736 468 4805 quibus
516 4737 795 4791 abundant
844 4752 975 4806 opes
1006 4778 1022 4802 ,
1055 4738 1279 4791 mittant
1310 4737 1395 4792 his
1424 4738 1515 4806 qui
1565 4737 1810 4806 indigent
1844 4753 1858 4790 :

268 4825 466 4896 quibus
490 4839 670 4881 autem
700 4831 946 4885 abundat
977 4832 1176 4899 gratia,
1203 4830 1614 4886 communicent
1651 4829 1736 4884 his
1768 4828 1863 4898 qui

269 4935 376 4975 non
398 4923 596 4977 habent
613 4925 861 4993 gratiam.
888 4922 1105 4978 Gratias
1124 4934 1298 4978 autem
1320 4924 1426 4978 Deo
1451 4924 1543 4993 qui
1568 4918 1713 4977 dedit
1728 4938 1867 4977 eam-

270 5019 387 5068 dem
424 5016 836 5070 sollicitudinem
876 5034 972 5086 pro
1004 5019 1146 5073 robis
1184 5023 1237 5073 in
1267 5022 1425 5073 corde
1464 5017 1573 5071 Titi
1604 5018 1648 5049 ⁶⁸
1687 5036 1700 5070 :
1732 5033 1867 5083 quod

272 5110 415 5161 niam
451 5109 867 5164 exhortationem
893 5112 1104 5181 quidem
1150 5113 1378 5179 suscepit
1403 5128 1422 5177 ;
1450 5112 1539 5165 sed
1570 5126 1687 5163 cum
1715 5102 1864 5163 soltﬂe

273 5200 431 5253 citior
457 5213 588 5255 esset
629 5202 693 5255 de
728 5203 910 5268 vobis,
962 5206 1100 5257 ultro
1149 5206 1417 5274 profectus
1458 5217 1534 5257 est
1588 5204 1655 5255 ad
1687 5219 1773 5255 vos
1798 5201 1864 5254 “.

274 5288 467 5345 Omnia
509 5291 670 5356 ultro,
728 5292 1054 5348 Macedones
1085 5295 1249 5361 ultro,
1283 5294 1439 5349 Titus
1474 5294 1637 5347 ultro.
1686 5290 1869 5346 Ellici-

275 5383 432 5451 mini,
482 5384 681 5453 inquit,
712 5395 768 5441 et
804 5400 901 5441 vos
931 5386 1095 5442 ultro.
1136 5386 1269 5443 Post
1296 5388 1412 5444 ilth
1438 5396 1620 5443 autem
1654 5386 1787 5441 dicit
1812 5394 1867 5440 et

276 5490 435 5542 quem
462 5492 587 5532 cum
633 5478 824 5532 eodem
861 5480 1096 5543 miserit,
1138 5490 1192 5535 et
1224 5479 1453 5537 laudans
1475 5496 1572 5536 eos
1620 5480 1869 5535 testimo-

278 5569 384 5621 niis
416 5574 804 5629 commendans
828 5591 967 5645 quos
1000 5576 1249 5639 miserat,
1276 5576 1424 5632 addit
1459 5590 1475 5629 :
1506 5576 1575 5629 In
1608 5576 1709 5627 hac
1743 5588 1870 5643 gra-

277 5663 355 5715 tia
386 5664 726 5720 ministratur
749 5686 841 5736 per
877 5687 972 5725 nos
1002 5674 1057 5727 in
1100 5672 1330 5745 gloriam
1352 5670 1476 5738 Dei,
1518 5680 1567 5725 et
1601 5668 1870 5724 sollicitu-

354 5879 400 5907 "
426 5875 612 5931 IICor.
634 5893 755 5939 vm.
788 5878 876 5942 l3,
912 5879 995 5933 14.
1074 5878 1118 5909 ⁸³
1162 5877 1292 5933 ibid.
1319 5876 1411 5931 22.

1516 5873 1561 5906 “
1595 5875 1724 5929 ibid.
1758 5874 1845 5928 15.

285 5946 332 5980 ⁵⁵
362 5948 492 6004 ibid.
528 5948 611 6003 1-1.

690 5951 735 5983 το
766 5948 807 6005 ll
860 5952 984 6009 Cur.
1024 5965 1104 6020 is,
1137 5950 1189 6019 l,
1212 5948 1270 6004 2.
1346 5949 1391 5982 “
1420 5947 1549 6006 ibid.
1596 5948 1649 6002 ἆ.

1955 5876 1999 5908 ⁵⁵
2033 5872 2161 5929 ibid.
2204 5872 2290 5927 16.

1730 5949 1770 5979 ⁷¹
1794 5945 1925 6002 ibid.
1963 5946 2017 6002 5.
2096 5943 2142 5977 ⁷⁸
2175 5944 2307 6001 ibid.
2340 5942 2394 5999 G.

1971 4748 2161 4802 rogare
2184 4729 2376 4797 fratres
2400 4738 2455 4781 ut
2484 4738 2702 4797 pergant
2740 4725 2809 4778 ad
2837 4740 2948 4791 vos,
3002 4733 3049 4777 et
3096 4729 3397 4791 praeparent
3446 4729 3574 4773 ante

1971 4825 2289 4898 promissam
2346 4820 2761 4876 benedictionem
2821 4832 2925 4869 non
2975 4816 3128 4885 quasi
3186 4811 3570 4867 avaritiam".

1974 4920 2077 4987 Qui
2114 4918 2259 4975 enim
2298 4918 2415 4980 dat,
2457 4914 2657 4982 accipit
2687 4912 2896 4981 magis;
2931 4919 2984 4965 et
3031 4908 3122 4978 qui
3149 4907 3367 4961 videtur
3401 4904 3575 4959 dona-

1973 5029 2057 5080 re,
2089 5010 2453 5067 benedicitur.
2484 5006 2854 5075 Praeparatam
2887 5012 3073 5056 autem
3098 5015 3241 5061 esse,
3274 4999 3475 5069 inquit,
3497 4998 3574 5052 ita

1972 5116 2033 5162 ut
2058 5103 2493 5161 benediCtionem
2526 5116 2632 5155 non
2663 5099 2821 5170 quasi
2869 5098 3180 5151 avaritiam.
3210 5090 3290 5148 Ne
3325 5092 3448 5161 quis
3475 5106 3577 5161 pu-

1975 5208 2073 5267 tet,
2106 5198 2205 5262 ait,
2235 5196 2519 5251 avaritiam
2547 5207 2669 5249 esse
2692 5192 2834 5262 quod
2857 5191 3124 5260 accipitur
3163 5189 3230 5242 ad
3258 5186 3568 5242 necessita-

1980 5301 2089 5347 tem
2123 5298 2460 5345 sanctorum.
2494 5284 2611 5339 Hoc
2641 5296 2821 5339 autem
2851 5283 2971 5337 dico
3006 5283 3258 5354 quoniam
3282 5281 3372 5351 qui
3419 5292 3577 5349 parce

1979 5384 2226 5447 seminat,
2260 5396 2421 5450 parce
2444 5390 2493 5433 et
2513 5389 2666 5434 metet
2692 5393 2711 5429 :
2749 5378 2841 5443 qui
2874 5376 3097 5430 seminat
3130 5372 3570 5431 benedictionem,

1980 5477 2391 5531 benedictionem
2431 5482 2478 5528 et
2513 5482 2689 5527 metet.
2721 5469 3095 5539 Unusquisque
3131 5468 3269 5521 sicut
3300 5464 3578 5535 proposuit

1982 5570 2140 5624 corde
2171 5568 2336 5638 faciat
2361 5566 2430 5620 ⁷³.
2486 5563 2602 5619 Non
2632 5566 2780 5619 enim
2810 5565 2984 5617 virtus
3032 5576 3170 5630 opus
3195 5570 3309 5625 est,
3338 5557 3434 5612 sed
3465 5555 3581 5609 ani-

1985 5679 2106 5720 mus
2162 5668 2470 5733 promptus.
2528 5656 3000 5725 Quemadmodum
3056 5668 3187 5725 ergo
3233 5652 3396 5708 debet
3455 5649 3582 5718 quis

2401 5872 2445 5903 ⁸⁵
2488 5868 2617 5927 ibid.
2649 5868 2730 5923 17.
2808 5866 2852 5898 ⁵⁷
2879 5863 3013 5920 ibid.
3053 5863 3134 5920 19.
3246 5860 3291 5893 ⁶⁶
3317 5858 3447 5917 ibid.
3484 5858 3579 5913 2|.
