  <div class='ocr_page' id='page_1' title='image "/cluster/home/n/w/nwhite01/storage/ocr_20150623/24/hvd.32044073501801/010.png"; bbox 0 0 4068 6198; ppageno 0'>
   <div class='ocr_carea' id='block_1_1' title="bbox 1492 345 3614 371">
    <p class='ocr_par' dir='ltr' id='par_1_1' title="bbox 1492 349 3610 371">
     <span class='ocr_line' id='line_1_1' title="bbox 1492 349 3610 371; baseline 0 0"><span class='ocrx_word' id='word_1_1' title='bbox 1492 349 3581 371; x_wconf 33' lang='grc' dir='ltr'><strong>ΜἫ--μνηκ</strong></span> <span class='ocrx_word' id='word_1_2' title='bbox 3592 368 3610 371; x_wconf 53' lang='grc' dir='ltr'><strong><em>Α</em></strong></span> 
     </span>
    </p>
   </div>
   <div class='ocr_carea' id='block_1_2' title="bbox 987 344 1964 365">
    <p class='ocr_par' dir='ltr' id='par_1_2' title="bbox 987 344 1964 365">
     <span class='ocr_line' id='line_1_2' title="bbox 987 344 1964 365; baseline 0 0"><span class='ocrx_word' id='word_1_3' title='bbox 987 344 1964 365; x_wconf 36' lang='grc' dir='ltr'>ΜΨ</span> 
     </span>
    </p>
   </div>
   <div class='ocr_carea' id='block_1_3' title="bbox 1376 539 2679 720">
    <p class='ocr_par' dir='ltr' id='par_1_3' title="bbox 1376 539 2679 720">
     <span class='ocr_line' id='line_1_3' title="bbox 1376 539 2679 720; baseline 0.01 -12"><span class='ocrx_word' id='word_1_4' title='bbox 1376 539 2679 720; x_wconf 85' lang='grc' dir='ltr'><strong>ΕΥΣΕΒΙΟΥ</strong></span> 
     </span>
    </p>
   </div>
   <div class='ocr_carea' id='block_1_4' title="bbox 1574 841 2453 932">
    <p class='ocr_par' dir='ltr' id='par_1_4' title="bbox 1574 841 2453 932">
     <span class='ocr_line' id='line_1_4' title="bbox 1574 841 2453 932; baseline 0.008 -7"><span class='ocrx_word' id='word_1_5' title='bbox 1574 841 1803 927; x_wconf 88' lang='grc' dir='ltr'><strong>ΤΟΥ</strong></span> <span class='ocrx_word' id='word_1_6' title='bbox 1855 843 2453 932; x_wconf 87' lang='grc' dir='ltr'><strong>ΠΑΜΦΙΛΟΥ</strong></span> 
     </span>
    </p>
   </div>
   <div class='ocr_carea' id='block_1_5' title="bbox 986 1036 3030 1179">
    <p class='ocr_par' dir='ltr' id='par_1_5' title="bbox 986 1036 3030 1179">
     <span class='ocr_line' id='line_1_5' title="bbox 986 1036 3030 1179; baseline 0.006 -13"><span class='ocrx_word' id='word_1_7' title='bbox 986 1037 1299 1166; x_wconf 88' lang='grc' dir='ltr'><strong>ΕΙΣ</strong></span> <span class='ocrx_word' id='word_1_8' title='bbox 1410 1036 1939 1170; x_wconf 85' lang='grc' dir='ltr'>ΤΟΥΣ</span> <span class='ocrx_word' id='word_1_9' title='bbox 2043 1038 3030 1179; x_wconf 85' lang='grc' dir='ltr'><strong>ΨΑΛΜΟΥΣ</strong></span> 
     </span>
    </p>
   </div>
   <div class='ocr_carea' id='block_1_6' title="bbox 1685 1268 2308 1330">
    <p class='ocr_par' dir='ltr' id='par_1_6' title="bbox 1685 1268 2308 1330">
     <span class='ocr_line' id='line_1_6' title="bbox 1685 1268 2308 1330; baseline 0.018 -12"><span class='ocrx_word' id='word_1_10' title='bbox 1685 1268 1822 1321; x_wconf 88' lang='grc' dir='ltr'><strong>ΔΠΟ</strong></span> <span class='ocrx_word' id='word_1_11' title='bbox 1860 1269 1983 1321; x_wconf 77' lang='grc' dir='ltr'>Ριθσ</span> <span class='ocrx_word' id='word_1_12' title='bbox 2020 1272 2146 1326; x_wconf 88' lang='grc' dir='ltr'><strong>ΕΩΣ</strong></span> <span class='ocrx_word' id='word_1_13' title='bbox 2181 1274 2308 1330; x_wconf 88' lang='lat' dir='ltr'><strong>PN&#39;.</strong></span> 
     </span>
    </p>
   </div>
   <div class='ocr_carea' id='block_1_7' title="bbox 1121 1613 2880 1780">
    <p class='ocr_par' dir='ltr' id='par_1_7' title="bbox 1121 1613 2880 1780">
     <span class='ocr_line' id='line_1_7' title="bbox 1121 1613 2880 1780; baseline 0.009 -15"><span class='ocrx_word' id='word_1_14' title='bbox 1121 1613 1879 1772; x_wconf 87' lang='lat' dir='ltr'><strong>EUSEBII</strong></span> <span class='ocrx_word' id='word_1_15' title='bbox 1963 1620 2880 1780; x_wconf 87' lang='lat' dir='ltr'><strong>PAMPHILI</strong></span> 
     </span>
    </p>
   </div>
   <div class='ocr_carea' id='block_1_8' title="bbox 745 1905 3273 2049">
    <p class='ocr_par' dir='ltr' id='par_1_8' title="bbox 745 1905 3273 2049">
     <span class='ocr_line' id='line_1_8' title="bbox 745 1905 3273 2049; baseline 0.007 -17"><span class='ocrx_word' id='word_1_16' title='bbox 745 1905 2235 2042; x_wconf 82' lang='lat' dir='ltr'><strong>COMMENTARIORUM</strong></span> <span class='ocrx_word' id='word_1_17' title='bbox 2314 1918 2478 2040; x_wconf 87' lang='lat' dir='ltr'><strong>IN</strong></span> <span class='ocrx_word' id='word_1_18' title='bbox 2556 1917 3273 2049; x_wconf 86' lang='lat' dir='ltr'><strong>PSALMOS</strong></span> 
     </span>
    </p>
   </div>
   <div class='ocr_carea' id='block_1_9' title="bbox 1752 2166 2235 2210">
    <p class='ocr_par' dir='ltr' id='par_1_9' title="bbox 1752 2166 2235 2210">
     <span class='ocr_line' id='line_1_9' title="bbox 1752 2166 2235 2210; baseline 0.006 -4"><span class='ocrx_word' id='word_1_19' title='bbox 1752 2166 1791 2206; x_wconf 82' lang='grc' dir='ltr'><strong>Δ</strong></span> <span class='ocrx_word' id='word_1_20' title='bbox 1835 2166 1990 2209; x_wconf 73' lang='lat' dir='ltr'><strong>CXIX</strong></span> <span class='ocrx_word' id='word_1_21' title='bbox 2033 2168 2115 2209; x_wconf 77' lang='lat' dir='ltr'><strong>AD</strong></span> <span class='ocrx_word' id='word_1_22' title='bbox 2160 2166 2235 2210; x_wconf 80' lang='lat' dir='ltr'><strong>CI.</strong></span> 
     </span>
    </p>
   </div>
   <div class='ocr_carea' id='block_1_10' title="bbox 981 2309 3019 2386">
    <p class='ocr_par' dir='ltr' id='par_1_10' title="bbox 981 2309 3019 2386">
     <span class='ocr_line' id='line_1_10' title="bbox 981 2309 3019 2386; baseline 0.008 -17"><span class='ocrx_word' id='word_1_23' title='bbox 981 2309 1377 2383; x_wconf 68' lang='lat' dir='ltr'><strong>RELIQUIIE</strong></span> <span class='ocrx_word' id='word_1_24' title='bbox 1418 2310 1944 2373; x_wconf 82' lang='lat' dir='ltr'><strong>SUPERSTITES</strong></span> <span class='ocrx_word' id='word_1_25' title='bbox 1987 2313 2070 2373; x_wconf 87' lang='grc' dir='ltr'><strong>ΙΝ</strong></span> <span class='ocrx_word' id='word_1_26' title='bbox 2113 2314 2527 2379; x_wconf 83' lang='lat' dir='ltr'><strong>CODICIBUS</strong></span> <span class='ocrx_word' id='word_1_27' title='bbox 2573 2318 3019 2386; x_wconf 80' lang='lat' dir='ltr'><strong>VATICANIS.</strong></span> 
     </span>
    </p>
   </div>
   <div class='ocr_carea' id='block_1_11' title="bbox 542 2471 3439 2563">
    <p class='ocr_par' dir='ltr' id='par_1_11' title="bbox 542 2471 3439 2563">
     <span class='ocr_line' id='line_1_11' title="bbox 542 2471 3439 2563; baseline 0.008 -35"><span class='ocrx_word' id='word_1_28' title='bbox 542 2472 652 2545; x_wconf 75' lang='lat' dir='ltr'><strong>(Ex</strong></span> <span class='ocrx_word' id='word_1_29' title='bbox 682 2471 1000 2529; x_wconf 70' lang='lat' dir='ltr'><strong>Bibliotheca</strong></span> <span class='ocrx_word' id='word_1_30' title='bbox 1027 2490 1158 2529; x_wconf 81' lang='lat' dir='ltr'><strong>noua</strong></span> <span class='ocrx_word' id='word_1_31' title='bbox 1184 2472 1411 2528; x_wconf 78' lang='lat' dir='ltr'><strong><em>Patrum</em></strong></span> <span class='ocrx_word' id='word_1_32' title='bbox 1446 2472 1741 2530; x_wconf 86' lang='lat' dir='ltr'><strong>cardinalis</strong></span> <span class='ocrx_word' id='word_1_33' title='bbox 1772 2473 1978 2546; x_wconf 82' lang='lat' dir='ltr'><strong>Angelo</strong></span> <span class='ocrx_word' id='word_1_34' title='bbox 2022 2475 2150 2544; x_wconf 77' lang='lat' dir='ltr'><strong>MAI,</strong></span> <span class='ocrx_word' id='word_1_35' title='bbox 2181 2486 2221 2533; x_wconf 87' lang='lat' dir='ltr'><strong>t.</strong></span> <span class='ocrx_word' id='word_1_36' title='bbox 2265 2477 2355 2543; x_wconf 81' lang='lat' dir='ltr'><strong>IV,</strong></span> <span class='ocrx_word' id='word_1_37' title='bbox 2398 2495 2450 2549; x_wconf 92' lang='lat' dir='ltr'><strong>p.</strong></span> <span class='ocrx_word' id='word_1_38' title='bbox 2486 2480 2574 2535; x_wconf 85' lang='lat'><strong>67.</strong></span> <span class='ocrx_word' id='word_1_39' title='bbox 2604 2480 2733 2553; x_wconf 89' lang='lat' dir='ltr'><strong>Ejus</strong></span> <span class='ocrx_word' id='word_1_40' title='bbox 2762 2485 3134 2554; x_wconf 72' lang='lat' dir='ltr'><strong>praefationem</strong></span> <span class='ocrx_word' id='word_1_41' title='bbox 3170 2494 3439 2563; x_wconf 76' lang='lat' dir='ltr'><strong>superiori</strong></span> 
     </span>
    </p>
   </div>
   <div class='ocr_carea' id='block_1_12' title="bbox 1701 2572 2283 2643">
    <p class='ocr_par' dir='ltr' id='par_1_12' title="bbox 1701 2572 2283 2643">
     <span class='ocr_line' id='line_1_12' title="bbox 1701 2572 2283 2643; baseline 0.01 -21"><span class='ocrx_word' id='word_1_42' title='bbox 1701 2578 1846 2624; x_wconf 81' lang='lat' dir='ltr'><strong>tonio</strong></span> <span class='ocrx_word' id='word_1_43' title='bbox 1876 2572 2283 2643; x_wconf 66' lang='lat' dir='ltr'><strong>praemisimus.)</strong></span> 
     </span>
    </p>
   </div>
   <div class='ocr_carea' id='block_1_13' title="bbox 912 2862 2518 2929">
    <p class='ocr_par' dir='ltr' id='par_1_13' title="bbox 912 2862 2017 2926">
     <span class='ocr_line' id='line_1_13' title="bbox 912 2862 2017 2926; baseline 0.01 -11"><span class='ocrx_word' id='word_1_44' title='bbox 912 2862 1203 2918; x_wconf 79' lang='grc' dir='ltr'><strong>ΨΑΛΜΟΣ</strong></span> <span class='ocrx_word' id='word_1_45' title='bbox 1242 2864 1390 2919; x_wconf 85' lang='grc' dir='ltr'><strong>ΡΙΘ¹.</strong></span> <span class='ocrx_word' id='word_1_46' title='bbox 1624 2893 1630 2899; x_wconf 80' lang='lat'><strong>~</strong></span> <span class='ocrx_word' id='word_1_47' title='bbox 1971 2872 2017 2926; x_wconf 84' lang='lat' dir='ltr'><strong>A</strong></span> 
     </span>
    </p>
   </div>
   <div class='ocr_carea' id='block_1_14' title="bbox 1496 2862 3102 2929">
    <p class='ocr_par' dir='ltr' id='par_1_14' title="bbox 1624 2868 3102 2929">
     <span class='ocr_line' id='line_1_14' title="bbox 1624 2868 3102 2929; baseline 0.002 -3"><span class='ocrx_word' id='word_1_48' title='bbox 1624 2893 1630 2899; x_wconf 58' lang='lat'><strong>~</strong></span> <span class='ocrx_word' id='word_1_49' title='bbox 1971 2872 2017 2926; x_wconf 85' lang='lat' dir='ltr'><strong>A</strong></span> <span class='ocrx_word' id='word_1_50' title='bbox 2559 2868 2880 2927; x_wconf 77' lang='lat' dir='ltr'><strong>PSALMUS</strong></span> <span class='ocrx_word' id='word_1_51' title='bbox 2918 2868 3102 2929; x_wconf 83' lang='lat' dir='ltr'><strong>CXIX.</strong></span> 
     </span>
    </p>
   </div>
   <div class='ocr_carea' id='block_1_15' title="bbox 810 2954 2416 3036">
    <p class='ocr_par' dir='ltr' id='par_1_15' title="bbox 810 2954 2416 3024">
     <span class='ocr_line' id='line_1_15' title="bbox 810 2954 2416 3024; baseline -0.001 -17"><span class='ocrx_word' id='word_1_52' title='bbox 810 2954 946 3024; x_wconf 79' lang='grc' dir='ltr'><strong>ᾨδὴ</strong></span> <span class='ocrx_word' id='word_1_53' title='bbox 978 2954 1095 3007; x_wconf 79' lang='grc' dir='ltr'>τῶν</span> <span class='ocrx_word' id='word_1_54' title='bbox 1126 2955 1500 3024; x_wconf 74' lang='grc' dir='ltr'>ἀναϐαθμῶν.</span> <span class='ocrx_word' id='word_1_55' title='bbox 2398 2962 2416 3005; x_wconf 73' lang='lat' dir='ltr'><strong>t</strong></span> 
     </span>
    </p>
   </div>
   <div class='ocr_carea' id='block_1_16' title="bbox 1654 2954 3260 3036">
    <p class='ocr_par' dir='ltr' id='par_1_16' title="bbox 2398 2962 3260 3036">
     <span class='ocr_line' id='line_1_16' title="bbox 2398 2962 3260 3036; baseline 0.003 -19"><span class='ocrx_word' id='word_1_56' title='bbox 2398 2962 2559 3018; x_wconf 70' lang='lat' dir='ltr'><strong>Vens.</strong></span> <span class='ocrx_word' id='word_1_57' title='bbox 2592 2964 2643 3017; x_wconf 82' lang='grc'>1.</span> <span class='ocrx_word' id='word_1_58' title='bbox 2673 2964 2950 3018; x_wconf 76' lang='lat' dir='ltr'><strong>Canticum</strong></span> <span class='ocrx_word' id='word_1_59' title='bbox 2981 2966 3260 3036; x_wconf 87' lang='lat' dir='ltr'><strong>graduum.</strong></span> 
     </span>
    </p>
   </div>
   <div class='ocr_carea' id='block_1_17' title="bbox 440 3046 2046 3123">
    <p class='ocr_par' dir='ltr' id='par_1_17' title="bbox 440 3046 1936 3112">
     <span class='ocr_line' id='line_1_17' title="bbox 440 3046 1936 3112; baseline 0.003 -14"><span class='ocrx_word' id='word_1_60' title='bbox 440 3046 501 3098; x_wconf 81' lang='lat' dir='ltr'><strong>Ol</strong></span> <span class='ocrx_word' id='word_1_61' title='bbox 532 3046 930 3110; x_wconf 70' lang='grc' dir='ltr'><strong>καταπεσόντες</strong></span> <span class='ocrx_word' id='word_1_62' title='bbox 960 3048 1065 3101; x_wconf 80' lang='grc' dir='ltr'>ἀπὸ</span> <span class='ocrx_word' id='word_1_63' title='bbox 1112 3048 1220 3101; x_wconf 90' lang='grc' dir='ltr'><strong>τῶν</strong></span> <span class='ocrx_word' id='word_1_64' title='bbox 1263 3047 1356 3101; x_wconf 80' lang='grc' dir='ltr'><strong>τοῦ</strong></span> <span class='ocrx_word' id='word_1_65' title='bbox 1401 3047 1536 3101; x_wconf 80' lang='grc' dir='ltr'>Θεοῦ</span> <span class='ocrx_word' id='word_1_66' title='bbox 1570 3047 1772 3112; x_wconf 87' lang='grc' dir='ltr'>καλῶν,</span> <span class='ocrx_word' id='word_1_67' title='bbox 1803 3049 1936 3103; x_wconf 88' lang='grc' dir='ltr'>ἀνα-</span> 
     </span>
    </p>
   </div>
   <div class='ocr_carea' id='block_1_18' title="bbox 2004 3046 3610 3123">
    <p class='ocr_par' dir='ltr' id='par_1_18' title="bbox 2113 3053 3610 3123">
     <span class='ocr_line' id='line_1_18' title="bbox 2113 3053 3610 3123; baseline 0.007 -15"><span class='ocrx_word' id='word_1_68' title='bbox 2113 3053 2216 3121; x_wconf 87' lang='lat' dir='ltr'><strong>Qui</strong></span> <span class='ocrx_word' id='word_1_69' title='bbox 2251 3069 2279 3107; x_wconf 87' lang='lat' dir='ltr'><strong>a</strong></span> <span class='ocrx_word' id='word_1_70' title='bbox 2313 3053 2403 3109; x_wconf 89' lang='lat' dir='ltr'><strong>Dei</strong></span> <span class='ocrx_word' id='word_1_71' title='bbox 2437 3057 2593 3110; x_wconf 87' lang='lat' dir='ltr'><strong>bonis</strong></span> <span class='ocrx_word' id='word_1_72' title='bbox 2618 3057 2960 3123; x_wconf 80' lang='lat' dir='ltr'><strong>exciderunt,</strong></span> <span class='ocrx_word' id='word_1_73' title='bbox 2986 3061 3052 3112; x_wconf 87' lang='lat' dir='ltr'><strong>ad</strong></span> <span class='ocrx_word' id='word_1_74' title='bbox 3082 3060 3195 3115; x_wconf 73' lang='lat' dir='ltr'><strong>lucc</strong></span> <span class='ocrx_word' id='word_1_75' title='bbox 3228 3061 3403 3118; x_wconf 89' lang='lat' dir='ltr'><strong>denuo</strong></span> <span class='ocrx_word' id='word_1_76' title='bbox 3428 3076 3610 3120; x_wconf 84' lang='lat' dir='ltr'><strong>assur-</strong></span> 
     </span>
    </p>
   </div>
   <div class='ocr_carea' id='block_1_19' title="bbox 372 3136 1978 3219">
    <p class='ocr_par' dir='ltr' id='par_1_19' title="bbox 372 3136 1937 3211">
     <span class='ocr_line' id='line_1_19' title="bbox 372 3136 1937 3211; baseline 0.004 -23"><span class='ocrx_word' id='word_1_77' title='bbox 372 3136 645 3190; x_wconf 81' lang='grc' dir='ltr'>6αίνουσιν</span> <span class='ocrx_word' id='word_1_78' title='bbox 675 3139 763 3190; x_wconf 80' lang='grc' dir='ltr'>ἐπὶ</span> <span class='ocrx_word' id='word_1_79' title='bbox 788 3137 972 3203; x_wconf 73' lang='grc' dir='ltr'>ταῦτα,</span> <span class='ocrx_word' id='word_1_80' title='bbox 1008 3140 1525 3210; x_wconf 77' lang='grc' dir='ltr'>παρασκευάσαντες</span> <span class='ocrx_word' id='word_1_81' title='bbox 1560 3141 1639 3202; x_wconf 86' lang='grc' dir='ltr'><strong>είς</strong></span> <span class='ocrx_word' id='word_1_82' title='bbox 1671 3142 1769 3211; x_wconf 82' lang='grc' dir='ltr'><strong>τὴν</strong></span> <span class='ocrx_word' id='word_1_83' title='bbox 1804 3142 1937 3195; x_wconf 85' lang='grc' dir='ltr'><strong>ἀνά-</strong></span> 
     </span>
    </p>
   </div>
   <div class='ocr_carea' id='block_1_20' title="bbox 1999 3136 3605 3219">
    <p class='ocr_par' dir='ltr' id='par_1_20' title="bbox 2039 3147 3605 3219">
     <span class='ocr_line' id='line_1_20' title="bbox 2039 3147 3605 3219; baseline 0.007 -19"><span class='ocrx_word' id='word_1_84' title='bbox 2039 3157 2192 3217; x_wconf 68' lang='lat' dir='ltr'><strong>sunt,</strong></span> <span class='ocrx_word' id='word_1_85' title='bbox 2250 3147 2295 3202; x_wconf 92' lang='lat' dir='ltr'><strong>si</strong></span> <span class='ocrx_word' id='word_1_86' title='bbox 2347 3149 2413 3202; x_wconf 89' lang='lat' dir='ltr'><strong>ad</strong></span> <span class='ocrx_word' id='word_1_87' title='bbox 2466 3149 2775 3219; x_wconf 86' lang='lat' dir='ltr'><strong>hnjusmodi</strong></span> <span class='ocrx_word' id='word_1_88' title='bbox 2832 3152 3201 3207; x_wconf 85' lang='lat' dir='ltr'><strong>ascensionem</strong></span> <span class='ocrx_word' id='word_1_89' title='bbox 3252 3164 3423 3210; x_wconf 89' lang='lat' dir='ltr'><strong>semet</strong></span> <span class='ocrx_word' id='word_1_90' title='bbox 3456 3171 3605 3212; x_wconf 85' lang='lat' dir='ltr'><strong>com-</strong></span> 
     </span>
    </p>
   </div>
   <div class='ocr_carea' id='block_1_21' title="bbox 371 3229 1977 3317">
    <p class='ocr_par' dir='ltr' id='par_1_21' title="bbox 371 3229 1939 3304">
     <span class='ocr_line' id='line_1_21' title="bbox 371 3229 1939 3304; baseline 0.003 -21"><span class='ocrx_word' id='word_1_91' title='bbox 371 3231 527 3285; x_wconf 71' lang='grc' dir='ltr'>εασιν</span> <span class='ocrx_word' id='word_1_92' title='bbox 554 3231 797 3295; x_wconf 72' lang='grc' dir='ltr'>ἑαυτούς·</span> <span class='ocrx_word' id='word_1_93' title='bbox 824 3231 920 3303; x_wconf 72' lang='grc' dir='ltr'><strong>τὴν</strong></span> <span class='ocrx_word' id='word_1_94' title='bbox 947 3229 1037 3286; x_wconf 74' lang='grc' dir='ltr'><strong>οὖν</strong></span> <span class='ocrx_word' id='word_1_95' title='bbox 1062 3232 1413 3304; x_wconf 82' lang='grc' dir='ltr'>παρασκευὴν</span> <span class='ocrx_word' id='word_1_96' title='bbox 1442 3231 1638 3295; x_wconf 83' lang='grc' dir='ltr'><strong>ἱκανῶς</strong></span> <span class='ocrx_word' id='word_1_97' title='bbox 1667 3231 1939 3297; x_wconf 78' lang='grc' dir='ltr'>ἐπιδείξας</span> 
     </span>
    </p>
   </div>
   <div class='ocr_carea' id='block_1_22' title="bbox 2002 3229 3608 3317">
    <p class='ocr_par' dir='ltr' id='par_1_22' title="bbox 2038 3241 3608 3317">
     <span class='ocr_line' id='line_1_22' title="bbox 2038 3241 3608 3317; baseline 0.009 -26"><span class='ocrx_word' id='word_1_98' title='bbox 2038 3242 2373 3308; x_wconf 87' lang='lat' dir='ltr'><strong>paraverint.</strong></span> <span class='ocrx_word' id='word_1_99' title='bbox 2447 3241 2597 3296; x_wconf 82' lang='lat' dir='ltr'><strong>Hanc</strong></span> <span class='ocrx_word' id='word_1_100' title='bbox 2659 3258 2787 3313; x_wconf 79' lang='lat' dir='ltr'><strong>ergo</strong></span> <span class='ocrx_word' id='word_1_101' title='bbox 2856 3244 3305 3314; x_wconf 73' lang='lat' dir='ltr'><strong>prteparationem</strong></span> <span class='ocrx_word' id='word_1_102' title='bbox 3378 3263 3489 3317; x_wconf 70' lang='lat' dir='ltr'><strong>prae</strong></span> <span class='ocrx_word' id='word_1_103' title='bbox 3548 3264 3608 3305; x_wconf 89' lang='lat' dir='ltr'><strong>se</strong></span> 
     </span>
    </p>
   </div>
   <div class='ocr_carea' id='block_1_23' title="bbox 368 3322 1974 3409">
    <p class='ocr_par' dir='ltr' id='par_1_23' title="bbox 368 3322 1936 3396">
     <span class='ocr_line' id='line_1_23' title="bbox 368 3322 1936 3396; baseline 0.001 -22"><span class='ocrx_word' id='word_1_104' title='bbox 368 3323 394 3374; x_wconf 82' lang='grc' dir='ltr'><strong><em>ὁ</em></strong></span> <span class='ocrx_word' id='word_1_105' title='bbox 438 3324 737 3394; x_wconf 74' lang='grc' dir='ltr'>Ψαλμῳδὸς</span> <span class='ocrx_word' id='word_1_106' title='bbox 783 3325 869 3377; x_wconf 68' lang='grc' dir='ltr'>διὰ</span> <span class='ocrx_word' id='word_1_107' title='bbox 924 3324 1019 3377; x_wconf 80' lang='grc' dir='ltr'><strong>τοῦ</strong></span> <span class='ocrx_word' id='word_1_108' title='bbox 1072 3324 1286 3396; x_wconf 82' lang='grc' dir='ltr'>πρώτου</span> <span class='ocrx_word' id='word_1_109' title='bbox 1336 3322 1551 3393; x_wconf 73' lang='grc' dir='ltr'>ψαλμοῦ</span> <span class='ocrx_word' id='word_1_110' title='bbox 1598 3324 1805 3392; x_wconf 85' lang='grc' dir='ltr'>είσάγει</span> <span class='ocrx_word' id='word_1_111' title='bbox 1838 3324 1936 3394; x_wconf 89' lang='grc' dir='ltr'>τὴν</span> 
     </span>
    </p>
   </div>
   <div class='ocr_carea' id='block_1_24' title="bbox 2002 3322 3608 3409">
    <p class='ocr_par' dir='ltr' id='par_1_24' title="bbox 2040 3332 3608 3409">
     <span class='ocr_line' id='line_1_24' title="bbox 2040 3332 3608 3409; baseline 0.006 -24"><span class='ocrx_word' id='word_1_112' title='bbox 2040 3332 2223 3387; x_wconf 78' lang='lat' dir='ltr'><strong>ferens</strong></span> <span class='ocrx_word' id='word_1_113' title='bbox 2279 3332 2601 3401; x_wconf 85' lang='lat' dir='ltr'><strong>Psalmista,</strong></span> <span class='ocrx_word' id='word_1_114' title='bbox 2672 3337 2850 3406; x_wconf 92' lang='lat' dir='ltr'><strong>primo</strong></span> <span class='ocrx_word' id='word_1_115' title='bbox 2915 3336 3018 3391; x_wconf 78' lang='lat' dir='ltr'><strong>lioc</strong></span> <span class='ocrx_word' id='word_1_116' title='bbox 3079 3340 3341 3405; x_wconf 77' lang='lat' dir='ltr'><strong>graduum</strong></span> <span class='ocrx_word' id='word_1_117' title='bbox 3400 3340 3608 3409; x_wconf 79' lang='lat' dir='ltr'><strong>psalmo</strong></span> 
     </span>
    </p>
   </div>
   <div class='ocr_carea' id='block_1_25' title="bbox 360 3416 1966 3497">
    <p class='ocr_par' dir='ltr' id='par_1_25' title="bbox 360 3416 1274 3487">
     <span class='ocr_line' id='line_1_25' title="bbox 360 3416 1274 3487; baseline -0.002 -17"><span class='ocrx_word' id='word_1_118' title='bbox 360 3417 622 3471; x_wconf 79' lang='grc' dir='ltr'>ἀνάὁασιν</span> <span class='ocrx_word' id='word_1_119' title='bbox 648 3416 745 3487; x_wconf 80' lang='grc' dir='ltr'>τὴν</span> <span class='ocrx_word' id='word_1_120' title='bbox 774 3417 862 3470; x_wconf 74' lang='grc' dir='ltr'><strong>διὰ</strong></span> <span class='ocrx_word' id='word_1_121' title='bbox 893 3417 999 3469; x_wconf 91' lang='grc' dir='ltr'><strong>τῶν</strong></span> <span class='ocrx_word' id='word_1_122' title='bbox 1028 3416 1274 3486; x_wconf 58' lang='grc' dir='ltr'>Ολίψεων.</span> 
     </span>
    </p>
   </div>
   <div class='ocr_carea' id='block_1_26' title="bbox 1999 3416 3605 3497">
    <p class='ocr_par' dir='ltr' id='par_1_26' title="bbox 2037 3423 3605 3497">
     <span class='ocr_line' id='line_1_26' title="bbox 2037 3423 3605 3497; baseline 0.006 -21"><span class='ocrx_word' id='word_1_123' title='bbox 2037 3423 2447 3488; x_wconf 82' lang='lat' dir='ltr'><strong>ascensionem,</strong></span> <span class='ocrx_word' id='word_1_124' title='bbox 2520 3440 2642 3495; x_wconf 62' lang='lat' dir='ltr'><strong>quae</strong></span> <span class='ocrx_word' id='word_1_125' title='bbox 2717 3442 2814 3496; x_wconf 90' lang='lat' dir='ltr'><strong>per</strong></span> <span class='ocrx_word' id='word_1_126' title='bbox 2881 3426 3290 3485; x_wconf 77' lang='lat' dir='ltr'><strong>tribulationem</strong></span> <span class='ocrx_word' id='word_1_127' title='bbox 3334 3428 3437 3497; x_wconf 81' lang='lat' dir='ltr'><strong>ﬁt,</strong></span> <span class='ocrx_word' id='word_1_128' title='bbox 3506 3445 3605 3485; x_wconf 77' lang='lat' dir='ltr'><strong>ex-</strong></span> 
     </span>
    </p>
   </div>
   <div class='ocr_carea' id='block_1_27' title="bbox 2036 3514 2210 3584">
    <p class='ocr_par' dir='ltr' id='par_1_27' title="bbox 2036 3514 2210 3584">
     <span class='ocr_line' id='line_1_27' title="bbox 2036 3514 2210 3584; baseline -0.006 -17"><span class='ocrx_word' id='word_1_129' title='bbox 2036 3514 2210 3584; x_wconf 90' lang='lat' dir='ltr'><strong>ponit.</strong></span> 
     </span>
    </p>
   </div>
   <div class='ocr_carea' id='block_1_28' title="bbox 504 3601 2110 3676">
    <p class='ocr_par' dir='ltr' id='par_1_28' title="bbox 504 3601 1510 3670">
     <span class='ocr_line' id='line_1_28' title="bbox 504 3601 1510 3670; baseline 0 -17"><span class='ocrx_word' id='word_1_130' title='bbox 504 3652 507 3653; x_wconf 65' lang='lat'><strong>,</strong></span> <span class='ocrx_word' id='word_1_131' title='bbox 795 3601 934 3656; x_wconf 76' lang='grc' dir='ltr'><strong>Ἀπὸ</strong></span> <span class='ocrx_word' id='word_1_132' title='bbox 972 3601 1258 3670; x_wconf 78' lang='grc' dir='ltr'><strong>γλώσσης</strong></span> <span class='ocrx_word' id='word_1_133' title='bbox 1283 3601 1510 3667; x_wconf 77' lang='grc' dir='ltr'>δολίας.</span> 
     </span>
    </p>
   </div>
   <div class='ocr_carea' id='block_1_29' title="bbox 1610 3601 3216 3676">
    <p class='ocr_par' dir='ltr' id='par_1_29' title="bbox 2419 3602 3216 3676">
     <span class='ocr_line' id='line_1_29' title="bbox 2419 3602 3216 3676; baseline 0.008 -20"><span class='ocrx_word' id='word_1_134' title='bbox 2419 3602 2583 3657; x_wconf 70' lang='lat' dir='ltr'><strong>Vens.</strong></span> <span class='ocrx_word' id='word_1_135' title='bbox 2618 3603 2674 3657; x_wconf 70' lang='lat'><strong>2.</strong></span> <span class='ocrx_word' id='word_1_136' title='bbox 2724 3606 2768 3657; x_wconf 83' lang='lat' dir='ltr'><strong><em>A</em></strong></span> <span class='ocrx_word' id='word_1_137' title='bbox 2806 3605 2984 3676; x_wconf 83' lang='lat' dir='ltr'><strong>lingua</strong></span> <span class='ocrx_word' id='word_1_138' title='bbox 3012 3609 3216 3662; x_wconf 80' lang='lat' dir='ltr'><strong>dolosa.</strong></span> 
     </span>
    </p>
   </div>
   <div class='ocr_carea' id='block_1_30' title="bbox 430 3691 2036 3770">
    <p class='ocr_par' dir='ltr' id='par_1_30' title="bbox 430 3691 1930 3764">
     <span class='ocr_line' id='line_1_30' title="bbox 430 3691 1930 3764; baseline 0 -18"><span class='ocrx_word' id='word_1_139' title='bbox 430 3693 717 3747; x_wconf 73' lang='grc' dir='ltr'>Τουτέστιν</span> <span class='ocrx_word' id='word_1_140' title='bbox 764 3694 871 3745; x_wconf 83' lang='grc' dir='ltr'><strong>ἀπὸ</strong></span> <span class='ocrx_word' id='word_1_141' title='bbox 924 3693 1104 3764; x_wconf 79' lang='grc' dir='ltr'>πάσης</span> <span class='ocrx_word' id='word_1_142' title='bbox 1153 3692 1494 3763; x_wconf 69' lang='grc' dir='ltr'>ψευδοδοξίας</span> <span class='ocrx_word' id='word_1_143' title='bbox 1551 3691 1645 3745; x_wconf 73' lang='grc' dir='ltr'><strong>καὶ</strong></span> <span class='ocrx_word' id='word_1_144' title='bbox 1688 3692 1930 3763; x_wconf 81' lang='grc' dir='ltr'>ἀπάτης’</span> 
     </span>
    </p>
   </div>
   <div class='ocr_carea' id='block_1_31' title="bbox 1992 3691 3598 3770">
    <p class='ocr_par' dir='ltr' id='par_1_31' title="bbox 2106 3696 3598 3770">
     <span class='ocr_line' id='line_1_31' title="bbox 2106 3696 3598 3770; baseline 0.004 -20"><span class='ocrx_word' id='word_1_145' title='bbox 2106 3697 2161 3750; x_wconf 88' lang='lat' dir='ltr'><strong>ld</strong></span> <span class='ocrx_word' id='word_1_146' title='bbox 2218 3707 2300 3752; x_wconf 90' lang='lat' dir='ltr'><strong>est</strong></span> <span class='ocrx_word' id='word_1_147' title='bbox 2350 3696 2419 3751; x_wconf 87' lang='lat' dir='ltr'><strong>ab</strong></span> <span class='ocrx_word' id='word_1_148' title='bbox 2469 3696 2616 3752; x_wconf 92' lang='lat' dir='ltr'><strong>omni</strong></span> <span class='ocrx_word' id='word_1_149' title='bbox 2666 3696 2842 3751; x_wconf 78' lang='lat' dir='ltr'><strong>fallaci</strong></span> <span class='ocrx_word' id='word_1_150' title='bbox 2888 3699 3154 3753; x_wconf 71' lang='lat' dir='ltr'><strong>sententia</strong></span> <span class='ocrx_word' id='word_1_151' title='bbox 3181 3708 3235 3753; x_wconf 88' lang='lat' dir='ltr'><strong>et</strong></span> <span class='ocrx_word' id='word_1_152' title='bbox 3262 3699 3598 3770; x_wconf 87' lang='lat' dir='ltr'><strong>deceptione.</strong></span> 
     </span>
    </p>
   </div>
   <div class='ocr_carea' id='block_1_32' title="bbox 370 3785 1976 3860">
    <p class='ocr_par' dir='ltr' id='par_1_32' title="bbox 370 3785 1935 3857">
     <span class='ocr_line' id='line_1_32' title="bbox 370 3785 1935 3857; baseline 0 -20"><span class='ocrx_word' id='word_1_153' title='bbox 370 3787 537 3838; x_wconf 79' lang='grc' dir='ltr'>δεῖται</span> <span class='ocrx_word' id='word_1_154' title='bbox 595 3785 700 3857; x_wconf 78' lang='grc' dir='ltr'><strong>γὰρ</strong></span> <span class='ocrx_word' id='word_1_155' title='bbox 750 3787 778 3837; x_wconf 88' lang='grc' dir='ltr'>ὁ</span> <span class='ocrx_word' id='word_1_156' title='bbox 827 3788 883 3838; x_wconf 79' lang='grc' dir='ltr'>ὲν</span> <span class='ocrx_word' id='word_1_157' title='bbox 916 3786 1057 3856; x_wconf 82' lang='grc' dir='ltr'>ἀρχῇ</span> <span class='ocrx_word' id='word_1_158' title='bbox 1118 3787 1401 3857; x_wconf 79' lang='grc' dir='ltr'>προκοπῆς</span> <span class='ocrx_word' id='word_1_159' title='bbox 1449 3785 1731 3854; x_wconf 76' lang='grc' dir='ltr'><strong>τυγχάνων</strong></span> <span class='ocrx_word' id='word_1_160' title='bbox 1786 3785 1935 3847; x_wconf 84' lang='grc' dir='ltr'>ὅπως</span> 
     </span>
    </p>
   </div>
   <div class='ocr_carea' id='block_1_33' title="bbox 1996 3785 3602 3860">
    <p class='ocr_par' dir='ltr' id='par_1_33' title="bbox 2037 3787 3602 3860">
     <span class='ocr_line' id='line_1_33' title="bbox 2037 3787 3602 3860; baseline 0.001 -15"><span class='ocrx_word' id='word_1_161' title='bbox 2037 3787 2261 3859; x_wconf 85' lang='lat' dir='ltr'><strong>Oportet</strong></span> <span class='ocrx_word' id='word_1_162' title='bbox 2315 3790 2456 3843; x_wconf 89' lang='lat' dir='ltr'><strong>enim</strong></span> <span class='ocrx_word' id='word_1_163' title='bbox 2515 3806 2639 3845; x_wconf 89' lang='lat' dir='ltr'><strong>eum</strong></span> <span class='ocrx_word' id='word_1_164' title='bbox 2705 3791 2794 3858; x_wconf 90' lang='lat' dir='ltr'><strong>qui</strong></span> <span class='ocrx_word' id='word_1_165' title='bbox 2860 3790 3073 3845; x_wconf 84' lang='lat' dir='ltr'><strong>initium</strong></span> <span class='ocrx_word' id='word_1_166' title='bbox 3133 3791 3452 3860; x_wconf 79' lang='lat' dir='ltr'><strong>proﬁciendi</strong></span> <span class='ocrx_word' id='word_1_167' title='bbox 3520 3793 3602 3847; x_wconf 81' lang='lat' dir='ltr'><strong>la-</strong></span> 
     </span>
    </p>
   </div>
   <div class='ocr_carea' id='block_1_34' title="bbox 376 3876 1982 3952">
    <p class='ocr_par' dir='ltr' id='par_1_34' title="bbox 376 3876 1703 3949">
     <span class='ocr_line' id='line_1_34' title="bbox 376 3876 1703 3949; baseline -0.002 -20"><span class='ocrx_word' id='word_1_168' title='bbox 376 3877 560 3946; x_wconf 75' lang='grc' dir='ltr'>μηδεὶς</span> <span class='ocrx_word' id='word_1_169' title='bbox 592 3878 742 3931; x_wconf 74' lang='grc' dir='ltr'>αὐτὸν</span> <span class='ocrx_word' id='word_1_170' title='bbox 777 3877 1211 3949; x_wconf 79' lang='grc' dir='ltr'><strong>παραλογίζηται</strong></span> <span class='ocrx_word' id='word_1_171' title='bbox 1244 3878 1301 3930; x_wconf 80' lang='grc' dir='ltr'>ὲν</span> <span class='ocrx_word' id='word_1_172' title='bbox 1338 3876 1703 3946; x_wconf 77' lang='grc' dir='ltr'>πιθανολογίᾳ.</span> 
     </span>
    </p>
   </div>
   <div class='ocr_carea' id='block_1_35' title="bbox 1993 3876 3599 3952">
    <p class='ocr_par' dir='ltr' id='par_1_35' title="bbox 2035 3880 3599 3952">
     <span class='ocr_line' id='line_1_35' title="bbox 2035 3880 3599 3952; baseline 0.001 -16"><span class='ocrx_word' id='word_1_173' title='bbox 2035 3882 2151 3947; x_wconf 91' lang='lat' dir='ltr'><strong>cit,</strong></span> <span class='ocrx_word' id='word_1_174' title='bbox 2204 3896 2235 3936; x_wconf 92' lang='lat' dir='ltr'><strong>a</strong></span> <span class='ocrx_word' id='word_1_175' title='bbox 2281 3882 2500 3937; x_wconf 85' lang='lat' dir='ltr'><strong>nemine</strong></span> <span class='ocrx_word' id='word_1_176' title='bbox 2552 3880 2702 3937; x_wconf 82' lang='lat' dir='ltr'><strong>falsis</strong></span> <span class='ocrx_word' id='word_1_177' title='bbox 2765 3882 3201 3952; x_wconf 86' lang='lat' dir='ltr'><strong>persuasionibus</strong></span> <span class='ocrx_word' id='word_1_178' title='bbox 3252 3884 3304 3937; x_wconf 90' lang='lat' dir='ltr'><strong>in</strong></span> <span class='ocrx_word' id='word_1_179' title='bbox 3357 3897 3599 3940; x_wconf 82' lang='lat' dir='ltr'><strong>errorem</strong></span> 
     </span>
    </p>
   </div>
   <div class='ocr_carea' id='block_1_36' title="bbox 2034 3973 2247 4029">
    <p class='ocr_par' dir='ltr' id='par_1_36' title="bbox 2034 3973 2247 4029">
     <span class='ocr_line' id='line_1_36' title="bbox 2034 3973 2247 4029; baseline 0.014 -3"><span class='ocrx_word' id='word_1_180' title='bbox 2034 3973 2247 4029; x_wconf 73' lang='lat' dir='ltr'><strong>abducL</strong></span> 
     </span>
    </p>
   </div>
   <div class='ocr_carea' id='block_1_37' title="bbox 784 4058 2390 4129">
    <p class='ocr_par' dir='ltr' id='par_1_37' title="bbox 784 4058 2390 4128">
     <span class='ocr_line' id='line_1_37' title="bbox 784 4058 2390 4128; baseline 0.002 -14"><span class='ocrx_word' id='word_1_181' title='bbox 784 4062 845 4114; x_wconf 85' lang='grc' dir='ltr'>Τί</span> <span class='ocrx_word' id='word_1_182' title='bbox 883 4060 1084 4128; x_wconf 83' lang='grc' dir='ltr'><strong>δοθείη</strong></span> <span class='ocrx_word' id='word_1_183' title='bbox 1115 4062 1259 4123; x_wconf 87' lang='grc' dir='ltr'>’σοι;</span> <span class='ocrx_word' id='word_1_184' title='bbox 1288 4078 1341 4113; x_wconf 87' lang='grc' dir='ltr'><strong>κ.</strong></span> <span class='ocrx_word' id='word_1_185' title='bbox 1374 4077 1425 4112; x_wconf 87' lang='grc' dir='ltr'><strong>τ.</strong></span> <span class='ocrx_word' id='word_1_186' title='bbox 1458 4058 1508 4115; x_wconf 89' lang='grc' dir='ltr'><strong>λ.</strong></span> <span class='ocrx_word' id='word_1_187' title='bbox 2353 4064 2390 4117; x_wconf 68' lang='grc' dir='ltr'><strong>γ</strong></span> 
     </span>
    </p>
   </div>
   <div class='ocr_carea' id='block_1_38' title="bbox 1675 4058 3281 4129">
    <p class='ocr_par' dir='ltr' id='par_1_38' title="bbox 2353 4063 3281 4129">
     <span class='ocr_line' id='line_1_38' title="bbox 2353 4063 3281 4129; baseline 0.002 -13"><span class='ocrx_word' id='word_1_188' title='bbox 2353 4064 2515 4117; x_wconf 72' lang='lat' dir='ltr'><strong>Vens.</strong></span> <span class='ocrx_word' id='word_1_189' title='bbox 2550 4064 2601 4117; x_wconf 84' lang='lat'><strong>5.</strong></span> <span class='ocrx_word' id='word_1_190' title='bbox 2648 4063 2787 4129; x_wconf 84' lang='lat' dir='ltr'><strong>Quid</strong></span> <span class='ocrx_word' id='word_1_191' title='bbox 2819 4064 2972 4116; x_wconf 82' lang='lat' dir='ltr'><strong>detur</strong></span> <span class='ocrx_word' id='word_1_192' title='bbox 3007 4064 3146 4117; x_wconf 83' lang='lat' dir='ltr'><strong>tibi?</strong></span> <span class='ocrx_word' id='word_1_193' title='bbox 3173 4072 3281 4119; x_wconf 87' lang='lat' dir='ltr'><strong>etc.</strong></span> 
     </span>
    </p>
   </div>
   <div class='ocr_carea' id='block_1_39' title="bbox 436 4150 2042 4226">
    <p class='ocr_par' dir='ltr' id='par_1_39' title="bbox 436 4150 1999 4226">
     <span class='ocr_line' id='line_1_39' title="bbox 436 4150 1999 4226; baseline -0.001 -19"><span class='ocrx_word' id='word_1_194' title='bbox 436 4155 773 4219; x_wconf 73' lang='grc' dir='ltr'>Ἐπαγούσας</span> <span class='ocrx_word' id='word_1_195' title='bbox 807 4158 835 4209; x_wconf 82' lang='grc' dir='ltr'>ὁ</span> <span class='ocrx_word' id='word_1_196' title='bbox 857 4153 1028 4223; x_wconf 83' lang='grc' dir='ltr'>Λόγος</span> <span class='ocrx_word' id='word_1_197' title='bbox 1057 4154 1149 4207; x_wconf 80' lang='grc' dir='ltr'>τοῦ</span> <span class='ocrx_word' id='word_1_198' title='bbox 1184 4150 1644 4226; x_wconf 71' lang='grc' dir='ltr'>προσευξαμένου,</span> <span class='ocrx_word' id='word_1_199' title='bbox 1673 4152 1816 4207; x_wconf 79' lang='grc' dir='ltr'>κατὰ</span> <span class='ocrx_word' id='word_1_200' title='bbox 1846 4151 1926 4217; x_wconf 79' lang='grc' dir='ltr'><strong>τὸ,</strong></span> <span class='ocrx_word' id='word_1_201' title='bbox 1964 4218 1999 4226; x_wconf 81' lang='lat'><strong><em>_</em></strong></span> 
     </span>
    </p>
   </div>
   <div class='ocr_carea' id='block_1_40' title="bbox 1990 4150 3596 4226">
    <p class='ocr_par' dir='ltr' id='par_1_40' title="bbox 1990 4152 3596 4226">
     <span class='ocr_line' id='line_1_40' title="bbox 1990 4152 3596 4226; baseline 0.002 -20"><span class='ocrx_word' id='word_1_202' title='bbox 1990 4220 1999 4226; x_wconf 73' lang='lat'><strong><em>_</em></strong></span> <span class='ocrx_word' id='word_1_203' title='bbox 2104 4152 2303 4206; x_wconf 79' lang='lat' dir='ltr'><strong>Audito</strong></span> <span class='ocrx_word' id='word_1_204' title='bbox 2323 4162 2516 4206; x_wconf 88' lang='lat' dir='ltr'><strong>orante</strong></span> <span class='ocrx_word' id='word_1_205' title='bbox 2530 4152 2692 4216; x_wconf 84' lang='lat' dir='ltr'><strong>Deus,</strong></span> <span class='ocrx_word' id='word_1_206' title='bbox 2707 4152 2871 4207; x_wconf 89' lang='lat' dir='ltr'><strong>veluti</strong></span> <span class='ocrx_word' id='word_1_207' title='bbox 2893 4152 3044 4215; x_wconf 90' lang='lat' dir='ltr'><strong>illud,</strong></span> <span class='ocrx_word' id='word_1_208' title='bbox 3060 4153 3243 4207; x_wconf 79' lang='lat' dir='ltr'><strong>Adhuc</strong></span> <span class='ocrx_word' id='word_1_209' title='bbox 3264 4165 3313 4207; x_wconf 83' lang='lat' dir='ltr'><strong>te</strong></span> <span class='ocrx_word' id='word_1_210' title='bbox 3338 4154 3596 4225; x_wconf 81' lang='lat' dir='ltr'><strong>loquente,</strong></span> 
     </span>
    </p>
   </div>
   <div class='ocr_carea' id='block_1_41' title="bbox 355 4218 1961 4318">
    <p class='ocr_par' dir='ltr' id='par_1_41' title="bbox 355 4218 1929 4318">
     <span class='ocr_line' id='line_1_41' title="bbox 355 4218 1929 4318; baseline -0.003 -18"><span class='ocrx_word' id='word_1_211' title='bbox 355 4248 485 4301; x_wconf 82' lang='grc' dir='ltr'>Ἔτι</span> <span class='ocrx_word' id='word_1_212' title='bbox 531 4218 870 4312; x_wconf 52' lang='grc' dir='ltr'>λαλοῦντός</span> <span class='ocrx_word' id='word_1_213' title='bbox 919 4218 1056 4309; x_wconf 51' lang='grc' dir='ltr'><strong>(ἑοὶ),</strong></span> <span class='ocrx_word' id='word_1_214' title='bbox 1103 4218 1239 4299; x_wconf 44' lang='grc' dir='ltr'><strong>ἰδοὺ,</strong></span> <span class='ocrx_word' id='word_1_215' title='bbox 1282 4218 1536 4314; x_wconf 52' lang='grc' dir='ltr'>πάρειμι,</span> <span class='ocrx_word' id='word_1_216' title='bbox 1578 4244 1929 4318; x_wconf 85' lang='grc' dir='ltr'>ἀποκρίνεται</span> 
     </span>
    </p>
   </div>
   <div class='ocr_carea' id='block_1_42' title="bbox 1989 4218 3595 4318">
    <p class='ocr_par' dir='ltr' id='par_1_42' title="bbox 1989 4220 3595 4315">
     <span class='ocr_line' id='line_1_42' title="bbox 1989 4220 3595 4315; baseline 0.001 -14"><span class='ocrx_word' id='word_1_217' title='bbox 1989 4220 2003 4272; x_wconf 58' lang='grc'>⁸</span> <span class='ocrx_word' id='word_1_218' title='bbox 2032 4262 2146 4301; x_wconf 81' lang='lat' dir='ltr'><strong>ecce</strong></span> <span class='ocrx_word' id='word_1_219' title='bbox 2198 4245 2384 4300; x_wconf 85' lang='lat' dir='ltr'><strong>adsum</strong></span> <span class='ocrx_word' id='word_1_220' title='bbox 2414 4246 2430 4276; x_wconf 85' lang='grc'>¹</span> <span class='ocrx_word' id='word_1_221' title='bbox 2457 4287 2471 4311; x_wconf 94' lang='grc'>,</span> <span class='ocrx_word' id='word_1_222' title='bbox 2505 4245 2797 4315; x_wconf 89' lang='lat' dir='ltr'><strong>respondet</strong></span> <span class='ocrx_word' id='word_1_223' title='bbox 2820 4246 2892 4306; x_wconf 90' lang='lat' dir='ltr'><strong>ei,</strong></span> <span class='ocrx_word' id='word_1_224' title='bbox 2931 4245 3166 4315; x_wconf 86' lang='lat' dir='ltr'><strong>dicitque</strong></span> <span class='ocrx_word' id='word_1_225' title='bbox 3199 4265 3212 4300; x_wconf 94' lang='lat'><strong>:</strong></span> <span class='ocrx_word' id='word_1_226' title='bbox 3252 4247 3425 4304; x_wconf 85' lang='lat' dir='ltr'><strong>Macte</strong></span> <span class='ocrx_word' id='word_1_227' title='bbox 3473 4249 3595 4302; x_wconf 82' lang='lat' dir='ltr'><strong>ani-</strong></span> 
     </span>
    </p>
   </div>
   <div class='ocr_carea' id='block_1_43' title="bbox 351 4330 1957 4409">
    <p class='ocr_par' dir='ltr' id='par_1_43' title="bbox 351 4330 1931 4409">
     <span class='ocr_line' id='line_1_43' title="bbox 351 4330 1931 4409; baseline -0.004 -16"><span class='ocrx_word' id='word_1_228' title='bbox 351 4339 505 4409; x_wconf 76' lang='grc' dir='ltr'>αὑτῷ</span> <span class='ocrx_word' id='word_1_229' title='bbox 542 4339 635 4392; x_wconf 88' lang='grc' dir='ltr'><strong>καί</strong></span> <span class='ocrx_word' id='word_1_230' title='bbox 664 4356 797 4408; x_wconf 72' lang='grc' dir='ltr'>φησι</span> <span class='ocrx_word' id='word_1_231' title='bbox 816 4356 829 4368; x_wconf 71' lang='grc' dir='ltr'><strong>ο</strong></span> <span class='ocrx_word' id='word_1_232' title='bbox 858 4337 1082 4409; x_wconf 81' lang='grc' dir='ltr'>Θάρσει,</span> <span class='ocrx_word' id='word_1_233' title='bbox 1109 4330 1153 4388; x_wconf 78' lang='grc' dir='ltr'>ὦ</span> <span class='ocrx_word' id='word_1_234' title='bbox 1190 4332 1364 4400; x_wconf 67' lang='grc' dir='ltr'>οὗτος,</span> <span class='ocrx_word' id='word_1_235' title='bbox 1400 4333 1555 4397; x_wconf 77' lang='grc' dir='ltr'>εἰδὼς</span> <span class='ocrx_word' id='word_1_236' title='bbox 1576 4335 1658 4387; x_wconf 83' lang='grc' dir='ltr'><strong>ὅτι</strong></span> <span class='ocrx_word' id='word_1_237' title='bbox 1693 4334 1931 4405; x_wconf 83' lang='grc' dir='ltr'>προστά-</span> 
     </span>
    </p>
   </div>
   <div class='ocr_carea' id='block_1_44' title="bbox 1989 4330 3595 4409">
    <p class='ocr_par' dir='ltr' id='par_1_44' title="bbox 2028 4336 3595 4408">
     <span class='ocr_line' id='line_1_44' title="bbox 2028 4336 3595 4408; baseline 0.001 -16"><span class='ocrx_word' id='word_1_238' title='bbox 2028 4352 2136 4403; x_wconf 90' lang='lat' dir='ltr'><strong>mo,</strong></span> <span class='ocrx_word' id='word_1_239' title='bbox 2170 4352 2204 4393; x_wconf 93' lang='lat' dir='ltr'><strong>o</strong></span> <span class='ocrx_word' id='word_1_240' title='bbox 2243 4337 2437 4402; x_wconf 88' lang='lat' dir='ltr'><strong>homo;</strong></span> <span class='ocrx_word' id='word_1_241' title='bbox 2486 4339 2627 4391; x_wconf 83' lang='lat' dir='ltr'><strong>nosti</strong></span> <span class='ocrx_word' id='word_1_242' title='bbox 2659 4337 2805 4391; x_wconf 89' lang='lat' dir='ltr'><strong>enim</strong></span> <span class='ocrx_word' id='word_1_243' title='bbox 2850 4336 3084 4392; x_wconf 79' lang='lat' dir='ltr'><strong>validum</strong></span> <span class='ocrx_word' id='word_1_244' title='bbox 3135 4348 3185 4394; x_wconf 88' lang='lat' dir='ltr'><strong>te</strong></span> <span class='ocrx_word' id='word_1_245' title='bbox 3233 4348 3595 4408; x_wconf 85' lang='lat' dir='ltr'><strong>protectorem</strong></span> 
     </span>
    </p>
   </div>
   <div class='ocr_carea' id='block_1_45' title="bbox 348 4428 1954 4505">
    <p class='ocr_par' dir='ltr' id='par_1_45' title="bbox 348 4428 1928 4505">
     <span class='ocr_line' id='line_1_45' title="bbox 348 4428 1928 4505; baseline -0.003 -18"><span class='ocrx_word' id='word_1_246' title='bbox 348 4451 449 4505; x_wconf 86' lang='grc' dir='ltr'><strong>την</strong></span> <span class='ocrx_word' id='word_1_247' title='bbox 480 4434 574 4486; x_wconf 75' lang='grc' dir='ltr'><strong>καὶ</strong></span> <span class='ocrx_word' id='word_1_248' title='bbox 602 4434 918 4503; x_wconf 78' lang='grc' dir='ltr'>ὺπέρμαχον</span> <span class='ocrx_word' id='word_1_249' title='bbox 968 4432 1110 4501; x_wconf 78' lang='grc' dir='ltr'>ἔχεις</span> <span class='ocrx_word' id='word_1_250' title='bbox 1149 4430 1400 4493; x_wconf 79' lang='grc' dir='ltr'>δυνατὸν,</span> <span class='ocrx_word' id='word_1_251' title='bbox 1433 4430 1617 4495; x_wconf 80' lang='grc' dir='ltr'>ὅπλοις</span> <span class='ocrx_word' id='word_1_252' title='bbox 1647 4428 1928 4501; x_wconf 86' lang='grc' dir='ltr'>χρώμενον</span> 
     </span>
    </p>
   </div>
   <div class='ocr_carea' id='block_1_46' title="bbox 1986 4428 3592 4505">
    <p class='ocr_par' dir='ltr' id='par_1_46' title="bbox 2025 4428 3592 4497">
     <span class='ocr_line' id='line_1_46' title="bbox 2025 4428 3592 4497; baseline 0 -14"><span class='ocrx_word' id='word_1_253' title='bbox 2025 4428 2469 4497; x_wconf 78' lang='lat' dir='ltr'><strong>defensoremque</strong></span> <span class='ocrx_word' id='word_1_254' title='bbox 2499 4428 2719 4496; x_wconf 87' lang='lat' dir='ltr'><strong>habere,</strong></span> <span class='ocrx_word' id='word_1_255' title='bbox 2753 4430 2919 4483; x_wconf 87' lang='lat' dir='ltr'><strong>armis</strong></span> <span class='ocrx_word' id='word_1_256' title='bbox 2957 4445 3052 4496; x_wconf 87' lang='lat' dir='ltr'><strong>pro</strong></span> <span class='ocrx_word' id='word_1_257' title='bbox 3082 4440 3133 4485; x_wconf 89' lang='lat' dir='ltr'><strong>te</strong></span> <span class='ocrx_word' id='word_1_258' title='bbox 3179 4432 3442 4485; x_wconf 84' lang='lat' dir='ltr'><strong>adversus</strong></span> <span class='ocrx_word' id='word_1_259' title='bbox 3492 4433 3592 4485; x_wconf 82' lang='lat' dir='ltr'><strong>lio-</strong></span> 
     </span>
    </p>
   </div>
   <div class='ocr_carea' id='block_1_47' title="bbox 350 4520 1956 4599">
    <p class='ocr_par' dir='ltr' id='par_1_47' title="bbox 350 4521 1928 4599">
     <span class='ocr_line' id='line_1_47' title="bbox 350 4521 1928 4599; baseline -0.003 -21"><span class='ocrx_word' id='word_1_260' title='bbox 350 4526 489 4599; x_wconf 77' lang='grc' dir='ltr'>ὑπὲρ</span> <span class='ocrx_word' id='word_1_261' title='bbox 519 4525 614 4579; x_wconf 78' lang='grc' dir='ltr'>σοῦ</span> <span class='ocrx_word' id='word_1_262' title='bbox 645 4524 784 4578; x_wconf 81' lang='grc' dir='ltr'>κατὰ</span> <span class='ocrx_word' id='word_1_263' title='bbox 814 4524 922 4577; x_wconf 85' lang='grc' dir='ltr'><strong>τῶν</strong></span> <span class='ocrx_word' id='word_1_264' title='bbox 952 4523 1059 4576; x_wconf 91' lang='grc' dir='ltr'><strong>σῶν</strong></span> <span class='ocrx_word' id='word_1_265' title='bbox 1092 4522 1365 4594; x_wconf 88' lang='grc' dir='ltr'>πολεμίων</span> <span class='ocrx_word' id='word_1_266' title='bbox 1389 4541 1400 4552; x_wconf 85' lang='grc'>·</span> <span class='ocrx_word' id='word_1_267' title='bbox 1434 4522 1559 4594; x_wconf 81' lang='grc' dir='ltr'>βέλη</span> <span class='ocrx_word' id='word_1_268' title='bbox 1587 4540 1646 4575; x_wconf 89' lang='grc' dir='ltr'><strong>τε</strong></span> <span class='ocrx_word' id='word_1_269' title='bbox 1669 4522 1778 4593; x_wconf 82' lang='grc' dir='ltr'>γὰρ</span> <span class='ocrx_word' id='word_1_270' title='bbox 1800 4521 1928 4591; x_wconf 74' lang='grc' dir='ltr'><strong>ἠκό-</strong></span> 
     </span>
    </p>
   </div>
   <div class='ocr_carea' id='block_1_48' title="bbox 1986 4520 3592 4599">
    <p class='ocr_par' dir='ltr' id='par_1_48' title="bbox 2024 4520 3592 4589">
     <span class='ocr_line' id='line_1_48' title="bbox 2024 4520 3592 4589; baseline -0.001 -15"><span class='ocrx_word' id='word_1_271' title='bbox 2024 4528 2135 4574; x_wconf 88' lang='lat' dir='ltr'><strong>stes</strong></span> <span class='ocrx_word' id='word_1_272' title='bbox 2161 4520 2528 4574; x_wconf 81' lang='lat' dir='ltr'><strong>decertantem</strong></span> <span class='ocrx_word' id='word_1_273' title='bbox 2558 4537 2571 4573; x_wconf 90' lang='lat'><strong>:</strong></span> <span class='ocrx_word' id='word_1_274' title='bbox 2614 4534 2737 4573; x_wconf 90' lang='lat' dir='ltr'><strong>nam</strong></span> <span class='ocrx_word' id='word_1_275' title='bbox 2786 4521 3012 4589; x_wconf 81' lang='lat' dir='ltr'><strong>sagittas</strong></span> <span class='ocrx_word' id='word_1_276' title='bbox 3038 4532 3220 4575; x_wconf 90' lang='lat' dir='ltr'><strong>contra</strong></span> <span class='ocrx_word' id='word_1_277' title='bbox 3250 4522 3393 4589; x_wconf 86' lang='lat' dir='ltr'><strong>ipsos</strong></span> <span class='ocrx_word' id='word_1_278' title='bbox 3427 4523 3592 4588; x_wconf 84' lang='lat' dir='ltr'><strong>acuit,</strong></span> 
     </span>
    </p>
   </div>
   <div class='ocr_carea' id='block_1_49' title="bbox 348 4610 1954 4686">
    <p class='ocr_par' dir='ltr' id='par_1_49' title="bbox 348 4614 1927 4686">
     <span class='ocr_line' id='line_1_49' title="bbox 348 4614 1927 4686; baseline -0.003 -15"><span class='ocrx_word' id='word_1_279' title='bbox 348 4636 511 4686; x_wconf 87' lang='grc' dir='ltr'>νησεν</span> <span class='ocrx_word' id='word_1_280' title='bbox 542 4619 660 4671; x_wconf 78' lang='grc' dir='ltr'>κατ’</span> <span class='ocrx_word' id='word_1_281' title='bbox 687 4616 863 4670; x_wconf 76' lang='grc' dir='ltr'>αὐτῶν</span> <span class='ocrx_word' id='word_1_282' title='bbox 885 4657 899 4679; x_wconf 85' lang='grc'>,</span> <span class='ocrx_word' id='word_1_283' title='bbox 947 4616 1040 4668; x_wconf 77' lang='grc' dir='ltr'><strong>καὶ</strong></span> <span class='ocrx_word' id='word_1_284' title='bbox 1084 4614 1358 4686; x_wconf 76' lang='grc' dir='ltr'>ἄνθρακας</span> <span class='ocrx_word' id='word_1_285' title='bbox 1388 4615 1681 4685; x_wconf 74' lang='grc' dir='ltr'>ἡτοίμασεν</span> <span class='ocrx_word' id='word_1_286' title='bbox 1727 4616 1927 4685; x_wconf 77' lang='grc' dir='ltr'>ἐρημο-</span> 
     </span>
    </p>
   </div>
   <div class='ocr_carea' id='block_1_50' title="bbox 1985 4610 3591 4686">
    <p class='ocr_par' dir='ltr' id='par_1_50' title="bbox 2024 4610 3591 4681">
     <span class='ocr_line' id='line_1_50' title="bbox 2024 4610 3591 4681; baseline 0.001 -17"><span class='ocrx_word' id='word_1_287' title='bbox 2024 4610 2382 4665; x_wconf 86' lang='lat' dir='ltr'><strong>desolatorios</strong></span> <span class='ocrx_word' id='word_1_288' title='bbox 2409 4612 2675 4665; x_wconf 86' lang='lat' dir='ltr'><strong>carbones</strong></span> <span class='ocrx_word' id='word_1_289' title='bbox 2704 4612 2960 4668; x_wconf 84' lang='lat' dir='ltr'><strong>adversus</strong></span> <span class='ocrx_word' id='word_1_290' title='bbox 2988 4627 3082 4665; x_wconf 87' lang='lat' dir='ltr'><strong>eos</strong></span> <span class='ocrx_word' id='word_1_291' title='bbox 3118 4613 3325 4681; x_wconf 81' lang='lat' dir='ltr'><strong>paravit</strong></span> <span class='ocrx_word' id='word_1_292' title='bbox 3348 4650 3363 4675; x_wconf 92' lang='lat'><strong>,</strong></span> <span class='ocrx_word' id='word_1_293' title='bbox 3407 4621 3461 4666; x_wconf 87' lang='lat' dir='ltr'><strong>et</strong></span> <span class='ocrx_word' id='word_1_294' title='bbox 3505 4612 3591 4666; x_wconf 86' lang='lat' dir='ltr'><strong>iu-</strong></span> 
     </span>
    </p>
   </div>
   <div class='ocr_carea' id='block_1_51' title="bbox 354 4700 1960 4780">
    <p class='ocr_par' dir='ltr' id='par_1_51' title="bbox 354 4708 1929 4780">
     <span class='ocr_line' id='line_1_51' title="bbox 354 4708 1929 4780; baseline -0.002 -18"><span class='ocrx_word' id='word_1_295' title='bbox 354 4711 540 4773; x_wconf 72' lang='grc' dir='ltr'>ποιοῦς</span> <span class='ocrx_word' id='word_1_296' title='bbox 584 4712 664 4773; x_wconf 85' lang='grc' dir='ltr'><strong>είς</strong></span> <span class='ocrx_word' id='word_1_297' title='bbox 709 4710 929 4773; x_wconf 74' lang='grc' dir='ltr'>αὐτοὺς,</span> <span class='ocrx_word' id='word_1_298' title='bbox 979 4708 1355 4780; x_wconf 81' lang='grc' dir='ltr'>μετελεύσεται</span> <span class='ocrx_word' id='word_1_299' title='bbox 1410 4709 1468 4759; x_wconf 84' lang='grc' dir='ltr'>ὲν</span> <span class='ocrx_word' id='word_1_300' title='bbox 1500 4708 1618 4772; x_wconf 88' lang='grc' dir='ltr'>ταῖς</span> <span class='ocrx_word' id='word_1_301' title='bbox 1664 4709 1784 4761; x_wconf 83' lang='grc' dir='ltr'>κατ’</span> <span class='ocrx_word' id='word_1_302' title='bbox 1835 4708 1929 4761; x_wconf 82' lang='grc' dir='ltr'>αὑ-</span> 
     </span>
    </p>
   </div>
   <div class='ocr_carea' id='block_1_52' title="bbox 1986 4700 3592 4780">
    <p class='ocr_par' dir='ltr' id='par_1_52' title="bbox 2027 4700 3592 4770">
     <span class='ocr_line' id='line_1_52' title="bbox 2027 4700 3592 4770; baseline 0.001 -17"><span class='ocrx_word' id='word_1_303' title='bbox 2027 4708 2265 4754; x_wconf 87' lang='lat' dir='ltr'><strong>structus</strong></span> <span class='ocrx_word' id='word_1_304' title='bbox 2302 4701 2582 4770; x_wconf 84' lang='lat' dir='ltr'><strong>suppliciis</strong></span> <span class='ocrx_word' id='word_1_305' title='bbox 2610 4714 2870 4757; x_wconf 86' lang='lat' dir='ltr'><strong>venturus</strong></span> <span class='ocrx_word' id='word_1_306' title='bbox 2902 4711 3007 4758; x_wconf 89' lang='lat' dir='ltr'><strong>est.</strong></span> <span class='ocrx_word' id='word_1_307' title='bbox 3032 4700 3169 4768; x_wconf 86' lang='lat' dir='ltr'><strong>Quid</strong></span> <span class='ocrx_word' id='word_1_308' title='bbox 3211 4717 3341 4770; x_wconf 80' lang='lat' dir='ltr'><strong>ergo</strong></span> <span class='ocrx_word' id='word_1_309' title='bbox 3375 4701 3592 4770; x_wconf 91' lang='lat' dir='ltr'><strong>insuper</strong></span> 
     </span>
    </p>
   </div>
   <div class='ocr_carea' id='block_1_53' title="bbox 354 4789 1960 4869">
    <p class='ocr_par' dir='ltr' id='par_1_53' title="bbox 354 4794 1925 4869">
     <span class='ocr_line' id='line_1_53' title="bbox 354 4794 1925 4869; baseline -0.002 -18"><span class='ocrx_word' id='word_1_310' title='bbox 354 4798 470 4851; x_wconf 86' lang='grc' dir='ltr'><strong>τῶν</strong></span> <span class='ocrx_word' id='word_1_311' title='bbox 500 4800 812 4869; x_wconf 76' lang='grc' dir='ltr'>τιμωρίαιςο</span> <span class='ocrx_word' id='word_1_312' title='bbox 845 4799 897 4851; x_wconf 86' lang='grc' dir='ltr'><strong>τί</strong></span> <span class='ocrx_word' id='word_1_313' title='bbox 938 4795 1030 4851; x_wconf 79' lang='grc' dir='ltr'><strong>οὖν</strong></span> <span class='ocrx_word' id='word_1_314' title='bbox 1070 4798 1232 4851; x_wconf 83' lang='grc' dir='ltr'>πλέον</span> <span class='ocrx_word' id='word_1_315' title='bbox 1266 4799 1437 4860; x_wconf 81' lang='grc' dir='ltr'>αἰτεῖς</span> <span class='ocrx_word' id='word_1_316' title='bbox 1477 4794 1693 4867; x_wconf 84' lang='grc' dir='ltr'>δοθῆναί</span> <span class='ocrx_word' id='word_1_317' title='bbox 1740 4812 1855 4860; x_wconf 90' lang='grc' dir='ltr'>σοι;</span> <span class='ocrx_word' id='word_1_318' title='bbox 1892 4794 1925 4865; x_wconf 88' lang='grc' dir='ltr'>ἢ</span> 
     </span>
    </p>
   </div>
   <div class='ocr_carea' id='block_1_54' title="bbox 1980 4789 3586 4869">
    <p class='ocr_par' dir='ltr' id='par_1_54' title="bbox 2028 4789 3586 4861">
     <span class='ocr_line' id='line_1_54' title="bbox 2028 4789 3586 4861; baseline 0.003 -19"><span class='ocrx_word' id='word_1_319' title='bbox 2028 4789 2122 4843; x_wconf 89' lang='lat' dir='ltr'><strong>tibi</strong></span> <span class='ocrx_word' id='word_1_320' title='bbox 2165 4790 2283 4844; x_wconf 88' lang='lat' dir='ltr'><strong>dari</strong></span> <span class='ocrx_word' id='word_1_321' title='bbox 2334 4791 2613 4860; x_wconf 84' lang='lat' dir='ltr'><strong>postulas?</strong></span> <span class='ocrx_word' id='word_1_322' title='bbox 2662 4791 2746 4846; x_wconf 82' lang='lat' dir='ltr'><strong>vel</strong></span> <span class='ocrx_word' id='word_1_323' title='bbox 2788 4792 3046 4861; x_wconf 88' lang='lat' dir='ltr'><strong>quidnam</strong></span> <span class='ocrx_word' id='word_1_324' title='bbox 3101 4791 3196 4846; x_wconf 88' lang='lat' dir='ltr'><strong>tibi</strong></span> <span class='ocrx_word' id='word_1_325' title='bbox 3257 4793 3377 4847; x_wconf 92' lang='lat' dir='ltr'><strong>addi</strong></span> <span class='ocrx_word' id='word_1_326' title='bbox 3429 4792 3586 4859; x_wconf 81' lang='lat' dir='ltr'><strong>velis,</strong></span> 
     </span>
    </p>
   </div>
   <div class='ocr_carea' id='block_1_55' title="bbox 354 4879 1960 4961">
    <p class='ocr_par' dir='ltr' id='par_1_55' title="bbox 354 4886 1929 4961">
     <span class='ocr_line' id='line_1_55' title="bbox 354 4886 1929 4961; baseline -0.004 -18"><span class='ocrx_word' id='word_1_327' title='bbox 354 4891 409 4943; x_wconf 86' lang='grc' dir='ltr'><strong>τί</strong></span> <span class='ocrx_word' id='word_1_328' title='bbox 436 4890 595 4961; x_wconf 80' lang='grc' dir='ltr'>θέλῃς</span> <span class='ocrx_word' id='word_1_329' title='bbox 622 4890 966 4960; x_wconf 80' lang='grc' dir='ltr'>προστιθέναι</span> <span class='ocrx_word' id='word_1_330' title='bbox 1002 4908 1082 4943; x_wconf 90' lang='grc' dir='ltr'><strong>σοι</strong></span> <span class='ocrx_word' id='word_1_331' title='bbox 1114 4888 1252 4961; x_wconf 81' lang='grc' dir='ltr'>μετὰ</span> <span class='ocrx_word' id='word_1_332' title='bbox 1279 4890 1378 4958; x_wconf 80' lang='grc' dir='ltr'><strong>τὴν</strong></span> <span class='ocrx_word' id='word_1_333' title='bbox 1407 4886 1673 4958; x_wconf 76' lang='grc' dir='ltr'>τοσαύτην</span> <span class='ocrx_word' id='word_1_334' title='bbox 1707 4886 1800 4939; x_wconf 81' lang='grc' dir='ltr'>τοῦ</span> <span class='ocrx_word' id='word_1_335' title='bbox 1830 4890 1929 4940; x_wconf 80' lang='grc' dir='ltr'><strong>Δυ-</strong></span> 
     </span>
    </p>
   </div>
   <div class='ocr_carea' id='block_1_56' title="bbox 1983 4879 3589 4961">
    <p class='ocr_par' dir='ltr' id='par_1_56' title="bbox 2024 4879 3589 4953">
     <span class='ocr_line' id='line_1_56' title="bbox 2024 4879 3589 4953; baseline 0.006 -22"><span class='ocrx_word' id='word_1_336' title='bbox 2024 4888 2146 4946; x_wconf 88' lang='lat' dir='ltr'><strong>post</strong></span> <span class='ocrx_word' id='word_1_337' title='bbox 2203 4889 2415 4935; x_wconf 88' lang='lat' dir='ltr'><strong>tantum</strong></span> <span class='ocrx_word' id='word_1_338' title='bbox 2466 4883 2706 4951; x_wconf 90' lang='lat' dir='ltr'><strong>potentis</strong></span> <span class='ocrx_word' id='word_1_339' title='bbox 2759 4879 2850 4935; x_wconf 91' lang='lat' dir='ltr'><strong>Dei</strong></span> <span class='ocrx_word' id='word_1_340' title='bbox 2892 4889 3085 4935; x_wconf 85' lang='lat' dir='ltr'><strong>contra</strong></span> <span class='ocrx_word' id='word_1_341' title='bbox 3134 4881 3328 4952; x_wconf 86' lang='lat' dir='ltr'><strong>impios</strong></span> <span class='ocrx_word' id='word_1_342' title='bbox 3357 4898 3589 4953; x_wconf 82' lang='lat' dir='ltr'><strong>appara-</strong></span> 
     </span>
    </p>
   </div>
   <div class='ocr_carea' id='block_1_57' title="bbox 352 4970 2187 5052">
    <p class='ocr_par' dir='ltr' id='par_1_57' title="bbox 352 4970 2187 5052">
     <span class='ocr_line' id='line_1_57' title="bbox 352 4970 2187 5052; baseline -0.007 -17"><span class='ocrx_word' id='word_1_343' title='bbox 352 4981 517 5037; x_wconf 81' lang='grc' dir='ltr'><strong>νατοῦ</strong></span> <span class='ocrx_word' id='word_1_344' title='bbox 552 4981 693 5035; x_wconf 82' lang='grc' dir='ltr'><strong>κατά</strong></span> <span class='ocrx_word' id='word_1_345' title='bbox 718 4982 822 5035; x_wconf 84' lang='grc' dir='ltr'><strong>τῶν</strong></span> <span class='ocrx_word' id='word_1_346' title='bbox 848 4983 1058 5036; x_wconf 77' lang='grc' dir='ltr'>ἀσεϐῶν</span> <span class='ocrx_word' id='word_1_347' title='bbox 1088 4980 1479 5052; x_wconf 83' lang='grc' dir='ltr'>παρασκευήν;</span> <span class='ocrx_word' id='word_1_348' title='bbox 2027 4979 2139 5023; x_wconf 80' lang='lat' dir='ltr'><strong>tum</strong></span> <span class='ocrx_word' id='word_1_349' title='bbox 2165 4970 2187 5023; x_wconf 82' lang='lat'><strong>?</strong></span> 
     </span>
    </p>
   </div>
   <div class='ocr_carea' id='block_1_58' title="bbox 587 5062 2193 5142">
    <p class='ocr_par' dir='ltr' id='par_1_58' title="bbox 587 5068 1681 5142">
     <span class='ocr_line' id='line_1_58' title="bbox 587 5068 1681 5142; baseline -0.005 -15"><span class='ocrx_word' id='word_1_350' title='bbox 587 5072 750 5127; x_wconf 77' lang='grc' dir='ltr'>Μετὰ</span> <span class='ocrx_word' id='word_1_351' title='bbox 770 5071 886 5127; x_wconf 78' lang='grc' dir='ltr'>τῶν</span> <span class='ocrx_word' id='word_1_352' title='bbox 922 5072 1328 5142; x_wconf 82' lang='grc' dir='ltr'><strong>σκηνωμάτων</strong></span> <span class='ocrx_word' id='word_1_353' title='bbox 1354 5068 1553 5139; x_wconf 83' lang='grc' dir='ltr'>Κηδάρ</span> <span class='ocrx_word' id='word_1_354' title='bbox 1583 5070 1681 5140; x_wconf 82' lang='grc'><strong>(1).</strong></span> 
     </span>
    </p>
   </div>
   <div class='ocr_carea' id='block_1_59' title="bbox 1698 5062 3304 5142">
    <p class='ocr_par' dir='ltr' id='par_1_59' title="bbox 2312 5062 3304 5121">
     <span class='ocr_line' id='line_1_59' title="bbox 2312 5062 3304 5121; baseline 0.003 -4"><span class='ocrx_word' id='word_1_355' title='bbox 2312 5062 2474 5117; x_wconf 66' lang='lat' dir='ltr'><strong>Vnus.</strong></span> <span class='ocrx_word' id='word_1_356' title='bbox 2503 5062 2555 5116; x_wconf 80' lang='lat'><strong>5.</strong></span> <span class='ocrx_word' id='word_1_357' title='bbox 2583 5062 2713 5115; x_wconf 85' lang='lat' dir='ltr'><strong>Cum</strong></span> <span class='ocrx_word' id='word_1_358' title='bbox 2740 5062 3091 5117; x_wconf 77' lang='lat' dir='ltr'><strong>tabernaculis</strong></span> <span class='ocrx_word' id='word_1_359' title='bbox 3116 5062 3304 5121; x_wconf 82' lang='lat' dir='ltr'><strong>Cedar.</strong></span> 
     </span>
    </p>
   </div>
   <div class='ocr_carea' id='block_1_60' title="bbox 413 5151 2019 5237">
    <p class='ocr_par' dir='ltr' id='par_1_60' title="bbox 413 5159 1917 5237">
     <span class='ocr_line' id='line_1_60' title="bbox 413 5159 1917 5237; baseline -0.005 -18"><span class='ocrx_word' id='word_1_360' title='bbox 413 5165 605 5237; x_wconf 71' lang='grc' dir='ltr'>Κηδὰρ</span> <span class='ocrx_word' id='word_1_361' title='bbox 636 5165 807 5233; x_wconf 76' lang='grc' dir='ltr'>πάγος</span> <span class='ocrx_word' id='word_1_362' title='bbox 837 5166 1031 5233; x_wconf 80' lang='grc' dir='ltr'>γενεᾶς</span> <span class='ocrx_word' id='word_1_363' title='bbox 1044 5164 1265 5218; x_wconf 83' lang='grc' dir='ltr'>δύναται</span> <span class='ocrx_word' id='word_1_364' title='bbox 1282 5163 1377 5217; x_wconf 73' lang='grc' dir='ltr'><strong>καὶ</strong></span> <span class='ocrx_word' id='word_1_365' title='bbox 1403 5159 1710 5231; x_wconf 80' lang='grc' dir='ltr'>σκοτασμός</span> <span class='ocrx_word' id='word_1_366' title='bbox 1727 5176 1742 5190; x_wconf 70' lang='grc'><strong>⁸</strong></span> <span class='ocrx_word' id='word_1_367' title='bbox 1765 5160 1917 5213; x_wconf 85' lang='grc' dir='ltr'>Κατ-</span> 
     </span>
    </p>
   </div>
   <div class='ocr_carea' id='block_1_61' title="bbox 1978 5151 3584 5237">
    <p class='ocr_par' dir='ltr' id='par_1_61' title="bbox 2096 5151 3584 5227">
     <span class='ocr_line' id='line_1_61' title="bbox 2096 5151 3584 5227; baseline 0.002 -20"><span class='ocrx_word' id='word_1_368' title='bbox 2096 5151 2271 5207; x_wconf 81' lang='lat' dir='ltr'><strong>Cedar</strong></span> <span class='ocrx_word' id='word_1_369' title='bbox 2291 5154 2411 5222; x_wconf 77' lang='lat' dir='ltr'><strong>gelu</strong></span> <span class='ocrx_word' id='word_1_370' title='bbox 2442 5154 2808 5224; x_wconf 77' lang='lat' dir='ltr'><strong>generationis</strong></span> <span class='ocrx_word' id='word_1_371' title='bbox 2833 5162 2886 5208; x_wconf 91' lang='lat' dir='ltr'><strong>et</strong></span> <span class='ocrx_word' id='word_1_372' title='bbox 2908 5155 3260 5210; x_wconf 89' lang='lat' dir='ltr'><strong>obscuritatis</strong></span> <span class='ocrx_word' id='word_1_373' title='bbox 3289 5154 3584 5227; x_wconf 79' lang='lat' dir='ltr'><strong>signiﬁcat.</strong></span> 
     </span>
    </p>
   </div>
   <div class='ocr_carea' id='block_1_62' title="bbox 342 5242 1948 5328">
    <p class='ocr_par' dir='ltr' id='par_1_62' title="bbox 342 5251 1915 5328">
     <span class='ocr_line' id='line_1_62' title="bbox 342 5251 1915 5328; baseline -0.004 -19"><span class='ocrx_word' id='word_1_374' title='bbox 342 5260 625 5328; x_wconf 74' lang='grc' dir='ltr'>εσκήνωσα</span> <span class='ocrx_word' id='word_1_375' title='bbox 651 5253 765 5322; x_wconf 82' lang='grc' dir='ltr'>οὖν,</span> <span class='ocrx_word' id='word_1_376' title='bbox 801 5258 955 5328; x_wconf 74' lang='grc' dir='ltr'>φησὶ,</span> <span class='ocrx_word' id='word_1_377' title='bbox 988 5256 1126 5328; x_wconf 87' lang='grc' dir='ltr'>μετὰ</span> <span class='ocrx_word' id='word_1_378' title='bbox 1153 5255 1260 5309; x_wconf 87' lang='grc' dir='ltr'><strong>τῶν</strong></span> <span class='ocrx_word' id='word_1_379' title='bbox 1289 5253 1660 5325; x_wconf 83' lang='grc' dir='ltr'>σκηνωμάτων</span> <span class='ocrx_word' id='word_1_380' title='bbox 1679 5251 1773 5305; x_wconf 79' lang='grc' dir='ltr'><strong>τοῦ</strong></span> <span class='ocrx_word' id='word_1_381' title='bbox 1790 5268 1915 5304; x_wconf 86' lang='grc' dir='ltr'>σκο-</span> 
     </span>
    </p>
   </div>
   <div class='ocr_carea' id='block_1_63' title="bbox 1984 5242 3590 5328">
    <p class='ocr_par' dir='ltr' id='par_1_63' title="bbox 2027 5242 3590 5315">
     <span class='ocr_line' id='line_1_63' title="bbox 2027 5242 3590 5315; baseline 0.004 -19"><span class='ocrx_word' id='word_1_382' title='bbox 2027 5242 2278 5300; x_wconf 72' lang='lat' dir='ltr'><strong>Habitavi</strong></span> <span class='ocrx_word' id='word_1_383' title='bbox 2306 5246 2510 5315; x_wconf 90' lang='lat' dir='ltr'><strong>itaque,</strong></span> <span class='ocrx_word' id='word_1_384' title='bbox 2541 5246 2635 5308; x_wconf 89' lang='lat' dir='ltr'><strong>ait,</strong></span> <span class='ocrx_word' id='word_1_385' title='bbox 2662 5248 2713 5299; x_wconf 92' lang='lat' dir='ltr'><strong>in</strong></span> <span class='ocrx_word' id='word_1_386' title='bbox 2741 5246 3103 5301; x_wconf 83' lang='lat' dir='ltr'><strong>tabernaculis</strong></span> <span class='ocrx_word' id='word_1_387' title='bbox 3130 5248 3502 5311; x_wconf 89' lang='lat' dir='ltr'><strong>obscuritatis,</strong></span> <span class='ocrx_word' id='word_1_388' title='bbox 3526 5247 3590 5303; x_wconf 79' lang='lat' dir='ltr'><strong>id</strong></span> 
     </span>
    </p>
   </div>
   <div class='ocr_carea' id='block_1_64' title="bbox 341 5337 1947 5419">
    <p class='ocr_par' dir='ltr' id='par_1_64' title="bbox 341 5344 1912 5419">
     <span class='ocr_line' id='line_1_64' title="bbox 341 5344 1912 5419; baseline -0.004 -19"><span class='ocrx_word' id='word_1_389' title='bbox 341 5347 570 5417; x_wconf 82' lang='grc' dir='ltr'>τασμοῦ,</span> <span class='ocrx_word' id='word_1_390' title='bbox 606 5350 741 5419; x_wconf 85' lang='grc' dir='ltr'>ὅπερ</span> <span class='ocrx_word' id='word_1_391' title='bbox 774 5351 890 5402; x_wconf 76' lang='grc' dir='ltr'>ἐστὶ</span> <span class='ocrx_word' id='word_1_392' title='bbox 915 5347 1008 5401; x_wconf 81' lang='grc' dir='ltr'>τοῦ</span> <span class='ocrx_word' id='word_1_393' title='bbox 1046 5346 1293 5416; x_wconf 86' lang='grc' dir='ltr'>σώματος</span> <span class='ocrx_word' id='word_1_394' title='bbox 1322 5345 1415 5398; x_wconf 78' lang='grc' dir='ltr'>τοῦ</span> <span class='ocrx_word' id='word_1_395' title='bbox 1455 5344 1685 5401; x_wconf 80' lang='grc' dir='ltr'>θανάτου</span> <span class='ocrx_word' id='word_1_396' title='bbox 1705 5360 1719 5372; x_wconf 90' lang='grc'><strong>·</strong></span> <span class='ocrx_word' id='word_1_397' title='bbox 1764 5344 1912 5414; x_wconf 74' lang='grc' dir='ltr'>καὶὴ</span> 
     </span>
    </p>
   </div>
   <div class='ocr_carea' id='block_1_65' title="bbox 1976 5337 3582 5419">
    <p class='ocr_par' dir='ltr' id='par_1_65' title="bbox 2025 5337 3582 5411">
     <span class='ocr_line' id='line_1_65' title="bbox 2025 5337 3582 5411; baseline 0.002 -19"><span class='ocrx_word' id='word_1_398' title='bbox 2025 5347 2107 5392; x_wconf 87' lang='lat' dir='ltr'><strong>est</strong></span> <span class='ocrx_word' id='word_1_399' title='bbox 2136 5337 2189 5393; x_wconf 92' lang='lat' dir='ltr'><strong>in</strong></span> <span class='ocrx_word' id='word_1_400' title='bbox 2230 5339 2442 5393; x_wconf 87' lang='lat' dir='ltr'><strong>mortali</strong></span> <span class='ocrx_word' id='word_1_401' title='bbox 2473 5353 2704 5408; x_wconf 89' lang='lat' dir='ltr'><strong>corpore</strong></span> <span class='ocrx_word' id='word_1_402' title='bbox 2734 5356 2748 5391; x_wconf 86' lang='lat'><strong>:</strong></span> <span class='ocrx_word' id='word_1_403' title='bbox 2780 5351 2837 5393; x_wconf 84' lang='lat' dir='ltr'><strong>et</strong></span> <span class='ocrx_word' id='word_1_404' title='bbox 2867 5340 3050 5394; x_wconf 82' lang='lat' dir='ltr'><strong>anima</strong></span> <span class='ocrx_word' id='word_1_405' title='bbox 3092 5357 3207 5396; x_wconf 83' lang='lat' dir='ltr'><strong>mea</strong></span> <span class='ocrx_word' id='word_1_406' title='bbox 3264 5342 3378 5411; x_wconf 83' lang='lat' dir='ltr'><strong>ipsa</strong></span> <span class='ocrx_word' id='word_1_407' title='bbox 3419 5354 3582 5409; x_wconf 66' lang='lat' dir='ltr'><strong>saepe,</strong></span> 
     </span>
    </p>
   </div>
   <div class='ocr_carea' id='block_1_66' title="bbox 338 5431 1944 5513">
    <p class='ocr_par' dir='ltr' id='par_1_66' title="bbox 338 5434 1908 5513">
     <span class='ocr_line' id='line_1_66' title="bbox 338 5434 1908 5513; baseline -0.005 -15"><span class='ocrx_word' id='word_1_408' title='bbox 338 5439 483 5510; x_wconf 63' lang='grc' dir='ltr'><strong>ψυχή</strong></span> <span class='ocrx_word' id='word_1_409' title='bbox 518 5459 616 5511; x_wconf 74' lang='grc' dir='ltr'>μου</span> <span class='ocrx_word' id='word_1_410' title='bbox 650 5442 812 5513; x_wconf 80' lang='grc' dir='ltr'>αὐτὴ,</span> <span class='ocrx_word' id='word_1_411' title='bbox 844 5442 999 5511; x_wconf 66' lang='grc' dir='ltr'>φησι,</span> <span class='ocrx_word' id='word_1_412' title='bbox 1038 5439 1207 5493; x_wconf 82' lang='grc' dir='ltr'>πολλὰ</span> <span class='ocrx_word' id='word_1_413' title='bbox 1237 5438 1521 5501; x_wconf 78' lang='grc' dir='ltr'>πλεονάκις</span> <span class='ocrx_word' id='word_1_414' title='bbox 1561 5434 1908 5510; x_wconf 78' lang='grc' dir='ltr'>παρῴκησεν.</span> 
     </span>
    </p>
   </div>
   <div class='ocr_carea' id='block_1_67' title="bbox 1199 5431 2805 5513">
    <p class='ocr_par' dir='ltr' id='par_1_67' title="bbox 1199 5431 2805 5510">
     <span class='ocr_line' id='line_1_67' title="bbox 1199 5431 2805 5510; baseline -0.001 -19"><span class='ocrx_word' id='word_1_415' title='bbox 1199 5438 1521 5501; x_wconf 81' lang='grc' dir='ltr'>ιπλεονὰκις</span> <span class='ocrx_word' id='word_1_416' title='bbox 1561 5434 1908 5510; x_wconf 78' lang='grc' dir='ltr'>παρῴκησεν.</span> <span class='ocrx_word' id='word_1_417' title='bbox 2023 5431 2216 5501; x_wconf 83' lang='lat' dir='ltr'><strong>inquit,</strong></span> <span class='ocrx_word' id='word_1_418' title='bbox 2248 5432 2444 5502; x_wconf 88' lang='lat' dir='ltr'><strong>diuque</strong></span> <span class='ocrx_word' id='word_1_419' title='bbox 2469 5431 2644 5487; x_wconf 85' lang='lat' dir='ltr'><strong>incola</strong></span> <span class='ocrx_word' id='word_1_420' title='bbox 2684 5432 2805 5490; x_wconf 70' lang='lat' dir='ltr'><strong>fuit.</strong></span> 
     </span>
    </p>
   </div>
   <div class='ocr_carea' id='block_1_68' title="bbox 411 5549 829 5617">
    <p class='ocr_par' dir='ltr' id='par_1_68' title="bbox 411 5549 829 5617">
     <span class='ocr_line' id='line_1_68' title="bbox 411 5549 829 5617; baseline 0.012 -14"><span class='ocrx_word' id='word_1_421' title='bbox 411 5552 427 5581; x_wconf 83' lang='grc'>¹</span> <span class='ocrx_word' id='word_1_422' title='bbox 459 5549 560 5605; x_wconf 82' lang='lat' dir='ltr'><strong>lsa.</strong></span> <span class='ocrx_word' id='word_1_423' title='bbox 598 5568 751 5617; x_wconf 75' lang='lat' dir='ltr'><strong>mu,</strong></span> <span class='ocrx_word' id='word_1_424' title='bbox 794 5554 829 5608; x_wconf 86' lang='lat'><strong>9</strong></span> 
     </span>
    </p>
   </div>
   <div class='ocr_carea' id='block_1_69' title="bbox 409 5665 2015 5741">
    <p class='ocr_par' dir='ltr' id='par_1_69' title="bbox 409 5668 2014 5741">
     <span class='ocr_line' id='line_1_69' title="bbox 409 5668 2014 5741; baseline 0 -16"><span class='ocrx_word' id='word_1_425' title='bbox 409 5668 487 5741; x_wconf 82' lang='lat' dir='ltr'><strong>(l)</strong></span> <span class='ocrx_word' id='word_1_426' title='bbox 522 5670 691 5729; x_wconf 78' lang='lat' dir='ltr'><strong>Recte</strong></span> <span class='ocrx_word' id='word_1_427' title='bbox 727 5672 855 5727; x_wconf 87' lang='lat' dir='ltr'><strong>cod.</strong></span> <span class='ocrx_word' id='word_1_428' title='bbox 891 5672 954 5728; x_wconf 87' lang='lat' dir='ltr'><strong>C.</strong></span> <span class='ocrx_word' id='word_1_429' title='bbox 991 5673 1359 5727; x_wconf 88' lang='lat' dir='ltr'><strong>tantummodo</strong></span> <span class='ocrx_word' id='word_1_430' title='bbox 1405 5673 1525 5730; x_wconf 87' lang='lat' dir='ltr'><strong>sic:</strong></span> <span class='ocrx_word' id='word_1_431' title='bbox 1586 5673 1643 5725; x_wconf 84' lang='grc' dir='ltr'>ὐ</span> <span class='ocrx_word' id='word_1_432' title='bbox 1680 5670 1935 5735; x_wconf 76' lang='grc' dir='ltr'>Εὺσέσιος</span> <span class='ocrx_word' id='word_1_433' title='bbox 1964 5671 2014 5725; x_wconf 83' lang='grc' dir='ltr'>Κ</span> 
     </span>
    </p>
   </div>
   <div class='ocr_carea' id='block_1_70' title="bbox 1586 5665 3192 5741">
    <p class='ocr_par' dir='ltr' id='par_1_70' title="bbox 1586 5665 3192 5741">
     <span class='ocr_line' id='line_1_70' title="bbox 1586 5665 3192 5741; baseline -0.002 -16"><span class='ocrx_word' id='word_1_434' title='bbox 1586 5673 1643 5725; x_wconf 87' lang='lat' dir='ltr'><strong>&#39;U</strong></span> <span class='ocrx_word' id='word_1_435' title='bbox 1680 5670 1935 5735; x_wconf 73' lang='grc' dir='ltr'>Εὐσέϐιος</span> <span class='ocrx_word' id='word_1_436' title='bbox 1964 5668 2154 5741; x_wconf 80' lang='grc' dir='ltr'>Κηδὰρ</span> <span class='ocrx_word' id='word_1_437' title='bbox 2182 5665 2538 5738; x_wconf 73' lang='grc' dir='ltr'>ἑρμηνεύεται</span> <span class='ocrx_word' id='word_1_438' title='bbox 2576 5669 2927 5738; x_wconf 79' lang='grc' dir='ltr'>σκοτασμόν</span> <span class='ocrx_word' id='word_1_439' title='bbox 2965 5668 3017 5739; x_wconf 79' lang='lat' dir='ltr'><strong>(a</strong></span> <span class='ocrx_word' id='word_1_440' title='bbox 3042 5667 3192 5739; x_wconf 65' lang='lat' dir='ltr'><strong>Tm).</strong></span> 
     </span>
    </p>
   </div>
   <div class='ocr_carea' id='block_1_71' title="bbox 340 5767 1946 6003">
    <p class='ocr_par' dir='ltr' id='par_1_71' title="bbox 340 5769 1408 6003">
     <span class='ocr_line' id='line_1_71' title="bbox 704 5769 1408 5833; baseline 0.001 -2"><span class='ocrx_word' id='word_1_441' title='bbox 704 5770 975 5833; x_wconf 71' lang='grc' dir='ltr'>Ριτκοι..</span> <span class='ocrx_word' id='word_1_442' title='bbox 1010 5771 1128 5832; x_wconf 76' lang='lat' dir='ltr'><strong>GR.</strong></span> <span class='ocrx_word' id='word_1_443' title='bbox 1173 5769 1408 5832; x_wconf 80' lang='lat' dir='ltr'><strong>XXIV.</strong></span> 
     </span>
     <span class='ocr_line' id='line_1_72' title="bbox 340 5832 609 6003; baseline 0 0"><span class='ocrx_word' id='word_1_444' title='bbox 340 5832 609 6003; x_wconf 61' lang='lat' dir='ltr'><strong>PV</strong></span> 
     </span>
    </p>
   </div>
   <div class='ocr_carea' id='block_1_72' title="bbox 1662 5767 3268 6003">
    <p class='ocr_par' dir='ltr' id='par_1_72' title="bbox 3148 5767 3268 5841">
     <span class='ocr_line' id='line_1_73' title="bbox 3148 5767 3268 5841; baseline 0 -17"><span class='ocrx_word' id='word_1_445' title='bbox 3148 5840 3151 5841; x_wconf 16' lang='grc' dir='ltr'><em>ν</em></span> <span class='ocrx_word' id='word_1_446' title='bbox 3240 5767 3268 5824; x_wconf 90' lang='grc'><strong>1</strong></span> 
     </span>
    </p>
   </div>
   <div class='ocr_carea' id='block_1_73' title="bbox 147 5902 609 6198">
    <p class='ocr_par' dir='ltr' id='par_1_73' title="bbox 147 5902 609 6164">
     <span class='ocr_line' id='line_1_74' title="bbox 147 5902 609 6164; baseline -0.004 -45"><span class='ocrx_word' id='word_1_447' title='bbox 147 5902 609 6164; x_wconf 52' lang='lat'><strong>{99/</strong></span> 
     </span>
    </p>
   </div>
  </div>
