4068 6198
401 250 460 305 Η
1102 250 1367 305 EUSEBI!
1407 250 1871 307 CESARIENSIS
1904 253 1935 308 Ο

2039 294 2052 307 .
2093 251 2273 309 PARS
2311 254 2398 310 111.
2442 288 2505 297 -
2544 256 2949 313 ΕΧΕΟΕΤΙΩΑ.

922 343 1240 400 PSALMUS
1267 344 1427 399 CXX.

2614 351 2898 405 ΨΑΛΜΟΣ
2937 355 3065 407 ΡΚ’.

595 435 755 489 Vens.
783 436 833 488 l.
866 433 1055 488 Levavi
1077 436 1252 489 oculos
1280 454 1418 490 mens
1450 439 1503 490 in
1532 449 1752 492 mentes.

2226 437 2370 509 Ἦρα
2405 441 2545 507 τοὺς
2578 443 2919 511 ὀφθαλμούς
2945 462 3064 512 μου
3096 447 3175 511 εἰς
3210 447 3283 500 τὰ
3322 449 3448 518 ὄρη.

467 527 545 582 Ab
574 526 751 581 hostili
782 527 1045 582 servitute
1078 530 1378 595 expeditus,
1413 541 1576 599 atque
1608 531 1662 583 iu
1696 531 1806 599 ipsa
1839 534 1935 599 jau

2138 533 2195 584 Ὀ
2222 533 2319 603 τῆς
2344 532 2581 596 δουλείας
2618 534 2720 586 ὑπὸ
2749 536 2859 596 τοῖς
2890 534 3103 605 ἐχθροῖς
3134 538 3489 608 ἀπαλλαγεὶς,
3526 544 3623 597 καὶ

396 624 476 677 via
503 622 844 682 constitutus,
880 636 997 686 quas
1024 622 1089 675 ad
1120 622 1211 675 Dei
1240 623 1513 678 civitatem
1560 623 1732 689 dueit,
1769 625 1935 679 oculos

2054 623 2172 676 κατ’
2200 623 2367 693 αὐτὴν
2412 624 2511 693 ἥδη
2541 624 2777 691 γεγονὼς
2812 627 2909 694 τὴν
2953 626 3072 679 ὁδὸν
3110 628 3208 699 τὴν
3249 630 3487 697 ἄγουσαν
3526 635 3619 687 ἐπὶ

3549 273 3617 328 12

3586 309 3617 327 ὅ

394 718 459 771 ad
497 725 708 769 montes
742 717 839 768 bac
873 715 992 767 illac
1027 715 1245 778 attollit,
1277 718 1575 770 observans
1602 727 1763 785 atque
1792 715 1954 770 vesti-

391 821 522 876 gans
544 848 558 873 ,
594 807 861 861 undenam
904 805 1003 860 sibi
1046 805 1302 860 auxilium
1325 807 1395 860 sit
1420 806 1751 863 adfuturum.
1785 808 1952 864 Porro

389 900 601 953 cunctis
624 897 803 951 mundi
834 895 1077 967 partibus
1109 912 1173 951 ac
1202 899 1608 954 summitatibus
1624 900 1947 967 exploratis,

392 991 533 1044 nulla
561 991 614 1045 in
651 1006 708 1045 re
747 990 987 1045 sensibili
1014 1005 1129 1044 rem
1154 990 1436 1059 quaesitam
1462 992 1746 1061 comperit.
1775 991 1953 1048 Mente

394 1083 558 1151 igitur
595 1085 894 1152 animmque
917 1083 1090 1137 oculis
1128 1084 1195 1137 ad
1234 1093 1508 1137 auctorem
1536 1095 1951 1155 creatoremque

393 1191 569 1230 rerum
594 1176 830 1230 omnium
853 1177 1189 1245 confugiens,
1219 1175 1291 1230 ibi
1318 1175 1480 1237 sistit,
1498 1175 1833 1244 alterumque
1849 1178 1950 1233 hoc

390 1268 656 1323 canticum
679 1268 908 1322 concinit
928 1269 1111 1322 dicens
1136 1285 1147 1321 :
1173 1266 1439 1321 Auxilium
1455 1282 1623 1320 meum
1649 1284 1680 1321 a
1707 1267 1945 1330 Domino,

385 1361 476 1428 qui
505 1359 623 1427 fecit
648 1359 828 1412 coelum
853 1368 901 1413 et
929 1369 1143 1414 terram.

702 1520 860 1574 Vsus.
894 1520 945 1573 5.
987 1519 1237 1573 Dominus
1271 1520 1529 1573 custodiet
1563 1531 1628 1573 te.

453 1607 584 1661 Eum
633 1613 724 1677 qui
778 1623 992 1678 semper
1026 1609 1089 1662 ad
1143 1609 1305 1662 Deum
1358 1618 1587 1677 spectat,
1632 1609 1746 1679 ipse
1817 1611 1943 1680 vigil

2050 715 2147 787 τὴν
2170 714 2264 768 τοῦ
2286 715 2420 768 Θεοῦ
2446 716 2615 779 πόλιν,
2644 718 2754 770 ἄνω
2778 719 2902 780 τοὺς
2929 718 3240 791 ὀφθαλμοὺς
3265 715 3367 775 ὦδε
3394 725 3618 779 κάκεῖσε

2050 810 2130 871 είς
2180 807 2246 861 τὰ
2284 807 2383 879 ὅρη
2429 808 2663 879 ὲπαίρει,
2701 810 2974 862 κατανοῶν
3020 814 3112 864 καὶ
3150 813 3617 886 πολυπραγμονῶν

2054 896 2213 950 πόθεν
2258 897 2405 967 αὐτῷ
2442 897 2559 966 ἥξει
2605 896 2851 969 βοήθεια·
2906 898 2974 952 τὰ
3022 900 3160 971 μέρη
3204 901 3261 954 δὲ
3294 903 3471 956 πάντα
3520 904 3615 958 τοῦ

2051 988 2252 1057 κόσμου
2304 988 2397 1041 καὶ
2447 987 2516 1041 τὰ
2573 987 2679 1060 ὕψη
2737 990 3126 1061 περιαθρήσας,
3175 993 3232 1045 ἐν
3287 994 3458 1046 οὐδενὶ
3507 995 3616 1050 τῶν

2049 1081 2317 1152 αἰσθητῶν
2350 1080 2590 1151 εὑρίσκει
2616 1082 2678 1134 τὸ
2720 1082 3049 1154 ζητούμενον
3068 1101 3083 1114 ο
3128 1084 3204 1156 νῷ
3233 1085 3288 1138 δὲ
3317 1086 3411 1139 καὶ
3437 1086 3615 1158 ψυχῆς

2047 1171 2340 1242 ὀφθαλμοῖς
2369 1170 2461 1222 ἐπὶ
2496 1171 2586 1223 τὸν
2620 1174 2845 1244 ποιητὴν
2887 1175 2959 1243 (‘2)
3003 1174 3095 1227 καὶ
3131 1175 3459 1247 δημιουργὸν
3507 1178 3615 1230 τῶν

2046 1264 2183 1315 ὅλων
2217 1261 2560 1334 ἀναδραμὼν,
2587 1264 2817 1318 ἐνταῦθα
2847 1265 3080 1332 ἵσταται,
3108 1267 3201 1321 καὶ
3234 1267 3328 1339 τὴν
3358 1268 3616 1341 δευτέραν

2047 1355 2189 1427 ᾠδὴν
2222 1355 2334 1426 ᾅδει
2365 1353 2537 1423 λέγων
2556 1372 2569 1385 ⁸
2614 1355 2685 1408 Ἠ
2703 1356 2951 1425 ,ϐοήθειά
2970 1375 3088 1425 μου
3105 1359 3262 1426 παρὰ
3276 1360 3493 1429 Κυρίου
3508 1361 3616 1417 τοῦ

2050 1447 2418 1516 ποιήσαντος
2435 1448 2543 1502 τὸν
2557 1449 2769 1517 οὐρανέ
2780 1466 2816 1501 ν
2831 1449 2927 1501 καὶ
2947 1448 3062 1517 τὴν
3077 1450 3213 1518 γῆν.

2515 1540 2727 1607 Κύριος
2754 1540 2957 1609 φυλάξ
2964 1557 3011 1593 ει
3039 1557 3133 1594 σε.

2114 1624 2216 1680 Τὸν
2252 1626 2540 1690 διαπαντὸς
2585 1629 2664 1691 είς
2713 1629 2801 1682 τὸν
2849 1628 2979 1682 Θεὸν
3041 1631 3327 1702 ἀφορῶντα
3377 1632 3537 1697 αὐτὸς
3582 1633 3614 1689 ὁ

380 1699 616 1753 custodit
641 1695 801 1763 Inus,
836 1701 1059 1770 ejusque
1098 1699 1376 1753 dexteram
1421 1701 1652 1771 protegit
1696 1717 1935 1768 tuanutu,

2046 1718 2251 1780 ἄϋπνος
2289 1716 2544 1786 φυλάττει
2577 1718 2727 1781 Θεὸς,
2752 1719 2846 1772 καὶ
2874 1719 3061 1774 τούτου
3091 1695 3203 1792 ⁷τῖίν
3243 1722 3422 1787 δεξιὰν
3454 1695 3615 1795 χεῖρα

380 1792 502 1860 quia
525 1802 578 1847 et
606 1793 693 1848 ille
724 1795 961 1848 dexteris
992 1796 1199 1848 actibus
1229 1796 1413 1857 utitur,
1460 1805 1514 1847 et
1562 1794 1810 1850 inimicos
1843 1811 1937 1851 sua

381 1884 600 1937 dextera
657 1885 889 1954 repellit.
957 1885 1119 1940 Certe
1178 1885 1283 1941 Deo
1338 1886 1657 1940 dilectorum
1706 1885 1937 1942 dextera:

382 1974 702 2028 insidiantur
740 1975 1079 2044 potissimum
1109 1977 1309 2030 hostes.
1358 1974 1450 2029 Sic
1506 1974 1687 2042 itaque
1737 1974 1937 2029 dictum

385 2064 484 2118 luit
516 2082 530 2118 :
566 2063 634 2116 Et
658 2065 811 2119 Iesus
836 2068 1051 2120 indutus
1077 2078 1186 2120 erat
1220 2066 1439 2121 vestibus
1461 2064 1708 2131 sordidis,
1739 2066 1940 2119 stabat-

376 2171 476 2222 que
516 2156 758 2209 diabolus
808 2174 839 2208 a
894 2159 1093 2210 dextris
1143 2159 1255 2225 ejus
1300 2162 1342 2213 ¹.
1383 2188 1454 2199 -
1484 2155 1759 2224 Prtecipue
1811 2172 1938 2211 vero

376 2246 519 2301 Deus
571 2262 601 2301 a
651 2247 888 2317 nequitia
958 2259 1164 2313 tuetur,
1221 2249 1427 2304 etiamsi
1483 2248 1620 2303 forte
1668 2248 1936 2303 exteriora

379 2348 561 2393 nostra
597 2354 690 2393 seu
731 2354 928 2408 corpus
975 2338 1195 2410 alﬂigat.
1247 2339 1610 2407 Quamobrem
1634 2349 1687 2394 et
1714 2339 1778 2395 de
1804 2338 1937 2394 Jobo

378 2432 652 2485 mandavit
681 2449 695 2484 :
726 2432 967 2485 Animam
1013 2432 1124 2500 ejus
1158 2443 1361 2486 tantum
1387 2449 1533 2487 serva
1560 2433 1598 2487 ³.
1631 2432 1800 2486 Porro
1821 2433 1939 2485 ani-

378 2536 461 2575 nta
491 2522 691 2592 indiget
731 2522 920 2586 tutela,
992 2539 1110 2576 cum
1142 2525 1263 2578 vitae
1292 2525 1471 2579 exitus
1506 2534 1719 2593 tempus
1744 2526 1935 2589 instat,

375 2626 430 2673 et
486 2632 607 2672 cum
672 2616 737 2670 ad
799 2615 890 2669 Dei
950 2616 1225 2670 civitatem
1259 2616 1362 2669 iter
1392 2615 1588 2681 carpit.
1623 2614 1759 2681 Quid
1791 2616 1934 2667 enim

377 2708 619 2779 proderit
654 2747 670 2770 .
729 2706 773 2761 si
824 2708 1091 2777 quispiam
1149 2708 1199 2762 in
1253 2707 1426 2762 medio
1479 2707 1676 2761 itinere
1735 2708 1934 2760 cadens

380 2800 605 2869 pereat?
662 2797 847 2867 Itaque
915 2798 1182 2854 neminem
1234 2808 1361 2854 ante
1422 2812 1649 2852 mortem
1718 2798 1933 2852 beatum

380 2895 548 2947 dicas.

586 2981 751 3038 Vnus.
785 2983 838 3037 6.
890 2980 991 3035 Per
1038 2980 1173 3034 diem
1221 2980 1300 3034 sol
1350 2996 1449 3033 non
1492 2990 1602 3032 uret
1652 2988 1719 3033 te.

2044 1807 2254 1870 σκέπει,
2310 1807 2405 1861 ἆτε
2452 1808 2651 1874 δεξιαῖς
2708 1808 2937 1874 πράξεσι
2990 1811 3293 1881 χρωμένου,
3344 1814 3439 1866 καὶ
3487 1814 3614 1876 τοὺς

2040 1900 2265 1971 ἐχθροὺς
2290 1901 2599 1964 ἐλαύνοντος
2626 1904 2690 1972 τῇ
2718 1902 2910 1955 ἑαυτοῦ
2937 1902 3087 1973 δεξιᾷ
3105 1918 3118 1933 ’
3150 1903 3383 1973 μάλιστα
3407 1904 3515 1976 γὰρ
3543 1908 3609 1977 τῇ

2038 1991 2185 2063 δεξιᾷ
2208 1992 2313 2045 τῶν
2344 1992 2603 2061 θεοφιλῶν
2624 1993 2990 2046 ἐπιϐουλεύειν
3020 1994 3313 2064 πειρῶνται
3336 1998 3384 2049 οἱ
3407 1996 3608 2067 ἐχθροί·

2039 2083 2180 2136 οὕτω
2224 2082 2355 2153 γοῦν
2401 2085 2646 2155 εἴρηται·
2684 2085 2793 2137 Καὶ
2842 2086 3069 2151 Ἰησοῦς
3114 2083 3191 2156 ἦν
3219 2085 3611 2155 ἐνδεδυμένος

2038 2174 2233 2243 ἱμάτια
2258 2173 2519 2242 ῥυπαρὰ,
2554 2175 2649 2227 καὶ
2680 2177 2713 2227 ὁ
2740 2174 3015 2239 διάϐολος
3042 2175 3278 2239 ἑστήκει
3295 2177 3362 2229 ἐκ
3390 2175 3601 2238 δεξιῶν

2036 2262 2244 2316 αὑτοῦ.
2282 2293 2351 2303 -
2387 2262 2635 2316 Μάλιστα
2679 2263 2736 2315 δὲ
2769 2263 2898 2326 Θεὸς
2941 2264 3047 2316 ἀπὸ
3089 2264 3283 2327 κακίας
3326 2265 3605 2333 φυλάττει,

2038 2353 2140 2406 κᾶν
2174 2351 2242 2405 τὰ
2272 2353 2425 2416 ἐκτὸς
2456 2353 2489 2422 ἢ
2519 2354 2580 2406 τὸ
2614 2354 2771 2425 σῶμα
2800 2354 2941 2425 λυπῇ
2963 2370 2977 2383 ο
2998 2355 3123 2426 περὶ
3155 2355 3284 2423 γοῦν
3319 2355 3435 2409 ’1ὼὸ
3466 2375 3609 2429 παρ-

2042 2444 2283 2515 ήτγειλε’
2320 2445 2527 2511 Μάνην
2567 2444 2681 2513 τὴν
2742 2442 2953 2514 Ψυχὴν
2978 2445 3161 2499 αὐτοῦ
3201 2445 3603 2514 διαφύλαξονο

2034 2536 2205 2591 δεῖται
2233 2535 2289 2588 δὲ
2328 2535 2571 2605 φυλακῆς
2614 2538 2648 2606 ἡ
2680 2536 2826 2606 ψυχὴ
2871 2536 3011 2589 κατὰ
3046 2535 3137 2588 τὸν
3169 2535 3270 2605 τῆς
3300 2536 3475 2600 ἐξόδου
3508 2535 3627 2590 τοῦ,

2037 2626 2151 2696 βίου
2178 2626 2493 2697 καιρὸν,καὶ
2521 2625 2661 2679 κατὰ
2676 2627 2775 2697 τὴν
2798 2628 2997 2681 εἴσοδον
3013 2626 3108 2698 τὴν
3126 2629 3203 2689 εἰς
3230 2626 3328 2697 τὴν
3352 2627 3443 2679 τοῦ
3473 2627 3607 2680 Θεοῦ

2035 2718 2189 2770 πόλιν
2210 2735 2223 2748 ο
2266 2718 2319 2770 τί
2350 2717 2459 2789 γὰρ
2489 2718 2676 2786 ὄφελος
2700 2720 2748 2771 εἰ
2792 2718 3027 2789 ἐνμέσῳ
3061 2719 3161 2789 τῆς
3187 2719 3301 2772 ὁδοῦ
3326 2720 3503 2773 πεσών
3523 2738 3609 2784 τις

2035 2808 2313 2874 ἀπώλετο;
2342 2811 2422 2871 διὸ
2468 2811 2542 2882 μὴ
2586 2809 2896 2881 μακαρίσῃς
2926 2810 3211 2881 ἄνθρωπον
3244 2812 3349 2883 πρὸ
3383 2812 3478 2883 τῆς
3518 2829 3606 2865 τε-

2032 2902 2231 2973 λευτῆς
2267 2901 2454 2955 αὑτοῦ.

2273 2993 2514 3062 Ἡμέρας
2547 2996 2579 3047 ό
2609 2992 2780 3061 ἣλιος
2812 2994 2883 3046 οὺ
2916 2994 3247 3062 συγκαύσει
3276 3010 3367 3047 σε.

445 3074 729 3143 Splendida
750 3078 916 3128 nubes
943 3075 1080 3128 baud
1098 3088 1189 3127 eos
1213 3072 1342 3127 sinit
1366 3073 1447 3125 uri
1475 3072 1607 3131 sole,
1631 3072 1722 3140 qui
1741 3075 1803 3123 ad
1827 3070 1932 3124 De-

2102 3087 2314 3155 Νεφέλη
2333 3086 2562 3158 φωτεινὴ
2587 3086 2686 3139 οὐκ
2710 3086 2775 3155 ἐᾷ
2806 3083 3153 3153 συγκαίεσθαι
3176 3084 3279 3137 ὑπὸ
3301 3085 3449 3155 ἡλίου
3481 3087 3608 3149 τοὺς

376 3184 462 3218 nm
492 3176 741 3236 pergunt.
763 3166 987 3235 Parique
1009 3166 1215 3218 ratione
1230 3180 1384 3231 opem
1405 3164 1530 3227 fert,
1550 3166 1841 3233 quominus
1863 3180 1932 3218 ue

374 3276 401 3311 a
439 3267 698 3312 nocturno
715 3258 928 3326 quidem
960 3254 1209 3307 Intninari
1232 3253 1610 3306 detrimentum
1633 3252 1927 3323 patiantur.

893 3345 1115 3400 [‘SALM
1128 3345 1210 3401 US
1238 3344 1419 3401 CXXI.

379 3444 535 3501 Vens.
563 3444 611 3497 l.
635 3442 865 3496 Ltetntus
884 3457 998 3494 sum
1026 3443 1078 3493 in
1102 3439 1181 3491 Itis
1210 3456 1324 3505 qua:
1345 3440 1484 3493 dictu
1509 3450 1627 3492 sunt
1653 3439 1796 3503 milii,
1822 3449 1928 3491 etc.

445 3538 578 3592 Dum
618 3536 702 3589 via
734 3534 1091 3604 proﬁciscitur
1120 3536 1183 3588 ad
1212 3533 1376 3588 Deum
1418 3535 1669 3599 ducente,
1716 3535 1933 3604 cognito

371 3631 489 3700 ejus
540 3628 791 3690 termino,
850 3626 1046 3694 gaudio
1096 3624 1352 3696 repletur,
1411 3624 1710 3678 futurarum
1753 3640 1930 3677 rerum

374 3720 561 3775 nuntio
603 3718 805 3773 audito.
854 3716 1031 3783 Quare
1076 3724 1131 3769 et
1175 3715 1453 3783 praedicat,
1486 3730 1544 3769 se
1580 3716 1748 3768 bonos
1774 3730 1931 3783 egre-

374 3815 599 3882 giosque
634 3808 923 3877 magistros
956 3814 1171 3860 nactum
1199 3821 1338 3873 esse,
1368 3805 1456 3875 qui
1502 3804 1602 3859 sibi
1652 3804 1835 3858 aiunt:
1870 3802 1931 3858 lu

370 3903 582 3955 domum
609 3900 823 3953 Domini
850 3898 1058 3951 ibimus.
1086 3896 1313 3964 Ideoque
1336 3897 1502 3964 magis
1530 3895 1769 3962 festinat,
1792 3896 1929 3947 viam

372 4009 493 4045 cum
525 3990 721 4061 gaudio
753 3987 1311 4060 carpens.-—Illorum
1358 3987 1447 4055 qui
1494 3986 1767 4057 Babylone
1818 3987 1933 4040 red-

372 4087 520 4137 ibant
544 4098 669 4152 pars
710 4082 899 4151 major,
939 4083 1163 4151 populus
1196 4078 1438 4132 novellus
1464 4089 1583 4133 erat
1617 4081 1669 4132 in
1708 4079 1817 4147 ipsa
1851 4094 1934 4146 ge-

374 4176 518 4228 nitus
546 4171 837 4242 Babylone.
884 4170 1046 4224 Pauci
1077 4185 1203 4224 vero
1235 4168 1452 4237 quidam
1488 4166 1633 4222 inter
1659 4182 1751 4221 eos
1780 4177 1933 4220 erant

373 4266 532 4332 prisci
559 4266 680 4329 viri,
721 4280 878 4318 senes
928 4263 1239 4326 admodum,
1267 4262 1354 4329 qui
1387 4259 1773 4331 Hierosolymis
1800 4259 1927 4313 illuc

373 4356 783 4419 descenderant,
820 4364 894 4418 et,
929 4353 1262 4423 septuaginta
1306 4354 1377 4406 ibi
1423 4352 1579 4405 anuis
1624 4352 1931 4415 transactis,

2035 3180 2175 3231 κατὰ
2203 3177 2331 3229 Θεὸν
2364 3177 2643 3238 ὁδεύοντας
2662 3192 2675 3206 ·
2704 3176 2796 3228 καὶ
2824 3174 3170 3242 ἀναλογοῦντι
3196 3176 3397 3247 ταύτης
3419 3176 3607 3247 βοηθεῖ

2034 3269 2113 3331 είς
2132 3267 2191 3320 τὸ
2220 3266 2353 3337 μηδὲ
2387 3265 2493 3318 ὑπὸ
2520 3263 2833 3334 νυκτερινοῦ
2863 3264 3147 3334 φωστῆρος
3176 3264 3365 3319 παθεῖν
3383 3266 3601 3330 αὐτούς.

2562 3355 2851 3408 ΨΑΛΜΟΣ
2900 3356 3077 3408 PKA'.

2140 3450 2501 3517 Εὐφράνθην
2532 3446 2631 3499 ἐπὶ
2674 3445 2799 3511 τοῖς
2830 3447 3095 3511 εὶρηκόσι
3119 3462 3239 3513 μοι,
3277 3462 3330 3498 κ.
3361 3463 3411 3499 τ.
3443 3446 3493 3499 λ.

2104 3542 2214 3612 Τὴν
2239 3540 2357 3594 ὁδὸν
2403 3538 2631 3609 βαδίζων
2658 3538 2755 3606 τὴν
2786 3536 2876 3588 ἐπὶ
2903 3536 2992 3589 τὸν
3031 3536 3160 3589 θεὸν
3190 3536 3444 3603 ἄγουσαν,
3476 3554 3603 3589 παι-

2032 3632 2315 3701 δευόμενος
2355 3629 2481 3701 περὶ
2531 3627 2626 3680 τοῦ
2676 3627 2861 3690 τέλους
2900 3626 3089 3696 αὐτῆς,
3139 3627 3473 3697 εὐφροσύνης
3515 3627 3602 3681 ἐπ’

2033 3725 2169 3795 αὑτῇ
2210 3725 2276 3794 τῇ
2326 3722 2434 3775 τῶν
2477 3720 2774 3792 μελλόντων
2817 3719 2952 3789 ἀκοῇ
3000 3717 3338 3788 πληροῦται·
3383 3718 3463 3772 διὸ
3508 3720 3603 3773 κα)⁸

2032 3816 2281 3887 ὁμολογεῖ
2308 3812 2485 3867 καλῶν
2519 3811 2614 3865 καὶ
2656 3810 2876 3879 ἀγαθῶν
2914 3809 3248 3864 διδασκάλων
3281 3809 3461 3880 τυχὼν
3496 3811 3604 3864 τῶν

2034 3904 2330 3976 εἰρηκότων
2360 3901 2527 3972 αὐτῷ’
2564 3902 2668 3965 Εἰς
2700 3896 2866 3952 οἷκον
2900 3899 3119 3966 Κυρίου
3146 3899 3600 3967 πορευσὼμεθα·

2033 3998 2126 4050 καὶ
2160 3995 2354 4065 μᾶλλον
2385 3993 2679 4061 ἐπείγεται,
2708 3990 2806 4061 τὴν
2856 3990 3078 4062 πορείαν
3115 3992 3230 4060 μετ’
3263 3989 3602 4061 εὐφροσύνης

2034 4085 2366 4157 ποιούμενος.
2413 4114 2479 4124 -
2525 4082 2643 4135 Τῶν
2692 4082 3019 4135 ἐπανιόντων
3051 4081 3157 4134 ἀπὸ
3206 4079 3537 4142 Βαϐυλῶνος,
3574 4081 3603 4133 ό

2038 4179 2133 4248 μὲν
2176 4178 2338 4242 πολὺς
2393 4176 2514 4240 νέος
2558 4170 2626 4246 ἦν
2674 4174 2800 4237 λαὸς
2832 4176 2889 4226 ὲν
2922 4174 3057 4243 αὐτῇ
3108 4172 3385 4242 γεννηθεὶς
3426 4170 3602 4223 Βαϐυ-

2034 4267 2196 4321 λῶνι·
2247 4268 2467 4339 βραχεῖς
2507 4266 2564 4321 δέ
2596 4283 2739 4328 τινες
2782 4266 2840 4317 ἐν
2874 4266 3055 4326 αὐτοῖς
3107 4262 3351 4332 ὑπῆρχον
3383 4261 3602 4315 παλαιοὶ

2036 4359 2224 4432 ἄνδρες
2252 4359 2345 4412 καὶ
2378 4358 2580 4428 σφόδρα
2614 4354 2994 4427 πρεσϐύτεροι,
3025 4354 3075 4405 οἱ
3107 4352 3213 4406 ἀπὸ
3256 4352 3603 4423 Ἰερουσαλὴμ

374 4459 558 4517 postea
606 4463 726 4503 cum
765 4461 902 4501 novo
937 4445 1131 4515 populo
1183 4445 1616 4499 revertebantur.
1655 4441 1714 4495 lli
1748 4453 1927 4497 autem

2039 4451 2467 4522 καταϐεϐηκότες
2494 4450 2625 4509 ἐκεῖ,
2661 4447 2755 4500 καὶ
2793 4446 3225 4517 παραμείναντες
3258 4443 3349 4496 τὸν
3375 4442 3605 4513 ἑϐδομή-

374 4555 404 4591 a
438 4552 576 4593 novo
601 4538 797 4607 populo
834 4533 1149 4601 interrogati
1172 4575 1187 4597 ,
1221 4548 1455 4603 quonam
1491 4531 1593 4585 iter
1620 4532 1925 4594 tenderent,

376 4630 697 4699 respondent
712 4627 1104 4698 quodammodo
1126 4626 1330 4678 aientes
1353 4642 1365 4677 :
1390 4623 1455 4675 In
1477 4623 1689 4675 domum
1715 4622 1927 4676 Domini

375 4723 583 4775 ibimus.
644 4721 869 4783 Rursus,
929 4719 1031 4773 hoc
1088 4719 1294 4778 audito,
1347 4730 1518 4770 novus
1565 4714 1654 4768 ille
1708 4716 1932 4785 populus

373 4813 727 4876 exhilaratus,
755 4812 933 4866 denuo
961 4810 1229 4865 sciscitari
1251 4809 1482 4872 videtur,
1518 4807 1787 4861 undenam
1824 4807 1931 4860 illis

376 4907 490 4959 haec
548 4904 733 4958 notitia
759 4902 939 4957 esset?
983 4900 1047 4955 Hi
1096 4916 1256 4969 porro
1307 4899 1674 4969 respondent:
1719 4898 1930 4955 Stantes

372 5004 520 5049 erant
544 4995 694 5063 pedes
730 4993 894 5046 nostri
933 4992 987 5045 in
1039 4992 1189 5044 atriis
1225 4989 1519 5043 Jerusalem
1550 5005 1570 5053 ;
1601 4988 1651 5043 1ιί
1683 4989 1933 5041 nimirum

374 5087 473 5156 ipsi
522 5086 683 5155 pedes
721 5085 809 5154 qui
850 5085 1123 5139 vobiscum
1152 5097 1293 5136 nunc
1317 5081 1659 5150 gradiuntur,
1687 5080 1740 5132 in
1774 5081 1930 5132 atriis

372 5179 500 5231 olim
551 5185 752 5231 stetere
828 5174 1149 5230 Jerusalem.
1200 5173 1561 5239 Quamobrem
1618 5171 1696 5224 rei
1757 5172 1925 5239 probe

375 5267 602 5331 conscii,
628 5282 747 5321 eam
782 5267 927 5319 vobis
957 5268 1268 5321 tntntiamus
1301 5282 1314 5318 :
1346 5280 1468 5318 nam
1502 5273 1556 5318 et
1582 5263 1931 5317 :ediliciorum

379 5362 530 5414 urbis
570 5359 854 5420 rationem,
914 5359 1140 5425 ejusque
1188 5368 1370 5429 typum
1434 5370 1498 5409 ac
1547 5353 1930 5423 propemodum

385 5453 830 5513 delineationent,
883 5453 1137 5503 memoria
1193 5458 1449 5502 accurate
1500 5454 1761 5499 tenemus.
1812 5444 1929 5499 Non

450 5544 663 5597 'Zach.
714 5559 796 5607 Ill,
851 5544 903 5598 5.
981 5540 1127 5597 ‘Job
1174 5557 1239 5605 tt,
1280 5540 1334 5595 6.

444 5638 519 5707 (ei
545 5638 657 5690 Duo
680 5637 837 5707 codd.
862 5635 1109 5707 Σωτῆρι
1230 5703 1277 5707 -μ
1355 5646 1358 5650 ’

2034 4561 2195 4596 κοντα
2211 4541 2402 4609 ἔτιιῒ)
2432 4541 2639 4611 χρόνον,
2672 4538 2787 4609 μεθ’
2817 4537 2875 4590 δν
2905 4536 3240 4605 ὑπέστρεφον
3260 4535 3372 4604 ἅμα
3401 4532 3477 4603 τῷ
3500 4534 3607 4605 νέῳ

2037 4626 2185 4697 λαῷ·
2236 4627 2437 4679 τούτων
2496 4626 2674 4677 τοίνυν
2733 4622 3097 4695 ὲρωτωμένων
3143 4622 3291 4692 παρὰ
3340 4620 3435 4677 τοῦ
3481 4622 3607 4675 νέου

2036 4719 2164 4772 λαοῦ
2216 4718 2347 4771 ὅπου
2395 4716 2494 4786 τὴν
2550 4715 2776 4785 πορείαν
2834 4715 3097 4775 ποιοῖντο,
3147 4712 3607 4781 ἀποκρινομένους

2037 4810 2195 4864 οἱονεὶ
2238 4808 2331 4862 καὶ
2372 4807 2629 4875 λέγοντας
2655 4824 2666 4835 ·
2708 4808 2811 4871 Εἰς
2854 4801 3022 4857 οἷκον
3060 4804 3278 4871 Kttpt'ov
3306 4804 3606 4872 πορευσώα

2033 4904 2201 4970 μεθα.
2245 4899 2366 4952 Ἐπὶ
2395 4898 2450 4950 δὲ
2480 4896 2703 4970 τοιαύτῃ
2731 4898 2866 4967 ἀκοῇ
2914 4895 3003 4947 τὸν
3042 4895 3159 4948 νέον
3197 4895 3326 4948 λαὸν
3366 4896 3601 4965 εὐφραν-

2039 4991 2218 5053 θέντα,
2249 4989 2493 5060 δεύτερον
2521 4988 2769 5055 ἐξετάσαι
2797 4985 2959 5039 πόθεν
2984 4988 3096 5048 τοῖς
3128 4984 3377 5054 λέγουσιν
3407 4985 3439 5051 ἡ
3465 4978 3601 5047 γνῶ-

2042 5099 2156 5147 σις;
2189 5081 2328 5145 Τοὺς
2356 5082 2412 5135 δὲ
2443 5079 2840 5151 ἀποκρίνασθαι
2876 5078 3009 5149 πρὸς
3026 5079 3244 5142 αὐτοὺς,
3280 5077 3371 5130 καὶ
3401 5072 3596 5124 εἰπεῖν·

2052 5171 2335 5237 Ἐστῶτες
2386 5168 2545 5241 ἦσαν
2586 5174 2639 5224 ol
2667 5170 2848 5234 πόδες
2896 5169 3063 5238 ἡμῶν
3106 5169 3175 5222 ἐν
3220 5166 3345 5230 ταῖς
3386 5156 3631 5227 αὑλαῖς¹

2051 5262 2473 5331 Ἰερουσαλήμο
2528 5262 2619 5315 καὶ
2650 5263 2701 5315 οἱ
2747 5260 2904 5324 πόδες
2947 5252 3092 5313 οὗτοι
3129 5261 3175 5311 οἱ
3220 5254 3312 5309 νῦν
3366 5249 3598 5305 ἐνταῦθα

2039 5352 2153 5421 ἅμα
2198 5353 2324 5422 ὑμῖν
2359 5350 2692 5423 βαδίζοντες,
2742 5352 2973 5416 ὲστῶτές
3018 5367 3144 5404 ποτε
3198 5346 3489 5416 ἐτύγχανον
3542 5346 3600 5394 ὲν

2038 5449 2157 5510 ταῖς
2214 5448 2402 5511 αὐλαῖς
2456 5444 2844 5519 Ἰερουσαλήμ·
2899 5447 3018 5501 ὅθεν
3069 5440 3309 5514 ἀκριϐῶς
3363 5438 3599 5505 ειδότες,

445 5698 541 5779 (‘2')
595 5698 1035 5775 Ἐὔδομήκοντᾶ
1075 5706 1179 5761 ἔτι.
1224 5703 1314 5759 Sic
1351 5704 1477 5759 editi
1520 5722 1531 5758 :
1580 5714 1635 5758 ut
1691 5704 1827 5760 forte
1863 5703 1935 5773 leg

2039 5700 2140 5755 lum
2165 5701 2233 5756 sit
2268 5699 2753 5768 έῧὸομηκονταετῆ.
2785 5698 2941 5752 Eutr.
