4068 6198
498 296 572 350 13
1632 293 2064 353 ΕΟΜΜΕΝΤΑΒ

2175 295 2239 350 IN
2280 297 2612 355 PSALMOS.
3675 313 3694 366 Ι
3705 316 3741 370 4

500 407 671 462 ταῦτα
708 405 857 477 ὑμᾶς
884 402 1381 476 εὐαγγελιζόμεθα,
1421 409 1514 462 καὶ
1545 409 1635 462 τὸν
1663 411 1862 481 τρόπον
1893 411 1947 464 δὲ
1982 411 2064 481 τῆς

2184 414 2328 468 enim
2364 425 2482 468 erat
2511 415 2641 470 urbs
2667 414 2768 469 hac
2802 415 2926 470 illac
2955 429 3164 484 sparsa,
3192 427 3246 471 et
3278 432 3466 483 scissa,
3502 432 3662 491 atque
3690 425 3743 480 in

506 498 786 570 οἰκοδομῆς
826 497 930 568 τῆς
960 497 1170 560 πόλεως
1189 539 1202 562 ,
1237 497 1331 550 καὶ⁸
1355 497 1447 551 τὸν
1475 499 1644 554 τύπον
1685 502 1864 564 αὑτὸν,
1906 501 1982 566 ὼς
2009 503 2074 556 ἂν

511 589 644 643 εἴποι
673 605 778 652 τις,
815 588 908 642 καὶ
943 586 1005 640 τὸ
1037 587 1242 656 σχῆμα,
1277 587 1522 660 ἁκριὸῶς
1551 591 1787 663 φέρομεν
1817 591 1906 646 διὰ
1942 594 2077 664 μνή-

508 697 643 751 μης·
675 675 744 752 ἦν
773 680 884 752 γὰρ
912 680 991 744 ὠς
1029 680 1182 744 πόλις
1209 679 1268 732 οὐ
1298 679 1666 755 διεσπαρμένη
1697 676 1798 736 ὧδε
1828 685 2074 748 κάκεῖσε,

501 771 619 825 οὐδὲ
642 771 1024 842 άπεσχισμένη
1053 772 1148 825 καὶ
1172 772 1438 825 διεστῶσα
1468 775 1548 836 εἰς
1579 775 1716 846 μέρη
1745 774 1933 839 πολλὰ,
1961 775 2074 828 ἀλλ’

495 860 671 925 οὕτως
697 859 764 934 ἦν
785 861 1181 933 ᾠκοδομημένη
1210 862 1284 927 ὡς
1315 862 1490 917 δοκεῖν
1513 864 1609 918 ἕνα
1638 861 1773 918 εἶναι
1795 861 1961 930 οἶκον,
1988 866 2077 922 διὰ

494 957 596 1026 τὴν
629 955 924 1024 συνάφειαν
962 957 1059 1008 καὶ
1106 955 1374 1026 ἁρμονίαν
1399 956 1507 1008 τῶν
1535 957 1592 1011 ὲν
1625 958 1761 1029 αὐτῇ
1797 959 2078 1030 οἰκοδομη-

498 1051 713 1121 μάτων·
748 1050 826 1104 διδ
851 1051 1119 1105 λέλεκται·
1139 1051 1234 1117 Ὠς
1267 1050 1444 1116 πόλις
1468 1046 1548 1120 ἦν
1574 1052 1611 1118 ἠ
1635 1050 1858 1120 μετοχὴ
1888 1049 2077 1119 αὐτῆς

493 1142 596 1194 ἐπὶ
635 1143 702 1196 τὸ
730 1145 876 1197 αὑτό
894 1161 907 1173 ·
945 1141 1192 1197 τοιαῦται
1231 1142 1288 1194 δέ
1335 1143 1440 1194 εἰσι
1469 1141 1609 1195 κατὰ
1637 1142 1874 1196 διάνοιαν
1904 1143 2077 1195 πᾶσαι

2183 505 2378 561 multas
2411 516 2592 574 partes
2619 516 2793 572 secta,
2827 508 2920 562 sed
2951 509 3022 561 ita
3048 508 3332 575 aediﬁcata,
3366 522 3423 566 ut
3452 528 3558 567 una
3593 517 3741 570 vute-

2186 606 2336 651 retur
2357 599 2568 661 domus,
2595 608 2815 668 pr0pter
2837 598 3188 654 aediﬁciorum
3222 599 3336 669 ejus
3359 603 3743 660 coluerentiam

2184 697 2350 758 alque
2390 689 2750 745 harmoniam.
2781 688 2903 744 Ideo
2933 691 3135 745 dictum
3175 703 3259 747 est
3285 711 3300 748 ε
3324 692 3394 748 Ut
3423 697 3624 760 civitas.
3655 716 3749 751 cu-

2173 777 2266 847 jus
2314 781 2650 849 participatio
2699 783 2811 852 ejus
2846 784 2901 837 in
2947 784 3201 852 idipsum.
3256 785 3568 854 Huiusmodi
3596 797 3743 860 sunt,

2184 869 2251 922 ad
2285 872 2612 925 sententiam
2662 875 2808 943 quod
2859 877 3087 938 attinet,
3136 886 3348 932 cunctae
3385 881 3526 948 apud
3576 880 3741 936 Deum

2181 958 2516 1016 diversantes
2550 964 2771 1030 animm,
2816 965 2922 1019 vivi
2966 965 3190 1036 lapides,
3221 968 3416 1038 quibus
3437 985 3624 1027 verum
3651 972 3742 1029 Dei

2185 1052 2442 1121 templum
2471 1055 2792 1122 aediﬁcatur,
2848 1073 2954 1112 una
3002 1070 3180 1114 mente
3225 1075 3437 1130 unaque
3483 1065 3742 1120 concordi

2183 1145 2448 1199 sententia
2477 1157 2838 1217 compactum.

497 1236 554 1288 αἱ
597 1235 748 1306 παρὰ
777 1236 894 1308 Θεῷ
927 1237 1126 1308 ψυχαὶ,
1176 1237 1270 1290 καὶ
1317 1237 1365 1289 οί
1423 1235 1625 1301 ζῶντες
1671 1234 1808 1288 λίθοι
1869 1235 1935 1290 δι’
1982 1229 2056 1290 ὧν
2117 1235 2453 1307 ᾠκοδόμηται
2487 1239 2515 1291 ὀ
2542 1239 2791 1311 ἀληθινὸς
2851 1241 2986 1307 νεὼς
3031 1243 3124 1298 τοῦ
3170 1244 3326 1310 Θεοῦ,
3358 1247 3436 1318 τῷ
3468 1248 3617 1319 αὐτῷ
3661 1250 3743 1306 νοτ

498 1325 637 1395 [καὶ]
662 1329 727 1396 τῇ
756 1328 889 1397 αὐτῇ
919 1327 1126 1398 γνώμῃ
1143 1326 1597 1396 κατηρτισμένος.

513 1413 667 1487 Ἕκεῖ
685 1414 796 1483 γὰρ
817 1416 1121 1487 ἀνέϐησαν
1141 1420 1200 1470 al
1225 1416 1432 1486 φυλαὶ,
1457 1417 1643 1486 φυλαὶ
1670 1418 1910 1487 κυρίου,
1930 1435 2080 1487 μαρ-

570 1485 778 1559 τύριον
813 1485 891 1550 τῷ
935 1487 1207 1556 Ἰσραὴλ,
1230 1485 1362 1541 τοῦ
1395 1485 1957 1559 ἐξομολογήσασθαι
1999 1485 2080 1556 τῷ

569 1555 812 1623 ὀνόματι
839 1559 1078 1624 Κυρίου.

579 1646 731 1699 Ἐκεῖ
753 1646 862 1718 γὰρ
899 1647 1067 1713 θύειν,
1099 1647 1388 1718 εὔχεσθαι,
1424 1650 1831 1722 πανηγυρίζειν,
1861 1651 2078 1705 ἐκέλευ-

501 1755 620 1792 σεν·
653 1739 730 1802 ὼς
756 1738 822 1792 ἂν
851 1740 926 1810 μὴ
951 1741 1226 1812 πανταχοῦ
1257 1739 1620 1812 πλανώμενοι,
1651 1744 1920 1816 πρόφασιν
1941 1745 2076 1814 ἒχω-

2190 1414 2356 1470 VI-ztts.
2385 1413 2438 1468 4.
2475 1413 2614 1468 Illuc
2653 1418 2792 1468 enim
2834 1419 3180 1471 ascenderunt
3211 1421 3398 1485 tribus,
3435 1427 3601 1480 tribus
3633 1426 3713 1482 Do

2253 1486 2403 1558 mini,
2447 1486 2804 1558 testimonium
2847 1485 3016 1540 Israel
3047 1493 3114 1541 ad
3157 1490 3514 1558 conﬁtendum
3545 1503 3743 1552 nummi

2251 1553 2481 1608 Domini.

2249 1642 2363 1699 Illic
2395 1646 2539 1700 enim
2570 1647 2918 1713 sacriﬁcare,
2967 1664 3148 1716 orare,
3209 1669 3394 1710 sacros
3445 1671 3742 1715 conventus

2178 1749 2341 1806 agere
2369 1735 2535 1805 jussit
2566 1738 2732 1800 Deus;
2766 1753 2833 1792 ne
2858 1737 2966 1793 late
2989 1740 3236 1807 dispersi,
3260 1746 3597 1802 occasionem
3621 1765 3742 1820 per-

506 1847 591 1883 σιν
620 1830 834 1894 ἐξόδους
871 1831 1132 1885 ποιεῖσθαι
1167 1833 1304 1904 πρὸς
1343 1833 1566 1887 εἴδωλα·
1598 1834 1734 1889 Θεοῦ
1768 1837 1876 1908 γὰρ
1914 1837 2064 1890 τοῦτο

2172 1829 2327 1898 gendi
2357 1830 2423 1884 ad
2452 1829 2592 1884 idola
2617 1831 3081 1887 nanciscerentur.
3107 1833 3200 1889 Dei
3229 1851 3358 1892 vero
3385 1843 3738 1896 testimonium

504 1921 844 1992 μαρτυρίαν
871 1922 1118 1976 ἐκάλεσεν
1138 1941 1150 1954 ο
1177 1923 1275 1994 τῆς
1305 1923 1413 1995 γὰρ
1439 1924 1604 1978 αὑτοῦ
1636 1926 1890 1996 προνοίας
1921 1925 2076 1979 τοῦτο

517 2010 780 2082 μέγιστον
810 2014 1105 2084 τεκμήριον
1136 2009 1228 2084 ἦν·
1265 2016 1359 2069 καὶ
1404 2015 1514 2086 γὰρ
1550 2018 1667 2069 ἐκεῖ
1704 2017 1732 2068 ὁ
1772 2016 1934 2087 νόμος
1979 2018 2074 2070 ἁν-

517 2103 874 2172 εγινὼσκετο,
917 2103 1215 2175 διηγήματά
1245 2123 1304 2159 τε
1346 2106 1786 2178 κατορθωμάτων
1812 2107 2072 2179 ἀρχαίων,

504 2194 600 2248 καὶ
650 2194 870 2248 σύνοδον
907 2195 1178 2249 ἐποιοῦντο
1221 2196 1319 2268 τὴν
1370 2197 1506 2269 πρὸς
1552 2197 1813 2270 ἀλλήλους
1855 2199 2074 2270 ἀγάπην

496 2287 801 2357 συσφίγγον
809 2307 922 2342 σαν.
1879 2313 1884 2317 '

507 2380 872 2446 Ἐρωτήσατε
897 2380 974 2449 δὴ
1010 2383 1082 2435 τὰ
1109 2385 1197 2448 εἰς
1225 2382 1474 2452 εἰρήνην
1504 2382 1619 2453 τὴν
1654 2383 2066 2454 Ἰερουσαλήμ.

578 2471 692 2524 Ἀεὶ
717 2472 848 2544 γὰρ,
886 2474 1041 2544 φησὶ,
1064 2475 1159 2528 καὶ
1179 2475 1406 2528 πάντοτε
1430 2475 1858 2548 μνημονεύοντές
1881 2494 1994 2542 σου,
2026 2472 2071 2531 ὦ

503 2558 880 2632 Ἰερουσαλὴμ,
912 2563 981 2616 τὰ
1017 2566 1144 2635 περὶ
1185 2566 1284 2636 τῆς
1332 2566 1429 2638 σῆς
1458 2569 1679 2639 εἰρήνης
1710 2568 2069 2642 διαλεγόμεθα

491 2653 605 2713 τοῖς
631 2651 878 2722 ἀδελφοῖς
919 2659 1032 2718 τοῖς
1062 2655 1352 2727 ἡμετέροις
1379 2659 1472 2713 καὶ
1502 2661 1613 2722 τοῖς
1642 2659 1866 2731 πλησίον
1891 2645 2066 2732 ἡμῶν,

490 2743 736 2798 τουτέστι
763 2744 840 2816 τῷ
877 2747 984 2817 νέῳ
1021 2747 1156 2819 λαῷ,
1190 2751 1270 2813 εἰς
1305 2749 1466 2804 πόθον
1501 2751 1698 2816 αὐτοὺς
1729 2751 1951 2822 ἄγοντες
1977 2753 2068 2807 τὸν

492 2835 620 2904 περὶ
661 2835 721 2888 σὲ
763 2836 853 2891 διὰ
885 2841 984 2909 τῆς
1016 2840 1145 2911 περὶ
1188 2839 1282 2894 σοῦ
1318 2840 1690 2906 διδασκαλίας·
1729 2843 1866 2898 ἀλλὰ
1906 2844 2000 2896 καὶ
2033 2844 2066 2914 ή

499 2927 647 2978 πᾶσα
668 2926 825 2996 ἡμῶν
849 2929 982 3001 εὐχὴ
1007 2930 1170 2993 ἓνεκα
1197 2930 1290 2984 τοῦ
1318 2933 1465 2986 οἴκου
1496 2933 1588 2986 τοῦ
1615 2933 1749 2987 Θεοῦ
1777 2933 1933 3006 ἡμῶν
1957 2934 2069 3004 ὲγί-

501 3032 642 3081 νετο,
684 3016 982 3088 ζητούντων
1017 3021 1197 3088 ἀγαθά
1228 3040 1308 3076 σοι
1341 3024 1408 3077 τὰ
1438 3024 1589 3096 παρὰ
1637 3023 1731 3077 τοῦ
1770 3022 1927 3077 Θεοῦ.

1021 3112 1312 3166 ΨΑΛΜΟΣ
1360 3114 1530 3167 PKB'.

2179 1920 2356 1974 locum
2387 1919 2535 1974 illum
2562 1921 2878 1990 appellavit,
2909 1923 3109 1992 quippe
3132 1929 3272 1993 quod
3297 1940 3416 1982 erat
3440 1933 3738 1986 maximum

2176 2010 2534 2080 providentia:
2572 2012 2711 2065 illius
2757 2011 3014 2065 indicium
3047 2030 3064 2067 ε
3099 2030 3332 2086 namque
3376 2020 3446 2074 ibi
3481 2021 3564 2076 lex
3599 2025 3741 2092 lege-

2175 2105 2368 2169 batur,
2404 2113 2461 2159 et
2486 2106 2700 2176 egregia
2731 2104 2908 2174 prisca
2933 2103 3177 2161 facinora
3202 2110 3585 2178 narrabantur,
3604 2132 3737 2186 gen—

2177 2197 2352 2266 tisque
2382 2207 2678 2252 conventus
2695 2197 2859 2252 ﬁebat
2875 2212 2982 2268 quo
2999 2197 3236 2258 charitas
3263 2212 3448 2261 mutua
3469 2209 3741 2264 constrin-

2175 2290 2422 2358 gebatur.

2177 2379 2334 2434 Vens.
2366 2379 2419 2436 6.
2465 2379 2839 2454 Rogata-qua:
2885 2403 2951 2442 aa
3005 2407 3184 2458 pacem
3249 2401 3370 2446 sunt
3419 2393 3735 2451 Jerusalem.

2250 2471 2476 2542 Semper
2508 2477 2652 2530 enim
2682 2489 2734 2531 et
2767 2479 2911 2534 omni
2963 2491 3202 2551 tempore
3250 2485 3324 2540 tui
3379 2501 3668 2554 memores,
3702 2502 3735 2542 o

2169 2562 2469 2620 Jerusalem
2496 2608 2510 2630 ,
2553 2569 2618 2622 de
2659 2583 2794 2637 pace
2823 2579 2909 2624 tua
2943 2587 3064 2626 cum
3101 2572 3362 2630 fratribus
3385 2579 3586 2633 nostris
3615 2594 3738 2648 pro-

2171 2656 2439 2726 ximisque
2472 2658 2766 2728 loquimur,
2793 2660 2847 2714 id
2877 2673 2958 2716 est
2981 2677 3103 2717 cum
3146 2667 3342 2735 populo
3375 2685 3535 2736 novo,
3571 2682 3629 2725 ut
3657 2673 3732 2727 tui

2169 2746 2497 2803 desiderium
2557 2751 2671 2805 haec
2718 2765 3007 2811 narrantes
3045 2758 3125 2811 eis
3157 2759 3480 2816 excitemus.
3535 2761 3640 2818 Sed
3678 2775 3734 2819 et

2169 2854 2357 2908 preces
2384 2851 2583 2897 nostra;
2610 2858 2799 2899 omnes
2849 2845 2919 2900 ob
2957 2847 3049 2902 Dei
3079 2849 3294 2905 domum
3322 2851 3556 2918 ﬁebant,
3607 2857 3733 2927 quia

2169 2930 2294 2987 buic
2315 2932 2456 2988 bona
2487 2935 2666 2989 omnia
2701 2950 2731 2989 a
2762 2935 2873 2992 Deo
2901 2938 3355 3010 imprecabamur.

2660 3106 2982 3166 PSALMUS
3022 3109 3229 3167 CXXII.

503 3198 657 3266 Πρὸς
676 3200 749 3252 at»
895 3201 1036 3267 τοὺς
1056 3204 1401 3284 οφθαλμςῖύς
1414 3222 1532 3284 {sev
1554 3205 1660 3259 τὸν
1679 3207 2064 3279 κατοικοῦντα

2169 3193 2331 3250 Vens.
2365 3197 2418 3251 1.
2457 3199 2538 3252 Ad
2585 3209 2634 3252 te
2674 3202 2840 3255 levavi
2873 3201 3050 3284 oculos
3082 3221 3224 3260 meos
3249 3246 3264 3273 ,
3309 3211 3400 3279 qui
3433 3210 3636 3266 habitas
3677 3217 3729 3267 in

1052 3273 1123 3326 ἐν
1146 3273 1224 3338 τῷ
1245 3275 1496 3342 οὐρανῷ.

579 3360 833 3433 Ἐπείπερ
863 3363 1094 3434 οὐρανὸς
1124 3363 1310 3436 θρόνος
1332 3367 1446 3418 ἐστὶ
1472 3365 1565 3420 τοῦ
1603 3367 1760 3431 Θεοῦ,
1790 3367 1877 3422 διὰ
1907 3369 2065 3423 τοῦτο

493 3457 764 3505 κατοικεῖν
798 3453 1015 3523 λέγεται
1046 3457 1103 3508 ὲν
1129 3456 1206 3526 τῷ
1232 3457 1446 3528 οὐρανῷ
1465 3475 1477 3487 ·
1511 3458 1686 3522 οὐδεὶς
1722 3459 1779 3512 δὲ
1807 3459 2063 3533 θησαυρί-

490 3542 598 3606 ξων
631 3544 724 3596 ἐπὶ
765 3545 888 3616 γῆς,
930 3545 1073 3599 εἴποι
1108 3546 1174 3600 ἂν
1197 3547 1275 3619 τῷ
1306 3548 1423 3619 Θεῷ
1443 3564 1456 3576 ·
1489 3550 1644 3618 Πρὸς
1674 3550 1749 3604 σὲ
1780 3547 1896 3621 ἦρα
1922 3553 2064 3620 τοὺς

489 3637 833 3705 ὀφθαλμούς
857 3656 977 3707 μου
1010 3639 1118 3692 τὸν
1147 3639 1537 3696 κατοικοῦντα
1563 3641 1632 3694 ἐν
1673 3642 1754 3709 τῷ
1796 3643 2059 3712 οὐρανῷ·

489 3729 624 3780 ὅπου
655 3728 765 3800 γὰρ
803 3732 836 3782 ό
859 3731 1161 3798 θησαυρός
1181 3745 1320 3791 σου,
1355 3731 1481 3785 ἐκεῖ
1492 3733 1774 3789 ἕσταικαὶ
1797 3735 2063 3805 ἠκαρδία

492 3826 638 3868 σου·
663 3817 732 3869 ὀἱ
771 3817 869 3887 μὲν
920 3813 1013 3871 οὖν
1052 3819 1320 3890 ὀφθαλμοὶ
1358 3820 1450 3874 τοῦ
1500 3822 1752 3896 ἄφρονος,
1799 3826 1885 3878 ἐπ’
1916 3825 2061 3898 ἄκρα

495 3906 610 3977 γῆς,
652 3908 684 3978 ῆ
734 3909 820 3976 ἐφ’
864 3909 1146 3980 ὁτιδήποτε
1192 3906 1253 3965 οὗ
1307 3911 1596 3983 ἐπιθυμεῖ·
1643 3916 1905 3986 ὲμόλέπει
1950 3918 2060 3990 γάρ

491 4012 615 4051 ποτε
654 4001 888 4068 γυναῖκα
922 4000 1057 4072 πρὸς
1094 4001 1154 4055 τὸ
1184 4001 1520 4075 ἐπιθυμῆσαι
1560 4007 1756 4078 αὐτῆς·
1795 4010 1846 4062 οἱ
1871 4009 1928 4064 δὲ
1963 4010 2058 4064 τοῦ

485 4088 711 4151 δικαίου,
735 4089 1026 4154 διαπαντὸς
1053 4094 1190 4165 πρὸς
1213 4095 1304 4148 τὸν
1329 4094 1480 4149 Θεόν.

498 4181 649 4235 Ἰδοὺ
673 4183 755 4248 ὡς
775 4183 1065 4253 ὀφθαλμοὶ
1093 4184 1328 4274 (Scede)!-
1350 4189 1438 4254 εις
1467 4188 1667 4257 χεῖρας
1694 4189 1814 4244 τῶν
1841 4193 2058 4261 κυρίων

1166 4273 1381 4312 αυτων.

555 4344 974 4414 Εὑαγγελισθεὶς
1000 4347 1030 4399 ὁ
1054 4348 1170 4412 νέος
1200 4349 1350 4422 παρὰ
1383 4349 1490 4404 τῶν
1521 4351 1901 4428 πρεσϐυτέρων
1930 4357 2056 4422 λαὸς

480 4435 569 4489 διὰ
607 4437 710 4509 τῆς
753 4439 860 4511 πρὸ
899 4440 1102 4514 ταύτης
1145 4442 1308 4514 ᾠδῆς,
1342 4445 1454 4499 Ούκ
1500 4447 1586 4500 ἐπ’
1620 4447 1745 4502 ἄλλο
1769 4466 1840 4514 τι,
1869 4454 2050 4522 φησὶν,

2831 3272 2977 3326 calo.

2236 3375 2371 3442 Quia
2405 3380 2602 3435 omium
2633 3383 2859 3438 thronus
2890 3384 2980 3438 Dei
3017 3397 3123 3452 εει,
3158 3389 3361 3446 idcirco
3392 3392 3479 3448 hic
3505 3393 3556 3448 in
3589 3397 3726 3453 cmlo

2165 3465 2411 3523 habitare
2453 3471 2669 3525 dicitur.
2705 3472 2874 3528 Nemo
2917 3487 3094 3532 autem
3145 3480 3233 3548 qui
3285 3481 3338 3535 in
3397 3492 3540 3539 terra
3587 3504 3718 3556 Opes

2163 3560 2425 3627 congerit,
2456 3561 2562 3616 Deo
2599 3563 2743 3618 dicet
2771 3583 2786 3620 :
2818 3567 2900 3618 Ad
2933 3579 2982 3620 te
3014 3568 3178 3622 levavi
3223 3574 3401 3628 oculos
3444 3591 3602 3639 meos,
3636 3582 3727 3647 qui

2162 3647 2366 3704 habitas
2395 3651 2448 3705 in
2475 3653 2600 3707 caelo
2627 3669 2646 3708 :
2683 3670 2934 3722 namque,
2962 3660 3050 3712 ubi
3081 3662 3357 3718 thesaurus
3377 3673 3548 3731 'tuus,
3573 3671 3641 3721 ibi
3676 3683 3723 3725 et

2161 3755 2252 3792 cor
2300 3750 2443 3796 tuum
2489 3746 2589 3798 erit
2621 3745 2664 3800 ’⁵.
2715 3746 2858 3819 Ergo
2907 3749 3212 3822 insipientis
3283 3755 3518 3812 hominis
3579 3764 3718 3816 oculi

2165 3838 2322 3886 terra:
2352 3834 2697 3903 superﬁciem
2740 3847 3006 3907 spectant,
3040 3841 3119 3896 vel
3153 3843 3299 3898 aliud
3334 3847 3550 3915 quidvis
3594 3866 3737 3905 cun-.

2161 3923 2400 3994 cupitum
2429 3943 2445 3981 :
2488 3944 2609 3982 nam
2649 3938 2706 3984 et
2739 3931 3021 3988 mulierem
3053 3939 3383 4008 quandoque
3418 3943 3632 4012 aspicit,
3667 3958 3722 3998 ut

2159 4030 2278 4070 eam
2323 4020 2689 4088 concupiscat.
2733 4022 2871 4080 Justi
2915 4036 3092 4082 tamen
3123 4029 3360 4086 hominis
3388 4033 3527 4088 oculi
3556 4035 3720 4090 Deum

2159 4119 2374 4175 semper
2403 4121 2667 4178 spectant.

2160 4195 2321 4252 Vens.
2351 4199 2410 4254 2.
2438 4199 2571 4255 Ecce
2598 4204 2731 4284 sicut
2780 4207 2919 4261 oculi
2964 4227 3234 4266 servorum
3268 4215 3322 4270 in
3354 4218 3593 4272 manibus
3623 4221 3720 4273 do—

2647 4291 2909 4330 minorum
2955 4296 3190 4336 suorum.

2227 4354 2483 4412 Eruditus
2509 4373 2536 4412 a
2564 4362 2868 4421 senioribus
2896 4383 3067 4426 novus
3095 4375 3321 4442 populus
3353 4375 3406 4429 in
3438 4378 3716 4446 superiore

2156 4447 2382 4514 psalmo,
2417 4448 2474 4503 In
2507 4451 2677 4520 nulla,
2705 4455 2898 4527 inquit,
2921 4476 2977 4515 re
2996 4477 3142 4528 spem
3165 4466 3390 4528 colloco,
3423 4465 3524 4522 nisi
3556 4469 3607 4522 iu
3643 4483 3714 4536 te,

485 4525 706 4593 ἐλπίζω,
749 4529 782 4600 ἢ
814 4531 904 4582 ἐπὶ
944 4533 1001 4585 σὲ
1033 4532 1123 4585 τὸν
1163 4534 1261 4587 ούκ
1289 4535 1346 4588 ἐν
1378 4539 1442 4607 τῇ
1491 4537 1640 4591 κάτω
1679 4539 2051 4614 Ἰερουσαλὴμ,

2167 4537 2247 4604 qui
2289 4553 2392 4592 non
2423 4539 2732 4598 inferiorem
2783 4544 3106 4618 Jerusalem,
3151 4554 3243 4606 sed
3297 4554 3575 4610 caelestem
3632 4559 3714 4612 in-

481 4617 595 4669 axx
624 4621 681 4672 ὲν
712 4621 924 4692 ούρανῷ
951 4623 1307 4680 κατοικοῦντα
1332 4643 1344 4656 ·
1389 4629 1569 4699 μόνοις
1597 4630 1654 4683 δὲ
1683 4632 1839 4686 τοῦτο
1875 4633 2053 4703 λέγειν

484 4708 740 4779 ἁρμόττει
777 4714 889 4774 τοῖς
937 4713 1373 4783 ἀπηλλαγμένοις
1421 4721 1816 4790 αἰχμαλωσίας,
1861 4727 1954 4778 καὶ
1991 4725 2054 4779 τὸ

481 4799 581 4868 τῆς
606 4800 780 4872 ψυχῆς
804 4801 1107 4876 διορατικὸν
1131 4808 1478 4879 ἐρρωμένοις·
1501 4811 1678 4884 ψυχῆς
1697 4815 1754 4868 δὲ
1775 4816 2051 4889 ὀφθαλμὸς

480 4889 593 4940 ἄνω
619 4891 712 4959 μὲν
744 4891 904 4960 ὁρῶν,
932 4894 1218 4962 ὠφελεῖται
1242 4914 1254 4926 ·
1285 4898 1436 4952 κάτω
1479 4900 1557 4964 δὲ,
1589 4901 1902 4972 βλάπτεται.

1012 4985 1304 5042 ΨΑΛΜΟΣ
1338 4992 1505 5044 PKI".

596 5069 699 5124 ‘Er
723 5071 803 5138 τῷ
832 5075 1243 5145 ἐπανωτῆναι
1271 5081 1619 5149 ἀνθρώπους
1645 5084 1737 5153 ἐφ’
1767 5086 1940 5156 ἡμᾶς.

553 5163 617 5213 0i
653 5165 944 5234 φήσαντες,
990 5168 1283 5237 Ἐλέησον
1328 5172 1502 5240 ἡμᾶς,
1546 5175 1741 5242 Κύριε,
1787 5177 2049 5247 ἐλέησον

477 5257 656 5327 ἡμᾶς,
674 5259 769 5313 νῦν
795 5261 872 5326 ὡς
903 5263 1331 5326 ὲπακουσθὲντες
1359 5267 1735 5338 εὐχαριστοῦσι
1752 5267 1890 5339 Θεῷ·
1907 5269 2047 5324 τὰδὲ

480 5348 722 5419 παρόντα
741 5350 1046 5406 διδάσκεται
1064 5353 1243 5420 λέγειν
1258 5356 1288 5407 ὁ
1305 5355 1627 5427 διορατικὸς,
1645 5357 1734 5411 τὸν
1757 5360 1886 5412 Θεὸν
1910 5360 2049 5430 ἔχων

478 5441 586 5511 πρὸ
623 5441 948 5512 ὀφθαλμῶν·
987 5444 1160 5508 οὕτως
1193 5446 1301 5517 γὰρ
1348 5447 1563 5519 Ἰσραὴλ
1603 5450 1864 5504 ἐπινίκιον
1901 5451 2042 5524 ᾠδὴν

475 5532 555 5602 τῷ
603 5533 860 5604 νικοποιῷ
914 5535 1207 5606 προσάγων
1248 5535 1400 5607 Θεῷ·
1446 5537 1755 5592 διδάσκουσι
1805 5540 1860 5594 δὲ
1917 5545 2040 5608 τοὺς

551 5713 790 5774 ⁸Μαιιὶι.
845 5733 920 5784 τι,
964 5718 1053 5774 2|.
1133 5721 1153 5751 '
1194 5719 1334 5776 Psal.
1385 5740 1550 5791 cxxtt,
1597 5727 1649 5780 5.

2158 4630 2313 4684 colis.
2346 4634 2428 4687 Ab
2461 4635 2527 4689 iis
2556 4650 2736 4692 autem
2763 4645 3135 4698 tantummodo
3158 4645 3270 4699 haec
3296 4646 3400 4700 dici
3439 4649 3594 4704 decet
3622 4653 3713 4721 qui

2154 4723 2414 4780 servitute
2460 4739 2581 4780 sunt
2614 4734 2866 4800 expediti,
2898 4735 3177 4804 validaque
3215 4738 3408 4792 animae
3448 4739 3636 4798 visuali
3664 4743 3717 4800 ti

2153 4823 2278 4866 sunt
2303 4815 2532 4882 praediti.
2578 4817 2748 4875 Porro
2768 4823 2960 4878 anima:
2988 4825 3172 4879 oculus
3195 4825 3238 4880 si
3257 4842 3466 4881 sursum
3485 4841 3714 4899 spectet,

2152 4903 2291 4960 bene
2321 4905 2394 4958 illi
2417 4918 2532 4974 est;
2565 4910 2647 4964 sin
2680 4913 2958 4978 deorsum,
2989 4915 3366 4972 detrimentum
3387 4921 3608 4990 patitur.

2409 4997 2412 4999 ’
2643 5001 2960 5062 PSALMUS
2987 5007 3221 5065 CXXIII.

2152 5091 2315 5148 Vsus.
2364 5092 2417 5148 Ξ.
2471 5092 2602 5149 Cum
2635 5109 2966 5166 exsurgerent
3011 5100 3243 5155 homines
3276 5103 3555 5160 adversum
3597 5123 3709 5162 nos.

2221 5183 2323 5251 Qui
2357 5187 2628 5252 dixerant,
2657 5188 2904 5244 Miserere
2947 5193 3134 5257 nostri,
3179 5191 3430 5260 Domine,
3467 5199 3714 5253 miserere

2150 5277 2388 5342 aostri';
2437 5295 2580 5333 nunc
2617 5294 2717 5334 ceu
2767 5283 3022 5350 precibus
3081 5285 3196 5341 suis
3243 5289 3462 5354 auditis,
3511 5277 3713 5360 gratiae

2149 5367 2257 5422 Deo
2286 5379 2469 5439 agunt.
2507 5371 2631 5425 Haec
2666 5381 2844 5424 autem
2873 5373 3054 5430 dicere
3097 5378 3318 5434 docetur
3367 5379 3529 5434 homo
3593 5397 3716 5450 per»

2149 5460 2353 5528 spicax,
2372 5461 2460 5530 qui
2479 5461 2642 5516 Deum
2657 5464 2860 5519 scilicet
2875 5481 2982 5535 pra:
2993 5469 3165 5526 oculis
3184 5471 3362 5526 habet.
3381 5470 3471 5526 Sic
3491 5473 3633 5528 enim
3654 5484 3714 5528 se

2149 5553 2310 5607 habet
2324 5551 2483 5608 Israel
2499 5554 2871 5627 triumphalem
2892 5561 3146 5634 hymnum
3162 5563 3270 5619 Deo
3285 5564 3520 5620 victoria
3535 5565 3710 5626 datori
