4068 6198
341 264 411 322 15
1040 259 1306 316 EUSEBII
1344 260 1810 317 CESARIENSIS
1849 262 1996 318 OPP.
2033 263 2216 321 PARS
2253 266 2340 322 IlI.
2377 296 2447 308 -—
2484 267 2893 327 EXEGETICA.
3507 281 3574 337 16

340 384 652 438 concinens.
679 382 847 436 Porro
873 383 945 436 ita
975 383 1217 437 seniores
1237 382 1432 437 docent
1453 384 1881 438 adolescentulos

2008 385 2161 451 νέους
2185 389 2234 440 οἱ
2273 390 2659 459 γεγηρακότες,
2700 393 2793 444 καὶ
2823 393 2873 445 οἱ
2907 392 3146 462 μαθηταὶ
3174 395 3571 451 ὑπακούουσιν

339 477 427 544 qui
471 474 855 544 discipulorum
890 474 1060 528 instar
1093 476 1420 528 auscultant.
1462 475 1645 530 lsraeli
1694 487 1898 541 autem,

340 571 504 624 Deum
552 569 688 620 intra
743 582 802 620 se
848 566 1168 634 possidenti,
1209 567 1389 622 dicere
1443 568 1736 638 congruit:
1777 566 1899 621 Nisi

338 660 591 713 Dominus
666 658 851 726 [uisset
915 658 968 710 in
1027 659 1197 714 nobis.
1265 657 1582 729 llnjusmodi
1630 668 1749 714 erat
1799 660 1898 714 sub

338 753 519 820 Moyse
595 749 805 815 Israel,
871 749 956 804 cui
1027 751 1361 805 dicebatur:
1418 749 1549 816 Sile,
1601 760 1650 805 et
1720 752 1894 816 audi,

336 842 527 896 Israel.
578 842 832 898 Dominus
893 859 986 912 pro
1033 845 1175 897 vobis
1225 845 1509 915 pugnabit,
1549 856 1594 898 et
1650 861 1735 897 eos
1776 845 1898 897 sile-

336 935 457 987 bitis
490 934 530 986 ⁸.

510 1028 670 1082 Vens.
699 1027 753 1081 5.
789 1025 1036 1082 Fortasse
1063 1029 1201 1082 vivos
1247 1028 1584 1098 deglutissent
1613 1045 1725 1084 nos.

400 1116 740 1171 Calamitatis
777 1129 1008 1185 tempus,
1035 1119 1282 1186 quamvis
1307 1120 1377 1172 sit
1407 1119 1716 1181 vehemens,
1748 1117 1894 1170 nihi-

335 1207 567 1262 lominus
599 1209 858 1262 torrentis
893 1209 1064 1262 instar
1107 1209 1270 1264 breve
1300 1219 1402 1262 est.

609 1299 769 1352 Vens.
803 1298 851 1352 6.
887 1299 1199 1353 Benedictus
1226 1300 1500 1363 Dominus,
1539 1308 1646 1357 etc.

401 1391 574 1460 Quem
600 1408 729 1446 vero
757 1393 976 1446 laudare
1005 1394 1327 1462 bymnisqne
1361 1394 1641 1448 celebrare
1682 1401 1893 1462 oporte-

329 1483 442 1546 bat,
471 1491 751 1554 pr0pterea
804 1484 943 1548 quod
967 1485 1157 1550 praeda:
1180 1500 1284 1538 non
1311 1482 1891 1540 l‘nerimusliominibus

330 1580 418 1646 qui
456 1578 722 1646 deglutire
749 1593 846 1631 nos
871 1575 1146 1640 volebant,
1181 1576 1282 1630 nisi
1321 1577 1599 1630 Dominum
1627 1577 1717 1647 qui
1750 1577 1890 1646 apud

331 1682 429 1722 nos
463 1668 589 1721 est?
627 1667 818 1736 Utique
847 1666 920 1720 illi
952 1667 1018 1720 ad
1057 1653 1337 1734 capturam
1372 1679 1607 1721 nostram
1648 1680 1886 1734 ruentes,

329 1767 386 1809 ut
415 1773 512 1810 nos
539 1757 880 1818 devorarent,
922 1755 1147 1808 consilia
1200 1770 1298 1808 sua
1349 1756 1576 1825 exsequi
1619 1756 1758 1810 haud
1797 1773 1890 1826 po-

331 1853 570 1899 tuerunt.
624 1843 942 1911 Exasperati
992 1844 1135 1897 enim
1189 1845 1393 1898 crudeli
1443 1847 1624 1901 animo
1679 1846 1885 1912 leones,

326 1937 580 1990 dentibus
609 1936 719 1990 suis
747 1951 843 1989 nos
874 1949 1068 2004 capere
1099 1934 1366 2000 avebant;
1395 1938 1488 1990 sed
1523 1947 1698 1992 tamen
1725 1954 1888 2004 scopo

327 2042 427 2081 suo
459 2025 621 2097 potiri
652 2025 1031 2096 nequiverunt,
1065 2026 1204 2078 haud
1231 2041 1326 2079 nos
1359 2026 1464 2081 illis
1496 2027 1740 2082 tradente
1784 2029 1887 2081 υορ

327 2121 473 2173 mino
505 2137 518 2172 :
551 2118 635 2172 cui
665 2122 828 2172 etlam
858 2117 1248 2181 benedicitnus,
1277 2117 1366 2186 qui
1397 2133 1494 2172 nos
1524 2133 1552 2170 a
1586 2119 1888 2174 furentibus

315 2211 573 2264 .ltostibus
595 2207 853 2261 liberavit.

806 2296 1124 2353 PSALMUS
1163 2295 1397 2352 CXXIV.

605 2389 764 2444 Vens.
796 2390 848 2443 2.
888 2389 1087 2443 Montes
1119 2390 1173 2443 in
1214 2391 1436 2442 circuitu
1467 2390 1600 2459 ejus.

387 2482 514 2538 ilmc
546 2481 700 2536 aiunt
730 2483 819 2551 qui
863 2483 1017 2552 longa
1053 2496 1272 2535 emensa
1312 2482 1393 2534 via
1439 2483 1510 2536 ad
1545 2482 1882 2536 matcrialem

313 2573 614 2630 Jerusalem
657 2574 857 2628 reversi
904 2583 1062 2638 sunt,
1115 2587 1210 2626 ceu
1254 2571 1366 2637 jam
1409 2572 1461 2625 in
1514 2582 1627 2627 tuto
1673 2573 1881 2627 consti-

322 2669 443 2735 tuti,
477 2683 575 2722 nec
605 2676 710 2720 tam
736 2669 852 2720 loco
881 2681 1041 2735 quam
1071 2665 1264 2719 ﬁducia
1295 2680 1421 2735 erga
1455 2664 1742 2718 Dominum
1768 2665 1881 2718 ala-

308 2775 478 2824 cres;
512 2758 655 2828 quod
680 2774 808 2812 sane
835 2757 1030 2810 melius
1061 2765 1142 2811 est
1169 2771 1331 2826 quam
1366 2756 1513 2809 urbis
1544 2755 1879 2810 Hierusalem

317 2852 605 2908 incolatus.
631 2849 898 2905 Praeterea
935 2849 1153 2903 ubinam
1193 2847 1384 2901 melius
1417 2863 1479 2901 se
1525 2846 1750 2902 haberet
1785 2863 1880 2918 po-

319 2943 514 3013 pulus?
556 2941 687 2996 Nam
724 2941 896 2995 locum
923 2941 1138 3009 quidem
1165 2939 1521 2994 circumstare
1556 2951 1763 2995 montes
1791 2942 1877 2997 hic

319 3037 607 3101 dicuntur;
657 3034 836 3105 populi
879 3041 1082 3098 autem,
1130 3032 1284 3100 cujus
1311 3047 1473 3087 causa
1510 3034 1676 3087 etiam
1724 3034 1875 3090 locus

313 3127 638 3190 honoratur,
672 3143 794 3181 vere
822 3125 967 3181 Deus
998 3135 1080 3181 est
1122 3135 1326 3192 custos,
1355 3125 1623 3196 simulque
1671 3127 1797 3196 loci,
1829 3131 1872 3183 si

320 3224 476 3275 modo
506 3220 728 3288 populus
757 3219 949 3287 dignus
981 3217 1160 3272 fuerit.

420 3311 576 3366 Vens.
611 3309 661 3366 5.
708 3309 941 3390 Abducet
979 3308 1234 3390 Dominus
1273 3324 1392 3362 cum
1444 3313 1779 3379 operantibus

921 3388 1269 3447 iniquitatem.

393 3469 626 3526 Verbum
658 3470 875 3523 abducet
902 3468 993 3523 hic
1025 3469 1295 3538 signiﬁcat
1329 3472 1535 3536 tradet;
1567 3487 1757 3542 nempe
1785 3476 1876 3528 ab-

318 3563 476 3618 ducet
503 3563 555 3616 in
589 3561 984 3616 immunditiam
1010 3576 1169 3630 quam
1201 3561 1305 3616 sibi
1341 3561 1638 3629 elegerunt,
1670 3563 1722 3618 in
1755 3579 1878 3634 pas-

315 3659 494 3712 siones
536 3655 844 3727 ignominia:
879 3656 1272 3725 reprobamque
1311 3664 1578 3720 mentem,
1612 3666 1671 3710 ut
1716 3667 1879 3727 agant

316 3769 432 3823 qua:
464 3755 683 3807 minime
709 3761 942 3822 oportet.

807 3843 1125 3900 PSALMUS
1171 3844 1383 3900 CXXV.

317 3933 475 3989 Vens.
509 3935 559 3987 1.
585 3932 714 3986 Cum
747 3945 1059 3987 converleret
1088 3933 1339 3987 Dominus
1361 3934 1710 4001 captivitatem
1728 3932 1874 3988 Sion.

382 4027 623 4097 Apostoli
656 4027 1026 4080 vaticinantur
1054 4025 1166 4079 haec
1200 4027 1268 4078 de
1300 4041 1357 4080 se
1389 4026 1589 4078 dictum
1629 4026 1693 4079 iri
1721 4037 1773 4081 et
1813 4027 1878 4080 tle

311 4121 596 4189 gentibus;
649 4119 840 4174 deinde
891 4135 981 4172 res
1012 4127 1300 4171 eventuras
1356 4118 1549 4171 semini
1598 4127 1651 4171 et
1693 4116 1876 4171 messi.

312 4213 469 4266 Certe
496 4211 722 4266 'Davidis
757 4219 998 4279 tempore
1026 4209 1166 4263 nulla
1201 4208 1490 4278 captivitas
1514 4207 1649 4274 fuit;
1683 4224 1877 4278 quam-

314 4305 502 4359 obrem
535 4305 601 4358 de
638 4301 865 4372 spiritali
907 4302 1140 4355 fortasse
1185 4315 1366 4356 sermo
1401 4309 1506 4353 est.
1551 4299 1704 4354 Alius
1735 4301 1877 4355 dicet

2017 477 2231 548 Ἰσραὴλ
2268 478 2325 531 δὲ
2357 479 2450 532 τοῦ
2503 480 2715 551 ἔχοντος
2751 483 2809 534 ὲν
2849 484 3025 553 ἑαυτῷ
3065 483 3156 536 τὸν
3190 485 3342 548 Θεὸν,
3377 489 3439 542 τὸ
3479 489 3573 543 δύο

2001 565 2192 619 νασθαι
2215 566 2411 636 λέγειν·
2428 570 2497 621 El
2517 569 2603 638 μὴ
2633 570 2718 622 ὅτι
2745 572 2958 639 Κύριος
2982 569 3060 642 ἦν
3084 574 3154 626 ἐν
3175 575 3337 644 ἡμῖν.
3383 579 3574 634 Tomi-

1998 671 2089 719 τος
2118 652 2185 727 ἦν
2217 659 2244 710 ὁ
2284 658 2388 711 ὑπὸ
2432 661 2708 724 Μωῡσέως
2743 662 3034 732 γενόμενος
3090 663 3324 737 Ἰσραὴλ,
3455 671 3573 724 ἐλέ-

1997 765 2122 816 γετο
2141 764 2154 777 °
2185 748 2400 814 Σιώπα,
2425 752 2522 804 καὶ
2551 750 2752 815 ἄκουε,
2795 751 3061 821 Ἰσραήλο
3093 756 3190 809 καὶ
3218 758 3432 824 Κύριος
3459 773 3570 812 πο-

1996 836 2244 906 λεμήσει
2277 839 2429 907 ὑπὲρ
2455 840 2642 910 ὑμῶν,
2679 841 2778 895 καὶ
2806 843 2975 912 ὑμεῖς
3005 844 3354 914 σιγήσεσθε.

2283 1021 2420 1088 Ἄρα
2451 1018 2670 1088 ζῶντας
2695 1022 2772 1076 ἂν
2793 1023 3078 1078 κατέπιον
3107 1023 3281 1094 ἡμᾶς.

2066 1109 2175 1161 Καὶ
2225 1111 2253 1161 ὁ
2292 1111 2673 1182 περιστατικδς
2713 1111 2770 1165 δὲ
2817 1113 3026 1185 καιρὸς,
3077 1116 3124 1167 εἰ
3169 1116 3263 1168 καὶ
3314 1114 3562 1188 σφοδρὸς,

1995 1201 2130 1255 ἀλλὰ
2161 1204 2457 1275 χειμάρρου
2491 1203 2644 1276 δίκην
2682 1205 3057 1278 ὀλιγοχρόνιος.

2351 1297 2695 1364 Εὐλογητὸς
2721 1299 2954 1366 Κύριος,
2994 1317 3047 1353 κ.
3075 1317 3126 1353 τ.
3160 1300 3207 1353 λ.

2064 1383 2172 1436 Καὶ
2191 1385 2311 1438 τίνα
2341 1387 2581 1456 εὐλογεῖν
2617 1389 2708 1441 καὶ
2736 1390 2922 1459 ὑμνεῖν
2956 1390 3063 1443 ἔδει
3102 1392 3196 1444 ἐπὶ
3217 1391 3293 1462 τῷ
3321 1393 3394 1464 μὴ
3423 1393 3564 1447 ἁλῶ-ο

1992 1492 2078 1528 ναι
2114 1479 2227 1540 τοῖς
2287 1478 2631 1549 βουλομένοις
2679 1479 2885 1545 ζῶντας
2923 1488 3210 1536 καταπιεῖν
3259 1487 3406 1556 ἡμᾶς
3462 1489 3560 1540 ἀν·-

1991 1565 2248 1638 θρώποις,
2280 1569 2311 1640 ἦ
2343 1571 2430 1622 τὸν
2474 1571 2674 1642 Κύριον
2706 1573 2796 1625 τὸν
2823 1573 2950 1626 ὄντα
2975 1576 3033 1629 ἐν
3063 1577 3226 1647 ἡμῖν;
3265 1579 3325 1629 Οί
3366 1577 3457 1630 ἐπὶ
3499 1578 3562 1632 τὸ

1992 1657 2251 1730 θηρεῦσαι
2280 1661 2425 1730 ἡμᾶς
2453 1661 2814 1733 ὁρμήσαντες,
2847 1665 2932 1717 ἵνα
2970 1667 3354 1735 καταφάγωσιν
3389 1669 3557 1737 ἡμᾶς,

1989 1749 2048 1800 οὐ
2088 1748 2396 1819 δεδύνηνται
2431 1751 2506 1815 ὡς
2533 1752 2789 1807 ἔσπευδον
2837 1755 3125 1810 διαθεῖναι·
3169 1755 3560 1829 ὲξηγριωμὲνοι

1989 1841 2095 1912 γὰρ
2128 1843 2175 1894 oi
2201 1841 2480 1914 ὠμόθυμοι
2519 1844 2728 1910 λέοντες
2755 1850 2869 1911 τοῖς
2899 1847 3108 1900 ὀδοῦσιν
3145 1848 3321 1902 αὐτῶν
3360 1849 3557 1920 θηρεῦ·

1989 1949 2077 1985 σαι
2113 1935 2257 2004 ἡμᾶς
2297 1934 2599 2005 ἐγλίχοντο·
2647 1937 2761 1990 ἀλλ’
2799 1939 2900 1991 οὐκ
2943 1940 3204 2010 ἐπέτυχον
3251 1939 3346 1992 τοῦ
3389 1957 3559 1994 σπου-

1987 2025 2301 2095 δαζομένου,
2344 2027 2417 2098 μὴ
2459 2028 2638 2092 δόντος
2671 2031 2820 2099 ἡμᾶς
2859 2029 2954 2082 τοῦ
2989 2031 3192 2101 Κυρίου
3215 2047 3228 2060 ο
3253 2029 3312 2083 ὃν
3342 2031 3436 2083 καὶ⁵
3464 2032 3557 2084 εὐ-

1987 2115 2247 2186 λογοῦμεν
2300 2119 2604 2188 ῥυσάμενον
2649 2120 2796 2189 ἡμᾶς
2842 2119 2949 2172 ἀπὸ
2993 2119 3099 2171 τῶν
3153 2121 3387 2187 φονικῶν
3434 2120 3556 2173 καθ’

1987 2204 2142 2275 ἡμῶν
2165 2205 2537 2260 διατεθέντων.

2514 2300 2804 2354 ΨΑΛΜΟΣ
2833 2301 3000 2353 ΡΚΔ’.

2462 2393 2600 2460 Ὄρη
2633 2392 2834 2456 κύκλῳ
2859 2391 3011 2460 αὐτῆ
3019 2414 3068 2460 ς.

2053 2481 2239 2536 Ταῦτά
2279 2500 2445 2552 φασιν
2489 2485 2538 2536 oi
2585 2482 2727 2553 μετὰ
2771 2485 2870 2555 τὴν
2908 2484 3124 2556 μακρὰν
3169 2485 3554 2550 ἐπανελθόντες

1982 2573 2286 2644 ὁδοιπορίαν
2334 2575 2424 2627 ἐπὶ
2455 2575 2552 2647 τὴν
2593 2575 2858 2647 αἰσθητὴν
2916 2576 3291 2648 Ἰερουσαλὴμ,
3339 2578 3416 2643 ὡς
3449 2579 3552 2650 ήδη

1982 2664 2165 2717 λοιπὸν
2209 2667 2266 2717 ἐν
2299 2666 2565 2737 ἀσφαλείᾳ
2612 2667 2913 2738 γενόμενοι,
2945 2669 3006 2721 οὐ
3055 2669 3132 2740 τῷ
3175 2673 3344 2739 τόπῳ,
3384 2673 3450 2741 τῇ
3497 2670 3553 2723 δὲ

1984 2756 2301 2827 πεποιθήσει
2348 2757 2441 2810 τοῦ
2483 2757 2687 2830 Κυρίου
2742 2758 3090 2831 θαρροῦντες
3139 2761 3270 2833 δηδὴ
3307 2764 3552 2833 κρεῖττον

1980 2850 2074 2902 τοῦ
2102 2855 2373 2904 κατοικεῖν
2423 2853 2809 2924 Ἰερουσαλήμ·
2847 2854 2942 2907 καὶ
2978 2854 3100 2907 ἐπεὶ
3158 2855 3316 2908 τοῦτο
3335 2856 3412 2926 (5)
3448 2856 3552 2908 ποῦ

1983 2943 2243 3012 κρείττων
2292 2939 2359 3014 ἦν
2401 2945 2429 2996 ὁ
2473 2943 2632 3008 Mdg;
2677 2944 2767 2997 τοῦ
2821 2946 2920 3016 μὲν
2965 2946 3132 2998 τόπου
3183 2946 3282 3018 ὅρη
3337 2945 3553 3016 λέγεται

1981 3037 2191 3108 κύκλῳ*
2237 3037 2335 3090 τοῦ
2367 3037 2423 3090 δὲ
2465 3037 2614 3105 λαοῦ,
2649 3037 2713 3091 δι’
2749 3038 2806 3090 ὃν
2841 3041 2934 3092 καὶ
2973 3040 3000 3091 ὸ
3039 3039 3200 3103 τόπος
3242 3041 3549 3112 τετίμηται,

1979 3127 2145 3191 ὅντως
2178 3130 2206 3181 ὁ
2231 3128 2381 3192 Θεὸς,
2421 3129 2449 3181 ὁ
2483 3130 2576 3182 καὶ
2606 3127 2698 3182 τὸν
2729 3128 2893 3183 τόπον
2923 3129 3224 3198 φυλάττων,
3274 3131 3361 3182 ὅτε
3401 3130 3550 3196 ἄξιος

1977 3219 2006 3271 ὁ
2039 3218 2181 3282 λαός.

1991 3307 2229 3374 Ἀπάξει
2283 3310 2495 3378 Κύριος
2566 3309 2717 3433 μῗὶτὰ
2780 3308 2902 3431 [nim
2967 3308 3366 3378 ἐργαζομένων
3433 3311 3553 3380 τὴν

2664 3396 2774 3433 νοιι
2801 3396 2897 3432 αν.

2664 3396 2897 3448 νομιαν.
3152 3436 3158 3441 _

2051 3470 2124 3523 Τὸ
2165 3470 2399 3536 ἀπάξει,
2439 3471 2496 3523 τὴ
2519 3471 2855 3539 παραδώσει
2889 3471 3062 3542 δηλοῖ·
3084 3474 3162 3536 είς
3191 3471 3546 3545 τὴνὰκαθαρ-

1981 3563 2098 3616 σίαν
2136 3565 2201 3634 ῆν
2235 3563 2454 3628 εἵλοντο,
2488 3565 2566 3627 εἰς
2619 3563 2766 3634 πάθη
2799 3582 2858 3618 τε
2903 3567 3124 3636 ἀτιμίας
3160 3567 3252 3620 καὶ
3295 3567 3549 3637 ἀδόκιμον

1978 3653 2120 3717 νοῦν,
2157 3656 2326 3706 ποιεῖν
2359 3653 2427 3706 τά
2454 3654 2528 3724 μὴ
2557 3653 2886 3724 καθήκοντα.

2505 3833 2797 3886 ΨᾹΛΜΟΣ
2831 3822 3003 3886 ΡΚΕ’.

1991 3925 2085 3977 Ἐν
2100 3924 2178 3990 τῷ
2198 3923 2551 3993 ἐπιστρέψαι
2573 3925 2792 3993 Κύριον
2809 3923 2924 3992 τὴν
2946 3926 3361 3994 ιιίχδιιαλωσίαν
3383 3925 3547 3980 Σιών.

2049 4018 2112 4068 Οἱ
2157 4017 2441 4070 ἀπόστολοι
2491 4017 2663 4071 ταῦτα
2710 4016 3142 4088 προφητεύονται
3193 4016 3365 4084 λέξειν
3419 4021 3548 4088 περὶ

1979 4109 2183 4163 ἑαυτῶν
2213 4109 2434 4164 καὶτῶν
2464 4111 2520 4164 ὲν
2550 4112 2660 4173 τοῖς
2693 4109 2891 4173 ἔθνεσι,
2924 4110 3022 4167 καὶ
3054 4112 3191 4180 μετὰ
3218 4111 3387 4163 ταῦτα
3415 4112 3549 4163 ἀπο-

1980 4201 2257 4268 φανεῖσθαι
2290 4205 2418 4275 περ“ι
2447 4203 2647 4274 σπόρου
2681 4202 2774 4254 καὶ
2807 4199 3089 4270 θερισμοῦο
3122 4200 3262 4253 κατά
3296 4201 3419 4264 τοὺς
3450 4198 3545 4253 τοῦ

1978 4295 2138 4348 Δαϐιδ
2166 4296 2389 4367 χρόνους
2420 4296 2519 4348 οὐκ
2545 4291 2610 4364 ἦν
2644 4297 2675 4365 ή
2712 4292 3055 4364 αἰχμαλωσία
3078 4308 3092 4322 ο
3124 4291 3266 4361 τάχα
3297 4289 3388 4344 οὖν
3422 4293 3549 4364 περὶ

313 4401 426 4453 inec
457 4396 770 4466 prophetice
803 4393 1100 4461 signiﬁcari
1135 4391 1337 4446 futura.
1365 4389 1568 4459 Nempe
1603 4391 1873 4460 aliquanta

1985 4389 2080 4458 τῆς
2107 4389 2301 4459 νοητῆς
2323 4387 2498 4440 ταῦτά
2526 4402 2687 4456 φησιν
2708 4403 2719 4414 ·
2745 4388 2860 4455 ὲρεί
2875 4385 2932 4437 δὲ
2963 4383 3140 4447 ἄλλος,
3170 4385 3252 4437 ὅτι
3284 4401 3551 4456 προφητι-

309 4490 645 4559 captivorum
676 4502 807 4557 pars
842 4483 1115 4555 Babylone
1164 4483 1359 4548 redux,
1424 4490 1739 4551 recuperata
1778 4478 1871 4534 Je-

312 4583 565 4645 rusalem,
607 4582 674 4635 de
722 4581 787 4634 iis
820 4579 909 4648 qui
939 4575 1210 4648 Babylone
1258 4582 1651 4638 remanserant,
1697 4572 1873 4627 canti-

309 4693 430 4731 cum
465 4677 564 4728 ltOC
599 4689 702 4727 non
740 4672 858 4725 sine
885 4672 1024 4725 bona
1058 4667 1464 4736 exspectatione
1507 4667 1616 4720 Deo
1641 4664 1870 4720 extollit.

306 4768 471 4821 Aiunt
491 4781 618 4835 ergo
649 4764 881 4818 nondum
911 4777 1068 4817 suum
1093 4759 1348 4831 gaudium
1366 4770 1487 4812 esse
1513 4756 1871 4827 completum;

308 4863 424 4916 fore
455 4871 658 4922 autem,
693 4872 814 4912 cum
845 4855 1096 4910 universa
1123 4855 1270 4906 natio
1309 4867 1378 4906 ex
1425 4849 1608 4906 hostili
1656 4849 1875 4918 regione

307 4956 374 5007 ad
407 4953 681 5021 propriam
729 4950 966 5003 redierit.
1020 4945 1170 4999 Hanc
1209 4944 1467 4999 nimirum
1505 4942 1608 4997 loci
1654 4953 1872 4995 semen-

309 5048 437 5100 tiatn
471 5043 662 5112 reliqui
688 5045 1007 5107 interpretes
1045 5039 1280 5092 sistunt:
1319 5051 1442 5089 nam
1470 5049 1589 5103 pro,
1620 5032 1748 5099 ['acti
1779 5046 1874 5082 suo

306 5156 422 5194 mus
445 5138 578 5192 sicut
620 5135 909 5199 consolati,
954 5130 1294 5187 concorditer
1325 5143 1512 5181 omnes
1553 5127 1739 5178 aiunt:
1785 5123 1874 5190 {a-

303 5232 378 5284 cti
400 5244 580 5284 sumus
619 5229 763 5296 quasi
795 5227 1149 5288 somniantes;
1187 5238 1289 5276 non
1322 5230 1501 5274 autem
1534 5231 1661 5271 vera
1708 5215 1871 5268 liber-

1980 4480 2090 4543 κῶς
2116 4481 2176 4532 τὸ
2209 4479 2396 4549 μέλλον
2430 4477 2680 4547 δηλοῦται
2847 4507 2914 4516 --
2935 4474 3112 4546 Μέρος
3138 4491 3191 4526 τι
3221 4475 3320 4544 τῆς
3346 4477 3550 4545 αἰχμα-

1979 4570 2178 4635 λωσίας
2208 4570 2497 4625 ἑπανελθὸν
2520 4569 2629 4623 ἀπὸ
2656 4571 2755 4639 τῆς
2787 4568 3123 4634 Βαϐυλῶνος,
3155 4569 3248 4621 ml.
3277 4567 3548 4620 ἁπολαὸὸν

1979 4667 2076 4738 τὴν
2116 4667 2486 4739 Ἰερουσαλὴμ,
2524 4665 2649 4735 περὶ
2681 4664 2788 4717 τῶν
2834 4662 3241 4732 ἀπομεινάντων
3284 4663 3341 4713 ὲν
3375 4661 3551 4714 Βαϐυ-

1981 4758 2108 4811 λῶνι
2135 4758 2232 4828 τὴν
2262 4759 2623 4829 προκειμένην
2652 4756 2793 4827 ᾠδὴν
2818 4755 2902 4806 ἐπ’
2934 4753 3164 4822 ἀγαθαῖς
3208 4751 3551 4824 προσδοκίαις

1981 4850 2292 4920 ἀναπέμπει
2315 4865 2332 4882 ο
2376 4850 2510 4917 φασὶ
2551 4848 2644 4911 δὲ,
2681 4850 2761 4901 ὅτι
2789 4845 2940 4898 οὔπω
2980 4845 3075 4915 μὲν
3106 4843 3325 4907 τελείως
3352 4843 3421 4897 τὰ
3450 4845 3550 4911 τῆς

1981 4941 2253 5013 ἡμετέρας
2283 4943 2458 5012 χαρᾶς
2496 4940 2878 5009 πεπλήρωται·
2913 4937 3066 4989 ἔσται
3094 4935 3150 4988 δὲ
3184 4935 3341 4988 τοῦτο
3373 4937 3459 4988 ὅτε
3490 4935 3549 4985 τὸ

1983 5032 2089 5084 πᾶν
2134 5031 2282 5094 ἔθνος
2319 5031 2430 5083 ἀπὸ
2471 5031 2566 5100 τῆς
2616 5029 2876 5098 πολεμίας
2919 5027 3010 5078 ἐπὶ
3056 5027 3154 5097 τὴν
3202 5025 3405 5079 οἰκείαν
3447 5023 3546 5091 γῆν

1978 5125 2246 5196 ἐπανέλθῃ
2266 5142 2278 5153 ·
2306 5124 2507 5195 ταύτην
2535 5123 2591 5176 δὲ
2620 5124 2717 5194 τὴν
2747 5121 2983 5175 διάνοιαν
3017 5120 3342 5191 παρίστησιν
3375 5117 3406 5184 ἡ
3440 5113 3547 5166 τῶν

1977 5216 2178 5269 λοιπῶν
2207 5217 2467 5288 ἑρμηνεία
2491 5233 2503 5245 ·
2523 5216 2642 5267 ἀντὶ
2668 5215 2775 5286 γὰρ
2800 5212 2915 5277 τοῦ,
2939 5210 3302 5282 ἐγενήθημεν
3336 5208 3413 5270 ὠς
3439 5223 3549 5274 πςκ-

305 5333 470 5379 tatetn
535 5328 776 5376 nostram
823 5319 1030 5371 visione
1093 5323 1415 5384 spectantes.
1479 5309 1648 5363 Porro
1697 5307 1870 5360 instar

1985 5307 2420 5374 οαλιεκλημένοι,
2442 5306 2740 5376 συμφώνως
2775 5307 2823 5358 οἱ
2845 5305 3042 5367 πάντες
3075 5303 3253 5372 φασὶν,
3268 5297 3548 5368 ἐγενήθη-

305 5431 446 5471 verae
474 5412 880 5483 perspicuaeque
906 5408 1124 5462 visionis
1147 5406 1248 5460 erit
1278 5404 1457 5459 laetitia
1486 5410 1693 5464 nostra,
1723 5405 1869 5467 post~

389 5511 410 5542 ‘
445 5509 614 5564 Exod.
647 5521 760 5574 xxv,
803 5504 890 5558 14.

379 5609 455 5676 (5)
510 5605 664 5660 Ἐπεὶ
715 5601 920 5676 τοῦτο..
982 5599 1250 5667 lnterpres
1296 5595 1494 5668 legisse
1541 5593 1776 5676 videtur
1807 5591 1899 5676 ent

309 5665 511 5750 τοῦτὶρ,
561 5677 642 5732 vel
688 5678 780 5728 ἐπὶ
831 5671 1080 5735 τούτοις,
1128 5665 1185 5723 ut
1237 5679 1290 5723 ct
1345 5665 1611 5724 sententia
1667 5665 1900 5736 postulat

315 5750 473 5805 lim.

1970 5414 2085 5465 μεν
2112 5399 2191 5464 ὡς
2227 5400 2726 5468 ἐνυπνιαζόμενοι,
2753 5397 2866 5452 ἀλλ’
2900 5398 2998 5467 οὐχ
3038 5395 3183 5465 ὕπαρ
3207 5390 3303 5463 τὴν
3332 5389 3547 5459 ἐλευθε-

2069 5590 2168 5663 (ᾆθ)
2207 5585 2488 5642 Nonnullis
2522 5585 2803 5663 Patribns,
2843 5584 2933 5663 qui
2959 5581 3296 5663 gradualium
3326 5592 3540 5663 quoque

2001 5655 2328 5728 psalmorum
2387 5667 2665 5728 auctorem
2745 5655 3001 5710 Davidem
3071 5655 3545 5711 existimaverunt,

2011 5748 2150 5788 nunc
2186 5733 2412 5788 addatur
2440 5726 2723 5783 Eusebius.
