4068 6198
445 378 521 432 17
1592 372 2089 427 (ὌΜΜΕΝΤΑΒΙΑ
2131 372 2196 427 IN
2237 370 2575 427 PSALMOS.
2756 366 2760 371 ’
3635 366 3700 420 18

455 500 575 565 ρίαν
603 496 761 568 ἡμῶν
808 494 1238 566 φανταζόμενοι·
1275 492 1426 546 ἔσται
1463 494 1517 547 δὲ
1560 494 1708 567 ὕπαρ
1742 496 1833 548 καὶ
1884 497 2029 565 ἐναρ-

2147 511 2307 562 quam
2346 493 2534 561 reliqui
2587 503 2799 561 quoque
2842 489 3036 541 fratres
3087 486 3255 541 nostri
3309 502 3337 540 a
3389 486 3703 555 captivitate

458 588 557 657 τὴς
572 586 724 657 ἡμῶν
746 586 780 656 ἡ
801 585 969 656 χαρὰ,
992 584 1212 637 ἐπειδὰν
1240 583 1333 635 καὶ
1360 584 1408 635 οἱ
1436 582 1616 639 λοιποὶ
1639 584 1794 654 ἡμῶν
1819 584 2035 653 ἀδελφοὶ

461 677 562 731 ἀπὸ
600 678 697 746 τῆς
738 676 1122 746 αἰχμαλωσίας
1174 672 1560 727 ἐπανέλθωσιν·
1618 676 1701 743 ἐφ’
1743 669 1786 741 ᾧ
1828 676 1922 728 καὶ
1965 675 2034 728 τὰ

456 767 577 838 ἔθνη
617 766 985 840 μακαριοῦσίν
1021 767 1191 836 ἡμᾶς,
1216 765 1294 827 ὡς
1321 765 1428 819 ἴδια
1453 765 1585 837 μέλη
1616 768 2029 839 κομισαμένους·

453 858 511 911 ἒν
536 859 646 930 γὰρ
674 860 732 912 τὸ
757 858 919 929 σῶμα
952 858 1063 911 τῶν
1096 856 1438 927 σωζομένων.

638 950 773 1001 Τότε
803 948 1088 1014 ἐπλήσθη
1120 945 1311 1014 χαρᾶς
1339 945 1404 997 τὸ
1439 946 1633 1013 στόμα
1668 946 1855 1015 ἡμῶν.

524 1038 664 1099 Τοὺς
691 1038 955 1106 λέγοντας
989 1040 1065 1110 (4)
1096 1040 1166 1092 τά
1206 1040 1328 1093 θεῖα
1374 1040 1458 1109 ἐφ’
1492 1036 1574 1103 οἷς
1620 1040 1831 1112 καρπὸς
1874 1042 2035 1095 πνεύ-

455 1144 645 1196 ματος,
685 1129 826 1200 χαρὰ
873 1132 986 1192 τοῖς
1034 1130 1326 1181 ἀκούουσιν
1356 1129 1416 1182 τὸ
1465 1130 1563 1199 μὲν
1609 1131 1781 1201 στόμα
1828 1133 2033 1199 γίνεται

455 1222 549 1272 καὶ
590 1221 879 1293 ἐπληρώθη
931 1224 1144 1292 χαρᾶς,
1193 1223 1225 1292 ὴ
1275 1221 1332 1274 δὲ
1380 1222 1600 1290 γλῶσσα
1639 1224 2031 1291 ἀγαλλιάσεως,

455 1312 545 1379 ἀρ’
574 1306 649 1365 ὧν
684 1316 767 1383 ῥεῖ
793 1314 934 1382 χαρά
962 1315 1057 1365 καὶ
1088 1312 1437 1381 ἀγαλλίασις·
1478 1315 1682 1368 τούτων
1714 1317 1770 1369 δὲ
1817 1318 2031 1388 γινομέ-

454 1421 580 1467 νων,
609 1406 660 1456 οί
690 1405 796 1457 ἀπὸ
828 1405 933 1457 τῶν
974 1404 1146 1457 ἐθνῶν
1178 1404 1550 1476 διδασκόμενοι
1584 1406 1855 1475 λέγουσιν·
1875 1409 2033 1479 Ἐμε-

452 1496 647 1561 γάλυνε
698 1497 897 1569 Κύριος
937 1497 1032 1550 τοῦ
1078 1497 1301 1567 ποιῆσαι
1352 1499 1468 1568 μετ’
1503 1498 1713 1553 αὐτῶν·
1759 1501 1855 1553 καὶ
1904 1502 2033 1572 περὶ

454 1587 663 1640 ἑαυτῶν
692 1588 748 1640 δέ
772 1606 932 1657 φασιν
953 1587 1419 1659 εὐχαριστοῦντες·
1439 1591 1799 1659 Ἐμεγὼῑυνε
1818 1595 2032 1661 Κύριος

453 1677 563 1732 τοῦ
578 1678 827 1747 ποιῆσαι
851 1680 978 1747 μεθ’
997 1678 1181 1747 ἡμῶν·
1230 1679 1565 1750 ἐγενήθημεν
1593 1683 2025 1755 εὐφραινόμενοι.

464 1770 599 1822 Ἐπὶ
627 1770 723 1839 μὲν
740 1769 858 1822 τῶν
883 1768 1159 1838 ποταμῶν
1176 1768 1535 1836 Βαϐυλῶνος
1551 1772 1912 1842 ἐκαθίσαμεν
1931 1776 2029 1827 καὶ

2143 585 2341 639 fuerint
2388 584 2613 640 reversi.
2657 585 2828 649 Quam
2883 595 2997 634 rem
3046 588 3231 650 gentes
3284 591 3497 647 quoque
3548 575 3702 629 nobis

2140 678 2575 746 gratulabuntur,
2606 692 2701 731 ceu
2754 676 2843 745 qui
2887 675 3125 727 membra
3180 680 3362 725 nostra
3412 683 3701 736 recupera—

2140 771 2395 824 verimus.
2438 768 2619 824 Unum
2657 767 2857 838 quippe
2887 765 3216 820 salvatorum
3260 760 3537 816 hominum
3580 773 3702 814 cors

2141 879 2239 933 pus
2271 873 2374 917 est.

2204 953 2365 1007 Vens.
2405 952 2460 1005 2.
2494 950 2639 1004 Tunc
2676 949 2923 1019 repletum
2958 958 3029 1001 est
3063 946 3255 1016 gaudio
3293 961 3348 997 os
3382 953 3636 997 nostrum.

2214 1046 2433 1109 Eorum,
2466 1046 2555 1114 qui
2585 1043 2768 1097 divina
2793 1042 3141 1111 eloquuntur,
3179 1040 3231 1092 in
3258 1038 3454 1106 quibus
3481 1037 3699 1103 spiritus

2142 1142 2346 1195 fructus
2379 1149 2485 1204 est,
2514 1138 2766 1209 gaudium
2799 1134 3143 1189 audientibus
3169 1141 3318 1185 creat
3350 1146 3413 1184 os
3445 1129 3698 1199 jucundi-

2144 1224 2251 1288 tate
2284 1231 2609 1294 redundans,
2644 1238 2698 1283 et
2734 1227 2910 1294 lingua
2943 1224 3133 1277 tlillluit
3160 1222 3541 1276 exsultatione.
3570 1218 3699 1284 Qum

2139 1339 2258 1377 cum
2310 1321 2421 1375 tieri
2460 1329 2648 1389 gentes
2692 1324 3059 1387 cognoscunt,
3096 1314 3287 1367 aiunt:
3340 1310 3699 1380 Magniﬁcavit

2141 1412 2402 1466 Dominus
2450 1409 2630 1462 facere
2674 1423 2794 1461 cum
2828 1406 2926 1460 eis.
2964 1402 3074 1457 lmo
3116 1411 3169 1457 et
3211 1402 3276 1457 de
3318 1417 3376 1456 se
3407 1400 3535 1469 ipsis
3574 1414 3694 1453 cum

2139 1499 2431 1567 gratiarum
2497 1495 2710 1549 actione
2757 1493 2983 1547 dicunt:
3035 1491 3391 1560 Magniﬁcavit
3441 1489 3696 1542 Dominus

2138 1592 2309 1660 facere
2353 1590 2656 1651 nobiscum;
2693 1587 2920 1655 ideoque
2972 1585 3131 1638 lmtati
3178 1599 3384 1639 sumus.
3426 1580 3495 1635 Et
3541 1597 3697 1652 super

2136 1684 2359 1752 ﬂumina
2391 1682 2605 1751 quidem
2636 1680 2920 1751 Babylonis
2961 1678 3147 1744 (Judaei
3177 1676 3443 1746 inquiunt)
3472 1675 3697 1729 sedimus

2138 1791 2199 1826 ac
2228 1774 2466 1842 ﬂeuimus
2494 1774 2553 1838 ';
2589 1789 2712 1827 cum
2740 1781 2921 1827 autem
2956 1770 3097 1824 Deus
3129 1769 3370 1838 captivos
3400 1767 3701 1831 revocavit,

461 1861 879 1927 ézlm’m'auer-
920 1862 976 1912 ὲν
1023 1860 1076 1912 δὲ
1116 1860 1191 1930 τῷ
1216 1860 1539 1930 ἐπιστρέψαι
1573 1864 1663 1915 τὸν
1694 1863 1896 1934 Κύριον
1934 1866 2029 1936 τὴν

2136 1864 2385 1931 repletum
2418 1874 2492 1917 est
2526 1866 2721 1934 gaudio
2753 1879 2807 1916 0s
2848 1874 3079 1915 nostrum
3104 1860 3142 1913 ⁸.
3178 1859 3391 1914 Similes
3420 1872 3579 1927 porro
3616 1857 3694 1910 lo-

466 1951 865 2021 αίχμαλωσίαν,
894 1950 1157 2018 ἐπλήσθη
1189 1950 1376 2021 χαρᾶς
1425 1954 1487 2007 τὸ
1531 1956 1723 2023 στόμα
1756 1956 2027 2025 ήμῶν-(5)·

486 2042 683 2095 Ἐπὰν
709 2040 1049 2111 ποιήσωμεν
1077 2041 1148 2106 τῷ
1181 2045 1420 2112 στόματι
1466 2044 1751 2113 φυλακήν
1770 2063 1783 2075 ·
1831 2048 1925 2099 καὶ
1950 2048 2030 2107 τὸ,

468 2134 669 2201 Scopa
700 2132 932 2186 δικαίου
974 2132 1187 2202 μελετᾷ
1234 2136 1492 2203 σοφίαν·
1552 2137 1645 2189 καὶ
1688 2137 1768 2200 τὸ,
1808 2139 2033 2207 "Aron-8

458 2225 577 2276 σόν·
621 2227 837 2293 στόμα,
890 2225 1046 2294 λέγει
1102 2228 1275 2292 Θεός·
1325 2228 1417 2281 καὶ
1463 2229 1660 2303 ῥμοια·
1722 2228 1791 2283 Τὸ
1841 2232 2034 2299 στόμα

450 2313 623 2382 ’ἡμῶν
638 2316 867 2385 ἀνέῳγε
886 2317 1035 2384 πρὸς
1056 2315 1230 2385 ὑμᾶς,
1257 2320 1547 2385 Κορίνθιοι
1565 2336 1579 2350 ·
1608 2320 1726 2373 τότε
1748 2319 2033 2390 ἀληθεύον-

447 2422 540 2469 τες
568 2407 811 2477 φήσομεν
828 2424 841 2436 ·
867 2408 1001 2460 Τότε
1023 2407 1299 2477 ἐπλήσθη
1323 2409 1513 2478 χαρᾶς
1538 2410 1602 2463 τὸ
1625 2412 1817 2478 στόμα
1842 2410 2027 2481 ἡμῶν.

448 2499 561 2552 Καὶ
592 2500 711 2568 μετ’
745 2499 919 2567 ὀλίγα·
974 2500 1145 2553 Ἐπὰν
1182 2501 1237 2553 δὲ
1296 2502 1618 2572 φυλάξωμεν
1641 2502 1738 2566 τὰς
1766 2503 1915 2567 ὁδοὺς
1937 2504 2029 2556 τοῦ

454 2591 529 2659 μὴ
562 2591 917 2661 ἁμαρτάνειν,
945 2591 1063 2644 τότε
1114 2591 1531 2664 πληρωθήσεται
1559 2595 1589 2664 ἡ
1625 2592 1845 2662 γλῶσσα
1874 2596 1905 2664 ὴ
1917 2595 2030 2665 μῶν

449 2680 856 2748 ἀγαλλιάσεως·
896 2681 1141 2755 ἐπλήσθη
1184 2682 1240 2735 δὲ
1293 2686 1468 2755 χαρᾶς
1520 2684 1613 2736 καὶ
1659 2683 1720 2736 τὸ
1766 2683 2028 2737 Φίλιππου

451 2775 646 2845 στόμα,
694 2776 781 2827 ὅτε
819 2775 1037 2841 ἀνοίξας
1081 2776 1142 2828 τὸ
1173 2776 1344 2846 στόμα
1378 2775 1563 2842 αὑτοῦ,
1600 2778 1693 2830 καὶ
1730 2777 2032 2848 ἀρξάμενος

450 2867 557 2919 ἀπὸ
580 2866 695 2931 τοῦ,
736 2867 833 2932 Ὠς
856 2868 1155 2934 πρόϐατον
1173 2867 1271 2920 ἐπὶ
1301 2867 1547 2937 σφαγὴν
1584 2867 1763 2935 ἤχθη,
1797 2867 2031 2937 εὐηγγε-

455 2958 640 3010 λίσατο
666 2958 754 3009 τὸν
794 2957 997 3028 Ἰησοῦν
1026 2958 1105 3029 τῷ
1134 2959 1371 3030 εὐνούχῳ
1399 2959 1635 3012 Αἰθίοπι.

559 3050 915 3119 Ἐμεγάἶυνε
944 3053 1159 3119 Κύριος
1184 3052 1289 3105 τοῦ
1321 3052 1567 3121 ποιῆσαι
1586 3054 1716 3122 μεθ’
1747 3051 1932 3120 ἡμῶν.

543 3140 817 3210 ’Δνωτὲρω
850 3142 945 3211 μὲν
968 3140 1043 3204 ὼς
1070 3141 1168 3212 ἤδη
1203 3142 1536 3213 ὲπιστρορῆς
1567 3141 1673 3194 ἀπὸ
1702 3141 1799 3211 τῆς
1830 3143 2031 3212 αἰχμα-

2133 1960 2377 2012 Culioncs
2411 1965 2571 2010 sunt:
2620 1956 2752 2008 Cum
2795 1971 3042 2022 ponemus
3092 1955 3171 2005 ori
3228 1953 3521 2005 custodiam
3543 1954 3585 2015 ⁹;
3619 1961 3694 2015 et,

2136 2047 2208 2101 Os
2232 2048 2368 2115 justi
2395 2047 2677 2099 meditatur
2711 2046 3024 2113 sapientiam
3050 2044 3122 2094 ‘°:
3148 2053 3223 2105 et,
3255 2042 3408 2108 Aperi
3444 2058 3499 2093 os
3529 2051 3693 2098 tuum,

2134 2138 2261 2190 dicit
2294 2137 2545 2190 Dominus
2569 2136 2641 2199 ¹¹;
2681 2136 2891 2203 aliaque
2917 2132 3216 2201 hujnSmodi
3244 2131 3460 2195 :velnti,
3503 2130 3571 2182 Os
3604 2146 3698 2180 nc-

2132 2240 2297 2282 strum
2326 2237 2466 2297 patet
2490 2227 2559 2281 ad
2587 2244 2697 2290 vos,
2723 2226 2981 2281 Corinthii
3007 2230 3070 2280 ¹¹.
3103 2227 3237 2280 Tum
3268 2240 3392 2278 vere
3417 2224 3691 2278 dicemus:

2136 2320 2281 2374 Tunc
2308 2322 2557 2389 repletum
2586 2330 2661 2373 est
2694 2320 2888 2389 gaudio
2923 2337 2980 2373 as
3010 2329 3263 2373 nostrum.
3298 2316 3363 2371 Et
3397 2315 3581 2385 paucis
3615 2315 3697 2367 in-

2134 2415 2378 2484 terjectis
2401 2433 2413 2468 :
2437 2413 2572 2468 Cum
2607 2411 3025 2467 custodierimus
3048 2414 3164 2465 vias
3199 2420 3434 2471 nostras,
3463 2423 3527 2463 ne
3560 2408 3697 2463 forte

2134 2521 2455 2575 peccemus,
2496 2515 2626 2560 tunc
2660 2505 2837 2575 lingua
2887 2516 3068 2558 nostra
3116 2503 3409 2573 replebitur
3457 2499 3693 2557 exsulta-

2135 2600 2302 2657 tione.
2332 2598 2542 2654 Gaudio
2576 2612 2792 2666 quoque
2823 2595 3052 2665 Philippi
3091 2609 3152 2649 os
3190 2594 3533 2655 redundavit,
3570 2608 3695 2646 cum

2131 2689 2260 2743 illud
2300 2690 2569 2759 aperiens,
2604 2688 2968 2755 incipiensqne
2990 2700 3019 2739 a
3048 2686 3227 2739 verbis
3262 2684 3387 2747 illis,
3424 2682 3694 2752 Tanquam

2132 2782 2239 2834 ovis
2292 2782 2361 2832 ad
2400 2780 2711 2833 occisionem
2756 2778 2944 2830 ductus
3000 2786 3075 2831 est
3124 2777 3184 2838 ⁸³,
3214 2774 3394 2829 Jesum
3448 2776 3696 2827 eunucho

2132 2872 2369 2942 Ethiopi
2392 2870 2779 2940 evangelizavit
2809 2868 2897 2921 ¹³”.

2170 2964 2335 3021 Vens.
2366 2964 2419 3017 3.
2460 2962 2821 3033 Magnificavit
2866 2959 3122 3014 Dominus
3156 2958 3328 3028 facere
3366 2958 3654 3011 nobiscum.

2204 3055 2464 3127 Superius
2508 3070 2608 3109 cen
2648 3064 2771 3125 post
2813 3052 3041 3107 reditum
3096 3067 3124 3104 a
3167 3050 3516 3121 Captivitate,
3565 3048 3690 3103 dicti

2139 3149 2289 3204 fuere
2330 3149 2437 3202 duo
2476 3146 2751 3201 versiculi.
2796 3145 2947 3200 Nunc
2978 3154 3230 3212 tanquam
3267 3142 3442 3196 adhuc
3492 3142 3545 3194 in
3600 3155 3693 3194 ca-

463 3230 663 3293 λωσίας
706 3233 1011 3303 γινομένης,
1068 3232 1311 3302 εἴρηνται
1354 3235 1402 3285 0i
1450 3232 1542 3285 δύο
1585 3232 1789 3302 στίχοι·
1848 3231 1943 3285 νῦν
1972 3231 2027 3284 δὲ

2140 3243 2388 3309 ptivitate
2414 3242 2686 3303 detentus,
2716 3240 2833 3293 haec
2860 3240 2931 3293 ait
2955 3236 3256 3306 Propheta;
3292 3247 3448 3289 antea
3476 3234 3691 3304 quidem

461 3323 536 3386 ὠς
567 3321 644 3374 ἔτι
670 3325 726 3374 ἐν
756 3322 1097 3393 αἰχμαλωσίᾳ
1123 3322 1219 3385 ὢν,
1259 3321 1431 3376 ταῦτά
1459 3339 1622 3392 φησιν
1651 3325 1679 3375 ὁ
1714 3323 2027 3394 Προφήτης,

453 3413 513 3465 τὸ
541 3414 639 3483 μὲν
652 3414 911 3486 πρότερον
930 3412 1306 3484 προφητεύων,
1333 3410 1648 3485 οἷμαι,περὶ
1670 3413 1779 3467 τῶν
1808 3415 2033 3467 ἀποστό-

452 3504 580 3566 λων,
615 3504 677 3557 τὸ
706 3506 763 3557 δὲ
793 3504 1043 3577 δεύτερον
1072 3507 1134 3557 ἐκ
1165 3504 1456 3576 προσώπου
1483 3506 1655 3574 λέγων
1686 3505 1792 3559 τῶν
1827 3506 1994 3559 ἐθνῶν
2013 3524 2026 3536 ·

450 3595 559 3649 τῶν
576 3597 683 3667 γὰρ
704 3598 759 3649 ὲν
773 3598 885 3660 τοῖς
907 3596 1115 3650 ἕθνεσίν
1136 3598 1282 3651 ἐστιν
1312 3598 1377 3651 τὰ
1393 3598 1500 3651 ἀπὸ
1529 3597 1646 3661 τοῦ,
1680 3596 2031 3667 Ἐμεγάλιννε

454 3690 667 3755 Κύριος
695 3689 803 3742 τοῦ
841 3690 1089 3759 ποιῆσαι
1127 3694 1255 3760 μεθ’
1281 3692 1469 3762 ἡμῶν,
1509 3692 1614 3757 ἕως
1660 3693 1776 3758 τοῦ,
1807 3694 1886 3759 ὡς
1914 3708 2032 3761 χει-

457 3780 715 3849 μάρῤους
745 3783 815 3835 ἐν
847 3781 930 3848 τῷ
962 3785 1131 3850 νότῳ.

521 3873 934 3941 Ἐπίστρεψον,
964 3876 1167 3943 Κύριε,
1194 3875 1310 3944 τὴν
1336 3876 1751 3945 αἰχμαλωσίαν
1788 3873 1973 3942 ἡμῶν.

538 3963 869 4026 ’Δκολούθως
896 3963 991 4017 καὶ
1017 3963 1187 4018 ταῦτα
1220 3965 1568 4036 προσέθηκαν
1609 3968 1721 4028 τοῖς
1753 3961 1991 4035 πρώτοις
2013 3979 2026 3992 ·

456 4054 517 4107 ού
542 4054 650 4123 γὰρ
677 4054 1147 4126 ἀναισθητοῦντες,
1168 4058 1321 4126 φησὶ,
1339 4058 1436 4127 τῆς
1466 4059 1543 4119 είς
1572 4058 1716 4126 ἡμᾶς
1748 4056 1848 4125 ἥδη
1877 4072 2031 4121 γενο-

460 4146 625 4215 μένης
658 4146 994 4217 εὐεργεσίας,
1036 4148 1208 4202 ταῦτά
1241 4165 1442 4218 φαμεν,
1474 4146 1586 4199 ἀλλ’
1617 4144 2025 4215 ὁμολογοῦντες,

454 4237 534 4289 ὃτι
564 4237 777 4307 μεγάλα
823 4237 922 4308 μὲν
958 4238 1176 4308 εποίησε
1223 4238 1340 4309 μεθ’
1384 4236 1541 4308 ἡμῶν
1566 4237 1594 4287 ὁ
1628 4235 1779 4300 Θεὸς,
1811 4236 1903 4289 καὶ
1930 4235 2029 4305 ἥδη

453 4330 757 4400 γεγόναμεν
806 4332 865 4383 ὲν
920 4332 1258 4405 εὐφροσύνῃ·
1302 4331 1445 4385 οὕτω
1489 4331 1546 4385 δὲ
1599 4330 1832 4400 ἔχοντες,
1883 4331 2032 4399 ὅμως

454 4421 596 4491 ὑπὲρ
628 4421 734 4473 τῶν
769 4421 1112 4475 καταλοίπων
1148 4423 1323 4494 μελῶν
1351 4422 1506 4493 ἡμῶν
1533 4420 1765 4493 δεόμεθα
1795 4422 1887 4474 καὶ
1923 4422 2031 4473 ἱκε-

452 4513 683 4580 τεύομεν
709 4512 954 4580 λέγοντες
978 4531 990 4543 ·
1040 4514 1454 4582 Ἐπίστρεψον,
1474 4514 1671 4581 Κύριε,
1692 4511 1805 4580 τὴν
1822 4513 2031 4579 αἰχμα-

453 4602 687 4654 λωσίαν
716 4602 885 4671 ἡμῶν
907 4604 986 4669 ὡς
1014 4603 1367 4672 χειμάρρους
1399 4603 1469 4655 ἑν
1506 4600 1585 4667 τῷ
1614 4604 1798 4668 νότῳ·
1831 4601 2028 4655 ἄτοπον

454 4693 564 4763 γὰρ
583 4696 709 4757 τοὺς
742 4696 841 4765 μὲν
869 4696 964 4765 τῆς
1012 4694 1161 4758 θείας
1189 4695 1439 4763 γνώσεως
1484 4697 1677 4767 ὲστερη
1687 4695 1901 4765 μένους,
1929 4694 2026 4765 τὴν

453 4785 534 4847 εις
592 4786 736 4856 ἡμᾶς
796 4788 1166 4858 γεγενημένην
1219 4787 1626 4858 φιλανθρωπίαν
1683 4785 2021 4856 θαυμάζειν,

452 4876 601 4944 ἡμᾶς
621 4877 679 4929 δὲ
698 4878 823 4940 τοὺς
842 4879 939 4948 τῆς
957 4881 1236 4942 εὐσεϐείας
1278 4879 1661 4949 τετυχηκότας,
1706 4877 2025 4949 ἀχαριστίαν

453 4984 651 5021 νοσειν.

671 5062 735 5112 οἱ
766 5061 1115 5130 σπείροντες
1145 5062 1215 5113 ἐν
1245 5060 1558 5129 δάκρυσιν,
1592 5077 1645 5112 κ.
1685 5076 1736 5111 τ.
1769 5059 1816 5111 λ.

536 5151 596 5201 '0
623 5152 860 5223 σπείρων
890 5155 949 5206 ὲν
974 5153 1224 5223 δάκρυσι,
1257 5155 1335 5216 είς
1357 5153 1417 5206 τὸ
1443 5151 1658 5222 πνεῦμα
1681 5150 1893 5222 σπείρει
1918 5148 2024 5201 τῶν

454 5241 546 5293 ἐπὶ
592 5245 703 5305 τοῖς
750 5243 977 5314 δάκρυσι
1010 5245 1457 5316 μακαριζομένων
1478 5264 1491 5275 ·
1524 5247 1581 5296 ὲν
1612 5244 1923 5313 ἀγαλλιάσει
1968 5242 2024 5295 δὲ

455 5332 659 5404 θερίζει
688 5335 831 5407 ζωὴν
856 5337 1094 5402 αἰώνιον,
1124 5341 1151 5392 ό
1180 5339 1462 5407 τυγγάνων
1502 5338 1601 5409 ἥδη
1634 5337 1725 5389 τοῦ
1756 5336 1920 5405 γελᾷν
1948 5334 2024 5405 τῷ

454 5425 744 5496 πνεύματι.
761 5459 825 5468 -
842 5428 967 5491 Τοῖς
990 5431 1118 5501 περὶ
1140 5430 1246 5482 τῶν
1268 5428 1467 5482 λοιπῶν
1494 5426 1848 5499 αἰχμαλώτων
1873 5428 2026 5496 αἰτή-

454 5534 580 5571 σασι
616 5519 675 5572 τὸ
696 5520 845 5573 Θεῖον
862 5522 1213 5594 ἀποκρίνεται
1231 5522 1309 5585 τὸ,
1325 5522 1609 5589 Μακάριοι
1634 5524 1686 5573 ol
1707 5520 2022 5584 κλαίοντες

1187 5633 1209 5665 ⁸
1253 5632 1395 5688 Psal.
1447 5648 1622 5695 cxxv,
1668 5631 1723 5685 2.

1045 5706 1085 5735 "
1118 5703 1224 5760 lsa.
1258 5719 1376 5770 Llll,
1412 5704 1464 5757 7.

523 5629 543 5659 τ
597 5628 739 5683 P-al.
785 5646 1021 5694 cuxvr,
1060 5633 1108 5687 1.

454 5699 497 5733 ⁸⁸
522 5697 563 5751 ll
598 5702 721 5752 Cor.
766 5716 841 5766 vt,
878 5705 963 5757 ii.

529 5816 607 5884 (4)
642 5814 717 5871 lta
744 5819 899 5873 codd.

2144 3335 2212 3388 de
2262 3333 2543 3400 apostolis,
2586 3343 2644 3387 ut
2692 3341 2841 3401 puto,
2878 3332 3177 3386 vaticinans
3202 3371 3215 3391 ,
3240 3329 3430 3382 deinde
3469 3341 3594 3380 vero
3627 3340 3693 3379 ex

2136 3426 2476 3479 ethnicorum
2515 3438 2742 3494 persona
2785 3423 3028 3491 loquens.
3077 3421 3321 3490 Namque
3353 3419 3692 3474 ethnicorum

2132 3527 2257 3571 sunt
2277 3521 2460 3582 verba,
2481 3533 2509 3570 a
2546 3516 2900 3585 Magniﬁcavit
2934 3516 3188 3569 Dominus
3202 3515 3374 3583 facere
3404 3511 3692 3572 nobiscum,

2133 3622 2303 3679 usque
2335 3608 2433 3674 ad,
2472 3608 2604 3661 sicut
2635 3618 2836 3662 torrens
2879 3611 2933 3661 in
2972 3616 3167 3660 austro.

2164 3878 2326 3931 Vens.
2357 3876 2410 3929 4.
2449 3874 2719 3937 Converte,
2753 3872 2989 3936 Domine,
3019 3870 3367 3937 captivitatem
3405 3878 3656 3923 nostram.

2202 3969 2573 4023 Consentanea
2596 3965 3021 4036 praecedentibus
3041 3965 3154 4018 ι)ωο
3168 3961 3519 4031 subiungunt.
3543 3959 3692 4013 llaud

2132 4059 2393 4129 equidem
2416 4058 2602 4115 collati
2642 4056 2798 4111 nobis
2826 4056 3073 4110 beneﬁcii
3101 4055 3443 4107 immemores
3473 4054 3582 4105 tunc
3617 4052 3695 4102 «Ιί-

2134 4158 2343 4218 cimus,
2381 4151 2472 4206 scd
2506 4151 2730 4220 grandia
2776 4150 3056 4203 nobiscum
3090 4145 3283 4201 fecisse
3313 4146 3478 4200 Deum
3524 4141 3696 4195 faten-

2134 4260 2235 4311 tes,
2265 4245 2460 4316 gaudio
2486 4241 2781 4296 efferimur.
2824 4238 3008 4293 Nihilo
3046 4246 3224 4292 tamen
3257 4237 3435 4290 minus
3475 4247 3571 4301 pro
3606 4247 3692 4284 m-

2132 4338 2296 4407 liqnis
2322 4333 2595 4393 unemhris
2633 4329 2837 4384 nostris
2877 4344 3097 4383 oramus
3122 4371 3136 4394 ,
3193 4327 3571 4397 supplicesque
3613 4323 3697 4373 di-

2132 4431 2338 4486 cimus:
2368 4426 2639 4489 Converte,
2655 4422 2897 4487 Domine,
2920 4423 3274 4490 captivitatem
3305 4428 3559 4479 nostram,
3592 4414 3695 4465 sic-

2134 4532 2189 4576 ut
2220 4532 2420 4575 torrens
2451 4519 2505 4571 in
2535 4524 2740 4569 austro.
2768 4513 3077 4568 Absurdum
3117 4510 3259 4564 enim
3290 4508 3449 4570 foret,
3487 4506 3531 4559 si
3569 4505 3693 4559 dum

2134 4611 2336 4667 ethnici
2373 4610 2569 4664 divina:
2618 4607 2820 4661 notitia:
2854 4606 3059 4673 ignari,
3104 4600 3447 4655 clementiam
3496 4598 3549 4650 in
3599 4611 3699 4648 nos

2135 4704 2381 4760 collatam
2424 4700 2799 4759 admirantur,
2850 4710 2948 4750 nos
2985 4707 3169 4746 veram
3212 4688 3533 4757 religionem
3580 4702 3696 4741 sor-

2143 4794 2251 4857 titi,
2289 4789 2487 4862 ingrati
2515 4789 2678 4844 animi
2722 4787 2911 4842 morbo
2939 4782 3326 4836 laboraremus.

2297 5057 2461 5111 Vsus.
2499 5055 2553 5109 5.
2589 5054 2690 5119 Qui
2728 5050 2983 5105 seminum
3022 5047 3078 5098 in
3105 5043 3376 5112 lacrymis,
3418 5051 3521 5095 etc.

2202 5127 2565 5217 Qniiseminat
2596 5146 2648 5200 in
2679 5140 2953 5211 lacrymis,
2984 5136 3281 5191 secundum
3317 5135 3568 5201 spiritum
3605 5144 3693 5183 se-

2134 5244 2303 5296 minat
2335 5241 2547 5294 illorum
2571 5235 2662 5306 qui
2691 5234 2760 5288 ob
2788 5233 3053 5301 lacrymas
3079 5228 3220 5283 beati
3244 5227 3532 5289 dicuntur;
3566 5236 3688 5275 cum

2128 5334 2483 5389 exsultatione
2500 5338 2675 5384 autem
2699 5328 2861 5381 vitam
2884 5335 3139 5377 aeternam
3152 5324 3338 5388 metit;
3363 5318 3556 5387 quippe
3580 5316 3692 5383 qni,

2128 5436 2188 5481 ut
2232 5426 2421 5494 spiritu
2474 5423 2678 5484 rideat,
2709 5418 2820 5487 jam
2868 5426 3192 5473 consecutus
3240 5424 3342 5468 est.
3378 5439 3445 5451 —-
3480 5409 3545 5462 lis
3603 5407 3693 5473 qni

2129 5531 2229 5587 pro
2264 5515 2485 5584 reliquis
2514 5512 2742 5581 captivis
2765 5518 3009 5572 orarunt,
3042 5509 3183 5563 Deus
3212 5501 3498 5573 respondet
3534 5496 3697 5552 etiam

1548 5648 1622 5695 tv,
1668 5631 1723 5685 2.
1816 5636 1835 5665 °
1886 5630 2026 5684 Psal.

1548 5703 1757 5759 "’Act.
1802 5718 1929 5759 vni.
1963 5700 2029 5755 55

2139 5645 2293 5694 xvm,
2328 5627 2385 5681 2.
2463 5628 2506 5657 ¹⁰
2540 5624 2683 5680 Psal.
2736 5640 2921 5692 xxxvi,
2970 5624 3059 5680 '50.
3138 5621 3176 5652 ¹¹
3214 5618 3356 5673 Psal.
3418 5612 3697 5679 undi.

1598 5708 1611 5723 ’
1634 5706 1757 5760 Act.
1802 5718 1893 5757 vni
1916 5742 1929 5766 ,
1963 5702 2058 5755 55.

2201 5810 2276 5881 (Si)
2312 5809 2472 5863 Deest
2510 5806 2732 5877 aliquid.
2825 5787 2836 5797 ~
