4068 6198
386 324 455 380 10
1069 322 1332 381 EUSEBII
1369 321 1843 380 C/ESARIENSIS
1878 324 2028 381 OPP.
2069 324 2245 381 PARS
2283 325 2373 382 Ill.
2414 356 2483 367 —
2516 325 2922 382 EXEGETICA.
3540 327 3610 384 ΞΟ

387 444 482 501 illo
510 462 524 497 :
561 445 711 499 Beati
744 446 836 513 qui
866 444 1063 514 lugent,
1104 444 1228 515 quia
1257 443 1497 498 ridebunt
1524 444 1588 499 “'.
1616 444 1769 512 Quod
1819 447 1861 501 si
1907 448 1941 500 ii

2048 446 2137 500 ὅτι
2167 447 2335 501 αὐτοὶ
2356 446 2711 517 γελάσονται
2728 466 2740 478 ·
2776 449 2913 519 ὅπερ
2937 449 2985 500 εἰ
3012 449 3327 517 ποιήσουσιν
3352 450 3402 502 οἰ
3418 452 3476 503 ἐν
3502 451 3610 505 Βα-

391 538 592 591 facient
629 535 720 605 qui
749 535 1018 607 Babylone
1049 536 1225 591 adhuc
1262 546 1410 603 sunt,
1450 539 1645 593 bonam
1677 554 1825 608 spem
1868 539 1947 593 Iu-

390 630 563 695 gendo
606 636 851 680 serentes
877 665 893 689 ,
928 627 1181 693 gaudium
1234 636 1465 693 metent;
1519 628 1773 699 lacrymis
1812 645 1946 699 quas

392 717 643 771 fuderunt
664 732 900 771 amorem
935 718 1170 787 indepti,
1206 728 1260 773 et
1309 719 1509 774 reditus
1556 722 1805 791 gaudium
1858 738 1943 777 re—

390 809 620 876 cepturi.
652 809 719 863 Et
764 810 806 864 si
840 810 1056 878 quidem
1106 825 1326 881 germen
1360 812 1572 881 aliquod
1605 826 1744 867 vene
1778 813 1949 882 pieta-

391 902 461 955 tis
503 901 875 962 servaverint,
938 900 1146 954 animas
1210 915 1339 955 suas
1384 901 1549 956 veluti
1602 902 1941 967 excolentes,

389 998 615 1052 multum
665 997 719 1051 in
768 997 941 1051 reditu
988 996 1221 1051 fructum
1284 997 1599 1066 percipient.
1653 996 1831 1066 Usque
1879 1000 1945 1053 ad

392 1092 493 1145 hoc
533 1093 820 1159 septimum
852 1088 1123 1144 canticum
1154 1129 1169 1153 ,
1202 1089 1269 1144 de
1298 1090 1524 1159 captivis
1565 1088 1763 1145 ludatis
1808 1092 1948 1145 vati-

390 1182 531 1237 cinia
559 1182 797 1237 fuerunt.

606 1328 611 1333 .
874 1269 1190 1327 PSALMUS
1221 1270 1451 1325 CXXVI.

461 1361 764 1416 Secundum
815 1362 1130 1419 Ilebraicam
1173 1362 1465 1418 editionem
1514 1377 1809 1434 omnesque
1861 1366 1943 1419 itt-

390 1462 942 1522 terpretes,,pr:esens
994 1454 1263 1508 canticum
1304 1451 1607 1509 Salomonis
1632 1468 1716 1510 est
1756 1457 1938 1523 (sicuti

388 1542 476 1595 alii
516 1543 638 1597 aliis
662 1542 1028 1598 inscribuntur
1059 1546 1371 1599 auctoribus
1403 1547 1641 1618 psalmi),
1674 1549 1818 1615 quod
1856 1550 1942 1603 di-

385 1642 526 1685 ctum
566 1634 662 1687 fuit
687 1648 752 1688 eo
785 1644 1021 1703 tempore
1050 1650 1156 1702 quo
1182 1635 1436 1705 templum
1466 1637 1770 1693 mdilicavit.
1807 1639 1940 1695 Nam

385 1739 503 1776 rum
538 1722 710 1779 Judaei
760 1726 829 1778 ob
856 1726 974 1792 ejus
1002 1725 1211 1781 aedilicii
1260 1726 1453 1781 molem
1494 1727 1649 1782 valde
1691 1732 1935 1799 superbi-

2047 536 2265 601 ϐυλῶνι,
2296 536 2505 606 ἀγαθὰς
2537 538 2755 602 ἐλπίδας
2800 538 2865 591 δι’
2895 531 2969 591 ὧν
3000 538 3241 591 κλαίουσι
3276 539 3608 611 σπείροντες,

2046 628 2315 700 θεριοῦσιν
2368 628 2722 698 ἀγαλλίασιν·
2796 628 2915 681 ἀντὶ
2964 628 3211 699 δακρύων
3260 627 3403 699 ἆπερ
3455 629 3610 700 ἔσχον

2044 716 2417 788 ἀγαπώμενοι,
2440 717 2715 789 δεξόμενοι
2742 717 2838 788 τὴν
2861 718 2959 788 τῆς
2982 718 3238 771 ἐπανόδου
3269 718 3442 790 χαράν
3466 734 3479 747 ·
3516 720 3610 772 καὶ

2044 811 2091 862 εἰ
2120 808 2239 862 τότε
2266 809 2438 881 βραχύ
2467 827 2520 863 τι
2553 810 2771 881 σπέρμα
2797 809 3100 873 θεοσεϐείας
3130 809 3441 878 ἐφύλαττον,
3473 810 3609 862 ἀλλὰ

2044 898 2140 963 τὰς
2156 899 2361 953 ἑαυτῶν
2384 902 2500 953 ἐκεῖ
2525 900 2699 970 ψυχὰς
2715 901 3148 971 γεωργήσαντες,
3180 899 3403 964 πολλοὺς
3439 903 3607 953 ἐπαν-

2048 993 2214 1056 ιόντες
2241 994 2444 1047 οἴσουσι
2502 993 2627 1057 τοὺς
2658 994 2921 1064 καρπούς.
2957 993 3134 1063 Μέχρι
3160 992 3257 1063 τῆς
3294 994 3342 1056 ζ’
3370 991 3512 1063 ᾠδῆς
3539 992 3607 1044 τὰ

2046 1082 2307 1153 περὶτῶν
2347 1084 2412 1135 ἐκ
2460 1083 2755 1153 περιτομῆς
2786 1081 3147 1152 αἰχμαλώτων
3185 1080 3605 1153 προεθεσπίοθη.

2570 1258 2864 1311 ΨΑΑΜΟΣ
2888 1259 3077 1325 PKQ".

2111 1348 2266 1401 Κατὰ
2292 1347 2354 1401 τὸ
2394 1346 2677 1417 Ἐϐραῖκὺν
2703 1347 2796 1400 και)⁸
2821 1347 2945 1411 τοὺς
2972 1346 3412 1418 ἑρμηνεύσαντας
3437 1347 3605 1401 ἃπαν-

2041 1454 2157 1501 τας,
2192 1440 2225 1507 ἡ
2263 1438 2509 1509 παροῦσα
2541 1437 2635 1491 νῦν
2666 1438 2775 1510 ᾠδὴ
2815 1438 3155 1508 Σολομῶντος
3218 1442 3364 1493 ἐστιν
3402 1439 3609 1511 (ὥσπερ

2042 1528 2187 1582 ἄλλοι
2220 1529 2391 1582 ἄλλων
2426 1530 2561 1582 εἰσὶν
2592 1530 3058 1601 ἐπιγεγραμμένοι
3083 1530 3308 1601 ψαλμοὶ)
3344 1549 3609 1603 προφητι-

2042 1621 2151 1684 κῶς
2172 1622 2261 1675 ὑπ’
2284 1622 2445 1675 αὑτοῦ
2462 1621 2709 1693 λεχθεῖσα
2724 1624 2958 1694 ὁπηνίκα
2973 1624 3060 1676 τὸν
3078 1624 3203 1677 ναὸν
3219 1624 3603 1688 κατεσκεύαζε·

2040 1712 2148 1764 τῶν
2196 1711 2304 1784 γὰρ
2358 1713 2627 1767 Ἰουδαίων
2662 1715 3205 1789 μεγαλοφρονούντων
3254 1717 3346 1770 ἐπὶ
3387 1717 3467 1788 τῷ
3506 1718 3609 1788 τῆς

386 1824 525 1878 rent,
570 1814 685 1883 ipse
735 1815 915 1870 divino
947 1814 1151 1885 Spiritu
1190 1818 1491 1886 prazvideus
1536 1834 1840 1887 supremam
1875 1822 1938 1873 il-

2045 1805 2382 1875 κατασκευῆς
2438 1806 2650 1877 ὀχυρῷ,
2708 1806 2835 1877 θείῳ
2887 1808 3162 1878 Πνεύματι
3220 1809 3454 1881 συνορῶν
3509 1809 3609 1881 τὴν

386 1904 492 1959 lius
522 1907 931 1976 desolationem,
984 1924 1190 1964 necnon
1228 1909 1462 1965 futuram
1492 1912 1784 1966 Ecclesiam
1823 1930 1942 1983 qua:

392 2013 420 2047 τι
476 1998 702 2054 Domino
740 2009 851 2054 toto
887 2002 1018 2055 orbe
1055 2010 1315 2055 terrarum
1342 2001 1651 2056 mdilicanda
1680 2018 1831 2065 erat,
1867 2005 1939 2059 la-

388 2100 473 2142 cta
502 2105 623 2144 cum
656 2100 939 2147 exstructo
966 2094 1163 2161 templo
1189 2095 1608 2163 comparatione,
1634 2094 1775 2148 illam
1801 2111 1940 2164 prm-

389 2178 492 2233 lert
536 2182 811 2249 magisque
853 2184 1175 2246 admiratur,
1224 2199 1333 2238 rem
1375 2195 1696 2253 praesentem
1733 2187 1942 2256 vitupe-

387 2284 518 2323 rans
552 2286 645 2324 eeu
694 2273 1061 2339 temporalem,
1090 2288 1265 2342 neque
1316 2274 1397 2328 vel
1430 2276 1700 2346 paulisper
1740 2279 1943 2346 absque

390 2358 484 2409 Dei
530 2359 770 2413 custodia
812 2361 1143 2415 duraturam.
1176 2361 1303 2426 Qum
1338 2379 1477 2417 nunc
1514 2376 1814 2435 opportune
1854 2382 1943 2421 ce-

385 2450 733 2505 cinitJudzeis
758 2452 1027 2523 Babylone
1058 2456 1338 2524 regressis,
1384 2466 1437 2511 et
1465 2459 1782 2515 restituendi
1815 2470 1943 2515 tem-

385 2542 455 2611 pli
494 2543 771 2610 studiosis,
816 2554 977 2613 atque
1015 2546 1084 2601 ob
1115 2563 1234 2603 eam
1271 2564 1384 2602 rem
1433 2548 1571 2604 fastu
1622 2551 1800 2608 elatis.
1851 2552 1943 2608 Ait

387 2650 555 2705 ergo:
596 2635 657 2692 Si
684 2648 857 2693 tamen
886 2640 1143 2695 Dominus
1175 2643 1521 2707 custodierit;
1556 2658 1680 2697 nam
1722 2646 1943 2699 custode

386 2726 693 2803 recedente,
734 2728 1005 2784 desertum
1051 2732 1174 2793 liet.
1214 2742 1269 2787 et
1314 2733 1519 2800 quaevis
1551 2734 1826 2789 hominum
1859 2750 1944 2790 se-

387 2814 586 2870 dulitas
630 2832 766 2871 vana
822 2820 947 2873 erit.
1001 2818 1066 2872 Et
1119 2822 1300 2889 templi
1349 2822 1565 2890 quidem
1618 2830 1941 2877 structorem

386 2905 517 2959 d’tcit
568 2907 886 2973 Dominum;
946 2912 1091 2964 urbis
1135 2923 1312 2965 autem
1364 2913 1719 2968 :edilicatores
1766 2915 1942 2969 Itomi-

387 3014 503 3061 nes,
545 3004 637 3051 sed
685 3000 849 3055 Deum
881 3005 1176 3057 custodem.
1213 3003 1352 3059 Utile
1389 3004 1489 3060 ltoc
1518 3006 1716 3060 dictum
1752 3006 1946 3061 adver-

386 3104 482 3146 sus
509 3093 772 3160 superbiae
805 3095 1175 3165 cogitationes.

552 3270 711 3325 Vens.
752 3271 806 3325 ἓ.
850 3271 951 3336 Qui
992 3274 1320 3326 manducetis
1347 3290 1531 3341 panem
1561 3272 1780 3327 doloris.

461 3386 755 3440 Tlteodotio
786 3395 840 3440 et
869 3386 1053 3453 quinta
1074 3388 1260 3449 editio,
1285 3404 1470 3455 panem
1492 3387 1776 3451 idolorum,
1804 3389 1943 3443 scri-

388 3487 632 3547 pseruut.
673 3477 738 3531 Et
769 3480 979 3540 merito,
1015 3492 1246 3546 namque
1291 3476 1583 3533 Hebraicus
1627 3487 1808 3532 textus
1847 3481 1945 3533 ba-

388 3571 497 3633 bet,
529 3566 816 3637 irreligiose
848 3583 1019 3637 agere,
1066 3569 1331 3635 quomodo
1356 3568 1477 3622 aliis
1530 3567 1692 3622 etiam
1730 3569 1781 3621 in
1810 3568 1941 3623 locis

387 3660 587 3713 idolum
623 3658 1035 3729 interpretatum
1082 3660 1344 3713 videmus.
1379 3658 1639 3714 Prtevidet
1680 3670 1858 3713 autem
1890 3659 1942 3713 in

388 3753 577 3821 spiritu
614 3749 866 3807 Salomon
912 3754 1025 3805 l'ore
1073 3763 1129 3804 ut
1172 3752 1260 3819 qui
1303 3752 1556 3820 templum
1601 3767 1629 3803 a
1661 3766 1718 3804 se
1756 3750 1945 3804 condi-

390 3855 499 3896 tum
552 3844 815 3906 iucolent.
856 3844 1012 3897 idolis
1061 3843 1332 3907 studeant,
1385 3845 1654 3897 dzcmonas
1701 3844 1837 3896 intra
1886 3843 1945 3895 il-

391 3934 478 3989 lud
526 3936 783 3990 colentes.
842 3935 931 3989 Ait
982 3949 1107 4004 ergo
1160 3949 1217 3989 se
1255 3946 1375 4003 post
1427 3935 1767 3998 abscessum,
1821 3934 1945 3987 illnc

387 4029 564 4080 denuo
602 4028 940 4091 rediturum,
990 4036 1153 4095 atque
1198 4027 1248 4080 id
1290 4042 1356 4080 es
1404 4026 1684 4079 intervallo
1732 4040 1945 4093 semper

390 4119 683 4171 iacturum.
726 4116 865 4184 Quid
904 4119 1047 4173 enim
1078 4121 1299 4189 prpdest
1356 4117 1529 4171 locum
1575 4117 1828 4171 honorari
1876 4116 1945 4168 ab

391 4211 480 4271 iis,
515 4205 605 4277 qui
644 4210 714 4263 ob
755 4209 1110 4266 idololatriam
1151 4209 1331 4279 procul
1380 4224 1439 4263 se
1470 4210 1576 4263 Deo
1620 4207 1947 4262 removent?

394 4300 544 4356 Unde
587 4300 943 4371 Symmachus
971 4302 1140 4355 dixit:
1182 4300 1383 4356 Vanum
1425 4311 1498 4355 est
1546 4300 1686 4354 vobis
1725 4298 1943 4351 matuti-

391 4407 482 4443 nos
542 4407 753 4460 surgere
807 4392 877 4444 ad
937 4392 1312 4465 habitandum,
1360 4393 1436 4445 vel
1483 4392 1551 4443 nd
1602 4391 1819 4459 hymnos
1861 4390 1945 4442 di-

389 4483 599 4535 rendos.

868 4572 989 4628 PSA
1002 4573 1188 4629 LMUS
1215 4572 1467 4629 CXXVII.

458 4664 834 4719 Conscntauee
872 4666 1137 4734 superiori
1182 4666 1395 4720 cantico
1442 4667 1653 4720 vocatio
1704 4666 1941 4736 gentium

392 4758 442 4811 in
484 4759 734 4827 prmscnti
769 4758 1113 4828 praedicatur.
1140 4757 1239 4825 Qui
1267 4772 1396 4829 ergo
1424 4759 1614 4812 timent
1643 4759 1945 4821 Dominum,

392 4850 590 4902 diversi
635 4864 757 4905 esse
802 4850 1056 4904 dicuntur
1101 4852 1167 4905 ab
1217 4852 1453 4914 Isracle,
1498 4862 1552 4904 et
1605 4868 1632 4905 a
1686 4852 1947 4906 nobiliore

396 4942 533 5005 apud
566 4939 818 4994 lsraelem
858 4944 1068 5004 ordine,
1115 4943 1163 4995 id
1213 4953 1295 4995 est
1338 4944 1675 4998 sacerdotali.
1720 4945 1949 4997 Demon-

398 5041 572 5083 strant
622 5031 672 5085 id
724 5033 887 5088 verba
945 5035 1077 5087 illa:
1134 5034 1349 5088 Israelis
1409 5038 1591 5089 domus
1629 5037 1851 5104 speravit
1893 5036 1946 5087 in

398 5120 620 5175 Domino
649 5123 711 5175 ¹⁵.
752 5124 817 5179 Et
863 5136 1087 5193 postea:
1138 5126 1395 5181 Timentes
1444 5130 1726 5181 Dominum
1770 5143 1949 5194 spera-

394 5224 572 5281 t'erunt
607 5212 661 5265 in
692 5228 751 5265 eo
776 5214 838 5266 ".
872 5216 936 5268 Et
967 5232 1185 5271 rursus:
1232 5215 1483 5270 Dominus
1528 5218 1693 5270 nostri
1730 5231 1946 5275 memor,

395 5306 651 5358 benedixit
683 5306 852 5361 uobis.
884 5305 1158 5361 Benedixit
1191 5308 1367 5362 domui
1400 5307 1638 5370 lsraelis,
1676 5306 1947 5359 'benediatit

393 5395 568 5446 domui
624 5394 848 5447 Aaronis
902 5396 966 5449 ¹⁷.
1021 5398 1083 5449 Et
1122 5415 1284 5451 mox:
1329 5397 1607 5451 Benedixit
1652 5396 1947 5448 timentibus

395 5486 677 5540 Dominum
716 5486 779 5538 ¹⁸.
819 5484 899 5538 Ex
929 5502 1119 5540 norma
1155 5490 1319 5558 igitur
1344 5489 1717 5555 praedictarum
1754 5485 1947 5540 dictio-

1979 4479 2026 4535 Ι)

2041 1897 2271 1967 ἐσχάτην
2309 1897 2543 1968 ἐρημίαν
2592 1897 2778 1961 αὑτοῦ,
2825 1899 2919 1952 καὶ
2960 1898 3058 1971 τὴν
3109 1900 3213 1953 ὑπὸ
3261 1900 3353 1953 τοῦ
3405 1901 3607 1972 Κυρίου

2045 1987 2340 2057 μέλλουσαν
2369 1988 2694 2059 Ἐκκλησίαν
2746 1989 2867 2043 καθ’
2918 1990 3043 2061 ὅλης
3087 1991 3477 2062 οἰκοδομεῖσθαι
3511 1993 3609 2065 τῆς

2040 2080 2380 2150 οἰκουμένης,
2401 2082 2841 2151 ἀντιπαρατιθεὶς
2868 2086 2932 2151 τῇ
2962 2085 3089 2155 παρ’
3112 2084 3274 2136 αὐτοῦ
3300 2090 3606 2157 κατασκευῇ

2040 2169 2134 2222 τοῦ
2162 2170 2311 2238 ναοῦ,
2342 2174 2555 2243 ἐκείνην
2581 2190 2641 2225 τε
2676 2174 2953 2245 προκρίνει
2988 2176 3081 2227 καὶ
3115 2176 3476 2246 ύπεράγαται,
3509 2177 3607 2247 τὴν

2040 2262 2159 2315 τότε
2210 2264 2508 2334 παρουσίαν
2556 2263 2791 2333 ἐλέγχων
2838 2265 2913 2328 ὡς
2961 2265 3291 2337 πρόσκαιρον
3329 2268 3421 2319 καὶ
3474 2266 3605 2337 μηδὲ

2043 2355 2178 2424 πρὸς
2212 2354 2382 2425 βραχὺ
2415 2355 2804 2425 συνισταμένην
2838 2355 2962 2408 ἄνευ
2992 2355 3125 2408 Θεοῦ
3159 2356 3435 2427 φυλακῆς·
3467 2356 3608 2429 ἅπερ

2041 2444 2136 2499 νῦν
2167 2447 2245 2507 εἰς
2276 2446 2465 2518 καιρὸν
2501 2442 2599 2520 ᾖσε
2643 2446 2750 2501 τῶν
2792 2450 2855 2501 ἐκ
2907 2447 3225 2512 Βαῦυλῶνος
3260 2450 3609 2513 ἐπανιόντων,

2042 2537 2448 2591 ἐσπουδακότων
2481 2540 2609 2612 περὶ
2630 2539 2726 2611 τὴν
2752 2540 3031 2593 ἀνάκτισιν
3059 2541 3150 2594 τοῦ
3175 2540 3326 2605 ναοῦ,
3365 2542 3455 2595 καὶ
3482 2558 3611 2612 φρο-

2043 2630 2274 2683 νούντων
2305 2630 2396 2683 ἐπὶ
2414 2631 2585 2703 τούτῳ
2604 2631 2811 2701 μεγάλα
2853 2631 2972 2701 μέν.
3007 2633 3068 2684 Εἰ
3094 2632 3201 2702 γάρ
3227 2650 3409 2703 φησιν,
3441 2634 3608 2686 Ἕστ⁸

2042 2722 2119 2777 ἂν
2150 2727 2181 2775 ὀ
2218 2725 2429 2791 Κύριος
2460 2712 2730 2793 φυλάττῃ
2760 2766 2773 2786 ,
2802 2725 2897 2777 τοῦ
2942 2726 2997 2778 δὲ
3048 2726 3282 2794 φύλακος
3323 2726 3607 2797 ἀναχωρή-

2045 2830 2254 2878 σαντος,
2279 2814 2482 2885 ἕρημος
2508 2814 2681 2877 ἔσται,
2723 2817 2958 2886 ματαίας
2988 2818 3250 2888 ἐσομένης
3278 2818 3376 2887 τῆς
3418 2817 3477 2881 ἐξ
3514 2818 3609 2870 ἀν-

2043 2904 2275 2977 θρώπων
2304 2905 2568 2976 σπουδῆς·
2604 2907 2698 2960 ἐπὶ
2758 2908 2855 2977 μὲν
2891 2908 2981 2962 τοῦ
3012 2909 3163 2972 ναοῦ,
3192 2909 3470 2979 οἰκοδόμον
3502 2910 3614 2962 εἱσ-

2044 2997 2166 3065 άγει
2198 2998 2288 3051 τὸν
2325 2998 2527 3070 Κύριον
2546 3015 2559 3028 ·
2592 2999 2684 3051 ἐπὶ
2715 2999 2772 3051 δὲ
2802 3000 2900 3069 τῆς
2916 2999 3141 3065 πόλεως,
3162 2999 3477 3071 ἀνθρώπους
3514 3000 3611 3070 μὲν

2043 3087 2374 3158 οἰκοδόμους,
2405 3086 2619 3157 φύλακα
2652 3088 2706 3142 δὲ
2735 3090 2825 3143 τὸν
2859 3090 2991 3144 Θεόν
3014 3108 3026 3121 ·
3061 3093 3327 3162 χρήσιμον
3358 3092 3418 3145 τὸ
3451 3093 3610 3164 ῥητὸν

2046 3180 2179 3251 πρὸς
2208 3182 2331 3243 τοὺς
2358 3181 2454 3251 τῆς
2484 3180 2858 3251 ὑπερηφανίας
2883 3180 3193 3251 λογισμούς.

2384 3275 2448 3324 Ol
2476 3273 2779 3338 ἐσθίοντες
2811 3272 2991 3339 ἄρτον
3022 3272 3265 3339 ὀδύνης.

2110 3382 2418 3443 Θεοδοτίων,
2449 3385 2542 3437 καὶ
2579 3387 2611 3455 ή
2651 3391 2690 3437 ε’
2730 3384 2911 3453 ἄρτον
2940 3384 3199 3438 εἰδώλων
3235 3385 3499 3450 ἐξέδωκαν
3529 3388 3607 3439 εἰ-

2044 3474 2212 3538 κότως
2232 3493 2244 3505 ·
2277 3476 2335 3529 τὸ
2364 3476 2473 3546 γὰρ
2513 3476 2798 3547 Ἐϐραῖκὸν
2826 3478 2885 3530 τὸ
2908 3477 3149 3531 ἀσεϐεῖν
3175 3477 3304 3547 ἔχει,
3349 3480 3484 3549 ὅπερ
3515 3480 3609 3531 καὶ

2043 3566 2101 3617 ἐν
2152 3564 2355 3637 ἑτέροις
2410 3565 2661 3619 εἴδωλον
2709 3565 3098 3636 ἑρμηνεύεται·
3154 3568 3363 3637 προορᾷ
3410 3567 3467 3619 δὲ
3532 3567 3609 3637 τῷ

2047 3656 2316 3725 πνεύματι
2356 3655 2623 3727 Σολομῶν,
2673 3658 2749 3721 ὡς
2790 3659 2838 3710 οἱ
2894 3657 3174 3726 μέλλοντες
3201 3657 3366 3710 οἰκεῖν
3392 3657 3481 3710 τὸν
3517 3659 3609 3711 ὑπ’

2043 3746 2206 3801 αὑτοῦ
2238 3748 2517 3818 γινόμενον
2552 3743 2716 3811 οἷκον,
2752 3746 2989 3810 εἰδώλοις
3020 3748 3457 3819 προσκείσονται,
3492 3750 3609 3803 δαί-

2048 3857 2169 3911 μοσι
2210 3839 2555 3910 λατρεύοντες
2597 3843 2653 3893 ἐν
2693 3840 2869 3910 αὐτῷ·
2911 3841 3057 3910 λέγει
3094 3843 3293 3906 τοίνυν,
3339 3844 3474 3915 μετὰ
3514 3844 3611 3915 τὴν

2044 3931 2386 4002 ἀναχώρησιν
2414 3927 2569 3994 αὖθις
2593 3934 2684 3985 ἐπὶ
2710 3931 2897 3985 τοῦτον
2950 3932 3143 3997 ἐλθεῖν,
3181 3936 3273 3987 καὶ
3300 3935 3454 3987 τοῦτο
3484 3952 3609 3987 συν-

2042 4025 2181 4094 εχῶς
2206 4026 2268 4077 ἐκ
2288 4024 2687 4095 διαλειμμάτων
2715 4028 2902 4077 ποιεῖν·
2920 4024 2973 4078 τί
2998 4025 3104 4095 γὰρ
3128 4026 3317 4094 ὄφελος
3340 4028 3427 4078 τὸν
3450 4026 3610 4078 τόπον

2041 4119 2224 4189 τιμᾷν,
2253 4119 2365 4180 τοῖς
2390 4118 2475 4170 διὰ
2503 4118 2601 4189 τῆς
2628 4117 3064 4188 εἰδωλολατρείας
3096 4118 3456 4188 μακρύνουσιν
3486 4117 3607 4168 ἐαυ-

2043 4210 2167 4270 τοὺς
2202 4207 2296 4261 τοῦ
2330 4207 2495 4269 Θεοῦ;
2534 4209 2696 4261 Ὅθεν
2739 4209 2768 4260 ό
2821 4207 3109 4277 Σύμμαχος
3160 4207 3264 4276 ἔφη
3288 4225 3300 4237 ·
3348 4204 3610 4260 Μάταιον

2047 4299 2188 4367 ὑμῖν
2216 4300 2286 4364 ἐξ
2319 4300 2532 4369 ὄρθρου
2560 4300 2919 4354 ἀνίστασθαι
2951 4301 3037 4364 εἰς
3062 4299 3129 4352 τὸ
3155 4298 3415 4363 οἰκῆσαι,
3449 4298 3487 4366 ἢ
3520 4300 3610 4364 εἰς

2044 4389 2110 4443 τὸ
2137 4390 2419 4459 ὑμνῆσαι.

2580 4564 2869 4617 ΨᾹΛΜΟΣ
2900 4564 3067 4616 PKZ'.

2132 4655 2459 4720 Ἀκολούθως
2511 4659 2577 4727 τῇ
2630 4656 2734 4727 πρὸ
2784 4655 2984 4723 ταύτης
3040 4651 3148 4723 ᾠδῇ
3192 4654 3225 4723 ή
3273 4652 3462 4723 κλησις
3502 4652 3611 4707 τῶν

2047 4747 2214 4801 ἐθνῶν
2242 4746 2327 4800 διὰ
2354 4747 2553 4815 ταύτης
2580 4745 2909 4816 κηρύσσεται
2939 4743 3034 4812 (6)·
3061 4744 3110 4795 οἱ
3132 4741 3260 4810 γοῦν
3288 4741 3611 4812 φοϐούμενοι

2048 4840 2138 4892 τὸν
2166 4839 2386 4910 Κύριον,
2427 4839 2599 4909 ἕτεροι
2628 4837 2873 4905 λέγονται
2900 4831 3037 4890 εἷναι
3061 4834 3213 4907 παρὰ
3242 4835 3332 4887 τὸν
3376 4836 3608 4906 Ἰσραὴλ,

2052 4932 2145 4983 καί⁵
2184 4930 2331 5001 παρὰ
2372 4930 2434 4982 τὸ
2472 4931 2714 5001 κρεῖττον
2756 4930 2814 4981 ἐν
2858 4926 2936 4997 τῷ
2978 4926 3191 4998 Ἰσραὴλ
3231 4926 3439 4997 τάγμα,
3472 4927 3612 4995 λέγω

2051 5021 2108 5073 δὲ
2127 5021 2185 5072 τὸ
2210 5019 2475 5091 ἰερατικόν
2494 5035 2508 5049 ·
2531 5018 2680 5088 δηλοῖ
2700 5017 2756 5071 δὲ
2780 5017 2937 5071 τοῦτο
2950 5017 2978 5070 ὀ
2994 5017 3213 5085 φάσκων
3234 5017 3388 5087 λόγος
3402 5034 3414 5047 ·
3440 5012 3611 5081 Οἶκος

2067 5110 2311 5177 Ἰσραὴλ
2350 5109 2609 5177 ⁴ἤλπισεν
2648 5108 2745 5162 ἐπὶ
2792 5109 3042 5175 Κύριον·
3079 5110 3173 5161 καὶ
3226 5108 3365 5179 μετὰ
3407 5107 3607 5160 ταῦτα·

2058 5206 2119 5256 Ol
2148 5204 2494 5271 φοϐούμενοι
2530 5200 2637 5253 τὸν
2674 5202 2891 5268 Κιῒιρίον
2949 5200 3219 5267 ἤλπισαν
3246 5200 3340 5254 ἐπὶ
3366 5201 3611 5266 Κύριον·

2054 5297 2146 5348 καὶ
2200 5295 2389 5347 πάλιν·
2452 5294 2663 5361 Κύριος
2712 5294 3006 5362 μνησθεὶς
3062 5292 3228 5363 ἡμῶν
3280 5292 3615 5361 εὐλόγησεν

2054 5385 2238 5457 ἡμᾶς·
2284 5387 2581 5454 εὐλόγησε
2628 5383 2735 5437 τὸν
2776 5382 2942 5438 οἷκον
2998 5383 3273 5452 Ἰσραήλ·
3321 5383 3617 5452 εὑλόγησε

2054 5483 2158 5535 τὸν
2203 5475 2372 5534 οἷκον
2430 5477 2680 5546 Ἀαρὼν·
2726 5480 2819 5531 καὶ
2872 5476 3008 5548 μετὰ
3057 5475 3253 5529 ταῦτα·
3301 5474 3616 5544 Εὺλόγησδ

470 5638 513 5695 ιι
548 5642 676 5698 Luc.
710 5659 787 5706 γι,
825 5641 914 5695 2|.
994 5644 1036 5674 ”
1062 5643 1201 5701 Psal.
1234 5664 1384 5711 cxut,
1410 5646 1461 5701 9.
1540 5648 1582 5677 ’⁵
1611 5647 1736 5702 ibid.
1770 5646 1851 5699 Il.
1933 5645 1972 5675 "
1998 5644 2123 5699 ibid.
2160 5642 2240 5695 Ii.
2326 5641 2364 5672 "'
2388 5640 2513 5695 ibid.
2546 5640 2629 5693 15.

468 5764 542 5833 (6)
563 5765 645 5817 ΑΙ.
679 5763 1108 5834 προθεσπίζεται.
