4068 6198
372 341 444 396 25
1075 333 1346 391 EUSEBII
1381 329 1859 390 CAESARIENSIS
1895 326 2045 384 OPP.
2087 325 2266 384 PARS
2301 323 2390 381 III.
2430 354 2500 366 -—
2536 319 2948 380 EXEGETICA.
3543 311 3614 367 2-5

842 447 1162 505 PSALMUS
1201 447 1480 504 CXXVIII.

543 543 709 600 Vens.
742 542 798 596 4.
828 541 1081 595 Dominus
1100 541 1280 610 justus
1304 539 1530 593 concidit
1555 541 1776 593 cervices

979 620 1333 678 peccatorum.

442 703 635 758 Cuncti
665 699 1054 770 enimimprohi
1087 708 1461 768 persecutores
1497 694 1636 751 male
1667 695 1934 764 peribunt.

371 824 439 835 --
464 792 636 848 Caedit
667 791 931 846 cervicem
957 789 1136 857 justus
1168 788 1449 854 Dominus,
1479 802 1640 856 quam
1677 785 1778 840 levi
1808 784 1938 854 jugo

373 884 666 939 uoluerunt
702 879 996 949 subjicere.
1040 878 1138 933 Pio
1191 888 1371 935 autem
1406 881 1512 934 line
1555 881 1657 932 hoc
1695 875 1847 940 dicit,
1881 882 1938 928 ut

371 979 448 1032 illi
480 976 692 1045 abiecto
722 974 976 1044 nequitiae
1005 969 1185 1026 studio
1213 980 1268 1026 et
1306 971 1532 1039 impetu,
1573 967 1937 1036 subiiciantur

373 1070 619 1137 Domino,
653 1067 738 1123 cui
765 1066 944 1123 omnia
973 1065 1112 1119 nuda
1141 1074 1196 1118 et
1224 1063 1474 1118 distincta
1503 1070 1651 1114 sunt.
1684 1059 1786 1112 Pro
1813 1075 1936 1111 con-

370 1163 498 1216 cidit
540 1171 742 1225 autem,
789 1155 1298 1229 Aquilas,pra:cidit
1349 1153 1562 1222 laqueos
1612 1151 1934 1220 impiorum;

1965 447 2012 502 Α

2577 435 2869 491 ΨΑΛΜΟΣ
2897 431 3078 486 ΡΚΗ¹.

2036 534 2252 601 Κύριος
2289 531 2520 596 δίκαιος
2550 529 2897 594 συνέκοψεν
2933 519 3198 590 αὐχένας
3230 512 3611 585 ἁμαρτωλῶν.

2106 625 2315 688 Πάντες
2340 623 2448 695 γὰρ
2475 623 2524 675 οί
2539 619 2824 684 διώξαντες
2851 615 3012 670 κακοὶ
3041 611 3229 673 κακῶς
3264 607 3610 662 ἀπολοῦνται.

2035 746 2106 756 -
2135 715 2438 784 Συγκόπτει
2489 712 2580 765 τὸν
2609 709 2828 781 αὐχένα,
2879 708 2936 761 ὃν
2987 705 3086 775 οὐχ
3136 699 3493 756 ὑποϐάλλουσι
3533 695 3612 766 τῷ

2037 805 2258 878 χρηστῷ
2289 803 2456 874 ζυγῷ,
2481 805 2510 856 6
2529 803 2733 863 δίκαιος
2766 798 2998 870 Κύριος;
3026 794 3233 866 χρηστῇ
3267 790 3323 843 δὲ
3359 786 3610 878 προθέσει

2035 873 2191 950 τοῦτο
2224 873 2386 958 ποιεῖ,
2411 873 2586 956 ίὸπως
2623 887 2985 949 ἀποϐαλόντες
3020 885 3118 955 τὴν
3158 880 3293 953 πρὸς
3324 877 3392 931 τὰ
3430 873 3608 945 φαῦλα

2037 987 2280 1042 εὐτονίαν
2309 988 2404 1040 καὶ
2449 986 2622 1054 ἰσχὺν,
2660 978 2972 1047 ὑποταγῶσι
3002 975 3079 1045 τῷ
3111 973 3320 1043 Κυρίῳ,
3434 967 3608 1019 πάντα

2034 1080 2217 1152 γυμνὰ
2242 1080 2336 1133 καὶ
2364 1074 2834 1147 τετραχηλισμένα
2871 1069 3039 1124 ἐστίν.
3079 1066 3226 1119 Ἀντὶ
3253 1063 3306 1116 δὲ
3328 1060 3440 1125 τοῦ,
3461 1074 3608 1113 συν-

2032 1151 2256 1239 έκοψεν
2290 1168 2554 1238 αὐχένας
2593 1160 2973 1234 ἁμαρτωλῶν,
3003 1156 3232 1219 Ἀκύλας
3279 1151 3610 1218 κατέκοψεν

371 1252 748 1322 Symmachus,
766 1248 1003 1317 praecidit
1017 1247 1230 1316 laqueos
1247 1243 1731 1314 prwvaricatorum;
1748 1243 1930 1310 quinta

2034 1257 2294 1324 βρόχους
2323 1252 2584 1309 ἀσεϐὧνο
2619 1253 2646 1304 6
2671 1251 2726 1304 δὲ
2754 1249 3066 1320 Σύμμαχος,
3104 1244 3436 1311 κατέκοψεν
3465 1241 3609 1308 βρό-

369 1344 584 1398 demum
609 1341 795 1404 editio,
816 1339 986 1394 clavos
1006 1337 1361 1406 improborum
1391 1334 1713 1390 ediderunt:
1739 1329 1934 1399 quibus

368 1431 549 1489 verbis
595 1432 975 1502 signiﬁcantur
1030 1427 1305 1483 subornati
1347 1425 1416 1480 ab
1461 1423 1645 1493 impiis
1693 1431 1750 1475 ut
1785 1420 1933 1488 justo

371 1527 692 1581 insidientur
713 1523 984 1580 homines.
1015 1520 1321 1576 Praedicunt
1357 1518 1484 1572 item
1519 1516 1605 1570 ha:
1630 1513 1930 1569 locutiones

369 1631 678 1687 supremum
709 1615 894 1678 tinem,
936 1619 1244 1681 mortesque
1290 1624 1478 1664 eorum
1527 1606 1618 1676 qui
1663 1620 1759 1672 per
1795 1614 1932 1659 tem-

368 1724 496 1776 pora
534 1706 830 1761 Ecclesium
861 1704 955 1760 Dei
981 1702 1209 1772 ejusque
1235 1698 1488 1769 populum
1540 1694 1793 1768 persequi
1835 1709 1929 1747 vo-

368 1797 582 1852 luerint.

862 1966 1185 2025 PSALMUS
1219 1962 1456 2020 CXXIX.

438 2068 514 2123 De
541 2066 740 2123 Christi
776 2064 973 2136 p0pulo
1000 2063 1103 2118 dici
1144 2077 1251 2115 non
1295 2067 1478 2130 potest
1510 2076 1522 2110 :
1569 2052 1803 2124 Populus
1844 2053 1929 2106 hic

365 2161 517 2214 labiis
557 2175 641 2213 nte
687 2159 935 2221 honorat,
981 2171 1073 2208 cor
1134 2163 1310 2206 autem
1359 2166 1538 2204 eorum
1581 2148 1730 2218 longe
1775 2155 1849 2199 est
1894 2162 1927 2198 α

363 2271 446 2307 me
470 2255 538 2306 ".
563 2251 678 2306 Non
708 2251 852 2304 enim
881 2258 967 2304 est
990 2258 1048 2302 ut
1078 2247 1226 2316 prior
1251 2243 1500 2312 populus,
1521 2241 1614 2294 sed
1642 2255 1707 2294 ex
1738 2238 1927 2292 intimo

365 2344 527 2400 corde
553 2343 774 2405 clamat,
811 2347 996 2409 utpote
1043 2337 1188 2392 illius
1233 2335 1470 2404 Spiritus
1513 2346 1758 2400 compos,
1811 2329 1924 2398 qui,

363 2446 422 2492 ut
467 2435 544 2489 ait
594 2432 813 2493 Paulus.
870 2430 1049 2484 omnia
1101 2438 1402 2492 scrutatur,
1448 2425 1604 2478 etiam
1663 2421 1926 2490 profunda

366 2527 458 2583 Dei
489 2527 558 2584 ".
583 2523 682 2579 Ilic
709 2535 839 2578 sane
869 2521 1202 2576 laudativum
1234 2531 1455 2572 sensum
1491 2516 1652 2570 habet
1680 2513 1747 2566 de
1777 2526 1928 2564 more

363 2635 466 2673 vox
492 2617 855 2688 profundum;
892 2614 1039 2668 velut
1061 2610 1188 2664 illud
1216 2627 1228 2663 :
1265 2607 1309 2662 0
1342 2606 1678 2676 profunditas
1718 2603 1929 2656 divitia-

362 2729 477 2767 runt
508 2710 778 2778 sapientia:
815 2717 863 2762 et
909 2707 1138 2760 scientia:
1180 2701 1275 2756 Dei
1307 2700 1390 2752 ’τί
1439 2700 1616 2768 Atque
1655 2695 1926 2750 Ezechieli

363 2807 528 2862 etiam
563 2803 699 2859 dicit
726 2801 904 2856 Deus:
950 2798 1071 2852 Non
1107 2796 1175 2848 ad
1220 2793 1470 2864 populum
1511 2792 1762 2862 profundi
1802 2791 1928 2843 labii

363 2908 412 2952 et
470 2897 644 2967 gravis
702 2893 897 2962 lingua:
947 2906 1038 2958 ego
1092 2900 1140 2940 te
1187 2887 1338 2939 mitto
1382 2885 1447 2939 ⁸⁸.
1495 2883 1600 2938 Sed
1649 2883 1928 2953 profunda:

366 2987 561 3041 mentis
595 2983 843 3054 populus,
877 2979 966 3048 qui
1000 2975 1395 3046 praecedentem
1425 2987 1641 3042 quoque
1667 2973 1824 3026 odam
1845 2987 1928 3026 re—

365 3078 576 3143 citavit,
622 3090 690 3129 ex
720 3075 838 3142 ipso
887 3081 1105 3141 pectore
1178 3068 1470 3140 gemitibus
1521 3065 1929 3135 iueloquacibus

2033 1365 2180 1417 κους
2207 1347 2566 1415 παρανόμων
2589 1361 2602 1373 ·
2654 1344 2688 1413 ἡ
2727 1343 2786 1395 δὲ
2835 1342 3060 1411 πέμπτη
3106 1337 3336 1398 ἔκδοσις,
3371 1332 3612 1396 κλοιοὺς

2031 1438 2287 1505 ἀνόμων,
2323 1433 2681 1488 ὲκδεδώκασιν
2701 1449 2714 1461 ·
2743 1426 3026 1501 δηλοῦντος
3047 1427 3141 1480 τοῦ
3159 1426 3340 1494 λόγου,
3360 1422 3484 1484 τοὺς
3505 1418 3611 1472 ὑπὸ

2030 1527 2138 1580 τῶν
2175 1527 2384 1580 ἀσεϐῶν
2446 1527 2526 1588 είς
2558 1523 2847 1593 ἐπιϐουλὴν
2890 1519 2984 1573 τοῦ
3019 1518 3229 1572 δικαίου
3280 1527 3610 1567 κατεσκευα-

2033 1617 2262 1688 σμένους
2280 1635 2292 1646 ·
2315 1615 2559 1681 θεσπίζει
2589 1615 2647 1668 δὲ
2671 1615 2762 1668 καὶ
2777 1613 2865 1666 διὰ
2895 1610 3099 1665 τούτων
3121 1612 3149 1662 6
3169 1609 3325 1675 λόγος
3349 1605 3420 1659 τὰ
3451 1603 3612 1672 ἔσχα-

2029 1727 2096 1762 τα
2109 1710 2258 1780 τέλη,
2285 1709 2482 1763 καὶτὸν
2497 1707 2616 1761 δλεθ
2625 1723 2714 1780 ρον
2740 1705 2845 1759 τῶν
2873 1703 3012 1756 κατὰ
3031 1703 3254 1772 καιροὺς
3273 1699 3366 1770 τὴν
3383 1695 3612 1765 Ἐκκλη-

1961 1804 1999 1886 l3
2032 1800 2151 1852 σίαν
2188 1799 2281 1852 τοῦ
2314 1799 2448 1853 Θεοῦ
2488 1800 2583 1852 καὶ⁵
2613 1799 2704 1852 τὸν
2733 1796 2859 1850 λαὸν
2891 1792 3056 1848 αὐτοῦ
3105 1791 3356 1862 πολεμεῖν
3401 1789 3610 1858 ἐπιχει-

2039 1894 2293 1964 ρούντων.

2575 1981 2868 2034 ΨΑΛΜΟΣ
2895 1977 3071 2031 ΡΚΘ’.

2103 2077 2240 2150 Περὶ
2278 2075 2371 2130 τοῦ
2404 2073 2534 2129 λαοῦ
2579 2074 2680 2126 οὐκ
2716 2073 2861 2126 ἔστιν
2902 2071 3076 2123 εἰπεῖν
3118 2066 3212 2120 τοῦ
3255 2061 3489 2136 Χριστοῦ
3527 2061 3611 2128 τὸ,

2045 2169 2099 2222 Ὁ
2126 2170 2276 2235 λαὸς
2304 2163 2484 2231 οὗτος
2513 2164 2637 2229 τοῖς
2680 2161 2915 2231 χείλεσι
2950 2176 3023 2228 με
3052 2157 3209 2226 τιμᾷ,
3244 2159 3281 2223 ἡ
3309 2155 3376 2207 δὲ
3397 2151 3610 2218 καρδία

2031 2258 2230 2314 αὐτῶν
2271 2258 2468 2324 πόρρω
2504 2254 2848 2322 ἀφέστηκεν
2879 2251 2979 2304 ἀπ’
3011 2247 3178 2316 ἐμοῦ.
3225 2245 3298 2298 Οὐ
3332 2245 3438 2312 γὰρ
3469 2241 3543 2302 ὡς
3578 2241 3608 2292 ὁ

2032 2351 2246 2423 πρῶτος
2276 2346 2425 2410 λαὸς,
2456 2344 2568 2398 ἀλλ’
2595 2345 2658 2395 ὲκ
2691 2341 2895 2413 βαθέων
2920 2335 3236 2407 ὲκέκραξεν,
3269 2333 3364 2386 ἆτε
3383 2330 3446 2401 δὴ
3481 2345 3612 2399 μετ·-

2033 2443 2171 2512 ἑχων
2204 2437 2296 2493 τοῦ
2331 2438 2670 2507 Πνεύματος,
2705 2434 2753 2496 ὃ,
2783 2430 2922 2485 κατὰ
2952 2429 3182 2488 Παῦλον,
3211 2424 3405 2478 πάντα
3438 2421 3604 2488 ἐρευ-

2031 2509 2129 2599 re,
2176 2531 2274 2584 καὶ
2298 2529 2370 2582 τὰ
2399 2528 2558 2594 ,βάθη
2591 2525 2697 2578 τοῦ
2734 2521 2913 2576 Θεοῦ”
2953 2522 3010 2572 ὲν
3037 2518 3244 2585 ἐπαίνῳ
3265 2514 3322 2567 δὲ
3355 2512 3414 2564 τδ
3444 2509 3608 2575 ,ϐαθὺ

2032 2626 2134 2680 κάν
2165 2625 2230 2694 τῇ
2259 2619 2533 2691 συνηθείᾳ·
2566 2619 2747 2670 ὁποῖον
2775 2614 2869 2668 καὶ
2894 2612 2972 2676 τὸ,
3006 2605 3081 2664 Ὦ
3102 2609 3292 2673 ,βάθος
3337 2603 3609 2658 πλούτου

2032 2691 2253 2784 σοφίας
2289 2711 2388 2766 καὶ
2419 2709 2694 2780 γνώσεως
2719 2705 2888 2760 Θεοῦ.
2933 2703 3044 2756 Καὶ
3086 2700 3223 2770 πρὸς
3267 2693 3520 2765 ’Ῑεζεκιὴλ
3548 2691 3607 2745 δέ

2034 2821 2198 2878 φησιν
2216 2821 2230 2836 ⁸
2271 2805 2353 2856 Οὐ
2382 2802 2533 2870 πρὸς
2557 2799 2713 2853 λαὸν
2733 2795 3106 2863 ,βαθύχειλον
3137 2787 3232 2843 καὶ
3253 2786 3608 2853 ,βαρύγλωσ-

2033 2874 2149 2952 cros-
2177 2894 2290 2966 ἐγὼ
2317 2887 2705 2958 ἐξαποστελῶ
2735 2903 2828 2941 σε.
2875 2883 3013 2938 Ἀλλ’
3042 2884 3070 2934 6
3107 2880 3270 2951 βαθὺς
3302 2880 3367 2948 τῇ
3401 2874 3610 2945 διανοίᾳ

2032 2990 2178 3052 λαὸς,
2268 2987 2361 3039 καὶ
2380 2984 2478 3055 τὴν
2501 2982 2642 3053 ᾠδὴν
2667 2981 2765 3051 τὴν
2811 2977 2918 3049 πρὸ
2948 2973 3150 3043 ταύτης
3181 2967 3371 3032 εἰπὼν,
3410 2969 3474 3020 ὲκ
3501 2965 3609 3018 τῶν

2037 3080 2272 3151 στέρνων
2305 3076 2482 3130 αὐτῶν
2522 3073 2842 3142 στεναγμοῖς
2881 3067 3166 3137 ἀλαλήτοις
3211 3056 3612 3132 ὑπερεντυγχά-

364 3184 550 3232 orans,
591 3167 791 3222 clamat
815 3163 880 3218 ad
923 3164 1114 3227 Deum,
1170 3175 1273 3214 non
1303 3166 1482 3213 autem
1519 3156 1716 3210 labiis:
1766 3156 1927 3211 sicuti

2034 3149 2148 3227 νων
2168 3171 2268 3242 βοᾷ
2295 3168 2430 3238 πρὸς
2453 3168 2543 3219 τὸν
2577 3165 2731 3228 Θεὸν,
2762 3161 2876 3216 ἀλλ’
2910 3160 2970 3214 οὐ
3004 3157 3237 3229 χείλεσιν
3261 3171 3274 3183 ·
3307 3152 3492 3221 ὥσπερ
3519 3149 3611 3202 οὐ-

364 3276 434 3316 ne
471 3259 681 3330 Moyses
734 3255 972 3326 quidem,
1021 3256 1109 3306 cui
1155 3251 1337 3307 silenti
1379 3250 1508 3306 licet
1546 3249 1747 3303 dictum
1795 3247 1926 3301 fuit:

370 3351 511 3418 Quid
551 3351 748 3404 clamas
792 3349 860 3402 ad
911 3362 990 3400 me
1031 3345 1120 3399 '9?
1157 3345 1405 3398 Praesens
1454 3354 1585 3396 vero
1622 3339 1798 3395 oratio
1845 3347 1931 3392 est

368 3440 689 3511 postulantis
719 3454 780 3493 ea
810 3452 929 3508 quae
951 3443 1188 3506 oportet,
1231 3448 1397 3504 seque
1434 3432 1695 3487 alacriter
1740 3431 1805 3486 ad
1835 3445 1932 3500 po-

367 3532 568 3587 stulata
605 3527 995 3597 comparantis.
1028 3526 1284 3594 Apprime
1327 3540 1458 3579 vero
1505 3535 1729 3578 testatus
1759 3532 1843 3578 est
1875 3523 1929 3577 in

369 3621 708 3691 przecedeme
749 3632 962 3686 quoque
1007 3618 1148 3671 oda:
1190 3613 1342 3676 Swpe
1373 3622 1793 3683 oppugnaverunt
1826 3628 1925 3677 me,

366 3731 457 3768 nec
495 3722 672 3766 tamen
715 3710 843 3763 mihi
882 3707 1287 3776 pra'valuerunt.
1339 3707 1428 3760 Isti
1483 3705 1645 3760 etiam
1701 3705 1927 3758 dicent:

370 3805 592 3874 PrOpter
619 3819 805 3858 nomen
837 3813 986 3854 tuum
1017 3800 1244 3854 sustinui
1265 3810 1334 3864 te,
1367 3797 1606 3852 Domine.
1640 3797 1808 3850 Aures
1845 3800 1928 3848 in-

369 3898 633 3950 tendentes
664 3896 868 3949 dictum
899 3900 1004 3960 est,
1051 3892 1202 3961 quasi
1244 3891 1412 3946 solius
1462 3891 1553 3944 Dei
1589 3891 1668 3944 vis
1704 3890 1774 3944 sit
1799 3905 1929 3943 acu-

369 3990 504 4042 stica
539 3996 594 4042 et
624 3985 871 4041 visualis.
910 3984 1211 4039 Clamorem
1251 3983 1480 4051 denique
1529 3997 1632 4036 non
1672 3980 1819 4036 vocis
1847 3981 1929 4034 in-

370 4080 666 4135 tensionem
695 4078 846 4135 dicit.
880 4077 972 4131 sed
1003 4077 1200 4131 mentis
1233 4074 1506 4128 allectum.

480 4168 642 4224 Vens.
673 4169 729 4223 ὃ.
764 4167 823 4222 Si
852 4167 1150 4237 iniquitates
1175 4166 1547 4226 observaveris,
1585 4165 1824 4218 Domine.

438 4260 701 4327 Quoniam
733 4258 873 4312 haud
905 4272 1090 4311 omnes
1116 4257 1294 4309 dicere
1325 4266 1527 4324 queunt
1571 4255 1620 4307 in
1655 4253 1928 4309 Ecclesia:

371 4355 520 4422 Sa'pe
563 4360 988 4422 oppugnaverunt
1014 4365 1116 4414 me,
1145 4365 1234 4402 nec
1267 4357 1439 4402 tamen
1491 4348 1619 4401 mihi
1654 4348 1936 4414 prwvalue-

371 4457 492 4501 runt
540 4445 609 4507 π,
669 4443 734 4498 de
800 4441 1189 4496 inﬁrmioribus
1237 4449 1558 4509 przeseutem
1603 4440 1925 4494 locutionem

371 4537 598 4608 profert,
627 4536 716 4606 qui
767 4532 1170 4604 persecutiones
1212 4545 1317 4585 non
1355 4531 1606 4588 tolerant.
1638 4529 1752 4585 Nisi
1788 4531 1927 4588 forte

370 4631 458 4698 qui
496 4626 759 4698 psalmum
800 4625 1014 4690 recitat,
1071 4623 1134 4676 ile
1183 4622 1419 4690 peccatis
1453 4623 1566 4676 suis
1614 4633 1739 4678 ante
1770 4639 1934 4679 voca-

373 4724 570 4776 tionem
605 4720 718 4772 lucc
751 4716 902 4771 dicit.

567 4813 730 4868 Vens.
767 4811 822 4864 7.
867 4808 1094 4880 Capiosa
1121 4809 1260 4878 apud
1287 4825 1405 4862 eum
1434 4809 1735 4876 redemptio.

443 4905 742 4960 Pretiosum
784 4904 926 4957 enim
976 4902 1292 4971 sanguinem
1333 4916 1490 4955 suum
1527 4916 1624 4969 pro
1653 4901 1810 4955 nobis
1855 4915 1941 4956 re-

373 4997 736 5064 demptionem
766 4994 930 5054 dedit,
974 4992 1149 5048 iactus
1200 4991 1292 5045 Dei
1327 4994 1526 5061 Agnus.
1563 4991 1659 5046 llic
1713 5000 1935 5059 peccata

370 5097 557 5141 nostra
592 5093 787 5156 gestat,
818 5095 873 5139 et
904 5098 1003 5153 pro
1033 5083 1191 5138 nobis
1219 5082 1385 5136 dolet.
1443 5082 1708 5151 Operatus
1735 5093 1811 5136 est
1841 5099 1938 5137 au-

372 5189 474 5232 tem
511 5177 913 5243 redemptionem
945 5173 1134 5240 populo
1177 5191 1294 5236 suo,
1331 5182 1388 5226 ut
1413 5173 1490 5225 ait
1517 5173 1808 5228 Zacharias
1841 5173 1882 5204 ³³
1917 5189 1933 5238 ;

372 5283 536 5340 atque
563 5279 623 5324 ut
651 5277 844 5323 sancta
875 5267 1062 5336 Virgo,
1095 5266 1350 5320 Israelem
1389 5266 1616 5332 suscepit
1647 5264 1714 5318 ".

2035 3265 2092 3318 δὲ
2127 3239 2385 3331 Μ’ωῦσῆς,
2408 3259 2544 3329 πρὸς
2572 3257 2630 3308 ὃν
2663 3253 2884 3327 ὲρρέθη,
2927 3249 3101 3303 καίτοι
3133 3245 3388 3313 σιγῶντα,
3424 3241 3504 3304 τὸ,
3547 3239 3610 3293 Τί

2030 3353 2190 3422 ,ϐοᾷς
2231 3329 2379 3420 πρὸς
2419 3348 2534 3420 μέ;
2581 3349 2644 3400 Ἡ
2691 3346 2748 3398 δὲ
2787 3341 2882 3397 νῦν
2929 3341 3061 3410 εὐχὴ
3106 3335 3200 3391 τοῦ
3249 3332 3521 3392 αἰτοῦντος
3571 3329 3608 3382 ἃ

2036 3447 2134 3510 δεῖ,
2170 3444 2264 3498 καὶ
2289 3445 2400 3505 τοῖς
2424 3438 2762 3509 αἰτουμένοις
2785 3433 2974 3488 ἑαυτὸν
2996 3431 3222 3499 ἑτοίμως
3243 3423 3570 3510 παρέχοντος
3589 3436 3602 3448 ·

2042 3508 2332 3610 μαρτυρῶν
2354 3534 2410 3587 δὲ
2437 3508 2668 3602 μάλιστα
2700 3529 2791 3580 καὶ
2827 3525 2914 3578 διὰ
2941 3523 3041 3592 τῆς
3064 3516 3437 3588 προλαϐούσης
3457 3508 3607 3564 εἶπεν

2037 3603 2177 3702 ᾧδῆς
2198 3603 2569 3689 ’-Πλεονὰκις
2605 3615 2990 3687 ἐπολέμησάν
3012 3631 3108 3682 με,
3134 3611 3230 3665 καὶ
3271 3607 3378 3677 γὰρ
3411 3608 3522 3658 οὑκ
3541 3603 3610 3670 ὴ-

2038 3717 2394 3788 δυνήθησὰν
2408 3733 2509 3785 μοι
2526 3732 2537 3744 ·
2574 3714 2622 3767 οἳ
2649 3712 2742 3765 καὶ
2765 3709 3005 3772 λέξουσιν
3025 3723 3038 3735 ·
3071 3706 3319 3758 ’Ἕνεκεν
3351 3696 3455 3752 τοῦ
3477 3696 3612 3748 ὀνό-

2033 3813 2221 3882 ματός
2262 3823 2378 3861 σου
2425 3801 2713 3873 ὑπέμεινὰ
2780 3816 2876 3862 σε,
2925 3799 3131 3865 Κύριε*
3165 3789 3285 3848 ὦτα
3326 3791 3381 3844 δὲ
3424 3804 3611 3858 προσ-

2037 3879 2255 3973 έχοντα
2269 3899 2534 3961 λέλεκται,
2565 3896 2640 3958 ὡς
2667 3893 2766 3962 τῆς
2795 3892 2922 3963 μιᾶς
2940 3890 3034 3942 τοῦ
3057 3885 3192 3941 Θεοῦ
3221 3883 3500 3953 δυνάμεως
3528 3879 3614 3932 οὖ-

2041 4011 2142 4065 σης
2181 3991 2511 4059 ἀκουστικῆς
2551 3985 2642 4038 καὶ
2667 3981 2929 4054 ὀρατικῆς
2952 3998 2964 4010 ο
3004 3976 3248 4050 κραυγὴν
3280 3975 3337 4027 δὲ
3370 3973 3428 4024 οὐ
3459 3970 3612 4023 τόνον

2039 4085 2184 4152 λέγει
2208 4085 2408 4152 φωνῆς,
2438 4077 2574 4132 ἀλλὰ
2605 4075 2830 4146 γνώμης
2853 4073 3106 4128 διάθεσιν.

2287 4176 2340 4226 Ἐ
2345 4173 2422 4226 ὰν
2451 4170 2703 4240 ἀνομίας
2732 4163 3148 4235 παρατηρήσῃ,
3166 4159 3361 4224 Κύριε.

2125 4267 2341 4338 Ἐπειδὴ
2369 4265 2426 4318 δὲ
2449 4265 2552 4317 τῶν
2577 4264 2632 4314 ὲν
2658 4263 2722 4329 τῇ
2741 4255 3033 4325 Ἐκκλησία
3059 4253 3118 4304 οὐ
3150 4249 3346 4308 πάντες
3362 4243 3614 4297 δύνανται

2041 4365 2218 4432 λέγειν
2241 4377 2256 4392 ο
2297 4335 2628 4418 [neos-dxi;-
2659 4343 3044 4415 ἑπολέμησὰν
3071 4357 3167 4410 με,
3215 4338 3312 4391 καὶ
3349 4336 3458 4406 γὰρ
3503 4335 3613 4388 οὐκ

2041 4427 2437 4526 ήδ-υνήθησάν
2460 4465 2583 4516 μοι,
2618 4442 2745 4513 περὶ
2776 4440 2880 4492 τῶν
2914 4430 3314 4501 ἀσθενεστέρων
3351 4427 3447 4498 τὴν
3477 4442 3617 4496 παρ-

2043 4549 2208 4602 οῦσαν
2242 4542 2553 4611 ἀναπέμπει
2600 4534 2803 4605 φωνὴν,
2838 4529 2931 4583 καλ⁸
2963 4525 3035 4598 μὴ
3066 4523 3336 4593 φερόντων
3359 4520 3483 4582 τοὺς
3501 4517 3620 4571 διω·

2041 4639 2214 4710 nte-5;
2238 4655 2250 4665 ·
2288 4637 2336 4687 εί
2383 4609 2455 4704 μὴ
2501 4631 2607 4701 ἄρα
2633 4630 2662 4679 6
2705 4624 2867 4686 αὐτὸς
2902 4619 3028 4691 περὶ
3067 4616 3174 4669 τῶν
3216 4613 3323 4685 πρὸ
3362 4611 3462 4682 τῆς
3489 4609 3621 4682 κλή-

2046 4748 2181 4793 σεως
2209 4725 2443 4797 ἀνομιῶν
2469 4719 2628 4774 αὐτοῦ
2655 4717 2828 4771 ταῦτά
2850 4729 3030 4782 φησιν.

2384 4812 2588 4878 Πολλὴ
2615 4811 2747 4876 παρ’
2785 4804 2945 4870 αὐτῷ
2971 4797 3302 4868 λύτρωσις.’

2117 4913 2190 4965 Τὸ
2215 4911 2324 4981 γὰρ
2356 4908 2537 4977 τίμιον
2567 4900 2735 4954 αὑτοῦ
2766 4893 2905 4968 αἷμα
2947 4893 3086 4963 ὑπὲρ
3118 4890 3274 4981 ἡμῶν
3306 4886 3503 4940 δέδωκε
3531 4883 3621 4937 λύ-

2044 5022 2194 5078 τρον,
2227 4975 2514 5072 χενόμενος
2554 4995 2748 5068 Ἀμνὸς
2783 4991 2878 5044 τοῦ
2903 4984 3038 5041 Θεοῦ
3059 5001 3072 5014 ο
3109 4975 3265 5044 οὗτος
3290 4981 3401 5051 γὰρ
3414 4977 3618 5078 ξαςιὰ-

2049 5068 2280 5167 μαρτίας
2306 5068 2461 5164 ἡμῶν
2487 5091 2642 5162 φέρει
2666 5087 2760 5140 καὶ
2780 5083 2908 5154 περὶ
2927 5077 3081 5151 ἡμῶν
3100 5076 3368 5129 ὀδυνᾶται.
3388 5068 3618 5167 Ἐποίη-

2043 5159 2224 5243 οε-δὲ
2256 5159 2359 5239 καί
2385 5159 2684 5250 ,λύτρωσιν
2722 5175 2802 5242 τῷ
2831 5171 2960 5237 λαῷ
2988 5169 3197 5229 αὑτοῦ,
3226 5163 3366 5221 κατὰ
3400 5161 3490 5250 τὸν
3524 5159 3620 5210 Ζσρέ

2046 5278 2239 5351 χαρίαν
2261 5293 2274 5306 ο
2305 5275 2399 5330 καὶ
2429 5249 2566 5327 κατὰ
2594 5271 2694 5343 τὴν
2720 5267 2882 5336 ἁγίαν
2910 5262 3205 5323 Παοθένον,
3240 5249 3620 5314 Ἀντελάβετο

2055 5367 2320 5435 Ἰσραήλ.

444 5457 492 5489 ’⁵
525 5453 713 5508 Matth.
746 5467 838 5516 xv,
871 5452 924 5504 8.
1026 5451 1114 5505 ’⁸1
1153 5451 1276 5505 Cor.
1319 5464 1398 5520 fu,
1450 5447 1534 5500 10.
1555 5517 1581 5520 __
1601 5448 1654 5520 _"
1685 5447 1840 5505 Rotu.
1873 5470 1950 5520 xl,
1981 5456 2071 5512 53.
2139 5429 2193 5486 3'
2236 5429 2433 5508 lizcch.
2476 5450 2636 5516 "1,5.
2739 5449 2785 5480 ”
2839 5445 3010 5500 Exod.
3065 5457 3177 5503 XIV,
3213 5438 3296 5492 15.
3406 5433 3450 5463 ³⁰
3477 5429 3620 5484 Psal.

370 5541 600 5586 cxxvut.
635 5526 688 5585 1,
714 5523 770 5578 2.
848 5523 888 5554 ³¹
921 5521 1050 5576 Luc.
1074 5538 1113 5584 I,
1148 5521 1235 5575 68.
1311 5519 1357 5552 "
1392 5521 1520 5572 IilItI.
1552 5517 1640 5572 54.

375 5632 419 5673 et
447 5620 666 5690 reliqua.
720 5616 860 5671 Nam
899 5614 1056 5677 huius
1085 5614 1781 5690 oletcgerminamtanquam
1823 5626 1940 5662 sur-

376 5691 484 5744 culi
521 5680 704 5743 novelli
753 5691 1022 5740 dicuntur.
1082 5680 1422 5749 Quid’ergo?
1467 5680 1586 5734 Non
1609 5680 1682 5734 est
1726 5680 1936 5749 iu‘juslis

376 5776 597 5816 usurum
631 5759 838 5813 ubertas
879 5772 941 5810 ac
983 5755 1307 5808 liberorum?
1346 5751 1535 5823 Utique
1567 5768 1583 5816 ,'
1622 5751 1715 5805 sed
1760 5761 1932 5806 tamen

2050 5609 2191 5662 haud
2219 5608 2309 5661 viti
2345 5606 2572 5662 similem
2625 5606 2809 5658 habent
2857 5601 3158 5668 coniugem,
3186 5611 3349 5665 neque
3379 5605 3432 5647 ut
3467 5609 3624 5647 novos

2046 5682 2277 5735 olearum
2307 5679 2567 5738 surculos,
2603 5673 2621 5741 ,’
2668 5678 2762 5729 ios.
