4036 6214
388 342 461 398 εδ
1515 349 2015 409 COMMENTARIA
2054 356 2123 413 lN
2158 359 2494 423 PSALMOS.
3274 374 3275 377 ‘
3552 386 3624 444 εδ

952 462 1241 517 ΨΑΛΜΟΣ
1271 466 1395 518 PA'.
1990 479 2037 535 Α

1990 479 2037 535 Α
2560 485 2882 546 PSALMUS
2921 490 3131 548 CXXX.

473 550 800 614 Ἀκολούθως
822 554 855 623 η
885 553 995 625 ᾠδή
1029 558 1062 626 η
1092 556 1339 627 παροῦσα
1364 557 1459 610 καὶ
1486 560 1518 628 ή
1553 561 1658 631 πρὸ
1681 561 1849 633 αὐτῆς
1870 561 1964 615 τοῦ

2143 570 2393 643 Congrue
2436 590 2676 643 prmsens
2698 580 2822 645 oda,
2875 582 3107 653 itemque
3144 588 3476 657 praecedens,
3522 592 3620 645 ho—

386 646 445 697 ἐν
470 644 656 714 Κυρίῳ
680 644 1095 715 τετελειωμένου
1134 649 1629 722 ταπεινοφροσύνης
1666 652 1847 721 φωνὰς
1869 671 1965 706 πε-

2066 662 2227 717 minis
2280 664 2331 717 in
2389 665 2498 721 Deo
2561 669 2788 737 perfecti
2859 672 3087 730 humiles
3147 693 3306 733 voces
3362 682 3616 746 continet,

386 736 657 806 ριέχουσα,
694 734 788 788 καὶ
823 734 1057 805 μάλιστα
1098 738 1192 791 τοῦ
1224 739 1519 810 δυναμένου
1562 742 1763 811 λέγειν·
1802 744 1963 797 Ἕνε-

2062 755 2439 824 prtecipueque
2473 759 2589 827 ejus
2621 762 2710 829 qui
2736 764 2910 830 possit
2940 764 3150 823 dicere:
3187 769 3412 839 Propter
3435 790 3619 828 nomen

382 843 486 879 κεν
508 825 613 879 τοῦ
660 828 951 896 ὀνόματός
986 844 1103 883 σου
1137 830 1427 900 ὑπέμεινα
1458 849 1549 897 σε,
1581 835 1778 902 Κύριε.
1818 836 1876 889 '0
1903 836 1959 889 δὲ

2061 852 2211 895 tuum
2236 846 2467 901 sustinui
2501 856 2571 913 te,
2598 849 2815 905 Domine
2850 853 2915 907 ³³.
2960 855 3124 911 David
3153 869 3332 913 autem
3377 862 3615 932 edoctus,

378 919 541 972 Δαυῒδ
568 920 645 983 ὡς
666 921 811 985 εἰκὸς
844 923 1175 995 μεμαθηκὼς
1214 924 1322 979 ἀπὸ
1345 927 1451 978 τῶν
1479 926 1568 979 τοῦ
1600 928 1754 995 ἁγίου
1785 928 1956 981 Πνεύ-

2060 944 2116 987 ιιι
2152 936 2405 994 credibile
2456 951 2558 1000 est,
2610 957 2636 994 a
2674 944 2850 998 sancti
2882 945 3118 1016 Spiritus
3161 952 3415 1021 oraculis,
3458 958 3617 1011 mise~

378 1029 547 1081 ματος
581 1014 793 1082 φωνῶν,
810 1014 891 1067 ὅτι
911 1017 1227 1087 τιςὶλασμὸς
1249 1018 1396 1089 παρὰ
1416 1019 1493 1089 τῷ
1514 1019 1651 1090 Θεῷ,
1673 1022 1766 1072 καὶ
1789 1020 1953 1094 πολλὴ

2057 1026 2344 1081 ricordiam
2408 1032 2546 1099 apud
2582 1028 2748 1086 Deum
2802 1036 3029 1092 inveniri
3092 1043 3476 1113 copiosumque
3525 1063 3613 1101 re-

374 1106 505 1175 παρ’
564 1105 712 1177 αὐτῷ
777 1106 1045 1178 λύτρωσις
1101 1109 1149 1160 εἰ
1205 1109 1562 1171 πιστεύσειεν,
1642 1112 1910 1179 ἀναγκαία

2055 1118 2434 1185 demptionem,
2471 1122 2517 1176 si
2550 1125 2713 1179 modo
2740 1128 3004 1194 crederet,
3042 1135 3352 1189 necessario
3380 1138 3610 1207 seipsum

374 1197 563 1250 ἑαυτὸν
582 1199 879 1269 προσφέρει
896 1198 974 1269 τῷ
992 1200 1277 1271 Λυτρωτῇ⁹
1302 1200 1382 1252 διὸ
1412 1202 1503 1254 καὶ
1532 1203 1947 1273 ἐπιγέγραπται·

2052 1209 2273 1264 exhibet
2301 1209 2667 1282 Redemptori.
2717 1216 2895 1283 Quare
2925 1229 2979 1274 et
3002 1222 3314 1278 inscribitur
3344 1245 3357 1280 :
3391 1197 3608 1284 Davidis

376 1288 486 1341 Τοῦ
523 1288 703 1342 Δαυῒδ
741 1293 827 1355 εἰς
868 1291 1238 1357 παραίτησιν
1269 1292 1810 1361 πλημμελημάτων,
1844 1297 1950 1362 τὰς

2051 1299 2120 1351 ad
2173 1301 2588 1371 deprecationem
2647 1320 3009 1378 peccatorum,
3065 1331 3145 1367 res
3203 1332 3234 1369 a
3297 1304 3352 1371 se
3411 1324 3611 1392 egregie

372 1380 524 1445 ἰδίας
589 1380 1047 1450 ἐξαριθμοῦντες
1114 1382 1533 1451 ἀνδραγαθίας.
1579 1385 1653 1436 Ού
1729 1384 1946 1438 πώποτε

2049 1402 2224 1459 gestas
2265 1398 2599 1454 recenseatis.
2661 1396 2941 1471 Nunquam
2988 1405 3163 1470 enim,
3214 1408 3420 1479 inquit,
3472 1412 3610 1466 fastu

366 1470 497 1543 γὰρ,
531 1473 715 1543 φησιν,
748 1473 995 1544 ἐπήρθην
1026 1473 1208 1537 καθὼς
1237 1475 1417 1544 ἅρχων
1451 1475 1537 1526 ἐπ’
1567 1475 1716 1540 ἔθνος
1744 1476 1905 1530 αὐτοῦ
1927 1493 1941 1507 °

2050 1482 2228 1537 elatus
2262 1499 2402 1550 sum,
2436 1500 2531 1541 ceu
2572 1490 2750 1556 gentis
2782 1493 3076 1563 princeps;
3108 1510 3282 1566 neque
3316 1499 3390 1555 ita
3418 1515 3606 1572 super-

364 1563 489 1617 οὔτε
524 1566 629 1636 μὴν
669 1565 980 1636 ὲχαυνώθην
1012 1565 1209 1635 βλέψας
1238 1566 1341 1632 ἔξω
1371 1567 1525 1631 Θεοῦ,
1558 1570 1651 1621 καὶ
1686 1570 1785 1640 τῆς
1811 1569 1945 1640 πρὸς

2044 1571 2130 1626 bia
2168 1575 2335 1628 tumui
2369 1585 2429 1630 ut
2464 1577 2556 1632 Dei
2588 1583 2929 1649 praesentiam
2958 1600 3065 1639 non
3106 1598 3432 1658 spectarem,
3472 1593 3603 1648 etin

362 1657 454 1710 τὸν
484 1656 646 1710 αὑτοῦ
682 1657 845 1726 φόόον
876 1658 1188 1721 συστάσεως
1220 1658 1512 1727 καθυφείς·
1546 1659 1667 1712 οὔτε
1700 1661 1857 1714 πάλιν
1885 1664 1940 1713 ὲν

2044 1676 2109 1716 eo
2150 1664 2388 1720 timendo
2410 1672 2777 1725 constantiam
2811 1656 3147 1733 amitterem.
3163 1677 3350 1751 Neque
3389 1683 3515 1737 item
3548 1685 3602 1739 in

362 1751 541 1818 τρυφῇ
574 1748 842 1811 πλουσίως
893 1749 1137 1818 διεξῆγον
1180 1750 1271 1802 τὸν
1317 1750 1467 1819 βίονο
1516 1752 1634 1805 osse
1667 1771 1717 1805 τι
1758 1755 1940 1823 μεῖζον

2009 1821 2013 1834 γ
2044 1755 2257 1810 deliciis
2287 1756 2572 1815 aﬂluenter
2604 1764 2754 1830 vixi;
2789 1782 2967 1836 neque
3014 1770 3080 1824 de
3108 1786 3193 1825 me
3227 1774 3467 1843 meisque
3517 1792 3603 1832 re.

361 1813 655 1907 ὲῷρόνῆσα,
685 1841 839 1908 φησὶ,
875 1813 1003 1905 περὶ
1029 1813 1287 1909 ἐμαυτοῦ,
1316 1813 1425 1895 τῶν
1452 1813 1897 1914 προσόντωνὲμοί
1921 1863 1934 1876 °

2006 1818 2013 1837 μ
2522 1813 2559 1815 μ
2790 1813 2966 1836 ..-ηπ
3015 1813 3080 1824 νν
3109 1813 3193 1825 ...υ
3229 1813 3466 1843 “mm,”
3518 1813 3600 1832 ,υ-

2006 1840 2142 1898 ’bus
2178 1856 2373 1914 praeter
2404 1852 2725 1908 modestiam
2765 1859 2946 1912 sensi:
2988 1861 3133 1930 quod
3172 1862 3379 1919 faciunt
3435 1866 3470 1921 ii
3510 1866 3600 1937 qui

358 1928 530 1981 ὁποῖοί
572 1929 714 1991 τινές
770 1931 907 1982 εἰσιν
944 1932 992 1982 οἱ
1047 1933 1257 1984 συνετοὶ
1301 1935 1432 2002 παρ’
1462 1935 1691 1999 ἑαυτοῖς,
1732 1938 1822 1988 καὶ
1854 1940 1937 1990 ὲν-

1809 1942 1822 1988 ι
1854 1940 1937 1990 έν.
2040 1934 2257 1987 sibimet
2286 1936 2386 2005 ipsi
2432 1938 2677 1995 videntur
2704 1944 2972 2013 ingeniosi
3006 1928 3078 2005 ac
3113 1954 3403 2021 sapientes.

356 2018 527 2072 ὠπιον
556 2019 734 2072 αὐτῶν
758 2022 1135 2092 ἐπιστήμονες.

581 2111 917 2164 Ἐλπισάτω
958 2113 1193 2180 Ἰσραὴλ
1215 2115 1313 2169 ἐπὶ
1346 2115 1454 2169 τὸν
1484 2117 1703 2183 Κύριον

2311 2114 2471 2171 Vens.
2502 2117 2555 2172 5.
2584 2120 2769 2188 Speret
2800 2123 2971 2180 Israel
2998 2130 3049 2181 in
3079 2128 3318 2186 Domino.

429 2201 636 2270 Ὠσπερ
664 2194 801 2270 ἐγὼ,
832 2205 994 2272 φησιν
1020 2206 1046 2256 ὁ
1078 2205 1329 2273 βασιλεὺς
1360 2206 1539 2269 Δαυῒδ,
1567 2207 1823 2272 τοσοῦτος
1853 2208 1932 2262 ὢν

2118 2203 2270 2259 Sicut
2308 2209 2450 2260 enim
2482 2224 2601 2278 ego,
2659 2213 2735 2265 ait
2774 2230 2867 2269 rex
2923 2216 3111 2283 David,
3148 2222 3268 2276 talis
3309 2232 3595 2297 tantusque

352 2290 445 2343 καὶ
469 2290 708 2355 τοιοῦτος
734 2293 893 2365 ἀνὴρ,
930 2296 1185 2349 ταπεινὸν
1214 2297 1448 2367 ἐμαυτὸν
1477 2299 1806 2371 κατέστησα,
1837 2303 1930 2354 καὶ

2034 2296 2117 2348 vir
2148 2297 2405 2352 humilem
2436 2314 2520 2352 me
2559 2301 2682 2368 feci,
2732 2320 2926 2374 meque
2948 2309 3119 2364 obtuli
3175 2314 3591 2385 misericordiae,

350 2383 694 2451 προσήγαγον
725 2384 955 2455 ἐμαυτὸν
982 2385 1059 2455 τῷ
1084 2386 1292 2458 ἱλασμῷ
1325 2389 1417 2441 καὶ
1445 2388 1521 2460 τῷ
1555 2390 1811 2461 Λυτρωτῇ
1837 2392 1928 2471 καὶ

2032 2386 2492 2459 Redemptorique
2528 2407 2593 2446 ac
2619 2392 2935 2462 Servatori;
2970 2400 3040 2452 ita
3075 2401 3281 2471 reliquo
3319 2407 3479 2461 etiam

324 2473 578 2545 Σωτῆρι,
616 2475 788 2540 οὕτως
829 2478 921 2530 καὶ
953 2476 1028 2548 τῷ
1061 2477 1231 2549 λοιπῷ
1270 2480 1483 2552 Ἰσραὴλ
1525 2468 1918 2552 ἐπαγγέλλομαι

2028 2480 2160 2535 raeli
2194 2481 2455 2537 denuntio
2500 2496 2558 2537 ut
2582 2485 2918 2544 conﬁdenter
2952 2493 3021 2545 ad
3051 2494 3476 2552 misericordiam
3506 2516 3588 2554 ac-

352 2562 695 2635 θαρσούντως
734 2567 1015 2637 προσιέναι
1058 2569 1135 2639 τῷ
1176 2569 1423 2641 ἱλασμῷ·
1468 2572 1709 2643 ἀκριϐῶς
1747 2572 1921 2638 εἰδὼς,

2025 2571 2202 2624 cedat.
2238 2571 2370 2624 Nam
2399 2572 2569 2641 probe
2600 2574 2736 2638 scio,
2794 2576 2911 2632 fore
2954 2590 3012 2632 ut
3045 2581 3182 2636 Deus
3218 2582 3467 2640 lsraeiem
3505 2601 3583 2641 re-

346 2654 425 2707 ὅτι
457 2657 615 2721 αὐτὸς
643 2658 975 2730 λυτρώσεται
999 2660 1089 2714 τὸν
1127 2661 1359 2733 Ἰσραὴλ,
1394 2665 1443 2716 εἰ
1470 2665 1804 2736 προσδράμοι
1835 2668 1925 2719 αύ-

2024 2663 2213 2729 dimat,
2246 2664 2292 2718 si
2327 2666 2394 2718 ad
2432 2681 2554 2720 eum
2597 2668 2926 2732 confoverit,
2952 2688 3019 2725 ex
3056 2675 3309 2730 omnibus
3334 2678 3586 2746 iniquita-

342 2747 439 2819 τῷ,
473 2751 537 2802 ὲκ
561 2750 749 2804 πασῶν
772 2751 879 2804 τῶν
904 2752 1142 2823 ἀνομιῶν
1172 2756 1360 2809 αὐτοῦ.

772 2751 879 2804 τῶν
904 2752 1142 2823 ἀνομιῶν
1172 2756 1360 2809 αὐτοῦ.
2024 2754 2164 2809 tibus
2211 2754 2347 2823 ejus.

882 2845 1174 2897 ΨΑΛΜΟΣ
1207 2848 1285 2897 ΡΛ
1295 2847 1373 2899 Α’.

2508 2846 2834 2904 PSALMUS
2873 2850 3109 2909 CXXXI.

575 2934 793 2998 Ὤμοσε
813 2935 1023 3000 Κύριος
1054 2934 1132 2999 τῷ
1170 2937 1350 2989 Δαυῒδ
1374 2937 1678 3002 ἀλήθειαν.
2126 2934 2169 2989 V

2126 2934 2291 2989 Vens.
2329 2935 2418 2989 11.
2446 2936 2656 2992 Iuravit
2690 2940 2941 2995 Dominus
2968 2943 3158 2996 ι)ηυὶάὶ
3182 2946 3468 3004 veritatem.

422 3022 767 3093 Ὁμωμοκότι
796 3023 850 3075 δὲ
880 3025 957 3094 τῷ
986 3024 1166 3089 Δαυῖδ,
1210 3026 1564 3099 ἀντώμοσενὸ
1588 3028 1719 3093 Θεὸς
1753 3029 1917 3103 ζητή-

2086 3024 2299 3081 Juranti
2352 3028 2537 3084 Davidi
2574 3031 2807 3085 vicissim
2834 3033 3038 3103 juravit
3084 3034 3244 3101 Deus,
3290 3040 3336 3091 ei
3375 3040 3463 3107 qui
3500 3039 3578 3093 lo-

342 3129 491 3166 σαντι
522 3114 614 3167 τὸν
641 3114 803 3167 τόπον
844 3116 1053 3186 μαθεῖν,
1077 3117 1283 3188 δωρεὰν
1312 3119 1434 3184 δοὺς
1454 3121 1514 3174 τὸ
1539 3122 1631 3175 καὶ
1661 3122 1716 3189 ἐξ
1748 3124 1908 3178 αὐτοῦ

1979 3148 1984 3205 π
2015 3134 2135 3172 cum
2179 3135 2510 3191 cognoscere
2543 3125 2757 3188 avebat,
2793 3128 3029 3195 gratuito
3067 3128 3275 3183 donans
3308 3146 3573 3202 praeroga-

336 3204 634 3275 προελθεῖν’
656 3207 787 3260 Ἵνα
798 3206 895 3260 διὰ
909 3208 1018 3262 δύο
1034 3211 1391 3279 πραγμάτων
1405 3214 1870 3281 άμεταθέτιιηςώς
1885 3218 1913 3269 ὁ

2020 3212 2184 3264 tivam
2206 3222 2261 3265 ut
2290 3221 2343 3267 et
2374 3214 2597 3282 ipsemet
2618 3214 2731 3281 ejus
2756 3218 2926 3285 stirpe
2943 3219 3217 3284 oriretur;
3240 3219 3307 3273 Ut
3332 3238 3421 3289 per
3443 3225 3575 3278 duas

337 3297 547 3361 Παῦλός
562 3315 742 3369 φησιν.
755 3300 825 3354 ἐν
839 3300 928 3365 οἷς
943 3301 1132 3355 ἀδύνα
1145 3321 1250 3356 τον
1264 3306 1608 3372 ψεύσασθαι
1622 3307 1727 3361 τὸν
1742 3309 1909 3375 Θεὸν,

2019 3321 2099 3358 res
2140 3304 2458 3371 immobiles,
2508 3318 2676 3376 prout
2728 3308 2931 3363 Paulus
2971 3311 3067 3375 ait,
3104 3312 3291 3377 quibus
3335 3314 3574 3382 impossi-

336 3390 592 3458 ἰσχυρὰν
614 3390 1017 3459 παράκλησιν,
1046 3394 1173 3466 περὶ
1201 3387 1274 3447 ὧν
1304 3394 1520 3466 ηὔξατο,
1547 3396 1835 3466 λάϐωμεν.

2012 3397 2111 3449 bile
2143 3407 2218 3450 est
2252 3399 2462 3450 mentiri
2493 3398 2683 3462 Deum,
2711 3400 2939 3453 validum
2967 3402 3216 3455 solatium
3238 3402 3303 3467 “,
3330 3406 3471 3459 circa
3502 3420 3568 3462 ea

2010 3504 2131 3556 quae
2164 3491 2393 3559 quisque
2434 3493 2586 3560 petit,
2617 3491 2923 3547 habeamus.

344 3559 437 3611 Ἐκ
468 3561 700 3629 καρποῦ
742 3561 851 3630 τῆς
894 3566 1124 3656 regioque
1169 3581 1286 3620 σου
1344 3567 1599 3637 θήσομαι
1645 3570 1741 3623 ἐπὶ
1801 3571 1907 3624 τοῦ

2010 3578 2177 3633 Vens.
2218 3580 2305 3635 Η.
2353 3559 2443 3635 De,
2483 3584 2658 3656 {ructu
2690 3587 2883 3639 ventris
2924 3586 3001 3639 tui
3028 3602 3216 3655 ponam
3246 3604 3401 3656 super
3425 3590 3568 3643 thro-

932 3636 1148 3702 θρόνου
1173 3652 1307 3689 σου.
1498 3636 1507 3637 ί
2483 3636 2495 3652 ’

1498 3636 1507 3637 ί
2483 3636 2495 3652 ’
2534 3640 2547 3656 τ
2637 3670 2757 3706 num
2789 3667 2957 3710 tuum.

413 3721 629 3793 Ἐπειδὴ
660 3724 747 3785 σὺ,
778 3725 961 3795 φησιν,
997 3725 1139 3779 οὕτω
1172 3728 1468 3791 πιστεύσας
1507 3728 1728 3783 τοιαῦτα
1756 3731 1906 3803 ηὔξω

2076 3739 2339 3806 Quoniam
2406 3753 2488 3805 tu,
2548 3744 2748 3813 inquit,
2808 3745 2883 3799 ita
2945 3746 3213 3813 credens,’
3240 3762 3566 3820 cognoscere

328 3812 553 3879 γνῶναι,
590 3813 909 3884 βουλόμενος
956 3817 1142 3887 μαθεῖν
1174 3821 1303 3891 περὶ
1356 3820 1448 3873 τοῦ
1480 3821 1643 3873 τόπου
1680 3822 1781 3892 τῆς
1824 3826 1904 3888 εἰς

2005 3833 2118 3887 haec
2149 3836 2368 3902 optasti,
2409 3851 2605 3905 nempe
2631 3836 2808 3891 locum
2834 3855 2940 3909 quo
2975 3842 3041 3893 ad
3084 3840 3330 3895 homines
3376 3851 3565 3894 ventu-

326 3902 644 3975 ἀνθρώπους
682 3907 913 3974 ἀφίξεως
946 3908 1040 3961 τοῦ
1088 3911 1358 3982 Σωτῆρος,
1392 3912 1546 3981 δέχου
1586 3913 1648 3983 δὴ
1684 3913 1775 3966 καὶ
1808 3914 1904 3965 αύ-

2005 3941 2098 3980 rus
2154 3938 2235 3981 est
2278 3927 2547 3995 Salvator,
2607 3932 2792 3999 accipe
2840 3933 2978 3987 hanc
3031 3935 3303 3998 notitiam,
3352 3945 3407 3987 et
3448 3942 3566 3988 esto

322 3996 415 4059 τὸς
455 3997 554 4067 τήν
591 3999 941 4065 ἐπαγγελίαν,
985 4001 1078 4053 καὶ
1120 4002 1270 4069 γίνου
1313 4003 1557 4066 διάκονος
1581 4005 1680 4075 τῆς
1724 4022 1899 4077 σωτη-

1966 4018 2253 4073 salutaris
2303 4018 2418 4086 ejus
2463 4021 2765 4077 nativitatis
2815 4024 3083 4077 minister.
3142 4024 3375 4080 Fructus
3419 4026 3559 4079 enim

322 4088 438 4159 ρίου
466 4089 752 4155 γενέσεως.
787 4090 884 4152 Σὸς
905 4091 1013 4161 γὰρ
1041 4091 1190 4145 ἔσται
1224 4094 1433 4163 καρπὸς
1460 4096 1488 4144 ό
1519 4094 1896 4165 γενησόμενος,

2005 4120 2126 4164 tuus
2154 4112 2257 4164 erit
2279 4112 2371 4180 qui
2404 4112 2619 4168 futurus
2644 4124 2752 4180 est,
2772 4128 2837 4168 ex
2869 4122 2958 4168 tua
2986 4118 3241 4185 progenie
3271 4131 3335 4170 ac
3358 4117 3561 4170 semine

318 4181 383 4232 ἐκ
412 4181 507 4247 σῆς
537 4180 786 4250 διαδοχῆς
813 4181 905 4233 καὶ
945 4183 1008 4233 ὲκ
1040 4180 1134 4267 σρῦ
1167 4183 1474 4253 σπέρματος
1506 4184 1898 4256 προελευσόμε-

1998 4211 2402 4269 proventurus:
2440 4203 2673 4273 ideoque
2706 4216 2760 4259 et
2800 4206 2901 4276 ipsi
2942 4207 3160 4261 dabitur
3187 4212 3416 4261 thronus
3447 4223 3562 4276 pro-

318 4290 405 4334 νος
428 4292 439 4303 ο
470 4272 549 4325 διὸ
571 4272 664 4325 καὶ
696 4273 844 4344 αὐτῴ
869 4273 1149 4343 δοθήσεται
1175 4274 1306 4327 ώσεὶ
1334 4276 1739 4347 ὲπηγγελμένος
1768 4278 1893 4350 θρό-

1996 4297 2214 4362 missus,
2259 4297 2386 4364 quia
2439 4313 2597 4353 nemo
2640 4309 2722 4353 est
2763 4300 2922 4366 alius,
2967 4311 3161 4370 praeter
3213 4302 3360 4355 illum
3405 4317 3471 4354 ex
3504 4310 3556 4355 te

314 4379 423 4427 νος,
454 4363 542 4416 διὰ
574 4365 635 4417 τὸ
665 4364 865 4434 μηδένα
893 4365 1076 4435 ἕτερον
1122 4366 1155 4437 ἢ
1192 4368 1348 4436 μόνον
1375 4368 1465 4420 τὸν
1505 4370 1569 4422 ἐκ
1616 4369 1706 4422 σοῦ
1762 4388 1893 4441 προ-

1998 4387 2291 4453 oriturum,
2321 4390 2413 4458 qui
2446 4390 2501 4443 in
2536 4391 2807 4459 promisso
2832 4393 3028 4448 throno
3051 4395 3238 4448 sedere
3262 4404 3553 4447 mereatur.

315 4455 684 4525 ελευσόμενον,
717 4456 863 4523 ἄξιον
904 4455 1038 4511 εἶναι
1081 4457 1174 4510 τοῦ
1202 4459 1283 4512 σοὶ
1316 4461 1727 4531 ἐπηγγελμένον
1763 4462 1885 4533 θρό-

1962 4476 2170 4542 .Quare
2204 4486 2260 4531 et
2310 4455 2739 4535 Gabriet'uariae
2779 4483 2954 4536 dixit:
2995 4481 3062 4534 Et
3108 4482 3250 4534 dabit
3292 4479 3371 4532 illi
3419 4479 3556 4533 Deus

316 4560 426 4596 νου.
460 4546 753 4616 Τοιγαροῦν
783 4550 875 4601 καὶ
903 4552 930 4602 ὁ
961 4550 1198 4622 Γαϐριὴλ
1234 4552 1367 4622 πρὸς
1392 4553 1491 4623 τὴν
1524 4554 1755 4623 Μαριάμ
1784 4572 1885 4625 φη-

1991 4569 2233 4621 t/tronum
2274 4568 2490 4624 Davidis
2529 4574 2694 4640 patris
2726 4575 2862 4641 ejus,
2890 4575 3223 4645 regnabitque
3273 4589 3429 4642 super
3468 4572 3553 4624 do-

317 4652 369 4687 σι
390 4652 402 4664 ’
430 4637 534 4689 Καὶ
569 4638 744 4692 δώσει
767 4638 927 4705 αὐτῷ
952 4644 983 4693 ό
1020 4642 1163 4707 Θεὸς
1198 4641 1305 4695 τὸν
1336 4643 1551 4710 θρόνον
1568 4644 1748 4698 Δαυΐὸ
1779 4647 1883 4701 τοῦ

1207 4641 1305 4695 τὸν
1336 4643 1551 4710 θρόνον
1568 4644 1748 4698 Ααυῒδ
1779 4647 1883 4701 τοῦ
1990 4677 2133 4713 mum
2176 4660 2343 4717 Jacob
2382 4664 2435 4717 in
2465 4675 2715 4720 wternum
2738 4667 2801 4720 ³⁵.

312 4729 532 4795 πατρὸς
550 4732 753 4795 αὑτοῦ,
784 4734 880 4786 καὶ
927 4734 1287 4799 βασιλεύσει
1322 4736 1419 4788 ἐπὶ
1445 4736 1550 4789 τὸν
1577 4733 1747 4790 οἷκον
1785 4739 1883 4791 Ἰαο

312 4816 432 4871 κὼϐ
457 4820 543 4883 εὶς
575 4818 677 4871 τὸν
709 4824 912 4876 αἰῶνα.

322 4910 454 4963 Ἐὰν
479 4910 857 4978 φυλάξωνται
890 4920 944 4969 οἱ
988 4919 1109 4972 υἱοί
1136 4934 1252 4973 σου
1273 4917 1386 4985 τὴν
1414 4918 1706 4987 διαθήκην
1736 4937 1873 4988 μου.

1991 4918 2156 4975 Vens.
2184 4922 2269 4977 12.
2294 4922 2350 4979 Si
2375 4928 2828 4997 custodierintﬂlii
2856 4928 2933 4981 tui
2957 4936 3317 4980 testamentum
3356 4944 3546 4987 meum.

375 5001 816 5073 Καθεσθήσονται
848 5007 933 5058 ἐπ’
967 5010 1126 5063 αὑτὸν
1164 5010 1363 5082 δηλαδὴ
1401 5010 1490 5062 τὸν
1524 5010 1613 5063 τοῦ
1644 5011 1877 5082 Χριστοῦ

2059 5010 2335 5068 Sedebunt
2390 5032 2555 5087 super
2614 5021 2733 5087 ipso
2796 5020 3045 5074 videlicet
3096 5017 3295 5073 Christi
3354 5022 3547 5073 throno

305 5094 491 5165 θρόνον
526 5097 574 5148 οἱ
610 5095 774 5149 αὐτοῦ
825 5099 1060 5167 μαθηταὶ
1094 5103 1185 5155 καὶ
1216 5103 1479 5172 διάδοχοι·
1530 5102 1668 5173 πλὴν
1707 5103 1879 5168 οὐδεὶς

1987 5099 2236 5171 discipuli
2285 5105 2403 5173 ejus
2429 5123 2493 5162 ac
2525 5123 2890 5164 successores.
2932 5107 3315 5163 Verumtamen
3365 5124 3432 5162 ne
3471 5109 3544 5163 tui

307 5186 498 5257 φθόνος
527 5190 618 5242 καὶ
650 5191 759 5251 τοῖς
791 5193 901 5252 σοῖς
929 5193 1083 5254 υἱοῖς.
1113 5188 1157 5245 ὧ
1189 5194 1369 5259 Δαυῖδ,
1404 5194 1648 5246 τουτέστι
1676 5197 1783 5257 τοῖς
1813 5196 1877 5248 ἐκ

1986 5192 2203 5261 quidem
2240 5195 2358 5265 ﬁlii,
2384 5215 2417 5254 ο
2458 5200 2646 5265 David,
2680 5200 2787 5254 ulla
2842 5215 2897 5254 re
2941 5200 3351 5263 l‘raudahuntur,
3385 5200 3435 5253 id
3463 5209 3546 5255 est

304 5280 625 5350 περιτομῆς,
656 5280 747 5335 καὶ
787 5283 834 5333 εἰ
868 5282 1248 5351 παραδέξοιντο
1288 5286 1379 5338 τὸν
1416 5286 1668 5357 Χριστὸν,
1705 5287 1797 5339 καὶ
1826 5289 1875 5341 εἰ

1982 5286 2424 5345 circumcisionis
2457 5291 2697 5356 asseclae,
2735 5292 2778 5345 si
2811 5293 2966 5346 modo
3005 5291 3279 5345 Christum
3327 5307 3544 5361 recepe-

302 5372 617 5441 φυλάξοιντο
648 5374 745 5444 τὴν
795 5373 1054 5445 διαθήκην
1091 5392 1187 5445 μου
1218 5377 1309 5429 καὶ
1346 5377 1411 5429 τὰ
1440 5377 1714 5450 μαρτύριά
1744 5397 1869 5450 μου,

1981 5378 2115 5444 rint,
2158 5390 2213 5434 et
2238 5393 2451 5450 pactum
2504 5398 2681 5437 meum
2727 5400 2792 5438 ac
2842 5383 3143 5438 testimonia
3184 5384 3538 5448 servaverint,

299 5465 361 5516 ού
398 5464 465 5517 τὰ
508 5463 595 5517 διὰ
636 5466 736 5535 τῆς
786 5466 1007 5538 πρώτης
1048 5466 1363 5537 νομοθεσίας
1408 5470 1684 5541 δεδομένα,
1732 5470 1867 5526 ἀλλά

1978 5486 2085 5526 non
2115 5472 2206 5527 illa
2232 5476 2297 5529 ad
2324 5476 2563 5545 priorem
2617 5476 3011 5545 legislationem
3053 5476 3403 5546 pertinentia,
3444 5479 3536 5529 sed

295 5555 469 5609 ταῦτα
497 5556 532 5609 ἃ
558 5557 751 5623 διδάξω
770 5560 986 5625 αὐτοὺς,
1020 5559 1275 5629 μέλλοντα
1302 5562 1483 5624 αὐτοῖς
1512 5562 1735 5634 ὕστερον
1766 5582 1865 5618 πο-

1976 5579 2038 5618 ea
2076 5582 2195 5636 qua:
2228 5568 2424 5623 deinde
2455 5570 2599 5637 ipsos
2628 5570 2853 5635 docebo,
2895 5584 3119 5640 qumque
3153 5570 3274 5625 novi
3319 5568 3536 5623 foederis

294 5661 357 5699 τε
385 5647 858 5720 παραδοθήσεσθαι
904 5651 991 5704 διὰ
1029 5651 1126 5720 τῆς
1153 5652 1342 5721 καινῆς
1408 5652 1656 5724 ἀθήκης·
1689 5656 1735 5707 εἰ
1763 5655 1870 5725 γὰρ

1981 5666 2223 5727 tempore
2279 5661 2533 5717 tradenda
2576 5670 2721 5721 sunt.
2759 5662 2994 5720 Omnino
3032 5663 3078 5721 si
3128 5663 3242 5718 haec
3285 5670 3538 5720 servave-

369 5788 411 5819 ³³
441 5787 579 5842 Psatl.
617 5806 802 5858 cum,
832 5794 881 5850 4.
961 5795 1184 5851 3‘llebr.
1216 5810 1287 5860 vi,
1317 5793 1401 5849 l8.
1481 5797 1523 5827 ³⁸
1552 5797 1683 5855 an.
1730 5815 1763 5864 ι,
1796 5799 1881 5853 32.
