4068 6198
478 319 549 375 27
1161 313 1434 373 EUSEBII
1470 313 1952 373 CESARIENSIS
1988 311 2139 369 OPP.
2179 311 2357 367 PARS
2394 311 2481 369 Ill.
2518 342 2574 355 —
2623 312 3032 369 EXEGETICA.
3660 316 3731 371 28

495 438 626 498 rint,
666 436 767 504 ipsi
796 448 1010 503 quoque
1041 433 1092 487 in
1140 434 1337 488 tbiouo
1366 444 1477 494 tuo,
1508 434 1596 502 qui
1642 431 1856 487 Christo
1899 447 2053 503 para-

2168 430 2475 498 ρυλάξοιντο
2502 429 2694 493 ταῦτα,
2752 430 2846 484 καὶ
2889 429 3042 484 αὐτοὶ
3100 428 3598 485 καθευδοῦνταιὲπὶ
3640 433 3729 486 τὸν

485 539 569 582 tus
601 535 707 589 est,
732 524 1016 579 sedcbunt.

554 618 717 673 Vens.
760 617 846 670 l5.
891 614 1134 685 l’rwdam
1168 614 1281 685 eius
1317 614 1617 668 benedicens
1658 617 1979 681 benedicam,

787 702 1037 754 pauperes
1072 684 1203 754 ejus
1226 688 1474 739 saturabo
1502 687 1745 752 panibus.

553 775 863 831 Secundum
920 790 1223 845 auagogen,
1275 776 1451 843 praeda
1504 774 1684 830 Siouis
1719 777 1751 828 ii
1796 786 1922 830 sunt
1960 778 2048 847 qui

491 870 719 939 piscium
755 870 925 923 instar
980 869 1047 923 ab
1076 868 1401 939 evangelicis
1450 870 1867 939 apostolicisque
1920 870 2053 924 reti-

486 964 585 1017 bus
620 960 862 1031 quotidie
890 961 1200 1029 capiuntur.
1235 958 1507 1027 Pauperes
1529 971 1710 1015 autem
1742 962 1860 1029 ejus
1883 961 2051 1027 beati,

489 1068 719 1123 quorum
757 1060 842 1106 est
886 1066 1111 1119 regnum
1147 1048 1263 1112 Dei,
1295 1052 1385 1119 qui
1417 1065 1609 1120 panem
1643 1051 1707 1105 de
1733 1051 1876 1106 cmlo
1908 1051 2056 1105 dela-

484 1161 640 1215 psum
693 1144 879 1198 edunt.
933 1142 1039 1196 Sed
1081 1151 1135 1195 et
1178 1140 1420 1209 ejusdem
1474 1140 1655 1195 Sionis
1717 1142 2054 1206 sacerdotes,

486 1247 769 1309 postquam
800 1251 859 1291 se
888 1235 1118 1304 justitia,
1147 1243 1202 1287 ut
1233 1235 1328 1301 ait,
1362 1234 1650 1296 induerint,
1681 1250 1710 1287 a
1749 1235 1858 1289 Deo
1885 1234 2058 1289 salute

487 1329 804 1382 induuntur.
874 1325 1074 1380 Deinde
1118 1326 1183 1380 de
1234 1325 1365 1379 viris
1422 1324 1622 1379 sanctis
1674 1324 1837 1379 verba
1904 1323 2056 1389 facit,

486 1419 685 1472 virtute
718 1432 781 1472 ac
813 1416 936 1470 vita:
966 1432 1167 1485 genere
1215 1416 1267 1469 in
1312 1415 1553 1469 Ecclesia
1597 1414 2054 1484 praacellentibus.

489 1511 563 1564 Ite
614 1508 809 1579 quibus
873 1508 1098 1576 Aquilas
1136 1508 1305 1561 dicit:
1353 1503 1679 1559 Laudatione
1731 1504 2058 1571 laudabunt;

488 1604 848 1675 Symmachus
879 1610 1082 1665 autem,
1109 1599 1478 1655 Benedicentes
1508 1598 1838 1653 benedicent.

488 1799 655 1856 Vnus.
697 1801 782 1857 l8.
820 1799 986 1870 Super
1010 1800 1179 1869 ipsum
1203 1808 1379 1852 autem
1419 1796 1668 1870 eﬂlorebit
1705 1794 2058 1863 sanctiﬁcatio
2089 1786 2131 1841 Β

1209 1886 1345 1923 mea.

569 1962 678 2016 lloc
716 1964 781 2017 de
804 1959 1011 2017 Joanne
1053 1962 1202 2023 dicit,
1227 1960 1379 2027 juxta
1413 1959 1624 2013 Domini
1666 1956 1926 2013 ell'atum:
1960 1954 2062 2010 Ille

490 2062 603 2105 erat
629 2054 844 2106 lucerna
876 2054 1067 2105 ardens
1093 2062 1139 2105 et
1163 2052 1397 2105 relucens
1421 2050 1487 2104 ³⁸.
1526 2050 1673 2103 Licet
1694 2050 1795 2103 hoc
1826 2056 1878 2100 et
1906 2047 2063 2101 aliter

493 2156 588 2209 per
637 2148 875 2208 tempora
939 2140 1372 2207 persecutionum
1421 2152 1771 2206 cognoscere.
1820 2134 2063 2207 Symma-

492 2232 627 2285 chus
653 2246 781 2284 vero
810 2231 1135 2284 consecratio
1164 2230 1403 2298 scripsit.
1431 2228 1725 2283 Consecrat
1751 2242 1941 2298 reapse
1966 2240 2063 2295 per

493 2325 803 2377 universum
848 2324 1033 2378 orbem
1097 2322 1456 2377 sanctiﬁcatio
1512 2320 1829 2377 Servatoris
1885 2319 2060 2375 nostri

492 2413 809 2470 Ecclesium.

963 2504 1283 2561 PSALMUS
1322 2503 1583 2561 CXXXII.

563 2601 725 2655 Vens.
760 2600 812 2655 l.
856 2598 989 2653 Ecce
1027 2600 1151 2669 quid
1198 2600 1401 2676 bonurn
1430 2608 1477 2651 et
1512 2596 1640 2667 quid
1668 2596 1990 2663 jucundum,

878 2680 1067 2739 prwter
1093 2686 1249 2735 quam
1279 2669 1541 2730 habitare,
1573 2677 1680 2722 etc.

566 2756 679 2813 Non
708 2773 869 2813 omne
899 2758 1121 2822 bonum,
1151 2759 1353 2827 pariter
1380 2768 1436 2811 et
1464 2757 1765 2825 jucundum
1795 2766 1874 2808 est
1906 2772 1920 2820 ;
1967 2770 2062 2808 ue-

491 2867 597 2921 que
626 2867 788 2905 omne
825 2850 1147 2919 jucundum,
1191 2849 1349 2905 simul
1401 2859 1454 2904 et
1499 2851 1698 2903 bonum
1748 2860 1854 2903 est.
1898 2847 2063 2903 Multa

491 2945 637 2998 enim
662 2954 789 3000 sum
820 2944 1018 3010 dulcia,
1046 2952 1098 2999 et
1130 2953 1307 2998 tamen
1341 2958 1505 3012 prava
1536 2962 1549 2998 :
1590 2952 1643 2998 et
1672 2943 1914 2997 vicissim
1956 2942 2062 2996 alia

496 3034 765 3091 laboriosa
793 3047 939 3099 sunt,
972 3036 1065 3092 sed
1107 3045 1284 3091 tamen
1312 3039 1471 3090 bona.
1519 3035 1906 3090 Verumtamen
1936 3050 2067 3089 con-

2153 520 2338 591 θρόνον
2374 540 2467 575 σου
2496 523 2587 575 τὸν
2614 522 2691 592 τῷ
2716 521 2936 593 Χριστῷ
2956 521 3374 592 ἡτοιμασμένον.

2158 612 2277 681 Τὴν
2299 617 2487 683 θήραν
2515 612 2704 680 αὐτῆς
2733 611 2991 683 εὐλογῶν
3029 612 3360 683 εὐλογήσω,
3401 611 3544 680 τοὺς
3578 628 3728 667 πτω-

2485 684 2633 753 χοὺς
2655 682 2843 751 αὐτῆς
2872 682 3142 752 χορτάσω
3172 683 3381 751 ἀρτων.

2225 776 2379 830 Κατὰ
2407 775 2463 829 δὲ
2490 775 2797 845 ἀναγωγὴν,
2830 775 2968 847 θήρα
2996 773 3130 827 Σιὼν
3163 776 3212 826 οἱ
3238 774 3392 844 δίκην
3422 773 3616 845 ἰχθύων
3645 775 3733 830 διὰ

2154 868 2261 922 τῶν
2287 867 2656 937 εύαγγελικῶν
2682 868 2776 921 καὶ
2805 867 3174 920 ἁποστολικῶν
3199 866 3427 920 δικτύων
3461 867 3731 938 ὁσημέραι

2158 959 2528 1032 ζωγρούμενοι
2552 976 2565 990 ·
2604 960 2807 1030 πτωχοὶ
2850 958 2907 1011 δὲ
2938 959 3105 1030 αὐτῆς
3134 961 3181 1011 οἱ
3209 960 3487 1030 μακάριοι,
3530 959 3611 1011 ὃτι
3636 960 3733 1010 αύ-

2157 1052 2264 1107 τῶν
2292 1053 2439 1105 ἐστιν
2464 1054 2496 1123 ἡ
2531 1052 2775 1121 βασιλεία
2805 1052 2912 1105 τῶν
2947 1052 3187 1121 οὐρανῶν
3212 1069 3223 1081 ο
3267 1052 3316 1103 οἳ
3348 1051 3439 1103 τὸν
3469 1052 3628 1122 ἄρτον
3658 1068 3732 1103 σι-

2158 1144 2374 1199 τοῦνται
2406 1142 2495 1197 τὸν
2518 1144 2577 1209 ἐξ
2606 1144 2833 1209 οὐρανοῦ
2860 1144 3169 1198 καταϐάντα
3194 1161 3206 1173 ·
3238 1142 3371 1196 ἀλλὰ
3408 1144 3498 1196 καὶ
3530 1144 3577 1194 οἱ
3600 1141 3731 1195 ταύ-

2159 1256 2258 1308 της
2294 1240 2479 1309 ἱερεῖς,
2525 1236 2739 1309 πρῶτον
2780 1238 3003 1301 ἑαυτοὺς
3039 1237 3404 1307 δικαιοσύνην,
3443 1236 3520 1299 ὡς
3559 1230 3728 1297 εἶπεν,

2161 1329 2494 1393 ἐνδύσαντες,
2528 1328 2631 1382 ὑπὸ
2663 1327 2797 1381 Θεοῦ
2834 1327 3244 1399 περιϐάλλονται
3280 1328 3550 1399 σωτηρίαν
3571 1344 3583 1357 ’
3615 1321 3732 1379 εἶτα

2161 1421 2308 1490 λέγει
2332 1421 2459 1491 περὶ
2492 1421 2598 1474 τῶν
2626 1420 2809 1485 ὁσίων,
2843 1420 2951 1472 τῶν
2977 1420 3144 1491 ἀρετῇ
3172 1422 3265 1474 καὶ
3294 1419 3392 1491 βίῳ
3413 1420 3736 1490 διαπρεπόν-

2163 1531 2270 1566 των
2292 1514 2349 1565 ἐν
2394 1512 2715 1585 Ἐκκλησίᾳ’
2760 1512 2889 1583 περὶ
2918 1505 2992 1565 ὧν
3031 1511 3261 1577 Ἀκύλας
3290 1513 3390 1584 μὲν
3418 1512 3541 1584 ἔφη’
3567 1511 3736 1566 Αἰνέ-

2164 1620 2259 1658 σει
2283 1603 2666 1658 αὶνέσουσινο
2693 1604 2722 1657 ὁ
2741 1603 2798 1657 δὲ
2838 1604 3152 1676 Σύμμαχος,
3183 1604 3613 1675 Εὐφημοῦντες
3641 1605 3738 1659 εὐ-

2164 1694 2575 1766 φημήσουσιν.

2280 1786 2411 1842 Ἐπὶ
2440 1787 2508 1841 δὲ
2538 1788 2725 1843 αὑτὸν
2750 1788 3072 1859 ἐξανθήσει
3096 1788 3161 1843 τὸ
3190 1787 3456 1860 ἁγίασμά
3478 1806 3617 1858 μου.

2232 1968 2402 2022 Τοῦτο
2435 1971 2562 2043 περὶ
2603 1971 2847 2024 Ἰωάννου
2882 1972 3035 2041 φησὶ,
3066 1969 3207 2025 κατὰ
3236 1971 3296 2024 τὸ
3328 1970 3612 2043 εἰρημένον
3643 1987 3745 2023 πα·-

2168 2059 2237 2132 ρὰ
2260 2062 2463 2132 Κυρίου
2489 2079 2501 2092 '
2544 2062 2801 2128 Ἐκεῖνος
2824 2058 2903 2133 ἦν
2926 2067 2959 2118 ὀ
2977 2065 3204 2133 λύχνος
3244 2066 3277 2117 ό
3302 2065 3615 2132 καιόμενος
3640 2062 3737 2115 καὶ

2162 2156 2413 2224 φαίνων.
2438 2153 2594 2207 Ἐστι
2633 2155 2689 2208 δὲ
2714 2154 2886 2208 ταῦτα
2920 2156 3014 2209 καὶ
3045 2156 3218 2218 ἄλλως
3264 2156 3389 2207 ἰδεῖν
3431 2153 3570 2206 κατὰ
3614 2154 3742 2214 τοὺς

2165 2246 2273 2298 τῶν
2318 2244 2572 2314 διωγμῶν
2612 2245 2835 2317 καιρούς
2856 2262 2868 2275 ’
2895 2245 3005 2298 ἃδε
3026 2245 3339 2315 Σύμμαχος,
3365 2247 3397 2297 ὀ
3423 2241 3737 2312 ἁγιασμὸς,

2164 2332 2338 2401 εἶπεν,
2383 2336 2568 2389 αὑτοῦ
2595 2353 2608 2365 ·
2646 2335 2862 2405 ἁγιάζει
2903 2335 3010 2409 γὰρ
3033 2335 3153 2389 καθ’
3190 2336 3316 2405 ὅλης
3360 2335 3459 2405 τῆς
3484 2333 3740 2403 οἰκουμέ-

2165 2446 2262 2501 νης
2279 2428 2340 2481 τὸ
2366 2426 2460 2481 τοῦ
2494 2427 2743 2499 Σωτῆρος
2772 2428 2928 2499 ἡμῶν
2955 2430 3013 2481 ὲν
3031 2431 3096 2498 τῇ
3139 2426 3433 2499 Ἐκκλησία
3470 2426 3747 2519 ἁγίασμα.

2714 2521 3004 2574 ΨΑᾹΜΟΣ
3037 2520 3205 2575 ΡΛΒ’.

2179 2610 2322 2665 Ἰδοὺ
2357 2610 2433 2677 δὴ
2464 2611 2520 2664 τι
2552 2610 2803 2677 καλὸνῆ
2842 2611 2899 2692 τέ’
2932 2611 3208 2733 τερπνὴν,
3246 2610 3381 2665 ἀλλ’
3426 2608 3464 2677 ἢ
3498 2608 3563 2663 τὸ
3606 2623 3746 2661 κατ-ι

2747 2698 3029 2733 οικειν.κ.
3054 2699 3103 2733 τ.
3167 2719 3181 2733 .

2747 2698 2954 2744 amem,
2978 2700 3029 2735 κ.
3054 2699 3103 2733 τ.
3132 2698 3181 2735 Α.

2238 2772 2312 2823 Οὐ
2348 2773 2455 2824 πᾶν
2496 2773 2557 2825 τὸ
2602 2772 2786 2831 καλὸν.
2817 2774 2916 2845 ἥδη
2962 2774 3055 2825 καὶ
3085 2772 3315 2844 τερπνόν
3339 2789 3352 2802 ο
3389 2771 3591 2825 οὐδὲτὸ
3622 2787 3753 2841 τερι

2169 2862 2323 2926 πνὸν,
2355 2863 2572 2927 πάντως
2598 2866 2690 2918 καὶ
2730 2864 2890 2917 καλόν
2914 2882 2927 2895 ⁸
2964 2865 3132 2918 πολλὰ
3162 2864 3269 2936 γὰρ
3302 2863 3431 2935 ἡδέα
3464 2864 3581 2934 μὲν,
3618 2860 3751 2931 φαῦ-

2166 2952 2234 3007 λα
2255 2954 2346 3008 δέ·
2382 2954 2456 3018 ὡς
2484 2956 2577 3008 καὶ
2602 2956 2767 3027 ἕτερα
2795 2956 3027 3010 ἐπίπονα
3050 2957 3168 3027 μὲν,
3198 2955 3376 3025 ἀγαθὰ
3403 2955 3460 3008 δέ
3481 2972 3496 2986 ο
3528 2954 3746 3024 ὁμόνοια

2166 3045 2222 3099 δὲ
2254 3048 2351 3099 καὶ
2381 3048 2569 3119 εἰρήνη
2601 3046 2788 3120 ψυχῶν
2833 3049 3278 3120 ὁμοφρονούντων
3307 3047 3401 3101 καὶ
3433 3045 3749 3118 όμοδοξούν-

493 3129 677 3185 cordia
724 3140 777 3184 et
823 3144 925 3197 pax
981 3130 1284 3183 animarum
1334 3144 1519 3198 parem
1574 3138 1808 3183 mentem
1851 3138 2065 3184 senten-

2172 3155 2298 3203 των,
2333 3139 2498 3210 ἄμφω
2517 3140 2659 3193 κατὰ
2680 3141 2740 3193 τὸ
2766 3140 2896 3193 αὐτὸ
2929 3142 3021 3194 καὶ
3046 3140 3107 3193 τὸ
3133 3138 3363 3209 τερπνὸν
3384 3138 3477 3191 καὶ
3500 3137 3559 3190 τὸ
3585 3134 3746 3191 καλὸν

497 3222 733 3290 tiamque
782 3222 1106 3283 foventium,
1168 3232 1455 3290 utramque
1524 3236 1639 3275 rem
1700 3220 2066 3287 laudabiliter,

498 3329 690 3382 nempe
719 3322 771 3366 et
802 3314 1001 3365 bonum
1028 3313 1400 3381 etjucundum
1460 3323 1645 3368 tenere
1694 3314 1914 3367 dicitur.
1964 3314 2067 3367 Ne-

496 3418 602 3471 que
626 3402 678 3455 id
705 3402 907 3455 dicitur
949 3403 1015 3455 de
1075 3401 1337 3457 fratribus
1380 3419 1483 3456 una
1522 3388 1731 3463 tantum
1774 3404 2071 3458 habitanti-

498 3495 620 3556 bus.
654 3493 750 3547 sed
777 3493 842 3547 de
872 3493 1133 3547 unitatem
1184 3494 1343 3549 simul
1390 3496 1759 3562 servantibus,
1805 3505 1966 3565 prout
1996 3499 2070 3548 ait

495 3584 825 3652 Apostolus:
864 3583 933 3639 Ut
983 3585 1035 3637 id
1068 3586 1239 3655 ipsum
1278 3603 1453 3640 omnes
1487 3588 1695 3650 dicatis,
1739 3603 1899 3658 neque
1932 3589 2070 3640 achi-

506 3685 680 3729 smata
718 3675 859 3729 inter
888 3693 978 3729 vos
1018 3678 1169 3744 sint;
1206 3678 1297 3731 sed
1342 3693 1448 3730 una
1474 3678 1757 3747 eademque
1795 3690 1963 3733 mente
2003 3696 2065 3733 ac

510 3767 768 3819 sententia
812 3776 971 3820 estote
1015 3768 1362 3836 coagmentati
1407 3767 1473 3821 ⁸⁷.
1523 3768 1701 3824 Monet
1756 3781 1960 3834 autem,
1998 3788 2065 3824 ne

498 3858 693 3910 bonum
720 3858 1193 3925 atquejucundum
1233 3860 1284 3912 in
1323 3874 1551 3928 corpore
1578 3860 1865 3930 carnisque
1916 3862 2065 3915 volu-

503 3957 650 4019 ptate
683 3952 1043 4018 reponendum
1085 3960 1355 4020 putemus.

606 4040 764 4093 Vens.
796 4039 850 4093 5.
890 4041 1036 4094 Sicut
1074 4057 1159 4093 ros
1191 4038 1471 4110 Hermonis
1502 4042 1594 4110 qui
1619 4042 1885 4095 descendit
1918 4043 1973 4095 in

1061 4123 1260 4164 montes
1301 4109 1496 4165 Sionis.

569 4202 721 4256 Mons
768 4213 849 4258 est
900 4202 1137 4258 Ilcrmou
1185 4202 1393 4257 Libano
1438 4203 1713 4271 adiacens,
1756 4204 1943 4275 inquo
1980 4206 2068 4259 uix

2173 3229 2314 3301 ἔχειν
2344 3234 2682 3285 ἐπαινεῖται·
2726 3233 2785 3285 ού
2819 3232 2879 3284 τὸ
2918 3234 3191 3284 κατοικεῖν
3238 3230 3497 3297 ἀδελφοὺς
3541 3229 3755 3294 ἁπλῶς,

2171 3322 2285 3376 ἀλλ’
2316 3322 2443 3376 ὅταν
2474 3324 2565 3376 ἐπὶ
2593 3323 2654 3376 τὸ
2682 3323 2814 3376 αὐτὸ
2854 3317 2977 3385 ὦσι,
3013 3321 3153 3374 κατὰ
3189 3320 3279 3374 τὸν
3324 3322 3641 3372 Ἀπόστολον
3660 3320 3751 3373 λέ-

2172 3431 2365 3482 γοντα·
2404 3415 2537 3469 Ἵνα
2565 3414 2631 3467 τὸ
2649 3414 2794 3468 αὐτὸ
2825 3412 3043 3482 λέγητε
3069 3412 3311 3477 πάντες,
3335 3410 3523 3479 καὶμὴ
3543 3408 3748 3464 darer

2171 3508 2313 3576 ὑμῖν
2329 3508 2655 3575 σχίσματα·
2685 3502 2791 3575 ἦτε
2817 3505 2883 3557 δὲ
2911 3505 3365 3572 κατηρτισμένοι
3384 3501 3757 3568 τῷαύτῷνιῒ

2172 3599 2271 3651 καὶ
2290 3598 2364 3665 τῇ
2384 3596 2539 3667 αὑτῇ
2555 3596 2777 3668 γνώμῃ·
2801 3596 3039 3649 διδάσκει
3068 3596 3126 3649 δὲ
3154 3595 3213 3647 τὸ
3233 3594 3392 3648 καλὸν
3416 3594 3507 3647 καὶ
3535 3594 3596 3647 τὸ
3618 3610 3745 3663 τερ-

2173 3689 2303 3743 πνὸν
2349 3690 2424 3761 μὴ
2466 3691 2524 3743 ἐν
2560 3689 2791 3760 σώματι,
2830 3688 2965 3760 μηδὲ
3007 3690 3064 3741 ὲν
3100 3687 3260 3759 ἡδονῇ
3320 3686 3538 3759 σαρκῶν
3603 3686 3748 3740 τίθε-

2177 3779 2322 3835 σθαι.

2185 4044 2281 4110 Ὧς
2319 4042 2539 4111 δρόσος
2566 4042 2827 4113 Ἀερμὼν
2864 4041 3372 4144 τζκαταῦαἰνουσα
3403 4040 3499 4092 ἐπὶ
3538 4040 3608 4092 τὰ
3641 4037 3749 4108 ὅρη

2878 4130 2917 4166 ὲ
2927 4130 3049 4166 ιων.

2248 4207 2411 4277 Ὄρος
2440 4208 2589 4260 ἐστὶν
2633 4204 2899 4279 ’Λερμὼν,
2929 4204 2990 4256 τὸ
3022 4201 3447 4276 παρακείμενεον
3473 4199 3551 4270 τῷ
3579 4198 3749 4253 Λιϐά-

501 4294 663 4348 multa
717 4295 1048 4364 congeritur,
1106 4310 1267 4364 quam
1315 4295 1598 4366 Scriptura
1658 4297 1797 4350 roris
1855 4298 2065 4351 nomine

2173 4315 2268 4369 νῳ,
2298 4299 2382 4367 ἐφ’
2416 4299 2443 4352 ὃ
2467 4298 2599 4369 χιὼν
2635 4297 2925 4364 συνάγεται
2946 4294 3132 4363 πολλὴ,
3161 4289 3348 4363 ἥντινα
3373 4292 3401 4341 ὁ
3429 4291 3597 4359 Λόγος
3623 4291 3747 4362 δρό-

498 4388 764 4457 dcsignat.
817 4386 951 4453 Quia
995 4402 1126 4457 ergo
1168 4403 1257 4441 ros
1299 4388 1408 4454 ille,
1459 4404 1526 4443 ex
1577 4389 1761 4443 multis
1811 4390 2065 4445 collectus

2175 4406 2266 4442 σον
2294 4388 2603 4459 ὠνόμασεν·
2644 4386 2832 4457 ἐπειδὴ
2857 4384 2912 4438 δὲ
2950 4386 2981 4453 ὴ
3012 4384 3200 4455 δρόσος
3228 4383 3407 4453 ἐκείνη
3453 4384 3486 4453 ἡ
3521 4385 3583 4435 ὲκ
3619 4382 3751 4435 πολ-

498 4479 667 4547 guttis
694 4494 861 4532 unum
888 4493 1085 4546 corpus
1117 4478 1348 4533 ellicitur
1393 4490 1447 4534 ct
1496 4481 1883 4551 compingitur,
1922 4496 2065 4537 recte

2173 4480 2280 4532 λῶν
2326 4479 2666 4550 συναγομένη
2721 4477 3012 4545 σταγόνων,
3058 4477 3145 4545 ὑφ’
3193 4474 3249 4527 ἓν
3298 4478 3750 4544 σωματοποιεῖται

502 4570 756 4625 Ecclesiae
790 4570 1141 4623 concordiam
1170 4580 1332 4639 atque
1372 4586 1695 4625 consensum
1731 4575 2070 4642 comparavit

498 4666 716 4716 diverso
762 4660 1010 4729 exemplo
1065 4676 1169 4716 nou
1208 4661 1317 4715 nivi
1350 4663 1687 4731 permanenti
1721 4664 1772 4717 in
1803 4663 2069 4719 llermone

500 4762 702 4816 monte,
746 4752 840 4806 sed
882 4751 931 4804 ei
982 4766 1102 4821 quae
1156 4751 1207 4805 in
1269 4750 1453 4807 Sionis
1502 4763 1719 4809 montes
1770 4754 2068 4809 descendit.

500 4842 741 4913 Namque
786 4852 847 4897 ut
889 4844 1029 4898 nivis
1066 4844 1277 4911 c0piam
1323 4844 1713 4914 intelligamus,
1751 4862 1905 4901 mons
1932 4845 2071 4901 Πυν-

502 4951 623 4988 mon
651 4936 702 4988 in
733 4936 1037 5005 exemplum
1086 4946 1333 5006 sumptus
1384 4947 1500 5003 est;
1555 4946 1614 4992 ut
1648 4949 1825 4993 autem
1864 4957 2072 4994 morum

501 5029 795 5081 secundum
824 5027 988 5082 Deum
1023 5029 1370 5083 concordiam
1394 5030 1731 5099 significaret
1763 5031 2066 5099 Psalmista,

503 5132 678 5172 rorem
709 5121 760 5173 in
793 5131 1003 5176 montes
1039 5120 1227 5176 Siouis
1249 5123 1665 5177 descendentem
1700 5125 2016 5177 nominavit.

646 5293 810 5349 Vens.
851 5296 905 5349 5.
941 5296 1205 5363 Quoniam
1240 5300 1352 5352 illic
1378 5300 1646 5353 mandavit
1686 5298 1942 5356 Dominus

1058 5372 1491 5424 benedictionem.

572 5456 683 5512 lllic
723 5458 875 5523 dicit,
927 5461 1064 5527 apud
1111 5463 1312 5519 fratres
1363 5464 1707 5519 concorditer
1746 5463 2068 5520 habitantes.

504 5557 687 5618 Mque
745 5550 886 5605 hanc
936 5566 1277 5609 communem
1320 5557 1506 5622 vitam,
1553 5556 1646 5612 sed
1687 5556 2071 5623 iuuuortalem,

506 5640 776 5709 itlltclligil.

589 5762 634 5797 ³⁸
662 5763 877 5833 locum,
907 5768 997 5823 55.
1074 5768 1114 5800 "
1155 5766 1316 5824 lCor.
1351 5786 1392 5835 ι,
1424 5772 1507 5826 10.

2174 4574 2268 4626 κα)⁸
2301 4573 2709 4643 συμπήγνυται,
2756 4569 2979 4631 εἰκότως
3006 4568 3103 4637 τὴν
3132 4567 3229 4636 τῆς
3276 4565 3599 4636 Ἐκκλησίας
3620 4566 3750 4636 όμό-

2174 4680 2323 4717 νοιαν
2365 4665 2459 4717 καὶ
2494 4662 2812 4733 συμφωνίαν
2855 4660 3118 4713 ἀπείκασε
3157 4658 3224 4710 δι’
3255 4658 3438 4728 ἐτέρου
3491 4659 3752 4729 παραδείο

2176 4771 2385 4826 γματος
2414 4755 2474 4806 οὐ
2617 4754 2754 4824 χιόνι
2801 4754 2865 4823 τῇ
2913 4750 3262 4822 ἀπομενυύσῃ
3295 4751 3350 4801 ὲν
3390 4749 3467 4821 τῷ
3508 4750 3753 4821 Ἀερμὼν

2173 4846 2310 4919 ὄρει,
2334 4845 2469 4899 ἀλλὰ
2497 4849 2561 4917 τῇ
2586 4843 2987 4916 καταϐαινούσῃ
3009 4842 3102 4896 ἐπὶ
3117 4841 3185 4895 τὰ
3210 4842 3308 4913 ὅρη
3335 4842 3472 4895 Σιών
3488 4859 3502 4873 ’
3539 4843 3622 4895 ἵνα
3654 4843 3749 4911 μὲν

2176 4938 2286 5009 γὰρ
2308 4938 2588 5009 νοήσωμεν
2609 4937 2669 4989 τὸ
2694 4936 2895 5006 πλῆθος
2917 4936 3014 5007 τῆς
3040 4934 3236 5005 χιόνος,
3259 4934 3318 4987 τὸ
3360 4932 3599 5006 Ἀερμὼν
3629 4934 3750 5001 ὅρος

2178 5030 2561 5100 παρείληπται·
2595 5032 2680 5083 ἵνα
2707 5029 2761 5081 δὲ
2790 5028 2884 5081 τοῦ
2917 5029 3059 5082 κατὰ
3082 5029 3213 5081 Θεὸν
3243 5026 3626 5096 πολιτεύματος
3655 5024 3751 5096 τὴν

2176 5124 2492 5193 συμφωνίαν
2537 5120 2772 5194 δηλώσῃ,
2819 5122 2909 5174 ἐπὶ
2937 5121 3005 5174 τὰ
3050 5120 3151 5193 ὅρη
3190 5118 3326 5172 Σιὼν
3366 5118 3467 5187 ἔφη
3507 5114 3753 5169 κατιέναι

2172 5216 2270 5289 τὴν
2297 5215 2511 5287 δρόσον.ι

2281 5309 2407 5361 Ὂτι
2434 5307 2563 5360 ἐκεῖ
2583 5307 2919 5360 ἐνετείλατο
2960 5307 3171 5373 Κύριος
3196 5302 3310 5371 τὴν
3342 5301 3642 5370 εὐλογίαν.

2266 5468 2411 5520 Ἐκεῖ
2432 5466 2579 5534 λέγει
2619 5465 2768 5537 παρὰ
2792 5469 2903 5528 τοῖς
2940 5462 3282 5518 κατοικοῦσιν
3310 5458 3557 5526 ἀδελφοῖς
3586 5455 3759 5510 {nica

2182 5560 2337 5614 αὑτό·
2365 5560 2460 5615 καὶ
2493 5557 2636 5632 ζωὴν
2665 5560 2726 5613 οὐ
2755 5558 2854 5630 τὴν
2888 5556 3094 5626 κοινὴν,
3134 5553 3269 5608 ἀλλὰ
3304 5552 3401 5625 τὴν
3432 5551 3721 5605 ἀθάνατον.
