4068 6198
290 358 360 415 29
1427 358 1935 416 COMMENTARIA
1973 359 2043 415 IN
2081 360 2415 417 PSALMOS.
3479 370 3550 425 30

823 471 1123 526 ΨΑΛΜΟΣ
1157 473 1321 530 PAI".

588 560 933 631 Εὐλογήσαι
967 576 1044 616 σε
1077 564 1290 632 Κύριος
1328 562 1397 617 ἐκ
1428 563 1600 619 Σιών.

382 652 516 723 Ἤδη
549 653 620 723 τῷ
674 654 931 727 Ἀϐραὰμ
975 657 1225 727 είρηται’
1254 659 1320 710 Ol
1356 656 1751 727 εὐλογθοῦντές
1782 674 1876 724 σε,

309 747 645 814 εὐιόγηνται
670 763 685 776 ·
741 746 971 817 δυνάμει
1020 748 1079 801 δὲ
1138 748 1327 800 ἑαυτὸν
1377 747 1590 817 εύλογεῑ
1646 751 1674 802 ό
1722 749 1879 804 τοῦτο

311 836 463 888 ποιῶν
484 851 498 865 ·
527 836 577 887 εί
605 836 665 889 δὲ
699 838 793 890 ἐπὶ
818 837 913 890 τοῦ
960 836 1231 910 Ἀϐραὰμ,
1261 840 1414 909 πόσῳ
1444 839 1643 909 μᾶλλον
1666 841 1757 893 ἐπὶ
1782 840 1876 895 τοῦ

303 926 536 998 κυρίους
588 928 651 981 οὗ
694 928 805 1001 γὰρ
862 929 1029 982 δεῖται
1076 930 1176 1000 τῆς
1224 932 1351 1001 παρ’
1396 930 1552 1002 ἡμῶν
1606 929 1872 999 εὐλογίας.

301 1020 563 1083 Ἕκαστος
610 1020 670 1072 δὲ
705 1022 883 1091 ἐαυτῷ
922 1021 1230 1093 χαρίζεται,
1282 1023 1374 1075 καὶ
1409 1022 1598 1076 ἑαυτὸν
1642 1023 1872 1092 εύλογεῖ,

290 1111 782 1183 ἀντευλογούμενος
804 1113 908 1166 ὑπὸ
932 1113 1023 1166 τοῦ
1046 1113 1155 1166 τῶν
1172 1113 1309 1167 ὅλων
1334 1113 1582 1184 Ποιητοῦ.
1611 1115 1700 1168 Διὸ
1728 1115 1877 1186 πρῶ-

290 1218 381 1255 τον
407 1204 643 1275 εἴρηται·
681 1208 999 1274 [εὐλογεῖτε
1028 1206 1135 1259 τὸν
1172 1206 1408 1274 Κύριονο
1444 1200 1542 1260 εἷθ’
1572 1207 1717 1279 ἑξῆς·
1755 1210 1873 1261 Εὑ-

288 1296 553 1364 λογήσαι
574 1312 652 1350 σε
682 1299 920 1366 Κύριος.

807 1390 1100 1444 ΨΑΛΜΟΣ
1149 1390 1316 1443 ΡΛΔ’.

356 1477 435 1548 Τῇ
466 1477 576 1531 τῶν
588 1478 743 1550 ᾠδῶν
770 1480 973 1552 ἐσχάτῃ
997 1480 1093 1545 τὰς
1119 1479 1290 1543 αὑτὰς
1316 1479 1455 1550 ἔχων
1474 1479 1668 1547 λέξεις,
1684 1483 1713 1535 ό
1731 1500 1870 1555 παρ-

286 1567 364 1621 ὼν
414 1566 565 1632 αἶνος
634 1571 860 1634 εἰκότως
904 1573 1266 1643 παράκειται·
1315 1571 1394 1624 διὸ
1429 1571 1490 1624 τὸ
1534 1574 1869 1641 ἀλληλούτα

289 1662 742 1734 προγέγραπταιο
777 1663 876 1716 τοῦ
915 1664 1011 1733 μὲν
1041 1662 1316 1730 ἀλληλοὺ
1354 1663 1639 1734 δηλοῦντος
1677 1666 1737 1718 τὸ
1776 1670 1865 1720 αὶ-

292 1755 469 1819 γεῖτε,
501 1756 597 1809 τοῦ
628 1757 672 1809 δ’
716 1757 799 1819 τα,
820 1756 927 1809 τὸν
958 1758 1191 1824 Κύριον.
1228 1756 1385 1809 Εἴποι
1415 1757 1459 1809 δ’
1492 1758 1555 1811 ἄν
1577 1775 1658 1821 τις
1698 1758 1863 1829 ῦμνον

299 1841 439 1898 ιίναι
484 1846 552 1899 τὰ
587 1848 799 1916 πρῶτα,
843 1847 919 1911 ῶς
968 1850 1023 1900 ὲν
1060 1846 1323 1919 προοιμίῳ
1368 1847 1701 1920 διεγείροντα
1737 1830 1936 1925 τοὺςξ3

300 1939 806 2008 προσταττομένους
853 1940 1020 1991 αίνεῖν
1059 1939 1143 1991 τὸν
1180 1939 1346 1991 Θεόν·
1398 1940 1731 2009 ἀρχομένους
1767 1941 1861 1993 τοῦ

304 2028 457 2080 αἴνου
493 2030 601 2082 ἀπο
625 2029 741 2093 τοῦ,
774 2031 971 2097 Κίιριε,
994 2029 1058 2083 τὸ
1080 2030 1251 2099 ὄνομά
1278 2046 1394 2085 σου
1415 2034 1501 2097 είς
1522 2032 1628 2085 τὸν
1656 2032 1858 2088 αὶῶνα.

301 2119 552 2189 Κατηχεῖ
573 2120 630 2174 δὲ
664 2122 1020 2193 ἀποστρέφων
1048 2121 1293 2188 είδώλων,
1329 2124 1423 2177 καὶ
1451 2123 1689 2178 διδάσκει
1718 2126 1859 2194 γνῶ-

295 2226 378 2261 σιν
409 2210 565 2265 Θεοῦ.
605 2213 870 2283 Τοιαύτης
898 2214 1001 2286 γὰρ
1028 2216 1151 2278 τοὺς
1178 2214 1274 2268 νῦν
1292 2215 1367 2287 (8)
1402 2215 1460 2280 ἐξ
1500 2215 1665 2269 ἐθνῶν
1695 2235 1861 2289 προσ-

288 2302 466 2365 ιόντας
505 2303 612 2355 ἔδει
656 2306 838 2373 τυχεῖν
890 2308 1295 2378 παραινέσεως·
1346 2308 1440 2372 οὓς
1496 2310 1588 2362 καὶ
1638 2309 1856 2375 δούλους

282 2395 451 2458 καλεί,
482 2398 649 2467 μήπω
690 2395 750 2448 τὸ
784 2396 1003 2468 πνεῦμα
1042 2400 1147 2469 τῆς
1177 2398 1447 2462 υἱοθεσίας
1480 2400 1855 2471 ἀνειληφότας.

280 2484 571 2554 Συμόαίνει
598 2484 657 2537 δὲ
672 2486 893 2549 τούτους
918 2487 1025 2558 πρὸ
1056 2488 1153 2558 (8‘)
1187 2490 1285 2559 τῆς
1304 2490 1717 2558 παλιγγενεσίας
1736 2492 1857 2544 λου-

278 2576 427 2647 τροῦ,
454 2576 643 2629 στάσιν
662 2576 805 2647 ἔχειν
826 2580 885 2631 ὲν
906 2578 1042 2649 οἴκῳ
1065 2578 1199 2632 Θεοῦ
1225 2580 1331 2633 τῶν
1357 2581 1519 2634 αὑτοῦ
1544 2582 1855 2653 προπύλων,

274 2667 390 2721 ἀλλ’
450 2669 511 2721 ού
572 2668 679 2721 τῶν
733 2668 1001 2723 ἐνδοτάτω
1054 2672 1332 2742 τυχόνταςο
1389 2675 1696 2747 εἰσαγωγὴν
1748 2676 1858 2748 γὰρ

274 2758 451 2829 ἔσχον,
501 2759 616 2812 ἀλλ’
661 2760 723 2812 ού
765 2760 1066 2816 τελείωσιν.
1111 2762 1366 2834 Διάφοροί
1410 2782 1472 2834 γε
1527 2765 1630 2837 μὴν
1672 2768 1853 2833 αὐλαὶ,

276 2853 401 2905 ἐπεὶ
425 2852 521 2905 καὶ
546 2852 790 2925 διάφοροι
809 2853 916 2907 τῶν
937 2855 1310 2925 εἰσαγομένων
1336 2858 1385 2909 οί
1415 2857 1539 2927 βίοι·
1574 2860 1856 2930 προκοπῆς

280 2942 360 3005 δὲ,
395 2943 457 2995 τὸ
488 2943 622 3013 μετὰ
645 2944 709 2995 το
734 2945 898 2997 αἰνεῖν
931 2944 994 2997 τὸ
1024 2944 1195 3015 ὄνομα
1226 2946 1452 3018 Κυρίου,
1489 2948 1649 3001 αὑτὸν
1682 2948 1745 3020 δὴ
1773 2951 1856 3001 αἰ-

278 3032 434 3087 νέσαι
475 3035 566 3087 τὸν
608 3036 833 3106 Κύριον·
868 3036 949 3089 δεῖ
981 3034 1089 3108 γὰρ
1124 3036 1338 3108 πρῶτον
1375 3038 1584 3109 μαθεῖν,
1618 3041 1699 3092 ὅτι
1741 3040 1854 3093 ἐστι

284 3124 421 3177 Θεοῦ
451 3126 642 3193 Λόγος,
673 3126 979 3196 ἐφεστηκὼς
1003 3127 1082 3198 τῷ
1111 3130 1272 3182 παντὶ
1298 3130 1506 3200 κόσμῳ,
1537 3131 1629 3182 καὶ
1657 3130 1849 3183 δεσπόο

1910 478 1957 534 Α

2441 475 2758 532 PSALMUS
2807 478 3088 534 CXXXIII.

2152 567 2320 625 Vens.
2354 570 2407 626 5.
2450 570 2734 625 Benedicat
2768 582 2815 625 te
2847 572 3101 627 Dominus
3132 590 3197 627 ea:
3220 573 3371 628 Sion.

1996 644 2020 671 ⁸
2048 657 2187 713 Olim
2223 662 2533 715 Abraliamo
2571 662 2771 715 dictum
2806 661 2945 716 fuit:
2981 664 3085 728 Qui
3129 674 3178 718 te
3213 666 3545 728 benedicunt,

1980 748 2231 803 benedicti
2269 762 2388 805 sunt
2412 751 2478 803 ³⁸.
2516 749 2824 803 Virtualiter
2848 763 3027 805 autem
3059 763 3228 807 semet
3261 754 3546 820 benedicit,

1978 844 2069 913 qui
2109 844 2160 897 id
2205 845 2336 912 agit.
2373 843 2525 910 Quod
2567 842 2611 896 si
2665 842 2716 896 in
2752 842 3063 897 Abrahamo
3111 844 3300 907 valuit,
3343 854 3546 912 quanto

1979 935 2151 1004 magis
2177 935 2229 989 in
2258 935 2524 989 Domino?
2552 933 2664 988 Non
2693 934 2837 988 enim
2871 935 2919 989 is
2960 949 3143 990 neStra
3181 937 3545 991 benedictione

1977 1027 2201 1099 indiget.
2262 1026 2645 1097 Unusquisque
2690 1036 2871 1081 autem
2929 1028 3031 1082 sibi
3081 1029 3441 1098 gratiﬁcatur,
3488 1041 3544 1084 et

1976 1119 2077 1173 sibi
2130 1104 2421 1181 benedicit,
2479 1122 2603 1189 quia
2657 1122 2895 1175 vicissim
2947 1121 3016 1175 ab
3071 1122 3309 1175 omnium
3362 1126 3539 1175 rerum

1974 1210 2235 1266 Creatore
2278 1212 2634 1266 benedicitur.
2682 1212 2803 1266 Ideo
2838 1213 3010 1281 primo
3046 1212 3248 1266 dictum
3284 1220 3408 1265 est:
3444 1209 3545 1265 Be-

1972 1304 2195 1358 nedicite
2225 1304 2526 1359 Dominum.
2569 1304 2767 1358 Deimle
2798 1323 2810 1357 :
2845 1303 3125 1357 Benedicat
3157 1315 3205 1357 te
3229 1303 3504 1357 Dominus.

2438 1394 2759 1449 PSALMUS
2799 1394 3080 1450 CXXXIV.

2039 1484 2364 1543 Laudativus
2416 1487 2503 1542 hic
2536 1487 2773 1557 psalmus
2816 1489 3010 1543 merito
3057 1488 3399 1558 subiungitur
3442 1502 3539 1557 po-

1966 1584 2170 1630 stremo
2197 1579 2550 1642 canticorum,
2571 1579 2693 1647 quia
2735 1579 2922 1633 iisdem
2956 1578 3311 1633 locutionibus
3339 1579 3536 1640 utitur;

1967 1682 2131 1736 quam
2165 1670 2233 1723 ob
2266 1685 2378 1723 rem
2409 1670 2628 1724 alleluia
2658 1686 2876 1739 quoque
2907 1670 2956 1724 ei
2989 1671 3359 1741 praeponitur:
3392 1686 3540 1723 nam-

1966 1775 2069 1828 que
2108 1758 2289 1823 allelu,
2324 1760 2542 1813 laudate
2582 1753 2872 1829 signiﬁcat,
2918 1762 2992 1825 ia,
3039 1760 3339 1816 Dominum.
3391 1759 3537 1814 Dicet

1965 1867 2096 1905 sane
2123 1852 2320 1921 aliquis
2352 1854 2586 1921 priorem
2636 1852 2824 1920 psalmi
2872 1861 3101 1921 partem,
3140 1852 3325 1922 hymni
3359 1851 3532 1905 locum

1966 1952 2185 2003 tenere,
2222 1942 2473 1996 excitatis
2522 1943 2575 1994 in
2623 1943 2893 2009 protentio
2940 1942 3002 1992 iis
3036 1942 3125 2009 qui
3164 1942 3254 1993 Dei
3288 1941 3535 1994 laudibus

1960 2033 2206 2086 dicendis
2252 2032 2449 2085 addicti
2481 2042 2644 2095 sunt;
2692 2031 2781 2099 qui
2815 2046 3003 2099 reapse
3037 2030 3287 2083 laudandi
3321 2030 3529 2083 initium

1962 2123 2166 2177 faciunt
2185 2124 2252 2178 ab
2284 2123 2385 2179 illis
2407 2123 2609 2186 verbis,
2631 2140 2815 2176 nomen
2840 2133 3009 2188 tuum,
3036 2121 3273 2186 Domine,
3303 2122 3357 2176 in
3383 2132 3535 2176 teter-

1961 2230 2105 2266 num.
2151 2214 2403 2269 Doctrina
2454 2223 2633 2267 autem
2677 2214 2912 2267 traditur
2954 2214 3021 2265 ab
3056 2212 3211 2268 idolis
3261 2223 3533 2278 avertens,

1960 2316 2014 2361 et
2057 2306 2144 2360 Dei
2196 2306 2439 2361 notitiam
2493 2306 2771 2375 ingerens.
2824 2304 2951 2358 Haec
2994 2305 3100 2359 illis
3144 2305 3258 2360 ﬁeri
3306 2306 3534 2360 debebat

1960 2398 2284 2462 adhortatio,
2318 2398 2408 2464 qui
2442 2414 2584 2451 nunc
2610 2413 2673 2451 ex
2702 2397 2936 2451 ethnicis
2970 2398 3035 2451 ad
3066 2399 3222 2451 ﬁdem
3247 2399 3533 2463 accedunt,

1958 2504 2094 2557 quos
2128 2489 2289 2543 etiam
2336 2504 2523 2543 servos
2566 2489 2827 2557 appellat,
2881 2500 3066 2558 utpote
3109 2491 3359 2558 spiritum
3399 2491 3532 2545 ado-

1958 2582 2159 2651 ptionis
2194 2582 2428 2635 nondum
2466 2581 2709 2649 adeptos.
2759 2580 2949 2636 Solent
2991 2590 3169 2635 autem
3204 2581 3255 2633 hi
3284 2591 3410 2636 ante
3443 2596 3531 2634 re-

1957 2672 2323 2743 generationis
2367 2672 2665 2734 lavacrum,
2702 2672 2991 2725 stationem
3040 2672 3239 2726 babere
3287 2672 3337 2724 in
3373 2672 3533 2725 domo

1957 2764 2051 2820 Dei
2085 2775 2209 2818 ante
2248 2764 2415 2827 fores,
2448 2762 2685 2816 nondum
2717 2763 2768 2815 in
2818 2764 3074 2815 interiora
3109 2762 3305 2830 recepti
3340 2778 3355 2815 :
3402 2775 3529 2815 eru-

1956 2858 2180 2911 diuntur
2208 2855 2376 2917 enim,
2409 2855 2500 2908 sed
2549 2854 2726 2907 adhuc
2772 2868 2876 2906 non
2919 2865 3044 2906 sunt
3076 2852 3320 2921 perfecti.
3365 2851 3532 2907 Porro

1956 2944 2183 2996 diversa!
2204 2949 2332 2995 sunt
2369 2939 2527 3004 aulae,
2573 2941 2701 3010 quia
2746 2942 2959 2995 diversa
3002 2950 3085 2996 est
3111 2942 3528 2996 catechumeno-

1958 3050 2074 3088 rum
2103 3034 2210 3087 vita
2238 3054 2249 3088 :
2282 3033 2484 3101 gradus
2516 3047 2644 3087 vero
2678 3033 2955 3103 provectio
2983 3044 3066 3087 est
3101 3044 3222 3103 post
3255 3033 3527 3089 laudatum

1957 3143 2149 3181 nomen
2188 3125 2420 3191 Domini,
2462 3124 2746 3179 Dominum
2793 3126 2971 3193 ipsum
3018 3125 3260 3181 laudare.
3309 3127 3532 3197 Oportet

283 3214 397 3278 ζων
446 3218 629 3271 αὐτοῦ’
676 3214 787 3273 εἶτα
825 3219 953 3290 περί
1000 3236 1059 3272 τε
1107 3220 1293 3284 οὐσίας
1334 3220 1500 3274 αὐτοῦ
1535 3220 1726 3291 μαθεῖν
1755 3224 1848 3275 καὶ

1960 3221 2095 3273 enim
2132 3218 2362 3286 primum
2396 3216 2642 3276 discere.
2679 3217 2767 3271 Dei
2803 3232 2923 3271 esse
2954 3217 3185 3271 Verbum
3227 3220 3368 3286 quod
3404 3220 3526 3272 nni-

278 3308 581 3379 δυνάμεως,
614 3312 730 3365 Υίόν
754 3328 812 3364 τε
827 3311 1030 3381 γνῶναι
1061 3313 1319 3384 μονογενῆ
1350 3313 1442 3365 τοῦ
1476 3312 1633 3368 Θεοῦ.

1952 3326 2107 3364 verso
2172 3310 2368 3363 uiundo
2415 3308 2667 3377 prmsidet
2720 3322 2784 3362 ac
2834 3307 3139 3362 dominatur
3181 3326 3195 3362 ε
3244 3311 3439 3365 deinde
3472 3320 3531 3365 ct

276 3402 394 3471 cjns
451 3402 810 3459 substantiam
863 3405 1293 3476 potentiamque
1324 3423 1676 3477 cognoscere,
1716 3417 1771 3464 et
1809 3410 1949 3478 quod
1992 3407 2082 3459 Dei
2117 3407 2185 3459 sit
2221 3404 2555 3475 Unigenitus.

289 3540 515 3597 Αινεῖτε
548 3540 657 3593 τὸν
679 3542 919 3609 Κύριον,
954 3544 1043 3595 ὅτι
1086 3543 1308 3612 ἀγαθὸς
1341 3545 1575 3613 Κύριος,
1608 3564 1663 3600 κ.
1694 3565 1744 3601 τ.
1773 3547 1823 3602 λ.

350 3631 505 3682 Ἐπεὶ
535 3631 739 3698 ἀγαθὸς
764 3631 987 3705 Κύριος,
1020 3634 1217 3686 αἰνεῖτε
1247 3633 1431 3687 αὐτόν.
1480 3636 1637 3689 Αίτία
1666 3638 1723 3690 δὲ
1752 3638 1845 3691 τοῦ

276 3722 463 3781 αἰνεῖν,
498 3721 558 3774 τὸ
604 3722 809 3790 ἀγαθὸν
840 3725 900 3777 οὐ
943 3724 1082 3777 κατὰ
1125 3724 1339 3796 μέθεξιν
1380 3722 1540 3790 εἶναι,
1588 3727 1849 3792 ὡσαύτως

1954 3543 2114 3595 Vnus.
2139 3540 2192 3593 ’5.
2220 3537 2456 3591 Lnudale
2472 3538 2773 3602 Dominum,
2792 3538 2916 3606 quia
2943 3537 3105 3590 bonus
3127 3536 3399 3600 Dominus,
3417 3548 3523 3594 etc.

2021 3630 2285 3698 Quoniam
2352 3630 2527 3685 bonus
2588 3638 2670 3684 est
2723 3629 3009 3692 Dominus,
3060 3629 3231 3697 ipsum
3286 3631 3522 3686 laudate.

1948 3723 2123 3779 Causa
2175 3731 2356 3776 autem
2412 3720 2667 3775 laudandi
2725 3729 2826 3783 est,
2879 3719 3090 3773 bonitas
3136 3721 3252 3788 ejus
3300 3736 3403 3774 non
3456 3739 3523 3776 ex

278 3810 337 3863 δὲ
369 3812 448 3881 τῷ
474 3814 639 3885 Πατρί
667 3814 767 3885 (9).
790 3816 1055 3887 Δίνοῦμεν
1078 3817 1134 3870 δὲ
1163 3818 1223 3869 οὐ
1250 3820 1314 3888 τῇ
1338 3817 1688 3889 λέξειομόνον,
1714 3820 1847 3874 ἀλλὰ

1960 3812 2182 3881 quadam
2208 3811 2636 3879 participatione.
2656 3809 2746 3863 sed
2772 3809 2891 3875 quia
2918 3808 3137 3877 perinde
3158 3819 3239 3863 est
3262 3826 3323 3865 ac
3340 3810 3519 3869 Pater.

274 3903 372 3954 καὶ
401 3902 611 3972 μεθέξει
644 3905 755 3957 τῶν
784 3906 1003 3975 ἀγαθῶν
1036 3907 1222 3971 αὑτοῦ,
1252 3908 1325 3972 ὡς
1358 3909 1475 3963 δέον
1520 3911 1576 3963 δὲ
1608 3915 1673 3983 τῇ
1712 3913 1847 3965 θεω-

272 3992 367 4063 ρὲᾳ
415 3993 649 4059 καὶτοῖς
678 3995 1117 4068 θεολογουμένοις
1160 4000 1341 4072 ἔργοις
1374 4003 1635 4074 πράττειν
1679 4004 1850 4075 ἁρμό-

264 4084 351 4137 δια
374 4125 388 4141 .
439 4085 521 4147 τὸ,
566 4086 803 4141 Ψάλατε
846 4088 926 4153 τῷ
956 4090 1197 4159 ὀνόματι
1224 4084 1457 4156 αὐτοῦ,⁹
1474 4096 1844 4165 έπενήνεκται·

263 4175 424 4229 τοῦτο
455 4176 566 4248 γὰρ
598 4179 698 4248 ἡδὺ
724 4180 819 4233 κα)⁵
858 4180 999 4252 ὑπὲρ
1042 4185 1219 4237 πᾶσαν
1248 4185 1592 4257 χρηστότητα
1612 4202 1623 4214 ·
1668 4186 1848 4241 αἰνοῦ-

266 4284 368 4335 μεν
408 4268 470 4320 δὲ
504 4269 666 4322 αὐτὸν
696 4272 814 4323 ἐπεὶ
842 4273 1120 4340 ἐξελέξατο
1148 4276 1324 4347 ἑαυτῷ
1366 4277 1457 4329 τὸν
1502 4277 1850 4349 πτερνίζοντα

1952 3906 2260 3960 Laudamus
2290 3914 2467 3957 autem
2504 3917 2609 3956 non
2643 3900 2822 3955 verbis
2850 3899 3046 3964 solum,
3082 3900 3174 3954 sed
3205 3903 3368 3955 etiam
3402 3919 3526 3971 par-

1954 3996 2268 4066 ticipatione
2317 3996 2579 4049 bonormn
2622 3990 2737 4058 ejus
2786 4009 2799 4044 :
2849 3991 2976 4059 quia
3018 3992 3269 4045 nimirum
3312 4004 3527 4064 Oportet

1955 4090 2265 4143 tlieoretica:
2295 4086 2650 4157 spcculationi
2670 4096 2722 4141 et
2751 4086 3063 4155 theologicae
3082 4087 3274 4157 regulte
3293 4088 3523 4150 actibus.

1952 4179 2188 4249 reliquos
2228 4194 2406 4233 mores
2451 4177 2781 4240 consentire,
2835 4175 3078 4241 Psallite,
3131 4180 3367 4233 additum
3418 4190 3523 4242 est,
3601 4217 3607 4223 .

1955 4270 2153 4324 nomini
2210 4268 2346 4338 ejus,
2385 4268 2507 4336 quia
2556 4267 2713 4321 dulce
2752 4268 2810 4321 id
2850 4277 2972 4331 est,
3016 4278 3068 4322 et
3110 4286 3270 4340 super
3310 4286 3523 4325 omnem

264 4357 333 4409 τὰ
383 4357 537 4427 παθη
589 4360 683 4412 καὶ
730 4360 828 4424 τὰς
873 4363 1066 4428 κακίας
1120 4365 1333 4427 Ἰακὼϐ,
1390 4366 1641 4420 ἐκλεκτὸν
1687 4369 1846 4421 αὐτὸν

1960 4363 2293 4417 suavitatem.
2325 4359 2492 4415 Porro
2524 4375 2648 4414 eum
2677 4360 2982 4425 laudamus,
3011 4362 3134 4429 quia
3166 4364 3268 4417 sibi
3322 4362 3523 4431 delegit

262 4448 556 4515 τιθέμενος
586 4450 675 4503 διὰ
718 4453 778 4504 τὸ
821 4454 1238 4510 καταλελυκέναι
1270 4459 1367 4522 τὰς
1412 4462 1475 4512 ὲκ
1506 4461 1703 4524 κακίας
1752 4462 1847 4515 καὶ

265 4538 458 4590 παθῶν
492 4540 672 4604 πάλας
692 4559 704 4571 ·
740 4542 877 4597 ἀλλά
903 4547 994 4599 καὶ
1021 4548 1110 4601 τον
1142 4551 1259 4619 μετ’
1291 4550 1452 4603 αὑτὸν
1496 4552 1587 4604 τὸν
1628 4551 1843 4616 Ἰακὼϐ,

262 4632 328 4682 ὲκ
360 4632 653 4703 προκοπῆς
695 4633 1081 4707 ἀποδειχθέντα
1125 4641 1360 4712 Ἰσραὴλ,
1405 4644 1485 4707 εἰς
1532 4660 1845 4714 περιουσια-

266 4720 402 4790 σμὸν
436 4722 617 4794 ἑαυτῷ
657 4723 955 4791 ἐξελέξατο*
993 4730 1087 4782 καὶ
1125 4729 1212 4784 διὰ
1243 4731 1399 4784 τοῦτο
1426 4732 1553 4796 λαός
1587 4734 1701 4785 ἐστι
1744 4751 1843 4786 πε-

261 4814 507 4886 pro-33:05
539 4816 647 4869 ἀπὸ
680 4818 897 4871 πάντων
936 4820 1043 4875 τῶν
1076 4822 1243 4875 ἐθνῶν
1278 4823 1587 4895 περιουσίου
1621 4825 1845 4895 γενομέ-

258 4924 378 4971 νου,
418 4908 637 4961 πάντων
666 4912 792 4981 περὶ
818 4912 917 4981 τὴν
946 4912 1131 4965 οὐσίαν
1165 4914 1259 4967 καὶ
1289 4914 1386 4984 τὴν
1413 4913 1644 4985 ὓπαρξιν
1675 4930 1843 4967 κατα-

258 4999 577 5069 γινομένου,
621 5001 699 5073 τῷ
741 5004 983 5075 μετέχειν
1025 5006 1192 5076 αὐτῆς
1231 5006 1382 5068 ὄντος
1411 5006 1505 5059 καὶ
1548 5004 1711 5076 σοφοῦ
1749 5008 1844 5060 καὶ

256 5092 441 5159 Λόγου
461 5092 618 5147 Θεοῦ.

256 5176 471 5255 Πὰνζτα
506 5179 623 5255 ὅσα
665 5182 969 5255 ἠθέλησεν
1001 5188 1034 5255 ὀ
1088 5188 1299 5255 Κύριος
1338 5188 1627 5253 ἐποίησεν
1667 5189 1739 5242 ἐν
1766 5189 1846 5254 τῷ

336 5251 573 5325 ου’φωςῷ
605 5253 700 5306 καί
733 5254 803 5325 ἐξ·
844 5252 917 5325 τῇ
966 5254 1063 5323 γῇ,
1105 5251 1185 5309 ἐν’
1215 5251 1343 5325 τάῖς
1377 5251 1715 5325 θαλάσσαις
1747 5251 1847 5314 καὶ

336 5317 406 5369 ὲν
435 5320 663 5389 ,πάσαις
693 5323 825 5389 ταῖς
858 5317 1172 5392 dde-(fdem.

337 5409 525 5466 Πάντα
556 5415 657 5467 ὅσα
700 5416 956 5487 ἐποίησεν
997 5420 1026 5471 ὀ
1074 5420 1297 5491 Κύριος,
1345 5420 1484 5475 καλά
1528 5422 1697 5487 ἐστιν,
1750 5423 1845 5476 ἆτε

339 5592 387 5624 ⁸⁸
409 5591 549 5647 Gen.
581 5611 679 5659 xu,
716 5596 772 5651 5.

334 5684 412 5753 (8)
446 5684 541 5738 llic
571 5688 728 5764 vides
771 5689 984 5764 Eusebii
1013 5691 1362 5748 Caesariensis
1418 5703 1682 5761 tempora,
1711 5696 1834 5764 qui-

259 5765 368 5878 2:;
411 5758 693 5876 'prmciptte
734 5760 1075 5816 etlmicorum
1116 5764 1181 5816 ad
1232 5764 1503 5820 Christum
1532 5758 1838 5821 'conversio

372 5841 400 5876 ³
433 5865 448 5878 ο

372 5841 448 5879 αι.

1952 4464 2281 4509 ever-tentem
2307 4453 2447 4506 mala
2474 4462 2528 4509 et
2558 4453 2870 4522 iniquitates
2894 4456 3060 4510 Jacob
3092 4495 3107 4518 ,
3139 4455 3369 4509 electum
3400 4469 3520 4507 eum

1952 4548 2312 4609 censtituens,
2360 4545 2484 4613 quia
2534 4546 2694 4599 solvit
2732 4548 2987 4617 nequitia:
3016 4548 3370 4615 dolorumque
3403 4561 3523 4600 cer-

1954 4636 2177 4689 lumina.
2210 4634 2314 4689 Sed
2345 4644 2401 4690 et
2435 4636 2583 4689 illum
2616 4636 2706 4707 qui
2742 4648 2861 4707 post
2888 4638 3142 4693 Jacobum
3176 4637 3297 4701 fuit,
3337 4652 3525 4707 nempe

1950 4741 2071 4782 eum
2099 4728 2189 4797 qui
2226 4727 2483 4797 temporis
2529 4743 2816 4799 progressu
2855 4730 3032 4784 dictus
3080 4738 3163 4783 est
3205 4728 3391 4790 Israel,
3432 4743 3525 4798 pe-

1950 4820 2204 4876 culiarem
2255 4820 2355 4874 sibi
2405 4834 2505 4873 ceu
2556 4823 2954 4890 possessionem
2994 4819 3195 4891 delegit
3238 4836 3253 4872 :
3299 4819 3524 4889 ideoque

1950 4911 2178 4981 populus
2223 4921 2305 4965 est
2348 4911 2659 4982 peculiaris,
2699 4929 2764 4969 ex
2806 4912 3055 4966 omnibus
3088 4911 3378 4982 gentibus;
3432 4926 3523 4980 pe-

1950 5002 2195 5064 culiaris,
2235 5004 2479 5071 inquam,
2517 5005 2786 5073 possessio
2834 5012 2888 5057 et
2933 5004 3237 5057 substantia
3273 5001 3520 5067 eﬂ'ectus,

1955 5105 2225 5164 quatenus
2258 5109 2377 5149 eam
2414 5106 2558 5151 tenet
2586 5096 2801 5165 sapiens
2827 5096 2919 5149 Dei
2947 5093 3203 5149 Verbum.

1954 5187 2118 5241 Vsus.
2154 5187 2205 5241 6.
2259 5185 2451 5241 Omnia
2503 5202 2824 5254 quacunque
2873 5186 3040 5239 voluit
3098 5185 3351 5240 Dominus
3398 5188 3518 5256 fecit

2022 5260 2085 5380 5);,
2123 5257 2251 5338 caelo
2300 5269 2346 5311 et
2405 5262 2459 5310 in
2513 5267 2676 5320 terra,
2726 5264 2784 5308 tn
2830 5257 3063 5310 maribus
3115 5266 3163 5310 et
3219 5258 3272 5311 in
3319 5260 3518 5313 cunctis

2022 5347 2052 5380 n
2092 5344 2243 5380 uasta.

2022 5344 2243 5398 tinguis.

2027 5418 2373 5489 Quazcunque
2406 5418 2660 5472 Dominus
2709 5416 2859 5483 fecit,
2910 5417 3047 5473 bona
3082 5426 3229 5486 sunt,
3265 5420 3389 5489 quia
3425 5433 3521 5477 vo-

2014 5692 2114 5827 :8‘)
2158 5695 2314 5748 Deest
2353 5694 2468 5751 τοῦ.
2506 5694 2663 5751 Ευιτ.

2037 5764 2093 5827 9)
2122 5766 2507 5819 Animadverte
2566 5769 2663 5825 hu:

2037 5764 2507 5831 9)'Animadvertc
2566 5769 2780 5825 Eusebii
2822 5770 3129 5828 doctrinam
3157 5774 3509 5829 or'noe-luxtm

1942 5835 2007 5890 de
2038 5834 2145 5891 Deo
2178 5834 2369 5890 Verbo.
