4068 6198
555 351 627 408 ‘51
1229 350 1498 408 EUSEBII
1535 342 2015 408 CESARIENSIS
2052 340 2204 398 OPP.
2244 338 2422 394 PARS
2461 339 2547 394 Ill.
2581 371 2649 381 —
2686 336 3092 392 EXEGETICA.
3733 337 3796 392 62

559 468 702 521 lente
730 467 838 520 Deo
870 466 935 520 ad
964 466 1333 523 exsistendum
1364 470 1646 538 perducta.
1697 467 1754 521 Si
1786 464 1913 534 quid
1944 473 2124 516 tamen

2240 455 2643 529 θελήματιθεοῦ
2657 456 2997 528 γεγενημένα
3017 471 3030 484 ·
3059 456 3107 507 εί
3141 453 3198 507 δέ
3223 454 3274 506 τί
3309 455 3456 507 ἐστιν
3484 453 3541 506 ὲν
3566 453 3790 526 οὐρανῷ,

556 565 642 614 est
683 559 734 612 in
773 561 936 621 caelo,
971 559 1130 613 veluti
1159 561 1423 626 spiritalia
1458 558 1732 628 nequitiae,
1759 566 1854 611 aut
1885 555 1940 608 in
1971 562 2135 615 terra,

559 650 724 705 veluti
775 650 1022 705 homines
1069 658 1400 719 peccatores,
1453 660 1548 705 aut
1594 651 1646 704 in
1697 647 1958 712 maribus,
1991 635 2138 702 vclut

558 742 808 796 draconis
851 740 1184 810 improbitas,
1219 751 1311 796 aut
1351 744 1401 795 in
1443 742 1674 814 abyssis,
1704 738 2135 809 velutiniquitas

557 833 910 890 scelestorum
969 833 1205 898 illorum,
1258 835 1349 904 qui
1399 835 1523 888 illuc
1576 833 1728 887 abire
1767 832 1904 902 jussi
1965 840 2132 895 sunt;

561 927 717 994 haec,
778 928 1034 998 inquam,
1083 928 1222 982 Deus
1275 943 1381 984 non
1435 926 1615 983 eﬂecit
1672 927 1954 981 voluntate
2013 940 2131 979 sua.

565 1019 806 1090 Namque
834 1035 902 1075 ex
935 1035 1032 1074 ore
1061 1017 1272 1075 Domini
1308 1021 1451 1075 haud
1486 1019 1777 1090 prodibunt
1805 1017 1941 1071 mala
1976 1015 2134 1070 simul

558 1123 612 1166 et
666 1115 886 1168 bonum.

671 1205 835 1261 Vens.
870 1207 924 1262 7.
960 1206 1063 1272 Qui
1095 1206 1271 1260 educit
1307 1212 1484 1259 ventos
1511 1204 1575 1257 de
1608 1203 1870 1257 thesauris
1904 1202 2034 1255 suis.

636 1301 767 1354 Dum
819 1301 906 1356 hic
954 1300 1090 1356 dicit
1149 1306 1471 1361 thesauros.
1539 1300 1683 1355 haud
1732 1313 1862 1353 sane
1930 1299 2136 1353 indicat

561 1395 822 1462 quosdam
874 1409 995 1449 esse
1053 1401 1336 1448 ventorum
1379 1392 1700 1456 thesauros,
1747 1390 1842 1444 sed
1889 1387 2133 1456 jubentis

561 1487 741 1555 potius
773 1485 1131 1547 celeritatem,
1165 1493 1220 1538 et
1254 1487 1330 1538 rei
1376 1499 1641 1554 possessa:
1673 1490 1918 1552 paratam
1961 1479 2134 1534 facili-

562 1587 750 1632 tatem.
793 1579 946 1634 Sicut
979 1581 1123 1634 enim
1154 1579 1244 1648 qui
1279 1579 1590 1632 thesaurum
1644 1575 1785 1646 apud
1831 1590 1891 1628 se
1941 1572 2128 1637 habet,

559 1671 811 1739 expedite
863 1671 1188 1736 admodum,
1242 1670 1671 1740 quotiescunque
1735 1665 1881 1733 vult,
1934 1673 2129 1742 cuncta

565 1760 694 1814 inde
729 1759 970 1830 profert;
1021 1762 1093 1815 ita
1127 1770 1182 1815 et
1203 1761 1441 1814 omnium
1481 1757 1712 1812 Creator
1741 1766 1931 1812 cuncta
1974 1753 2131 1810 facile

558 1850 756 1918 eﬂ‘ecit,
787 1862 841 1906 et
870 1853 934 1906 ad
963 1853 1340 1908 exsistentiam
1367 1851 1634 1918 perduxit.

668 1943 834 1998 Vens.
868 1945 921 1998 8.
973 1943 1078 2008 Qui
1116 1945 1372 2013 percussit
1403 1941 1751 2012 primogenita
1781 1938 2023 2009 Egypti.

630 2037 766 2103 Quia
800 2036 1039 2091 nonnulli
1085 2036 1353 2091 mundana
1390 2034 1758 2088 tantummodo
1792 2048 1856 2087 ac
1887 2031 2130 2087 caelestia

560 2131 750 2184 dicunt
789 2128 1127 2198 providentia
1176 2129 1266 2182 Dei
1315 2125 1629 2193 gubernari,
1655 2125 1994 2179 demonstrat
2039 2124 2133 2176 hu-

562 2235 719 2274 mana
752 2235 968 2288 quoque
1004 2235 1147 2273 curae
1181 2233 1302 2272 esse
1328 2218 1527 2284 eidem,
1565 2216 1656 2284 qui
1683 2224 1739 2269 et
1768 2228 1910 2268 nunc
1939 2213 2132 2280 impios

562 2310 737 2378 punit,
785 2318 840 2362 et
891 2309 1099 2377 piorum
1149 2323 1325 2379 genus
1371 2307 1627 2376 protegit.
1675 2306 1780 2360 Sed
1816 2305 1960 2360 enim
2003 2304 2129 2357 olim

562 2399 780 2466 quidem
809 2399 986 2468 portio
1013 2409 1133 2454 erat
1163 2399 1396 2464 Domini,
1425 2399 1475 2454 id
1509 2409 1592 2452 est
1623 2398 1717 2452 Dei
1751 2397 1932 2463 Verbi,
1965 2411 2131 2466 popu-

563 2491 649 2546 lus
691 2490 809 2558 ejus
859 2489 1062 2554 Jacob,
1107 2489 1378 2546 funiculus
1418 2491 1752 2544 hmreditatis
1799 2489 1917 2559 ejus
1944 2487 2128 2544 Israel.

562 2580 854 2648 Postquam
892 2596 1018 2636 vero
1052 2581 1121 2636 ob
1163 2597 1314 2635 suam
1361 2581 1819 2652 irreligiositalem
1874 2580 1963 2634 ille
2010 2595 2133 2648 pro-

561 2671 742 2739 lapsus
786 2680 902 2736 est,
953 2671 1155 2725 dictum
1201 2671 1302 2725 fuit
1351 2673 1644 2724 humanato
1674 2670 1855 2725 Verbo
1893 2689 1906 2724 :
1945 2669 2070 2725 Pete
2099 2689 2130 2724 a

563 2778 662 2824 me,
693 2773 740 2816 et
773 2763 908 2817 dabo
940 2764 1034 2815 tibi
1064 2773 1239 2832 gentes
1271 2761 1626 2836 [nereditatem
1659 2772 1802 2816 tuum
1825 2763 1890 2815 ³⁸.

671 2939 832 2994 Vens.
867 2941 955 2994 45.
985 2940 1226 3005 Domine,
1257 2957 1444 2994 nomen
1479 2950 1624 2993 tuum
1665 2942 1718 2993 in
1752 2952 2026 2994 retentum.

633 3032 772 3085 Nihil
800 3041 1081 3100 tant0pere
1115 3033 1181 3086 ad
1209 3033 1446 3086 divinam
1479 3032 1881 3086 Providentiam
1899 3043 2130 3102 spectat.

2235 553 2310 616 ὼς
2347 552 2414 604 τὰ
2447 548 2786 618 πνευματικὰ
2815 550 2912 614 τῆς
2945 546 3226 618 πονηρίας,
3262 547 3294 617 ἦ
3328 549 3386 600 ἐν
3427 551 3493 620 τῇ
3538 552 3606 620 γῇ
3640 549 3712 612 ὡς
3748 551 3791 602 ci

2236 643 2548 717 ἁμαρτωλοὶ
2562 641 2907 714 ἀνθρωποι,ἣ
2942 643 2999 693 ἐν
3028 643 3147 702 ταῖς
3188 639 3507 704 θαλάσσαις,
3541 641 3619 705 ὡς
3647 643 3678 712 ἡ
3707 642 3794 694 τοῦ

2235 737 2524 808 δράκοντος
2553 733 2739 798 κακία,
2772 735 2804 804 ἢ
2841 737 2897 786 ὲν
2948 735 3066 796 ταῖς
3101 731 3362 795 ἀϐύσσοις
3389 731 3464 795 ὡς
3505 734 3539 802 ἡ
3573 731 3800 804 πονηρία

2233 828 2341 882 τῶν
2393 826 2886 899 προστασσομένων
2925 825 3041 877 ἐκεῖ
3085 823 3336 876 ἀπελθεῖν
3388 820 3592 884 κακῶν,
3646 822 3802 875 τοῦτο

2234 920 2330 988 οὐχ
2357 920 2386 971 6
2418 918 2546 981 Θεὸς
2574 916 2792 987 ἐποίησε
2823 915 2898 985 τῷ
2927 913 3188 984 θελήματι
3220 913 3382 967 αὑτοῦ
3407 929 3420 942 ·
3454 916 3516 966 ὲκ
3547 914 3655 983 γὰρ
3683 913 3802 968 στό-

2238 1025 2404 1077 ματος
2448 1005 2648 1077 Κυρίου
2700 1006 2799 1058 οὐκ
2867 1005 3207 1072 ἐξελεύσεται
3258 1004 3327 1058 τὰ
3386 1003 3532 1057 κακά
3587 1004 3683 1058 καὶ
3737 1003 3800 1059 τὸ

2235 1099 2456 1170 ἀγαθόν.

2385 1194 2438 1244 '0
2465 1189 2696 1260 ἐξάγων
2725 1189 2983 1259 ἀνέμους
3007 1189 3075 1242 ἐκ
3109 1187 3424 1255 θησαυρῶν
3454 1187 3658 1243 αὑτοῦ.

2304 1283 2376 1335 Τὸ
2401 1284 2573 1335 εἰπεῖν
2605 1283 2668 1335 ὲκ
2699 1281 3009 1352 θησαυρῶν,
3035 1281 3095 1332 οὐ
3122 1279 3279 1332 τοῦτο
3321 1278 3469 1350 δηλοῖ
3495 1280 3576 1331 ὃτι
3601 1279 3800 1350 θησαυα

2237 1374 2317 1445 ροί
2353 1373 2494 1436 τινές
2526 1374 2630 1426 είσι
2657 1372 2763 1425 τῶν
2797 1371 3034 1442 ἀνέμων,
3075 1371 3211 1425 ἀλλά
3237 1371 3298 1422 τὸ
3329 1370 3542 1438 ἕτοιμον
3566 1367 3658 1422 τοῦ
3683 1371 3799 1422 sm—

2230 1465 2535 1528 τάττοντος,
2568 1462 2628 1515 τὺ
2659 1461 2880 1516 εὔκολον
2905 1463 3018 1532 -τῆς
3068 1461 3312 1530 κτήσεως
3359 1458 3801 1530 παρεσκευασμέ-

2233 1571 2353 1607 νον·
2406 1553 2592 1626 ῶσπερ
2639 1552 2702 1606 ἂν
2755 1554 2784 1604 6
2836 1553 2893 1604 ἐν
2943 1550 3202 1622 θησαυρῷ
3249 1550 3388 1620 ἔχων
3441 1549 3578 1619 μετὰ
3623 1548 3802 1611 ἀδείας

2231 1643 2414 1712 ἐξάγει
2447 1643 2621 1697 πάντα
2645 1642 2736 1695 καὶ
2758 1643 2844 1694 ὅτε
2873 1639 3143 1711 βούλεται,
3173 1638 3346 1703 οὕτως
3372 1640 3465 1691 καὶ
3487 1641 3515 1691 6
3541 1638 3630 1692 τοῦ
3661 1655 3797 1692 παν·-

2230 1737 2320 1802 τὸς
2357 1735 2692 1808 Δημιουργὸς
2727 1735 2900 1788 πάντα
2925 1732 3160 1795 εὐκόλως
3191 1732 3411 1802 ἐποίησε
3441 1733 3534 1785 κα)⁸
3557 1735 3620 1803 τῇ
3645 1731 3798 1800 φύσει

2161 1816 2204 1870 Β
2236 1830 2568 1901 παρέδωκεν.

2413 1923 2519 1988 ’ος
2547 1919 2804 1985 ἐπάταξε
2827 1920 2900 1974 τὰ
2924 1919 3268 1988 πρωτότοκα
3295 1917 3618 1987 Αἰγύπτου.

2317 2013 2532 2084 Ἐπειδὴ
2583 2012 2640 2066 δὲ
2689 2010 2756 2064 τά
2813 2009 3040 2064 καθόλου
3089 2010 3183 2062 καὶ
3221 2008 3455 2080 οὐράνια.
3489 2005 3618 2076 φασί
3661 2021 3802 2068 τινες

2233 2108 2461 2180 προνοίᾳ
2492 2105 2808 2159 διοικεῖσθαι
2845 2105 2980 2176 μόνῃ
3014 2101 3169 2167 Θεοῦ,
3221 2102 3490 2154 δείκνυσιν
3531 2100 3606 2162 ὡς
3653 2097 3802 2168 μέλει

2233 2201 2326 2254 καλ⁸
2371 2199 2478 2251 τῶν
2531 2196 2883 2270 ἀνθρωπίνων
2929 2194 3097 2264 αὐτῷ,
3149 2193 3243 2246 καὶ
3293 2191 3386 2244 νῦν
3419 2191 3545 2252 τοὺς
3589 2187 3802 2249 ἀσεϐεῖς

2232 2289 2656 2353 κολάζοντι,καὶ
2698 2286 2806 2338 τῶν
2855 2285 3091 2338 εὐσεϐῶν
3133 2282 3482 2353 οἰκειουμένῳ
3522 2280 3583 2332 τὸ
3622 2279 3797 2347 γένος.

2247 2382 2402 2435 Ἀλλά
2437 2380 2602 2434 πάλαι
2633 2380 2730 2450 μὲν
2763 2374 2829 2450 ἦν
2867 2379 3022 2448 μερὶς
3054 2376 3278 2447 Κυρίου,
3314 2373 3511 2445 δηλαδὴ
3539 2371 3630 2424 τοῦ
3666 2369 3800 2423 Θεοῦ

2231 2476 2427 2544 Λόγου,
2460 2474 2587 2537 λαὸς
2633 2471 2795 2526 αὑτοῦ
2851 2469 3062 2533 Ἰακὼϐ,
3112 2470 3396 2540 σχοίνισμα
3442 2464 3805 2536 κληρονομίας

2233 2567 2397 2622 αὐτοῦ
2447 2566 2701 2637 Ἰσραήλ·
2749 2564 2937 2634 ἐπειδὴ
2979 2562 3036 2616 δὲ
3079 2562 3146 2615 δι’
3187 2562 3252 2632 ἦν
3299 2560 3519 2630 ἔδρασεν
3549 2555 3804 2611 ἀσέϐειαν

2233 2662 2434 2722 ἐκεῖνος
2475 2658 2847 2720 ἐκπέπτωκεν,
2883 2653 3360 2726 ὲνανθρωπήσαντι
3403 2650 3670 2703 λέλεκται·
3707 2649 3808 2703 Αἴ-

2233 2766 2411 2817 τησαι
2443 2748 2576 2816 παρ’
2600 2747 2766 2816 ἐμοῦ,
2817 2744 2915 2798 καί
2940 2743 3109 2797 δώσω
3136 2759 3231 2796 σοι
3263 2741 3407 2809 ἔθνη
3441 2739 3557 2806 τὴν
3588 2741 3805 2806 κληρο-

2233 2838 2448 2906 νομίαν
2479 2852 2616 2889 σου.

2444 2929 2640 2995 Κύριε,
2675 2927 2740 2980 τὸ
2774 2924 2960 2994 ὄνομά
2990 2939 3106 2976 σου
3138 2925 3225 2990 είς
3258 2921 3364 2976 τὸν
3390 2921 3593 2975 αἰῶνα.

2307 3021 2469 3074 Οὐδὲν
2501 3020 2642 3072 οὕτω
2665 3020 2764 3091 τῆς
2787 3017 2936 3081 θείας
2961 3015 3244 3088 Προνοίας,
3267 3015 3341 3074 ὡς
3367 3015 3426 3066 τὸ
3450 3013 3652 3076 διδάξαι
3683 3013 3806 3080 τοὺς

560 3139 722 3195 quam
765 3125 957 3178 docere
999 3123 1267 3185 homines.
1304 3138 1368 3176 ne
1400 3138 1579 3176 rerum
1621 3124 1760 3176 hanc
1795 3123 2119 3178 universita-

2240 3113 2554 3184 ἀνθρώπους
2591 3110 2666 3182 μὴ
2709 3111 3001 3164 ἀδέσποτον
3030 3106 3166 3162 εἶναι
3202 3108 3263 3161 τὸ
3307 3108 3444 3160 πᾶν·
3489 3106 3608 3156 ὅθεν
3635 3105 3728 3158 καὶ
3773 3105 3806 3172 ἡ

2247 3206 2255 3208 _
2432 3205 2441 3208 _
2567 3204 2578 3208 _
2659 3201 2683 3208 _
2823 3203 2832 3208 .
3046 3201 3096 3208 -.
3417 3197 3430 3208 .
3477 3199 3488 3208 .
3546 3199 3565 3208 -
3680 3189 3705 3208 τ
3783 3194 3796 3208 .

565 3227 668 3270 tem
699 3218 817 3271 sine
852 3216 1217 3284 gubernatore
1249 3230 1368 3270 esse
1401 3215 1646 3270 credant.
1692 3215 1868 3280 Quare
1907 3224 1964 3268 et
1998 3230 2129 3268 con-

567 3311 720 3364 tinua
746 3309 886 3380 apud
925 3323 1024 3368 nos
1065 3317 1147 3364 est
1184 3308 1277 3363 Dei
1312 3309 1593 3370 memoria,
1619 3307 1772 3373 cujus
1807 3307 2136 3377 magnitudi-

565 3415 688 3455 nem
737 3417 765 3454 a
800 3401 1097 3468 majoribus
1144 3399 1288 3454 servi
1323 3399 1439 3468 ejus
1473 3398 1680 3460 edocti,
1735 3398 2020 3466 praesentia
2061 3399 2139 3452 di-

565 3509 689 3548 cere
723 3497 940 3548 discunt
973 3504 1028 3548 et
1057 3494 1282 3550 audent.
1334 3493 1468 3547 satis
1513 3491 1669 3562 gnari
1719 3490 1832 3544 fore
1868 3499 1924 3544 ut
1957 3506 2138 3544 recre-

564 3596 750 3654 entur,
781 3588 907 3657 quia
953 3585 1216 3653 judicium
1251 3586 1342 3638 Iiet
1373 3585 1439 3640 de
1470 3586 1677 3654 reliquo
1709 3583 1925 3653 papula,
1953 3599 2138 3638 eorum

565 3695 726 3735 causa
775 3678 866 3749 qui
906 3678 998 3732 Dei
1050 3692 1246 3732 nomen
1291 3676 1466 3732 sciunt
1502 3687 1556 3730 et
1595 3677 1855 3730 memoria
1903 3686 2137 3731 versant.

564 3772 670 3829 Pro
699 3772 779 3827 eis
825 3772 1040 3839 itaque,
1087 3778 1342 3838 tanquam
1373 3785 1474 3839 pro
1515 3770 1690 3823 servis
1725 3768 1880 3822 venia
1935 3771 2144 3838 egenti-

566 3865 668 3934 bus
684 3903 699 3921 .
738 3865 1087 3931 deprecatur.

678 3952 836 4006 Vens.
875 3952 960 4007 15.
996 3952 1148 4004 Idola
1177 3952 1407 4021 gentium
1439 3959 1713 4020 argentum
1744 3959 1793 4004 et
1824 3967 2034 4004 aurum.

640 4045 904 4098 Absoluto
943 4043 1247 4114 theologico
1277 4044 1421 4097 circa
1458 4042 1740 4096 Dominum
1785 4057 2056 4106 sermone,
2091 4052 2145 4098 et

568 4139 920 4209 providentia:
954 4136 1072 4205 ejus
1101 4139 1315 4206 magnis
1346 4137 1603 4206 cperibus
1635 4137 1989 4198 enumeratis,
2024 4147 2142 4188 tan-

569 4246 730 4299 quam
777 4230 952 4284 adhnc
998 4245 1185 4284 servos
1236 4245 1331 4284 eos
1373 4231 1677 4298 alloquens,
1722 4229 1812 4298 qui
1857 4244 1924 4282 ex
1960 4245 2145 4283 errore

569 4322 915 4394 polytheismi
959 4337 1130 4389 nuper
1173 4332 1561 4384 accesserant,
1609 4321 1796 4387 objicit
1841 4331 2142 4390 putatorum

567 4418 697 4470 olim
728 4417 796 4469 ab
826 4414 964 4482 ipsis
997 4415 1224 4468 deorum
1268 4414 1754 4482 vituperationem;
1787 4424 2145 4468 consentanee

570 4509 825 4564 nimirum
875 4507 958 4561 his
1005 4521 1126 4574 qua:
1170 4521 1335 4576 supra
1381 4507 1615 4568 dixerat,
1665 4521 1871 4572 nempe,
1915 4504 2022 4574 Ego
2053 4523 2137 4558 co—

2243 4489 2323 4557 οἷς
2374 4491 2628 4562 ἀνωτέρω
2660 4489 2902 4559 εἰρήκει·
2933 4487 3034 4546 ὅτι,

569 4602 725 4671 gnavi
757 4599 894 4671 quod
933 4615 1151 4668 magnus
1183 4609 1259 4652 est
1286 4597 1564 4654 Dominus.
1598 4597 1662 4649 Et
1697 4597 1946 4650 Dominus
1976 4605 2148 4650 noster

567 4709 731 4762 supra
788 4707 964 4745 omnes
1009 4690 1130 4743 deos
1156 4690 1225 4745 ⁸⁰.
1284 4689 1542 4741 Dominus
1578 4701 1761 4743 noster
1809 4689 1924 4742 haec
1961 4697 2016 4742 et
2061 4689 2146 4742 illa

570 4783 723 4849 fecit,
763 4792 872 4838 tum
907 4781 1202 4835 universim
1234 4788 1347 4834 tum
1373 4779 1533 4833 etiam
1567 4778 1864 4846 partiatim.
1895 4777 2146 4833 Gentium

571 4887 749 4929 autem
789 4874 884 4938 dii,
928 4871 1123 4942 quibus
1154 4887 1251 4926 vos
1288 4885 1502 4939 quoque
1529 4870 1742 4940 decepti
1769 4884 1957 4922 errore
1987 4879 2144 4923 antea

572 4950 898 5027 credebatis,
934 4962 1074 5017 nihil
1111 4971 1266 5015 erant
1299 4960 1443 5014 aliud
1471 4975 1630 5029 quam
1673 4971 1882 5013 mortua
1912 4967 1964 5012 et
2000 4970 2143 5012 nulla

572 5055 882 5111 simulacra.
926 5056 1074 5111 Scite
1107 5063 1284 5108 autem
1322 5062 1377 5107 et
1404 5052 1761 5119 Symmachus
1787 5067 1904 5121 pro,
1949 5051 2144 5104 similes

572 5147 678 5199 illis
719 5148 849 5213 ﬁant
880 5149 970 5218 qui
1011 5148 1214 5218 faciunt
1243 5163 1324 5210 ea,
1355 5147 1742 5215 interpretatus
1788 5159 1873 5199 εει
1918 5145 2142 5200 dicens:

573 5239 706 5294 velut
729 5239 842 5307 ipsa
869 5241 999 5307 fiant
1030 5243 1118 5309 qui
1143 5239 1342 5308 faciunt
1366 5256 1449 5303 ea,
1476 5247 1524 5292 et
1551 5239 1844 5308 quicunque
1865 5237 1992 5306 ipsis
2020 5254 2146 5292 con-

574 5329 774 5399 ﬁdunt.
814 5329 1017 5384 Revera
1059 5330 1203 5382 enim
1237 5329 1327 5398 qui
1361 5327 1672 5381 inanimatis
1703 5327 1864 5380 rebus
1892 5336 2143 5395 tanquam

577 5422 683 5476 dtis
709 5421 1019 5485 attendunt,
1054 5421 1421 5490 lapidescente
1465 5418 1666 5482 anima,
1701 5417 1842 5471 idern
1874 5418 2147 5487 patiuntur

578 5513 720 5584 quod
766 5513 863 5566 abs
907 5526 967 5566 se
1007 5511 1149 5565 culta
1191 5513 1355 5579 idola,
1392 5524 1582 5578 nempe
1619 5508 1803 5564 oculos
1843 5510 2047 5564 habent
2091 5519 2147 5565 et

579 5620 684 5660 non
719 5604 922 5671 vident,
957 5618 1116 5657 aures
1143 5602 1345 5658 habent
1375 5612 1432 5656 et
1465 5617 1570 5655 non
1604 5600 1853 5656 audiunt.

652 5805 694 5838 "
724 5803 865 5860 Psal.
895 5821 952 5869 ιι,
985 5804 1036 5857 8.

1117 5802 1157 5832 δ⁰
1191 5799 1326 5853 Psal.
1364 5814 1582 5862 cxxxw,
1618 5797 1669 5850 5.

2239 3205 2492 3275 διηνεκὴς
2521 3201 2686 3256 αὐτοῦ
2739 3203 2923 3273 μνήμη
2967 3201 3271 3270 καθέστηκε
3304 3197 3430 3268 παρ’
3467 3199 3617 3266 ἡμῖν,
3650 3189 3710 3248 οὗ
3750 3194 3812 3247 τὸ

2244 3297 2473 3369 μέγεθος
2522 3296 2608 3349 διά
2653 3295 2761 3348 τῶν
2816 3293 3194 3365 προλαϐόντων
3241 3294 3290 3343 οἱ
3328 3290 3501 3342 δοῦλοι
3547 3289 3810 3358 μαθόντες

2241 3397 2424 3460 αὐτοῦ,
2459 3398 2527 3450 τὰ
2557 3394 2797 3466 παρόντα
2827 3392 3005 3459 λέγειν
3033 3389 3371 3443 διδάσκονται
3398 3385 3490 3438 καὶ
3525 3383 3808 3455 παραθαρο

2230 3489 2514 3560 ρύνονται,
2554 3485 2811 3557 μαθόντες
2846 3481 2919 3544 ὡς
2947 3483 3032 3533 ἐπ’
3062 3481 3243 3540 αὐτοῖς
3277 3473 3807 3547 παρακληθήσονται,

2241 3581 2338 3649 τῆς
2387 3579 2617 3650 κρίσεως
2667 3572 3064 3640 ἀκολουθούσης
3107 3573 3218 3632 τοῖς
3264 3567 3467 3631 λοιποῖς
3516 3563 3609 3618 τοῦ
3654 3563 3806 3626 λαοῦ,

2241 3675 2351 3735 τοῖς
2379 3668 2712 3738 ἐπεγνωκόσι
2743 3666 2804 3718 τὸ
2834 3664 3002 3733 ὄνομα
3037 3663 3220 3722 αὐτοῦ,
3257 3659 3350 3712 καὶ
3375 3658 3436 3710 τὸ
3470 3657 3809 3728 μνημόσυνον

2243 3761 2452 3830 ἔχουσιν
2476 3776 2488 3788 ο
2526 3759 2611 3810 ἐπ’
2641 3755 2868 3817 ἐκείνοις
2914 3753 2968 3805 δὲ
3003 3753 3077 3814 ὡς
3108 3750 3171 3804 ἂν
3204 3751 3295 3802 ἐπὶ
3327 3747 3529 3810 δούλοις
3565 3743 3808 3815 συγγνώ⁹

2246 3869 2350 3924 μης
2371 3848 2731 3918 ἐπιδεομένοις
2761 3843 3176 3916 παρακαλεῖται.

2320 3942 2393 3995 Τὰ
2422 3941 2639 3994 εἴδωλα
2670 3937 2788 3991 τῶν
2816 3935 3007 3990 ἐθνῶν
3036 3934 3318 4002 ἀργύριον
3345 3931 3442 3984 καί
3468 3929 3742 3998 χρυσίον.

2313 4031 2638 4094 Συντελέσας
2669 4029 2766 4101 τὴν
2799 4029 2926 4101 περὶ
2969 4025 3063 4080 τοῦ
3119 4025 3322 4097 Κυρίου
3374 4020 3670 4087 θεολογίαν,
3720 4018 3814 4070 καὶ

2242 4125 2339 4194 τῆς
2388 4122 2641 4195 προνοίας
2691 4119 2852 4174 αὐτοῦ
2896 4118 2994 4181 τὰς
3047 4113 3443 4187 μεγαλουργίας
3492 4106 3812 4170 καταλέξας,

2243 4217 2318 4280 ὡς
2353 4216 2430 4268 ἔτι
2465 4213 2668 4276 δούλοις
2704 4209 2908 4282 ὁμιλῶν
2939 4211 3050 4268 τοῖς
3085 4209 3147 4258 ὲκ
3180 4205 3277 4272 τῆς
3314 4199 3575 4254 πολυθέου
3609 4197 3816 4266 πλάνης

2243 4311 2367 4380 ἄρτι
2393 4303 2868 4378 προσεληλυθόσιν,
2893 4293 3347 4367 ἁντιπαραϐάλλει
3363 4291 3469 4343 τῶν
3493 4289 3658 4341 πάλαι
3687 4287 3815 4357 παρ’

2246 4403 2426 4461 αὐτοῖς
2468 4393 2865 4468 νενομισμένων
2905 4391 3040 4443 θεῶν
3089 4388 3180 4440 τὸν
3235 4386 3471 4452 ἔλεγχον,
3512 4378 3820 4440 ἀκολούθως

3102 4478 3247 4550 Ἐγὼ
3277 4478 3505 4546 ἔγνωκα
3527 4473 3612 4525 ὅτι
3637 4472 3822 4542 μέγας

2248 4584 2481 4649 Κύριος,
2526 4559 2624 4632 καὶ
2682 4581 2713 4630 ὀ
2752 4577 2965 4643 Κύριος
3010 4568 3177 4638 ἡμῶν
3209 4564 3368 4634 παρὰ
3410 4561 3639 4626 πάντας
3679 4559 3822 4624 τοὺς

2249 4676 2422 4739 θεοὺς
2445 4690 2457 4703 ο
2490 4676 2517 4726 6
2551 4672 2648 4743 μὲν
2676 4671 2782 4741 γὰρ
2821 4666 3025 4736 Κύριος
3072 4659 3228 4732 ήμῶν
3254 4658 3380 4711 τάδε
3417 4655 3511 4708 καὶ
3539 4653 3664 4707 τάδε
3709 4653 3823 4721 εἰρ-

2249 4767 2454 4834 γάσατο
2488 4763 2543 4816 ἓν
2572 4780 2629 4814 τε
2668 4763 2778 4823 τοῖς
2811 4756 3035 4810 καθόλου
3083 4752 3177 4805 καὶ
3225 4753 3282 4802 ἐν
3316 4750 3426 4810 τοῖς
3460 4745 3553 4798 ἐπὶ
3587 4745 3781 4815 μέρους
3801 4759 3815 4769 ·

2252 4862 2300 4912 οἱ
2329 4858 2383 4909 δὲ
2426 4856 2533 4909 τῶν
2576 4853 2743 4907 ἐθνῶν
2778 4850 2906 4910 θεοὶ,
2936 4846 3029 4910 οὓς
3057 4846 3151 4899 καὶ
3189 4842 3344 4895 αὐτοὶ
3391 4833 3819 4905 πεπλανημένως

2253 4949 2528 5019 ἐνομίζετε
2559 4946 2839 5017 πρότερον,
2878 4939 3028 4993 οὐδὲν
3070 4933 3208 5007 ἦσαν
3232 4935 3417 5005 ἓτερον
3446 4931 3478 5000 ἢ
3513 4927 3697 4980 εἴδωλα
3731 4939 3820 4974 νε-

2253 5014 2360 5112 κρά
2396 5039 2488 5092 καὶ
2524 5014 2704 5105 xuii-pi.
2733 5014 3056 5103 -Χαριὲντως
3086 5028 3142 5081 δὲ
3173 5027 3268 5080 καὶ
3309 5028 3338 5077 6
3380 5021 3668 5112 Συμμαχος
3695 5014 3820 5112 ἀντὶ

2251 5133 2366 5196 τοῦ,
2414 5131 2602 5200 ὅμοιοι
2645 5125 2849 5191 αὐτοῖς
2897 5121 3161 5193 γένοιντο
3205 5122 3258 5170 οἱ
3301 5111 3607 5173 ποιοῦντες
3643 5104 3819 5171 αὐτὰ,

2247 5227 2589 5298 ἡρμήνευσεν
2615 5218 2804 5284 εἰπὼν,
2844 5217 2924 5282 ὡς
2953 5213 3104 5268 αὐτὰ
3127 5211 3392 5281 γένοιντο
3424 5205 3475 5254 οἱ
3505 5199 3827 5298 ποιοξντες

2250 5317 2419 5380 αὐτὰ,
2452 5316 2548 5369 καὶ
2583 5312 2700 5378 πᾶς
2727 5316 2758 5366 ό
2785 5307 3080 5372 πεποιθὼς
3116 5301 3335 5366 αὐτοῖς.
3368 5296 3476 5350 Καὶ
3506 5293 3614 5364 γὰρ
3648 5291 3824 5380 iurato;

2250 5405 2298 5457 οἱ
2336 5404 2447 5465 τοῖς
2475 5399 2701 5470 ἀψύχοις
2731 5397 2806 5460 ὡς
2839 5395 2981 5456 θεοῖς
3016 5389 3385 5462 προσέχοντες,
3414 5379 3603 5448 ὥσπερ
3636 5373 3828 5470 ἀπολι-

2251 5494 2512 5556 θωθέντες
2546 5492 2644 5562 τὴν
2677 5489 2884 5560 ψυχὴν,
2913 5484 3008 5537 καὶ
3050 5479 3201 5534 αὐτοὶ
3233 5477 3292 5528 τὸ
3321 5471 3452 5527 αὐτὸ
3491 5464 3827 5521 πεπόνθασιν

2251 5591 2362 5649 τοῖς
2397 5581 2884 5658 προσκυνουμένοις
2918 5577 3007 5630 ὑπ’
3047 5569 3244 5631 αὐτῶν,
3271 5562 3579 5636 ὀφθαλμοὺς
3605 5556 3827 5627 ἔχοντες

2251 5685 2342 5740 καὶ
2367 5654 2756 5751 οὺτβλέποντες,
2783 5670 2894 5729 ὦτα
2919 5671 3128 5740 ἔχοντες
3153 5665 3245 5719 καὶ
3269 5662 3371 5714 οὐκ
3397 5654 3701 5719 ἀκούοντες.
