4036 6214
321 231 392 292 35

413 345 639 416 Ὅμοιοι
667 343 870 411 αὐτοῖς
895 345 1162 414 γένοιντο
1189 348 1244 400 οὶ
1276 347 1591 414 ποιοῦντες
1618 349 1789 403 αὐτά.

383 437 450 490 οι
501 437 600 506 μὲν
644 435 1028 506 προειρημένοι
1091 435 1266 506 ὅμοιοι
1323 439 1658 508 γενήσονται,
1707 440 1740 510 ἢ
1791 440 1884 493 καὶ

312 527 568 597 γεγόνασι
599 531 711 590 τοῖς
741 527 946 580 ἑαυτῶν
977 527 1118 592 Θεοῖς
1136 545 1149 557 ·
1176 530 1224 582 οἱ
1257 529 1312 582 δὲ
1337 532 1415 594 εἰς
1444 531 1534 584 τὸν
1559 532 1753 604 κλῆρον
1781 549 1886 585 πα-

313 617 676 689 ραληφθέντες
705 618 799 670 τοῦ
833 617 989 681 Θεοῦ,
1015 618 1109 671 καὶ
1131 617 1262 682 λαὸς
1298 620 1461 674 αὑτοῦ
1507 623 1880 692 χρηματίσαν-

311 725 424 772 τες,
455 711 859 779 Εὐλοτήσατε,
887 712 1040 782 φησι,
1061 712 1169 766 τὸν
1183 713 1422 778 Κύριον.
1439 714 1712 767 τουτέστιν
1735 717 1883 768 ἀνευ-

313 803 620 872 φημήσατε,
658 802 726 856 τὰ
769 803 974 874 μεγάλα
1004 804 1225 867 ἑαυτοὺς
1248 803 1604 873 ὠφελοῦντεςο
1636 806 1878 860 καλεῖται

308 892 366 945 δὲ
381 879 592 963 πρῶτον
610 894 700 946 ἐπὶ
713 892 811 964 τὴν
834 895 1079 964 εὐλογίαν
1104 896 1246 969 6
1265 898 1398 952 Θεοῦ
1415 888 1593 964 λαὸς,δ
1611 901 1772 954 καλού
1781 920 1877 973 με-

306 999 394 1047 νος
425 979 570 1064 οἶκος
618 986 852 1058 Ἰσραὴλ,
904 985 964 1040 τὸ
996 989 1332 1060 ὑποϐεϐηκὸς
1369 993 1553 1062 τάγμα
1597 992 1692 1045 τοῦ
1741 994 1879 1064 πλή-

305 1075 429 1138 θους
449 1062 737 1149 ε’δεύτερον
776 1079 831 1131 δὲ
858 1079 998 1133 κατά
1030 1081 1294 1135 ἀνάϐασιν
1315 1084 1407 1136 καὶ
1433 1085 1534 1136 ὑπε
1545 1084 1703 1156 ροχὴν
1729 1062 1874 1150 οἶκος

315 1167 525 1240 Ἀαρών
546 1186 559 1199 ·
587 1171 682 1224 καὶ
721 1171 902 1242 τρίτον
932 1174 964 1243 ἡ
999 1173 1138 1245 φυλὴ
1171 1177 1318 1228 πᾶσα
1348 1179 1380 1246 ὴ
1409 1177 1653 1248 ἱερατικὴ
1680 1177 1873 1231 καλου-

305 1259 438 1332 μένη
465 1256 609 1324 οἶκος
650 1263 812 1315 Λευϊ·
859 1264 952 1316 καὶ
995 1265 1131 1335 μετά
1173 1267 1378 1330 πάντας
1408 1268 1662 1338 ἀνωτέρω
1693 1271 1740 1321 οί
1775 1286 1871 1338 φο-

301 1351 551 1424 ϐούμενοι
591 1354 680 1406 τὸν
707 1354 942 1427 Κύριον·
977 1353 1118 1411 οῦτοι
1145 1358 1201 1411 δὲ
1234 1355 1375 1430 ἦσαν
1415 1361 1549 1430 πρὸς
1573 1360 1664 1423 οὒς
1693 1362 1720 1412 ὁ
1765 1364 1872 1425 πᾶς

301 1443 466 1516 ὕμνος
513 1447 988 1519 προσπεφώνηταιο
1041 1451 1089 1502 oi
1130 1450 1193 1522 δὴ
1240 1453 1298 1504 ἐν
1343 1453 1483 1524 ἀρχῇ
1531 1452 1624 1504 τοῦ
1671 1454 1870 1517 παντὸς

296 1535 512 1606 ψαλμοῦ
533 1537 908 1609 ὠνομασμένοι
928 1539 1120 1605 δοῦλοι,
1143 1542 1341 1613 δηλαδὴ
1358 1544 1406 1595 οἱ
1434 1544 1491 1609 ἐξ
1521 1543 1686 1596 ἐθνῶν
1703 1561 1870 1616 προσ-

301 1627 470 1691 ιόντες
511 1631 576 1700 τῇ
626 1631 824 1684 πίστει.
864 1633 924 1684 Εί
981 1633 1087 1705 γάρ
1145 1634 1206 1686 τὸ
1245 1637 1352 1688 πᾶν
1409 1635 1673 1689 Ἰουδαίων
1719 1637 1868 1701 ἔθνος

1448 233 1950 292 COMMENTARIA
1989 235 2058 292 IN
2094 236 2432 294 PSALMOS.

1917 359 1967 416 Α
2138 352 2299 406 Vens.
2334 353 2420 406 l8.
2463 349 2673 406 Similes
2706 349 2811 404 illis
2844 350 2976 419 ﬁant
3008 349 3098 420 qui
3127 349 3326 419 faciunt
3357 365 3438 404 ea.

3487 237 3558 293 54

2057 445 2302 500 Prtedicti
2336 445 2634 499 idololatraa
2683 444 2890 498 similes
2939 443 3089 507 ﬁent,
3137 441 3226 496 vel
3267 442 3379 511 jam
3430 451 3557 497 sunt

1984 534 2134 600 facti,
2169 537 2272 590 diis
2299 536 2434 590 suis.
2473 535 2643 590 Secus
2686 550 2835 599 vero,
2871 535 2960 603 qui
3004 533 3058 588 in
3102 545 3300 586 sortem
3330 531 3422 586 Dei
3466 546 3554 584 as-

1981 626 2180 694 sumpti
2209 627 2364 689 estis,
2395 634 2452 679 et
2477 624 2704 694 populus
2733 626 2851 692 ejus
2879 621 3196 684 censemiui,
3227 616 3549 682 Benedicite,

1983 707 2178 786 inquit,
2208 717 2472 780 Domino;
2512 717 2682 779 idest,
2709 713 3035 776 collaudata,
3077 727 3179 766 non
3219 711 3334 765 sine
3358 723 3552 777 magna

1980 808 2213 862 utilitate
2243 819 2444 862 vestra.
2479 807 2692 861 Primus
2720 816 2901 860 autem
2929 807 2995 858 ad
3031 804 3353 857 laudandum
3391 816 3553 854 voca-

1981 909 2068 952 tur
2101 899 2193 953 Dei
2239 899 2485 968 populus,
2521 898 2613 966 qui
2658 898 2852 951 dicitur
2879 897 3072 955 domus
3113 894 3328 948 lsraelis
3352 932 3369 959 ,
3413 893 3549 946 ordo

1979 992 2202 1046 inferior
2229 991 2420 1057 plebis.
2468 989 2718 1045 Secundo
2749 989 2890 1052 loco,
2929 989 3004 1042 uti
3045 987 3244 1057 gradus
3281 982 3549 1040 excelsior

1975 1093 2030 1140 et
2054 1086 2318 1148 eminens,
2354 1086 2546 1140 domus
2573 1083 2822 1137 Aaronis.
2852 1081 3037 1136 Tertio
3059 1076 3408 1133 sacerdotalis
3430 1075 3550 1128 nni-

1974 1192 2128 1232 versa
2153 1177 2344 1231 dotnus
2363 1177 2514 1231 Levi.
2543 1177 2822 1231 Postremo
2841 1173 3071 1242 denique
3094 1183 3344 1240 tanquam
3373 1166 3546 1223 omni-

1974 1269 2072 1322 bus
2105 1269 2443 1324 suhlimiores
2469 1269 2558 1339 qui
2589 1272 2777 1322 timent
2797 1267 3102 1322 Dominum.
3141 1263 3202 1318 Hi
3237 1272 3382 1326 sunt,
3405 1275 3545 1329 quos

1974 1361 2255 1414 universus
2282 1362 2510 1428 hymnus
2531 1360 2840 1427 alloquitur.
2868 1357 2966 1423 Qui
2993 1366 3171 1410 autem
3199 1353 3350 1408 initio
3379 1352 3544 1406 totius

1973 1452 2158 1520 psalmi
2188 1452 2530 1520 appellantur
2557 1456 2725 1515 servi,
2763 1450 2796 1504 ii
2833 1459 2961 1502 sunt
2986 1447 3074 1516 qui
3110 1461 3175 1500 ex
3213 1444 3443 1499 ethnicis
3473 1441 3541 1495 ad

1973 1544 2127 1596 fidem
2163 1553 2527 1599 accesserunt.
2556 1542 2686 1596 Nam
2717 1545 2760 1597 si
2786 1543 3032 1610 universa
3056 1539 3359 1594 Judzeorum
3395 1535 3545 1588 natio

1972 1637 2242 1700 praedictis
2277 1635 2450 1690 tribus
2478 1635 2758 1690 ordinibus
2802 1631 3294 1703 comprehenditur,
3330 1625 3543 1682 lsraelis

297 1722 678 1793 περιείληπται
717 1724 804 1777 διὰ
847 1725 953 1778 τῶν
995 1703 1298 1797 εἰρημένων
1344 1728 1511 1799 τριῶν
1555 1729 1856 1798 ταγμάτων.

1973 1727 2241 1792 videlicet,
2281 1738 2337 1782 et
2377 1728 2702 1782 familiarum
2760 1728 2991 1782 Aaronis
3037 1741 3100 1780 ac
3129 1724 3299 1788 Levi;
3347 1721 3539 1788 reliqui

294 1811 390 1863 τοῦ
434 1829 494 1864 τε
545 1813 777 1884 Ἰσραὴλ,
820 1814 914 1866 καὶ
955 1814 1048 1866 τοῦ
1095 1815 1244 1868 οἴκου
1305 1815 1534 1888 Ἀαρὼν,
1577 1819 1669 1870 καὶ
1718 1818 1868 1871 οἴκου

295 1905 450 1968 Λευῒ,
485 1906 660 1974 ἕτεροι
692 1907 841 1978 παρά
865 1907 1083 1973 τούτους
1110 1911 1252 1973 τίνες
1278 1911 1343 1963 ἂν
1382 1907 1491 1964 εἷεν
1521 1914 1570 1964 οἱ
1604 1913 1870 1983 φοϐούμε-

293 2015 376 2050 νοι
405 1997 496 2051 τὸν
532 1999 755 2070 Κύριον,
789 1994 835 2052 ἐί
876 2001 948 2071 μὴ
991 2000 1049 2064 ἐξ
1083 2000 1250 2054 ἐθνῶν
1283 2001 1359 2072 τῷ
1402 2003 1492 2057 τοῦ
1546 2004 1679 2057 Θεοῦ
1727 2005 1869 2076 λόγῳ

294 2087 790 2159 προσεληλυθότες;
819 2091 867 2142 οἳ
902 2092 994 2144 καὶ
1030 2091 1369 2145 διδάσκονται
1394 2092 1652 2162 εὐλογεῖν*
1677 2099 1868 2150 Εὐλο-

292 2175 474 2244 γητὸς
492 2178 708 2244 Κύριος
732 2179 800 2230 ἐκ
821 2178 993 2242 Σιὼν,
1013 2183 1046 2232 ὁ
1072 2181 1362 2233 κατοικῶν
1391 2182 1803 2252 Ἰερουσαλὴμ,
1830 2186 1862 2255 ἢ

291 2269 390 2339 τὴν
429 2271 515 2322 ἀεὶ
568 2271 832 2341 μένουσαν
878 2273 971 2326 τοῦ
1006 2273 1138 2327 Θεοῦ
1190 2277 1360 2340 πόλιν,
1405 2278 1462 2328 ἐν
1581 2278 1640 2331 τὸ
1669 2279 1865 2350 ἀληθὲς

288 2365 458 2415 νοοῖτο
496 2362 561 2416 ἂν
587 2365 1000 2436 κατοικητήριον
1032 2366 1124 2419 τοῦ
1155 2367 1288 2420 Θεοῦ
1320 2368 1450 2439 (ιθ).

815 2457 1103 2511 ΨΑΛΜΟΣ
1152 2461 1318 2516 PAE'.

471 2547 554 2614 Τῷ
580 2549 902 2618 ποιήσαντι
933 2551 1234 2620 θαυμάσια
1256 2553 1491 2624 uerti-la
1505 2557 1688 2625 μόνῳ.

357 2638 680 2712 Θαυμαστὸν
723 2642 778 2695 δὲ
819 2643 911 2695 καὶ
941 2643 1077 2714 πρὸς
1103 2642 1266 2709 λέξιν,
1297 2648 1346 2698 εί
1379 2647 1607 2718 οὐρανὸς
1645 2649 1742 2718 μὲν
1767 2650 1861 2703 καὶ

291 2731 424 2804 μόνῃ
442 2731 541 2803 θέᾳ.
567 2734 665 2804 τὴν
689 2735 877 2803 σοφίαν
905 2734 1096 2806 δηλοῦν
1117 2735 1208 2788 τοῦ
1230 2736 1246 2806 (
1257 2737 1336 2807 ιθ)
1367 2737 1522 2802 Θεοῦ,
1554 2737 1773 2808 μεγέθει
1800 2758 1860 2792 τε

287 2823 382 2876 καὶ
412 2823 599 2876 κάλλει
626 2826 718 2878 κοιλ⁸
745 2825 1079 2896 πολυχρονίῳ
1111 2831 1244 2898 μονῇ
1267 2844 1279 2856 ·
1311 2829 1379 2899 γῆ
1424 2828 1482 2881 δὲ
1525 2830 1859 2900 πανταχόθεν

287 2914 720 2986 περικλυζομένη
763 2919 875 2979 τοῖς
917 2917 1074 2970 ὕδασι
1122 2918 1218 2970 καὶ
1269 2919 1526 2973 σύστασιν
1569 2921 1667 3008 τὴν
1723 2923 1858 2976 ίδίαν

1971 1835 2080 1888 prta
2121 1819 2204 1873 bis
2239 1821 2489 1874 timentes
2523 1819 2826 1883 Dominum,
2860 1819 3077 1888 quinam
3105 1826 3266 1871 erunt
3303 1815 3404 1869 nisi
3446 1814 3537 1883 qui

1970 1927 2034 1966 ex
2093 1914 2326 1968 ethnicis
2378 1914 2445 1966 ad
2498 1912 2592 1966 Dei
2653 1913 2949 1966 doctrinam
3006 1908 3389 1964 accesserunt?
3445 1906 3538 1975 qui

1968 2004 2131 2058 etiam
2165 2005 2428 2058 docentur
2454 2004 2534 2058 sic
2559 2004 2877 2057 benedicere
2906 2019 2918 2054 :
2951 2000 3258 2054 Benedictus
3283 1998 3537 2051 Dominus

1967 2110 2032 2147 ea:
2071 2093 2230 2156 Sion,
2284 2096 2374 2164 qui
2419 2094 2620 2146 habitat
2677 2091 3014 2155 Jerusalem,
3075 2091 3190 2144 sive
3235 2097 3534 2144 manentem

1967 2198 2178 2252 semper
2215 2185 2305 2238 Dei
2336 2186 2642 2248 civitatem,
2676 2185 2729 2236 in
2770 2198 2875 2251 qua
2920 2197 3048 2236 vera
3089 2183 3179 2236 Dei
3222 2179 3537 2250 intelligitur

1965 2273 2247 2331 habitatio.

2443 2452 2766 2509 PSALMUS
2805 2452 3064 2510 CXXXV.

2088 2545 2248 2600 Vens.
2273 2545 2327 2599 4.
2365 2543 2433 2598 Ei
2454 2547 2543 2615 qui
2566 2546 2696 2615 facit
2727 2546 2992 2599 mirabilia
3019 2561 3207 2614 magna
3235 2542 3401 2600 solus.

2035 2635 2176 2691 Sane
2220 2637 2286 2692 ad
2336 2637 2570 2692 litteram
2623 2638 2868 2691 mirabile
2915 2645 3034 2701 est,
3100 2635 3530 2706 quandoquidem

1962 2729 2157 2784 coelum
2198 2729 2315 2783 solo
2353 2729 2547 2784 intuitu
2591 2731 2910 2798 sapientiam
2946 2729 3035 2783 Dei
3067 2727 3434 2798 magnitudine
3467 2743 3532 2782 ac

1961 2820 2362 2888 pulchritudine
2397 2837 2517 2887 sua,
2555 2833 2610 2876 et
2649 2832 2754 2875 tam
2791 2822 3024 2890 spatiosa
3058 2821 3273 2874 aevitate
3306 2821 3529 2874 demon-

1960 2920 2095 2966 strat
2137 2929 2150 2966 :
2193 2922 2338 2967 terra
2393 2925 2571 2968 autem
2619 2913 2942 2967 alluentibus
2998 2913 3234 2980 undique
3279 2911 3530 2964 ﬂuctibus

287 3004 654 3071 φυλάττουσαν
672 3021 683 3032 ·
713 3007 845 3058 πᾶσι
869 3006 924 3059 δέ
944 3005 1034 3058 τὸν
1054 3006 1268 3061 αἰώνιον
1294 3008 1440 3061 ἔλεον
1462 3012 1490 3063 6
1518 3004 1856 3082 μελογράιρος

1961 3005 2265 3060 firmitatem
2316 3021 2466 3061 suam
2525 3007 2784 3061 retinens.
2836 3005 2931 3060 His
2969 3005 3219 3059 onmibus
3269 3013 3526 3058 aeternam

287 3094 620 3162 συνέζευξεν,
647 3096 832 3168 ἐπειδὴ
860 3098 920 3149 οὐ
943 3097 1031 3151 διὰ
1056 3099 1244 3170 χρείαν
1267 3101 1471 3155 οἰκείαν
1491 3105 1518 3156 6
1542 3103 1692 3170 Θεὸς,
1719 3103 1856 3158 ἀλλά

1960 3099 2381 3152 misericordiam
2430 3099 2673 3154 melodus
2716 3099 2996 3162 innexuit,
3049 3098 3312 3167 siquidem
3385 3097 3527 3151 haud

282 3183 374 3238 διά
405 3187 571 3258 μόνην
601 3186 1004 3258 φιλανθρωπίαν
1028 3189 1453 3264 ἐδημιούργησεν
1479 3195 1710 3249 ἅπαντα.

674 3387 756 3455 Τῷ
784 3389 1114 3454 πατάξαντι
1143 3392 1467 3461 Αἴγυπτον.

351 3482 414 3534 Εἰ
449 3481 521 3553 μὴ
553 3481 828 3546 πέπεισαι,
872 3485 1022 3554 φησι,
1062 3485 1289 3556 προνοίᾳ
1328 3486 1462 3540 Θεοῦ
1502 3491 1594 3542 καὶ
1630 3490 1853 3561 δυνάμει

280 3574 371 3627 τὸν
397 3577 684 3646 σύμπαντα
720 3577 921 3645 κόσμον
954 3575 1140 3630 καὶτά
1173 3575 1360 3630 τούτου
1391 3579 1531 3651 μέρη
1567 3580 1855 3654 διακυϐερ-

287 3666 496 3730 νὶσθαι,
533 3667 590 3719 ἐν
621 3667 906 3738 ἀμιξιϐόλῳ
936 3669 994 3722 δὲ
1018 3669 1162 3739 ἔχεις
1202 3673 1274 3742 μή
1306 3689 1382 3743 πη
1412 3672 1480 3725 τά
1519 3673 1659 3727 κατά
1689 3676 1853 3747 μέρος

282 3757 379 3812 καὶ
409 3757 476 3811 τὰ
503 3759 816 3832 ἀνθρώπινα
861 3764 1166 3831 παρορᾶται
1201 3763 1292 3815 ὑπ’
1331 3764 1518 3827 αὐτοῦ,
1550 3766 1740 3834 γνῶθι,
1771 3769 1852 3820 ὅτι

282 3849 506 3903 καὶτῶν
533 3851 624 3903 ἐπὶ
653 3851 754 3921 γῆς
789 3851 886 3920 οὐχ
909 3848 1068 3923 ἦττον
1106 3854 1138 3924 ἢ
1165 3854 1274 3907 τῶν
1307 3858 1428 3909 κατ’
1466 3857 1692 3928 οὐρανὸν
1721 3877 1853 3930 προ-

282 3948 430 3998 νοεῖ·
466 3945 784 4016 μετέρχεται
815 3947 944 4015 γοῦν
981 3947 1118 4001 κατὰ
1147 3949 1370 4018 χρόνους
1403 3950 1510 4002 τῶν
1551 3949 1851 4022 ἀνθρώπων

281 4035 402 4088 καθ’
429 4035 732 4107 ὑπερϐολὴν
756 4037 946 4100 ἀθέους
972 4038 1067 4091 καὶ
1093 4039 1326 4104 ἀσεϐεῖς,
1356 4041 1544 4112 ὥσπερ
1575 4042 1703 4098 ποτὲ
1727 4045 1851 4107 τοὺς

275 4127 606 4194 Αἰγυπτίους
633 4127 916 4197 μετῆλθεν,
950 4130 1041 4181 καὶ
1071 4129 1238 4199 αὐτὴν
1262 4129 1356 4200 τὴν
1388 4131 1690 4197 Αἰγυπτίαν
1716 4133 1846 4203 γῆν.

279 4219 608 4291 Προῖσταται
655 4219 712 4271 δέ
763 4220 920 4274 πάλιν
950 4221 1041 4273 καὶ
1073 4221 1383 4291 ὑπερμαχεῖ
1423 4220 1530 4273 τῶν
1564 4221 1846 4290 θεοφιλῶν,

278 4312 370 4362 καὶ
398 4311 458 4363 οὐ
489 4311 663 4381 μόνων
688 4311 887 4372 αὐτῶν,
916 4311 1050 4364 ἀλλά
1071 4314 1164 4364 καὶ
1189 4312 1295 4365 τῶν
1318 4312 1524 4366 τούτων
1544 4314 1845 4382 ἀπογόνων,

1957 3189 2027 3242 ob
2056 3189 2286 3259 aliquem
2334 3205 2490 3243 suum
2539 3205 2692 3244 usum
2723 3188 2902 3252 Deus,
2946 3189 3041 3244 sed
3083 3190 3152 3244 ob
3191 3188 3357 3244 solam
3395 3202 3527 3259 erga

1960 3278 2205 3334 homines
2243 3280 2626 3348 benignitatem
2656 3280 2836 3333 omnia
2879 3279 3106 3334 creavit.

2216 3391 2383 3447 Vens.
2414 3393 2502 3448 10.
2540 3393 2643 3458 Qui
2672 3394 2925 3462 percussit
2949 3391 3262 3463 Egyptum.

2028 3481 2083 3537 Si
2130 3481 2268 3536 forte
2313 3484 2456 3537 haud
2488 3485 2686 3547 credis,
2721 3485 2914 3554 inquit,
2945 3485 3035 3538 Dei
3075 3481 3406 3554 providentia
3459 3495 3524 3538 ac

1955 3573 2154 3628 virtute
2193 3575 2506 3628 universum
2559 3575 2816 3628 mundum
2849 3573 3070 3643 ejusque
3117 3585 3294 3642 partes
3325 3575 3521 3644 guber-

1956 3667 2106 3728 nari,
2157 3666 2480 3735 dubitasque
2525 3681 2612 3722 res
2664 3664 2974 3736 singillatim
3029 3667 3294 3718 humanas
3341 3665 3410 3717 ab
3456 3680 3522 3718 eo

1955 3755 2186 3812 fortasse
2230 3757 2445 3827 negligi,
2489 3757 2650 3810 velim
2696 3757 2858 3821 scias,
2907 3756 3081 3824 ipsum
3120 3769 3207 3810 res
3247 3755 3387 3808 baud
3419 3755 3518 3808 mi-

1955 3864 2055 3902 nus
2082 3860 2323 3903 terrenas
2354 3864 2511 3918 quam
2547 3849 2792 3904 cmlestes
2828 3863 3039 3902 curare.
3071 3847 3208 3916 Ergo
3242 3847 3520 3918 persequi-

1953 3950 2059 4006 tur,
2088 3941 2418 4010 temporibus
2446 3941 2672 4005 idoneis,
2701 3942 2946 3995 homines
2970 3943 3267 4009 praesertim
3296 3943 3520 4013 insigni-

1953 4044 2038 4086 ter
2071 4033 2401 4103 irreligiosos
2453 4042 2506 4086 et
2558 4032 2784 4100 impios;
2828 4031 2985 4084 sicuti
3028 4031 3318 4100 aliquando
3352 4033 3519 4104 Egy-

1951 4125 2075 4195 ptiis
2109 4139 2403 4192 eorumque
2451 4124 2653 4192 regioni
2702 4123 2962 4176 incubuit.
2999 4121 3239 4195 Protegit
3278 4125 3514 4180 vicissim

1952 4229 2110 4286 atque
2148 4216 2386 4270 defendit
2431 4216 2656 4268 dilectos
2703 4230 2858 4278 suos,
2917 4230 3092 4284 neque
3142 4216 3239 4269 hos
3287 4227 3514 4282 tantum,

1951 4321 2135 4360 vermn
2164 4306 2327 4360 etiam
2366 4305 2599 4372 ipsorum
2651 4312 2928 4371 posteros;
2977 4305 3133 4358 sicuti
3168 4320 3354 4374 reapse
3387 4306 3517 4360 fecit

273 4400 464 4472 ὥσπερ
505 4403 613 4456 τῶν
651 4403 738 4456 διὰ
771 4404 1046 4467 Μωῦσέως
1092 4403 1549 4477 ὴλευθερωμένων
1581 4407 1701 4458 τότε
1746 4406 1847 4476 τῆς

1959 4401 2149 4468 ereptis
2180 4409 2305 4453 tunc
2337 4413 2432 4467 per
2453 4397 2688 4468 Moysem
2720 4396 2787 4449 ab
2810 4394 3182 4468 Egyptiorum
3213 4398 3510 4462 servitute;

279 4493 406 4563 παρ’
437 4495 750 4563 Αἰγυπτίοις
789 4495 1050 4560 δουλείας,
1089 4496 1182 4560 οὓς
1221 4495 1590 4568 ἠλευθέρωσεν
1633 4498 1794 4560 αὐτὸς
1820 4499 1848 4550 6

276 4585 370 4637 ἐπὶ
401 4585 612 4639 πάντων
638 4587 788 4651 Θεὸς,
813 4588 913 4640 οὐκ
943 4587 1115 4651 ἄλλως
1149 4588 1180 4657 ἢ
1215 4589 1556 4661 ἐκτεταμένη
1585 4590 1728 4661 χειρὶ
1753 4591 1846 4642 καὶ

279 4671 484 4745 ἰσχυρῷ
522 4675 761 4745 βραχίονι
805 4680 1177 4750 χρησάμενοςο
1205 4681 1288 4750 εἴη
1319 4679 1363 4732 δ’
1393 4679 1458 4736 ἆν
1489 4674 1644 4744 οὗτος
1680 4682 1709 4732 6
1750 4681 1844 4734 τοῦ

345 4811 446 4879 (9')
498 4812 659 4866 Deest
690 4814 803 4867 τοῦ.
845 4815 1000 4871 Ent'r.

341 4882 454 4950 (ιο)
498 4884 550 4936 In
581 4883 857 4937 codicibus
881 4887 941 4939 υ.
969 4890 1005 4941 r.
1041 4887 1166 4944 257.
1206 4889 1260 4951 b.
1291 4897 1346 4945 et
1368 4889 1434 4945 G.
1469 4890 1504 4943 r.
1548 4889 1675 4953 207,
1717 4889 1838 4945 aliis

271 4954 478 5024 partim
510 4953 686 5024 verbis
714 4953 852 5024 idem
884 4955 994 5010 fere
1019 4957 1379 5024 fragmentum
1415 4960 1692 5013 scribitur.
1719 4961 1834 5013 ΕΥ-

272 5023 532 5078 ΣΕΒΙΘΥ.
561 5021 742 5093 Ταῦτα
764 5023 860 5093 μὲν
882 5024 988 5092 εἴη,
1010 5021 1160 5093 φασὶ,
1179 5033 1290 5092 τοῖς
1311 5029 1523 5083 ποιοῦσι
1543 5031 1832 5084 τάεἵδωλαο

271 5093 378 5172 es:
412 5093 537 5172 λαὸς
564 5092 664 5172 τοῦ
692 5092 893 5172 Κυρίου
927 5092 1030 5172 καί
1057 5100 1084 5150 6
1117 5098 1313 5172 κλῆρος
1337 5101 1499 5172 αὐτοῦ
1520 5101 1838 5154 ἀπολαυέτω

270 5165 371 5242 τῇς
421 5165 708 5242 elect-6163
743 5165 1032 5242 sumpta;
1057 5183 1071 5196 δ
1110 5165 1324 5242 πρῶτον
1369 5168 1837 5242 ὀίοίκος-Ἰσραὴλ

271 5229 457 5312 τάγμα
480 5234 540 5285 τὸ
564 5229 927 5312 ὑμοϐεϐηκόξ·
951 5229 1164 5312 sicano-
1186 5229 1714 5312 pnspauéxovLoixoé
1743 5229 1834 5294 τόῦ

283 5257 457 5303 canta.
480 5257 540 5285 τυ
565 5257 927 5304 υπουεοηκος·
961 5257 1078 5290 ειῖα
1103 5257 1162 5288 το
1191 5257 1292 5290 υπε
1331 5257 1538 5312 ανεχον,
1568 5257 1714 5305 οικος
1743 5261 1834 5294 του

283 5303 492 5382 ’Λαρῶν
516 5320 528 5332 ·
561 5301 679 5382 εἶτα
714 5306 821 5382 τῶν
853 5306 1039 5382 ἱερέων
1067 5309 1100 5378 ἡ
1132 5309 1280 5382 πᾶσα
1298 5257 1478 5382 fatali],
1505 5309 1651 5375 οἶκος
1683 5313 1834 5365 Ἀευῖ’

269 5374 364 5455 καὶ
392 5373 968 5455 πάηωνηάνώτερονοί
998 5373 1669 5455 φοϐούμενοίτὸν-Κύριον,
1701 5383 1838 5455 πρὸς

268 5442 362 5525 ρὶξξ
465 5445 571 5507 πᾶς
601 5443 778 5525 ,δεινος
810 5442 1326 5525 δξπερθηετττεφιῦνηταιςΔ
1367 5453 1460 5525 καὶ
1498 5442 1618 5506 κατ’
1657 5442 1837 5523 ’ἀρχὲις

271 5513 570 5585 ἐρρέθησαν
595 5510 787 5576 δοῦλοι,
820 5510 886 5571 δι”
915 5510 988 5570 ὧν
1009 5510 1131 5582 τοὺς
1159 5510 1224 5584 ἐξ
1275 5516 1441 5572 ἐθνῶν
1485 5510 1839 5576 πεπιστεύἆόξ

269 5599 367 5646 τας
399 5585 690 5662 ἐδήλωσεν·
721 5587 862 5662 τίνες
899 5589 1086 5662 γὰροί
1121 5587 1443 5662 φοϐούμενοι
1467 5591 1565 5662 τὸν
1611 5593 1834 5662 Κύριον,

271 5655 420 5725 παρά
452 5655 517 5709 τά
550 5657 675 5728 τρία
702 5655 957 5729 τάγματα
979 5655 1086 5714 τῶν
1119 5655 1413 5726 ’ἰουδαίων;
1441 5661 1576 5715 Σιὼν
1601 5663 1656 5714 δὲ
1692 5655 1837 5731 λέγει

1950 4509 2086 4564 quos
2140 4493 2251 4561 ipse
2299 4492 2597 4546 communis
2648 4490 2790 4545 Deus
2845 4489 3093 4544 liberavit
3143 4491 3281 4544 baud
3331 4489 3510 4556 aliter,

1954 4603 2112 4656 quam
2164 4600 2322 4638 manu
2374 4599 2468 4636 sua
2509 4593 2752 4646 extenta,
2792 4583 3118 4651 brachioque
3163 4581 3288 4636 forti
3335 4592 3508 4635 utens.

1951 4679 2048 4733 Est
2097 4686 2272 4732 autem
2323 4675 2426 4730 hoc
2472 4676 2646 4744 ipsum
2686 4674 2778 4730 Dei
2825 4672 3074 4740 Verbum,
3125 4687 3221 4740 per
3264 4673 3404 4741 quod
3458 4682 3514 4727 et

1948 4816 2463 4892 xak'lepoooahijp,
2489 4817 2587 4887 τὴν
2615 4815 2701 4868 ἀεὶ
2733 4811 3117 4892 μένουσανητοιῦ
3161 4809 3295 4890 Θεοῦ
3333 4809 3508 4892 πόλιν,

1943 4891 2000 4942 ἐν
2127 4879 2188 4941 τί)
2220 4879 2891 4960 ἀληθὲςκατοι-κητῇριον
2930 4880 3231 4960 τοῦ-Θεοῦ·
3267 4879 3505 4960 ’κατὰςδέ

1942 4950 2144 5029 νόησιν,
2180 4959 2228 5012 οἱ
2255 4950 2547 5029 διορατικοὶ
2583 4950 2852 5029 μὲνόίξξος
2878 4954 2974 5029 τοῦ
3013 4950 3232 5029 Ἰσραὴλ.
3256 4951 3507 5029 ὀψόμενοι

1943 4977 2000 5012 νο
2043 4977 2144 5020 σιν,
2180 4977 2228 5012 οι
2255 4977 2547 5029 οιορατικοι
2583 4977 2681 5026 μεν
2707 4977 2852 5016 οικος
2881 4977 2974 5006 του
3028 4977 3224 5023 mpan
3256 4977 3507 5021 υψυμενυι.

1944 4977 2160 5100 κατθαρᾶ
2205 5028 2402 5100 καρδίᾳ
2449 5027 2610 5080 Θεόνο
2655 5029 2701 5079 οἱ
2730 5025 2786 5079 δὲ
2818 5023 3033 5086 τελείως
3074 5023 3167 5075 καὶ
3220 5020 3509 5093 ίερατικῶς

1943 5100 2106 5152 αὐτὸν
2127 5084 2214 5150 ἀεὶ
2237 5097 2653 5165 θεραπεύοντες,
2677 5092 2822 5158 οἶκος
2861 5093 3096 5165 Ἀαρών·
3150 5092 3244 5165 καὶ
3287 5093 3334 5165 o_i
3384 5091 3508 5165 τού-

1944 5119 2106 5152 αυτον
2127 5119 2214 5150 αει
2237 5119 2653 5170 υεραπευοντες,
2677 5119 2822 5158 Cum;
2875 5119 3095 5165 napum"
3151 5119 3244 5144 και.
3287 5119 3334 5144 Ut
3384 5119 3503 5145 τυν-¹

1944 5187 2051 5240 egw
2084 5169 2471 5240 ὑποδεέστερον
2497 5168 2614 5238 μὲν,
2635 5165 3121 5240 ὲξυπηρετούμενοι
3162 5163 3218 5215 δὲ
3261 5161 3503 5240 τῷυναῷ,

1946 5235 2091 5302 οἶκος
2119 5238 2269 5302 Aeni,
2295 5229 2389 5302 οὓς
2419 5229 2596 5299 ἄν’τις
2622 5229 2945 5305 νεωκόρους
2964 5229 3270 5305 καλέσειεν·
3309 5229 3432 5286 εἶτα
3450 5229 3502 5305 οἱ

1945 5310 2002 5375 ἐξ
2027 5309 2326 5378 ἀλλογενῶν
2349 5309 2495 5377 φόϐῳ
2527 5306 2658 5378 Θεοῦ
2696 5303 3103 5378 προστιθέμενοι
3123 5303 3372 5378 ’-πάντες
3406 5303 3505 5378 μὲν

1942 5373 2034 5438 οῦν
2065 5373 2394 5447 εὐλογοῦσιν,
2431 5373 2704 5447 ἀναλόγως
2741 5373 2800 5427 δὲ
2846 5373 3093 5447 ἕκαστοι]
3136 5373 3285 5444 δηλοῖ
3319 5373 3376 5426 δὲ
3392 5373 3504 5447 *καὶ

1934 5443 2378 5524 ’τὴνἙκκλησίαν
2420 5443 2790 5524 Ἰερουσαλῂμ,
2831 5445 2928 5517 τὴν
2957 5443 3030 5524 μὴ
3060 5443 3284 5524 έχουσαν
3314 5443 3500 5524 σπῖλον

1929 5512 2249 5592 ςῆᾊυτίδαξ
2277 5521 2374 5592 τὴν
2428 5512 2648 5592 εἰρήνην
2682 5512 2918 5592 δρῶσαν,
3069 5512 3272 5592 ’[ησοῦς
3319 5512 3498 5566 δίδωσι

1925 5572 2145 5660 Refer
2173 5572 2437 5660 Eip-qimr
2461 5572 2575 5660 eji-
2598 5572 2751 5660 ἓμῂξθ
2783 5572 3167 5660 eradat-sati.

2012 5656 2148 5732 (ω’)
2190 5658 2444 5726 Δηλοῦν.
2479 5658 2636 5712 Forte
2659 5656 2825 5727 δηλοῖ.
2868 5657 3021 5711 Εοιτ.
