4068 6198
458 275 530 332 ’ὃὸ
1130 257 1403 316 EUSEBII
1440 251 1912 312 CESABIENSIS
1947 248 2101 307 OPP.
2142 245 2320 301 PARS
2354 243 2442 303 Ill.
2482 275 2551 286 —
2589 236 3000 297 EXEGETICA.
3638 227 3709 283 36

461 392 590 447 olim
635 397 690 444 et
763 397 905 439 nunc
953 380 1118 435 etiam
1166 387 1358 433 cuncta
1409 375 1726 432 hominibus
1768 369 2082 427 beneficia!

2180 363 2265 418 εοῦ
2295 364 2465 432 Λόγος
2488 361 2622 433 (Η),
2649 359 2715 414 δι’
2748 352 2809 413 οὗ
2836 356 2931 410 καὶ
2956 354 3120 409 πάλαι
3144 352 3238 407 καὶ
3259 350 3353 405 νῦν
3379 349 3477 435 τὰς
3508 350 3586 410 εἰς
3618 346 3707 399 ἀν·

464 480 764 551 benignitas
794 475 887 529 Dei
918 474 1105 543 optimi
1138 472 1373 526 confert.

677 658 840 712 Vsus.
872 656 960 711 19.
997 654 1136 709 Seon
1166 668 1338 722 regem
1370 648 1823 703 Amorrha-orum.

534 750 885 821 Interpretari
918 748 1154 801 solemus
1176 746 1525 798 Amorrhteos
1552 740 1767 809 quidem
1801 725 2039 810 loquaces

470 853 877 913 exasperautes;
926 851 979 892 et
1024 840 1213 892 horum
1262 851 1439 905 regem
1482 833 1646 895 Seou,
1704 831 2042 884 tentationem

2135 430 2390 527 θρώπους
2422 430 2739 522 εὐεργεσίας
2781 450 2816 519 ἡ
2849 443 3225 517 φιλανθρωπία
3257 442 3350 496 τοῦ
3381 430 3704 507 ’παναγάθου

2135 547 2269 601 Θεοῦ
2298 544 2711 618 κατειργάσατο,

2345 638 2458 692 Τὸν
2484 634 2652 702 Σηὼν
2680 631 2944 698 βασιλέα
2973 628 3091 683 τῶν
3121 625 3494 696 Ἀμορραίων.

2219 727 2645 799 Ἐρμηνεύονται
2673 724 2730 777 δὲ
2775 722 3086 792 Ἀμορῤαῖοι
3118 718 3215 788 μὲν
3239 714 3490 782 λαλητω
3530 726 3718 779 παρα-

2140 818 2577 887 πικραίνοντες,
2612 815 2706 868 καὶ
2737 815 2765 866 ὁ
2794 811 2996 865 τούτων
3022 807 3271 880 βασιλεὺς
3306 802 3479 875 Σηὼν,
3512 816 3718 869 πειρα-

473 893 717 913 τ-τ-νιτ---τ
862 893 873 905 ,
1322 893 1349 905 υ
1636 893 1640 895 .

473 945 525 989 et
546 930 1017 987 exacerbationem.
1044 926 1288 995 Namque
1312 925 1559 978 homines
1576 922 1878 990 sophistica:
1902 919 2047 971 frau-

2180 911 2298 981 νὸς
2325 911 2418 963 καὶ
2448 906 2853 977 ἐταροργισμός
2874 919 2888 933 ο
2917 905 2965 955 οἱ
3002 900 3161 955 δεινοὶ⁵
3190 899 3297 971 γάρ
3338 896 3473 967 πρὸς
3500 893 3720 963 ἀπάτην

474 1026 557 1080 dis
600 1024 754 1093 periti
804 1036 994 1090 aspere
1042 1035 1183 1087 satpe
1230 1019 1543 1086 loquuntur,
1589 1016 1900 1083 pariterque
1933 1011 2043 1063 vel-

479 1118 589 1171 lent
619 1114 866 1169 veritatis
900 1125 1115 1181 quoque
1158 1121 1427 1162 amatores
1479 1106 1853 1158 fraudulenter
1900 1102 2047 1170 loqui

479 1218 535 1262 et
594 1208 871 1267 occinere,
927 1214 1090 1272 atque
1142 1201 1364 1255 omnino
1421 1198 1552 1251 nihil
1608 1196 1751 1248 aliud
1808 1204 2052 1262 spectant

480 1313 640 1367 quam
669 1308 728 1352 ut
755 1305 948 1350 vexeut
973 1306 1133 1362 atque
1156 1301 1499 1360 exasperent.
1529 1287 1700 1341 Basan
1726 1302 1877 1350 vero,
1908 1286 2051 1354 quod

480 1393 823 1463 ignominiam
860 1388 1159 1457 significat,
1196 1386 1563 1453 improborum
1597 1379 1900 1449 pudendam
1940 1393 2051 1430 ma-

484 1484 655 1537 litiam
692 1486 951 1536 denotat:
982 1481 1132 1546 cujus
1178 1495 1272 1533 rex
1301 1477 1380 1531 On
1418 1491 1542 1530 cum
1580 1475 1719 1529 Seon
1758 1471 2052 1535 occiditur;

488 1583 547 1629 ut
600 1574 778 1629 Israeli
832 1584 974 1627 terra
1036 1586 1198 1640 quam
1244 1568 1383 1623 male
1439 1565 1740 1621 retinebant
1792 1565 2055 1627 tradatur,

2150 1001 2465 1073 σοφιστικὴν
2486 995 3006 1070 καταπικραίνοντές
3028 994 3164 1046 εἰσιν
3191 989 3432 1059 λαλητοὶ,
3458 987 3581 1049 τοὺς
3605 985 3723 1038 ὅσοι

2149 1098 2248 1167 τῆς
2273 1094 2528 1166 ἀληθείας
2556 1092 2693 1146 εἰσιν
2723 1088 2950 1159 ἐρασταὶ
2985 1086 3227 1146 θέλοντες
3261 1082 3352 1135 ἐπὶ
3381 1079 3594 1148 ἀπάτης
3618 1078 3722 1167 ,λα-

2151 1187 2357 1240 λεῖσθαι
2397 1184 2490 1238 καὶ
2532 1180 2773 1253 ᾅδεσθαι,
2832 1174 3113 1248 πειράζειν
3151 1191 3209 1225 τε
3242 1174 3335 1225 καὶ
3371 1165 3721 1241 παροργίζειν

2154 1278 2364 1350 ἔχοντες
2392 1276 2482 1329 τὸν
2526 1274 2746 1350 σκοπόν.
2796 1271 2977 1325 Βασάν
3008 1269 3064 1322 δὲ
3097 1268 3400 1334 αἰσχύνην
3447 1262 3721 1334 μεθερμη-

2154 1369 2440 1439 νευομένη,
2488 1366 2586 1437 τὴν
2628 1366 2753 1429 τοὺς
2792 1365 2994 1426 κακοὺς
3032 1358 3495 1429 καταισχύνουσαν
3530 1351 3727 1408 κακίαν

2156 1462 2336 1534 δηλοῖ·
2361 1456 2430 1533 ἦς
2453 1460 2481 1511 ὁ
2510 1458 2758 1529 βασιλεὺς
2784 1458 2899 1521 Ὢν,
2928 1456 3023 1509 σὺν
3046 1452 3123 1523 τῷ
3143 1448 3295 1521 Σηὼν
3322 1445 3725 1502 ἀποκτίννυται’

2158 1556 2304 1615 ὅπως
2337 1549 2415 1620 τῷ
2452 1548 2667 1621 Ἰσραὴλ
2692 1551 2726 1620 ἡ
2754 1548 2847 1617 γῆ,
2874 1548 2938 1617 ἣν
2965 1544 3148 1607 κακῶς
3176 1540 3459 1613 ἐκράτουν,
3486 1552 3731 1605 σοφιστι-

487 1669 577 1738 qui
623 1668 815 1723 callido
863 1676 917 1721 ct
968 1666 1152 1734 iniquo
1202 1677 1490 1730 possessu,
1546 1660 1886 1728 malignoque
1937 1673 2057 1711 eam

2180 1643 2273 1706 ιῶς
2292 1643 2388 1696 καὶ
2416 1642 2553 1713 μετὰ
2591 1640 2868 1711 μοχθηρᾶς
2889 1640 3054 1706 ἕξεως
3078 1637 3204 1708 περὶ
3225 1634 3324 1705 τὴν
3348 1632 3455 1686 τῶν
3477 1628 3736 1702 πραγμά-

491 1717 577 1738 1—-
627 1717 810 1723 νην-ν
870 1717 916 1721 --
1063 1717 1080 1734 ι
1131 1717 1141 1719 τ
1204 1717 1219 1730 .
1479 1717 1489 1723 .
1677 1717 1704 1727 ..
1801 1717 1813 1728 .

490 1760 933 1813 administrantes
988 1755 1226 1826 ingenio,
1278 1768 1503 1823 regnare
1562 1751 1905 1804 videbantur.
1961 1749 2059 1803 νο.

2180 1752 2267 1788 των
2295 1732 2662 1805 διατρίϐοντες
2692 1730 2873 1799 φύσιν,
2894 1727 3175 1789 δοκοῦντες
3218 1721 3516 1796 βασιλεύειν
3542 1717 3732 1788 αὐτῆς

492 1862 793 1905 rumtamen
840 1850 982 1903 dicta
1024 1858 1166 1903 terra
1215 1847 1301 1901 his
1344 1858 1529 1915 erepta
1584 1847 1816 1899 traditur
1856 1846 1906 1898 iu
1937 1860 2059 1899 sor-

494 1951 598 1994 tem
628 1940 846 2004 lsraeli,
883 1937 1025 1992 ﬁdeli
1066 1951 1226 1992 servo
1270 1935 1413 1991 illius
1460 1935 1551 2004 qui
1600 1950 1779 1989 rerum
1818 1932 2058 1988 omnium

495 2046 686 2088 auctor
724 2042 829 2090 θεῖ.

566 2126 729 2181 Vens.
759 2128 847 2182 25.
875 2125 1013 2192 Quia
1049 2127 1103 2179 in
1133 2123 1435 2178 humilitate
1461 2129 1638 2173 nostra
1671 2134 1866 2172 memor
1884 2116 1984 2187 fuit

1040 2195 1204 2249 nostri
1236 2194 1512 2245 Dominus.

565 2290 622 2344 lu
645 2288 1013 2358 superioribus
1039 2302 1254 2356 quoque
1286 2286 1436 2338 varie
1472 2284 1904 2338 demonstratum
1937 2277 2062 2340 fuit,

503 2398 609 2437 non
634 2397 754 2437 eum
786 2382 875 2451 qui
926 2381 993 2434 de
1042 2378 1268 2435 Iudaico
1320 2392 1519 2447 genere
1547 2377 1763 2439 oritur,
1812 2372 2065 2427 lsraelem

502 2485 645 2534 esse,
681 2471 774 2523 sed
807 2484 928 2523 eum
958 2469 1047 2537 qui
1076 2468 1320 2523 moribus
1347 2468 1544 2537 dignus
1576 2467 1679 2519 hoc
1709 2464 1926 2518 nomine
1962 2476 2066 2518 eat.

506 2561 629 2616 Non
658 2562 793 2614 enim
826 2576 1001 2613 omnes
1037 2560 1123 2629 qui
1170 2560 1234 2613 de
1279 2559 1478 2612 Israele
1507 2567 1673 2620 sunt,
1722 2556 1775 2608 Ιιὶ
1816 2564 1939 2609 sunt
1982 2554 2068 2609 Is-

506 2651 615 2705 rael
645 2651 689 2682 “
725 2667 738 2701 :
772 2667 934 2720 neque
964 2651 1060 2702 illa
1099 2667 1215 2719 qua:
1249 2650 1451 2717 publice
1477 2650 1533 2716 ﬁt
1559 2687 1575 2712 ,
1621 2647 1948 2700 circumcisio
1974 2657 2069 2711 est,

505 2755 563 2798 ut
595 2744 671 2798 ait
700 2742 991 2813 Apostolus
1018 2781 1033 2806 ,
1066 2744 1153 2796 sed
1183 2743 1237 2795 in
1265 2742 1470 2796 occulto
1514 2743 1688 2809 potius
1732 2739 1952 2795 Juda’us
1977 2780 1991 2801 ,
2024 2749 2072 2791 et

506 2836 680 2889 cordis
725 2835 1095 2898 circumcisio,
1145 2851 1247 2889 non
1292 2835 1577 2888 secundum
1599 2833 1847 2896 litteram,
1885 2834 1973 2883 sed
2021 2831 2077 2883 in

507 2926 689 2991 spiritu
718 2942 735 2979 :
768 2926 919 2994 cujus
954 2926 1069 2978 laus
1105 2942 1208 2978 non
1233 2941 1296 2977 ea:
1324 2924 1643 2986 houtiuilms,
1673 2925 1762 2977 sed
1792 2938 1857 2976 ea:
1888 2923 1991 2975 Deo
2009 2922 2075 2975 “.

2160 1826 2271 1880 ἀλλ’
2322 1824 2682 1896 ἀφαιρεθεῖσα
2725 1821 2903 1874 αὐτῶν
2953 1823 2987 1889 ἡ
3046 1815 3457 1890 ἐρμηνευομένη
3508 1812 3602 1883 γῆ,
3658 1810 3738 1872 είς

2161 1919 2489 1988 κατάσχεσιν
2520 1915 2599 1986 τῷ
2648 1914 2865 1985 Ἰσραὴλ
2902 1913 3101 1966 δίδοται
3137 1912 3229 1962 ἐπὶ
3264 1909 3343 1979 τῷ
3385 1906 3739 1977 κληρονομεῖν

2163 2011 2351 2083 αὐτὴν,
2388 2008 2558 2079 δούλῳ
2583 2007 2790 2077 γνησίῳ
2815 2004 2909 2059 τοῦ
2940 2005 3155 2057 πάντων
3198 2000 3372 2056 αἰτίου
3396 1997 3737 2068 τυγχάνοντι.

2167 2102 2296 2155 Ὀτι
2337 2101 2407 2153 ὲν
2445 2099 2520 2168 τῇ
2570 2095 2923 2219 ταπεινώίέει
2971 2093 3139 2163 ἡμῶν
3194 2089 3465 2160 ἐμνήσθη
3711 2087 3744 2138 ὀ

2886 2183 3068 2219 υοιορ.

2886 2183 3068 2231 υριος.

2237 2259 2347 2311 Καὶ
2391 2259 2448 2310 ἐν
2491 2258 2604 2319 τοῖς
2633 2254 2889 2325 ἀνωτέρω
2936 2252 3206 2322 διαφόρως
3247 2247 3591 2301 ἐπεδείκνυτο
3642 2245 3746 2296 Ἰσ-

2170 2349 2326 2422 ραὴλ,
2357 2350 2415 2401 ού
2464 2348 2524 2401 τὸ
2568 2347 2721 2416 γένος
2772 2346 2881 2401 τῶν
2944 2342 3211 2397 Ἰουδαίων
3251 2341 3531 2410 ὑπάρχων,
3570 2335 3683 2390 ἀλλ’
3716 2335 3745 2386 ὁ

2168 2439 2376 2492 τοιόσδε
2403 2441 2501 2508 τῆς
2520 2436 2827 2499 θεοσεϐείας
2847 2435 3065 2507 τρόποις
3083 2433 3212 2503 (1⁸2)·
3227 2433 3307 2484 Οὐ
3331 2430 3438 2499 γὰρ
3454 2426 3676 2492 πάντες
3691 2426 3746 2478 οι

2168 2529 2236 2593 ἐξ
2266 2527 2531 2597 Ἰσραὴλ.
2551 2523 2717 2581 οὗτοι
2747 2522 3014 2593 Ἰσραήλ·
3040 2522 3182 2577 οὐδὲ
3200 2522 3233 2589 ἡ
3248 2522 3317 2572 ἐν
3333 2518 3411 2584 τῷ
3427 2514 3660 2587 φανερῷ
3679 2515 3749 2567 ἐν

2171 2620 2352 2688 σαρκὶ
2382 2617 2688 2688 περιτομὴ,
2730 2616 2872 2670 κατά
2899 2611 3342 2672 τὺνἋπόστολον,
3374 2608 3512 2661 ἀλλ’
3536 2606 3651 2659 ὀὲν
3672 2604 3752 2670 τῷ

2172 2708 2415 2779 κρυπτῷ
2443 2706 2732 2772 Ἰουδαῖος
2753 2749 2767 2772 ,
2798 2705 2894 2758 καὶ
2916 2700 3196 2771 περιτομὴ
3218 2698 3464 2768 καρδίας
3481 2698 3551 2750 οὐ
3573 2693 3753 2766 ⁸πράμ-

2169 2818 2309 2870 ματι
2323 2798 2482 2853 ἀλλὰ
2499 2798 2801 2865 πνεύματι·
2818 2791 2889 2851 οὗ
2905 2798 2936 2848 ὀ
2949 2794 3196 2855 ἔπαινος
3205 2791 3315 2843 οὐκ
3331 2789 3399 2853 ἐξ
3412 2785 3753 2856 ἀνθρώπων.

2176 2889 2312 2944 ἀλλ’
2334 2890 2401 2941 ἐκ
2423 2887 2530 2941 τοῦ
2551 2887 2718 2940 Θεοῦ·
2745 2885 2839 2939 καὶ
2865 2885 3010 2955 ἡμᾶς
3025 2878 3118 2934 οὖν
3149 2881 3275 2942 τοὺς
3296 2877 3355 2942 ἐξ
3382 2876 3549 2930 ἐθνῶν
3580 2877 3758 2946 (ἡμεῖς

511 2966 689 2991 ψ...-
718 2966 730 2979 ,
768 2966 919 2994 νη..-
954 2966 1068 2978 .....-
1105 2966 1208 2978 η-..
1234 2966 1295 2977 -.υ
1324 2966 1643 2986 ..-..-....-.--,
1673 2966 1760 2977 --κ
1792 2966 1855 2976 -..
1888 2966 1988 2975 ν--
2060 2966 2075 2975 .

511 3013 621 3068 Nos
673 3028 885 3082 quoque
934 3016 1099 3083 igitur
1128 3015 1218 3082 qui
1267 3028 1334 3068 ex
1378 3014 1611 3067 ethnicis
1661 3014 1910 3067 venimus
1955 3017 2076 3081 (nos

2180 2983 2285 3051 γάρ
2324 2983 2490 3051 ἐσμεν
2527 2982 2560 3050 ἡ
2612 2977 2881 3049 περιτομὴ
2915 2976 3008 3028 καὶ
3042 2971 3292 3044 ἀληθινὸς
3349 2968 3610 3040 Ἰσραὴλ),
3642 2966 3761 3019 ἐλυ-

512 3105 657 3158 enim
703 3120 892 3176 reapse
946 3105 1291 3159 circumcisio
1341 3120 1528 3159 sumus
1575 3119 1843 3173 verusque

517 3218 636 3265 nos,
667 3203 886 3271 inquam
914 3242 929 3264 ,
958 3202 1140 3271 potius
1171 3217 1235 3256 ex
1270 3201 1503 3255 inimicis
1536 3200 1797 3263 liberavit,
1830 3215 1990 3269 quam
2020 3200 2086 3254 il-

517 3294 619 3349 los.
658 3295 865 3348 Etenim
920 3294 994 3347 illi
1023 3309 1085 3348 ex
1136 3293 1368 3364 Aigypto
1408 3294 1771 3355 discedentes,
1799 3307 2088 3360 corporeos

520 3387 772 3458 fugerunt
802 3398 1079 3458 tyrannos.
1097 3385 1480 3442 Verumtamen
1507 3386 1691 3454 pravis
1718 3385 1956 3438 moribus
1979 3384 2089 3437 ani-

522 3498 638 3535 mas
668 3498 793 3535 suas
823 3480 1128 3535 inficientes
1151 3520 1167 3546 ,
1193 3479 1568 3534 occubuerunt
1598 3478 1649 3529 in
1683 3476 1896 3530 deserto
1929 3476 2091 3532 idolo-

523 3571 695 3624 latria:
727 3570 912 3627 dediti.
940 3568 1049 3622 Nos
1077 3577 1256 3621 autem
1294 3580 1478 3619 rchra
1530 3566 1759 3620 redcmit
1788 3566 1853 3620 de
1897 3566 2092 3620 anima:

524 3673 724 3713 nosmc
775 3658 1020 3712 hostibus
1046 3699 1061 3723 ,
1097 3671 1414 3725 memorque
1465 3657 1633 3710 nostri
1669 3656 1843 3725 magis
1901 3658 1999 3710 fuit
2034 3656 2089 3709 in

528 3749 829 3804 humilitate
881 3758 1065 3803 nostra
1119 3763 1279 3816 quam
1318 3747 1552 3803 illorum.
1590 3746 1832 3815 Namque
1869 3746 1941 3799 illi
1973 3746 2093 3815 qui-

527 3840 652 3894 dem
683 3854 908 3908 corpore
940 3838 1246 3893 serviebant
1274 3836 1558 3907 Egyptiis.
1594 3848 1789 3891 nostrae
1820 3852 1949 3892 vero
1980 3838 2095 3891 ani-

534 3947 633 3985 mae
661 3930 892 3984 ludibrio
916 3938 1074 3983 erant
1100 3928 1456 3992 daemonibus,
1490 3938 1544 3981 et
1574 3929 1673 3981 sub
1708 3927 1863 3981 malis
1893 3927 2097 3998 spiriti-

530 4022 633 4078 bus
665 4021 933 4075 bumiliati
963 4036 1197 4077 eramus.
1233 4019 1405 4075 Tanta
1437 4034 1565 4073 vero
1594 4030 1679 4073 cst
1728 4018 2097 4073 misericordia

535 4113 651 4177 Dei,
686 4123 741 4166 ut
764 4128 866 4167 non
899 4113 1072 4167 solum
1100 4112 1308 4182 piorum
1344 4126 1527 4166 curam
1559 4121 1730 4180 gerat,
1764 4120 1818 4163 et
1846 4108 1947 4165 sibi
1974 4125 2099 4178 pro-

532 4205 918 4275 pinquantibus
954 4204 1225 4269 consulat,
1269 4218 1454 4257 verum
1484 4204 1648 4257 etiam
1676 4211 1962 4258 terrestres
1985 4216 2103 4255 om—

537 4315 633 4355 ues
661 4298 997 4367 providentia
1025 4310 1119 4349 sua
1156 4297 1573 4364 complectatur,
1598 4310 1784 4376 [neque
1812 4293 2102 4348 rationales

536 4391 711 4446 solum
741 4390 835 4444 sed
884 4391 1049 4442 etiam
1105 4388 1449 4442 irrationales
1478 4427 1493 4452 ,
1521 4388 1840 4456 cunctisque
1868 4387 1922 4440 in
1959 4395 2099 4441 terra

542 4484 796 4537 alimenta
842 4480 1203 4536 animantibus
1251 4478 1527 4551 praebeat,
1576 4479 1866 4549 unicuique
1920 4478 2105 4548 generi

543 4575 758 4637 idonea,
807 4580 861 4628 et
896 4573 1021 4625 vita:
1069 4570 1379 4625 necessaria
1405 4569 1710 4640 suppeditet
1744 4582 1760 4623 :
1800 4578 1854 4621 ct
1888 4584 1984 4622 nos
2014 4567 2108 4621 de-

542 4681 689 4720 mum
727 4666 778 4718 in
811 4663 975 4719 cmlos
1013 4664 1134 4717 hinc
1163 4661 1479 4716 transferat.
1528 4660 1891 4726 Quamobrem
1929 4674 2110 4713 sermo

545 4758 844 4812 Psalmistaa
869 4766 1147 4824 postquam
1170 4755 1325 4820 dixit,
1354 4750 1460 4819 Qui
1483 4754 1573 4805 dat
1602 4768 1774 4805 escam
1797 4752 1940 4805 omni
1963 4750 2109 4803 conti

549 4866 650 4905 uos
683 4851 735 4904 iu
779 4848 975 4902 coelqu
1028 4846 1381 4909 transmittit,
1431 4858 1620 4897 rursus
1661 4844 1848 4898 dicens
1883 4860 1895 4895 :
1929 4840 2111 4903 Conﬁ-I

549 4944 729 4998 semini
768 4942 895 5005 Deo,
925 4941 1060 5007 cali,
1092 4939 1337 5011 quoniam
1367 4938 1421 4991 in
1460 4947 1713 4990 cateruam
1756 4935 2113 5007 misericordia

549 5036 686 5106 ejus.

1005 5121 1321 5180 PSALMUS
1368 5116 1653 5174 CXXXVI.

622 5220 780 5274 Caret
827 5219 918 5276 hic
968 5220 1209 5290 psalmus
1265 5214 1421 5270 titulo
1475 5213 1617 5282 apud
1665 5209 1953 5278 Hebraeos;
1991 5225 2112 5264 nam

629 5406 677 5439 ⁴⁵¹
708 5404 865 5461 Rom.
893 5420 969 5469 ιιι,
993 5404 1044 5459 6.
1123 5403 1168 5434 δ’
1208 5402 1365 5456 Rom.
1391 5416 1455 5465 ιι,
1484 5397 1577 5466 28,
1615 5394 1706 5449 29.

626 5548 749 5620 (Il)
769 5543 964 5620 Recole
990 5544 1208 5620 omnino
1241 5544 1494 5620 adnotata
1527 5553 1558 5592 a
1594 5536 1753 5620 nobis
1787 5536 1839 5620 i_n
1876 5542 2109 5620 tractatu

559 5605 835 5690 εὲρχὲίιιί
887 5615 959 5690 Qa
1015 5613 1185 5667 Maria
1218 5615 1460 5690 deipara,
1495 5625 1628 5690 gap.
1675 5607 1847 5690 5,_de
1893 5605 2119 5690 [gemino

558 5676 725 5755 Iesu:
753 5704 849 5760 pro
897 5686 1080 5749 Josue,
1114 5676 1422 5739 exeuntium
1474 5676 1706 5751 Egypto
1750 5676 2121 5731 lsraelitarum

1894 3059 2076 3172 issu-el.)
2110 3072 2157 3132 Ω
2184 3068 2915 3172 τρὼῗατο-ὲκὶὧγιὲᾏθρῶν
2961 3067 3140 3172 ﬁgit-ble
3160 3064 3367 3172 ’μᾶλλον
3485 3059 3722 3122 ἐκείνους
3743 3074 3757 3088 ·

2185 3168 2234 3219 οἱ
2273 3167 2368 3235 μὲν
2397 3164 2505 3235 γὰρ
2540 3162 2598 3227 ἐξ
2628 3163 2902 3230 Αἰγύπτου
2950 3158 3317 3231 προελθόντες,
3354 3156 3479 3216 τοὺς
3528 3168 3764 3223 σωματι-

2188 3259 2315 3319 κοὺς
2359 3255 2617 3323 ἐξέφυγον
2673 3254 3002 3323 τυράννουςο
3061 3248 3387 3317 ἐπαγόμενοι
3432 3246 3487 3298 δὲ
3539 3248 3596 3299 ἐν
3644 3247 3766 3308 ταῖς

2188 3345 2394 3401 ἑαυτῶν
2426 3345 2624 3415 ψυχαῖς
2645 3344 2771 3404 τοὺς
2797 3340 3011 3400 ἀσεϐεῖς
3041 3338 3295 3409 τρόπους,
3323 3333 3676 3387 πεπτώκασιν
3706 3335 3764 3385 ἐν

2189 3442 2253 3510 τῇ
2293 3440 2481 3509 ἐρήμῳ
2507 3434 3078 3504 είδωλολατρήσαντες.
3124 3430 3301 3499 Ἠμᾶς
3323 3427 3377 3479 δὲ
3403 3424 3615 3496 άληθῶς
3648 3422 3769 3477 ἐλυ-

2190 3529 2435 3601 τρώσατο
2491 3529 2556 3580 ἐκ
2606 3526 2714 3579 τῶν
2778 3527 2875 3594 τῆς
2943 3521 3121 3592 ψυχῆς
3174 3518 3331 3591 ἡμῶν
3390 3516 3620 3589 ἐχθρῶν,
3671 3515 3770 3568 καὶ

2192 3621 2433 3693 ἐμνήσθη
2482 3618 2638 3690 ἡμῶν
2689 3618 2747 3669 ἐν
2788 3618 2853 3685 τῇ
2902 3611 3228 3667 ταπεινώσει
3273 3608 3429 3681 ήμῶν
3483 3607 3679 3677 μᾶλλον
3732 3605 3767 3676 ἢ

2193 3713 2419 3767 ἐκείνων
2442 3729 2455 3741 ’
2492 3713 2541 3764 oi
2581 3709 2678 3780 μὲν
2722 3707 2831 3777 γάρ
2872 3705 3117 3775 σώμασιν
3150 3702 3427 3757 ἐδούλευον
3462 3704 3574 3763 τοῖς
3603 3702 3770 3768 Δίγυ-

2195 3805 2393 3866 πτίοις,
2421 3802 2581 3872 ἡμεῖς
2623 3798 2679 3851 δέ
2714 3799 2833 3859 ταῖς
2862 3795 3062 3866 ψυχαῖς
3096 3794 3289 3856 αὐταῖς
3332 3791 3601 3863 δαιμόνων
3634 3786 3775 3861 ἦμεν

2195 3896 2441 3965 παίγνια,
2476 3893 2570 3946 καὶ
2611 3889 2714 3943 ὑπὸ
2741 3891 2855 3952 τοῖς
2890 3891 3144 3959 πονηροῖς
3185 3885 3490 3964 πνεύμασιν
3527 3879 3668 3954 ἦμεν
3698 3897 3780 3933 τε·

2196 3986 2607 4057 ταπεινωμὲνοι.
2648 3982 2912 4036 Τοσοῦτον
2944 3981 3002 4033 δέ
3044 3982 3160 4032 ἐστι
3204 3979 3264 4032 τὸ
3306 3978 3452 4041 ἔλεος
3483 3975 3576 4028 τοῦ
3617 3972 3775 4035 Θεοῦ,

2197 4079 2273 4143 ὡς
2304 4079 2377 4152 μὴ
2422 4080 2580 4147 μόνον
2612 4073 2869 4148 κήδεσθαι
2905 4073 3013 4126 τῶν
3050 4070 3336 4132 θεοσεϐὠν,
3368 4069 3461 4123 καὶ
3492 4066 3599 4119 τῶν
3630 4063 3779 4133 αὑτῷ

2200 4170 2610 4244 πλησιαζόντων
2656 4166 2984 4237 φροντίζειν,
3036 4162 3171 4216 ἀλλά
3218 4162 3311 4215 καλ⁸
3360 4160 3577 4213 πάντων
3630 4156 3781 4222 ἅπαξ

2202 4264 2389 4328 ἁπλῶς
2426 4263 2533 4317 τῶν
2567 4262 2661 4315 ἐπὶ
2694 4262 2795 4330 γῆς
2835 4259 2931 4329 τὴν
2967 4257 3219 4328 πρόνοιαν
3256 4252 3545 4314 ποιεῖσθαι,
3582 4250 3677 4305 κα)⁵
3717 4250 3778 4302 ού

2202 4356 2439 4426 λογικῶν
2488 4356 2662 4425 μόνων
2717 4350 2854 4404 ἀλλά
2897 4350 2989 4402 καὶ
3036 4347 3264 4416 ἀλόγων,
3318 4345 3393 4408 ὼς
3434 4345 3783 4414 ἐπιχορηγεῖν

2205 4447 2412 4518 τροφὰς
2440 4447 2571 4499 πᾶσι
2597 4446 2711 4506 τοῖς
2746 4443 2839 4495 ἐπὶ
2867 4442 2969 4512 γῆς
3002 4438 3186 4503 ζώοις,
3215 4436 3426 4505 ἐκάστῳ
3456 4452 3515 4487 τε
3541 4434 3685 4502 γένει
3715 4432 3785 4486 τά

2208 4540 2510 4611 πρόσφορα,
2560 4537 2653 4591 καὶ
2702 4534 2769 4588 τὰ
2820 4531 3128 4603 κατάλληλα
3175 4529 3312 4601 πρὸς
3357 4531 3457 4599 τὴν
3493 4527 3635 4598 ζωὴν
3684 4525 3785 4580 δω-

2215 4631 2457 4704 ρεῖσθαι,
2498 4628 2749 4682 ἐντεῦθέν
2806 4644 2866 4679 τε
2922 4624 3082 4678 πάλιν
3139 4623 3219 4685 είς
3270 4620 3499 4693 οὐρανὸν
3558 4619 3783 4690 διήκειν.

2212 4723 2412 4794 Διόπερ
2458 4724 2486 4774 ό
2510 4721 2664 4789 λόγος
2711 4719 2846 4791 μετά
2889 4718 2949 4771 τὸ
2994 4716 3180 4785 φάναι,
3221 4714 3282 4766 Ὀ
3317 4713 3523 4779 διδοὺς
3560 4709 3788 4780 τροφὴν

2215 4814 2384 4885 πάσῃ
2429 4814 2640 4882 σαρκὶ,
2674 4812 2985 4881 ἀναπέμπει
3030 4809 3176 4878 ἡμᾶς
3225 4809 3303 4869 είς
3343 4804 3602 4876 οὐρανὸν,
3637 4797 3788 4863 αὖθις

2218 4906 2424 4975 λέγων*
2458 4901 2948 4973 Ἔξομολογεῒσθε
2978 4899 3058 4964 τῷ
3091 4897 3217 4964 Θεῷ
3259 4897 3366 4952 τοῦ
3400 4893 3677 4964 οἰφανοῦ,
3698 4890 3787 4943 ὅτι

2216 5001 2306 5064 εις
2320 4998 2429 5051 τὸν
2441 4995 2625 5049 αἰῶνα
2643 4995 2709 5048 τὸ
2722 4996 2896 5060 ἕλεος
2912 4992 3121 5047 αὑτοῦ.

2745 5087 3037 5142 summa
3080 5085 3262 5150 ΡΑςν.

2300 5185 2362 5237 '0
2414 5181 2603 5253 παρὼν
2658 5180 2903 5253 ψαλμδς,
2953 5179 3323 5249 ἀνεπίγραφος
3377 5171 3613 5241 ὑπάρχει
3663 5167 3792 5238 παρ’

2224 5527 2383 5582 duce.
2413 5520 2547 5577 Nam
2607 5530 2663 5575 et
2726 5516 2989 5574 Eusebius
3054 5511 3373 5583 conspirare
3436 5512 3558 5561 cum
3617 5496 3804 5574 Cyrilll

2227 5598 2569 5662 aliorumque
2600 5590 2870 5645 sententia
2904 5586 3134 5642 videtur.

2302 5667 2416 5738 (12)
2450 5664 2585 5720 Cod.
2614 5662 2835 5734 τρόπος.
